4144 6424
358 446 481 510 669

1502 432 2044 507 HISTORIAHUM
2084 434 2646 507 COMPENDIUM.

3667 438 3785 508 6'10

377 580 648 656 ματισμὸν
687 579 921 654 γαστρὸς
979 576 1315 639 ὑποστάντος
1372 577 1466 631 καὶ
1529 572 1729 649 δεινοῖς
1785 574 1997 651 κὲντροι

2143 577 2467 649 imperator
2497 578 2784 651 proﬂuvio
2818 575 3037 634 ventris
3069 570 3389 649 laboraret,
3422 583 3600 650 atque
3628 578 3786 637 intus

355 672 422 726 1i
481 668 631 725 ἔνδον
690 667 1085 742 ἐλαυνομένου,
1145 666 1341 741 ἤλεγξε
1381 667 1443 722 τὸ
1500 668 1668 729 πάθος
1710 668 1809 735 τὴν
1842 665 2019 738 ἰατρι-

361 760 463 829 κήν
520 757 727 837 τάχνην
783 756 837 811 ἐν
896 753 1166 818 κινδύνοις
1223 752 1496 830 ἄπρακτον
1550 755 1840 833 ὑπάρχείν.
1876 756 2022 817 Καθ-

361 850 622 924 εζομένου
677 848 777 922 γὰρ
830 846 994 900 αὐτοῦ
1054 844 1142 900 ἐπὶ
1200 852 1299 915 τῆς
1359 843 1577 919 ἀμίδος,
1637 846 1736 900 κᾶν
1793 856 1852 900 τε
1890 844 2016 899 6m-

366 942 479 994 σθεν
512 937 680 993 αὐτοῦ
727 938 796 1005 ἦν
847 936 910 990 τὸ
949 934 1011 991 ἐκ
1065 939 1162 990 106
1219 935 1391 1010 πυρὸς
1450 940 1565 1013 φῶς
1595 934 1690 991 κᾶν
1722 955 1780 991 τε
1809 933 2016 1007 ἔμπρο-

367 1039 507 1096 σθεν,
540 1024 630 1081 δια
668 1031 768 1095 τῆς
822 1029 1055 1102 γαστρὸς
1110 1025 1201 1079 καὶ
1255 1028 1354 1080 106
1408 1026 1584 1080 νώτου
1617 1023 1885 1099 ἐφαίνετοε
1922 1022 2019 1077 Καὶ

364 1118 450 1174 ἐπῖ
503 1119 766 1172 τοσοῦτον
816 1114 1208 1189 κατισχνωθεὶς
1264 1113 1604 1186 ἐτελεύτησε,
1650 1113 1742 1169 καὶ
1772 1106 1929 1182 ἐτέθη
1958 1106 2020 1165 τὸ

368 1212 521 1280 σῶμα
551 1205 716 1261 αὐτοῦ
767 1203 819 1259 ἐν
882 1203 1111 1277 λάρνακι
1167 1206 1417 1275 πρασίνῳ
1475 1202 1527 1258 ἐν
1587 1208 1665 1276 τῷ
1721 1204 1893 1277 ἡρῴῳ
1921 1205 2019 1257 τοῦ

367 1296 618 1373 Μεγάλου
671 1293 1096 1351 Κωνσταντίνου.
1158 1295 1298 1363 Γυνή
1382 1290 1439 1348 δὲ
1514 1295 1715 1349 τούτου
1784 1291 2016 1367 Βηρὲνὴ,

361 1385 571 1465 ἀδελφὴ
605 1383 956 1453 Βασιλίσκου,
989 1384 1048 1446 ὅς
1097 1387 1195 1439 τοῦ
1243 1382 1380 1439 κατᾶ
1408 1382 1697 1458 Γιζερίχου
1728 1374 2015 1444 σταλέντος

365 1474 610 1553 μεγάλου
643 1473 843 1529 στόλου
874 1473 1093 1549 ἐξῆρχε.

436 1560 580 1617 Ᾰὲων
628 1563 655 1617 6
710 1563 960 1631 Ζήνωνος
1017 1560 1132 1622 υἱὸς
1182 1561 1273 1616 καὶ
1332 1557 1652 1636 Ἀριάδνης,
1713 1561 1912 1631 νήπιος
1938 1556 2018 1614 ἔτι

361 1648 462 1722 ὢν,
497 1645 748 1723 βασιλεὺς
779 1648 1199 1726 προχειρίζεται
1253 1650 1401 1723 παρὰ
1455 1651 1552 1703 τοῦ
1589 1648 1816 1702 πάππου
1847 1647 2016 1701 αὐτοῦ

358 1738 616 1814 Μεγάλου
669 1739 917 1800 Λέοντοςι
998 1737 1060 1799 ’ὀς
1145 1734 1483 1794 ἐϐασίλευσεν
1544 1739 1695 1811 [351]
1754 1734 1871 1799 ἔτος
1933 1733 2012 1804 ἓν,

355 1830 443 1885 καὶ
479 1830 672 1904 στέψας
727 1830 820 1884 τὸν
882 1826 1018 1883 ἴδιον
1076 1831 1280 1905 πατέρα
1339 1830 1584 1899 Ζήνωνα,
1641 1828 1877 1904 Βηρίνης
1922 1827 2013 1883 καί

355 1916 649 1991 ’Λριὰδνης
684 1917 1066 1993 συναραμένων
1108 1912 1280 1990 αὐτῷ,
1309 1917 1652 1989 ἓτελεύτησε.

431 2011 615 2080 Ζήνων
642 2009 931 2082 Ῥωμαίων
990 2000 1247 2084 βασιλεὺς
1305 2004 1396 2078 ἔτη
1456 2010 1534 2078 κζ’
1598 2015 1769 2082 μῆνας
1798 2005 2008 2082 δ’(θθ),

356 2100 626 2176 αἱρετικὸς
662 2106 762 2167 τῆς
818 2106 1152 2175 συγχυτικῆς
1209 2100 1464 2174 αἱρέσεως
1523 2106 1633 2154 τῶν
1666 2098 2006 2175 Ἀκευσὶλων.

356 2190 482 2247 Ἐπὶ
511 2190 706 2245 10610»
738 2189 955 2260 ἐκτίσθη
1013 2189 1076 2244 τὸ
1130 2190 1478 2264 ’Δμμώριον.
1510 2188 1720 2246 Τούτου
1747 2194 1828 2261 τῷ
1858 2190 2008 2263 πρώ-

355 2302 438 2353 τῳ
469 2277 574 2335 ἔτει
614 2277 665 2335 ἐν
716 2278 1036 2353 προοιμίοις
1087 2278 1511 2352 Μεσοποταμίαν
1544 2280 1638 2352 μὲν
1675 2279 2008 2354 Σαρακηνοί,

357 2367 572 2445 Θρᾴκην
635 2367 693 2424 δὲ
756 2367 1095 2443 κατέδραμον
1160 2368 1380 2439 Οὗννοι,
1451 2366 1657 2448 σφόδρα
1715 2373 1832 2431 τοῖς
1872 2368 2012 2443 πρά-

355 2474 531 2535 γμασι
581 2462 761 2523 κακῶς
817 2458 1227 2534 λυμαινομένου
1282 2463 1379 2514 τοῦ
1431 2459 1722 2536 βασιλέως,
1754 2460 1844 2513 καὶ
1874 2456 2008 2529 ἡδο-

357 2550 474 2613 ναῖς
520 2550 744 2612 ἀτόποις
803 2548 892 2604 καὶ
952 2548 1237 2625 πράγμασι
1298 2547 1688 2624 σχολάζοντος.
1721 2546 1820 2605 ἸΙν
1848 2550 1949 2627 γὰρ
1982 2550 2011 2604 6

357 2639 541 2712 Ζήνων
571 2648 672 2710 τῆς
702 2639 966 2711 κακίστης
992 2638 1082 2695 καὶ
1128 2637 1409 2715 εἶδεχθοῦς
1463 2642 1643 2714 γενεᾶς
1694 2642 1804 2693 τῶν
1836 2640 2012 2696 Ἰσσό-

356 2750 487 2806 ρων,
548 2726 711 2794 δασύς
766 2751 825 2785 τε
878 2729 968 2784 καὶ
1028 2726 1463 2805 εἷδεχθέστατος,
1514 2726 1696 2803 ὥσπερ
1738 2718 2014 2799 ’Έλληνες

358 2824 705 2898 ζωγραφοῦσι
760 2819 852 2875 τὸν
910 2820 1060 2874 Πᾶνα
1114 2817 1460 2896 τραγοσκελῆ
1512 2817 1603 2873 καὶ
1636 2814 2009 2892 δασῦκνημον,

354 2911 455 2979 τὴν
487 2908 684 2985 χροιὰν
720 2906 912 2983 μέλας,
951 2909 1051 2977 τήν
1095 2906 1317 2979 ἡλικίαν
1348 2902 1729 2981 ἀσύμϐλητος,
1761 2904 2009 2982 ὀργίλος,

358 2998 687 3074 μνησίκακος
770 2995 859 3054 καὶ
945 2995 1141 3077 φθόνου
1231 2998 1443 3071 μεστός.
1500 2997 1642 3067 Γυνὴ
1702 2992 1758 3051 δὲ
1813 2996 2010 3051 10610»

354 3083 637 3162 Ἀριάῧνη.
674 3085 1001 3149 Βασιλίσκος
1033 3083 1090 3143 δὲ
1122 3088 1150 3142 6
1182 3088 1423 3161 Βηρινης
1468 3083 1727 3159 ἁδελφὸς.
1758 3083 1812 3140 ἐν
1844 3087 2009 3160 Ἠραο

351 3176 511 3251 κλείᾳ
568 3172 859 3253 διατρίϐων
915 3179 1014 3247 τῆς
1076 3176 1316 3253 Θρᾴκης,
1368 3175 1650 3231 ἕστασίασε
1705 3177 1842 3231 κατὰ
1898 3177 2008 3247 Ζήε-

349 3284 537 3333 Var/04‘
591 3270 649 3324 ὅν
706 3263 968 3346 φοϐηθεὶς
1027 3264 1055 3324 6
1114 3266 1300 3340 Ζήνων
1355 3266 1448 3323 σὺν
1498 3264 1761 3343 Ἀριάδνῃ
1794 3271 1861 3341 τῇ
1894 3264 2006 3339 ἰδίᾳ

2131 667 2430 723 atrocibus
2464 676 2966 742 compungeretur
2999 667 3382 736 cruciatibus,
3408 667 3650 723 morbus
3674 669 3783 725 iste

2132 756 2560 813 demonstravit
2589 759 2733 814 artis
2764 758 3011 814 medicae
3045 758 3275 814 nullam
3304 772 3434 814 esse
3466 758 3530 813 in
3560 756 3789 831 pericu-

2129 845 2204 899 lis
2235 846 2918 914 eflicacitatem.Quoties
2947 848 3107 903 enim
3138 847 3200 903 in
3234 846 3522 903 matulam
3554 846 3783 902 deside-

2127 934 2248 1005 bat,
2279 937 2395 992 sive
2427 944 2566 993 ante
2598 939 2719 994 sive
2778 942 2914 1011 post
2970 954 3105 993 eum
3145 936 3300 1011 ignis
3359 941 3535 1006 esset,
3568 937 3617 991 is
3676 953 3784 1008 per

2128 1032 2397 1101 ventrem
2440 1027 2569 1100 ejus
2607 1033 2667 1084 et
2706 1029 2949 1084 dorsum
2972 1026 3329 1101 pellucebat.
3366 1026 3650 1097 Adeoque
3676 1040 3782 1080 ex—

2128 1099 2315 1175 t'reme
2338 1099 2680 1177 attenuatus
2710 1119 2941 1176 vivendi
2976 1099 3157 1176 tinem
3188 1119 3345 1176 fecit.
3378 1119 3603 1188 Corpus
3622 1116 3773 1173 615

2128 1209 2179 1280 ej
2190 1209 2331 1264 usin
2354 1210 2529 1266 viridi
2543 1222 2679 1266 arca
2691 1209 3018 1282 repositum
3046 1212 3208 1266 estin
3223 1212 3615 1265 monumento
3629 1208 3779 1261 Con-

2128 1300 2372 1355 stantini
2407 1301 2619 1372 Magni.
2654 1301 2904 1356 Uxorem
2947 1299 3152 1355 habuit
3178 1299 3486 1365 Verinam,
3509 1312 3776 1353 sororem

2129 1388 2415 1457 Basilisci,
2451 1391 2550 1461 qui
2586 1405 2812 1462 magum
2846 1389 3051 1446 classis
3077 1388 3357 1445 adversus
3407 1385 3773 1442 Gizerichum

2128 1475 2324 1532 missas
2357 1477 2474 1533 dux
2502 1477 2637 1537 fuit.

2198 1565 2309 1620 Leo
2341 1567 2593 1622 Zenonis
2625 1569 2683 1622 et
2711 1567 2987 1622 Ariadnae
3020 1566 3178 1623 ﬁlius
3210 1567 3533 1638 imperator
3562 1563 3634 1617 ab
3667 1576 3774 1618 avo

2125 1668 2231 1708 suo
2264 1656 2456 1710 Leone
2516 1658 2721 1729 Magno
2754 1663 2845 1712 est
2897 1662 3152 1726 creatus,
3182 1673 3319 1712 cum
3380 1655 3573 1711 adhuc
3629 1666 3779 1726 puer

2122 1751 2298 1802 esset.
2323 1747 2635 1817 Imperavit
2666 1762 2890 1802 annum
2929 1746 3547 1819 nnum,impositoque
3578 1740 3779 1798 diade-

2121 1840 2277 1894 mate
2310 1837 2463 1909 patri
2487 1850 2592 1892 suo
2624 1836 3089 1907 Zenoni,Verina
3123 1836 3179 1892 et
3205 1833 3467 1891 Ariadna
3487 1833 3771 1903 adjuvari;

2045 1956 2089 2023 Β
2125 1926 2303 1996 tibus,
2340 1923 2456 1979 vita
2487 1924 2801 1980 defunctus
2833 1932 2941 1980 est.

2191 2016 2343 2070 Zeno
2405 2014 2718 2087 imperavit
2754 2022 2943 2070 annos
2991 2018 3079 2083 27,
3140 2024 3378 2069 menses
3427 2012 3479 2066 4.
3518 2009 3649 2065 Fuit
3709 2007 3768 2063 in

2121 2105 2333 2160 haeresi
2357 2118 2561 2160 eorum
2596 2120 2743 2177 quos
2775 2092 3105 2177 Acephalos
3135 2110 3364 2171 vocant,
3399 2118 3529 2175 qua)
3590 2104 3772 2155 natu‘

2120 2212 2217 2250 ras
2248 2196 2309 2250 in
2360 2196 2593 2251 Christo
2639 2195 2970 2259 confundit.
3005 2194 3120 2251 Sub
3167 2196 3278 2250 hoc
3326 2194 3631 2250 Conditum
3676 2192 3769 2244 est

2120 2283 2514 2340 Ammorium.
2549 2284 2734 2357 Hujus
2766 2285 2957 2356 primo
2990 2298 3171 2355 anno,
3202 2284 3347 2357 ipsis
3377 2281 3613 2354 imperii
3637 2278 3766 2352 ejus

2122 2374 2455 2446 principiis,
2482 2374 2544 2429 in
2567 2373 3052 2447 Mesopotamiam
3071 2372 3438 2445 Saraceni,in
3460 2370 3771 2427 Thraciam

2124 2462 2319 2519 Hunni
2356 2464 2732 2520 incursiones
2790 2464 3081 2533 fecerunt,
3116 2480 3251 2519 cum
3309 2462 3567 2534 pessime
3614 2472 3776 2513 rem-

2122 2552 2424 2625 publicam
2456 2552 2894 2625 imperatorille
2921 2557 3329 2626 corrumperet
3350 2548 3775 2622 voluptatibus-

2124 2660 2238 2715 que
2283 2648 2340 2697 et
2398 2641 2574 2698 rebus
2606 2641 2880 2698 absurdis
2934 2646 3092 2697 esset
3150 2641 3406 2697 deditus.
3436 2639 3568 2695 Fuit
3614 2634 3766 2691 Zeno

2122 2736 2297 2787 natus
2355 2732 2617 2803 pessima
2665 2737 2724 2787 et
2770 2731 3083 2805 insigniter
3135 2730 3385 2785 deformi
3428 2730 3765 2784 Isaurorum

2122 2826 2316 2895 gente,
2337 2820 2602 2876 hirsutus
2625 2824 2685 2876 et
2712 2821 2903 2877 forma
2926 2820 3295 2893 turpissima,
3319 2819 3557 2891 qualem
3582 2815 3766 2871 Graeci

2122 2914 2343 2967 Panem
2367 2909 2619 2982 pingunt
2648 2910 3017 2983 hircipedem
3040 2914 3099 2967 et
3127 2912 3344 2967 crassis
3375 2909 3552 2979 suris,
3576 2908 3764 2977 niger,

2122 3003 2348 3055 statura
2387 3000 2768 3070 inconcinna,
2803 2998 3147 3071 iracundus,
3181 3001 3538 3073 injuriarum
3568 3002 3765 3063 tenax,

2119 3089 2649 3146 invidentissimus.
2704 3092 2861 3145 Uxor
2912 3088 2963 3145 ei
3022 3090 3134 3146 fuit
3188 3089 3467 3146 Ariadna.
3524 3085 3770 3143 Interim

2119 3178 2438 3235 Basiliscus
2460 3179 2689 3235 Verinae
2720 3179 2920 3250 frater,
2951 3176 3270 3251 Heracleas,
3305 3190 3436 3251 quae
3471 3182 3559 3232 est
3587 3175 3767 3231 Thra-

2120 3268 2225 3323 cias
2255 3268 2421 3335 urbs,
2454 3270 2661 3325 contra
2689 3268 2985 3325 Zenonem
3017 3268 3372 3325 seditionem
3405 3266 3766 3337 movet.Ejus

352 3358 564 3436 γυναικὶ
620 3330 730 3415 καὶΙ
771 3360 1052 3435 χρήμασιν
1107 3360 1313 3421 ἱκανοῖς
1371 3330 1577 3437 φεύγει.
1607 3357 1683 3421 είς
1734 3330 2001 3432 ίίσαυρίαν

2120 3360 2281 3411 metu
2337 3330 2489 3412 Zeno
2548 3370 2685 3413 cum
2737 3368 2922 3413 uxOre
2993 3358 3051 3414 et
3105 3357 3337 3429 magnis
3402 3355 3614 3429 opibus
3664 3330 3763 3410 'ad

350 3449 487 3505 κατα
515 3470 564 3505 τι
598 3450 856 3525 φρούριον
910 3447 1114 3523 ὀχυρὸν
1166 3443 1389 3523 Οὸϐαρα
1434 3447 1801 3521 καλούμενον.
1846 3451 2012 3503 Βασι-

352 3538 548 3602 λίσκος
616 3538 673 3594 δὲ
738 3536 789 3594 ἐν
858 3542 937 3610 τῷ
1020 3534 1226 3612 κάμπῳ
1315 3535 1655 3615 ἀνηγορεύθη
1729 3536 2007 3613 βασιλεὺς,

353 3626 580 3702 Μάρκον
613 3651 672 3685 τε
726 3620 818 3684 τὸν
879 3624 994 3683 υἱὸν
1057 3622 1295 3703 Καίσαρα
1326 3623 1569 3700 ἐποίησε,
1602 3627 1694 3683 καὶ
1727 3625 2008 3699 Ζηνωδίαν

350 3719 450 3788 τήν
483 3718 672 3774 ἑαυτοῦ
732 3718 976 3794 γαμετὴν
1034 3709 1346 3795 Αὖγοῦσταν
1394 3712 1602 3792 ἔστεψε,
1658 3716 1748 3772 καὶ
1808 3716 2008 3782 εὐθέως

347 3808 485 3863 κατὰ
515 3814 613 3878 τῆς
668 3807 903 3871 πίστεως
959 3808 1316 3883 παρετάξατο.
1374 3806 1591 3864 T0610»
1624 3804 1681 3861 δὲ
1711 3805 2008 3881 ἀναγορευ-

350 3894 529 3958 θέντος
562 3896 590 3951 6
621 3890 833 3970 συμϐὰς
866 3890 1195 3972 ἐμπρησμὸς
1223 3895 1360 3951 κατὰ
1387 3894 1488 3966 τήν
1545 3893 1706 3950 πόλιν
1740 3895 1803 3949 τὸ
1836 3894 2005 3965 ἀνθηδ

349 3987 576 4061 ρτῖτατον
652 3986 814 4062 μέρος
864 3982 1178 4067 διέφθειρεν·
1250 3985 1302 4041 ἐν
1369 3986 1470 4063 γὰρ
1534 3988 1616 4058 τῷ
1686 3982 1834 4059 μέσῳ
1895 3988 2003 4038 τῶν

344 4074 777 4152 Χαλκοπρατίων
830 4075 1126 4152 ἀρξάμενος
1196 4074 1364 4139 αὐτάς
1406 4094 1468 4130 τε
1530 4071 1808 4130 ἀνάλωσεν
1840 4071 2005 4150 ἄμφω

343 4165 440 4228 τὰς
484 4169 641 4222 στοᾶς
690 4167 782 4221 καὶ
830 4164 897 4222 τὰ
948 4168 1198 4245 προσεχῇ
1248 4167 1444 4233 πάντα,
1484 4162 1585 4235 τήν
1629 4182 1687 4218 τε
1734 4161 2007 4235 καλουμέ-

342 4277 442 4325 νην
503 4253 824 4331 βασιλικὴν,
877 4244 929 4310 ἓν
1083 4244 1338 4310 ἀπέκειτο
1395 4246 1733 4329 βιϐλιοθήκῃ
1798 4248 2003 4325 ἔχουσα

345 4343 578 4423 βίϐλους
643 4345 908 4422 μυριάδας
966 4345 1197 4418 δώδεκα,
1259 4348 1373 4423 μεθ’
1433 4348 1506 4401 ὧν
1556 4340 1790 4421 βιϐλίων
1820 4345 1912 4400 καὶ
1942 4345 2002 4399 τὸ

339 4441 438 4493 τυῦ
498 4434 792 4513 δράκοντος
837 4434 1019 4512 ἕτερον
1076 4435 1261 4492 ποδῶν
1323 4428 1510 4492 ἑκατὸν
1566 4430 1791 4507 εἴκοσιν,
1852 4432 1906 4489 ἐν
1956 4433 2002 4507 ᾧ

340 4529 407 4596 ἦν
469 4526 821 4605 γεγραμμένα
875 4528 941 4583 τὰ
998 4530 1094 4582 106
1152 4525 1402 4601 Ὀμήρου
1481 4524 1791 4597 ποιήματα,
1850 4522 1885 4592 ἤ
1943 4544 2001 4578 τε

344 4615 513 4679 Ἰλιὰς
570 4618 659 4672 καὶ
718 4619 753 4687 ἡ
813 4613 1120 4688 Ὀδύσσεια,
1177 4616 1435 4691 χρυσέοις
1490 4614 1805 4691 γράμμασι,
1867 4606 2001 4687 μετᾶ

2114 3448 2353 3503 Isauros
2384 3447 2551 3521 fugit,
2584 3449 2647 3503 in
2688 3446 3006 3504 castellum
3064 3450 3364 3504 munitum
3413 3447 3506 3503 cui
3539 3458 3761 3502 nomen

2118 3536 2329 3592 Ubara.
2370 3537 2688 3594 Basiliscus
2732 3538 2794 3592 in
2842 3552 3050 3610 campo
3100 3538 3425 3610 imperator
3472 3534 3764 3591 salutatus

2115 3628 2372 3682 Marcum
2391 3628 2580 3683 ﬁlium
2600 3629 2890 3685 Caesarem
2904 3628 2951 3683 Β
2966 3628 2995 3683 1
3010 3626 3058 3683 ο
3082 3621 3762 3701 appellat,etlenodiam

2113 3726 2363 3773 uxorem
2394 3730 2564 3774 suam
2594 3720 2870 3791 Augustae
2902 3732 3122 3775 corona
3148 3716 3432 3785 sirornat;
3467 3731 3533 3774 ac
3564 3714 3765 3772 statim

2113 3822 2265 3861 verm
2296 3807 2571 3879 religioni
2603 3806 2828 3864 bellum
2851 3808 3004 3864 facit.
3032 3809 3149 3865 Hoc
3181 3810 3539 3881 imperatore
3565 3811 3761 3863 creato

2112 3897 2462 3953 incendium
2476 3897 2965 3953 florentissimam
2978 3897 3144 3953 urbis
3162 3903 3391 3970 partem
3407 3896 3759 3968 absumpsit.

2113 3987 2321 4041 Ortum
2349 3987 2509 4041 enim
2540 3996 2573 4041 a
2601 3986 2813 4042 mediis
2844 3985 3231 4059 Calcopratiis
3271 3996 3406 4042 cum
3443 3991 3760 4055 utramque

2110 4075 2428 4146 porticum,
2490 4080 2616 4129 tum
2694 4076 2973 4147 contigua
3038 4076 3240 4130 omnia
3315 4079 3373 4129 et
3446 4073 3757 4129 basilicam

2111 4164 2431 4231 devoravit,
2464 4163 2526 4219 in
2558 4175 2676 4235 qua
2704 4164 2819 4219 fuit
2848 4162 3213 4220 bibliotheca
3267 4162 3561 4219 librorum
3594 4162 3761 4218 milia

2113 4254 2215 4308 120
2244 4253 2596 4320 continens;
2631 4254 2788 4309 inter
2809 4270 2961 4325 quos
2993 4253 3177 4309 libros
3200 4254 3310 4308 fuit
3341 4253 3520 4308 etiam
3551 4253 3765 4307 draco-

2111 4344 2204 4398 nis
2260 4344 2632 4409 intestinum,
2666 4343 2848 4415 pedes
2908 4346 3009 4398 120
3068 4338 3333 4416 longum,
3367 4344 3461 4398 cui
3522 4340 3759 4397 Homeri

2107 4438 2387 4506 poemata
2426 4433 2563 4489 Ilias
2595 4436 2655 4488 et
2707 4432 2951 4505 Ulyssea
3002 4434 3198 4489 aureis
3260 4432 3476 4488 litteris
3524 4432 3759 4487 fuerant

2108 4523 2416 4595 inscripta,
2437 4538 2572 4577 cum
2600 4523 2851 4578 historia
2879 4536 3080 4578 rerum
3112 4521 3185 4577 ab
3239 4521 3521 4577 heroibus
3561 4526 3754 4594 gesta-

2106 4624 2261 4667 rum.
2291 4610 2557 4668 Perdidit
2585 4622 2708 4668 una
2728 4614 2908 4668 etiam
2940 4612 3152 4668 medim
3182 4612 3243 4667 in
3276 4610 3511 4684 palatiis
3543 4612 3755 4667 domus

338 4707 432 4759 καὶ
491 4712 590 4775 τῆς
648 4705 890 4782 ἱστορίας
948 4713 1048 4775 τῆς
1104 4708 1211 4760 τῶν
1271 4704 1472 4780 ἡρώων
1529 4702 1797 4777 πράξεως.
1861 4704 1996 4756 Συν³

2120 4704 2419 4773 ltramque
2473 4702 2789 4773 porticum,
2842 4708 2902 4758 et
2967 4704 3029 4757 in
3102 4701 3289 4757 Lauso
3352 4700 3759 4774 pulcherrima

340 4796 556 4874 ἔφθειρε
589 4794 644 4851 δὲ
699 4795 790 4850 καὶ
848 4803 948 4865 τῆς
1015 4796 1186 4868 μὲσης
1214 4798 1322 4850 τῶν
1357 4792 1640 4849 παλατίων
1670 4791 2001 4867 ἑκατέρωθεν

339 4889 503 4948 στοᾶς
556 4885 648 4941 καὶ
701 4889 811 4940 τῶν
887 4884 1104 4940 Λαύσου
1176 4884 1245 4939 τὰ
1318 4881 1587 4939 κάλλιστα
1653 4883 1995 4954 ἀναθήματα·

336 4973 527 5029 πολλὰ
555 4974 660 5049 γὰρ
687 4979 797 5029 τῶν
845 4973 1095 5051 ἀρχαίων
1145 4971 1481 5049 ἀγαλμάτων
1512 4971 1698 5035 αὐτόθι
1729 4968 1993 5045 ἐνίδρυτο,

333 5070 436 5134 τῆς
469 5058 797 5143 Ἀφροδίτης
827 5070 927 5134 τῆς
979 5061 1030 5117 ἐν
1084 5061 1265 5137 Κνίδῳ
1311 5063 1374 5118 τὸ
1426 5055 1783 5137 περιϐόητον,
1813 5058 1995 5114 καὶτὸ

332 5160 436 5223 τῆς
468 5152 676 5226 Σαμίας
734 5155 932 5229 “Ηρας,
991 5152 1082 5208 καὶ
1138 5151 1202 5208 16
1251 5158 1353 5222 τῆς
1413 5147 1634 5212 Λινδίας
1690 5149 1912 5218 Ἀθηνᾶς
1942 5146 1993 5222 ἐξ

332 5239 517 5312 ’ἀλλης
546 5241 706 5312 ὕλης,
738 5243 800 5311 ἣν
840 5243 1078 5316 ’Ἄμασις
1134 5242 1162 5296 6
1214 5245 1324 5297 τῶν
1385 5238 1702 5315 Αἰγυπτίων
1740 5235 1993 5313 βασιλεὺς

330 5334 411 5401 τῷ
469 5334 619 5407 σοφῷ
676 5325 1016 5403 Κλεοϐούλῳ
1076 5329 1380 5397 ἀπέστειλε,
1438 5328 1529 5383 καὶ
1598 5326 1743 5383 ἄλλα
1804 5326 1991 5401 μυρία.

329 5418 636 5494 Ἐπέδραμε
703 5416 760 5475 δὲ
823 5420 886 5475 τὸ
946 5424 1054 5497 πῦρ
1109 5419 1196 5475 καὶ
1265 5422 1433 5495 μέχρι
1492 5423 1591 5473 106
1647 5417 1991 5490 καλουμένου

330 5509 503 5589 φόρου
552 5514 650 5566 106
704 5511 966 5585 ΜεγάΛου
1036 5507 1468 5566 Κωνσταντίνου.
1524 5509 1622 5563 Διά
1678 5527 1763 5562 τοι
1821 5510 1989 5561 ταῦτα

2111 4791 2380 4847 donaria.
2396 4791 2481 4846 lbi
2503 4792 2662 4847 enim
2682 4792 2872 4847 multa
2888 4792 3271 4863 antiquorum
3299 4791 3759 4847 simulacrorum

2110 4886 2284 4935 erant
2302 4882 2517 4953 posita,
2550 4887 2617 4936 ut
2646 4887 2842 4938 statua
2871 4881 2974 4938 illa
2992 4881 3213 4938 nobilis
3246 4883 3467 4939 Cnidia;
3494 4884 3758 4950 Veneris,

2108 4970 2373 5040 itemque
2404 4970 2615 5025 Samiw
2645 4972 2916 5042 iunonis,
2940 4977 2999 5027 et
3023 4971 3143 5027 alia
3167 4989 3237 5028 ex
3264 4972 3514 5027 materia
3537 4971 3757 5027 Lindius

2107 5058 2402 5122 Minervas,
2436 5072 2614 5129 quam
2645 5059 2879 5115 Amasis
2910 5060 3313 5133 Egyptiorum
3365 5074 3469 5115 rex
3500 5059 3755 5130 sapienti

2107 5145 2388 5203 Cleobule
2417 5149 2681 5215 miserat,
2714 5148 2949 5220 aliaque
2982 5149 3233 5205 inﬁnita.
3268 5148 3542 5203 Excurrit
3600 5146 3752 5220 ignis

2107 5239 2282 5293 etiam
2312 5255 2501 5310 usque
2533 5231 2608 5292 ad
2639 5237 2834 5294 forum
2867 5237 3239 5293 Constantini
3259 5236 3471 5309 Magni.
3497 5238 3754 5308 Eaprop-

2105 5332 2196 5382 ter
2226 5328 2286 5382 in
2330 5327 2466 5383 odio
2512 5328 2924 5383 universorum
2973 5327 3190 5382 civium
3246 5325 3360 5380 fuit
3411 5324 3750 5391 Basiliscus,

2103 5417 2567 5488 incendiumque
2626 5422 2685 5472 et
2740 5417 2965 5471 eversio
3029 5415 3195 5470 urbis
3256 5414 3750 5486 cognominatus:

2102 5522 2241 5561 nam
2273 5504 2620 5562 alludebant
2648 5505 2723 5562 ad
2780 5505 3041 5560 basilisci
3095 5504 3390 5575 serpentis
3421 5516 3642 5560 nomen
3694 5510 3752 5560 et

1541 5609 1905 5666 XYLANDIH
1944 5609 2030 5662 ET
2068 5607 2289 5663 GOARI
2328 5607 2551 5661 NOTAE.

402 5710 512 5779 (83)
544 5708 709 5774 Quod
737 5708 890 5765 Zeno
941 5704 1160 5764 dicitur
1206 5708 1528 5780 imperium
1564 5724 1672 5780 per
1699 5722 1888 5780 annos
1920 5707 1987 5758 27

328 5782 617 5849 tenuisse,
641 5797 843 5837 verum
876 5799 996 5837 non
1045 5790 1155 5847 est,
1189 5779 1309 5839 sed
1348 5797 1456 5852 pro
1497 5779 1581 5847 zC’
1607 5779 1986 5835 scribendum

2106 5703 2187 5772 ιζ’,
2224 5706 2310 5770 17,
2343 5718 2463 5758 non
2518 5706 2606 5757 27.
2664 5704 2866 5758 Testes
2922 5702 3212 5767 histarici,
3272 5705 3332 5757 et
3385 5703 3746 5760 nominatim

2100 5788 2402 5865 Evagrius,
2435 5800 2518 5861 tu,
2552 5792 2640 5847 29.
2672 5793 2812 5850 XYL.
