4144 6438
362 404 482 463 673

1490 398 2038 460 HISTORIARUM
2088 400 2631 466 COMPENDIUM.

3663 416 3782 474 674

361 533 419 590 δὲ
477 536 505 589 6
565 533 840 609 Αἷ¹λουρος
889 533 940 589 ἐν
998 532 1214 595 τούτοις
1272 533 1511 602 θνήσκει.
1547 532 1693 587 Ἀντ’
1731 530 1896 584 αὐτοῦ
1955 526 2051 605 ’δὲ⁴

2171 532 2301 604 ique
2334 537 2630 593 sufficitur
2659 541 2868 595 Petrus
2902 542 3161 613 Mongus,
3186 544 3362 599 homo
3395 546 3703 602 maleficus
3725 554 3784 601 et

362 622 569 697 Ηέτρος
631 624 658 677 6
721 623 938 697 Μογγὸς
993 621 1285 695 εἰσάγεται,
1346 621 1480 695 ἀνὴρ
1564 624 1871 692 κακοῦργος
1932 618 2020 671 καὶ

364 720 466 781 τῆς
516 712 779 782 ἀληθείας
832 713 1053 785 ἐχθρὸς.
1102 712 1161 771 ὃς
1217 708 1713 785 προκαθῃρημένος
1742 706 1851 776 ἤδη
1905 725 2027 780 χει-

368 807 667 875 ροτονεῖται
694 801 796 854 ὑπὸ
829 799 945 863 ἐνὸς
961 798 1281 867 ἐπισκόπου,
1295 799 1384 854 καὶ
1404 797 1601 853 τούτου
1616 798 1828 871 καθῃρη
1840 794 2023 869 μένου.

366 889 556 960 Τούτῳ
586 887 722 942 κατά
753 892 890 942 Θειιῦ
940 884 1111 956 ζῆλον
1170 882 1489 946 ἐπελθόντες
1548 885 1600 937 οἱ
1654 881 1915 957 μοναχοὶ,
1946 880 2029 944 λς’

368 976 534 1050 μόνας
562 975 775 1051 ἡμέρας
805 975 1122 1050 λῃστρικῶς
1154 975 1508 1049 κρατήσαντι,
1562 974 1660 1036 τῆς
1722 970 2028 1039 ἐπισκοπῆς

367 1064 758 1133 ἀπελαύνουσι,
790 1065 879 1118 καὶ
910 1063 1182 1137 Τιμόθεον
1242 1061 1410 1117 πάλιν
1458 1062 1549 1116 τὸν
1609 1056 2028 1135 Σαλοφακίολον

369 1155 806 1218 ἀποκαθιστῶσιν
838 1152 1002 1225 ἀξίως
1033 1156 1110 1223 τῷ
1142 1151 1341 1226 θρόνῳ.

444 1243 537 1316 Τῷ
570 1240 618 1298 δ’
648 1239 757 1299 ἔτει
798 1242 1006 1319 ἐγένετο
1065 1243 1289 1313 σεισμὸς
1349 1234 1582 1314 φοϐερὸς
1640 1237 1694 1293 ἐν
1737 1240 2030 1295 Κωνσταν-

374 1334 711 1403 τινουπόλει,
777 1334 903 1408 μηνὶ
959 1327 1321 1406 Σεπτεμϐρίῳ
1384 1332 1479 1401 κε’,
1554 1330 1644 1385 καὶ
1702 1328 1889 1385 ἔπεσον
1949 1327 2036 1382 ἐκ·

374 1422 600 1495 κλησίαι
631 1422 841 1479 πολλαί
871 1423 961 1477 καὶ
985 1421 1155 1477 οἰκίαι
1213 1422 1303 1475 καὶ
1361 1416 1595 1493 ἔμϐολοι
1637 1421 1722 1493 [Ρ.
1756 1420 1882 1490 353]
1930 1415 2034 1477 ἓως

380 1512 631 1591 ἐδάφους,
690 1513 1020 1591 κατεχώσθη
1082 1509 1140 1566 δὲ
1197 1507 1413 1578 πλῆθος
1472 1509 1769 1582 ἀνθρώπων
1856 1503 2037 1580 ἀναρί-

384 1613 617 1675 θμητον.
649 1603 845 1658 Ἔπεσε
874 1598 933 1655 δὲ
961 1599 1051 1657 καὶ
1111 1602 1146 1669 ἡ
1208 1604 1408 1675 σφαῖρα
1458 1602 1555 1652 τοῦ
1594 1593 1913 1670 ἀνδριάντος
1936 1596 2036 1649 τοῦ

383 1691 556 1769 φόρου
588 1692 718 1765 (86),
746 1690 837 1744 καὶ
864 1691 898 1757 ἡ
928 1686 1107 1759 στήλη
1140 1692 1238 1743 τοῦ
1286 1684 1541 1762 Μεγάλου
1573 1683 1867 1741 Θεοδοσίου
1890 1685 1925 1752 ἡ
1962 1681 2041 1742 εἴς

378 1781 474 1834 τὸν
495 1781 649 1834 κίονα
678 1782 775 1834 τοῦ
805 1778 1021 1853 Ταύρου
1054 1782 1187 1849 (87),
1247 1776 1338 1831 καὶ
1394 1776 1461 1830 τὰ
1530 1770 1637 1829 ἔσω
1689 1774 1855 1852 τείχη
1916 1772 2040 1847 περὶ

381 1867 657 1942 διάστημα
706 1868 911 1924 ἱκανόν.
985 1866 1085 1923 Καὶ
1149 1864 1360 1941 ἐκράτει
1449 1865 1475 1918 ὁ
1534 1863 1756 1937 σεισμὸς
1836 1861 2037 1935 χρόνον

381 1957 579 2029 πολὺν,
613 1958 752 2014 ὥστε
780 1959 881 2027 τήν
913 1956 1076 2011 πόλιν
1135 1955 1409 2024 ἐποζὲσαι.
1466 1953 1661 2026 Τούτῳ
1712 1956 1793 2024 τῷ
1851 1950 2039 2025 χρόνῳ

377 2049 443 2104 τὸ
492 2048 589 2104 τοῦ
649 2047 806 2123 ἁγίου
864 2042 1181 2101 ἀποστόλου
1241 2038 1493 2119 Βαρνάϐα
1551 2041 1808 2116 λείψανον
1850 2036 2041 2116 εὓρέθη

380 2139 433 2194 ἐν
494 2139 734 2213 Κύπρῳ,
772 2137 878 2192 υπὸ
957 2133 1171 2211 δένδρον
1232 2135 1488 2210 κερασέαν
1539 2134 1854 2205 ἱστάμενον,
1912 2126 2042 2205 ἕχον

382 2226 471 2283 ἐπὶ
504 2232 601 2282 τοῦ
632 2229 865 2298 στήθους
908 2226 971 2280 τὸ
1002 2226 1137 2281 κατὰ
1201 2225 1474 2279 Ματθαῖον
1525 2220 1862 2299 Βύαγγέλιον
1898 2217 2044 2275 ἰδιό-

382 2338 595 2395 γραψον
674 2316 840 2371 αὖτοῦ
924 2320 1020 2370 τοῦ
1105 2312 1416 2369 ἀποστόλου
1477 2306 1750 2387 Βαρνάϐα.
1808 2311 1891 2379 Ἐξ
1981 2311 2047 2378 ἧς

382 2407 708 2484 προφάσεως
778 2399 962 2460 ἔκτοτε
1022 2403 1216 2478 γέγονε
1272 2401 1618 2476 μητρόπολις
1675 2403 1711 2469 ἡ
1801 2399 2044 2475 Κύπρος,

382 2496 586 2551 καὶτοῦ
621 2496 695 2568 μή
715 2492 896 2550 τελεῖν
930 2493 1034 2548 ὑπὸ
1058 2493 1402 2567 Ἀντιόχειαν
1427 2488 1557 2546 ἀλλ’
1578 2490 1681 2545 ὑπὸ
1701 2495 2047 2544 Κωνσταντι-

396 2584 679 2640 ψούπολιν.
711 2584 789 2641 Τὸ
829 2581 886 2638 δὲ
913 2586 1168 2638 τοιοῦτον
1197 2579 1541 2658 Εὐαγγέλιον
1585 2580 1769 2649 Ζήνων
1821 2576 2046 2641 ἀπέθετο

381 2673 434 2730 ἐν
457 2679 537 2747 τῷ
575 2671 849 2745 παλατίῳ,
884 2671 936 2727 έν
966 2675 1045 2743 τῷ
1074 2674 1189 2743 ναῷ
1243 2669 1341 2725 τοῦ
1398 2670 1591 2745 Ἀγίου
1652 2666 1931 2745 Στεφάνου
1993 2664 2046 2720 ἐν

377 2769 446 2838 τῇ
471 2765 683 2843 Δάφνῃ.
1154 2752 1159 2755 Δ

452 2856 547 2926 Τῷ
582 2856 661 2928 ιβ’
692 2848 797 2908 ἔτει
829 2850 1010 2922 Φῆλιξ
1044 2848 1095 2906 ἐν
1129 2853 1208 2922 τῷ
1245 2853 1361 2921 ναῷ
1409 2854 1516 2904 τῶν
1554 2844 1751 2924 Ἀγίων
1786 2844 2047 2903 Ἀποστό-

390 2940 502 2997 λων
535 2939 744 3015 Πέτρου
798 2942 886 2996 καὶ
920 2939 1143 2996 Παύλου
1203 2934 1426 2993 σύνοδον
1485 2939 1719 3007 ποιήσας
1779 2933 1875 2990 δύο
1933 2933 2049 2989 ἐπι-

386 3031 625 3096 σκόπους
682 3032 773 3087 καὶ
838 3024 1053 3086 ἔκδικον
1112 3031 1225 3102 (88)
1282 3022 1522 3101 ἔπεμψεν
1611 3026 1662 3081 ἐν
1714 3028 2051 3082 Κωνσταντι-

390 3120 677 3193 νουπόλει,
737 3121 949 3198 γράψας
1037 3120 1246 3190 Ζήνωνι
1324 3116 1415 3171 καὶ
1471 3114 1706 3187 Ἀκακίῳ
1798 3109 2050 3169 ἐκϐαλεῖν

392 3212 594 3287 Πέτρον
637 3211 729 3267 τὸν
759 3210 979 3285 Μογγὸν
1014 3209 1087 3270 ὡς
1130 3206 1397 3282 αἱρετικὸν
1418 3211 1517 3274 τῆς
1551 3201 1977 3278 Ἀλεξανδρείας.

2133 624 2396 679 veritatis
2457 626 2644 682 hostis
2678 645 2690 693 ;
2724 630 2823 699 qui
2863 631 2992 699 jam
3041 636 3177 686 ante
3210 631 3528 689 damnatus
3558 636 3631 689 ab
3664 654 3780 690 uno

2135 712 2432 783 episcopo,
2469 732 2537 769 eo
2569 734 2805 787 quoque
2858 718 3135 775 damnato
3180 721 3447 777 delectus
3479 728 3585 777 est.
3624 726 3789 778 Hunc

2138 800 2253 854 Deo
2303 801 2618 875 instigante
2667 807 2888 876 agressi
2921 810 3198 864 monachi
3254 811 3496 881 triginta
3527 828 3631 865 sex
3664 813 3790 867 dies

2137 891 2482 963 episcopatu
2514 893 2811 949 latrocinii
2840 897 2901 951 in
2925 914 3152 953 morem
3176 899 3445 954 functum
3477 900 3793 973 dejiciunt,

2138 993 2389 1051 eamque
2438 982 2789 1053 dignitatem
2842 986 3107 1058 legitime
3170 989 3432 1044 reddunt
3483 991 3792 1045 Timotheo

2139 1068 2573 1140 Salophaciolo.

2211 1257 2429 1321 Quarto
2460 1275 2616 1314 anno
2650 1262 2931 1317 terribilis
2952 1264 3062 1318 fuit
3086 1269 3255 1319 terrae
3288 1272 3484 1321 motus
3506 1268 3669 1339 Cpoli
3694 1269 3791 1323 die

2141 1349 2208 1399 25
2231 1347 2388 1418 Sept.
2413 1349 2776 1406 Corruerunt
2798 1352 2986 1408 multa
3008 1359 3121 1408 tem
3131 1354 3463 1425 pla,domus
3484 1363 3796 1428 rostraque

2140 1434 2432 1506 funditus,
2466 1444 2524 1492 et
2554 1439 2766 1495 obruta
2795 1445 2886 1496 est
2915 1442 3209 1498 immensa
3238 1445 3549 1500 hominum
3602 1447 3797 1500 multi-

2147 1524 2309 1582 tudo.
2346 1526 2572 1581 Cecidit
2592 1529 2770 1584 etiam
2794 1530 3001 1599 globus
3019 1532 3312 1587 columna:
3346 1534 3480 1601 fori,
3518 1539 3575 1589 et
3607 1539 3801 1589 statua

2125 1613 2457 1691 Theodosii
2505 1618 2716 1689 Magni,
2766 1636 2898 1689 quas
2947 1621 3244 1676 columna
3299 1623 3471 1678 Tauri
3524 1623 3805 1695 imposita

2147 1709 2293 1767 erat,
2323 1705 2599 1776 murique
2626 1708 2932 1765 interioris
2964 1712 3107 1766 satis
3135 1712 3311 1783 longa
3368 1730 3527 1783 pars.
3562 1715 3804 1769 Duravit

2148 1791 2250 1845 diu
2282 1792 2378 1848 ille
2414 1799 2583 1849 terra:
2616 1801 2832 1866 motus,
2867 1798 3015 1854 adeo
3042 1805 3106 1854 ut
3136 1801 3290 1855 fetor
3321 1818 3560 1873 quoque
3593 1802 3801 1857 urbem

2074 1909 2117 1972 Β
2150 1883 2559 1972 occuparit.Ea
2582 1890 2916 1957 tempestate
2938 1888 3207 1959 reliquias
3223 1889 3378 1945 beati
3395 1891 3645 1962 apostoli
3664 1893 3805 1946 Bar-

2151 1971 2320 2027 nabaa
2342 1972 2592 2028 inventa)
2616 1976 2829 2029 suntin
2853 1977 3060 2048 Cypro.
3085 1977 3323 2033 Jacebat
3348 1979 3595 2034 cadaver
3618 1979 3675 2033 id
3698 1979 3807 2034 sub

2152 2060 2362 2116 arbore
2412 2079 2636 2127 ceraso,
2687 2065 3063 2137 Evangelium
3134 2066 3293 2137 quod
3342 2069 3494 2123 619
3553 2070 3609 2123 S.
3670 2070 3806 2123 Mat-

2153 2150 2342 2205 thasus
2374 2158 2809 2223 composuerat,
2834 2154 2895 2208 in
2918 2159 3156 2225 pectore
3178 2160 3439 2227 gestans,
3470 2173 3650 2213 manu
3672 2159 3805 2211 Bar-

2152 2239 2322 2293 nabas
2354 2241 2744 2313 descriptum.
2768 2244 2847 2297 Ea
2864 2244 3178 2299 occasione
3207 2246 3434 2316 Cyprus
3456 2247 3805 2317 metropolis

2150 2328 2308 2386 facta
2337 2337 2446 2397 est,
2475 2336 2542 2385 ut
2562 2332 2691 2402 jam
2733 2350 2853 2388 non
2884 2335 3141 2405 amplius
3173 2335 3282 2391 sub
3313 2336 3623 2391 Antiochia
3658 2352 3802 2391 cen-

2153 2425 2404 2487 seretur,
2438 2420 2541 2475 sed
2574 2421 2685 2476 soli
2739 2423 2903 2493 Cpoli
2958 2422 3249 2480 subesset.
3302 2423 3365 2478 Id
3422 2424 3802 2497 Evangelium

2153 2510 2306 2562 Zeno
2341 2510 2600 2579 reposuit
2624 2510 2685 2564 in
2706 2511 2949 2581 palatio,
2973 2512 3036 2566 in
3059 2512 3185 2567 inde
3215 2514 3409 2568 Sancti
3440 2514 3719 2584 Stephani
3748 2515 3810 2568 in

2154 2598 2422 2669 Daphna.

2225 2855 2394 2908 Anno
2422 2853 2775 2910 duodecimo
2807 2857 2968 2912 Felix
3009 2857 3262 2912 concilio
3296 2858 3355 2912 in
3406 2856 3532 2912 aede
3562 2857 3720 2912 Petri
3753 2862 3812 2911 et

2157 2942 2323 2996 Pauli
2355 2944 2762 3015 apostolorum
2794 2946 2994 3001 habito
3026 2945 3174 3001 duos
3209 2947 3520 3019 episcopos
3554 2953 3613 3002 et
3642 2962 3813 3001 exse-

2158 3034 2427 3085 cuturem
2461 3031 2669 3104 Cpolin
2714 3034 2915 3105 mittit,
2949 3036 3246 3089 Zenonem
3289 3038 3348 3089 et
3376 3034 3659 3089 Acacium
3705 3050 3811 3104 per

2158 3118 2387 3174 litteras
2411 3119 2632 3192 jubens
2660 3123 2958 3195 Mongum,
3012 3129 3216 3195 utpote
3266 3124 3633 3194 haereticum,
3677 3122 3808 3177 Ale-

2161 3207 2413 3264 xandria
2443 3210 2696 3283 exigere.

599 3301 659 3375 ιγ’
690 3294 818 3367 ἔτει,
984 3297 1092 3353 ἀπὸ
1112 3279 1337 3370 Ῥὦμης
1367 3294 1744 3372 κρατηθέντων
1769 3293 1821 3349 ὲν
1840 3289 2051 3365 Ἀϐύδῳ

2234 3299 2407 3352 Anno
2440 3299 2506 3354 13
2534 3279 2789 3356 Zenonis
2820 3306 2879 3357 et
2906 3301 3099 3357 Acasii
3119 3302 3296 3373 jussu
3350 3302 3599 3357 Romani
3632 3301 3813 3373 legati

391 3390 585 3465 γνώμῃ
633 3391 883 3461 Ζήνωνος
936 3388 1027 3443 καὶ
1087 3384 1348 3442 Ἀκακίου
1406 3385 1495 3440 καὶ
1544 3388 1652 3440 τῶν
1707 3383 2049 3458 γραμμάτων

393 3478 787 3561 ἀφαιρεθέντων
838 3478 926 3533 καὶ
982 3476 1033 3532 ἐν
1093 3480 1303 3553 φρουρᾷ
1393 3471 1730 3550 βληθέντων,
1781 3470 2053 3543 ἠπείλησε

397 3572 584 3642 Ζήνων
616 3566 867 3637 τούτους,
901 3566 1135 3635 ἀνελεῖν,
1167 3564 1213 3619 εί
1248 3565 1324 3638 μὴ
1352 3564 1778 3634 κοινωνήσουσιν
1813 3562 2055 3634 Ἀκακίῳ

395 3659 488 3715 καὶ
524 3655 714 3733 Πέτρῳ
741 3661 822 3730 τῷ
855 3658 1076 3733 Μογγῷ-

475 3751 571 3821 Τῷ
605 3749 668 3803 ιε’
698 3743 804 3802 ἔτει
862 3747 1051 3816 Ζήνων
1108 3748 1178 3818 τῇ
1242 3740 1420 3819 βουλῇ
1453 3740 1708 3799 Ἀκακίου
1763 3740 1891 3803 τοὺς
1921 3740 2058 3796 κατὰ

401 3840 502 3908 τὴν
533 3838 707 3910 Ἐᾠαν
740 3834 1070 3895 ἐπισκόπους
1126 3827 1374 3902 ἐϐιάζετο
1435 3831 1743 3906 ὑπογράψαι
1784 3836 1864 3902 τῷ
1897 3831 2060 3887 Ἐνω-

400 3931 565 3999 τικῷ,
626 3924 760 3999 ὅπερ
814 3923 976 3985 αὐτὸς
1032 3923 1281 3983 Ἀκάκιος
1342 3919 1595 3991 ἐποίησεν
1649 3919 1704 3990 ἒξ
1759 3917 1899 3981 ἰδίας
1928 3940 2063 3993 καρ-

407 4014 530 4078 δίας
589 4014 865 4084 συντάξας,
925 4014 1015 4067 καὶ
1071 4018 1404 4080 κοινωνῆσαι
1476 4009 1662 4084 Πέτρῳ
1691 4012 1773 4081 τῷ
1826 4010 2061 4085 Μογγῷ.

406 4105 545 4167 Τοὺς
577 4102 634 4160 δὲ
662 4111 764 4173 τῆς
795 4103 1016 4176 Ῥώμης
1060 4100 1509 4176 ἀποκρισιαρίους
1566 4098 1858 4173 παρέπεισε
1921 4099 2066 4173 χρή-

411 4215 544 4267 μασι
576 4197 912 4258 κοινωνῆσαι
969 4193 1207 4264 Ἀκακίῳ
1261 4190 1408 4266 παρὰ
1462 4189 1528 4244 τὰ
1588 4187 1910 4253 ἐνταλθὲντα
1966 4188 2066 4242 αύ-

404 4288 546 4345 τοῖς.
574 4286 749 4338 Τοῦτο
784 4281 968 4353 μαθὼν
1003 4281 1030 4334 6
1064 4276 1242 4349 Φῆλιξ
1310 4284 1515 4352 καθῆρε
1557 4275 1804 4348 τούτους,
1856 4277 2068 4354 γράψας

408 4372 500 4429 καὶ
536 4370 772 4443 Ἀκσκίῳ
853 4368 1181 4443 καθαίρεσιν·
1240 4367 1409 4442 ἥνπερ
1466 4364 1754 4439 δεξάμενος
1811 4366 2072 4427 Ἀκάκιος

409 4463 755 4532 ἀναισθήτως
782 4460 905 4534 περὶ
941 4456 1108 4527 αὐτὴν
1141 4457 1284 4532 εἶχε,
1316 4456 1404 4510 καὶ
1463 4455 1526 4509 τὸ
1587 4453 1763 4527 ὄνομα
1821 4452 2072 4525 Φήλικος

412 4551 572 4627 ἐξῆρε
600 4555 709 4606 τῶν
743 4547 1037 4605 διπτύτων.

488 4734 583 4802 Τῷ
637 4730 702 4792 ις’
766 4726 873 4784 ἔτει
930 4726 1135 4799 Πέτρος
1198 4725 1227 4779 ὁ
1284 4724 1513 4799 Μογγὸς
1580 4720 1633 4777 ἐν
1692 4720 2077 4797 Ἀλεξανδρείᾳ

421 4816 671 4889 ἀπέθανε,
707 4818 797 4874 καὶ
835 4818 1162 4882 Ἀθανάσιος
1192 4815 1306 4870 ἀντ’
1364 4814 1528 4868 αὐτοῦ
1585 4812 1977 4888 ἐχειροτονήθη
2046 4815 2073 4868 6

421 4910 658 4981 ἐπίκλην
691 4908 982 4980 Κηλήτγ,ς.
1025 4909 1211 4978 Ζήνων
1247 4903 1304 4961 δὲ
1336 4907 1364 4961 ὁ
1419 4903 1675 4980 βασιλεὺς
1735 4904 1939 4967 ἀνεθεὶς
1969 4909 2076 4960 τῶν

416 4999 691 5075 τυράννων
735 4993 957 5068 ἐξέϐαλε
1009 5004 1110 5067 τῆς
1166 4993 1492 5066 Ἐκκλησίας
1577 4994 1912 5069 Ἀντιοχείας
1972 5001 2077 5050 Κα-

2164 3386 2354 3459 Abydi
2385 3394 2525 3444 sunt
2555 3391 2998 3463 comprehensi,
3034 3391 3246 3447 litterm
3305 3391 3672 3462 interceptas,
3703 3390 3817 3461 ipsi

2165 3477 2227 3532 in
2280 3477 2610 3534 custodiam
2658 3479 2828 3547 dati;
2879 3482 3259 3553 minatusque
3311 3482 3395 3536 eis
3444 3483 3598 3536 Zeno
3658 3497 3820 3535 mor-

2168 3572 2287 3623 tem
2317 3573 2427 3635 est,
2461 3568 2577 3624 nisi
2608 3587 2740 3625 cum
2766 3572 2971 3644 Mongo
2998 3576 3055 3625 et
3086 3570 3296 3626 Acacio
3329 3570 3816 3626 communionem

2168 3658 2411 3713 inirent.

2239 3750 2408 3804 Anno
2444 3752 2505 3804 l3
2538 3751 2736 3805 Acacii
2769 3767 2949 3806 suasu
2976 3751 3133 3806 Zeno
3164 3747 3483 3807 orientales
3511 3749 3821 3820 episcopos

2172 3837 2363 3908 coegit
2420 3836 2794 3894 subscribere
2853 3840 3136 3894 lleuotico
3184 3838 3265 3910 (id
3316 3838 3625 3909 scriptum,
3674 3837 3759 3891 sic
3795 3852 3831 3889 a

2175 3925 2490 3980 concordia
2546 3926 2911 3981 instituenda
2966 3927 3212 3995 dictum,
3262 3927 3511 3982 Aeacius
3543 3943 3612 3980 ex
3643 3924 3828 3979 animi

2175 4012 2265 4067 sui
2319 4016 2617 4070 sententia
2665 4016 3040 4085 condiderat.)
3088 4022 3147 4070 et
3202 4016 3645 4070 communicare
3695 4028 3831 4066 cum

2178 4104 2351 4157 Petro
2385 4105 2609 4174 Mongo.
2646 4105 2906 4158 Pecunia
2937 4121 3176 4176 quoque
3206 4104 3342 4158 data
3386 4105 3571 4158 Roma
3621 4103 3834 4156 missos

2180 4191 2402 4263 legatos
2452 4208 2520 4247 eo
2572 4193 2846 4263 perduxit
2896 4198 2961 4246 ut
2993 4199 3201 4247 contra
3242 4192 3523 4247 mandata
3554 4208 3664 4245 sua
3693 4208 3828 4247 cum

2182 4281 2394 4335 Acacio
2439 4282 2971 4337 communicarent.
3008 4283 3166 4337 Felix
3213 4281 3313 4335 ubi
3361 4297 3486 4336 rem
3518 4279 3830 4350 comperit,

2182 4370 2254 4424 iis
2285 4386 2453 4426 suam
2481 4370 2705 4425 ademit
2733 4371 3108 4443 dignitatem,
3140 4370 3421 4426 Acacium
3455 4385 3691 4440 quoque
3723 4385 3831 4439 per

2182 4460 2411 4516 litteras
2462 4461 2536 4516 ad
2593 4476 2731 4517 eum
2779 4462 3030 4532 scriptas
3080 4460 3287 4515 ordine
3337 4458 3645 4529 dejiciens.
3681 4459 3836 4522 Quas

2187 4555 2463 4623 acceptas
2505 4552 2754 4607 Acacius
2805 4569 2909 4623 pro
2978 4549 3164 4606 nihilo
3227 4548 3456 4617 habuit,
3506 4546 3837 4619 Felicisque

2107 4659 2153 4723 Ι)
2184 4657 2403 4695 nomen
2435 4658 2505 4696 ex
2535 4641 2669 4696 albo
2704 4641 2965 4697 sustulit.

2257 4731 2426 4784 Anno
2454 4732 2516 4785 16
2548 4731 2758 4786 Petrus
2780 4729 2882 4784 ille
2909 4731 3151 4801 Mongus
3169 4727 3539 4783 Alexandriae
3562 4726 3836 4793 moritur,

2186 4820 2360 4890 eique
2414 4820 2776 4875 Athanasius
2824 4820 2980 4876 620
3014 4823 3407 4893 cognomento
3435 4817 3663 4872 Celetes
3696 4816 3805 4872 sub
3826 4845 3839 4857 -

2186 4914 2445 4981 rogatur.
2496 4910 2651 4965 Zeno
2704 4916 2901 4965 autem
2953 4927 2987 4963 a
3037 4909 3305 4980 tyrannis
3359 4908 3545 4962 otium
3591 4906 3841 4976 adeptus

2191 4999 2552 5054 Antiochena
2582 5000 2844 5056 Ecclesia
2875 4999 3150 5055 exturbat
3177 4998 3625 5062 Calandionem,
3660 4995 3841 5065 inque

1637 5122 2073 5179 XYLANDRET
2110 5123 2327 5180 GOARI
2394 5126 2618 5180 NOTAE.

494 5256 607 5325 (86)
635 5253 837 5312 Globus
866 5251 964 5307 ille
995 5250 1286 5307 nimirum
1332 5266 1512 5325 quem
1559 5251 1759 5304 statua
1804 5249 2088 5325 Constan-

423 5321 535 5382 tini
556 5321 615 5380 in
642 5325 767 5381 foro
791 5329 988 5380 erecta
1016 5321 1623 5396 manu_gerebat,non
1644 5336 1780 5375 vero
1814 5321 2090 5396 columna:

426 5400 638 5468 globus,
666 5402 733 5452 ut
770 5412 1072 5468 perperam
1123 5391 1461 5468 Xylander;
1507 5392 1624 5468 nisi
1681 5391 1964 5468 yocabulo
1999 5411 2090 5448 co-

425 5458 649 5525 lumnae
673 5458 929 5523 statuam
961 5468 1023 5521 in
1055 5458 1335 5522 columna
1364 5463 1785 5590 porphgretica
1832 5464 2086 5535 positam

430 5541 740 5590 intelligat-
773 5540 844 5590 de
876 5556 993 5590 nua
1025 5539 1143 5590 iam
1177 5543 1383 5590 auctor
1412 5537 1471 5590 f0
1504 5580 1515 5590 .
1585 5538 1674 5590 65.
1712 5536 1888 5590 GOAR.

430 5541 741 5613 intelligat,
773 5540 844 5595 de
876 5556 993 5613 qua
1016 5536 1383 5613 ja_m_auctor
1412 5536 1515 5613 fol.
1549 5536 1674 5592 265.
1712 5536 1888 5590 GOAR.

503 5609 853 5685 (87)"Platea
872 5609 1126 5685 Civitatis
1156 5609 1239 5664 ita
1258 5609 1434 5685 dicta.
1462 5609 1638 5685 ϐολῇ,

524 5677 612 5754 88)
646 5685 836 5756 Longe
864 5689 959 5756 est
988 5680 1475 5756 abpexsequendo
1527 5677 1712 5756 Latini
1748 5677 2089 5750 interpretis

432 5748 633 5813 ofﬁcio
654 5748 1082 5827 Xylander,qui
1108 5769 1231 5808 non
1250 5748 1586 5821 defensorem
1604 5748 1709 5805 sed
1721 5748 2090 5807 exsecutorem

2196 5252 2372 5306 vertit
2419 5247 2655 5307 ἔκδικον.
2698 5252 2850 5318 Quid
2898 5254 3275 5322 exsequetur,
3320 5247 3533 5322 edicat.
3584 5246 3849 5322 Πείραιεον

2199 5329 2358 5396 certe
2408 5325 2602 5379 causis
2655 5316 2986 5396 pauperum
3036 5316 3092 5396 et
3141 5316 3842 5396 Ecclesiarum_vaca_bat,

2199 5395 2371 5468 cujus
2390 5396 2643 5468 titulum
2656 5388 2844 5468 gessit
2866 5394 3246 5449 Sebastianus
3269 5397 3513 5468 martyr.
3539 5388 3848 5468 Eumdem,

2200 5460 2320 5521 im'o
2348 5466 2572 5538 plures,
2623 5460 2692 5522 etv
2730 5484 2909 5538 super
2955 5481 3168 5538 omnes
3219 5460 3534 5538 primatem
3589 5460 3849 5516 Ecclesia

2202 5533 2401 5593 Grauia
2432 5533 2591 5594 inter
2621 5533 3006 5603 o.t‘ficiales,de
3027 5533 3241 5606 quibus
3267 5533 3846 5598 Codinus,reconsct.

2205 5611 2282 5665 De
2315 5612 2386 5665 iis
2415 5612 2733 5666 concilium
2759 5609 3220 5679 Carthagineuse
3253 5606 3410 5677 apud
3436 5606 3849 5660 Bulsamonem

2206 5698 2339 5737 ean.
2370 5685 2457 5736 78.
2500 5683 2673 5738 Goxa.
3610 5682 3615 5683 “
