4144 6432
372 409 492 466 6Ἰ9

1730 397 2049 457 GEORGII
2097 397 2439 460 CEDRENI

3676 402 3798 462 680

367 536 572 592 insidii
628 552 750 591 non
796 533 1223 590 animadversis
1286 548 1386 585 eos
1450 530 1701 584 insecuti
1752 528 2010 583 universi

2132 526 2379 601 ἀκρατῶς
2408 530 2636 592 τούτους
2667 528 2919 596 ἐδίωκον,
2968 531 3058 585 καὶ
3112 530 3306 592 πάντες
3366 532 3506 603 ὁμοῦ
3557 530 3649 585 σὺν
3706 536 3788 603 τῷ

367 644 501 682 cum
534 642 669 698 rege
700 628 918 680 Peroza
946 628 1003 678 et
1042 622 1179 677 ﬁliis
1211 621 1338 691 ejus
1375 619 1436 673 in
1468 617 1810 689 voraginem
1844 618 2014 672 istam

373 716 711 771 incidentes
741 714 1063 784 perierunt.
1098 713 1343 764 Perozes
1375 725 1441 762 eo
1474 708 1536 762 in
1590 706 1855 778 periculo
1876 724 2020 761 con-

372 808 613 861 stitutus
669 804 977 868 unionem,
1037 816 1213 871 quem
1272 798 1542 870 gestabat
1600 798 1901 868 ingentem
1950 813 2019 851 ac

373 894 863 949 candidissimum
912 896 971 945 et
1015 889 1258 944 maximi
1308 887 1505 959 pretii,
1557 903 1592 941 a
1630 886 1836 941 dextra
1875 902 2017 940 aure

371 986 700 1040 detractum
748 982 982 1053 abjecit,
1040 996 1113 1033 ne
1162 978 1298 1050 quis
1340 993 1473 1031 eum
1508 980 1640 1047 post
1668 992 1729 1030 se
1760 980 2018 1047 gestaret

365 1083 464 1132 aut
502 1077 698 1146 ipsum
726 1090 925 1145 regem
958 1076 1308 1143 agnosceret
1343 1086 1356 1124 :
1384 1075 1511 1124 erat
1555 1069 1717 1124 enim
1748 1071 2015 1139 spectatu

362 1163 894 1237 dignissimuleoc
921 1161 1096 1216 modo
1120 1159 1297 1214 modo
1321 1161 1566 1213 Perozes
1598 1174 1732 1212 cum
1752 1156 2016 1210 exercitu

360 1254 611 1307 interiit.
645 1250 887 1307 Barbari
922 1250 1133 1306 exinde
1163 1249 1475 1304 biennium
1524 1250 1733 1301 Persas
1760 1245 2015 1300 tributa-

361 1340 483 1394 rios
561 1338 919 1393 habuerunt.
980 1339 1061 1392 Eo
1122 1342 1327 1391 exacto
1407 1337 1600 1388 Persae
1662 1332 2013 1404 superstites

361 1428 656 1483 Cabadem
686 1429 921 1481 Perozcn
957 1425 1147 1480 tilium
1179 1440 1378 1496 regem
1408 1423 1794 1477 constituunt.

435 1519 515 1572 De
548 1516 795 1585 unione,
831 1531 947 1585 quo
993 1513 1043 1568 is
1075 1518 1246 1585 pacto
1298 1513 1570 1567 inventus
1603 1510 1798 1576 fuerit,
1836 1508 2012 1563 talem

363 1607 696 1677 reperimus
729 1604 1058 1658 historiam.
1085 1605 1149 1658 ln
1174 1603 1308 1657 sinu
1339 1600 1593 1665 Persico,
1620 1599 1719 1669 qui
1750 1614 1784 1651 a
1814 1597 2011 1652 Rubro

362 1696 512 1752 mari
544 1711 746 1749 versus
778 1692 1134 1763 Aquilonem
1166 1697 1255 1746 est
1285 1692 1455 1760 situs,
1492 1689 1744 1744 uniones
1772 1688 2014 1743 aluntur

365 1802 399 1841 a
465 1783 819 1855 pectinibus,
881 1798 1031 1851 quos
1102 1780 1421 1835 Zambacos
1496 1783 1727 1833 vocant.
1790 1778 2013 1831 Horum

364 1875 667 1946 pectinum
702 1871 942 1943 quidam
962 1872 1236 1925 inventus
1267 1870 1524 1924 estintre
1560 1885 1622 1924 se
1652 1868 1819 1923 alens
1850 1867 2015 1921 unio-

364 1980 503 2019 nem
518 1964 810 2034 ingentem
828 1977 895 2016 ac
921 1959 1475 2031 splendidissimum
1498 1976 1511 2026 ;
1538 1958 1787 2029 quicum
1801 1961 2009 2011 auctus

362 2067 707 2107 mensuram
739 2049 1019 2104 usitatam
1052 2048 1405 2103 excessisset
1448 2046 1766 2116 radiosque
1809 2044 2009 2116 splen-

363 2141 525 2195 doris
559 2140 648 2195 sui
697 2139 944 2211 fulguris
994 2139 1053 2192 in
1102 2154 1330 2193 morem
1379 2136 1793 2208 ejacularetur,
1844 2133 2011 2189 canis

364 2230 606 2300 quidam
637 2228 905 2284 marinus
939 2244 1074 2283 eum
1107 2226 1487 2299 splendorem
1520 2224 1814 2280 adamavit
1854 2224 2011 2278 624

358 2324 418 2374 et
472 2318 983 2389 pulchritudinem
1039 2322 1327 2388 perpetuo
1374 2314 1657 2370 asseclari
1703 2313 1880 2384 ccepit
1907 2356 1920 2380 ,
1953 2316 2013 2367 et

356 2423 715 2479 quocunque
753 2406 930 2461 unda)
978 2406 1231 2475 pectinis
1279 2404 1567 2459 concham
1614 2401 1905 2468 ferebant,
1941 2417 2009 2455 eo

356 2498 518 2553 canis
539 2513 776 2567 quoque
791 2494 1109 2567 perniciosi
1124 2494 1433 2566 cujusdam
1448 2492 1535 2547 dua
1548 2491 1731 2547 monis
1749 2490 2010 2562 impulsu

357 2587 778 2643 bacchabatur.
820 2585 886 2640 Id
929 2584 1264 2658 prodigium
1314 2583 1575 2656 piscator
1604 2581 1844 2653 quidam
1878 2580 2008 2635 ani-

357 2677 733 2734 madvertens
795 2675 1001 2731 statuit
1056 2674 1356 2746 pectinem
1416 2672 1697 2727 machina
1752 2670 2008 2742 quadam

360 2765 690 2838 deprmdari
714 2782 726 2820 :
750 2781 954 2820 verum
977 2765 1143 2819 canis
1165 2781 1287 2819 non
1309 2762 1623 2830 concessit,
1647 2760 1754 2817 sed
1772 2766 2008 2832 raptum

353 2856 651 2926 pectinem
701 2855 764 2908 in
818 2852 1181 2924 profundum
1227 2869 1396 2924 aqum
1455 2851 1720 2907 abduxit.
1753 2849 2008 2904 Proinde

353 2945 477 3016 regi
502 2945 817 2998 Persarum
838 2942 911 2997 de
931 2942 1373 3013 pulchritudine
1395 2940 1728 3013 margaritaa
1750 2940 2011 3011 piscator

356 3033 556 3094 refert,
598 3032 766 3102 isque
798 3031 851 3085 ei
879 3032 1031 3087 viros
1061 3030 1352 3104 adjungit,
1385 3031 1485 3101 qui
1519 3031 1581 3084 in
1619 3047 1687 3085 eo
1719 3028 2007 3100 capiendo

358 3121 471 3192 ipsi
506 3120 722 3176 adsint.
757 3121 903 3175 Cum
933 3120 1007 3175 ad
1037 3137 1199 3175 mare
1230 3120 1474 3191 profecti
1509 3136 1614 3191 per
1635 3118 1860 3189 aliquot
1880 3118 2009 3174 dies

356 3209 683 3281 pl‘iBStOlnti
735 3215 954 3279 essent,
1002 3209 1246 3281 contigit
1270 3214 1335 3265 ut
1365 3208 1530 3265 canis
1573 3209 2009 3279 aliquantisper

355 3298 679 3354 secederet.
731 3300 874 3353 Tum
929 3299 1189 3370 piscator
1226 3299 1425 3354 statim
1476 3314 1605 3353 sese
1666 3297 1726 3351 in
1787 3313 2001 3367 aquam

353 3390 581 3462 injecit,
612 3396 670 3444 et
684 3389 759 3445 ad
780 3389 1031 3445 fundum
1055 3390 1286 3445 delatus
1309 3389 1604 3461 pectinem
1628 3404 1762 3442 cum
1785 3387 2006 3441 unione

353 3479 628 3551 arripuit,
663 3496 1021 3549 sursumque
1070 3478 1348 3548 enatavit,
1391 3482 1628 3534 exserta
1676 3492 1855 3531 manu
1896 3492 2012 3546 qua

353 3567 643 3621 unionem
673 3566 932 3635 tenebat,
976 3582 1154 3637 quem
1187 3570 1246 3620 et
1292 3566 1492 3619 statim
1541 3564 1581 3617 ii
1630 3563 1730 3633 qui
1763 3562 2014 3617 aderant

359 3655 411 3709 ei
445 3655 811 3725 eripuerunt.
842 3656 1197 3725 Priusquam
1216 3670 1355 3709 vero
1386 3653 1449 3707 in
1473 3651 1735 3707 lembum
1757 3651 2014 3722 piscator

362 3744 606 3798 evadere
638 3748 861 3815 posset,
894 3743 1239 3815 supervenit
1265 3742 1431 3797 canis
1472 3741 1877 3810 miserumque
1909 3739 2009 3794 de-

357 3834 603 3889 voravit.
655 3833 803 3888 Unio
866 3832 940 3887 ad
999 3848 1198 3905 regem
1252 3831 1468 3885 allatus
1527 3836 1663 3897 est;
1724 3828 1825 3898 qui
1881 3828 2012 3899 ejus

360 3922 696 3993 spectaculo
759 3921 1113 3989 delectatus,
1169 3919 1483 3991 piscatoris
1554 3919 1711 3973 ﬁlios
1782 3919 2011 3989 magnis

351 4011 525 4067 donis
556 4012 775 4069 aﬂ‘ecit.
811 4013 959 4066 Eum
1005 4011 1292 4065 unionem
1338 4017 1403 4064 ut
1462 4008 1785 4064 redimeret
1839 4008 2012 4062 Justi-

356 4101 574 4157 nianus
625 4103 888 4173 Magnus,
947 4104 1047 4155 100
1105 4100 1233 4155 auri
1267 4099 1447 4155 libras
1494 4098 1766 4153 Barbaris
1824 4097 2007 4152 misit.

360 4192 573 4245 Verum
608 4190 644 4243 ii
679 4196 1031 4245 recusarunt
1059 4189 1334 4258 vendere,
1378 4192 1747 4243 asservantes
1779 4202 1915 4241 eum
1948 4186 2009 4239 in

354 4281 592 4352 signum
623 4283 877 4338 Persicae
910 4282 1274 4338 stoliditatis.

2043 1915 2090 1978 Β

2133 616 2342 690 Περόζῃ
2376 619 2613 680 καὶτοῖς
2646 619 2811 675 αὐτοῦ
2842 620 3026 674 παισὶν
3084 619 3161 681 είς
3218 620 3281 673 τὸ
3343 620 3614 693 βάραθρον
3659 640 3795 691 σομ-

2127 706 2381 766 πεσόντες
2412 706 2727 765 ἀπώλοντο.
2770 710 2831 766 Ὀ
2891 707 2947 763 δὲ
3008 709 3255 783 Περόζης
3315 707 3638 782 αἰσθόμενος
3692 713 3791 763 τοῦ

2130 788 2331 863 δεινοῦ,
2371 796 2462 849 τὸν
2510 798 2784 872 μάργαρον
2819 796 2876 851 ὅν
2911 799 3035 876 εἶχε
3079 796 3406 853 λευκότατον
3455 798 3547 852 καὶ
3604 797 3789 872 μέγαν,

2129 880 2206 942 εἷς
2242 878 2555 958 ὑπερϐολὴν
2592 887 2914 960 ὑπερτιμον,
2974 887 3025 957 ἐξ
3092 886 3233 949 ὠτὸς
3292 890 3390 941 τοῦ
3448 884 3625 958 δεξιοῦ
3682 887 3789 953 ἀφ-

2127 967 2391 1043 ελόμενος
2449 969 2684 1048 ἔρριψεν,
2735 974 2820 1029 ἵνα
2881 978 2958 1048 μή
3014 997 3097 1038 τις
3152 976 3328 1031 ὀπίσω
3386 975 3551 1031 αὐτοῦ
3589 981 3783 1032 τοῦτον

2125 1061 2323 1136 φορνίη
2356 1064 2390 1131 ἢ
2425 1063 2706 1137 γνώριμος
2752 1066 2973 1140 γένηται
3010 1065 3083 1127 ὡς
3138 1063 3416 1140 βασιλεὺς,
3469 1065 3583 1121 ἐπεὶ
3632 1065 3781 1135 ἀξιο-

2127 1146 2313 1211 θέατος
2349 1151 2635 1229 ὑπερφυῶς
2692 1154 2781 1222 ἦν·
2848 1154 2945 1207 Καὶ
3006 1154 3152 1209 οὕτω
3212 1155 3457 1227 Περὸζης
3517 1152 3780 1233 διεφθάρη

2125 1237 2217 1291 σὺν
2252 1237 2396 1314 πάσῃ
2426 1245 2494 1313 τῇ
2527 1248 2767 1316 στρατιᾷ.
2802 1242 3001 1316 ἸΙρξαν
3034 1240 3092 1297 δὲ
3140 1248 3358 1317 Περσῶν
3407 1245 3459 1297 οἱ
3512 1240 3783 1318 βάρϐαροι

2126 1330 2360 1404 χρόνους
2393 1329 2488 1386 δύο
2521 1333 2597 1396 εἰς
2628 1333 2798 1411 φόρου
2826 1333 3145 1409 ἀπαγωγήν.
3181 1335 3278 1389 Καὶ
3310 1333 3477 1390 πάλιν
3533 1337 3585 1389 οἰ
3637 1336 3782 1390 ὑπο-

2128 1416 2429 1495 λειφθέντες
2461 1419 2717 1493 Καϐάδην
2749 1424 2841 1477 τὸν
2882 1423 3081 1478 τούτου
3135 1424 3249 1479 υἱὸν
3303 1424 3460 1503 εἶχον
3522 1423 3771 1498 βασιλέα.

2198 1509 2325 1582 Περὶ
2381 1507 2438 1565 δὲ
2491 1516 2588 1565 τοῦ
2651 1512 3009 1587 μαργαρίτου,
3068 1517 3187 1576 πῶς
3240 1513 3330 1567 καὶ
3389 1513 3534 1586 ποίῳ
3592 1515 3787 1590 τρόπῳ

2122 1597 2338 1671 εὑρέθη,
2380 1600 2638 1669 τοιαύτην
2680 1600 2911 1675 εὕρομεν
2942 1602 3208 1676 ἱστορίαν,
3264 1604 3352 1659 Ἐν
3402 1608 3482 1675 τῷ
3534 1608 3784 1676 Περσικῷ

2121 1684 2318 1758 κόλπῳ
2347 1680 2425 1759 τῷ
2454 1689 2591 1763 πρὸς
2626 1688 2826 1764 βορῥᾶν
2856 1692 3094 1763 κειμένῳ
3123 1699 3223 1762 τῆς
3258 1694 3520 1767 Ἐρυθρᾶς
3578 1691 3783 1747 θαλάσ-

2125 1794 2224 1844 σης
2280 1775 2565 1853 τρέφονται
2657 1785 2985 1855 μαργαρῖται
3048 1780 3151 1835 ὑπὸ
3207 1786 3433 1852 κτενῶν,
3489 1782 3580 1843 οὕς
3636 1803 3778 1844 τινες

2126 1859 2407 1936 ζάμϐακας
2454 1865 2807 1939 ὀνομάζουσι.
2867 1870 3087 1924 Τούτων
3147 1874 3255 1924 τῶν
3310 1875 3508 1926 κτενῶν
3579 1871 3771 1945 εὑρέθη

2119 1953 2331 2028 τρέφων
2388 1951 2440 2008 ἐν
2512 1955 2685 2028 ἑαυτῷ
2739 1956 2885 2019 κτεὶς
2948 1957 3022 2020 εἷς
3095 1958 3435 2034 μαργαρίτην
3523 1961 3770 2040 ὑπερφυῆ

2119 2043 2207 2095 καὶ
2255 2040 2667 2118 λαμπρότατον.
2720 2045 3055 2116 Αὐεηθέντος
3116 2045 3174 2102 δὲ
3229 2048 3423 2103 τούτου
3476 2050 3567 2103 καὶ
3625 2052 3770 2125 παρὰ

2120 2131 2182 2185 τὸ
2217 2132 2415 2205 μέτρον
2449 2134 2744 2210 γεγονότος
2775 2134 2941 2212 αὐγάς
2973 2155 3032 2192 τε
3084 2134 3242 2207 δίκην
3290 2137 3567 2211 ἀστραπῆς
3619 2140 3770 2194 ἀκτι-

2120 2215 2490 2283 νοϐολοῦντος
2520 2225 2607 2278 καὶ
2643 2220 3073 2296 διαπέμποντος,
3117 2225 3329 2301 ἠράσθη
3378 2226 3523 2281 κύων
3578 2227 3771 2283 θαλάτ-

2118 2330 2234 2372 τιος
2269 2312 2349 2383 [Ρ.
2384 2314 2509 2385 356]
2549 2319 2649 2382 τῆς
2707 2312 2882 2387 αὐγῆς
2936 2319 3032 2369 τοῦ
3093 2314 3454 2390 μαργαρίτου,
3520 2317 3611 2371 καὶ
3670 2325 3772 2388 τῆς

2120 2400 2289 2454 αὐτοῦ
2321 2400 2663 2476 ὡραιότητος
2695 2403 2798 2458 οὐκ
2825 2402 3110 2478 ἀφίστατο,
3140 2404 3267 2460 ἀλλ’
3327 2406 3465 2460 ’ὀπου
3498 2403 3545 2460 δ’
3576 2404 3636 2461 ἅν
3668 2406 3770 2482 ἦγε

2115 2489 2179 2542 τὸ
2211 2489 2385 2562 ῥεῦμα
2412 2490 2474 2544 τὸ
2515 2488 2745 2566 ἔλυτρον
2794 2496 2892 2547 τοῦ
2942 2493 3147 2563 κτενὸς,
3198 2492 3311 2549 ἐκεῖ
3350 2496 3440 2549 καὶ
3487 2495 3580 2550 τὸν
3633 2497 3770 2551 κύνα

2118 2576 2330 2652 δαίμων
2358 2601 2440 2643 τις
2498 2580 2785 2656 ἀλιτήριος
2846 2578 3217 2659 ἐξεϐάκχευεν.
3272 2583 3489 2648 Ἀλιεὺς
3541 2587 3633 2640 οῦν
3684 2607 3770 2648 τις

2114 2666 2177 2720 τὸ
2209 2668 2356 2739 ξένον
2395 2673 2558 2723 τοῦτο
2599 2671 2929 2744 θεασάμενος
2959 2671 3115 2744 τέρας
3147 2668 3437 2746 ἐδοκίμασε
3475 2671 3567 2729 διά
3622 2695 3771 2737 τινος

2122 2763 2382 2834 μηχανῆς
2431 2756 2776 2829 ἀποσυλήσαι
2833 2760 2926 2815 τὸν
2982 2760 3160 2818 κτένα.
3219 2760 3614 2818 Ἀλλ’ὁκύων
3672 2763 3774 2818 οὐκ

2118 2842 2380 2900 ἐνεδίδου·
2422 2846 2678 2923 ἁρπάζων
2734 2848 2838 2924 γὰρ
2895 2848 3055 2906 αὐτὸν
3113 2850 3203 2906 ἐπὶ
3257 2852 3318 2906 τὸ
3379 2852 3544 2926 βάθος
3591 2851 3768 2928 ἐνῆγε.

2116 2935 2467 3008 Καταμηνύει
2546 2941 2832 3012 τοιγαροῦν
2890 2938 2918 2992 6
2970 2936 3157 3001 ἁλιεὺς
3243 2943 3323 3011 τῷ
3383 2938 3605 3013 βασιλεῖ
3666 2941 3774 2994 τῶν

2116 3028 2337 3098 Περσῶν
2369 3025 2432 3079 τὸ
2469 3029 2565 3079 τοῦ
2601 3026 2880 3102 μαργάρου
2910 3027 3144 3090 κάλλος·
3194 3028 3222 3082 6
3257 3024 3314 3082 δὲ
3347 3025 3567 3083 δίδωσιν
3622 3029 3770 3101 αὑτῷ

2120 3109 2318 3187 ἃνδρας
2348 3111 2476 3176 τοὺς
2508 3113 2595 3168 ἐπὶ
2642 3117 2743 3185 τὴν
2802 3115 2972 3192 ἄγραν
3030 3121 3128 3172 τοῦ
3190 3116 3472 3193 μαργάρου
3533 3118 3778 3195 συμπρά-

2124 3210 2332 3274 ζοντας.
2370 3204 2655 3268 Ἐλθόντες
2716 3206 2809 3262 οῦν
2871 3208 2960 3264 ἐπὶ
3001 3210 3100 3280 τὴν
3158 3210 3433 3266 θάλασσαν
3478 3211 3568 3266 καί
3621 3232 3773 3274 τινας

2121 3293 2332 3368 ἡμέρας
2418 3294 2929 3372 ἐγκαρτερήσαντες,
3009 3294 3175 3378 ἔτυχε
3229 3300 3319 3354 τὸν
3377 3300 3509 3356 κύνα
3573 3302 3770 3376 μικρὸν

2120 3384 2505 3462 ὑποχωρῆσαι·
2558 3384 2735 3450 Εὐθὺς
2799 3388 2893 3442 οῦν
2944 3388 2972 3442 ὁ
3022 3386 3210 3452 ἁλιεὺς
3268 3386 3550 3453 δισκεύσας
3611 3392 3770 3447 αὐτὸν

2123 3470 2175 3527 ἐν
2203 3477 2272 3547 τῇ
2322 3472 2568 3548 θαλάσσῃ
2624 3480 2717 3529 καί
2774 3474 3011 3539 καταδὺς
3069 3476 3121 3532 ἐν
3168 3482 3249 3549 τῷ
3309 3480 3460 3553 βάθει
3517 3476 3776 3555 ἐδράξατο

2118 3567 2215 3617 τοῦ
2271 3565 2457 3623 κτενὸς
2515 3564 2607 3618 καὶ
2662 3564 2755 3618 τὸν
2813 3566 3155 3642 μαργαρίτην
3229 3567 3484 3644 ἀνήγαγε,
3545 3569 3636 3624 καὶ
3693 3569 3778 3625 εὐ-

2120 3650 2255 3714 θέως
2311 3649 2641 3728 ἀναδραμὼν
2699 3654 2886 3729 ὕψωσε
2943 3656 3044 3725 τήν
3098 3662 3283 3732 χεῖρα,
3344 3658 3436 3713 καὶ
3502 3658 3607 3713 ὑπὸ
3664 3663 3774 3713 τῶν

2121 3742 2391 3823 συνόντων
2450 3743 2676 3817 ἡρπάγη
2709 3743 2737 3797 6
2774 3744 3070 3822 μάργαρος.
3131 3745 3263 3820 Πρὶν
3317 3743 3375 3801 δὲ
3420 3746 3619 3824 φθάσαι
3665 3747 3778 3803 εἷσ-

2121 3828 2297 3894 ελθεῖν
2326 3829 2485 3886 αὐτὸν
2524 3830 2580 3886 ἐν
2637 3835 2706 3905 τῇ
2763 3828 2978 3906 λέμϐῳ,
3037 3835 3240 3912 φθάσας
3273 3836 3301 3889 ὁ
3330 3834 3476 3890 κύων
3524 3833 3777 3893 διέσπασε

2120 3919 2211 3974 καὶ
2264 3919 2609 3996 κατερόφησε
2663 3920 2755 3976 τὸν
2814 3919 3186 3998 ταλαίπωρον.
3246 3924 3308 3981 Ὀ
3366 3922 3424 3979 δὲ
3495 3926 3782 4003 μάργαρῡς

2119 4008 2465 4081 ἀπεκομίσθη
2513 4013 2592 4081 τῷ
2642 4006 2881 4083 βασιλεῖ,
2943 4012 3000 4072 ὅς
3053 4012 3144 4067 καὶ
3201 4013 3388 4082 ἡσθεὶς
3447 4018 3530 4086 τῷ
3584 4015 3781 4069 τούτου

2122 4099 2348 4169 θεάματι
2381 4098 2509 4159 τοὺς
2540 4096 2736 4160 παῖδας
2765 4105 2863 4154 τοῦ
2918 4099 3121 4163 ἁλιέως
3184 4101 3449 4177 μεγάλαις
3501 4105 3779 4178 ἠμείψατο

2121 4184 2374 4259 δωρεαῖς.
2407 4190 2614 4243 Τοῦτον
2661 4188 2755 4243 τὸν
2820 4189 3163 4265 μαργαρίτην
3220 4190 3513 4266 βουληθείς
3561 4195 3779 4263 ὠνήσα-

2122 4277 2243 4330 σθαι
2300 4277 2623 4337 Ἰουστιανὸς
2685 4277 2713 4331 ὁ
2781 4279 2962 4352 Μέγας
3021 4280 3258 4358 χρυσίου
3335 4278 3521 4358 λίτρας
3581 4284 3772 4341 ἑκατὸν

350 4367 637 4424 ἀπέστειλε
694 4369 831 4443 πρὸς
886 4368 1014 4430 τοὺς
1070 4362 1402 4443 βαρϐάρους·
1462 4366 1591 4422 ἀλλ’
1648 4368 1799 4422 οὗτοι
1859 4363 1921 4419 οῦ
1978 4362 2321 4435 κατένευσαν,
2380 4366 2733 4437 μνημόσυνον
2820 4373 2921 4436 τῆς
2982 4373 3251 4443 Περσικῆς
3337 4370 3599 4432 ἀπονοίας
3677 4375 3775 4426 τοῦ

346 4476 440 4510 τον
471 4455 856 4536 φυλάττοντες.

422 4548 686 4603 Cabades
753 4552 955 4603 autem
1011 4547 1242 4603 Perozis
1298 4547 1545 4603 ultimus
1604 4548 1763 4603 filius
1820 4562 2001 4618 regno

2181 4535 2439 4612 Καϐἀδης
2470 4539 2528 4597 δὲ
2558 4544 2587 4598 6
2619 4547 2716 4597 τοῦ
2748 4544 2987 4619 Περόζου
3040 4547 3267 4610 ὕστανος
3322 4549 3461 4619 υἱὸς,
3511 4556 3612 4618 τῆς
3667 4550 3769 4622 βα-

352 4636 579 4706 potitus
625 4636 875 4707 imperio
932 4636 1248 4692 violentius
1305 4638 1389 4691 uti
1422 4638 1619 4708 caspit,
1669 4636 1795 4708 lege
1826 4636 2007 4690 etiam

351 4723 494 4791 lata,
529 4740 661 4794 quze
682 4740 899 4780 uxores
921 4724 1449 4797 omnibusjuberet
1479 4740 1611 4780 esse
1634 4738 2004 4779 communes.

352 4814 561 4884 Itaque
610 4818 772 4869 Pesaa
831 4815 882 4870 ei
939 4833 1187 4888 regnum
1259 4816 1633 4883 ademerunt,
1692 4814 2008 4885 ipsumque

350 4904 618 4959 vinctum
678 4905 740 4959 in
800 4922 1120 4973 carcerem,
1156 4906 1256 4977 qni
1292 4906 1474 4960 Letha
1532 4903 1610 4971 (id
1670 4908 1761 4957 est
1791 4903 2008 4958 oblivio

356 4994 596 5061 dicitur,
630 4995 1021 5066 conjecerunt
1045 5013 1058 5062 ;
1083 5013 1150 5051 ac
1172 4996 1414 5050 fratrem
1441 4993 1569 5065 ejus
1590 4994 1743 5050 256
1770 4992 2009 5048 Balbam

353 5100 554 5157 regem
603 5090 974 5140 creaverunt.
1026 5086 1182 5140 Uxor
1229 5089 1427 5139 autem
1489 5100 1625 5138 cum
1676 5082 1895 5138 Cabadi
1948 5081 2010 5136 in

350 5190 589 5229 carcere
623 5173 861 5247 degenti
902 5174 1294 5241 ministraret,
1328 5188 1458 5227 eam
1513 5174 1664 5244 (erat
1695 5172 1853 5227 enim
1885 5171 2005 5226 for-

348 5262 713 5334 mosissima)
766 5280 968 5319 amare
1018 5261 1333 5334 praafectus
1383 5262 1639 5317 carceris
1688 5262 1881 5333 coepit.
1946 5261 2012 5316 Id

353 5352 461 5406 ubi
491 5352 797 5407 intellexit
826 5351 1113 5414 Cabades,
1144 5350 1315 5407 uxori
1349 5351 1535 5406 suasit
1566 5356 1630 5405 ut
1660 5367 1890 5406 morem
1921 5351 2009 5405 illi

354 5445 619 5509 generet,
653 5442 699 5495 si
731 5459 849 5512 qua
901 5440 1169 5496 fortassis
1216 5441 1343 5513 ipse
1402 5441 1631 5497 ratione
1676 5457 1744 5494 ex
1775 5457 2010 5495 carcere

358 5534 556 5594 posset
583 5530 850 5584 evadere.
889 5532 1027 5594 Qua:
1059 5547 1193 5585 cum
1229 5531 1316 5585 sui
1353 5530 1617 5601 corporis
1658 5533 2009 5599 potestatem

360 5615 637 5681 praefecto
671 5620 926 5673 careeris
958 5619 1214 5686 fecisset,
1263 5619 1572 5690 postmodo
1605 5619 1847 5673 nemine
1877 5636 2010 5690 pro.

354 5698 599 5759 bibente
644 5706 718 5761 ad
768 5708 1051 5763 maritum
1104 5709 1457 5765 commeavit
1510 5709 1682 5780 eique
1739 5708 2013 5765 inserviit

2119 4628 2327 4692 σιλείας
2362 4627 2713 4705 δραξάμενος,
2746 4631 2835 4688 ἐπὶ
2853 4634 2917 4689 τὸ
2952 4635 3262 4711 βιαιότερον
3292 4640 3362 4711 τῇ
3392 4637 3542 4712 ἀρχῇ
3571 4636 3773 4713 ἐχρᾶτο

2116 4720 2206 4775 καὶ
2238 4720 2424 4783 κοινάς
2482 4722 2575 4784 τὰς
2624 4728 2880 4797 γυναῖκας
2930 4723 3325 4799 ἐνομοθέτησεν
3384 4722 3555 4803 ἔχειν.
3614 4730 3772 4791 Ὅθεν

2118 4811 2170 4865 οἱ
2203 4809 2401 4884 Πέρσαι
2429 4814 2623 4866 τοῦτον
2652 4815 2754 4878 τῆς
2784 4813 2963 4889 ἀρχῆς
3017 4814 3307 4887 ἀπήλασαν
3359 4818 3451 4872 καὶ
3501 4814 3766 4888 δήσαντες

2119 4897 2195 4962 εἷς
2224 4897 2471 4975 φυλακὴν
2518 4901 2617 4969 τὴν
2668 4900 2971 4977 λεγομένην
3025 4907 3214 4976 Λήθην
3254 4899 3532 4973 ἐνέϐαλον,
3580 4905 3672 4960 τὸν
3717 4903 3775 4961 δὲ

2119 4988 2353 5067 ἀδελφὸν
2408 4988 2575 5045 αὺτοῦ
2635 4987 2855 5064 Βάλϐην
2940 4994 3165 5070 βασιλέα
3244 4995 3526 5068 ἐποίησαν.
3586 4998 3647 5053 ἹΙ
3717 4995 3777 5052 δὲ

2119 5081 2256 5156 γυνὴ
2293 5074 2542 5135 Καϐἀδου
2574 5076 2813 5151 διηκόνει
2874 5084 3026 5156 αὐτῷ
3081 5084 3133 5139 ἐν
3183 5089 3251 5159 τῇ
3304 5086 3544 5165 φυλακῇ.
3604 5087 3665 5144 Ὁ
3721 5084 3779 5143 δὲ

2117 5177 2217 5238 τῆς
2260 5173 2478 5247 εἱρκτῆς
2518 5170 2707 5250 ἄρχων
2769 5173 2972 5247 ἤρξατο
3032 5173 3154 5249 ἐρᾷν
3212 5182 3313 5246 τῆς
3372 5177 3631 5253 γυναικὸς
3691 5177 3782 5232 εὖ·

2118 5262 2496 5337 πρεπεστάτης
2542 5258 2733 5332 οὔσης.
2780 5267 2838 5319 '0
2895 5259 2953 5317 δὲ
3008 5259 3270 5336 Καϐάδης
3324 5264 3624 5339 παρεκάλει
3679 5267 3781 5336 τήν

2119 5355 2347 5427 γυναῖκα
2375 5347 2624 5405 ἐνδοῦναι
2654 5353 2734 5422 τῷ
2762 5350 3059 5424 ἀνθρώπῳ,
3094 5350 3147 5407 εἷ’
3191 5375 3310 5415 πως
3349 5351 3558 5428 δυνηθῇ
3616 5353 3780 5434 ἐκφυ-

2118 5444 2233 5517 γεῖν
2261 5443 2356 5494 τοῦ
2387 5439 2671 5517 φρουρίου.
2735 5441 2942 5497 Τούτου
3001 5438 3058 5496 δὲ
3115 5442 3416 5517 γενομέιου
3474 5442 3782 5507 ἀκωλύτως

2117 5530 2319 5605 ἡγυνὴ
2361 5530 2496 5604 πρὸς
2558 5523 2820 5600 Καϐάδην
2880 5531 3121 5586 εἶσιοῦσα
3174 5537 3368 5587 τοῦτον
3424 5531 3775 5608 ἐθεράπευσε.

2120 5617 2293 5680 Φίλος
2327 5615 2385 5672 δὲ
2417 5613 2636 5692 Καϐάδῃ
2672 5619 2896 5692 ὀνόματι
2957 5623 3214 5691 Σεσώσης
3273 5620 3478 5692 ἐδήλου
3534 5627 3612 5695 τῷ
3670 5630 3778 5677 Κα-

2120 5703 2262 5782 ϐᾳδῄ
2306 5705 2395 5762 διὰ
2425 5711 2529 5773 τῆς
2558 5710 2812 5784 γυναικὸς
2840 5709 2915 5772 ὡς
2960 5710 3167 5774 ’ἱππους
3222 5710 3313 5765 καί
3364 5708 3562 5787 ἄνδρας
3612 5717 3786 5785 ἐμπα-
