4144 6448
361 400 503 465 seu

1482 404 2059 475 HISTORIABUM'»
2076 407 2599 487 GOMPENDIUM
2609 456 2627 475 .

3663 417 3807 485 682.

364 535 637 623 ρασκεύου.
658 533 789 612 ἔχω.
834 532 915 592 ἔν..
941 555 1050 591 τινι
1102 532 1327 612 χωρίῳἐ
1365 537 1426 595 Ὁ
1458 533 1516 611 δὲ
1544 532 1800 609 Κᾳϐάδης
1822 539 1991 595 ,νυκτὸ

2128 547 2271 623 Erat
2311 545 2540 615 amicus
2591 547 2809 607 Cabadi
2858 549 3098 606 Sesoses
3142 549 3407 621 quidam.
3455 554 3511 610 Is
3562 555 3785 615 Cabadi

357 622 730 698 ἐπιλαϐούσης
788 626 963 691 πείθει
1018 628 1120 697 τὴν
1176 632 1408 704 γυναῖκα
1456 628 1557 697 τήν
1611 626 1813 698 ἐσθῆτα
1838 629 2007 700 αὖτῆς

357 718 515 791 αὐτῷ
543 716 906 789 ἀλλάξασθαι,
962 716 1054 775 καὶ
1112 714 1343 787 ἐξελθεῖν
1407 718 1503 791 μὲν
1569 717 1753 791 αὐτὸν,
1808 717 2018 791 ἐκείνην

2133 653 2240 708 per
2270 652 2516 703 uxorem
2549 638 2678 710 ejus
2710 639 3008 712 signiﬁcat
3036 639 3255 711 habere
3282 657 3345 697 se
3377 659 3561 715 equos
3588 646 3779 702 viros-

2133 743 2247 797 que
2272 731 2512 798 paratos
2543 729 2802 799 quodam
2833 729 2897 785 in
2924 730 3077 786 loco.
3110 732 3255 789 Tum
3285 716 3574 803 Cabades,
3601 740 3772 792 nocte

361 808 420 867 δὲ
472 808 537 864 ἐν
576 812 649 884 τῇ
724 805 967 886 φυλακῇΓ
1025 808 1362 878 καθέζεσθαι.
1424 810 1532 873 Καὶ.
1585 805 1989 880 οὕτω.Κα6ἀδη

2130 816 2307 885 facta,
2364 818 2535 873 uxori
2595 819 2916 887 persuadet
2970 825 3035 874 ut
3092 836 3293 877 secum
3337 827 3496 877 veste
3548 829 3777 881 mutet:

358 897 590 970 ἐξελθὼν
613 901 715 954 τοῦ
764 895 1157 972 δεσμωτηρίου,
1202 898 1295 955 καὶ
1346 895 1506 972 ’ίππῳ
1564 893 1756 962 ἐπιϐὰς
1810 898 1903 954 σὺν
1927 904 2012 973 τῷ

359 989 583 1063 Σεσώσῃ
643 988 805 1062 πρὸς.
836 988 1077 1053 Οὕννους
1151 986 1283 1051 τοὺς
1352 986 1696 1066 Νεφθαλίτας
1771 988 2015 1069 ἀφίκετο.

357 1074 525 1137 Ὁ-δὲ
571 1075 783 1133 τούτων
835 1074 1090 1153 βᾶσιλευς
1133 1078 1235 1147 τήν
1294 1077 1559 1153 θυγατέρα
1587 1077 1756 1133 αὐτοῦ
1797 1075 2018 1143 δίδωσιν

359 1168 435 1231 είς
490 1170 741 1242 γυναῖκα.
773 1164 948 1238 αύτῷ,
1006 1164 1098 1222 καὶ
1176 1165 1485 1241 στράτευμα
1542 1163 1671 1230 δοὺς
1725 1164 1870 1222 πολὺ
1930 1165 2017 1223 ἐπὶ

359 1257 565 1332 Πέρσας
618 1254 941 1330 ἐξέπεμψεν.
1004 1248 1295 1319 Εἰσὸαλὼν
1372 1252 1431 1311 δὲ
1504 1254 1582 1317 είς
1654 1253 1903 1329 Περσίδα,
1961 1253 2014 1311 ἐν

357 1342 537 1402 ούδινὶ
584 1345 767 1419 πόνῳι
790 1351 893 1414 τῆς
954 1341 1241 1419 βασιλείας
1294 1342 1580 1419 ἐκράτησε,
1608 1344 1699 1400 καὶ
1729 1345 1820 1400 τὸν
1854 1341 2019 1401 ἀδελ-

354 1435 454 1516 φὸν
519 1434 713 1490 αὐτοῦ.
743 1431 1098 1514 ἐκτυφλώσας
1157 1432 1235 1497 είς
1291 1432 1542 1515 φυλακὴν
1610 1429 1852 1492 ἐνέϐαλε.
1905 1434 2019 1504 Τὴν

357 1522 728 1601 sesamum
783 1520 1045 1603 ἀσφαλῶς
1103 1520 1421 1600 διεφύλαξεν
1474 1524 1563 1597 (ἦν
1609 1525 1714 1599 γὰρ
1744 1522 2012 1600 ἀγχίνους

355 1615 448 1671 καὶ
506 1611 1005 1691 δραστήριος),καί
1064 1613 1275 1688 ἐκράτει
1345 1614 1480 1688 μετὰ
1529 1617 1696 1669 ταῦτα
1752 1609 1846 1684 ἔτη
1917 1620 2012 1685 ια’,

355 1703 658 1765 καταλύσας
680 1702 809 1765 τοὺς
847 1701 1054 1776 νόμους
1085 1702 1284 1766 πάντας
1315 1702 1407 1765 οὕς
1438 1704 1775 1779 προεξέθετο.

422 1798 509 1866 [9;-
536 1795 663 1867 357]
694 1792 847 1851 Μετὰ
894 1793 995 1863 τήν
1054 1794 1303 1864 Ζήνωνος
1351 1792 1615 1863 τελευτὴν
1649 1794 1685 1862 ἡ
1722 1789 2013 1867 βασίλισσα

2130 905 2332 977 itaque
2363 922 2436 961 ea
2463 923 2570 963 suo
2602 906 2733 963 loco
2756 907 2983 974 relicta,
3013 925 3311 969 carcerem
3333 912 3474 981 exit,
3508 929 3809 986 equoque.

2129 1011 2454 1051 conscenso
2502 1011 2641 1053 cum
2704 996 2911 1059 Sesose
2979 997 3053 1053 ad
3104 998 3346 1055 Hunnos
3409 1001 3777 1072 Nephtalitas

2126 1084 2415 1155 pervenit.
2440 1084 2662 1141 Horum
2693 1102 2798 1141 rex
2824 1085 3120 1142 Cabadem
3151 1087 3264 1143 sibi
3289 1105 3576 1161 generum
3596 1090 3772 1163 'facit,

2126 1189 2460 1246 magnoque
2493 1173 2853 1231 instructum
2881 1177 3143 1232 exercitu
3173 1178 3235 1233 in
3266 1179 3533 1235 Persium
3566 1181 3770 1238 mittit.

2127 1262 2267 1319 Eam
2322 1263 2623 1337 ingressus
2681 1264 2945 1321 Cabades
3003 1266 3170 1325 nullo
3229 1267 3467 1340 negotio
3522 1286 3774 1342 regnum

2124 1358 2458 1425 recuperat,
2499 1353 2746 1413 fratrem
2781 1354 2970 1410 oculis
3026 1356 3211 1412 erutis
3232 1357 3651 1424 incarcerem
3677 1360 3777 1416 in-

2124 1440 2331 1508 cludit,
2362 1458 2432 1498 ac
2461 1443 2717 1514 posthac.
2734 1444 2887 1514 (erat
2905 1444 3065 1499 enim
3114 1450 3388 1525 prompto
3436 1447 3672 1520 ingenia
3706 1452 3766 1504 et

2124 1531 2424 1604 strenuus)
2456 1548 2707 1604 regnum
2753 1537 2879 1601 tuto
2929 1538 3121 1609 servat
3168 1550 3275 1606 per
3317 1551 3506 1615 annos
3538 1537 3626 1604 11,
3657 1537 3767 1594 ab—

2120 1620 2340 1692 rogatis
2370 1636 2519 1692 quas
2549 1626 2687 1678 ante
2721 1621 2939 1695 tulerat
2970 1621 3203 1696 legibus
3234 1623 3534 1682 omnibus.

2190 1805 2417 1859 Mortuo
2469 1806 2724 1875 Zenone,
2766 1807 3052 1879 Augusta,
3102 1813 3345 1866 senatus
3389 1814 3449 1865 et
3477 1812 3775 1870 exercitus

348 1880 440 1939 καὶ
470 1885 506 1954 ἡ
534 1881 846 1959 σύγκλητος
900 1882 988 1938 καὶ
1048 1883 1112 1938 τὸ
1168 1884 1476 1958 στράτευμα
1533 1882 1883 1940 Ἀναστάσιον
1914 1882 1993 1937 τὸι

2121 1893 2434 1949 Anastasio
2493 1893 2825 1951 Silentiario
2865 1896 3185 1969 imperium
3225 1898 3522 1957 deferunt.
3555 1901 3689 1965 Fuit
3717 1903 3781 1967 is,

354 1972 741 2047 Σιλεντιάριον-
783 1971 1168 2049 ἀναγορεύουσι
1222 1970 1474 2048 βασιλέα,
1524 1977 1624 2041 τῆς
1651 1976 1760 2027 τῶν
1791 1971 1993 2048 Ἀκεφά

2120 1981 2182 2037 in
2213 1983 2428 2038 haaresi
2460 1983 2899 2055 Acephalorum
2930 1986 3051 2041 sive
3082 1986 3596 2060 Synchyticarum,
3628 2007 3772 2062 pro-

350 2063 470 2121 λῶν
495 2065 624 2135 ἢτοι
657 2068 1013 2140 Συγχυτικῶν
1071 2063 1201 2119 ὄντα
1256 2063 1534 2139 αἱρέσεως.
1582 2064 1687 2121 Ἦν
1716 2060 1774 2119 δὲ
1796 2067 1875 2136 τῷ
1906 2064 2010 2119 σώ-

354 2177 481 2231 ματι
517 2157 805 2230 μήκιστος,
855 2155 984 2217 τοὺς
1017 2152 1337 2234 ὀφθαλμοὺς
1392 2152 1541 2230 ἔχων
1596 2153 1883 2229 χαροποὺς
1916 2154 2007 2210 καὶ

346 2243 621 2322 γλαυκοὺς
701 2242 962 2321 μετρίως,
1037 2241 1318 2322 φαλακρὸς
1382 2244 1564 2320 ἠρέμα
1630 2243 1721 2299 καὶ
1785 2242 2004 2308 πολιός.

348 2340 505 2412 ’Ἂγει
533 2333 776 2391 δέιαύτὸν
830 2331 939 2390 ἐπὶ·
973 2335 1074 2405 τὴν
1136 2334 1446 2410 μοναρχίαν
1497 2328 1792 2410 Οὐρϐίκιος
1824 2332 2006 2389 εὐνοῦ-

349 2444 480 2502 χος,
511 2424 636 2481 τότε
679 2424 941 2501 μεγίστην
997 2422 1143 2495 παρά
1168 2429 1270 2493 τῆς
1307 2420 1586 2499 βασιλείας
1642 2420 1790 2501 ἔχων
1847 2421 2006 2478 δύνα-

350 2536 468 2589 μιν.
505 2511 871 2582 Μετάιδὶ-τήν
920 2510 1276 2588 ἀγαγόρευσιν
1331 2513 1637 2567 ἀπαιτεῖται
1695 2509 2002 2589 ὁμολογίαν

342 2604 491 2680 παρὰ
548 2602 851 2678 Εὐθυμίουκ
890 2604 1023 2676 (93)
1057 2605 1156 2657 τοῦ
1211 2600 1560 2681 πατριάρχου
1609 2601 1747 2676 πρὸς
1800 2601 1864 2657 τὸ
1922 2603 1998 2674 μὴ

344 2693 606 2751 σαλεῦσαί
657 2714 712 2749 τι
768 2699 871 2762 τῆς
930 2690 1260 2764 Ἐκκλήσίας
1313 2692 1405 2747 καὶ
1459 2699 1577 2762 τῆς.
1616 2691 1874 2762 πίστεως,
1915 2692 2004 2749 ἀν-

342 2788 493 2859 άξιον
520 2786 680 2842 αὐτὸν
712 2782 1010 2841 ἀποκαλῶν
1036 2786 1137 2853 τῆς
1168 2787 1278 2839 τῶν
1325 2785 1660 2859 Χριστιανῶν
1695 2783 1997 2858 βασιλείας.

342 2876 687 2950 Βιαζομένης
744 2872 803 2930 δὲ
857 2874 1019 2930 αὐτὸν
1075 2870 1369 2948 Ἀριάδνης
1420 2872 1512 2931 καὶ
1558 2880 1660 2943 τῆς
1688 2873 2001 2950 συγκλήτου

341 2966 561 3024 δίδωσιν
620 2966 784 3022 αὐτοῦ
836 2967 901 3021 τὸ
959 2962 1262 3043 ίδιόχειρον
1305 2968 1388 3037 τῷ
1422 2964 1768 3040 πατριάρχῃ,
1799 2969 1997 3040 κυροῦν

336 3059 406 3115 τὰ
434 3061 533 3123 τῆς
564 3055 618 3112 ἒν
650 3052 966 3127 Χαλκηδόνι
1025 3052 1256 3109 συνόδου
1314 3054 1447 3130 ὑπὲρ
1494 3060 1597 3123 τῆς
1645 3053 1882 3117 πίστεως
1913 3052 2003 3110 δό-

338 3168 546 3225 γματα,
607 3146 698 3201 καὶ
768 3145 913 3201 οὓτω
988 3144 1232 3222 πεφθεῖς
1295 3140 1578 3219 Ἀριάδνην
1655 3141 1844 3218 ἄγεται
1920 3142 1998 3206 είς

2119 2073 2430 2129 cerissimo
2462 2090 2730 2147 corpore,
2765 2075 2955 2131 oculis
2989 2077 3255 2133 trucibus
3286 2094 3355 2135 ac
3385 2078 3773 2137 mediocriter

2118 2164 2331 2233 caasiis,
2383 2164 2671 2221 calvaster
2718 2181 2787 2221 ac
2830 2166 2984 2222 826
3029 2184 3232 2224 canus.
3297 2169 3387 2225 Ad
3443 2169 3766 2243 imperium

2117 2270 2254 2310 eum
2282 2255 2574 2327 promovit
2603 2254 2878 2311 Urbicius
2905 2257 3238 2325 eunuchus,
3273 2258 3373 2330 qui
3424 2262 3552 2315 tum
3600 2260 3762 2332 apud

2114 2343 2555 2416 imperatricem
2589 2344 2913 2417 plurimum
2945 2350 3197 2417 poterat.
3229 2347 3374 2402 Cum
3419 2347 3763 2422 designatus

2115 2437 2288 2499 esset,
2333 2433 2681 2505 Euthymius
2709 2434 3050 2506 patriarcha
3077 2434 3152 2490 ab
3171 2452 3241 2491 eo
3281 2436 3476 2510 exegit
3503 2442 3588 2506 ut,
3621 2454 3763 2495 cau-

2110 2522 2271 2578 tione
2290 2522 2445 2586 data,
2465 2522 2791 2579 afﬁrmaret
2805 2540 2867 2579 se
2889 2524 3040 2593 nihil
3054 2524 3115 2579 in
3129 2524 3309 2581 rebus
3337 2526 3762 2583 ecclesiasticis

2113 2619 2171 2669 et
2201 2612 2317 2669 ﬁde
2348 2612 2865 2669 labefactaturum.
2897 2613 3209 2686 indignum
3241 2631 3375 2672 eum
3428 2615 3633 2671 dicens
3660 2616 3762 2688 qui

2111 2700 2461 2757 Christianis
2492 2700 2838 2772 imperaret.
2870 2701 3223 2773 Compulsus
3252 2701 3493 2757 tandem
3525 2701 3600 2757 ab
3630 2703 3767 2758 Ari-

2110 2789 2267 2847 adna
2297 2794 2357 2845 et
2386 2794 2599 2847 senatu
2627 2806 2737 2846 sua
2764 2806 2947 2846 manu
2977 2791 3260 2863 scriptam
3276 2791 3556 2847 schedam
3578 2791 3766 2863 patri-

2112 2882 2304 2937 archa:
2336 2880 2538 2948 tradit,
2590 2897 2709 2952 qua
2763 2881 3080 2952 profitetur
3137 2897 3199 2937 se
3248 2881 3755 2939 Chalcedonensis

2109 2970 2347 3026 concilii
2383 2970 2457 3026 de
2501 2970 2618 3027 ﬁde
2668 2970 2908 3026 decreta
2935 2976 3064 3026 rata
3105 2971 3346 3028 habere.
3399 2972 3486 3028 Ita
3517 2971 3760 3028 demum

2110 3064 2429 3116 coronatus
2454 3059 2776 3116 Ariadnam
2808 3076 3054 3115 uxorem
3087 3059 3272 3131 ducit,
3304 3076 3440 3116 cum
3468 3060 3758 3119 hactenus

2107 3150 2351 3206 vixisset
2397 3149 2632 3205 caalebs.
2684 3149 2999 3221 Imperavit
3043 3165 3234 3206 annos
3290 3153 3380 3220 27,
3436 3166 3675 3205 menses
3698 3152 3756 3207 4.

341 3238 546 3314 γάμον,
605 3232 760 3293 οὔπω
816 3235 1081 3310 πρότερον
1135 3236 1352 3308 γαμετῇ
1412 3234 1758 3303 συνοικήσας.
1810 3232 1993 3309 Ἐκρά-

505 3323 551 3347 δὶ
591 3324 615 3347 8
718 3325 795 3347 ην,
968 3344 1023 3347 μ.-
1078 3320 1117 3347 ΩΙ
1198 3323 1319 3347 ἐἳ-8
1363 3320 1554 3347 ---ί-Α--
1588 3325 1875 3347 KT._.---.“!-_
1902 3323 1991 3347 --μὶ

2109 3238 2225 3295 Sub
2258 3238 2387 3310 ejus
2417 3238 2668 3309 imperio
2682 3238 3013 3294 Manichaeis
3042 3243 3102 3294 et
3126 3238 3595 3295 Arianisanimis
3625 3255 3754 3294 cre-

2108 3332 2313 3347 Ἦμωι
2362 3328 2694 3347 ..__._.___._
2884 3327 2906 3347 ,
3590 3328 3707 3347 θη-

336 3347 471 3397 τησε
501 3323 560 3381 δὲ
590 3324 683 3396 ἔτη
714 3325 795 3395 κζ’
849 3330 1023 3399 μῆνας
1075 3320 1138 3381 δ’.
1198 3323 1321 3380 Ἐπὶ
1360 3320 1558 3377 τούτου
1588 3325 1879 3398 Νανιχαῖοι
1902 3323 1993 3378 καὶ

2108 3332 2336 3397 verunt,
2362 3328 2719 3398 Manichaais,
2752 3327 2912 3400 quod
2940 3333 3133 3384 mater
3177 3328 3556 3400 imperatoris
3588 3328 3755 3400 ipso-

334 3415 614 3493 Ἀρειανοὶ
645 3412 892 3491 ἔχαιρον,
925 3414 1228 3489 Μανιχαῖοι
1282 3413 1377 3487 μὲν
1428 3412 1504 3476 ὡς
1535 3412 1745 3486 μητρὸς
1768 3416 1867 3467 τοῦ
1901 3414 1992 3487 βα-

338 3503 536 3568 σιλέως
603 3502 908 3580 ξηλωτρίας
977 3498 1145 3572 οὔσης
1209 3501 1299 3557 καὶ
1376 3499 1719 3580 προσφιλοῦς
1781 3500 1988 3572 αὐτοῖς,

333 3594 606 3667 ’Ᾱρειανοὶ
637 3590 694 3649 δὲ
724 3594 799 3657 ὡς
858 3588 1148 3667 Κλὲαρχον
1205 3591 1298 3646 τὸν
1358 3595 1502 3655 θεῖον
1532 3589 1720 3660 αὐτοῦ,
1750 3587 1988 3672 ἀδελφὸν

334 3690 433 3755 τῆς
462 3683 803 3763 κακόφρονος
833 3682 1042 3758 μητρὸς
1074 3680 1264 3747 αὐτοῦ,
1297 3677 1566 3754 ὁμόδοξον
1596 3674 1841 3755 ἔχοντες.

404 3772 616 3831 Τούτου
673 3776 755 3846 τῷ
807 3772 1014 3848 πρώτῳ
1070 3764 1177 3825 ἔτει
1238 3767 1513 3841 Εὖθύμιος
1567 3768 1597 3824 δ
1657 3771 1986 3826 Κωνσταντι-

333 3860 670 3930 νουπόλεως,
739 3860 1056 3937 συναγαγὼν
1126 3856 1257 3920 τοὺς
1346 3854 1715 3930 ἐνδημοῦντας
1774 3856 1988 3914 ἐπισκό-

331 3973 490 4026 πους,
546 3953 646 4022 τὴν
705 3950 756 4006 ἐν
820 3945 1133 4019 Χαλκηδόνι
1200 3947 1359 4024 ἁγίαν
1430 3944 1656 4001 σύνοδον
1720 3945 1982 4022 ἐκύρωσε.

330 4040 540 4101 Τούτου
598 4044 697 4097 τοῦ
758 4037 1111 4096 Ἀναστασίου
1174 4038 1238 4092 τὸ
1300 4044 1402 4107 τῆς
1474 4034 1756 4111 βασιλείας
1786 4040 1983 4117 σχῆμα

330 4126 596 4196 λαϐόντος
651 4130 706 4186 ἐν
762 4133 842 4201 τῷ
896 4132 994 4184 τοῦ
1044 4122 1401 4202 ἱπποδρόμου
1454 4126 1748 4198 καθίσματι
1788 4121 1979 4190 ἅπαςὸ

327 4217 506 4295 δῆμος
571 4220 649 4284 ὡς
713 4217 764 4292 ἐξ
832 4215 945 4280 ἑνὸς
1014 4217 1286 4289 στόματος
1354 4209 1667 4279 εύθυϐόλως
1728 4208 1976 4285 ἐϐόησεν*

323 4315 414 4374 Ὠς
475 4304 698 4382 ἔζησας.
764 4308 909 4365 οὕτω
969 4308 1059 4363 καὶ
1142 4305 1493 4382 βασίλευσον,
1546 4301 1800 4362 δέσποτα.
1861 4306 1978 4381 Πρὸ

322 4397 479 4475 ᾠδῶν
510 4400 614 4478 γὰρ
671 4397 1048 4474 ἀλεκτρυόνων
1109 4396 1185 4460 εἰς
1244 4394 1540 4467 ἐκκλησίαν
1582 4398 1785 4470 φοιτῶν
1841 4393 1977 4471 ἄχρι

317 4497 419 4560 τῆς
446 4488 769 4552 ἀπολύσεως
799 4487 987 4543 ἵστατο
1019 4484 1399 4559 ὲξιλεούμενος
1437 4483 1499 4540 τὸ
1530 4484 1974 4556 θεῖον,νηστεύων

318 4576 507 4635 πολλᾶ
543 4579 637 4634 καὶ
691 4577 760 4632 τὰ
797 4576 1073 4652 προσόντα
1126 4572 1277 4647 αὐτῷ
1324 4575 1518 4645 πὲνησι
1572 4573 1664 4630 καὶ
1720 4578 1972 4649 πτωχοῖς

2108 3435 2238 3474 rum
2269 3422 2445 3474 sectas
2494 3417 2761 3474 studeret
2805 3422 2983 3489 atque
3036 3417 3228 3473 amica
3274 3423 3451 3487 esset,
3482 3417 3741 3489 Arianis,

2105 3507 2265 3580 quod
2325 3508 2644 3565 Clearchus
2691 3507 3069 3580 imperatoris
3146 3507 3473 3564 avunculus
3538 3523 3745 3566 secum

2103 3596 2372 3653 sentiret.

2100 3770 2298 3827 Primo
2344 3769 2475 3843 ejus
2530 3785 2688 3825 anno
2737 3769 3090 3841 Euthymius
3149 3767 3347 3842 Cpolis
3406 3768 3750 3842 episcopus,

2099 3859 2363 3916 collectis
2384 3860 2627 3931 quitum
2658 3859 2720 3914 in
2744 3859 2889 3915 urbe
2907 3858 3205 3932 degebant
3231 3858 3548 3931 episcopis,
3575 3876 3750 3931 syno-

2099 3947 2240 4003 dum
2254 3947 2801 4004 Chalcedonensem
2815 3948 3358 4003 conﬁrmavit.Cum
3374 3947 3689 4015 Anastasiu
3700 3965 3749 4018 s,

2093 4039 2479 4112 imperatorio
2503 4039 2709 4096 habitu
2732 4045 2992 4111 sumpto,
3023 4040 3086 4094 in
3117 4041 3275 4095 circo
3315 4038 3570 4108 sederet,
3605 4039 3750 4094 uni-

2092 4147 2295 4186 versus
2326 4130 2582 4202 populus
2613 4129 2793 4185 veluti
2824 4146 2944 4184 uno
2973 4145 3076 4183 ore
3103 4128 3327 4185 directe
3359 4127 3740 4185 inclamavit:

2093 4220 2257 4276 Sicut
2276 4219 2494 4287 vixisti,
2554 4219 2638 4276 ita
2685 4219 2866 4275 etiam
2905 4218 3154 4290 impera,
3213 4217 3474 4275 domine.
3508 4217 3736 4289 Quippe

2090 4317 2226 4367 ante
2253 4309 2394 4384 galli
2426 4313 2671 4366 cantum
2694 4309 2986 4381 templum
3017 4307 3182 4363 adire
3232 4305 3485 4373 solebat,
3536 4305 3741 4376 ibique

2088 4400 2233 4456 dum
2264 4398 2470 4455 concio
2520 4396 2943 4463 dimitteretur,
2988 4394 3220 4453 astabat
3253 4396 3441 4450 Deum
3469 4393 3736 4467 placans.

2086 4491 2453 4561 Frequenter
2475 4487 2810 4560 jejunabat,
2843 4490 2902 4541 et
2931 4501 3040 4541 sua
3081 4483 3445 4557 pauperibus
3476 4488 3535 4539 et
3564 4499 3739 4538 men-

2089 4580 2239 4635 dicis
2280 4578 2579 4650 erogabat.
2634 4576 2797 4631 Idem
2834 4574 3131 4631 delatores
3178 4573 3447 4630 funditus
3478 4587 3553 4629 ex
3592 4572 3742 4629 urbe

320 4665 622 4730 διαδιδούς.
679 4667 861 4729 Οὗτος
933 4665 1062 4726 τοὺς
1119 4661 1429 4739 δηλάτορας
1484 4662 1545 4718 ἐκ
1591 4669 1692 4732 τῆς
1757 4662 1976 4725 πόλεως

2108 4667 2839 4739 :xcidit.!}Abolevitetiam
2873 4664 3161 4720 tributum
3195 4664 3356 4737 quod
3385 4664 3743 4738 Chrysargy‘

315 4755 545 4819 τελείως
578 4754 845 4830 ἐξέκοψεν.
879 4757 1090 4832 Ἀφῆκε
1134 4750 1194 4808 δὶ
1238 4752 1328 4807 καὶ
1379 4752 1443 4807 τὸ
1489 4749 1650 4815 τέλος
1677 4756 1776 4807 τοῦ
1807 4752 1977 4828 λεγο-

319 4847 484 4924 μένου
534 4845 948 4924 χρυσαργύρου.
998 4850 1059 4904 Ὁ
1117 4840 1176 4900 δὲ
1224 4842 1605 4923 χρυσάργυρος
1633 4842 1883 4898 τοιοῦτόν
1923 4864 1978 4899 τι

312 4942 544 5017 πρᾶγμα
617 4939 707 5008 ἧνο
774 4940 881 4999 πᾶς
956 4935 1256 5008 πενόμενος
1338 4932 1431 4987 καὶ
1510 4937 1822 5007 προσαιτῶν
1885 4932 1976 4988 καὶ

314 5031 457 5083 πᾶσα
514 5026 689 5103 πόρνη
746 5028 839 5081 καὶ
896 5021 1289 5097 ἀπολελυμένη
1346 5021 1440 5079 καὶ
1493 5027 1598 5086 πᾶς
1655 5017 1855 5083 δοῦλος
1884 5022 1976 5077 καὶ

312 5114 678 5191 ἀπελεύτερος
735 5112 1093 5194 συνεισφορᾶν
1151 5110 1437 5168 ἐποιοῦντο
1494 5112 1684 5180 κοινήν
1738 5112 1876 5185 πρὸς
1912 5111 1974 5166 τὸ

313 5201 585 5279 δημόσιον
647 5205 778 5281 ὑπὲρ
840 5203 1006 5280 οὔρου
1062 5202 1153 5259 καὶ
1218 5201 1450 5277 κοπρίας
1506 5205 1721 5272 κτηνῶν
1775 5221 1835 5257 τε
1881 5202 1974 5257 καὶ

311 5300 480 5349 κυνῶν
506 5300 615 5351 τῶν
675 5294 727 5350 ἰν
788 5295 981 5371 ἀγροῖς
1034 5291 1125 5348 καὶ
1185 5288 1377 5347 πόλεσι
1439 5285 1848 5366 διατριϐόντων·
1881 5292 1969 5347 καὶ

312 5384 338 5440 ὁ
409 5385 506 5460 μὶν
573 5384 861 5463 ἅνθρωπος
927 5384 1176 5460 νόμισμα
1250 5383 1520 5460 ἀργυροῦν
1588 5382 1970 5459 συνεισέφεριν,

2086 4772 2221 4812 rum
2249 4754 2578 4824 dicebatur,
2602 4753 2773 4827 quasi
2803 4753 2953 4809 627
3001 4758 3421 4827 aurargentum
3457 4751 3642 4810 dicas.
3676 4752 3744 4810 Id

2087 4846 2206 4903 tale
2262 4845 2396 4900 fuit.
2477 4844 2677 4910 Quivis
2738 4842 3073 4912 mendicus,
3145 4842 3368 4916 quasvis
3434 4841 3740 4910 meretrix,

2087 4935 2309 5007 quaevis
2338 4932 2672 5005 repudiata,
2707 4931 2899 5004 quivis
2942 4948 3170 4996 servus,
3231 4931 3425 5003 quivis
3463 4931 3738 5001 libertus,

2087 5024 2296 5081 aerario
2328 5021 2555 5094 aliquid
2585 5021 2950 5095 pendebant,
2980 5026 3160 5092 atque
3212 5021 3392 5076 etiam
3432 5018 3506 5074 de
3547 5019 3736 5086 mulo,

2086 5115 2159 5171 de
2188 5114 2350 5176 ﬁmo,
2385 5113 2457 5168 de
2479 5111 2773 5184 jumentis
2827 5116 2885 5166 et
2931 5110 3181 5166 canibus
3236 5109 3298 5164 in
3331 5107 3477 5164 urbe
3509 5111 3568 5162 et
3596 5122 3736 5162 rure

2085 5203 2458 5277 degentibus.
2511 5202 2720 5267 Homo,
2770 5201 2890 5257 sive
2940 5216 3069 5255 mas
3117 5203 3277 5255 esset
3322 5197 3441 5252 sive
3488 5194 3734 5266 femina,

2084 5309 2397 5350 nummum
2418 5295 2765 5364 argenteum
2778 5289 3073 5362 pendebat
3097 5304 3111 5342 :
3128 5285 3499 5342 tantumdem
3517 5301 3732 5356 equus,

2083 5385 2190 5440 bos
2222 5389 2282 5440 et
2309 5382 2547 5450 mulus;
2581 5382 2784 5438 asinus
2831 5385 3030 5436 autem
3060 5381 3119 5434 et
3165 5377 3331 5435 canis
3361 5376 3570 5432 obolos
3601 5390 3733 5446 sex,

1520 5483 1885 5539 XYLANDRI
1923 5486 2013 5540 ET
2049 5483 2264 5540 GOARI
2304 5483 2526 5539 ΝΟΤιΕ.

376 5584 492 5656 (93)
515 5586 597 5641 Ex
618 5600 739 5655 quo
766 5582 1145 5656 postmodum
1170 5582 1562 5653 imperatores
1592 5586 1648 5636 et
1668 5581 1971 5656 principes

306 5660 371 5711 ut
390 5655 566 5711 ﬁdem
584 5653 894 5726 publicent
913 5661 972 5711 et
992 5656 1210 5727 scripto
1233 5659 1710 5727 sacramentoque
1731 5653 1976 5727 ﬁrment

307 5727 369 5783 in
430 5725 865 5784 consuetudine
919 5725 1269 5803 posuerunt.
1329 5725 1555 5798 Scripto
1614 5741 1753 5782 vero
1794 5725 1973 5782 ﬁdem

590 5847 840 5900 Panos.
880 5840 986 5900 Gn.
1026 5840 1227 5901 CXXI.

2124 5582 2386 5639 rofessus
2418 5586 2506 5637 est
2534 5582 2709 5643 Zeno,
2752 5594 2885 5634 cum
2936 5576 3217 5648 deinceps
3272 5575 3582 5648 repetierit
3610 5576 3674 5630 et
3701 5591 3738 5628 v

2107 5658 2237 5711 'acta
2261 5654 2576 5728 receperit,
2608 5670 2645 5725 p
2676 5653 2801 5707 358.
2838 5648 2979 5706 Vide
3009 5666 3065 5722 p.
3098 5649 3224 5704 4-03.
3258 5648 3437 5704 Gesn.

3373 5833 3449 5890 22
