4144 6444
340 424 460 487 683

1709 418 2025 484 GEORGII
2069 421 2411 484 CEDRENI

3641 423 3763 485 684

341 563 399 614 et
429 562 557 615 erat
587 575 722 614 cum
753 558 816 614 in
847 558 1002 631 agris
1033 558 1235 613 tumin
1268 555 1411 612 urbe
1426 571 1676 628 magnus
1709 554 1966 627 ejulatus

2104 553 2314 627 ὁμοίως
2344 556 2435 610 καὶ
2464 556 2499 626 ἠ
2531 576 2691 631 γυνη,
2736 556 2907 618 ἳππος
2964 551 3023 610 δὲ
3075 554 3165 610 καὶ
3220 555 3458 627 ἡμίονος
3497 553 3590 609 καὶ
3627 553 3759 631 βοῦς

342 665 478 705 cum
496 648 555 703 id
569 648 858 703 tributum
872 647 1093 718 absque
1105 645 1387 717 ιιΙΙειξιηὶεο
1396 646 1541 700 ratio
1552 662 1621 700 ne
1636 645 1988 717 exigeretur.

341 738 549 809 Itaque
580 738 919 809 imperator,
949 753 1083 791 cum
1139 752 1208 790 ea
1266 735 1336 789 de
1382 751 1444 790 re
1490 734 1716 807 legatos
1748 733 1821 788 ad
1853 749 1989 788 eum

342 826 680 882 mississent
708 824 983 880 monachi
1016 822 1990 895 Hierosolymitani,etTimotheus

346 918 584 972 Gazaeus
635 915 723 968 vir
772 913 1248 985 sapientissimus
1293 912 1636 985 lragmdiam
1695 928 1765 967 ea
1811 911 1883 966 de
1924 927 1990 965 re

343 1006 633 1075 ﬁnxisset,
667 1004 886 1059 excidit
916 1004 1049 1060 ista.
1090 1005 1283 1075 Atque
1305 1021 1374 1059 eo
1407 1020 1549 1059 sane
1572 1002 1991 1075 temporeillu-

343 1101 525 1151 strem
578 1109 747 1149 suam
804 1093 947 1148 fecit
992 1093 1439 1160 liberalitatem,
1499 1092 1658 1164 quod
1700 1092 1988 1147 tributum

342 1184 493 1239 illud
533 1181 984 1254 quadriennale,
1042 1182 1199 1252 quod
1242 1198 1458 1254 magna
1522 1198 1658 1238 cum
1717 1182 1989 1237 omnium

338 1273 604 1346 pernicie
635 1273 939 1344 ingentem
974 1270 1338 1326 talentorum
1378 1270 1727 1327 corradebat
1768 1287 1986 1325 nume-

336 1378 493 1428 rum,
526 1366 584 1416 et
600 1360 1067 1432 Chrysargyrum
1085 1360 1517 1431 appellabatur,
1536 1359 1795 1425 sustulit,
1826 1359 1990 1414 tabu-

335 1450 547 1521 lasque
579 1449 709 1521 ejus
740 1448 948 1504 tributi
1001 1448 1469 1520 descriptionem
1517 1449 1892 1504 continentes
1923 1448 1986 1503 in

335 1536 494 1596 circo
518 1555 727 1595 omnes
758 1555 959 1594 coram
1010 1543 1131 1595 toto
1187 1538 1405 1611 populo
1455 1538 1871 1594 concremavit.
1904 1539 1987 1593 Ac

331 1645 467 1684 rem
525 1627 829 1699 publicam
879 1628 1122 1698 quidem
1181 1628 1283 1682 ille
1330 1632 1498 1683 tanta
1543 1626 1988 1700 magnificentia

332 1717 707 1774 emendabat.
743 1717 855 1773 Sed
885 1718 947 1772 in
982 1717 1160 1773 rebus
1191 1717 1609 1773 ecclesiasticis
1641 1717 1801 1773 idem
1824 1733 1988 1788 aspe-

329 1827 465 1865 rum
492 1827 554 1865 se
584 1816 762 1881 atque
783 1809 1251 1865 inverecundum
1275 1809 1529 1881 praebuit
1552 1810 1802 1882 :quippe
1824 1825 1983 1864 anno

2098 643 2160 697 τὸ
2190 644 2324 699 αὐτὸ
2357 644 2747 725 συνεισέφερον,
2779 641 2908 707 ὄνος
2958 642 3015 700 δὲ
3062 645 3150 700 καὶ
3201 644 3346 699 κύων
3380 643 3611 720 φολλεις
3641 647 3755 717 (96)

2097 729 2170 802 ἓξ.
2234 734 2335 789 Καὶ
2393 736 2458 803 ἦν
2519 733 2760 809 ὀδυρμὸς
2817 732 2995 796 πολὺς
3026 731 3078 789 ἕν
3128 754 3187 789 τε
3228 734 3391 808 χώρᾳ
3444 734 3537 788 καὶ
3590 733 3753 788 πόλει

2096 823 2305 878 τούτων
2367 824 2839 899 εἰσπραττομένων
2905 824 3259 897 ἀσυμπαθῶς.
3318 817 3579 898 Πρὲσϐεις
3634 823 3755 877 τοί-

2098 934 2190 967 νυν
2238 911 2526 987 δεξάμενος
2585 916 2615 970 ὁ
2677 914 2932 991 βασιλεὺς
3016 914 3120 969 ὑπὸ
3177 918 3286 968 τῶν
3343 912 3397 968 ἐν
3455 909 3758 987 Ἱεροσολύ-

2104 1023 2229 1076 μοις
2265 1008 2549 1078 μοναχῶν,
2600 1006 2690 1060 καὶ
2740 1003 3014 1078 Τιμοθέου
3063 1006 3161 1058 τοῦ
3197 1004 3429 1073 Δαζαίου
3459 998 3657 1076 ἀνδρὸς
3689 1001 3757 1057 τὰ

2098 1093 2269 1148 πάντα
2299 1099 2470 1172 σοφοῦ
2526 1092 2830 1171 τραγῳδίαν
2886 1097 3215 1164 ποιήσαντος
3276 1093 3407 1166 ὑπὲρ
3441 1096 3537 1148 τοῦ
3569 1091 3759 1147 τοιού-

2096 1202 2217 1251 του,
2255 1188 2426 1239 ταῦτα
2482 1183 2717 1259 ἐξέκοψε.
2780 1184 2924 1239 Κατὰ
2973 1182 3029 1239 δὲ
3084 1184 3175 1238 τὸν
3233 1182 3393 1238 αὐτὸν
3424 1181 3622 1260 χρόνον
3663 1179 3760 1235 καὶ

2098 1268 2465 1347 περίϐλεπτον
2522 1272 2842 1352 φιλοτιμίαν
2898 1276 3000 1338 τῆς
3048 1270 3466 1328 πολυταλάντου
3497 1268 3586 1326 καί
3617 1291 3757 1327 παν-ι

2101 1362 2251 1418 ὠλου
2282 1359 2540 1441 εἷ’σφορᾶς
2575 1367 2674 1418 τοῦ
2729 1360 3076 1436 καλουμένου
3128 1364 3551 1436 τετραετηρικοῦ
3581 1379 3759 1436 χρυσ-

2102 1452 2343 1530 αργύρου
2425 1451 2716 1509 κατέλυσεν
2782 1454 2811 1508 ὁ
2881 1450 3161 1529 βασιλεὺς,
3231 1453 3382 1524 [358]
3456 1450 3546 1505 καὶ
3621 1449 3759 1524 πυρὶ

2098 1541 2150 1598 ἔν
2212 1540 2293 1615 τῷ
2350 1541 2683 1618 ἱπποδρόμῳ
2746 1540 2983 1598 ἐναντίον
3040 1544 3254 1597 πάντων
3331 1539 3622 1596 νατὲκαυσε
3687 1540 3758 1596 τὰ

2095 1637 2199 1699 τῆς
2226 1630 2446 1687 τοιᾶσδε
2493 1631 2802 1693 συντελεῖας
2854 1632 3189 1708 κατάγραφα.
3247 1629 3353 1687 Καὶ
3410 1631 3478 1685 τὰ
3519 1629 3615 1702 μὲν
3645 1646 3754 1684 πο-

2099 1718 2284 1776 λιτικὰ
2314 1721 2626 1798 φιλοτίμως
2684 1720 2855 1784 οὕτως
2913 1720 3319 1796 ἐπηνωρθοῦτο,
3357 1720 3433 1781 εἷς
3481 1715 3542 1774 δὶ
3580 1718 3648 1775 τὰ
3679 1717 3758 1783 είς

2094 1810 2196 1878 τὴν
2226 1814 2323 1866 τοῦ
2373 1810 2518 1875 θείου
2578 1808 2733 1881 δόξαν
2796 1810 3132 1866 συντείνοντα
3187 1807 3386 1885 δριμὺς
3418 1807 3509 1863 καὶ
3541 1806 3757 1863 ἀδυσώ-

332 1899 572 1971 imperii
632 1899 723 1954 sui
776 1898 1036 1954 secundo
1093 1899 1148 1953 vi
1202 1914 1372 1954 suam
1427 1898 1851 1972 obligationem
1912 1897 1975 1953 ab

2096 1919 2272 1969 πητος
2336 1900 2543 1976 γέγονε·
2603 1904 2683 1973 τῷ
2738 1901 2840 1975 γὰρ
2910 1896 3143 1975 δευτὲρῳ
3209 1893 3317 1953 ἔτει
3384 1896 3557 1991 αυτοῦ
3623 1898 3758 1969 μετὰ

330 1989 650 2062 Euthymio
678 1989 938 2061 repetiit.

402 2079 618 2144 Quinto
649 2095 808 2134 anno
840 2084 1129 2151 tyrannos
1150 2095 1330 2151 opera
1357 2081 1602 2135 Joannis
1632 2081 1861 2138 Scethis
1883 2083 1982 2137 do-

328 2168 501 2224 muit.
534 2168 850 2239 Euthymio
878 2184 1115 2238 quoque
1166 2168 1468 2240 episcopo,
1501 2170 1613 2225 sibi
1664 2170 1978 2244 religionis

325 2271 508 2312 causa
535 2256 801 2320 adverso,
833 2256 960 2311 haec
991 2255 1286 2311 nuntiavit
1308 2274 1321 2311 :
1347 2259 1566 2330 Magnas
1597 2264 1713 2313 tum
1773 2277 1983 2331 preca-

326 2344 491 2400 tione
514 2343 739 2399 amicos
764 2348 896 2399 tuos
911 2344 1159 2416 fuligine
1172 2352 1659 2417 consperserunt.
1691 2348 1979 2403 Eumdem

333 2433 682 2505 episcopatu
708 2431 862 2488 628
894 2432 1193 2505 dejectum
1246 2435 1551 2507 relegavit,
1613 2436 1977 2508 episcopatui

328 2520 740 2577 Macedonium
774 2521 1057 2593 praefecit.
1088 2523 1275 2578 Hicin
1314 2524 1566 2596 gratiam
1600 2525 1979 2596 imperatoris

337 2611 690 2667 Henoticum
720 2613 973 2667 Zenonis
1005 2612 1444 2684 subscriptione
1475 2629 1583 2669 sua
1611 2615 1978 2686 approbavit.

393 2795 568 2849 Anno
591 2793 623 2846 8
653 2790 1030 2847 Macedonius
1051 2791 1123 2846 de
1146 2791 1445 2847 sententia
1473 2793 1770 2848 Anastasii
1801 2794 1976 2851 unire

324 2885 574 2936 conatus
624 2885 713 2935 est
767 2880 1133 2935 monasteria
1187 2880 1363 2952 regiae
1414 2880 1604 2949 urbis,
1645 2880 1874 2937 divulsa
1903 2882 1976 2937 ab

328 2970 816 3041 unioneprOpter
833 2971 1184 3025 Henoticum
1216 2971 1509 3036 Zenonis;
1541 2975 1600 3025 et
1624 2971 1844 3027 coactis
1876 2974 1975 3043 qui

323 3060 390 3116 in
435 3058 582 3114 urbe
622 3064 748 3114 tum
797 3059 1334 3131 peregrinabantur
1391 3060 1702 3131 episcopis,
1731 3061 1978 3116 Chalce-

329 3148 619 3203 donensis
651 3147 889 3203 concilli
924 3147 1162 3204 decreta
1210 3148 1430 3219 scripto
1479 3154 1606 3203 rata
1645 3165 1708 3204 se
1756 3149 1975 3206 habere

2098 1985 2222 2061 βίας
2253 1988 2350 2056 τὴν
2380 1987 2684 2066 ὁμολογίαν
2713 1987 2880 2043 αὐτοῦ
2919 1987 3065 2062 παρὰ
3104 1984 3382 2059 Εὐθυμίου
3421 1980 3604 2041 ἔλαϐε.

2166 2078 2262 2149 Τῷ
2292 2078 2328 2130 ε’
2360 2074 2466 2132 ἔτει
2516 2077 2644 2139 τοὺς
2683 2077 2976 2150 τυράννους
3035 2074 3124 2131 διὰ
3179 2075 3428 2131 Ἰωάννου
3475 2078 3572 2130 τοῦ
3607 2076 3753 2147 Σκή-

2097 2165 2222 2228 θους
2289 2169 2397 2239 (97)
2464 2162 2790 2242 παρέλαϐεν.
2852 2165 3116 2240 Εὖθυμίφ
3194 2162 3253 2220 δὶ
3305 2168 3387 2238 τῷ
3444 2161 3751 2236 ἐπισκόπῳ,

2095 2253 2281 2332 ἐχθρῷ
2310 2255 2471 2311 αὐτοῦ
2497 2253 2611 2312 ὄντι
2643 2253 2734 2311 διὰ
2759 2258 2860 2326 τὴν
2915 2256 3122 2323 πίστιν,
3155 2252 3452 2323 ἐδήλωσεν·
3487 2254 3557 2308 Δὶ
3587 2253 3751 2327 εὐχαὶ

2097 2365 2193 2398 σου
2224 2346 2280 2399 αἱ
2314 2345 2544 2420 μεγάλαι
2572 2344 2704 2409 τοὺς
2753 2344 2949 2423 φίλους
3001 2364 3097 2400 σου
3154 2339 3507 2415 ἠσὸόλωσαν.
3540 2344 3748 2400 Τοῦτον

2092 2453 2152 2489 τε
2201 2436 2446 2510 καθαιρεῖ
2479 2436 2566 2490 καὶ
2628 2436 2704 2498 εἰς
2763 2434 2970 2510 ἐξορίαν
3010 2432 3382 2510 παραπέμπει.
3416 2429 3748 2490 Μακεδονιον

2096 2520 2155 2578 δὲ
2220 2523 2630 2599 προχειρίζεται
2711 2522 3006 2579 ἐπίσκοπον
3093 2519 3748 2581 Κωνσταντινουπόλεως.

2091 2613 2154 2670 Ὀ
2210 2609 2268 2667 δὲ
2323 2618 2506 2677 κακῶς
2560 2613 2798 2675 πεισθεὶς
2846 2618 2926 2686 τῷ
2984 2611 3317 2685 Ἀναστασίῳ
3344 2611 3631 2686 ὑπέγραψε
3668 2614 3749 2684 τῷ

2091 2701 2331 2775 ἐνωτικῷ
2363 2704 2635 2773 Ζήνωνος.

2163 2796 2253 2864 Τῷ
2305 2794 2356 2862 η¹
2412 2786 2520 2847 ἔτει
2577 2788 2911 2854 Μακεδόνιος
2956 2792 3151 2868 γνώμῃ
3182 2795 3280 2846 τοῦ
3314 2788 3584 2866 βασιλέως
3618 2788 3749 2845 ἐνῶ-

2091 2902 2178 2935 σαι
2207 2882 2274 2936 τὰ
2308 2883 2646 2956 μοναστήρια
2698 2888 2802 2949 τῆς
2861 2878 3146 2956 βασιλίδος
3197 2878 3474 2947 ἔσπευδεν,
3507 2880 3748 2954 ἀποσχι-

2091 2969 2278 3024 σθέντα
2310 2967 2399 3024 διᾶ
2422 2970 2486 3025 τὸ
2518 2969 2770 3024 ὲνωτικὸν
2798 2971 3069 3039 Ζήνωνος.
3113 2967 3218 3025 Καὶ
3267 2965 3397 3031 τοὺς
3449 2964 3748 3039 ἐνδημοῦν-

2086 3080 2182 3121 τας
2215 3059 2542 3121 ἐπισκόπους
2602 3059 2910 3134 συναγαγὼν
2966 3057 3034 3112 τὰ
3090 3056 3141 3111 ἐν
3200 3052 3513 3126 Χαλκηδόνι
3556 3053 3742 3116 καλῶς

2089 3145 2517 3223 δογματισθὲντα
2568 3147 2852 3223 ἔγγράφῶς
2908 3141 3222 3203 ἐϐεϐαίωσε.
3291 3141 3617 3219 Θευδέριχος
3685 3141 3742 3200 δὲ

326 3236 1125 3294 conﬁrmavit.Theodoricus
1137 3254 1315 3309 porro
1332 3238 1473 3292 Afer
1483 3253 1619 3292 cum
1636 3238 1973 3294 ministrum

2095 3239 2115 3293 ὃ
2147 3240 2358 3317 Ἀφρος
2388 3236 2637 3293 διάκονον
2670 3237 2816 3312 ἔχων
2862 3234 3170 3312 ὀρθόδοξον,
3204 3235 3342 3289 πάνυ
3374 3233 3739 3309 ἀγαπώμενον

328 3328 579 3386 haberet
600 3329 711 3384 sibi
731 3330 1089 3401 percharum
1106 3333 1351 3384 etrectm
1374 3328 1678 3400 religionis
1692 3330 1980 3400 professo-

319 3434 471 3489 rem,
506 3436 643 3474 cum
666 3419 717 3472 is
750 3419 810 3473 in
842 3418 1065 3474 domini
1084 3418 1334 3491 gratiam
1366 3434 1401 3472 a
1464 3416 1581 3472 {ide
1625 3417 1697 3473 ad
1744 3419 1976 3474 Ariani-

322 3525 519 3564 smum
550 3525 613 3564 se
644 3508 1073 3573 transtulisset,
1122 3513 1301 3579 caput
1352 3507 1581 3561 homini
1626 3509 1974 3578 amputavit,

327 3598 487 3670 quod
519 3597 745 3653 diceret
774 3615 911 3653 eum
961 3598 1063 3668 qui
1113 3599 1230 3653 Deo
1281 3596 1460 3652 fidem
1508 3614 1629 3652 non
1665 3603 1976 3653 servasset.

324 3704 447 3744 non
477 3686 651 3742 facile
684 3687 798 3742 sibi
829 3686 1069 3742 ﬁdelem
1100 3686 1248 3743 fore.

398 3775 589 3831 Annis
613 3777 677 3830 10
709 3780 767 3830 et
796 3780 856 3830 11
890 3792 1129 3832 rursum
1162 3775 1442 3832 Saraceni
1501 3776 1562 3831 in
1611 3777 1975 3833 thniciam

324 3871 384 3922 et
406 3864 656 3936 Syriam,
688 3870 748 3918 et
778 3864 1007 3937 Bulgari
1042 3865 1103 3919 in
1124 3864 1427 3937 Illyricum
1454 3870 1514 3919 et
1541 3865 1851 3921 Thraciam
1882 3867 1970 3922 in-

322 3954 634 4011 cursiones
662 3954 953 4010 fecerunt.

390 4046 562 4099 Anno
596 4045 662 4097 12
694 4044 1045 4100 Anastasius
1076 4061 1207 4100 cum
1247 4046 1469 4100 Aretha
1499 4061 1705 4116 pacem
1738 4061 1975 4118 compo-

320 4134 449 4202 nit;
484 4138 663 4205 atque
698 4133 1471 4201 exindeintotaPalmstina,
1492 4135 1704 4190 Arabia
1734 4135 1970 4191 etPhce-

316 4223 478 4279 nicia
507 4223 629 4278 alta
650 4239 761 4294 pax
783 4240 851 4279 ac
882 4224 1284 4295 tranquillitas
1321 4223 1453 4280 fuit.
1488 4224 1632 4279 Cum
1662 4225 1971 4281 Neocaesa-

315 4330 432 4370 reaa
466 4314 813 4369 immineret
830 4320 1000 4371 terrai
1021 4320 1244 4382 motus,
1268 4314 1442 4370 miles
1469 4314 1712 4386 quidam
1742 4316 1857 4371 iter
1882 4315 1966 4372 fa-

313 4402 479 4458 ciens
505 4402 655 4458 duos
686 4408 894 4458 contra
924 4419 987 4458 se
1018 4403 1104 4458 ire
1152 4403 1371 4459 milites
1409 4403 1573 4473 vidit,
1605 4403 1911 4476 aliumque
1932 4421 1968 4460 a

312 4495 477 4564 tergo
511 4490 871 4547 clamantem
900 4490 1237 4546 :Abstinete
1269 4492 1444 4547 domo
1476 4492 1537 4546 in
1569 4508 1685 4563 qua
1712 4497 1801 4546 est
1827 4509 1966 4549 arca

312 4673 473 4724 esset
518 4673 837 4739 prostrata,
883 4668 1040 4725 mdes
1072 4671 1270 4726 Sancti
1320 4670 1583 4743 Gregorii
1642 4669 1963 4725 incolumis

310 4758 556 4814 mansit.

307 4849 481 4904 Anno
517 4850 579 4902 13
640 4846 904 4904 Cabades
956 4851 1273 4906 Persarum
1330 4867 1455 4919 rex,
1515 4847 1671 4903 facta
1714 4846 1956 4918 expedi-

305 4936 494 5004 tione,
525 4936 738 4992 Amida
765 4937 975 4995 urbem
1008 4944 1329 5012 oppugnat.

2087 3326 2391 3395 ὑπἀὐτοῦ,
2446 3328 2804 3400 μεταθέμενον
2862 3323 2920 3380 δὲ
2975 3325 3053 3386 εἰς
3110 3325 3455 3399 ἀρειανισμὸν
3507 3323 3739 3397 χαριζό-

2088 3437 2250 3490 μενον
2312 3413 2627 3491 Θευδερίχῳ
2682 3414 3061 3489 ἀρειανίζοντι,
3121 3411 3355 3485 ἀπέτεμε
3415 3411 3578 3488 ξίφει,
3661 3412 3741 3466 εί-

2083 3507 2224 3560 πών·
2264 3506 2329 3561 Εἰ
2357 3510 2440 3579 τῷ
2467 3510 2584 3577 Θεῷ
2621 3504 2721 3572 τὴν
2772 3502 2952 3557 πίστιν
3002 3502 3103 3556 οὐκ
3150 3498 3439 3580 ἐφύλαξας,
3471 3498 3597 3574 ἐμοὶ
3624 3504 3742 3562 πῶς

2084 3595 2338 3672 φυλάξεις
2362 3613 2376 3664 ;

2153 3775 2248 3847 Τῷ
2284 3774 2313 3829 ι’
2360 3774 2452 3829 καὶ
2504 3773 2570 3828 ια’
2617 3770 2723 3828 ἔτει
2779 3773 2968 3848 γέγονε
3023 3771 3189 3827 πάλιν
3251 3774 3584 3842 Σαρακηνῶν
3618 3766 3737 3823 ἑπι-

2081 3861 2262 3937 δρομή
2318 3862 2370 3918 ἔν
2427 3883 2484 3919 τε
2545 3863 2779 3939 Φοινίκῃ
2837 3864 2925 3917 καὶ
2996 3860 3396 3935 Συρίᾳ,καὶοὶ
3429 3858 3735 3935 Βούλγαροι

2076 3957 2158 4026 τῷ
2190 3951 2485 4027 Ἰλλυρικῷ
2513 3952 2605 4008 καὶ
2644 3956 2713 4026 τῇ
2743 3952 2926 4025 Θρᾴκῃ
2961 3949 3338 4027 ἐπιτρέχουσι.

2149 4044 2245 4116 Τῷ
2305 4044 2376 4117 ιβ’
2433 4040 2539 4098 ἔτει
2589 4038 2869 4097 σπένδεται
2926 4041 3063 4114 πρὸς
3121 4041 3346 4114 ’Λρέθαν
3408 4040 3517 4113 (98)
3569 4039 3731 4096 Ἀνα-

2077 4131 2316 4199 στάσιος,
2366 4131 2458 4186 καὶ
2515 4129 2714 4186 λοιπὸν
2773 4133 2917 4184 πᾶσα
2971 4131 3007 4198 ἡ
3066 4125 3394 4198 Παλαιστίνη
3426 4126 3516 4181 καὶ
3570 4126 3736 4200 Ἀρα-

2074 4216 2169 4276 ϐία
2205 4221 2293 4275 καὶ
2347 4220 2578 4291 Φοινίκη
2629 4216 2850 4284 πολλῆς
2896 4216 3149 4292 γαλήνης
3196 4216 3288 4272 καὶ
3336 4214 3558 4290 εἶρήνης
3590 4213 3731 4285 ἀπή-

2074 4309 2260 4367 λαυον.
2349 4311 2434 4366 Ἐν
2522 4307 2916 4383 Νεοκαισαρείᾳ
2992 4304 3051 4361 δὲ
3129 4304 3436 4380 μέλλοντος
3493 4304 3734 4378 γίνεσθαι

2073 4404 2302 4473 σεισμοῦ
2334 4399 2673 4474 στρατιώτης
2732 4395 2935 4453 ὁδεύων
2989 4394 3097 4453 εἶδε
3154 4394 3250 4451 δύο
3282 4396 3614 4471 στρατιώτας
3647 4390 3734 4449 ἐπ’

2072 4490 2231 4545 αὐτὸν
2261 4488 2459 4560 ἰόντας,
2491 4488 2583 4543 καὶ
2634 4487 2852 4542 ὄπισθεν
2907 4485 3079 4543 ἄλλον
3130 4487 3414 4561 κράξαντα·
3450 4481 3734 4556 Φυλάξατε

208 4603 214 4608 ·
311 4579 594 4651 Gregorii.
627 4579 706 4633 Eo
761 4583 934 4634 terrae
994 4585 1158 4635 motu
1216 4598 1350 4636 cum
1408 4582 1601 4652 major
1631 4581 1797 4635 urbis
1826 4598 1963 4652 pars

2095 4582 2164 4636 ςὸν
2196 4581 2345 4635 οἶκον
2375 4579 2426 4634 ἐν
2479 4580 2525 4651 ᾧ
2557 4580 2590 4648 ἡ
2623 4580 2766 4650 θήκη
2828 4578 3132 4653 Γρηγορίου
3172 4575 3307 4635 ἐστί.
3342 4573 3641 4648 Γενομένου
3674 4568 3732 4627 δὲ

2073 4675 2170 4726 τοῦ
2203 4673 2429 4741 σεισμοῦ
2460 4672 2523 4725 τὸ
2554 4666 2812 4723 πλεῖστον
2876 4667 3039 4743 μέρος
3088 4673 3190 4736 τῆς
3238 4664 3455 4726 πόλεως
3487 4663 3727 4732 ἑπτώθη,

2068 4760 2217 4829 πλὴν
2249 4763 2350 4813 τοῦ
2378 4763 2511 4813 ναοῦ
2541 4762 2639 4813 τοῦ
2670 4757 2832 4832 ἁγίου
2861 4755 3190 4831 Γρηγορίου.

2138 4850 2230 4920 Τῷ
2257 4844 2689 4923 τρισκαιδεκάτῳ
2717 4842 2825 4902 ἔτει
2856 4841 3114 4916 Καϐάδης
3144 4846 3172 4900 ὁ
3206 4849 3422 4918 Περσῶν
3469 4838 3726 4917 βασιλεὺς

2066 4937 2453 5014 ἐκστρατεύσας
2483 4935 2689 5012 Ἀμιδα
2716 4938 2814 5005 τήν
2844 4935 3006 4991 πόλιν
3035 4940 3248 5008 πορθεῖ.

1508 5062 1875 5123 XYLANDRI
1915 5067 2002 5124 ET
2042 5068 2255 5125 GOARI
2297 5067 2518 5122 NOTAE.

377 5188 489 5272 (96)
522 5189 738 5272 Εοιιοε.
766 5188 953 5272 ἱρείας
1014 5192 1285 5272 ιηοιιθίειθ⁸
1324 5186 1740 5272 meminerunt
1773 5190 1954 5272 etiam

302 5259 404 5316 alii
435 5259 733 5327 auctores,
789 5259 998 5315 Suidas
1041 5260 1214 5315 docet
1260 5260 1464 5314 follem
1524 5275 1651 5314 esse
1686 5260 1953 5316 obolum.

300 5332 466 5388 Idem
496 5338 749 5389 testatur
775 5332 1151 5387 Timotheum
1186 5332 1450 5386 Gazaeum
1497 5333 1953 5389 grammaticum

301 5403 475 5477 istius
502 5404 708 5477 tributi
740 5402 1010 5477 _causa_in
1043 5403 1419 5477 Anastasium
1445 5401 1711 5477 gdidisse
1742 5409 1951 5477 tragm-

304 5472 583 5548 d_iam,_in_
607 5474 898 5544 Τιμόθεος.
926 5474 1064 5530 Χγι.
1099 5506 1168 5516 -
1198 5474 1213 5548 [
1251 5474 1391 5530 Vide
1445 5474 1679 5529 Fabroti
1726 5472 1955 5532 Glossa-

303 5542 696 5615 rium_infra.]

306 5613 493 5701 L617)!
510 5613 723 5701 Scytlgax
770 5617 992 5701 legitur
1034 5618 1193 5701 apud
1240 5618 1738 5701 Evan_griurn,lli,
1771 5619 1861 5686 35,
1896 5625 1954 5676 et

306 5680 319 5693 _
376 5635 723 5697 wuocymz
770 5635 985 5744 lepﬁtur
1034 5635 1193 5701 apuu
1241 5635 1616 5691 nvangrium,
1639 5635 1738 5685 ιιι,
1771 5635 1861 5686 ao,
1896 5635 1954 5676 et

304 5697 368 5737 in
397 5682 627 5757 Eclogis
656 5685 698 5741 Ι.
732 5705 768 5742 ιι
798 5690 841 5743 Τ
887 5689 1091 5746 eodori
1116 5696 1480 5763 anagnostae.
1531 5689 1819 5763 Loquitur
1847 5708 1954 5751 au-

2064 5197 2184 5246 tem
2207 5190 2279 5247 de
2303 5191 2564 5263 Longino
2587 5189 2839 5263 Zenonis
2860 5188 3063 5263 fratre,
3083 5188 3332 5263 ejusque
3355 5186 3513 5242 socio
3538 5185 3726 5239 Theo-

2063 5263 2233 5329 doro,
2258 5263 2357 5333 qui
2377 5258 2597 5318 Isauris
2619 5261 2932 5316 concitatis
2954 5258 3358 5333 rebellabant;
3380 5271 3725 5333 quanquam

2062 5330 2320 5461 tZonaris
2346 5335 2672 5407 Longinum
2700 5334 2859 5388 hunc
2882 5349 2916 5388 a
2935 5332 3189 5387 Zenonis
3211 5331 3392 5386 fratre
3426 5330 3723 5384 diversum

2088 5407 2221 5461 acit.
2313 5422 2399 5460 γι..

2088 5407 2221 5462 ‘acit.
2259 5407 2399 5461 XvL.

2136 5480 2242 5548 (98)
2300 5477 2583 5533 Aretham
2643 5482 2785 5549 pulo
2846 5476 3053 5531 ducem
3115 5475 3420 5549 Persicum
3453 5469 3590 5549 dici,
3622 5468 3725 5549 qui

2064 5540 2393 5621 Nicephoro
2423 5555 2516 5623 est
2547 5540 2827 5623 Zur-ethos,
2870 5550 3172 5623 _xv1,A35._
3206 5545 3420 5623 Amida
3462 5540 3605 5623 urbs
3632 5545 3728 5623 est

2063 5611 2522 5692 Mesopotamia.
2556 5621 2635 5677 De
2665 5621 2821 5676 bello
2870 5611 2993 5676 hoc
3011 5618 3247 5674 Persico
3278 5612 3601 5686 Procopius
3631 5611 3673 5667 l.
3709 5628 3725 5665 1

2064 5693 2325 5766 copiose.
2359 5692 2495 5748 XvL.
