4144 6428
1526 413 2084 479 HISTORIARUM
2124 411 2668 477 OOMPENDIUM.

3702 412 3822 477 686

454 551 549 622 Τῷ
572 546 642 606 ιδ’
670 542 778 607 ἔτει
811 549 1019 607 πολλοὶ
1048 552 1289 627 πόλεμοι
1324 551 1461 626 μετὰ
1490 546 1710 628 Καϐάδῃ
1767 549 2041 628 γεγόνασι.

2230 551 2382 608 629
2414 553 2584 608 Anno
2619 552 2683 607 14
2714 550 2920 608 crebro
2950 550 3178 609 bellum
3234 557 3325 608 est
3380 569 3518 610 cum
3575 554 3809 612 Cabade

385 638 582 712 Τούτῳ
611 642 694 713 τῷ
723 632 831 697 ἔτει
862 639 1093 697 ἲππικοῦ
1124 642 1420 719 γενομένου
1469 641 1655 716 ἄταξία
1697 639 1889 717 γέγονε
1938 644 2046 696 τῶν

389 726 489 785 δύο
523 732 703 805 μερῶν
735 731 873 804 (99),
923 730 1014 785 καὶ
1066 729 1273 788 πολλοὶ
1325 731 1585 796 ἀπέθανον
1618 730 1667 802 ἐξ
1702 729 2046 810 ἀμφοτέρων.

383 816 437 873 ἐν
467 819 556 881 οῖς
589 818 680 873 καί
713 818 741 874 6
774 819 1016 890 υίὸς,τοῦ
1051 818 1341 896 βασιλέως,
1375 822 1432 876 ’ὸν
1488 820 1636 900 εἶχεν
1691 820 1798 875 ἀπὸ
1832 816 2050 875 παλλα-

388 914 512 977 κῆς.
548 904 771 986 Σφόδρα
828 906 923 963 υῦν
981 907 1247 981 λυπηθεὶς
1280 915 1307 966 ὁ
1342 907 1602 986 βασιλεὺς
1657 906 1906 971 πολλοὺς
1937 907 2047 963 ἐτι-

390 998 713 1073 μωρήσατο.
746 996 941 1072 Τούτῳ
969 1002 1048 1072 τῷ
1096 995 1205 1055 ἔτει
1238 1001 1510 1079 ἐχώνευσε
1540 999 1729 1055 πολλὰ
1760 998 2048 1074 χαλκουρ-

382 1088 608 1162 Ὑῆματα
648 1085 698 1157 ἐξ
740 1087 815 1141 ὧν
875 1085 1095 1159 ἔστησεν
1161 1089 1190 1144 6
1252 1088 1432 1165 Μέγας
1468 1092 1899 1159 Κωνσταντῖνος,
1957 1087 2049 1142 καὶ

388 1173 616 1247 ἐποίησε
643 1177 744 1246 τήν
776 1172 918 1231 ἰδίαν
966 1175 1200 1249 στήλην,
1241 1178 1331 1233 καὶ
1362 1175 1583 1249 ἔστησεν
1635 1177 1712 1242 εἷς
1765 1178 1922 1234 κίονα
1950 1180 2049 1231 τοῦ

384 1262 625 1337 Ταύρου·
658 1264 694 1333 ἡ
753 1264 856 1339 γὰρ
913 1265 1107 1340 πρώτη
1164 1265 1371 1321 ἑστῶσα
1427 1268 1512 1340 [Ρ.
1573 1267 1698 1341 359]
1759 1261 2049 1321 Θεοδοσίου

382 1355 481 1408 τοῦ
509 1350 777 1430 Μεγάλου
806 1349 991 1409 ἔπεσεν
1024 1353 1131 1409 ἀπὸ
1161 1358 1259 1410 τοῦ
1310 1354 1535 1428 σεισμοῦ
1592 1354 1683 1410 καὶ
1738 1348 2046 1427 συνετρίϐη.

384 1441 524 1499 Τότε
550 1441 642 1496 καὶ
674 1442 816 1518 ἀνήρ
879 1462 967 1507 τις
1021 1443 1345 1518 χειμευτής,
1405 1442 1466 1499 ὲκ
1516 1446 1628 1499 τῶν
1681 1449 1782 1513 τῆς
1840 1442 2048 1521 χείμης

385 1534 596 1606 τεχνῶν
630 1529 834 1609 εὐφυὴς
894 1529 967 1587 ὥν
1025 1537 1148 1596 ταῖς
1207 1531 1437 1596 ἀπόταις
1493 1531 2047 1611 ὁφθαλμοπλανῆσαι,

395 1618 734 1676 ὑπεδείκνυεν
763 1621 1206 1698 ἀργυροπράταις
1238 1622 1329 1677 καὶ
1360 1622 1451 1677 καὶ
1482 1622 1688 1699 ἑτέροις
1719 1627 1909 1702 χεῖρας
1957 1619 2049 1676 καὶ

392 1706 563 1774 πόδας
601 1707 936 1787 ἀνδριάντων
976 1711 1070 1767 καὶ
1097 1709 1256 1788 ἓτερα
1300 1709 1421 1783 εἷ’δη
1477 1716 1678 1787 χρυσᾶ,
1712 1711 1889 1789 Λέγων
1948 1711 2051 1781 Θη-

393 1799 587 1874 σαυρὸν
619 1799 930 1875 εὑρηκέναι,
988 1800 1079 1855 καὶ
1130 1797 1382 1874 πολλοὺς
1450 1798 1730 1872 ἀπατήσας
1761 1800 1838 1865 εἰς
1861 1799 2048 1854 πενίαν

387 1888 597 1966 ἤνεγκε.
632 1891 840 1964 Φήμης
873 1890 966 1945 οῦν
1006 1889 1129 1962 περὶ
1179 1891 1345 1946 αὐτοῦ
1402 1889 1704 1966 γενομένης
1760 1888 2048 1964 κρατηθεὶς

2160 644 2412 714 gestum.
2447 639 2668 695 Eodem
2698 657 2856 696 anno
2888 657 3020 697 cum
3057 642 3334 697 ederetur
3380 648 3656 713 equestre
3687 660 3821 700 cer-

2161 734 2383 798 tamen,
2416 729 2919 785 tumultuantibus
2976 730 3244 803 partibus
3300 731 3473 786 multi
3533 732 3815 803 utrinque

2163 824 2304 875 sunt
2333 818 2652 886 interfecti,
2686 819 2959 892 interque
2992 836 3092 875 eos
3114 820 3493 892 imperatoris
3523 838 3592 877 ex
3609 820 3818 893 pellice

2163 908 2342 965 ﬁlius.
2369 908 2549 979 Cujus
2574 907 2779 964 dolore
2802 910 3063 981 percitus
3094 909 3418 981 imperator
3442 910 3664 967 multos
3681 927 3823 983 sup-

2161 997 2340 1069 plicio
2370 997 2587 1053 aﬂ‘ecit.
2620 997 2841 1054 Eodem
2872 1015 3031 1054 anno
3063 999 3252 1054 multa
3274 1016 3428 1054 aerea
3447 999 3820 1055 Constantini

2162 1087 2351 1159 Magni
2383 1102 2564 1158 opera
2586 1087 2885 1156 conﬂavit,
2907 1104 3195 1160 suamque
3227 1093 3482 1144 statuam
3515 1089 3653 1144 inde
3675 1104 3818 1144 con-

2161 1176 2305 1232 fecit
2335 1182 2394 1231 et
2424 1176 2487 1231 in
2541 1175 2823 1232 columna
2873 1178 3046 1232 Tauri
3103 1179 3452 1233 constituit:
3513 1195 3654 1234 nam
3685 1195 3817 1249 quas

2160 1264 2328 1335 prius
2359 1263 2439 1319 ibi
2472 1265 2666 1336 posita
2691 1264 2886 1320 fuerat
2914 1265 3225 1321 Theodosii
3260 1265 3474 1339 Magni,
3524 1283 3595 1322 ea
3644 1272 3816 1323 terra

2161 1359 2328 1409 motu
2359 1353 2591 1427 dejecta
2622 1359 2683 1410 et
2735 1355 3104 1411 comminuta
3132 1354 3263 1411 fuit.
3320 1357 3482 1412 Tunc
3524 1356 3702 1412 etiam
3727 1356 3817 1411 vir

2161 1444 2403 1515 quidam
2435 1461 2506 1500 ex
2544 1461 2751 1500 eorum
2807 1461 3058 1501 numero
3092 1446 3193 1516 qui
3236 1446 3568 1517 chymicam
3625 1451 3814 1503 artem

2158 1533 2535 1604 profitentur,
2568 1532 2821 1589 callidus
2862 1533 3069 1589 oculos
3116 1534 3429 1590 hominum
3484 1535 3818 1607 impostura

2161 1622 2599 1695 praestringere,
2647 1623 3000 1696 argentariis
3048 1623 3296 1696 aliisque
3345 1624 3562 1680 obtulit
3602 1641 3816 1683 manus

2160 1710 2463 1783 pedesque
2499 1715 2831 1768 statuarum
2862 1717 2920 1768 et
2949 1712 3069 1768 alia
3119 1729 3320 1781 aurea,
3354 1711 3557 1769 dicens
3588 1731 3651 1770 se
3680 1715 3816 1772 the-

2161 1819 2402 1859 saurum
2460 1805 2793 1875 reperisse;
2852 1804 3191 1876 multosque
3268 1806 3350 1860 ita
3407 1807 3685 1879 deceptos
3739 1808 3815 1865 ad

2158 1899 2569 1967 paupertatem
2601 1894 2849 1969 redegit.
2876 1897 3054 1951 Fama
3095 1896 3350 1968 vulgata,
3387 1902 3592 1969 captus
3651 1902 3711 1954 et
3739 1899 3813 1956 ad

388 1965 541 2053 ἤχθη
574 1982 654 2052 τῷ
687 1980 1044 2053 Ἀναστασιῳ.
1094 1981 1157 2038 Ὁ
1189 1976 1246 2034 δὲ
1275 1981 1645 2057 προσήνεγκεν
1705 1981 1855 2050 αὐτῷ
1884 1977 2052 2057 χαλι-

2165 1985 2538 2041 Anastasium
2570 1985 2861 2041 adductus
2888 1984 3124 2041 frenum
3156 1986 3293 2058 equi
3326 2003 3397 2042 ex
3442 1986 3634 2043 solido
3665 2004 3809 2044 auro

386 2068 482 2124 νδν
517 2067 685 2123 ἱππου
746 2067 1057 2144 ὁλόχρυσον
1113 2065 1203 2124 διὰ
1258 2073 1630 2144 μαργαριτῶν·
1691 2069 1753 2125 ’όν
1802 2063 2046 2124 λαϐὼνὸ

399 2155 654 2233 βασιλεὺς
680 2151 807 2236 ἔφη·
849 2160 1064 2221 Ὄντως
1120 2157 1207 2229 σὺ,
1272 2157 1323 2214 εἲ
1359 2159 1449 2213 καὶ
1480 2157 1684 2223 πάντας
1739 2159 2047 2228 ὴπάτησας,

395 2245 494 2320 ἑμὶ
523 2246 622 2302 οὐκ
650 2246 970 2319 ἀπατήσεις.
1013 2248 1117 2305 Καὶ
1167 2246 1417 2324 ἐξώρισεν
1446 2247 1607 2304 αὐτὸν
1639 2248 1715 2311 εἰς
1764 2268 1818 2303 τι
1876 2244 2047 2327 φρού-

397 2356 512 2412 ριον
543 2337 587 2411 (l
606 2338 649 2411 ),
680 2332 804 2392 ἔνθα
832 2337 922 2392 καί
952 2335 1197 2410 τελευτᾷ.

469 2428 557 2498 Τῷ
599 2431 665 2490 ις’
691 2421 802 2482 ’ἔτει
834 2425 1040 2491 ἀνεθεὶς
1078 2431 1185 2482 τῶν
1245 2423 1507 2500 πολέμων
1568 2423 1905 2485 Μακεδόνων
1958 2425 2049 2480 τὸν

395 2517 747 2594 πατριάρχην
774 2515 1091 2594 διαπρέψαι
1138 2520 1238 2588 τῆς
1296 2520 1463 2594 ὀρθῆς
1521 2518 1755 2581 πίστεως
1806 2510 2049 2574 ἔσπευδε.

396 2606 609 2663 Πολλοὶ
642 2605 697 2664 δὲ
755 2612 864 2664 τῶν
926 2608 1236 2665 ἐπισκόπων
1295 2609 1630 2683 Ἀνκστασίῳ
1688 2608 2050 2688 χαριζόμενοι

394 2702 462 2773 τῇ
485 2697 539 2753 ἐν
596 2695 913 2769 Χαλκηδόνι
972 2696 1181 2772 συνόδῳ
1238 2697 1586 2756 ἆντέπιπτον.
1647 2700 1956 2774 Μανιχαῖον
1993 2694 2053 2752 δέ

395 2807 511 2842 τινα
571 2788 859 2866 ζωγράφον
933 2786 1284 2864 Συροπὲρσην
1342 2787 1449 2843 ἀπὸ
1507 2787 1743 2857 Κυζίκου
1798 2786 2053 2844 Ἀναστά-

396 2897 514 2939 σιος
553 2873 761 2954 ἤγαγεν
816 2874 868 2931 ἐν
926 2879 1177 2956 σχήματι
1226 2871 1617 2953 πρεσϐυτέρου,
1668 2871 1728 2939 ὅς
1782 2874 2053 2952 ἆλλὸτρια

392 2969 500 3022 τῶν
556 2964 1027 3038 ἐκκλησιαστικῶν
1086 2964 1244 3041 ἁγίαν
1293 2965 1517 3021 εἰκόνων
1583 2965 1859 3039 ἐτὸλμησε
1914 2965 2052 3041 γρά-

396 3058 501 3130 ψας
559 3055 651 3111 καὶ
715 3053 1055 3134 φασμάτώδη
1122 3054 1171 3112 ἐν
1249 3060 1329 3128 τῷ
1384 3053 1636 3127 παλατίῳ
1692 3055 1890 3132 γνώμῃ
1950 3059 2052 3110 τοῦ

403 3143 693 3222 βασιλέως,
725 3144 979 3222 χαίροντι
1036 3150 1155 3207 τοῖς
1194 3148 1555 3220 Λανιχαῖκοῖς
1586 3163 1600 3178 ’
1661 3145 1777 3198 ὅθεν
1814 3144 1904 3198 καὶ
1936 3145 2055 3198 στά-

406 3253 487 3295 σις
516 3237 612 3289 τοῦ
639 3232 775 3290 λαοῦ
805 3234 991 3312 γέγονε
1050 3232 1291 3310 μεγάλη.
1327 3233 1608 3309 Ασχόλιον
1644 3230 1701 3288 δέ
1730 3253 1852 3288 τινα
1883 3233 1911 3288 ὁ
1944 3237 2056 3289 Μα-

2154 2072 2478 2130 conﬂatum
2512 2089 2580 2129 ac
2636 2075 2972 2147 margaritis
3029 2081 3370 2131 consertum
3398 2076 3634 2132 obtulit.
3696 2077 3811 2134 Sed

2154 2163 2478 2235 imperator
2505 2162 2672 2219 freno
2704 2168 2945 2237 accepto
2969 2181 2982 2219 :
3018 2166 3089 2220 Ut
3108 2181 3339 2232 omnes,
3365 2166 3808 2237 inquit,fefelle-

2155 2253 2260 2324 ris,
2289 2269 2384 2308 me
2404 2253 2668 2325 profecto
2683 2270 2805 2309 non
2828 2253 3109 2326 decipies.
3136 2255 3467 2327 Statimque
3498 2255 3807 2312 hominem

2156 2341 2218 2399 in
2248 2341 2560 2401 castellum
2593 2343 2892 2414 quoddam
2922 2343 3224 2417 relegavit,
3258 2343 3321 2401 in
3350 2360 3499 2414 quos
3529 2343 3579 2399 is
3609 2344 3808 2416 periit.

2225 2433 2394 2487 Anno
2432 2432 2493 2486 16
2523 2430 2697 2486 bellis
2727 2436 3105 2502 exoneratus,
3138 2438 3388 2488 conatus
3420 2438 3508 2488 est
3537 2432 3811 2489 Macedo-

2156 2521 2325 2575 nium
2355 2520 2700 2592 episcopum
2731 2537 2764 2577 a
2793 2527 2955 2577 recta
2985 2521 3101 2577 ﬁde
3132 2527 3417 2577 avertere.
3471 2521 3635 2577 Multi
3686 2527 3812 2578 tum

2159 2610 2422 2682 episcOpi
2453 2609 2515 2664 in
2544 2610 2793 2682 gratiam
2824 2610 3121 2666 Anastasii
3159 2609 3641 2666 Chalcedonense
3673 2627 3813 2667 con-

2159 2699 2364 2756 cilium
2415 2698 2935 2770 impugnaverunt.
2970 2698 3229 2754 Adduxit
3255 2699 3435 2754 etiam
3459 2700 3810 2755 Anastasius

2159 2789 2364 2862 Cyzico
2419 2790 2709 2860 pictorem
2766 2790 3088 2861 quemdam
3148 2790 3552 2862 Syropersam,
3606 2790 3813 2846 habitu

2159 2879 2621 2951 presbyteri,qui
2637 2879 2697 2934 in
2716 2879 2878 2951 regia
2881 2878 3055 2951 jussu
3074 2879 3453 2953 imperatoris
3470 2881 3626 2936 680
3648 2879 3815 2952 (nata

2160 2968 2211 3024 is
2232 2968 2614 3025 Manichaicis
2645 2968 2819 3036 nugis
2860 2967 3293 3040 delectabatur)
3326 2969 3600 3039 quaedam
3629 2985 3814 3024 mon-

2161 3061 2354 3112 strosa
2383 3061 2442 3111 et
2468 3056 2541 3111 ab
2572 3055 2934 3130 imaginibus
2958 3057 3377 3112 ecclesiasticis
3394 3057 3591 3113 aliena
3609 3058 3819 3130 pinge-

2159 3150 2271 3202 ret.
2304 3145 2386 3201 Ob
2418 3145 2478 3199 id
2510 3162 2726 3218 magna
2754 3145 2955 3217 populi
3013 3151 3104 3201 est
3142 3151 3344 3201 coorta
3373 3146 3609 3202 seditio.
3638 3146 3817 3202 Caate-

2160 3251 2295 3290 rum
2326 3233 2701 3290 Macedonius
2751 3239 2984 3289 tantum
3031 3234 3223 3290 abfuit
3265 3240 3331 3290 ut
3357 3234 3620 3290 Ascholii
3651 3234 3816 3306 inju-

402 3318 647 3386 κεδόνιος
677 3326 749 3397 (2)
782 3322 833 3379 ἐν
887 3322 1061 3400 ἔχθρᾳ
1091 3326 1291 3402 φονικῇ
1350 3342 1690 3396 σπασαμενον
1737 3327 1854 3378 κατ’
1886 3321 2049 3378 αὐτοῦ

2165 3324 2309 3379 riam
2360 3327 2837 3395 persequeretur,
2869 3339 2905 3379 a
2952 3340 3068 3394 quo
3120 3324 3324 3378 stricto
3376 3323 3572 3395 gladio
3620 3323 3816 3379 fuerat

401 3411 680 3487 μάχαιραν
740 3411 789 3484 ἐξ
844 3410 1131 3488 ὑποβολῆς
1187 3416 1298 3466 τῶν
1381 3409 1781 3488 ἐχθραινύντων
1852 3411 2050 3482 αὐτῆς,

394 3502 653 3554 τοσοῦτον
707 3499 916 3575 ἀπέσχε
966 3503 1063 3555 τοῦ
1125 3506 1535 3573 μνησικακῆσαι
1591 3496 1728 3555 ὥστε
1786 3501 1875 3555 καὶ
1941 3522 2053 3574 μη-

393 3591 573 3655 κιαίας
606 3591 754 3666 αότῷ
782 3592 1026 3655 ἆννώνας
1085 3591 1382 3668 προσέταξε
1447 3587 1660 3649 λαϐεῖν·
1720 3598 1891 3667 πρᾶος
1946 3594 2050 3669 γὰρ

395 3681 460 3751 ἦν
481 3683 509 3737 ὁ
535 3681 698 3757 ἀνήρ.
724 3684 901 3740 Τοῦτο
935 3679 993 3737 δὲ
1014 3682 1207 3758 πρώην
1238 3681 1329 3737 καὶ
1356 3681 1432 3745 είς
1462 3679 1807 3759 ἱεροσουλίαν
1835 3678 2050 3758 ἔπραξε.

396 3771 500 3827 Δύο
524 3775 693 3828 τινῶν
724 3766 1225 3853 ἀμφισϐητούντων
1275 3770 1584 3826 ἐπισκόπων
1639 3771 1763 3845 περὶ
1792 3771 2050 3840 πίστεως,

396 3856 691 3936 ὁρθοδόξου
720 3859 810 3915 καὶ
873 3861 1171 3935 Ἀρειανοῦ,
1203 3859 1292 3916 καὶ
1320 3863 1420 3915 τοῦ
1471 3860 1565 3933 μὶν
1599 3859 1878 3933 Ἀρειανοῦ
1933 3858 2052 3916 δια·

395 3947 653 4005 λεκτικοῦ
683 3944 866 4020 ὄντος,
910 3953 1008 4005 τοῦ
1065 3946 1124 4004 δὲ
1181 3945 1467 4024 ὀρθοδόξον
1527 3942 1781 4009 εὗσεϐοῦς
1836 3947 1926 4003 καὶ
1957 3969 2051 4003 πι-

395 4041 555 4105 στοῦ,
598 4039 627 4094 6
685 4036 975 4113 όρθὸδοξος
1033 4036 1345 4114 προύτεινεν
1405 4035 1546 4093 ὥστε
1589 4035 1890 4116 ἀφεμένους
1945 4042 2055 4093 τῶν

396 4124 582 4205 λόγων
669 4127 746 4191 εἷς
829 4131 938 4204 πῦρ
1024 4125 1306 4198 εἷ’σελθεῖν,
1386 4126 1478 4182 καὶ
1561 4123 1704 4182 οὕτω
1764 4123 2053 4203 δειχθῆναι

396 4217 489 4273 τὸν
552 4211 951 4293 εὐσεϐέστερον.
1009 4219 1123 4274 Τοῦ
1183 4214 1241 4272 δὶ
1292 4218 1572 4292 Ἀρειανοῦ
1635 4220 1802 4272 τοῦτο
1854 4236 2055 4292 παραι-

395 4310 709 4382 τησαμένου
767 4307 928 4369 αὐτὸς
987 4304 1232 4377 εἰσῆλθε,
1285 4305 1376 4361 καὶ
1433 4305 1488 4361 ἐν
1549 4305 1699 4378 μέσῳ
1743 4309 1841 4362 τοῦ
1882 4306 2054 4381 πυρὸς

394 4397 688 4471 ἱστάμενος
719 4393 996 4475 διελέγετο
1027 4399 1211 4466 πᾶσιν,
1247 4388 1499 4467 ἀϐλαϐὴς
1531 4394 1636 4450 ὑπὸ
1663 4398 1761 4451 τοῦ
1791 4398 1926 4452 Θεοῦ
1956 4417 2057 4475 φυ-

396 4485 752 4561 λαττόμενοςι

468 4577 566 4649 Τῷ
619 4580 683 4646 ιζ’
710 4569 826 4631 ἕτοι
856 4573 1094 4650 ἐτείχισε
1122 4574 1188 4629 τὸ
1219 4571 1417 4650 Δαρὰς,
1450 4573 1648 4650 χωρόν
1695 4573 1756 4628 ὃν
1785 4579 1886 4643 τῆς
1946 4579 2054 4630 Με-

2162 3413 2542 3469 inimicorum
2558 3429 2803 3469 suorum
2815 3414 3105 3469 instinctu
3119 3414 3429 3485 petitus,ut
3443 3418 3815 3468 menstruam

2163 3503 2215 3558 ei
2269 3520 2446 3575 porro
2513 3519 2814 3559 annonam
2873 3502 3271 3559 constituerit.
3332 3504 3471 3557 Erat
3518 3502 3677 3557 enim
3726 3502 3816 3556 vir

2162 3596 2741 3666 mansuetus.Atque
2772 3594 2982 3650 eodem
3010 3611 3220 3650 recens
3252 3593 3428 3650 modo
3460 3592 3816 3666 sacrilegum

2162 3689 2533 3740 tractaverat.
2569 3683 2808 3739 Duobus
2860 3684 3152 3755 episcopis
3203 3683 3275 3739 de
3315 3682 3431 3739 fide
3463 3682 3813 3738 altercantio

2161 3773 2292 3843 bus,
2327 3772 2657 3828 orthodoxe
2690 3777 2749 3829 et
2808 3773 3191 3841 Ariano,cum
3233 3773 3332 3828 hic
3363 3771 3697 3828 disserendi
3728 3771 3817 3827 fa-

2163 3863 2384 3919 cultate
2431 3861 2706 3934 polleret,
2739 3861 2842 3917 ille
2895 3863 3116 3934 pietate
3170 3867 3230 3917 et
3277 3861 3392 3917 ﬁde
3440 3860 3628 3917 fretus
3660 3862 3815 3916 hanc

2161 3952 2382 4007 Ariano
2404 3950 2810 4006 conditionem
2830 3950 2965 4005 tulit
2989 3958 3055 4005 ut
3075 3950 3296 4005 omissa
3326 3950 3729 4020 disputatione
3751 3949 3815 4005 in

2162 4041 2361 4115 ignem
2407 4055 2536 4094 sese
2591 4039 2825 4103 darent,
2856 4039 3057 4110 itaque
3108 4043 3243 4093 uter
3288 4039 3554 4110 ipsorum
3593 4037 3814 4109 pietate

2163 4134 2493 4205 praestaret,
2552 4135 2761 4186 notum
2822 4130 3011 4186 fleret.
3049 4130 3377 4185 Becusante
3433 4130 3652 4185 Ariano
3684 4129 3811 4200 ipse

2162 4220 2404 4276 intravit
2431 4219 2653 4292 ignem,
2687 4223 2745 4274 et
2797 4223 2961 4275 stans
3015 4219 3077 4273 in
3129 4218 3324 4273 medio
3356 4218 3487 4289 ejus
3529 4216 3709 4273 verba
3737 4216 3814 4273 ad

2164 4306 2612 4363 multitudinem
2662 4305 2824 4374 fecit,
2876 4307 2995 4362 Deo
3028 4307 3222 4378 ipsum
3276 4305 3645 4362 incolumem
3676 4321 3816 4361 con-

2164 4401 2456 4452 servante.

2236 4579 2409 4633 Anno
2444 4576 2507 4631 17
2557 4576 2909 4632 Anastasius
2958 4577 3161 4644 Daras,
3193 4580 3457 4632 castrum
3482 4576 3819 4647 Mesopota-

396 4665 740 4737 σοποταμίας
775 4663 912 4739 μέγα
952 4662 1045 4718 καὶ
1105 4662 1332 4738 ὀχυρὸν,
1391 4662 1553 4735 μέσον
1583 4664 1691 4717 τῶν
1742 4660 1884 4739 ὅρων
1942 4663 2052 4718 γεί-

2166 4667 2303 4723 miae
2356 4683 2638 4739 magnum
2671 4671 2846 4736 atque
2893 4665 3175 4729 validum,
3210 4665 3271 4720 in
3323 4664 3542 4721 finibus
3575 4664 3824 4721 Romani

401 4773 560 4827 μενον
595 4754 882 4828 Ῥωμαίων
912 4774 970 4809 τε
1001 4751 1093 4807 καὶ
1126 4756 1364 4827 Ιιερσῶν.
1399 4750 1503 4809 Καί
1545 4749 1795 4823 ἐποίησεν
1850 4751 2054 4822 ἐκκλη-

400 4842 516 4898 σίαν
544 4845 635 4899 καὶ
667 4843 834 4919 ὡρεῖα
863 4842 953 4899 καὶ
1012 4840 1325 4918 κινστέρνας
1374 4841 1466 4896 καὶ
1518 4835 1795 4915 ἐμϐόλους
1823 4842 1913 4896 καὶ
1960 4839 2057 4897 δύο

399 4929 643 5005 δημόσια
672 4930 892 5009 λοετρὰ,
925 4930 1207 5005 ὀνομάσας
1262 4930 1433 5001 αὐτὴν
1494 4929 2050 5001 Ἀναστασιούπολιν,

396 5021 490 5078 καὶ
521 5016 721 5079 ἕδώκεν
753 5022 894 5098 αὐτῇ
928 5018 1111 5077 δίκαια
1137 5019 1376 5082 πόλεως.

2169 4773 2237 4812 ac
2265 4755 2489 4811 Persici
2538 4754 2777 4825 imperii
2820 4754 3041 4810 muniit
3068 4771 3082 4822 ;
3115 4754 3523 4826 exstruxitque
3555 4753 3637 4809 ibi
3668 4758 3821 4809 tem-

2167 4844 2334 4918 plum
2370 4850 2430 4900 et
2460 4844 2673 4899 horrea
2703 4848 2764 4899 et
2814 4842 3104 4900 cisternas
3137 4848 3195 4899 et
3233 4849 3427 4899 rostra
3455 4860 3525 4899 ac
3554 4843 3671 4899 duo
3702 4857 3822 4914 pu-

2166 4933 2325 5009 blica
2348 4932 2584 4990 balnea.
2618 4933 2768 4988 Loco
2822 4932 2991 4989 urbis
3021 4931 3335 5006 privilegia
3385 4932 3570 4999 dedit,
3602 4937 3663 4988 et
3690 4946 3822 4988 eam

2167 5020 2672 5094 Anastasiopolim
2702 5021 3054 5078 nominavit.

1607 5137 1974 5195 XYLANDRI
2011 5141 2100 5197 ET
2137 5139 2355 5195 GOARI
2392 5137 2619 5194 ΝΟΤᾸΒ.

473 5256 588 5329 (99)
648 5257 1033 5314 Prasinorum
1080 5253 1367 5329 videlicet
1424 5256 1510 5329 et_
1539 5253 2068 5329 Venetorum__fre-

405 5324 661 5408 quenter
702 5330 766 5384 in
806 5326 1217 5408 Circensibus
1267 5324 1695 5381 certaminibus
1742 5325 2069 5398 digladian~

402 5398 574 5471 tium.
608 5401 687 5456 De
719 5400 936 5471 quibus
968 5398 1130 5471 alibi.
1180 5399 1355 5471 Genu.

470 5469 545 5542 (ᾖ)
579 5465 761 5542 Quale
796 5472 880 5527 sic
923 5469 1186 5542 explicat
1213 5467 1607 5542 'l‘hOphanes:
1667 5467 1768 5542 Ὃς
1818 5465 2068 5542 ἐξώρισεν

401 5537 567 5616 αὐτὸν
600 5540 676 5616 είς
706 5542 806 5616 τὴν
866 5537 1071 5616 Πέτραν
1128 5537 1190 5593 τὸ
1243 5537 1503 5616 φρούριον
1548 5543 1649 5606 τῆς
1709 5537 1935 5607 Ἀσίας,
1980 5541 2071 5594 καὶ

399 5607 517 5666 In?
545 5607 888 5683 ἐτελεύτησε.
922 5607 1102 5668 GbAn.

469 5683 548 5757 (2)
582 5680 1007 5743 Percursorem
1038 5681 1371 5742 Macedonii
1412 5697 1533 5739 non
1569 5681 1934 5740 Ascholium.
1970 5683 2074 5741 sed
2177 5680 2345 5757 ᾠδεῖα
2376 5683 2490 5741 scri

2179 5253 2532 5325 Eucholium
2586 5252 2716 5325 lego
2774 5253 2839 5325 in
2892 5251 3121 5325 Eclogis
3174 5249 3486 5325 Theodori,
3519 5244 3825 5325 Εξῢχόλιον.

2176 5328 2247 5382 Ει
2274 5343 2381 5398 pro
2438 5318 2768 5398 ἱεροσυλίαν,
2805 5318 3064 5398 ibidem'
3086 5323 3326 5398 rectius
3363 5318 3703 5398 ἱεροσύλους.
3746 5320 3828 5377 De

2176 5393 2636 5468 Anastasiopoli,
2669 5413 2704 5451 a
2757 5395 2945 5468 Nisibi
2982 5394 3229 5468 _stadiis_
3266 5395 3333 5448 98
3355 5393 3585 5468 dissita,
3619 5394 3831 5468 Proco-

2176 5471 2311 5542 pius
2341 5468 2468 5524 loco
2495 5463 2726 5525 _citato.
2763 5466 2911 5532 Quid
2934 5537 2945 5542 _
2965 5464 3134 5538 ὼρεῖα
3184 5466 3325 5542 sint,
3359 5464 3582 5542 Suidas
3599 5463 3835 5542 videtur

2177 5536 2413 5605 docere,
2447 5556 2581 5596 cum
2632 5542 2879 5609 ταμιεῖον
2930 5536 3354 5609 interpretatur
3394 5541 3516 5609 ;Aet
3545 5536 3742 5593 Graece
3774 5536 3837 5591 in

2174 5614 2467 5669 Pandectis
2540 5626 2603 5665 ro
2634 5607 2848 5666 horreo
2902 5608 3166 5680 ponitur.
3206 5607 3490 5680 Alioquin
3523 5610 3832 5680 putassem

2177 5680 2345 5739 ὠδεῖα
2376 5629 2781 5739 εονίϐεῑιάαω.
2813 5679 2981 5737 odea.
3011 5680 3150 5739 XYL.

2538 5682 2781 5755 endum,
2813 5679 2981 5737 odea.
3011 5680 3150 5739 XYL.
