4144 6410
427 351 547 413 689

1497 349 2052 436 HISTORIARUM
2097 343 2634 408 GOMPENDIUM.

3733 343 3855 406 690

433 479 536 546 λάς
593 481 788 546 πόλεις
844 484 932 540 καὶ
992 483 1270 560 Κύριλλον
1327 486 1418 540 τὸν
1489 485 1788 560 στρατηγὸν
1847 482 2082 558 Θράκης,

2199 479 2460 535 Thracia:
2516 477 2861 550 praefectum
2915 476 3095 548 cepit,
3135 493 3202 533 ac
3257 476 3577 550 praedando
3643 477 3852 549 Cpolin

433 571 525 626 καὶ
555 570 696 641 ἦλθε
740 570 1049 648 πραιδεύων
1098 571 1202 638 ἕως
1254 574 1572 644 Βυζαντίου.
1626 573 1978 633 Ἀναστάσιος
2034 569 2092 624 δὲ

434 660 712 738 ἀπογνοὺς
741 661 947 736 πέμπει
986 665 1123 738 πρὸς
1155 664 1398 739 εἰρήνην,
1442 664 1659 738 ὀμνύων
1699 661 1790 716 σὺν
1841 665 1911 736 τῇ
1961 682 2094 736 συγ·-

431 748 626 824 κλήτῳ
685 751 815 816 τοὺς
873 750 1239 826 ἐξορισθέντας
1295 751 1681 808 ἀνακαλεῖσθαι
1739 753 1832 806 καὶ
1915 755 2092 806 Maxe-

441 836 617 894 δόνιον
650 840 742 895 καὶ
775 835 1090 896 Φλαϐιανὸν
1120 837 1420 896 ἀπολαϐεῖν
1450 843 1579 904 τοὺς
1614 840 1785 902 ἰδίους
1841 839 2093 915 θρόνους,

431 927 525 983 καὶ
583 926 806 983 σύνοδον
861 929 1102 1004 γενέσθαι
1160 929 1212 984 ἐν
1265 929 1585 1004 Ἡρακλείᾳ,
1643 927 1948 1004 ἐρχομένου
2001 925 2093 980 καὶ

434 1022 533 1072 τοῦ
565 1017 812 1090 Ῥώμης.
863 1012 1285 1075 Βεϐαιωσάντων
1338 1015 1395 1073 δὲ
1449 1019 1666 1073 πάντων
1722 1021 1888 1072 ταῦτα
1942 1014 2087 1089 γενέ-

434 1109 578 1176 σθαι,
613 1107 642 1161 ὁ
679 1104 1003 1168 Βιταλιανὸς
1034 1106 1278 1172 ἀπῆλθεν
1313 1107 1388 1170 εἰς
1420 1109 1486 1162 τά
1516 1105 1629 1162 ἴδια
1678 1103 1978 1183 γενομένης
2011 1105 2089 1158 εἱ-

443 1197 636 1270 ρήνης.
673 1195 980 1260 Ἐλθόντων
1043 1194 1099 1251 δὲ
1150 1196 1458 1253 ἐπισκόπων
1507 1197 1558 1252 ἐν
1611 1193 1909 1272 Ἡρακλείᾳ
1966 1195 2095 1248 ὡσεὶ

437 1283 731 1341 διακοσίων
789 1284 850 1341 ἐκ
908 1283 1184 1362 διαφόρων
1239 1282 1445 1356 τόπων,
1491 1288 1520 1342 ὁ
1579 1280 1780 1355 ἀσεϐὴς
1843 1282 2096 1361 βασιλεὺς

439 1369 690 1450 παραϐάς
737 1374 834 1437 τᾶς
883 1377 1154 1446 συνθήκας
1215 1377 1351 1450 μετὰ
1404 1377 1492 1431 καὶ
1545 1375 1820 1449 Τιμοθέου
1872 1373 2095 1429 ἐπισκό-

436 1487 542 1521 που
602 1463 1234 1528 Κωνσταντινουπόλεως
1309 1465 1536 1528 τούτους
1623 1465 1918 1534 ἐνέπαιξαν,
2004 1463 2093 1518 καὶ

442 1554 790 1630 ἀνεχώρησαν
827 1552 1115 1630 ἄπρακτοι.

526 1645 586 1701 Ρ.
620 1645 746 1717 361]
801 1648 894 1716 Τῷ
948 1641 1027 1698 κδ’
1086 1639 1191 1698 ἔτει
1249 1645 1278 1698 ὁ
1346 1641 1670 1704 Βιταλιανὸς
1727 1641 2097 1716 ἀγανακτήσας

427 1733 564 1788 κατᾶ
622 1733 983 1788 Ἀναστασίου
1047 1731 1136 1788 διὰ
1191 1735 1292 1802 τήν
1356 1732 1635 1808 ἐπιορκίαν
1711 1729 1900 1786 πολλὰ
1955 1730 2096 1785 κακά

428 1827 546 1884 τοῖς
583 1819 972 1895 στρατοπέδοις
1012 1821 1361 1880 Ἀναατασίου
1417 1823 1508 1877 καὶ
1567 1824 1638 1894 τῇ
1693 1820 1866 1895 λοιπῇ
1926 1818 2088 1875 πολι-

425 1910 545 1982 τείᾳ
616 1908 980 1982 ἐπεδείκνυτο,
1071 1913 1323 1987 ἁρπάζων
1413 1911 1503 1966 καὶ
1591 1907 1937 1988 ρφοπλίζων,
1991 1907 2100 1964 καὶ·

422 1998 587 2062 τέλος
617 1999 756 2075 πρὸς
785 1995 942 2075 ὕϐριν
990 1997 1212 2056 ἕκαστον
1266 2000 1604 2076 στρατιώτης
1655 2005 1781 2074 μιᾶς
1832 1995 2085 2079 φόλλεως

428 2089 774 2166 πιπράσκων.
1579 2121 1582 2124 ~

499 2181 596 2252 Τῷ
635 2186 710 2235 κε’
740 2174 845 2235 ἔτει
878 2179 1071 2238 Οῦννοι
1090 2180 1142 2235 οἱ
1174 2178 1466 2257 λεγόμενοι
1493 2173 1820 2254 Σαϐἢρ,τὰς
1845 2177 2086 2241 Κασπίας

425 2271 606 2336 πύλας
659 2270 1006 2348 περάσαντες,
1062 2276 1163 2343 τήν
1224 2273 1514 2348 Ἀρμενίαν
1574 2269 1888 2349 ἐξέδραμον,
1942 2274 2091 2330 Καπ-

425 2359 691 2418 παδοκίαν
721 2385 780 2418 τε
809 2362 900 2418 καὶ
932 2363 1198 2420 Γαλατίαν
1226 2364 1318 2418 καὶ
1374 2363 1575 2418 Πόντον
1627 2361 1979 2436 ληϊζόμενοι,
2011 2362 2086 2423 ὡς

425 2452 515 2506 καὶ
576 2452 646 2506 τὰ
700 2452 948 2528 Εὐχάϊτα
1012 2457 1211 2527 μικροῦ
1279 2453 1748 2527 παραστήσασθαι·
1808 2452 1929 2506 ὅθεν
1995 2451 2087 2505 καὶ

431 2539 613 2616 φυγὼν
669 2539 698 2594 ὁ
755 2539 903 2614 ἱερὸς
965 2537 1304 2601 Μακεδόνιος
1377 2536 1571 2613 σχεδὸν
1632 2535 1956 2593 κινδυνεύων
2011 2537 2089 2599 εἰς

432 2627 674 2704 Γάγγραν
731 2625 985 2698 διεσώθη.
1064 2631 1236 2704 Ὅπερ
1325 2628 1510 2700 μαθὼν
1577 2627 1930 2689 Ἀναστάσιος
1996 2647 2088 2680 πι-

429 2721 576 2793 κρῶς
645 2719 808 2774 αὐτὸν
864 2717 975 2773 ἐκεῖ
1024 2719 1344 2794 προσέταξεν
1401 2716 1784 2794 φυλάττεσθαι,
1843 2719 2085 2791 πέμψας,

431 2807 506 2868 ὥς
561 2828 742 2885 φασιν,
805 2806 895 2862 καὶ
954 2807 1044 2862 τὸν
1101 2807 1461 2882 ἀναιρήσοντα
1525 2805 1707 2862 αὐτόν’
1767 2804 2087 2866 Τελειωθεὶς

430 2892 488 2951 δὲ
519 2895 571 2950 ἂν
603 2895 871 2972 Γάγγραις
902 2895 1162 2966 κατετέθη
1207 2895 1261 2951 έν
1301 2901 1382 2968 τῷ
1427 2900 1542 2968 ναῷ
1587 2899 1684 2950 τοῦ
1732 2895 1894 2972 ἁγίου
1950 2894 2086 2968 μάρ-

431 3005 595 3057 τυρος
626 2983 985 3054 Καλλινίκου,
1017 2983 1232 3047 πολλάς
1285 2985 1451 3050 ἰάσεις
1496 2983 1782 3040 ἐπιτελῶν.
1836 2981 2084 3038 Μέλλον-

429 3094 523 3136 τος
550 3071 605 3128 δὲ
635 3074 804 3128 αὐτοῦ
852 3072 903 3129 ἐν
931 3078 1010 3146 τῷ
1065 3074 1218 3152 τάφῳ
1256 3074 1512 3144 τίθεσθαι,
1569 3073 1700 3147 ἃρας
1755 3073 1854 3141 τήν
1910 3070 2082 3143 δεξιάν

440 3168 599 3237 χεῖρα
635 3163 1094 3242 κατισφραγίσατο
1149 3168 1255 3236 rip}
1287 3168 1520 3239 σταυρῷ,
1579 3165 1670 3218 καὶ
1730 3161 1901 3224 οὕτως
1955 3181 2084 3217 κατ-

440 3253 614 3322 ετέτη.
658 3254 756 3309 Καὶ
790 3250 1059 3328 Θεοδώρῳ
1095 3251 1152 3308 δέ
1197 3275 1304 3308 τινι
1357 3258 1465 3308 τῶν
1522 3253 1781 3307 συνόντων
1841 3253 1990 3307 εἶπεν
2029 3250 2080 3305 ἔν

438 3340 693 3415 ὁράματι·
755 3338 1051 3414 Ἐκλαϐοῦ,
1134 3343 1225 3398 καὶ
1313 3341 1534 3411 ἄπελθε,
1595 3342 1685 3397 καὶ
1745 3339 2085 3416 ἐπανάγνωθι

432 3429 773 3504 ’Δναστασίῳ
805 3430 1002 3506 λέγων·
1061 3433 1203 3509 Ἐγὼ
1264 3433 1356 3506 μὲν
1415 3431 1730 3508 ἀπέρχομαι
1776 3433 1912 3507 πρὸς
1957 3428 2084 3491 τοὺς

431 3521 666 3596 πατέρας
696 3544 823 3596 μου,
854 3523 929 3577 ὧν
956 3524 1057 3592 τὴν
1107 3522 1284 3578 πίστιν
1336 3525 1635 3599 τετήρηκα,
1689 3522 1752 3576 οὗ
1801 3541 2082 3594 παυσομαι

431 3608 490 3666 δὲ
523 3611 715 3686 ὀχλῶν
745 3613 836 3667 τὸν
868 3613 1143 3684 Δεσπότην
1181 3634 1303 3686 μου,
1341 3609 1504 3688 ἄχρις
1550 3611 1613 3667 οὗ
1672 3609 1838 3688 ἔλθῃς
1889 3611 1978 3668 καὶ
2011 3608 2086 3671 εἷς

431 3699 588 3774 δίκην
620 3701 966 3775 εἰσέλθωμεν.
1000 3703 1188 3775 Τούτῳ
1219 3707 1298 3775 τῷ
1343 3699 1447 3758 ἔτει
1499 3699 1872 3776 Ἀλεξανδρεῖς
1925 3702 2086 3758 πλεῖ-

435 3813 576 3862 στοι,
611 3789 796 3869 ἅνδρες
825 3794 916 3848 καὶ
967 3799 1220 3868 γυναῖκες
1273 3792 1362 3848 καὶ
1421 3790 1632 3859 παιδία,
1693 3789 1881 3854 δεινῶς
1937 3794 2088 3864 πλη-

434 3879 617 3956 γέντες
645 3881 752 3936 ὐπὸ
784 3880 1057 3956 δαιμόνων
1101 3881 1312 3957 ἀθρόως
1373 3879 1659 3936 ὑλάκτουν.
1715 3883 1848 3945 Καθ’
1885 3882 2087 3944 ὕπνους

437 3965 496 4024 δέ
523 3991 608 4033 τις
638 3967 750 4026 εἶδέ
777 3992 898 4026 τινα
955 3965 1186 4050 αοὸερὸν
1233 3969 1469 4046 λέγοντα
1507 3971 1591 4025 ’ὀτι
1637 3967 1725 4024 διὰ
1769 3971 1894 4030 τοὺς
1949 3969 2086 4025 ἀνα-

433 4058 808 4133 θεματισμοὺς
838 4065 938 4130 τῆς
998 4056 1227 4115 συνόδου
1281 4059 1486 4130 ταύτης
1543 4057 1843 4134 πάσχουσι.
1895 4062 1993 4131 Τῷ
2041 4056 2088 4114 δ’

431 4147 584 4220 αὖτῳ
633 4143 740 4204 ἔτει
800 4144 1073 4223 Ἀριάλνη
1132 4150 1166 4218 ἡ
1229 4147 1448 4220 βασιλὶς
1504 4146 1868 4219 ἐτελεύτησεν.
1931 4148 2087 4205 Ἐπίο

431 4257 634 4292 σκοπον
675 4233 733 4292 δέ
788 4258 906 4292 τινα
961 4237 1053 4293 τὸν
1111 4234 1396 4296 Οἷνιάνδον
1453 4235 1755 4313 λεγόμενον
1795 4237 2027 4299 ἀκούσας
2060 4239 2088 4293 ὁ

435 4326 633 4403 μιαρὸς
663 4327 1018 4388 ’Δναστάσιος
1075 4327 1148 4390 ὡς
1208 4327 1421 4403 εὐφυῶς
1469 4325 1782 4404 διαλέγεται
1821 4327 1913 4384 καὶ
1955 4331 2087 4385 πάν-

431 4436 528 4478 τας
610 4413 949 4490 ἐπιστομίζει
1005 4415 1134 4477 τοὺς
1187 4422 1268 4489 τῷ
1338 4415 1568 4492 δόγματι
1628 4417 1792 4473 αὐτοῦ
1849 4437 2090 4494 προσαν-

436 4504 686 4582 έχοντας,
716 4505 1234 4581 προσκαλεσάμενος
1265 4500 1390 4582 ἔφη’
1423 4512 1583 4563 Γενοῦ
1623 4515 1724 4578 τῆς
1771 4507 1912 4582 ἐμῆς
1965 4511 2090 4583 μοί-

438 4616 556 4669 ρας,
627 4597 1065 4671 θαυμασιώτατε,
1125 4598 1214 4652 καὶ
1281 4603 1384 4652 πᾶν
1446 4597 1578 4672 ὅπερ
1662 4599 1907 4670 αἰτήσεις
1963 4585 2168 4674 παρΪῙ)

429 4687 592 4756 ἡμῶν
627 4683 782 4761 λήψῃ
805 4685 1061 4766 τάχιστα.
1085 4688 1150 4745 Ὀ
1182 4684 1238 4742 δὲ
1259 4689 1396 4764 πρὸς
1427 4687 1612 4744 αὐτόν’
1649 4689 1725 4744 Σὺ
1753 4692 1970 4764 μᾶλλον
1992 4698 2093 4762 τῆς

432 4772 730 4848 ὀρθοδόξου
767 4775 963 4852 μοίρας
997 4781 1179 4854 γενοῦ,
1210 4777 1299 4833 καὶ
1334 4779 1408 4852 μή
1441 4781 1509 4851 τῇ
1543 4775 1670 4851 δόξῃ
1729 4784 1836 4834 τῶν
1886 4776 2090 4836 ἀσεϐῶν

435 4857 690 4940 Σεϐήρου
719 4866 810 4920 καὶ
844 4865 1125 4943 Εὐτυχοῦς
1151 4867 1241 4923 καὶ
1285 4867 1582 4943 Διοσκόρου
1632 4866 1896 4942 ἑπόμενος
1940 4870 2090 4942 κλη-

433 4955 756 5030 ρονομήσῃς
783 4956 848 5011 τὸ
877 4960 986 5033 πῦρ
1015 4958 1078 5012 τὸ
1108 4956 1350 5016 αἰώνιον.
1385 4957 1486 5014 Καὶ
1516 4962 1683 5013 ταῦτα
1711 4957 1878 5013 εἰπὼν
1932 4957 2090 5033 ἐδρά-

432 5042 558 5115 ξατο
578 5051 680 5114 τῆς
706 5043 1000 5120 χλαμύδος
1018 5051 1116 5102 τοῦ
1135 5043 1430 5122 βασιλέως,
1455 5046 1655 5123 λέγων·
1681 5050 1859 5104 Τοῦτο
1883 5049 1946 5103 τὸ
1963 5049 2091 5124 ἱμά-

427 5154 545 5188 τιον
579 5131 842 5208 οὐδαμῶς
869 5135 944 5198 εἷς
977 5135 1111 5208 ᾇδου
1144 5132 1610 5212 συγκαταϐήσεταί
1665 5158 1772 5206 σοι,
1830 5137 2084 5209 Βασιλεῦ,

427 5220 578 5278 ἀλλᾶ
609 5223 746 5296 μόνη
780 5226 815 5294 ἡ
848 5221 1124 5282 θεοσέϐεια
1152 5226 1244 5282 καὶ
1274 5225 1478 5301 ἀρετῶν
1509 5233 1724 5306 κτῆσις.
1775 5229 1940 5306 Ἄφες
1983 5231 2082 5299 τήν

428 5310 788 5386 Ἐκκλησίαν,
819 5315 886 5384 ἤν
917 5316 945 5369 ὁ
969 5317 1206 5389 Χριστὸς
1236 5311 1323 5370 διὰ
1351 5319 1454 5370 τοῦ
1485 5303 1632 5370 ἰδίου
1681 5303 1912 5387 αἳματος
1939 5316 2082 5389 ἐξη-

425 5401 679 5476 γόρασεν.
723 5403 973 5476 ’Λμαθὴς
1033 5405 1211 5459 εἶκαὶ
1270 5401 1689 5480 ἀσυλλόγιστος.
1749 5401 1918 5461 Οὐδὲν
1975 5412 2080 5461 τῶν

422 5493 524 5560 τῆς
557 5489 889 5564 Ἑκκλησίας
921 5493 1212 5571 δογμάτων
1245 5489 1486 5570 ἀκριϐῶς
1528 5493 1831 5564 ἐπίστασαι,
1887 5495 2015 5552 ἀλλ’

428 5578 668 5644 πλάναις
699 5584 788 5638 καὶ
823 5583 1215 5658 βωμολοχίαις
1248 5583 1605 5661 μορμολύττῃ
1637 5585 1763 5646 τοὺς
1818 5582 2078 5663 ἄφρονας.

430 5671 658 5751 ’Δρκοῦ,
694 5671 948 5749 βασιλεὺς
982 5671 1076 5748 ὤν,
1108 5673 1190 5750 ,εἰς
1248 5675 1311 5729 τὸ
1368 5673 1459 5729 σὸν
1493 5673 1746 5756 κάξίωμα,
1804 5675 1894 5730 καὶ
1949 5675 2077 5762 τοὺς

2199 585 2389 640 usque
2407 566 2715 640 processit.
2739 568 2886 621 Tum
2907 567 3266 636 Anastasius,
3291 567 3466 622 rebus
3495 567 3618 622 suis
3648 566 3856 638 deplo-

2201 658 2366 723 ratis,
2399 673 2604 728 pacem
2654 672 2762 728 per
2808 655 3032 728 legatos
3080 657 3248 728 petit,
3293 657 3506 727 jurans
3553 673 3673 711 una
3719 672 3854 711 cum

2202 753 2412 802 senatu
2464 763 2525 801 se
2583 746 2878 818 relegatos
2916 752 3352 815 revocaturum,
3398 745 3738 802 Macedonio
3789 762 3857 802 ac

2201 836 2477 891 Flaviano
2510 852 2649 890 suos
2680 835 3054 907 episcopatus
3086 835 3484 900 redditurum,
3535 835 3858 892 concilium

2203 925 2499 981 Heracleae
2533 931 2804 981 acturum
2847 932 3084 981 evocato
3133 927 3311 982 etiam
3362 943 3517 999 papa
3571 928 3856 982 Romano.

2203 1021 2345 1072 Cum
2377 1018 2576 1072 in-has
2599 1017 2971 1072 conditiones
3002 1021 3161 1072 esset
3189 1015 3262 1071 ab
3295 1014 3574 1072 omnibus
3607 1031 3862 1070 consen-

2205 1123 2358 1172 sum,
2380 1107 2888 1178 Vitalianus,pace
2904 1106 3080 1174 facta,
3101 1105 3346 1161 domum
3369 1105 3568 1160 rediit.
3590 1104 3701 1160 Sed
3722 1120 3858 1159 cum
3921 1097 3938 1119 ³

2202 1197 2440 1253 circiter
2455 1201 2558 1252 200
2580 1197 2841 1269 episcopi
2866 1213 2936 1251 ex
2957 1196 3204 1252 diversis
3227 1196 3493 1268 partibus
3511 1195 3856 1251 Heracleam

2203 1287 2642 1354 convenissent,
2693 1285 3017 1358 imperator
3064 1286 3305 1358 impius,
3358 1285 3590 1340 violatis
3643 1283 3855 1356 pactis,

2203 1375 2478 1447 adjutore
2509 1376 2816 1430 Timotheo
2848 1375 3162 1446 Cpolitano
3196 1376 3495 1446 episcopo,
3527 1374 3602 1430 iis
3630 1373 3854 1439 illusit;

2203 1471 2380 1536 atque
2413 1465 2475 1534 ii,
2508 1481 2572 1520 re
2603 1465 2771 1522 nulla
2801 1465 3091 1532 confecta,
3144 1464 3570 1520 discesserunt.

2277 1649 2444 1700 Anno
2476 1647 2542 1698 24
2573 1645 2899 1700 Vitalianus
2927 1645 3240 1702 Anastasio
3271 1644 3346 1700 ob
3375 1643 3707 1717 perjurium
3736 1641 3860 1700 ira-

2204 1738 2299 1788 tus
2331 1734 2624 1789 exercitus
2656 1735 2784 1806 ejus
2816 1740 2876 1788 et
2905 1751 3031 1789 rem
3064 1734 3366 1805 publicam
3389 1733 3597 1793 multis
3624 1732 3857 1790 damnis

2124 1845 2168 1911 Β
2203 1824 2432 1878 affecit:
2464 1841 2600 1878 nam
2630 1830 2689 1878 et
2717 1823 3096 1894 praedabatur
3126 1829 3184 1879 et
3212 1823 3435 1880 milites
3456 1823 3853 1895 captosﬂﬂ

2200 1912 2560 1982 exarmabat,
2592 1911 2953 1984 tandemque
2986 1913 3362 1969 contumeliae
3395 1929 3574 1970 causa
3603 1912 3854 1984 singulis

2199 2003 2392 2059 obolis
2421 2021 2523 2060 eos
2555 2004 2931 2064 divendebat.
3673 2018 3683 2022 “

2268 2189 2442 2239 Anno
2481 2187 2548 2238 25
2581 2183 2801 2253 Ilunni,
2835 2183 2935 2255 qui
2968 2184 3348 2256 appellantur
3375 2184 3602 2255 Saberi,
3649 2183 3854 2257 Caspis

2197 2274 2385 2344 portis
2399 2273 2618 2344 egressi
2640 2275 3005 2344 Armeniam,
3021 2275 3474 2347 Cappadociam,
3492 2276 3779 2332 Galatiam
3799 2281 3857 2331 et

2198 2363 2453 2418 Pontum
2487 2363 2936 2419 incursionibus
2955 2370 3280 2432 vexarunt;
3314 2383 3645 2438 parumque
3663 2365 3860 2421 abfuit

2199 2451 2343 2521 quin
2375 2453 2660 2508 Euchaita
2690 2454 2869 2508 etiam
2902 2453 2964 2507 in
2997 2471 3163 2509 suam
3209 2459 3562 2526 potestatem
3613 2454 3852 2526 redige-

2198 2547 2350 2595 rent.
2386 2541 2762 2597 Macedonius
2793 2542 3034 2613 quidem
3066 2543 3194 2614 jam
3226 2544 3488 2614 periculo
3542 2544 3848 2614 proximus

2199 2629 2338 2685 inde
2368 2631 2626 2703 profugit
2657 2633 2714 2686 et
2742 2632 3029 2699 Gangram
3063 2633 3348 2703 pervenit.
3381 2633 3730 2688 Anastasius
3775 2633 3848 2688 de

2198 2719 2309 2775 hoc
2341 2721 2557 2776 certior
2586 2721 2777 2776 factus
2801 2721 2984 2792 jussit
3012 2737 3147 2776 eum
3178 2721 3364 2794 rigide
3415 2722 3497 2776 ibi
3537 2721 3852 2792 custodiri,

2198 2809 2381 2864 misso
2415 2810 2593 2864 etiam
2625 2809 2730 2881 (ita
2759 2810 2946 2882 aiunt)
2978 2826 3350 2882 percussore.
3383 2812 3496 2866 Sed
3551 2811 3852 2868 Marcedo-

2197 2899 2332 2954 nius
2364 2900 2606 2972 Gangrm
2652 2905 2922 2955 mortuus
2972 2901 3034 2955 in
3083 2900 3206 2956 aede
3258 2902 3537 2972 martyris
3583 2900 3853 2956 Callinici

2198 2989 2478 3044 humatus
2505 2993 2614 3060 est,
2648 2989 2987 3060 multosque
3018 3007 3053 3045 a
3083 2995 3272 3045 morte
3304 3007 3412 3046 sua
3439 2989 3662 3046 morbis
3693 2991 3852 3046 libe-

2195 3077 2360 3132 ravit.
2425 3079 2570 3134 Cum
2624 3078 2752 3150 jam
2813 3083 2970 3133 esset
3026 3079 3087 3133 in
3146 3079 3420 3151 sepulcro
3477 3079 3848 3148 condendas,

2197 3172 2517 3239 antequam
2549 3167 2609 3222 id
2650 3168 2838 3236 ﬁeret,
2891 3167 3126 3224 sublata
3166 3163 3376 3225 dextra
3424 3166 3610 3224 manu
3655 3171 3846 3226 crucis

2196 3257 2363 3328 signo
2396 3256 2736 3328 sepulcrum
2768 3257 3120 3329 obsignavit.
3153 3257 3315 3312 Idem
3337 3315 3342 3321 ,
3367 3257 3670 3312 Theodoro
3718 3259 3850 3314 cui-

2189 3345 2326 3400 dam
2349 3362 2590 3401 suorum
2613 3345 2972 3401 familiarum
2997 3362 3102 3418 per
3117 3347 3406 3402 visionem
3431 3346 3608 3401 dixit:
3632 3347 3847 3419 Excipe

2190 3433 2337 3502 haec,
2360 3440 2417 3490 et
2431 3434 2550 3504 abi,
2565 3441 2741 3506 atque
2757 3435 3066 3490 Anastasio
3085 3435 3292 3500 recita,
3308 3435 3548 3490 dicens:
3575 3437 3692 3506 Ego
3705 3437 3807 3507 qui
3820 3467 3842 3480 ο

2189 3524 2327 3579 dem
2357 3523 2737 3580 Macedonius
2769 3523 2916 3580 abeo
2948 3524 3021 3580 ad
3053 3531 3250 3596 patres
3284 3541 3470 3594 meos,
3505 3524 3565 3580 in
3591 3541 3848 3596 quorum

2194 3613 2309 3668 ﬁde
2345 3613 2610 3684 perstiti:
2646 3614 2884 3670 interim
2917 3621 3119 3670 tamen
3151 3631 3388 3685 semper
3411 3615 3726 3670 Dominum
3757 3616 3847 3680 in-

2193 3703 2545 3774 terpellabo,
2578 3703 2719 3759 dum
2752 3709 2814 3759 tu
2845 3720 3083 3775 quoque
3114 3705 3314 3760 venias
3344 3709 3406 3759 et
3435 3704 3617 3770 causa
3645 3709 3850 3762 nostra

2195 3789 2580 3864 disceptetur.
2611 3792 2832 3856 Eodem
2863 3809 3022 3849 anno
3055 3792 3423 3850 Alexandriae
3444 3793 3552 3848 viri
3583 3793 3846 3866 plurimi,

2193 3881 2459 3952 itemque
2482 3883 2764 3938 mulieres
2796 3888 2855 3937 et
2881 3883 3074 3954 pueri,
3103 3883 3356 3955 graviter
3384 3901 3418 3938 a
3476 3881 3849 3953 daemonibus

2193 3969 2484 4025 verberati
2515 3969 2753 4025 assidue
2783 3969 3098 4026 latrabant.
3129 3974 3195 4027 In
3226 3970 3454 4027 somnis
3484 3975 3686 4026 autem
3723 3973 3852 4028 cui-

2194 4061 2332 4117 dam
2363 4059 2651 4114 terribilis
2673 4059 2916 4130 quidam
2939 4061 3236 4131 apparuit,
3255 4059 3707 4116 dicenscivibus
3723 4060 3851 4117 haec

2196 4150 2270 4206 ob
2302 4149 2717 4205 damnationes
2739 4149 2802 4204 in
2828 4149 3081 4204 concilio
3103 4149 3292 4204 editas
3311 4148 3606 4205 accidere.
3630 4150 3851 4207 Eodem

2195 4255 2352 4295 anno
2385 4238 2641 4294 decessit
2671 4238 2936 4294 Ariadna
2983 4243 3285 4310 Augusta.-
3311 4240 3588 4310 [inpurus
3645 4246 3852 4296 autem

2193 4330 2536 4385 Anastasius
2548 4327 2888 4401 episcopum
2903 4326 3848 4400 quemdamﬂiniandumaudiens

2195 4421 2485 4477 disertum
2517 4420 2836 4476 admodum
2869 4437 3022 4488 esse,
3057 4425 3117 4475 et
3145 4419 3244 4490 qui
3267 4436 3375 4475 ora
3391 4419 3548 4476 034
3568 4419 3848 4476 omnibus

2197 4514 2512 4570 sententiae
2529 4513 2599 4569 de
2613 4531 2788 4585 passo
2809 4515 2925 4569 Deo
2945 4511 3345 4574 assertoribus
3366 4512 3691 4576 obturare't.
3711 4530 3849 4570 eum

2199 4605 2273 4660 ad
2305 4622 2366 4661 se
2398 4612 2668 4660 vocatum
2700 4606 2970 4661 hortatus
3003 4611 3092 4661 est
3121 4611 3188 4661 ut
3215 4605 3291 4661 ad
3322 4621 3491 4661 suam
3519 4603 3853 4665 factionem

2205 4694 2584 4759 descisceret,
2619 4695 2910 4767 pollicens
2932 4713 3068 4750 eum
3093 4693 3384 4766 quidquid
3407 4698 3679 4767 petiisset
3697 4699 3854 4755 illico

2201 4789 2605 4854 accepturum.
2639 4784 2744 4839 Cui
2777 4785 3091 4856 episcopus
3117 4800 3134 4844 ς
3163 4785 3270 4852 Tu,
3303 4784 3518 4855 inquit,
3552 4789 3750 4859 potius
3781 4789 3855 4843 ad

2201 4873 2562 4928 orthodoxos
2592 4873 2802 4942 transi,
2844 4890 2940 4939 ne,
2968 4874 3109 4929 dum
3167 4871 3482 4945 OpiniOnes
3520 4872 3853 4947 impiorum

2199 4961 2511 5016 hominum
2535 4963 2752 5030 Severi,
2776 4963 3057 5034 Eutychis
3080 4967 3136 5016 et
3161 4962 3423 5017 Dioscori
3445 4964 3849 5034 amplecteris,

2199 5055 2420 5107 aeterno
2452 5051 2569 5122 igni
2601 5051 2924 5121 addicaris;
2949 5051 3248 5121 simulque
3266 5051 3721 5122 apprehendens
3743 5055 3851 5110 im-

2197 5143 2488 5212 peratoris
2518 5141 2894 5214 chlamydem
2922 5159 2934 5196 :
2965 5144 3119 5209 Haec,
3143 5141 3246 5204 ait,
3268 5141 3445 5196 vestis
3467 5157 3848 5214 nequaquam

2195 5236 2254 5286 te
2284 5236 2418 5302 post
2448 5237 2701 5286 mortem
2729 5236 3031 5303 sequetur,
3073 5247 3107 5285 ο
3156 5230 3516 5301 imperator:
3567 5232 3672 5287 sed
3721 5234 3849 5296 sola

2196 5320 2578 5376 comitabitur
2606 5325 2660 5376 te
2691 5321 2880 5392 pietas
2910 5337 2977 5375 ac
3008 5319 3291 5373 virtutum
3321 5317 3588 5374 habitus.
3609 5323 3846 5381 Missam

2193 5409 2284 5466 fac
2312 5409 2659 5477 Ecclesiam,
2706 5425 2884 5480 quam
2943 5407 3210 5463 Christus
3258 5423 3364 5462 suo
3407 5405 3662 5467 redemit
3710 5430 3848 5471 san-

2191 5500 2391 5572 guine.
2425 5499 2703 5555 Indoctus
2743 5515 2806 5554 es
2837 5503 2896 5553 et
2925 5495 3319 5552 ratiocinandi
3352 5498 3615 5569 ignarus,
3649 5519 3843 5576 neque

2190 5587 2382 5644 ullum
2414 5585 2690 5644 Ecclesia;
2721 5589 3025 5643 decretum
3056 5586 3317 5658 perfecte
3356 5585 3681 5663 intelligis:
3712 5599 3842 5650 tan-

2189 5667 2317 5758 tum
2374 5676 2722 5750 imposturis
2779 5681 2839 5732 et
2871 5665 3236 5774 scurrilibus
3283 5671 3603 5736 calumniis
3650 5682 3843 5747 fatuos
