4120 6434
320 441 438 505 691

1689 436 2010 499 GEORGII
2055 435 2396 498 CEDRENI

3627 434 3750 496 692

329 581 534 629 terres.
567 573 718 628 Satis
751 572 855 627 tibi
887 573 964 628 sit
989 571 1312 643 dignitatis,
1341 569 1499 640 quod
1524 570 1848 640 imperator
1874 585 1966 625 es:

2101 572 2188 622 τῶν
2227 566 2534 638 ἐκκλησιῶν
2595 567 2906 642 προστάτας
2963 566 3037 638 μὴ
3097 564 3316 634 κόλαζε.
3349 566 3406 619 Ὀ
3465 563 3522 620 δὲ
3573 585 3750 638 κατῃ-

328 664 626 718 antistites
659 663 934 718 Ecclesiae
966 678 1177 716 vexare
1211 660 1356 716 noli.
1396 659 1478 714 Ad
1513 660 1636 713 haec
1661 659 1986 730 imperator

328 751 553 824 pudore
573 754 830 807 suffusus
853 751 1166 806 obmutuit.
1190 749 1611 820 Pauperrimus
1635 755 1831 804 autem
1851 766 1986 804 cum

332 846 490 896 esset
517 842 618 895 ille
647 842 980 912 episcopus,
1015 855 1090 893 ne
1130 837 1373 893 obolum
1406 837 1650 908 quidem
1682 837 1753 892 ab
1795 839 1985 909 impe-

330 935 527 984 ratore
555 929 738 984 voluit
767 928 1033 999 accipere
1062 943 1075 982 :
1111 927 1258 983 adeo
1290 927 1443 982 liber
1471 932 1599 983 erat
1630 932 1688 981 et
1720 927 1906 982 solius
1925 927 1986 981 in

330 1018 515 1073 Deum
547 1017 683 1073 ﬁdei
716 1033 782 1072 ac
815 1016 1052 1088 pietatis
1083 1017 1378 1072 rationem
1412 1016 1660 1072 habens.

404 1111 671 1162 Castrum
702 1111 790 1161 est
821 1107 881 1160 in
915 1108 1232 1162 Persarum
1263 1112 1439 1177 atque
1472 1105 1754 1161 Indorum
1796 1107 1986 1161 conli-

327 1195 448 1263 nio,
481 1197 724 1251 nomine
754 1195 1073 1265 Tzudader,
1107 1197 1170 1250 in
1218 1213 1333 1267 quo
1389 1195 1646 1250 multum
1695 1196 1986 1267 pecunia,

326 1285 783 1357 margaritarum
815 1291 874 1340 et
902 1285 1171 1356 lapidum
1216 1286 1614 1357 pretiosorum
1659 1286 1986 1358 repositum

325 1390 360 1430 a
374 1373 742 1429 daemonibus
764 1375 1485 1442 asservabatur.Cabades,
1506 1391 1576 1430 ea
1596 1392 1658 1429 re
1687 1379 1983 1447 percepta,

327 1468 587 1519 castrum
618 1480 908 1535 occupare
932 1464 1313 1532 estannixus,
1337 1480 1598 1534 cumque
1629 1465 1680 1518 ei
1710 1480 1743 1518 a
1765 1464 1987 1519 daemo-

327 1553 504 1608 nibus
537 1553 945 1620 obsisterctur,
980 1553 1258 1608 omnibus
1291 1558 1348 1608 et
1392 1555 1690 1625 Magorum
1744 1558 1800 1607 et
1849 1570 1986 1608 mox

327 1642 666 1698 Judzeorum
698 1645 939 1699 tentatis
985 1643 1213 1699 artibus
1264 1644 1456 1714 impos
1512 1642 1801 1714 propositi
1853 1642 1982 1696 fuit.

330 1733 478 1805 Ergo
511 1749 645 1788 cum
677 1733 729 1788 ei
778 1749 1129 1804 persuasum
1183 1739 1339 1787 esset
1385 1733 1860 1787 Christianarum
1911 1731 1985 1786 ad

334 1828 517 1881 Deum
545 1825 820 1898 precibus
869 1843 936 1880 eo
1005 1842 1066 1880 se
1113 1825 1290 1896 potiri
1346 1825 1494 1881 635
1553 1842 1746 1896 posse,
1798 1825 1909 1879 hoc
1953 1840 1987 1879 a

2094 659 2304 738 σχύνθη
2347 659 2435 714 καὶ
2488 654 2691 732 ἔμεινεν
2750 657 2981 738 ἄφωνος.
3039 658 3100 714 Ὁ
3161 651 3219 711 δέ
3281 678 3340 730 γε
3398 656 3566 734 σοφὸς
3627 653 3749 710 ἐπί-

2094 770 2298 810 σκοπος
2327 747 2645 810 πενέστατος
2679 743 2752 802 ὤν
2805 747 2905 803 οὐκ
2962 747 3202 817 ἠθέλησε
3250 747 3397 820 παρά
3438 749 3536 800 τοῦ
3591 746 3751 821 βασι-

2094 836 2233 900 λέως
2265 833 2451 892 λαϐεῖν
2505 836 2611 901 ’έως
2669 831 2895 892 ὀϐολοῦ·
2958 836 3132 898 οὕτως
3189 836 3255 904 ἦν
3313 834 3599 910 ἐλεύθερος
3657 833 3750 888 καὶ

2096 929 2265 1002 μόνης
2312 933 2410 997 τῆς
2469 927 2545 989 εἰς
2612 927 2742 981 Θεὸν
2801 926 3038 988 πίστεως
3096 923 3186 980 καὶ
3263 922 3532 986 εὐσεϐείας
3592 944 3749 1000 περι-

2093 1016 2448 1089 ποιούμενος.

2165 1111 2242 1182 [Ρ.
2301 1110 2429 1182 362]
2482 1107 2690 1181 Μεταξὺ
2773 1105 2959 1163 Ἰνδῶν
3041 1107 3132 1162 καὶ
3217 1110 3437 1182 Περσῶν
3520 1104 3752 1180 κάστρον

2093 1196 2234 1252 ἐστὶν
2268 1197 2676 1270 ὀνομαζόμενον
2703 1193 3028 1270 Τζουδάδερ,
3060 1194 3114 1250 ἐν
3146 1195 3191 1268 ᾦ
3247 1193 3438 1250 πολλά
3487 1196 3751 1270 χρήματα

2092 1287 2182 1342 καὶ
2211 1292 2541 1362 μαργαρῖται
2566 1286 2658 1342 καὶ
2691 1285 2840 1350 λίθοι
2869 1285 3048 1359 τίμιοι
3095 1284 3443 1357 ἀποκείμενοι
3491 1282 3749 1355 ἦσαν’καὶ

2097 1377 2200 1431 ὑπὸ
2229 1373 2507 1449 δαιμόνων
2564 1375 2952 1455 ἐφυλάττοντο.
3012 1378 3190 1430 Τοῦτο
3249 1369 3503 1445 Καϐάδης
3563 1373 3749 1446 μαθὼν

2095 1464 2273 1535 ἐζήτει
2320 1461 2534 1521 λαϐεῖν.
2594 1466 2698 1522 Καὶ
2763 1465 2866 1520 ὑπὸ
2922 1469 3032 1520 τῶν
3075 1463 3351 1537 δαιμόνων
3399 1462 3750 1536 κωλυόμενος

2092 1561 2230 1610 κινεῖ
2258 1557 2356 1625 τὴν
2411 1560 2519 1610 τῶν
2587 1555 2713 1630 παρ’
2766 1553 2930 1608 αὐτοῦ
2993 1553 3181 1627 μάγων
3252 1558 3426 1608 πᾶσαν
3485 1551 3752 1624 ἐπίνοιαν,

2092 1641 2275 1700 ἔπειτα
2305 1645 2395 1700 καὶ
2424 1649 2533 1700 τῶν
2582 1643 2886 1715 Ἰουδαίων,
2944 1645 3031 1698 καὶ
3075 1648 3177 1699 τοῦ
3237 1647 3449 1698 σκοποῦ
3502 1643 3751 1718 ἀποτυγ-

2090 1737 2268 1815 χάνει.
2313 1738 2557 1801 Πεισθεὶς
2588 1734 2645 1790 δὲ
2676 1733 2764 1791 διὰ
2788 1741 2892 1804 τῆς
2922 1734 3060 1810 πρὸς
3097 1734 3191 1788 τὸν
3242 1734 3370 1789 Θεὸν
3415 1734 3588 1809 εὐχῆς
3640 1737 3748 1788 τῶν

2091 1829 2429 1903 Χριστιανῶν
2481 1826 2678 1881 τούτου
2734 1829 3036 1898 κυριεῦσαι,
3087 1823 3381 1879 ἐπίσκοπόν
3438 1844 3556 1878 τινα
3614 1826 3749 1895 Χρι-

333 1915 589 1987 quodam
621 1914 897 1986 episcopo
929 1914 1397 1968 Christianorum
1423 1913 1484 1967 in
1519 1913 1759 1968 Perside
1803 1930 1981 1986 agen-

2101 1917 2306 1973 στιανὸν
2335 1916 2443 1970 ἀπὸ
2472 1920 2580 1970 τῶν
2631 1913 2682 1970 ἐν
2733 1911 2953 1989 Περσίδι
3012 1912 3134 1988 περὶ
3189 1913 3390 1968 τούτου
3447 1911 3752 1986 παρεκάλε-

329 2005 478 2058 tium
505 2003 829 2059 contendit.
864 2005 917 2058 Is
951 2003 1158 2074 synaxi
1193 2008 1414 2070 coacta,
1448 2019 1581 2057 cum
1615 2002 1828 2058 divinis
1854 2019 1983 2073 my-

327 2093 522 2149 steriis
554 2093 1077 2158 communicasset,
1113 2093 1185 2147 ad
1213 2093 1408 2147 locum
1441 2092 1732 2147 accedens
1768 2092 1984 2147 dmmo-

325 2198 431 2238 nas
462 2182 542 2236 ibi
566 2189 870 2237 morantes
893 2182 1105 2254 exegit,
1131 2187 1514 2252 castrumque
1549 2181 1794 2237 Cabadm
1817 2181 1983 2235 nullo

327 2271 529 2327 labore
559 2271 969 2342 occupandum
1003 2271 1266 2327 tradidit.
1301 2273 1424 2336 Quo
1466 2271 1755 2327 miraculo
1799 2271 1985 2327 Caba-

329 2360 434 2416 des
465 2360 755 2415 attonitus
786 2361 1045 2430 primum
1079 2360 1138 2414 in
1171 2376 1461 2414 concessu
1483 2359 1680 2413 locum
1707 2360 1983 2431 episcopo

329 2448 558 2517 tribuit,
591 2466 766 2520 quem
799 2450 1087 2504 hactenus
1119 2449 1421 2504 Manichaei
1459 2453 1517 2503 et
1551 2447 1737 2503 Judazi
1777 2455 1983 2503 tenue-

329 2546 502 2598 rant:
536 2541 785 2596 liberam
813 2557 1048 2613 quoque
1079 2545 1434 2613 potestatem
1465 2540 1606 2595 fecit
1638 2539 1708 2595 iis
1740 2540 1842 2610 qui
1880 2540 1984 2596 ba-

331 2631 534 2704 ptizari
564 2631 805 2686 vellent.

401 2721 749 2776 Anastasius
787 2736 925 2775 vero
976 2720 1152 2792 paulo
1200 2725 1338 2776 ante
1392 2736 1570 2791 quam
1621 2724 1981 2789 moreretur,

332 2809 545 2866 delatis
578 2809 654 2864 ad
684 2810 877 2881 ipsum
901 2809 1252 2864 insidiarum
1287 2808 1398 2864 sibi
1430 2808 1721 2863 factarum
1747 2807 1985 2862 indiciis

331 2899 552 2954 multos
583 2898 798 2970 corripi
831 2904 1008 2969 atque
1042 2898 1298 2952 interfici
1323 2896 1522 2968 jussit.
1557 2898 1622 2952 In
1651 2897 1839 2967 captis
1865 2896 1986 2950 fue-

331 2994 474 3043 runt
499 2988 679 3044 etiam
707 2987 974 3042 Justinus
1007 2992 1064 3042 et
1101 2987 1488 3041 Justinianus.
1520 2987 1675 3050 Quos
1704 3002 1838 3041 cum
1881 3001 1985 3039 ne.

333 3095 468 3134 care
499 3079 820 3144 statuisset,
857 3077 1141 3132 terribilis
1173 3077 1410 3148 quidam
1438 3079 1492 3133 ei
1514 3078 1576 3131 in
1600 3077 1826 3131 somnis
1851 3075 1985 3130 asti-

333 3168 424 3234 tit,
457 3168 540 3223 ita
569 3167 808 3222 dicens:
843 3167 968 3220 Tibi
1002 3166 1268 3237 quidem,
1301 3183 1333 3221 ο
1364 3167 1708 3237 imperator,
1734 3164 1987 3236 permis-

335 3275 465 3314 sum
515 3265 606 3314 est
654 3258 917 3328 reliquos
967 3257 1345 3312 insidiatores
1399 3258 1648 3312 tollere:
1683 3272 1717 3311 a
1758 3256 1986 3310 Iustino

333 3353 531 3404 autem
557 3347 960 3402 etJustiniano
983 3346 1344 3402 maleﬁcium
1369 3363 1544 3400 omne
1568 3345 1819 3400 abstine.
1843 3346 1989 3398 Nam

333 3454 453 3493 non
487 3436 690 3492 licebit
737 3441 794 3492 te
838 3436 947 3504 eis,
996 3441 1299 3506 utcunque
1353 3435 1517 3503 velis,
1566 3433 1722 3489 male
1769 3432 1988 3488 facere.

334 3526 600 3594 Cumque
633 3525 981 3580 Anastasius
1011 3524 1237 3579 diceret
1267 3541 1368 3578 eos
1389 3540 1523 3579 reos
1554 3539 1683 3578 esse
1715 3522 1855 3576 laese
1877 3522 1990 3575 im-

334 3613 645 3686 peratoriae
683 3612 1037 3683 majestatis,
1068 3611 1376 3683 respondit
1407 3610 1503 3666 ille
1547 3628 1673 3666 esse
1706 3627 1806 3666 eos
1855 3626 1992 3664 vasa

337 3704 587 3759 consilio
618 3702 1008 3776 providentiae
1041 3703 1252 3758 divina)
1297 3703 1672 3773 exsequendo
1722 3707 1878 3774 apta,
1935 3707 1994 3756 et

335 3799 658 3864 utrumque
691 3811 797 3849 suo
840 3799 1106 3865 tempore
1158 3795 1273 3848 Deo
1323 3811 1565 3865 operam
1615 3800 1986 3849 navaturum.

336 3887 528 3955 Atque
559 3884 666 3938 hos
698 3883 935 3954 quidem
967 3883 1116 3938 duos
1152 3883 1489 3938 Anastasius
1515 3884 1762 3938 crimine
1793 3881 1990 3937 absol-

337 3975 457 4030 vit:
489 3975 859 4030 insomnium
890 3991 1026 4028 vero
1059 3991 1165 4029 suo
1197 3979 1464 4045 tempore
1497 3974 1692 4029 exitus
1714 3989 1982 4044 compro-

335 4065 513 4121 bavit.
544 4066 800 4135 Uterque
831 4065 992 4119 enim
1024 4081 1230 4121 eorum
1258 4069 1393 4136 post
1420 4065 1713 4121 Anastasii
1736 4069 1989 4120 mortem

337 4155 590 4228 imperio
622 4154 860 4210 functus
893 4159 1000 4210 est.

410 4253 581 4302 Anno
613 4249 680 4300 27
711 4246 985 4318 apparuit
1013 4244 1323 4300 Anastasio
1354 4261 1460 4317 per
1488 4245 1856 4301 insomnium
1904 4245 1992 4300 vir

337 4335 644 4404 terribilis,
677 4335 942 4391 codicem
973 4339 1210 4405 gestans
1240 4355 1254 4400 ;
1287 4351 1464 4404 quem
1490 4334 1539 4388 is
1560 4352 1694 4389 cum
1724 4335 1991 4406 aperuis-

342 4430 432 4481 set
464 4431 523 4480 et
551 4440 772 4479 nomen
803 4423 1178 4493 imperatoris
1210 4423 1272 4476 in
1321 4440 1389 4478 eo
1440 4424 1784 4491 invenisset,
1837 4423 1990 4478 636

341 4516 426 4570 ait
452 4515 541 4568 illi
567 4531 579 4567 :
608 4515 752 4567 Ecce
786 4511 858 4566 ob
881 4511 1327 4582 perversitatem
1353 4511 1487 4566 fidei
1519 4518 1634 4567 tuae
1658 4512 1728 4567 de
1753 4513 1871 4566 vita
1891 4517 1993 4566 tua

342 4620 530 4660 annos
563 4605 629 4657 14
659 4601 849 4656 deleo.
896 4600 1200 4672 Simulque
1261 4618 1362 4656 eos
1412 4602 1716 4672 expunxit.
1771 4602 1990 4656 Somno

2095 2028 2204 2076 σεν,
2249 2005 2307 2066 ὅς
2341 2006 2550 2074 σύναξιν
2587 2001 2901 2065 ἐπιτελέσας
2931 2003 3021 2058 καὶ
3061 2007 3172 2058 τῶν
3221 2002 3378 2057 θείων
3432 2002 3746 2076 μυστηρίων

2095 2090 2437 2169 μεταλαϐὼν,
2465 2091 2784 2168 προσελθὼν
2816 2097 2894 2164 τῷ
2940 2093 3096 2165 τόπῳ
3144 2091 3272 2154 τοὺς
3323 2087 3494 2147 ἐκεῖσε
3543 2089 3747 2165 δαίμο-

2090 2204 2182 2245 νας
2229 2182 2474 2256 ἐξεδίωξε
2529 2183 2620 2238 καὶ
2675 2187 2753 2254 τῷ
2810 2176 3035 2255 Καϐάδῃ
3105 2181 3168 2234 τὸ
3223 2183 3457 2254 κάστρον
3530 2179 3746 2243 ἀπόνως

2089 2271 2424 2349 παρέδωκεν.
2459 2275 2546 2329 Ἐν
2604 2273 2783 2344 τούτῳ
2837 2266 3098 2341 Καϐάδης
3156 2268 3534 2338 καταπλαγεὶς
3592 2288 3751 2344 πρω-

2089 2363 2411 2441 τοκαθεδρίᾳ
2439 2366 2528 2420 τὸν
2562 2362 2856 2419 ἐπίσκοπον
2909 2361 3188 2435 ἐτίμησεν,
3248 2359 3353 2423 ἕως
3403 2363 3529 2417 τότε
3578 2363 3751 2418 Μανι-

2094 2455 2270 2532 χαίων
2341 2453 2432 2509 καὶ
2495 2451 2774 2509 Ἰουδαίων
2832 2450 3346 2527 προκαθεζομένων,
3404 2452 3495 2506 καὶ
3568 2449 3749 2506 ἄδειαν

2094 2543 2338 2623 παρέσχε
2366 2549 2484 2606 τοῖς
2521 2541 2887 2618 βουλομένοις
2924 2541 3299 2618 βαπτίζεσθαι.

2164 2721 2277 2795 Πρὸ
2315 2723 2512 2794 μικροῦ
2544 2717 2601 2774 δὲ
2633 2725 2733 2788 τῆς
2756 2718 3018 2788 τελευτῆς
3043 2717 3426 2787 Ἀναστασίου,
3449 2713 3750 2788 ἐπιϐουλῆς

2092 2811 2244 2880 αὐτῷ
2279 2809 2631 2882 μηνυθείσης,
2693 2809 2922 2886 συνέσχε
2982 2805 3230 2869 πολλοὺς
3287 2807 3376 2861 καὶ
3445 2806 3746 2861 ἀπώλεσεν·

2093 2899 2145 2956 ἐν
2176 2899 2261 2961 οἷς
2291 2900 2378 2954 καὶ
2415 2899 2706 2959 Ἰουστῐνος
2735 2900 2799 2966 ἦν
2829 2898 2919 2952 καὶ
2954 2898 3354 2959 ἰουστινιανός.
3381 2895 3622 2954 Μέλλων
3655 2897 3749 2951 οὗν

2095 2987 2419 3062 ἐξαφανίζειν
2447 2986 2576 3049 τοὺς
2608 2984 2830 3062 ἄνδρας,
2862 2985 3103 3060 παρέστη
3146 2985 3292 3057 αότῷ
3345 3007 3429 3050 τις
3473 2987 3588 3040 κατ’
3621 2980 3748 3061 ὄναρ

2095 3073 2325 3152 φοϐερὸν
2362 3076 2561 3153 λέγων·
2596 3075 2735 3136 Τοὺς
2771 3076 2866 3147 μὲν
2895 3073 3126 3136 λοιποὺς
3153 3080 3261 3130 τῶν
3279 3080 3387 3129 σῶν
3415 3069 3747 3143 ἐπιϐούλων,

2095 3168 2139 3221 ὦ
2176 3165 2422 3242 βασιλεῦ,
2457 3167 2821 3243 συνεχωρήθη
2857 3186 2942 3219 σοι
2975 3164 3559 3238 ἀφανίσαι,Ἰουστῖνον
3581 3160 3638 3218 δὲ
3657 3161 3750 3218 καὶ

2101 3256 2481 3312 Ἰουστινιανὸν
2543 3252 2815 3328 μηδαμῶς
2873 3251 3156 3327 ἀδικήσῃς⁹
3218 3251 3344 3308 οὐδὲ
3405 3253 3506 3328 γὰρ
3575 3251 3750 3317 θέλων

2101 3343 2325 3419 δυνήσῃ.
2360 3348 2465 3399 Τοῦ
2497 3342 2554 3399 δὲ
2602 3346 2872 3422 φήσαντος
2922 3345 3008 3399 ’ὁτι
3065 3344 3388 3398 καθοσιώσει
3431 3342 3562 3398 εἰσὶν
3615 3343 3749 3396 ὁπο-

2101 3429 2432 3506 ϐεϐλημένοι
2473 3430 2756 3507 βασιλικῇ,
2811 3428 2910 3510 ἔφη
2970 3432 3109 3507 πρὸς
3169 3432 3349 3488 αὐτόν·
3410 3432 3585 3501 Σκεύη
3645 3430 3748 3485 εἰσὶ

2100 3522 2393 3600 ’χωρητικὰ
2421 3529 2521 3591 τῆς
2561 3526 2658 3577 τοῦ
2691 3519 2826 3577 Θεοῦ
2861 3521 3071 3596 βουλῆς
3100 3543 3158 3576 τε
3188 3522 3278 3576 καὶ
3325 3520 3605 3596 προνοίας,
3659 3520 3750 3575 καὶ

2104 3611 2401 3685 μέλλουσιν
2435 3611 2887 3685 ὑπουργῆσαιτῷ
2919 3615 3035 3682 Θεῷ
3089 3609 3312 3671 ’ὲκαστος
3363 3611 3418 3664 ’ev
3468 3614 3586 3671 τοῖς
3628 3629 3753 3663 και-

2102 3706 2218 3776 ροῖς
2244 3700 2444 3755 αὐτῶν.
2476 3701 2575 3754 Καὶ
2610 3697 2674 3769 δὴ
2711 3699 2913 3778 ἀφῆκεν
2969 3700 3157 3761 αὐτοῖς
3215 3699 3546 3778 ἀμφοτέροις
3599 3699 3752 3754 Ἀνα-

2102 3790 2317 3852 στάσιος
2375 3790 2436 3844 τὸ
2489 3795 2591 3858 τῆς
2647 3789 3027 3852 καθοσιώσεως
3087 3785 3365 3863 ἔγκλημα.
3423 3782 3632 3858 Συνέϐη
3694 3783 3752 3842 δὶ

2099 3877 2266 3933 πάντα
2297 3876 2538 3954 γενέσθαι
2597 3879 2778 3940 καθὼς
2839 3880 2867 3932 ὁ
2923 3878 3106 3954 φανεὶς
3165 3877 3552 3954 ἀπεφθέγξατο·
3617 3875 3752 3950 μετά

2099 3969 2205 4043 γάρ
2233 3969 2332 4036 τῆν
2386 3963 2648 4036 τελευτὴν
2703 3966 3052 4023 Ἀναστασίου
3108 3967 3199 4020 καὶ
3255 3965 3556 4042 ἀμφότεροι
3614 3965 3750 4020 κατὰ

2098 4057 2321 4132 καιροὺς
2349 4056 2526 4111 αὐτῶν
2558 4050 2930 4112 ἐϐασίλευσαν.

2171 4233 2264 4308 Τῷ
2293 4241 2370 4304 κζ
2399 4230 2506 4290 ἔτει
2539 4235 2892 4295 Ἀναστάσιος
2924 4231 3062 4287 εἶδεν
3095 4232 3149 4288 ἐν
3183 4233 3418 4306 ὁράματι
3439 4230 3606 4306 ἄνδρα
3647 4251 3750 4308 φο-

2101 4320 2255 4399 ϐερὸν
2294 4325 2627 4400 βαστάζοντα
2657 4320 2888 4392 κώδικα,
2922 4321 2978 4376 ὅν
3004 4321 3325 4391 ἀναπτυξας,
3358 4321 3447 4374 καὶ
3488 4321 3658 4393 εὑρὼν
3689 4321 3752 4376 τὸ

2102 4417 2276 4490 ὄνομα
2305 4418 2473 4472 αὐτοῦ
2505 4421 2602 4472 τοῦ
2635 4413 2931 4490 βασιλέως,
2965 4414 3110 4468 εἶπεν
3145 4412 3310 4486 αὐτῷ’
3345 4411 3485 4470 Ἰδοὺ
3515 4411 3605 4468 διὰ
3650 4415 3750 4484 τῆν

2099 4506 2456 4565 κακοπιστίαν
2490 4527 2588 4560 σου
2625 4503 2908 4582 ἀπαλείφω
2961 4501 3443 4580 τεσσαρεσκαίδεκα
3492 4498 3611 4576 ἔτη,
3659 4503 3751 4559 καὶ

2100 4596 2405 4672 ἀπήλειψεν
2432 4596 2588 4651 αὑτά.
2622 4595 2962 4658 Διυπνισθεὶς
2996 4591 3052 4649 δὲ
3081 4592 3519 4671 προσεκαλέσατο
3547 4594 3752 4668 Ἀμάν-

342 4693 571 4752 solutus
603 4691 952 4746 Anastasius
981 4690 1346 4746 insomnium
1379 4689 1439 4744 id
1461 4690 1737 4746 Amantio
1762 4707 1987 4762 prrepo-

2101 4709 2214 4743 τιον
2242 4687 2334 4742 τὸν
2367 4684 2750 4761 πραιπόσιτον,
2784 4683 2873 4738 καὶ
2907 4685 3052 4740 εἶπεν
3081 4685 3228 4756 αὐτῷ
3256 4686 3319 4740 τὸ
3367 4680 3571 4760 ὅραμα.
3607 4685 3666 4742 Ὀ
3694 4681 3752 4739 δὲ

345 4786 457 4842 sito
487 4783 562 4839 ad
594 4799 655 4837 se
684 4785 886 4835 vocato
919 4779 1209 4850 exposuit.
1253 4784 1444 4849 Atque
1473 4779 1522 4833 is
1557 4795 1570 4833 :
1623 4781 1738 4848 Ego
1790 4780 1991 4848 etiam,

344 4875 560 4946 inquit,
603 4870 958 4943 imaginatus
1005 4885 1157 4934 sum,
1205 4885 1340 4923 cum
1390 4865 1647 4923 astarem
1698 4869 1994 4941 majestati

345 4969 481 5031 tuae,
513 4959 744 5015 venisse
775 4973 1054 5028 magnum
1085 4972 1354 5026 porcum,
1390 4955 1490 5026 qui
1524 4972 1617 5010 me
1651 4962 1808 5010 veste
1841 4973 1995 5011 arre-

344 5057 511 5125 ptum
561 5050 622 5105 in
675 5053 893 5102 terram
945 5044 1301 5116 prostaverit
1360 5049 1537 5114 atque
1601 5045 1990 5100 devoraverrt.

343 5141 566 5198 Deinde
606 5137 847 5194 Proclus
905 5134 1342 5189 insomniorum
1387 5133 1687 5204 conjector
1733 5135 1990 5189 advenit.

342 5228 866 5305 pronuntiavitque
900 5230 1217 5293 utrumque
1248 5222 1424 5293 paulo
1458 5228 1591 5293 post
1620 5223 1734 5278 vita
1782 5223 1994 5280 defun-

341 5329 602 5379 cturum.
636 5316 748 5372 Sed
773 5312 1136 5376 Anastasius,
1153 5329 1286 5366 cum
1313 5311 1552 5366 oraculo
1577 5312 1816 5367 edoctus
1840 5318 1997 5369 esset

344 5413 476 5484 igne
515 5409 626 5465 sibi
678 5402 1049 5476 pereundum
1100 5401 1246 5465 fore,
1299 5401 1618 5455 cisternam
1664 5403 1725 5456 in
1773 5403 1993 5473 palatio

346 5517 475 5570 quae
500 5497 754 5570 Frigidia
771 5493 1008 5559 dicitur,
1037 5491 1241 5546 multis
1264 5491 1558 5547 meatibus
1579 5493 1829 5563 aperuit,
1856 5511 1996 5563 quo-

345 5604 477 5642 rum
524 5587 739 5656 cuique
799 5581 979 5638 cadus
1024 5581 1331 5652 appositus
1385 5586 1560 5647 esset,
1612 5599 1834 5637 conans
1882 5583 1994 5637 hoc

347 5681 517 5747 pacto
559 5672 868 5729 oraculum
898 5671 1131 5724 irritum
1159 5669 1428 5725 reddere.
1454 5672 1671 5726 Verum
1696 5671 1756 5726 id
1787 5672 1891 5727 abs
1929 5689 1992 5726 re

348 5765 462 5820 fuit
485 5780 498 5818 :
517 5761 769 5816 fulmine
792 5760 951 5815 enim
970 5758 1258 5816 divinitus
1280 5763 1371 5816 est
1387 5759 1557 5816 ictus.
1581 5760 1841 5818 Cadaver
1861 5760 1990 5833 ejus

2103 4778 2243 4831 εἶπεν
2274 4773 2545 4848 ὅτιΚάγὼ
2575 4773 2876 4846 ἐθεασάμην
2907 4773 2992 4829 ὅτι
3045 4775 3450 4850 παρισταμένου
3499 4779 3580 4846 τῷ
3625 4773 3754 4846 κρά-

2099 4886 2179 4920 τει
2211 4886 2306 4918 σου
2341 4868 2537 4938 χοῖρος
2573 4862 2737 4935 μέγας
2777 4861 2950 4916 ἐλθὼν
2979 4864 3068 4916 καὶ
3113 4859 3443 4937 δραξάμενός
3498 4867 3605 4935 μοῦ
3649 4868 3750 4930 τῆς

2101 4954 2340 5030 χλαίνης
2381 4950 2670 5026 κατέρῥαξέ
2732 4972 2798 5023 με
2856 4951 2931 5013 εἷς
2989 4953 3090 5020 τῆν
3143 4959 3242 5026 γῆν
3298 4952 3391 5007 καὶ
3449 4950 3751 5008 ἀνάλωσεν.

2099 5042 2392 5106 Ἐλθόιτος
2427 5039 2484 5096 δὲ
2512 5044 2609 5095 τοῦ
2643 5039 3012 5115 ὀνειροκρίτου
3066 5038 3339 5115 Πρόκλου,
3385 5042 3621 5112 ἤκουσαν
3673 5042 3757 5096 ὃτι

2099 5134 2189 5188 καὶ
2233 5131 2536 5208 ἀμφότεροι
2589 5133 2701 5204 μετ’
2765 5129 2830 5184 οὐ
2889 5129 3032 5184 πολὺ
3098 5130 3429 5190 τελειοῦσθε.
3499 5131 3649 5188 Ἑπεὶ
3703 5129 3758 5185 δὲ

2101 5225 2515 5301 κεχρημάτιστο
2549 5218 2638 5274 διὰ
2670 5220 2841 5295 πυρὸς
2873 5220 3034 5275 αὐτὸν
3079 5223 3180 5290 τήν
3221 5221 3538 5292 ἀμείλικτον
3595 5221 3757 5276 αὐτοῦ

2102 5313 2288 5387 ψυχήν
2349 5309 2675 5388 ἀποβρἧξαιι
2733 5311 2833 5379 τὴν
2894 5309 2945 5363 ἐν
3005 5314 3084 5382 τῷ
3142 5309 3394 5384 παλάτίῳ
3451 5313 3755 5387 κινστέρναν
3808 5334 3811 5337 ·

2101 5403 2200 5469 τήν
2235 5397 2534 5474 λεγομένην
2565 5399 2795 5473 Ψυχράν
2831 5397 2935 5466 ξεῖς
2995 5398 3180 5454 πολλά
3237 5399 3435 5472 στόμια
3493 5397 3758 5470 διανοίξας

2102 5492 2191 5548 καὶ
2218 5487 2450 5552 κάδδους
2505 5487 2557 5543 ἐν
2617 5488 2827 5560 ἑκάστῳ
2886 5491 2965 5558 [Ρ.
3035 5490 3161 5561 363]
3222 5489 3481 5562 παραθεὶς
3537 5485 3760 5544 ἔσπευδε

2099 5583 2198 5650 τὴν
2258 5578 2518 5648 τοιαύτην
2576 5575 2699 5650 περὶ
2758 5573 2921 5630 αὐτοῦ
2998 5577 3332 5654 προφητείαν
3390 5575 3562 5650 ψευδῆ
3625 5579 3760 5632 ἀπο-

2103 5667 2290 5740 δεῖξαι.
2323 5665 2482 5724 Ἀλλ’
2521 5665 2837 5739 ἐματαιώθη
2903 5662 2992 5720 διὰ
3052 5673 3209 5735 κενῆς
3262 5667 3290 5720 ὁ
3351 5664 3610 5730 δείλαιος·
3667 5661 3758 5722 καὶ

2099 5760 2201 5836 γὰρ
2232 5759 2363 5834 θείῳ
2423 5759 2652 5831 σκηπτῷ
2703 5755 3060 5833 κεραυνωθεὶς
3114 5748 3458 5832 ἐμϐρόνητος
3512 5754 3756 5835 γέγονεν,
