4144 6410
449 387 568 449 693

1518 383 2067 448 HISTORIABUM
2111 381 2669 446 COMPENDIUM.

3683 465 3688 474 ,
3753 385 3874 446 694

454 519 642 589 Ἐτέθη
675 515 733 574 δὶ
759 517 823 572 τὸ
856 521 1018 592 σῶμα
1045 515 1210 573 αὖτοῦ
1241 514 1292 572 ἐν
1325 539 1404 588 τῳ
1424 521 1537 589 ναῷ
1565 520 1673 572 τῶν
1707 515 1906 592 Ἀγίων
1941 517 2074 572 Ἀπο

2224 517 2285 572 in
2316 519 2453 575 fano
2484 518 2889 592 apostolorum
2912 517 3251 589 depositum
3281 519 3456 586 est,in
3471 521 3617 574 cista
3642 521 3862 591 Aquin-

448 609 685 675 στόλων,
734 607 785 662 ἐν
817 607 1040 683 λάρνακι
1100 608 1426 678 Ἀκυντιανῇ
1484 609 1582 678 (6),
1648 606 1782 678 μετᾶ
1812 602 2103 679 Ἀριάδνης

447 706 549 764 τῆς
608 697 860 774 γυναικὸς
922 697 1090 752 αὐτοῦ
1146 693 1680 770 προτελευτησάσης.
1725 694 1901 758 Οὗτος
1953 693 2111 769 λέγε-

445 809 534 845 ται
573 792 776 843 καῦσαι
807 786 898 840 καὶ
928 787 994 840 τὰ
1030 780 1218 861 βιϐλία
1247 789 1346 839 τοῦ
1376 782 1785 858 χρυσαργύρου.

521 878 812 934 Ἰουστῖνος
867 877 895 931 6
958 873 1126 952 μέγας
1199 873 1457 950 βασιλεὺς
1532 873 1819 947 Ῥωμαίων
1880 871 1972 944 ἔτη
2031 875 2099 932 θ’.

447 966 621 1029 Οὗτος
671 969 736 1036 ἦν
784 961 1012 1034 εὐσεϐὴς
1064 965 1222 1039 ἀνὴρ,
1281 958 1594 1038 πρεσϐύτης
1623 964 1713 1018 καὶ
1745 962 2105 1037 πολύπειρος,

446 1057 554 1112 απὸ
585 1060 932 1130 στρατιωτῶν
965 1054 1264 1128 ἀρξάμενος
1321 1054 1409 1109 καὶ
1467 1050 1574 1114 ἓως
1630 1059 1730 1120 τῆς
1791 1049 2106 1126 συγκλήτου

445 1147 757 1220 προκόψας,
815 1143 1090 1218 Ἰλλυριὸς
1139 1148 1221 1216 τῷ
1277 1145 1439 1218 γένει’
1496 1143 1549 1196 οἱ
1598 1139 1656 1196 δὶ
1703 1146 1882 1216 Θρᾷκα
1914 1147 2106 1197 τοῦτον

443 1234 698 1311 λέγουσιν
756 1235 915 1290 εἶναι.
967 1236 1068 1290 Ἢν
1128 1231 1185 1288 δέ
1240 1233 1320 1305 τῷ
1375 1232 1588 1304 σώματι
1650 1229 1902 1303 μεσῆλιξ,
1946 1231 2104 1306 εὐρὺς

437 1324 567 1387 τοὺς
627 1322 814 1398 ὤμους
870 1322 961 1378 καὶ
1017 1322 1084 1378 τὰ
1151 1321 1363 1398 στέρνα,
1422 1320 1642 1381 πολιόςο
1687 1320 1907 1389 ἐπήνθει
1939 1317 2104 1392 δέτῷ

438 1414 722 1487 προσώπῳ
780 1413 947 1467 αὐτοῦ
1005 1407 1223 1486 ἔρευθος
1280 1409 1537 1485 βλοσυρῷ
1590 1407 1704 1464 ὄντι
1758 1408 1850 1463 καὶ
1880 1407 2100 1465 πλατεῖ.

441 1504 608 1565 Οὗτος
666 1507 828 1557 πᾶσιν
876 1499 1098 1576 ἄριστος
1135 1499 1384 1576 ἐδείχθη,
1435 1498 1694 1570 ζηλωτὴς
1741 1505 1842 1567 τῆς
1874 1495 2102 1572 όρθοδό-

443 1594 536 1665 ξου
561 1591 793 1654 πίστεως
850 1591 940 1646 καὶ
997 1589 1048 1645 ἐν
1107 1595 1219 1650 τοῖς
1275 1588 1547 1663 πολέμοις
1608 1585 1861 1663 μεγάλως
1887 1584 2100 1642 εὐδοκι-

445 1686 584 1754 μῶν.
619 1675 867 1754 Σύμϐιον
930 1677 988 1735 δὲ
1040 1675 1185 1755 ἔχων
1248 1676 1587 1733 Λουππικίαν
1635 1676 1852 1750 ἔστεψεν
1883 1679 1959 1748 (7)
1989 1675 2096 1732 Αὐ-

439 1774 690 1844 γοῦσταν,
722 1768 792 1839 ἤν
844 1770 896 1824 οἱ
955 1767 1130 1842 δῆμοι
1190 1770 1268 1841 (8)
1326 1765 1768 1844 ἐστεφανωμένην
1804 1765 2096 1844 Εὐφημίαν

2224 609 2575 680 tianaJuxta
2588 607 2863 664 Ariadnae
2883 609 3088 663 uxoris
3122 623 3493 679 corpus,qum
3511 613 3646 662 ante
3669 609 3868 680 ipsum

2218 715 2248 753 e
2279 699 2422 754 vivis
2455 705 2805 755 excesserat.
2839 699 2891 753 Is
2949 699 3298 754 Anastasius
3353 697 3542 752 fertur
3589 699 3868 769 cbrysar-

2214 789 2340 860 gyri
2375 788 2580 842 tributi
2615 788 2846 843 tabulas
2879 788 3300 853 combussisse,

2284 882 2552 936 Justinus
2606 898 2856 954 magnus
2916 882 3242 953 imperator
3295 881 3698 937 Romanorum
3756 878 3869 935 fuit

2222 986 2412 1025 annos
2443 971 2591 1037 9,vir
2619 971 2774 1041 pius,
2809 987 2986 1025 senex
3017 987 3084 1025 ac
3116 970 3431 1040 multiplici
3455 969 3672 1041 peritia
3718 986 3874 1041 prte—

2213 1058 2392 1114 ditus.
2425 1062 2472 1114 A
2505 1059 2749 1114 militari
2783 1059 2990 1115 ordine
3032 1076 3221 1131 usque
3258 1059 3333 1114 ad
3387 1060 3747 1114 senatoriam
3779 1058 3864 1112 di-

2212 1149 2496 1221 gnitatem
2531 1155 2897 1221 pervenerat.
2932 1151 3128 1205 Patria
3185 1150 3293 1204 fuit
3349 1149 3642 1222 Illyricus,
3677 1165 3861 1220 quan-

2212 1255 2390 1308 quam
2403 1237 2501 1293 alii
2514 1239 2795 1294 Thracem
2813 1239 2996 1293 fuisse
3021 1238 3626 1309 afﬁrmant.Corporis
3641 1241 3868 1292 statura

2205 1327 2322 1382 fuit
2353 1328 2659 1394 mediocri,
2687 1328 2819 1383 latis
2850 1327 3117 1382 humeris
3149 1333 3205 1382 et
3237 1334 3472 1398 pectore
3504 1325 3865 1393 canus,facie

2208 1417 2355 1470 truci
2391 1434 2457 1471 ac
2487 1418 2606 1471 lata
2636 1422 2694 1471 et
2724 1417 2940 1471 rubore
2978 1415 3216 1471 infecta.
3255 1415 3557 1487 Optimum
3591 1433 3651 1470 se
3675 1415 3863 1470 omni-

2207 1504 2318 1559 bus
2347 1504 2935 1572 demonstravit,cum
2968 1509 3027 1558 et
3056 1503 3400 1559 orthodoxa)
3424 1503 3560 1558 fidei
3593 1504 3858 1558 studeret

2206 1599 2264 1648 et
2290 1593 2448 1648 bello
2481 1610 2754 1666 magnam
2784 1595 2931 1648 637
2967 1593 3216 1666 gloriam
3246 1597 3502 1666 pararet.
3533 1593 3861 1665 Conjugem

2205 1699 2372 1738 suam
2409 1683 2748 1754 Suppiciam
2808 1682 3144 1738 diademate
3204 1688 3475 1738 ornatam
3533 1685 3858 1753 Augustam

2203 1774 2457 1840 creavit;
2511 1791 2688 1844 quam
2740 1779 3085 1828 coronatam
3146 1773 3400 1844 p0pu1us
3463 1772 3856 1844 Euphemiam

437 1857 706 1915 ἐκέλεσανο
741 1859 932 1931 Τούτῳ
951 1863 1030 1931 τῷ
1058 1857 1337 1929 Ἰουστίνῳ
1366 1855 1646 1918 Εὐλάλιός
1663 1854 1881 1924 τις,ἀπὸ
1896 1851 2080 1952 ’πλου-

2202 1867 2427 1917 mutato
2461 1862 2705 1916 nomine
2755 1861 3093 1934 appellavit.
3130 1863 3294 1916 llunc
3349 1862 3645 1916 Justinum
3678 1859 3857 1915 Eula-

432 1949 565 2004 σίων
594 1949 882 2022 γενόμενος
914 1946 1101 2018 πένης,
1135 1945 1186 2001 ἐν
1215 1951 1294 2019 τῷ
1324 1943 1547 2018 μέλλειν
1577 1944 1736 2000 αὐτὸν
1779 1938 2086 1998 ἀποϐιῶνκι

431 2035 662 2113 ἔγραψεν
707 2036 1042 2107 ἐνδιαθήκως
1084 2035 1438 2110 κληρονόμον
1483 2035 1795 2102 ἰουστῖνον,
1851 2051 2091 2108 παρακε-

434 2128 768 2202 λευσάμενος
809 2125 950 2182 ὥστε
1007 2127 1102 2188 τὰς
1153 2131 1298 2200 τρεῖς
1339 2125 1504 2181 αὐτοῦ
1545 2125 1834 2198 θυγατέρας
1891 2124 2088 2198 μικρὰς

426 2215 875 2297 καταλειφθέίσας
933 2215 1227 2291 ἀναθρέψαι
1285 2216 1373 2270 καὶ
1435 2213 1778 2290 ἐκπροικίσαι
1836 2213 1926 2268 τὸν
1991 2214 2088 2288 βα-

430 2305 604 2376 σιλέα,
664 2307 754 2362 καὶ
813 2307 986 2362 πάντα
1041 2305 1207 2360 αὐτοῦ
1277 2305 1343 2360 τὰ
1401 2303 1539 2384 χρέα
1604 2299 1902 2358 ἀποδοῦναι
1969 2308 2086 2366 τοῖς

426 2394 926 2472 χρεωστουμένοις,
985 2394 1076 2450 καὶ
1133 2395 1200 2450 τά
1255 2399 1609 2470 γραμματεῖα
1667 2391 2085 2470 ἀναρῥύσασθαι·

422 2487 558 2561 ἅπερ
617 2483 918 2561 βασιλικῶς
967 2485 1143 2540 πάντα
1194 2485 1496 2546 Ἰουστῖνος
1546 2481 1862 2556 ἐπλήρωσε.
1921 2503 2087 2536 κατα-

425 2574 704 2648 πλήξαςέν
771 2575 952 2646 τούτῳ
1018 2575 1193 2629 πάντα
1259 2573 1545 2647 ἄνθρωπον
1611 2573 1707 2626 τὸν
1759 2570 2082 2626 ἀκούσαντα.

427 2663 756 2726 Βιταλιανὸς
790 2660 847 2718 δὲ
878 2664 905 2717 6
955 2661 1289 2738 προβόηθεῖς
1340 2659 1548 2740 σφόδρα
1591 2661 1842 2734 ᾠκειώθη
1875 2664 1953 2732 τῷ
1985 2661 2083 2733 βα-

425 2753 590 2823 σιλεῖ,
623 2750 915 2829 όρθόδοξος
965 2749 1021 2807 δὲ
1071 2747 1143 2806 ὤν
1198 2747 1440 2826 Σεϐῆρον
1472 2751 1724 2826 ᾐτήσατο
1756 2753 2084 2824 καθαιρεθῆ-

425 2865 531 2899 ναι.
564 2845 738 2916 ’Ὁπερ
784 2842 969 2914 μαθὼν
1029 2839 1232 2902 ἐκεῖνος
1292 2841 1472 2918 φεύγει
1532 2838 1623 2894 σὺν
1685 2837 1974 2911 Ἰουλιανῷ
2002 2843 2083 2911 τῷ

433 2933 836 3008 Αλικαρνασοῦ’
924 2932 1014 2986 καὶ
1102 2930 1180 2992 εἷς
1258 2929 1531 3003 Αἴγυπτον
1600 2927 1926 2992 ἀπελθόντες
1990 2929 2080 2983 καὶ

419 3025 510 3080 τὸν
567 3025 693 3100 περὶ
751 3027 995 3101 φθαρτοῦ
1045 3022 1136 3077 καὶ
1186 3023 1463 3101 ἀφθάρτου
1494 3023 1572 3095 (9)
1608 3019 1770 3094 λόγον
1821 3021 2082 3090 κινήσαν-

420 3136 510 3177 τες
610 3113 810 3184 ταύτην
910 3111 1184 3186 ἐτάραξαν,
1291 3110 1587 3185 Διοσκόρου
1656 3109 2080 3171 ἑπισκοποῦντος

427 3202 848 3279 Ἀλεξανδρείας.
888 3203 1232 3260 Ἐπισκόπων
1286 3199 1342 3256 δὲ
1393 3201 1499 3257 ἀπὸ
1545 3201 1766 3274 Ῥώμης
1804 3198 2075 3264 ἐλθόντων

428 3291 477 3349 δι
554 3291 848 3367 Ὀρμίσδου
924 3291 1224 3347 ἐπισκόπου
1299 3291 1525 3364 Ῥώμης
1598 3296 1667 3364 τῇ
1746 3289 2075 3346 Βιταλιανοῦ

421 3381 655 3458 σπουδῇ,
708 3378 785 3438 ἔτι
845 3387 1046 3451 ζῶντος
1104 3382 1356 3438 Ἰωαννου
1409 3384 1506 3435 τοῦ
1562 3377 1928 3436 Καππαδόκου
1958 3380 2081 3435 ἐπι-

419 3474 628 3528 σκόπου
683 3468 1336 3537 Κωνσταντινουπόλεως,
1387 3472 1486 3540 τὴν
1544 3470 1702 3544 ἁγίαν
1752 3468 1803 3524 ἐν
1845 3467 2080 3540 Χαλκη-

418 3559 538 3618 δόνι
569 3561 834 3637 τετάρτην
883 3557 1107 3615 σύνοδον
1165 3560 1301 3632 πρὸς
1363 3564 1483 3622 ταῖς
1514 3557 1712 3620 ἄλλαις
1770 3559 1915 3634 τρισὶ
1948 3579 2076 3612 συν-

417 3648 568 3715 όδοις
603 3657 724 3712 τοῖς
755 3648 1053 3726 διπτύχοις
1095 3647 1359 3719 συνέταξε.
1396 3643 1644 3722 Σεϐήρου
1675 3645 1732 3703 δέ
1760 3652 1857 3702 τοῦ
1886 3644 2077 3702 δυσσε-

419 3737 550 3804 ϐοῦς
613 3737 859 3796 ἐκποδὼν
893 3739 1184 3817 γεγονότος
1249 3737 1464 3800 Παῦλος
1520 3737 1916 3812 ἐχειροτονήθη
1959 3737 2076 3792 ἐπί-

417 3853 622 3894 σκοπος
655 3829 1016 3905 Ἀντιοχείας,
1052 3831 1080 3884 6
1111 3825 1401 3906 ξενοδόχος
1433 3832 1542 3883 τῶν
1586 3823 1893 3885 Εὐϐούλου.
1927 3829 1987 3884 Ὁ
2019 3826 2076 3882 δὲ

422 3921 680 3997 βασιλεὺς
752 3917 979 3975 Ξεναΐαν
1047 3919 1140 3974 τὸν
1216 3919 1305 3972 καὶ
1383 3915 1700 3990 Φιλόξενον,
1780 3915 2073 3972 ἐπίσκοπον

414 4008 802 4087 Ἱεραπόλεως,
907 4008 1352 4085 Μανιχαιόιρρονα
1456 4004 1604 4076 ὄντα,
1706 4003 1796 4059 καί
1872 4005 2072 4081 Πέτρον

415 4098 725 4173 ’Δπαμείας
791 4096 1013 4173 ἐξώρισε
1073 4095 1166 4151 σὺν
1235 4101 1364 4151 πᾶσι
1428 4101 1546 4158 τοῖς
1617 4096 1907 4170 μετέχουσι
1974 4102 2075 4164 τῆς

416 4183 610 4259 λώϐης
669 4186 870 4256 αὐτῶν,
929 4185 1222 4258 ’Δμάντιον
1280 4182 1339 4240 δὲ
1390 4185 1479 4240 τὸν
1533 4183 1892 4260 πραιπόσιτον
1940 4184 2074 4258 μετὰ

413 4277 505 4335 καὶ
564 4274 752 4333 ἄλλων
809 4279 974 4332 τινῶν
1031 4272 1316 4351 τυραννίδα
1373 4273 1770 4348 μελετήσαντας
1836 4273 2070 4332 ἀνεῖλεν.

414 4365 807 4428 Ἀνεκαλέσατο
840 4363 898 4421 δὲ
941 4367 1032 4420 καὶ
1079 4367 1278 4427 πάντας
1334 4365 1462 4428 τοὺς
1520 4361 1723 4426 ἀδίκως
1775 4364 1878 4420 ὑπὸ
1910 4365 2073 4424 Ἀνα-

419 4456 642 4512 στασίου
675 4455 1062 4530 ἐξορισθέντας.

487 4550 569 4621 [Ρ.
604 4548 730 4620 364]
785 4549 881 4618 Τῷ
939 4542 985 4600 δ’
1044 4543 1191 4617 αὖτῷ
1266 4543 1375 4601 ἔτει
1433 4543 1600 4622 ἐφάνη
1659 4544 1830 4620 ἀστὴρ
1890 4543 1940 4599 ἐν
1998 4549 2066 4620 τῇ

2199 1951 2314 2006 lius
2345 1951 2689 2021 quidam,de
2715 1951 2895 2006 divite
2927 1951 3712 2024 pauperfactus,moriturus
3737 1951 3853 2005 has-

2196 2041 2401 2096 redem
2435 2045 2785 2096 testamento
2801 2041 3157 2108 nominavit;
3175 2040 3476 2113 jussitque
3510 2040 3700 2095 tribus
3722 2040 3846 2095 suis

2199 2130 2456 2199 ﬁliabus,
2491 2147 2638 2202 quas
2668 2131 2937 2201 parvulas
2995 2131 3393 2202 relinquebat,
3429 2129 3846 2186 educationem

2196 2236 2332 2275 eum
2362 2237 2430 2276 ac
2459 2220 2659 2275 dotem
2691 2221 3199 2292 praabere.omnia
3231 2238 3339 2276 sua
3369 2219 3569 2274 debita
3599 2219 3851 2274 credito-

2197 2310 2360 2366 ribus
2392 2310 2749 2382 persolvere,
2782 2311 2934 2365 etab
2967 2311 3040 2365 iis
3087 2311 3456 2382 syngraphas
3517 2327 3653 2365 suas
3685 2309 3847 2364 redi-

2194 2401 2523 2465 mere.Qum
2547 2399 2748 2456 omnia
2775 2401 3043 2455 Justinus
3074 2400 3236 2472 regia
3265 2399 3676 2455 muniﬁcentia
3706 2415 3845 2470 per-

2193 2488 2352 2554 fecit,
2386 2505 2602 2561 magna
2632 2489 2897 2544 omnium
2925 2489 3025 2561 qui
3058 2489 3143 2544 rei
3185 2489 3405 2545 famam
3437 2487 3850 2560 percipiebant

2193 2578 2607 2634 admiratione.
2633 2581 2782 2634 Usus
2812 2584 2901 2634 est
2927 2580 3190 2634 Justinus
3221 2578 3544 2634 admodum
3593 2578 3848 2634 familia-

2190 2668 2336 2722 riter
2368 2668 2682 2734 Vitaliano,
2717 2669 2840 2738 qui,
2873 2674 2940 2723 ut
2969 2673 3094 2724 erat
3123 2667 3509 2738 orthodoxus,
3543 2667 3700 2739 apud
3736 2668 3847 2723 im-

2190 2762 2524 2826 peratorem
2585 2756 2846 2811 instabat
2901 2756 2986 2810 uti
3045 2757 3291 2811 Severus
3349 2756 3727 2828 dejiceretur.
3769 2758 3848 2810 At

2190 2845 2436 2900 Severus
2490 2845 2600 2900 hoc
2659 2846 2926 2901 sentiens
2958 2863 3091 2900 cum
3148 2845 3382 2901 Juliano
3443 2845 3842 2900 Halicarnassi

2190 2938 2470 3009 episcopo
2499 2938 2761 3009 aufugit;
2794 2937 3098 3008 delatique
3129 2938 3189 2992 in
3222 2940 3532 3010 zEgyptum
3573 2937 3840 3008 disputa-

2188 3024 2347 3079 tione
2381 3025 2452 3079 de
2477 3024 2754 3080 interitus
2776 3031 3016 3096 experte
3048 3031 3105 3079 et
3126 3025 3392 3080 interitui
3417 3024 3676 3080 obnoxio
3699 3041 3840 3096 pro-

2187 3113 2310 3170 lata
2341 3114 2542 3169 turbas
2600 3114 2680 3168 ibi
2740 3113 3054 3169 dederunt.
3089 3116 3226 3170 Erat
3283 3119 3409 3168 tum
3471 3114 3841 3170 Alexandria:

2192 3204 2506 3275 episcopus
2539 3204 3028 3260 Dioscorue.Cum
3051 3221 3186 3259 vero
3217 3203 3494 3259 Romaab
3526 3202 3841 3258 Hormisda

2190 3295 2357 3350 missi
2389 3295 2651 3368 episc0pi
2701 3295 2909 3367 Cpolin
2967 3295 3290 3361 venissent,
3323 3294 3598 3349 Vitaliani
3639 3292 3836 3349 studio

2187 3387 2465 3441 effectum
2489 3391 2906 3441 estutsacrum
2930 3386 3248 3441 concilium
3273 3385 3639 3441 Chalcedone
3665 3385 3838 3440 habi-

2187 3480 2314 3530 tum
2338 3476 2587 3546 reliquis
2609 3475 2798 3530 tribus
2822 3475 2885 3530 in
2913 3475 3342 3531 ecclesiasticos
3374 3475 3836 3530 commentarios

2185 3565 2844 3631 ascriberetur,Joanne
2877 3565 3221 3636 Cappadoce
3250 3565 3657 3636 episcOpatum
3691 3563 3837 3635 Cpo-

2184 3654 2440 3710 litanum
2471 3654 2664 3710 adhuc
2694 3659 2956 3724 gerente.
2988 3654 3199 3710 Severo
3231 3661 3428 3710 amoto
3461 3655 3680 3710 Paulus
3712 3654 3833 3709 ele-

2184 3749 2313 3798 ctus
2345 3748 2434 3798 est
2461 3743 2538 3799 ad
2567 3744 2972 3815 episcopatum
3004 3744 3331 3799 Antiochiae
3349 3744 3697 3816 gerendum,
3733 3743 3835 3816 qui

2183 3833 2348 3903 prius
2393 3832 2723 3888 Eubuliano
2779 3832 3150 3888 xenodochio
3206 3834 3832 3904 praefueratJustinus

2183 3938 2362 3992 porro
2394 3922 2702 3986 Xenaiam,
2737 3922 2839 3993 qui
2864 3928 2924 3977 et
2954 3921 3314 3977 Philoxenus
3345 3922 3581 3992 dicitur,
3617 3923 3842 3993 episco-

2183 4027 2326 4081 pum
2361 4011 2692 4082 Hieropolis
2726 4011 3183 4066 Manichaeorum
3226 4011 3540 4082 Opiniones
3598 4017 3838 4066 sectan-

2185 4104 2326 4167 tem,
2347 4105 2406 4154 et
2435 4102 2675 4154 Petrum
2709 4105 2980 4171 Apameae
3003 4099 3348 4170 episcopum
3371 4117 3699 4171 omnesque
3734 4117 3839 4156 eo-

2182 4205 2314 4243 rum
2346 4194 2665 4243 sectatores
2712 4189 3013 4260 relegavit.
3048 4189 3390 4243 Amantium
3451 4190 3836 4261 praapositum

2182 4277 2451 4349 aliosque
2481 4277 2804 4333 nonnullos
2828 4277 2900 4332 ob
2925 4278 3259 4332 affectatam
3277 4277 3430 4334 688
3457 4279 3834 4350 tyrannidem

2181 4368 2431 4423 necavit.
2465 4368 2775 4424 Revocavit
2801 4367 2982 4422 etiam
3014 4382 3222 4422 omnes
3280 4383 3430 4439 quos
3485 4369 3834 4424 Anastasius

2180 4459 2401 4530 injuste
2433 4462 2702 4514 extorres
2731 4461 2950 4530 egerat.

2253 4547 2474 4603 Eodem
2497 4563 2654 4604 anno
2687 4552 2919 4602 cometa
2942 4547 3003 4601 in
3037 4547 3278 4603 Oriente
3301 4548 3462 4605 visus
3493 4555 3601 4617 est,
3634 4547 3832 4606 radios

413 4607 684 4710 Ἀνατολῇ
741 4636 1019 4707 κομήτης,
1089 4633 1147 4695 ὅς
1201 4633 1350 4712 εἶχεν
1416 4607 1636 4694 ἀκτῖνας
1683 4631 2066 4708 ἐκπεμπούσας

2197 4636 2459 4693 ieorsum
2485 4638 2968 4708 emittens,quem
3001 4637 3184 4692 Grzeci
3217 4640 3532 4711 pogoniam
3565 4657 3601 4696 a
3631 4639 3830 4696 barba:

409 4724 596 4781 ἐπὶτὰ
623 4722 772 4779 κάτω
819 4724 1015 4797 αὐγὰς,
1075 4722 1134 4777 ὃν
1195 4717 1385 4797 ἔλεγον
1443 4722 1730 4798 πωγωνίαν
1765 4722 1917 4777 εἶναι*
1952 4723 2069 4798 εἶχε

411 4811 469 4869 δὲ
500 4815 687 4868 ἀκτῖνα
717 4813 929 4887 ὁρῶσαν
963 4810 1052 4866 ἐπὶ
1086 4808 1257 4867 δύσιν.
1302 4813 1394 4882 Τῷ
1446 4808 1492 4865 δ’
1545 4811 1694 4884 αὐτῷ
1725 4805 1830 4866 ἔτει
1864 4809 2066 4884 ἐδημο·

409 4902 596 4980 κράτει
635 4902 697 4956 τὸ
740 4896 958 4957 Βὲνετον
995 4899 1159 4974 μέρος
1219 4902 1356 4974 (10),
1413 4897 1466 4954 ἐν
1499 4900 1697 4963 πάσαις
1723 4906 1844 4962 ταῖς
1876 4900 2071 4956 πόλεσι

2183 4725 2576 4782 similitudine
2630 4727 2948 4799 sppellant.
3008 4725 3271 4784 Habebat
3337 4735 3536 4785 autem
3595 4729 3828 4786 radium

2181 4833 2382 4871 versus
2415 4816 2942 4872 occasum.Eodem
2975 4832 3129 4872 anno
3163 4835 3302 4890 pars
3333 4820 3555 4876 Veneta
3576 4825 3835 4892 potesta-

2182 4909 2302 4960 tem
2335 4906 2539 4978 populi
2571 4923 2677 4978 per
2707 4921 2913 4961 omnes
2945 4905 3123 4961 urbes
3153 4907 3461 4966 obtinebat
3505 4911 3834 4966 tumultua-

1616 5002 1986 5057 XYLANDRI
2027 5001 2109 5056 ET
2149 5003 2368 5059 GOARI
2408 5005 2632 5060 NOTAE.

481 5103 557 5174 (6)
593 5103 674 5157 Ex
706 5099 1063 5174 ,Acyntiano
1099 5117 1433 5174 Amarmore
1469 5103 1636 5174 ﬂavo,
1697 5117 1769 5174 ex
1815 5101 2065 5172 Acyntio

410 5171 612 5230 monte
646 5173 721 5229 ad
751 5171 1145 5228 Chalcedonis
1188 5171 1351 5226 littus
1403 5171 1618 5228 delato.
1654 5173 1900 5244 Λάρνακα
1931 5189 2064 5226 vero

409 5247 774 5318 interpretor
801 5262 1024 5318 capsum
1071 5249 1129 5298 et
1156 5317 1160 5318 ν
1184 5245 1476 5318 tumylum,
1509 5261 1630 5318 non
1668 5247 1877 5318 cistam.
1913 5245 2068 5298 Con—

408 5315 707 5373 stantinus
738 5317 799 5371 in
829 5317 1245 5385 porphyretico,
1269 5315 1324 5370 id
1349 5321 1438 5369 est
1471 5317 1669 5379 rubro,
1696 5316 1789 5369 hic
1817 5315 1877 5369 in
1897 5318 2064 5384 ﬂavo,

405 5390 674 5444 Justinus
715 5388 775 5442 in
807 5388 1274 5453 Prmeonesiaco,
1311 5385 1371 5439 id
1412 5393 1502 5441 est
1528 5387 1672 5455 albo,
1705 5387 1970 5442 Tiberius
2005 5387 2064 5440 in

404 5464 636 5533 prasino
669 5475 964 5515 marmore
999 5459 1164 5513 fuere
1193 5458 1461 5533 repositi.
1497 5461 1670 5515 (low.

478 5534 556 5604 (7)
588 5533 858 5587 Justinus
911 5546 1157 5604 uxorem
1207 5529 1424 5604 celebri
1477 5547 1694 5604 pompa
1746 5545 2063 5604 coronasse

450 5601 638 5659 rimus
690 5604 925 5676 legitur.
981 5602 1394 5676 Coronationis
1440 5603 1622 5676 ritum
1671 5601 1854 5676 habes
1907 5602 2065 5673 apud

450 5621 638 5659 rlmus
691 5621 925 5676 legitur.
981 5621 1394 5657 bOI‘OﬂﬂllOHlS
1440 5621 1622 5657 Γιιιιω
1671 5621 1854 5657 naues
1907 5621 1970 5673 ἃς

408 5621 693 5733 Eodicum
724 5691 774 5732 c.
807 5691 949 5745 xvn,
981 5679 1039 5731 et
1068 5675 1130 5729 in
1150 5673 1507 5746 Euchologio
1537 5679 1760 5730 nostro.
1795 5675 1970 5730 ϐολῇ.

2248 5103 2324 5180 (_8)
2355 5104 2611 5180 Numero
2643 5103 3046 5180 multitudinis
3069 5121 3189 5159 non
3203 5105 3489 5180 populum
3516 5109 3826 5180 gregatim,

2179 5174 2284 5250 sed
2314 5175 2503 5229 varias
2519 5175 2722 5250 populi
2738 5176 3020 5250 factiones
3044 5174 3359 5250 partesque
3387 5178 3446 5232 in
3471 5174 3828 5250 ludis,pom4

2177 5245 2290 5320 pis,
2326 5245 2714 5320 conventibus
2741 5247 3015 5320 publicis
3046 5245 3172 5320 sibi,
3195 5245 3446 5302 invicem
3507 5266 3612 5320 pro
3635 5245 3822 5307 variis

2176 5317 2476 5391 coloribus
2507 5317 2725 5388 quibus
2744 5317 3221 5391 iseiornabantin
3247 5320 3407 5391 varia
3437 5317 3674 5391 quoque
3705 5328 3826 5378 stu-

2175 5389 2271 5444 dia
2299 5406 2731 5464 nonnunquam
2789 5390 3098 5464 abeuntes.
3131 5389 3551 5464 significahDe
3580 5389 3828 5464 'quibus

2176 5461 2456 5541 nonnihil
2495 5478 2672 5541 supra
2703 5465 2761 5541 et
2791 5461 2945 5514 infra
2969 5460 3289 5541 copiosius.
3325 5464 3501 5518 ϐολῇ.

2246 5533 2324 5600 (9)
2359 5532 2496 5586 Vide
2524 5529 2764 5602 Niceph.
2798 5549 2952 5596 xvm,
2981 5529 3072 5585 45⁷.
3107 5529 3246 5585 Χγι.

2243 5605 2352 5679 (10)
2375 5605 2504 5679 _Hoc
2559 5608 2667 5668 est,
2701 5619 2837 5675 pars
2867 5604 3107 5679 7V_eneta
3165 5619 3355 5679 supra
3400 5605 3662 5679 reliquas
3696 5616 3814 5667 tres

2173 5673 2474 5732 eminebat
2502 5673 2880 5746 potestate,et
2908 5673 3214 5730 Prasinam
3240 5673 3358 5730 sibi
3389 5673 3622 5751 srmper
3641 5699 3822 5742 aamu.
