4144 6414
391 367 512 432 699

1751 366 2070 431 GEORGII
2115 370 2481 435 CEDBENI‘

3699 379 3830 441 700

391 506 520 576 ejus
543 505 730 571 urbis,
765 505 854 561 cui
893 505 978 560 rei
1004 505 1271 576 impense
1295 503 1586 570 studebat,
1606 504 1733 559 auri
1763 509 2042 561 centena-

2177 505 2315 568 ,ιείος
2348 508 2554 582 ἆπὲχον
2587 511 2694 581 (13)
2726 506 2814 564 ἐπὶ
2873 509 3007 564 ἑπτὰ
3063 507 3297 585 ἡμέραις
3330 507 3667 583 ξέλιτὰνευον
3719 535 3832 584 νη-

391 596 512 649 rios
543 598 611 649 50
643 601 701 650 et
732 595 994 666 opiﬁces.
1031 595 1146 649 Sub
1175 594 1379 648 eodem
1414 593 1700 648 instituta)
1725 599 1862 648 sunt
1883 594 2047 650 feria)

389 700 522 754 quas
556 685 916 756 Hypapantce
947 684 1245 748 dicuntur,
1281 683 1444 754 prius
1489 700 1608 738 non
1658 683 1896 740 habitaa.
1933 683 2048 738 Sed

391 779 452 828 et
481 773 917 845 Pompeiopolis
952 773 1146 843 Mysiae
1178 772 1319 828 urbs
1350 779 1544 844 rupta,
1579 773 1829 844 ejusque
1871 773 2049 828 dimi-

393 862 558 917 dium
585 880 704 918 una
734 879 867 918 cum
908 861 1340 917 habitatoribus
1374 867 1530 918 terra
1551 862 1899 934 absorptum
1933 869 2045 933 est,

395 952 783 1023 hominesque
839 952 993 1006 infra
1051 957 1271 1006 terram
1324 951 1504 1006 delati
1568 952 2044 1008 misericordiam

397 1058 638 1096 suorum
657 1042 996 1113 implorant.
1024 1043 1264 1097 Decima
1280 1047 1492 1113 quarta
1510 1042 1603 1098 die
1633 1043 1857 1098 mensis
1881 1045 2047 1115 Apri-

393 1128 466 1183 lis
497 1129 642 1200 ipsis
675 1131 1061 1186 Paschalibus
1092 1131 1282 1199 feriis,
1311 1132 1580 1186 Justinus
1612 1132 1820 1186 morbo
1852 1149 2052 1188 corre-

395 1224 528 1290 ptus
556 1220 957 1274 Justinianum
983 1221 1205 1275 sororis
1227 1238 1347 1274 sua:
1371 1221 1524 1276 642
1552 1221 1738 1274 filium
1765 1221 2051 1293 collegam

393 1305 629 1378 imperii
661 1308 870 1362 ascivit
901 1325 968 1362 ac
1008 1309 1330 1376 coronavit,
1383 1325 1638 1379 cumque
1684 1326 1752 1363 eo
1797 1316 2053 1380 quatuor

394 1412 631 1451 menses
659 1397 987 1468 imperavit.
1024 1401 1285 1467 Augusto
1318 1415 1542 1463 mense,
1578 1415 1647 1452 ea
1676 1398 1804 1468 ipsa
1845 1398 2052 1468 quinta

395 1486 746 1551 indictione,
772 1493 1044 1542 mortuus
1063 1495 1151 1542 est
1174 1488 1480 1558 piissimus
1506 1488 1814 1543 Justinus:
1838 1505 2052 1559 corpus

400 1578 530 1648 ejus
564 1577 625 1631 in
657 1594 792 1632 arca
823 1578 1064 1649 prasina
1099 1579 1424 1647 repositum
1485 1584 1573 1632 est
1620 1578 1682 1631 in
1742 1578 2052 1632 mansione

402 1671 699 1738 Augusta),
723 1667 894 1737 juxta
944 1683 1188 1722 uxorem
1237 1666 1663 1738 Euphemiam;
1722 1666 1823 1721 ubi
1872 1667 2052 1722 etiam

404 1756 570 1811 stolae
602 1756 1005 1828 apostolorum
1029 1758 1280 1812 inventae
1304 1764 1458 1812 sunt.
1483 1760 1620 1812 Erat
1641 1763 1764 1812 tum
1796 1757 2052 1828 patriar-

399 1847 510 1902 cha
530 1847 726 1917 Cpolis
745 1849 1023 1902 Joannes.
1050 1849 1112 1901 In
1137 1847 1334 1902 locum
1367 1854 1563 1902 autem
1590 1847 1900 1919 Euphrasii
1932 1850 2055 1902 An-
2085 1871 2132 1932 Β

398 1936 631 1990 tiochiaa
646 1936 1010 2008 episcopatui
1027 1937 1446 1992 communibus
1461 1937 1757 2009 suﬂragiis
1776 1937 1951 2006 deligi
1963 1943 2056 1990 tur

397 2026 1178 2096 EuphrmmiusAmidenus.
1215 2026 1474 2081 Orientis
1497 2043 1715 2091 comes,
1749 2027 1837 2080 vir
1857 2026 2054 2081 divino

400 2114 585 2169 animi
618 2115 845 2170 fervore
877 2116 1158 2172 adversus
1189 2116 1450 2171 divulsos
1487 2116 1560 2171 ab
1610 2115 1872 2171 Ecclesia
1902 2133 2056 2186 prae-

403 2205 582 2262 ditus.

2164 596 2456 658 στεύοντες.
2492 597 2547 652 Ὀ
2579 594 2636 651 δὲ
2691 596 2946 673 βασιλεὺς
3000 597 3316 654 ἀπέστειλεν
3387 599 3462 661 εἰς
3514 599 3828 674 ἐκχοῖσμὸν

2162 685 2249 737 καὶ
2313 685 2694 760 ἀνακαινισμὸν
2755 689 2852 758 τῆς
2907 686 3124 750 πόλεως
3203 688 3434 767 χρυσίου
3491 691 3832 765 κεντηνάρια

2161 774 2500 842 πεντήκοντα
2556 775 2645 828 καὶ
2704 772 2903 849 ἄνδρας
2964 775 3335 850 μηχανικοὺς,
3391 776 3484 830 καὶ
3539 777 3606 846 ἦν
3666 777 3832 850 αὐτῷ

2163 859 2372 931 σπουδὴ
2406 867 2503 916 τοῦ
2531 865 2630 933 τὴν
2661 868 2924 918 πεσοῦσαν
2963 864 3126 920 πόλιν
3183 863 3532 940 Ἀντιόχειαν
3588 867 3832 921 ἀνακαι-

2160 948 2323 1006 νίσαι.
2359 951 2678 1006 Ἐπὶαύτοῦ
2710 949 2766 1007 δὲ
2797 952 3047 1024 ἐτυπώθη
3083 954 3357 1028 ἑορτάζειν
3391 957 3538 1028 ἡμᾶς
3587 954 3677 1010 καὶ
3722 957 3834 1026 τὴν

2162 1040 2359 1114 ἑορτὴν
2389 1047 2492 1110 τῆς
2531 1042 2875 1112 Ὑπαπαντῆς
2899 1046 2988 1116 (13
3022 1046 3038 1116 )
3066 1050 3167 1112 τῆς
3203 1043 3370 1119 μέχρι
3399 1045 3523 1100 τότε
3557 1045 3634 1118 μὴ
3697 1045 3835 1120 ὲορ-

2161 1131 2489 1202 ταζομὲνης.
2524 1127 2698 1187 Ἀλλὰ
2755 1132 2844 1185 καὶ
2875 1134 2910 1201 ἡ
2939 1131 3405 1205 Πομπηϊούτιολις
3454 1139 3555 1202 τῆς
3607 1132 3832 1195 Μυσίας

2164 1215 2513 1292 ὃιαῤῥοιγεῐσα
2558 1219 2721 1294 μέσον
2778 1221 3048 1290 κατεπόθη
3113 1221 3249 1295 μετὰ
3315 1227 3422 1278 τῶν
3485 1222 3834 1296 οἰκητόρων,

2162 1307 2253 1361 καὶ
2283 1302 2506 1382 ἔκραζον
2543 1311 2645 1363 ὑπὸ
2674 1310 2772 1378 τήν
2806 1317 2910 1386 γῆν
2944 1307 3092 1372 ὄντες
3123 1312 3174 1364 οἱ
3217 1309 3496 1385 ἄνθρωποι
3527 1312 3590 1365 τὸ
3623 1309 3836 1381 Ἐλεή-

2161 1417 2305 1454 σατε.
2338 1399 2420 1470 Τῇ
2454 1394 2510 1452 δὲ
2545 1395 2612 1452 ιδ’
2635 1403 2732 1453 τοῦ
2761 1397 3104 1472 Ἀπριλλίου
3141 1400 3336 1472 μηνὸς,
3390 1403 3458 1473 τῇ
3509 1401 3672 1475 ἑορτῇ
3725 1404 3834 1455 τοῦ

2161 1487 2376 1562 Ηασχα,
2437 1487 2732 1558 ἀσθενήσας
2793 1490 3083 1549 Ἰουστῖνος
3132 1489 3558 1564 προεχειρίσατο
3601 1488 3676 1551 εἷς
3719 1489 3831 1564 βα-

2165 1575 2318 1631 σιλέα
2379 1579 2760 1634 Ἰουστινιανὸν
2816 1580 2908 1634 τὸν
2967 1576 3113 1634 ’ἰδιον
3171 1579 3408 1653 ἀνεψιὸν,
3470 1580 3560 1635 καὶ
3601 1577 3834 1654 ἔστεψεν

2163 1667 2352 1735 αὐτὸν,
2383 1667 2473 1720 καὶ
2503 1664 2944 1723 συνεϐασίλευσεν
2975 1667 3121 1739 αὖτῷ
3181 1676 3353 1740 μῆνας
3404 1667 3466 1726 δ’.
3513 1668 3835 1744 Αὐγούστῳ

2164 1752 2222 1810 δὲ
2257 1756 2390 1828 μηνὶ
2420 1763 2521 1825 τῆς
2574 1754 2743 1826 αὒτῆς
2802 1765 2837 1812 ε’
2897 1755 3232 1820 ίνδικτιῶνος
3290 1759 3634 1830 ἐτελεύτησεν
3667 1762 3696 1816 ὁ
3737 1760 3836 1816 εὐ-

2163 1841 2324 1914 σεϐὴς
2357 1847 2670 1913 Ἰοκστῖνος,
2703 1847 2794 1901 καὶ
2843 1846 2999 1918 ἐτέθη
3049 1848 3109 1903 τὸ
3161 1852 3322 1920 σῶμα
3371 1847 3534 1902 αὐτνῦ
3574 1847 3626 1903 ἐν
3677 1855 3832 1925 μονῇ

2163 1941 2264 2004 τῆς
2299 1935 2642 2011 Αὐγούστης,
2674 1937 2726 1990 ἐν
2783 1936 3014 2012 λάρνακι
3071 1941 3335 2013 πρασίνῃ,
3395 1941 3528 2012 μετὰ
3579 1939 3669 1995 καὶ
3719 1948 3836 2011 τῆς

2164 2024 2418 2099 γυναικὸς
2450 2025 2616 2080 αὐτοῦ
2667 2027 2980 2104 Εὐφημίας,
3032 2026 3083 2082 ἐν
3117 2029 3163 2100 ᾧ
3211 2028 3302 2082 καὶ
3360 2029 3414 2082 αἱ
3459 2027 3651 2084 στολαὶ
3709 2036 3830 2085 τῶν

2165 2112 2331 2189 ἁγίων
2363 2114 2684 2170 ἀποστόλων
2735 2117 3054 2192 εὑρέθησαν.
3111 2117 3211 2170 Τὸν
3273 2114 3330 2171 δέ
3387 2124 3488 2186 τῆς
3548 2119 3837 2194 ἀρχιερω-

2167 2204 2331 2273 σύνης
2381 2203 2571 2278 θρόνον
2634 2201 2835 2259 διεῖπεν
2899 2205 3172 2275 Ἰωάννης.
3234 2209 3338 2260 Τοῦ
3395 2203 3452 2261 δὲ
3510 2205 3836 2303 Εὐφρασίου

397 2291 698 2349 ἐπισκόπου
730 2293 1070 2372 ’Δντιοχείας
1097 2292 1542 2365 τελευτήσαντος,
1577 2293 1918 2373 Εὖφραίμιος
1951 2295 1978 2348 ὁ
2019 2290 2248 2368 Ἀμίόας
2310 2295 2446 2366 (14),
2501 2295 2682 2368 κόμης
2739 2294 3043 2365 Ἀνατολῆς
3104 2291 3202 2365 ὤν,
3264 2301 3667 2370 χειροτονεῖται
3700 2297 3808 2354 ἀντ

402 2382 590 2453 αὖτοῦ,
626 2382 772 2446 ὅστις
805 2383 974 2453 ζῆλον
1003 2385 1147 2438 Θεῖον
1177 2385 1312 2439 γατὰ
1340 2389 1444 2438 τῶν
1479 2385 1828 2459 ἁποσχιστῶν
1863 2385 2033 2460 εἶχεν.

475 2477 648 2531 ΑΠΠο
677 2476 884 2531 mundi
918 2476 1078 2542 602l,
1113 2475 1186 2530 ab
1221 2477 1633 2531 incarnatione
1665 2476 1766 2530 Dei
1799 2477 1925 2542 526,
1955 2477 2058 2530 Ju—

402 2566 700 2621 stinianus
732 2567 974 2637 Magnus
996 2565 1313 2636 imperium
1329 2567 1658 2620 Romanum
1678 2565 1840 2620 solus
1853 2580 2057 2637 gerere

400 2655 598 2726 cmpit.
628 2655 948 2725 Imperavit
1005 2670 1193 2709 annos
1251 2656 1337 2721 38,
1400 2671 1640 2710 menses
1685 2659 1738 2722 '7,
1789 2654 1915 2709 dies
1970 2656 2055 2707 13.

403 2745 534 2800 Fuit
561 2749 788 2799 statura
817 2744 1082 2815 corporis
1113 2743 1553 2814 aliquantulum
1572 2744 1932 2798 mediocrem
1963 2759 2060 2797 ex-

401 2833 672 2894 cedente.
705 2832 910 2898 ruber,
943 2833 1106 2888 vultu
1138 2833 1288 2888 truci
1321 2839 1378 2888 et
1407 2833 1690 2899 versatili,
1713 2833 1904 2904 capite
1936 2848 2058 2886 non

403 2921 557 2977 nihil
587 2921 814 2995 glabro.
847 2925 1014 2976 Anno
1047 2922 1237 2976 aetatis
1287 2925 1353 2976 45
1407 2939 1606 2977 rerum
1668 2921 1889 2992 potitus
1931 2926 2056 2986 est;

404 3028 662 3081 cumque
693 3012 820 3066 sine
869 3011 1094 3083 collega
1145 3011 1440 3082 imperare
1493 3011 1785 3082 cmpisset,
1840 3027 2060 3065 munus

405 3105 720 3160 consulare
754 3104 940 3158 edidit
960 3109 1252 3174 quantum
1285 3120 1459 3159 nemo
1490 3109 1628 3158 ante
1668 3104 1885 3175 ipsum.
1920 3105 2062 3156 Per—

403 3195 772 3250 secutionem
799 3195 1016 3248 Grmcm
1039 3192 1348 3265 religionis
1372 3199 1428 3248 et
1451 3193 1720 3248 omnium
1740 3192 2060 3248 haaresium

401 3284 680 3339 instituit.
715 3284 981 3354 Cumque
1014 3283 1234 3338 multos
1293 3299 1605 3353 procerum
1654 3281 1788 3337 labe
1840 3281 2059 3336 Ariana

400 3374 636 3428 vitiatos
667 3372 1166 3444 deprehenderet,
1198 3372 1371 3427 bonis
1425 3389 1629 3426 eorum
1683 3369 2061 3442 publicandis

403 3469 462 3519 et
494 3462 801 3534 suppliciis
833 3461 1165 3534 irrogandis
1197 3477 1476 3532 magnum
1500 3460 1630 3515 aliis
1661 3466 1949 3515 terrorem
1978 3459 2064 3513 in-

404 3552 608 3615 cussit,
643 3551 770 3622 lege
803 3550 980 3605 etiam
1023 3550 1143 3605 lata
1193 3556 1258 3604 ut
1308 3567 1483 3604 nemo
1534 3549 1649 3603 nisi
1699 3549 2061 3603 orthodoxus

415 3657 542 3695 rem
573 3638 870 3710 publicam
894 3644 1143 3711 gereret.
1169 3639 1410 3709 Templo
1430 3638 1612 3709 Sergii
1629 3644 1684 3692 et
1706 3637 2065 3694 Bacchisan-

416 3735 669 3793 ctorum,
705 3745 772 3783 ea
805 3745 933 3798 quae
965 3745 997 3783 a
1024 3727 1244 3798 palatio
1296 3733 1434 3782 sunt
1491 3744 1693 3782 versus
1751 3745 1954 3793 mare;
2007 3731 2065 3782 et

413 3819 682 3891 proxime
707 3818 926 3889 templo
950 3817 1354 3889 apostolorum
1388 3834 1555 3872 suam
1587 3818 1886 3888 propriam
1909 3817 2063 3872 048

412 3911 656 3966 domum
683 3925 1008 3980 omnesque
1042 3925 1178 3963 suas
1211 3909 1493 3980 pristinas
1525 3925 1667 3980 Opes
1697 3908 1934 3980 adjecit,
1977 3914 2068 3963 at-

413 4017 527 4071 que
560 4000 641 4054 ita
667 4016 738 4054 ex
771 3998 863 4052 his
896 3997 1124 4052 duobus
1158 3995 1396 4068 templis
1438 3996 1865 4052 monasterium
1897 3995 2066 4051 illus-

413 4090 593 4144 trium
623 4089 884 4144 virorum
914 4086 1160 4159 redegit.

487 4179 708 4234 Eodem
736 4195 894 4233 anno
927 4195 1029 4232 rex
1077 4179 1392 4232 Persarum
1449 4177 1660 4232 Tzatho
1717 4175 1942 4232 bellum
1993 4176 2066 4230 ob

416 4268 627 4324 initam
685 4285 820 4323 cum
878 4266 1161 4322 Romanis
1241 4267 1584 4322 societatem
1643 4265 1864 4322 intulit.
1923 4265 2068 4319 Huic

413 4358 630 4413 Tzatho
663 4355 1036 4413 Justinianus
1069 4355 1389 4410 auxiliares
1419 4355 1603 4410 mittit
1648 4354 1868 4426 copias,
1902 4353 2070 4409 duci-

412 4447 524 4502 bus
552 4446 869 4502 Belisarios
901 4450 1120 4517 Keryco
1156 4451 1214 4500 et
1242 4447 1414 4500 Petro
1444 4463 1458 4512 ;
1493 4445 1594 4516 qui
1627 4462 1762 4500 cum
1802 4443 1863 4498 in
1910 4444 2068 4500 bello

412 4537 669 4609 gerendo
729 4541 936 4592 mutua
994 4535 1214 4590 invidia
1269 4535 1588 4590 transversi
1648 4540 1986 4607 agerentur,
2036 4552 2071 4590 a

2242 2471 2464 2545 Κόσμου
2519 2466 2639 2535 ἔτος
2693 2474 2848 2546 ’ςκα“,
2913 2481 3014 2543 τῆς
3071 2475 3216 2536 Θείας
3301 2474 3626 2550 σαρκώσεως
3706 2477 3838 2554 ex?

2166 2563 2550 2623 Ἰουστινιανὸς
2595 2563 2623 2616 ὁ
2684 2561 2868 2640 Μέγας
2924 2561 3182 2638 βασιλεὺς
3235 2565 3524 2637 Ῥωμαίων
3583 2560 3676 2634 ἔτη
3732 2563 3832 2635 λη’

2173 2659 2346 2726 μῆνας
2381 2651 2662 2727 ζ’ἡμέρας
2697 2660 2786 2728 ιγ’.
2846 2652 3019 2716 Οὗτος
3076 2655 3177 2724 τὴν
3232 2658 3329 2709 τοῦ
3388 2655 3644 2728 σώματος
3699 2653 3836 2709 ἀνα-

2170 2741 2382 2817 δρομὴν
2422 2744 2546 2816 εἶχε
2578 2742 2760 2817 βραχὺ
2798 2742 3020 2812 μείζονα
3047 2747 3145 2799 τοῦ
3198 2745 3387 2816 μέσου,
3447 2740 3671 2819 ἐρυθρὸς
3723 2745 3828 2813 τήν

2171 2830 2390 2908 χροιὰν,
2424 2831 2672 2909 χαροπὸν
2703 2835 2813 2903 (15)
2844 2833 2934 2886 καὶ
2967 2831 3388 2909 εὑπερίστροιρον
3433 2829 3678 2906 βλέπων,
3733 2833 3828 2888 καὶ

2168 2921 2266 2988 τήν
2295 2918 2538 2996 κεφαλὴν
2571 2920 2707 2994 πρὸς
2740 2921 2921 2992 κόμης
2953 2919 3162 2982 κάλλος
3207 2921 3400 2995 μικρὸν
3455 2919 3826 2995 ἐψιλωμένην.

2184 3007 2466 3066 Βασιλεύει
2507 3006 2564 3064 δὲ
2596 3008 2728 3064 ἐτῶν
2764 3011 2863 3083 με’.
2899 3010 3001 3066 Καὶ
3063 3013 3544 3084 μονοκρατορήσας
3597 3008 3828 3066 δέδωκεν

2173 3097 2426 3152 ὑπατείαν
2453 3102 2569 3166 (16)
2601 3096 2732 3168 ὅσην
2762 3094 2939 3160 οὐδεὶς
2971 3098 3240 3174 βασιγέων
3273 3095 3497 3156 δέδωκε.
3530 3101 3632 3156 Καὶ
3691 3097 3819 3154 διω-

2172 3186 2314 3262 γμὸν
2344 3186 2479 3241 κατὰ
2511 3186 2798 3256 Ἐλλήνων
2857 3189 2948 3242 καὶ
3005 3188 3184 3259 πάσης
3241 3187 3497 3262 αἱρέσεως
3555 3188 3823 3261 ἐκίνησεν.

2173 3275 2363 3349 Εὑρὼν
2404 3272 2461 3329 δὲ
2491 3273 2736 3337 πολλοὺς
2763 3279 2870 3330 τῶν
2915 3274 2965 3330 ἐν
3025 3274 3171 3331 τέλει
3232 3281 3531 3342 νοσοῦντας
3565 3279 3666 3346 τήν
3714 3283 3824 3332 τῶν

2174 3365 2528 3439 ’Λρειανιτῶν
2558 3362 2784 3438 α’ίρεσιν,
2835 3363 3115 3437 δημεύσας
3174 3387 3231 3420 τε
3285 3366 3376 3421 καὶ
3431 3365 3823 3442 τιμωρησάμε-

2168 3475 2257 3516 νος
2290 3449 2462 3533 φὸϐον
2504 3453 2678 3509 πολὺν
2745 3455 3054 3530 εἰργάσατο,
3111 3457 3366 3520 θεσπίσας
3419 3457 3614 3531 μόνους
3659 3457 3828 3525 ὀρθο-

2173 3541 2360 3613 δόξους
2410 3543 2812 3602 πολιτεόεσθαι,
2871 3545 2967 3600 Καὶ
3027 3548 3121 3602 τὸν
3181 3545 3237 3602 δὲ
3293 3552 3402 3603 τῶν
3460 3547 3631 3623 ἁγίων
3689 3554 3827 3623 Σερ-

2170 3633 2293 3710 γίου
2323 3633 2412 3688 καὶ
2473 3632 2694 3709 Βάκχου
2735 3637 2844 3709 (17)
2905 3635 3141 3711 ἐχόμενα
3198 3642 3294 3692 τοῦ
3355 3635 3634 3692 Παλατίου
3689 3639 3833 3712 πρὸς

2173 3721 2535 3795 Θάλασσαν...,
2577 3723 2668 3779 καὶ
2728 3723 2983 3800 σύνεγγυς
3033 3726 3232 3782 τούτου
3282 3727 3404 3781 ναὸν
3458 3732 3568 3782 τῶν
3623 3727 3830 3802 Ἀγίων

2169 3813 2548 3885 ’Λποστόλων,
2594 3811 2736 3870 ἴδιον
2805 3816 2970 3871 αὐτοῦ
3027 3817 3180 3872 οἶκον
3240 3818 3690 3894 προϋπάρχοντα,
3735 3820 3833 3874 καὶ

2174 3911 2348 3962 πᾶσαν
2382 3905 2546 3960 αὐτοῦ
2585 3908 2684 3976 τήν
2725 3906 2918 3982 πρώην
2976 3907 3200 3982 ὕπαρξιν
3255 3913 3375 3970 τοῖς
3435 3904 3554 3963 δυσὶ
3611 3907 3834 3972 τούτοις

2176 3997 2481 4076 ἆφιερώσας
2512 4001 2662 4060 ναοῖς
2695 3997 3060 4072 μοναστήριον
3094 4003 3403 4076 περιφανῶν
3453 3995 3666 4073 ἀνδρῶν
3715 4003 3833 4073 (18)

2174 4085 2557 4160 ἀπεκλήρωσε.

2247 4179 2344 4248 Τῷ
2377 4173 2420 4230 δ’
2450 4175 2599 4247 αὐτῷ
2630 4171 2737 4230 ἔτει
2761 4177 2788 4231 ὁ
2823 4176 3080 4250 βασιλεὺς
3113 4181 3330 4252 Περσῶν
3352 4175 3613 4250 ἐπολέμει
3632 4177 3837 4251 Τζάθῴ

2177 4265 2250 4326 ὡς
2281 4265 2597 4341 προσρυέντι
2628 4264 2948 4337 Ῥωμαίοις.
2981 4267 3192 4338 Πέμπει
3221 4267 3312 4321 οὖν
3335 4267 3484 4338 αὐτῷ
3519 4268 3839 4322 Ἰουστινια-

2176 4355 2267 4417 νὸς
2300 4354 2579 4430 βλήθειαν,
2613 4353 2841 4429 στρατὸν
2873 4354 2962 4408 καὶ
3005 4353 3344 4429 στρατηγοὺς
3371 4361 3540 4431 τρεῖς,
3593 4343 3837 4413 Βελισᾶ-

2179 4463 2315 4518 ριον,
2350 4445 2603 4517 Κήρυκος
2629 4441 2719 4496 καὶ
2773 4441 2992 4518 Πέτρον,
3040 4445 3189 4516 [367]
3231 4443 3403 4498 οἱκαὶ
3446 4445 3582 4500 κατὰ
3631 4444 3831 4522 φθόνον

2179 4530 2445 4602 ἀλλήλων
2503 4530 2918 4605 πολεμήσαντες
2975 4533 3312 4604 ἡττήθησαν.
3370 4535 3645 4605 Λυπηθεὶς
3676 4535 3766 4588 οὗν
3801 4535 3832 4590 ὁ

1628 4634 1989 4688 XYLANDRI
2027 4635 2115 4689 ET
2144 4633 2358 4690 GOARI
2396 4633 2617 4688 ΝΟΤᾸΞ.

487 4734 598 4804 (l3)
631 4733 914 4805 Planities
946 4732 1050 4788 illa
1079 4748 1113 4788 a
1141 4731 1392 4804 septimo
1424 4730 1621 4802 lapide
1645 4749 1760 4802 quo
1780 4731 2070 4801 distat,di-
2098 4733 2146 4800 Β
2178 4731 2418 4805 dicitur,
2451 4731 2672 4805 comes)
2703 4731 2846 4805 satis
2877 4731 3067 4803 liquet
3097 4750 3166 4788 ex
3196 4733 3440 4805 Evagrio
3473 4750 3549 4802 1v,
3575 4736 3627 4800 6,
3653 4733 3835 4788 etNi—

415 4799 902 4874 citur"’E660p.oc.
933 4805 1010 4859 De
1044 4821 1160 4875 qua
1191 4799 1372 4874 supra
1401 4799 1575 4858 Colla.
1605 4855 1608 4858 ί

488 4879 621 4947 (13η
677 4875 1011 4944 Ύπαπάνηςο
1063 4877 1221 4947 quod
1281 4876 1562 4930 nimirum
1625 4875 1794 4945 quasi
1857 4875 1918 4930 in
1973 4893 2066 4931 oc-

413 4966 654 5006 cursum
696 4949 1036 5021 prodiretur
1092 4948 1322 5002 Christo
1381 4949 1441 5001 in
1502 4948 1724 5021 templo
1784 4947 2062 5021 dedican-

413 5024 508 5078 do.
552 5025 653 5077 Est
699 5019 868 5076 enim
930 5020 1280 5075 solemnitas
1338 5036 1517 5089 quam
1575 5019 1790 5074 usitate
1849 5020 2065 5073 Parili-

412 5095 663 5151 cationis
695 5093 970 5148 dicimus.
1003 5090 1166 5156 Quod
1215 5091 1406 5160 primo
1458 5108 1526 5145 ex
1577 5091 1808 5146 Martini
1859 5090 2064 5145 Poloni

414 5167 722 5222 Chronicis
750 5165 952 5232 didici,
976 5164 1077 5234 qui
1101 5170 1298 5218 tamen
1322 5162 1510 5234 pestis
1527 5179 1709 5217 causa
1732 5162 2063 5217 institutam

413 5240 557 5294 dicit
589 5238 694 5294 sub
726 5233 1057 5292 Justiniano
1088 5236 1326 5304 Magno;
1362 5233 1520 5304 quod
1572 5234 1729 5288 idem
1772 5239 1862 5288 est
1908 5234 2065 5304 apud

413 5311 807 5383 Nicephorum
841 5325 972 5383 xvii,
1006 5307 1094 5383 2_8.
1128 5308 1195 5358 Et
1225 5306 1562 5383 consentit,
1596 5305 1755 5383 quod
1796 5304 2062 5383 Sigeber-

417 5390 507 5436 tus
536 5377 837 5454 perhibuit
893 5379 954 5433 id
1012 5377 1194 5432 fuisse
1250 5393 1410 5454 anno
1441 5393 1474 5430 a
1505 5377 1720 5454 Christi
1765 5377 2064 5454 natalibus

416 5448 691 5523 542:an
727 5468 866 5508 sane
918 5456 1186 5523 tempore
1243 5449 1509 5523 Justinus
1555 5448 1918 5523 decesserat,
1975 5448 2064 5523 vel

413 5521 539 5590 ipso
569 5519 835 5578 Cedreno
879 5527 1047 5575 teste.
1106 5520 1373 5574 Meminit
1429 5519 1647 5574 Paulus
1691 5520 1986 5574 Diaconus
2018 5521 2061 5572 Ι.

413 5608 504 5646 xu
537 5596 668 5648 Rer.
703 5596 870 5648 Rom.
900 5591 1264 5646 Mansionem
1295 5594 1572 5662 Augustin
1603 5591 1779 5646 credo
1809 5590 2062 5662 intelligi

413 5664 844 5719 monasterium
876 5680 911 5718 a
938 5662 1254 5719 Pulcheria
1284 5662 1611 5718 conditum.
1638 5663 1774 5718 XYL.

483 5733 599 5806 (14)
625 5733 830 5789 Fuisse
861 5733 1117 5788 Orientis
1146 5734 1493 5805 prmfectum
1537 5733 1721 5806 (quod
1751 5733 1849 5790 hic
1877 5733 2061 5808 κόμης

2178 4804 2434 4876 cephoro
2467 4819 2602 4876 xm,
2639 4803 2690 4876 3_.
2723 4803 2857 4859 XYL.

2247 4873 2360 4945 (15)
2398 4874 2565 4947 Truci
2590 4873 2745 4928 vultu
2778 4875 3051 4946 exposuit
3081 4875 3404 4946 Xylander,
3439 4893 3470 4931 a
3498 4892 3614 4947 quo
3651 4893 3832 4932 sensu

2174 4947 2346 5019 longe
2379 4962 2484 4999 vox
2515 4945 2700 5013 abest,
2737 4947 2807 5001 de
2839 4945 3023 5002 oculis
3072 4945 3305 5003 tantum
3358 4945 3828 5019 interpretanda,

2173 4988 2344 5074 caesiis
2373 5025 2426 5072 et
2456 4992 2788 5090 uolubilibus
2818 5021 2990 5074 oculis
3021 5019 3402 5090 spectabilem
3433 4988 3830 5075 Just’tinianuni

2175 5087 2624 5146 commendans.
2657 5090 2830 5144 Com.

2245 5165 2356 5234 (16)
2391 5161 2638 5231 Epulum
2674 5161 2894 5234 putavi,
2929 5167 3031 5216 aut
3061 5162 3314 5218 missilia
3347 5162 3504 5218 dona
3534 5164 3594 5218 in
3643 5178 3829 5234 papu-

2174 5233 2406 5314 lum_de
2435 5249 2597 5286 more
2629 5233 2918 5314 conjecta,
2952 5233 3042 5314 vel
3067 5233 3266 5314 ludos.
3306 5233 3660 5314 Viderinl‘ra.
3683 5233 3826 5289 XYL.

2244 5309 2354 5374 (17)
2389 5305 2571 5358 Locus
2605 5304 2870 5370 mutilus,
2905 5311 2971 5358 ut
3001 5305 3218 5360 mirum
3252 5323 3371 5361 non
3403 5307 3480 5361 sit
3508 5309 3556 5362 si
3587 5323 3702 5360 non
3731 5321 3829 5374 op-

2174 5376 2318 5430 time
2349 5375 2756 5449 divinaverim.
2783 5377 3002 5449 Tamen
3036 5379 3280 5449 Procop.
3317 5385 3466 5435 orat.
3508 5383 3527 5432 1
3567 5377 3639 5432 de
3671 5383 3832 5430 stru-

2176 5449 2359 5524 cturis
2388 5447 2704 5524 Justiniani
2743 5447 2976 5503 videtur
3027 5466 3147 5504 non
3202 5447 3531 5524 repugnare
3564 5465 3596 5504 a
3626 5454 3833 5504 nostra

2173 5520 2465 5574 versione.
2497 5518 2635 5573 XrL.

2243 5593 2287 5660 (1
2289 5593 2353 5718 t8)
2363 5592 2450 5718 GI'n
2481 5589 2639 5661 quod
2669 5589 2902 5646 nobiles
2934 5592 3320 5664 illustresque
3351 5593 3458 5648 viri
3501 5611 3564 5650 se
3594 5595 3832 5666 recipe-

2243 5679 2282 5718 n
2315 5704 2328 5718 .
2409 5679 2537 5718 om.

2172 5679 2282 5719 ren
2289 5679 2328 5718 ι.
2363 5679 2537 5721 ιιοΑιι.
