4120 6414
315 393 432 456 τοι

1459 333 2010 454 HISTORIARUM
2054 385 2605 452 COMPENDIUM.

3626 370 3745 434 702

320 522 581 599 βασιλεὺς
611 521 806 585 αὖτοὺς
869 523 964 596 μὲν
1022 519 1313 592 διεδέξατο,
1365 519 1648 577 ἂπὲστειλε
1680 518 1737 576 δὲ
1778 519 1976 596 Πέτρον

2098 523 2285 578 Persis
2312 521 2446 577 victi
2474 523 2632 575 sunt.
2666 517 2784 573 Hoc
2816 530 2966 587 aegre
2989 513 3186 569 ferens
3214 509 3606 576 Justinianus,
3627 524 3732 562 re-

316 615 412 669 τὸν
446 613 695 689 νοτάριον
729 613 899 668 αὐτοῦ
954 611 1336 689 στρατηλάτην
1371 617 1507 682 (19).
1543 613 1642 666 Καὶ
1685 607 1981 684 συμϐαλὼν

327 705 604 778 μετὰτῶν
666 709 854 773 Λαζῶν
908 709 1026 766 τοῖς
1081 698 1307 778 Πέρσαις
1365 700 1582 772 ἐνίκησε
1611 701 1699 756 καὶ
1735 699 1980 762 πολλοὺς

320 796 529 852 ἀνεῖλε.

393 980 493 1050 Τῷ
524 974 571 1032 δ’
601 975 750 1048 αὐτῷ
797 973 904 1032 ἔτει
961 972 1272 1050 προσιῤῥύη
1333 979 1450 1037 τοῖς
1480 973 1782 1047 Ῥωμαίοις
1811 974 1838 1029 ὁ
1875 973 1980 1048 βα-

318 1067 510 1130 σιλεὺς
571 1071 679 1122 τῶν
739 1063 1016 1138 Ἐλοῦρων
1071 1066 1186 1138 (20)
1247 1063 1449 1139 Γρὲτης
1510 1063 1833 1140 λεγόμενος,
1890 1063 1982 1117 καὶ

315 1156 496 1212 ἐλθὼν
556 1155 609 1210 ἐν
669 1151 1244 1212 Κωνσταντινουπόλει
1309 1154 1443 1226 μετᾶ
1496 1156 1594 1207 τοῖ’)
1642 1151 1778 1206 λαοῦ
1817 1150 1981 1205 αὐτοῦ

313 1245 567 1321 ᾐτήσατο
625 1244 716 1299 τὸν
777 1242 1024 1318 βασιλέα,
1081 1243 1171 1298 καὶ
1231 1243 1438 1316 ἐγένετο
1488 1241 1810 1317 Χριστιανὸς
1846 1241 1982 1313 μετᾶ

312 1339 424 1391 τῶν
479 1333 862 1410 συγκλητικῶν
915 1332 1081 1388 αὐτοῦ
1141 1332 1231 1387 καὶ
1282 1335 1582 1406 συγγενῶν,
1625 1330 1714 1386 καὶ
1765 1327 1980 1400 ἀπῆλθε

318 1426 456 1497 μετὰ
487 1428 664 1503 χαρᾶς
715 1423 790 1484 εἰς
849 1423 916 1476 τὰ
975 1420 1110 1490 ἴδια,
1170 1419 1635 1496 ἐπαγγειλαμενος
1665 1423 1976 1495 συμμαχεῖν

310 1515 614 1587 Ῥωμαίοις
650 1512 731 1587 ἐφ’
765 1512 845 1573 οἷς
873 1513 934 1565 ἄν
967 1509 1234 1581 δεηθῶσιν
1256 1509 1442 1566 αὐτοῦ.

398 1605 494 1673 Τῷ
524 1599 570 1656 δ’
599 1600 749 1673 αὐτῷ
807 1594 913 1655 ἔτει
971 1595 1345 1674 προϐάλλεται
1405 1600 1432 1654 6
1495 1598 1752 1675 βασιλεὺς
1783 1619 1980 1674 στρατ-

329 1691 538 1763 ηλάτην
572 1688 862 1766 Ἀρμενίας
916 1691 1110 1758 Τζίταν
1173 1689 1424 1762 ὀνόματι,
1485 1686 1648 1764 ἄνδρα
1676 1687 1979 1762 πολεμικὸν

321 1782 407 1836 καὶ
439 1780 797 1836 ἱκανώτατονο
833 1778 893 1833 οὐ
945 1778 1049 1856 φαρ
1109 1779 1252 1853 εἶχεν
1285 1781 1320 1848 ἡ
1354 1778 1613 1853 ’Δρμενία
1640 1779 1754 1851 (21)
1786 1797 1976 1851 στρατ-

2093 613 2311 668 vocatis
2339 612 2725 680 illis,Petrum
2757 606 3053 663 notarium
3077 603 3148 658 ad
3171 601 3493 657 exercitum
3521 598 3739 653 ducen-

2093 702 2233 758 dum
2267 703 2468 772 misit;
2514 702 2682 772 isque
2738 700 3017 754 Lazorum
3065 692 3286 750 auxilio
3317 694 3528 746 Persas
3561 689 3737 744 ador-

2091 799 2188 849 tus
2219 793 2424 866 prmlio
2454 793 2760 849 victoriam
2808 789 3014 845 multis
3065 785 3328 842 hostium
3361 783 3530 839 cmsis
3585 778 3739 835 obti-

2092 885 2242 940 nuit.

2165 972 2385 1028 Eodem
2408 989 2566 1028 anno
2594 971 2666 1027 ad
2698 973 2993 1026 Romanos
3016 984 3077 1022 se
3099 963 3352 1021 contulit
3383 959 3738 1016 Herulorum

2091 1079 2194 1118 rex
2227 1063 2431 1117 Gretas
2456 1078 2469 1128 ;
2505 1061 2833 1133 Cpolinque
2865 1057 3165 1130 profectus
3195 1069 3329 1109 cum
3352 1067 3458 1106 suo
3488 1049 3740 1122 populo,

2091 1154 2163 1209 ab
2198 1155 2554 1225 imperatore
2595 1151 2854 1207 obtinuit
2883 1155 2949 1205 ut
2977 1147 3346 1203 Christianus
3380 1143 3550 1198 fieret
3593 1156 3731 1196 cum

2092 1243 2214 1298 suis
2245 1242 2604 1297 consiliariis
2638 1247 2696 1296 et
2727 1239 2990 1312 cognatis
3019 1255 3032 1305 ;
3096 1253 3282 1307 eaque
3339 1250 3402 1288 re
3443 1231 3735 1296 confecta,

2089 1331 2261 1386 laetus
2293 1332 2535 1387 domum
2569 1331 2766 1399 rediit,
2797 1329 3098 1401 pollicitus
3131 1343 3192 1380 se
3251 1321 3553 1391 Romanis,
3588 1335 3732 1390 qua-

2090 1437 2325 1492 cunque
2358 1422 2420 1476 in
2451 1437 2514 1476 re
2547 1419 2789 1487 vellent,
2821 1417 3042 1474 auxilio
3075 1415 3362 1470 futurum.

2162 1600 2383 1656 Eodem
2409 1617 2565 1656 anno
2598 1600 2923 1671 imperator
2952 1598 3169 1652 Tzitam
3202 1591 3498 1648 Armenim
3547 1587 3741 1660 praefi-

2088 1693 2188 1760 cit,
2217 1692 2408 1748 virum
2465 1691 2821 1746 bellicoeum
2866 1695 2924 1743 et
2973 1687 3152 1742 rebus
3202 1681 3478 1756 gerendis
3509 1683 3736 1750 aptum.

2091 1783 2383 1836 Hactenus
2430 1780 2711 1834 Armenia
2779 1779 2906 1833 sine
2948 1774 3243 1848 prmfectis
3292 1773 3504 1835 fuerat,
3556 1767 3736 1821 duces

323 1870 562 1942 ηλάτην,
598 1867 744 1924 ἀλλὰ
794 1855 989 1929 δοῦκας
1043 1867 1134 1922 καὶ
1191 1867 1458 1940 κόμητας.
1492 1867 1663 1929 Αὐτὸς
1697 1865 1753 1922 δὲ
1785 1866 1973 1941 ὲστράο

2098 1875 2316 1925 tantum
2351 1875 2408 1923 et
2437 1869 2684 1924 comites
2715 1866 3022 1922 habuerat.
3059 1864 3170 1919 Sed
3213 1863 3308 1916 hic
3341 1876 3476 1916 eum
3510 1855 3736 1929 princi-

319 1982 503 2017 τευσεν
534 1957 837 2034 Ἀρμενίων
882 1955 1118 2027 πλῆθος.
1181 1955 1390 2012 Δὲδιυκε
1458 1953 1514 2010 δὲ
1576 1955 1722 2028 αὐτῷ
1753 1956 1843 2011 καὶ
1872 1957 1976 2011 ἀπὸ

317 2052 620 2118 Ἀνατολῆς
681 2047 926 2123 στρατὸν,
985 2045 1242 2122 χιλιάδας
1303 2047 1584 2122 τέσσαρας,
1641 2047 1731 2101 καὶ
1789 2047 1977 2120 γέγονε

326 2138 540 2215 μεγάλη
575 2135 790 2215 φυλακή
851 2137 940 2192 καὶ
1004 2138 1233 2212 βοήθεια
1285 2135 1598 2208 Ῥωμαίων.
1641 2137 1889 2206 Ἐζζευξε
1920 2133 1979 2190 δὲ

321 2223 594 2297 αὐτῷκαὶ
648 2228 898 2300 γυναῖκα,
955 2224 1055 2292 τήν
1105 2219 1350 2301 ἀδελρήν
1409 2219 1692 2298 Θεοδώρας
1724 2224 1825 2292 τῆς
1857 2223 1976 2279 Αὐ-

320 2315 583 2394 γούστης,
615 2313 846 2386 ὀνόματι
877 2313 1128 2384 Κομιτώ.

389 2409 478 2477 Τῷ
511 2401 561 2459 δ’
599 2403 751 2474 αὐτῷ
809 2395 912 2456 ἔτει
972 2400 1280 2476 προσερῥῦη
1335 2405 1452 2466 τοῖς
1507 2400 1806 2475 Ῥωμαίοις
1843 2403 1972 2478 γυνή

319 2515 400 2556 τις
433 2493 494 2549 ἐκ
521 2497 630 2548 τῶν
655 2492 870 2549 Οίιννων
933 2495 1040 2546 τῶν
1102 2489 1412 2567 λεγομένων
1461 2486 1646 2566 Σαϐἡρ
1679 2492 1814 2566 (22),
1847 2492 1977 2568 Βάρ-

325 2579 511 2658 ϐαρος,
564 2581 797 2656 ὀνόματι
859 2581 1067 2656 Βαρήζ,
1126 2583 1300 2655 χήρα,
1360 2579 1563 2656 ἔχουσα
1621 2582 1739 2654 μεθ’
1785 2581 1979 2651 ἑαυτῆς

327 2669 538 2727 Οῧννων
601 2669 861 2746 χιλιάδας
919 2669 1131 2739 ἑκατὸν,
1207 2670 1331 2739 ἣτις
1404 2668 1814 2726 κατεδυνᾶστιυε
1866 2676 1975 2725 τῶν

331 2760 606 2818 Οὐννικῶν
642 2763 822 2834 μερῶν
883 2758 1016 2832 μετὰ
1069 2759 1170 2828 τήν
1227 2762 1325 2813 τοῦ
1371 2757 1516 2814 ἱδίου
1547 2758 1738 2833 ἀνδρὸς
1771 2757 1978 2838 Μαλὰχ

328 2847 628 2922 ἀποϐολήν.
692 2849 838 2918 Αὕτη
897 2848 1026 2912 τοὺς
1075 2850 1484 2924 προτραπέντας
1538 2847 1683 2924 παρᾶ
1722 2844 1976 2905 Καϐαἱδου

327 2945 422 2994 τοῦ
455 2939 726 3016 βασιλέως
782 2944 1002 3014 Περσῶν
1059 2935 1154 2994 δύο
1209 2937 1378 3014 ρῆγας
1439 2939 1544 2993 ἀπὸ
1584 2937 1762 2994 ἄλλου
1792 2933 1975 3001 ἔθνους

333 3029 546 3085 Οῧννων
579 3026 892 3103 ἐνδοτὲρων,
927 3027 1174 3102 Στύρακα
1227 3027 1317 3083 καὶ
1368 3027 1588 3097 Γλώην,
1635 3031 1733 3083 τοῦ
1765 3049 1978 3100 συμμα-

333 3124 499 3192 χῆσαι
531 3117 678 3188 αὖτῷ
725 3117 863 3172 κατὰ
916 3117 1230 3190 Ῥωμαίων,
1290 3115 1574 3191 περιόντας
1608 3115 1696 3170 διὰ
1723 3123 1821 3185 τῆς
1853 3117 1975 3191 χώ-

343 3223 432 3279 ρας
487 3204 652 3275 αὒτῆς
709 3203 794 3260 ἒπὶ
848 3205 915 3260 τὰ
972 3207 1206 3281 Περσικὰ
1268 3209 1403 3278 μετὰ
1461 3202 1733 3282 χιλιάδων
1773 3205 1975 3261 εἷ’κοσιν

333 3291 612 3370 ἐκράτησε,
670 3294 756 3350 καὶ
811 3296 902 3350 τὸν
967 3293 1096 3351 λαὸν
1152 3299 1326 3350 πάντα
1383 3295 1668 3370 κατέκοψε.
1730 3295 1834 3351 Καὶ
1887 3297 1977 3351 τὸν

331 3384 425 3456 μὲν
474 3385 723 3460 Στύρακα
774 3381 996 3457 δέσμιον
1049 3389 1130 3458 τῶ
1191 3382 1410 3460 βασιλεῖ
1457 3386 1512 3440 ὲν
1550 3393 1980 3441 Κωνσταντινου-

2087 1976 2222 2031 pem
2254 1959 2672 2014 Armeniorum
2701 1957 2858 2012 fecit.
2883 1953 3169 2027 Adjunxit
3202 1952 3380 2006 etiam
3408 1949 3736 2018 imperator

2088 2049 2140 2103 ei
2174 2048 2496 2102 exercitum
2530 2053 2784 2117 quatuor
2814 2045 3043 2100 milium
3082 2060 3148 2097 ex
3181 2040 3419 2095 Oriente
3447 2055 3461 2104 ;
3503 2036 3733 2104 fuitque

2088 2137 2200 2194 hoc
2231 2138 2450 2193 mahno
2477 2137 2754 2209 praasidio
2782 2133 3085 2190 Romanis.
3115 2133 3375 2202 Nuptum
3408 2141 3644 2197 quoque
3678 2123 3732 2178 ei

2088 2228 2336 2286 tradidit
2367 2245 2633 2284 sororem
2666 2223 2992 2282 Theodorm
3036 2225 3332 2294 Augustin,
3365 2217 3606 2272 nomine
3637 2213 3738 2268 Co-

2089 2320 2257 2375 mito.

2160 2409 2316 2463 644
2342 2407 2560 2463 Eodem
2591 2421 2749 2462 anno
2781 2403 3090 2476 conjunxit
3116 2417 3177 2456 se
3232 2395 3514 2454 Romanis
3563 2392 3738 2447 vidua

2090 2497 2364 2570 qumdam
2388 2497 2625 2564 mulier,
2657 2494 2728 2550 de
2753 2511 2820 2549 eo
2853 2494 3202 2548 Hunnorum
3235 2487 3478 2542 natione
3505 2484 3605 2555 qui
3640 2483 3739 2536 Sa-

2089 2585 2216 2641 beri
2251 2585 2566 2641 dicuntur:
2600 2600 2819 2639 nomen
2847 2581 2898 2636 ei
2931 2581 3043 2636 fuit
3075 2581 3305 2633 Bareza.
3350 2573 3612 2630 Habebat
3641 2587 3736 2626 se-

2089 2691 2220 2731 cum
2248 2675 2596 2729 Hunnorum
2621 2673 2915 2736 100000,et
2946 2673 3196 2741 praeerat
3218 2664 3500 2721 Hunnicae
3528 2660 3739 2717 ditioni

2087 2770 2220 2837 post
2251 2770 2505 2818 mortem
2539 2762 2736 2818 mariti
2769 2760 3041 2815 Malachi.
3079 2757 3376 2813 Elicuerat
3405 2770 3507 2808 rex
3535 2753 3742 2806 Persa-

2087 2871 2222 2909 rum
2257 2853 2406 2908 duos
2447 2853 2595 2908 alios
2655 2853 3004 2906 Hunnorum
3067 2848 3421 2902 interiorum
3480 2841 3741 2915 regulos,

2088 2944 2387 3014 Styracem
2423 2947 2480 2996 et
2501 2941 2798 3007 Gloem,ut
2828 2939 2938 2994 sibi
2971 2939 3011 2992 ii
3037 2942 3243 2993 contra
3273 2937 3570 2989 Romanos
3599 2947 3740 3001 sup-

2087 3033 2277 3104 petias
2310 3031 2553 3086 ferrent.
2590 3031 2701 3085 Sed
2736 3034 2968 3097 Bareza,
3003 3043 3138 3083 cum
3181 3026 3221 3080 ii
3271 3041 3377 3096 per
3407 3023 3592 3095 ipsius
3643 3034 3741 3074 re-

2087 3121 2321 3193 gionem
2354 3124 2421 3175 29
2455 3120 2640 3175 millia
2666 3121 2729 3174 in
2762 3118 3063 3174 Persidem
3093 3110 3738 3176 ducerent,exercitum

2088 3228 2294 3266 eorum
2327 3211 2562 3276 delevit,
2597 3225 2664 3265 ac
2698 3209 2836 3265 Gloe
2868 3209 2928 3262 in
2965 3222 3158 3280 pugna
3189 3205 3403 3269 occiso,
3436 3203 3738 3274 Styracem

2088 3301 2353 3355 vinctum
2380 3299 2726 3370 imperatori
2756 3298 2966 3370 Cpolin
2990 3295 3343 3351 transmisit.
3369 3295 3505 3363 Ipsa
3530 3304 3738 3362 pacem

2091 3396 2150 3445 et
2181 3391 2524 3446 societatem
2556 3405 2690 3445 cum
2721 3388 3052 3444 Iustiniano
3086 3383 3476 3441 conservavit.

325 3472 479 3530 πόλει
546 3469 809 3550 ἔπεμψεν,
867 3476 895 3530 6
935 3473 993 3530 δὲ
1044 3475 1240 3546 Γλώης
1271 3473 1325 3530 ἐν
1361 3479 1442 3548 τῷ
1495 3474 1731 3550 πολέμῳ
1771 3475 2011 3553 ἐσφάγη.
2076 3474 2274 3553 Γέγονε
2331 3475 2388 3533 δὲ
2443 3477 2579 3549 αὕτη
2639 3478 2941 3552 σύμμαχος
2995 3475 3086 3530 καὶ
3137 3473 3383 3550 εἰρηνική
3414 3475 3492 3544 τῷ
3526 3467 3745 3545 βασιλεῖ

331 3564 710 3636 Ἰουστινιανῷ.

387 3656 478 3728 Τῷ
511 3651 554 3708 δ’
593 3652 741 3726 αὖτῷ
784 3649 889 3709 ἔτει
935 3654 1026 3709 καὶ
1060 3655 1087 3710 6
1119 3653 1360 3726 πλησίον
1386 3655 1673 3732 Βοσπόρου
1705 3659 1840 3731 (23),

320 3749 424 3801 τῶν
454 3747 693 3814 Οὗννων,
730 3742 935 3820 Γορδᾶς
974 3743 1303 3820 λεγόμενος,
1355 3746 1667 3824 προσερῥύη
1709 3745 1788 3820 τῷ
1821 3749 1974 3821 βασι-

316 3831 400 3890 λεῖ
426 3835 516 3891 καὶ
567 3833 782 3910 ἐγένετο
826 3835 1166 3911 Χριστιανός,
1219 3835 1316 3890 Καὶ
1363 3835 1549 3891 πολλὰ
1599 3833 1726 3898 δοὺς
1770 3835 1918 3908 αὐτῷ
1949 3836 1976 3890 6

320 3924 572 3999 βασιλεὺς
627 3923 940 3979 ἀπέστειλεν
989 3924 1065 3988 εἰς
1114 3926 1218 3994 τὴν
1271 3921 1410 3980 ἰδίαν
1461 3925 1671 4001 χώραν,
1729 3926 1978 3999 ὑποσχο-

329 4015 471 4088 μὲνῳ
536 4012 825 4093 φυλάττειν
885 4014 953 4068 τὰ
1019 4015 1306 4088 Ῥωμαϊκά
1368 4014 1460 4070 καὶ
1523 4017 1624 4084 τὴν
1693 4011 1977 4088 Βοσπόρου

322 4104 509 4171 πόλιν,
543 4105 666 4173 ἤτις
695 4102 870 4168 οὓτως
918 4102 1126 4175 ἐκλήθη
1178 4104 1285 4160 ἀπὸ
1332 4109 1430 4161 τοῦ
1475 4111 1651 4161 τελεῖν
1682 4105 1979 4180 Ῥωμαίοις

321 4196 436 4250 κατ’
473 4191 591 4256 ἔτος
624 4192 735 4248 ἀντῖ
788 4192 1095 4270 χρημάτων
1157 4194 1310 4267 βόας,
1371 4197 1614 4250 ἀπαιτεῖν
1647 4192 1704 4250 δὲ
1733 4195 1828 4257 τας
1860 4216 1979 4250 συν-

320 4284 534 4346 τελείας
564 4287 672 4338 τῶν
707 4277 872 4341 ϐοῶν.
905 4282 1191 4342 Ἀπελῡὼν
1252 4283 1308 4339 δὲ
1366 4283 1442 4348 εἰς
1487 4286 1587 4354 τήν
1620 4283 1758 4340 ἰδίαν
1792 4285 1981 4361 χώραν

318 4370 628 4450 διηγήσατο
659 4375 738 4444 τῷ
769 4369 892 4444 ἰδίῳ
923 4369 1145 4451 ἀδελφῷ
1191 4374 1291 4442 τήν
1319 4375 1414 4429 τοῦ
1448 4372 1722 4448 βασιλέως
1753 4375 1969 4450 ἀγάπην

317 4465 403 4519 καὶ
459 4462 803 4543 φιλοτιμίαν,
851 4463 944 4518 καὶ
993 4461 1077 4519 ὅτι
1130 4466 1449 4540 Χριστιανὸς
1497 4466 1700 4542 γέγονε,
1743 4466 1978 4540 συνέτρι-

2165 3660 2386 3716 Eodem
2421 3676 2577 3716 anno
2609 3659 3038 3722 Gordas,etiam
3069 3656 3312 3730 regulus
3371 3655 3731 3709 Hunnorum

2086 3750 2344 3822 Bosporo
2370 3749 2699 3806 vicinorum
2732 3749 3012 3804 Romanis
3041 3762 3170 3803 sese
3218 3745 3494 3816 adjunxit
3537 3747 3594 3798 et
3648 3741 3736 3796 fa-

2087 3844 2217 3894 ctus
2247 3845 2338 3894 est
2380 3839 2787 3905 Christianus;
2840 3854 3095 3908 cumque
3155 3835 3334 3891 tidem
3385 3833 3649 3889 dedisset
3677 3847 3740 3888 se

2090 3929 2369 3984 Romanis
2400 3929 2578 3984 rebus
2609 3929 2911 3983 addictum
2969 3927 3094 3981 fore
3121 3925 3450 3994 urbemque
3497 3920 3742 3992 Bospori

2088 4017 2525 4072 custoditurum
2559 4021 2616 4072 et
2644 4017 2826 4072 boum
2859 4015 3146 4070 tributum
3180 4019 3524 4068 exacturum
3576 4009 3737 4079 (nam

2086 4106 2218 4161 urbi
2251 4107 2493 4178 Bospori
2520 4106 2658 4161 inde
2680 4122 2899 4160 nomen
2927 4103 3181 4174 estquod
3214 4101 3426 4157 ineolaa
3456 4098 3741 4154 Romanis

2089 4197 2220 4253 loco
2252 4197 2518 4269 pecuniae
2549 4197 2874 4269 quotannis
2905 4195 3084 4250 boves
3126 4193 3391 4262 dabant),
3426 4188 3740 4262 magniﬁce

2090 4288 2162 4344 ab
2193 4289 2550 4360 imperatore
2582 4287 2834 4343 donatus
2885 4286 3252 4355 domumque
3283 4281 3566 4337 dimissus
3624 4281 3734 4333 est.

2091 4379 2383 4434 Reversus
2414 4377 2656 4433 domum
2687 4376 2853 4431 fratri
2889 4392 2994 4430 suo
3034 4371 3412 4445 imperatoris
3463 4366 3740 4424 humani-

2088 4468 2273 4523 taiem
2305 4467 2871 4538 liberalitatemque,
2908 4470 2966 4522 et
2996 4481 3058 4520 se
3091 4462 3496 4519 Christianum
3525 4457 3744 4514 factum

1534 4593 1894 4651 XYLANDRI
1931 4596 2018 4650 ET
2057 4595 2275 4652 GOARI
2313 4596 2536 4651 NOTAE.

390 4714 510 4787 (t9)
542 4711 884 4787 Magistrum
909 4711 1179 4787 militum
1208 4719 1378 4787 vocat
1408 4714 1716 4786 Rigaltius,
1759 4715 1830 4771 de
1863 4733 1979 4787 quo
2013 4719 2056 4784 Ι)
2088 4715 2348 4784 meniam,
2380 4731 2502 4784 quae
2532 4716 2769 4770 interior
2785 4714 3149 4776 dicebatur,et
3176 4719 3382 4787 gentes,
3413 4713 3743 4787 Antizenam

324 4785 696 4842 Pancirollus
727 4783 1057 4858 abunde‘in
1089 4786 1369 4858 Notitiam
1400 4783 1659 4858 Imperii.
1693 4789 1866 4843 Goxa.

389 4859 506 4928 (20)
549 4858 662 4911 Hos
693 4855 1066 4930 emendatius
1111 4857 1357 4930 Herulos
1387 4855 1580 4913 vocari
1614 4859 1766 4914 scias
1797 4875 1977 4930 quam

320 4925 552 4986 Erulos.
589 4930 656 4982 Et
687 4927 842 5000 apud
867 4928 1174 4998 Evagrium
1208 4925 1452 5000 ἔρουλοι,
1485 4930 1664 4985 citato
1698 4925 1875 4986 etiam
1909 4931 1984 4986 ad

320 5010 550 5070 partem
585 4999 893 5069 Procopio,
952 4999 1256 5062 vocantur,
1307 5017 1380 5064 iv,
1443 5005 1530 5056 20.
1577 5003 1744 5066 Quod
1777 5001 1982 5057 itidem

325 5080 409 5126 est
439 5072 598 5144 apud
633 5071 871 5141 Niceph.
909 5087 1043 5137 xvn,
1089 5074 1178 5127 13.
1223 5075 1427 5143 Itaque
1460 5089 1640 5128 ausus
1673 5091 1803 5129 sum
1839 5075 1982 5129 scri-

326 5145 590 5214 ptionem
625 5159 862 5214 pravam
895 5144 1155 5212 Zonaras,
1188 5145 1368 5199 etiam
1400 5145 1712 5213 insessam,
1735 5145 1980 5213 elidere,

327 5215 562 5288 tametsi
623 5215 780 5270 varie
840 5221 1118 5288 corrupta
1169 5217 1354 5271 sciam
1411 5217 1675 5288 gentium
1715 5218 1980 5272 nomina.

327 5285 440 5412 ἱρά
503 5287 642 5342 hinc
708 5285 1047 5341 emendatio
1118 5288 1284 5343 nulla
1349 5285 1664 5358 speranda,
1697 5296 1763 5344 ut
1817 5295 1982 5360 puto,

379 5375 461 5412 YL.

379 5375 461 5416 YL.

392 5434 502 5501 (2t)
536 5427 924 5496 Pancirollus,
948 5445 997 5483 c.
1038 5431 1128 5484 131
1162 5432 1568 5497 :Justinianus,
1591 5431 1826 5487 subactis
1853 5431 1983 5502 ﬁni-

328 5503 468 5558 timis
527 5503 812 5566 Barbaris,
872 5517 1134 5569 magnam
1192 5509 1243 5556 et
1289 5505 1609 5558 interiorem
1665 5505 1984 5558 Armeniam

329 5573 533 5630 dictam
563 5590 760 5630 novam
786 5575 1137 5643 provinciam
1167 5576 1392 5641 creavit,
1428 5576 1463 5630 ι.
1497 5576 1598 5629 ult.
1633 5591 1680 5628 c.
1715 5575 1780 5629 de
1814 5578 1980 5645 Ofﬁc.

329 5645 544 5719 Magist.
579 5646 841 5710 militum,
875 5660 1043 5719 quam
1076 5647 1212 5719 leta:
1253 5648 1520 5716 magistro
1567 5646 1808 5701 militum
1837 5645 1984 5717 (Τζὶ-

327 5717 433 5771 ταν
477 5723 632 5775 vocat
688 5717 904 5788 auctor)
959 5717 1246 5773 commisit.
1307 5719 1590 5791 Magnam,
1630 5719 1840 5790 inquit,
1871 5719 1982 5776 Ar-

2085 4782 2358 4855 videlicet‘,
2388 4782 2746 4856 lngilenam,
2779 4788 3140 4854 Astyaneam,
3173 4782 3740 4854 Sophenam,Sopho-

2086 4875 2304 4919 nenam.
2357 4859 2416 4912 in
2473 4875 2586 4928 qua
2637 4863 2712 4912 est
2763 4859 3168 4928 Martyropolis,
3230 4857 3627 4919 Belabitenam,
3687 4859 3740 4907 et

2087 4933 2330 5000 primam
2361 4935 2411 4982 et
2441 4929 2738 4984 secundam
2768 4931 3114 4993 Armeniam,
3147 4936 3196 4983 et
3228 4930 3466 4983 Pontum
3497 4928 3742 5000 Polemo-

2092 4997 2314 5057 niacum
2339 5015 2490 5056 atra?
2520 5007 2632 5056 tuz-e
2663 5016 2784 5055 cum
2809 5003 2920 5055 suis
2947 5001 3175 5056 ducibus
3204 4999 3585 5054 commisimus.
3623 4997 3736 5050 Du-

2093 5090 2190 5128 ces
2223 5073 2381 5128 enim
2407 5077 2465 5126 et
2495 5072 2742 5126 comites
2761 5072 3041 5143 magistro
3069 5072 3327 5126 militum
3348 5067 3739 5140 subjicieban-

2094 5152 2208 5199 tur.
2245 5143 2638 5208 Pancirollus,
2672 5144 2829 5198 idem
2861 5161 2892 5198 c
2949 5147 3069 5209 139,
3105 5145 3280 5197 6οη.

2165 5219 2274 5285 (22)
2307 5216 2373 5270 Hi
2419 5232 2619 5270 versus
2683 5214 2998 5286 Danaprim
3033 5220 3092 5268 et
3148 5211 3485 5286 Danastrini
3528 5208 3738 5286 fluvios

2094 5282 2537 5352 siti,Chersonm
2569 5282 2882 5341 viciniore's
2914 5303 2983 5340 ex
3015 5286 3401 5340 Constantino
3420 5285 3495 5337 De
3524 5282 3735 5336 admin.

2092 5361 2225 5430 imp.
2261 5365 2693 5430 agnoscuntur.
2719 5359 2894 5413 Goan.

2162 5425 2276 5502 (23)
2300 5425 2734 5502 Bosporushic
2767 5445 2884 5502 non
2910 5427 3246 5502 Tliracicus,
3280 5426 3385 5502 sed
3441 5425 3740 5502 Mmoticus

2095 5508 2204 5569 est,
2237 5499 2676 5574 cujus—accola:
2723 5500 3091 5574 ‘Patzinacae;
3138 5500 3214 5574 _de
3265 5499 3481 5574 quibus
3531 5503 3589 5554 et
3635 5499 3740 5574 illo

2095 5571 2353 5701 gosporo
2430 5571 2855 5630 Constantinus
2931 5573 3008 5626 De
3077 5572 3229 5628 adm.
3288 5571 3471 5643 ’imp.,
3532 5588 3584 5626 ο.
3645 5571 3735 5624 42.

2143 5663 2268 5701 oui.

2143 5663 2268 5702 OAR.
