  <div class='ocr_page' id='page_1' title='image "/cluster/home/n/w/nwhite01/storage/ocr_20150623/121:no.1/coo.31924054870260/363.png"; bbox 0 0 4144 6414; ppageno 0'>
   <div class='ocr_carea' id='block_1_1' title="bbox 391 358 521 418">
    <p class='ocr_par' dir='ltr' id='par_1_1' title="bbox 391 358 521 418">
     <span class='ocr_line' id='line_1_1' title="bbox 391 358 521 418; baseline 0 0"><span class='ocrx_word' id='word_1_1' title='bbox 391 358 521 418; x_wconf 62' lang='grc'>1113</span> 
     </span>
    </p>
   </div>
   <div class='ocr_carea' id='block_1_2' title="bbox 1762 351 2503 442">
    <p class='ocr_par' dir='ltr' id='par_1_2' title="bbox 1762 351 2503 442">
     <span class='ocr_line' id='line_1_2' title="bbox 1762 351 2503 442; baseline 0.003 -22"><span class='ocrx_word' id='word_1_2' title='bbox 1762 351 2136 438; x_wconf 50' lang='grc' dir='ltr'>ιβεοηᾳιιί</span> <span class='ocrx_word' id='word_1_3' title='bbox 2158 353 2503 442; x_wconf 56' lang='lat' dir='ltr'>cannam</span> 
     </span>
    </p>
   </div>
   <div class='ocr_carea' id='block_1_3' title="bbox 3703 359 3826 446">
    <p class='ocr_par' dir='ltr' id='par_1_3' title="bbox 3703 359 3826 446">
     <span class='ocr_line' id='line_1_3' title="bbox 3703 359 3826 446; baseline 0.073 -8"><span class='ocrx_word' id='word_1_4' title='bbox 3703 359 3826 446; x_wconf 51' lang='grc' dir='ltr'>ιρι</span> 
     </span>
    </p>
   </div>
   <div class='ocr_carea' id='block_1_4' title="bbox 407 487 2076 575">
    <p class='ocr_par' dir='ltr' id='par_1_4' title="bbox 407 487 2059 563">
     <span class='ocr_line' id='line_1_4' title="bbox 407 487 2059 563; baseline -0.002 -15"><span class='ocrx_word' id='word_1_5' title='bbox 407 510 536 548; x_wconf 86' lang='lat' dir='ltr'>esse</span> <span class='ocrx_word' id='word_1_6' title='bbox 565 490 876 563; x_wconf 82' lang='lat' dir='ltr'>exposuit;</span> <span class='ocrx_word' id='word_1_7' title='bbox 910 495 1086 561; x_wconf 87' lang='lat' dir='ltr'>atque</span> <span class='ocrx_word' id='word_1_8' title='bbox 1135 489 1295 544; x_wconf 90' lang='lat' dir='ltr'>idem</span> <span class='ocrx_word' id='word_1_9' title='bbox 1343 487 1542 544; x_wconf 83' lang='lat' dir='ltr'>omnia</span> <span class='ocrx_word' id='word_1_10' title='bbox 1592 489 1939 545; x_wconf 78' lang='lat' dir='ltr'>Hunnorum</span> <span class='ocrx_word' id='word_1_11' title='bbox 1980 490 2059 545; x_wconf 91' lang='lat' dir='ltr'>si-</span> 
     </span>
    </p>
   </div>
   <div class='ocr_carea' id='block_1_5' title="bbox 2190 487 3816 575">
    <p class='ocr_par' dir='ltr' id='par_1_5' title="bbox 2190 488 3816 575">
     <span class='ocr_line' id='line_1_5' title="bbox 2190 488 3816 575; baseline 0.004 -30"><span class='ocrx_word' id='word_1_12' title='bbox 2190 492 2240 564; x_wconf 65' lang='lat' dir='ltr'>IIS</span> <span class='ocrx_word' id='word_1_13' title='bbox 2273 488 2330 546; x_wconf 76' lang='grc' dir='ltr'>δὲ</span> <span class='ocrx_word' id='word_1_14' title='bbox 2358 489 2533 548; x_wconf 75' lang='grc' dir='ltr'>πάντα</span> <span class='ocrx_word' id='word_1_15' title='bbox 2562 515 2627 548; x_wconf 91' lang='grc' dir='ltr'>τα</span> <span class='ocrx_word' id='word_1_16' title='bbox 2649 515 2758 550; x_wconf 89' lang='grc' dir='ltr'>των</span> <span class='ocrx_word' id='word_1_17' title='bbox 2786 493 3002 552; x_wconf 66' lang='grc' dir='ltr'>Οῧννων</span> <span class='ocrx_word' id='word_1_18' title='bbox 3037 493 3344 570; x_wconf 72' lang='grc' dir='ltr'>ἰνδάλματα</span> <span class='ocrx_word' id='word_1_19' title='bbox 3373 495 3462 551; x_wconf 81' lang='grc' dir='ltr'>καὶ</span> <span class='ocrx_word' id='word_1_20' title='bbox 3498 493 3816 575; x_wconf 82' lang='grc' dir='ltr'>ἐχώνευσεν.</span> 
     </span>
    </p>
   </div>
   <div class='ocr_carea' id='block_1_6' title="bbox 397 578 2062 652">
    <p class='ocr_par' dir='ltr' id='par_1_6' title="bbox 397 578 2062 652">
     <span class='ocr_line' id='line_1_6' title="bbox 397 578 2062 652; baseline -0.001 -16"><span class='ocrx_word' id='word_1_21' title='bbox 397 582 678 638; x_wconf 64' lang='grc' dir='ltr'>«ωιιιοοτα</span> <span class='ocrx_word' id='word_1_22' title='bbox 707 581 996 652; x_wconf 82' lang='lat' dir='ltr'>confregit</span> <span class='ocrx_word' id='word_1_23' title='bbox 1026 585 1081 634; x_wconf 91' lang='lat' dir='ltr'>et</span> <span class='ocrx_word' id='word_1_24' title='bbox 1113 579 1405 634; x_wconf 87' lang='lat' dir='ltr'>conﬂavit.</span> <span class='ocrx_word' id='word_1_25' title='bbox 1434 581 1574 633; x_wconf 84' lang='lat' dir='ltr'>Eam</span> <span class='ocrx_word' id='word_1_26' title='bbox 1605 578 1679 632; x_wconf 92' lang='lat' dir='ltr'>ob</span> <span class='ocrx_word' id='word_1_27' title='bbox 1711 597 1840 635; x_wconf 91' lang='lat' dir='ltr'>rem</span> <span class='ocrx_word' id='word_1_28' title='bbox 1861 581 2062 635; x_wconf 83' lang='lat' dir='ltr'>Hunni</span> 
     </span>
    </p>
   </div>
   <div class='ocr_carea' id='block_1_7' title="bbox 407 668 2060 742">
    <p class='ocr_par' dir='ltr' id='par_1_7' title="bbox 407 668 2060 742">
     <span class='ocr_line' id='line_1_7' title="bbox 407 668 2060 742; baseline -0.001 -16"><span class='ocrx_word' id='word_1_29' title='bbox 407 671 568 740; x_wconf 87' lang='lat' dir='ltr'>irati,</span> <span class='ocrx_word' id='word_1_30' title='bbox 601 687 856 742; x_wconf 88' lang='lat' dir='ltr'>cumque</span> <span class='ocrx_word' id='word_1_31' title='bbox 906 671 998 725; x_wconf 88' lang='lat' dir='ltr'>his</span> <span class='ocrx_word' id='word_1_32' title='bbox 1031 671 1327 741; x_wconf 83' lang='lat' dir='ltr'>Moageras</span> <span class='ocrx_word' id='word_1_33' title='bbox 1379 669 1507 739; x_wconf 83' lang='lat' dir='ltr'>ejus</span> <span class='ocrx_word' id='word_1_34' title='bbox 1557 668 1759 736; x_wconf 78' lang='lat' dir='ltr'>frater,</span> <span class='ocrx_word' id='word_1_35' title='bbox 1808 669 2060 726; x_wconf 86' lang='lat' dir='ltr'>Gordam</span> 
     </span>
    </p>
   </div>
   <div class='ocr_carea' id='block_1_8' title="bbox 407 757 2062 830">
    <p class='ocr_par' dir='ltr' id='par_1_8' title="bbox 407 757 2062 830">
     <span class='ocr_line' id='line_1_8' title="bbox 407 757 2062 830; baseline -0.001 -14"><span class='ocrx_word' id='word_1_36' title='bbox 407 765 768 816; x_wconf 88' lang='lat' dir='ltr'>necaverunt</span> <span class='ocrx_word' id='word_1_37' title='bbox 817 764 875 814; x_wconf 91' lang='lat' dir='ltr'>et</span> <span class='ocrx_word' id='word_1_38' title='bbox 919 775 1164 830; x_wconf 77' lang='lat' dir='ltr'>regnum</span> <span class='ocrx_word' id='word_1_39' title='bbox 1219 760 1496 828; x_wconf 75' lang='lat' dir='ltr'>Moagerze</span> <span class='ocrx_word' id='word_1_40' title='bbox 1547 757 1944 822; x_wconf 86' lang='lat' dir='ltr'>tradiderunt,</span> <span class='ocrx_word' id='word_1_41' title='bbox 1995 776 2062 814; x_wconf 92' lang='lat' dir='ltr'>ac</span> 
     </span>
    </p>
   </div>
   <div class='ocr_carea' id='block_1_9' title="bbox 411 846 2063 921">
    <p class='ocr_par' dir='ltr' id='par_1_9' title="bbox 411 846 2063 921">
     <span class='ocr_line' id='line_1_9' title="bbox 411 846 2063 921; baseline -0.001 -17"><span class='ocrx_word' id='word_1_42' title='bbox 411 851 737 921; x_wconf 88' lang='lat' dir='ltr'>Bosporum</span> <span class='ocrx_word' id='word_1_43' title='bbox 769 847 1014 919; x_wconf 89' lang='lat' dir='ltr'>profecti</span> <span class='ocrx_word' id='word_1_44' title='bbox 1062 846 1365 902; x_wconf 85' lang='lat' dir='ltr'>tribunum</span> <span class='ocrx_word' id='word_1_45' title='bbox 1399 847 1702 901; x_wconf 65' lang='lat' dir='ltr'>Dalmatiae</span> <span class='ocrx_word' id='word_1_46' title='bbox 1751 853 1810 902; x_wconf 93' lang='lat' dir='ltr'>et</span> <span class='ocrx_word' id='word_1_47' title='bbox 1842 847 2063 903; x_wconf 76' lang='lat' dir='ltr'>milites</span> 
     </span>
    </p>
   </div>
   <div class='ocr_carea' id='block_1_10' title="bbox 405 935 2060 1009">
    <p class='ocr_par' dir='ltr' id='par_1_10' title="bbox 405 935 2060 1009">
     <span class='ocr_line' id='line_1_10' title="bbox 405 935 2060 1009; baseline -0.002 -14"><span class='ocrx_word' id='word_1_48' title='bbox 405 939 858 994; x_wconf 85' lang='lat' dir='ltr'>interfecerunt.</span> <span class='ocrx_word' id='word_1_49' title='bbox 920 936 1084 1002; x_wconf 87' lang='lat' dir='ltr'>Quod</span> <span class='ocrx_word' id='word_1_50' title='bbox 1154 935 1254 990; x_wconf 91' lang='lat' dir='ltr'>ubi</span> <span class='ocrx_word' id='word_1_51' title='bbox 1330 937 1700 992; x_wconf 83' lang='lat' dir='ltr'>Justinianus</span> <span class='ocrx_word' id='word_1_52' title='bbox 1771 937 2060 1009; x_wconf 82' lang='lat' dir='ltr'>cognovit,</span> 
     </span>
    </p>
   </div>
   <div class='ocr_carea' id='block_1_11' title="bbox 411 1025 2063 1096">
    <p class='ocr_par' dir='ltr' id='par_1_11' title="bbox 411 1025 2063 1096">
     <span class='ocr_line' id='line_1_11' title="bbox 411 1025 2063 1096; baseline -0.002 -11"><span class='ocrx_word' id='word_1_53' title='bbox 411 1029 561 1085; x_wconf 71' lang='lat'>645</span> <span class='ocrx_word' id='word_1_54' title='bbox 595 1029 880 1083; x_wconf 84' lang='lat' dir='ltr'>Joannem</span> <span class='ocrx_word' id='word_1_55' title='bbox 932 1025 1308 1081; x_wconf 82' lang='lat' dir='ltr'>consularem</span> <span class='ocrx_word' id='word_1_56' title='bbox 1354 1026 1586 1096; x_wconf 83' lang='lat' dir='ltr'>patricii</span> <span class='ocrx_word' id='word_1_57' title='bbox 1635 1026 1830 1082; x_wconf 81' lang='lat' dir='ltr'>Ruﬁni</span> <span class='ocrx_word' id='word_1_58' title='bbox 1876 1027 2063 1082; x_wconf 86' lang='lat' dir='ltr'>ﬁlium</span> 
     </span>
    </p>
   </div>
   <div class='ocr_carea' id='block_1_12' title="bbox 408 1115 2066 1189">
    <p class='ocr_par' dir='ltr' id='par_1_12' title="bbox 408 1115 2066 1189">
     <span class='ocr_line' id='line_1_12' title="bbox 408 1115 2066 1189; baseline -0.002 -16"><span class='ocrx_word' id='word_1_59' title='bbox 408 1134 544 1173; x_wconf 91' lang='lat' dir='ltr'>cum</span> <span class='ocrx_word' id='word_1_60' title='bbox 578 1116 806 1189; x_wconf 83' lang='lat' dir='ltr'>magnis</span> <span class='ocrx_word' id='word_1_61' title='bbox 839 1116 1186 1186; x_wconf 82' lang='lat' dir='ltr'>Scytharum</span> <span class='ocrx_word' id='word_1_62' title='bbox 1219 1115 1458 1171; x_wconf 83' lang='lat' dir='ltr'>auxiliis</span> <span class='ocrx_word' id='word_1_63' title='bbox 1492 1133 1559 1171; x_wconf 90' lang='lat' dir='ltr'>eo</span> <span class='ocrx_word' id='word_1_64' title='bbox 1592 1115 1778 1186; x_wconf 84' lang='lat' dir='ltr'>misit,</span> <span class='ocrx_word' id='word_1_65' title='bbox 1809 1134 1875 1172; x_wconf 88' lang='lat' dir='ltr'>ac</span> <span class='ocrx_word' id='word_1_66' title='bbox 1900 1117 2066 1172; x_wconf 85' lang='lat' dir='ltr'>Godi-</span> 
     </span>
    </p>
   </div>
   <div class='ocr_carea' id='block_1_13' title="bbox 407 1204 2063 1277">
    <p class='ocr_par' dir='ltr' id='par_1_13' title="bbox 407 1204 2063 1277">
     <span class='ocr_line' id='line_1_13' title="bbox 407 1204 2063 1277; baseline -0.001 -15"><span class='ocrx_word' id='word_1_67' title='bbox 407 1207 530 1262; x_wconf 88' lang='lat' dir='ltr'>lam</span> <span class='ocrx_word' id='word_1_68' title='bbox 584 1206 850 1261; x_wconf 85' lang='lat' dir='ltr'>terrestri</span> <span class='ocrx_word' id='word_1_69' title='bbox 898 1205 1111 1260; x_wconf 90' lang='lat' dir='ltr'>itinere</span> <span class='ocrx_word' id='word_1_70' title='bbox 1163 1204 1235 1261; x_wconf 91' lang='lat' dir='ltr'>ab</span> <span class='ocrx_word' id='word_1_71' title='bbox 1289 1205 1589 1277; x_wconf 90' lang='lat' dir='ltr'>Ulissipoli</span> <span class='ocrx_word' id='word_1_72' title='bbox 1623 1206 1694 1260; x_wconf 91' lang='lat' dir='ltr'>ad</span> <span class='ocrx_word' id='word_1_73' title='bbox 1748 1206 2063 1262; x_wconf 86' lang='lat' dir='ltr'>Cadurium</span> 
     </span>
    </p>
   </div>
   <div class='ocr_carea' id='block_1_14' title="bbox 410 1294 2065 1367">
    <p class='ocr_par' dir='ltr' id='par_1_14' title="bbox 410 1294 2065 1367">
     <span class='ocr_line' id='line_1_14' title="bbox 410 1294 2065 1367; baseline 0 -17"><span class='ocrx_word' id='word_1_74' title='bbox 410 1295 720 1366; x_wconf 89' lang='lat' dir='ltr'>copiarum</span> <span class='ocrx_word' id='word_1_75' title='bbox 752 1294 1119 1367; x_wconf 69' lang='lat' dir='ltr'>praefectum.</span> <span class='ocrx_word' id='word_1_76' title='bbox 1135 1295 1365 1350; x_wconf 77' lang='lat' dir='ltr'>Harum</span> <span class='ocrx_word' id='word_1_77' title='bbox 1388 1294 1672 1354; x_wconf 82' lang='lat' dir='ltr'>adventus</span> <span class='ocrx_word' id='word_1_78' title='bbox 1695 1296 1854 1353; x_wconf 86' lang='lat' dir='ltr'>fama</span> <span class='ocrx_word' id='word_1_79' title='bbox 1877 1296 2065 1351; x_wconf 83' lang='lat' dir='ltr'>territi</span> 
     </span>
    </p>
   </div>
   <div class='ocr_carea' id='block_1_15' title="bbox 409 1384 2069 1456">
    <p class='ocr_par' dir='ltr' id='par_1_15' title="bbox 409 1384 2069 1456">
     <span class='ocr_line' id='line_1_15' title="bbox 409 1384 2069 1456; baseline -0.001 -16"><span class='ocrx_word' id='word_1_80' title='bbox 409 1384 606 1440; x_wconf 85' lang='lat' dir='ltr'>Hunni</span> <span class='ocrx_word' id='word_1_81' title='bbox 643 1385 855 1456; x_wconf 86' lang='lat' dir='ltr'>dilapsi</span> <span class='ocrx_word' id='word_1_82' title='bbox 891 1390 1050 1450; x_wconf 91' lang='lat' dir='ltr'>sunt,</span> <span class='ocrx_word' id='word_1_83' title='bbox 1083 1401 1318 1456; x_wconf 77' lang='lat' dir='ltr'>paxque</span> <span class='ocrx_word' id='word_1_84' title='bbox 1351 1385 1610 1456; x_wconf 88' lang='lat' dir='ltr'>Bosporo</span> <span class='ocrx_word' id='word_1_85' title='bbox 1635 1385 1889 1456; x_wconf 87' lang='lat' dir='ltr'>reddita,</span> <span class='ocrx_word' id='word_1_86' title='bbox 1919 1391 2069 1442; x_wconf 77' lang='lat' dir='ltr'>tut0&#39;</span> 
     </span>
    </p>
   </div>
   <div class='ocr_carea' id='block_1_16' title="bbox 412 1472 1390 1544">
    <p class='ocr_par' dir='ltr' id='par_1_16' title="bbox 412 1472 1390 1544">
     <span class='ocr_line' id='line_1_16' title="bbox 412 1472 1390 1544; baseline -0.004 -17"><span class='ocrx_word' id='word_1_87' title='bbox 412 1489 528 1544; x_wconf 90' lang='lat' dir='ltr'>que</span> <span class='ocrx_word' id='word_1_88' title='bbox 561 1473 614 1528; x_wconf 91' lang='lat' dir='ltr'>ei</span> <span class='ocrx_word' id='word_1_89' title='bbox 645 1472 898 1528; x_wconf 81' lang='lat' dir='ltr'>Romani</span> <span class='ocrx_word' id='word_1_90' title='bbox 930 1472 1390 1543; x_wconf 82' lang='lat' dir='ltr'>imperaverunt.</span> 
     </span>
    </p>
   </div>
   <div class='ocr_carea' id='block_1_17' title="bbox 480 1572 2070 1644">
    <p class='ocr_par' dir='ltr' id='par_1_17' title="bbox 480 1572 2070 1644">
     <span class='ocr_line' id='line_1_17' title="bbox 480 1572 2070 1644; baseline 0.001 -17"><span class='ocrx_word' id='word_1_91' title='bbox 480 1572 850 1627; x_wconf 87' lang='lat' dir='ltr'>Justinianus</span> <span class='ocrx_word' id='word_1_92' title='bbox 897 1589 1074 1642; x_wconf 90' lang='lat' dir='ltr'>porro</span> <span class='ocrx_word' id='word_1_93' title='bbox 1132 1572 1335 1627; x_wconf 89' lang='lat' dir='ltr'>omnia</span> <span class='ocrx_word' id='word_1_94' title='bbox 1383 1572 1799 1629; x_wconf 68' lang='lat' dir='ltr'>hmreticorum</span> <span class='ocrx_word' id='word_1_95' title='bbox 1849 1574 2070 1644; x_wconf 89' lang='lat' dir='ltr'>templa</span> 
     </span>
    </p>
   </div>
   <div class='ocr_carea' id='block_1_18' title="bbox 414 1661 2069 1727">
    <p class='ocr_par' dir='ltr' id='par_1_18' title="bbox 414 1661 2069 1727">
     <span class='ocr_line' id='line_1_18' title="bbox 414 1661 2069 1727; baseline 0.001 -10"><span class='ocrx_word' id='word_1_96' title='bbox 414 1661 764 1717; x_wconf 87' lang='lat' dir='ltr'>Christianis</span> <span class='ocrx_word' id='word_1_97' title='bbox 822 1661 1110 1727; x_wconf 89' lang='lat' dir='ltr'>attribuit,</span> <span class='ocrx_word' id='word_1_98' title='bbox 1169 1661 1525 1720; x_wconf 81' lang='lat' dir='ltr'>Arianorum</span> <span class='ocrx_word' id='word_1_99' title='bbox 1598 1664 2069 1719; x_wconf 80' lang='lat' dir='ltr'>exocionitarum</span> 
     </span>
    </p>
   </div>
   <div class='ocr_carea' id='block_1_19' title="bbox 415 1750 2068 1824">
    <p class='ocr_par' dir='ltr' id='par_1_19' title="bbox 415 1750 2068 1824">
     <span class='ocr_line' id='line_1_19' title="bbox 415 1750 2068 1824; baseline 0 -18"><span class='ocrx_word' id='word_1_100' title='bbox 415 1750 1199 1822; x_wconf 90' lang='lat' dir='ltr'>exceptis.Constitutionem</span> <span class='ocrx_word' id='word_1_101' title='bbox 1217 1768 1450 1822; x_wconf 91' lang='lat' dir='ltr'>quoque</span> <span class='ocrx_word' id='word_1_102' title='bbox 1465 1751 1651 1807; x_wconf 90' lang='lat' dir='ltr'>edidit</span> <span class='ocrx_word' id='word_1_103' title='bbox 1668 1751 1738 1807; x_wconf 88' lang='lat' dir='ltr'>de</span> <span class='ocrx_word' id='word_1_104' title='bbox 1754 1753 2068 1824; x_wconf 88' lang='lat' dir='ltr'>episcopis,</span> 
     </span>
    </p>
   </div>
   <div class='ocr_carea' id='block_1_20' title="bbox 413 1840 2070 1914">
    <p class='ocr_par' dir='ltr' id='par_1_20' title="bbox 413 1840 2070 1914">
     <span class='ocr_line' id='line_1_20' title="bbox 413 1840 2070 1914; baseline 0.001 -19"><span class='ocrx_word' id='word_1_105' title='bbox 413 1840 945 1912; x_wconf 90' lang='lat' dir='ltr'>dispensatoribus,</span> <span class='ocrx_word' id='word_1_106' title='bbox 976 1840 1341 1912; x_wconf 87' lang='lat' dir='ltr'>pupillorum</span> <span class='ocrx_word' id='word_1_107' title='bbox 1365 1841 1623 1896; x_wconf 91' lang='lat' dir='ltr'>alumnis</span> <span class='ocrx_word' id='word_1_108' title='bbox 1645 1847 1704 1896; x_wconf 89' lang='lat' dir='ltr'>et</span> <span class='ocrx_word' id='word_1_109' title='bbox 1732 1843 2070 1914; x_wconf 85' lang='lat' dir='ltr'>peregrino-</span> 
     </span>
    </p>
   </div>
   <div class='ocr_carea' id='block_1_21' title="bbox 411 1928 2066 2002">
    <p class='ocr_par' dir='ltr' id='par_1_21' title="bbox 411 1928 2066 2002">
     <span class='ocr_line' id='line_1_21' title="bbox 411 1928 2066 2002; baseline 0 -17"><span class='ocrx_word' id='word_1_110' title='bbox 411 1945 545 1985; x_wconf 87' lang='lat' dir='ltr'>rum</span> <span class='ocrx_word' id='word_1_111' title='bbox 578 1928 932 2000; x_wconf 84' lang='lat' dir='ltr'>hospitibus.</span> <span class='ocrx_word' id='word_1_112' title='bbox 967 1931 1050 1984; x_wconf 93' lang='lat' dir='ltr'>Ea</span> <span class='ocrx_word' id='word_1_113' title='bbox 1075 1929 1270 1984; x_wconf 87' lang='lat' dir='ltr'>sanxit</span> <span class='ocrx_word' id='word_1_114' title='bbox 1295 1946 1369 1984; x_wconf 92' lang='lat' dir='ltr'>ne</span> <span class='ocrx_word' id='word_1_115' title='bbox 1387 1931 1489 2001; x_wconf 85' lang='lat' dir='ltr'>jus</span> <span class='ocrx_word' id='word_1_116' title='bbox 1513 1929 1747 2002; x_wconf 90' lang='lat' dir='ltr'>legandi</span> <span class='ocrx_word' id='word_1_117' title='bbox 1775 1935 1878 1987; x_wconf 89' lang='lat' dir='ltr'>aut</span> <span class='ocrx_word' id='word_1_118' title='bbox 1898 1931 2066 1986; x_wconf 90' lang='lat' dir='ltr'>here-</span> 
     </span>
    </p>
   </div>
   <div class='ocr_carea' id='block_1_22' title="bbox 413 2017 2070 2090">
    <p class='ocr_par' dir='ltr' id='par_1_22' title="bbox 413 2017 2070 2090">
     <span class='ocr_line' id='line_1_22' title="bbox 413 2017 2070 2090; baseline 0 -17"><span class='ocrx_word' id='word_1_119' title='bbox 413 2018 588 2073; x_wconf 87' lang='lat' dir='ltr'>dibus</span> <span class='ocrx_word' id='word_1_120' title='bbox 621 2017 890 2072; x_wconf 90' lang='lat' dir='ltr'>tradendi</span> <span class='ocrx_word' id='word_1_121' title='bbox 936 2017 1246 2087; x_wconf 89' lang='lat' dir='ltr'>haberent,</span> <span class='ocrx_word' id='word_1_122' title='bbox 1279 2025 1496 2090; x_wconf 68' lang='lat' dir='ltr'>prreter</span> <span class='ocrx_word' id='word_1_123' title='bbox 1534 2019 1660 2074; x_wconf 74' lang='lat' dir='ltr'>haec</span> <span class='ocrx_word' id='word_1_124' title='bbox 1690 2036 1821 2090; x_wconf 76' lang='lat' dir='ltr'>quae</span> <span class='ocrx_word' id='word_1_125' title='bbox 1855 2019 1915 2074; x_wconf 92' lang='lat' dir='ltr'>in</span> <span class='ocrx_word' id='word_1_126' title='bbox 1948 2019 2070 2074; x_wconf 88' lang='lat' dir='ltr'>suis</span> 
     </span>
    </p>
   </div>
   <div class='ocr_carea' id='block_1_23' title="bbox 407 2106 2071 2180">
    <p class='ocr_par' dir='ltr' id='par_1_23' title="bbox 407 2106 2071 2180">
     <span class='ocr_line' id='line_1_23' title="bbox 407 2106 2071 2180; baseline 0 -17"><span class='ocrx_word' id='word_1_127' title='bbox 407 2107 793 2163; x_wconf 82' lang='lat' dir='ltr'>facultatibus</span> <span class='ocrx_word' id='word_1_128' title='bbox 817 2106 1153 2162; x_wconf 88' lang='lat' dir='ltr'>habuerant</span> <span class='ocrx_word' id='word_1_129' title='bbox 1181 2113 1500 2178; x_wconf 87' lang='lat' dir='ltr'>antequam</span> <span class='ocrx_word' id='word_1_130' title='bbox 1528 2108 1723 2163; x_wconf 89' lang='lat' dir='ltr'>ofﬁcio</span> <span class='ocrx_word' id='word_1_131' title='bbox 1748 2108 1843 2164; x_wconf 89' lang='lat' dir='ltr'>isti</span> <span class='ocrx_word' id='word_1_132' title='bbox 1875 2109 2071 2180; x_wconf 66' lang='lat' dir='ltr'>praeﬁ-</span> 
     </span>
    </p>
   </div>
   <div class='ocr_carea' id='block_1_24' title="bbox 413 2195 2071 2266">
    <p class='ocr_par' dir='ltr' id='par_1_24' title="bbox 413 2195 2071 2266">
     <span class='ocr_line' id='line_1_24' title="bbox 413 2195 2071 2266; baseline -0.002 -12"><span class='ocrx_word' id='word_1_133' title='bbox 413 2202 697 2254; x_wconf 84' lang='lat' dir='ltr'>cerentur</span> <span class='ocrx_word' id='word_1_134' title='bbox 725 2212 738 2249; x_wconf 89' lang='lat'>:</span> <span class='ocrx_word' id='word_1_135' title='bbox 774 2212 893 2266; x_wconf 89' lang='lat' dir='ltr'>qua</span> <span class='ocrx_word' id='word_1_136' title='bbox 923 2195 1066 2251; x_wconf 85' lang='lat' dir='ltr'>hora</span> <span class='ocrx_word' id='word_1_137' title='bbox 1097 2196 1362 2252; x_wconf 86' lang='lat' dir='ltr'>ofﬁcium</span> <span class='ocrx_word' id='word_1_138' title='bbox 1408 2197 1810 2262; x_wconf 86' lang='lat' dir='ltr'>iniissent,_ab</span> <span class='ocrx_word' id='word_1_139' title='bbox 1852 2214 1920 2254; x_wconf 90' lang='lat' dir='ltr'>ea</span> <span class='ocrx_word' id='word_1_140' title='bbox 1951 2213 2071 2252; x_wconf 89' lang='lat' dir='ltr'>non</span> 
     </span>
    </p>
   </div>
   <div class='ocr_carea' id='block_1_25' title="bbox 412 2283 2074 2364">
    <p class='ocr_par' dir='ltr' id='par_1_25' title="bbox 412 2283 2074 2364">
     <span class='ocr_line' id='line_1_25' title="bbox 412 2283 2074 2364; baseline 0.001 -25"><span class='ocrx_word' id='word_1_141' title='bbox 412 2283 624 2339; x_wconf 90' lang='lat' dir='ltr'>liceret</span> <span class='ocrx_word' id='word_1_142' title='bbox 667 2284 865 2355; x_wconf 88' lang='lat' dir='ltr'>legare</span> <span class='ocrx_word' id='word_1_143' title='bbox 915 2301 1046 2354; x_wconf 65' lang='lat' dir='ltr'>quae</span> <span class='ocrx_word' id='word_1_144' title='bbox 1093 2285 1304 2340; x_wconf 85' lang='lat' dir='ltr'>lucrati</span> <span class='ocrx_word' id='word_1_145' title='bbox 1356 2292 1573 2356; x_wconf 87' lang='lat' dir='ltr'>essent,</span> <span class='ocrx_word' id='word_1_146' title='bbox 1608 2286 1711 2341; x_wconf 91' lang='lat' dir='ltr'>sed</span> <span class='ocrx_word' id='word_1_147' title='bbox 1760 2303 1829 2341; x_wconf 90' lang='lat' dir='ltr'>ea</span> <span class='ocrx_word' id='word_1_148' title='bbox 1873 2287 2074 2364; x_wconf 83' lang='lat' dir='ltr'>omnia</span> 
     </span>
    </p>
   </div>
   <div class='ocr_carea' id='block_1_26' title="bbox 419 2373 2073 2448">
    <p class='ocr_par' dir='ltr' id='par_1_26' title="bbox 419 2373 2073 2448">
     <span class='ocr_line' id='line_1_26' title="bbox 419 2373 2073 2448; baseline -0.001 -18"><span class='ocrx_word' id='word_1_149' title='bbox 419 2391 602 2430; x_wconf 79' lang='lat' dir='ltr'>sacrm</span> <span class='ocrx_word' id='word_1_150' title='bbox 637 2373 749 2428; x_wconf 65' lang='lat' dir='ltr'>aedi</span> <span class='ocrx_word' id='word_1_151' title='bbox 800 2373 1160 2429; x_wconf 87' lang='lat' dir='ltr'>hereditario</span> <span class='ocrx_word' id='word_1_152' title='bbox 1193 2375 1331 2445; x_wconf 84' lang='lat' dir='ltr'>jure</span> <span class='ocrx_word' id='word_1_153' title='bbox 1380 2376 1775 2448; x_wconf 84' lang='lat' dir='ltr'>obtingerent.</span> <span class='ocrx_word' id='word_1_154' title='bbox 1810 2376 2073 2430; x_wconf 82' lang='lat' dir='ltr'>Absolvit</span> 
     </span>
    </p>
   </div>
   <div class='ocr_carea' id='block_1_27' title="bbox 419 2465 2071 2536">
    <p class='ocr_par' dir='ltr' id='par_1_27' title="bbox 419 2465 2071 2536">
     <span class='ocr_line' id='line_1_27' title="bbox 419 2465 2071 2536; baseline -0.001 -15"><span class='ocrx_word' id='word_1_155' title='bbox 419 2466 599 2521; x_wconf 89' lang='lat' dir='ltr'>etiam</span> <span class='ocrx_word' id='word_1_156' title='bbox 635 2465 954 2522; x_wconf 76' lang='lat' dir='ltr'>cisternam</span> <span class='ocrx_word' id='word_1_157' title='bbox 988 2482 1119 2536; x_wconf 67' lang='lat' dir='ltr'>quae</span> <span class='ocrx_word' id='word_1_158' title='bbox 1153 2472 1280 2521; x_wconf 90' lang='lat' dir='ltr'>erat</span> <span class='ocrx_word' id='word_1_159' title='bbox 1310 2465 1368 2521; x_wconf 89' lang='lat' dir='ltr'>in</span> <span class='ocrx_word' id='word_1_160' title='bbox 1397 2466 1596 2521; x_wconf 85' lang='lat' dir='ltr'>medio</span> <span class='ocrx_word' id='word_1_161' title='bbox 1628 2467 1779 2522; x_wconf 70' lang='lat' dir='ltr'>aulae</span> <span class='ocrx_word' id='word_1_162' title='bbox 1809 2465 2071 2522; x_wconf 70' lang='lat' dir='ltr'>basilicze</span> 
     </span>
    </p>
   </div>
   <div class='ocr_carea' id='block_1_28' title="bbox 417 2554 2072 2626">
    <p class='ocr_par' dir='ltr' id='par_1_28' title="bbox 417 2554 2072 2626">
     <span class='ocr_line' id='line_1_28' title="bbox 417 2554 2072 2626; baseline 0 -16"><span class='ocrx_word' id='word_1_163' title='bbox 417 2555 532 2620; x_wconf 90' lang='lat' dir='ltr'>Illi,</span> <span class='ocrx_word' id='word_1_164' title='bbox 567 2571 817 2624; x_wconf 88' lang='lat' dir='ltr'>eamque</span> <span class='ocrx_word' id='word_1_165' title='bbox 850 2554 1136 2625; x_wconf 89' lang='lat' dir='ltr'>majorem</span> <span class='ocrx_word' id='word_1_166' title='bbox 1183 2554 1462 2610; x_wconf 86' lang='lat' dir='ltr'>reddidit.</span> <span class='ocrx_word' id='word_1_167' title='bbox 1498 2555 1793 2626; x_wconf 89' lang='lat' dir='ltr'>Dagisthei</span> <span class='ocrx_word' id='word_1_168' title='bbox 1837 2571 2072 2626; x_wconf 81' lang='lat' dir='ltr'>quoque</span> 
     </span>
    </p>
   </div>
   <div class='ocr_carea' id='block_1_29' title="bbox 418 2643 1817 2715">
    <p class='ocr_par' dir='ltr' id='par_1_29' title="bbox 418 2643 1817 2715">
     <span class='ocr_line' id='line_1_29' title="bbox 418 2643 1817 2715; baseline 0.001 -16"><span class='ocrx_word' id='word_1_169' title='bbox 418 2643 704 2700; x_wconf 87' lang='lat' dir='ltr'>balneum</span> <span class='ocrx_word' id='word_1_170' title='bbox 736 2643 1003 2715; x_wconf 81' lang='lat' dir='ltr'>perfecit,</span> <span class='ocrx_word' id='word_1_171' title='bbox 1036 2643 1108 2698; x_wconf 88' lang='lat' dir='ltr'>ab</span> <span class='ocrx_word' id='word_1_172' title='bbox 1134 2645 1417 2700; x_wconf 86' lang='lat' dir='ltr'>Anatasio</span> <span class='ocrx_word' id='word_1_173' title='bbox 1453 2645 1817 2701; x_wconf 90' lang='lat' dir='ltr'>inchoatum.</span> 
     </span>
    </p>
   </div>
   <div class='ocr_carea' id='block_1_30' title="bbox 485 2733 2073 2806">
    <p class='ocr_par' dir='ltr' id='par_1_30' title="bbox 485 2733 2073 2806">
     <span class='ocr_line' id='line_1_30' title="bbox 485 2733 2073 2806; baseline -0.001 -17"><span class='ocrx_word' id='word_1_174' title='bbox 485 2735 656 2789; x_wconf 92' lang='lat' dir='ltr'>Anno</span> <span class='ocrx_word' id='word_1_175' title='bbox 674 2733 934 2789; x_wconf 91' lang='lat' dir='ltr'>secundo</span> <span class='ocrx_word' id='word_1_176' title='bbox 949 2733 1132 2789; x_wconf 85' lang='lat' dir='ltr'>Isaias</span> <span class='ocrx_word' id='word_1_177' title='bbox 1149 2734 1337 2790; x_wconf 84' lang='lat' dir='ltr'>Rhodi</span> <span class='ocrx_word' id='word_1_178' title='bbox 1357 2740 1417 2789; x_wconf 89' lang='lat' dir='ltr'>et</span> <span class='ocrx_word' id='word_1_179' title='bbox 1431 2734 1763 2791; x_wconf 82' lang='lat' dir='ltr'>Alexander</span> <span class='ocrx_word' id='word_1_180' title='bbox 1778 2734 2073 2806; x_wconf 88' lang='lat' dir='ltr'>Diospolis</span> 
     </span>
    </p>
   </div>
   <div class='ocr_carea' id='block_1_31' title="bbox 421 2823 2077 2896">
    <p class='ocr_par' dir='ltr' id='par_1_31' title="bbox 421 2823 2077 2896">
     <span class='ocr_line' id='line_1_31' title="bbox 421 2823 2077 2896; baseline 0.001 -17"><span class='ocrx_word' id='word_1_181' title='bbox 421 2823 683 2879; x_wconf 82' lang='lat' dir='ltr'>Thraciae</span> <span class='ocrx_word' id='word_1_182' title='bbox 735 2824 996 2895; x_wconf 88' lang='lat' dir='ltr'>episcopi</span> <span class='ocrx_word' id='word_1_183' title='bbox 1040 2823 1260 2894; x_wconf 88' lang='lat' dir='ltr'>aliique</span> <span class='ocrx_word' id='word_1_184' title='bbox 1308 2825 1479 2879; x_wconf 88' lang='lat' dir='ltr'>multi</span> <span class='ocrx_word' id='word_1_185' title='bbox 1531 2825 1884 2896; x_wconf 89' lang='lat' dir='ltr'>deprehensi</span> <span class='ocrx_word' id='word_1_186' title='bbox 1937 2830 2077 2880; x_wconf 90' lang='lat' dir='ltr'>sunt</span> 
     </span>
    </p>
   </div>
   <div class='ocr_carea' id='block_1_32' title="bbox 421 2915 2074 2985">
    <p class='ocr_par' dir='ltr' id='par_1_32' title="bbox 421 2915 2074 2985">
     <span class='ocr_line' id='line_1_32' title="bbox 421 2915 2074 2985; baseline -0.001 -15"><span class='ocrx_word' id='word_1_187' title='bbox 421 2915 824 2970; x_wconf 88' lang='lat' dir='ltr'>masculorum</span> <span class='ocrx_word' id='word_1_188' title='bbox 876 2921 1274 2985; x_wconf 91' lang='lat' dir='ltr'>corruptores.</span> <span class='ocrx_word' id='word_1_189' title='bbox 1330 2916 1548 2970; x_wconf 84' lang='lat' dir='ltr'>Horum</span> <span class='ocrx_word' id='word_1_190' title='bbox 1594 2916 1729 2971; x_wconf 89' lang='lat' dir='ltr'>aliis</span> <span class='ocrx_word' id='word_1_191' title='bbox 1778 2921 2074 2970; x_wconf 85' lang='lat' dir='ltr'>veretrum</span> 
     </span>
    </p>
   </div>
   <div class='ocr_carea' id='block_1_33' title="bbox 420 3005 2075 3076">
    <p class='ocr_par' dir='ltr' id='par_1_33' title="bbox 420 3005 2075 3076">
     <span class='ocr_line' id='line_1_33' title="bbox 420 3005 2075 3076; baseline -0.002 -15"><span class='ocrx_word' id='word_1_192' title='bbox 420 3005 719 3075; x_wconf 80' lang='lat' dir='ltr'>amputari</span> <span class='ocrx_word' id='word_1_193' title='bbox 744 3005 926 3075; x_wconf 85' lang='lat' dir='ltr'>jussit</span> <span class='ocrx_word' id='word_1_194' title='bbox 957 3005 1300 3076; x_wconf 90' lang='lat' dir='ltr'>imperator,</span> <span class='ocrx_word' id='word_1_195' title='bbox 1333 3005 1467 3060; x_wconf 88' lang='lat' dir='ltr'>aliis</span> <span class='ocrx_word' id='word_1_196' title='bbox 1498 3005 1758 3060; x_wconf 89' lang='lat' dir='ltr'>calamos</span> <span class='ocrx_word' id='word_1_197' title='bbox 1789 3011 1992 3060; x_wconf 89' lang='lat' dir='ltr'>acutos</span> <span class='ocrx_word' id='word_1_198' title='bbox 2015 3005 2075 3058; x_wconf 91' lang='lat' dir='ltr'>in</span> 
     </span>
    </p>
   </div>
   <div class='ocr_carea' id='block_1_34' title="bbox 423 3095 2076 3168">
    <p class='ocr_par' dir='ltr' id='par_1_34' title="bbox 423 3095 2076 3168">
     <span class='ocr_line' id='line_1_34' title="bbox 423 3095 2076 3168; baseline -0.001 -17"><span class='ocrx_word' id='word_1_199' title='bbox 423 3101 660 3151; x_wconf 88' lang='lat' dir='ltr'>meatus</span> <span class='ocrx_word' id='word_1_200' title='bbox 689 3095 1041 3168; x_wconf 84' lang='lat' dir='ltr'>genitalium</span> <span class='ocrx_word' id='word_1_201' title='bbox 1074 3096 1280 3164; x_wconf 89' lang='lat' dir='ltr'>inseri,</span> <span class='ocrx_word' id='word_1_202' title='bbox 1313 3113 1533 3167; x_wconf 87' lang='lat' dir='ltr'>eosque</span> <span class='ocrx_word' id='word_1_203' title='bbox 1565 3097 1759 3153; x_wconf 91' lang='lat' dir='ltr'>nudos</span> <span class='ocrx_word' id='word_1_204' title='bbox 1789 3096 1851 3151; x_wconf 91' lang='lat' dir='ltr'>in</span> <span class='ocrx_word' id='word_1_205' title='bbox 1879 3095 2076 3150; x_wconf 91' lang='lat' dir='ltr'>forum</span> 
     </span>
    </p>
   </div>
   <div class='ocr_carea' id='block_1_35' title="bbox 2166 1031 2757 1102">
    <p class='ocr_par' dir='ltr' id='par_1_35' title="bbox 2166 1031 2757 1102">
     <span class='ocr_line' id='line_1_35' title="bbox 2166 1031 2757 1102; baseline 0.005 -18"><span class='ocrx_word' id='word_1_206' title='bbox 2166 1051 2275 1084; x_wconf 93' lang='grc' dir='ltr'>των</span> <span class='ocrx_word' id='word_1_207' title='bbox 2342 1031 2593 1102; x_wconf 84' lang='grc' dir='ltr'>Ἰωάννην</span> <span class='ocrx_word' id='word_1_208' title='bbox 2665 1034 2757 1089; x_wconf 84' lang='grc' dir='ltr'>τὸν</span> 
     </span>
    </p>
   </div>
   <div class='ocr_carea' id='block_1_36' title="bbox 2099 1840 2806 1928">
    <p class='ocr_par' dir='ltr' id='par_1_36' title="bbox 2099 1840 2806 1928">
     <span class='ocr_line' id='line_1_36' title="bbox 2099 1840 2806 1928; baseline 0.004 -35"><span class='ocrx_word' id='word_1_209' title='bbox 2099 1844 2283 1928; x_wconf 83' lang='grc' dir='ltr'>Βτῶν</span> <span class='ocrx_word' id='word_1_210' title='bbox 2350 1840 2660 1896; x_wconf 82' lang='grc' dir='ltr'>ἐπισκόπων</span> <span class='ocrx_word' id='word_1_211' title='bbox 2717 1842 2806 1896; x_wconf 82' lang='grc' dir='ltr'>καὶ</span> 
     </span>
    </p>
   </div>
   <div class='ocr_carea' id='block_1_37' title="bbox 2172 580 3930 662">
    <p class='ocr_par' dir='ltr' id='par_1_37' title="bbox 2172 580 3930 662">
     <span class='ocr_line' id='line_1_37' title="bbox 2172 580 3930 662; baseline 0.001 -25"><span class='ocrx_word' id='word_1_212' title='bbox 2172 581 2296 637; x_wconf 82' lang='grc' dir='ltr'>Ἐπί</span> <span class='ocrx_word' id='word_1_213' title='bbox 2325 581 2503 637; x_wconf 71' lang='grc' dir='ltr'>τοότὼ</span> <span class='ocrx_word' id='word_1_214' title='bbox 2535 582 2886 662; x_wconf 83' lang='grc' dir='ltr'>χολώσαντες</span> <span class='ocrx_word' id='word_1_215' title='bbox 2932 586 2987 640; x_wconf 68' lang='grc' dir='ltr'>οἱ</span> <span class='ocrx_word' id='word_1_216' title='bbox 3038 586 3233 643; x_wconf 81' lang='grc' dir='ltr'>Οὗννοι</span> <span class='ocrx_word' id='word_1_217' title='bbox 3269 587 3402 660; x_wconf 77' lang='grc' dir='ltr'>μετὰ</span> <span class='ocrx_word' id='word_1_218' title='bbox 3428 585 3516 641; x_wconf 86' lang='grc' dir='ltr'>καὶ</span> <span class='ocrx_word' id='word_1_219' title='bbox 3551 589 3648 642; x_wconf 75' lang='grc' dir='ltr'>τοῦ</span> <span class='ocrx_word' id='word_1_220' title='bbox 3674 582 3832 639; x_wconf 78' lang='grc' dir='ltr'>ἀδελ·</span> <span class='ocrx_word' id='word_1_221' title='bbox 3920 580 3930 588; x_wconf 71' lang='grc'><strong>’</strong></span> 
     </span>
    </p>
   </div>
   <div class='ocr_carea' id='block_1_38' title="bbox 2170 667 3822 751">
    <p class='ocr_par' dir='ltr' id='par_1_38' title="bbox 2170 667 3822 751">
     <span class='ocr_line' id='line_1_38' title="bbox 2170 667 3822 751; baseline 0.003 -28"><span class='ocrx_word' id='word_1_222' title='bbox 2170 667 2270 746; x_wconf 67' lang='grc' dir='ltr'>φοῦ</span> <span class='ocrx_word' id='word_1_223' title='bbox 2299 669 2465 726; x_wconf 68' lang='grc' dir='ltr'>αὐτοῦ</span> <span class='ocrx_word' id='word_1_224' title='bbox 2496 676 2593 728; x_wconf 82' lang='grc' dir='ltr'>τοῦ</span> <span class='ocrx_word' id='word_1_225' title='bbox 2623 675 2875 750; x_wconf 81' lang='grc' dir='ltr'>Μοαγέρα</span> <span class='ocrx_word' id='word_1_226' title='bbox 2904 673 3188 751; x_wconf 70' lang='grc' dir='ltr'>ἐφόνευσαν</span> <span class='ocrx_word' id='word_1_227' title='bbox 3225 673 3407 745; x_wconf 74' lang='grc' dir='ltr'>αὺτὸν,</span> <span class='ocrx_word' id='word_1_228' title='bbox 3441 675 3528 729; x_wconf 87' lang='grc' dir='ltr'>καὶ</span> <span class='ocrx_word' id='word_1_229' title='bbox 3562 673 3822 746; x_wconf 80' lang='grc' dir='ltr'>ἐποίησαν</span> 
     </span>
    </p>
   </div>
   <div class='ocr_carea' id='block_1_39' title="bbox 2170 759 3831 839">
    <p class='ocr_par' dir='ltr' id='par_1_39' title="bbox 2170 759 3831 839">
     <span class='ocr_line' id='line_1_39' title="bbox 2170 759 3831 839; baseline 0.001 -23"><span class='ocrx_word' id='word_1_230' title='bbox 2170 759 2310 837; x_wconf 79' lang='grc' dir='ltr'>ῥῆγα</span> <span class='ocrx_word' id='word_1_231' title='bbox 2365 763 2456 817; x_wconf 89' lang='grc' dir='ltr'>τὸν</span> <span class='ocrx_word' id='word_1_232' title='bbox 2523 762 2829 838; x_wconf 75' lang='grc' dir='ltr'>Μοαγὲραν.</span> <span class='ocrx_word' id='word_1_233' title='bbox 2896 767 3044 839; x_wconf 72' lang='grc'>[368]</span> <span class='ocrx_word' id='word_1_234' title='bbox 3109 766 3397 830; x_wconf 84' lang='grc' dir='ltr'>Ἐλθόντες</span> <span class='ocrx_word' id='word_1_235' title='bbox 3455 763 3511 820; x_wconf 79' lang='grc' dir='ltr'>δὲ</span> <span class='ocrx_word' id='word_1_236' title='bbox 3568 765 3644 829; x_wconf 84' lang='grc' dir='ltr'>εἷς</span> <span class='ocrx_word' id='word_1_237' title='bbox 3703 765 3831 822; x_wconf 79' lang='grc' dir='ltr'>Βόσ-</span> 
     </span>
    </p>
   </div>
   <div class='ocr_carea' id='block_1_40' title="bbox 2169 850 3826 928">
    <p class='ocr_par' dir='ltr' id='par_1_40' title="bbox 2169 850 3826 928">
     <span class='ocr_line' id='line_1_40' title="bbox 2169 850 3826 928; baseline 0.003 -26"><span class='ocrx_word' id='word_1_238' title='bbox 2169 869 2337 923; x_wconf 91' lang='grc' dir='ltr'>πορον</span> <span class='ocrx_word' id='word_1_239' title='bbox 2366 850 2678 908; x_wconf 74' lang='grc' dir='ltr'>ἀπέκτειναν</span> <span class='ocrx_word' id='word_1_240' title='bbox 2735 855 2826 909; x_wconf 84' lang='grc' dir='ltr'>τὸν</span> <span class='ocrx_word' id='word_1_241' title='bbox 2887 850 3170 928; x_wconf 76' lang='grc' dir='ltr'>τριὸοὖνον</span> <span class='ocrx_word' id='word_1_242' title='bbox 3229 852 3548 928; x_wconf 88' lang='grc' dir='ltr'>Δαλματιας</span> <span class='ocrx_word' id='word_1_243' title='bbox 3579 852 3826 916; x_wconf 77' lang='grc' dir='ltr'>καὶτοὺς</span> 
     </span>
    </p>
   </div>
   <div class='ocr_carea' id='block_1_41' title="bbox 2170 939 3833 1016">
    <p class='ocr_par' dir='ltr' id='par_1_41' title="bbox 2170 939 3833 1016">
     <span class='ocr_line' id='line_1_41' title="bbox 2170 939 3833 1016; baseline 0.001 -22"><span class='ocrx_word' id='word_1_244' title='bbox 2170 939 2524 1016; x_wconf 77' lang='grc' dir='ltr'>στρατιώτας.</span> <span class='ocrx_word' id='word_1_245' title='bbox 2556 945 2740 1000; x_wconf 81' lang='grc' dir='ltr'>Ταῦτα</span> <span class='ocrx_word' id='word_1_246' title='bbox 2770 943 3000 1007; x_wconf 80' lang='grc' dir='ltr'>ἀκούσας</span> <span class='ocrx_word' id='word_1_247' title='bbox 3053 945 3080 1000; x_wconf 85' lang='grc' dir='ltr'>ὁ</span> <span class='ocrx_word' id='word_1_248' title='bbox 3131 943 3398 1006; x_wconf 71' lang='grc' dir='ltr'>Βασιλεὺς</span> <span class='ocrx_word' id='word_1_249' title='bbox 3425 945 3517 1000; x_wconf 89' lang='grc' dir='ltr'>τὸν</span> <span class='ocrx_word' id='word_1_250' title='bbox 3547 943 3655 998; x_wconf 79' lang='grc' dir='ltr'>ἀπὸ</span> <span class='ocrx_word' id='word_1_251' title='bbox 3689 942 3833 998; x_wconf 82' lang='grc' dir='ltr'>ὑπά-</span> 
     </span>
    </p>
   </div>
   <div class='ocr_carea' id='block_1_42' title="bbox 2843 1033 3834 1110">
    <p class='ocr_par' dir='ltr' id='par_1_42' title="bbox 2843 1033 3834 1110">
     <span class='ocr_line' id='line_1_42' title="bbox 2843 1033 3834 1110; baseline -0.001 -23"><span class='ocrx_word' id='word_1_252' title='bbox 2843 1035 2959 1088; x_wconf 77' lang='grc' dir='ltr'>υἱὸν</span> <span class='ocrx_word' id='word_1_253' title='bbox 3026 1039 3123 1089; x_wconf 73' lang='grc' dir='ltr'>τοῦ</span> <span class='ocrx_word' id='word_1_254' title='bbox 3190 1034 3478 1110; x_wconf 76' lang='grc' dir='ltr'>πατρικίου</span> <span class='ocrx_word' id='word_1_255' title='bbox 3545 1033 3834 1110; x_wconf 71' lang='grc' dir='ltr'>Ῥουφίνου</span> 
     </span>
    </p>
   </div>
   <div class='ocr_carea' id='block_1_43' title="bbox 2169 1118 3842 1198">
    <p class='ocr_par' dir='ltr' id='par_1_43' title="bbox 2169 1118 3842 1198">
     <span class='ocr_line' id='line_1_43' title="bbox 2169 1118 3842 1198; baseline 0.001 -25"><span class='ocrx_word' id='word_1_256' title='bbox 2169 1118 2454 1175; x_wconf 66' lang='grc' dir='ltr'>ἀπέστειλε</span> <span class='ocrx_word' id='word_1_257' title='bbox 2487 1123 2622 1194; x_wconf 84' lang='grc' dir='ltr'>μετά</span> <span class='ocrx_word' id='word_1_258' title='bbox 2665 1121 2919 1198; x_wconf 81' lang='grc' dir='ltr'>βοηθείας</span> <span class='ocrx_word' id='word_1_259' title='bbox 2975 1125 3248 1193; x_wconf 74' lang='grc' dir='ltr'>Σκυθικῆς</span> <span class='ocrx_word' id='word_1_260' title='bbox 3306 1121 3528 1192; x_wconf 73' lang='grc' dir='ltr'>πολλῆς</span> <span class='ocrx_word' id='word_1_261' title='bbox 3559 1122 3650 1177; x_wconf 87' lang='grc' dir='ltr'>καὶ</span> <span class='ocrx_word' id='word_1_262' title='bbox 3682 1118 3842 1176; x_wconf 84' lang='grc' dir='ltr'>Γοδί-</span> 
     </span>
    </p>
   </div>
   <div class='ocr_carea' id='block_1_44' title="bbox 2172 1208 3834 1288">
    <p class='ocr_par' dir='ltr' id='par_1_44' title="bbox 2172 1208 3834 1288">
     <span class='ocr_line' id='line_1_44' title="bbox 2172 1208 3834 1288; baseline 0.002 -24"><span class='ocrx_word' id='word_1_263' title='bbox 2172 1208 2269 1265; x_wconf 90' lang='grc' dir='ltr'>λαν</span> <span class='ocrx_word' id='word_1_264' title='bbox 2329 1209 2418 1266; x_wconf 69' lang='grc' dir='ltr'>διὰ</span> <span class='ocrx_word' id='word_1_265' title='bbox 2465 1219 2569 1288; x_wconf 81' lang='grc' dir='ltr'>γῆς</span> <span class='ocrx_word' id='word_1_266' title='bbox 2619 1212 2724 1268; x_wconf 84' lang='grc' dir='ltr'>ἀπὸ</span> <span class='ocrx_word' id='word_1_267' title='bbox 2783 1212 3050 1284; x_wconf 86' lang='grc' dir='ltr'>Ὀδησσοῦ</span> <span class='ocrx_word' id='word_1_268' title='bbox 3107 1212 3346 1284; x_wconf 72' lang='grc' dir='ltr'>πόλεως,</span> <span class='ocrx_word' id='word_1_269' title='bbox 3404 1213 3494 1270; x_wconf 84' lang='grc' dir='ltr'>καὶ</span> <span class='ocrx_word' id='word_1_270' title='bbox 3553 1209 3834 1288; x_wconf 71' lang='grc' dir='ltr'>Βαδύριον</span> 
     </span>
    </p>
   </div>
   <div class='ocr_carea' id='block_1_45' title="bbox 2170 1300 3842 1380">
    <p class='ocr_par' dir='ltr' id='par_1_45' title="bbox 2170 1300 3842 1380">
     <span class='ocr_line' id='line_1_45' title="bbox 2170 1300 3842 1380; baseline 0.001 -26"><span class='ocrx_word' id='word_1_271' title='bbox 2170 1301 2490 1376; x_wconf 82' lang='grc' dir='ltr'>στρατηγόν.</span> <span class='ocrx_word' id='word_1_272' title='bbox 2543 1303 2645 1362; x_wconf 83' lang='grc' dir='ltr'>Καὶ</span> <span class='ocrx_word' id='word_1_273' title='bbox 2707 1302 3033 1368; x_wconf 70' lang='grc' dir='ltr'>ἀκούσαντες</span> <span class='ocrx_word' id='word_1_274' title='bbox 3085 1304 3137 1358; x_wconf 79' lang='grc' dir='ltr'>οἱ</span> <span class='ocrx_word' id='word_1_275' title='bbox 3193 1303 3390 1361; x_wconf 81' lang='grc' dir='ltr'>Οὗννοι</span> <span class='ocrx_word' id='word_1_276' title='bbox 3431 1303 3646 1380; x_wconf 70' lang='grc' dir='ltr'>ἀφανεῖς</span> <span class='ocrx_word' id='word_1_277' title='bbox 3675 1300 3842 1376; x_wconf 85' lang='grc' dir='ltr'>γεγό-</span> 
     </span>
    </p>
   </div>
   <div class='ocr_carea' id='block_1_46' title="bbox 2171 1389 3846 1469">
    <p class='ocr_par' dir='ltr' id='par_1_46' title="bbox 2171 1389 3846 1469">
     <span class='ocr_line' id='line_1_46' title="bbox 2171 1389 3846 1469; baseline 0.005 -26"><span class='ocrx_word' id='word_1_278' title='bbox 2171 1410 2314 1460; x_wconf 81' lang='grc' dir='ltr'>νασι,</span> <span class='ocrx_word' id='word_1_279' title='bbox 2344 1389 2432 1446; x_wconf 83' lang='grc' dir='ltr'>καὶ</span> <span class='ocrx_word' id='word_1_280' title='bbox 2483 1391 2702 1469; x_wconf 71' lang='grc' dir='ltr'>γέγονεν</span> <span class='ocrx_word' id='word_1_281' title='bbox 2762 1393 2950 1468; x_wconf 70' lang='grc' dir='ltr'>εἰρήνη</span> <span class='ocrx_word' id='word_1_282' title='bbox 3010 1392 3060 1448; x_wconf 81' lang='grc' dir='ltr'>ἐν</span> <span class='ocrx_word' id='word_1_283' title='bbox 3122 1394 3411 1468; x_wconf 80' lang='grc' dir='ltr'>Βοσπόρῳ,</span> <span class='ocrx_word' id='word_1_284' title='bbox 3469 1393 3558 1448; x_wconf 79' lang='grc' dir='ltr'>καὶ</span> <span class='ocrx_word' id='word_1_285' title='bbox 3607 1389 3846 1468; x_wconf 70' lang='grc' dir='ltr'>ὶκράτη·</span> 
     </span>
    </p>
   </div>
   <div class='ocr_carea' id='block_1_47' title="bbox 2174 1479 3137 1564">
    <p class='ocr_par' dir='ltr' id='par_1_47' title="bbox 2174 1479 3137 1564">
     <span class='ocr_line' id='line_1_47' title="bbox 2174 1479 3137 1564; baseline 0.006 -28"><span class='ocrx_word' id='word_1_286' title='bbox 2174 1502 2268 1536; x_wconf 88' lang='grc' dir='ltr'>σαν</span> <span class='ocrx_word' id='word_1_287' title='bbox 2300 1480 2474 1537; x_wconf 73' lang='grc' dir='ltr'>αὐτῶν</span> <span class='ocrx_word' id='word_1_288' title='bbox 2505 1484 2556 1537; x_wconf 78' lang='grc' dir='ltr'>οἱ</span> <span class='ocrx_word' id='word_1_289' title='bbox 2587 1485 2862 1558; x_wconf 86' lang='grc' dir='ltr'>Ῥωμαῖοι</span> <span class='ocrx_word' id='word_1_290' title='bbox 2891 1479 3137 1564; x_wconf 75' lang='grc' dir='ltr'>ἀφόϐως.</span> 
     </span>
    </p>
   </div>
   <div class='ocr_carea' id='block_1_48' title="bbox 2244 1567 3835 1645">
    <p class='ocr_par' dir='ltr' id='par_1_48' title="bbox 2244 1567 3835 1645">
     <span class='ocr_line' id='line_1_48' title="bbox 2244 1567 3835 1645; baseline -0.001 -17"><span class='ocrx_word' id='word_1_291' title='bbox 2244 1571 2304 1628; x_wconf 79' lang='grc' dir='ltr'>Ὀ</span> <span class='ocrx_word' id='word_1_292' title='bbox 2332 1567 2388 1625; x_wconf 72' lang='grc' dir='ltr'>δὲ</span> <span class='ocrx_word' id='word_1_293' title='bbox 2424 1570 2679 1645; x_wconf 82' lang='grc' dir='ltr'>βασιλεὺς</span> <span class='ocrx_word' id='word_1_294' title='bbox 2714 1573 3087 1636; x_wconf 88' lang='grc' dir='ltr'>Ἰουστινιανὸς</span> <span class='ocrx_word' id='word_1_295' title='bbox 3147 1573 3318 1635; x_wconf 87' lang='grc' dir='ltr'>πάσας</span> <span class='ocrx_word' id='word_1_296' title='bbox 3375 1572 3471 1635; x_wconf 85' lang='grc' dir='ltr'>τὰς</span> <span class='ocrx_word' id='word_1_297' title='bbox 3530 1570 3835 1644; x_wconf 82' lang='grc' dir='ltr'>ἔκκλησίας</span> 
     </span>
    </p>
   </div>
   <div class='ocr_carea' id='block_1_49' title="bbox 2174 1659 3837 1738">
    <p class='ocr_par' dir='ltr' id='par_1_49' title="bbox 2174 1659 3837 1738">
     <span class='ocr_line' id='line_1_49' title="bbox 2174 1659 3837 1738; baseline 0.001 -23"><span class='ocrx_word' id='word_1_298' title='bbox 2174 1665 2281 1715; x_wconf 80' lang='grc' dir='ltr'>τῶν</span> <span class='ocrx_word' id='word_1_299' title='bbox 2339 1661 2624 1736; x_wconf 82' lang='grc' dir='ltr'>αἰρετικῶν</span> <span class='ocrx_word' id='word_1_300' title='bbox 2682 1659 2883 1718; x_wconf 77' lang='grc' dir='ltr'>δὲδωκε</span> <span class='ocrx_word' id='word_1_301' title='bbox 2938 1668 3056 1724; x_wconf 82' lang='grc' dir='ltr'>τοῖς</span> <span class='ocrx_word' id='word_1_302' title='bbox 3115 1660 3450 1736; x_wconf 78' lang='grc' dir='ltr'>ὁρθοδόξοις,</span> <span class='ocrx_word' id='word_1_303' title='bbox 3504 1661 3683 1738; x_wconf 76' lang='grc' dir='ltr'>χωρὶς</span> <span class='ocrx_word' id='word_1_304' title='bbox 3720 1666 3837 1716; x_wconf 85' lang='grc' dir='ltr'>τῶν</span> 
     </span>
    </p>
   </div>
   <div class='ocr_carea' id='block_1_50' title="bbox 2175 1747 3846 1828">
    <p class='ocr_par' dir='ltr' id='par_1_50' title="bbox 2175 1747 3846 1828">
     <span class='ocr_line' id='line_1_50' title="bbox 2175 1747 3846 1828; baseline 0.002 -26"><span class='ocrx_word' id='word_1_305' title='bbox 2175 1747 2533 1818; x_wconf 80' lang='grc' dir='ltr'>ἐξωκιονιτῶν</span> <span class='ocrx_word' id='word_1_306' title='bbox 2587 1753 2698 1823; x_wconf 77' lang='grc'>(24)</span> <span class='ocrx_word' id='word_1_307' title='bbox 2742 1753 3062 1826; x_wconf 83' lang='grc' dir='ltr'>Ἀρειανῶν.</span> <span class='ocrx_word' id='word_1_308' title='bbox 3121 1753 3306 1809; x_wconf 73' lang='grc' dir='ltr'>Τόπον</span> <span class='ocrx_word' id='word_1_309' title='bbox 3358 1749 3414 1806; x_wconf 77' lang='grc' dir='ltr'>δὲ</span> <span class='ocrx_word' id='word_1_310' title='bbox 3465 1748 3668 1807; x_wconf 76' lang='grc' dir='ltr'>δέδωκε</span> <span class='ocrx_word' id='word_1_311' title='bbox 3707 1751 3846 1828; x_wconf 87' lang='grc' dir='ltr'>περὶ</span> 
     </span>
    </p>
   </div>
   <div class='ocr_carea' id='block_1_51' title="bbox 2894 1840 3840 1920">
    <p class='ocr_par' dir='ltr' id='par_1_51' title="bbox 2894 1840 3840 1920">
     <span class='ocr_line' id='line_1_51' title="bbox 2894 1840 3840 1920; baseline 0 -24"><span class='ocrx_word' id='word_1_312' title='bbox 2894 1841 3182 1915; x_wconf 74' lang='grc' dir='ltr'>οἰκονόμον</span> <span class='ocrx_word' id='word_1_313' title='bbox 3251 1842 3341 1896; x_wconf 80' lang='grc' dir='ltr'>καὶ</span> <span class='ocrx_word' id='word_1_314' title='bbox 3409 1840 3840 1920; x_wconf 63' lang='grc' dir='ltr'>ὅρφανοτρόερων</span> 
     </span>
    </p>
   </div>
   <div class='ocr_carea' id='block_1_52' title="bbox 2174 1927 3841 2005">
    <p class='ocr_par' dir='ltr' id='par_1_52' title="bbox 2174 1927 3841 2005">
     <span class='ocr_line' id='line_1_52' title="bbox 2174 1927 3841 2005; baseline 0 -21"><span class='ocrx_word' id='word_1_315' title='bbox 2174 1928 2264 1984; x_wconf 85' lang='grc' dir='ltr'>καὶ</span> <span class='ocrx_word' id='word_1_316' title='bbox 2294 1927 2622 2004; x_wconf 78' lang='grc' dir='ltr'>ξενοδόχων,</span> <span class='ocrx_word' id='word_1_317' title='bbox 2655 1928 2792 1985; x_wconf 79' lang='grc' dir='ltr'>ὥστε</span> <span class='ocrx_word' id='word_1_318' title='bbox 2825 1928 3403 2005; x_wconf 29' lang='grc' dir='ltr'>μὴλκληρονομεῖσθαι</span> <span class='ocrx_word' id='word_1_319' title='bbox 3436 1930 3481 1985; x_wconf 84' lang='grc' dir='ltr'>εἰ</span> <span class='ocrx_word' id='word_1_320' title='bbox 3511 1931 3588 2000; x_wconf 79' lang='grc' dir='ltr'>μὴ</span> <span class='ocrx_word' id='word_1_321' title='bbox 3621 1931 3654 1986; x_wconf 81' lang='grc' dir='ltr'>ἅ</span> <span class='ocrx_word' id='word_1_322' title='bbox 3683 1930 3841 2004; x_wconf 85' lang='grc' dir='ltr'>πρὸ-</span> 
     </span>
    </p>
   </div>
   <div class='ocr_carea' id='block_1_53' title="bbox 2174 2015 3849 2097">
    <p class='ocr_par' dir='ltr' id='par_1_53' title="bbox 2174 2015 3849 2097">
     <span class='ocr_line' id='line_1_53' title="bbox 2174 2015 3849 2097; baseline 0.001 -27"><span class='ocrx_word' id='word_1_323' title='bbox 2174 2021 2272 2071; x_wconf 78' lang='grc' dir='ltr'>τοῦ</span> <span class='ocrx_word' id='word_1_324' title='bbox 2303 2016 2548 2092; x_wconf 69' lang='grc' dir='ltr'>γενέσθαι</span> <span class='ocrx_word' id='word_1_325' title='bbox 2578 2018 2735 2097; x_wconf 79' lang='grc' dir='ltr'>εἶχον</span> <span class='ocrx_word' id='word_1_326' title='bbox 2793 2017 2846 2074; x_wconf 80' lang='grc' dir='ltr'>ἐν</span> <span class='ocrx_word' id='word_1_327' title='bbox 2904 2023 2974 2092; x_wconf 78' lang='grc' dir='ltr'>τῇ</span> <span class='ocrx_word' id='word_1_328' title='bbox 3037 2015 3148 2090; x_wconf 74' lang='grc' dir='ltr'>ἰδίᾳ</span> <span class='ocrx_word' id='word_1_329' title='bbox 3209 2018 3522 2086; x_wconf 74' lang='grc' dir='ltr'>ὑποστάσει,</span> <span class='ocrx_word' id='word_1_330' title='bbox 3566 2017 3641 2080; x_wconf 87' lang='grc' dir='ltr'>εἷς</span> <span class='ocrx_word' id='word_1_331' title='bbox 3670 2021 3849 2084; x_wconf 79' lang='grc' dir='ltr'>ταῦτα</span> 
     </span>
    </p>
   </div>
   <div class='ocr_carea' id='block_1_54' title="bbox 2170 2103 3849 2183">
    <p class='ocr_par' dir='ltr' id='par_1_54' title="bbox 2170 2103 3849 2183">
     <span class='ocr_line' id='line_1_54' title="bbox 2170 2103 3849 2183; baseline 0.002 -24"><span class='ocrx_word' id='word_1_332' title='bbox 2170 2103 2260 2160; x_wconf 75' lang='grc' dir='ltr'>’ίνα</span> <span class='ocrx_word' id='word_1_333' title='bbox 2319 2103 2670 2176; x_wconf 76' lang='grc' dir='ltr'>διατίθενται,</span> <span class='ocrx_word' id='word_1_334' title='bbox 2732 2107 2819 2179; x_wconf 70' lang='grc' dir='ltr'>αφ’</span> <span class='ocrx_word' id='word_1_335' title='bbox 2877 2110 2944 2177; x_wconf 70' lang='grc' dir='ltr'>ἧς</span> <span class='ocrx_word' id='word_1_336' title='bbox 2999 2104 3058 2162; x_wconf 73' lang='grc' dir='ltr'>δὲ</span> <span class='ocrx_word' id='word_1_337' title='bbox 3115 2107 3262 2180; x_wconf 75' lang='grc' dir='ltr'>ὥρας</span> <span class='ocrx_word' id='word_1_338' title='bbox 3310 2107 3849 2183; x_wconf 80' lang='grc' dir='ltr'>προσχειρίσθησαν,</span> 
     </span>
    </p>
   </div>
   <div class='ocr_carea' id='block_1_55' title="bbox 2181 2190 3854 2272">
    <p class='ocr_par' dir='ltr' id='par_1_55' title="bbox 2181 2190 3854 2272">
     <span class='ocr_line' id='line_1_55' title="bbox 2235 2190 3842 2228; baseline 0.001 -15"><span class='ocrx_word' id='word_1_339' title='bbox 2235 2196 2248 2213; x_wconf 77' lang='lat'><strong><em>\</em></strong></span> <span class='ocrx_word' id='word_1_340' title='bbox 2289 2190 2312 2213; x_wconf 70' lang='grc' dir='ltr'><strong>ν</strong></span> <span class='ocrx_word' id='word_1_341' title='bbox 2472 2193 2526 2212; x_wconf 59' lang='grc' dir='ltr'>νίκ</span> <span class='ocrx_word' id='word_1_342' title='bbox 2723 2196 2736 2214; x_wconf 67' lang='lat'><strong>9</strong></span> <span class='ocrx_word' id='word_1_343' title='bbox 2807 2191 2828 2212; x_wconf 63' lang='grc' dir='ltr'><strong><em>υ</em></strong></span> <span class='ocrx_word' id='word_1_344' title='bbox 2860 2218 2871 2228; x_wconf 51' lang='grc'><strong>.</strong></span> <span class='ocrx_word' id='word_1_345' title='bbox 2963 2195 2987 2213; x_wconf 60' lang='grc' dir='ltr'><strong>ἢ</strong></span> <span class='ocrx_word' id='word_1_346' title='bbox 3016 2199 3026 2216; x_wconf 71' lang='grc' dir='ltr'>ρ</span> <span class='ocrx_word' id='word_1_347' title='bbox 3341 2197 3351 2215; x_wconf 69' lang='grc' dir='ltr'><strong>Ι</strong></span> <span class='ocrx_word' id='word_1_348' title='bbox 3605 2197 3618 2216; x_wconf 70' lang='grc'><strong>9</strong></span> <span class='ocrx_word' id='word_1_349' title='bbox 3725 2198 3737 2213; x_wconf 78' lang='lat'><strong><em>\</em></strong></span> <span class='ocrx_word' id='word_1_350' title='bbox 3823 2196 3842 2214; x_wconf 51' lang='grc' dir='ltr'>ἱ</span> 
     </span>
     <span class='ocr_line' id='line_1_56' title="bbox 2181 2194 3854 2272; baseline 0.001 -22"><span class='ocrx_word' id='word_1_351' title='bbox 2181 2217 2258 2267; x_wconf 86' lang='grc' dir='ltr'>μη</span> <span class='ocrx_word' id='word_1_352' title='bbox 2287 2216 2431 2271; x_wconf 83' lang='grc' dir='ltr'>εχειν</span> <span class='ocrx_word' id='word_1_353' title='bbox 2463 2210 2664 2258; x_wconf 56' lang='lat' dir='ltr'>noua»,</span> <span class='ocrx_word' id='word_1_354' title='bbox 2694 2218 2833 2262; x_wconf 71' lang='grc' dir='ltr'>εις,α</span> <span class='ocrx_word' id='word_1_355' title='bbox 2861 2215 3176 2272; x_wconf 75' lang='grc' dir='ltr'>κεροησοιεν</span> <span class='ocrx_word' id='word_1_356' title='bbox 3211 2195 3564 2266; x_wconf 82' lang='grc' dir='ltr'>διατιθεσθαι,</span> <span class='ocrx_word' id='word_1_357' title='bbox 3595 2194 3749 2264; x_wconf 80' lang='grc' dir='ltr'>ᾳλλα</span> <span class='ocrx_word' id='word_1_358' title='bbox 3775 2217 3854 2252; x_wconf 80' lang='grc' dir='ltr'>τα</span> 
     </span>
    </p>
   </div>
   <div class='ocr_carea' id='block_1_56' title="bbox 2178 2283 3852 2362">
    <p class='ocr_par' dir='ltr' id='par_1_56' title="bbox 2178 2283 3852 2362">
     <span class='ocr_line' id='line_1_57' title="bbox 2178 2283 3852 2362; baseline 0.001 -23"><span class='ocrx_word' id='word_1_359' title='bbox 2178 2283 2354 2340; x_wconf 83' lang='grc' dir='ltr'>αὐτῶν</span> <span class='ocrx_word' id='word_1_360' title='bbox 2405 2285 2574 2340; x_wconf 84' lang='grc' dir='ltr'>πάντα</span> <span class='ocrx_word' id='word_1_361' title='bbox 2617 2285 2707 2341; x_wconf 87' lang='grc' dir='ltr'>τὸν</span> <span class='ocrx_word' id='word_1_362' title='bbox 2743 2287 2916 2361; x_wconf 84' lang='grc' dir='ltr'>εὐαγῆ</span> <span class='ocrx_word' id='word_1_363' title='bbox 2974 2288 3126 2342; x_wconf 77' lang='grc' dir='ltr'>οἶκον</span> <span class='ocrx_word' id='word_1_364' title='bbox 3187 2285 3578 2362; x_wconf 77' lang='grc' dir='ltr'>κληρονομεῖν.</span> <span class='ocrx_word' id='word_1_365' title='bbox 3616 2287 3852 2361; x_wconf 86' lang='grc' dir='ltr'>Πληροῖ</span> 
     </span>
    </p>
   </div>
   <div class='ocr_carea' id='block_1_57' title="bbox 2180 2363 3852 2452">
    <p class='ocr_par' dir='ltr' id='par_1_57' title="bbox 2180 2363 3852 2452">
     <span class='ocr_line' id='line_1_58' title="bbox 2180 2363 3852 2452; baseline 0.001 -22"><span class='ocrx_word' id='word_1_366' title='bbox 2180 2372 2238 2430; x_wconf 73' lang='grc' dir='ltr'>δὲ</span> <span class='ocrx_word' id='word_1_367' title='bbox 2292 2374 2380 2429; x_wconf 84' lang='grc' dir='ltr'>καὶ</span> <span class='ocrx_word' id='word_1_368' title='bbox 2437 2375 2500 2430; x_wconf 88' lang='grc' dir='ltr'>τὸ</span> <span class='ocrx_word' id='word_1_369' title='bbox 2559 2374 2826 2448; x_wconf 77' lang='grc' dir='ltr'>μὲσαυλρν</span> <span class='ocrx_word' id='word_1_370' title='bbox 2884 2383 2983 2447; x_wconf 84' lang='grc' dir='ltr'>τῆς</span> <span class='ocrx_word' id='word_1_371' title='bbox 3038 2375 3333 2452; x_wconf 81' lang='grc' dir='ltr'>βασιλικῆς</span> <span class='ocrx_word' id='word_1_372' title='bbox 3375 2375 3569 2434; x_wconf 79' lang='grc' dir='ltr'>Ἰλλου</span> <span class='ocrx_word' id='word_1_373' title='bbox 3598 2363 3852 2451; x_wconf 71' lang='grc' dir='ltr'>κινστέρο</span> 
     </span>
    </p>
   </div>
   <div class='ocr_carea' id='block_1_58' title="bbox 2178 2462 3846 2542">
    <p class='ocr_par' dir='ltr' id='par_1_58' title="bbox 2178 2462 3846 2542">
     <span class='ocr_line' id='line_1_59' title="bbox 2178 2462 3846 2542; baseline 0.002 -23"><span class='ocrx_word' id='word_1_374' title='bbox 2178 2485 2299 2534; x_wconf 86' lang='grc' dir='ltr'>νης,</span> <span class='ocrx_word' id='word_1_375' title='bbox 2354 2462 2422 2532; x_wconf 73' lang='grc' dir='ltr'>ἤν</span> <span class='ocrx_word' id='word_1_376' title='bbox 2478 2464 2568 2518; x_wconf 87' lang='grc' dir='ltr'>καὶ</span> <span class='ocrx_word' id='word_1_377' title='bbox 2627 2465 2875 2541; x_wconf 82' lang='grc' dir='ltr'>μεγάλην</span> <span class='ocrx_word' id='word_1_378' title='bbox 2935 2464 3163 2538; x_wconf 82' lang='grc' dir='ltr'>ἐποίησε</span> <span class='ocrx_word' id='word_1_379' title='bbox 3192 2471 3328 2540; x_wconf 81' lang='lat'>(25),</span> <span class='ocrx_word' id='word_1_380' title='bbox 3358 2467 3445 2521; x_wconf 82' lang='grc' dir='ltr'>καὶ</span> <span class='ocrx_word' id='word_1_381' title='bbox 3499 2467 3562 2522; x_wconf 87' lang='grc' dir='ltr'>τὸ</span> <span class='ocrx_word' id='word_1_382' title='bbox 3605 2464 3846 2542; x_wconf 78' lang='grc' dir='ltr'>λουτρὸν</span> 
     </span>
    </p>
   </div>
   <div class='ocr_carea' id='block_1_59' title="bbox 2179 2553 3560 2631">
    <p class='ocr_par' dir='ltr' id='par_1_59' title="bbox 2179 2553 3560 2631">
     <span class='ocr_line' id='line_1_60' title="bbox 2179 2553 3560 2631; baseline 0.003 -21"><span class='ocrx_word' id='word_1_383' title='bbox 2179 2558 2274 2610; x_wconf 79' lang='grc' dir='ltr'>τοῦ</span> <span class='ocrx_word' id='word_1_384' title='bbox 2305 2554 2636 2629; x_wconf 71' lang='grc' dir='ltr'>Δαγιστὲως,</span> <span class='ocrx_word' id='word_1_385' title='bbox 2661 2555 2690 2610; x_wconf 74' lang='grc' dir='ltr'>δ</span> <span class='ocrx_word' id='word_1_386' title='bbox 2721 2553 2924 2631; x_wconf 72' lang='grc' dir='ltr'>ἤρξατο</span> <span class='ocrx_word' id='word_1_387' title='bbox 2954 2557 3153 2626; x_wconf 76' lang='grc' dir='ltr'>κτίζειν</span> <span class='ocrx_word' id='word_1_388' title='bbox 3187 2555 3560 2628; x_wconf 71' lang='grc' dir='ltr'>ῗᾼναστάσιος.</span> 
     </span>
    </p>
   </div>
   <div class='ocr_carea' id='block_1_60' title="bbox 2251 2731 3840 2810">
    <p class='ocr_par' dir='ltr' id='par_1_60' title="bbox 2251 2731 3840 2810">
     <span class='ocr_line' id='line_1_61' title="bbox 2251 2731 3840 2810; baseline -0.001 -18"><span class='ocrx_word' id='word_1_389' title='bbox 2251 2736 2348 2806; x_wconf 82' lang='grc' dir='ltr'>Τῷ</span> <span class='ocrx_word' id='word_1_390' title='bbox 2459 2731 2564 2790; x_wconf 78' lang='grc' dir='ltr'>ἔτει</span> <span class='ocrx_word' id='word_1_391' title='bbox 2595 2735 2817 2799; x_wconf 65' lang='grc' dir='ltr'>Ἡσαΐας</span> <span class='ocrx_word' id='word_1_392' title='bbox 2865 2737 2892 2791; x_wconf 86' lang='grc' dir='ltr'>ὁ</span> <span class='ocrx_word' id='word_1_393' title='bbox 2948 2733 3141 2794; x_wconf 83' lang='grc' dir='ltr'>Ῥόδου</span> <span class='ocrx_word' id='word_1_394' title='bbox 3199 2735 3492 2798; x_wconf 70' lang='grc' dir='ltr'>ἰπίσκοπος</span> <span class='ocrx_word' id='word_1_395' title='bbox 3523 2737 3615 2798; x_wconf 84' lang='grc' dir='ltr'>καὶ</span> <span class='ocrx_word' id='word_1_396' title='bbox 3647 2733 3840 2809; x_wconf 68' lang='grc' dir='ltr'>Ἀλέξ-</span> 
     </span>
    </p>
   </div>
   <div class='ocr_carea' id='block_1_61' title="bbox 2181 2819 3841 2902">
    <p class='ocr_par' dir='ltr' id='par_1_61' title="bbox 2181 2819 3841 2902">
     <span class='ocr_line' id='line_1_62' title="bbox 2181 2819 3841 2902; baseline 0.002 -26"><span class='ocrx_word' id='word_1_397' title='bbox 2181 2819 2376 2897; x_wconf 89' lang='grc' dir='ltr'>ανδρος</span> <span class='ocrx_word' id='word_1_398' title='bbox 2435 2822 2784 2889; x_wconf 83' lang='grc' dir='ltr'>Διοσπόλεως</span> <span class='ocrx_word' id='word_1_399' title='bbox 2836 2832 2939 2895; x_wconf 84' lang='grc' dir='ltr'>τῆς</span> <span class='ocrx_word' id='word_1_400' title='bbox 2996 2826 3211 2902; x_wconf 80' lang='grc' dir='ltr'>Θρᾴκης</span> <span class='ocrx_word' id='word_1_401' title='bbox 3270 2825 3361 2881; x_wconf 84' lang='grc' dir='ltr'>καὶ</span> <span class='ocrx_word' id='word_1_402' title='bbox 3411 2823 3588 2901; x_wconf 75' lang='grc' dir='ltr'>ἕτεροι</span> <span class='ocrx_word' id='word_1_403' title='bbox 3633 2823 3841 2881; x_wconf 88' lang='grc' dir='ltr'>πολλοὶ</span> 
     </span>
    </p>
   </div>
   <div class='ocr_carea' id='block_1_62' title="bbox 2181 2911 3841 2993">
    <p class='ocr_par' dir='ltr' id='par_1_62' title="bbox 2181 2911 3841 2993">
     <span class='ocr_line' id='line_1_63' title="bbox 2181 2911 3841 2993; baseline 0.002 -27"><span class='ocrx_word' id='word_1_404' title='bbox 2181 2913 2586 2987; x_wconf 71' lang='grc' dir='ltr'>κατεσχέθησαν</span> <span class='ocrx_word' id='word_1_405' title='bbox 2639 2911 3051 2993; x_wconf 64' lang='grc' dir='ltr'>ἆρῥενοφθόροι.</span> <span class='ocrx_word' id='word_1_406' title='bbox 3104 2915 3206 2980; x_wconf 83' lang='grc' dir='ltr'>Καὶ</span> <span class='ocrx_word' id='word_1_407' title='bbox 3255 2914 3512 2987; x_wconf 71' lang='grc' dir='ltr'>τοὺςμέν</span> <span class='ocrx_word' id='word_1_408' title='bbox 3543 2913 3841 2970; x_wconf 76' lang='grc' dir='ltr'>ἒκαυλοκό-</span> 
     </span>
    </p>
   </div>
   <div class='ocr_carea' id='block_1_63' title="bbox 2182 2998 3838 3077">
    <p class='ocr_par' dir='ltr' id='par_1_63' title="bbox 2182 2998 3838 3077">
     <span class='ocr_line' id='line_1_64' title="bbox 2182 2998 3838 3077; baseline -0.002 -17"><span class='ocrx_word' id='word_1_409' title='bbox 2182 3021 2345 3072; x_wconf 72' lang='grc' dir='ltr'>πησε,</span> <span class='ocrx_word' id='word_1_410' title='bbox 2376 3008 2493 3064; x_wconf 82' lang='grc' dir='ltr'>τοῖς</span> <span class='ocrx_word' id='word_1_411' title='bbox 2544 2998 2603 3056; x_wconf 71' lang='grc' dir='ltr'>δὲ</span> <span class='ocrx_word' id='word_1_412' title='bbox 2658 3001 2941 3075; x_wconf 81' lang='grc' dir='ltr'>καλάμους</span> <span class='ocrx_word' id='word_1_413' title='bbox 3001 3003 3138 3073; x_wconf 81' lang='grc' dir='ltr'>ὀξεῖς</span> <span class='ocrx_word' id='word_1_414' title='bbox 3200 2998 3681 3077; x_wconf 76' lang='grc' dir='ltr'>ἐμϐάλλεσθαιεῖς</span> <span class='ocrx_word' id='word_1_415' title='bbox 3712 3001 3838 3064; x_wconf 76' lang='grc' dir='ltr'>τοὺς</span> 
     </span>
    </p>
   </div>
   <div class='ocr_carea' id='block_1_64' title="bbox 2183 3089 3839 3170">
    <p class='ocr_par' dir='ltr' id='par_1_64' title="bbox 2183 3089 3839 3170">
     <span class='ocr_line' id='line_1_65' title="bbox 2183 3089 3839 3170; baseline -0.001 -23"><span class='ocrx_word' id='word_1_416' title='bbox 2183 3090 2390 3166; x_wconf 82' lang='grc' dir='ltr'>πόρους</span> <span class='ocrx_word' id='word_1_417' title='bbox 2447 3097 2555 3147; x_wconf 80' lang='grc' dir='ltr'>τῶν</span> <span class='ocrx_word' id='word_1_418' title='bbox 2613 3089 2839 3147; x_wconf 86' lang='grc' dir='ltr'>αἰδοίων</span> <span class='ocrx_word' id='word_1_419' title='bbox 2898 3093 3216 3168; x_wconf 65' lang='grc' dir='ltr'>προσέταξε,</span> <span class='ocrx_word' id='word_1_420' title='bbox 3265 3091 3356 3147; x_wconf 81' lang='grc' dir='ltr'>καὶ</span> <span class='ocrx_word' id='word_1_421' title='bbox 3417 3091 3661 3170; x_wconf 80' lang='grc' dir='ltr'>γυμνοὺς</span> <span class='ocrx_word' id='word_1_422' title='bbox 3704 3090 3839 3146; x_wconf 81' lang='grc' dir='ltr'>κατᾶ</span> 
     </span>
    </p>
   </div>
   <div class='ocr_carea' id='block_1_65' title="bbox 422 3175 2076 3283">
    <p class='ocr_par' dir='ltr' id='par_1_65' title="bbox 422 3186 2076 3274">
     <span class='ocr_line' id='line_1_66' title="bbox 422 3186 2076 3274; baseline -0.001 -32"><span class='ocrx_word' id='word_1_423' title='bbox 422 3186 594 3258; x_wconf 89' lang='lat' dir='ltr'>quasi</span> <span class='ocrx_word' id='word_1_424' title='bbox 628 3186 688 3240; x_wconf 93' lang='lat' dir='ltr'>in</span> <span class='ocrx_word' id='word_1_425' title='bbox 721 3186 1024 3257; x_wconf 89' lang='lat' dir='ltr'>triumpho</span> <span class='ocrx_word' id='word_1_426' title='bbox 1069 3186 1337 3258; x_wconf 91' lang='lat' dir='ltr'>produci.</span> <span class='ocrx_word' id='word_1_427' title='bbox 1370 3188 1632 3242; x_wconf 87' lang='lat' dir='ltr'>Fuerunt</span> <span class='ocrx_word' id='word_1_428' title='bbox 1662 3193 1722 3242; x_wconf 92' lang='lat' dir='ltr'>et</span> <span class='ocrx_word' id='word_1_429' title='bbox 1763 3186 1978 3242; x_wconf 86' lang='lat' dir='ltr'>civium</span> <span class='ocrx_word' id='word_1_430' title='bbox 2009 3201 2076 3274; x_wconf 76' lang='lat' dir='ltr'>ac</span> 
     </span>
    </p>
   </div>
   <div class='ocr_carea' id='block_1_66' title="bbox 2190 3175 3844 3283">
    <p class='ocr_par' dir='ltr' id='par_1_66' title="bbox 2190 3175 3844 3257">
     <span class='ocr_line' id='line_1_67' title="bbox 2190 3175 3844 3257; baseline -0.001 -21"><span class='ocrx_word' id='word_1_431' title='bbox 2190 3181 2285 3250; x_wconf 72' lang='grc' dir='ltr'>τὴν</span> <span class='ocrx_word' id='word_1_432' title='bbox 2346 3181 2543 3256; x_wconf 76' lang='grc' dir='ltr'>ἀγορὰν</span> <span class='ocrx_word' id='word_1_433' title='bbox 2600 3175 3050 3256; x_wconf 73' lang='grc' dir='ltr'>θριαμϐευθῆναι.</span> <span class='ocrx_word' id='word_1_434' title='bbox 3115 3183 3412 3257; x_wconf 64' lang='grc' dir='ltr'>ςΎπῆρχον</span> <span class='ocrx_word' id='word_1_435' title='bbox 3479 3178 3536 3236; x_wconf 81' lang='grc' dir='ltr'>δὲ</span> <span class='ocrx_word' id='word_1_436' title='bbox 3593 3179 3683 3241; x_wconf 85' lang='grc' dir='ltr'>καὶ</span> <span class='ocrx_word' id='word_1_437' title='bbox 3737 3185 3844 3237; x_wconf 78' lang='grc' dir='ltr'>τῶν</span> 
     </span>
    </p>
   </div>
   <div class='ocr_carea' id='block_1_67' title="bbox 423 3275 2075 3347">
    <p class='ocr_par' dir='ltr' id='par_1_67' title="bbox 423 3275 2075 3347">
     <span class='ocr_line' id='line_1_68' title="bbox 423 3275 2075 3347; baseline -0.002 -15"><span class='ocrx_word' id='word_1_438' title='bbox 423 3281 765 3332; x_wconf 79' lang='lat' dir='ltr'>senatorum</span> <span class='ocrx_word' id='word_1_439' title='bbox 809 3275 984 3331; x_wconf 89' lang='lat' dir='ltr'>multi</span> <span class='ocrx_word' id='word_1_440' title='bbox 1036 3281 1095 3330; x_wconf 91' lang='lat' dir='ltr'>et</span> <span class='ocrx_word' id='word_1_441' title='bbox 1141 3276 1492 3347; x_wconf 84' lang='lat' dir='ltr'>pontiﬁcum</span> <span class='ocrx_word' id='word_1_442' title='bbox 1543 3291 1914 3333; x_wconf 89' lang='lat' dir='ltr'>summorum</span> <span class='ocrx_word' id='word_1_443' title='bbox 1955 3291 2075 3330; x_wconf 91' lang='lat' dir='ltr'>non</span> 
     </span>
    </p>
   </div>
   <div class='ocr_carea' id='block_1_68' title="bbox 417 3364 2076 3439">
    <p class='ocr_par' dir='ltr' id='par_1_68' title="bbox 417 3364 2076 3439">
     <span class='ocr_line' id='line_1_69' title="bbox 417 3364 2076 3439; baseline -0.002 -18"><span class='ocrx_word' id='word_1_444' title='bbox 417 3367 592 3439; x_wconf 87' lang='lat' dir='ltr'>pauci</span> <span class='ocrx_word' id='word_1_445' title='bbox 618 3366 679 3421; x_wconf 91' lang='lat' dir='ltr'>in</span> <span class='ocrx_word' id='word_1_446' title='bbox 703 3365 912 3422; x_wconf 88' lang='lat' dir='ltr'>eadem</span> <span class='ocrx_word' id='word_1_447' title='bbox 943 3365 1117 3437; x_wconf 89' lang='lat' dir='ltr'>culpa</span> <span class='ocrx_word' id='word_1_448' title='bbox 1142 3382 1156 3432; x_wconf 92' lang='lat'>;</span> <span class='ocrx_word' id='word_1_449' title='bbox 1181 3367 1281 3437; x_wconf 88' lang='lat' dir='ltr'>qui</span> <span class='ocrx_word' id='word_1_450' title='bbox 1303 3367 1566 3434; x_wconf 85' lang='lat' dir='ltr'>castrati,</span> <span class='ocrx_word' id='word_1_451' title='bbox 1591 3372 1650 3422; x_wconf 92' lang='lat' dir='ltr'>et</span> <span class='ocrx_word' id='word_1_452' title='bbox 1679 3365 1911 3438; x_wconf 90' lang='lat' dir='ltr'>publice</span> <span class='ocrx_word' id='word_1_453' title='bbox 1934 3364 2076 3420; x_wconf 87' lang='lat' dir='ltr'>nudi</span> 
     </span>
    </p>
   </div>
   <div class='ocr_carea' id='block_1_69' title="bbox 416 3455 2077 3528">
    <p class='ocr_par' dir='ltr' id='par_1_69' title="bbox 416 3455 2077 3528">
     <span class='ocr_line' id='line_1_70' title="bbox 416 3455 2077 3528; baseline -0.001 -18"><span class='ocrx_word' id='word_1_454' title='bbox 416 3456 478 3511; x_wconf 89' lang='lat' dir='ltr'>in</span> <span class='ocrx_word' id='word_1_455' title='bbox 506 3455 700 3510; x_wconf 82' lang='lat' dir='ltr'>forum</span> <span class='ocrx_word' id='word_1_456' title='bbox 751 3455 1022 3526; x_wconf 89' lang='lat' dir='ltr'>producti</span> <span class='ocrx_word' id='word_1_457' title='bbox 1076 3455 1498 3511; x_wconf 86' lang='lat' dir='ltr'>miserabiliter</span> <span class='ocrx_word' id='word_1_458' title='bbox 1548 3457 1701 3512; x_wconf 72' lang='lat'>646</span> <span class='ocrx_word' id='word_1_459' title='bbox 1750 3456 2077 3528; x_wconf 89' lang='lat' dir='ltr'>perierunt,</span> 
     </span>
    </p>
   </div>
   <div class='ocr_carea' id='block_1_70' title="bbox 423 3543 2082 3616">
    <p class='ocr_par' dir='ltr' id='par_1_70' title="bbox 423 3543 2082 3616">
     <span class='ocr_line' id='line_1_71' title="bbox 423 3543 2082 3616; baseline -0.001 -16"><span class='ocrx_word' id='word_1_460' title='bbox 423 3561 650 3614; x_wconf 87' lang='lat' dir='ltr'>suoque</span> <span class='ocrx_word' id='word_1_461' title='bbox 684 3545 955 3616; x_wconf 86' lang='lat' dir='ltr'>exemplo</span> <span class='ocrx_word' id='word_1_462' title='bbox 987 3543 1250 3614; x_wconf 88' lang='lat' dir='ltr'>reliquos</span> <span class='ocrx_word' id='word_1_463' title='bbox 1269 3545 1618 3616; x_wconf 87' lang='lat' dir='ltr'>pudicitiam</span> <span class='ocrx_word' id='word_1_464' title='bbox 1645 3545 1843 3600; x_wconf 85' lang='lat' dir='ltr'>colere</span> <span class='ocrx_word' id='word_1_465' title='bbox 1873 3544 2082 3600; x_wconf 80' lang='lat' dir='ltr'>docue-</span> 
     </span>
    </p>
   </div>
   <div class='ocr_carea' id='block_1_71' title="bbox 418 3634 2080 3708">
    <p class='ocr_par' dir='ltr' id='par_1_71' title="bbox 418 3634 2080 3708">
     <span class='ocr_line' id='line_1_72' title="bbox 418 3634 2080 3708; baseline -0.001 -18"><span class='ocrx_word' id='word_1_466' title='bbox 418 3639 583 3690; x_wconf 87' lang='lat' dir='ltr'>runt.</span> <span class='ocrx_word' id='word_1_467' title='bbox 605 3634 762 3689; x_wconf 89' lang='lat' dir='ltr'>Tulit</span> <span class='ocrx_word' id='word_1_468' title='bbox 780 3635 805 3688; x_wconf 90' lang='lat' dir='ltr'><strong>J</strong></span> <span class='ocrx_word' id='word_1_469' title='bbox 815 3634 1149 3690; x_wconf 87' lang='lat' dir='ltr'>ustinianus</span> <span class='ocrx_word' id='word_1_470' title='bbox 1166 3635 1504 3708; x_wconf 89' lang='lat' dir='ltr'>acresleges</span> <span class='ocrx_word' id='word_1_471' title='bbox 1525 3641 1731 3692; x_wconf 90' lang='lat' dir='ltr'>contra</span> <span class='ocrx_word' id='word_1_472' title='bbox 1747 3635 2080 3708; x_wconf 90' lang='lat' dir='ltr'>impudicos</span> 
     </span>
    </p>
   </div>
   <div class='ocr_carea' id='block_1_72' title="bbox 417 3725 2080 3796">
    <p class='ocr_par' dir='ltr' id='par_1_72' title="bbox 417 3725 2080 3796">
     <span class='ocr_line' id='line_1_73' title="bbox 417 3725 2080 3796; baseline 0.001 -17"><span class='ocrx_word' id='word_1_473' title='bbox 417 3729 478 3779; x_wconf 89' lang='lat' dir='ltr'>et</span> <span class='ocrx_word' id='word_1_474' title='bbox 510 3729 741 3780; x_wconf 89' lang='lat' dir='ltr'>veteres</span> <span class='ocrx_word' id='word_1_475' title='bbox 771 3741 982 3780; x_wconf 83' lang='lat' dir='ltr'>omnes</span> <span class='ocrx_word' id='word_1_476' title='bbox 1033 3725 1193 3796; x_wconf 83' lang='lat' dir='ltr'>leges</span> <span class='ocrx_word' id='word_1_477' title='bbox 1241 3732 1549 3781; x_wconf 89' lang='lat' dir='ltr'>renovatas</span> <span class='ocrx_word' id='word_1_478' title='bbox 1593 3727 1654 3781; x_wconf 92' lang='lat' dir='ltr'>in</span> <span class='ocrx_word' id='word_1_479' title='bbox 1695 3743 1881 3784; x_wconf 89' lang='lat' dir='ltr'>unum</span> <span class='ocrx_word' id='word_1_480' title='bbox 1913 3725 2080 3780; x_wconf 87' lang='lat' dir='ltr'>volu-</span> 
     </span>
    </p>
   </div>
   <div class='ocr_carea' id='block_1_73' title="bbox 417 3813 2080 3886">
    <p class='ocr_par' dir='ltr' id='par_1_73' title="bbox 417 3813 2080 3886">
     <span class='ocr_line' id='line_1_74' title="bbox 417 3813 2080 3886; baseline 0 -16"><span class='ocrx_word' id='word_1_481' title='bbox 417 3830 557 3870; x_wconf 89' lang='lat' dir='ltr'>men</span> <span class='ocrx_word' id='word_1_482' title='bbox 587 3813 836 3886; x_wconf 85' lang='lat' dir='ltr'>redegit,</span> <span class='ocrx_word' id='word_1_483' title='bbox 869 3813 1028 3885; x_wconf 89' lang='lat' dir='ltr'>quod</span> <span class='ocrx_word' id='word_1_484' title='bbox 1060 3814 1328 3870; x_wconf 86' lang='lat' dir='ltr'>Novellas</span> <span class='ocrx_word' id='word_1_485' title='bbox 1361 3815 1827 3873; x_wconf 90' lang='lat' dir='ltr'>Constitutiones</span> <span class='ocrx_word' id='word_1_486' title='bbox 1858 3815 2080 3871; x_wconf 89' lang='lat' dir='ltr'>inscri-</span> 
     </span>
    </p>
   </div>
   <div class='ocr_carea' id='block_1_74' title="bbox 420 3905 560 3976">
    <p class='ocr_par' dir='ltr' id='par_1_74' title="bbox 420 3905 560 3976">
     <span class='ocr_line' id='line_1_75' title="bbox 420 3905 560 3976; baseline 0 -16"><span class='ocrx_word' id='word_1_487' title='bbox 420 3905 560 3976; x_wconf 90' lang='lat' dir='ltr'>psit.</span> 
     </span>
    </p>
   </div>
   <div class='ocr_carea' id='block_1_75' title="bbox 493 3994 2084 4068">
    <p class='ocr_par' dir='ltr' id='par_1_75' title="bbox 493 3994 2084 4068">
     <span class='ocr_line' id='line_1_76' title="bbox 493 3994 2084 4068; baseline 0.001 -17"><span class='ocrx_word' id='word_1_488' title='bbox 493 3994 716 4051; x_wconf 85' lang='lat' dir='ltr'>Eodem</span> <span class='ocrx_word' id='word_1_489' title='bbox 770 4011 949 4061; x_wconf 88' lang='lat' dir='ltr'>anno,</span> <span class='ocrx_word' id='word_1_490' title='bbox 1002 3994 1096 4051; x_wconf 90' lang='lat' dir='ltr'>die</span> <span class='ocrx_word' id='word_1_491' title='bbox 1151 3996 1892 4068; x_wconf 84' lang='lat' dir='ltr'>penultima.Nove.mhris,</span> <span class='ocrx_word' id='word_1_492' title='bbox 1931 3997 2084 4060; x_wconf 81' lang='lat' dir='ltr'>hora</span> 
     </span>
    </p>
   </div>
   <div class='ocr_carea' id='block_1_76' title="bbox 415 4083 2083 4153">
    <p class='ocr_par' dir='ltr' id='par_1_76' title="bbox 415 4083 2083 4153">
     <span class='ocr_line' id='line_1_77' title="bbox 415 4083 2083 4153; baseline 0.001 -13"><span class='ocrx_word' id='word_1_493' title='bbox 415 4083 537 4140; x_wconf 90' lang='lat' dir='ltr'>diei</span> <span class='ocrx_word' id='word_1_494' title='bbox 569 4087 624 4152; x_wconf 91' lang='lat'>3,</span> <span class='ocrx_word' id='word_1_495' title='bbox 658 4102 896 4141; x_wconf 88' lang='lat' dir='ltr'>rursum</span> <span class='ocrx_word' id='word_1_496' title='bbox 928 4085 1016 4140; x_wconf 90' lang='lat' dir='ltr'>ira</span> <span class='ocrx_word' id='word_1_497' title='bbox 1043 4085 1148 4140; x_wconf 89' lang='lat' dir='ltr'>Dei</span> <span class='ocrx_word' id='word_1_498' title='bbox 1172 4085 1546 4142; x_wconf 83' lang='lat' dir='ltr'>Antiochiam</span> <span class='ocrx_word' id='word_1_499' title='bbox 1575 4085 1810 4153; x_wconf 84' lang='lat' dir='ltr'>afﬂixit,</span> <span class='ocrx_word' id='word_1_500' title='bbox 1838 4087 2083 4143; x_wconf 85' lang='lat' dir='ltr'>biennio</span> 
     </span>
    </p>
   </div>
   <div class='ocr_carea' id='block_1_77' title="bbox 415 4174 2080 4246">
    <p class='ocr_par' dir='ltr' id='par_1_77' title="bbox 415 4174 2080 4246">
     <span class='ocr_line' id='line_1_78' title="bbox 415 4174 2080 4246; baseline 0.002 -17"><span class='ocrx_word' id='word_1_501' title='bbox 415 4179 554 4246; x_wconf 88' lang='lat' dir='ltr'>post</span> <span class='ocrx_word' id='word_1_502' title='bbox 575 4175 947 4246; x_wconf 89' lang='lat' dir='ltr'>superi-orem</span> <span class='ocrx_word' id='word_1_503' title='bbox 970 4174 1221 4231; x_wconf 86' lang='lat' dir='ltr'>cladem.</span> <span class='ocrx_word' id='word_1_504' title='bbox 1247 4175 1483 4231; x_wconf 80' lang='lat' dir='ltr'>Exstitit</span> <span class='ocrx_word' id='word_1_505' title='bbox 1504 4176 1664 4244; x_wconf 81' lang='lat' dir='ltr'>enim</span> <span class='ocrx_word' id='word_1_506' title='bbox 1687 4182 1858 4232; x_wconf 68' lang='lat' dir='ltr'>terrai</span> <span class='ocrx_word' id='word_1_507' title='bbox 1882 4182 2080 4241; x_wconf 80' lang='lat' dir='ltr'>motus</span> 
     </span>
    </p>
   </div>
   <div class='ocr_carea' id='block_1_78' title="bbox 399 4263 2080 4335">
    <p class='ocr_par' dir='ltr' id='par_1_78' title="bbox 399 4263 2080 4335">
     <span class='ocr_line' id='line_1_79' title="bbox 399 4263 2080 4335; baseline 0 -17"><span class='ocrx_word' id='word_1_508' title='bbox 399 4263 656 4335; x_wconf 89' lang='lat' dir='ltr'>.ingens,</span> <span class='ocrx_word' id='word_1_509' title='bbox 689 4267 992 4334; x_wconf 89' lang='lat' dir='ltr'>totamque</span> <span class='ocrx_word' id='word_1_510' title='bbox 1016 4263 1250 4321; x_wconf 88' lang='lat' dir='ltr'>duravit</span> <span class='ocrx_word' id='word_1_511' title='bbox 1270 4263 1477 4320; x_wconf 85' lang='lat' dir='ltr'>horam</span> <span class='ocrx_word' id='word_1_512' title='bbox 1506 4281 1640 4320; x_wconf 92' lang='lat' dir='ltr'>cum</span> <span class='ocrx_word' id='word_1_513' title='bbox 1669 4265 1922 4320; x_wconf 89' lang='lat' dir='ltr'>terribili</span> <span class='ocrx_word' id='word_1_514' title='bbox 1947 4264 2080 4324; x_wconf 59' lang='lat' dir='ltr'>caeli</span> 
     </span>
    </p>
   </div>
   <div class='ocr_carea' id='block_1_79' title="bbox 407 4353 2088 4425">
    <p class='ocr_par' dir='ltr' id='par_1_79' title="bbox 407 4353 2088 4425">
     <span class='ocr_line' id='line_1_80' title="bbox 407 4353 2088 4425; baseline 0.001 -17"><span class='ocrx_word' id='word_1_515' title='bbox 407 4354 684 4425; x_wconf 77' lang='lat' dir='ltr'>.mugitu.</span> <span class='ocrx_word' id='word_1_516' title='bbox 718 4354 799 4408; x_wconf 89' lang='lat' dir='ltr'>Ea</span> <span class='ocrx_word' id='word_1_517' title='bbox 829 4353 1220 4410; x_wconf 88' lang='lat' dir='ltr'>concussione</span> <span class='ocrx_word' id='word_1_518' title='bbox 1249 4355 1453 4410; x_wconf 87' lang='lat' dir='ltr'>omnia</span> <span class='ocrx_word' id='word_1_519' title='bbox 1482 4372 1614 4424; x_wconf 62' lang='lat' dir='ltr'>qua:</span> <span class='ocrx_word' id='word_1_520' title='bbox 1645 4353 1938 4411; x_wconf 64' lang='lat' dir='ltr'>aediﬁcata</span> <span class='ocrx_word' id='word_1_521' title='bbox 1965 4354 2088 4416; x_wconf 84' lang='lat' dir='ltr'>fue-</span> 
     </span>
    </p>
   </div>
   <div class='ocr_carea' id='block_1_80' title="bbox 430 4442 2086 4515">
    <p class='ocr_par' dir='ltr' id='par_1_80' title="bbox 430 4442 2086 4515">
     <span class='ocr_line' id='line_1_81' title="bbox 430 4442 2086 4515; baseline 0.001 -17"><span class='ocrx_word' id='word_1_522' title='bbox 430 4447 586 4506; x_wconf 80' lang='lat' dir='ltr'>rant,</span> <span class='ocrx_word' id='word_1_523' title='bbox 621 4442 748 4498; x_wconf 85' lang='lat' dir='ltr'>solo</span> <span class='ocrx_word' id='word_1_524' title='bbox 780 4448 1014 4514; x_wconf 65' lang='lat' dir='ltr'>aequata</span> <span class='ocrx_word' id='word_1_525' title='bbox 1067 4449 1225 4511; x_wconf 91' lang='lat' dir='ltr'>sunt,</span> <span class='ocrx_word' id='word_1_526' title='bbox 1258 4450 1314 4498; x_wconf 92' lang='lat' dir='ltr'>et</span> <span class='ocrx_word' id='word_1_527' title='bbox 1363 4444 1540 4511; x_wconf 88' lang='lat' dir='ltr'>muri,</span> <span class='ocrx_word' id='word_1_528' title='bbox 1572 4450 1751 4515; x_wconf 85' lang='lat' dir='ltr'>atque</span> <span class='ocrx_word' id='word_1_529' title='bbox 1795 4444 1942 4500; x_wconf 90' lang='lat' dir='ltr'>adeo</span> <span class='ocrx_word' id='word_1_530' title='bbox 1971 4445 2086 4510; x_wconf 77' lang='lat' dir='ltr'>ista</span> 
     </span>
    </p>
   </div>
   <div class='ocr_carea' id='block_1_81' title="bbox 425 4531 2082 4605">
    <p class='ocr_par' dir='ltr' id='par_1_81' title="bbox 425 4531 2082 4605">
     <span class='ocr_line' id='line_1_82' title="bbox 425 4531 2082 4605; baseline 0.001 -19"><span class='ocrx_word' id='word_1_531' title='bbox 425 4547 662 4601; x_wconf 90' lang='lat' dir='ltr'>quoque</span> <span class='ocrx_word' id='word_1_532' title='bbox 694 4537 818 4587; x_wconf 91' lang='lat' dir='ltr'>tum</span> <span class='ocrx_word' id='word_1_533' title='bbox 851 4531 1103 4588; x_wconf 67' lang='lat' dir='ltr'>aediﬁcia</span> <span class='ocrx_word' id='word_1_534' title='bbox 1128 4539 1503 4602; x_wconf 89' lang='lat' dir='ltr'>corruerunt,</span> <span class='ocrx_word' id='word_1_535' title='bbox 1528 4551 1658 4604; x_wconf 65' lang='lat' dir='ltr'>quas</span> <span class='ocrx_word' id='word_1_536' title='bbox 1691 4535 1888 4605; x_wconf 92' lang='lat' dir='ltr'>priore</span> <span class='ocrx_word' id='word_1_537' title='bbox 1911 4539 2082 4589; x_wconf 73' lang='lat' dir='ltr'>terrm</span> 
     </span>
    </p>
   </div>
   <div class='ocr_carea' id='block_1_82' title="bbox 427 4619 2117 4692">
    <p class='ocr_par' dir='ltr' id='par_1_82' title="bbox 427 4619 2117 4692">
     <span class='ocr_line' id='line_1_83' title="bbox 427 4619 2117 4692; baseline 0.002 -20"><span class='ocrx_word' id='word_1_538' title='bbox 427 4623 594 4672; x_wconf 92' lang='lat' dir='ltr'>motu</span> <span class='ocrx_word' id='word_1_539' title='bbox 623 4635 742 4673; x_wconf 91' lang='lat' dir='ltr'>non</span> <span class='ocrx_word' id='word_1_540' title='bbox 769 4619 1126 4676; x_wconf 89' lang='lat' dir='ltr'>ceciderant.</span> <span class='ocrx_word' id='word_1_541' title='bbox 1154 4621 1420 4692; x_wconf 92' lang='lat' dir='ltr'>Denique</span> <span class='ocrx_word' id='word_1_542' title='bbox 1445 4620 1734 4692; x_wconf 89' lang='lat' dir='ltr'>quidquid</span> <span class='ocrx_word' id='word_1_543' title='bbox 1758 4627 1816 4676; x_wconf 87' lang='lat' dir='ltr'>et</span> <span class='ocrx_word' id='word_1_544' title='bbox 1837 4621 2117 4692; x_wconf 88' lang='lat' dir='ltr'>impera-&quot;</span> 
     </span>
    </p>
   </div>
   <div class='ocr_carea' id='block_1_83' title="bbox 435 4708 2087 4782">
    <p class='ocr_par' dir='ltr' id='par_1_83' title="bbox 435 4708 2087 4782">
     <span class='ocr_line' id='line_1_84' title="bbox 435 4708 2087 4782; baseline 0.002 -20"><span class='ocrx_word' id='word_1_545' title='bbox 435 4708 587 4762; x_wconf 88' lang='lat' dir='ltr'>toria</span> <span class='ocrx_word' id='word_1_546' title='bbox 616 4708 976 4765; x_wconf 87' lang='lat' dir='ltr'>liberalitate</span> <span class='ocrx_word' id='word_1_547' title='bbox 996 4715 1054 4764; x_wconf 89' lang='lat' dir='ltr'>et</span> <span class='ocrx_word' id='word_1_548' title='bbox 1070 4711 1342 4781; x_wconf 84' lang='lat' dir='ltr'>privatim</span> <span class='ocrx_word' id='word_1_549' title='bbox 1361 4712 1577 4767; x_wconf 86' lang='lat' dir='ltr'>civium</span> <span class='ocrx_word' id='word_1_550' title='bbox 1602 4711 1938 4782; x_wconf 86' lang='lat' dir='ltr'>sumptibus</span> <span class='ocrx_word' id='word_1_551' title='bbox 1955 4712 2087 4766; x_wconf 86' lang='lat' dir='ltr'>urbi</span> 
     </span>
    </p>
   </div>
   <div class='ocr_carea' id='block_1_84' title="bbox 431 4798 2091 4872">
    <p class='ocr_par' dir='ltr' id='par_1_84' title="bbox 431 4798 2091 4872">
     <span class='ocr_line' id='line_1_85' title="bbox 431 4798 2091 4872; baseline 0.002 -19"><span class='ocrx_word' id='word_1_552' title='bbox 431 4798 627 4854; x_wconf 81' lang='lat' dir='ltr'>fuerat</span> <span class='ocrx_word' id='word_1_553' title='bbox 656 4801 992 4855; x_wconf 88' lang='lat' dir='ltr'>ornamenti</span> <span class='ocrx_word' id='word_1_554' title='bbox 1024 4801 1430 4866; x_wconf 76' lang='lat' dir='ltr'>conciliatum,</span> <span class='ocrx_word' id='word_1_555' title='bbox 1464 4807 1604 4856; x_wconf 91' lang='lat' dir='ltr'>tunc</span> <span class='ocrx_word' id='word_1_556' title='bbox 1639 4801 1833 4872; x_wconf 91' lang='lat' dir='ltr'>periit.</span> <span class='ocrx_word' id='word_1_557' title='bbox 1869 4801 2091 4858; x_wconf 89' lang='lat' dir='ltr'>Obruta</span> 
     </span>
    </p>
   </div>
   <div class='ocr_carea' id='block_1_85' title="bbox 432 4889 2090 4962">
    <p class='ocr_par' dir='ltr' id='par_1_85' title="bbox 432 4889 2090 4962">
     <span class='ocr_line' id='line_1_86' title="bbox 432 4889 2090 4962; baseline 0 -16"><span class='ocrx_word' id='word_1_558' title='bbox 432 4894 572 4946; x_wconf 89' lang='lat' dir='ltr'>sunt</span> <span class='ocrx_word' id='word_1_559' title='bbox 595 4889 791 4946; x_wconf 85' lang='lat' dir='ltr'>ruinis</span> <span class='ocrx_word' id='word_1_560' title='bbox 821 4889 1131 4948; x_wconf 90' lang='lat' dir='ltr'>hominum</span> <span class='ocrx_word' id='word_1_561' title='bbox 1181 4891 1348 4946; x_wconf 88' lang='lat' dir='ltr'>milia</span> <span class='ocrx_word' id='word_1_562' title='bbox 1380 4893 1413 4945; x_wconf 78' lang='grc'><strong>4</strong></span> <span class='ocrx_word' id='word_1_563' title='bbox 1464 4895 1522 4945; x_wconf 92' lang='lat' dir='ltr'>et</span> <span class='ocrx_word' id='word_1_564' title='bbox 1551 4891 1692 4945; x_wconf 86' lang='lat'>870:</span> <span class='ocrx_word' id='word_1_565' title='bbox 1736 4890 1996 4962; x_wconf 86' lang='lat' dir='ltr'>relinqui</span> <span class='ocrx_word' id='word_1_566' title='bbox 2027 4891 2090 4946; x_wconf 88' lang='lat' dir='ltr'>in</span> 
     </span>
    </p>
   </div>
   <div class='ocr_carea' id='block_1_86' title="bbox 427 4979 2091 5053">
    <p class='ocr_par' dir='ltr' id='par_1_86' title="bbox 427 4979 2091 5053">
     <span class='ocr_line' id='line_1_87' title="bbox 427 4979 2091 5053; baseline 0 -17"><span class='ocrx_word' id='word_1_567' title='bbox 427 4980 576 5037; x_wconf 87' lang='lat' dir='ltr'>alias</span> <span class='ocrx_word' id='word_1_568' title='bbox 595 4979 773 5037; x_wconf 89' lang='lat' dir='ltr'>urbes</span> <span class='ocrx_word' id='word_1_569' title='bbox 795 4981 1208 5053; x_wconf 87' lang='lat' dir='ltr'>confugerunt.</span> <span class='ocrx_word' id='word_1_570' title='bbox 1229 4979 1363 5037; x_wconf 86' lang='lat' dir='ltr'>Fuit</span> <span class='ocrx_word' id='word_1_571' title='bbox 1385 4980 1564 5036; x_wconf 88' lang='lat' dir='ltr'>etiam</span> <span class='ocrx_word' id='word_1_572' title='bbox 1582 4980 1929 5053; x_wconf 88' lang='lat' dir='ltr'>gravissima</span> <span class='ocrx_word' id='word_1_573' title='bbox 1944 4985 2091 5036; x_wconf 88' lang='lat' dir='ltr'>tem-</span> 
     </span>
    </p>
   </div>
   <div class='ocr_carea' id='block_1_87' title="bbox 2187 3267 3846 3346">
    <p class='ocr_par' dir='ltr' id='par_1_87' title="bbox 2187 3267 3846 3346">
     <span class='ocr_line' id='line_1_88' title="bbox 2187 3267 3846 3346; baseline 0 -22"><span class='ocrx_word' id='word_1_574' title='bbox 2187 3267 2436 3324; x_wconf 81' lang='grc' dir='ltr'>πολιτῶν</span> <span class='ocrx_word' id='word_1_575' title='bbox 2468 3269 2558 3324; x_wconf 84' lang='grc' dir='ltr'>καὶ</span> <span class='ocrx_word' id='word_1_576' title='bbox 2608 3267 2991 3346; x_wconf 76' lang='grc' dir='ltr'>συγκλητικῶν</span> <span class='ocrx_word' id='word_1_577' title='bbox 3043 3269 3252 3338; x_wconf 76' lang='grc' dir='ltr'>πολλοὶ</span> <span class='ocrx_word' id='word_1_578' title='bbox 3281 3271 3372 3326; x_wconf 87' lang='grc' dir='ltr'>καὶ</span> <span class='ocrx_word' id='word_1_579' title='bbox 3402 3274 3510 3325; x_wconf 81' lang='grc' dir='ltr'>τῶν</span> <span class='ocrx_word' id='word_1_580' title='bbox 3544 3267 3846 3346; x_wconf 77' lang='grc' dir='ltr'>ἀρχιερέων</span> 
     </span>
    </p>
   </div>
   <div class='ocr_carea' id='block_1_88' title="bbox 2188 3353 3847 3435">
    <p class='ocr_par' dir='ltr' id='par_1_88' title="bbox 2188 3353 3847 3435">
     <span class='ocr_line' id='line_1_89' title="bbox 2188 3353 3847 3435; baseline -0.002 -23"><span class='ocrx_word' id='word_1_581' title='bbox 2188 3356 2288 3414; x_wconf 78' lang='grc' dir='ltr'>οὐκ</span> <span class='ocrx_word' id='word_1_582' title='bbox 2319 3353 2526 3434; x_wconf 78' lang='grc' dir='ltr'>ὀλίγοι,</span> <span class='ocrx_word' id='word_1_583' title='bbox 2559 3356 2615 3413; x_wconf 76' lang='lat' dir='ltr'>o&#39;i</span> <span class='ocrx_word' id='word_1_584' title='bbox 2647 3357 3004 3432; x_wconf 77' lang='grc' dir='ltr'>ὲκτμηθὲντες</span> <span class='ocrx_word' id='word_1_585' title='bbox 3050 3359 3141 3415; x_wconf 84' lang='grc' dir='ltr'>καὶ</span> <span class='ocrx_word' id='word_1_586' title='bbox 3191 3357 3543 3435; x_wconf 82' lang='grc' dir='ltr'>δημευθέντες</span> <span class='ocrx_word' id='word_1_587' title='bbox 3578 3358 3718 3420; x_wconf 79' lang='grc' dir='ltr'>κατὰ</span> <span class='ocrx_word' id='word_1_588' title='bbox 3745 3358 3847 3426; x_wconf 77' lang='grc' dir='ltr'>τήν</span> 
     </span>
    </p>
   </div>
   <div class='ocr_carea' id='block_1_89' title="bbox 2189 3445 3843 3524">
    <p class='ocr_par' dir='ltr' id='par_1_89' title="bbox 2189 3445 3843 3524">
     <span class='ocr_line' id='line_1_90' title="bbox 2189 3445 3843 3524; baseline 0.001 -24"><span class='ocrx_word' id='word_1_589' title='bbox 2189 3445 2386 3522; x_wconf 73' lang='grc' dir='ltr'>ἀγορὰν</span> <span class='ocrx_word' id='word_1_590' title='bbox 2448 3446 2648 3524; x_wconf 83' lang='grc' dir='ltr'>γυμνοὶ</span> <span class='ocrx_word' id='word_1_591' title='bbox 2707 3447 2940 3524; x_wconf 73' lang='grc' dir='ltr'>οἰκτρῶς</span> <span class='ocrx_word' id='word_1_592' title='bbox 2997 3447 3509 3520; x_wconf 48' lang='grc' dir='ltr'>ἐτελεύτησανηΚαὶ</span> <span class='ocrx_word' id='word_1_593' title='bbox 3539 3448 3843 3523; x_wconf 66' lang='grc' dir='ltr'>γενομένου</span> 
     </span>
    </p>
   </div>
   <div class='ocr_carea' id='block_1_90' title="bbox 2189 3531 3843 3616">
    <p class='ocr_par' dir='ltr' id='par_1_90' title="bbox 2189 3531 3843 3616">
     <span class='ocr_line' id='line_1_91' title="bbox 2189 3531 3843 3616; baseline 0.005 -26"><span class='ocrx_word' id='word_1_594' title='bbox 2189 3531 2363 3614; x_wconf 76' lang='grc' dir='ltr'>φόϐου</span> <span class='ocrx_word' id='word_1_595' title='bbox 2425 3536 2664 3612; x_wconf 76' lang='grc' dir='ltr'>μεγάλου</span> <span class='ocrx_word' id='word_1_596' title='bbox 2723 3538 2780 3591; x_wconf 75' lang='grc' dir='ltr'>οἱ</span> <span class='ocrx_word' id='word_1_597' title='bbox 2835 3536 3024 3593; x_wconf 85' lang='grc' dir='ltr'>λοιποὶ</span> <span class='ocrx_word' id='word_1_598' title='bbox 3082 3536 3843 3616; x_wconf 76' lang='grc' dir='ltr'>ἐσωφρονίσθησςιν.,Νόμους</span> 
     </span>
    </p>
   </div>
   <div class='ocr_carea' id='block_1_91' title="bbox 2187 3623 3847 3706">
    <p class='ocr_par' dir='ltr' id='par_1_91' title="bbox 2187 3623 3847 3706">
     <span class='ocr_line' id='line_1_92' title="bbox 2187 3623 3847 3706; baseline 0 -26"><span class='ocrx_word' id='word_1_599' title='bbox 2187 3623 2521 3704; x_wconf 74' lang='grc' dir='ltr'>τεσφοδροὺς</span> <span class='ocrx_word' id='word_1_600' title='bbox 2574 3627 2711 3682; x_wconf 82' lang='grc' dir='ltr'>κατὰ</span> <span class='ocrx_word' id='word_1_601' title='bbox 2764 3627 3367 3706; x_wconf 80' lang='grc' dir='ltr'>τῶν.ἀσελγαινόντων</span> <span class='ocrx_word' id='word_1_602' title='bbox 3425 3626 3654 3700; x_wconf 63' lang='grc' dir='ltr'>ἐξέθετο,</span> <span class='ocrx_word' id='word_1_603' title='bbox 3714 3625 3847 3688; x_wconf 79' lang='grc' dir='ltr'>τοὺς</span> 
     </span>
    </p>
   </div>
   <div class='ocr_carea' id='block_1_92' title="bbox 2193 3713 3853 3794">
    <p class='ocr_par' dir='ltr' id='par_1_92' title="bbox 2193 3713 3853 3794">
     <span class='ocr_line' id='line_1_93' title="bbox 2193 3713 3853 3794; baseline 0 -22"><span class='ocrx_word' id='word_1_604' title='bbox 2193 3713 2249 3772; x_wconf 75' lang='grc' dir='ltr'>δὲ</span> <span class='ocrx_word' id='word_1_605' title='bbox 2279 3715 2551 3781; x_wconf 73' lang='grc' dir='ltr'>παλαιοὺς</span> <span class='ocrx_word' id='word_1_606' title='bbox 2608 3718 2812 3794; x_wconf 90' lang='grc' dir='ltr'>νόμους</span> <span class='ocrx_word' id='word_1_607' title='bbox 2845 3721 3073 3781; x_wconf 77' lang='grc' dir='ltr'>πάντας</span> <span class='ocrx_word' id='word_1_608' title='bbox 3125 3718 3410 3792; x_wconf 74' lang='grc' dir='ltr'>ᾁνενέωσε,</span> <span class='ocrx_word' id='word_1_609' title='bbox 3465 3720 3704 3790; x_wconf 70' lang='grc' dir='ltr'>ποιήσας</span> <span class='ocrx_word' id='word_1_610' title='bbox 3749 3738 3853 3794; x_wconf 86' lang='grc' dir='ltr'>μο-</span> 
     </span>
    </p>
   </div>
   <div class='ocr_carea' id='block_1_93' title="bbox 2189 3801 3465 3885">
    <p class='ocr_par' dir='ltr' id='par_1_93' title="bbox 2189 3801 3465 3885">
     <span class='ocr_line' id='line_1_94' title="bbox 2189 3801 3465 3885; baseline 0.001 -21"><span class='ocrx_word' id='word_1_611' title='bbox 2189 3801 2475 3880; x_wconf 76' lang='grc' dir='ltr'>νόϐιϐλον,</span> <span class='ocrx_word' id='word_1_612' title='bbox 2504 3808 2533 3863; x_wconf 85' lang='grc' dir='ltr'>’ὀ</span> <span class='ocrx_word' id='word_1_613' title='bbox 2562 3806 2652 3864; x_wconf 85' lang='grc' dir='ltr'>καὶ</span> <span class='ocrx_word' id='word_1_614' title='bbox 2684 3807 2895 3885; x_wconf 77' lang='grc' dir='ltr'>Νεαρᾶς</span> <span class='ocrx_word' id='word_1_615' title='bbox 2927 3806 3192 3881; x_wconf 77' lang='grc' dir='ltr'>διατάξεις</span> <span class='ocrx_word' id='word_1_616' title='bbox 3221 3806 3465 3872; x_wconf 77' lang='grc' dir='ltr'>ἐκάλεσε.</span> 
     </span>
    </p>
   </div>
   <div class='ocr_carea' id='block_1_94' title="bbox 2249 3983 3859 4065">
    <p class='ocr_par' dir='ltr' id='par_1_94' title="bbox 2249 3983 3859 4065">
     <span class='ocr_line' id='line_1_95' title="bbox 2249 3983 3859 4065; baseline -0.001 -20"><span class='ocrx_word' id='word_1_617' title='bbox 2249 3991 2360 4061; x_wconf 80' lang='grc' dir='ltr'>Τῷ</span> <span class='ocrx_word' id='word_1_618' title='bbox 2390 3987 2436 4044; x_wconf 86' lang='grc' dir='ltr'>δ’</span> <span class='ocrx_word' id='word_1_619' title='bbox 2467 3989 2618 4062; x_wconf 82' lang='grc' dir='ltr'>αὖτῷ</span> <span class='ocrx_word' id='word_1_620' title='bbox 2655 3984 2784 4061; x_wconf 77' lang='grc' dir='ltr'>ἔτει,</span> <span class='ocrx_word' id='word_1_621' title='bbox 2848 3989 2976 4063; x_wconf 86' lang='grc' dir='ltr'>μηνὶ</span> <span class='ocrx_word' id='word_1_622' title='bbox 3032 3983 3330 4063; x_wconf 77' lang='grc' dir='ltr'>Νοεμϐρίῳ</span> <span class='ocrx_word' id='word_1_623' title='bbox 3387 3994 3488 4060; x_wconf 89' lang='grc' dir='ltr'>κθ’,</span> <span class='ocrx_word' id='word_1_624' title='bbox 3512 4051 3514 4059; x_wconf 38' lang='grc' dir='ltr'>ι</span> <span class='ocrx_word' id='word_1_625' title='bbox 3541 3985 3859 4065; x_wconf 50' lang='grc' dir='ltr'>ὥπᾳ,,τρίτῃ</span> 
     </span>
    </p>
   </div>
   <div class='ocr_carea' id='block_1_95' title="bbox 2191 4071 3862 4153">
    <p class='ocr_par' dir='ltr' id='par_1_95' title="bbox 2191 4071 3862 4153">
     <span class='ocr_line' id='line_1_96' title="bbox 2191 4071 3862 4153; baseline -0.001 -20"><span class='ocrx_word' id='word_1_626' title='bbox 2191 4084 2290 4152; x_wconf 82' lang='grc' dir='ltr'>τῆς</span> <span class='ocrx_word' id='word_1_627' title='bbox 2322 4079 2559 4153; x_wconf 54' lang='grc' dir='ltr'>ἡμέρας,</span> <span class='ocrx_word' id='word_1_628' title='bbox 2590 4071 2784 4152; x_wconf 74' lang='grc' dir='ltr'>ἔπαθεν</span> <span class='ocrx_word' id='word_1_629' title='bbox 2844 4078 2946 4134; x_wconf 82' lang='grc' dir='ltr'>ὑπὸ</span> <span class='ocrx_word' id='word_1_630' title='bbox 2997 4077 3290 4152; x_wconf 85' lang='grc' dir='ltr'>θεομηνίας</span> <span class='ocrx_word' id='word_1_631' title='bbox 3341 4076 3506 4133; x_wconf 86' lang='grc' dir='ltr'>πάλιν</span> <span class='ocrx_word' id='word_1_632' title='bbox 3537 4076 3862 4152; x_wconf 78' lang='grc' dir='ltr'>Ἀντιόχεια</span> 
     </span>
    </p>
   </div>
   <div class='ocr_carea' id='block_1_96' title="bbox 2193 4161 3854 4244">
    <p class='ocr_par' dir='ltr' id='par_1_96' title="bbox 2193 4161 3854 4244">
     <span class='ocr_line' id='line_1_97' title="bbox 2193 4161 3854 4244; baseline 0.002 -22"><span class='ocrx_word' id='word_1_633' title='bbox 2193 4169 2228 4236; x_wconf 81' lang='grc' dir='ltr'>ἡ</span> <span class='ocrx_word' id='word_1_634' title='bbox 2267 4167 2476 4242; x_wconf 65' lang='grc' dir='ltr'>μεγάλη</span> <span class='ocrx_word' id='word_1_635' title='bbox 2543 4169 2678 4241; x_wconf 86' lang='grc' dir='ltr'>μετᾶ</span> <span class='ocrx_word' id='word_1_636' title='bbox 2731 4166 2826 4222; x_wconf 76' lang='grc' dir='ltr'>δύο</span> <span class='ocrx_word' id='word_1_637' title='bbox 2884 4161 2976 4239; x_wconf 77' lang='grc' dir='ltr'>ἔτη</span> <span class='ocrx_word' id='word_1_638' title='bbox 3035 4173 3132 4223; x_wconf 77' lang='grc' dir='ltr'>τοῦ</span> <span class='ocrx_word' id='word_1_639' title='bbox 3190 4168 3381 4244; x_wconf 86' lang='grc' dir='ltr'>πρώην</span> <span class='ocrx_word' id='word_1_640' title='bbox 3405 4169 3622 4241; x_wconf 40' lang='grc' dir='ltr'>καταθεῖν</span> <span class='ocrx_word' id='word_1_641' title='bbox 3653 4167 3854 4237; x_wconf 70' lang='grc' dir='ltr'>αὐτήν.</span> 
     </span>
    </p>
   </div>
   <div class='ocr_carea' id='block_1_97' title="bbox 2193 4253 3858 4335">
    <p class='ocr_par' dir='ltr' id='par_1_97' title="bbox 2193 4253 3858 4335">
     <span class='ocr_line' id='line_1_98' title="bbox 2193 4253 3858 4335; baseline -0.003 -21"><span class='ocrx_word' id='word_1_642' title='bbox 2193 4258 2438 4331; x_wconf 75' lang='grc' dir='ltr'>Ἐγένετο</span> <span class='ocrx_word' id='word_1_643' title='bbox 2506 4257 2610 4333; x_wconf 72' lang='grc' dir='ltr'>γὰρ</span> <span class='ocrx_word' id='word_1_644' title='bbox 2679 4257 2902 4331; x_wconf 79' lang='grc' dir='ltr'>σεισμὸς</span> <span class='ocrx_word' id='word_1_645' title='bbox 2960 4260 3161 4335; x_wconf 45' lang='grc' dir='ltr'>μέγας,</span> <span class='ocrx_word' id='word_1_646' title='bbox 3197 4256 3286 4313; x_wconf 76' lang='grc' dir='ltr'>ἐπὶ</span> <span class='ocrx_word' id='word_1_647' title='bbox 3349 4255 3494 4332; x_wconf 82' lang='grc' dir='ltr'>ὥραν</span> <span class='ocrx_word' id='word_1_648' title='bbox 3537 4255 3692 4330; x_wconf 86' lang='grc' dir='ltr'>,μίαν</span> <span class='ocrx_word' id='word_1_649' title='bbox 3757 4253 3858 4335; x_wconf 79' lang='grc' dir='ltr'>καὶ</span> 
     </span>
    </p>
   </div>
   <div class='ocr_carea' id='block_1_98' title="bbox 2197 4345 3862 4429">
    <p class='ocr_par' dir='ltr' id='par_1_98' title="bbox 2197 4345 3862 4429">
     <span class='ocr_line' id='line_1_99' title="bbox 2197 4345 3862 4429; baseline 0 -27"><span class='ocrx_word' id='word_1_650' title='bbox 2197 4348 2440 4425; x_wconf 81' lang='grc' dir='ltr'>βρυγμὸς</span> <span class='ocrx_word' id='word_1_651' title='bbox 2491 4347 2552 4404; x_wconf 81' lang='grc' dir='ltr'>ἐκ</span> <span class='ocrx_word' id='word_1_652' title='bbox 2598 4353 2694 4404; x_wconf 78' lang='grc' dir='ltr'>τοῦ</span> <span class='ocrx_word' id='word_1_653' title='bbox 2744 4350 2978 4423; x_wconf 68' lang='grc' dir='ltr'>οὖροινοῦ</span> <span class='ocrx_word' id='word_1_654' title='bbox 3035 4345 3286 4429; x_wconf 72' lang='grc' dir='ltr'>φοϐερὸς,</span> <span class='ocrx_word' id='word_1_655' title='bbox 3321 4350 3411 4404; x_wconf 81' lang='grc' dir='ltr'>καὶ</span> <span class='ocrx_word' id='word_1_656' title='bbox 3460 4345 3648 4404; x_wconf 79' lang='grc' dir='ltr'>ἔπεσον</span> <span class='ocrx_word' id='word_1_657' title='bbox 3671 4346 3862 4412; x_wconf 55' lang='grc' dir='ltr'>,πάντα</span> 
     </span>
    </p>
   </div>
   <div class='ocr_carea' id='block_1_99' title="bbox 2191 4437 3864 4520">
    <p class='ocr_par' dir='ltr' id='par_1_99' title="bbox 2191 4437 3864 4520">
     <span class='ocr_line' id='line_1_100' title="bbox 2191 4437 3864 4520; baseline -0.001 -26"><span class='ocrx_word' id='word_1_658' title='bbox 2191 4438 2264 4512; x_wconf 33' lang='grc' dir='ltr'>τὰ,</span> <span class='ocrx_word' id='word_1_659' title='bbox 2287 4439 2592 4503; x_wconf 70' lang='grc' dir='ltr'>κτισθέντα,</span> <span class='ocrx_word' id='word_1_660' title='bbox 2622 4437 2727 4502; x_wconf 72' lang='grc' dir='ltr'>ἕως</span> <span class='ocrx_word' id='word_1_661' title='bbox 2787 4438 3016 4520; x_wconf 76' lang='grc' dir='ltr'>ἐδάφους</span> <span class='ocrx_word' id='word_1_662' title='bbox 3066 4439 3155 4504; x_wconf 79' lang='grc' dir='ltr'>καί</span> <span class='ocrx_word' id='word_1_663' title='bbox 3210 4441 3277 4495; x_wconf 75' lang='grc' dir='ltr'>τὰ</span> <span class='ocrx_word' id='word_1_664' title='bbox 3304 4439 3504 4515; x_wconf 81' lang='grc' dir='ltr'>τείχη..</span> <span class='ocrx_word' id='word_1_665' title='bbox 3526 4439 3628 4496; x_wconf 86' lang='grc' dir='ltr'>Καὶ</span> <span class='ocrx_word' id='word_1_666' title='bbox 3657 4437 3718 4494; x_wconf 84' lang='grc' dir='ltr'>ἐκ</span> <span class='ocrx_word' id='word_1_667' title='bbox 3746 4443 3864 4504; x_wconf 80' lang='grc' dir='ltr'>τῶν</span> 
     </span>
    </p>
   </div>
   <div class='ocr_carea' id='block_1_100' title="bbox 2198 4529 3858 4604">
    <p class='ocr_par' dir='ltr' id='par_1_100' title="bbox 2198 4529 3858 4604">
     <span class='ocr_line' id='line_1_101' title="bbox 2198 4529 3858 4604; baseline -0.001 -19"><span class='ocrx_word' id='word_1_668' title='bbox 2198 4531 2274 4604; x_wconf 84' lang='grc' dir='ltr'>μή</span> <span class='ocrx_word' id='word_1_669' title='bbox 2341 4529 2616 4585; x_wconf 89' lang='grc' dir='ltr'>πεσόντων</span> <span class='ocrx_word' id='word_1_670' title='bbox 2684 4529 2937 4586; x_wconf 89' lang='grc' dir='ltr'>παλαιων</span> <span class='ocrx_word' id='word_1_671' title='bbox 3005 4532 3316 4604; x_wconf 81' lang='grc' dir='ltr'>κτισμάτων</span> <span class='ocrx_word' id='word_1_672' title='bbox 3381 4529 3433 4584; x_wconf 70' lang='grc' dir='ltr'>ἐν</span> <span class='ocrx_word' id='word_1_673' title='bbox 3499 4534 3579 4602; x_wconf 81' lang='grc' dir='ltr'>τῷ</span> <span class='ocrx_word' id='word_1_674' title='bbox 3645 4531 3858 4604; x_wconf 87' lang='grc' dir='ltr'>πρώτῳ</span> 
     </span>
    </p>
   </div>
   <div class='ocr_carea' id='block_1_101' title="bbox 2199 4614 3851 4696">
    <p class='ocr_par' dir='ltr' id='par_1_101' title="bbox 2199 4614 3851 4696">
     <span class='ocr_line' id='line_1_102' title="bbox 2199 4614 3851 4696; baseline -0.001 -22"><span class='ocrx_word' id='word_1_675' title='bbox 2199 4620 2407 4692; x_wconf 83' lang='grc' dir='ltr'>σεισμῷ</span> <span class='ocrx_word' id='word_1_676' title='bbox 2463 4618 2881 4695; x_wconf 78' lang='grc' dir='ltr'>κατηνέχθησαν</span> <span class='ocrx_word' id='word_1_677' title='bbox 2959 4623 3072 4675; x_wconf 83' lang='grc' dir='ltr'>νῦν.</span> <span class='ocrx_word' id='word_1_678' title='bbox 3129 4620 3226 4674; x_wconf 80' lang='grc' dir='ltr'>Καὶ</span> <span class='ocrx_word' id='word_1_679' title='bbox 3285 4624 3430 4675; x_wconf 80' lang='grc' dir='ltr'>πᾶσα</span> <span class='ocrx_word' id='word_1_680' title='bbox 3483 4619 3518 4689; x_wconf 76' lang='grc' dir='ltr'>ἡ</span> <span class='ocrx_word' id='word_1_681' title='bbox 3579 4614 3851 4696; x_wconf 79' lang='grc' dir='ltr'>γενομένη</span> 
     </span>
    </p>
   </div>
   <div class='ocr_carea' id='block_1_102' title="bbox 2198 4703 3860 4786">
    <p class='ocr_par' dir='ltr' id='par_1_102' title="bbox 2198 4703 3860 4786">
     <span class='ocr_line' id='line_1_103' title="bbox 2198 4703 3860 4786; baseline -0.001 -22"><span class='ocrx_word' id='word_1_682' title='bbox 2198 4705 2490 4783; x_wconf 69' lang='grc' dir='ltr'>εὓπρίπεια</span> <span class='ocrx_word' id='word_1_683' title='bbox 2521 4708 2575 4764; x_wconf 81' lang='grc' dir='ltr'>ἐν</span> <span class='ocrx_word' id='word_1_684' title='bbox 2603 4712 2673 4784; x_wconf 82' lang='grc' dir='ltr'>τῇ</span> <span class='ocrx_word' id='word_1_685' title='bbox 2703 4708 2864 4765; x_wconf 89' lang='grc' dir='ltr'>πόλει</span> <span class='ocrx_word' id='word_1_686' title='bbox 2914 4703 2975 4764; x_wconf 79' lang='grc' dir='ltr'>ἔκ</span> <span class='ocrx_word' id='word_1_687' title='bbox 3019 4730 3078 4764; x_wconf 89' lang='grc' dir='ltr'>τε</span> <span class='ocrx_word' id='word_1_688' title='bbox 3134 4714 3240 4765; x_wconf 84' lang='grc' dir='ltr'>τῶν</span> <span class='ocrx_word' id='word_1_689' title='bbox 3270 4714 3367 4764; x_wconf 75' lang='grc' dir='ltr'>τοῦ</span> <span class='ocrx_word' id='word_1_690' title='bbox 3400 4706 3680 4784; x_wconf 76' lang='grc' dir='ltr'>βασιλέως</span> <span class='ocrx_word' id='word_1_691' title='bbox 3700 4707 3860 4786; x_wconf 78' lang='grc' dir='ltr'>φιλο-</span> 
     </span>
    </p>
   </div>
   <div class='ocr_carea' id='block_1_103' title="bbox 2197 4795 3850 4872">
    <p class='ocr_par' dir='ltr' id='par_1_103' title="bbox 2197 4795 3850 4872">
     <span class='ocr_line' id='line_1_104' title="bbox 2197 4795 3850 4872; baseline -0.002 -18"><span class='ocrx_word' id='word_1_692' title='bbox 2197 4803 2424 4872; x_wconf 83' lang='grc' dir='ltr'>τιμιῶν,</span> <span class='ocrx_word' id='word_1_693' title='bbox 2485 4798 2577 4853; x_wconf 84' lang='grc' dir='ltr'>καὶ</span> <span class='ocrx_word' id='word_1_694' title='bbox 2633 4800 2706 4853; x_wconf 82' lang='grc' dir='ltr'>ὧν</span> <span class='ocrx_word' id='word_1_695' title='bbox 2758 4798 2808 4872; x_wconf 79' lang='grc' dir='ltr'>ἐξ</span> <span class='ocrx_word' id='word_1_696' title='bbox 2868 4796 3021 4854; x_wconf 84' lang='grc' dir='ltr'>ἰδίων</span> <span class='ocrx_word' id='word_1_697' title='bbox 3079 4799 3130 4854; x_wconf 74' lang='grc' dir='ltr'>οἱ</span> <span class='ocrx_word' id='word_1_698' title='bbox 3187 4796 3413 4854; x_wconf 88' lang='grc' dir='ltr'>πολῖται</span> <span class='ocrx_word' id='word_1_699' title='bbox 3461 4795 3850 4872; x_wconf 84' lang='grc' dir='ltr'>ᾠκοδόμησαν,</span> 
     </span>
    </p>
   </div>
   <div class='ocr_carea' id='block_1_104' title="bbox 2199 4884 3847 4960">
    <p class='ocr_par' dir='ltr' id='par_1_104' title="bbox 2199 4884 3847 4960">
     <span class='ocr_line' id='line_1_105' title="bbox 2199 4884 3847 4960; baseline -0.001 -18"><span class='ocrx_word' id='word_1_700' title='bbox 2199 4889 2374 4943; x_wconf 79' lang='grc' dir='ltr'>πάντα</span> <span class='ocrx_word' id='word_1_701' title='bbox 2403 4886 2717 4944; x_wconf 73' lang='grc' dir='ltr'>κατέπεσον.</span> <span class='ocrx_word' id='word_1_702' title='bbox 2761 4888 3052 4945; x_wconf 75' lang='grc' dir='ltr'>Ἀπέθανον</span> <span class='ocrx_word' id='word_1_703' title='bbox 3106 4884 3162 4942; x_wconf 74' lang='grc' dir='ltr'>δὲ</span> <span class='ocrx_word' id='word_1_704' title='bbox 3216 4885 3270 4941; x_wconf 82' lang='grc' dir='ltr'>ἐν</span> <span class='ocrx_word' id='word_1_705' title='bbox 3324 4891 3392 4960; x_wconf 79' lang='grc' dir='ltr'>τῇ</span> <span class='ocrx_word' id='word_1_706' title='bbox 3445 4887 3650 4942; x_wconf 86' lang='grc' dir='ltr'>πτώσει</span> <span class='ocrx_word' id='word_1_707' title='bbox 3678 4887 3847 4960; x_wconf 76' lang='grc' dir='ltr'>ταύτῃ</span> 
     </span>
    </p>
   </div>
   <div class='ocr_carea' id='block_1_105' title="bbox 2200 4975 3854 5058">
    <p class='ocr_par' dir='ltr' id='par_1_105' title="bbox 2200 4975 3854 5058">
     <span class='ocr_line' id='line_1_106' title="bbox 2200 4975 3854 5058; baseline -0.001 -25"><span class='ocrx_word' id='word_1_708' title='bbox 2200 4978 2290 5034; x_wconf 86' lang='grc' dir='ltr'>καὶ</span> <span class='ocrx_word' id='word_1_709' title='bbox 2349 4976 2601 5058; x_wconf 78' lang='grc' dir='ltr'>χιλιάδες</span> <span class='ocrx_word' id='word_1_710' title='bbox 2653 4979 2904 5054; x_wconf 73' lang='grc' dir='ltr'>τέσσαρες</span> <span class='ocrx_word' id='word_1_711' title='bbox 2964 4975 3120 5039; x_wconf 70' lang='grc' dir='ltr'>λαοῦ,</span> <span class='ocrx_word' id='word_1_712' title='bbox 3154 4977 3244 5033; x_wconf 78' lang='grc' dir='ltr'>καὶ</span> <span class='ocrx_word' id='word_1_713' title='bbox 3305 4984 3396 5033; x_wconf 87' lang='grc' dir='ltr'>ωο’</span> <span class='ocrx_word' id='word_1_714' title='bbox 3455 4975 3767 5054; x_wconf 78' lang='grc' dir='ltr'>ἄνδρες.οὶ</span> <span class='ocrx_word' id='word_1_715' title='bbox 3797 4975 3854 5032; x_wconf 77' lang='grc' dir='ltr'>δὲ</span> 
     </span>
    </p>
   </div>
   <div class='ocr_carea' id='block_1_106' title="bbox 1625 5097 2636 5154">
    <p class='ocr_par' dir='ltr' id='par_1_106' title="bbox 1625 5097 2636 5154">
     <span class='ocr_line' id='line_1_107' title="bbox 1625 5097 2636 5154; baseline 0.001 -1"><span class='ocrx_word' id='word_1_716' title='bbox 1625 5097 1990 5153; x_wconf 79' lang='lat' dir='ltr'>XYLANDRI</span> <span class='ocrx_word' id='word_1_717' title='bbox 2029 5099 2116 5152; x_wconf 88' lang='lat' dir='ltr'>ET</span> <span class='ocrx_word' id='word_1_718' title='bbox 2156 5099 2375 5154; x_wconf 83' lang='lat' dir='ltr'>GOARI</span> <span class='ocrx_word' id='word_1_719' title='bbox 2414 5099 2636 5154; x_wconf 73' lang='lat' dir='ltr'>NOT/E.</span> 
     </span>
    </p>
   </div>
   <div class='ocr_carea' id='block_1_107' title="bbox 497 5221 2086 5299">
    <p class='ocr_par' dir='ltr' id='par_1_107' title="bbox 497 5221 2086 5299">
     <span class='ocr_line' id='line_1_108' title="bbox 497 5221 2086 5299; baseline -0.003 -18"><span class='ocrx_word' id='word_1_720' title='bbox 497 5227 610 5299; x_wconf 77' lang='grc'>(24)</span> <span class='ocrx_word' id='word_1_721' title='bbox 653 5223 1033 5299; x_wconf 79' lang='grc' dir='ltr'>Ἐξοκιονιτῶν</span> <span class='ocrx_word' id='word_1_722' title='bbox 1095 5239 1224 5299; x_wconf 81' lang='lat' dir='ltr'>non</span> <span class='ocrx_word' id='word_1_723' title='bbox 1272 5239 1577 5294; x_wconf 85' lang='lat' dir='ltr'>assequor.</span> <span class='ocrx_word' id='word_1_724' title='bbox 1617 5221 1892 5299; x_wconf 90' lang='lat' dir='ltr'>_Conjicio</span> <span class='ocrx_word' id='word_1_725' title='bbox 1954 5239 2086 5299; x_wconf 83' lang='lat' dir='ltr'>eum</span> 
     </span>
    </p>
   </div>
   <div class='ocr_carea' id='block_1_108' title="bbox 426 5294 2083 5366">
    <p class='ocr_par' dir='ltr' id='par_1_108' title="bbox 426 5294 2083 5366">
     <span class='ocr_line' id='line_1_109' title="bbox 426 5294 2083 5366; baseline -0.004 -12"><span class='ocrx_word' id='word_1_726' title='bbox 426 5294 664 5355; x_wconf 53' lang='lat' dir='ltr'>Ar&#39;ianis</span> <span class='ocrx_word' id='word_1_727' title='bbox 718 5296 988 5353; x_wconf 87' lang='lat' dir='ltr'>fortassis</span> <span class='ocrx_word' id='word_1_728' title='bbox 1046 5296 1267 5366; x_wconf 86' lang='lat' dir='ltr'>templa</span> <span class='ocrx_word' id='word_1_729' title='bbox 1321 5301 1486 5350; x_wconf 81' lang='lat' dir='ltr'>extra</span> <span class='ocrx_word' id='word_1_730' title='bbox 1542 5294 1778 5366; x_wconf 15' lang='grc' dir='ltr'>ιιι-δοιῇ,</span> <span class='ocrx_word' id='word_1_731' title='bbox 1801 5299 1859 5348; x_wconf 88' lang='lat' dir='ltr'>et</span> <span class='ocrx_word' id='word_1_732' title='bbox 1915 5294 2083 5365; x_wconf 87' lang='lat' dir='ltr'>quasi</span> 
     </span>
    </p>
   </div>
   <div class='ocr_carea' id='block_1_109' title="bbox 425 5365 2084 5441">
    <p class='ocr_par' dir='ltr' id='par_1_109' title="bbox 425 5365 2084 5441">
     <span class='ocr_line' id='line_1_110' title="bbox 425 5365 2084 5441; baseline -0.004 -15"><span class='ocrx_word' id='word_1_733' title='bbox 425 5373 684 5441; x_wconf 85' lang='lat' dir='ltr'>privatos</span> <span class='ocrx_word' id='word_1_734' title='bbox 715 5376 1043 5441; x_wconf 89' lang='lat' dir='ltr'>conventus</span> <span class='ocrx_word' id='word_1_735' title='bbox 1091 5365 1456 5441; x_wconf 73' lang='lat' dir='ltr'>permisisse.</span> <span class='ocrx_word' id='word_1_736' title='bbox 1491 5366 1668 5441; x_wconf 61' lang='lat' dir='ltr'>sane</span> <span class='ocrx_word' id='word_1_737' title='bbox 1693 5365 1848 5441; x_wconf 82' lang='lat' dir='ltr'>infra</span> <span class='ocrx_word' id='word_1_738' title='bbox 1897 5366 1957 5420; x_wconf 93' lang='lat' dir='ltr'>in</span> <span class='ocrx_word' id='word_1_739' title='bbox 1989 5366 2084 5441; x_wconf 79' lang='lat' dir='ltr'>l_\&#39;i_-</span> 
     </span>
    </p>
   </div>
   <div class='ocr_carea' id='block_1_110' title="bbox 424 5437 2084 5512">
    <p class='ocr_par' dir='ltr' id='par_1_110' title="bbox 424 5437 2084 5512">
     <span class='ocr_line' id='line_1_111' title="bbox 424 5437 2084 5512; baseline -0.004 -16"><span class='ocrx_word' id='word_1_740' title='bbox 424 5437 684 5512; x_wconf 78' lang='lat' dir='ltr'>cephoro</span> <span class='ocrx_word' id='word_1_741' title='bbox 737 5440 1012 5496; x_wconf 86' lang='lat' dir='ltr'>Generali</span> <span class='ocrx_word' id='word_1_742' title='bbox 1063 5437 1288 5512; x_wconf 79' lang='lat' dir='ltr'>mentio</span> <span class='ocrx_word' id='word_1_743' title='bbox 1347 5438 1412 5512; x_wconf 82' lang='lat' dir='ltr'>ﬁt</span> <span class='ocrx_word' id='word_1_744' title='bbox 1453 5437 1772 5512; x_wconf 78' lang='lat' dir='ltr'>cujusdam</span> <span class='ocrx_word' id='word_1_745' title='bbox 1806 5437 2084 5512; x_wconf 80' lang='lat' dir='ltr'>improbit</span> 
     </span>
    </p>
   </div>
   <div class='ocr_carea' id='block_1_111' title="bbox 425 5509 2084 5582">
    <p class='ocr_par' dir='ltr' id='par_1_111' title="bbox 425 5509 2084 5582">
     <span class='ocr_line' id='line_1_112' title="bbox 425 5509 2084 5582; baseline -0.002 -16"><span class='ocrx_word' id='word_1_746' title='bbox 425 5509 688 5566; x_wconf 73' lang='lat' dir='ltr'>cremitm</span> <span class='ocrx_word' id='word_1_747' title='bbox 719 5513 961 5578; x_wconf 86' lang='lat' dir='ltr'>Nicolai,</span> <span class='ocrx_word' id='word_1_748' title='bbox 996 5511 1096 5581; x_wconf 89' lang='lat' dir='ltr'>qui</span> <span class='ocrx_word' id='word_1_749' title='bbox 1131 5512 1190 5564; x_wconf 91' lang='lat' dir='ltr'>in</span> <span class='ocrx_word' id='word_1_750' title='bbox 1222 5510 1504 5582; x_wconf 83' lang='lat' dir='ltr'>Exocinio</span> <span class='ocrx_word' id='word_1_751' title='bbox 1546 5509 1769 5582; x_wconf 83' lang='lat' dir='ltr'>degens</span> <span class='ocrx_word' id='word_1_752' title='bbox 1809 5509 2084 5582; x_wconf 84' lang='lat' dir='ltr'>impieta-</span> 
     </span>
    </p>
   </div>
   <div class='ocr_carea' id='block_1_112' title="bbox 427 5578 2081 5654">
    <p class='ocr_par' dir='ltr' id='par_1_112' title="bbox 427 5578 2081 5654">
     <span class='ocr_line' id='line_1_113' title="bbox 427 5578 2081 5654; baseline -0.001 -19"><span class='ocrx_word' id='word_1_753' title='bbox 427 5587 549 5636; x_wconf 89' lang='lat' dir='ltr'>tem</span> <span class='ocrx_word' id='word_1_754' title='bbox 582 5584 956 5652; x_wconf 88' lang='lat' dir='ltr'>imperatoris</span> <span class='ocrx_word' id='word_1_755' title='bbox 990 5578 1229 5654; x_wconf 78' lang='lat' dir='ltr'>juverit-</span> <span class='ocrx_word' id='word_1_756' title='bbox 1256 5580 1434 5654; x_wconf 53' lang='lat' dir='ltr'>{seu</span> <span class='ocrx_word' id='word_1_757' title='bbox 1470 5578 2081 5654; x_wconf 46' lang='lat' dir='ltr'>xzévco‘v,_oolumnam</span> 
     </span>
    </p>
   </div>
   <div class='ocr_carea' id='block_1_113' title="bbox 469 5651 2071 5722">
    <p class='ocr_par' dir='ltr' id='par_1_113' title="bbox 469 5651 2071 5722">
     <span class='ocr_line' id='line_1_114' title="bbox 469 5651 2071 5722; baseline -0.001 -13"><span class='ocrx_word' id='word_1_758' title='bbox 469 5671 562 5709; x_wconf 63' lang='lat' dir='ltr'>ua)</span> <span class='ocrx_word' id='word_1_759' title='bbox 596 5651 765 5708; x_wconf 80' lang='lat' dir='ltr'>extra</span> <span class='ocrx_word' id='word_1_760' title='bbox 789 5655 885 5722; x_wconf 90' lang='lat' dir='ltr'>sit,</span> <span class='ocrx_word' id='word_1_761' title='bbox 917 5651 1020 5709; x_wconf 78' lang='lat' dir='ltr'>aut</span> <span class='ocrx_word' id='word_1_762' title='bbox 1053 5652 1452 5721; x_wconf 87' lang='lat' dir='ltr'>columellam,</span> <span class='ocrx_word' id='word_1_763' title='bbox 1486 5651 1560 5707; x_wconf 88' lang='lat' dir='ltr'>ad</span> <span class='ocrx_word' id='word_1_764' title='bbox 1603 5651 1848 5706; x_wconf 88' lang='lat' dir='ltr'>verbum</span> <span class='ocrx_word' id='word_1_765' title='bbox 1880 5657 2071 5722; x_wconf 74' lang='lat' dir='ltr'>notat.</span> 
     </span>
    </p>
   </div>
   <div class='ocr_carea' id='block_1_114' title="bbox 481 5719 2081 5798">
    <p class='ocr_par' dir='ltr' id='par_1_114' title="bbox 481 5719 2081 5798">
     <span class='ocr_line' id='line_1_115' title="bbox 481 5719 2081 5798; baseline -0.001 -18"><span class='ocrx_word' id='word_1_766' title='bbox 481 5741 569 5781; x_wconf 75' lang='grc' dir='ltr'>η.</span> <span class='ocrx_word' id='word_1_767' title='bbox 601 5751 673 5766; x_wconf 88' lang='lat'><strong>--</strong></span> <span class='ocrx_word' id='word_1_768' title='bbox 719 5719 899 5782; x_wconf 82' lang='lat' dir='ltr'>Extra</span> <span class='ocrx_word' id='word_1_769' title='bbox 937 5724 1148 5784; x_wconf 88' lang='lat' dir='ltr'>urbem</span> <span class='ocrx_word' id='word_1_770' title='bbox 1193 5719 1446 5798; x_wconf 24' lang='lat' dir='ltr'>regiam‘</span> <span class='ocrx_word' id='word_1_771' title='bbox 1469 5723 1545 5782; x_wconf 85' lang='lat' dir='ltr'>ad</span> <span class='ocrx_word' id='word_1_772' title='bbox 1595 5723 1930 5782; x_wconf 86' lang='lat' dir='ltr'>colamnam</span> <span class='ocrx_word' id='word_1_773' title='bbox 1977 5719 2081 5794; x_wconf 79' lang='grc' dir='ltr'>ἔξω</span> 
     </span>
    </p>
   </div>
   <div class='ocr_carea' id='block_1_115' title="bbox 2195 5215 3848 5294">
    <p class='ocr_par' dir='ltr' id='par_1_115' title="bbox 2195 5215 3848 5294">
     <span class='ocr_line' id='line_1_116' title="bbox 2195 5215 3848 5294; baseline -0.003 -18"><span class='ocrx_word' id='word_1_774' title='bbox 2195 5219 2399 5276; x_wconf 88' lang='grc' dir='ltr'>κιόνιον</span> <span class='ocrx_word' id='word_1_775' title='bbox 2436 5222 2675 5291; x_wconf 83' lang='lat' dir='ltr'>dictam,</span> <span class='ocrx_word' id='word_1_776' title='bbox 2739 5240 2774 5279; x_wconf 91' lang='lat' dir='ltr'>a</span> <span class='ocrx_word' id='word_1_777' title='bbox 2827 5239 2943 5294; x_wconf 89' lang='lat' dir='ltr'>qua</span> <span class='ocrx_word' id='word_1_778' title='bbox 3000 5223 3177 5278; x_wconf 82' lang='lat' dir='ltr'>vicini</span> <span class='ocrx_word' id='word_1_779' title='bbox 3245 5220 3600 5291; x_wconf 81' lang='grc' dir='ltr'>ἐξωκιονιται,</span> <span class='ocrx_word' id='word_1_780' title='bbox 3652 5215 3848 5276; x_wconf 86' lang='lat' dir='ltr'>Ariani</span> 
     </span>
    </p>
   </div>
   <div class='ocr_carea' id='block_1_116' title="bbox 2197 5294 3848 5368">
    <p class='ocr_par' dir='ltr' id='par_1_116' title="bbox 2197 5294 3848 5368">
     <span class='ocr_line' id='line_1_117' title="bbox 2197 5294 3848 5368; baseline -0.004 -18"><span class='ocrx_word' id='word_1_781' title='bbox 2197 5296 2512 5368; x_wconf 88' lang='lat' dir='ltr'>ecclesiam</span> <span class='ocrx_word' id='word_1_782' title='bbox 2561 5297 2818 5350; x_wconf 90' lang='lat' dir='ltr'>retinere</span> <span class='ocrx_word' id='word_1_783' title='bbox 2867 5296 3141 5366; x_wconf 89' lang='lat' dir='ltr'>permissi</span> <span class='ocrx_word' id='word_1_784' title='bbox 3190 5297 3598 5352; x_wconf 87' lang='lat' dir='ltr'>morabantur.</span> <span class='ocrx_word' id='word_1_785' title='bbox 3630 5294 3848 5368; x_wconf 83' lang='lat' dir='ltr'>Auctor</span> 
     </span>
    </p>
   </div>
   <div class='ocr_carea' id='block_1_117' title="bbox 2196 5367 2806 5438">
    <p class='ocr_par' dir='ltr' id='par_1_117' title="bbox 2196 5367 2806 5438">
     <span class='ocr_line' id='line_1_118' title="bbox 2196 5367 2806 5438; baseline 0.002 -18"><span class='ocrx_word' id='word_1_786' title='bbox 2196 5367 2351 5422; x_wconf 89' lang='lat' dir='ltr'>infra</span> <span class='ocrx_word' id='word_1_787' title='bbox 2383 5385 2440 5438; x_wconf 91' lang='lat' dir='ltr'>p.</span> <span class='ocrx_word' id='word_1_788' title='bbox 2474 5371 2597 5421; x_wconf 73' lang='grc'>552.</span> <span class='ocrx_word' id='word_1_789' title='bbox 2631 5369 2806 5422; x_wconf 70' lang='grc' dir='ltr'>(ΞοΑιι.</span> 
     </span>
    </p>
   </div>
   <div class='ocr_carea' id='block_1_118' title="bbox 2265 5434 3852 5508">
    <p class='ocr_par' dir='ltr' id='par_1_118' title="bbox 2265 5434 3852 5508">
     <span class='ocr_line' id='line_1_119' title="bbox 2265 5434 3852 5508; baseline -0.003 -16"><span class='ocrx_word' id='word_1_790' title='bbox 2265 5434 2629 5508; x_wconf 68' lang='grc' dir='ltr'>(ἓὸΠιληροῖ</span> <span class='ocrx_word' id='word_1_791' title='bbox 2676 5469 2746 5479; x_wconf 86' lang='grc'>--</span> <span class='ocrx_word' id='word_1_792' title='bbox 2796 5435 3062 5505; x_wconf 81' lang='grc' dir='ltr'>ἐποίησε.·</span> <span class='ocrx_word' id='word_1_793' title='bbox 3105 5438 3346 5494; x_wconf 84' lang='lat' dir='ltr'>Veritati</span> <span class='ocrx_word' id='word_1_794' title='bbox 3393 5443 3583 5494; x_wconf 85' lang='lat' dir='ltr'>textus</span> <span class='ocrx_word' id='word_1_795' title='bbox 3618 5434 3852 5508; x_wconf 67' lang='lat' dir='ltr'>ﬁdelior</span> 
     </span>
    </p>
   </div>
   <div class='ocr_carea' id='block_1_119' title="bbox 2193 5505 3852 5580">
    <p class='ocr_par' dir='ltr' id='par_1_119' title="bbox 2193 5505 3852 5580">
     <span class='ocr_line' id='line_1_120' title="bbox 2193 5505 3852 5580; baseline -0.002 -17"><span class='ocrx_word' id='word_1_796' title='bbox 2193 5510 2320 5564; x_wconf 68' lang='lat' dir='ltr'>haec</span> <span class='ocrx_word' id='word_1_797' title='bbox 2352 5505 2862 5580; x_wconf 82' lang='lat' dir='ltr'>versio_quadrat.,</span> <span class='ocrx_word' id='word_1_798' title='bbox 2893 5511 3141 5565; x_wconf 81' lang='lat' dir='ltr'>Absolvit.</span> <span class='ocrx_word' id='word_1_799' title='bbox 3158 5513 3326 5566; x_wconf 79' lang='lat' dir='ltr'>etiam</span> <span class='ocrx_word' id='word_1_800' title='bbox 3347 5528 3533 5566; x_wconf 85' lang='lat' dir='ltr'>aream</span> <span class='ocrx_word' id='word_1_801' title='bbox 3563 5511 3728 5578; x_wconf 58' lang='lat' dir='ltr'>regia</span> <span class='ocrx_word' id='word_1_802' title='bbox 3749 5505 3852 5562; x_wconf 78' lang='lat' dir='ltr'>Illi</span> 
     </span>
    </p>
   </div>
   <div class='ocr_carea' id='block_1_120' title="bbox 2193 5579 3854 5652">
    <p class='ocr_par' dir='ltr' id='par_1_120' title="bbox 2193 5579 3854 5652">
     <span class='ocr_line' id='line_1_121' title="bbox 2193 5579 3854 5652; baseline -0.002 -16"><span class='ocrx_word' id='word_1_803' title='bbox 2193 5585 2440 5636; x_wconf 69' lang='lat' dir='ltr'>cisternae</span> <span class='ocrx_word' id='word_1_804' title='bbox 2468 5579 2804 5652; x_wconf 60' lang='lat' dir='ltr'>(supernam)</span> <span class='ocrx_word' id='word_1_805' title='bbox 2835 5599 3065 5652; x_wconf 82' lang='lat' dir='ltr'>eamque</span> <span class='ocrx_word' id='word_1_806' title='bbox 3107 5583 3377 5652; x_wconf 80' lang='lat' dir='ltr'>majorem</span> <span class='ocrx_word' id='word_1_807' title='bbox 3401 5581 3676 5637; x_wconf 76' lang='lat' dir='ltr'>reddidit.</span> <span class='ocrx_word' id='word_1_808' title='bbox 3703 5579 3854 5637; x_wconf 84' lang='lat' dir='ltr'>Vixit</span> 
     </span>
    </p>
   </div>
   <div class='ocr_carea' id='block_1_121' title="bbox 2185 5652 3848 5782">
    <p class='ocr_par' dir='ltr' id='par_1_121' title="bbox 2185 5652 3848 5782">
     <span class='ocr_line' id='line_1_122' title="bbox 2185 5652 3848 5782; baseline 0 -75"><span class='ocrx_word' id='word_1_809' title='bbox 2185 5659 2390 5782; x_wconf 53' lang='lat' dir='ltr'>autem</span> <span class='ocrx_word' id='word_1_810' title='bbox 2416 5652 2559 5722; x_wconf 71' lang='lat' dir='ltr'>llius</span> <span class='ocrx_word' id='word_1_811' title='bbox 2584 5652 2690 5710; x_wconf 84' lang='lat' dir='ltr'>sub</span> <span class='ocrx_word' id='word_1_812' title='bbox 2713 5654 2906 5728; x_wconf 80' lang='lat' dir='ltr'>Leone</span> <span class='ocrx_word' id='word_1_813' title='bbox 2928 5660 2988 5709; x_wconf 87' lang='lat' dir='ltr'>et</span> <span class='ocrx_word' id='word_1_814' title='bbox 3012 5656 3244 5736; x_wconf 86' lang='lat' dir='ltr'>Zenone</span> <span class='ocrx_word' id='word_1_815' title='bbox 3267 5655 3550 5726; x_wconf 87' lang='lat' dir='ltr'>magister</span> <span class='ocrx_word' id='word_1_816' title='bbox 3567 5652 3848 5709; x_wconf 86' lang='lat' dir='ltr'>militum.</span> 
     </span>
     <span class='ocr_line' id='line_1_123' title="bbox 2241 5740 2372 5781; baseline 0.008 -1"><span class='ocrx_word' id='word_1_817' title='bbox 2241 5740 2372 5781; x_wconf 67' lang='lat' dir='ltr'>on.</span> 
     </span>
    </p>
   </div>
   <div class='ocr_carea' id='block_1_122' title="bbox 2241 5740 2372 5781">
    <p class='ocr_par' dir='ltr' id='par_1_122' title="bbox 2241 5740 2372 5781">
     <span class='ocr_line' id='line_1_124' title="bbox 2241 5740 2372 5781; baseline 0.008 -1"><span class='ocrx_word' id='word_1_818' title='bbox 2241 5740 2372 5781; x_wconf 63' lang='lat' dir='ltr'>0A3.</span> 
     </span>
    </p>
   </div>
  </div>
