4120 6454
394 423 515 486 ’107

1785 422 2108 486 GEORGII
2153 423 2301 487 CED
2309 424 2490 487 RENI

3701 428 3827 496 708

396 554 1130 629 cogitabundus,manibus
1144 554 1430 610 consertis
1443 553 1599 609 infra
1610 558 1838 626 pectus,
1863 553 2026 611 barba

2164 573 2277 630 ρος,
2310 556 2501 618 ὁποῖος
2541 557 2627 624 ἦν,
2660 555 2904 630 συνάγων
2938 554 3029 611 οόν
3060 559 3206 627 νοῦν,
3234 554 3313 612 τὼ
3358 562 3514 632 χεῖρε
3563 559 3823 632 συζεύξας

398 647 528 702 sine
561 645 726 701 cultu
758 645 1057 701 demissa:
1093 644 1287 716 capilli
1319 644 1530 715 capitis
1553 644 1958 715 aequales,rari
1982 644 2055 700 ab

399 742 654 806 utraque
676 735 976 806 sincipitis
997 739 1184 805 parte,
1199 733 1381 787 facies
1402 749 1524 804 prae
1544 733 1711 787 senio
1727 732 1957 789 hirsuta
1987 751 2054 791 ac

401 827 559 882 curis
591 825 661 881 de
688 826 981 891 universo,
1015 840 1194 878 nasus
1215 822 1290 878 ad
1308 822 1569 894 reliquas
1590 828 1790 894 partes
1814 840 2055 896 propor-

400 919 563 973 tione
595 917 831 987 aequali,
866 915 1019 971 oculi
1045 915 1346 987 palpebris
1364 915 1551 981 afﬁxi,
1581 915 1663 971 ita
1682 920 1749 970 ut
1778 917 1917 971 caeci
1938 916 2053 971 for-

393 1023 554 1062 mam
585 1023 708 1077 prae
733 1021 795 1059 se
822 1005 1065 1072 ferrent,
1097 1004 1337 1075 qualem
1361 1021 1496 1060 eum
1522 1004 1706 1060 fuisse
1732 1005 1891 1061 fama
1914 1006 2049 1063 fert.

395 1097 582 1167 Supra
624 1095 885 1150 tunicam
917 1094 1161 1166 palliolo
1193 1098 1321 1150 erat
1350 1094 1623 1164 amictus,
1657 1099 1717 1150 et
1756 1095 1831 1150 ad
1879 1095 2049 1152 basin

393 1184 548 1243 infra
569 1183 753 1256 pedes
784 1184 913 1256 ejus
944 1183 1140 1239 lorum
1173 1183 1472 1255 quoddam
1496 1200 1729 1240 laneum
1753 1188 1881 1241 erat
1909 1186 2050 1241 sub-

381 1273 608 1346 jectum
622 1275 1011 1344 .Erantporro
1029 1289 1208 1327 aeneae
1223 1272 1516 1329 columnas
1534 1273 1802 1329 omnium
1819 1275 2050 1346 sapien-

390 1362 494 1427 tia,
527 1362 714 1433 poesi,
751 1367 877 1417 arte
919 1361 1179 1427 dicendi,
1241 1378 1308 1417 ac
1355 1361 1704 1417 fortitudine
1751 1363 2046 1419 clarorum

385 1451 670 1508 virorum.
705 1451 851 1506 Cum
883 1451 977 1506 his
1007 1450 1187 1523 periit
1215 1451 1393 1507 etiam
1417 1451 1630 1507 domus
1651 1452 2047 1522 quaalumina-

385 1541 544 1597 rium
563 1546 995 1596 nocturnorum
1019 1540 1253 1607 dicitur,
1286 1545 1489 1611 utpote
1507 1540 1802 1613 fastigium
1819 1541 2043 1598 habens

377 1631 685 1705 ligneum;
719 1631 779 1686 in
812 1648 928 1702 quo
962 1647 1105 1702 opes
1137 1635 1307 1685 erant
1338 1647 1545 1685 eorum
1586 1632 1685 1701 qui
1714 1631 2041 1688 sericorum

377 1720 898 1794 pretiosorumque
924 1723 982 1774 et
1011 1736 1155 1776 auro
1174 1720 1531 1775 intextorum
1553 1721 2038 1777 vestimentorum

380 1810 738 1866 exercebant
750 1809 1440 1881 mercaturam.Denique
1465 1810 1660 1865 omnis
1677 1809 1841 1865 urbis
1859 1810 2040 1867 decor

384 1900 486 1970 qui
518 1899 809 1971 superiori
844 1898 1123 1954 incendio
1155 1899 1551 1971 superfuerat,
1594 1905 1734 1954 tunc
1786 1899 2035 1956 interiit.

379 1987 602 2044 Eodem
619 2005 776 2044 anno
811 2004 1062 2061 magnus
1091 1987 1205 2043 fuit
1234 1987 1544 2043 stellarum
1577 1987 1901 2057 discursus,
1951 1991 2035 2045 ita

378 2083 447 2134 ut
485 2094 695 2134 omnes
726 2082 1210 2149 perterrerentur
1239 2092 1306 2131 ac
1337 2077 1639 2133 dicerent:
1672 2078 1820 2134 Ecce
1851 2078 2033 2134 stella;

374 2169 632 2225 cadunt:
663 2168 966 2223 nescimus
997 2167 1142 2238 quid
1175 2166 1253 2221 sit
1280 2167 1568 2223 futurum.

2066 1945 2116 2010 B

2170 644 2271 699 ὑπὸ
2300 646 2368 699 τὰ
2399 646 2609 718 στέρνα,
2665 645 2761 701 Καὶ
2820 646 3025 720 πώγων
3093 644 3260 700 α’ῗιτοῦ
3317 644 3508 710 ἁπλῶς
3574 650 3816 723 καθεῖτο,

2165 734 2282 809 θρίξ
2314 755 2372 789 τε
2403 733 2491 788 ἐπὶ
2521 740 2621 804 τῆς
2676 732 2923 812 κεφαλῆς
2967 732 3136 807 ὁμοία
3194 732 3248 790 ἐν
3314 740 3428 797 τοῖς
3488 737 3819 811 ἑκατέρωθεν

2160 830 2259 880 τοῦ
2321 825 2629 901 βρέγματος
2714 824 3077 901 ἀραιουμένη,
3166 828 3560 905 τετριχωμένῳ
3626 825 3684 883 δὲ
3734 836 3819 904 τῷ

2160 917 2448 990 προσώπῳ
2485 916 2686 990 γήρατι
2723 914 2814 970 καὶ
2844 920 2962 977 ταῖς
2998 915 3130 989 ὑπὲρ
3179 919 3276 970 τοῦ
3317 917 3513 979 παντὸς
3567 919 3816 995 φροντίσι

2162 1003 2244 1078 ῥὶς
2287 1002 2381 1077 μὲν
2439 1003 2781 1077 ἦννμετρίως
2839 997 3045 1083 ἔχουσα
3109 1003 3246 1077 πρὸς
3306 1005 3531 1074 ἅπαντα,
3591 1006 3817 1080 ὄμματα

2161 1093 2217 1150 δὲ
2244 1095 2566 1168 συνημμένα
2596 1098 2714 1149 τοῖν
2744 1091 3068 1168 βλεφάροιν,
3126 1093 3243 1149 οἷον
3295 1095 3382 1149 καὶ
3417 1095 3445 1149 6
3473 1094 3595 1170 περῖ
3646 1096 3815 1152 αὐτοῦ

2159 1183 2328 1258 λόγος
2384 1181 2523 1260 ἔχει,
2585 1181 2789 1262 τυφλὸν
2843 1180 3194 1259 ἐμφαίναντα.
3241 1178 3603 1254 Ἀνεὸἐϐλητο
3634 1182 3691 1241 δέ
3721 1186 3815 1243 καὶ

2156 1266 2447 1348 τριϐώνιον
2488 1269 2577 1326 ἐπὶ
2636 1274 2856 1350 χιτῶνι,
2910 1270 3001 1325 καὶ
3032 1273 3117 1346 [Ρ.
3151 1274 3277 1345 370]
3336 1272 3460 1327 ὅσον
3516 1273 3594 1336 εἷς
3649 1275 3812 1350 βάσιν

2155 1363 2285 1435 ἱμάς
2316 1383 2400 1422 τις
2444 1358 2691 1436 ’χαλκοῦς
2743 1363 2858 1422 τοῖς
2913 1360 3071 1414 ποσὶν
3139 1360 3408 1416 ὑπέκειτο·
3480 1362 3691 1433 Στῆλαι
3755 1361 3815 1420 δὲ

2152 1452 2288 1521 ἦσαν
2332 1451 2392 1505 ἐκ
2442 1448 2657 1526 χαλκοῦ
2723 1451 3091 1523 πεποιημέναι
3144 1455 3252 1506 τῶν
3309 1455 3491 1532 σοφῶν
3557 1452 3812 1510 ἀπάντων

2150 1545 2258 1597 τῶν
2294 1537 2522 1615 ὑψηλῶν
2556 1538 2644 1594 καὶ
2676 1543 2922 1610 ποιητῶν
2950 1538 3041 1595 καὶ
3092 1536 3368 1617 ῥητόρων,
3422 1540 3511 1597 καὶ
3556 1541 3673 1598 ὅσοι
3722 1541 3812 1599 ἐπ’

2150 1628 2338 1705 ἀνδρίᾳ
2365 1628 2612 1704 ἐγένοντο
2644 1623 2955 1700 διαϐόητοι.
2997 1630 3202 1709 ’ῼχετο
3231 1629 3409 1686 τοίνυν
3470 1629 3564 1686 σὺν
3589 1633 3814 1697 τούτοις

2148 1719 2238 1775 καὶ
2272 1720 2299 1774 ὁ
2335 1719 2395 1774 ἐκ
2422 1723 2532 1774 τῶν
2564 1718 2760 1797 φώτων
2789 1722 2897 1773 τῶν
2936 1719 3072 1773 κατά
3127 1719 3224 1781 τὰς
3269 1719 3495 1795 ἱσπὲρας
3543 1719 3810 1795 λαμπτή-

2148 1827 2257 1877 ρων
2291 1804 2725 1879 ἐπικαλούμενος
2757 1805 2930 1877 οἶκος,
2979 1800 3071 1861 ἅτε
3113 1806 3205 1862 τὸν
3250 1805 3448 1886 ὄροφον
3504 1809 3590 1863 καὶ
3640 1808 3811 1872 αὐτὸς

2148 1896 2206 1952 ἐκ
2236 1894 2412 1967 ξύλων
2446 1891 2612 1975 ἔχων,
2646 1895 2698 1950 ἐν
2733 1895 2778 1968 ᾧ
2809 1897 2864 1951 αἱ
2911 1896 3215 1971 περιουσίαι
3262 1901 3372 1951 τῶν
3421 1897 3807 1972 ἐμπορευομέ-

2143 2007 2252 2040 νων
2282 1983 2347 2038 τά
2375 2005 2435 2039 τε
2456 1984 2656 2057 σηρικᾶ
2684 1984 2774 2038 καὶ
2806 1982 3085 2054 πολυτελῆ
3117 1984 3206 2040 καὶ
3268 1987 3640 2061 χρυσόπαστα.
3692 1987 3804 2044 Καὶ

2144 2079 2250 2130 πᾶυ
2279 2074 2341 2129 τὸ
2380 2072 2589 2137 κάλλος
2645 2080 2746 2143 τῆς
2801 2073 3038 2141 πόλεως,
3096 2075 3226 2147 ὅπερ
3284 2075 3388 2130 ὑπὸ
3442 2081 3540 2131 τοῦ
3598 2077 3801 2151 πρώην

2149 2162 2397 2242 μεγάλου
2430 2162 2764 2241 ἐμπρησμοῦ
2792 2162 3145 2243 κατελείφθη,
3180 2162 3451 2221 ἀπώλετο.
3501 2168 3594 2238 Τῷ
3643 2168 3803 2242 αὐτῷ

370 2251 478 2313 ἔτει
536 2256 760 2333 γὲγονεν
819 2255 1056 2330 ἀστέρων
1112 2251 1318 2328 δρόμος
1372 2252 1571 2327 πολὺς,
1628 2253 1766 2310 ὥστε
1822 2252 2025 2316 πάντας
2083 2250 2481 2324 ἐκπλήττεσθαι
2556 2253 2647 2309 καὶ
2708 2250 2884 2329 λέγειν
2946 2253 3054 2325 ὅτι,
3113 2251 3257 2311 Ἰδοὺ
3311 2256 3362 2310 οἱ
3419 2252 3644 2331 ἀστέρες
3706 2258 3801 2313 πί-

373 2364 593 2401 πτουσι·
624 2346 678 2400 τί
718 2342 821 2417 ἄρα
850 2341 997 2398 ἔσται
1029 2344 1129 2398 οὐκ
1159 2340 1412 2417 οἴδαμεν.

447 2437 600 2493 649
632 2435 817 2491 Annis
849 2438 879 2490 6
912 2440 970 2491 et
998 2439 1029 2490 7
1061 2434 1383 2491 Belisarius
1438 2435 1663 2491 bellum
1723 2436 1784 2492 in
1832 2434 2031 2493 Africa

377 2526 576 2599 gessit,
603 2525 762 2596 quod
786 2524 1107 2596 Procopius
1124 2525 1504 2580 Cmsariensis
1527 2530 1658 2581 octo
1689 2525 1857 2580 libris
1886 2541 2030 2581 con-

376 2615 633 2687 scripsit.
661 2613 903 2687 Subegit
924 2614 1337 2686 Carthaginem
1359 2619 1417 2669 et
1434 2614 1583 2670 alios
1607 2614 1825 2671 multos
1845 2632 2026 2687 popu-

370 2704 465 2760 los
493 2721 509 2775 ;
543 2704 1037 2775 Gilimerumque,
1072 2721 1207 2759 cum
1239 2704 1289 2759 is
1321 2704 1381 2759 in
1412 2710 1676 2760 montem
1736 2705 2026 2760 Numidim

364 2795 672 2867 Pappuam
703 2793 1090 2866 confugisset,
1118 2793 1427 2852 obsidione
1460 2794 1866 2864 circumvenit,
1892 2795 2025 2850 reli-

366 2889 580 2955 ctoque
611 2882 688 2939 ad
717 2900 845 2938 eam
882 2883 1092 2950 Phara,
1121 2882 1333 2954 Cpolin
1363 2882 1560 2938 rediit.
1596 2882 1856 2949 Gilimer,
1888 2900 2023 2939 cum

367 2972 432 3028 in
453 2971 726 3027 hibernis
755 2971 1093 3028 miserrime
1114 2971 1353 3035 viveret.
1386 2988 1419 3027 α
1449 2972 1640 3028 Phara
1669 2988 1774 3044 per
1794 2972 2024 3028 litteras

369 3060 520 3133 petit
548 3066 614 3116 ut
643 3060 754 3115 sibi
786 3060 983 3115 mittat
1011 3076 1250 3131 panem,
1285 3061 1593 3133 spongiam
1626 3066 1683 3117 et
1712 3061 2021 3122 citharam.

367 3152 515 3206 Nam
545 3150 704 3223 apud
733 3151 1062 3205 Maurusios
1092 3166 1288 3222 neque
1320 3150 1520 3205 vinum
1579 3167 1772 3222 neque
1823 3151 2023 3207 oleum

364 3256 560 3312 neque
590 3239 957 3296 frumentum
979 3238 1194 3295 colitur
1220 3257 1233 3294 :
1260 3239 1552 3295 hordeum
1574 3244 1804 3295 tantum
1828 3244 1887 3295 et
1904 3240 2022 3312 oly-

362 3346 462 3385 ras
494 3329 651 3384 elixa
678 3329 870 3385 instar
891 3345 1171 3400 pecorum
1199 3328 1404 3384 edunt.
1439 3330 1638 3384 Pharia
1659 3329 1856 3384 animo
1879 3346 2019 3401 pen-

364 3418 918 3488 dente,tabellarius
932 3418 1195 3473 ostendit
1211 3418 1559 3473 Gilimerum
1575 3434 1790 3489 cupere
1801 3434 2019 3489 panem

363 3507 564 3563 videre
591 3524 659 3563 ac
688 3512 947 3580 gustare,
982 3507 1230 3578 spongia
1262 3513 1461 3562 autem
1492 3506 1566 3561 ad
1597 3505 2020 3579 abstergendas

363 3598 454 3654 uti
482 3597 783 3665 lacrimas,
816 3596 1106 3653 citharam
1138 3597 1445 3667 requirere
1493 3596 1567 3652 ad
1613 3597 2018 3654 decantandas

364 3702 505 3745 suas
536 3686 831 3743 miserias.
867 3687 1002 3741 Haec
1033 3702 1168 3740 cum
1200 3685 1518 3741 audivisset
1567 3687 1810 3757 Pharas,
1859 3689 2018 3761 gravi

366 3776 572 3832 dolore
603 3779 799 3830 motus
830 3791 897 3829 ac
927 3775 1206 3829 humana}
1223 3775 1476 3830 fortunae
1499 3774 1755 3831 ludibria
1776 3776 2022 3833 subsan-

361 3882 534 3930 nans,
569 3863 773 3920 omnia
799 3864 905 3919 illa
935 3865 989 3919 ei
1021 3864 1205 3922 misit.
1238 3866 1464 3920 Rursus
1496 3865 1820 3937 imperator
1866 3867 2016 3922 Beli-

359 3956 585 4012 sarium
610 3954 817 4010 ducem
846 3954 1029 4009 mittit
1050 3970 1185 4009 cum
1209 3954 1470 4010 exercitu
1496 3954 1720 4028 ingenti
1744 3961 1799 4011 et
1827 3957 2016 4014 classe

360 4061 576 4119 magna
608 4049 665 4099 et
695 4044 822 4099 auri
848 4044 899 4098 vi
929 4043 1004 4099 ad
1024 4042 1445 4099 debellandum
1470 4044 1764 4101 Vandalos
1787 4047 2016 4102 etsubi-

357 4134 616 4209 gendam
647 4134 928 4190 Africam.
973 4132 1146 4203 Isque
1206 4132 1551 4201 calliditate,
1599 4134 1918 4205 prudentia
1959 4142 2020 4193 et

357 4223 711 4281 fortitudine
743 4222 1046 4295 praeclaris
1069 4221 1500 4292 usus,Africam
1525 4223 2020 4297 subegit,Gilime~

357 4329 613 4384 rumque
645 4311 706 4367 in
735 4316 1089 4383 potestatem
1116 4327 1282 4366 suam
1306 4310 1613 4368 redactum
1637 4329 1772 4369 cum
1786 4314 2018 4388 magnis

361 4402 572 4474 opibus
602 4400 809 4473 Cpolin
841 4399 1108 4456 abduxit.
1163 4400 1568 4472 Triumphavit
1618 4402 1681 4456 in
1735 4403 1923 4472 Circo,
1960 4409 2019 4458 et

358 4490 738 4548 consulatum
772 4490 953 4562 gessit
984 4489 1046 4543 in
1077 4489 1243 4545 urbe.
1286 4489 1445 4545 Adeo
1490 4495 1690 4545 autem
1737 4497 2016 4564 acceptus

360 4581 477 4636 fuit
501 4579 863 4647 Justiniano,
897 4583 963 4633 ut
993 4579 1043 4633 is
1086 4595 1366 4650 percusso
1421 4596 1667 4635 nummo
1714 4580 1776 4636 in
1832 4581 2019 4638 altera

2211 2437 2301 2504 Τῷ
2335 2435 2375 2502 ζ“
2429 2434 2519 2488 καὶ
2574 2435 2614 2503 ζ’
2654 2432 2758 2489 ἔτει
2814 2435 2882 2490 τὰ
2945 2438 3047 2488 τοῦ
3103 2432 3427 2508 Βελισαρίου
3483 2437 3793 2511 στρατήγή-

2141 2543 2285 2597 ματα
2315 2523 2451 2578 κατά
2482 2518 2687 2593 Λιϐύην
2722 2522 2987 2598 ἐγένοντο,
3046 2524 3201 2578 ἅτινα
3256 2523 3566 2599 Προκόπιος
3596 2526 3623 2580 ὁ
3660 2528 3794 2583 Και-

2138 2611 2327 2689 σαρεὺς
2358 2613 2412 2668 ἐν
2443 2619 2494 2685 η’
2526 2608 2772 2689 βιϐλίοις
2815 2612 3209 2688 συνεγράῴατο.
3263 2614 3438 2678 Οὗτος
3486 2615 3586 2685 τήν
3638 2619 3794 2692 Καρ-

2135 2700 2351 2780 χηδόνα
2377 2705 2654 2779 κρατήσας
2684 2704 2774 2758 καὶ
2808 2699 2953 2759 ἄλλα
2975 2699 3099 2774 ἔθνη
3133 2701 3342 2771 πολλὰ,
3380 2703 3474 2759 τὸν
3517 2701 3573 2760 δέ
3630 2704 3793 2762 Γιλί-

2138 2812 2278 2867 μερα
2307 2791 2544 2872 φυγόντα
2584 2791 2660 2852 είς
2713 2788 3015 2864 Νουμιδίας
3061 2791 3124 2846 τὸ
3165 2791 3291 2866 δρος
3340 2789 3639 2846 Παππούαν
3688 2812 3792 2847 πε-

2137 2880 2483 2958 ριεστοίχισε.
2519 2879 2844 2936 Καταλιπών
2872 2900 2931 2934 τε
2958 2880 3050 2934 τὸν
3085 2880 3266 2955 Φαρᾶν
3327 2879 3403 2941 εἷς
3456 2878 3785 2956 πολιορκίαν

2134 2971 2342 3026 ἐκείνου
2371 2969 2616 3040 είσῆλςεν
2667 2967 2718 3025 ἐν
2779 2968 3371 3035 Σωνσταντινουπόλει.
3419 2969 3481 3027 Ὁ
3521 2967 3579 3025 δὶ
3628 2968 3787 3026 Γιλί-

2136 3080 2236 3136 μερ
2268 3057 2519 3122 ἐλεεινῶς
2550 3057 2957 3134 χειμαζόμενος
2997 3061 3190 3136 γράφει
3239 3062 3318 3130 τῷ
3357 3060 3565 3134 Φαράν,
3619 3059 3781 3131 ἀξιῶν

2131 3147 2445 3228 πεμφθῆναί
2475 3148 2526 3202 οἱ
2559 3145 2719 3221 ἄρτον
2779 3146 2868 3202 καὶ
2923 3145 3159 3223 σπόγγον
3209 3146 3299 3201 καὶ
3352 3147 3600 3221 κιθάραν⁶
3653 3149 3778 3225 μαρ’

2131 3233 2359 3299 ἐκείνοις
2390 3236 2493 3312 γὰρ
2519 3240 2639 3297 τοῖς
2669 3235 3033 3312 Μαυρουσίοις
3064 3232 3188 3291 οῦτε
3219 3236 3364 3300 οἶνος
3414 3233 3541 3291 οὔτε
3587 3231 3776 3293 ἔλαιον

2132 3323 2259 3381 οὔτε
2288 3331 2436 3387 σῖτος
2483 3330 2831 3401 γεωργεῖται,
2891 3325 3037 3381 ἀλλά
3087 3324 3274 3399 κριθάς
3318 3326 3409 3380 καὶ
3453 3325 3654 3400 ὀλύρας
3699 3327 3776 3388 ὡς

2126 3412 2307 3488 ἄλογα
2358 3418 2469 3486 ζῷα
2514 3413 2647 3489 ἑφθὰ
2696 3412 3007 3483 σιτίζονται.
3041 3412 3103 3468 '0
3162 3410 3218 3468 δὲ
3277 3414 3462 3489 Φαρὰς
3520 3412 3772 3487 διηπόρει

2124 3501 2508 3577 περὶτούτων,
2559 3498 2664 3564 ἕως
2696 3501 2724 3556 6
2753 3501 2852 3571 τὴν
2900 3497 3198 3570 ἐπιστολὴν
3245 3504 3478 3576 κομίσας
3526 3498 3625 3583 ἔφη
3686 3502 3772 3557 ὃτι

2126 3587 2290 3665 ἄρτον
2326 3591 2419 3663 μὲν
2450 3589 2703 3664 ἐπιθυμεῖ
2731 3589 3024 3665 γεύσασθαι
3053 3589 3141 3645 καί
3178 3587 3335 3660 ἰδεῖν,
3386 3592 3478 3646 τὸν
3536 3590 3772 3666 σπόγγον

2127 3679 2185 3736 δὲ
2216 3679 2305 3737 διὰ
2330 3681 2394 3737 τὸ
2441 3682 2510 3737 τά
2559 3678 2766 3757 δάκργα
2819 3680 3245 3755 ἀπομάττεσθαι,
3291 3682 3389 3750 τὴν
3430 3679 3487 3737 δὲ
3528 3681 3772 3759 κιθάραν,

2125 3770 2276 3835 ὅπως
2303 3770 2397 3832 τὰς
2423 3771 2704 3848 συμφορὰς
2749 3768 2920 3825 αὐτοῦ
2977 3767 3374 3847 ἐκτραγῳδοίη.
3434 3772 3619 3828 Ταῦτα
3658 3778 3773 3827 Φα-

2127 3861 2222 3935 ράς
2278 3860 2533 3927 ἀκούσας,
2592 3859 2968 3936 περιαλγήσας
3025 3881 3085 3916 τε
3121 3859 3210 3915 καί
3267 3862 3366 3931 τὴν
3427 3861 3772 3937 ἀνθρωπίνην

2123 3952 2299 4028 τύχην
2332 3951 2754 4028 ἐκμυκτηρίσας,
2777 3952 2951 4006 πάντα
2998 3948 3279 4024 ἐξέπεμψε.
3332 3949 3509 4008 Πάλιν
3556 3949 3613 4006 δὲ
3660 3951 3775 4022 ἐξα-

2123 4039 2400 4097 πέστειλεν
2434 4041 2462 4095 6
2494 4038 2751 4117 βασιλεὺς
2776 4040 2869 4095 τὸν
2922 4037 3246 4112 Βελισάριον
3294 4040 3593 4117 στρατηγὸν
3641 4042 3783 4113 μετά

2124 4129 2371 4201 πλήοοτς
2402 4130 2773 4204 ἀναριθμήτου
2829 4128 2922 4183 καὶ
2975 4126 3189 4184 πλοίων
3239 4127 3328 4183 καὶ
3377 4133 3586 4205 χρυσοῦ
3638 4127 3785 4185 πολ-

2125 4218 2229 4276 λοῦ
2259 4216 2716 4290 καταπολεμῆσαι
2751 4214 3103 4287 Οὖανδήλους
3134 4217 3225 4272 καὶ
3258 4218 3523 4298 ’Δφρικῆν
3582 4218 3788 4293 ἐκπορ-

2123 4313 2302 4380 Θῆσαι’
2337 4307 2396 4370 ὅς
2427 4308 2691 4386 ἀγχινοίᾳ
2737 4306 2828 4361 καὶ
2887 4307 3150 4386 φρονήσει
3206 4307 3296 4362 καὶ
3355 4305 3550 4384 ἀνδρίᾳ
3608 4310 3784 4364 πάντα

2123 4397 2473 4472 ληϊσάμενες,
2505 4395 2595 4451 καὶ
2655 4393 2888 4471 Γιλίμερ
2949 4395 3183 4470 ἐγκρατῆ
3235 4397 3628 4471 ποιησάμενος,
3686 4398 3784 4454 ἆν-

2121 4491 2326 4565 ήγαγεν
2352 4485 2403 4542 ἐν
2442 4490 2511 4560 τῇ
2539 4483 2700 4540 πόλει
2736 4485 2871 4558 μετᾶ
2910 4481 3154 4540 πλούτου
3185 4483 3402 4541 πολλοῦ
3432 4487 3522 4542 καὶ
3555 4485 3779 4564 ἐθριάμ-

2122 4573 2308 4634 ϐευσεν
2339 4575 2392 4631 ἐν
2423 4579 2503 4647 τῷ
2536 4574 2772 4646 ἱππίκῷ,
2824 4573 3080 4631 ὒπατείαν
3135 4575 3369 4645 ποιήσαν
3428 4578 3537 4650 (30)
3596 4574 3649 4631 ἐν
3706 4580 3778 4651 τῇ

352 4673 522 4741 parte
557 4685 641 4733 se,
675 4668 737 4722 in
768 4666 957 4723 altera
977 4672 1144 4739 parte
1169 4667 1517 4723 Belisarium
1538 4675 1833 4725 armatum
1848 4670 2014 4727 afﬁn-

2138 4666 2308 4739 τόΛει,
2361 4661 2502 4720 ὣστε
2560 4662 2936 4721 Ἰουστινιανὸν
2993 4660 3392 4736 ἀποδεξάμενον
3446 4663 3498 4719 ἐν
3553 4665 3647 4738 μὲν
3695 4670 3776 4739 τῷ

354 4757 671 4826 xerit,cum
685 4755 1072 4827 inscriptione
1088 4756 1198 4811 hac
1222 4773 1234 4810 :
1270 4755 1588 4812 Belisarius
1608 4759 2010 4815 Romanorum

355 4846 554 4902 drcus.
570 4845 883 4900 Enimvero
900 4844 1214 4913 invidia,ut
1238 4845 1389 4901 solet
1411 4845 1587 4901 rebus
1611 4849 2010 4919 prosperrime

2120 4757 2198 4814 ὲνῖ
2235 4755 2384 4832 μέρει
2432 4758 2531 4810 τοῦ
2590 4754 2929 4827 νομίσματος
2989 4753 3176 4808 ἑαυτὸν
3231 4751 3546 4829 ἐγχαράξαι,
3606 4753 3659 4811 ἐν
3719 4754 3777 4812 δὶ

2123 4851 2204 4919 τῷ
2239 4842 2408 4922 ὲνέρῳ
2442 4840 2761 4918 Βελισάριον
2796 4839 3054 4912 ἔνοπλον,
3103 4842 3194 4896 καὶ
3242 4840 3558 4919 ἐπιγράψαι·
3615 4843 3774 4900 Βελι-

1556 4997 1917 5059 XYLANDRI
1959 5003 2043 5061 ET
2081 5000 2297 5059 GOARI
2339 4999 2560 5057 ΝΟΤᾹΞ.

424 5156 1071 5231 (3O)7Supra_an_notavi
1126 5151 1379 5231 ὑπατείαν
1400 5171 1515 5231 pro
1544 5172 1801 5231 puluere
1844 5158 2011 5231 quod

355 5225 565 5308 consul
590 5225 1016 5308 populgdaret
1043 5225 1203 5308 poni,
1225 5225 1517 5308 principio
1536 5225 2011 5308 Iustiniani-{mag

350 5301 499 5356 τείαν
529 5297 757 5356 διδόναι.
790 5297 1099 5371 Verumﬂid
1122 5298 1216 5371 hic
1245 5297 1765 5371 locumquomodo
1795 5302 2013 5358 habeat

356 5379 459 5429 aut
478 5390 600 5429 non
616 5372 833 5441 habeat
844 5370 1420 5441 intelliges.Zonaras
1434 5369 1504 5425 de
1520 5370 1629 5427 hac
1642 5389 1705 5427 re
1724 5373 1824 5429 ita:
1845 5370 2009 5428 Βελε-

356 5443 542 5515 σάριος
574 5441 632 5498 δὲ
671 5442 757 5497 καὶ
817 5438 1070 5515 ὑπατείας
1126 5438 1578 5515 ἠξίωτοκ-ᾼριιᾶ
1616 5444 2007 5515 Procopium,

356 5511 457 5582 qui
481 5515 883 5571 Gilimericum
910 5514 1019 5568 hoc
1041 5511 1510 5584 negotiumlibro
1534 5514 1679 5569 Belli
1709 5511 2006 5572 Vandalici

354 5583 551 5654 priore
577 5585 915 5655 dosoripsit,
947 5585 1029 5640 ita
1084 5583 1320 5655 legitur,
1366 5583 1765 5655 iVolaterrano
1823 5588 2009 5642 inter-

2122 5157 2265 5214 sella
2293 5154 2558 5231 humeris
2589 5154 3248 5231 captivoruminvectus
3275 5162 3571 5231 argentea,
3595 5176 3769 5216 zonas

2120 5244 2337 5302 aureas
2361 5227 2624 5302 aliasque
2656 5243 2687 5282 e
2719 5227 2927 5298 spoliis
2956 5227 3369 5285 Vandalorum'
3386 5229 3619 5286 divitias
3670 5247 3769 5302 po-

2161 5301 2260 5358 ulo
2284 5298 2933 5370 dispersit.quanquam
2953 5315 3077 5355 rem
3100 5317 3311 5356 novam
3334 5302 3526 5358 facere
3555 5298 3767 5359 visus.»

2161 5320 2260 5358 1110
2284 5320 2933 5370 uxspersuquauquam
2953 5320 3077 5355 rem
3100 5320 3311 5356 novam
3334 5320 3526 5358 Iacere
3555 5320 3767 5359 νιεῑιε.»

2120 5320 2259 5430 λη.
2288 5402 2348 5412 -
2378 5371 2734 5445 Consulatum
2763 5372 2937 5445 gessit
2958 5374 3017 5426 in
3047 5372 3199 5440 urbe,
3233 5375 3524 5445 expressit
3552 5372 3772 5444 than-

2121 5444 2259 5512 der;
2291 5442 2449 5499 unde
2478 5441 2721 5515 etmale
2753 5441 2873 5515 agit
2925 5441 3333 5515 interpretem.
3384 5446 3473 5502 Ad
3510 5441 3770 5501 auctoris

2118 5522 2419 5571 mentem:
2452 5512 2720 5587 militibus
2760 5512 3103 5582 donativum;
3151 5517 3362 5586 papulo
3417 5518 3768 5587 congiarium

2117 5587 2419 5646 distribuit,
2453 5583 2542 5637 vel
2572 5588 2778 5657 vetusto
2824 5587 3114 5657 consulum
3151 5583 3310 5642 more
3353 5583 3651 5657 pecuniam
3710 5589 3770 5644 in

351 5659 558 5749 grate:
593 5654 838 5749 «A'Paulo
870 5654 1314 5749 postnBelisario
1348 5654 1621 5749 decretus
1666 5658 2006 5749 triumphus
2109 5658 2380 5749 populi}?
2407 5657 2649 5749 sparsit}
2667 5656 2812 5749 Nam
2837 5655 2911 5749 de
2943 5658 3206 5714 nummis
3232 5654 3374 5731 ejus
3416 5659 3768 5719 victoriatis.

352 5737 518 5782 more
549 5727 953 5799 antiquorum.
985 5728 1131 5784 Nam
1160 5727 1371 5783 consul
1402 5727 1589 5785 factus
1650 5735 1762 5799 est,
1811 5727 2002 5789 curuli

2135 5724 2271 5784 Ωᾶτε
2300 5724 2701 5793 Ἰουστινιανόν,
2731 5731 2844 5784 etc.
2871 5728 3049 5785 Gon.
