4120 6412
355 361 477 423 713

1478 359 2028 420 HISTORIARUM
2070 359 2608 428 COMPENDIUM.

3651 397 3772 460 714

357 490 605 552 δικαίως.
638 492 831 547 Ἦκετε
889 491 979 545 οὗν
1032 489 1268 564 τάχιστα
1323 488 1400 549 εἷς
1457 487 1721 587 Εὔρωπον
1780 489 1842 587 τὸ
1894 508 2001 587 zu):

2123 493 2197 548 ad
2228 497 2526 570 Europum
2557 504 2867 561 castellum
2899 509 2973 563 ad
3006 527 3066 565 se
3125 521 3531 579 convenirent.
3574 529 3654 584 lbi
3706 549 3768 587 se

355 583 498 657 ρίον,
531 583 593 637 οὗ
642 579 709 652 δή
771 580 1035 653 συΛλεξας
1074 580 1137 635 τὸ
1197 578 1507 652 στράτευμα
1564 578 1719 647 ὅλον,
1779 579 1854 641 ὡς
1885 578 1946 633 ἄν
1977 580 2004 633 ὁ

353 674 485 734 Θεὸς
517 668 674 746 θέλῃ,
714 666 910 725 ἐλπίδα
967 667 1084 747 ἔχω
1142 667 1272 729 τοὺς
1311 667 1616 741 πολεμίους
1664 667 2003 744 ἐργάζεσθαι.

352 761 454 817 Καὶ
489 759 687 815 τούτου
717 759 1007 834 γενομένου
1068 758 1097 812 ὁ
1156 756 1406 831 Χοσρόης
1463 757 1526 810 τὸ
1591 756 1842 833 ἐξαίφνης
1907 763 2007 825 τῆς

352 852 448 904 τοῦ
526 846 852 921 Βελισαρίου
905 845 1202 922 παρουσίας
1289 846 1523 906 ἄκουσας
1620 844 1827 915 ἐξέστη,
1915 844 2004 899 καὶ

350 938 541 1013 πρόσω
580 937 675 1009 μὲν
732 933 975 990 ὲλαύνειν
1031 935 1130 990 οὐκ
1188 929 1344 1010 ἔγνω,
1403 929 1739 1003 Ἀϐανδάζην
1775 931 1855 1038 ’,δὲ
1912 935 2003 988 τὸν

628 1027 639 1038 .
746 1022 771 1038 ν
805 1021 829 1038 .
1100 1024 1112 1038 .
1319 1023 1332 1038 ς
1416 1029 1447 1038 ..
1481 1023 1499 1038 ς
1592 1023 1600 1038 .
1929 1025 1939 1038 .

352 1027 704 1101 γραμματέα,
736 1021 902 1100 ἄνδρα
932 1024 1177 1092 συσετὸν,
1235 1023 1372 1098 πρὸς
1416 1023 1727 1096 Βελισσὶριον
1773 1021 2005 1095 ἔπεμψε,

350 1119 444 1171 τόν
485 1136 545 1171 τε
566 1114 873 1191 στρατηγὸν
926 1113 1400 1187 κατασκεψόμενον
1449 1111 1542 1166 καὶ
1593 1111 1656 1166 τὸ
1713 1113 2006 1184 στρατόπε-

353 1205 468 1277 δον,
502 1207 594 1263 καὶ
623 1212 703 1278 τῷ
744 1205 895 1281 λόγῳ
925 1203 1084 1274 δῆθεν
1119 1205 1497 1309 βμεμφόμενον
1526 1202 1639 1309 ’δτι
1684 1204 2009 1309 νἸουὶρντινια-

348 1302 439 1359 νὸς
469 1298 501 1351 ὁ
534 1293 792 1370 βασιλεὺς
821 1293 949 1356 τοὺς
980 1288 1230 1368 πρέσϐεις
1263 1292 1314 1346 ἐν
1376 1289 1597 1366 Περσίδι
1643 1291 1743 1346 οὐκ
1798 1288 2008 1364 ἔπεμψε

349 1386 450 1454 τὴν
511 1384 733 1458 εῗρήνην
790 1382 1280 1459 πρυτανεύσοντας.
1313 1383 1375 1438 Ὁ
1409 1379 1465 1435 δὲ
1496 1378 1843 1454 Βελισάριος,
1902 1401 2009 1451 μα-

351 1476 460 1539 θὼν
504 1473 633 1535 τοὺς
689 1465 945 1547 πρέσϐεις
1004 1473 1179 1543 ἣκειν,
1222 1470 1386 1531 αὐτὸς
1448 1470 1543 1543 μὲν
1599 1466 2006 1543 ἑξακισχιλίους

356 1562 370 1578 ἱ
445 1562 466 1578 \
513 1563 564 1578 In!
800 1562 822 1575 ‘1
867 1558 891 1578 ᾗ
1088 1561 1101 1578 9
1179 1562 1192 1578 Ι
1571 1559 1598 1578 .ὶ
1695 1563 1721 1572 θ’
1846 1558 1857 1578 Ι

353 1562 738 1636 ἐπιλεξάμενος
795 1558 992 1635 ἄνδρας
1050 1561 1313 1632 εὐμήκεις
1392 1580 1452 1614 τε
1508 1559 1599 1613 καὶ
1654 1563 1734 1629 τῷ
1790 1558 2007 1630 σώματι

354 1649 554 1712 καλοὺς
612 1648 807 1705 ἂποθεν
858 1653 955 1704 τοῦ
1012 1645 1381 1723 στρατοπέδου
1452 1648 1779 1720 κὺνηγήσων
1839 1644 2005 1718 ἐξῄει,

353 1738 611 1816 Διογένην
643 1737 700 1795 δὲ
728 1740 820 1794 τὸν
851 1737 1153 1817 δορυφόρον
1185 1737 1277 1793 καὶ
1339 1735 1627 1795 Ἀδούλιον
1669 1734 1836 1811 ἄνδρα
1885 1738 2007 1811 ’Λρ-

353 1828 533 1904 μένιον
591 1830 687 1885 τὸν
743 1830 993 1901 ποταμὸν
1051 1823 1308 1898 διαϐῆναι
1366 1827 1458 1881 σὺν
1510 1827 1733 1881 ἱππεῦσι
1789 1824 2005 1925 Aulion;
2038 1861 2086 1925 Β

350 1919 630 1975 ἐκέλευσεν
661 1918 737 1980 ὡς
763 1918 1195 1994 ψηλαφήσοντας
1225 1918 1324 1986 τὴν
1364 1919 1461 1970 τοῦ
1505 1918 1758 2019 ποξαμοῦ
1816 1909 2008 2019 διάϐα-

347 2030 454 2065 σιν.
515 2006 841 2081 Βελισάριος
908 2003 966 2060 δὲ
1042 2004 1158 2060 ἐπεὶ
1250 2005 1341 2060 τὸν
1433 1998 1771 2110 πρεσϐευτήν
1851 1999 2011 2110 ἐγγῖδς

351 2097 365 2110 .
470 2096 481 2110 .
688 2090 711 2110 ,ι
922 2094 935 2110 ι
1182 2093 1204 2110 ς
1254 2099 1281 2109 ρ.
1423 2091 1437 2110 .
1507 2093 1550 2110 η
1844 2109 1847 2110 ,

346 2096 654 2174 ἐρχόμενον
685 2090 850 2172 ἔγνω,
883 2094 976 2152 τὸν
1027 2093 1362 2150 παπυλεῶνα
1419 2091 1654 2195 ἐπήξατο
1708 2091 1760 2146 ἐν
1814 2090 2009 2195 χωρίιρ

344 2186 566 2259 ἐρήμῳ,
598 2181 938 2259 παραδηλῶν
980 2186 1067 2258 [Ρ.
1103 2185 1231 2256 373]
1280 2181 1366 2289 δτι
1412 2178 2008 2289 οὐδεμιᾷ,παρασκευῇ

344 2278 576 2334 ἐνταῦθα
604 2275 753 2345 ἧκεν
802 2280 920 2336 τοῖς
967 2295 1027 2330 τε
1071 2273 1429 2348 στρατιώταις
1489 2270 1708 2342 ἐπέταξε
1757 2276 1858 2340 τῆς
1912 2270 2006 2343 μὲν

343 2360 597 2434 καλύϐης
644 2363 728 2439 ἐφ’
789 2364 1017 2437 ἑκάτερα
1074 2364 1233 2432 εἶναι,
1296 2360 1505 2435 Θρᾷκάς
1545 2355 2008 2466 ’τεηκαῖῆζιλλυ-

347 2454 525 2531 ριοὺς,
558 2453 794 2518 Γότθους
823 2473 883 2509 τε
911 2453 1007 2553 καὶ,
1056 2448 1377 2553 Ἐλδύρους,
1418 2447 1703 2553 ιμεθζοῦς
1722 2535 1735 2553 ’
1761 2442 2006 2553 (ξύανδή-

346 2543 482 2606 λους
513 2564 573 2599 τε
601 2542 693 2598 καὶ
728 2540 1132 2616 Μαυρουσίους,
1165 2541 1240 2613 μή
1274 2539 1352 2603 εἰς
1378 2539 1442 2594 τὸ
1482 2535 1668 2593 πεδίον
1719 2535 1806 2591 ἐπὶ
1846 2534 2003 2589 πλεῖο

347 2653 469 2688 στον
500 2633 575 2693 ὡς
608 2629 988 2691 διακονοῦντας
1027 2628 1299 2697 ἳστασθαι,
1361 2625 1473 2684 οὐδ’
1534 2627 1609 2689 εἷς
1663 2625 1757 2681 ἕνα
1813 2626 2004 2687 τόπον,

345 2721 494 2778 ἀλλὰ
529 2718 769 2797 βαδίζειν
812 2719 1221 2793 εἱλισσομένους
1278 2718 1354 2781 ὡς
1410 2719 1856 2793 κυνηγετοῦντας,
1914 2713 2005 2768 καὶ

344 2810 631 2887 παρέργως
663 2814 744 2883 τῷ
801 2807 981 2865 δοκεῖν
1034 2810 1126 2864 τὸν
1181 2807 1429 2883 Χοσρόου
1487 2800 1820 2880 πρεσϐευτὴν
1880 2803 2006 2879 βλέ-

348 2925 493 2962 πειν.
526 2901 887 2977 Διεζωσμένοι
916 2923 976 2958 τε
1003 2896 1253 2970 ἐϐάδιζον
1308 2901 1400 2955 καὶ
1449 2897 1668 2977 φαιδροὶ
1716 2897 1783 2953 τὰ
1830 2897 1997 3005 πρόττζ

351 3015 497 3063 ωπσ,
554 2990 803 3055 πελέκεις
859 3013 920 3048 τε
973 2991 1065 3047 καὶ
1127 2989 1435 3063 μοναύλους
1497 2989 1871 3063 βαστάζοντες.
1937 2987 1999 3043 Ὁ

350 3079 409 3136 δέ
438 3076 775 3152 ’Δϐανδάζης
805 3079 882 3143 εἷς
931 3079 1054 3155 ὄψιν
1116 3078 1423 3183 Βελισριρίῳ
1468 3077 1654 3183 Αέλθὼν
1692 3075 1998 3183 ,λυπεῖσθαι

349 3170 442 3225 τὸν
497 3170 752 3245 Χοσρόην
805 3164 1054 3244 ἔφασκεν,
1115 3167 1200 3223 ὅτι
1258 3165 1325 3236 δὴ
1394 3167 1531 3223 καθᾶ
1588 3168 1834 3230 συνέθετο
1898 3164 1998 3219 οὐκ

353 3252 566 3331 ἔπεμψε
624 3227 1053 3319 ιἸόυστινιανὸςι
1105 3227 1359 3332 πρέσϐεις
1413 3256 1551 3332 πρὸς
1605 3255 1845 3329 εἰρήνην,
1902 3252 1991 3308 καὶ
2025 3227 2069 3295 C

346 3347 623 3421 ἠνάγκασε
669 3348 918 3421 Χοσρόην
970 3346 1111 3402 κατᾶ
1182 3346 1473 3420 Ῥωμαίων
1555 3344 1995 3449 στρατεύσαρϐαι.

346 3438 381 3449 ..
425 3435 444 3449 η
536 3435 547 3449 .
735 3433 777 3449 κ,
859 3435 873 3449 .
944 3438 955 3449 .
1056 3432 1111 3449 ,α
1177 3435 1190 3449 .
1392 3438 1402 3449 ,
1670 3434 1681 3448 .

340 3435 671 3511 Βαλισάριος
732 3433 790 3491 δὲ
848 3435 955 3491 ἀντ’
1016 3432 1231 3497 οὐδενὸς
1315 3438 1545 3497 τούτους
1600 3434 1728 3495 τοὺς
1796 3429 2000 3537 λόγους

678 3526 692 3537 .
765 3526 803 3537 ..
926 3525 936 3537 .
1068 3524 1123 3537 ..
1318 3520 1344 3537 η
1527 3522 1550 3537 ν
1750 3526 1773 3536 ..

339 3525 607 3598 ἐποιεῖτο,
640 3526 731 3582 τὸν
764 3525 1012 3598 Χοσρόην
1068 3524 1240 3600 λέγων
1288 3520 1461 3579 αἴτιον
1500 3522 1634 3577 εἶναι
1681 3526 1779 3577 τοῦ
1826 3520 1997 3576 πολέ-

345 3633 473 3688 μου·
509 3611 556 3668 εί
611 3615 715 3690 γὰρ
770 3613 991 3688 εἰρήνης
1053 3612 1258 3690 ἐφίετο,
1318 3609 1504 3666 οὐκιᾶν
1564 3610 1642 3673 εἷς
1701 3610 1812 3717 τήν,
1861 3614 2001 3717 Ῥω-

429 3702 439 3717 .
594 3710 617 3717 _
695 3702 710 3717 ς
834 3703 846 3717 ,
1141 3700 1155 3717 ι
1323 3698 1413 3717 ς...
1594 3698 1710 3717 ελ.

346 3702 521 3777 μαίων
552 3710 654 3777 γῆν
686 3702 1015 3782 ἀφικόμενος
1067 3700 1261 3772 εαύτην
1318 3698 1521 3771 ἐζήτει,
1584 3698 1710 3755 ἀλλ’
1769 3699 1845 3762 εἰς
1898 3699 1998 3767 τήν

344 3791 485 3848 ἰδίαν
544 3794 736 3869 χώραν
796 3791 972 3867 μένων
1030 3792 1169 3853 τοὺς·
1217 3785 1471 3865 πρέσϐεις
1533 3786 1833 3863 ἐξεδέχετο.
1893 3789 1993 3894 Kz‘l

597 3881 610 3894 .
673 3882 685 3894 .
829 3883 842 3894 .
1114 3875 1143 3894 ο
1253 3881 1265 3894 .
1374 3878 1387 3894 .
1518 3876 1528 3894 .
1597 3880 1607 3894 .
1824 3880 1878 3894 ,Λ

341 3886 509 3937 ταῦτα
566 3881 732 3936 εἰπὼν
789 3883 881 3936 τὸν
971 3875 1306 3955 πρεσϐευτὴν
1362 3876 1746 3950 ἀπεπέμψατο.
1824 3880 1882 3934 Ὀ
1941 3875 1998 3932 δὲ

343 3972 481 4045 πρὸς
514 3971 769 4044 Χοσρόην
816 3969 1148 4047 ἀφικόμενος
1206 3962 1307 4048 ἔφη
1341 3968 1643 4045 στρατηγὸν
1703 3964 1996 4041 ἑωρακέναι

346 4061 668 4136 Βελισάριον
725 4063 936 4117 συνετὸν
996 4061 1093 4141 καὶ,
1172 4058 1421 4136 ἀνδρεῖον
1483 4058 1775 4136 ὑπεράγαν,
1834 4079 1997 4133 στρα-

342 4153 544 4214 τιώτας
576 4149 634 4207 δὲ
693 4149 843 4214 οἷόυς
902 4149 1060 4212 αὐτὸς
1114 4148 1323 4211 ἄλλους
1379 4148 1655 4204 οὐπώποτ’
1696 4145 1860 4215 εἶδον,
1918 4146 1994 4202 ὧν

340 4245 441 4314 τήν
473 4240 767 4315 εὐκοσμίαν
800 4240 1096 4315 ἐθαύμασα.
1158 4241 1261 4298 Καὶ
1311 4235 1701 4295 συνεϐούλευσε
1749 4238 1998 4343 Χοσρόην

347 4334 423 4406 μή
480 4328 885 4405 συμπλέκεσθαι
940 4331 1016 4392 εἷς
1077 4329 1263 4405 μάχην
1320 4334 1436 4403 μετ’
1489 4328 1690 4430 αὐτοῦ,
1708 4327 1856 4431 ὅπως

341 4421 666 4490 ἡττηθέντος
699 4420 868 4475 αὐτοῦ
908 4420 972 4475 τὸ
1020 4423 1125 4473 πᾶν
1184 4414 1413 4491 διαπέσῃ
1467 4422 1569 4485 τῆς
1623 4419 1992 4522 τῶνὶυερσων

348 4510 376 4522 ..
474 4506 494 4522 ς
548 4508 558 4522 .
681 4506 695 4522 ς
819 4511 847 4522 ..
912 4508 971 4522 ..κ
1113 4504 1124 4522 .
1269 4506 1282 4522 ρ
1355 4507 1368 4522 ,
1933 4512 1958 4522 -

345 4506 646 4583 βασιλείας,
676 4506 729 4563 ἐν
777 4511 850 4583 γῇ
912 4504 1201 4580 Ῥωμαίων
1264 4506 1614 4584 ὑπάρχοντος
1671 4504 1761 4559 καὶ
1818 4512 1994 4582 φυγῆς

2117 588 2439 642 exercitum
2495 595 2682 647 totum
2732 595 3140 668 collectarum,
3194 611 3253 659 et
3302 613 3415 664 Deo
3464 618 3766 676 conﬁdere

2116 672 2384 729 hostibus
2405 694 2466 731 se
2498 679 3099 745 incommodaturum.
3136 693 3235 747 His
3258 696 3340 752 ita
3366 699 3554 769 factis,
3584 672 3768 762 Chos-

2116 778 2250 815 roes
2283 765 2476 821 subito
2510 769 2776 825 Belisarii
2809 775 3063 834 adventu
3117 784 3317 840 audito
3368 792 3608 847 territus
3641 802 3764 863 est;

2116 867 2184 905 ac
2216 852 2460 909 ulterius
2494 861 2850 928 procedendi
2883 869 3133 925 consilio
3165 876 3474 946 repudiato
3495 852 3770 940 Abanda;

2115 955 2239 993 zem
2271 943 2548 1010 scribam,
2583 948 2887 1008 hominem
2919 943 3292 1033 prudentem,
3318 965 3391 1019 ad
3414 968 3767 1031 Belisarium

2120 1029 2321 1096 mittit,
2354 1034 2452 1103 qui
2489 1035 2700 1092 ducem
2734 1047 2793 1094 et
2823 1047 3147 1103 exercitum
3204 1029 3615 1123 specularetur
3662 1064 3772 1118 sub

2120 1123 2410 1187 praetextu
2441 1123 2753 1195 legationis
2776 1135 3211 1203 expostulatum
3227 1142 3586 1215 missas,ideo
3613 1152 3772 1221 quod

2115 1206 2486 1265 Justiniauus
2550 1213 2773 1287 legatos
2830 1223 2994 1291 pacis
3052 1228 3388 1286 sanciendae
3475 1253 3653 1293 causa
3710 1241 3773 1296 in

2120 1295 2427 1353 Persidem
2458 1318 2578 1357 non
2614 1305 2897 1363 misisset.
2934 1312 3246 1371 Belisarius
3291 1322 3523 1392 cognito
3552 1325 3777 1398 legatos

2120 1383 2459 1456 adventare,
2481 1408 2580 1446 sex
2607 1394 2796 1465 millia
2818 1398 3081 1457 virorum
3106 1410 3332 1464 statura
3355 1416 3411 1464 et
3432 1411 3622 1469 forma
3645 1434 3779 1473 cor-

2120 1476 2280 1545 poris
2312 1483 2727 1548 praestantium
2771 1486 3006 1562 delegit,
3061 1510 3316 1567 cumque
3364 1500 3459 1556 his
3506 1508 3780 1575 procula

2120 1566 2329 1620 castris
2360 1568 2539 1623 veluti
2572 1578 2849 1630 venatum
2872 1585 3185 1649 processit.
3220 1587 3543 1660 Diogenem
3602 1612 3777 1666 porro

2121 1652 2471 1724 stipatorem
2496 1664 2553 1712 et
2573 1661 2855 1719 Adulium
2878 1670 3225 1727 Armenium
3245 1652 3380 1731 cum
3412 1680 3578 1737 mille
3602 1652 3779 1756 equis

2118 1757 2358 1798 amnem
2380 1748 2954 1825 transirejussit,qui
2980 1775 3040 1812 se
3067 1761 3278 1818 vadum
3303 1766 3430 1837 ejus
3467 1772 3777 1840 explorare

2119 1830 2489 1890 simularent.
2528 1839 2842 1896 Belisarius
2874 1851 2938 1898 ut
2986 1830 3467 1924 appropinquare
3513 1830 3773 1933 legatum

2119 1919 2283 1988 vidit,
2316 1924 2682 1994 papilionem
2740 1930 2803 1985 in
2858 1919 3193 1993 solitudine
3222 1919 3368 2011 ﬁxit,
3428 1919 3770 2019 signiiicans

2119 2009 2284 2063 nullo
2316 2028 2449 2067 cum
2481 2023 2768 2086 apparatu
2799 2037 2866 2075 eo
2918 2041 2981 2077 se
3030 2028 3258 2084 venisse
3285 2049 3297 2098 ;
3359 2035 3768 2111 militibusque

2118 2100 2402 2170 praecepit
2422 2103 2579 2173 ut:ab
2605 2110 2858 2178 utraque
2891 2114 3129 2169 tentorii
3162 2124 3326 2187 parte
3360 2130 3559 2179 essent
3583 2100 3768 2184 Thra-

2119 2201 2216 2240 ces
2246 2193 2305 2241 et
2332 2188 2541 2261 Illyrii,
2576 2193 2746 2249 Gothi
2770 2202 2829 2252 et
2858 2200 3082 2269 Heruli,
3115 2206 3355 2263 Vandali
3389 2215 3767 2290 etMaurusii,

2120 2291 2317 2345 neque
2348 2278 2409 2333 in
2440 2296 2716 2354 campum
2765 2291 3036 2357 protinus
3089 2295 3268 2351 veluti
3313 2299 3384 2354 ad
3437 2302 3772 2365 ministeria

2121 2364 2577 2437 descenderent,
2620 2389 2813 2445 neque
2859 2380 3195 2452 confertim,
3259 2388 3362 2444 sed
3420 2402 3774 2465 vagarentur

2118 2453 2259 2510 hinc
2291 2455 2430 2512 inde
2461 2460 2622 2515 velut
2650 2464 2846 2535 otiosi,
2891 2473 3071 2540 atque
3122 2479 3464 2535 venantium
3514 2489 3772 2556 speciem

2118 2542 2274 2598 65-1
2306 2545 2502 2618 legato
2532 2551 2905 2632 exhiberent.
2940 2558 3130 2615 Cincti
3162 2542 3563 2637 incedebant:
3595 2542 3772 2632 hilari

2117 2631 2301 2700 vultu,
2335 2628 2763 2710 gestabantque
2794 2660 3033 2701 secures
3061 2656 3119 2703 et
3156 2653 3438 2711 calamos.
3493 2628 3773 2720 Abantia;

2114 2736 2206 2775 zes
2237 2723 2405 2778 ut’in
2464 2736 2847 2799 conspectum
2908 2735 3167 2793 Belisarii
3227 2745 3419 2813 venit,
3473 2748 3770 2824 indignari

2113 2808 2434 2867 Cbosroem
2458 2816 2900 2890 ostendit,quod
2922 2824 3291 2885 Justinianus
3314 2808 3581 2907 neglecto
3595 2808 3766 2911 pacto

2113 2895 2335 2969 legatos
2363 2899 2435 2955 de
2466 2920 2609 2973 pace
2639 2922 2759 2961 non
2790 2909 3072 2981 misisset,
3106 2916 3423 2992 ipsumque
3455 2925 3538 2981 ita
3568 2928 3641 2983 ad
3671 2930 3765 2986 in-

2109 2984 2419 3044 ferendum
2473 2992 2752 3050 Romanis
2804 2996 3030 3056 bellum
3075 2984 3387 3079 adegisset.
3442 2984 3763 3075 Belisarius

2109 3082 2315 3132 contra
2345 3079 2516 3134 nihili
2549 3082 2702 3138 hanc
2733 3088 3061 3145 orationem
3081 3093 3316 3166 ducere,
3352 3100 3413 3155 in
3437 3103 3761 3164 Cbosroem

2108 3163 2246 3219 belli
2276 3167 2514 3238 culpam
2544 3172 2838 3243 conferre,
2874 3179 2974 3248 qui
3003 3180 3052 3235 si
3085 3184 3215 3252 paci
3247 3163 3761 3261 studuisset,domi

2108 3256 2305 3325 potius
2336 3275 2458 3313 sum
2490 3259 2713 3332 legatos
2743 3268 3003 3336 opperiri
3035 3287 3212 3341 quam
3261 3274 3323 3330 in
3355 3280 3759 3341 Romanorum

2105 3343 2389 3403 ditionem
2418 3347 2803 3421 irrumpendo
2828 3371 2958 3410 eam
2980 3374 3247 3427 quaarere
3272 3363 3758 3445 debuerit.Atque

2104 3433 2217 3489 hoc
2248 3451 2537 3506 responso
2569 3439 2828 3511 legatum
2859 3444 3106 3503 dimisit.
3139 3451 3194 3505 Is
3225 3453 3297 3507 ad
3320 3455 3640 3516 Chosroem
3660 3433 3760 3520 re-

2103 3539 2308 3579 versus
2338 3525 2523 3581 refert
2550 3529 2734 3585 visum
2764 3531 2874 3587 sibi
2931 3535 3308 3610 Belisarium,
3364 3545 3575 3604 ducem
3620 3569 3762 3623 pru-

2102 3610 2307 3667 dentia
2335 3629 2404 3668 ac
2459 3614 2814 3675 fortitudine
2867 3621 3196 3694 singulari;
3253 3631 3475 3689 milites
3525 3610 3764 3711 qucque

2104 3700 2365 3757 mirabili
2398 3702 2610 3759 decore
2642 3707 2859 3763 vidisse
2892 3716 3422 3787 etcompositione.
3450 3724 3764 3801 Suasitque

2101 3789 2223 3861 regi
2258 3807 2332 3845 ne
2366 3808 2501 3846 cum
2533 3810 2601 3848 eo
2633 3796 2759 3850 acie
2791 3802 3276 3874 congrederetur,
3328 3827 3402 3866 ne
3453 3814 3639 3872 victus
3700 3821 3761 3876 in

2102 3879 2502 3935 Remanorum
2534 3883 2779 3951 ditione,
2815 3903 2949 3943 cum
2995 3891 3145 3963 fuga)
3194 3896 3359 3951 locus
3410 3917 3530 3958 non
3582 3915 3756 3977 esset,

2100 3981 2350 4038 regnum
2370 3970 2671 4025 Persicum
2702 3980 3010 4041 everteret,
3044 3986 3375 4049 praesertim
3406 4006 3541 4045 cum
3574 3995 3754 4052 etiam

2100 4053 2347 4110 victoria
2376 4055 2449 4111 de
2476 4057 2624 4114 duce
2656 4062 2939 4123 Romano
2993 4082 3114 4122 non
3171 4071 3247 4125 sit
3282 4075 3449 4131 valde
3496 4081 3755 4152 gloriosa

2100 4140 2318 4198 futura.
2352 4145 2539 4216 Hujus
2572 4149 2802 4204 monitu
2826 4151 3164 4222 {persuasus
3217 4140 3528 4221 Chosroesv
3554 4172 3754 4229 statim

2102 4232 2175 4287 ad
2201 4249 2308 4287 sua
2338 4233 2534 4289 redire
2559 4236 2851 4307 cogitavit.
2912 4243 3206 4302 Metuebat
3251 4255 3450 4308 autem
3497 4260 3753 4316 transire

2100 4323 2366 4390 ﬂ‘uvium,
2394 4327 2564 4396 cujus
2590 4327 2803 4383 vadum
2826 4332 3075 4388 Romani
3102 4339 3404 4397 tenebant.
3423 4346 3597 4403 Mittit
3619 4366 3754 4424 ergo

2102 4413 2176 4467 ad
2206 4413 2891 4487 Belisarlum,postulans
2914 4427 2980 4476 ut
3006 4439 3107 4479 eos
3130 4428 3229 4496 qui
3252 4445 3492 4488 amnem
3512 4413 3759 4495 transive-

2100 4511 2237 4561 rant
2266 4512 2568 4561 revocaret
2599 4507 2832 4579 sibique
2874 4516 3067 4568 tutum
3118 4516 3446 4577 discessum
3495 4530 3753 4597 pararet.

338 4582 507 4654 τόπον
551 4599 628 4672 μή
689 4582 942 4676 ἔχοντος.
1002 4597 1108 4653 Καὶ
1159 4598 1223 4652 τὸ
1279 4600 1430 4668 νικᾷν
1490 4595 1653 4651 αὐτὸν
1711 4594 1772 4651 οὐ
1835 4592 1995 4673 μέγα’

2111 4594 2381 4650 Vicissim
2412 4595 2731 4651 Belisarius
2764 4598 2964 4656 missis
3005 4602 3213 4673 legatis
3262 4609 3390 4681 ejus
3429 4612 3759 4677 discessum

342 4687 654 4764 στρατηγὸν
684 4687 789 4762 γὰρ
843 4685 1133 4760 Ῥωμαίων
1187 4687 1480 4787 νικήσειεν.
1529 4685 1590 4741 Ὀ
1633 4682 1695 4787 δὲ
1746 4685 1996 4787 Χοσρόης

340 4781 411 4849 τῇ
464 4776 662 4831 τούτου
721 4776 1031 4850 παραινέσει
1126 4775 1362 4836 πεισθεὶς
1420 4773 1765 4852 ἀναστρέφειν
1844 4774 2000 4838 εὐθὺς

1350 4833 1359 4836 _
1592 4833 1601 4850 ,
1662 4833 1673 4852 ι
1986 4833 1996 4838 -

343 4833 433 4920 ἐέἐι
476 4865 543 4920 τὰ
601 4861 715 4920 ἴδια
773 4833 1051 4920 διενοεῖτο·
1112 4858 1361 4942 ἐφοϐεῖτο
1421 4864 1525 4937 γὰρ
1588 4865 1686 4931 τήν
1749 4857 1996 4918 διάϐασιν

341 4958 440 5009 τοῦ
470 4957 725 5026 ποταμοῦ
782 4955 1111 5025 ποιήσασθαι
1168 4952 1243 5013 ὡς
1300 4956 1404 5006 τῶν
1451 4952 1742 5026 Ῥωμαίων
1797 4952 1996 5023 ταύτην

336 5044 712 5118 κατεχόντων.
772 5041 877 5099 Καὶ
935 5042 1072 5117 πρὸς
1161 5039 1481 5115 Βελισάριον
1562 5040 1766 5114 πέμπει
1822 5061 1999 5117 παρα-

340 5129 527 5188 καλῶν
558 5130 686 5193 τοὺς
717 5131 809 5186 τὸν
869 5130 1115 5204 ποταμὸν
1170 5123 1459 5193 διαϐάντας
1518 5127 1873 5195 ἀναστείλαιη
1910 5131 1999 5186 καὶ

339 5219 520 5295 τούτῳ
550 5221 650 5290 τὴν
689 5216 931 5296 πάροδον
986 5217 1288 5282 ἀκωλύτως
1345 5218 1614 5295 παρέξειν.
1675 5217 1998 5296 Βελισάριος

343 5306 401 5365 δὲ
430 5310 567 5386 πρὸς
599 5309 761 5365 αὐτὸν
793 5308 948 5371 εὐθὺς
985 5304 1238 5380 πρέσϐεις
1270 5306 1502 5383 έπεμψε,
1532 5308 1623 5364 καὶ
1653 5312 1844 5364 τοῦτον
1898 5315 1999 5378 τῆς

339 5397 753 5474 ἀναχωρήσεως
814 5397 1063 5471 ἐπῄνεσε,
1119 5396 1209 5451 καὶ
1266 5391 1519 5471 πρέσϐεις
1578 5395 1639 5452 ἐκ
1688 5395 1785 5451 τοῦ
1847 5398 2003 5473 βασι-

341 5488 482 5551 λέως
516 5487 800 5562 συντόμως
830 5487 983 5557 ἥκειν
1017 5480 1444 5555 διεϐεϐαιοῦντο,
1469 5487 1618 5549 ὅπως
1641 5487 1741 5556 τὴν
1783 5486 2000 5563 εἷ’ρήνην

341 5572 738 5655 βραϐεύσωσιψ
771 5576 928 5650 ἠξίου
961 5573 1017 5651 δέ
1075 5575 1326 5650 Χοσρόης
1381 5575 1702 5651 Βελισάριον
1761 5573 1849 5632 διὰ
1898 5584 1998 5647 τῆς

336 5671 448 5723 τῶν
481 5665 774 5742 Ῥωμαίων
810 5668 914 5742 γῆς
943 5669 1046 5741 τήν
1101 5662 1341 5739 πάροδον
1396 5666 1726 5737 ποιήσασθαι
1778 5663 2002 5722 ἀκινδύ-

625 5788 891 5851 ΡΑτιοι..
935 5791 1052 5852 Gs.
1095 5787 1304 5851 CXXI.

2107 4683 2467 4751 collaudare,
2493 4701 2561 4740 ac
2584 4685 2883 4743 afﬁrmare
2897 4705 3035 4745 mox
3058 4693 3129 4748 ab
3155 4695 3512 4769 imperatore
3536 4706 3762 4774 legatos

2108 4773 2329 4836 adfore,
2368 4773 2469 4844 qui
2502 4790 2707 4845 pacem
2740 4788 3116 4851 componant.
3152 4786 3318 4849 Quod
3358 4791 3507 4850 055
3562 4805 3762 4856 autem

2108 4863 2398 4917 Chosroes
2430 4863 2666 4932 petebat
2696 4869 2760 4917 ut
2786 4866 2897 4920 sibi
2923 4884 3028 4939 per
3048 4873 3449 4935 Romanorum
3470 4882 3760 4944 ditionem

2108 4953 2169 5008 in
2203 4969 2369 5008 suam
2403 4958 2597 5008 tutum
2629 4954 2885 5011 reditum
2908 4967 3235 5032 praestaret,
3260 4967 3579 5028 Belisarius
3607 4975 3759 5031 obsi.

2109 5043 2244 5098 dem
2277 5044 2405 5112 ejus
2434 5043 2521 5097 rei
2551 5043 2742 5114 gratia
2791 5045 3081 5106 Joannem
3128 5052 3514 5127 Edessenum,
3563 5064 3754 5121 virum

2107 5130 2605 5199 illustrissimum,
2638 5132 2838 5188 mittit.
2873 5136 2957 5192 Ob
2990 5138 3115 5194 haec
3146 5142 3391 5201 Romani
3422 5148 3631 5207 laudes
3654 5153 3756 5209 Be-

2106 5220 2295 5277 lisarii
2328 5219 2494 5275 valde
2526 5220 2953 5292 praedicarunt,
2986 5229 3274 5300 majorem
3308 5249 3376 5290 eo
3422 5235 3578 5294 facto
3626 5241 3756 5313 glo-

2108 5312 2261 5368 riam
2292 5314 2679 5365 consecutum
2712 5327 2890 5381 quam
2922 5331 3057 5370 cum
3088 5317 3437 5379 Gilimerum
3458 5325 3618 5385 bello
3638 5312 3756 5403 ipa-

2111 5406 2269 5457 ctum
2305 5404 2363 5454 et
2393 5399 2666 5471 Vittigem
2698 5399 2846 5455 duos
2878 5419 3047 5473 reges
3075 5406 3283 5477 Cpolin
3331 5414 3627 5484 perduxit.
3649 5399 3761 5479 -Αο

2109 5490 2224 5545 fuit
2249 5504 2460 5544 revera
2488 5493 2821 5542 memoratu
2854 5496 2911 5544 et
2939 5491 3115 5549 laude
3147 5494 3392 5569 dignum
3431 5503 3580 5562 illud
3609 5509 3763 5566 faci-

2116 5597 2251 5647 nus,
2283 5577 2440 5650 quod
2472 5592 2609 5633 cum
2640 5578 2888 5632 Romani
2919 5585 2978 5635 et
3005 5583 3264 5640 universi
3304 5596 3469 5648 metu
3519 5600 3675 5670 capti
3706 5602 3770 5656 in

2115 5668 2482 5727 munitiones
2514 5682 2576 5721 se
2606 5664 2999 5738 abdidissent,
3054 5678 3115 5728 et
3139 5674 3431 5739 Chosroes
3469 5684 3529 5741 in
3573 5690 3771 5747 medio

3411 5798 3498 5867 23
