4120 6480
397 430 519 490 719

1760 425 2082 487 GEORGII
2125 424 2464 486 CEDRENI

3710 433 3829 492 720

392 564 560 636 plum
591 560 1032 643 Apostolorum,
1065 558 1453 630 reliquiaeque
1482 556 1757 626 Andrem,
1793 558 1961 613 Lucaa
1993 575 2024 614 e

2163 554 2344 611 καίνια
2370 559 2467 611 τοῦ
2497 560 2630 613 ναοῦ
2659 560 2769 611 τῶν
2801 555 3007 631 Ἀγίων
3038 557 3394 615 Ἀποστόλων
3423 562 3513 617 καὶ
3565 563 3600 632 ἡ
3658 563 3828 618 κατά-

390 653 684 709 Timothei
716 650 1125 724 apostolorum
1171 648 1475 719 depositae.

465 834 636 888 Anno
660 832 726 885 24
761 832 972 886 missus
1005 834 1093 884 est
1117 830 1328 883 Narses
1369 826 1768 881 cubicularius
1800 828 2044 882 Romam

397 923 470 979 ad
500 919 917 977 debellandum
932 918 1321 973 Gothos.Nam
1337 921 1471 988 post
1483 921 1779 988 receptam
1798 918 2045 970 Romam

399 1029 436 1067 a
482 1009 762 1066 Belisario
828 1007 998 1063 Gothi
1055 1005 1251 1061 denuo
1301 1004 1665 1060 rebellarant
1719 1004 2046 1075 urbemque

397 1104 776 1172 occuparant.
831 1097 997 1152 Nona
1028 1095 1168 1151 Julii
1199 1094 1294 1149 die
1328 1093 1611 1149 terribilis
1648 1100 1845 1149 motus
1878 1099 2047 1148 terras

392 1190 507 1246 fuit
534 1206 642 1261 per
664 1188 1002 1243 universam
1027 1184 1426 1249 Palaestinam,
1457 1182 1757 1250 Arabiam,
1791 1185 2050 1254 Mesopo-

394 1279 659 1350 tamiam,
682 1276 914 1348 Syriam
947 1280 1006 1330 et
1033 1274 1418 1340 Phcnniciam,
1439 1272 1539 1344 qui
1575 1271 1778 1327 multis
1801 1271 2048 1326 urbibus

382 1368 610 1423 damna
638 1365 842 1422 intulit
883 1364 1333 1437 permultosque
1366 1362 1648 1417 mortales
1672 1360 1949 1432 perdidit.
1983 1362 2048 1415 In

385 1457 532 1513 urbe
566 1473 699 1527 qua:
731 1457 975 1524 Botryos
1006 1454 1141 1524 (hoc
1193 1458 1285 1507 est
1340 1453 1485 1521 uvae)
1538 1450 1775 1518 dicitur,
1836 1466 2050 1522 magna

382 1562 523 1618 pars
552 1543 772 1599 montis
807 1542 908 1613 qui
942 1542 1089 1596 mari
1110 1541 1363 1613 adjacet,
1391 1540 1635 1595 nomine
1668 1539 2049 1609 LithOproso-

382 1651 513 1706 pos,
568 1632 771 1689 avulsa
818 1632 879 1685 in
914 1647 1074 1686 mare
1131 1629 1353 1685 decidit
1412 1644 1811 1701 magnumque
1851 1627 2049 1682 effecit

380 1729 643 1796 portum,
677 1721 883 1776 multis
928 1720 1161 1792 magnis
1218 1719 1468 1774 navibus
1525 1716 1889 1790 recipiendis
1919 1717 2045 1772 ido-

381 1828 585 1879 neum,
618 1828 755 1867 cum
788 1815 925 1865 ante
977 1809 1121 1863 urbs
1179 1825 1248 1863 ea
1303 1814 1479 1880 portu
1519 1808 1829 1864 caruisset.
1892 1811 2047 1861 Mare

384 1916 622 1972 quoque
658 1900 720 1954 in
747 1898 931 1954 altum
959 1897 1206 1952 recessit
1234 1896 1307 1952 ad
1332 1897 1497 1952 mille
1529 1912 2040 1968 passus,rursum-

382 2005 497 2061 que
527 1989 628 2044 Dei
655 1989 829 2060 jussu
879 1986 1135 2043 reﬂuxit.
1196 1988 1456 2059 Augusto
1515 2002 1723 2041 mense
1791 1985 2037 2040 nuntius

380 2081 568 2134 Roma
597 2077 669 2133 de
689 2076 936 2132 victoria
958 2075 1218 2131 Narsetis
1249 2075 1465 2130 allatus
1505 2080 1616 2144 est,
1648 2090 1864 2145 nempe
1919 2075 2036 2129 Bo-

378 2183 612 2236 munos,
638 2181 774 2237 rege
797 2165 988 2220 Totila
1013 2164 1230 2231 occiso,
1271 2165 1520 2219 Romam
1568 2162 1887 2234 recepisse.

2154 656 2299 709 θεσις
2355 648 2463 698 τῶν
2525 643 2692 718 ἁγίων
2779 642 3051 721 λειψάνων
3108 645 3397 723 Ἀνδρέου,
3438 656 3645 722 Λουκᾶ,
3724 651 3825 706 καὶ

2152 736 2431 806 Τιμοθέου
2456 738 2562 789 τῶν
2590 732 2940 792 ἀποστόλων.

2223 822 2319 895 Τᾦ
2350 819 2432 877 κδ’
2490 818 2598 879 ἔτει
2649 821 2898 901 ἐπέμφθη
2988 826 3213 900 Ναρσῆς
3276 830 3304 882 ὁ
3359 824 3823 904 κουϐικουλάριος

2153 910 2229 983 εἷς
2285 911 2505 984 Ῥώμην
2587 911 2909 985 πολεμῆσαι.
2997 916 3086 987 [Ρ.
3173 919 3299 990 376]
3374 923 3493 980 τοῖς
3572 919 3823 983 Γότθοις.

2157 1000 2291 1074 μετὰ
2346 1002 2450 1078 γὰρ
2505 1001 2569 1057 τὸ
2624 1009 2890 1072 κρατῆσαι
2979 1004 3149 1074 αὗτὴν
3232 1006 3594 1081 Βελισάριον,
3654 1009 3821 1065 πάλιν

2153 1090 2519 1160 ἐπανέστησαν
2581 1092 2633 1146 ο⁹ι
2688 1092 2880 1147 Γότθοι
2941 1093 3031 1147 καὶ
3101 1093 3406 1169 ἐκράτησαν
3491 1098 3684 1168 αὐτήν.
3737 1102 3819 1174 Τῇ

2154 1177 2206 1234 δέ
2242 1180 2285 1243 θ’
2313 1183 2409 1234 τοῦ
2442 1178 2677 1236 Ἰουλίου
2709 1183 2882 1255 μηνὸς
2940 1181 3148 1258 ἐγένετο
3205 1187 3425 1259 σεισμὸς
3476 1182 3708 1264 φοϐερὸς
3767 1187 3820 1243 ἐν

2153 1268 2297 1342 πάσῃ
2327 1273 2394 1343 τῇ
2430 1269 2785 1346 Παλαιστίνῃ,
2817 1272 2907 1327 καὶ
2952 1270 3209 1347 Ἀραϐίᾳ,
3260 1275 3351 1331 καὶ
3398 1278 3818 1351 Μεσοποταμίᾳι

2152 1357 2243 1411 καὶ
2269 1355 2461 1432 Συρίᾳ,
2489 1358 2580 1412 καὶ
2613 1359 2868 1434 Φοινίκῃ,
2897 1360 2987 1416 καὶ
3018 1359 3222 1417 ἔπαθον
3250 1362 3441 1426 πόλεις
3469 1363 3703 1433 πολλαὶ,
3724 1366 3817 1421 καὶ

2156 1446 2419 1501 ἀπέθανον
2450 1445 2753 1521 ἀνθρώπων
2778 1447 2968 1521 πλήθη
3019 1449 3226 1507 πολλά.
3289 1454 3377 1509 Ἐν
3438 1451 3495 1508 δὲ
3549 1458 3618 1528 τῇ
3649 1453 3813 1528 πόλε,

2154 1535 2394 1609 Βότρυος
2425 1534 2740 1607 ἀπεσπάσθη
2774 1536 2833 1591 ἐκ
2860 1542 2955 1592 τοῦ
2984 1541 3385 1615 παρακειμένου
3442 1547 3513 1617 τῇ
3563 1542 3810 1619 θαλάσσῃ

2155 1622 2315 1699 ὄρους
2336 1628 2431 1679 τοῦ
2463 1622 2766 1700 λεγομένου
2809 1628 3245 1703 Λιοοπροσώπου
3279 1632 3444 1704 μέρος
3497 1630 3664 1701 πολὺ,
3717 1633 3807 1687 καὶ

2154 1712 2392 1791 εἰσήχθη
2450 1713 2525 1776 εἷς
2582 1714 2682 1782 τήν
2740 1714 3038 1786 θάλασσαν,
3098 1719 3187 1772 καὶ
3255 1720 3547 1776 ἀπετέλεσε
3613 1721 3813 1795 λιμένα

2157 1800 2342 1877 μέγαν,
2374 1801 2449 1862 ὡς
2480 1800 2820 1878 εΐσέρχεσθαι
2877 1804 2931 1860 ἐν
2983 1805 3131 1861 αὐτῶ
3187 1807 3360 1863 πλοῖα
3412 1808 3600 1865 πολλὰ
3656 1831 3808 1885 παμ-

2157 1890 2384 1966 μεγέθηο
2417 1890 2524 1965 πρὸ
2553 1892 2654 1967 γὰρ
2678 1891 2876 1948 τούτου
2909 1892 3009 1948 οὐκ
3034 1895 3159 1970 εἶχε
3217 1894 3432 1970 λιμένα.
3491 1901 3698 1977 ’Έφυγε
3751 1897 3811 1956 δὲ

2147 1978 2451 2049 ήθάλασσα
2481 1980 2557 2043 εἰς
2583 1980 2645 2035 τὸ
2701 1979 2942 2056 πέλαγος
3003 1983 3190 2057 μίλιον
3242 1983 3319 2056 ἔν,
3368 1986 3457 2041 καὶ
3518 1987 3681 2043 πάλιν
3735 1993 3807 2064 τῇ

2142 2072 2239 2124 τοῦ
2266 2074 2399 2124 Θεοῦ
2442 2066 2686 2124 κελεύσει
2743 2070 3110 2144 ἀποκατέστη.
3171 2075 3263 2147 Τῷ
3319 2074 3615 2151 Αὐγούστῳ
3678 2094 3787 2151 μην

2143 2157 2317 2226 ἦλθον
2397 2157 2634 2213 ἐπινίκια
2693 2160 2798 2215 ἀπὸ
2856 2161 3080 2236 Ῥώμης
3164 2167 3260 2218 τοῦ
3313 2169 3530 2240 Ναρσῆ,
3581 2166 3655 2230 ὡς
3715 2167 3805 2223 ὅτὶ

379 2248 607 2330 ἔσφαξαν
641 2254 692 2307 οἱ
720 2254 991 2323 Ῥωμαῖοι
1021 2252 1112 2307 τὸν
1149 2251 1290 2326 ῥῆγα
1324 2248 1578 2308 Τώτιλαν
1610 2251 1700 2305 καὶ
1726 2246 1925 2306 ἔλαϐον
1953 2250 2052 2319 τήν
2084 2247 2330 2321 Ῥώμην.

448 2352 617 2399 Anno
666 2347 734 2398 25
791 2343 955 2414 Cpoli
1013 2348 1210 2398 actum
1266 2341 1379 2396 fuit
1456 2358 1690 2397 sacrum
1755 2341 2029 2411 quintum

373 2433 807 2490 mcumenicum
856 2432 1197 2502 concilium,
1259 2434 1361 2486 165
1414 2431 1687 2486 Patribus
1764 2430 2032 2486 collectis

366 2523 477 2579 sub
510 2522 714 2595 Vigilio
746 2521 1125 2577 sanctissimo
1173 2523 1373 2577 Romaa
1430 2537 1604 2593 papa,
1664 2521 1764 2591 qui
1822 2519 2028 2575 libello

362 2628 562 2669 veram
607 2611 785 2666 ﬁdem
815 2610 1095 2666 asseruit.
1124 2609 1501 2665 Praefuerunt
1533 2609 1858 2681 Eutychius
1877 2612 2029 2681 Cpo-

358 2699 458 2766 lis,
489 2700 891 2773 Apollinarius
928 2698 1327 2766 Alexandria),
1370 2700 1635 2755 Domnus
1694 2698 2027 2754 Antiochiae

360 2790 648 2862 episcopi,
699 2795 760 2845 et
806 2789 1061 2846 vicarius
1120 2788 1665 2860 Hierosolymitani.
1725 2790 1840 2844 Res
1896 2794 2029 2844 acta

361 2884 570 2935 contra
600 2878 855 2951 impium
908 2879 1187 2933 Severum
1245 2878 1639 2950 Acephalum.
1674 2876 1857 2932 Abest
1912 2877 2029 2932 hoc

360 2967 681 3024 concilium
709 2984 744 3023 a
782 2972 992 3038 quarto
1025 2967 1180 3022 660
1199 2967 1373 3022 annis
1407 2970 1527 3021 111.
1561 2971 1709 3021 Acta
1726 2965 1904 3021 etiam
1926 2983 2023 3021 res

363 3062 454 3112 est
482 3061 692 3112 contra
721 3055 1031 3112 vecordem
1063 3056 1376 3129 Origenem
1408 3061 1467 3111 et
1522 3072 1622 3111 eos
1654 3056 1756 3127 qui
1806 3055 2022 3127 impias

366 3149 497 3218 ejus
529 3146 841 3218 Opiniones
871 3145 1288 3213 sectabantur;
1314 3161 1569 3216 quorum
1592 3143 1707 3200 fuit
1736 3144 2022 3216 Didymus

361 3252 554 3291 οωοιιε
587 3240 646 3290 et
673 3234 976 3307 Evagrius,
1012 3234 1115 3305 qui
1148 3234 1373 3289 dudum
1406 3234 1735 3289 ﬂoruerant
1769 3250 1836 3289 ac
1867 3231 2022 3303 capi-

357 3324 486 3380 tula
511 3341 618 3380 sua
651 3324 977 3381 ediderant.
1014 3326 1079 3379 In
1129 3324 1221 3380 his
1275 3325 1611 3379 Gracarum
1669 3322 2019 3395 Opinionum

2208 2337 2302 2408 Τῷ
2330 2337 2409 2391 κε’
2464 2332 2570 2393 ἔτει
2628 2344 2729 2408 τῆς
2802 2338 3084 2415 βασιλείας
3145 2343 3530 2399 Ἰουστινιανοῦ
3574 2341 3795 2422 γέγονεν

2138 2427 2173 2496 ἡ
2216 2427 2344 2502 ἁγία
2372 2427 2464 2482 καὶ
2513 2427 2869 2503 οἷ’κουμενικὴ
2925 2432 2964 2484 ε’
3022 2430 3246 2496 σύνοδος
3312 2438 3419 2490 τῶν
3477 2436 3577 2510 ρξε’
3626 2436 3796 2510 ἁγίων

2142 2517 2395 2589 Ιιατέρων
2451 2515 2502 2570 ἐν
2584 2520 3183 2592 Κωνσταντινουπόλει,
3242 2520 3329 2578 ἐπὶ
3391 2523 3641 2599 Βιγιλίου
3697 2529 3799 2581 τοῦ

2138 2602 2450 2678 άγίωτάτου
2508 2605 2662 2661 πάπα
2707 2607 2955 2681 Ῥώμης,
3013 2606 3100 2664 διὰ
3155 2606 3421 2667 λιϐέλλου
3477 2615 3579 2683 τήν
3629 2614 3799 2689 ὀρθὴν

2135 2692 2316 2748 πίστιν
2375 2698 2695 2770 τηροῦντος
2767 2697 2834 2767 ἦς
2890 2697 3126 2772 ἡγοῦντο
3182 2699 3453 2777 Εὐτύχιος
3518 2706 3803 2760 Κωνσταν-

2133 2781 2533 2855 τινουπὸλεως,
2594 2785 2982 2862 Ἀπολινάριος
3057 2787 3471 2866 Ἀλεξανδρείας
3546 2793 3636 2847 καὶ
3696 2793 3799 2849 Δό-

2142 2894 2274 2946 μνος
2309 2874 2665 2949 Ἀντιοχείας,
2699 2880 3091 2952 τοποτηρητὴς
3143 2876 3201 2935 δὲ
3267 2881 3541 2957 Εὐτύχιος
3569 2882 3799 2958 Ἱεροσο-

2138 2958 2330 3047 λύμων
2366 2964 2667 3036 (41),κατᾶ
2720 2959 2972 3041 Σεϐήρου
3027 2971 3124 3022 τοῦ
3179 2968 3487 3047 Ἀκεφάλου
3518 2972 3610 3026 καὶ
3669 2970 3797 3027 δυσ-

2133 3044 2345 3114 σεϐοῦς.
2380 3050 2608 3131 Ἀπέχει
2652 3049 2710 3108 δὶ
2737 3060 2837 3123 τῆς
2891 3053 2935 3109 δ’
2992 3054 3221 3112 συνόδου
3281 3044 3374 3130 ἔτη
3445 3062 3549 3136 ρβ’.
3614 3058 3792 3118 Ἀλλὰ

2130 3137 2221 3192 καὶ
2277 3140 2414 3194 κατὰ
2467 3145 2564 3195 τοῦ
2622 3143 2974 3218 παράφρονος
3029 3145 3339 3221 Ὠριγένους
3408 3152 3501 3204 καὶ
3558 3153 3667 3204 τῶν
3722 3149 3788 3205 τὰ

2131 3224 2338 3283 ἐκείνου
2369 3224 2537 3298 ἀσεϐῆ
2598 3227 2847 3306 δόγματα
2906 3230 3325 3309 διαδεξαμένων,
3386 3234 3628 3311 Διδύμου
3693 3243 3790 3294 τοῦ

2127 3315 2235 3371 ἀπὸ
2266 3317 2532 3392 ὀμμάτων
2567 3323 2677 3393 (42)
2706 3320 2796 3375 καὶ
2825 3320 3120 3401 Εὐαργίου,
3168 3331 3276 3381 τῶν
3307 3326 3480 3383 πάλαι
3509 3329 3791 3402 ἀκμασάν-

356 3430 506 3469 ansa
535 3420 791 3486 arrepta,
816 3414 1031 3485 quibus
1061 3413 1401 3469 animarum
1454 3413 1517 3467 in
1546 3412 1663 3467 alia
1694 3417 1872 3483 atque
1899 3411 2019 3466 alia

2140 3426 2261 3477 των,
2319 3408 2409 3462 καὶ
2465 3413 2572 3463 τῶν
2632 3409 2950 3474 ἐκτεθέντων
3001 3416 3125 3488 παρ’
3176 3414 3362 3479 αὐτοῖς
3443 3416 3787 3496 κεφαλαίων,

354 3521 606 3576 corpora
652 3505 943 3560 transitus
992 3504 1266 3576 fingitur,
1325 3502 1702 3575 nugabantur
1785 3501 2018 3557 animas

352 3593 701 3665 corporibus
742 3599 1009 3665 tempore
1048 3610 1177 3649 esse
1208 3593 1461 3664 priores,
1497 3592 1677 3647 ﬁnem
1710 3591 2018 3663 suppliciis

349 3681 502 3747 fore,
532 3699 657 3737 non
714 3682 926 3737 iisdem
985 3699 1095 3737 nos
1154 3686 1596 3737 resurrecturos
1645 3679 2011 3765 corporibus,

352 3772 656 3827 daamonas
716 3773 779 3826 in
839 3771 1134 3838 integrum
1179 3771 1522 3827 restitutum
1573 3770 1691 3836 iri;
1750 3769 2015 3842 paradisi

350 3860 637 3917 vocabulo
670 3860 832 3916 aliud
862 3860 1076 3927 notari,
1111 3876 1307 3931 neque
1335 3860 1619 3915 sensilem
1664 3858 2013 3932 paradisum

348 3950 534 4005 fuisse
565 3968 600 4006 a
623 3951 740 4005 Deo
774 3949 1100 4016 conditum,
1154 3966 1349 4021 neque
1404 3948 1695 4004 Adamum
1727 3965 2012 4005 carneum

348 4039 532 4094 fuisse
566 4040 851 4095 elﬁctum.
888 4040 985 4094 llas
1017 4039 1333 4110 opiniones
1355 4056 1488 4093 cum
1521 4038 1865 4109 aliquandiu
1890 4039 2013 4094 fere

351 4125 686 4196 latuissent,
741 4126 983 4183 tandem
1044 4127 1106 4181 in
1158 4126 1608 4181 multitudinem
1687 4132 2014 4199 eruperunt

2124 3492 2177 3548 ἐν
2209 3496 2296 3557 οἷς
2322 3494 2641 3573 ἐληρῴδουν
2673 3502 3057 3580 προϋπάρχειν
3083 3502 3180 3564 τὰς
3209 3505 3393 3580 ψυχὰς
3450 3492 3557 3561 τών
3591 3507 3786 3581 σωμά-

2123 3607 2230 3641 των
2273 3584 2324 3656 έξ
2354 3585 2700 3659 Ἑλληνικῶν
2734 3591 3057 3665 ὁρμώμενοι
3088 3590 3380 3671 δογμάτῶν
3432 3597 3535 3667 τὴν
3583 3618 3786 3672 μετεμ-

2123 3675 2378 3754 χύχωσιν
2411 3672 2769 3752 δοξαζόντων,
2801 3679 2960 3743 τέλος
2991 3703 3049 3737 τε
3088 3691 3188 3754 τῆς
3219 3683 3521 3757 κολάσεως,
3571 3688 3662 3743 καὶ
3717 3689 3790 3744 τὰ

2123 3762 2348 3837 σώματα
2395 3768 2556 3839 ἡμῶν
2616 3769 2691 3841 μή
2752 3768 3060 3827 ἀνίστασθαι
3109 3775 3177 3828 τὰ
3229 3773 3363 3829 αὐτὰ
3413 3773 3466 3831 ἐν
3517 3779 3588 3849 τῇ
3656 3778 3784 3832 ἀνα-

2122 3854 2324 3922 στάσει,
2356 3855 2446 3910 καῖ
2478 3859 2579 3925 τήν
2606 3862 2715 3913 τῶν
2764 3855 3043 3933 δαιμόνων
3109 3863 3185 3926 εἷς
3238 3864 3301 3919 τὸ
3352 3863 3584 3940 ἀρχαῖον
3644 3866 3787 3923 ἀπο-

2119 3942 2464 4016 κατάστασιν,
2491 3947 2583 4001 τὸν
2638 3943 2695 4001 δὲ
2751 3947 3076 4023 παράδεισον
3136 3950 3629 4030 ἀλληγορούντων,
3689 3956 3783 4012 καὶ

2120 4032 2197 4105 μή
2231 4041 2545 4110 γεγενῆσθαι
2604 4038 2747 4110 μήτε
2807 4038 2939 4094 εἶναι
2991 4039 3095 4096 ὑπὸ
3145 4046 3244 4096 τοῦ
3302 4047 3437 4097 Θεοῦ
3497 4043 3780 4117 αἰσθητὸν,

2120 4123 2262 4194 μήτε
2321 4121 2372 4176 ἐν
2433 4124 2590 4199 σαρκὶ
2646 4124 2955 4197 πλασθῆναι
3012 4130 3105 4184 τὸι
3167 4128 3369 4205 Ἀδὰμ.
3432 4136 3626 4190 ’Ἂτινα
3682 4132 3779 4189 δό-

2112 4230 2293 4285 γματα
2321 4211 2428 4274 ἓως
2459 4212 2665 4288 χρόνου
2723 4216 2786 4271 τὸ
2836 4215 3005 4273 πλέον
3066 4217 3381 4294 ἐκρύπτετο,
3445 4223 3521 4285 εἰς
3562 4222 3778 4294 πλῆθος

2115 4297 2172 4354 δὲ
2212 4297 2524 4357 ἐπιδιδόντα
2553 4303 2644 4358 καὶ
2703 4303 2957 4369 πολλοὺς
3014 4314 3116 4378 τῆς
3174 4309 3509 4383 Ἐκκλησίας
3570 4311 3778 4387 λυμαιο

2110 4389 2310 4461 νόμενα
2392 4398 2687 4463 τηνικαῦτα
2763 4397 3181 4466 στηλιτευθέντα
3257 4401 3773 4476 ἀνεθεματίσθησαν.

2111 4481 2235 4568 TE?
2310 4478 2368 4537 δὲ
2445 4482 2535 4539 καὶ
2610 4486 2747 4540 κατὰ
2813 4485 3098 4563 Θεοδώρου
3183 4495 3282 4546 τοῦ
3369 4493 3775 4568 Μοψουεστίας,

2111 4565 2443 4626 διδασκάλου
2498 4574 2787 4649 γεγονότος
2836 4581 2933 4631 τοῦ
2990 4580 3291 4654 Νεστορίου
3339 4586 3436 4637 τοῦ
3478 4565 3777 4640 -Ὶουδαιόέ-

3261 4668 3566 4744 λεγομένης
3652 4668 3776 4731 Ἴδα

2029 4781 2078 4846 D
2110 4747 2405 4846 ἐπιστολῆς
2434 4838 2446 4846 Ι
2477 4752 2568 4805 καί
2653 4773 2811 4846 τινων
2899 4757 3345 4846 σογγραμμάτων
3413 4758 3773 4846 Θεοδωρήτου

2103 4841 2201 4891 τοῦ
2258 4835 2559 4895 ἐπισκόπου
2598 4839 2805 4918 Κύρου,
2865 4845 3282 4924 συγγραφέντων
3338 4849 3477 4905 κατὰ
3533 4851 3640 4905 τῶν
3702 4843 3773 4928 ιβ’

2102 4926 2416 5002 κεφαλαίων
2447 4933 2546 4983 τοῦ
2581 4931 2852 5006 μακαρίου
2886 4932 3187 5008 Κυρίλλου.

2176 5015 2255 5073 Τὸ
2288 5012 2356 5106 δὲ-
2406 5019 2640 5106 γράμμα
2694 5025 2792 5076 τοῦ
2857 5023 3131 5097 βασιλέως
3190 5026 3572 5084 Ἰουστινιανοῦ
3630 5031 3767 5106 πρὸς

341 5111 433 5162 est
454 5107 789 5165 sententia:
825 5108 904 5163 De
936 5107 1187 5179 Origene
1211 5112 1271 5162 et
1298 5106 1371 5160 iis
1402 5105 1503 5177 qui
1543 5105 1616 5160 ab
1675 5105 1806 5177 ejus
1856 5111 1996 5162 sunt

2140 5105 2203 5174 ἠν
2263 5104 2419 5179 ἁγίαν
2481 5105 2706 5163 σύνοδον
2761 5110 3012 5191 περιέχει
3073 5113 3248 5178 οὕτως
3326 5116 3455 5190 Περὶ
3517 5139 3614 5193 μεν
3670 5104 3765 5175 οὖν

337 5202 501 5269 secta
524 5213 768 5269 operam
799 5196 1096 5264 dedimus,
1120 5195 1356 5267 justum
1406 5210 1537 5249 esse
1589 5193 1993 5266 intelligentes

2140 5194 2411 5269 ὶριγένους
2470 5197 2560 5252 καὶ
2617 5203 2731 5253 τῶν
2778 5200 3105 5280 ὁμοφρόνων
3161 5201 3330 5260 αὐτοῦ
3405 5205 3615 5279 σπουδὴ
3673 5211 3761 5284 γέ·

333 5290 399 5340 ut
430 5291 699 5342 sanctam
729 5284 831 5340 Dei
863 5283 1377 5356 apostolicamque
1397 5281 1725 5339 Ecclesiam
1749 5299 1784 5338 a
1804 5285 1993 5340 turbis

2140 5304 2256 5338 ονεν
2288 5285 2448 5358 ἡμῖν,
2480 5287 2567 5341 καὶ
2602 5280 2746 5343 ἔστιν
2788 5287 3067 5366 ἀτάραχον
3127 5294 3226 5363 τήν
3288 5295 3445 5370 ἁγίαν
3483 5303 3582 5352 τοῦ
3632 5280 3764 5354 Θεοῦ

332 5392 603 5433 securam
618 5377 1178 5447 praastemus,utque
1193 5389 1263 5429 ea
1288 5389 1418 5443 quae
1443 5389 1798 5445 quocunque
1812 5373 1989 5429 modo

2140 5371 2591 5444 αὶᾶποστολικήν
2632 5374 2963 5448 Ἐκκλησίαν
3021 5378 3480 5462 διαφυλάττεσθαι
3536 5384 3746 5443 δίκαιον

1522 5471 1882 5527 XYLANDRI
1921 5473 2007 5527 ΕΤ
2046 5473 2287 5529 GOABII
2327 5474 2551 5530 NOTAE.

2109 5597 2251 5653 Vide
2283 5599 2595 5726 Evagrium
2629 5618 2701 5665 nr,
2737 5605 2803 5657 38
2839 5624 2854 5670 ;
2884 5605 3130 5679 Niceph.
3163 5625 3295 5678 xvn,
3321 5612 3411 5666 27.
3445 5612 3585 5666 XYL.

2178 5669 2291 5726 (42)
2328 5672 2388 5725 Vl
2439 5687 2470 5725 e
2496 5672 2892 5726 Nicephorum
2923 5694 3002 5726 nr-
3037 5682 3122 5726 17.
3158 5678 3292 5726 Χγῐ..

2178 5669 2291 5741 (42)
2328 5669 2470 5726 Vide
2496 5669 2893 5745 Nicephorum
2923 5694 3003 5744 1x,
3027 5669 3122 5734 17.
3157 5669 3293 5734 Χηξ

350 4216 689 4289 multosque
750 4215 1183 4272 ecclesiasticos
1236 4216 1539 4272 vitiarunt.
1599 4217 1802 4287 Itaque
1870 4223 2011 4271 tunc

346 4303 643 4360 damnata:
674 4310 733 4360 et
764 4305 1111 4376 proscripta:
1145 4309 1303 4359 sunt.
1363 4304 1738 4360 Theodorum
1773 4321 2009 4376 quoque

346 4394 720 4466 Mopsuestia)
754 4395 1124 4465 episc0pum,
1144 4398 1571 4465 prmceptorem
1595 4395 1845 4449 Nestorii
1880 4395 2009 4467 ejus

343 4484 444 4554 qui
481 4483 745 4538 Judaicis
797 4481 1100 4536 erroribus
1185 4499 1469 4554 germana
1517 4484 1724 4547 sensit,
1758 4488 1817 4538 et
1891 4484 2006 4538 Ibaa

346 4572 660 4642 epistolam
706 4571 1157 4639 damnaverunt,
1220 4577 1279 4626 et
1334 4572 1608 4643 quaedam
1667 4572 2006 4627 Theodoriti

343 4661 476 4731 Cyri
509 4659 772 4732 episcopi
803 4660 1106 4732 opuscula,
1141 4660 1478 4733 conscripta
1525 4661 1805 4716 adversus
1859 4660 2002 4716 duo-

2140 4679 2328 4734 »povoq,
2412 4660 2797 4735 ἀνεθεμάτισαν
2874 4666 3008 4738 μετὰ
3072 4675 3174 4738 τῆς

342 4749 536 4805 decim
567 4749 829 4821 capitula
856 4749 1014 4805 beati
1044 4749 1263 4820 Cyrilli.

415 5014 769 5074 Litterarum
799 5034 976 5090 porro
1005 5016 1323 5074 Justiniani
1381 5015 1453 5072 ad
1495 5015 1814 5072 concilium
1867 5016 1994 5073 haec

405 5596 515 5670 (41)
549 5599 823 5671 Eutychii
858 5614 1096 5671 nomen
1156 5596 1524 5653 inculcatum
1569 5596 1996 5671 omisiLLocus

330 5664 423 5741 est
450 5664 762 5741 suspectus
819 5669 893 5725 ob
943 5685 1161 5741 vocem,
1205 5664 1585 5741 τοποτηρηταὶ
1644 5664 1720 5741 δέ.
1780 5669 1992 5725 Eusto-

328 5740 505 5797 chius
531 5739 601 5797 eo
635 5746 903 5812 tempore
934 5740 1049 5797 fuit
1073 5740 1388 5813 episcopus
1428 5739 1992 5814 Hierosolymorum.
