4120 6440
351 453 471 513 ’721

1502 440 2052 506 HISTORIARUM
2095 440 2644 506 COMPENDIUM.

3660 452 3783 512 722

353 584 544 639 καὶτά
580 586 662 658 [Ρ.
724 583 852 656 3‘77]
902 582 1154 637 ὁπωσοῦν
1208 571 1555 657 ἀναφυόμενα
1612 579 1679 650 τῇ
1738 570 2006 649 ὁρθοδόξῳ

2128 574 2375 630 adversa
2422 582 2598 631 rectas
2632 576 2767 633 ﬁdei
2801 578 2946 633 60!
2983 586 3349 635 enascuntur
3377 582 3786 641 condemnen-

351 673 535 730 πίστει
593 671 807 728 ἐναντία
856 668 1296 744 κατακρίνεσθαι.
1352 665 1504 723 Ἐπεὶ
1552 667 1733 720 τοίνυν
1784 661 2018 739 διεγνω-

359 784 482 818 σται
528 765 665 835 ἡμῖν
721 758 797 823 ὥς
854 780 998 823 τινες
1048 757 1101 813 ὲν
1155 752 1564 832 Ἰεροσολύμοις
1621 754 1722 810 εἰσὶ
1782 753 2021 829 μοναχοὶ

2133 669 2247 718 tur.
2272 666 2419 720 Cum
2452 682 2589 738 ergo
2612 672 2984 738 compertum
3016 667 3344 725 habeamus
3364 687 3493 727 esse
3525 674 3791 733 Hieroso-

2128 752 2304 824 lymis
2356 755 2649 825 quosdam
2698 757 3025 812 monachos
3080 757 3388 825 nimirum,
3422 762 3522 832 qui
3567 765 3786 835 Pytha-

360 849 633 923 δήπουθεν
693 849 980 924 Πυθαγόρᾳ
1034 848 1124 903 καὶ
1185 845 1435 902 Πλάτωνι
1491 843 1582 900 καὶ
1632 842 1886 920 Ὠριγὲνει
1939 847 2006 916 τᾷ

2126 857 2302 914 gorm,
2361 844 2648 910 Platonis,
2711 846 3101 919 Origenisque
3169 848 3513 905 Adamantii
3569 852 3786 925 impios

352 939 708 1015 Ἀδαμαντίῳ
757 939 850 995 καὶ
908 942 979 1014 τῇ
1035 936 1245 993 τούτων
1319 930 1604 1006 δυσσεϐείᾳ
1658 934 1748 988 καὶ
1832 930 2014 1007 πλάνῃ

349 1029 890 1091 κατακολουθοῦντες
945 1028 1034 1082 καὶ
1122 1022 1486 1089 διδάσκοντες,
1570 1020 1681 1079 δεῖν
1748 1022 2015 1096 ᾠήθημεν

355 1118 625 1199 φροντίδα
671 1119 762 1175 καὶ
820 1120 1044 1189 ζήτησιν
1076 1117 1409 1185 ποιήσασθαι
1465 1112 1587 1187 περῖ
1639 1112 1869 1181 τούτων,
1921 1110 2014 1167 ’ίνα

356 1213 433 1285 μή
489 1208 677 1266 τέλεον
747 1205 838 1263 διὰ
897 1213 997 1275 τῆς
1069 1202 1408 1274 Ἑλληνικῆς
1491 1203 1582 1258 καὶ
1663 1204 2012 1278 Μανιχαϊκῆς

346 1300 565 1369 ἀπάτης
644 1299 825 1354 αὐτῶν
885 1293 1134 1357 πολλοὺς
1191 1292 1526 1349 ἀπολέσωσι.
1588 1291 1817 1367 Λέγουσι
1884 1292 2010 1367 γὰρ,

337 1389 432 1445 ἵνα
457 1389 517 1446 ὲκ
544 1393 653 1444 τῶν
681 1386 911 1445 πολλῶν
968 1384 1135 1462 ὀλίγα
1205 1383 1693 1458 μνημονεύσωμεν,
1755 1383 1839 1437 ὅτι
1896 1381 2012 1444 νόες

344 1481 481 1551 ἦσαν
515 1476 650 1553 δίχα
679 1477 882 1535 παντὸς
911 1476 1152 1550 ἀριθμοῦ
1199 1495 1259 1529 ἰε
1294 1472 1388 1528 καὶ
1420 1473 1713 1545 ὀνόματος,
1745 1472 1822 1536 ὡς
1850 1469 2011 1555 ἒνάδα

351 1574 568 1626 πάντων
599 1568 731 1623 εἶναι
766 1570 875 1623 τῶν
906 1565 1148 1641 λογικῶν
1196 1567 1265 1637 τῇ
1322 1561 1614 1631 ταυτότητι
1671 1568 1771 1630 τῆς
1828 1561 2010 1623 οὐσίας

352 1657 444 1714 καὶ
484 1657 757 1734 ἐνεργείας
783 1655 875 1711 καὶ
905 1660 975 1730 τῇ
1010 1651 1234 1726 δυνάμει
1273 1655 1343 1727 τῇ
1372 1652 1510 1726 πρὸς
1563 1651 1655 1706 τὸν
1712 1651 1840 1706 Θεὸν
1902 1652 2005 1706 A6-

349 1769 447 1823 γον
479 1746 666 1802 ὲνώσει
698 1767 760 1800 τε
788 1744 879 1801 καὶ
907 1745 1126 1823 γνώσει.
1161 1742 1264 1799 Καὶ
1297 1742 1372 1806 ὡς
1426 1741 1588 1816 κόρον
1649 1740 1825 1795 αὐτῶν
1858 1738 2006 1815 λαμ-

348 1832 625 1891 ϐανόντων
649 1842 753 1904 τῆς
784 1834 927 1896 θείας
966 1833 1186 1906 ἀγάπης
1230 1832 1319 1887 καὶ
1381 1830 1631 1905 θεωρίας,
1689 1831 1825 1885 κατὰ
1881 1830 2008 1885 ἀνα-

2126 946 2358 987 errores
2405 938 2711 989 sectentur
2757 940 2935 1006 atque
2984 936 3257 1007 doceant,
3313 939 3784 999 existimavimus

2124 1036 2329 1076 curam
2368 1029 2427 1077 et
2473 1023 2924 1095 inquisitionem
2956 1025 3027 1081 de
3071 1026 3145 1080 iis
3175 1027 3599 1098 adhibendam,
3635 1048 3712 1087 ne
3742 1033 3783 1088 ii

2119 1109 2192 1165 ad
2213 1116 2543 1167 extremum
2567 1113 2925 1169 Graacanicis
2950 1115 3413 1186 etjManichaicis
3436 1119 3560 1174 suis
3581 1120 3775 1192 impo-

2121 1201 2300 1255 sturis
2350 1201 2569 1257 multos
2617 1204 2888 1274 perdant.
2941 1207 3081 1259 Nam
3133 1211 3199 1260 ut
3243 1205 3317 1261 de
3356 1208 3560 1264 multis
3590 1226 3779 1282 pauca

2120 1305 2680 1361 commemoramus,
2699 1299 2933 1348 mentes
2963 1295 3133 1349 aiunt
3152 1295 3332 1351 fuisse
3352 1297 3698 1355 innumeras
3721 1306 3781 1356 et

2118 1379 2383 1435 nominis
2412 1383 3034 1453 expertes,omniaque
3056 1386 3286 1441 ratione
3317 1387 3565 1456 praedita
3591 1406 3776 1445 unum

2117 1484 2247 1523 esse
2277 1467 2555 1540 idemque
2588 1471 2922 1527 substantia
2952 1478 3009 1527 et
3051 1473 3334 1542 efficacia,
3374 1476 3775 1549 facultateque

2117 1556 2189 1611 ad
2223 1558 2407 1612 Deum
2454 1559 2706 1614 Verbum
2742 1566 2800 1616 et
2829 1562 3172 1633 cognitione
3205 1568 3410 1620 omnia
3438 1566 3624 1621 unita.
3661 1569 3776 1623 Has

2115 1651 2368 1716 mentes,
2402 1664 2537 1703 cum
2571 1650 2790 1705 amoris
2822 1667 2888 1705 ac
2920 1653 3445 1724 contemplationis
3472 1656 3575 1710 Dei
3606 1659 3775 1713 satie-

2114 1740 2203 1791 tas
2235 1752 2333 1790 eas
2365 1737 2621 1808 cepisset
2660 1755 2767 1809 pro
2798 1755 2865 1794 eo
2917 1746 2984 1794 ut
3012 1742 3234 1811 qumvis
3277 1744 3465 1813 magis
3504 1745 3773 1803 minusve

2112 1825 2174 1881 in
2207 1824 2468 1881 deterius
2521 1826 2870 1895 desciverat,
2919 1830 3006 1884 vel
3037 1831 3333 1886 crassiora
3362 1832 3450 1887 vel
3499 1836 3771 1892 tenuiora

345 1924 535 2001 λογίαν
566 1931 668 1994 τῆς
698 1924 787 1979 ἐπὶ
816 1924 880 1979 τὸ
928 1927 1116 1998 χεῖρον
1171 1920 1399 1977 ἒκάστου
1453 1926 1666 1996 τροπῆς
1726 1918 2004 1994 λεπτομε-

2118 1931 2365 1985 corpora
2412 1914 2579 1970 indui
2620 1921 2798 1987 atque
2846 1918 3093 1975 nomina
3141 1920 3362 1989 sortiri,
3406 1925 3584 1993 atque
3630 1924 3770 1981 inde

344 2015 567 2091 ρέστερα
623 2014 659 2085 ἢ
709 2014 801 2068 καὶ
849 2013 1132 2088 παχύτερα
1187 2012 1417 2082 σώματα
1489 2009 1857 2089 ἀμφιάσασθαι
1915 2026 2007 2080 καὶ

342 2103 591 2177 ὀνόματα
613 2103 1030 2178 κληρώσασθαι,
1082 2102 1362 2156 κάντεῦθεν
1417 2100 1514 2162 τὰς
1574 2100 1861 2174 οὐρανίους
1917 2100 2006 2178 καί

349 2193 730 2269 λειτουργικάς
790 2193 1093 2261 ὑποστῆναι
1150 2188 1429 2263 δυνάμεις.
1487 2187 1665 2246 ’Δλλὰ
1726 2191 1835 2262 μην
1915 2177 2007 2245 καἱ

341 2282 510 2353 ἥλιον
552 2282 644 2338 καὶ
676 2279 914 2353 σελήνην
943 2281 1033 2336 καὶ
1090 2281 1220 2344 τοὺς
1275 2279 1521 2355 ἀστέρας,
1574 2278 1664 2334 καὶ
1721 2277 1854 2334 αὐτᾶ
1903 2286 2004 2349 τῆς

338 2373 508 2440 αὐτῆς
539 2377 649 2429 τῶν
679 2372 924 2446 λογικῶν
956 2368 1145 2433 ἐνάδος
1172 2365 1323 2440 ὅντα,
1354 2367 1415 2425 ἐκ
1468 2376 1569 2438 τῆς
1597 2366 1684 2425 ἒπί
1736 2371 1803 2425 τά
1831 2368 2005 2445 χείρω

337 2468 550 2538 τροπῆς
637 2465 802 2517 τοῦτο
885 2461 1159 2536 γεγονεναι
1242 2458 1375 2533 ’ὅπερ
1453 2457 1576 2516 εἶσί.
1641 2456 1721 2513 Τά
1800 2455 1859 2512 δὲ
1916 2457 2005 2514 ἐπὶ

341 2550 536 2607 πλεῖον
596 2557 698 2620 τῆς
757 2550 902 2611 θείας
982 2547 1326 2624 ἀποψυγέντα
1382 2545 1583 2621 λογικά
1645 2546 1826 2622 ψυχὰς
1882 2548 2006 2603 ὀνο-

346 2647 614 2713 μασθῆναι
670 2638 760 2695 καὶ
814 2638 1034 2711 σώμασι
1095 2636 1429 2712 παχυτέροις
1512 2641 1630 2698 τοῖς
1684 2638 1804 2692 καθ’
1855 2638 2004 2710 ἡμᾶς

340 2726 712 2805 ἐμϐληθῆναι.
744 2732 831 2787 Τὰ
861 2727 920 2786 δὲ
948 2728 1037 2785 ἐπὶ
1089 2730 1154 2785 τὸ
1206 2726 1368 2802 ἄκρον
1426 2732 1527 2794 τῆς
1574 2727 1763 2789 κακίας
1796 2726 2002 2800 ἐληλα-

342 2823 475 2877 κότα
524 2825 767 2896 ψυχροῖς
822 2819 913 2875 καὶ
973 2823 1222 2899 ζοφεροῖς
1275 2815 1551 2885 ἐνδεθῆναι
1617 2817 1853 2890 σώμασι,
1911 2818 2001 2874 καὶ

339 2907 609 2984 δαίμονας
663 2910 1031 2981 ὀνομασθῆναι
1084 2906 1371 2983 γενόμενα.
1432 2907 1535 2963 Καὶ
1567 2905 1653 2961 ὅτι
1702 2906 1753 2977 ἐξ
1784 2906 2004 2982 ἀγγελι-

341 3005 445 3068 γῆς
481 3000 577 3071 μὶν
604 2997 979 3059 καταστάσεως
1020 2998 1233 3076 ψυχική
1302 2995 1502 3071 γίνεται
1561 2996 1908 3063 κατάστασις,
1943 2996 2002 3051 ἐκ

345 3083 404 3142 δὲ
431 3093 534 3156 τῆς
564 3089 809 3166 ψυχικῆς
839 3082 1218 3159 δαιμονιώδης
1267 3104 1323 3139 τε
1362 3083 1452 3138 καὶ
1503 3082 1839 3159 ἀνθρωπίνη.
1871 3085 2001 3140 Ἕνα

347 3172 407 3229 δὶ
467 3175 632 3247 μόνον
687 3179 809 3231 νοῦν
859 3171 922 3230 ἔκ
975 3175 1157 3244 πάσης
1209 3179 1313 3243 τῆς
1363 3168 1551 3234 ὲνάδος
1602 3176 1711 3227 τῶν
1762 3171 2001 3246 λογικῶν

342 3261 647 3334 ἀκλόνητον
712 3268 888 3336 μεῖναι
945 3261 1036 3318 καὶ
1094 3261 1350 3332 ἀκίνητον
1414 3268 1516 3330 τῆς
1566 3261 1713 3325 θείας
1781 3261 1998 3336 ἀγάπης

343 3351 434 3407 καί
468 3353 718 3427 θεωρίας,
753 3351 813 3415 ὅς
832 3351 924 3408 καὶ
968 3352 1200 3428 Χριστὸς
1264 3351 1519 3426 βασιλεὺς
1572 3353 1664 3407 καὶ
1721 3350 2007 3426 ἃνθρωπος

338 3442 637 3520 γεγονέναι.
701 3442 817 3500 Καί
876 3443 961 3498 ὅτι
1044 3441 1322 3513 παντελής
1380 3442 1490 3498 ἐστι
1574 3446 1683 3497 τῶν
1740 3443 2008 3515 σωμάτων

339 3529 628 3607 ἀναίρεσις,
674 3531 841 3587 αὐτοῦ
921 3536 1017 3587 τοῦ
1074 3531 1273 3606 Κυρίου
1327 3530 1557 3607 πρώτου
1614 3531 2007 3606 ἀποτιθεμένου

342 3621 407 3677 τὸ
466 3618 606 3676 ἴδιον
662 3624 823 3695 σῶμα
879 3621 970 3676 καὶ
1027 3626 1137 3676 τῶν
1193 3618 1409 3676 λοιπῶν
1449 3620 1720 3678 ἁπάντων.
1765 3621 1863 3676 Καὶ
1921 3622 2006 3677 ’ὁτι

339 3709 770 3782 ἀνακομίζονται
824 3708 991 3765 πάλιν
1030 3710 1261 3775 ἅπαντες
1315 3709 1392 3772 είς
1475 3712 1575 3780 τήν
1626 3708 1791 3779 αὐτὴν
1848 3708 2008 3767 ἑνάδα

343 3800 434 3854 καὶ
464 3798 712 3874 γίνονται
775 3801 916 3866 νόες,
949 3799 1088 3854 καθά
1138 3800 1226 3854 καὶ
1289 3797 1341 3853 ἐν
1390 3801 1428 3871 ᾗ
1483 3798 1817 3872 προϋπάρξει
1847 3799 2008 3877 ἐτύγ-

342 3904 532 3961 χανον,
564 3885 1074 3959 ἀποκαθισταμένου
1134 3884 1392 3957 δηλονότι
1450 3886 1539 3941 καὶ
1571 3887 1739 3941 αὐτοῦ
1767 3890 1865 3943 τοῦ
1896 3884 2007 3943 δια-

344 3969 524 4028 ϐόλου
553 3973 644 4028 καὶ
673 3978 784 4028 τῶν
826 3972 1041 4029 λοιπῶν
1103 3971 1379 4046 δαιμόνων
1435 3972 1513 4038 εἷς
1555 3975 1656 4043 τήν
1686 3973 1856 4043 αὐτὴν
1886 3974 2003 4030 ἒνά-

343 4057 430 4130 δα,
462 4066 555 4116 καί
583 4065 697 4116 τῶν
739 4056 949 4116 ἀσεϐῶν
979 4062 1069 4117 καὶ
1127 4061 1298 4127 ἀθέων
1357 4061 1656 4132 ἀνθρώπων
1715 4062 1852 4134 μετά
1896 4067 2005 4117 τῶν

340 4149 503 4204 θείων
527 4150 619 4205 καὶ
654 4150 933 4230 θεοφόρων
963 4148 1173 4224 ἀνδρῶν
1219 4152 1310 4205 καὶ
1367 4154 1477 4205 τῶν
1539 4149 1801 4225 οὐρανίων
1853 4147 2007 4205 δυνά-

344 4259 509 4314 μεων,
544 4239 635 4293 καὶ
667 4239 768 4309 τὴν
798 4238 971 4308 αὐτ-ἣν
1029 4237 1257 4308 ἐξόντων
1310 4235 1502 4308 ἕνωσιν
1562 4239 1698 4314 πρὸς
1729 4239 1823 4296 τὸν
1876 4239 2004 4294 Θεὸν

346 4310 541 4382 ὃπόίαν
575 4322 696 4402 ἔχει
724 4327 815 4383 καὶ
872 4328 900 4383 ὀ
957 4328 1220 4402 Χριστὸς,
1259 4327 1440 4391 καθὼς
1486 4328 1578 4383 καὶ
1609 4310 2003 4403 προϋπῆρχεν,

339 4416 418 4477 ὡς
481 4412 759 4489 μηδεμίαν
819 4418 958 4472 εἶναι
1018 4414 1280 4494 διαφορὰν
1337 4421 1417 4488 τῷ
1476 4422 1694 4492 Χριστῷ
1744 4418 1880 4492 πρὸς
1937 4419 2003 4473 τὰ

341 4503 513 4560 λοιπὰ
554 4502 760 4581 λογικὰ
792 4504 1102 4575 παντελῶς,
1134 4505 1255 4562 οὕτε
1284 4510 1353 4580 τῇ
1386 4505 1564 4577 οὐσίᾳ,
1596 4506 1719 4561 οὔτε
1762 4510 1832 4580 τῇ
1864 4509 2002 4583 γνώ-

336 4613 441 4662 σει,
474 4594 605 4648 οὕτε
631 4599 700 4669 τῇ
730 4591 975 4666 δυνάμει,
1018 4595 1148 4650 οὕτε
1202 4598 1272 4669 τῇ
1331 4593 1588 4670 ἐνεργείᾳ.
1643 4596 1706 4652 Ὀ
1754 4599 1859 4671 γάρ
1916 4617 2003 4652 τοι

344 4678 667 4759 Πυθαγόρας
722 4683 905 4759 ἀρχὴν
952 4688 1062 4739 τῶν

338 4769 569 4844 μονάδα·
624 4772 715 4827 καὶ
773 4773 940 4828 πάλιν
1001 4773 1314 4849 Πυθαγόρας
1372 4773 1460 4828 καὶ
1536 4773 1765 4830 Πλάτων
1826 4773 2004 4848 δῆμόν

334 4881 463 4916 τινα
493 4865 687 4937 ψυχῶν
746 4862 1055 4935 ἀσωμάτων
1115 4863 1386 4931 εἰπόντες,
1434 4864 1527 4919 καὶ
1581 4865 1677 4926 τὰς
1736 4863 2003 4940 ἁμαρτάδι

336 4949 443 5003 τινὶ
526 4950 928 5021 περιπεσούσας
1012 4952 1285 5026 τιμωρίας
1370 4952 1534 5026 χάριν
1616 4952 1692 5015 είς
1777 4954 2006 5027 σώματα

334 5042 431 5115 [Ρ.
465 5043 593 5114 378]
625 5040 1072 5113 καταπέμπεοθαι
1112 5041 1388 5117 λέγουσιν.
1423 5042 1575 5096 Ὅθεν
1611 5043 1638 5097 ὁ
1672 5042 1900 5099 Πλάτων
1927 5042 2008 5100 δὲ-

345 5151 451 5203 μας
482 5130 545 5185 τὸ
577 5135 738 5202 σῶμα
769 5131 859 5187 καὶ
892 5137 1045 5203 σῆμα
1073 5130 1352 5201 ἐκάλεσεν,
1387 5132 1461 5193 ὡς
1494 5131 1658 5187 οἷονεί
1686 5140 1784 5202 τῆς
1817 5137 2005 5208 ψυχῆς

337 5218 387 5275 ἐν
422 5218 609 5292 τούτῳ
637 5216 934 5294 δεδεμένης
960 5221 1051 5275 καὶ
1094 5220 1463 5294 τεθαμμένης.
1528 5222 1656 5278 Εἶτα
1715 5223 1838 5291 περὶ
1901 5231 2003 5291 τῆς

347 5295 613 5382 ἐσομένης
643 5310 878 5381 κρίσεως
906 5310 998 5365 καὶ
1030 5305 1448 5372 ἀνταποδόσεως
1479 5314 1586 5365 τῶν
1620 5313 1815 5386 ψυχῶν
1847 5312 2002 5375 αὖθίς

338 5419 519 5475 φησιν·
556 5399 617 5455 Ἠ
653 5398 748 5470 μὲν
771 5395 1301 5473 παιδεραστήσαντος
1330 5399 1418 5453 καὶ
1483 5403 1664 5462 κακῶς
1699 5400 2005 5473 βιώσαντος

342 5488 479 5558 μετά
510 5484 841 5564 φιλοσοφίας
873 5488 1028 5563 ψυχή
1058 5489 1217 5563 τρίτῃ
1246 5484 1490 5562 περιόδῳ
1547 5491 1615 5560 τῇ
1649 5487 1885 5563 χιλιετεῖ
1913 5489 1998 5544 ἐᾶ-

340 5596 428 5631 ται
460 5573 819 5646 κολασοῆναι,
876 5576 967 5631 καὶ
1028 5576 1174 5632 οὓτω
1224 5582 1565 5651 πτερωοεῖσα
1619 5581 1701 5649 τῷ
1731 5577 2007 5651 κιλιοστῷ

340 5659 446 5720 ἔτει
481 5659 807 5721 ἐκϐάλλεται
838 5665 928 5721 καὶ
961 5667 1283 5744 ἀπὲρχεταισ
1347 5669 1402 5723 αἱ
1460 5665 1519 5722 δὲ
1568 5666 1735 5724 ἂλλαι
1795 5670 1997 5725 ὁπόταν

339 5751 499 5813 τόνδε
526 5754 619 5810 τὸν
651 5753 772 5831 βίον
797 5754 1178 5825 τελέσωσιν,αί
1211 5757 1308 5832 μὶν
1329 5757 1405 5821 εἰς
1437 5758 1504 5814 τὰ
1522 5758 1627 5814 ὑπὸ
1656 5765 1757 5833 γῆν
1780 5756 2003 5815 δικαιω-

2121 2003 2458 2059 cmlestibus
2497 2009 2556 2059 et
2594 2004 2962 2061 administris
2994 2007 3378 2064 facultatibus
3407 2027 3538 2065 esse
3567 2012 3769 2085 subje-

2120 2097 2264 2148 ctas.
2301 2095 2500 2164 Ipsum
2519 2094 2664 2150 adeo
2685 2094 2891 2161 solem,
2916 2095 3123 2153 lunam
3146 2102 3204 2152 et
3224 2098 3450 2169 stellas,
3482 2117 3618 2157 cum
3641 2101 3773 2174 ipsa

2119 2198 2355 2253 quoque
2388 2182 2448 2237 in
2478 2184 2755 2239 rationali
2788 2184 2902 2240 ista
2931 2186 3160 2242 unitate
3186 2194 3408 2255 essent,
3442 2192 3770 2248 mutatione

2117 2270 2179 2325 in
2209 2270 2472 2327 deterius
2510 2271 2666 2329 facta
2714 2274 2775 2329 id
2805 2275 3052 2346 ccepisse
3095 2292 3226 2332 esse
3256 2277 3413 2347 quod
3452 2286 3611 2335 sunt.
3660 2283 3771 2336 Eas

2114 2377 2250 2415 vero
2308 2366 2540 2417 mentes
2602 2362 2664 2418 in
2720 2364 2939 2435 quibus
2989 2365 3091 2420 Dei
3137 2381 3308 2421 amor
3348 2368 3536 2440 magis
3589 2370 3769 2426 etiam

2114 2451 2367 2516 refrixit,
2437 2454 2669 2509 animas
2735 2454 2939 2522 factas,
2973 2460 3031 2512 et
3095 2458 3490 2514 crassioribus
3562 2461 3764 2531 qualia

2115 2548 2322 2598 nostra
2376 2548 2516 2598 sunt
2571 2543 2918 2615 corporibus
2975 2545 3239 2600 immitti.
3298 2547 3439 2611 Qum
3496 2565 3633 2604 vero
3690 2549 3768 2606 ad

2115 2636 2448 2685 extremum
2497 2632 2901 2710 perversitatis
2949 2634 3243 2702 venerint,
3271 2651 3372 2690 eas
3420 2636 3648 2709 frigidis
3700 2655 3770 2694 ac

2114 2718 2455 2792 caliginosis
2530 2719 2713 2775 inseri
2791 2721 3162 2792 corporibus,
3240 2739 3389 2795 quos
3466 2725 3772 2783 daemonas

2113 2813 2341 2863 vocant.
2391 2810 2474 2863 Ex
2517 2807 2786 2880 angelico
2819 2810 3069 2881 proinde
3112 2816 3271 2867 statu
3317 2813 3666 2885 animalem,
3701 2833 3772 2872 ex

2113 2897 2360 2954 animali
2401 2898 2799 2954 dmmonicum
2841 2899 2969 2954 ﬁeri
3020 2907 3080 2955 et
3125 2902 3480 2959 humanum.
3523 2905 3604 2960 De
3651 2911 3777 2962 tota

2114 2992 2313 3043 autem
2343 2987 2572 3043 unitate
2600 2988 2880 3044 mentium
2911 3005 3096 3045 unam
3127 2989 3424 3048 duntaxat
3444 2995 3782 3064 perstitisse

2111 3077 2445 3144 immotam,
2468 3095 2667 3150 neque
2688 3079 2762 3134 ab
2788 3096 2990 3136 amore
3013 3087 3073 3136 et
3092 3082 3247 3138 662
3269 3085 3781 3158 contemplatione

2110 3167 2213 3223 Dei
2262 3184 2500 3240 passam
2531 3184 2595 3224 se
2629 3167 2880 3224 abduci:
2932 3186 3064 3225 eam
3116 3186 3246 3227 esse
3293 3171 3619 3244 Christum,
3671 3168 3783 3248 qui

2120 3258 2278 3313 Deus
2330 3262 2389 3312 et
2445 3257 2622 3313 homo
2682 3257 2883 3315 fuerit.
2942 3259 3259 3316 Afﬁrmant
3296 3261 3477 3318 etiam
3528 3280 3781 3336 corpora

2122 3363 2366 3418 prorsus
2386 3346 2655 3415 interire,
2675 3347 2988 3419 ipsumque
3007 3348 3198 3419 primo
3221 3350 3540 3407 Dominum
3563 3368 3780 3425 corpus

2114 3450 2297 3491 suum
2328 3432 2641 3505 abjecisse,
2667 3440 2726 3489 et
2752 3434 2814 3489 id
2841 3452 3049 3492 omnes
3082 3436 3357 3494 homines
3387 3438 3617 3505 facere;
3644 3457 3781 3495 rur-

2122 3539 2375 3595 sumque
2407 3540 2615 3580 omnes
2636 3524 2699 3579 in
2720 3524 3015 3580 unitatem
3044 3525 3242 3582 redire
3272 3543 3340 3582 ac
3369 3535 3601 3584 mentes
3625 3530 3776 3587 ﬁeri.

2123 3613 2278 3668 sicut
2300 3612 2372 3668 ab
2405 3614 2576 3668 initio
2598 3612 2872 3681 fuerant;
2905 3614 3103 3686 ipsum
3142 3615 3417 3673 videlicet
3446 3618 3625 3674 etiam
3657 3618 3781 3675 dia-

2120 3701 2327 3757 bolum
2360 3707 2420 3757 et
2466 3702 2731 3773 reliquos
2770 3703 3094 3774 daemones,
3127 3704 3461 3777 impiosque
3501 3707 3777 3764 homines

2122 3790 2185 3846 in
2234 3791 2506 3847 eamdem
2539 3808 2676 3848 cum
2725 3793 2946 3849 sanctis
2980 3798 3038 3849 et
3066 3794 3283 3851 divinis
3331 3796 3675 3852 hominibus
3707 3814 3776 3853 ac

2122 3878 2456 3936 coelestibas
2468 3879 2851 3937 facultatibus
2866 3881 3156 3938 unitatem
3168 3883 3776 3950 restitutum,eodem-

2123 3985 2238 4039 que
2269 3984 2386 4039 quo
2415 3969 2543 4040 ipse
2582 3969 2851 4025 Christus
2878 3969 3055 4026 modo
3082 3988 3219 4027 cum
3248 3973 3369 4028 Deo
3400 3972 3638 4028 unitum
3677 3975 3775 4045 iri,

2123 4057 2276 4111 sicut
2305 4061 2365 4111 et
2411 4057 2705 4129 principio
2735 4058 2887 4113 uniti
2919 4059 3175 4115 fuerant.
3207 4063 3397 4131 Atque
3426 4060 3575 4117 adeo
3606 4062 3776 4117 Chri-

2125 4152 2281 4200 stum
2314 4145 2489 4217 plane
2531 4146 2684 4201 nihil
2726 4162 2761 4201 a
2788 4146 3036 4218 reliquis
3086 4148 3316 4203 ratione
3370 4149 3635 4219 praeditis
3661 4149 3778 4205 dif—

2124 4233 2300 4289 ferre.
2347 4250 2542 4305 neque
2589 4233 2924 4291 substantia
2970 4252 3164 4306 neque
3213 4237 3553 4308 cognitione
3582 4254 3777 4308 neque

2122 4324 2402 4379 facultate
2472 4339 2666 4395 neque
2739 4324 3108 4380 el'ﬁcacitate.
3188 4324 3341 4379 Sane
3410 4326 3776 4399 Pythagoras

2122 4412 2485 4485 principium
2517 4412 2784 4468 omnium
2807 4430 3008 4468 rerum
3032 4430 3164 4469 esse
3187 4414 3477 4470 unitatem
3509 4431 3776 4486 pronun-

2122 4501 2306 4556 tiavit.
2331 4502 2615 4573 Idemque
2641 4508 2701 4556 et
2728 4501 2894 4556 Plato
2915 4501 3267 4567 docuerunt,
3299 4518 3426 4557 esse
3452 4501 3772 4574 quamdam

2122 4596 2356 4663 gentem
2379 4591 2713 4646 animarum
2736 4592 3003 4662 corporis
3025 4591 3377 4662 expertium,
3402 4609 3534 4663 quae
3558 4592 3606 4647 si
3628 4592 3773 4664 quid

1159 4684 1374 4739 πάντων
1429 4678 1628 4761 ἔφησεν
1713 4686 1847 4740 εἶναι
1898 4687 1998 4754 τὴν

2118 4680 2486 4751 delinquant,
2535 4697 2723 4752 paena:
2771 4681 2900 4736 loco
2951 4681 3013 4735 in
3061 4697 3314 4753 corpora
3356 4682 3768 4751 demittantur,

2115 4769 2510 4834 Quamobrem
2562 4771 2727 4825 Plato
2778 4787 2992 4842 corpus
3042 4787 3229 4840 soma,
3272 4772 3445 4842 quasi
3491 4788 3676 4837 sema,
3709 4771 3771 4827 id

2115 4870 2206 4917 est
2263 4862 2721 4929 monimentum,
2790 4868 2849 4918 et
2905 4861 3130 4932 demas,
3194 4862 3253 4917 id
3312 4868 3402 4919 est
3471 4862 3771 4918 vinculum

2114 4951 2453 5022 appellavit,
2487 4950 2548 5004 in
2581 4967 2649 5005 eo
2684 4952 2948 5007 animam
3010 4952 3179 5023 quasi
3213 4953 3507 5023 sepultam
3541 4952 3772 5024 alligari

2115 5042 2411 5097 indicans.
2462 5043 2625 5097 Idem
2657 5042 2729 5097 de
2778 5042 2977 5099 futuro
3007 5044 3238 5115 judicio
3293 5050 3352 5099 et
3398 5045 3659 5115 praemiis
3706 5060 3775 5099 ac

2114 5131 2305 5202 pinnis
2353 5132 2692 5187 animarum
2746 5132 2831 5188 sic
2862 5133 3109 5188 scribit:
3160 5132 3503 5203 Philosophi
3552 5132 3773 5200 anima,

2116 5238 2249 5292 qum
2282 5220 2683 5276 masculorum
2710 5237 2912 5276 amore
2942 5227 3001 5275 et
3031 5219 3270 5292 ﬂagitiis
3303 5236 3366 5275 se
3396 5220 3631 5290 polluit,
3655 5226 3775 5277 tres

2114 5310 2481 5367 millenarias
2528 5311 2911 5367 circuitiones
2955 5327 3161 5381 pcenas
3207 5309 3335 5375 luit,
3382 5310 3580 5381 itaque
3612 5310 3776 5366 mille

2117 5401 2267 5456 simo
2303 5418 2459 5457 anno
2491 5401 2647 5456 alata
2678 5400 2916 5472 ejicitur
2945 5406 3004 5454 et
3031 5399 3173 5455 abit.
3207 5399 3470 5470 Reliquae
3520 5399 3631 5456 hac
3660 5400 3776 5456 vita

2118 5486 2433 5559 defunctae,
2457 5492 2589 5547 alias
2619 5491 2694 5547 ad
2718 5490 3044 5545 tribunalia
3073 5489 3229 5545 infra
3250 5496 3469 5547 terram
3492 5491 3770 5551 deferun-

2118 5585 2233 5650 tur,
2269 5598 2468 5653 pcenas
2504 5581 2584 5635 ibi
2616 5580 2839 5636 daturas
2888 5578 3047 5633 dicta
3093 5595 3292 5644 causa,
3323 5581 3455 5636 alia:
3502 5582 3565 5637 in
3596 5582 3772 5639 cccle-

2116 5678 2269 5727 stem
2300 5669 2620 5741 quemdam
2670 5668 2862 5724 locum
2923 5667 3238 5724 sublevataa
3268 5686 3304 5725 a
3341 5671 3496 5727 683
3532 5672 3770 5743 justitia

2113 5778 2222 5834 pro
2255 5761 2384 5816 vitae
2415 5760 2646 5816 meritis
2674 5758 2957 5814 beatitate
2975 5757 3276 5815 fruuntur.
3322 5761 3424 5817 Est
3452 5768 3652 5819 autem
3674 5760 3764 5821 in
