4120 6418
325 421 446 482 733

1709 408 2031 471 GEORGII
2073 410 2427 474 CEDRENI

3641 411 3763 473 ’128

336 555 619 625 promptu
638 550 820 621 hujus
844 548 1155 605 sententias
1179 546 1609 605 absurditatem
1633 542 1991 615 perspicere.

2127 544 2273 618 τήρια
2301 541 2557 608 ἐλθοῦσαι
2592 540 2749 614 δίκην
2785 541 2899 615 ’ἅμα
2929 539 3023 596 καί
3071 541 3235 616 λόγον
3297 541 3561 613 τίσουσιν,
3592 545 3649 599 αἱ
3708 543 3768 602 δὶ

342 645 482 710 Quis
514 641 673 695 (nim
705 656 841 695 eum
871 638 1073 693 docuit
1116 636 1485 693 millenarias
1526 636 1670 690 istas
1700 648 1996 688 annorum

345 730 786 795 conversiones,
820 734 878 783 et
933 726 1092 797 quod
1142 729 1280 780 4000
1310 726 1485 781 annis
1524 723 1744 794 elapsis
1773 721 1995 792 quasvis

349 822 553 880 anima
581 819 656 874 ad
705 834 880 873 suum
932 816 1234 887 perveniat
1280 816 1477 870 locum
1505 814 1532 868 ‘i
1575 813 1722 867 Nam
1772 828 1903 881 quin
1936 810 2000 867 in

350 910 548 969 medio
597 912 735 963 sunt
783 907 1017 970 horum,
1067 904 1139 960 de
1196 904 1288 959 his
1340 920 1416 959 ne
1471 900 1999 958 libidinosissimos

352 999 593 1073 quidem
642 995 843 1052 decuit
897 994 981 1049 ita
1027 995 1441 1066 pronuntiare,
1492 992 1715 1047 nedum
1767 994 1999 1045 tantum

349 1087 791 1163 philosophum.
825 1085 1053 1156 Quippe
1085 1101 1187 1139 eos
1213 1084 1314 1155 qui
1347 1084 1527 1138 vitam
1549 1079 2001 1153 perfectissimis

347 1177 534 1235 functi
582 1174 796 1231 ofﬁciis
831 1178 1100 1245 egerunt,
1162 1189 1296 1227 cum
1354 1170 1894 1243 intemperantibus
1944 1172 2004 1223 et

344 1264 754 1324 masculorum
813 1262 1179 1317 amatoribus
1223 1261 1575 1331 composuit,
1608 1258 2003 1327 eamdemque

343 1364 630 1428 utrosque
650 1370 892 1411 manere
914 1354 1085 1409 dixit.
1109 1354 1470 1425 Pythagoras
1493 1369 1651 1423 ergo,
1672 1352 1855 1419 Plato,
1874 1351 2005 1405 Ριω

346 1448 508 1504 tinus
521 1446 744 1516 aliique
763 1444 973 1499 horum
988 1440 1771 1508 tribules,immortalitatem
1786 1441 2003 1496 anima)

347 1550 470 1593 uno
520 1550 815 1591 consensu
845 1533 1232 1599 ascribenles,
1269 1549 1368 1586 eas
1400 1531 1744 1602 corporibus
1776 1531 2005 1599 priores

351 1625 741 1687 afﬁrmant,et
769 1638 901 1676 esse
933 1620 1252 1692 quamdam
1276 1620 1611 1675 animarum
1643 1625 1904 1691 gentem,
1936 1634 2005 1673 ac

353 1730 454 1770 eas
484 1730 616 1784 quae
648 1716 894 1782 peccant
922 1710 1054 1765 ideo
1083 1709 1141 1764 in
1165 1726 1415 1780 corpora
1434 1708 1649 1777 delabi,
1670 1708 2008 1780 pigrorum-

354 1820 468 1874 que
499 1803 730 1858 animas
774 1800 938 1855 abire
982 1799 1044 1853 in
1074 1799 1295 1865 asinos,
1344 1798 1648 1869 rapacium
1701 1798 1763 1852 in
1810 1798 2005 1869 lupos,

2108 631 2183 692 εἰς
2217 631 2468 708 οὐράνιόν
2500 655 2620 688 τινα
2648 633 2817 687 τόπον
2854 637 3226 708 κουφισθεῖσαι
3289 633 3396 690 ὑπὸ
3455 641 3555 702 τῆς
3606 632 3767 703 δίκης

2109 718 2376 791 διάξουσιν
2437 722 2624 796 ἀξίως,
2680 722 2861 784 καθὼς
2919 716 3172 781 ἐϐίωσαν.
3228 719 3306 779 Οὗ
3381 722 3480 790 τὴν
3534 723 3762 778 ἀτοπίαν

2107 813 2202 864 τοῦ
2234 806 2409 885 λόγου
2437 812 2767 883 καταμαθεῖν
2812 808 2997 886 ρἀιον
3053 810 3136 872 τίς
3196 811 3301 884 γὰρ
3366 810 3524 866 αὐτὸν
3559 809 3769 882 ἐδίδαξε

2106 899 2204 960 τὰς
2241 904 2348 954 τῶν
2383 899 2516 955 ἐτῶν
2546 899 2834 975 περιόδους
2896 900 2985 955 καὶ
3046 896 3308 971 χιλιάδας
3344 901 3470 969 ;καὶ
3519 902 3605 956 ὃτι
3672 920 3770 977 χι-

2111 986 2246 1044 λίων
2296 986 2710 1058 διεληλυθότων
2763 989 2922 1056 ἑτῶν,
2980 987 3104 1044 τότε
3156 993 3264 1043 τῶν
3313 992 3509 1068 ψυχῶν
3569 990 3770 1061 ἑκάστη

2111 1077 2187 1138 εἰς
2216 1078 2308 1133 τὸν
2344 1075 2480 1132 ἴδιον
2511 1077 2808 1152 ἀπὲρλεται
2841 1082 3031 1152 χῶρον
3068 1097 3080 1146 ;
3109 1078 3191 1134 Τὰ
3223 1074 3279 1132 δὲ
3331 1077 3528 1151 μεταξὺ
3556 1080 3768 1135 τούτων

2112 1164 2237 1223 οὐδὲ
2265 1173 2380 1231 τοῖς
2412 1167 2547 1244 ἄγαν
2577 1167 2994 1241 ἀσελγεστάταις
3026 1166 3269 1241 ἥρμοττε
3331 1169 3534 1243 Λὲγειν,
3598 1171 3771 1240 μήτοι

2110 1278 2173 1332 γε
2200 1257 2490 1336 φιλοσόφῳ
2518 1260 2773 1332 τοιούτῳ·
2804 1265 2921 1321 τοῖς
2952 1259 3057 1336 γὰρ
3114 1261 3214 1328 τήν
3272 1258 3544 1339 ἀκραιφνῆ
3596 1258 3765 1316 πολι-

2109 1349 2252 1405 τείαν
2310 1349 2698 1421 κατωρθωκόσι
2780 1347 2908 1413 τοὺς
2964 1346 3300 1407 ἀκολάστους
3361 1348 3451 1403 καὶ
3510 1346 3771 1424 παιδεράο

2114 1459 2239 1499 στας
2297 1439 2592 1510 συνέζευξε,
2650 1437 2742 1492 καὶ
2799 1438 3025 1500 τούτους
3078 1438 3360 1499 κάκείνους
3427 1443 3535 1493 τῶν
3593 1438 3772 1493 αὐτῶν

2113 1525 2307 1608 ἔφησεν
2337 1528 2767 1586 ἀπολαύσεσθαι.
2801 1527 3114 1603 Πυθαγόρας
3155 1527 3358 1597 τοίνυν,
3390 1529 3480 1583 καὶ
3512 1529 3771 1598 Πλάτων,

2113 1618 2201 1672 καὶ
2236 1616 2547 1687 ΙΙλωτῖνος,
2576 1616 2667 1672 καὶ
2699 1618 2751 1673 οἱ
2779 1625 2879 1686 τῆς
2912 1615 3125 1673 ἔκείνων
3186 1618 3522 1693 συμμορίας,
3555 1619 3763 1682 ἀθανά-

2112 1727 2239 1770 τους
2294 1706 2432 1761 εἶναι
2488 1707 2582 1767 τας
2642 1708 2823 1781 ψυχὰς
2882 1704 3427 1783 συνομολογήσαντες
3486 1707 3773 1784 προϋπάρ-

2114 1817 2233 1871 χειν
2266 1794 2462 1856 ταύτας
2494 1790 2697 1869 ἔφησαν
2728 1800 2835 1850 τῶν
2900 1796 3192 1870 σωμάτων,
3246 1796 3337 1851 καὶ
3387 1794 3564 1870 δῆμον
3631 1796 3769 1851 εἶναι

352 1892 697 1948 dolosorum
729 1890 792 1943 in
822 1888 1047 1959 vulpes.
1081 1888 1400 1943 mulierum
1432 1903 1636 1943 amore
1678 1887 2005 1943 furentium

2127 1890 2332 1961 ιιυχῶν,
2360 1885 2449 1939 καὶ
2495 1888 2591 1949 τὰς
2628 1883 3076 1957 πλημμελούσας
3136 1886 3211 1947 εἰς
3274 1888 3502 1957 σώματα
3539 1886 3768 1942 καταπί-

352 1985 415 2038 in
447 1998 648 2053 equos.
685 1980 796 2035 Sed
837 1979 1090 2034 ecclesia
1119 1978 1332 2033 divinis
1379 1978 1707 2049 astipulans
1739 1978 2004 2049 Scriptu-

349 2071 434 2126 ris
452 2071 713 2125 animam
733 2082 853 2123 una
874 2082 1009 2123 cum
1036 2081 1284 2138 corpore
1305 2067 1482 2121 condi
1504 2067 1786 2131 afﬁrmat,
1810 2083 2005 2138 neque

350 2160 607 2217 alterum
664 2158 853 2214 altero
899 2157 1064 2228 prius
1112 2173 1263 2224 esse,
1318 2161 1385 2211 ut
1428 2157 1662 2211 vecordi
1694 2157 1883 2212 visum
1918 2162 2008 2212 est

350 2247 611 2319 Origeni.
660 2248 913 2316 Propter
954 2245 1060 2300 has
1103 2245 1282 2315 igitur
1312 2244 1500 2299 malas
1543 2250 1601 2299 et
1638 2246 2008 2316 perniciosas

354 2336 696 2408 opiniones,
745 2339 849 2390 aut
905 2334 1117 2389 deliria
1164 2334 1385 2404 potius,
1444 2350 1545 2389 vos
1595 2334 1927 2401 hortamur,
1975 2352 2008 2390 ο

359 2425 719 2482 sanctissimi
750 2426 974 2489 Patres,
1000 2430 1067 2479 ut
1096 2424 1156 2479 in
1187 2441 1373 2479 unum
1415 2424 1648 2479 collecti
1681 2424 2011 2495 subjectam

361 2514 794 2587 expositionem
842 2519 900 2569 et
950 2514 1183 2585 singula
1231 2514 1363 2582 ejus
1412 2514 1606 2585 capita
1636 2515 2012 2585 examinatis,

364 2604 778 2674 damnetisque
809 2619 929 2658 una
971 2621 1103 2659 cum
1153 2604 1433 2675 Origenes
1483 2620 1693 2660 omnes
1725 2606 1825 2675 qui
1858 2606 2015 2661 idem

369 2690 637 2746 sentiunt
666 2693 769 2743 aut
798 2705 1154 2759 quocunque
1188 2694 1455 2760 tempore
1507 2690 1784 2745 sentient.

2114 1996 2287 2043 πτειν,
2320 1974 2395 2037 ὡς
2428 1972 2587 2053 ἔφην,
2617 1974 2707 2029 καὶ
2738 1974 2865 2037 τοὺς
2930 1974 3022 2045 μὲν
3079 1973 3310 2048 π;κροῦς
3359 1975 3435 2036 εἰς
3469 1973 3768 2049 πονηροὺς,

2114 2064 2239 2125 τοὺς
2301 2061 2359 2117 δὲ
2417 2063 2785 2136 ἀρπακτικοὺς
2842 2063 2918 2125 εἰς
2974 2062 3198 2133 λύκους,
3227 2061 3354 2124 τοὺς
3413 2060 3471 2119 δὲ
3510 2060 3772 2136 δολεροὺς

2118 2153 2193 2217 εἷς
2223 2152 2535 2224 ἀλώπεκας,
2566 2152 2693 2217 τοὺς
2723 2151 2781 2208 δὲ
2810 2151 3142 2226 θηλυμανεῖς
3182 2154 3257 2216 εἷς
3311 2153 3539 2216 ἳππους.
3595 2155 3657 2208 ἹΙ
3713 2150 3774 2209 δὶ

2118 2241 2419 2311 Ἐκκλησία
2474 2248 2593 2304 τοῖς
2654 2241 2819 2306 θείοις
2877 2243 3115 2315 ἑπομένη
3176 2242 3364 2317 λόγοις
3431 2243 3621 2320 φάσκει
3676 2243 3779 2311 τὴν

2121 2331 2309 2405 ψυχὴν
2340 2328 2917 2405 συνδημιουργηθῆναι
2947 2336 3026 2403 τῷ
3060 2333 3298 2404 σώματι,
3329 2333 3419 2387 καὶ
3462 2333 3526 2387 οὐ
3584 2332 3645 2387 τὸ
3679 2332 3778 2404 μὶν

2122 2423 2410 2497 πρότερον,
2441 2424 2502 2478 τὸ
2550 2420 2608 2477 δὲ
2664 2423 2909 2497 ὕστερον,
2940 2424 3076 2478 κατὰ
3123 2426 3223 2494 τήν
3282 2421 3589 2499 Ὠριγένους
3654 2444 3784 2501 φρε-

2123 2507 2474 2571 νοϐλάϐειαν.
2508 2512 2604 2567 Διά
2632 2517 2799 2567 ταῦτα
2839 2517 2971 2587 γοῦν
3019 2513 3086 2567 τὰ
3142 2515 3360 2587 πονηρὰ
3414 2514 3506 2568 καὶ
3561 2512 3785 2587 ὀλέθρια

2127 2597 2398 2677 δόγματα,
2462 2600 2674 2673 μᾶλλον
2736 2599 2793 2656 δὲ
2851 2601 3175 2676 ληρήματα,
3224 2603 3602 2677 προτρέπομεν
3654 2602 3779 2664 τοὺς

2130 2690 2461 2755 ὁσιωτάτους
2492 2692 2630 2763 ὑμᾶς
2661 2691 2735 2753 εἰς
2762 2688 2817 2746 ἓν
2858 2692 3232 2764 συνηγμένους
3290 2690 3571 2764 ἐπιμελῶν
3626 2691 3785 2747 ἐντυ-

371 2782 493 2852 χεῖν
523 2779 593 2849 τῇ
619 2775 1024 2852 ὒποτεταγμάνῃ
1055 2775 1281 2847 ἐκθέσει,
1311 2776 1403 2830 καὶ
1423 2773 1647 2832 ἕκαστον
1676 2782 1783 2832 τῶν
1816 2778 1983 2832 αὐτοῦ
2012 2777 2325 2855 κεφαλαίων
2358 2779 2676 2855 κατακρῖναί
2705 2800 2761 2835 τε
2791 2781 2879 2835 καὶ
2912 2780 3297 2854 ἀναθεματίσαι
3332 2780 3466 2854 μετὰ
3522 2785 3619 2836 τοῦ
3651 2777 3783 2835 δυσ-

368 2863 560 2929 σεϐοῦς
595 2866 906 2943 Ὠριγένους
925 2866 1016 2921 καὶ
1046 2866 1259 2920 πάντων
1293 2872 1401 2922 τῶν
1432 2866 1499 2922 τὰ
1527 2872 1751 2922 τοιαῦτα
1783 2867 2125 2943 φρονούντων
2223 2869 2605 2945 φρονησόντων
2639 2868 2716 2931 είς
2747 2867 2929 2932 τέλος.

439 2960 597 3015 σοι
624 2960 850 3023 Patres,
900 2958 996 3012 his
1025 2959 1283 3028 acceptis
1331 2958 1567 3025 litteris,
1619 2959 2017 3029 omnibusque

365 3047 698 3122 perpensis,
721 3047 1233 3103 exclamaverunt:
1257 3048 1621 3103 Damnamus
1644 3049 1771 3104 haec
1792 3051 2013 3121 omnia,

364 3144 426 3197 et
453 3154 659 3193 omnes
691 3137 793 3209 qui
823 3137 908 3193 ita
936 3136 1202 3193 sentiunt
1230 3142 1332 3193 aut
1372 3136 1651 3194 sentient.

434 3319 721 3377 Similiter
775 3319 958 3374 etiam
1015 3317 1089 3373 de
1110 3318 1417 3374 Theodoro
1474 3320 1847 3389 Mopsuestia
1898 3321 2017 3391 epi-

364 3427 544 3483 scopo
594 3415 653 3465 et
694 3408 943 3479 reliquis
972 3408 1055 3463 ita
1085 3407 1309 3463 habent
1356 3408 1733 3479 imperatoris
1764 3408 2014 3466 litteras:

364 3503 616 3573 Majores
668 3499 856 3555 nostri
888 3514 1039 3554 veras
1088 3497 1225 3552 ﬁdei
1274 3498 1554 3565 cultores,
1592 3499 1693 3569 qui
1742 3504 1881 3555 ante
1909 3515 2018 3554 nos

364 3588 685 3661 imperium
714 3587 809 3657 pie
840 3586 1423 3647 administraverunt.
1453 3603 1692 3657 operam
1728 3586 2021 3642 dederunt

368 3685 436 3734 ut
476 3677 687 3749 quovis
739 3681 1002 3745 tempore
1057 3679 1405 3730 enascentes
1443 3676 1698 3731 haereses
1748 3677 2018 3733 concrliis

368 3766 883 3823 sanctissimorum
911 3764 1264 3834 pontiﬁcum
1287 3765 1723 3832 exscinderent,
1748 3782 2020 3838 verzeque

371 3856 510 3913 ﬁdei
541 3871 689 3927 puro
712 3854 1004 3925 praeconio
1026 3853 1259 3925 vulgato
1281 3860 1541 3909 sanctam
1573 3855 1674 3910 Dei
1700 3856 2018 3911 Ecclesiam

366 3952 637 4020 pacatam
668 3949 1105 4000 conservarent.
1140 3943 1277 3998 Ideo
1311 3945 1732 4001 Constantinus
1755 3947 2015 4019 Magnus,

362 4035 699 4107 Arioimpie
716 4035 1052 4090 afﬁrmante
1070 4034 1284 4088 Filium
1305 4050 1425 4089 non
1443 4050 1571 4089 esse
1591 4036 1858 4106 ejusdem
1883 4052 2019 4091 cum

367 4128 480 4182 Deo
529 4126 702 4180 Patre
751 4123 1119 4189 substantias,
1171 4124 1277 4179 sed
1325 4140 1399 4179 ex
1445 4124 1634 4180 nihilo
1686 4126 2017 4193 conditum,

360 4218 617 4273 Nicaeam
647 4215 751 4270 3l8
775 4215 979 4270 Patres
1000 4215 1360 4277 convocavit,
1395 4219 1574 4285 atque
1607 4215 1731 4285 ipse
1763 4216 2018 4271 concilio

364 4308 418 4363 ei
458 4304 727 4363 interfuit
759 4321 771 4371 ;
802 4304 903 4359 ubi
936 4303 1076 4359 Ario
1107 4304 1390 4359 damnato
1424 4311 1482 4360 et
1510 4306 1842 4377 proscripto
1867 4322 2018 4362 veras

366 4398 505 4453 ﬁdei
556 4395 980 4454 conﬁrmandae
1031 4394 1293 4449 intentus
1337 4396 1469 4457 fuit.
1504 4412 1683 4467 quam
1716 4397 1895 4452 divini
1931 4398 2019 4454 illi

370 4490 573 4542 Patres
602 4485 854 4558 professi
908 4489 1049 4538 sunt
1091 4490 1151 4538 et
1196 4502 1329 4555 quas
1382 4484 1679 4556 hodieque
1727 4492 2020 4557 cantatur,

372 4575 583 4631 Filium
615 4574 884 4646 ejusdem
910 4587 1040 4628 esse
1071 4589 1204 4629 cum
1232 4576 1351 4629 Deo
1372 4576 1545 4629 Patre
1577 4578 1872 4644 essentia),
1903 4593 2022 4631 non

2198 2961 2375 3033 “Απερ
2404 2957 2472 3029 δὴ
2507 2959 2701 3015 λοιπὸν
2754 2962 2788 3028 ἡ
2840 2956 3066 3022 σύνοδος
3133 2960 3429 3026 ἀκούσασα,
3462 2959 3552 3015 καὶ
3610 2960 3781 3017 πάντα

2130 3048 2504 3123 βασανίσαντες
2553 3049 2605 3103 oi
2666 3051 2800 3104 θεῖοι
2859 3048 3089 3122 Πατὲρες
3170 3045 3478 3121 ἐξεϐόησαν·
3561 3051 3775 3106 Ἀναθε-

2130 3139 2428 3212 ματίζομεν
2462 3136 2615 3201 ὅλοις
2648 3138 2864 3203 τούτοις
2896 3138 3032 3211 μετὰ
3063 3138 3276 3193 πάντων
3310 3144 3414 3194 τῶν
3461 3137 3528 3193 τὰ
3557 3143 3783 3195 τοιαῦτα

2128 3225 2472 3304 φρονούντων
2502 3227 2538 3295 ἢ
2570 3228 2957 3305 φρονησάντων
2993 3230 3164 3304 μέχρι
3206 3227 3423 3292 τέλους.

2199 3316 2474 3377 Ὡσαύτως
2505 3313 2562 3371 δὲ
2592 3317 2681 3371 καὶ
2730 3317 2855 3390 περὶ
2912 3315 3197 3392 Θεοδώρου
3254 3322 3352 3373 τοῦ
3411 3318 3787 3391 Μοψουεστίας

2127 3407 2216 3461 καὶ
2246 3412 2353 3462 τῶν
2386 3406 2597 3463 λοιπῶν
2630 3408 2774 3463 οὕτω
2806 3406 2972 3462 πάλιν
3009 3410 3171 3485 φησὶν
3200 3410 3229 3464 ὁ
3280 3408 3564 3483 βασιλικὸς
3594 3406 3784 3472 τύπος.

2132 3493 2355 3565 Σπουδή
2386 3496 2574 3571 γὲγονε
2610 3502 2729 3559 τοῖς
2786 3494 3099 3571 ὀρθοδόξοις
3156 3499 3245 3554 καὶ
3305 3494 3536 3560 εὐσεϐῶς
3584 3492 3789 3572 προϐε-

2130 3580 2479 3640 ϐασιλευκόσι
2535 3591 2650 3641 τοῖς
2710 3585 3001 3662 ἡμετέροις
3069 3588 3300 3660 πατράσι
3356 3586 3451 3649 τὶς
3479 3587 3615 3642 κατὰ
3660 3605 3785 3640 και-

2132 3676 2223 3749 ρὸν
2294 3673 2666 3745 ἀναφυομένας
2746 3674 2980 3749 αἱρέσεις
3047 3672 3138 3730 διὰ
3193 3673 3432 3732 συνόδων
3475 3677 3785 3731 ὁσιωτάτων

2130 3763 2316 3839 ἰερὲων
2368 3764 2671 3833 ἐκκόπτειν,
2722 3765 2813 3819 καὶ
2868 3772 2968 3834 τῆς
3029 3765 3196 3839 ὀρθῆς
3242 3765 3475 3826 πίστεως
3533 3766 3783 3838 καθαρῶς

2129 3855 2539 3930 κηρυττομένης
2600 3854 2651 3910 ἐν
2714 3854 2907 3930 εἷρτςνῃ
2966 3857 3065 3923 τὴν
3120 3856 3273 3930 ἁγίαν
3325 3860 3422 3911 τοῦ
3485 3860 3619 3910 Θεοῦ
3660 3857 3786 3910 Ἐκ-

2129 3944 2363 4016 κλησίαν
2417 3943 2825 4023 διαφυλάττειν.
2886 3941 3082 4019 Διόπερ
3158 3945 3247 4000 καὶ
3298 3950 3695 4007 Κωνσταντῖνος
3758 3944 3786 3999 ὁ

2131 4035 2316 4108 Μέγας
2350 4034 2563 4109 Ἀρείου
2598 4033 3058 4111 βλασφημοῦντος
3104 4034 3194 4089 καὶ
3227 4038 3314 4105 [Ρ.
3371 4037 3498 4109 379]
3531 4034 3787 4108 λέγοντος

2136 4126 2210 4197 μή
2246 4125 2377 4179 εἶναι
2417 4123 2511 4178 τὸν
2540 4123 2666 4177 Υἱὸν
2697 4122 2993 4195 ὁμοούσιον
3023 4128 3102 4194 τῷ
3133 4128 3249 4195 Θεῷ
3283 4124 3375 4178 καὶ
3416 4124 3609 4199 Πατρὶ,
3642 4123 3791 4179 ἀλλᾶ

2130 4214 2332 4286 κτίσμα
2387 4212 2477 4267 καὶ
2527 4212 2578 4282 ἐξ
2649 4212 2749 4267 οὐκ
2803 4211 2975 4267 ὄντων
3020 4212 3325 4288 γεγονέναι,
3386 4214 3703 4291 συναγαγὼν
3735 4211 3789 4269 ἔν

2131 4302 2333 4374 Νικαίᾳ
2368 4302 2497 4364 τοὺς
2554 4303 2663 4374 τιη“
2718 4303 2965 4377 ΙΙατὲρας
3021 4304 3111 4358 καὶ
3171 4304 3332 4365 αὐτὸς
3386 4303 3497 4358 ἐκεῖ
3551 4324 3790 4379 παραγε-

2131 4393 2377 4464 νόμενος,
2418 4392 2506 4445 καὶ
2565 4396 2662 4446 τοῦ
2718 4391 2936 4465 Ἀρείου
2994 4390 3475 4455 καταδικασθέντος
3532 4394 3623 4447 καὶ
3664 4395 3790 4449 ἀνα.

2133 4481 2565 4555 θεματισθέντος,
2626 4477 2923 4536 ἐσπούδασε
3007 4483 3105 4549 τὴν
3180 4479 3467 4557 ὀρθόδοξον
3533 4488 3789 4558 κρατῦναι

2131 4570 2336 4638 πίστιν,
2407 4568 2476 4625 δι’
2533 4572 2601 4640 ἧς
2678 4569 3122 4645 ὁμολογήσαντες
3200 4572 3253 4625 οἱ
3336 4578 3473 4635 θεῖοι
3561 4572 3792 4648 Πατὲρες

376 4681 449 4722 ex
488 4664 678 4718 nihilo
707 4668 993 4718 creatum.
1029 4669 1109 4718 Ac
1158 4662 1522 4719 Theodosius
1563 4665 1778 4720 deinde
1811 4666 2014 4736 major,

2137 4660 2431 4733 ὁμοούσιον
2466 4662 2603 4714 εἶναι
2630 4660 2719 4714 τὸν
2754 4660 2877 4714 Υἰὸν
2908 4661 2988 4733 τῷ
3020 4665 3136 4733 Θεῷ
3164 4661 3254 4715 καὶ
3297 4663 3490 4735 Ηατρὶ,
3532 4659 3679 4717 ἀλλὰ
3711 4665 3787 4735 μή

384 4753 725 4809 Macedonio
774 4751 1055 4807 deitatem
1100 4751 1350 4823 Spiritus
1398 4754 1586 4808 sancti
1638 4759 1911 4825 negante,
1972 4760 2031 4809 et

382 4842 753 4915 Apollinario
784 4839 1073 4912 discipulo
1097 4840 1226 4912 ejus
1255 4840 1425 4895 Verbi
1446 4842 1505 4895 in
1538 4845 1753 4897 natura
1767 4843 2030 4900 humana

380 4933 958 4991 administrationem
981 4932 1409 4996 calumniante,
1442 4937 1501 4986 et
1530 4932 1864 4988 afﬁrmante
1888 4936 2030 4989 Ver-

377 5024 518 5079 bum
550 5026 811 5078 mentem
844 5023 1166 5077 humanam
1206 5020 1318 5075 sibi
1360 5037 1479 5076 non
1514 5021 1791 5087 sociasse,
1822 5040 2028 5079 verum

377 5114 541 5171 carni
566 5114 799 5168 unitum
832 5110 1013 5166 fuisse
1061 5110 1312 5165 rationis
1361 5116 1602 5181 experte
1637 5112 1837 5167 anima
1876 5130 2027 5185 prte-

375 5204 537 5267 ditze,
569 5202 778 5274 Cpolin
811 5204 1013 5255 Patres
1060 5199 1161 5253 150
1192 5200 1552 5267 convocavit,
1586 5200 1834 5271 ipsoque
1867 5220 2027 5273 prm-

376 5300 577 5349 sentes
606 5306 741 5349 cum
765 5292 907 5347 dicti
926 5289 1187 5344 haeretici
1215 5304 1332 5343 una
1351 5306 1486 5343 cum
1506 5290 1630 5344 suis
1651 5291 1800 5347 665
1828 5292 2028 5363 impiis

376 5381 760 5453 opinionibus
793 5385 852 5435 et
881 5376 1271 5434 sectatoribus
1301 5378 1564 5433 damnati
1587 5381 2031 5435 communione-

378 5486 493 5539 que
542 5469 814 5524 Ecclesiae
861 5467 1086 5522 exclusi
1128 5471 1347 5531 essent,
1401 5484 1605 5523 curam
1650 5468 1922 5523 adhibuit
1964 5475 2032 5524 ut

380 5574 530 5612 verm
560 5558 696 5612 ﬁdei
745 5558 1014 5613 doctrina
1057 5554 1499 5627 praedicaretur.
1535 5557 1645 5612 Sed
1677 5564 1737 5612 et
1764 5559 2028 5614 Theodo-

382 5648 504 5702 sius
533 5646 750 5711 minor,
797 5662 932 5701 cum
980 5644 1199 5716 impius
1245 5646 1550 5701 Nestorius
1593 5644 1819 5702 diceret
1845 5647 2029 5703 alium

384 5736 538 5790 Deus
569 5747 699 5789 esse
729 5734 832 5788 Dei
862 5733 1317 5802 verbum,alium
1342 5735 1749 5804 Christum,ac
1771 5737 2028 5794 Verbum

2136 4750 2339 4821 κτίσμα
2390 4751 2477 4804 καὶ
2536 4748 2587 4819 ἐξ
2663 4750 2762 4804 οὐκ
2852 4746 3020 4804 ὄντων
3087 4759 3388 4825 γεγονεναι,
3476 4751 3642 4827 μέχρι
3698 4756 3788 4809 νῦν

2136 4837 2338 4911 ᾄδεται.
2375 4838 2475 4895 Καὶ
2507 4837 2794 4901 Θεοδόσιος
2823 4836 2881 4893 δὲ
2933 4839 2961 4893 ὁ
3019 4835 3385 4914 πρεσϐύτερος
3446 4840 3792 4898 Μακεδονίου

2136 4924 2471 5002 ἀρνουμένου
2512 4931 2609 4998 τήν
2654 4929 2885 4998 θεότητα
2938 4928 3035 4981 τοῦ
3091 4928 3249 5002 ἁγίου
3308 4928 3644 5003 Πνεύματος,
3701 4931 3793 4986 καὶ

2137 5015 2529 5091 Ἀπολιναρίου
2588 5015 2686 5071 τοῦ
2748 5018 2996 5089 μαθητοῦ
3078 5015 3245 5071 αὐτοῦ
3332 5016 3795 5095 βλασφημοῦντος

2139 5107 2214 5168 εἰς
2247 5110 2346 5174 τήν
2381 5106 2711 5179 οἰκονομίαν.
2747 5110 2845 5160 τοῦ
2905 5110 3040 5161 Θεοῦ
3099 5105 3298 5180 Λόγου,
3354 5108 3445 5161 καὶ
3501 5110 3798 5187 φάσκοντος

2136 5195 2261 5251 νοῦν
2294 5197 2637 5271 ἀνθρώπινον
2674 5196 2750 5268 μὴ
2814 5192 3103 5267 εῗληφὲναι
3159 5196 3254 5250 τὸν
3284 5200 3382 5251 τοῦ
3431 5203 3566 5253 Θεοῦ
3626 5199 3800 5276 Λόγον

2137 5286 2285 5343 ἀλλά
2314 5288 2474 5360 σαρκὶ
2526 5286 2800 5355 ὲνωθηναι
2867 5285 3055 5359 ψυχὴν
3108 5283 3310 5362 ἄλογον
3378 5288 3610 5365 ἐχούσῃ,
3679 5312 3803 5346 συν-

2138 5378 2348 5452 αγαγὼν
2384 5376 2435 5431 ἐν
2485 5373 3054 5432 Κωνσταντινουπόλει
3114 5374 3244 5437 τοὺς
3303 5385 3376 5451 ρν’
3418 5381 3657 5454 Πατέρας
3714 5381 3805 5437 καὶ

2143 5468 2430 5541 μετασχὼν
2463 5466 2554 5520 καὶ
2586 5464 2751 5526 αὐτὸς
2800 5470 2902 5533 τῆς
2957 5462 3206 5531 συνόδου,
3266 5467 3356 5520 καὶ
3410 5473 3519 5521 τῶν
3578 5470 3808 5544 εἰρημέ-

2138 5580 2243 5613 νων
2304 5557 2727 5629 καθαιρεθέντων
2782 5554 2873 5607 καὶ
2928 5553 3459 5627 ἀναθεματισθέντων
3511 5559 3807 5631 αἱρετικῶν

2143 5646 2275 5720 μετᾶ
2303 5646 2392 5700 καὶ
2417 5649 2525 5699 τῶν
2566 5638 2773 5697 ἀσεϐῶν
2829 5643 3006 5698 αὐτῶν
3049 5640 3342 5716 δογμάτων
3395 5647 3486 5700 καὶ
3545 5648 3800 5726 ὁμοφρό-

2136 5757 2264 5807 νων,
2331 5732 2696 5808 παρεσκεύασε
2756 5734 2856 5801 τὴν
2940 5729 3228 5808 ὀρθόδοξον
3286 5732 3466 5790 πίστιν
3531 5737 3796 5811 κηρύττι-
