4120 6414
306 452 430 514 ’123

1444 437 2003 503 HISTORIARUM
2047 439 2590 506 COMPENDIUM
2604 487 2617 503 .

3622 436 3745 503 72B

312 585 458 643 σθαι.
488 581 594 640 Καὶ
624 576 914 641 Θεοδόσιος
945 575 1004 633 δὲ
1036 577 1066 632 6
1092 574 1215 638 νιος
1243 579 1343 631 τοῦ
1394 567 1625 635 ἀσεϐοῦς
1672 572 1972 647 Νεστορίου

2092 574 2332 645 quidem
2360 580 2576 633 natura
2607 593 2737 633 esse
2767 577 2984 634 Filium
3015 577 3141 641 Dei,
3168 576 3473 633 Christum
3506 581 3742 636 tantum

319 673 590 747 λᾶγοντος
618 667 798 725 ἄλλον
829 668 974 723 εἶναι
1000 666 1093 721 τὸν
1123 665 1254 721 Θεὸν
1283 664 1456 739 Λόγον
1509 664 1600 718 καὶ
1658 660 1831 717 ἃλλον
1881 662 1975 716 τὸν

318 761 577 837 Χριστὸν,
608 759 699 814 καὶ
729 757 821 813 τὸν
855 757 951 829 μὶν
997 755 1154 832 φύσει
1202 754 1325 808 Υἱὸν
1369 755 1469 807 τοῦ
1527 755 1662 807 Θεοῦ
1716 751 1809 805 καὶ
1865 756 1978 805 [Ια-

316 853 472 928 τρὸς,
499 852 591 906 τὸν
620 847 679 904 δὲ
704 848 892 924 χάριτι
923 847 1048 900 Υἱὸν
1102 839 1314 906 ἀσεϐῶς
1352 842 1686 917 εἰσάγοντος,
1737 841 1832 897 καὶ
1879 842 1979 909 τὴν

315 942 473 1018 ἁγίαν
508 937 721 1011 Μαρίαν
750 937 889 993 εἶναι
937 934 1199 992 Θεοτόκον
1254 931 1615 1008 ἀρνουμένου,
1665 931 1976 1007 συναγαγὼν

311 1034 417 1102 τὴν
443 1030 714 1106 προτέραν
746 1026 800 1082 ἑν
832 1027 1042 1104 Ἐφέσῳ
1088 1025 1199 1080 τῶν
1232 1020 1524 1078 διακοσίων
1578 1022 1750 1099 ἁγίων
1803 1020 1977 1078 Πατέ-

319 1141 431 1197 ρων
489 1115 717 1174 σύνοδον
773 1116 866 1171 καί
934 1111 1264 1175 ἀποστείλας
1329 1110 1604 1187 ἄρχοντας
1655 1108 1980 1187 ὀφείλοντας

318 1213 568 1283 παρεῖναι
744 1201 982 1277 συνόδῳ,
1039 1203 1334 1279 προσεταξε
1387 1200 1477 1255 καὶ
1532 1201 1626 1255 τὸν
1686 1197 1977 1272 Νεστόριον

322 1296 721 1373 παραγενέσθαι
750 1295 837 1351 καὶ
871 1292 1050 1369 κρίσιν
1110 1292 1193 1348 ἦστ’
1242 1291 1409 1348 αὐτὸν
1459 1289 1730 1365 γενέσθαι,
1774 1289 1868 1343 καὶ
1907 1285 1976 1357 δὴ

323 1388 620 1466 γενομένης
684 1379 947 1457 ἀκριϐοῦς
1003 1381 1292 1453 ἐξετάσεως
1346 1377 1701 1436 κατεδίκασαν
1768 1377 1976 1436 Νεστόο

334 1499 447 1555 ριον
506 1475 596 1530 καὶ
654 1472 1036 1547 ἀνεθεμάτισαν
1094 1470 1186 1525 σὺν
1243 1474 1362 1533 τοῖς
1419 1470 1725 1544 ὁμόφροσιν
1784 1467 1975 1522 αὐτοῦ.

324 1565 550 1624 Τούτων
611 1564 670 1619 δὲ
725 1562 872 1618 οὕτω
929 1559 1334 1636 προελθόντων,
1417 1556 1806 1620 ἐπαναστάντες
1872 1562 1982 1611 Κυ-

328 1654 508 1732 ρίΛλῳ
533 1657 617 1726 τῷ
664 1650 1060 1723 πανοσιωτάτῳ
1108 1651 1162 1705 οἱ
1211 1655 1313 1718 τῆς
1354 1647 1635 1724 ἔξαγίστου
1686 1644 1979 1721 Νεστορίου

333 1743 550 1822 μερίδος
575 1739 910 1797 ἇσποῦδασαν
941 1740 1005 1796 τό
1061 1760 1127 1815 γε
1171 1738 1257 1794 ἐπ’
1311 1738 1498 1799 αὐτοῖς
1543 1737 1834 1812 ἀνατρέψαι
1880 1736 1982 1804 τήν

325 1834 463 1891 κατά
518 1830 813 1905 Νεστορίου
866 1829 1233 1905 γεγενημὼην
1289 1826 1489 1903 κρίσιν.
1560 1824 1721 1884 Ἀλλ’
1777 1823 1868 1879 οὗν
1921 1842 1983 1899 γε

324 1919 615 1982 Θεοδόσιος
646 1921 675 1974 6
728 1916 987 1995 βασιλεὺς
1047 1912 1591 1989 ἀντιλαμϐανόμενος
1644 1918 1752 1970 τῶν
1811 1911 1979 1974 ὄντως

329 2012 507 2087 ὀρθῶν
553 2010 692 2066 κατὰ
739 2008 1037 2083 Νεστορίου
1121 2006 1211 2064 καὶ
1282 2010 1389 2061 τῶν
1472 2009 1728 2079 πονηρῶν
1813 2002 1981 2058 αὐτοῦ

331 2099 620 2176 δογμάτων
656 2097 969 2175 κριθέντων,
1027 2094 1393 2172 παρεσκεύασε
1446 2099 1661 2171 κρατεῖν
1722 2093 1980 2171 γενναίως

330 2192 430 2259 τήν
482 2190 567 2246 ἐπ’
629 2189 777 2260 αὐτῷ
834 2186 1210 2262 γεγενημένην
1267 2184 1466 2261 κρίσιν.
1528 2183 1625 2241 Καὶ
1683 2185 1788 2259 γὰρ
1845 2182 1982 2258 πρὸς

325 2280 550 2341 τούτοις
580 2280 673 2334 καὶ
701 2275 849 2333 ἄλλα
873 2280 995 2331 τινὰ
1024 2275 1161 2330 κατὰ
1190 2279 1287 2331 τοῦ
1316 2274 1463 2329 θείου
1514 2273 1794 2349 ΚυρίΑλου
1845 2272 1982 2347 πρὸς

324 2372 416 2427 τὸν
480 2366 710 2446 βασιλέα
763 2364 1359 2446 καταφλυαρησαντων,
1423 2364 1620 2442 γράφει
1697 2366 1832 2433 πρὸς
1889 2366 1985 2417 τὸν

332 2458 563 2537 βασιλια
597 2454 876 2530 Κύριλλος
906 2460 1151 2511 τοιαῦτα
1188 2452 1520 2529 Ἐπειδήπερ
1567 2452 1876 2527 ἒπυθόμην,
1910 2450 1983 2507 ὧν

337 2543 681 2607 εὐσεϐίστατε
715 2545 964 2623 βασιλεῦ,
995 2550 1104 2601 τῶν
1138 2542 1460 2624 φιλολογεῖν
1520 2542 1792 2598 εἴωθότων
1840 2543 1989 2606 τινὰς

334 2638 539 2715 ἀγρίων
599 2640 823 2711 σφηκῶν
875 2632 1032 2705 δίκην
1098 2627 1459 2709 περιϐομϐεῖν
1512 2631 1602 2687 καὶ
1665 2630 1987 2706 μοχθηροὺς

333 2728 647 2805 ἂρεύγεσθαι
675 2724 794 2781 κατ’
846 2722 983 2797 ἐμοῦ
1037 2721 1263 2801 λόγους,
1296 2722 1372 2786 ὡς
1426 2722 1478 2795 ἐξ
1536 2720 1766 2793 οὐρανοῦ
1820 2738 1990 2775 κατα-

328 2817 590 2893 κομισθὶν
620 2814 712 2871 καὶ
765 2812 865 2869 οὐκ
912 2812 973 2868 ἐκ
1027 2820 1130 2883 τῆς
1185 2811 1342 2888 ἁγίας
1400 2811 1671 2885 Παρθένου
1730 2808 1988 2886 λὲγοντος

326 2912 391 2965 τὸ
422 2914 565 2973 θεῖον
598 2911 762 2980 σῶμα
819 2907 1085 2982 Χριστοῦ,
1137 2904 1229 2959 καὶ
1287 2903 1471 2978 μὲντοι
1524 2902 1615 2958 καὶ
1675 2898 1770 2957 δύο
1830 2899 1987 2963 Υῖοὺς

330 2999 466 3054 κατὰ
545 2997 839 3072 Νεστόριον
926 2993 1227 3070 ὁμολογεῖν
1305 2995 1454 3066 ἡμᾶς
1512 2988 1987 3068 κατεφλυάρησαν,

332 3086 442 3145 δεῖν
476 3088 737 3161 ᾠήθημεν
771 3084 936 3161 ὀλίγα
965 3084 1089 3161 περὶ
1137 3084 1334 3140 τούτου
1387 3083 1525 3159 πρὸς
1574 3082 1774 3144 αὐτοὺς
1820 3078 1989 3136 εἰπεῖν

338 3174 538 3237 οὕτως.
569 3181 636 3230 'u
690 3175 911 3247 ἀνόητοι
969 3175 1062 3229 καὶ
1124 3174 1289 3248 μόνον
1345 3170 1549 3234 εἰδότες
1611 3174 1983 3248 συκοφαντεῖν,

335 3269 454 3327 πῶς
513 3264 589 3326 εἷς
643 3268 800 3319 τοῦτο
855 3266 1186 3340 παρήχθητε
1272 3263 1502 3338 γνώμης
1567 3261 1659 3316 καὶ
1711 3260 1981 3330 τοσαύτην

331 3356 650 3424 νενοσήκατε
704 3354 890 3427 μανίαν
993 3326 1152 3409 ’έίέδει
1206 3326 1309 3428 γὰρ
1369 3326 1554 3431 σαιρῶς
1635 3349 1834 3405 ἐννοεῖν
1898 3326 1983 3403 ὅτι
2014 3326 2056 3392 C

332 3441 529 3523 σχεδὸν
553 3445 693 3506 ἅπας
725 3446 861 3517 ἡμῖν
908 3444 936 3497 6
978 3441 1111 3517 ὑπὶρ
1160 3448 1260 3511 τῆς
1310 3440 1546 3502 πίστεως
1594 3439 1737 3514 ἀγὼν
1788 3458 1986 3515 συγκε-

328 3534 570 3608 κρότὴτο
601 3527 1109 3605 διαϐεϐαιουμένοις
1141 3533 1225 3605 [Ρ.
1255 3533 1383 3605 380]
1417 3529 1501 3585 ὅτι
1526 3529 1792 3591 Θεοτόκος
1842 3525 1987 3584 ἐστὶν

333 3626 370 3694 ἠ
403 3623 534 3701 ἁγία
564 3624 767 3698 Μαρία.
801 3622 960 3678 Ἀλλ’
990 3621 1207 3698 ἐπείπερ
1258 3621 1309 3692 ἐξ
1355 3620 1588 3694 οὐρανοῦ
1639 3618 1730 3674 καὶ
1784 3618 1887 3675 οὐκ
1932 3617 1983 3688 ἐξ

337 3714 507 3784 αὐτῆς
535 3714 883 3787 γεγεννῆσθαι
921 3710 984 3767 τὸ
1036 3714 1179 3767 θεῖον
1240 3714 1401 3785 σῶμα
1453 3713 1551 3765 τοῦ
1607 3710 1843 3783 Χριστοῦ
1892 3705 1989 3762 λὲ-

333 3820 526 3876 γομεν,
558 3800 633 3863 ὣς
663 3821 813 3878 φασι,
850 3805 965 3862 πῶς
993 3798 1054 3855 ἄν
1111 3804 1296 3854 νοοῖτο
1344 3793 1607 3859 Θεοτόκος
1636 3817 1651 3867 ;
1709 3796 1845 3853 Τίνα
1880 3795 1985 3871 γὰρ

338 3888 484 3952 ὅλως
534 3890 771 3961 τέτοκεν,
823 3889 869 3944 εἰ
930 3889 1006 3961 μή
1066 3886 1209 3943 ἐστιν
1291 3884 1493 3957 ἀληθὲς
1549 3887 1632 3940 ὅτι
1703 3887 1989 3961 γεγέννηκε

334 3981 472 4035 κατὰ
537 3980 709 4053 σάρκα
763 3979 856 4034 τὸν
914 3976 1334 4052 Ἐμμανουήλς
1394 3973 1747 4039 Γελάσθωσαν
1800 3974 1983 4029 τοίνυν

338 4069 391 4125 οἱ
427 4074 597 4125 ταῦτα
628 4067 815 4123 καὶτὰ
859 4071 1084 4123 τοιαῦτα
1132 4068 1199 4122 τὰ
1249 4068 1365 4122 κατ’
1419 4065 1559 4140 ἐμοῦ
1599 4063 1986 4140 πεφλυαρήκό-

336 4178 445 4220 τες.
506 4158 584 4217 Οὐ
640 4159 742 4234 γὰρ
801 4154 1052 4232 ψεύδεται
1101 4155 1274 4231 λὲγων
1334 4156 1362 4211 6
1424 4154 1688 4229 μακάριος
1740 4153 1983 4213 Ἡσαῒας.

338 4245 479 4303 Ἰδοὺ
535 4249 572 4316 ἡ
633 4246 903 4322 ιιαρθένος
956 4245 1010 4302 ὲν
1065 4245 1257 4321 γαστρὶ
1310 4241 1410 4315 ἕξει
1461 4244 1552 4299 καὶ
1602 4241 1804 4313 τέξεται
1837 4241 1986 4308 Υἱὸν,

337 4337 430 4392 καὶ
467 4336 760 4393 καλέσουσι
807 4332 870 4392 τὺ
924 4330 1102 4407 ὄνομα
1152 4332 1319 4389 αὐτοῦ
1372 4332 1759 4406 Ἐμμανουήλ,
1791 4331 1821 4386 6'
1852 4330 1986 4401 ἐστι,

342 4428 471 4491 Μεθ’
497 4430 658 4500 ἡμῶν
693 4427 722 4481 6
751 4426 902 4487 Θεός.
935 4422 1230 4495 Ἀληθεύει
1262 4420 1322 4478 δδ
1350 4424 1562 4484 πάντως
1593 4420 1679 4477 καὶ
1714 4422 1742 4476 6
1767 4421 1987 4496 ἀρχάγ-

339 4515 502 4591 γελος
592 4510 837 4591 Γαϐριὴλ
911 4514 1050 4589 πρὸς
1130 4515 1231 4581 τὴν
1313 4511 1580 4586 Παρθένον
1654 4510 1839 4565 εἰπών’
1899 4511 1988 4580 Μὴ

341 4600 538 4683 φοϐοῦ,
572 4606 815 4680 Μαριάμ)
851 4604 1001 4679 εὗρες
1020 4602 1123 4679 γὰρ
1173 4602 1337 4677 χάαιν
1384 4600 1533 4675 παρὰ
1579 4604 1658 4672 τῷ
1706 4604 1844 4671 Θεῷ,
1898 4599 1987 4654 καὶ

2088 680 2160 719 ex
2203 667 2393 738 gratia
2444 667 2627 739 impie
2675 672 3013 722 autumaret
3081 672 3446 740 negaretque
3504 666 3741 724 beatam

2090 752 2333 810 Mariam
2393 772 2522 811 esse
2574 757 2676 811 Dei
2735 756 3105 829 genitricem,
3164 757 3427 829 priorem
3472 763 3742 813 sanctam

2089 845 2445 916 Ephesinam
2476 846 2772 918 synodum
2804 847 2909 900 200
2938 848 3178 901 Patrum
3210 847 3571 914 convocavit,
3603 846 3743 901 mis—

2076 932 2169 988 ‘sis
2199 935 2299 1004 qui
2330 936 2384 990 et
2431 934 2793 991 interessent
2848 936 3163 1007 prmfectis,
3217 936 3398 991 citato
3452 935 3634 990 etiam
3666 933 3741 990 ad

2087 1022 2401 1079 dicendam
2473 1039 2717 1080 causam
2795 1025 3084 1080 Nestorio.
3139 1027 3221 1080 Re
3286 1025 3742 1096 diligentissime

2088 1113 2665 1185 cognita,Nestorius
2696 1118 2755 1169 et
2785 1115 2913 1186 ejus
2944 1118 3266 1170 sectatores
3287 1114 3554 1169 damnati
3579 1118 3740 1169 sunt.

2089 1204 2170 1258 Re
2220 1203 2330 1258 hoc
2385 1202 2564 1259 modo
2620 1204 2999 1275 procedente,
3047 1209 3255 1259 contra
3296 1205 3743 1259 sanctissimum

2089 1290 2372 1362 Cyrillum
2400 1292 2858 1347 insurrexerunt
2895 1292 2995 1363 qui
3027 1296 3197 1347 erant
3226 1306 3260 1346 a
3287 1296 3453 1363 parte
3479 1292 3743 1347 detesta-

2089 1381 2227 1437 bilis
2257 1382 2531 1451 Nestorii,
2562 1384 2882 1454 conatique
2940 1388 3080 1439 sunt
3138 1384 3447 1454 (quantum
3492 1384 3556 1438 in
3596 1385 3743 1457 ipsis

2091 1478 2234 1543 erat)
2256 1473 2593 1528 rescindere
2627 1474 2982 1529 sententiam
3002 1488 3132 1545 qum
3174 1474 3380 1528 eratin
3403 1474 3745 1529 Nestorium

2089 1562 2231 1617 lata.
2269 1561 2353 1616 lbi
2385 1562 2752 1617 Theodosius
2783 1562 3113 1617 defendens
3140 1561 3499 1618 orthodoxos
3533 1567 3746 1618 contra

2091 1650 2342 1706 Nestorii
2364 1650 2707 1720 factionem,
2742 1651 3189 1707 damnationem
3220 1652 3409 1723 ipsius
3447 1657 3507 1707 et
3537 1652 3748 1724 impia-

2092 1754 2224 1795 rum
2255 1740 2605 1811 opinionum
2637 1756 2783 1811 quas
2803 1741 3108 1797 asserabat
3137 1747 3326 1796 ratam
3349 1740 3555 1796 haberi
3573 1755 3746 1797 cura-

2090 1830 2190 1884 vit.
2222 1830 2367 1884 Nam
2390 1845 2525 1883 cum
2549 1829 2879 1884 Nestoriani
2904 1834 3193 1901 praeterea
3220 1830 3399 1884 etiam
3431 1830 3544 1885 alia
3579 1847 3746 1901 quae-

2091 1917 2229 1972 dam
2260 1917 2513 1973 crimina
2537 1917 2755 1989 Cyrillo
2796 1918 2952 1989 apud
2984 1918 3406 1989 imperatorem
3437 1919 3747 1989 nugaciter

2090 2008 2509 2080 impingerent,
2543 2007 2617 2062 ad
2648 2023 2785 2063 eum
2816 2008 3068 2079 Cyrillus
3106 2008 3167 2063 in
3196 2008 3353 2063 hanc
3381 2008 3743 2064 sententiam

2089 2099 2327 2169 scripsit
2343 2113 2357 2150 :
2373 2100 2691 2168 Postquam
2713 2098 2857 2152 mihi
2872 2098 3159 2169 ,piissime
3178 2098 3747 2169 imperator,renun-

2090 2190 2302 2244 tiatum
2357 2194 2466 2256 est,
2514 2189 2803 2261 quosdam
2864 2189 3132 2262 garrulos
3189 2188 3378 2245 instar
3423 2204 3741 2260 vesparum

2089 2275 2351 2332 ferarum
2402 2278 2665 2332 susurris
2718 2277 2841 2331 suis
2885 2293 3061 2332 aures
3114 2283 3246 2332 tuas
3295 2292 3639 2348 personare,
3690 2279 3750 2330 et

2092 2365 2406 2421 maledicta
2462 2365 2524 2419 in
2556 2382 2651 2421 me
2680 2370 2972 2433 eructare,
3003 2372 3296 2438 nugantes
3346 2382 3441 2421 me
3479 2380 3747 2421 asserere

2090 2455 2305 2510 Christi
2338 2455 2604 2509 divinum
2654 2470 2867 2526 corpus
2915 2454 3062 2510 coelo
3117 2454 3382 2511 delatum
3433 2461 3490 2509 et
3521 2471 3642 2509 non
3674 2454 3747 2509 de

2093 2549 2301 2599 sancta
2333 2543 2567 2613 Virgine
2594 2548 2989 2616 assumptum,
3008 2545 3270 2615 itemque
3304 2544 3450 2599 duos
3465 2544 3644 2599 Filios
3670 2543 3746 2599 de

2091 2633 2387 2689 sententia
2418 2633 2668 2688 Nestorii
2700 2633 2994 2702 confiteri,
3028 2632 3357 2689 existimavi
3397 2633 3617 2689 debere
3648 2649 3743 2689 me

2092 2723 2248 2778 006
2298 2722 2579 2777 adversus
2641 2722 2801 2793 ipsos
2857 2738 3048 2793 pauca
3077 2723 3139 2777 in
3182 2723 3334 2777 hanc
3383 2723 3745 2779 sententiam

2094 2811 2312 2867 dicere.
2365 2812 2409 2866 Ο
2462 2811 2608 2866 fatui
2655 2816 2713 2865 et
2771 2810 2992 2866 nullius
3049 2811 3136 2866 rei
3175 2812 3293 2867 nisi
3332 2811 3744 2868 calumniandi

2093 2900 2285 2974 gnari,
2331 2900 2632 2971 quomodo
2691 2899 2754 2954 in
2804 2900 2959 2955 hanc
3015 2899 3335 2956 devenistis
3386 2904 3749 2957 sententiam

2096 2997 2447 3063 tantumque
2504 2991 2752 3046 insanias
2812 2991 3229 3063 concepistis‘?
3285 2992 3542 3048 Omnino
3588 2993 3752 3049 enim

2096 3080 2409 3154 oportebat
2436 3080 2549 3136 hoc
2601 3096 2704 3136 vos
2745 3081 3062 3153 perspicue
3107 3083 3352 3154 sentire,
3382 3087 3566 3139 totam
3599 3081 3756 3140 hanc

2095 3179 2358 3229 nostram
2393 3172 2464 3227 de
2498 3171 2611 3226 fide
2670 3169 3134 3243 disputationem
3180 3172 3318 3228 inde
3370 3178 3560 3229 ortem
3592 3168 3753 3244 quod

2099 3277 2208 3317 nos
2231 3260 2473 3315 Mariam
2496 3260 2809 3332 Deiparam
2834 3277 2962 3315 esse
2992 3259 3432 3316 contendimus.
3466 3261 3645 3333 Atqui
3680 3262 3751 3332 si,

2096 3356 2163 3407 ut
2186 3350 2272 3405 illi
2304 3350 2529 3416 dicunt,
2561 3364 2671 3404 nos
2699 3364 2914 3421 corpus
2963 3349 3179 3404 Christi
3221 3350 3488 3405 divinum
3519 3349 3753 3407 cmlitus

2094 3439 2348 3507 venisse,
2382 3454 2500 3493 non
2542 3452 2610 3493 ex
2646 3438 2776 3509 ipsa
2799 3444 3003 3493 natum
3035 3439 3314 3508 dicimus,
3338 3440 3438 3511 qui
3472 3455 3541 3495 ea
3560 3438 3754 3512 possit

2096 3528 2340 3600 deipara
2370 3528 2485 3583 dici
2509 3528 2537 3582 ?
2558 3529 2742 3593 Quem
2775 3528 2933 3582 enim
2982 3528 3223 3584 tandem
3267 3528 3521 3600 peperit,
3554 3529 3604 3584 si
3637 3527 3752 3585 hoc

2095 3635 2296 3674 verum
2316 3634 2436 3673 non
2469 3623 2577 3683 est,
2611 3616 2768 3688 quod
2802 3617 3131 3672 secundum
3171 3633 3414 3673 carnem
3444 3617 3749 3690 pepererit

2093 3706 2595 3762 Emmanuelum?
2614 3705 2942 3761 Bideantur
2972 3722 3108 3778 ergo
3133 3707 3233 3777 qui
3256 3707 3384 3762 haec
3415 3712 3474 3762 et
3503 3708 3644 3763 talia
3668 3706 3742 3762 de

2093 3812 2189 3852 me
2210 3797 2525 3851 blaterant.
2560 3796 2686 3851 Non
2735 3795 2895 3851 enim
2926 3796 3214 3851 mentitur
3254 3797 3457 3866 Isaias,
3498 3812 3633 3853 cum
3663 3796 3748 3852 ita

2096 3888 2449 3942 vaticinatur
2470 3902 2484 3940 :
2504 3887 2650 3941 Ecce
2675 3886 2844 3957 Virgo
2873 3885 3187 3957 concipiet,
3211 3891 3271 3941 et
3294 3887 3486 3958 pariet
3502 3884 3745 3956 Filium,

2096 3981 2156 4032 et
2213 3975 2268 4030 ei
2320 3990 2541 4030 nomen
2599 3973 2819 4029 facient
2867 3974 3330 4030 Emmanuelo'o
3373 3991 3389 4042 ;
3443 3974 3601 4045 quod
3631 3980 3745 4045 est,

2096 4064 2413 4121 Nobiscum
2440 4065 2608 4118 Deus.
2633 4064 2703 4116 Et
2722 4060 2879 4118 haud
2907 4061 3084 4118 dubie
3108 4079 3311 4119 verum
3334 4060 3479 4119 dixit
3500 4062 3748 4120 Gabrie-

2095 4153 2209 4221 lus,
2237 4152 2581 4224 angelorum
2608 4151 3261 4222 priuceps,Mariamita
3290 4151 3632 4223 alloquens:
3666 4153 3746 4209 Ne

2095 4247 2327 4299 metuas
2359 4241 2485 4311 tibi,
2516 4239 2864 4295 Mariamam
2895 4242 3145 4314 gratiam
3179 4238 3335 4314 apud
3365 4242 3551 4297 Deum
3583 4243 3750 4298 inve-

2095 4332 2257 4390 nisti.
2288 4333 2436 4387 Ecce
2487 4329 2724 4403 gravicla
2781 4330 2921 4395 eris,
2955 4336 3015 4385 et
3071 4331 3271 4403 paries
3297 4329 3533 4399 Filium,
3568 4331 3744 4404 eique

2094 4437 2315 4479 nomen
2363 4421 2502 4476 Jesu
2556 4420 2850 4491 impones,
2897 4419 3035 4492 quia
3090 4418 3378 4491 populum
3426 4420 3539 4476 iste
3570 4435 3746 4478 suum

2096 4511 2354 4586 peccatis
2386 4509 2572 4566 solvet
2596 4508 2661 4564 ιι.
2695 4509 2841 4564 Cum
2872 4515 3070 4565 autem
3124 4510 3440 4565 Dominum
3472 4515 3745 4567 nostrum

2094 4602 2290 4657 Jesum
2322 4599 2622 4655 Christum
2647 4596 2899 4653 dicimus
2931 4597 3188 4670 desuper
3209 4599 3281 4654 de
3312 4599 3459 4655 caelo
3489 4598 3746 4672 venisse,

341 4691 460 4749 ἰδοῦ
493 4692 753 4769 συλλήψῃ
783 4693 835 4747 ἐν
862 4692 1078 4768 γαστρὶ,
1109 4688 1198 4747 καὶ
1228 4691 1353 4764 τίξῃ
1409 4690 1550 4761 Υῖὸν,
1606 4690 1695 4744 καὶ
1742 4687 1983 4750 καλέσεις

2100 4706 2219 4746 non
2248 4706 2316 4745 eo
2338 4702 2518 4745 sensu
2548 4686 2607 4743 id
2639 4687 2894 4743 dicimus
2924 4687 3091 4759 quasi
3133 4694 3412 4761 putemus
3443 4705 3579 4746 eum
3613 4705 3748 4747 san-

340 4784 402 4839 τὸ
430 4779 609 4856 ὄνομα
640 4784 809 4838 αὐτοῦ
850 4783 1080 4852 Ἰησοῦιν
1139 4779 1299 4842 αὐτὸς
1340 4779 1445 4854 γὰρ
1504 4780 1665 4833 σώσει
1713 4779 1805 4833 τὸν
1860 4776 1992 4833 λαὸν

341 4874 507 4929 αὐτοῦ
538 4874 644 4928 ἀπὸ
672 4877 780 4928 τῶν
820 4873 1105 4947 ἁμαρτιῶν
1153 4870 1352 4926 αὐτῶν.
1410 4871 1576 4928 Ὅταν
1629 4865 1687 4923 δὲ
1743 4865 1996 4944 λέγωμεν

343 4964 544 5027 ἄνωθεν
581 4960 634 5036 ἐξ
668 4958 900 5037 οὐρανοῦ
930 4960 1023 5016 τὸν
1057 4958 1257 5033 Κύριον
1287 4959 1448 5031 ἡμῶν
1483 4959 1696 5027 Ἰησοῦν
1727 4957 1995 5030 Χριστὸν,

2106 4786 2259 4835 ctam
2276 4793 2443 4834 suam
2460 4790 2697 4834 carnem
2724 4776 2797 4832 de
2818 4776 2964 4833 caelo
2986 4777 3299 4835 detulisse:
3318 4777 3422 4835 sed
3445 4778 3753 4852 sequimus

2107 4869 2162 4924 S.
2198 4867 2465 4937 Paulum,
2489 4866 2589 4939 qui
2621 4867 2704 4922 ita
2733 4867 2815 4921 ait
2844 4883 2856 4921 :
2884 4867 3120 4923 Primus
3150 4866 3327 4924 homo
3353 4886 3422 4924 ex
3443 4872 3605 4927 terra
3625 4866 3758 4942 pul-

2106 4972 2333 5025 vereus,
2368 4956 2686 5025 secundus,
2720 4958 3005 5013 Dominus
3038 4975 3067 5012 e
3098 4958 3246 5013 coelo
3270 4958 3758 5014 ".Recordamur

346 5053 453 5128 οὐχ
510 5053 585 5115 ὡς
666 5052 866 5106 ἂνωθεν
958 5050 1007 5120 ἐξ
1094 5049 1325 5123 οὐρανοῦ
1405 5048 1815 5122 κατενεχθείσης
1898 5052 1983 5116 τῆι

2109 5048 2287 5103 etiam
2309 5046 2502 5118 ipsum
2524 5046 2839 5101 Dominum
2864 5042 3084 5102 dixisse
3110 5061 3122 5101 :
3166 5048 3346 5102 Nemo
3378 5046 3647 5102 ascendit
3689 5045 3754 5102 in

343 5142 501 5220 ἁγίας
532 5139 698 5197 αὺτοῦ
726 5139 926 5213 σαρκὸς
964 5140 1133 5193 ταῦτα
1193 5158 1391 5217 φαμεν,
1441 5135 1568 5193 ἀλλ’
1612 5137 1687 5198 ὡς
1741 5136 1983 5211 ἑπόμενοι

2109 5135 2469 5202 cmlum,nisi
2494 5135 2596 5206 qui
2613 5133 2924 5191 descendit
2940 5133 3291 5202 inde,Filius
3308 5133 3571 5189 hominis
3586 5134 3649 5188 ¹³.
3686 5135 3760 5190 At

341 5236 424 5303 τῷ
446 5233 578 5304 ἱερῴ
601 5228 805 5303 Παύλῳ
835 5228 1117 5284 ωάσκοντι.
1148 5228 1211 5285 Ὀ
1241 5231 1456 5302 πρῶτος
1488 5223 1774 5298 ἅνθρωπος
1807 5223 1867 5279 ὲκ
1894 5231 1983 5301 γῆς

2106 5241 2243 5281 vero
2296 5225 2456 5296 quod
2514 5224 2587 5281 ad
2646 5240 2887 5281 carnem
2945 5225 3179 5292 attinet,
3228 5227 3403 5279 natus
3460 5227 3569 5291 est,
3605 5223 3760 5280 sicut

345 5321 631 5397 χοῖκὸς,ὁ
690 5318 938 5397 δεύτερος
995 5319 1024 5373 6
1082 5317 1283 5392 Κύριος
1335 5317 1386 5390 ἐξ
1441 5317 1699 5393 οὐρανοῦ.
1762 5317 1983 5389 Μεμνή-

2110 5315 2391 5383 diximus,
2423 5330 2495 5369 ex
2553 5314 2702 5369 601
2764 5314 2938 5369 beata
2990 5311 3245 5384 Virgine.
3306 5310 3416 5366 Sed
3474 5313 3758 5384 quoniam

347 5412 481 5483 μεθα
511 5407 570 5465 δὲ
599 5410 691 5465 καὶ
725 5409 892 5464 αὐτοῦ
920 5411 1018 5463 τοῦ
1048 5408 1249 5482 Κυρίου
1297 5403 1576 5481 λέγοντος
1628 5402 1822 5466 Οὐδεὶς
1870 5406 1983 5459 ἀνα-

2110 5404 2366 5459 Verbum
2410 5403 2512 5459 Dei
2554 5403 2702 5458 caelo
2752 5402 3095 5475 degressum
3118 5415 3180 5455 se
3210 5400 3407 5471 ipsum
3438 5400 3762 5459 exinanivit

342 5493 572 5571 ϐέϐηκεν
632 5500 711 5562 είς
767 5500 861 5554 τὸν
911 5496 1161 5569 οὐρανὸν,
1220 5495 1271 5551 εἲ
1317 5496 1393 5569 μὴ
1442 5496 1472 5551 6
1522 5494 1579 5550 ἒκ
1617 5498 1714 5549 τοῦ
1765 5492 1983 5569 οὖρανοῖ

2108 5491 2361 5549 formam
2389 5494 2539 5549 servi
2571 5491 3235 5559 assumendoJiliusque
3267 5491 3527 5548 hominis
3556 5490 3759 5565 appel-

340 5582 602 5656 καταϐὰς,
647 5586 678 5640 6
733 5586 861 5648 Υἱὸς
917 5581 1016 5639 τοῦ
1072 5584 1381 5659 ἀνθρώπου.
1440 5580 1632 5640 Καίτοι
1687 5580 1977 5657 γεγέννηται

2112 5583 2269 5639 latus
2290 5588 2399 5649 est,
2432 5599 2568 5639 cum
2601 5581 2842 5654 quidem
2867 5580 3022 5636 idem
3048 5587 3425 5653 permaneret
3454 5581 3555 5654 qui
3586 5587 3763 5639 antea

421 5758 468 5796 ¹⁰
496 5758 607 5813 Isa.
641 5771 738 5823 vn,
771 5756 860 5810 16.
937 5753 980 5792 ⁸³
1014 5754 1152 5811 Luc.
1184 5769 1225 5826 ι,
1258 5753 1348 5825 30,
1381 5754 1471 5809 81.
1549 5754 1597 5793 ﬂ
1626 5753 1651 5808 Ι
1680 5754 1809 5809 Cor.
1844 5767 1934 5822 xv,
1964 5755 1983 5809 4

2134 5752 2181 5791 ³³
2207 5754 2376 5809 Joan.
2409 5765 2492 5808 ιιι.
