4120 6428
347 441 470 501 727

1718 433 2044 495 GEORGII
2088 430 2409 493 CEDBEN
2415 432 2440 491 Ι

3649 433 3688 490 7
3695 433 3784 493 28

349 576 548 631 fuerat
575 579 689 647 (est
718 574 880 629 enim
935 571 1322 628 immutabilis
1371 575 1430 625 et
1459 570 1611 625 nulli
1661 568 2000 625 alterationi

2127 564 2257 619 κατὰ
2305 565 2497 639 σάρκα,
2557 564 2632 625 ὡς
2690 563 2929 641 εἷ’ρηται,
2987 562 3048 620 ἐκ
3102 571 3203 635 τῆς
3263 565 3416 641 ἁγίας
3475 567 3778 637 Παρθένου.

351 665 623 721 obnoxia)
646 667 918 733 naturai),
947 662 1220 732 cumjam
1243 677 1395 715 unus
1419 659 1854 731 intelligeretur
1874 674 2005 713 esse

354 768 490 807 cum
524 751 763 823 propria
822 765 1021 812 carne,
1054 748 1273 802 dicitur
1331 747 1402 801 de
1460 748 1607 801 cmlo
1656 746 1905 801 venisse.
1936 746 2006 798 Et

351 841 697 896 nominatur
745 839 921 893 etiam
973 838 1149 891 homo
1203 836 1277 891 de
1327 836 1473 892 ccelo
1518 835 1836 906 profectus,
1871 849 2005 889 cum

354 931 432 986 sit
461 930 755 1001 perfectus
778 929 929 982 Deus
954 927 1232 996 idemque
1266 925 1566 997 perfectus
1597 926 1797 989 homo,
1830 923 2011 977 intel-

351 1018 670 1088 ligiturque
702 1032 817 1071 una
850 1032 979 1070 esse
1014 1030 1286 1085 persona.
1321 1015 1481 1068 Unus
1513 1013 1672 1067 enim
1697 1018 1786 1067 est
1808 1012 2011 1066 Domi-

353 1123 467 1162 nus
488 1109 655 1161 Jesus
679 1106 971 1170 Christus,
1004 1104 1243 1159 tametsi
1294 1111 1642 1159 naturarum
1688 1102 2011 1157 discrimen

352 1212 474 1251 non
500 1197 902 1266 ignoretur,ex
933 1194 1150 1265 quibus
1175 1192 1543 1248 ineffabilem
1575 1192 1740 1246 illam
1763 1191 2011 1246 dicimus

346 1285 564 1340 factam
597 1284 956 1340 unitionem.

2115 650 2341 722 Ἐπειδὴ
2379 651 2435 708 δὲ
2466 655 2494 709 6
2526 653 2728 709 ἄνωθεν
2782 654 2834 725 ἐξ
2895 653 3128 729 ούρανοῦ
3185 657 3587 734 κατοφοιτήσας
3643 655 3777 716 Θεὸς

2118 742 2290 817 Λόγος
2320 743 2606 797 κενένωκεν
2636 743 2822 798 ἑαυτὸν
2885 745 3102 821 μορφὴν
3155 741 3358 799 δούλου
3420 739 3629 811 λαϐὼν,
3682 743 3777 799 καὶ

2115 831 2522 905 κεχρημάτικεν
2555 833 2843 907 ἀνθρώπου
2900 833 3016 894 υἱὸς
3078 833 3212 906 μετὰ
3257 837 3354 888 τοῦ
3415 833 3657 907 μεῖναιὸ
3684 834 3775 903 ἦν,

2114 922 2360 976 τουτέστι
2392 922 2523 982 Θεὸς
2576 922 2863 996 (ἄτρεπτος
2908 924 3014 997 γὰρ
3069 923 3161 977 καὶ
3214 921 3591 985 ἀναλλοίωτος
3638 921 3781 978 κατὰ

2119 1011 2280 1087 φύσιν
2314 1011 2498 1085 ἔστὶν),
2532 1013 2605 1074 ὡς
2639 1014 2717 1075 εἷς
2778 1011 2888 1083 ἤδη
2937 1013 3240 1087 νοούμενος
3292 1014 3429 1087 μετὰ
3478 1020 3579 1083 τῆς
3633 1010 3779 1075 ἰδίας

2120 1101 2316 1175 σαρκὸς
2353 1100 2402 1170 ἐξ
2436 1102 2665 1176 ούρανοῦ
2723 1101 2938 1177 λέγεται
2984 1101 3289 1158 κατελθεῖν.
3340 1103 3666 1174 Ὠνόμασται
3721 1099 3782 1157 δὲ

2118 1190 2209 1244 καὶ
2242 1188 2525 1265 ἅνθρωπος
2557 1190 2608 1261 ἐξ
2642 1191 2898 1265 ούρανοῦ,
2922 1190 3135 1255 τέλειος
3191 1186 3265 1246 ὤν
3317 1190 3370 1246 έν
3420 1193 3639 1261 θεότητι
3685 1190 3780 1245 καὶ

2119 1277 2329 1341 τέλειος
2362 1280 2389 1334 6
2417 1280 2577 1341 αὐτὸς
2610 1279 2664 1335 ἐν
2694 1281 3103 1355 ἀνθρωπότητι,
3136 1283 3224 1336 καὶ
3267 1281 3342 1343 ὡς
3381 1280 3432 1335 ἐν
3465 1280 3544 1335 ἒνὶ
3602 1300 3777 1356 προσ-

346 1373 483 1447 ώπῳ
517 1372 834 1443 νοούμενος.
890 1373 985 1432 Εἷς
1043 1370 1146 1446 γαρ
1208 1369 1409 1442 Κύριος
1468 1370 1679 1440 Ἰησοῦς
1736 1368 1999 1442 Χριστός,
2057 1364 2151 1421 κᾶίν
2210 1373 2317 1422 τῶν
2374 1369 2586 1448 φύσεων
2640 1367 2872 1449 διαφορὰ
2927 1372 3002 1443 μὴ
3066 1371 3346 1446 ἀγνοῆται,
3408 1369 3460 1441 ἐξ
3530 1371 3605 1424 ὦν
3663 1371 3767 1437 τὴν

347 1459 664 1537 απόρῥητόν
690 1456 887 1513 ’ένωσίν
922 1478 1097 1537 φαμεν
1131 1459 1467 1531 πεπέᾶχθαι.

420 1552 706 1605 Fatentur
737 1549 937 1620 itaque
973 1547 1245 1615 Verbum,
1272 1549 1375 1602 Dei
1408 1548 1643 1616 Filium,
1669 1548 1851 1602 Deum
1885 1562 2015 1602 esse

353 1640 771 1711 perfectum,et
794 1638 1122 1709 perfectum
1144 1636 1446 1691 hominem
1470 1653 1717 1706 corpore
1734 1642 1792 1690 et
1812 1636 2015 1691 anima

350 1729 584 1783 ratione
615 1726 862 1799 prmdita
919 1730 1339 1792 constantem;
1392 1724 1551 1795 quod
1601 1725 1676 1779 ad
1724 1725 2009 1780 deitatem

353 1818 585 1881 attinet,
620 1816 883 1887 genitum
920 1831 956 1869 a
1003 1816 1177 1869 Patre
1211 1818 1346 1868 ante
1379 1813 1617 1880 saecula,
1652 1813 1879 1867 ultimis
1911 1829 2011 1867 au-

354 1912 472 1961 tem
506 1904 873 1975 temporibus
917 1903 1193 1958 eumdem
1246 1910 1517 1957 nostrum
1550 1908 1610 1959 et
1660 1902 1870 1957 salutis
1902 1919 2007 1957 no-

353 2001 490 2050 strze
521 2010 699 2049 causa
730 1999 935 2048 natum
970 2010 1040 2048 ex
1092 1993 1270 2048 Maria
1310 1993 1567 2064 Virgine,
1605 1992 1763 2062 quod
1797 1992 1869 2046 ad
1900 1992 2005 2047 hu-

2196 1547 2502 1621 Τοιγαροῦν
2557 1544 2944 1621 ὁμολογοῦμεν
2998 1547 3090 1602 τὸν
3160 1553 3435 1622 μονογενῆ
3505 1547 3626 1601 Υἳὸν
3680 1550 3782 1602 τοῦ

2123 1639 2257 1689 Θεοῦ
2291 1636 2468 1712 Λόγον
2498 1635 2629 1690 Θεὸν
2666 1635 2878 1690 τέλειον
2936 1636 3028 1689 καὶ
3086 1637 3371 1710 ἄνθρωπον
3429 1634 3662 1705 τέλειον,
3722 1634 3787 1691 ἐκ

2121 1727 2307 1798 ψυχῆς
2342 1723 2576 1799 λογικῆς
2608 1725 2698 1779 καὶ
2730 1725 3009 1798 σώματος,
3042 1726 3149 1797 πρὸ
3180 1724 3397 1780 αῗώνων
3434 1727 3526 1797 μὲν
3575 1724 3635 1779 ἐκ
3679 1730 3781 1780 τοῦ

2119 1814 2330 1888 Ματρὸς
2361 1815 2683 1888 γεννηθέντα
2731 1815 2869 1868 κατὰ
2924 1814 3026 1883 τὴν
3089 1814 3339 1884 θεότητα,
3396 1812 3474 1870 ἐπ’
3529 1813 3781 1889 ἐσχάτων

2119 1899 2174 1957 δὲ
2203 1907 2310 1957 τῶν
2345 1906 2569 1979 ἡμερῶν
2600 1904 2692 1958 τὸν
2725 1902 2887 1958 αὐτὸν
2918 1900 2990 1957 δι’
3019 1905 3169 1976 ἡμᾶς
3197 1903 3291 1958 καὶ
3347 1901 3437 1958 διὰ
3485 1905 3587 1972 τήν
3637 1905 3786 1976 ἡμε-

2111 1994 2267 2067 τέραν
2311 1992 2583 2066 σωτηρίαν
2641 1990 2701 2046 έκ
2754 1993 2969 2066 Μαρίας
3026 1999 3126 2061 τῆς
3184 1992 3451 2068 παρθένου
3490 1994 3627 2047 κατὰ
3676 1993 3780 2060 τὴν

352 2100 588 2139 manam
612 2088 841 2154 spectat
868 2087 1142 2137 naturam
1169 2100 1182 2149 ;
1216 2082 1613 2152 eumdemque
1651 2086 1710 2136 et
1741 2083 2014 2136 essentia;

2127 2080 2540 2153 ἀνθρωπότητα,
2574 2081 2868 2155 ὁμοούσιον
2918 2085 2998 2152 τῷ
3058 2082 3226 2156 Πατρὶ
3283 2080 3376 2137 τὸν
3435 2080 3596 2136 αὐτὸν
3645 2080 3784 2135 κατᾶ

353 2191 488 2229 cum
520 2177 691 2228 Patre
750 2172 1016 2243 ejusdem
1066 2171 1295 2226 ratione
1348 2170 1607 2233 deitatis,
1643 2176 1699 2224 et
1746 2170 2016 2241 ejusdem

356 2263 669 2317 nobiscum
701 2262 974 2316 essentiaa
1032 2260 1259 2315 ratione
1294 2259 1721 2329 humanitatis.
1756 2260 2018 2314 Duarum

359 2354 521 2408 enim
579 2358 926 2407 naturarum
990 2350 1145 2406 facta
1202 2354 1294 2404 est
1350 2350 1510 2403 unio.
1550 2348 1688 2403 inde
1745 2349 2021 2419 estquod

357 2460 545 2499 unum
594 2443 915 2509 Christum,
949 2457 1137 2496 unum
1193 2440 1434 2505 Filium,
1470 2456 1652 2493 unum
1700 2440 2020 2494 Dominum

358 2534 736 2588 confitemur.
771 2537 961 2601 Atque
1015 2531 1194 2601 hujus
1226 2529 1569 2593 inconfusm
1596 2530 1838 2583 unionis
1870 2546 2019 2583 con-

359 2622 716 2678 sideratione
750 2621 1014 2675 fatemur
1048 2620 1227 2673 etiam
1262 2625 1527 2673 sanctam
1562 2619 1860 2689 Virginem
1886 2635 2020 2673 vere

355 2712 539 2767 fuisse
577 2711 912 2781 Deiparam,
937 2709 1069 2762 ideo
1105 2708 1262 2778 quod
1297 2710 1450 2762 Deus
1481 2706 1741 2762 Verbum
1779 2724 2020 2763 carnem

366 2800 563 2855 induit
593 2805 651 2853 et.
679 2800 856 2853 homo
888 2799 1077 2853 factus
1111 2803 1219 2863 est,
1259 2798 1437 2867 inque
1472 2798 1600 2867 ipsa
1630 2798 2019 2868 conceptione

366 2889 477 2944 sibi
509 2889 698 2943 univit
748 2888 1063 2959 templum,
1101 2887 1258 2957 quod
1294 2902 1362 2940 ex
1407 2887 1535 2956 ipsa
1565 2886 1925 2941 assumebat.
1964 2887 2018 2940 Si

368 2978 560 3049 placet
582 2977 839 3049 exempli
873 2976 1001 3031 loco
1042 2993 1416 3031 assumamus
1449 2982 1720 3030 nostrum
1753 2977 2020 3047 ipsorum

364 3066 883 3138 compositionem,
933 3073 1225 3136 quatenus
1284 3065 1555 3119 homines
1614 3081 1839 3120 sumus.
1876 3066 2024 3120 Con-

364 3162 590 3212 stamus
624 3155 909 3210 nimirum
959 3156 1158 3210 anima
1203 3161 1261 3209 et
1290 3155 1444 3209 668
1488 3172 1760 3225 corpore.
1799 3158 1880 3208 Ac
1932 3154 2021 3207 vi-

363 3247 573 3301 demus
604 3247 750 3301 duas
781 3252 1045 3311 naturas,
1070 3246 1249 3300 aliam
1284 3245 1755 3315 corporis,aliam
1780 3246 2020 3313 animae,

364 3337 669 3391 hominem
701 3353 935 3400 vero,ex
967 3335 1279 3405 utriusque
1314 3335 1582 3388 unitione
1614 3334 1782 3393 facta,
1811 3349 2017 3387 unum.

365 3428 567 3496 Neque
586 3425 933 3495 compositio
968 3441 1038 3478 ex
1072 3423 1302 3478 duabus
1344 3424 1571 3478 naturis
1603 3422 1789 3476 eflicit
1819 3430 1884 3475 ut
1915 3439 2019 3492 pro
2049 3443 2091 3508 ρ

369 3531 489 3568 uno
541 3515 782 3568 homine
815 3513 963 3567 duos
1005 3513 1331 3584 cogitemus
1360 3528 1373 3564 :
1410 3511 1512 3565 sed
1546 3527 1731 3565 unum
1763 3512 1847 3579 (ut
1877 3511 2021 3579 dixi)

369 3602 762 3674 intelligimus
792 3601 1120 3665 hominem,
1156 3618 1226 3654 ex
1259 3600 1458 3654 anima
1497 3606 1555 3653 et
1585 3616 1829 3669 corpore
1862 3616 2020 3653 com-

372 3690 655 3763 positum.
713 3690 769 3743 Si
830 3690 989 3742 enim
1049 3690 1160 3743 hoc
1219 3689 1519 3757 tollamus,
1571 3705 1639 3742 ex
1697 3687 1926 3742 duabus
1966 3694 2024 3741 et

374 3779 788 3834 differentibus
803 3778 1031 3832 naturis
1052 3794 1241 3833 unum
1262 3784 1319 3831 et
1342 3777 1700 3832 indivulsum
1724 3778 2020 3831 Christum

373 3868 445 3924 ab
478 3868 750 3923 unitione
810 3867 1125 3930 exstitisse,
1159 3866 1359 3922 dicent
1417 3867 1775 3922 adversarii:
1815 3867 1870 3920 Si
1908 3883 2024 3921 una

371 3963 585 4013 natura
610 3957 787 4012 totius
810 3956 1024 4010 Christi
1051 3956 1466 4027 est,quomodo
1488 3956 1680 4028 potuit
1699 3958 2021 4011 humanam

372 4053 650 4101 naturam
674 4044 944 4109 induere,
972 4050 1074 4099 aut
1095 4060 1272 4115 quam
1306 4061 1549 4099 carnem
1581 4045 1689 4099 sibi
1722 4045 2021 4115 prOpriam

371 4134 663 4189 asciscere
686 4134 713 4188 ‘I
741 4136 855 4188 Eos
894 4139 1091 4188 autem
1134 4134 1232 4204 qui
1266 4133 1473 4188 dicunt
1523 4134 2018 4204 contemperatio-

371 4222 952 4288 nem,confusionem
975 4222 1435 4277 autmistionem
1468 4228 1815 4277 naturarum
1852 4221 2021 4277 Verbi

370 4314 472 4368 Dei
504 4330 637 4369 cum
669 4330 843 4369 carne
875 4313 1114 4381 factam,
1148 4312 1342 4383 palam
1374 4312 1449 4368 iis
1480 4329 1583 4368 ora
1613 4313 1890 4367 obturare
1925 4318 2025 4368 tua

370 4403 560 4474 pietas
592 4403 891 4469 dignetur.
920 4404 1060 4456 Post
1091 4402 1217 4456 htec
1264 4402 1478 4473 Cyrillo
1512 4407 1766 4470 mortuo,
1798 4402 2025 4456 exstitit

368 4492 699 4546 monachus
758 4489 1000 4560 quidam
1060 4495 1118 4544 et
1163 4489 1407 4545 claustri
1464 4491 1769 4561 princeps,
1802 4507 2022 4546 nomen

369 4579 684 4648 Eutyches.
719 4579 823 4632 Hic
877 4593 993 4631 non
1057 4577 1329 4647 exiguam
1386 4579 1591 4650 p0puli
1645 4584 1876 4649 partem
1909 4578 2021 4633 sibi

370 4666 663 4737 adjunxit.
714 4666 968 4721 Nestorii
1029 4666 1340 4737 Opiniones
1401 4668 1661 4739 probans
1692 4667 2021 4739 dicensque

372 4772 616 4812 carnem
673 4756 888 4811 Christi
946 4773 1065 4811 non
1121 4758 1391 4829 ejusdem
1449 4775 1584 4814 cum
1634 4764 1838 4812 nostra
1887 4775 2016 4813 esse

369 4852 620 4902 naturae.
653 4849 724 4901 Et
747 4847 988 4917 quidem
1031 4865 1240 4903 rursus
1279 4865 1398 4902 non
1432 4849 1619 4903 multo
1651 4855 1785 4919 post
1809 4849 2018 4905 diabo-

368 4938 486 4994 lica
507 4954 686 4993 manu
719 4939 1073 5010 praevalente
1123 4940 1286 4994 aliud
1327 4941 1540 5010 Ephesi
1588 4942 1907 4996 concilium
1940 4942 2020 4996 la-

368 5033 631 5096 tronum,
664 5044 1041 5098 nequaquam
1091 5034 1386 5096 sanctum,
1437 5031 1683 5102 cogitur,
1730 5031 1913 5084 misso
1945 5031 2019 5085 ad

369 5117 428 5172 id
456 5117 635 5172 etiam
693 5117 968 5173 Flaviano
1016 5118 1670 5189 Constantinopolitano
1718 5119 2017 5190 episcopo,

369 5223 505 5263 cum
537 5223 719 5277 penes
741 5208 1087 5261 Dioscorum
1111 5207 1474 5261 Alexandria:
1496 5208 1841 5279 episcopum
1864 5225 2022 5262 sum-

368 5313 468 5351 ma
498 5312 696 5350 rerum
730 5296 810 5349 ibi
844 5303 1019 5350 esset.
1060 5295 1373 5351 Flavianus
1400 5298 1707 5352 veritatem
1739 5303 1913 5352 tuens
1956 5297 2018 5352 in

368 5398 439 5438 eo
497 5384 750 5438 concilio
809 5383 1117 5448 occiditur,
1154 5390 1213 5438 et
1267 5385 1450 5455 priori
1484 5385 1709 5456 synodo
1749 5386 2017 5456 Ephesia)

370 5471 693 5527 auctoritas
749 5471 1087 5544 abrogatur,
1146 5472 1657 5529 subscribentibus
1704 5475 2017 5545 posteriori

371 5559 510 5614 huic
524 5559 877 5628 quibusdam
895 5562 1189 5632 episcopis
1204 5561 1254 5613 vi
1271 5561 1567 5616 latronum
1587 5579 1655 5618 eo
1670 5564 2016 5634 compulsis,

369 5645 526 5703 inter
557 5662 707 5716 quos
732 5647 843 5701 fuit
872 5650 1051 5703 etiam
1086 5650 1339 5705 Basilius
1370 5651 1655 5705 Seleuciaa
1682 5654 2015 5725 episcopus.

366 5733 510 5793 Inde
542 5750 681 5793 cum
712 5735 947 5805 publice
976 5737 1333 5792 docerentur
1363 5740 1636 5809 Nestorii,
1668 5742 1934 5799 Dioscori
1961 5750 2021 5798 et

2086 5792 2093 5803 ,
2127 5737 2405 5819 φονεύεται

2125 2171 2225 2237 τήν
2261 2169 2493 2240 θεότητα
2522 2169 2614 2224 καῖ
2649 2170 2945 2243 ὁμοούσιον
2977 2172 3113 2242 ἡμῖν
3164 2169 3300 2225 κατὰ
3345 2171 3445 2239 τὴν
3496 2170 3783 2244 ἀνθρωπό-

2127 2279 2284 2327 τητα.
2341 2259 2443 2312 Δύο
2501 2258 2605 2330 γὰρ
2666 2258 2877 2335 φύσεων
2942 2255 3138 2322 ἓνωσις
3217 2258 3449 2334 γέγονεν’
3507 2258 3625 2313 ὅθεν
3693 2254 3790 2311 ἕνα

2130 2349 2383 2421 Χριστὸν,
2414 2345 2509 2402 ἕνα
2564 2346 2709 2417 Υἳόν,
2768 2346 2860 2404 ἕνα
2921 2350 3115 2417 Κύριον
3169 2347 3579 2422 ὁμολογοῦμεν.
3641 2346 3793 2404 Κατᾶ

2128 2437 2330 2507 ταύτην
2393 2437 2484 2491 οὗν
2543 2438 2643 2505 τήν
2700 2444 2800 2507 τῆς
2887 2437 3198 2512 ἀσυγχύτου
3283 2436 3524 2499 ένώσεως
3586 2431 3793 2491 ἔννοιαν

2131 2525 2519 2601 ὁμολογοῦμεν
2550 2527 2638 2580 καὶ
2670 2529 2769 2595 τὴν
2799 2527 2950 2602 ἁγίαν
3011 2528 3276 2601 Παρθένον
3322 2526 3545 2597 ἀληθῶς
3593 2526 3795 2581 Θεοτό-

2129 2635 2249 2683 κον,
2286 2612 2375 2669 διὰ
2400 2617 2462 2669 τὸ
2509 2616 2599 2669 τὸν
2660 2617 2788 2670 Θεὸν
2851 2617 3028 2692 Λόγον
3087 2623 3438 2690 σαρκωθῆναι
3493 2615 3585 2670 καὶ
3640 2614 3799 2669 ἐναν-

2131 2708 2416 2779 θρωπῆσαι
2456 2707 2546 2760 καὶ
2577 2706 2626 2775 ἐξ
2661 2706 2831 2776 αὐτῆς
2859 2704 3190 2780 συλλήψεως
3249 2705 3448 2761 ἑνῶσαι
3506 2706 3656 2776 αύτῷ
3702 2705 3797 2760 τὸν

2129 2792 2179 2863 ἐξ
2215 2793 2381 2862 αὐτῆς
2416 2792 2691 2863 ληφθέντα
2731 2798 2813 2867 [Ρ.
2848 2797 2975 2867 381]
3006 2793 3153 2853 ναόν,
3189 2794 3289 2850 Καὶ
3323 2793 3369 2849 εί
3401 2791 3571 2862 δοκεῖ,
3626 2791 3792 2865 δεξώ-

2135 2885 2271 2956 μεθα
2330 2883 2405 2945 εἰς
2460 2881 2808 2958 παράδειγμα
2862 2886 2963 2953 τήν
3019 2885 3136 2939 καθ’
3198 2886 3346 2957 ἡμᾶς
3404 2882 3601 2945 αὐτοὺς
3664 2883 3793 2937 σύν-

2128 2975 2295 3041 θεσιν,
2355 2975 2471 3036 καθ’
2527 2970 2593 3039 ἤν
2651 2971 2809 3045 ἐσμεν
2873 2972 3171 3048 ἂνθρωποι.
3233 2973 3628 3044 Συντεθείμεθα
3685 2972 3787 3047 γὰρ

2126 3059 2189 3115 ἐκ
2245 3064 2431 3138 ψυχῆς
2487 3062 2577 3115 καὶ
2639 3062 2914 3132 σώματος,
2971 3062 3061 3116 καὶ
3138 3063 3352 3133 ὁρῶμεν
3420 3061 3606 3135 φύσεις
3667 3058 3782 3131 δύο,

2130 3150 2313 3222 ἑτέραν
2346 3150 2439 3223 μὲν
2469 3154 2565 3204 τοῦ
2597 3152 2875 3223 σώματος,
2904 3151 3085 3225 ἑτέραν
3116 3149 3172 3205 δὲ
3202 3159 3301 3219 τῆς
3361 3153 3567 3225 ψυχῆς.
3622 3148 3784 3205 Ἀλλ’

2131 3241 2212 3302 εἷς
2242 3239 2292 3310 ἐξ
2324 3240 2526 3318 ἀμφοῖν
2557 3242 2673 3304 καθ’
2705 3237 2898 3296 ἕνωσιν
2931 3239 3246 3314 ἄνθρωπος,
3279 3241 3370 3295 καὶ
3422 3240 3552 3313 οὐχὶ
3609 3240 3673 3294 τὸ
3729 3239 3790 3295 ἐκ

2133 3326 2227 3382 δύο
2288 3328 2499 3404 φύσεων
2553 3331 2919 3391 συντεθεῖσθαι
3004 3327 3101 3384 δύο
3162 3331 3485 3404 ἀνθρώπους
3542 3329 3636 3382 τὸν
3695 3325 3790 3383 ’ένα

2130 3422 2370 3479 νοεῖσθαι
2403 3420 2817 3493 παρασκευάζει,
2861 3415 2987 3472 ἀλλ’
3040 3414 3134 3473 ἕνα
3177 3419 3268 3473 τὸν
3320 3417 3603 3492 ἄνθρωπον
3654 3419 3792 3472 κατά

2130 3506 2393 3571 σύνθεσιν,
2428 3508 2500 3569 ὡς
2534 3505 2688 3584 ἔφην,
2721 3510 2820 3577 τὴν
2854 3506 2914 3563 ἐκ
2952 3512 3137 3583 ψυχῆς
3185 3508 3277 3564 καὶ
3336 3510 3607 3583 σώματος.
3665 3507 3787 3563 Ἐὰν

2131 3596 2234 3672 γὰρ
2264 3595 2545 3668 ἀνέλωμεν
2568 3596 2630 3651 τὸ
2661 3598 2743 3651 ὅτι
2795 3599 2854 3652 ἐκ
2902 3594 2998 3651 δύο
3042 3598 3132 3652 καὶ
3188 3596 3465 3672 διαφέρων
3514 3596 3724 3676 φύσεων
3758 3598 3787 3651 6

2131 3687 2208 3749 εἷς
2235 3685 2322 3741 καὶ
2387 3686 2552 3758 μόνος
2609 3687 2719 3741 ἐστὶ
2786 3687 3039 3759 Χριστὸς,
3098 3685 3463 3749 ἀδιάσπαντος
3518 3682 3591 3741 ὤν
3653 3688 3790 3760 μετὰ

2128 3776 2228 3843 τήν
2255 3771 2472 3844 ἕνωσιν,
2505 3774 2716 3847 ἐροῦσιν
2747 3778 2799 3830 οἱ
2831 3773 2901 3829 δι’
2953 3774 3219 3838 ἐναντίας·
3270 3775 3336 3831 Εἴ
3395 3776 3492 3848 μία
3522 3784 3681 3852 φύσις
3719 3775 3786 3831 τὸ

2130 3862 2281 3935 ὅλον,
2340 3869 2456 3928 πῶς
2512 3863 2951 3940 ἐνηνθρώπησεν,
2986 3865 3021 3933 ἢ
3063 3866 3226 3920 ποίαν
3289 3862 3425 3919 ἰδίαν
3484 3864 3783 3934 ἐποιήσατο

2129 3953 2337 4028 σαρκα;
2372 3954 2514 4015 Τοὺς
2557 3955 2614 4009 δὲ
2672 3952 2930 4028 λέγοντας
2981 3955 3068 4010 ὅτε
3111 3958 3321 4025 κρᾶσις,
3355 3954 3389 4024 ἢ
3424 3954 3713 4029 σύγχυσις,
3746 3954 3782 4023 ἢ

2128 4044 2342 4121 φυρμὸς
2382 4041 2589 4117 ἐγένετο
2645 4046 2742 4096 τοῦ
2802 4048 2936 4098 Θεοῦ
2995 4042 3182 4119 Λόγου
3239 4044 3374 4115 πρὸς
3433 4045 3531 4111 τὴν
3586 4044 3783 4117 σάρκα,

2125 4133 2514 4206 καταξιωσάτω
2574 4153 2675 4186 σου
2728 4135 2762 4201 ἡ
2806 4128 3083 4196 θεοσεϐεια
3140 4129 3439 4206 προδήλως
3497 4130 3788 4205 ἐπιστομί-

2128 4227 2253 4292 ζειν.
2290 4224 2444 4279 Μετὰ
2501 4219 2558 4277 δὲ
2611 4226 2781 4277 ταῦτα
2837 4220 3121 4297 ΚυρίλΛου
3176 4220 3606 4293 τελευτήσαντος
3664 4221 3787 4276 ἐπι-

2126 4313 2314 4388 φύεται
2373 4313 2615 4390 μοναχός
2666 4331 2750 4372 τις
2827 4314 2920 4366 καὶ
3003 4309 3444 4387 ἀρχιμανδρίτης
3529 4314 3786 4388 Εὐτυχής

2126 4402 2553 4474 ὀνομαζόμενος,
2586 4400 2677 4456 καὶ
2709 4402 2927 4471 ἀποσπᾷ
2969 4402 3196 4456 κατόπιν
3244 4401 3409 4457 αὐτοῦ
3469 4400 3632 4477 μέρος
3683 4403 3784 4457 οὐκ

2126 4491 2317 4567 ὀλίγον
2345 4494 2441 4545 τοῦ
2473 4488 2635 4557 λαοῦ,
2669 4495 2848 4564 κυρῶν
2884 4490 2952 4545 τὰ
3010 4491 3310 4565 Νεστορίου
3362 4491 3453 4545 καὶ
3495 4492 3560 4545 τὸ
3613 4493 3783 4547 αὐτοῦ

2122 4581 2360 4656 πονηρὸν
2392 4577 2595 4656 δόγμα,
2629 4578 2847 4658 φάσκων
2877 4580 2951 4649 μή
2994 4580 3135 4634 εἶναι
3166 4581 3267 4649 τήν
3316 4581 3488 4655 σάρκα
3523 4585 3622 4635 τοῦ
3674 4584 3783 4638 Κυ-

2124 4669 2245 4745 ρίου
2273 4672 2411 4741 ἡμῖν
2444 4668 2762 4741 ὁμοούσιον.
2798 4669 2898 4725 Καὶ
2934 4666 3001 4736 δὴ
3047 4667 3213 4724 πάλιν
3246 4670 3359 4741 μετ’
3416 4666 3604 4746 ὀλίγον
3662 4667 3778 4724 δια-

2126 4754 2359 4825 ϐολικῆς
2389 4757 2689 4831 {quntum
2730 4757 2918 4831 χειρὸς
2977 4757 3131 4830 ἑτέρα
3188 4754 3411 4819 σύνοδος
3467 4757 3518 4811 ἐν
3568 4758 3778 4835 Ἐφέσῳ

2129 4848 2393 4921 λῃστρικὴ
2453 4845 2543 4901 καὶ
2603 4846 2711 4921 οὐχ
2778 4845 2898 4901 ὁσία
2981 4847 3207 4919 γίνεται.
3288 4846 3778 4924 παραπεμφθέντος

2130 4935 2302 4991 ἐκεῖσε
2363 4935 2456 4989 καὶ
2522 4929 2839 4991 Φλαϐιανοῦ
2943 4934 3590 5004 Κωνσταντινουπόλεως,
3679 4938 3777 5004 τὴν

2126 5030 2301 5080 πᾶσαι
2362 5025 2601 5094 ἐξουσίαν
2688 5023 2986 5098 Διοσκόρου
3070 5022 3479 5098 Ἀλεξανδρείας
3529 5022 3779 5099 ἔχοντοςο

2128 5116 2216 5170 καὶ
2250 5113 2523 5191 φονεύεται
2561 5115 2653 5186 μὲν
2687 5107 3000 5174 Φλαϐιανὸς
3029 5114 3058 5167 ὁ
3090 5114 3257 5182 θεῖος,
3317 5114 3655 5189 ὑπερμαχῶν
3682 5121 3783 5183 τῆς

2130 5201 2428 5278 ὀρθοδόξου
2484 5203 2740 5269 πίστεως,
2829 5199 3190 5277 ἀνατρέπεται
3250 5200 3308 5258 δέ
3459 5202 3512 5258 ἐν
3573 5203 3785 5280 Ἐφέσῳ

2127 5292 2319 5366 πρώτη
2383 5289 2631 5354 σύνοδος,
2712 5290 3141 5365 ὑπογραψάντων
3207 5297 3405 5369 φονικῇ
3471 5292 3564 5367 βίᾳ
3618 5298 3783 5348 τινῶν

2130 5378 2465 5449 ἐπισκόπωδ,
2528 5379 2579 5451 ἐξ
2636 5380 2709 5433 ὧν
2772 5380 2991 5455 ὑπῆρχε
3052 5378 3337 5443 Βασίλειος
3380 5383 3407 5436 ὁ
3441 5380 3784 5445 Σελευκείας.

2128 5470 2421 5527 Κάντεῦθεν
2468 5474 2577 5525 τῶν
2636 5473 2734 5523 τοῦ
2787 5468 3114 5544 Νεστορίου,
3171 5470 3261 5524 καὶ
3321 5471 3638 5545 Διοσκόρου,
3695 5474 3784 5526 καὶ

2127 5557 2416 5634 Εύτυχλῦς
2457 5556 2937 5632 δημοσιευομένων
2995 5560 3254 5633 πονηρῶν
3320 5558 3628 5635 δογμάτων,
3687 5561 3781 5616 καὶ

2127 5648 2351 5717 πολλῆς
2379 5650 2627 5723 ταραχῆς
2655 5648 2949 5720 γινομένης
2984 5648 3222 5719 μάλιστα
3246 5647 3298 5702 ἐν
3358 5653 3428 5722 τῇ
3479 5648 3777 5720 Ἀνατολῆ,

2494 5741 2786 5811 Προτέριος
2842 5737 2871 5791 6
2933 5736 3101 5813 μέγας
3184 5735 3359 5812 ἱερεὺς
3443 5738 3532 5793 καὶ
3598 5735 3776 5814 ἕτεροι
