4120 6412
304 417 427 480 729

304 552 578 608 πλεῖστοι.
646 545 871 604 Τούτων
910 572 914 577 ·
955 546 1048 603 οῦν

309 641 492 704 θεόθεν
547 637 858 712 Μαρκιανὸς
932 636 959 690 ὁ
1037 633 1312 711 βασιλεὺς,
1399 635 1487 690 καὶ
1546 630 1862 708 συναγαγὼν
1916 629 1970 685 ἐν

314 724 635 799 Χαλκηδόνι
664 728 764 795 τήν
798 731 907 782 τῶν
954 724 1047 800 χλ’
1102 726 1351 799 Πατέρων
1405 720 1654 791 σύνοδον,
1685 720 1969 796 παρόντων

315 816 615 893 Διοσκόρου
663 815 755 870 καὶ
816 814 1121 890 Εὗτυχοῦς,
1179 815 1299 888 μεθ’
1354 814 1430 868 ὧν
1469 812 1560 867 καὶ
1589 811 1750 874 αὐτὸς
1776 830 1971 885 πορευ-

316 907 453 973 θείς,
510 902 961 975 καταδικάζονται
1022 905 1117 977 μὲν
1172 904 1490 976 Διόσκορος,
1545 900 1637 957 καὶ
1696 899 1973 974 Εὐτυχής,

311 997 405 1052 καὶ
449 993 768 1069 Νεστόριος,
822 993 915 1048 καὶ
972 990 1141 1048 πάλιν
1196 992 1693 1064 ἁναθεματίζονται,
1760 986 1977 1044 Θεοδώ-

312 1106 484 1162 ρητον
545 1082 624 1155 δὲ,
683 1083 774 1139 καὶ
825 1078 993 1154 Ἴδαν,
1050 1081 1141 1137 καί
1195 1080 1474 1137 Βασίλειον
1509 1078 1827 1143 Σελευκείας
1854 1076 1975 1133 ἒδέ-

311 1176 472 1244 ξαντο
540 1172 1081 1247 καθυπογράψαντας.
1143 1170 1247 1228 Καὶ
1315 1177 1416 1240 τῆς
1484 1167 1785 1243 λῃστοικῆς
1850 1174 1974 1221 σύν-

311 1261 444 1318 όδου
514 1262 911 1339 ἀνατραπείσης
968 1260 1059 1316 καὶ
1112 1259 1650 1332 ἁναθεματισθείσης,
1705 1256 1781 1321 εἰς
1847 1256 1970 1328 μίαν

312 1352 635 1426 συμφωνίαν
668 1350 878 1428 ἢγαγον
911 1350 1113 1410 πάντας
1173 1350 1224 1403 ol
1282 1350 1416 1403 θεῖοι
1471 1348 1723 1422 Πατέρες.
1754 1344 1971 1400 Τούτων

311 1439 371 1496 δὲ
398 1445 508 1495 τῶν
540 1440 817 1513 τεσσάρων
867 1435 1105 1493 συνόδων
1153 1434 1298 1493 οὕτω
1327 1437 1631 1513 γενομένων
1663 1433 1753 1488 καὶ
1786 1428 1972 1490 ἐπιϐε-

311 1526 652 1586 ϐαιωθεισῶν
683 1528 775 1584 καὶ
806 1532 1121 1604 κρατουσῶν
1182 1526 1235 1581 ἐν
1293 1530 1363 1601 τῇ
1419 1525 1516 1579 τοῦ
1567 1528 1703 1580 Θεοῦ
1734 1526 1972 1592 Ἐκκλη-

321 1619 433 1690 σίᾳ,
475 1620 527 1673 οἱ
581 1618 650 1673 τὰ
707 1617 1004 1693 Νεστορίου
1060 1620 1380 1694 φρονοῦντες
1437 1611 1770 1670 ἐσπούδασαν
1820 1610 1973 1676 αὖθις

320 1712 419 1779 τήν
482 1708 693 1785 α’ίρεσιν
750 1709 929 1764 αὐτῶν
986 1711 1309 1784 κρατῦναι...
1368 1712 1468 1776 τῆς
1529 1701 1821 1779 Θεοδώρου
1875 1706 1973 1758 τοῦ

321 1800 706 1873 Μοψουεστίας
775 1801 1055 1872 ἀφορμῆς,
1122 1794 1324 1868 πολλῷ
1410 1794 1635 1870 χείρονα
1701 1796 1796 1847 τοῦ
1867 1814 1974 1866 μα-

1442 408 1806 473 HISTORIA
1819 408 2000 471 RUM
2042 406 2597 472 COMPENDIUM.

1138 547 1313 610 οὕτως
1371 544 1613 625 ἐχόντων
1685 542 1964 598 ἀνίσταται

2078 543 2360 615 Eutychis
2412 543 2762 615 perniciosas
2819 544 3154 615 opiniones,
3203 543 3523 615 magnique
3565 544 3721 600 θοθ

3605 409 3757 471 ’13οῙ

2078 635 2409 705 praesertim
2440 634 2502 688 in
2534 635 2769 691 Oriente
2802 633 3160 689 exsisterent
3198 633 3512 700 tumultus,
3544 634 3725 690 occisi

2079 727 2218 777 sunt
2244 722 2544 776 Proterius
2571 722 2882 793 episcopus
2913 728 2971 776 et
2999 721 3102 776 alii
3134 720 3398 791 plurimi.
3423 723 3502 776 Eo
3525 737 3725 776 rerum

2078 815 2234 865 statu
2266 809 2463 865 divina
2492 810 2864 881 providentia
2909 810 3271 866 Marcianum
3305 810 3729 881 imperatorem

2077 904 2260 955 creat.
2317 900 2372 955 Is
2428 899 2700 955 interfuit
2755 916 2790 954 a
2845 915 2908 955 se
2957 904 3161 954 coacto
3208 898 3582 954 Chalcedone
3622 899 3729 952 630

2076 991 2319 1044 Patrum
2377 988 2654 1054 concilio,
2686 988 3076 1059 praesentibus
3129 989 3310 1044 etiam
3360 987 3639 1043 Dioscoro
3669 993 3728 1042 et

2076 1079 2420 1150 Eutychete.
2450 1078 2535 1133 lbi
2588 1095 2793 1133 rursus
2841 1078 3203 1134 damnantur
3233 1078 3569 1144 Dioscorus,
3609 1077 3726 1131 Eu-

2076 1170 2282 1241 tyches
2312 1176 2372 1224 et
2400 1169 3134 1240 Nestorius,approhantur
3155 1167 3565 1232 Theodoritus,
3592 1166 3726 1221 lbas

2078 1266 2137 1316 et
2166 1260 2417 1316 Basilius
2441 1260 2722 1315 Seleuciae
2756 1260 3234 1331 episcopus,cum
3267 1258 3507 1314 tandem
3538 1257 3725 1329 priori

2078 1350 2329 1406 concilio
2384 1349 2896 1420 subscripsissent.
2929 1350 3017 1405 Ita
3070 1348 3307 1404 abolitis
3354 1345 3724 1418 prasdatorim

2079 1440 2288 1512 synodi
2319 1440 2465 1495 actis
2513 1447 2573 1495 et
2600 1440 2920 1506 damnatis,
2949 1439 3269 1497 concordia
3297 1455 3333 1494 a
3363 1438 3584 1493 sanctis
3613 1439 3724 1493 Pa-

2076 1529 2269 1584 trihus
2315 1530 2475 1585 inter
2528 1545 2738 1584 omnes
2790 1528 3134 1585 concilliata
3182 1532 3291 1584 est.
3325 1527 3429 1583 His
3467 1532 3728 1598 quatuor

2077 1622 2347 1678 conciliis
2377 1622 2462 1677 sic
2491 1622 2638 1677 actis
2661 1628 2722 1677 et
2748 1622 3099 1678 auctoritate
3125 1621 3440 1690 roboratis,
3472 1636 3724 1691 eamque

2077 1713 2139 1767 in
2160 1711 2423 1767 Ecclesia
2454 1712 2556 1767 Dei
2587 1712 3016 1776 obtinentibus,
3039 1711 3374 1767 Nestoriani
3404 1711 3602 1766 denuo
3625 1727 3724 1766 co-

2077 1802 2202 1857 nati
2222 1806 2538 1856 suntsuam
2556 1801 2829 1856 hmresim
2854 1802 3207 1856 confirmare
3230 1816 3411 1872 opera
3430 1800 3722 1856 Theodori

316 1892 488 1959 θητοῦ
549 1888 715 1942 αὐτοῦ
780 1886 1077 1962 Νεπορίου
1163 1888 1250 1959 [Ρ.
1312 1887 1438 1958 382]
1531 1881 1966 1959 βλασφημήσαν-

2076 1890 2448 1961 Mopsuestia:
2480 1890 2763 1961 episcopi,
2798 1890 2898 1961 qui
2939 1891 3287 1961 magistrum
3312 1906 3486 1945 suum
3516 1892 3724 1944 Nesto-

303 1999 418 2038 τος.
495 1978 655 2041 ’Όθεν
723 1975 905 2030 τοίνυν
971 1973 1061 2029 καὶ
1130 1976 1295 2047 ἡμεῖς
1361 1972 1785 2036 ἀκολουθοῦντες
1850 1975 1966 2031 τοῖς

301 2065 601 2139 ἡμετέροις
666 2064 926 2135 πατράσι,
1029 2065 1115 2118 καὶ
1230 2063 1564 2138 βουλόμενοι
1628 2061 1728 2127 τήν
1799 2060 1965 2133 ὀρθήν

304 2156 488 2211 πίστιν
547 2150 840 2223 ἀλώϐητον
903 2151 1383 2233 διαφυλάττεσθαι,
1441 2149 1820 2225 προτρέπομεν
1876 2148 1967 2202 καὶ

305 2246 512 2302 τούτου
571 2244 668 2305 τὰς
730 2242 1090 2320 βλασφημίας
1152 2238 1553 2314 διεξετάσαντκς
1606 2240 1724 2314 κατ’
1798 2236 1970 2292 αὐτοῦ

306 2333 393 2389 καὶ
452 2338 564 2388 τῶν
620 2331 941 2408 ὀμοφρόνων
1002 2330 1168 2387 αὐτοῦ
1227 2331 1629 2409 ἀποφήνασθαι.
1684 2327 1823 2402 Πρὸς
1865 2328 1970 2403 γὰρ

306 2430 422 2485 ταῖς
507 2419 707 2482 ἄλλαις
780 2421 1171 2493 ἀναριθμήτοις
1257 2418 1422 2475 αὐτοῦ
1490 2415 1823 2494 δυσφημίαις
1891 2415 1968 2477 εἰς

311 2512 552 2586 Χριστὸν
585 2510 678 2565 τὸν
711 2510 841 2565 Θεὸν
898 2512 1062 2581 ἡμῶν
1117 2506 1457 2584 γενομέναις,
1506 2504 1678 2563 ἄλλον
1711 2506 1844 2562 εἶναι
1875 2505 1965 2560 τὸν

313 2604 438 2657 Θεὸν
498 2602 675 2678 Λόγον
730 2600 821 2654 καὶ
879 2597 1049 2655 ἄλλον
1110 2601 1204 2655 τὸν
1263 2600 1522 2672 Χριστὸν,
1579 2596 1683 2652 ὑπὸ
1728 2600 1837 2651 τῶν
1866 2602 1966 2663 τῆς

315 2691 499 2763 φυλῆς
540 2694 727 2754 παθῶν
781 2689 873 2744 καὶ
929 2696 1036 2746 τῶν
1096 2695 1195 2757 τῆς
1237 2688 1434 2761 σαρκὸς
1490 2687 1792 2757 ἐπιθυμιῶν
1850 2684 1971 2739 ἐνο-

318 2777 647 2854 χλούμενον,
706 2778 796 2833 καὶ
852 2783 959 2833 τῶν
1001 2778 1268 2852 χειρόνων
1325 2776 1464 2831 κατὰ
1524 2776 1716 2850 μικρὸν
1749 2774 1970 2851 ἀφιστά-

321 2888 476 2939 μενον
529 2868 664 2939 πρὸς
724 2868 788 2922 τὰ
844 2866 1129 2939 κρείττονα
1184 2870 1253 2940 τῇ
1312 2868 1567 2940 προκοπῇ
1626 2866 1763 2937 τῶνξ
1788 2862 1964 2938 ἱργων

316 2955 660 3028 ἐληλυθέναι,
691 2956 780 3012 καὶ
832 2960 901 3029 τῇ
952 2955 1143 3030 ἀρίστη
1200 2953 1453 3025 πολιτείᾳ
1488 2953 1780 3030 γενόμενον
1810 2950 1965 3023 ἄμω-

322 3065 443 3117 μον,
501 3045 588 3101 καὶ
647 3049 721 3108 ὡς
782 3044 944 3119 ψιλὸν
1006 3045 1290 3119 ἄνθρωπον
1346 3042 1399 3099 ἐν
1455 3043 1686 3116 ὀνόματι
1737 3039 1965 3115 Ματρὸς,

320 3134 405 3187 καὶ
464 3136 612 3196 Υἱοῦ,
670 3135 758 3189 καὶ
824 3134 976 3210 ἁγίου
1053 3135 1367 3206 [πνεύματος
1431 3133 1816 3208 βαπτισθῆναι,
1878 3129 1967 3184 καὶ

326 3219 412 3277 δια
446 3229 540 3279 τοῦ
595 3227 966 3299 βαπτίσματος
997 3226 1097 3293 τήν
1143 3225 1306 3304 χάριν
1338 3229 1436 3280 τοῦ
1468 3225 1624 3300 ἁγίου
1655 3220 1965 3296 Πνεύματος

316 3311 612 3391 εἰληφέναι,
669 3317 753 3370 καί
814 3314 1083 3377 υἱοθεσίας
1138 3316 1428 3386 ἠξιῶσθαι,
1473 3316 1564 3368 καὶ
1612 3315 1734 3380 καθ,
1767 3313 1968 3384 ὁμοίω-

317 3425 397 3459 σιν
434 3405 724 3480 βασιλικῆς
756 3408 964 3468 εἰκόνος
1024 3406 1101 3468 εἷς
1160 3407 1452 3481 πρόσωπον
1492 3409 1590 3461 τοῦ
1621 3409 1756 3460 Θεοῦ
1791 3406 1968 3478 Λόγου

316 3498 405 3549 τὸν
437 3496 670 3570 Χριστὸν
700 3499 1141 3570 προσκυνεῖσθαι,
1198 3497 1287 3551 καὶ
1352 3495 1486 3569 μετὰ
1541 3497 1641 3562 τὴν
1682 3493 1967 3548 ἀνάστασιν

318 3583 580 3653 ἄτρεπτον
641 3590 760 3647 ταῖς
828 3586 1057 3647 ἐννοίαις
1116 3585 1207 3639 καὶ
1283 3584 1664 3659 ἀναμάρτητον
1744 3589 1969 3657 γεγενῆ-

321 3678 458 3731 σθαι.
522 3676 619 3730 Καὶ
675 3678 813 3750 πρὸς
867 3676 1084 3738 τούτοις
1161 3676 1277 3731 εἶπε
1331 3676 1588 3745 τοιαύτην
1647 3676 1969 3749 γεγενῆσθαι

315 3767 413 3834 τῂν
441 3763 637 3820 ἕνωσιν
663 3771 764 3820 τοῦ
793 3770 928 3821 Θεοῦ
988 3765 1171 3839 Λόγου
1222 3766 1357 3838 πρὸς
1397 3765 1487 3819 τὸν
1514 3763 1744 3839 Χριστὸν
1779 3761 1970 3818 ὁποίαν

317 3854 345 3907 ὁ
379 3855 719 3916 ’Λπόστολος
748 3852 849 3931 ἔφη
882 3855 1008 3926 περὶ
1062 3858 1159 3909 τοῦ
1190 3851 1383 3927 ἀνδρὸς
1437 3853 1529 3908 καὶ
1558 3860 1660 3921 τῆς
1688 3850 1966 3925 γυναικός*

312 3949 569 4001 Ἔσονται
602 3945 655 4000 οἱ
687 3943 783 4000 δύο
815 3945 893 4007 εἷς
936 3945 1106 4020 σάρκα
1167 3944 1317 4018 μίαν.
1347 3946 1466 4001 Ἔτι
1500 3942 1556 3998 δὲ
1586 3943 1969 4019 προτρέπομαι

316 4034 451 4106 ﬁni;
513 4033 752 4104 ἔξετάσαι
808 4037 898 4089 καὶ
955 4036 1023 4090 τὰ
1067 4039 1252 4099 κακῶς
1304 4034 1581 4113 γραφάντα
1637 4032 1781 4106 παρὰ
1839 4039 1967 4087 Θεο-

314 4120 571 4198 δωρνςτου
639 4124 728 4179 καὶ
796 4119 917 4182 Ἰϐα
979 4125 1118 4179 κατὰ
1174 4131 1275 4194 τῆς
1344 4123 1396 4178 ἐν
1467 4124 1676 4200 Ἐφέσῳ
1741 4122 1966 4195 πρώτης

312 4212 466 4288 ἁγίας
530 4209 777 4281 συνόδου,
833 4213 922 4267 καὶ
983 4211 1193 4287 ὁμοίως
1250 4214 1315 4268 τὰ
1354 4213 1473 4267 κατ’
1530 4211 1697 4267 αὐτοῦ
1752 4212 1966 4287 ἀποφή-

308 4303 519 4357 νασθαι.

380 4390 483 4446 Καὶ
546 4394 718 4446 ταῦτα
774 4388 939 4445 πάλιν
999 4389 1259 4451 ὡσαύτως
1319 4390 1371 4444 οἱ
1431 4393 1570 4452 θεῖοι
1603 4387 1832 4462 Πατὲρες
1862 4408 1962 4443 πο-

310 4474 861 4553 λυπραγμονήσαντες
920 4479 1307 4549 ἀπεκρίθησαν.
1356 4481 1415 4534 Ἦ
1470 4479 1562 4548 μὲν
1623 4476 1677 4533 ἐν
1735 4476 1961 4547 Χαλκη-

312 4563 425 4622 δόνι
456 4569 576 4623 θεία
607 4565 830 4630 σύνοδος
864 4565 1222 4643 Θεοδωρήτου
1275 4568 1367 4622 καὶ
1422 4563 1545 4624 ’Ίϐα
1583 4567 1769 4623 πολλᾶ
1799 4588 1959 4621 κατα-

2073 1978 2230 2032 rium
2260 1978 2441 2049 impie
2472 1978 2543 2033 de
2594 1979 2771 2034 rebus
2820 1979 3006 2034 sacris
3052 1978 3351 2049 loquendo
3384 1978 3723 2049 superabat.
3789 2028 3803 2039 .

2073 2067 2331 2122 Proinde
2361 2084 2469 2123 nos
2521 2068 2784 2140 vestigiis
2837 2069 3131 2138 majorum
3192 2072 3534 2123 nostrorum
3578 2066 3724 2122 insi-

2076 2161 2301 2211 stentes
2335 2157 2763 2227 cupientesque
2809 2173 3007 2212 veram
3058 2157 3236 2212 ﬁdem
3266 2157 3556 2229 integram
3588 2173 3725 2211 con-

2077 2261 2331 2312 servare,
2364 2246 2672 2301 hortamur
2718 2263 2819 2301 vos
2844 2252 2911 2301 ut
2958 2246 3135 2317 hujus
3167 2262 3401 2317 quoque
3435 2245 3724 2301 scelerata

2076 2334 2389 2390 mendacia
2417 2336 2824 2391 examinantes
2845 2336 2918 2391 de
2951 2352 3018 2389 eo
3042 2341 3099 2390 et
3123 2335 3514 2391 sectatoribus
3536 2335 3723 2407 ipsius

2076 2424 2366 2480 statuatis.
2403 2426 2545 2480 Nam
2580 2432 2797 2497 praeter
2823 2426 3140 2482 innumera
3168 2426 3287 2481 alia
3305 2442 3436 2495 quas
3458 2425 3637 2495 impie
3662 2424 3724 2479 in

2076 2514 2375 2568 Christum
2434 2515 2621 2569 Deum
2677 2520 2945 2570 nostrum
3006 2514 3323 2570 maledicta
3352 2514 3628 2580 evomuit,
3662 2513 3723 2568 id

2076 2619 2312 2673 quoque
2344 2604 2607 2673 protulit,
2643 2604 2827 2659 alium
2855 2620 2983 2658 esse
3007 2605 3194 2658 Deum
3222 2602 3501 2669 Verbum,
3535 2603 3722 2659 alium

2076 2690 2399 2752 Christum.
2459 2692 2559 2762 qui
2610 2692 2795 2747 animi
2839 2690 3387 2763 perturbationibus
3438 2696 3497 2746 et
3525 2692 3722 2747 carnis

2075 2780 2502 2851 cupiditatibus
2515 2780 3406 2851 molestiamipsiexhihentibus
3430 2780 3718 2851 paulatim

2076 2869 2514 2925 adeterioribus
2527 2870 2822 2926 desistens
2843 2872 3134 2926 factorum
3148 2871 3412 2942 profectu
3426 2870 3487 2925 in
3503 2870 3720 2925 melius

2076 2960 2347 3026 evaserit,
2379 2960 2800 3032 iuculpataque
2858 2962 3096 3032 optimm
3145 2961 3278 3015 vitas
3306 2960 3534 3015 ratione
3566 2960 3722 3015 670

2076 3065 2220 3103 usus
2250 3049 2362 3114 sit;
2412 3050 2536 3119 qui,
2568 3055 2634 3104 ut
2682 3050 2876 3105 nudus
2927 3051 3127 3115 homo,
3166 3050 3226 3105 in
3257 3049 3500 3105 nomine
3531 3049 3723 3105 Patris

2078 3142 2135 3191 et
2167 3138 2294 3191 Filii
2348 3143 2408 3192 et
2460 3138 2710 3209 Spiritus
2769 3140 2957 3193 sancti
3007 3138 3355 3210 baptizatus,
3397 3156 3504 3211 per
3535 3139 3725 3210 bapti-

2077 3242 2269 3281 smum
2283 3228 2529 3299 gratiam
2547 3227 2798 3298 Spiritus
2814 3227 3003 3282 sancti
3025 3227 3725 3298 consecutus,adoptione

2080 3316 2156 3370 sit
2186 3315 2497 3388 dignatus;
2532 3323 2591 3371 et
2618 3317 2692 3371 ad
2740 3317 3193 3372 similitudinem
3244 3317 3419 3388 regias
3449 3316 3726 3388 imaginis

2076 3403 2345 3459 Christus
2405 3405 2465 3459 in
2526 3422 2781 3475 persona
2827 3404 3005 3459 Verbi
3066 3405 3169 3459 Dei
3229 3405 3530 3471 adoratus,
3594 3408 3729 3476 post

2074 3495 2576 3550 resurrectionem
2637 3495 2837 3549 animo
2895 3495 3190 3550 constanti
3248 3501 3307 3551 et
3345 3499 3724 3566 peccatorum

2076 3599 2256 3638 vacuo
2306 3584 2504 3639 fuerit.
2564 3586 2859 3639 Praiterea
2909 3584 3313 3655 pronuntiavit
3369 3600 3497 3639 eam
3538 3582 3723 3639 fuisse

2078 3674 2251 3728 Verbi
2284 3691 2420 3728 cum
2443 3674 2674 3730 Christo
2706 3675 3200 3745 unitionem,quae
3233 3678 3323 3728 est
3346 3673 3419 3729 ab
3441 3674 3724 3745 Apostolo

2077 3762 2237 3818 dicta
2284 3763 2393 3817 viri
2442 3780 2576 3818 cum
2632 3764 2934 3818 muliere:
2980 3765 3050 3818 Et
3097 3769 3271 3819 erunt
3325 3762 3442 3817 duo
3495 3763 3557 3818 in
3606 3780 3729 3819 una

2077 3867 2272 3906 carne.
2309 3851 2395 3906 Ad
2454 3852 2579 3907 hinc
2638 3869 2738 3907 vos
2784 3853 2992 3907 hortor
3037 3857 3105 3907 ut
3147 3854 3325 3908 etiam
3376 3854 3728 3910 examinatis

2076 3958 2207 4012 qum
2240 3959 2275 3996 a
2302 3943 2655 3999 Theodorito
2687 3950 2746 3998 et
2773 3943 2876 3999 lba
2914 3945 3065 3999 male
3098 3944 3321 4014 scripta
3351 3949 3487 3999 sunt
3520 3950 3729 4000 contra

2074 4032 2240 4102 prius
2290 4034 2650 4103 Epliesinum
2698 4038 2968 4087 sanctum
3012 4032 3355 4101 concilium,
3402 4038 3725 4103 contraque

2075 4138 2175 4177 eos
2206 4121 2411 4176 eodem
2446 4121 2620 4176 modo
2651 4122 3010 4176 sententiam
3042 4121 3266 4176 feratis.

2142 4393 2346 4448 Patres
2371 4392 2461 4447 his
2484 4410 2722 4449 rursum
2749 4398 3023 4450 accurate
3054 4393 3447 4449 consideratis
3471 4408 3717 4464 respon-

2070 4480 2305 4536 derunt:
2323 4481 2807 4538 Chalcedonense
2821 4500 3053 4539 sacrum
3075 4482 3395 4539 concilium
3408 4481 3723 4538 Theodori-

2070 4575 2193 4624 tum
2220 4571 2448 4627 etlbam
2470 4573 2724 4643 graviter
2741 4573 2933 4628 verbis
2952 4574 3306 4628 insectatum
3318 4590 3438 4628 non
3456 4573 3575 4628 alia
3586 4589 3723 4627 con-

313 4649 562 4726 ϐοήσασα
591 4655 691 4710 ούκ
728 4654 918 4718 ἄλλως
976 4656 1172 4720 αὐτοὺς
1229 4654 1465 4726 ἐδέξατο,
1499 4656 1547 4712 εἴ
1579 4659 1655 4730 μὴ
1702 4656 1964 4732 πρότερον

2075 4660 2298 4716 ditione
2312 4661 2370 4715 in
2385 4662 2634 4734 gratiam
2647 4663 3078 4734 recepit,quam
3095 4663 3338 4735 utprius
3351 4679 3459 4718 sua
3480 4661 3725 4717 damna-

310 4741 697 4818 ἀνεθεμάτισαν
760 4743 825 4799 τὰ
894 4740 1010 4798 ἴδια
1086 4744 1302 4819 πονηρὰ
1381 4746 1805 4821 συγγράμματα,
1870 4748 1961 4804 καὶ

310 4830 610 4908 Θεόδωρον,
666 4834 752 4887 καὶ
814 4833 1131 4908 Νεστόριον.
1190 4834 1382 4907 Ἡμεῖς
1450 4831 1509 4889 δὲ
1571 4835 1959 4912 κατακρίνομεν

306 4920 393 4973 καὶ
452 4922 926 4995 ἁναφεματίζομεν
973 4922 1112 4996 πρὸς
1166 4928 1284 4986 τοῖς
1339 4920 1535 4986 ἄλλοις
1589 4925 1785 4981 ἆπασιν
1822 4926 1963 5000 αἱρε-

303 5016 497 5077 τικοῖς,
554 5017 671 5074 τοῖς
728 5014 1097 5086 κατακριθεῖσι
1152 5013 1241 5068 καὶ
1297 5013 1799 5085 ἀναθεματισθεῖσιν
1857 5016 1960 5070 ὑπὸ

305 5102 412 5152 τῶν
462 5100 769 5175 εἰρημένων
808 5101 976 5176 ἁγίων
1017 5102 1291 5176 τεσσάρων
1360 5099 1624 5171 συνόδων,
1674 5104 1766 5159 καὶ
1825 5106 1958 5159 Θεό-

311 5182 482 5263 δωρον
562 5190 847 5267 γενόμενον
916 5190 1206 5246 ἐπίσκοπον
1294 5194 1674 5266 Μοψουεστίας
1739 5193 1828 5249 καὶ
1894 5196 1962 5251 τὰ

312 5270 541 5347 δυσσεϐῆ
610 5280 1012 5354 συγγράμματα
1075 5280 1264 5345 αὐτοῦ,
1330 5282 1420 5336 καὶ
1491 5282 1675 5355 μέντοι
1739 5284 1827 5338 καὶ
1892 5286 1959 5340 τὰ

308 5370 488 5430 κακῶς
535 5369 683 5443 παρὰ
730 5364 1087 5441 Θεοδωρήτου
1139 5372 1518 5445 συγγραφέντα
1563 5372 1699 5427 κατὰ
1751 5394 1810 5428 τε
1858 5381 1958 5441 τῆς

300 5449 462 5525 ὀρθῆς
516 5456 750 5518 πίστεως
814 5460 904 5511 καὶ
966 5462 1076 5511 τῶν
1135 5454 1347 5513 δώδεκα
1401 5458 1715 5537 κεφαλαίων
1767 5467 1865 5517 τοῦ
1905 5462 1957 5518 ἐν

303 5539 473 5615 ἁγίοις
534 5543 819 5621 Κυρίλλοὺ
877 5546 966 5600 καὶ
1025 5552 1128 5614 τῆς
1188 5546 1240 5601 ἐν
1298 5549 1511 5627 Ἐφέσῳ
1552 5550 1778 5622 πρώτης
1808 5552 1954 5624 ἱερᾶς

305 5628 550 5702 συνόδου,
612 5633 701 5688 καὶ
757 5635 857 5688 ὅσα
915 5634 1044 5709 ὑπὲρ
1102 5638 1429 5710 συνηγορίας
1496 5638 1781 5712 Θεοδώρου
1864 5642 1952 5696 καὶ

302 5719 596 5792 Νωτορίου
659 5722 811 5794 αὐτῷ
883 5720 1204 5800 γέγραπται,
1265 5725 1406 5800 Ηρὸς
1482 5726 1699 5788 τούτοις
1765 5730 1957 5793 ἀναθε-

2073 4749 2375 4803 rentmala
2409 4750 2629 4821 scripta
2658 4756 2717 4805 et
2744 4751 3117 4806 Theodorum
3143 4751 3579 4807 acNestorium.
3605 4753 3721 4808 Nos

2072 4842 2270 4891 autem
2285 4844 2499 4908 praeter
2511 4840 2776 4910 reliquos
2789 4857 3000 4896 omnes
3011 4841 3323 4896 hazreticos
3341 4858 3375 4896 a
3387 4839 3563 4896 dictis
3577 4857 3722 4912 qua-

2072 4931 2208 4982 tuor
2219 4928 2441 4983 sanctis
2453 4930 2723 4984 conciliis
2735 4930 3048 4987 damnatos
3064 4937 3240 5001 atque
3253 4929 3725 4985 Ecclesiaexclu-

2073 5017 2555 5077 sos,damnamus
2576 5020 2755 5075 etiam
2796 5026 2975 5091 atque
3010 5020 3435 5092 proscribimus
3458 5017 3722 5073 Theodo-

2070 5122 2202 5161 rum
2225 5107 2324 5177 qui
2348 5107 2459 5162 fuit
2481 5109 2847 5180 Mopsuestizo
2885 5111 3217 5182 episcopus,
3242 5106 3717 5178 ejusqueimpios

2069 5194 2274 5263 libros,
2308 5212 2543 5253 necnon
2593 5215 2663 5253 ea
2692 5215 2824 5269 quas
2872 5198 3263 5254 Theodoritus
3293 5196 3448 5252 male
3481 5196 3719 5266 scripsit

2070 5291 2276 5340 contra
2322 5303 2518 5342 veram
2569 5288 2748 5343 fidem
2799 5294 2857 5343 et
2904 5287 3215 5343 duodecim
3266 5287 3454 5341 sancti
3509 5285 3712 5357 Cyrilli

2068 5376 2263 5447 capita
2293 5393 2359 5431 ac
2390 5377 2644 5448 primam
2695 5383 2961 5433 sanctam
3005 5376 3363 5447 Ephesinam
3396 5376 3714 5447 synodum,

2069 5470 2128 5519 et
2158 5482 2264 5535 pro
2289 5465 2637 5522 defensione
2695 5466 2985 5521 Theodori
3018 5482 3087 5520 ac
3114 5465 3389 5520 Nestorii.
3426 5467 3720 5522 Prmterea

2067 5553 2422 5610 damnamus
2454 5556 2633 5610 etiam
2693 5556 2938 5626 impiam
2988 5553 3304 5625 epistolam
3356 5571 3535 5626 quam
3566 5556 3705 5613 671

2066 5643 2167 5702 Iba
2198 5646 2386 5700 fertur
2414 5646 2721 5717 scripsisse
2752 5646 2827 5701 ad
2858 5646 3042 5700 Marin
3076 5646 3343 5713 Persam,
3376 5662 3507 5717 quas
3538 5653 3715 5719 negat

2065 5734 2320 5789 Verbum
2355 5735 2457 5790 Dei
2489 5751 2559 5790 ex
2591 5741 2797 5791 sancta
2844 5734 3079 5807 Virgine
3125 5734 3370 5807 Deipara
3396 5736 3578 5792 Maria
3605 5736 3707 5790 in-
