4120 6436
332 419 445 483 731

1696 424 2016 488 GEORGII
2062 427 2399 493 CEDRENI

3648 438 3774 503 732

334 561 643 613 carnatum
675 556 985 614 hominem
1031 574 1162 614 esse
1200 559 1443 625 factum,
1479 564 1537 614 et
1575 558 1773 615 divum
1804 561 1986 633 Cyril-

2111 565 2402 639 ματίζομεν
2452 568 2541 622 καί
2598 569 2698 639 τήν
2754 563 2923 639 ἄσεϐἤ
2982 565 3279 640 ἐπιστολὴν
3309 571 3414 639 τὴν
3446 567 3771 650 λεγομένην

334 646 463 701 lum
492 664 598 719 pro
658 647 936 703 hmretico
991 648 1280 713 traducit;
1340 664 1409 702 ac
1452 649 1705 719 primam
1739 650 1983 721 quidem

334 737 698 807 Ephesinam
731 753 959 792 sacram
992 737 1283 808 synodum
1314 738 1803 808 reprehendit,ut
1833 757 1982 812 quae,

338 830 639 902 incognita
668 845 864 895 causa,
882 829 1212 883 Nestorium
1246 828 1635 898 damnaverit,
1669 829 1985 886 duodecim

340 926 534 974 autem
559 918 819 988 capitula
859 918 1045 972 sancti
1070 917 1273 987 Cyrilli
1297 918 1594 989 conspuit,
1630 920 1896 976 Neston'o
1927 925 1989 976 et

338 1007 643 1063 Theodoro
662 1022 987 1077 eorumque
1009 1007 1212 1078 impiis
1242 1006 1480 1078 scriptis
1510 1012 1570 1062 et
1599 1009 1987 1080 Opinionihus

338 1097 759 1169 patrocinatur.
827 1096 1199 1168 Quapropter
1255 1096 1509 1152 effrenae
1574 1098 1987 1154 haereticorum

338 1186 587 1240 istorum
614 1185 848 1255 linguas
897 1184 1372 1256 impiissimaque
1423 1186 1664 1256 scripta,
1708 1188 1988 1258 ipsosque

336 1275 411 1331 ad
442 1278 777 1329 extremum
812 1272 874 1327 in
900 1274 1068 1329 falsis
1110 1274 1233 1330 suis
1254 1275 1640 1346 opinionibus
1672 1292 1741 1331 ac
1763 1276 1991 1332 malitia

338 1368 809 1435 perseverantes,
869 1362 1094 1433 optimo
1144 1363 1279 1433 jure
1334 1364 1488 1434 patri
1539 1364 1989 1421 mendaciorum

339 1452 574 1508 diabolo
607 1456 1076 1507 annumerantes
1099 1451 1405 1507 dicemus:
1440 1453 1643 1508 Vadite
1679 1454 1738 1508 in
1763 1454 1989 1513 lumine

338 1543 492 1615 ignis
523 1541 723 1607 vestri,
759 1548 818 1597 et
848 1542 911 1595 in
945 1541 1186 1597 ﬂamma
1215 1558 1396 1612 quam
1428 1543 1833 1614 concepistisu

2099 653 2242 726 παρὰ
2296 651 2415 712 Ἴδα
2465 657 2760 736 γεγράφθαι
2818 659 2956 736 πρὸς
3012 660 3189 735 Μάριν
3244 660 3338 714 τὸν
3385 659 3634 733 Πέρσην,
3666 662 3769 728 τὴν

2095 741 2434 817 ἀρνουμένην
2463 746 2552 800 τὸν
2589 748 2718 801 Θεὸν
2779 746 2953 822 Λόγον
3012 747 3073 803 ἐκ
3121 754 3222 817 τῆς
3282 749 3437 824 ἁγίας
3474 749 3772 823 Παρθένου

2096 836 2198 897 τῆς
2250 836 2523 890 Θεοτόκου
2584 836 2794 913 Μαρίας
2856 838 3198 909 σαρκωθέντα
3257 835 3551 913 ἄνθρωπον
3602 857 3770 915 γεγε-

2096 923 2312 992 νῆσθαι,
2369 924 2460 978 καὶ
2514 924 2609 980 τὸν
2669 924 2948 989 θεσπέσιον
3012 925 3292 1001 Κύριλλον
3347 928 3426 989 ὡς
3485 926 3773 1000 αἱρετικὸν

2098 1006 2530 1082 διαϐάλλουσαν,
2584 1015 2677 1069 καὶ
2743 1014 3100 1096 μεμφομένην
3168 1017 3264 1088 μὲν
3320 1018 3423 1086 τὴν
3465 1015 3524 1071 ἐν
3550 1016 3774 1093 Ἐ’ρέσῳ

2096 1101 2320 1174 πρώτην
2370 1102 2524 1179 ἁγίαν
2577 1100 2797 1158 σόνοδον
2859 1105 2935 1167 ὡς
2991 1104 3173 1180 γωρίς
3201 1107 3434 1182 κρίσεως
3467 1104 3560 1160 καὶ
3597 1106 3778 1174 ζητή-

2099 1209 2235 1252 σεως
2278 1190 2367 1245 τὸν
2425 1192 2721 1266 Νεστόριον
2780 1191 3138 1263 καθελοῦσαν,
3169 1196 3259 1250 καί
3287 1197 3357 1251 τὰ
3389 1196 3465 1271 ιβ⁸
3493 1192 3781 1272 κεφάλαια

2097 1282 2193 1333 τοῦ
2250 1281 2520 1356 μακαρίου
2578 1281 2862 1356 Κυρίλλου
2914 1280 3296 1355 διαπτύουσαν,
3345 1281 3683 1339 ἓκδικοῦσαν
3719 1280 3781 1337 δὲ

2098 1368 2396 1445 Νεστόριον
2454 1371 2543 1425 καὶ
2600 1368 2883 1448 Θεόδωρον
2961 1373 3054 1427 καὶ
3106 1374 3176 1429 τὰ
3252 1375 3526 1448 θεοστυγῆ
3592 1372 3777 1427 αὐτῶν

2099 1452 2500 1534 συγγράμματά
2565 1480 2622 1515 τε
2686 1461 2779 1516 καὶ
2847 1458 3112 1537 δόγματα.
3191 1461 3283 1517 Διὸ
3359 1462 3446 1536 [Ρ.
3493 1462 3624 1532 373]
3709 1457 3780 1531 δὴ

2096 1545 2278 1601 τοίνυν
2337 1548 2434 1610 τὰς
2495 1549 2593 1625 μὲν
2648 1554 2756 1604 τῶν
2816 1550 3102 1624 αἱρετικῶν
3159 1551 3369 1606 τουτων
3421 1550 3516 1606 καὶ
3551 1548 3779 1605 πάντων

340 1630 750 1703 ἀθυροστόμους
799 1628 1055 1703 γλώσσας
1114 1629 1202 1684 καί
1256 1629 1354 1693 τὰς
1407 1630 1615 1685 τούτων
1672 1627 2029 1696 ἀσεϐεστάτας
2084 1638 2423 1715 συγγραφὰς,
2484 1638 2678 1701 αὐτούς
2728 1638 2788 1694 τέ
2848 1640 2982 1702 τοὺς
3041 1639 3351 1715 αἱρετικοὺς
3406 1640 3539 1701 τοὺς
3600 1636 3781 1711 μέχρι

337 1718 532 1780 τέλους
560 1719 924 1792 ἐμμείναντας
952 1721 1022 1792 τῇ
1055 1718 1228 1789 οἰκείᾳ
1258 1718 1548 1791 κακοδοξίᾳ
1567 1721 1658 1777 καὶ
1690 1722 1948 1796 πονηρίᾳ,
1980 1727 2116 1796 μετᾶ
2138 1727 2341 1801 πατρὸς
2363 1730 2461 1782 τοῦ
2481 1725 2716 1802 ψεύδους
2747 1728 2972 1790 εἰκότως
2995 1724 3259 1785 διαϐόλου
3286 1730 3781 1805 συναριθμοῦντες,

339 1808 590 1884 ἐροῦμεν·
628 1808 925 1883 Πορεύεσθε
953 1813 1032 1881 τῷ
1062 1813 1202 1885 φωτί
1231 1815 1329 1865 τοῦ
1358 1813 1528 1879 πυρὸς
1561 1811 1715 1882 ὑμῶν
1751 1812 1839 1867 καὶ
1868 1816 1937 1886 τῇ
1967 1813 2131 1889 φλογὶ
2165 1817 2204 1886 ᾗ
2234 1815 2570 1886 ἐξεκαῦσατε.

413 1904 857 1972 Eatempestate
874 1900 1389 1973 Constantinopoli
1413 1902 1576 1958 dives
1597 1903 1844 1974 quidam
1857 1920 1992 1961 cum
2028 1910 2072 1973 Β

340 1993 653 2059 aegrotaret
682 1994 743 2043 et
782 1995 1032 2045 mortem
1066 1989 1328 2054 timoret,
1360 1991 1428 2044 30
1460 1989 1640 2045 libras
1670 1993 1901 2063 argenti
1932 1993 1995 2047 in

341 2094 634 2151 pauperes
665 2079 944 2149 erogavit.
984 2079 1310 2135 Restitutus
1353 2086 1551 2135 autem
1589 2088 1803 2152 printer
1830 2097 1999 2154 spem

341 2184 511 2223 suam
544 2168 715 2223 bona
773 2168 1122 2233 valetudini,
1150 2168 1359 2224 fraude
1411 2169 1632 2225 diaboli
1683 2186 1752 2225 eo
1793 2177 1884 2226 est
1911 2172 1998 2226 in-

343 2258 555 2313 ductus
612 2262 677 2310 ut
732 2256 871 2313 facti
931 2257 1062 2327 ejus
1121 2256 1315 2327 ipsum
1376 2259 1711 2329 pmniteret,
1768 2260 1997 2331 hocque

342 2345 580 2402 cuidam
618 2343 777 2399 fideli
809 2360 877 2400 ac
907 2344 1077 2400 diviti
1110 2362 1217 2400 suo
1268 2346 1458 2401 amico
1490 2348 1767 2418 aperiret.
1802 2351 2001 2404 Monet

341 2437 455 2491 iste
475 2434 777 2489 hominem
804 2450 877 2489 ne
894 2434 1031 2489 huic
1051 2434 1220 2488 malm
1248 2436 1613 2493 assentiatur
1633 2438 1995 2509 cogitationi,

343 2525 653 2594 Deumque
685 2523 897 2588 irritet,
931 2524 1032 2593 qui
1085 2539 1221 2579 eum
1253 2531 1497 2596 propter
1526 2526 1699 2581 istam
1733 2527 2000 2599 largitio-

345 2630 483 2669 nem
514 2613 832 2668 miseratus
861 2613 1116 2667 sanitate
1148 2612 1493 2670 donaverit:
1528 2614 1751 2687 alioqui
1784 2617 1910 2672 fore
1935 2622 2002 2674 ut

347 2702 545 2758 subita
557 2707 746 2757 morte
769 2701 1034 2757 nondum
1056 2708 1283 2759 mutato
1308 2703 1460 2758 facto
1481 2706 1855 2775 pereat.Cum
1877 2724 1999 2763 non

346 2798 685 2848 moveretur
716 2792 838 2858 ille,
873 2793 977 2847 sed
1033 2794 1219 2866 magis
1252 2795 1555 2865 magisque
1589 2796 1998 2867 quiritaretur,

346 2884 613 2939 amicus:
664 2883 933 2951 Quando,
965 2883 1184 2954 inquit,
1235 2885 1493 2940 salutare
1526 2887 1845 2943 consilium
1876 2904 1997 2943 non

347 2972 608 3041 admitis,
641 2972 804 3028 aliud
853 2971 958 3027 tibi
991 2973 1324 3041 subjiciam.
1359 2976 1628 3030 Poscenti
1675 2976 1807 3043 hoc,
1842 2978 1996 3035 072

346 3078 481 3117 vere
505 3062 844 3117 misericors
866 3061 966 3116 ille
994 3078 1007 3116 :
1039 3062 1326 3135 Agedum,
1351 3064 1455 3132 ait,
1480 3064 1542 3119 in
1566 3066 1853 3137 templum
1878 3067 1997 3137 abi,

348 3158 407 3208 et
431 3168 551 3206 non
583 3157 657 3220 te,
690 3167 893 3206 verum
928 3166 1022 3206 me
1053 3152 1227 3207 istam
1268 3153 1331 3207 in
1363 3169 1652 3225 pauperes
1685 3155 1998 3229 elargitum

346 3244 529 3300 fuisse
582 3242 898 3314 pecuniam
949 3241 1148 3298 dicito.
1181 3245 1312 3314 Ipse
1362 3244 1468 3298 tibi
1519 3245 1719 3300 statim
1764 3248 1832 3300 30
1863 3246 1996 3301 illas

346 3333 527 3388 libras
549 3331 1215 3388 reddam.Conssntiens
1239 3333 1445 3388 infelix
1467 3332 1566 3389 ille
1599 3335 1673 3390 ad
1704 3331 1994 3406 templum

344 3421 510 3484 abiit.
563 3436 829 3492 auroque
886 3426 1127 3491 accepto
1185 3421 1268 3476 ita
1319 3422 1405 3475 uti
1451 3422 1604 3477 alter
1632 3426 1997 3494 praeceperat

343 3511 579 3566 locutus
593 3509 866 3576 est;inde
888 3509 1197 3581 egrediens
1224 3511 1297 3566 ad
1322 3511 1513 3582 ipsam
1539 3511 1742 3582 templi
1766 3517 1996 3581 portam

348 3608 619 3657 mortuus
666 3600 945 3657 concidit.
978 3601 1223 3657 Clericis
1276 3601 1351 3655 ad
1382 3603 1465 3655 rei
1520 3601 1843 3655 novitatem
1876 3605 1999 3654 stu-

349 3691 628 3764 pentibus
658 3691 1055 3761 omnibusque
1107 3691 1239 3745 aliis
1263 3691 1363 3762 qui
1394 3697 1517 3745 tum
1547 3691 1697 3744 forte
1728 3688 1997 3760 aderant,

339 3781 692 3854 jubentibus
722 3782 976 3836 alterum
1011 3781 1324 3853 pecuniam
1370 3781 1636 3851 recipere
1672 3795 1861 3843 suam,
1895 3780 1999 3836 ille

348 3888 469 3927 non
502 3870 1059 3942 obtemperavit,sed
1082 3886 1321 3937 omnem
1348 3870 1505 3924 inter
1534 3885 1751 3941 egenos
1779 3869 1997 3943 divisit,

350 3960 507 4033 quod
564 3960 789 4016 diceret
846 3962 1032 4019 Deum
1094 3974 1215 4013 non
1272 3958 1393 4029 pati
1427 3974 1666 4014 sannas.
1702 3960 2001 4017 Promissa

352 4054 514 4109 enim
546 4054 663 4106 Deo
696 4067 816 4107 non
849 4056 1078 4106 tantum
1111 4050 1444 4121 pecuniam,
1478 4048 1581 4104 sed
1614 4048 1790 4105 verba
1820 4050 2001 4105 etiam

350 4142 837 4211 voluntatemque
884 4139 1152 4209 obligant
1194 4155 1208 4206 ;
1241 4143 1300 4193 et
1350 4138 1638 4209 quidquid
1672 4140 1851 4194 homo
1880 4140 2000 4193 Deo

353 4232 657 4303 pollicitus
714 4230 913 4296 fuerit,
955 4228 1015 4283 id
1074 4234 1356 4300 praestare
1411 4244 1558 4299 opus
1611 4227 1809 4294 habet,
1841 4227 2001 4299 virgo

352 4322 775 4394 virginitatem,
808 4319 1124 4373 conlinens
1165 4317 1616 4375 continentiam.
1651 4317 1750 4387 qui
1783 4316 1845 4370 in
1877 4332 2002 4371 ma~

350 4410 632 4467 trimonio
663 4409 884 4475 vivunt,
915 4408 1264 4480 pudicitiam
1315 4412 1711 4477 mutuumque
1738 4420 2003 4460 amorem

354 4508 412 4555 et
441 4502 754 4563 honorem,
787 4498 1045 4568 denique
1077 4513 1286 4551 omnes
1318 4496 1499 4551 fidem
1529 4496 1649 4551 Deo
1682 4499 1741 4549 et
1768 4493 2002 4564 religio-

353 4605 493 4643 nem
525 4594 585 4643 et
606 4588 902 4657 justitiam
935 4591 995 4641 et
1023 4586 1457 4641 fortitudinem.

2175 1906 2264 1963 Ἐν
2322 1907 2542 1968 τούτοις
2598 1910 2718 1969 τοῖς
2770 1904 2909 1963 ἔτεσι
2964 1906 3234 1972 πλούσιός
3259 1928 3344 1970 τις
3372 1906 3426 1963 ἐν
3481 1914 3797 1964 Κωνσταν--

2107 2014 2256 2049 τινου
2310 1993 2471 2050 πόλει
2540 1998 2774 2068 νοσήσας
2853 1997 2941 2052 καὶ
3032 1997 3127 2053 τὸν
3194 1998 3420 2061 θάνατον
3500 1994 3789 2056 δειλιάσας

2107 2076 2279 2169 ἔδωκε
2334 2089 2456 2146 τοῖς
2512 2086 2709 2157 πένησι
2766 2085 2999 2164 χρυσίου
3062 2085 3250 2162 λίτρας
3308 2086 3635 2162 τριάκοντα.
3682 2084 3793 2139 Καὶ

2110 2174 2255 2247 παρὰ
2284 2170 2615 2249 προσδοκίαν
2677 2175 2894 2250 ὑγιάνας
2948 2176 3038 2231 καὶ
3100 2176 3518 2249 μεταμεληθεὶς
3573 2176 3635 2230 ἐκ
3666 2172 3796 2228 δια-

2110 2256 2344 2330 ϐολικῆς
2404 2262 2616 2334 ἀπάτης
2675 2262 2861 2338 θαῤῥεί
2912 2269 3075 2319 τοῦτο
3123 2263 3336 2338 γνησίῳ
3373 2266 3466 2320 καὶ
3522 2262 3791 2335 πλουσίῳ

2110 2351 2258 2428 φίλῳ
2288 2352 2473 2409 αὐτοῦ.
2507 2353 2567 2409 ’0
2598 2351 2656 2408 δὲ
2688 2350 2832 2428 λέγει
2873 2355 3044 2427 αὐτῷ’
3078 2352 3384 2429 Μηδαμῶς,
3416 2354 3463 2409 ὦ
3500 2355 3785 2429 ἄνθρωπε,

2108 2438 2380 2517 παραδέξῃ
2431 2441 2524 2496 τὸν
2583 2443 2828 2513 πονηρὸν
2883 2446 3076 2498 τοῦτον
3135 2439 3556 2519 λογισμὸν,καῖ
3588 2443 3782 2513 λυπή-

2109 2550 2219 2593 σεις
2279 2531 2405 2586 Θεὸν
2469 2531 2561 2586 τὸν
2631 2529 2932 2602 ἐλεήσαντά
2997 2552 3053 2587 σε
3116 2533 3206 2588 καὶ
3273 2531 3657 2603 ἀναστήσαντα
3689 2530 3782 2587 διὰ

2106 2622 2205 2689 τήν
2237 2620 2605 2695 ἐλεημοσύνην
2647 2642 2763 2692 σου,
2820 2624 2909 2677 καὶ
2969 2622 3150 2693 ἐπάξει
3207 2643 3292 2678 σοι
3333 2624 3559 2680 θάνατον
3592 2620 3783 2700 αἰφνί-

2112 2708 2249 2773 διον,
2308 2710 2398 2765 καὶ
2454 2710 2700 2788 ἀπέλθῃς
2758 2711 3145 2785 ἀμετανόητος.
3198 2715 3305 2769 Τοῦ
3356 2709 3413 2767 δὲ
3465 2716 3542 2787 μή
3580 2723 3779 2774 πειθο-

2115 2797 2300 2873 μένου,
2330 2799 2474 2856 ἀλλὶ
2503 2800 2595 2854 καὶ
2659 2797 2873 2873 μᾶλλον
2931 2798 3451 2869 ἀποδυσπετοῦντος,
3494 2797 3598 2883 ἔφη
3632 2800 3777 2876 πρὸς

2110 2888 2273 2943 αὐτὸν
2331 2889 2360 2944 ὁ
2417 2887 2600 2967 φίλος.
2659 2890 2811 2946 Ἐπεὶ
2867 2885 3345 2964 ωμὸουλεῦοντός
3396 2891 3599 2963 μουτᾶ
3630 2889 3775 2962 πρὸς

2111 2977 2386 3053 σωτηρίαν
2419 2977 2482 3034 οὐ
2513 2976 2815 3054 καταδέχῄ,
2877 2978 3013 3034 εὛπω
3072 2999 3156 3034 σοι
3216 2980 3399 3055 ἑτέραν
3432 2978 3669 3057 βουλήν.
3706 2977 3771 3033 Ὀ

2112 3064 2170 3123 δέ
2226 3088 2381 3146 φησι,
2442 3068 2610 3125 Ποίαν
2664 3068 2912 3139 ταύτην;
2991 3067 3090 3123 Καὶ
3145 3069 3173 3124 ὁ
3228 3068 3444 3141 ἀληθὴς
3507 3067 3772 3139 ἐλεήμων

2110 3157 2458 3232 ἀπεκρίνατο·
2491 3154 2655 3231 Δεῦρο
2709 3155 2788 3218 εἷς
2845 3158 2949 3229 τήρ
3010 3155 3327 3229 ἐκκλησίαν,
3358 3158 3448 3212 καὶ
3483 3152 3621 3212 εἰπέ·
3656 3152 3778 3211 Οὐκ

2110 3246 2222 3319 είμῖ
2256 3244 2381 3313 ὲδὼ,
2431 3246 2618 3318 Κύριε,
2678 3246 2706 3299 ὸ
2759 3247 2996 3315 ποιήσας
3051 3247 3150 3312 τήν
3208 3243 3590 3320 ἐλεημοσύνην
3623 3242 3774 3298 ἐκει-

2106 3356 2223 3405 νην,
2257 3332 2387 3388 ἀλλ’
2417 3333 2576 3394 οὗτός
2634 3331 2768 3400 ἐστι,
2822 3332 2912 3386 καὶ
2972 3331 3185 3407 παρέξω
3229 3354 3312 3386 σοι
3342 3334 3440 3394 τὰς
3472 3333 3773 3407 τριάκοντα

2106 3423 2296 3495 λίτρας
2328 3420 2547 3484 εὐθέως.
2605 3421 2667 3477 Ὀ
2725 3417 2783 3474 δὲ
2834 3417 3189 3494 ταλαίπωρος
3239 3420 3442 3482 ἐκεῖνος
3477 3420 3775 3496 ἅνθρωπος

2108 3510 2428 3583 συνθέμενος
2472 3513 2636 3564 τοῦτο
2685 3509 2776 3563 καὶ
2825 3509 2963 3577 πρὸς
3012 3508 3113 3577 τὴν
3166 3507 3462 3579 ἐκκλησίαν
3491 3506 3777 3576 ἀπελθὼν,

2105 3600 2170 3655 τὸ
2201 3597 2431 3675 χρυσίον
2463 3596 2516 3652 ἐν
2546 3597 2703 3676 χερσὶ
2751 3592 2936 3653 λαϐὼν
2995 3597 3084 3652 καὶ
3139 3598 3233 3653 τόν
3290 3598 3458 3672 λόγον
3492 3597 3684 3666 εἰπὼν,
3717 3593 3773 3650 ἐν

2106 3694 2186 3762 τῷ
2239 3687 2552 3762 ἐξέρχεσθαι
2608 3686 2771 3743 αὐτὸν
2832 3687 3011 3742 πεσὼν
3068 3687 3215 3764 παρᾶ
3270 3689 3369 3757 τὴν
3427 3686 3610 3759 πύλην
3665 3690 3770 3755 τῆς

2110 3776 2405 3849 ἐκκλησίας
2436 3778 2688 3834 ἀπέθανεο
2746 3781 2864 3831 Τῶν
2923 3775 3210 3850 κληρικῶν
3267 3774 3325 3831 δὲ
3373 3775 3762 3854 ἐκπλαγέντων

2106 3869 2199 3923 καὶ
2256 3867 2472 3923 πάντῶν
2530 3871 2639 3922 τῶν
2698 3862 3046 3942 εὑρεθέντων,
3103 3866 3504 3941 προετρέποντο
3542 3867 3635 3922 τὸν
3662 3864 3764 3920 κῦ-

2112 3977 2225 4032 ριον
2256 3960 2365 4011 τῶν
2407 3955 2765 4027 νομισμάτων
2822 3946 3009 4008 λαϐεῖν
3058 3951 3212 4007 αὐτά.
3261 3952 3324 4007 Ὁ
3373 3948 3430 4006 δέ
3477 3953 3586 4008 οὐκ
3614 3952 3768 4008 ἐπεί-

2112 4058 2237 4115 σθη,
2269 4045 2415 4100 ἀλλὰ
2469 4048 2587 4104 τοῖς
2634 4046 2889 4116 πτωχοῖς
2941 4043 3109 4094 ταῦτα
3158 4037 3424 4115 διένειμεν
3475 4041 3666 4096 εἰπών’
3700 4042 3765 4097 Ὁ

2112 4137 2241 4198 Θεὸς
2301 4135 2367 4189 οὐ
2425 4130 2834 4205 μυκτηρίζεται.
2929 4130 2996 4186 Ἦ
3084 4129 3189 4205 γὰρ
3270 4132 3409 4204 πρὸς
3485 4132 3576 4186 τὸν
3637 4130 3770 4187 Θεὸν

2113 4220 2413 4300 ἐπαγγελία
2439 4220 2502 4276 οὗ
2556 4220 2722 4292 μόνον
2782 4216 2917 4293 ἄχρι
2967 4219 3276 4294 χρημάτων
3308 4218 3566 4275 ἀλλὰκαὶ
3597 4220 3769 4296 μέχρι

2114 4312 2286 4389 λόγου
2319 4311 2501 4387 φθάνει
2541 4308 2630 4364 καὶ
2689 4309 3076 4383 προαιρέσεως.
3133 4308 3367 4384 Ἀνάγκη
3399 4309 3578 4364 τοίνυν
3632 4311 3773 4365 ἀπο-

2115 4399 2323 4456 διδόναι
2354 4400 2557 4460 πάντας
2611 4398 2680 4452 τὰ
2730 4391 3107 4472 ἐπηγγελμένα
3163 4399 3301 4471 πρὸς
3356 4398 3505 4468 Θεὸν,
3541 4401 3640 4470 τήν
3674 4400 3771 4474 μὲν

2114 4487 2377 4563 παρθένον
2439 4489 2543 4558 τήν
2626 4486 2937 4561 παρθενίαν,
3014 4488 3113 4555 τὴν
3207 4483 3264 4541 δὶ
3361 4489 3602 4564 ἓγκρατῆ
3665 4491 3768 4557 τὴν

2040 4566 2083 4630 D
2116 4578 2446 4653 ἐγκράτειαν,
2490 4575 2623 4638 τοὺς
2683 4576 2736 4631 ἐν
2795 4576 2958 4652 γάμῳ
3012 4577 3112 4645 τὴν
3168 4577 3522 4655 σωφροσύνην
3551 4577 3640 4632 καὶ
3670 4579 3774 4646 τὴν

352 4677 489 4749 πρὸς
520 4673 806 4744 ἀλλήλους
836 4674 1004 4746 τιμὴν
1034 4673 1126 4728 καὶ
1158 4673 1400 4749 ἀγάπην,
1432 4672 1521 4727 καί
1552 4670 1712 4735 τέλος
1741 4671 1944 4732 πάντας
1991 4670 2090 4739 την
2150 4667 2230 4731 εἲς
2286 4666 2416 4722 Θεὸν
2466 4666 2667 4732 πίστιν,
2699 4664 2789 4719 καὶ
2820 4659 3129 4734 εὐλάϐειαν,
3162 4666 3254 4720 καὶ
3285 4663 3651 4737 δικαιοσύνην,
3680 4663 3774 4721 καί

352 4762 594 4838 ἀνδρίαν,

422 4852 798 4910 Alexandria)
812 4868 986 4923 porro
1003 4852 1139 4907 talis
1162 4868 1257 4907 res
1279 4852 1850 4923 accidit.Episcopus
1868 4850 2004 4920 qui-

354 4944 488 5001 dam
531 4941 850 4999 admodum
892 4941 1206 5012 religiosus
1235 4940 1496 4995 vicinum
1520 4940 1777 4996 habebat
1805 4954 2007 5011 quem-

352 5037 485 5094 dam
522 5033 961 5107 philosophum.
997 5032 1308 5103 Evagrium
1352 5032 1618 5098 nomine,
1652 5032 1866 5087 Griecae
1898 5046 2005 5084 su—

350 5121 1215 5200 perstitioniaddictum,quiin
1250 5120 1454 5175 schola
1483 5120 1705 5177 sodalis
1727 5121 2006 5190 episcopo

350 5218 563 5273 fuerat.
603 5215 767 5269 Hunc
826 5212 1142 5284 episcopus
1199 5225 1233 5264 a
1287 5225 1506 5265 vesano
1563 5209 1848 5265 falsorum
1903 5223 2009 5262 nu-

356 5309 586 5361 minum
619 5304 781 5360 cultu
815 5302 888 5358 ad
920 5302 1099 5356 fidem
1140 5299 1534 5355 Christianam
1571 5298 1882 5353 traducere
1911 5312 2010 5352 cu-

352 5397 522 5467 piens
541 5393 868 5451 identidem
889 5389 1528 5464 provocabat.cumque
1552 5405 1620 5443 eo
1642 5386 2006 5459 disputabat.

354 5485 466 5539 Sed
496 5483 888 5555 philosophus
936 5496 1133 5550 neque
1185 5478 1549 5534 concedebat
1577 5484 1635 5532 et
1665 5477 1854 5548 magis
1886 5492 2009 5531 ma-

354 5571 559 5641 gisque
590 5587 743 5625 verm
791 5569 1067 5642 religioni
1120 5567 1389 5622 infensus
1438 5565 1819 5622 reddebatur.
1848 5565 2008 5629 Quo-

358 5658 495 5714 dam
514 5657 609 5712 die
640 5657 827 5713 fertur
856 5658 1203 5729 episcopum
1236 5656 1296 5710 in
1329 5657 1456 5711 hinc
1474 5654 1651 5710 verba
1672 5653 2005 5709 allocutus:

358 5747 510 5803 678
544 5744 836 5811 Profecto,
868 5745 1167 5816 episcopo,
1197 5750 1415 5817 praeter
1461 5745 1581 5800 alia
1631 5748 1689 5799 et
1717 5743 1829 5799 hoc
1858 5740 2008 5798 mihi

2187 4845 2290 4902 Καὶ
2323 4845 2375 4900 ἐν
2405 4838 2783 4918 Ἀλεξανδρείᾳ
2831 4840 2889 4898 δὶ
2941 4840 3148 4919 ἐγένετό
3206 4860 3258 4896 τι
3309 4846 3581 4897 τοιοῦτον.
3616 4839 3774 4898 Ἐπί-

2119 4932 2322 4994 σκοπός
2351 4952 2436 4994 τις
2462 4926 2702 4999 εὐλαϐὴς
2728 4933 2866 4985 πάνυ
2896 4925 3141 4998 πλησίου
3199 4921 3344 5002 ἔχων
3376 4929 3498 4982 τινὰ
3527 4926 3769 5007 φιλόσο-

2119 5043 2217 5101 φον
2279 5021 2545 5097 Εόἐγριον
2602 5018 2964 5090 καλούμενον,
3020 5016 3234 5088 ἑταῖρον
3295 5016 3388 5088 μὲν
3422 5015 3588 5072 αὑτοῦ
3617 5016 3775 5093 γενό-

2123 5130 2279 5183 μενον
2340 5106 2394 5164 ἐν
2449 5113 2567 5171 τοῖς
2627 5103 3052 5180 παιδευτηρίοις,
3102 5102 3354 5175 Ἕλληνα
3411 5104 3468 5160 δὲ
3505 5107 3605 5175 τήν
3648 5108 3781 5179 θρη-

2120 5203 2327 5267 σκείαν,
2385 5199 2443 5254 δν
2500 5200 2529 5254 ὸ
2582 5197 2879 5256 ἐπίσκοπος
2943 5196 3251 5266 μεταθεῖναι
3323 5193 3661 5271 βουλόμενος
3719 5196 3780 5251 ἐκ

2117 5298 2217 5361 τῆς
2248 5287 2644 5364 είδωλομανίας
2699 5283 2837 5360 πρὸς
2892 5285 2993 5354 τὴν
3028 5287 3127 5338 τοῦ
3174 5285 3410 5359 Χριστοῦ
3440 5284 3621 5341 πίστιν
3650 5306 3781 5340 συν-

2121 5383 2269 5455 εχῶς
2324 5375 2720 5452 προσεκαλεῖτο
2775 5374 2865 5431 καὶ
2921 5368 3221 5448 διελέγετο.
3282 5375 3394 5429 Τοῦ
3452 5373 3510 5428 δὶ
3543 5374 3620 5446 μὴ
3653 5394 3777 5429 πει..

2121 5471 2377 5541 θομένου,
2429 5464 2578 5521 ἀλλὰ
2631 5462 2722 5518 καὶ
2782 5459 3034 5539 σφοδρῶς
3093 5459 3574 5536 δυσχεραίνοντος,
3609 5463 3783 5520 εἰπεῖν

2119 5556 2332 5633 λέγεται
2383 5556 2435 5611 ἐν
2500 5559 2596 5628 μιᾷ
2650 5553 2790 5628 πρὸς
2848 5551 2940 5607 τὸν
2999 5549 3315 5605 ἐπίσκοπον·
3372 5552 3600 5623 Ὄντως,
3633 5572 3786 5628 κυριι

2119 5645 2399 5714 ἐπίσκοπε,
2447 5644 2532 5716 [Ρ.
2568 5643 2695 5715 384]
2743 5641 2832 5695 καὶ
2889 5642 3052 5694 τοῦτο
3112 5638 3247 5711 μετᾶ
3296 5637 3512 5693 πάντων
3580 5640 3786 5715 άπαρέ-

2120 5754 2235 5791 σκει
2295 5754 2411 5808 μοι,
2443 5734 2473 5788 ὃ
2504 5730 2694 5810 λέγετε
2750 5731 2807 5785 οἱ
2862 5725 3206 5804 Χριστιανοὶ,
3257 5728 3341 5783 ὃτι
3373 5726 3654 5785 συντέλεια
3680 5732 3781 5786 τοῦ
