4120 6412
318 424 442 487 733

1445 407 1987 475 HISTORIARUM
2036 405 2588 473 GOMPENDIUM.

3633 408 3755 473 '1“

319 557 539 629 κόσμου
598 552 835 629 γίνεται,
894 549 984 604 καὶ
1037 553 1144 604 τῶν
1205 545 1473 620 σωμάτων
1533 542 1839 613 ἀνάστασις,
1891 539 1984 595 καὶ

2105 542 2491 613 improbatur,
2524 543 2683 614 quod
2710 543 2915 600 mundi
2948 543 3131 601 ﬁnem
3158 544 3285 603 fore
3305 562 3406 600 vos
3438 544 3756 603 Christiani

323 640 685 703 ἀνταπόδοσις
714 646 826 695 τῶν
889 633 1266 713 βεϐιωμένων,
1324 634 1415 691 καὶ
1466 633 1550 689 ὅτι
1584 631 1803 688 ὁέλεῶν
1854 650 2001 684 πτω.

331 736 439 812 χὸν
471 736 593 805 Οεῷ
625 729 856 800 δανείζει
910 728 1001 784 καὶ
1060 724 1595 783 ἑκατονταπλασίονα
1655 723 1791 812 μετά
1819 726 1996 812 Δζωῆς

323 805 552 879 ἀίωνίου
584 818 955 893 ἀπολήψεται.
1014 817 1113 873 Καὶ
1170 820 1267 870 τοῦ
1306 813 1605 871 ἐπισκόπου
1654 805 1994 868 διαϐεϐαιου-

331 913 500 987 μένου
538 908 706 984 μηδὶν
737 905 934 984 ψεῦδος
965 905 1000 976 ἢ
1032 905 1241 982 χλεύην
1302 904 1354 959 ἐν
1412 907 1529 969 τοῖς
1580 906 1687 957 τῶν
1737 906 1995 977 Χριστια-

327 1007 442 1059 νῶν
500 999 636 1055 εἶναι
690 994 988 1073 δόγμασιν,
1046 994 1396 1069 ἀνεχώρησεν
1465 992 1733 1067 Εὐάγριος
1774 988 1994 1058 πολλὴν

331 1088 479 1165 ἔχων
536 1089 834 1158 συζήτησιν
905 1084 955 1142 ἐν
1022 1084 1213 1156 ἑαυτῷ.
1272 1081 1424 1140 Μετά
1477 1079 1535 1136 δὲ
1588 1100 1711 1137 τινα
1769 1080 1990 1155 χρόνον,

335 1184 472 1236 Θεοῦ
529 1180 909 1252 συνεργοῦντος
968 1178 1037 1248 τῇ
1121 1177 1219 1230 τοῦ
1288 1171 1585 1229 ἐπισκόπου
1645 1167 1991 1241 διδασκαλίᾳ,

334 1267 628 1329 πιστεύσας
660 1267 688 1320 ὁ
729 1264 1033 1344 φιλόσοφος
1090 1258 1413 1331 ἐϐαπτίσθη⁹
1467 1261 1525 1327 ὅς
1574 1259 1764 1317 αὐτίκα
1813 1278 1990 1332 παρα-

333 1357 489 1436 σχὼν
527 1361 607 1428 τῷ
663 1353 946 1426 ἐπισκόπῳ
1005 1352 1238 1427 χρυσίου
1296 1351 1484 1426 λίτρας
1534 1348 1850 1425 τριακοσίας
1903 1347 1991 1421 (ἦν

327 1450 434 1524 γάρ
466 1443 732 1506 πλούσιος
764 1440 994 1523 σφόδρα)
1028 1441 1197 1519 λέγει·
1234 1442 1384 1511 Δέξαι
1415 1444 1602 1503 ταῦτα,
1637 1439 1681 1494 ὦ
1704 1438 1990 1503 ἐπίσκοπε,

329 1538 425 1592 καὶ
484 1531 708 1596 διαδοὺς
801 1537 1051 1607 πτωχοῖς
1103 1529 1337 1599 ποίησόν
1399 1550 1495 1604 μοι
1548 1526 1848 1604 ίδιόχειρον
1906 1528 1989 1580 ὅτι

343 1624 597 1697 λήψομαι
629 1623 764 1678 αὐτὰ
810 1623 954 1696 παρὰ
1010 1624 1108 1677 τοῦ
1149 1624 1302 1678 Θεοῦ.
1353 1622 1464 1677 Τοῦ
1518 1615 1575 1675 εὶ
1629 1622 1794 1675 ταῦτα
1847 1615 1994 1688 δεξα·

342 1714 506 1789 μένου
535 1712 842 1789 προθύμως
883 1712 972 1765 καὶ
1002 1711 1065 1769 τὸ
1095 1713 1329 1788 γράμμα
1358 1712 1715 1780 ποιήσαντος,
1767 1705 1986 1780 διεδόθη

337 1804 464 1881 παρ’
489 1801 653 1858 αὐτοῦ
683 1807 799 1866 τοῖς
850 1801 1041 1872 πένησι
1107 1801 1300 1858 πάντα.
1362 1801 1650 1873 Ἐριζήσας
1704 1798 1797 1854 οὐν
1855 1799 1989 1873 χρό-

2101 632 2318 697 dicitis,
2343 649 2592 704 corpora
2620 640 3031 689 resurrectura
3054 633 3125 690 de
3147 634 3399 691 mortuis
3419 640 3478 689 et
3497 652 3603 706 pro
3624 640 3757 693 acta

2098 722 2216 777 vita
2245 723 2460 793 cuique
2493 723 2829 779 mercedem
2861 723 3159 780 redditum
3194 723 3286 781 iri.
3311 724 3461 780 Tum
3489 724 3590 795 qui
3615 741 3756 795 pau—

2099 812 2226 882 peri
2259 811 2670 869 misericordia
2699 818 2894 869 motus
2924 813 3233 885 largiatur,
3267 829 3403 869 eum
3436 830 3545 869 sua
3599 812 3757 883 apud

2097 902 2284 955 Deum
2306 901 2367 955 in
2388 901 2582 956 favore
2612 918 2853 973 ponere,
2884 909 3384 974 recepturumque
3408 902 3758 974 centuplum

2098 1006 2233 1046 cum
2263 990 2381 1048 vita
2410 995 2650 1046 mterna.
2680 991 2970 1062 Episcopo
2994 991 3144 1047 nihil
3166 991 3447 1047 vanitatis
3474 996 3578 1047 aut
3602 990 3756 1046 ludi-

2096 1075 2211 1133 brii
2242 1077 2437 1133 inesse
2471 1076 2820 1133 Christianae
2852 1078 3139 1134 ἀιιοίτὶηω
3172 1094 3553 1150 summopere
3585 1076 3754 1133 afﬁr-

2098 1171 2320 1232 mante,
2354 1167 2437 1222 ita
2466 1167 2739 1223 discessit
2768 1168 3046 1240 Evagrius
3077 1174 3143 1223 ut
3198 1168 3299 1240 qui
3348 1168 3533 1224 animi
3582 1166 3753 1226 valde

2096 1255 2312 1312 dubius
2344 1262 2515 1311 esset.
2547 1255 2859 1327 Aliquanto
2878 1263 3012 1328 post
3037 1262 3327 1329 tempore.
3351 1258 3468 1312 Deo
3487 1256 3754 1329 episcopi

2098 1345 2431 1401 doctrinam
2454 1346 2792 1416 adjuvante,
2827 1346 3081 1403 credidit
3139 1352 3198 1401 et
3244 1346 3574 1417 baptizatus
3621 1352 3754 1412 est;

2096 1438 2280 1504 utque
2313 1440 2439 1489 erat
2468 1436 2776 1506 praedives,
2810 1435 3009 1489 attulit
3031 1435 3104 1490 ad
3130 1435 3471 1507 episcopum
3498 1436 3602 1489 300
3620 1435 3753 1493 auri

2097 1522 2298 1592 libras,
2335 1540 2482 1595 quas
2513 1523 2611 1581 ille
2643 1524 3006 1596 pauperibus
3039 1524 3443 1591 distribueret,
3476 1524 3614 1580 data
3640 1524 3753 1579 sibi

2098 1614 2370 1667 cautione
2401 1629 2587 1670 manu
2616 1613 2856 1685 propria
2887 1614 3105 1686 scripta
3138 1615 3321 1670 Deum
3353 1614 3466 1669 ista
3494 1613 3758 1670 redditu-

2098 1719 2250 1758 rum.
2283 1701 2608 1774 Episcopus
2640 1703 2953 1774 pecuniam
3013 1703 3262 1774 accepit,
3317 1717 3568 1775 eamque
3617 1701 3755 1757 data

2097 1792 2431 1865 syngrapha
2460 1793 2618 1849 inter
2647 1809 2861 1865 egenos
2893 1792 3107 1848 divisit.
3135 1792 3530 1864 Philosophus
3552 1796 3754 1848 autem

337 1914 465 1956 νους
495 1892 643 1954 τινας
675 1893 703 1947 ὁ
733 1890 1036 1972 φιλόσοφος
1082 1888 1134 1946 ἐν
1193 1884 1435 1960 εὐσεϐείᾳ
1490 1889 1580 1945 καὶ
1638 1889 1850 1963 ἀρεταῖς
1903 1909 1993 1962 με-

2105 1881 2327 1953 aliquot
2356 1882 2546 1938 adhuc
2579 1899 2768 1938 annos
2798 1900 2931 1938 cum
2987 1883 3081 1954 pie
3126 1882 3368 1939 vixisset
3419 1897 3753 1954 magnaque

334 1980 558 2057 γάλαις,
618 1978 963 2059 παρήγγειλε
1012 1984 1128 2042 τοῖς
1185 1979 1377 2034 ἑαυτοῦ
1460 1976 1667 2040 τέκνοις
1724 1976 1992 2033 τελευτῶν

334 2070 568 2137 ἐνθεῖναι
624 2070 716 2124 τὸν
769 2070 980 2145 χάρτην
1032 2066 1084 2123 ἐν
1138 2069 1208 2139 τῇ
1268 2065 1415 2142 χειρὶ
1482 2066 1647 2123 αὐτοῦ
1697 2066 1786 2122 καὶ
1843 2064 1991 2121 οὕτω

337 2167 595 2238 ταφῆναι.
643 2158 745 2216 Καὶ
803 2157 998 2213 τούτου
1050 2155 1366 2235 γενομένου,
1429 2156 1563 2230 μετὰ
1616 2153 1808 2230 τρίτην
1840 2153 1991 2228 ἠμέν

339 2270 434 2326 ραν
472 2246 811 2327 ἐπιφαίνεται
842 2252 958 2303 κατ’
1005 2243 1134 2320 ὄναρ
1168 2247 1196 2302 ὁ
1227 2244 1527 2323 φιλόσοφος
1583 2248 1663 2316 τῷ
1712 2243 1992 2317 ἐπισκόπῳ

341 2338 534 2412 Λέγων·
572 2336 731 2395 Ἐλθὶ
763 2335 838 2399 εἷς
886 2339 981 2391 τὸν
1038 2336 1206 2412 τάφον
1269 2356 1400 2407 μου,
1460 2336 1504 2389 ὦ
1562 2333 1844 2403 ἐπίσκοπε,
1903 2333 1993 2388 καὶ

338 2422 475 2483 λάϐε
502 2426 566 2481 τὸ
598 2424 899 2500 ἷδιόχειρόν
933 2443 1048 2479 σου·
1083 2417 1359 2479 ἀπέλαϐον
1393 2423 1497 2498 γὰρ
1550 2422 1610 2478 τὸ
1657 2422 1821 2498 χρέος
1869 2422 1989 2477 ἑκα-

327 2513 747 2583 τονταπλάσιον,
779 2515 869 2569 καὶ
903 2511 1097 2569 οὐδένα
1146 2510 1263 2588 ἔχω
1314 2511 1484 2587 λόγον
1536 2512 1672 2586 πρὸς
1719 2513 1798 2581 σὲ,
1848 2508 1993 2566 ἀλλὰ

339 2605 472 2680 πρὸς
513 2603 729 2660 τελείαν
786 2602 1173 2680 πληροφορίαν
1214 2623 1331 2656 σου
1387 2599 1701 2677 ίδιοχείρως
1752 2603 1802 2658 ἐν
1845 2599 1994 2673 αὐτῷ

346 2695 755 2771 καθυπέγραψα.
804 2696 915 2750 Τοῦ
968 2689 1025 2747 δὲ
1080 2690 1377 2747 ἐπισκόπου
1434 2689 1584 2766 πρωΐ
1643 2688 1992 2764 μεταστειλα-

349 2785 511 2857 μένου
541 2783 668 2838 τοὺς
700 2780 851 2844 υἱοὺς
881 2781 978 2837 τοῦ
1023 2779 1351 2857 φιλοσόφου,
1400 2780 1491 2835 καὶ
1552 2780 1815 2852 μαθόντος
1866 2779 1993 2854 πάρ’

348 2873 524 2929 αὐτῶν
556 2872 630 2935 ὧς
662 2871 928 2951 συνετάφη
990 2871 1137 2943 αὐτῷ
1191 2871 1255 2927 τὸ
1311 2867 1637 2946 ίόιόχειρου,
1696 2869 1993 2945 ἀπέρχεται

354 2963 617 3037 μετὰτῶν
647 2959 930 3038 κληρικῶν
958 2968 1058 3031 τῆς
1118 2958 1356 3031 πόλεως,
1417 2961 1508 3016 καὶ
1558 2958 1857 3030 ἀνοίξαντες
1896 2958 1992 3014 τὸν

342 3052 512 3131 τάφον
547 3050 852 3126 εὑρίσκουσι
900 3051 991 3107 τὸν
1043 3050 1343 3129 φιλόσοφον
1400 3052 1703 3123 καθήμενον
1762 3050 1852 3105 καὶ
1892 3052 1994 3117 τήν

348 3145 510 3215 χεῖρα
569 3139 704 3212 μετᾶ
753 3144 855 3195 τοῦ
907 3142 1235 3217 γράμματος
1315 3140 1693 3216 προτείνοντα.
1749 3143 1872 3197 Τῶν
1936 3137 1994 3195 δὲ

349 3226 629 3301 κληρικῶν
699 3228 1049 3303 πειρωμένων
1137 3224 1324 3285 λαϐεῖν
1400 3229 1492 3284 τὸν
1547 3229 1756 3304 χάρτην
1815 3225 1991 3284 οὐδενὶ

340 3321 536 3373 τοῦτον
564 3312 757 3376 ἔδωκε.
784 3322 884 3372 Τοῦ
915 3314 973 3375 δὲ
1012 3317 1311 3375 ἐπισκόπου
1362 3321 1461 3389 τὴν
1492 3325 1655 3394 χεῖρα
1707 3318 1995 3373 ἀπΛώσαν-

335 3427 429 3467 τος
459 3413 804 3481 παραχρῆμα
833 3408 926 3464 τὸν
978 3408 1189 3487 χάρτην
1252 3402 1477 3470 ἐπιδοὺς
1534 3407 1755 3465 ἀνέπεσε
1805 3405 1991 3462 πάλιν’

335 3492 494 3570 ὅνπερ
524 3496 741 3567 ἀνοίξας
774 3496 862 3552 ἐπὶ
906 3498 1142 3565 πάντων,
1202 3498 1324 3573 εὗρε
1383 3498 1577 3553 νεωστὶ
1642 3498 1994 3574 ὑπογεγραμ·

339 3585 499 3659 μένον
528 3590 598 3660 τῇ
632 3587 783 3661 χειρί
812 3591 912 3642 τοῦ
944 3586 1253 3664 φιλοσόφου
1287 3586 1486 3649 οὕτως·
1529 3587 1677 3664 Ἐγὼ
1725 3586 1995 3664 Εὐάγριος

342 3676 643 3755 φιλόσοφός
695 3699 780 3734 σοι
836 3684 918 3752 τῷ
975 3680 1260 3753 ὁσιωτάτῳ
1316 3679 1598 3753 ἐπισκόπῳ
1652 3679 1825 3754 κυρίῳ
1889 3700 1998 3753 μου

340 3766 579 3839 Συνεσίῳ
610 3768 846 3846 χαίρειν.
903 3770 1066 3837 Ἴσθι,
1116 3769 1311 3843 Πάτερ,
1352 3769 1426 3831 ὡς
1475 3763 1672 3824 ἔλαϐον
1724 3770 1787 3824 τὸ
1834 3768 2001 3842 χρέος

343 3857 859 3927 ἑκατονταπλάσιον,
918 3859 1007 3913 καὶ
1066 3855 1262 3913 οὐδένα
1318 3859 1454 3932 πρὸς
1531 3859 1589 3912 σὶ
1654 3857 1824 3934 λόγον
1881 3857 1997 3933 ἔχω

342 3946 467 4019 περὶ
498 3946 719 4004 τούτου.
752 3947 972 4002 Πάντων
1005 3948 1094 4002 οὖν
1153 3952 1262 4003 τῶν
1316 3947 1658 4004 ἀκουσάντων
1718 3947 1996 4004 καταπλα-

341 4034 542 4108 γέντων
577 4030 805 4112 σφόδρα,
838 4035 928 4089 καὶ
988 4033 1076 4089 ἐπὶ
1132 4034 1278 4090 πολὺ
1330 4036 1640 4110 κραζόντων
1689 4038 1772 4105 τὸ,
1833 4036 1999 4111 Κύριε

342 4121 576 4193 ἐλέησον
621 4126 753 4197 (43).
812 4122 1088 4179 ἐκέλευσεν
1117 4125 1146 4178 ὁ
1175 4124 1471 4187 ἐπίσκοπος
1524 4125 1586 4179 τὸ
1630 4129 1727 4180 τοῦ
1776 4124 1999 4198 φιλοσό-

344 4232 450 4287 φου
483 4209 783 4287 ίδιόχειρον
814 4215 1094 4283 τηρεῖσθαι
1133 4212 1185 4268 ἐν
1217 4214 1296 4287 τῷ
1328 4211 1765 4286 σκευοφυλακίῳ·

417 4303 508 4372 Τῷ
539 4306 617 4370 κζ’
676 4299 805 4370 ἔτει,
850 4301 980 4374 μηνὶ
1037 4301 1337 4377 Αὐγούστῳ
1398 4304 1475 4372 ιε’,
1527 4303 1717 4377 γέγονε
1774 4305 1995 4378 σεισμὸς

349 4390 541 4463 μέγας,
575 4390 649 4452 ὡς
680 4396 860 4445 πεσεῖν
887 4389 1132 4452 πολλοὺς
1168 4391 1354 4454 οἷ’κους
1415 4392 1504 4447 καὶ
1560 4391 1854 4465 ἐκκλησίας
1907 4392 1997 4449 καί

345 4475 547 4550 λοετρά
575 4479 665 4534 καὶ
697 4479 764 4533 τὰ
816 4479 979 4558 τείχη
1044 4479 1281 4554 μάλιστα
1337 4488 1438 4549 τῆς
1492 4483 1707 4558 Χρυσῆς
1762 4482 1993 4557 πόρτης·

338 4566 432 4620 καὶ
463 4565 669 4622 πολλοὶ
700 4567 988 4633 ἀπέθανον,
1049 4569 1223 4632 Οὗτος
1283 4570 1311 4624 ὁ
1370 4573 1594 4644 σεισμὸς
1651 4574 1998 4650 παγκόσμιος

2101 1972 2384 2028 virtutum
2416 1988 2596 2043 opera
2653 1972 2954 2037 edidisset,
3008 1972 3331 2029 moriturus
3378 1970 3499 2025 suis
3549 1970 3756 2027 liberis

2102 2064 2387 2136 prmcepit
2415 2070 2480 2118 ut
2499 2064 2612 2119 sibi
2644 2064 2707 2119 in
2739 2080 2983 2120 manum
3006 2065 3339 2119 insererent
3360 2061 3757 2134 syngrapham

2103 2153 2276 2210 istam
2308 2159 2484 2224 atque
2539 2153 2625 2208 sic
2660 2154 3001 2225 sepelirent.
3053 2153 3153 2209 llis
3219 2152 3301 2210 ita
3352 2151 3523 2206 factis
3584 2150 3757 2208 tertio

2104 2247 2239 2314 post
2268 2242 2363 2297 die
2394 2242 2670 2314 episc0po
2729 2242 2789 2299 in
2841 2242 3068 2298 somnis
3115 2242 3273 2297 visus
3324 2246 3415 2298 est
3456 2240 3757 2310 Evagrius,

2102 2332 2187 2387 ita
2215 2330 2563 2402 alloquens:
2602 2330 2829 2388 Accede
2862 2330 2937 2387 ad
2971 2329 3312 2403 sepulcrum
3357 2346 3580 2399 meum,
3628 2327 3756 2400 epio

2104 2439 2279 2494 scope
2313 2428 2370 2477 et
2400 2423 2595 2493 recipe
2626 2423 3025 2495 syngrapham
3067 2427 3253 2477 tuam.
3296 2420 3615 2477 Redditum
3669 2423 3759 2474 est

2107 2511 2267 2567 enim
2302 2511 2446 2569 mihi
2481 2511 2664 2566 debiti
2695 2511 3059 2582 centuplum.
3113 2526 3309 2580 neque
3360 2508 3551 2565 habeo
3601 2506 3759 2579 quod

2106 2605 2226 2657 ate
2259 2601 2506 2670 exigam.
2545 2600 2656 2654 Sed
2697 2606 2755 2655 et
2796 2616 2923 2673 quo
2986 2599 3221 2670 plenius
3275 2597 3378 2652 tibi
3430 2603 3760 2661 cavaretur,

2105 2704 2284 2745 manu
2318 2704 2450 2745 mea
2481 2688 2824 2759 subscripsi.
2859 2687 3133 2742 Diluculo
3165 2686 3477 2758 episcOpus
3499 2684 3760 2757 philoso-

2104 2778 2205 2851 phi
2240 2778 2394 2833 ﬁlios
2425 2777 2499 2833 ad
2527 2795 2589 2832 se
2622 2777 2865 2843 vocavit,
2915 2791 3170 2846 cumque
3202 2791 3271 2830 ex
3303 2775 3377 2828 iis
3420 2772 3760 2829 rescivisset

2104 2868 2563 2939 chirographum
2597 2884 2732 2923 cum
2763 2866 3003 2939 Evagrio
3038 2865 3217 2923 fuisse
3263 2864 3585 2936 sepultum,
3620 2879 3756 2920 cum

2104 2958 2263 3015 clero
2282 2957 2445 3013 urbis
2467 2957 2540 3013 ad
2563 2958 2718 3013 674
2740 2957 3079 3027 sepulcrum
3099 2955 3368 3012 accessit.
3403 2954 3526 3021 Quo
3553 2959 3757 3025 aperto

2104 3046 2889 3117 inveneruntphilosophum
2906 3045 3208 3101 sedentem
3220 3088 3230 3102 .
3242 3059 3607 3115 manumque
3623 3058 3758 3099 cum

2105 3137 2310 3192 charta
2334 3135 2808 3206 protendentem.
2861 3136 3048 3200 Quam
3104 3151 3237 3190 cum
3287 3133 3506 3189 vellent
3555 3132 3756 3189 clerici

2108 3223 2384 3293 eximere,
2419 3224 2647 3282 nemini
2674 3241 2879 3280 eorum
2903 3224 3198 3279 concessit
3222 3240 3235 3278 :
3260 3222 3538 3294 episcopo
3561 3228 3761 3279 autem

2024 3280 2067 3349 Ο
2109 3333 2352 3373 manum
2376 3316 2709 3387 explicante
2728 3332 2857 3371 eam
2882 3315 3081 3371 statim
3112 3314 3360 3379 dimisit,
3375 3329 3443 3369 ac
3466 3312 3756 3369 recubuit.

2106 3408 2399 3480 Epicopus
2445 3407 2652 3463 charta
2708 3406 2770 3460 in
2823 3408 3141 3475 conspectu
3201 3403 3472 3459 omnium
3529 3406 3756 3472 aperta,

2107 3497 2330 3556 invenit
2360 3512 2568 3554 recens
2600 3511 2781 3552 manu
2831 3493 3171 3565 pliilOSOphi
3205 3492 3603 3563 subscriptum
3635 3491 3717 3546 ita
3743 3505 3758 3547 :

2107 3587 2384 3659 Evagrius
2432 3585 2825 3658 philosophus
2875 3584 3254 3641 sanctissimo
3303 3582 3579 3653 episcopo
3654 3579 3760 3637 do-

2108 3678 2271 3733 mino
2328 3692 2460 3732 meo
2519 3674 2763 3747 Synesio
2822 3673 3095 3731 salutem.
3175 3673 3356 3735 Scias.
3417 3670 3607 3738 Pater,
3661 3686 3761 3727 me

2108 3767 2454 3839 centuplum
2484 3766 2669 3823 debiti
2700 3766 3020 3837 recepisse,
3052 3780 3246 3834 neque
3279 3779 3347 3820 eo
3380 3763 3624 3821 nomine
3656 3761 3764 3816 ba—

2107 3857 2247 3912 bere
2279 3856 2439 3928 quod
2463 3855 2570 3911 abs
2601 3861 2656 3911 te
2688 3855 2939 3926 exigam.
2974 3856 3093 3911 Hoc
3122 3853 3346 3917 audito,
3388 3868 3522 3908 cum
3553 3867 3764 3909 omnes

2109 3947 2492 4002 vehementer
2520 3944 2755 3999 attoniti
2788 3942 3138 4013 aliquandiu
3171 3940 3475 3997 vociferati
3525 3944 3759 3999 essent:

2106 4036 2405 4101 Miserere,
2464 4033 2733 4099 Domine,
2784 4032 2969 4103 jussit
3027 4031 3360 4102 episcopus,
3419 4027 3760 4099 philosophi

2106 4141 2290 4182 manu
2319 4122 2600 4193 scriptam
2630 4120 2911 4177 schedam
2945 4119 3004 4175 in
3036 4119 3295 4176 armario
3326 4116 3636 4175 asservari.

2176 4309 2350 4362 Anno
2397 4303 2677 4359 vicesimo
2737 4301 3014 4372 septimo,
3074 4297 3299 4354 mensis
3350 4294 3598 4367 Augusti
3659 4292 3759 4351 die

2106 4396 2337 4453 decimo
2370 4394 2599 4469 quinto,
2628 4407 2878 4463 magnus
2906 4389 3022 4445 fuit
3045 4395 3215 4442 terra)
3239 4392 3456 4451 motus,
3479 4382 3580 4455 qui
3611 4380 3761 4436 mul-

2105 4493 2194 4542 tas
2226 4485 2458 4548 domos,
2492 4484 2681 4537 multa
2711 4480 2933 4551 templa
2964 4484 3023 4533 et
3050 4478 3266 4532 balnea
3289 4475 3325 4529 d
3351 4474 3527 4546 ~jecit,
3561 4478 3620 4526 et
3641 4487 3763 4526 ma-

2105 4576 2263 4631 xime
2294 4590 2498 4629 muros
2529 4571 2600 4626 ad
2630 4573 2880 4624 Auream
2916 4573 3170 4641 portam,
3227 4564 3565 4635 multosque
3600 4577 3766 4617 mor-

346 4654 590 4731 γέγονεν,
626 4657 767 4713 ὥστε
796 4662 968 4714 πᾶσαν
1006 4659 1105 4728 τήν
1159 4658 1486 4731 οἰκουμένην
1541 4658 1737 4736 σχεδὸν
1786 4669 1994 4736 πτωθῆ.

2115 4667 2261 4723 tales
2292 4663 2567 4738 perdidit.
2600 4664 2712 4717 Per
2740 4665 2929 4717 totum
2961 4657 3251 4715 mundum
3284 4657 3399 4712 ista
3447 4652 3759 4711 concussio

337 4765 453 4814 ναι,
504 4746 593 4800 καὶ
622 4747 722 4814 τὴν
783 4746 1051 4804 θάλασσαν
1108 4748 1466 4824 ἀναῤῥιχᾶναι
1527 4748 1690 4823 μίλια
1746 4749 1864 4821 δύο,
1904 4754 1996 4809 καὶ

347 4832 536 4888 πολλά
563 4834 734 4891 πλοῖα
763 4835 1065 4901 ἀπολέσθαι
1122 4839 1208 4910 [Ρ.
1270 4839 1397 4911 385]
1449 4838 1504 4893 ἐν
1552 4844 1621 4914 τῇ
1669 4846 1767 4895 τοῦ
1810 4839 2003 4907 ὕδατος

342 4921 703 5012 ἀναχαιτίσει.
744 4926 842 4981 Καὶ
872 4926 923 4981 ἐν
956 4926 1052 4999 μὲν
1091 4930 1160 5000 τῇ
1207 4923 1458 5001 Ἂραϐίᾳ,
1500 4929 1589 4983 καὶ
1646 4930 2000 5012 Παλαιστίνῃ,

335 5010 427 5066 καὶ
510 5013 931 5088 Μεσοποταμίᾳ,
1015 5016 1103 5071 καὶ
1185 5016 1502 5092 Ἀντιοχείᾳ
1572 5010 1995 5094 κατεπτώθησάν

335 5099 533 5163 πόλεις
591 5102 797 5159 πολλαὶ
858 5104 947 5159 καὶ
1007 5110 1212 5179 κῶμαι,
1272 5106 1361 5160 καί
1432 5105 1847 5186 συνελήφθησαν
1909 5112 1997 5168 ἀν-

339 5189 578 5265 θρώπων
611 5190 796 5261 πλήθη
855 5192 947 5246 καὶ
1005 5191 1249 5270 ἀλόγων,
1320 5193 1574 5249 πέπτωκε
1632 5192 1691 5250 δὲ
1749 5196 1839 5251 καὶ
1895 5206 1996 5269 τῆς

337 5277 712 5351 Νικομηδείας
750 5280 915 5354 μέρος
942 5279 1111 5353 πολὺ,
1170 5284 1262 5337 καὶ
1316 5281 1677 5359 ἐπεκράτησεν
1712 5286 1740 5340 ό
1773 5289 1997 5361 σεισμὸς

336 5366 551 5443 ἡμέρας
587 5370 659 5443 μ’·
692 5370 903 5425 Γίνεται
962 5369 1019 5426 δὲ
1048 5375 1082 5443 ἡ
1119 5375 1313 5446 μνήμη
1372 5377 1466 5428 τοῦ
1516 5379 1742 5450 σεισμοῦ
1797 5377 1993 5435 τούτου

328 5460 452 5513 κατ’
477 5457 594 5523 ἔτος
626 5459 679 5517 ἐν
700 5465 779 5534 τῷ
812 5459 1032 5535 Κάμπῳ
1065 5463 1448 5525 λιτανεύοντος
1476 5470 1575 5521 τοῦ
1606 5463 1764 5522 λαοῦ.

2107 4758 2326 4814 damna
2355 4754 2540 4820 dedit,
2565 4758 2622 4810 et
2647 4768 2806 4807 mare
2830 4751 2905 4807 ad
2929 4750 3044 4807 duo
3070 4748 3351 4807 milliaria
3367 4753 3547 4803 aestus
3569 4761 3762 4800 resor-

2114 4847 2252 4919 psit,
2288 4846 2465 4916 inque
2515 4860 2585 4898 eo
2634 4841 2837 4897 multae
2886 4845 3027 4894 sunt
3079 4854 3259 4894 naves
3306 4835 3644 4891 confractus.
3697 4835 3763 4889 In

2112 4934 2346 5004 Arabia,
2382 4931 2719 4998 Palaestina,
2750 4928 3291 5003 MeSOpotamiaque
3346 4932 3404 4980 et
3451 4921 3767 4983 Antiochia

2110 5025 2289 5082 urbes
2346 5023 2548 5079 multae
2599 5022 2851 5095 pagique
2899 5025 3039 5078 sunt
3086 5017 3383 5091 prostrati,
3431 5014 3762 5081 obrutaque

2110 5114 2420 5171 hominum
2450 5118 2509 5169 et
2545 5112 2859 5167 brutorum
2899 5107 3242 5166 multitudo.
3298 5104 3531 5160 Corruit
3580 5101 3759 5159 etiam

2104 5204 2463 5260 Nicomediae
2493 5218 2707 5275 magna
2739 5219 2893 5274 pars.
2929 5197 3197 5257 Obtinuit
3227 5201 3423 5251 motus
3467 5193 3579 5248 iste
3627 5191 3757 5246 dies

2107 5294 2514 5366 quadraginta.
2539 5291 2865 5358 Quotannis
2898 5290 3027 5362 ejus
3058 5285 3347 5343 memoria
3400 5281 3759 5351 celebratur,

2101 5384 2322 5457 populo
2356 5386 2416 5438 iu
2448 5385 2666 5455 Campo
2697 5379 3094 5454 supplicante.

1544 5592 1907 5650 XYLANDRI
1945 5595 2033 5651 ET
2076 5596 2294 5655 GOARI
2334 5596 2556 5653 NOTIE.

404 5683 520 5754 (43)
556 5685 679 5767 γοα
706 5701 742 5740 a
772 5686 990 5767 Graecis
1018 5702 1140 5744 non
1172 5688 1322 5744 adeo
1355 5689 1782 5747 misericordias
1827 5693 2210 5764 exquirenda:
2241 5711 2420 5767 quam
2467 5691 2691 5748 insoliti
2738 5704 2914 5747 casus
2963 5684 3301 5744 admirandi
3350 5686 3541 5760 gratia
3590 5683 3760 5755 vulgo

333 5755 744 5828 pronuntiata.
779 5757 955 5816 Gem.
