4120 6424
361 409 478 487 735

1725 419 2050 480 GEORGII
2094 417 2439 479 CEDRENI

3666 418 3791 491 736‘

366 544 373 551 6
437 566 609 617 Anno
640 561 921 618 vicesimo
953 564 1174 622 octavo.
1208 573 1411 613 mense
1440 555 1614 623 Julio,
1670 555 1731 609 in
1762 554 2017 625 conjun-

2212 554 2306 624 Τῷ
2362 572 2431 621 κη
2489 548 2618 623 ἔτει,
2683 553 2813 625 μηνὶ
2876 554 3116 627 Ἰουλίῳ,
3174 554 3228 611 ἐν
3282 562 3350 632 τῇ
3429 561 3639 633 συνάξει
3691 566 3789 619 τοῦ

361 653 557 709 ctione
589 652 810 707 montis
840 666 1087 722 magnus
1118 649 1231 703 fuit
1263 653 1432 701 terrm
1462 650 1700 710 motus;
1751 644 1901 701 675
1958 650 2016 698 et

362 742 460 797 die
493 744 558 796 19
589 742 854 796 tonitrua
912 744 970 793 et
1024 738 1259 809 fulgura
1316 734 1626 801 terribilia,
1685 739 2015 804 ventusque

363 832 597 887 Africus
629 831 967 894 vehemens,
1024 843 1139 897 quo
1189 824 1502 880 deturbata
1550 829 1639 879 est
1692 839 1836 878 crux
1883 839 2014 893 quaa

362 921 557 977 stabat
585 920 739 973 intra
772 922 1003 988 portam
1037 918 1316 969 Auream.

432 1013 603 1063 Anno
636 1005 918 1060 vicesimo
950 1020 1109 1058 nono
1138 1002 1323 1058 Judaei
1357 1007 1414 1057 et
1465 1000 1817 1057 Samaritani
1856 1006 2018 1055 mota

362 1097 654 1153 seditione
687 1096 988 1160 Cmsareaa,
1023 1092 1352 1148 Palmstinze
1385 1091 1553 1159 urbe,
1608 1090 1828 1145 multos
1856 1090 2019 1144 Chri-

362 1187 587 1242 stianos
617 1183 1050 1239 interfecerunt
1075 1188 1134 1237 et
1164 1198 1368 1236 eorum
1403 1181 1562 1235 bona
1620 1179 2015 1251 diripuerunt.

359 1275 515 1340 Quos
567 1274 899 1345 imperator
946 1271 1283 1327 ministerio
1332 1269 1670 1325 Adamantii
1711 1268 2019 1340 suppliciis

360 1363 579 1428 affecit,
612 1361 910 1433 capitibus
940 1360 1259 1427 truncavit,
1285 1358 1570 1431 relegavit
1592 1361 2017 1429 universosque

361 1469 393 1508 e
424 1452 622 1507 medio
656 1449 919 1506 sustulit.

433 1544 603 1596 Anno
636 1539 937 1594 tricesimo
969 1538 1125 1611 ignis
1174 1538 1236 1592 in
1286 1537 1431 1593 coelo
1473 1536 1749 1608 apparuit
1798 1536 2019 1591 lanceae

357 1629 571 1698 forma,
606 1629 679 1685 ab
712 1628 997 1699 aquilone
1026 1644 1218 1697 usque
1245 1627 1319 1681 ad
1350 1642 1647 1681 occasum.

431 1724 604 1775 Anno
631 1720 932 1773 tricesimo
958 1719 1149 1789 primo
1168 1733 1406 1772 rursum
1423 1715 1565 1770 varii
1589 1715 1829 1769 fuerunt
1846 1720 2017 1768 terrm

360 1817 578 1876 motus,
628 1808 843 1879 quibus
901 1806 1026 1861 laesi
1078 1812 1217 1860 sunt
1275 1806 1425 1860 muri
1469 1803 2018 1875 Constantinopolis

365 1898 672 1954 orientalis
729 1903 786 1951 et
852 1895 1259 1963 occidentalis,
1320 1894 1626 1965 multaque
1682 1893 1904 1965 templa
1962 1898 2019 1947 et

366 1987 577 2042 domus
608 1987 735 2041 solo
768 1990 1015 2056 aequatae
1042 1989 1205 2053 sunt,
1239 1990 1300 2039 et
1328 1983 1632 2045 suburbia,
1668 1989 1724 2037 et
1755 1983 2019 2055 Regium,

364 2077 512 2133 adeo
535 2083 601 2131 ut
623 2093 744 2131 non
770 2080 1013 2147 possent
1032 2074 1290 2147 agnosci.
1330 2074 1515 2128 Etiam
1536 2072 1669 2127 aliis
1692 2072 1752 2126 in
1774 2071 2021 2127 urbibus

362 2165 511 2220 tanti
547 2170 718 2220 terrm
753 2169 947 2220 motus
988 2167 1211 2233 quanto
1244 2178 1313 2217 eo
1346 2161 1564 2216 saeculo
1615 2176 1791 2215 nemo
1840 2160 2023 2215 fuisse

350 2254 799 2322 recordabatur,
832 2251 1403 2321 concutiebaturque
1438 2256 1599 2305 terra
1627 2255 1832 2305 noctes
1865 2249 2024 2304 dies-

363 2360 479 2414 que
511 2342 831 2397 continuas
864 2341 1091 2397 decem.
1126 2340 1264 2395 Ideo
1305 2344 1551 2395 mmstus
1596 2340 1920 2410 imperator
1950 2338 2023 2394 ad

353 2431 633 2488 Natalitia
650 2438 708 2487 et
734 2430 1122 2500 Theophania
1152 2429 1279 2483 sine
1304 2445 1524 2483 corona
1546 2428 1785 2499 prodiit.
1806 2427 2002 2484 Solem

370 2521 473 2576 nia
506 2521 685 2575 etiam
719 2519 1033 2574 duodecim
1076 2518 1307 2573 dierum
1355 2534 1475 2572 non
1525 2518 1662 2589 egit,
1715 2515 1819 2571 sed
1868 2515 2025 2588 quod

366 2611 483 2665 illis
506 2610 698 2664 fuerat
730 2608 1219 2680 impendendum.
1238 2607 1601 2678 pauperibus
1621 2606 1901 2678 elargitus
1914 2610 2022 2661 est.

368 2703 568 2756 Mense
600 2700 918 2755 Februario
969 2698 1193 2754 mortui
1251 2704 1391 2753 sunt
1444 2698 1685 2769 plurimi
1731 2697 2023 2759 homines.

370 2790 703 2862 praesertim
729 2790 1002 2861 juvenes,
1035 2788 1221 2859 Cpoli,
1278 2787 1426 2843 adeo
1470 2793 1536 2842 ut
1583 2786 1868 2842 cadavera
1923 2803 2030 2857 per
2076 2836 2085 2843 .

362 2879 628 2933 triduum
662 2877 963 2949 insepulta
987 2876 1311 2948 jacuerint,
1344 2876 1420 2930 ad
1453 2893 1521 2931 ea
1579 2875 1877 2931 efferenda
1906 2892 2024 2953 non

366 2967 801 3022 sufficientibus
834 2966 1162 3038 sandapilis
1212 2965 1569 3037 templorum
1611 2966 1766 3020 678
1824 2970 1881 3019 et
1937 2982 2026 3020 sa-

367 3073 606 3112 crarum
638 3057 877 3111 mdium.
915 3056 1048 3110 ldeo
1082 3057 1409 3128 imperator
1445 3056 1592 3110 alias
1626 3055 1795 3111 mille
1827 3055 2025 3110 confe-

370 3146 488 3211 cit;
522 3162 776 3218 cumque
808 3162 881 3200 ne
912 3146 1002 3200 hae
1037 3145 1279 3216 quidem
1314 3144 1457 3200 satis
1489 3150 1711 3214 essent,
1735 3144 2028 3217 plurimos

367 3252 579 3290 currus
602 3236 787 3307 jussit
807 3234 1509 3306 apparari,jumentaque
1526 3234 1845 3289 innumera
1866 3233 2032 3288 dedit

2051 1939 2098 2004 Β

2125 639 2293 716 ὅρους
2350 642 2539 717 γέγονε
2599 644 2822 715 σεισμὸς
2881 644 3073 729 μέγας.
3136 646 3234 702 Καὶ
3298 652 3368 722 τῇ
3417 652 3482 714 ιϐ’
3534 651 3787 729 ἐγένοντο

2129 731 2351 807 βρονταὶ
2379 732 2465 787 καὶ
2496 731 2767 806 ἀστραπαί
2808 728 3036 811 φοϐεραὶ
3066 734 3155 789 καὶ
3187 732 3385 811 ἄνεμος
3440 737 3540 814 λίψ
3590 742 3781 817 μέγας,

2126 821 2202 884 ὡς
2243 825 2424 875 πεσεῖν
2482 821 2575 875 τὸν
2636 822 2863 896 σταυρὸν
2926 824 3019 878 τὸν
3079 824 3366 899 ἱστάμενον
3427 824 3620 885 ἔσωθεν
3677 838 3781 902 τῆς

2124 910 2343 984 Χρυσῆς
2374 909 2603 984 πόρτης.

2195 1001 2288 1070 Τῷ
2317 1000 2396 1054 κθ¹
2426 997 2531 1054 ἔτει
2566 998 2877 1055 ἐστασίασαν
2938 1002 2990 1056 οἱ
3051 1001 3311 1061 Ἰουδαῖοι
3368 1006 3458 1060 καὶ
3515 1014 3788 1083 Σαμαρεῖ-

2123 1109 2210 1142 ται
2270 1086 2323 1142 ἐν
2385 1088 2676 1162 Καισαρείᾳ
2727 1096 2831 1158 τῆς
2911 1088 3294 1163 Παλαιστίνης,
3381 1094 3471 1149 καὶ
3529 1094 3780 1161 πολλοὺς

2126 1175 2488 1253 Χριστιανοὺς
2574 1175 2806 1246 ἀνεῖλον,
2893 1180 2981 1233 καὶ
3066 1182 3166 1250 τήν
3252 1183 3545 1239 ὑπόστασιν
3604 1185 3780 1241 αὐτῶν

2127 1264 2450 1341 διήρπασαν·
2509 1266 2602 1329 οὕς
2659 1267 2687 1320 6
2748 1265 3006 1341 βασιλεὺς
3064 1265 3134 1323 δι’
3193 1267 3531 1343 Ἀθάμαντος
3587 1274 3783 1342 ἐφαύλ-

2124 1376 2243 1411 κισε
2297 1357 2410 1429 (44)
2467 1355 2554 1410 καὶ
2612 1355 2998 1435 ἂπεκεφάλισε,
3068 1356 3160 1412 καὶ
3245 1357 3451 1424 ἄλλους
3537 1362 3784 1439 ἐξώρισε,

2125 1444 2329 1503 πάντας
2361 1439 2419 1496 δὲ
2447 1442 2591 1519 ἡφάν
2603 1462 2695 1497 ισε.

2197 1533 2288 1602 Τῷ
2322 1529 2369 1585 λ’
2395 1527 2499 1586 ἔτει
2531 1530 2701 1605 ἐφάνη
2761 1536 2869 1607 πῦρ
2931 1531 2984 1587 ἐν
3042 1538 3124 1606 τῷ
3182 1533 3396 1609 οὐρανῷ
3436 1536 3511 1601 ὡς
3570 1536 3784 1614 λόγχη,

2125 1618 2230 1675 ἀπὸ
2263 1618 2463 1693 ἄρκτου
2502 1616 2607 1680 ἕως
2639 1617 2879 1691 δυσμῶν.

2200 1712 2297 1765 Καὶ
2327 1715 2407 1783 τῷ
2438 1709 2521 1766 λα’
2552 1706 2660 1765 ἔτει
2704 1710 2948 1789 ἐγένοντο
3002 1712 3172 1769 πάλιν
3233 1717 3447 1788 σεισμοὶ
3508 1714 3789 1795 διάφοροι,

2125 1800 2263 1855 ὥστε
2293 1802 2480 1855 παθεῖν
2526 1800 2593 1856 τὰ
2651 1798 2748 1856 δύο
2799 1801 2965 1877 τείχη
3022 1805 3677 1880 Κωνσταντινουπόλεως,
3723 1809 3789 1864 τὸ

2128 1889 2450 1945 ἀνατολικὸν
2479 1889 2662 1946 καὶτὸ
2700 1887 2937 1961 δυτικὸν,
2969 1894 3059 1946 καί
3096 1891 3306 1949 πολλαὶ
3361 1893 3648 1966 ἐκκλησίαι
3695 1897 3789 1952 καὶ

2134 1981 2279 2033 οἶκοι
2335 1974 2439 2041 ἕως
2502 1978 2732 2058 ἐδάφους
2816 1981 3131 2046 κατέπεσον,
3192 1981 3339 2038 ἀλλὰ
3410 1987 3520 2059 μὴν
3577 1985 3667 2040 καὶ
3723 1987 3795 2041 τὰ

2131 2066 2427 2141 προάστεια
2457 2068 2545 2123 καὶ
2578 2070 2639 2123 τὸ
2670 2069 2884 2145 ῥήγιον,
2935 2070 3075 2126 ὥστε
3129 2073 3203 2143 μή
3256 2075 3636 2149 γνωρίζεσθαι.
3688 2074 3795 2132 Καὶ

2133 2154 2186 2210 ἐν
2222 2154 2419 2218 ἁλλαις
2468 2154 2524 2212 δὲ
2580 2155 2806 2212 πόλεσιν
2857 2157 3067 2233 ἐγένετο
3102 2161 3130 2215 ὁ
3163 2163 3383 2235 σεισμὸς
3441 2163 3622 2231 οὗτος,
3679 2164 3794 2220 οἷον

2135 2246 2238 2300 οὐκ
2269 2244 2671 2319 ἐμνημόιευσεν
2704 2244 2985 2322 ἅνθρωπος
3018 2248 3070 2303 ἐν
3110 2256 3228 2312 ταῖς
3277 2257 3489 2327 γενεαῖς
3538 2251 3793 2316 ἐκείναις.

2134 2336 2237 2391 Καὶ
2269 2333 2469 2390 ἐσείετο
2501 2337 2536 2406 ἡ
2574 2342 2644 2410 γῆ
2710 2338 2846 2409 μετὰ
2900 2336 3157 2414 φιλανίας
3216 2344 3328 2413 (45)
3387 2339 3437 2395 ἐν
3488 2342 3641 2397 νυκτὶ
3699 2342 3792 2398 καὶ

2134 2426 2319 2498 ἡμέρᾳ
2351 2425 2438 2480 ἐπὶ
2477 2425 2688 2500 ἡμέρας
2749 2423 2893 2481 δέκα.
2955 2430 3048 2482 Διὸ
3091 2428 3181 2482 καὶ
3250 2426 3598 2502 λυπούμενος
3631 2433 3658 2486 6
3695 2431 3796 2506 βαη

2137 2512 2319 2575 σιλεὺς
2351 2514 2428 2576 εἷς
2459 2514 2525 2569 τὰ
2570 2516 2824 2579 Γενέολια
2867 2517 2953 2570 καὶ
3018 2517 3281 2596 θεοφάνία
3330 2519 3509 2596 χωρὶς
3551 2520 3798 2594 στέμμαη

2135 2624 2227 2665 τος
2259 2600 2526 2678 προῆλθε,
2558 2604 2648 2658 καὶ
2679 2603 2745 2659 τὰ
2774 2604 2825 2674 ἐξ
2856 2602 3014 2668 ἔθους
3044 2605 3315 2681 κλητόρια
3373 2610 3489 2681 (46)
3541 2612 3638 2664 τοῦ
3688 2607 3798 2664 δω-

2138 2691 2483 2767 δεκατ,μέρου
2516 2692 2615 2747 οὐκ
2654 2692 2931 2765 ἐποίησεν,
2993 2692 3140 2749 ἀλλά
3194 2696 3291 2758 τὰς
3350 2694 3565 2767 ἐξόδους
3619 2697 3798 2754 αὐτῶν

2138 2780 2342 2836 δέδωκε
2371 2786 2488 2843 τοῖς
2519 2786 2791 2856 πτωχοῖς,
2827 2786 2922 2854 Τῷ
2964 2780 3022 2837 δέ
3051 2779 3412 2859 Φεϐρουαρίῳ
3449 2786 3581 2857 μηνὶ
3612 2785 3802 2863 γέγονε

2139 2875 2326 2941 θνῆσις
2367 2872 2690 2947 ἀνθρώπων,
2722 2872 2813 2927 καὶ
2868 2871 3105 2945 μάλιστα
3161 2878 3268 2928 τῶν
3323 2876 3477 2944 νέων,
3533 2876 3583 2930 ἐν
3645 2880 3801 2933 Κων-

2140 2960 2608 3033 σταντινουπόλει,
2682 2958 2824 3016 ὥστε
2873 2960 3044 3035 μένειν
3094 2962 3333 3040 ἀτάφους
3387 2962 3518 3025 τοὺς
3558 2962 3802 3036 ἀποθνή-

2140 3070 2370 3111 σκοντας
2404 3050 2492 3105 ἐπὶ
2524 3051 2735 3125 ἡμέρας
2788 3056 2934 3125 τρεῖς
2984 3048 3075 3106 ’διὰ
3126 3052 3189 3108 τὸ
3245 3054 3319 3124 μὴ
3378 3050 3619 3127 ἐξαρκεῖν
3669 3053 3798 3116 τοὺς

2139 3134 2487 3215 κραϐὄάτους
2525 3144 2634 3193 τῶν
2703 3138 3009 3210 ἐκκλησιῶν
3069 3140 3161 3195 καὶ
3220 3145 3327 3195 τῶν
3386 3139 3590 3215 εὐαγῶν
3630 3140 3799 3196 οἴκων

2139 3228 2277 3302 πρὸς
2308 3228 2371 3284 τὸ
2429 3227 2669 3303 ἐκφέρειν
2728 3228 2856 3291 τοὺς
2918 3227 3307 3292 τελευτῶντας.
3361 3230 3514 3294 Ὅθεν
3562 3232 3799 3300 ποιήσας

367 3322 441 3378 ad
474 3304 782 3377 eamvrem.
817 3304 988 3377 lie—ste
1020 3304 1217 3376 autem
1253 3338 1315 3375 se
1359 3304 1709 3375 intendente
1738 3320 2020 3392 pleraque

2137 3318 2166 3373 6
2200 3314 2458 3392 βασιλεὺς
2511 3314 2668 3392 ἔτερα
2723 3312 3030 3391 κραϐεατια
3064 3316 3248 3393 χίλια,
3305 3317 3396 3372 καὶ
3449 3316 3584 3392 μηδ’
3621 3317 3793 3379 οὕτως

364 3412 650 3469 cadavera
679 3414 741 3466 in
773 3412 942 3466 littus
973 3412 1241 3482 projecta
1270 3410 1344 3465 ad
1376 3416 1609 3466 sextum
1651 3410 1808 3465 diem
1844 3410 2022 3464 inbu—

363 3506 524 3558 mata
547 3501 891 3573 jacuerunt,
926 3500 1084 3570 quod
1110 3500 1220 3553 vivi
1255 3500 1327 3554 iis
1360 3499 1722 3570 sepeliendis
1752 3516 1872 3553 non
1901 3499 2024 3554 suf-

365 3591 635 3655 ﬁcerent,
680 3606 875 3659 neque
936 3605 1114 3643 naves
1175 3588 1247 3643 iis
1296 3587 1769 3665 transvehendis.
1830 3588 2027 3643 Saeviit

362 3678 469 3733 illa
534 3677 716 3749 pestis
773 3692 1009 3731 menses
1067 3676 1213 3731 duos
1269 3677 1492 3731 Julium
1561 3683 1619 3731 et
1671 3678 2021 3748 Augustum.

365 3767 629 3820 Fuerunt
653 3766 832 3820 etiam
859 3765 1122 3819 tonitrua
1153 3770 1212 3819 et
1239 3765 1475 3835 fulgura
1500 3765 1791 3821 terribilia
1820 3766 2022 3822 admo-

363 3855 529 3925 dum,
562 3855 780 3926 quibus
814 3854 984 3909 multi
1019 3855 1486 3926 conflagrarunt.

2130 3406 2516 3480 ἐξαρκούντων,
2575 3406 2782 3478 ἀμάξας
2841 3408 3137 3479 προσέταξε
3220 3406 3481 3469 πλείστας
3537 3407 3790 3481 εὐτρεπι-

2132 3499 2346 3564 σθῆναι,
2389 3498 2474 3550 καὶ
2532 3494 2725 3569 ἃλογα
2766 3491 2971 3550 δέδωκε
3033 3496 3199 3570 μυρία
3248 3498 3386 3571 πρὸς
3441 3497 3503 3550 τὸ
3554 3495 3798 3575 ἐκφέρειν

2132 3585 2260 3647 τοὺς
2291 3578 3021 3658 νεκρούςξῈπιτεινομένης
3082 3582 3139 3640 δὲ
3187 3593 3286 3655 τῆς
3347 3588 3589 3656 θνήσεως
3643 3580 3796 3661 €535!-

2132 3697 2269 3730 πτον
2325 3674 2451 3736 τοὺς
2507 3672 2764 3735 πλείονας
2841 3675 2918 3737 εἷς
2976 3675 3065 3729 τὸν
3123 3674 3399 3752 αἰγιαλὸν,
3458 3676 3548 3731 καὶ
3605 3671 3796 3748 ἔμενον

2134 3761 2327 3839 ἄταφοι
2358 3760 2462 3824 ἓως
2505 3765 2716 3838 ἡμέρας
2758 3762 2814 3834 ’ἐξ
2845 3760 2935 3818 διὰ
2974 3764 3037 3818 τὸ
3083 3764 3160 3836 μὴ
3210 3762 3460 3837 ἐπαρκεῖν
3508 3770 3626 3827 τοῖς
3660 3770 3795 3835 ζῶσι

2135 3853 2355 3909 θάπτειν
2387 3853 2513 3916 τοὺς
2544 3857 2863 3921 τεθνεῶτας,
2922 3856 3063 3925 μήτε
3117 3850 3174 3908 δὲ
3223 3854 3292 3907 τὰ
3334 3852 3505 3909 πλοῖα
3554 3854 3795 3931 ἐξαρκεῖν

363 3942 444 3997 et:
475 3943 537 3997 16
571 3941 833 3997 διαπερᾶν
880 3942 1099 3997 αὐτούς.
1161 3943 1407 3997 Ἐκοάτει
1462 3943 1552 3997 οὗν
1613 3945 1647 3997 ἢ
1708 3946 1895 3997 Ovius:
1951 3942 2086 3997 αὕτη
2151 3950 2323 3997 nivei:
2379 3940 2497 3997 δύο.
2554 3942 2785 3997 Ἰούλιον
2846 3943 2935 3997 καὶ
2994 3941 3331 3997 Αὔγουστον.
3393 3945 3450 3997 ‘E

420 3943 537 4005 ςτὸ
571 3942 833 4018 διαπερᾷν
880 3942 1099 4003 αὐτούς.
1161 3943 1407 4017 Ἐκράτει
1462 3943 1552 3998 οὗν
1613 3945 1647 4013 ἡ
1708 3946 1895 4014 θνῆσις
1951 3942 2086 4015 αὕτη
2150 3950 2323 4017 μῆνας
2379 3942 2497 4013 δύο,
2554 3942 2785 3998 Ἰούλιον
2846 3943 2935 3997 καὶ
2994 3942 3331 4017 Αὔγουστον.
3393 3943 3672 4019 Ἐγένοντο
3734 3943 3793 4001 δὲ

368 4032 590 4106 βρονταὶ
620 4032 708 4086 καὶ
744 4030 1014 4104 ἀστραπαὶ
1060 4029 1299 4106 μεγάλαι
1331 4031 1418 4086 καὶ
1452 4026 1679 4111 φοϐεραὶ
1715 4029 1942 4111 σφόδρα,
1975 4029 2114 4087 ὥστε
2143 4031 2394 4093 πολλοὺς
2427 4032 2516 4088 ὑπ’
2547 4031 2724 4087 αὐτῶν
2755 4037 3115 4100 κατακαῆναι.

438 4130 607 4178 Anno
623 4122 916 4177 tricesimo
932 4122 1113 4194 primo
1126 4139 1355 4178 rursum
1369 4123 1500 4179 lues
1514 4124 2027 4196 letbalisgrassata

366 4217 477 4281 est,
513 4212 766 4267 maxime
791 4212 849 4266 in
872 4229 1113 4283 pueros,
1140 4210 1479 4268 bubonibus
1504 4230 1604 4267 eos
1635 4229 1876 4269 necans.
1911 4215 2025 4267 Du-

363 4301 515 4357 ravit
546 4317 783 4356 menses
814 4307 1089 4372 quatuor,
1127 4317 1320 4371 neque
1343 4302 1636 4357 minorem
1658 4318 1835 4371 quam
1860 4301 2024 4373 prior

2207 4125 2300 4193 Τῷ
2358 4120 2442 4176 λα’
2493 4115 2598 4175 ἔτει
2649 4120 2928 4197 ἐπεγένετο
2988 4118 3139 4181 αὖθις
3193 4121 3499 4193 θανατικὸν,
3548 4123 3636 4179 καὶ
3685 4124 3784 4198 μά-

2135 4208 2298 4265 λιστα
2324 4216 2441 4272 τοῖς
2473 4207 2736 4279 παιδίοις,
2768 4209 2876 4264 ἀπὸ
2939 4203 3280 4284 βουϐωνικοῦ
3327 4210 3553 4280 πάθους,
3611 4217 3788 4285 μῆνας

2134 4296 2196 4357 δ’,
2232 4300 2335 4356 Καὶ
2368 4300 2476 4375 οὐχ
2503 4300 2667 4369 ἦττον
2728 4296 2994 4377 διέφθειρε
3029 4302 3121 4354 τεῦ
3176 4298 3443 4374 προτέρου
3500 4302 3790 4357 θανατικοῦ

1557 4424 1919 4481 XYLANDRI
1960 4429 2044 4482 ET
2082 4428 2297 4483 GOARI
2338 4427 2557 4481 NOTAE.

436 4543 549 4613 (44)
576 4542 784 4597 Nescio
818 4542 959 4615 quid
994 4541 1070 4615 sit
1102 4541 1235 4615 hoc.
1256 4541 1385 4615 nisi
1416 4541 1685 4615 fortassis
1715 4542 1842 4615 sub
1894 4542 2009 4615 fur
2051 4547 2093 4611 D
2125 4552 2220 4600 cat
2253 4544 2539 4599 Meursius
2562 4542 2899 4615 legendum,
2921 4543 3015 4597 cui
3043 4542 3339 4597 assentior
3361 4543 3521 4599 Pauli
3544 4545 3790 4600 Diaconi

364 4609 494 4669 cam
524 4609 775 4667 mittere.
813 4609 1092 4685 Sic‘inl'ra
1141 4613 1201 4666 in
1252 4614 1549 4685 Pogonato
1600 4609 1919 4685 ἐφούλκισεν
1965 4611 2017 4667 ὲν

364 4689 587 4744 Σοκαῖς.
622 4687 879 4738 Zonaras
911 4683 1087 4737 habet
1119 4699 1221 4738 eos
1253 4683 1598 4737 intorfectos
1640 4683 1840 4741 fuisse.
1877 4687 2018 4740 For-

363 4756 647 4836 tassisde
672 4756 1157 4836 [icissuspensos
1189 4754 1520 4836 crederem,
1550 4756 1664 4811 nisi
1688 4757 2017 4836 Ficuscsse

364 4827 635 4883 suburbii
667 4825 960 4896 Cpolitani
996 4842 1214 4881 nomen
1238 4842 1307 4880 ex
1340 4828 1467 4895 ejus
1502 4827 1741 4882 Leontio
1774 4828 2018 4883 didicis—

364 4900 657 4955 sem.XYL.
680 4928 747 4938 —
764 4900 887 4969 Non
907 4896 1196 4967 suppliciis
1217 4898 1690 4969 quibuscunque,
1716 4905 1780 4954 ut
1801 4908 2019 4956 nutans

362 4970 679 5055 interpres,
711 4968 1139 5055 sed‘suspendio
1167 4972 1404 5055 furc'azie'
1428 4968 1679 5055 pereant:
1716 4974 1892 5027 GOAR.

432 5037 547 5114 (45)
581 5040 733 5116 Μετὰ
765 5037 1015 5116 calami“
1058 5040 1217 5096 haud
1268 5037 1472 5116 dubie
1500 5044 1855 5116 mendosum
1906 5050 2016 5112 est,

360 5119 427 5170 ut
458 5113 830 5185 et'pleraque
854 5129 984 5184 quae
1011 5113 1709 5185 sequunturdiftlcillima
1729 5114 2017 5185 interpre-

362 5191 508 5247 tatu.
546 5184 668 5241 tum
704 5184 844 5257 quia
868 5184 1100 5239 mendis
1133 5200 1251 5257 non
1282 5190 1671 5257 vacant.tum
1705 5187 1845 5257 quia
1874 5184 2017 5241 bar-

360 5259 520 5313 baris
551 5263 610 5312 et
641 5255 998 5312 semilatinis
1027 5255 1268 5310 vocibus
1298 5256 1653 5311 intermistis
1686 5255 2016 5329 perspicui-

361 5335 480 5385 tate
513 5336 739 5393 carent,
769 5334 835 5382 ut
866 5333 923 5383 et
954 5329 1133 5397 paulo
1164 5333 1323 5381 ante.
1359 5330 1496 5381 XvL°

434 5401 545 5470 (46)
581 5398 860 5470 Κτητόρια
912 5399 1055 5469 quid
1105 5398 1244 5466 sint,
1297 5399 1498 5454 nescio
1550 5417 1710 5455 sane.
1764 5403 2025 5470 Apparet

359 5468 542 5525 fuisse
572 5471 753 5525 festos
773 5468 943 5535 dies,
970 5470 1141 5524 initio
1166 5470 1417 5540 imperio
1441 5470 1560 5524 sive
1587 5471 1757 5526 alteri
1792 5468 1875 5525 rei
1910 5468 2019 5524 de-

361 5542 634 5613 stinatos,
662 5542 761 5612 qui
799 5558 1010 5613 magno
1040 5546 1280 5613 sumptu
1315 5548 1647 5613 agerentur.
1678 5546 1873 5610 Neque
1905 5557 2024 5595 me-

288 5673 295 5681 .
361 5612 508 5683 mini
534 5613 760 5683 aliquid
789 5613 860 5666 de
885 5612 958 5667 iis
980 5612 1115 5667 alibi
1144 5613 1373 5682 legisse.
1405 5612 1613 5666 XvL.—
1629 5614 2023 5681 Κτητόηιατοῦ

362 5679 806 5756 δωδεκςλιημιέροινΔ
822 5684 1075 5756 convivia
1108 5679 1426 5756 laetitiaeque
1471 5686 1691 5756 indicia
1732 5679 1836 5756 per
1882 5684 2024 5739 duo-

362 5756 538 5810 decim
566 5753 745 5809 dt’es'a
775 5753 990 5809 Christo
1018 5761 1159 5809 nuto
1188 5754 1537 5809 celebranda.
1565 5753 1847 5830 Κλητόρια
1861 5756 2022 5828 judi-

2129 4616 2479 4670 auctnritate
2511 4615 2724 4670 ductus
2751 4633 2763 4667 :
2793 4616 3063 4686 prandia,
3096 4630 3221 4683 qua:
3253 4631 3320 4668 ea:
3363 4632 3515 4670 more
3560 4621 3701 4684 ﬁunt
3732 4619 3790 4670 in

2129 4689 2311 4742 decem
2343 4693 2393 4741 et
2424 4704 2615 4755 novem
2646 4685 2913 4741 uccubitis
2942 4702 3149 4740 cessare
3185 4688 3341 4753 fecit.
3404 4688 3789 4755 Theophanes

2128 4754 2612 4831 primum‘o’r'pzrtz
2643 4762 2946 4831 vocaverat
2979 4776 2993 4823 ;
3031 4756 3358 4831 eademque
3392 4754 3787 4831 Luitprandus

2126 4826 2200 4891 ἧι,
2238 4833 2267 4885 3
2300 4826 2491 4884 fusius
2524 4828 2844 4899 describit:
2883 4829 2973 4899 Est
3007 4826 3201 4879 domus
3228 4827 3413 4899 ‘jutnta
3464 4826 3784 4899 Hippodro-

2127 4919 2294 4961 mum,
2325 4900 2635 4970 aquilonem
2665 4894 2867 4959 versus,
2900 4898 3042 4951 mira
3088 4902 3137 4948 et
3169 4894 3501 4970 altitudinis
3558 4903 3608 4949 et
3654 4895 3789 4970 puli-

2127 4966 2479 5026 ‘chritudz'nis.
2514 4986 2642 5039 qua:
2670 4971 2810 5022 Deea
2868 4982 3043 5020 ennea
3089 4966 3277 5039 cubita
3325 4973 3576 5023 vocatur.
3631 4967 3786 5032 Quod

2127 5059 2323 5098 nomen
2356 5058 2465 5095 non
2491 5035 2558 5094 αὖ
2591 5058 2666 5103 re,
2700 5041 2795 5094 sed
2825 5054 2893 5091 ea:
2922 5035 3323 5105 apparentibus
3362 5041 3539 5093 causis
3589 5042 3788 5094 sortita

2131 5121 2243 5168 cst:
2278 5109 2405 5165 δέκα
2436 5115 2574 5166 enim
2610 5112 2810 5171 Grrece,
2871 5111 3065 5163 Latine
3112 5108 3315 5174 decem,
3376 5107 3526 5162 ἐννέα
3573 5127 3786 5177 novem,

2128 5185 2312 5239 cubita
2336 5182 2637 5237 acubando
2667 5182 2939 5236 inclinata
2970 5181 3051 5234 vel
3084 5188 3313 5235 curvata
3362 5197 3653 5251 possumus
3698 5182 3791 5236 di—

2130 5272 2269 5311 cere.
2304 5257 2419 5308 ]Ior
2449 5261 2631 5308 autem
2667 5253 2791 5306 ideo
2830 5252 3094 5319 quoniam
3146 5254 3367 5321 quidem
3420 5255 3791 5308 noremderim

2129 5340 2331 5380 mensa?
2360 5328 2419 5378 in
2450 5342 2511 5379 ea
2542 5342 2662 5395 qua:
2691 5324 2985 5379 secundum
3016 5340 3237 5378 carnem
3270 5330 3346 5378 est
3403 5328 3617 5379 Homini
3662 5327 3791 5380 Jesu

2134 5397 2335 5452 Christi
2363 5399 2666 5452 Nativztate
2705 5401 3103 5466 apponuntur:
3144 5397 3201 5448 in
3245 5396 3444 5465 quibus
3488 5400 3793 5466 imperator

2124 5472 2344 5541 pariter
2400 5476 2449 5524 et
2506 5471 2747 5541 conviva:
2802 5484 2912 5522 non
2955 5467 3231 5541 Asedmdo,
3299 5473 3365 5541 ut
3407 5471 3615 5523 caeteris
3681 5469 3795 5522 die-

2136 5538 2250 5608 bus,
2284 5541 2377 5595 sed
2424 5540 2785 5595 rccumbendo
2839 5538 3187 5609 epulantur;
3249 5540 3446 5607 quibus
3503 5541 3561 5592 in
3606 5540 3795 5595 diebus

2131 5630 2243 5668 non
2302 5614 2598 5681 argenteis,
2659 5611 2753 5666 sed
2805 5617 3018 5664 tantum
3077 5611 3229 5663 auris
3286 5611 3428 5663 vasis
3508 5613 3795 5665 ministra—

2136 5692 2248 5743 tur.
2282 5690 2394 5739 etc.
2434 5683 2727 5739 Videndus
2798 5681 3185 5738 Leunclavius
3235 5681 3298 5734 V.
3355 5681 3667 5739 (ionocluc.
3732 5684 3792 5737 in

2134 5758 2413 5813 Onomast.
2445 5756 2620 5812 Goan.
