4120 6410
316 366 443 430 737

1474 361 2022 427 HISTORIARUM
2065 361 2592 426 COMPENDIUM
2604 408 2620 423 .

3637 368 3761 429 738

316 507 497 558 πᾶσαν
535 502 635 572 τήν
667 499 832 555 πόλιν
859 498 1045 555 καὶτὰ
1100 492 1294 574 πόρῥω
1349 494 1572 568 ταύτης.
1608 498 1697 570 [Ρ.
1731 498 1856 569 386]
1891 497 1978 553 Ἐν

2111 500 2350 568 stragem
2399 497 2462 552 in
2512 498 2659 556 urbe
2712 504 2771 556 et
2819 498 3065 556 remotis
3113 498 3292 554 etiam
3344 499 3491 555 locis
3545 500 3752 557 edidit.

324 590 395 663 δὴ
430 590 746 667 Ἀντιοχείᾳ
773 587 941 643 πάλιν
975 587 1165 662 γέγονε
1223 587 1444 660 σεισμὸς
1504 582 1694 662 μέγας.
1746 586 1895 643 Μετὰ
1926 582 1985 641 δὲ

325 682 533 758 χρόνον
587 680 708 736 τινὰ
766 678 984 757 γέγονεν
1054 678 1290 752 ἀστέρων
1348 674 1553 752 δρόμος
1612 677 1702 756 ἀφ’
1759 675 1983 750 ἑσπέρας

319 768 431 833 ’ἐως
491 771 660 845 πρωῒ,
715 767 855 823 ὥστε
911 768 1113 828 πάντας
1174 765 1707 841 ὑπερεκπληττεσθαι
1761 765 1852 819 καὶ
1893 763 1987 820 λὲ-

322 881 442 937 γειν
476 861 561 915 ὅτι
589 858 880 914 πίπτουσιν
936 858 989 911 οἱ
1044 856 1285 931 ἀστέρες.
1341 854 1596 931 Γεγόνασι
1629 852 1687 909 δὲ
1723 855 1984 927 κοσμικαὶ

324 947 695 1024 δημοκρατίαι
725 952 836 1017 (4-7)
876 946 966 1002 καὶ
1016 941 1169 1023 φόνοι
1218 943 1425 1000 πολλοὶ
1472 944 1561 1000 καὶ
1600 942 1863 1018 πόλεμοι,
1894 944 1985 999 καὶ

322 1040 500 1106 νόσοι,
531 1039 621 1093 καὶ
654 1038 871 1101 θάνατοι
924 1039 1041 1097 τοῖς
1098 1034 1406 1095 ἀνθρώποις
1442 1033 1541 1088 οὐκ
1584 1031 1864 1090 ἐπέλιπον.
1897 1035 1986 1090 Ἐν

329 1127 388 1184 δὲ
419 1125 739 1201 ’Δντιοχείᾳ
799 1124 935 1199 μετᾶ
978 1124 1042 1178 τὸ
1100 1121 1343 1198 γενέσθαι
1397 1124 1489 1178 τὸν
1536 1123 1758 1197 σεισμὸν
1800 1118 1987 1197 γέγονε

327 1217 575 1294 βρυγμὸς
607 1215 668 1270 ἐκ
695 1218 794 1271 τοῦ
844 1209 1072 1288 οὐρανοῦ
1130 1206 1535 1291 φοϐερώτατος,
1566 1214 1658 1266 καὶ
1688 1209 1894 1267 πολλοὶ
1928 1210 1989 1265 ἐκ

321 1310 424 1362 τοῦ
449 1302 625 1384 φόϐου
656 1303 947 1367 ἀπέθανον.

397 1397 493 1468 Τῷ
524 1391 582 1449 δὲ
611 1392 700 1468 λβ¹
743 1389 847 1448 ἔτει
906 1398 1006 1460 τῆς
1071 1389 1346 1467 βασιλείας
1404 1391 1791 1445 Ἰουστινιανοῦ
1823 1388 1988 1467 φιλο-

324 1483 672 1558 καλουμένου
703 1486 811 1538 τῶν
870 1478 1109 1556 τροΰλου
1142 1482 1254 1554 (48)
1284 1486 1383 1548 τῆς
1439 1480 1702 1555 Μεγάλης
1755 1475 1990 1545 Ἐκκλη-

336 1573 456 1637 σίας
511 1575 598 1645 (ἦν
656 1572 759 1648 γάρ
820 1567 1209 1646 διεῤῥηγμὲνος
1293 1566 1353 1623 ἐκ
1429 1572 1537 1623 τῶν
1583 1565 1987 1642 ἐπιγενομένων

334 1657 787 1730 ἀλλεπαλλήλων
819 1662 1101 1732 σεισμῶν),
1152 1653 1309 1711 ἔπεσε
1355 1656 1417 1711 τὸ
1462 1655 1787 1715 ἀνατολικὸν
1825 1654 1987 1731 μέρος

333 1758 438 1821 τῆς
490 1746 913 1824 προϋποστολῆς
964 1750 1061 1802 τοῦ
1119 1745 1276 1821 άγίου
1309 1744 1717 1818 θυσιαστηρίου,
1750 1745 1839 1799 καὶ
1872 1766 1989 1799 συν-

330 1840 519 1914 έτριψε
571 1839 634 1935 τί)
671 1833 953 1935 ’,κιϐώριον
1184 1834 1274 1935 καὶ
1337 1834 1663 1935 τὶἧνλὰγίαν
1715 1834 1984 1935 τράπεζαν
2018 1870 2064 1935 Β

326 1927 543 1989 καὶτὸν
585 1922 835 2001 ἅμϐωνα.
902 1922 1139 1979 Συνιδὼν
1198 1923 1288 1979 οὖν
1358 1924 1386 1979 ὁ
1456 1920 1710 1999 βασιλεὺς
1769 1921 1987 1998 ἤγειρεν

330 2016 544 2081 ἄλλους
573 2017 796 2079 πιντοὺς
826 2016 917 2072 καὶ
966 2012 1178 2089 ἐδέξατο
1236 2015 1329 2069 τὸν
1392 2013 1651 2089 τροῦλον,
1683 2014 1774 2069 καὶ
1813 2012 1988 2076 οὕτως

332 2106 553 2177 ἐκτίσθη
614 2106 846 2180 ὑψωθεὶς
897 2103 1063 2160 πλέον
1120 2102 1288 2159 εἳκοσι
1354 2099 1538 2158 ποδῶν
1595 2103 1669 2165 εἷς
1728 2103 1863 2176 ὖψος
1893 2106 1990 2158 τοῦ

334 2216 563 2273 πρωτου
611 2196 929 2267 κτίσματος.
994 2190 1251 2262 Ἐποίησε
1309 2188 1367 2246 δὲ
1425 2192 1514 2247 καὶ
1570 2190 1696 2254 τοὺς
1737 2190 1837 2263 ἔξω
1892 2195 1990 2246 τοῦ

330 2288 462 2339 ναοῦ
509 2286 624 2357 (50)
674 2283 954 2337 κατέναντι
1008 2284 1115 2335 τῶν
1173 2277 1280 2335 ἔσω
1333 2283 1539 2333 πῐνσῶν
1591 2281 1705 2353 (51)
1731 2280 1989 2354 τέσσαρας

328 2374 570 2453 κοχλίας
601 2378 733 2447 (52),
765 2371 857 2435 οὕς
889 2371 993 2427 ἀπὸ
1025 2378 1129 2446 γῆς
1161 2369 1422 2451 φυτεύσας
1470 2373 1639 2450 μέχρι
1681 2375 1778 2425 τοῦ
1826 2370 1986 2445 τρου-

331 2463 435 2520 λου
487 2456 830 2534 ἆνεϐίϐασεν,
888 2454 1114 2536 ἔρεισμα
1168 2459 1397 2522 τούτους
1453 2463 1563 2514 τῶν
1620 2456 1827 2533 άψιδων
1882 2462 1992 2531 (53)

331 2552 830 2629 κατεργασάμενος.
891 2549 1030 2607 Τότε
1086 2554 1234 2604 ποιεῖ
1289 2549 1380 2604 καὶ
1436 2550 1536 2618 τὴν
1594 2548 1746 2623 ἁγίαν
1800 2547 1995 2623 τράπε-

334 2649 451 2716 ζαν,
483 2638 642 2721 ἔργον
674 2640 981 2715 ἀμίμητον·
1014 2639 1120 2695 ἀπό
1169 2644 1228 2694 τὲ
1274 2641 1374 2715 γὰρ
1418 2643 1647 2714 χρυσοῦ,
1683 2639 1771 2694 καὶ
1826 2638 1993 2713 ἀργύ-

337 2753 456 2809 ρου,
487 2733 576 2787 καὶ
611 2730 768 2788 Αίθου
798 2728 1075 2798 παντοίου,
1107 2729 1198 2784 καὶ
1231 2726 1418 2799 ξύλου,
1449 2729 1540 2783 καὶ
1575 2728 1875 2801 μετάλλου,
1906 2729 1995 2783 καὶ

332 2821 511 2884 εἴδους
542 2819 740 2891 ἄλλου,
773 2819 874 2875 ὃσα
900 2839 959 2873 τε
990 2820 1064 2895 γῆ
1122 2818 1273 2896 φέρει
1327 2818 1417 2872 καὶ
1471 2817 1736 2887 θάλασσα,
1768 2818 1859 2872 καὶ
1892 2823 1997 2879 πᾶς

340 2912 369 2965 ὁ
398 2910 624 2983 κόσμος,
661 2909 723 2964 ἐκ
751 2908 967 2963 πάντων
1029 2910 1255 2980 συνάξας
1315 2907 1382 2961 τά
1441 2907 1536 2979 μὲν
1593 2905 1878 2979 κρείττονα
1906 2905 1997 2961 καὶ

341 3020 640 3074 τιμιωτερα
696 2996 945 3065 πλείονα,
1015 2996 1081 3052 τά
1153 2993 1210 3051 δὲ
1286 2994 1497 3051 ἐλάττω
1555 2994 1880 3068 ἐνδεέστερα,
1934 2996 2000 3050 τά

344 3089 520 3159 τηκτὰ
543 3089 705 3159 τήξας
761 3087 829 3142 τά
883 3087 1022 3159 ξηρά
1078 3079 1333 3156 intiba/ts,
1388 3083 1477 3139 καὶ
1523 3084 1696 3145 οὕτως
1725 3084 1801 3146 εἷς
1832 3085 1999 3139 τύπον

350 3176 573 3251 ἔπιγέας
610 3175 991 3251 ἀνεπλήρωσεν
1052 3175 1241 3244 αὐτὴν,
1303 3175 1421 3230 ὃθεν
1479 3175 1570 3231 καὶ
1618 3174 1849 3247 ποικίλη
1883 3197 2003 3252 φαι-

352 3267 553 3338 νομένη
581 3260 788 3339 θάμϐος
840 3265 1068 3341 παρέχει
1126 3270 1244 3328 τοῖς
1303 3263 1381 3328 εἷς
1438 3264 1607 3335 αὐτὴν
1642 3265 2000 3337 ἀτενίζουσιν,

341 3354 643 3431 ἐπιγράψας
673 3354 917 3431 γύρωθεν
971 3359 1162 3410 ταῦτα·
1221 3354 1305 3411 Τά
1360 3354 1427 3410 σὰ
1481 3353 1543 3410 ἐκ
1596 3359 1706 3411 τῶν
1763 3360 1871 3411 σῶν
1905 3377 1992 3411 σοι

333 3443 710 3522 προσφέρομεν
765 3445 819 3500 οἱ
872 3442 1065 3500 δοῦλοί
1141 3465 1259 3515 σου,
1332 3446 1548 3521 Χριστὲ,
1617 3446 1991 3509 Ἰουστινιανὸς

2094 585 2409 642 Antiochia
2438 603 2680 643 rursum
2732 596 2903 644 terra:
2953 592 3116 642 motu
3168 592 3261 643 est
3286 604 3595 645 concussa.
3630 590 3752 644 Ali-

2094 680 2316 743 quanto
2348 681 2483 747 post
2510 678 2817 733 stellarum
2846 677 3150 732 discursus
3176 676 3289 730 fuit
3317 694 3351 731 a
3380 694 3623 748 vespera
3653 696 3753 733 us-

2095 780 2209 834 que
2240 764 2315 819 ad
2344 782 2644 835 auroram,
2678 768 2760 823 ita
2787 772 2853 823 ut
2891 784 3100 822 omnes
3130 768 3428 838 perterriti
3484 768 3754 823 dicerent

2096 856 2301 912 stellas
2332 857 2628 913 decidere.
2664 861 2923 915 Fuerunt
2954 860 3131 914 etiam
3164 860 3387 931 passim
3421 861 3483 914 in
3525 860 3753 915 mundo

2095 944 2298 1017 populi
2323 947 2666 1017 seditiones,
2688 948 2901 1018 caades,
2924 948 3098 1015 bella,
3124 948 3436 1018 morbique
3456 955 3515 1003 et
3533 954 3754 1005 mortes

2096 1034 2370 1090 homines
2421 1052 2542 1090 non
2599 1036 2899 1092 faciebant
2943 1037 3181 1092 missos.
3237 1038 3566 1093 Antiochiae
3622 1043 3759 1110 post

2099 1128 2270 1178 terra)
2302 1130 2531 1180 motum
2555 1124 2773 1180 stridor
2793 1125 2923 1182 caeli
2947 1125 3280 1181 horrendus
3303 1144 3482 1197 supra
3508 1127 3753 1183 modum

2099 1213 2343 1282 exstitit,
2378 1213 2547 1285 cujus
2580 1219 2744 1269 metu
2775 1215 2946 1270 multi
2980 1216 3253 1270 exstincti
3288 1223 3446 1272 sunt.

2168 1397 2339 1449 Anno
2361 1394 2660 1450 tricesimo
2691 1395 2952 1450 secundo
2979 1396 3156 1451 trulla
3173 1397 3369 1469 magni
3392 1398 3594 1469 templi
3617 1416 3755 1453 con—

2098 1483 2428 1539 tinentibus
2461 1488 2633 1539 terra}
2659 1485 2921 1540 motibus
2952 1491 3234 1557 perrupta
3264 1485 3760 1559 concidit,etpars

2098 1573 2405 1628 orientalis
2434 1574 2680 1629 fornicis
2712 1580 2930 1630 sanctaa
2963 1592 3102 1644 arae,
3158 1576 3552 1647 contrivitque
3593 1578 3758 1633 cibo-

2097 1663 2251 1717 rium
2284 1667 2343 1718 et
2371 1680 2601 1718 sacram
2648 1679 2916 1718 mensam
2950 1670 3010 1719 et
3055 1672 3413 1737 suggestum.
3449 1666 3514 1720 Id
3551 1667 3759 1722 videns

2098 1752 2422 1822 imperator
2472 1752 2590 1807 alia
2636 1752 2959 1823 pinnacula
3009 1754 3213 1821 erexit,
3263 1753 3478 1825 quibus
3519 1755 3760 1810 trullam

2097 1841 2414 1911 exciperet.
2473 1842 2678 1911 Itaque
2745 1841 3078 1897 instaurata
3134 1847 3245 1909 est,
3304 1843 3509 1913 viginti
3577 1844 3759 1915 pedes

2103 1930 2277 1985 altior
2310 1931 2458 1985 677
2496 1946 2675 2000 quam
2707 1930 2899 1986 fuerat
2927 1935 3084 1986 ante.
3114 1931 3327 1986 Eduxit
3356 1932 3530 1987 etiam
3566 1950 3600 1988 a
3630 1934 3759 1988 solo

2103 2036 2289 2091 usqus
2319 2019 2394 2074 ad
2445 2018 2685 2075 trullam
2736 2026 2991 2091 quatuor
3039 2020 3316 2075 cochlens
3364 2022 3426 2075 in
3469 2022 3761 2078 exteriore

2105 2107 2311 2179 templi
2343 2112 2530 2180 parte,
2557 2124 2587 2162 e
2616 2109 2859 2181 regione
2881 2109 3256 2165 internorum
3276 2109 3760 2181 pinnaculorum,

2106 2214 2238 2268 quas
2270 2197 2525 2251 cochleae
2554 2196 2837 2252 fulcirent
2895 2197 3209 2254 fornicem.
3253 2200 3492 2254 Sacram
3524 2216 3763 2271 quoque

2106 2302 2375 2342 mensam
2391 2291 2515 2341 tum
2529 2285 2844 2358 fecit,opus
2859 2287 3192 2342 imitatione
3206 2287 3371 2343 nulla
3383 2288 3739 2360 aaquandum
3751 2332 3765 2359 ,

2108 2375 2432 2431 Constabat
2486 2392 2654 2441 auro,
2715 2382 2982 2448 argento,
3043 2378 3205 2432 omni
3258 2378 3496 2451 generis
3552 2378 3768 2451 lapidi-

2109 2466 2241 2530 bus,
2276 2465 2476 2538 lignis,
2502 2465 2781 2535 metallis,
2815 2466 3213 2538 omnibusque
3234 2467 3412 2523 rebus
3439 2485 3587 2539 quas
3612 2474 3771 2524 terra

2107 2556 2223 2611 fert
2253 2562 2310 2611 et
2340 2571 2502 2609 mare
2553 2560 2611 2608 et
2659 2560 2818 2610 totus
2868 2556 3147 2611 mundus.
3182 2557 3264 2611 Ex
3313 2558 3476 2612 omni
3518 2558 3771 2612 materia

2108 2643 2462 2715 pretiosiora
2518 2642 2708 2714 plura,
2756 2634 2994 2699 iviliora
3062 2645 3346 2715 pauciora
3409 2645 3767 2718 collegerat;

2110 2732 2472 2803 liquatisque
2507 2731 2582 2785 iis
2631 2748 2762 2801 quin
2810 2731 3024 2799 ﬂuunt,
3058 2732 3214 2787 sicca
3263 2733 3383 2788 illis
3416 2734 3768 2802 immiserat,

2111 2827 2288 2891 atque
2311 2820 2393 2874 ita
2420 2818 2672 2874 formam
2691 2836 2913 2875 mensa:
2937 2820 3290 2877 absolverat.
3314 2823 3519 2893 Itaque
3542 2823 3771 2878 varium

2112 2909 2264 2964 illud
2317 2925 2466 2979 opus
2517 2908 2941 2963 contuentibus
2989 2915 3292 2981 stuporem
3337 2911 3665 2983 injiciebat.
3706 2913 3772 2966 In

2113 3002 2319 3056 orbem
2369 3000 2525 3055 hanc
2570 2999 2778 3055 habuit
2827 3000 3334 3073 inscriptionem:
3384 3004 3506 3058 Tua
3554 3001 3625 3058 de
3658 3003 3774 3059 tuis

2114 3089 2220 3144 tibi
2269 3088 2577 3143 oﬂ‘erimus
2625 3088 2775 3143 servi
2825 3088 2928 3156 tui,
2980 3089 3235 3158 Christe,
3284 3090 3654 3147 Justinianus
3715 3096 3775 3147 et

2113 3178 2420 3235 Theodore
2435 3194 2447 3231 :
2464 3193 2533 3232 ea
2547 3182 2603 3231 tu
2618 3178 2913 3250 propitius
2926 3180 3354 3251 accipere,Filii
3373 3181 3473 3234 Dei
3488 3180 3768 3249 Verbum,

2114 3268 2216 3340 qui
2247 3266 2436 3322 nostri
2469 3283 2649 3321 causa
2679 3283 2919 3322 carnem
2953 3268 3329 3340 assumpsisti
3361 3273 3419 3323 et
3447 3269 3607 3324 cruci
3638 3269 3769 3325 affi-

2114 3375 2226 3413 xus
2258 3356 2465 3423 fuisti;
2499 3372 2567 3410 ac
2602 3372 2711 3411 nos
2744 3356 2803 3411 in
2854 3363 3016 3413 recta
3066 3359 3147 3412 tui
3197 3358 3312 3413 fide
3362 3375 3683 3428 conserva;
3718 3366 3781 3416 et

2105 3463 2285 3520 quam
2344 3445 2521 3501 nobis
2578 3445 2928 3501 commisisti
2988 3447 3446 3519 rempublicam,
3510 3465 3640 3503 eam
3695 3448 3771 3504 ad

1554 3572 1919 3629 XYLANDRI
1958 3575 2045 3629 ET
2085 3572 2305 3628 GOARI
2344 3570 2567 3625 NOTAE.

406 3700 523 3770 (4⁸7)
551 3700 701 3754 Puto
734 3714 870 3754 eum
898 3715 1131 3767 vocare,
1160 3714 1295 3755 eum
1347 3698 1606 3770 populus
1637 3703 1845 3755 contra
1876 3716 2003 3755 ma-

343 3771 659 3844 gistratum
691 3771 1217 3844 insurgit._Notum
1250 3776 1342 3844 est
1362 3770 1586 3844 dictum
1613 3771 1745 3841 ejus
1776 3771 1876 3842 qui
1907 3771 2004 3844 de-

339 3842 692 3899 inocratiam
725 3842 1000 3899 suadenti
1032 3842 1360 3915 respondit,
1394 3842 1555 3897 domi
1588 3859 1709 3896 sum
1732 3859 1869 3897 eum
1897 3843 2000 3898 de-

341 3915 481 3971 bere
513 3931 646 3970 eam
678 3915 1012 3983 instituere,
1049 3914 1097 3970 si
1134 3914 1275 3969 eam
1321 3914 1573 3968 formam
1603 3929 1738 3968 vere
1769 3915 1999 3984 probet.

340 3988 487 4042 XYL.
518 4015 589 4028 -υ
624 3987 873 4041 Partium
930 3992 989 4041 et
1038 3988 1366 4055 factionum.
1422 3985 1494 4039 de
1552 3984 1769 4055 quibus
1800 4002 2002 4056 supra,

342 4073 474 4184 Eese
498 4064 709 4113 mutuo
741 4058 1176 4113 incursantium
1201 4064 1260 4113 et
1286 4056 1779 4113 tumultuantium
1810 4056 1998 4113 caedes.

392 4146 519 4184 exn.

392 4146 519 4185 OAR.

414 4202 524 4271 (48)
553 4201 748 4268 Forte,
781 4217 916 4256 eum
947 4200 1316 4256 Justinianus
1348 4199 1408 4254 in
1465 4216 1532 4254 eo
1564 4204 1720 4255 esset
1748 4204 1813 4253 ut
1859 4197 2001 4253 trul-

342 4271 470 4327 lum
501 4271 793 4327 reﬁceret.
825 4273 960 4328 ΧΠ.
995 4302 1060 4312 —
1092 4273 1358 4327 Absoluta
1380 4272 1503 4341 jam
1535 4279 1703 4341 atque
1742 4272 1998 4340 picturis,

340 4344 619 4398 czlaturis
647 4350 701 4398 et
726 4360 888 4414 apere
932 4343 1181 4398 tesselato
1215 4347 1459 4413 perfecte
1497 4348 1767 4414 exornato
1812 4343 2000 4406 trullo,

344 4431 476 4485 qua:
507 4410 804 4541 iigerprés
835 4415 1056 4471 omisit.
1092 4416 1158 4469 In
1192 4410 1329 4471 voce
1356 4412 1590 4486 τροῦλος
1624 4413 1721 4469 alii
1755 4410 1787 4467 λ
1820 4414 2002 4486 gemi-

344 4492 512 4541 nant.
594 4503 726 4541 οη.

343 4492 512 4541 nant.
547 4492 726 4541 Goxa.

2110 3699 2285 3769 stelazi
2320 3697 2551 3767 quadrae
2608 3696 2957 3769 grandiores
3012 3704 3493 3756 concameratum
3555 3703 3774 3755 tectum

2114 3768 2545 3843 suffulcientes.
2587 3768 2764 3825 Casui
2816 3787 2934 3825 non
2988 3770 3250 3826 absimili
3301 3772 3682 3843 impediendo
3715 3773 3776 3825 in

2114 3842 2170 3914 S.
2205 3840 2381 3914 domo
2415 3840 2766 3914 Lauretana,
2798 3857 2991 3914 quam
3011 3843 3346 3914 reparando
3377 3840 3464 3897 illi
3492 3844 3592 3913 qui
3614 3843 3777 3914 Cpoli

2113 3912 2344 3982 obtigit,
2374 3927 2578 3982 curam
2608 3912 2935 3968 adhibitam
2961 3912 3244 3969 describit
3265 3912 3607 3969 Turselinus
3632 3912 3780 3968 Lau—

2111 3981 2699 4055 retanmhistoritel.
2757 3999 2831 4049 ιιι,
2876 3984 3025 4055 0.77:
3060 3986 3320 4042 Basilica?
3358 3985 3570 4040 testudo
3604 3984 3778 4055 (trul-

2112 4053 2228 4122 lus)
2256 4054 2439 4107 stabat
2464 4059 2586 4106 octo
2619 4053 2883 4109 latericiis
2932 4054 3135 4109 innixa
3161 4058 3312 4124 pilis.
3370 4053 3635 4110 Attamen
3664 4059 3779 4110 sive

2110 4130 2612 4195 superstructorum
2634 4127 2920 4193 parietum
2958 4127 3284 4182 altitudine.
3318 4129 3431 4182 sive
3461 4130 3637 4182 nimio
3671 4130 3782 4182 im—

2105 4198 2279 4267 positi
2306 4195 2518 4265 plumbi
2542 4196 2792 4264 pondere
2833 4196 3188 4265 degravante,
3236 4198 3584 4253 succumbere
3613 4215 3779 4253 onere

2111 4274 2160 4323 et
2180 4269 2359 4345 _rimas
2388 4282 2550 4345 agere
2579 4273 2802 4345 repente
2849 4270 3033 4345 ccepit,
3067 4285 3208 4345 nouo
3254 4270 3403 4345 cella:
3432 4276 3777 4345 ornamento

2111 4340 2373 4408 cellaeque
2395 4340 2484 4410 cui
2508 4338 2828 4410 imminebat
2839 4339 3046 4407 faniam
3063 4343 3285 4396 ruinam
3302 4342 3565 4395 minitans
3584 4342 3777 4410 (sacra

2111 4410 2264 4494 cella
2292 4409 2401 4494 sub
2439 4408 2643 4494 tholo,‘
2673 4409 2773 4463 ubi
2819 4411 2927 4494 CR.
2961 4411 3468 4494 ciboriumneique
3500 4408 3774 4494 supposi-

2111 4487 2238 4537 tum
2268 4481 2469 4554 altare
2491 4485 2756 4554 erectum
2791 4487 2935 4546 erat,
2971 4482 3163 4539 locata
3192 4489 3324 4551 est).
3359 4481 3507 4539 Hinc
3534 4481 3775 4554 quihus-

413 4556 529 4631 (ρθ)
558 4558 797 4631 Trullus
814 4563 1083 4631 quatuor
1109 4556 1409 4612 columnis
1433 4556 1507 4613 ad
1529 4556 1734 4631 altaris
1756 4556 2001 4631 angulos
2037 4567 2079 4631 D
2110 4555 2248 4631 d_am
2295 4552 2634 4631 initerjectis
2655 4568 2688 4631 ξ,
2721 4555 3009 4631 confestim
3056 4556 3146 4631 de_
3176 4552 3778 4631 communium—utentia

344 4626 476 4683 sitis
506 4626 710 4699 fultus,
764 4626 1032 4701 illudque
1088 4633 1294 4701 tegens
1352 4634 1410 4683 et
1461 4628 1752 4701 ambiens,
1794 4626 2002 4699 quales

339 4698 703 4771 plerumque
728 4698 957 4757 veteres
1007 4698 1275 4755 ecclesias
1332 4702 1611 4756 Romanae
1653 4698 1848 4755 adhuc
1878 4716 2000 4755 ser-

341 4777 503 4853 uant,
534 4771 964 4853 κιϐώριον-εδει
1009 4773 1339 4853 Germanus
1386 4772 1448 4853 in
1495 4771 2003 4853 Mystagogia,_Co-

346 4842 525 4917 diuus
552 4843 629 4917 de
660 4842 883 4917 templo
932 4843 1021 4917 S._
1052 4842 1305 4917 sophiae,
1340 4849 1423 4917 _et
1478 4842 1805 4917 nos‘ex’eis
1836 4843 2008 4917 plura

346 4914 508 4971 circa
536 4913 869 4973 Graecarum
902 4913 1290 4970 ecclesiarum
1322 4913 1805 4986 descriptionem.
1827 4913 2002 4969 Goxa.

422 4987 531 5055 (50)
561 4988 812 5058 Reliqua
844 4987 1021 5058 etiam
1044 4986 1284 5058 reliqui,
1308 5002 1383 5042 ne
1415 4986 1561 5042 mihi
1591 4991 1650 5040 et
1678 4986 1811 5058 aliis
1839 4986 2006 5040 nullo

346 5055 771 5145 {ruct‘unessein
818 5057 1129 5143 molestus.
1179 5055 1415 5145 Ῑιίνσους
1468 5057 2002 5145 pinnac‘ula‘jerti‘.

345 5130 519 5201 épud
548 5131 793 5201 Squidam
825 5136 934 5196 est,
969 5128 1127 5189 πισὸς
1184 5129 1271 5183 καὶ
1316 5124 1545 5201 νπινσδς,
1578 5128 1741 5189 πεσὸς
1775 5124 1832 5180 δὲ
1860 5127 2007 5200 παρὰ

345 5199 665 5274 Προκοπίῳ.
720 5204 802 5257 Ex
829 5203 1056 5257 Zonara
1108 5217 1251 5256 sane
1308 5200 1519 5273 liquet,
1542 5217 1694 5274 _cum
1725 5215 2006 5274 magnum

346 5271 638 5346 templum
668 5275 743 5329 ab
775 5274 1134 5346 imperatore
1166 5279 1325 5346 esset
1346 5271 1473 5346 jam
1505 5271 1839 5346 absolutum
1872 5272 2008 5341 (huc

344 5341 610 5422 respicit
649 5363 759 5402 vox
815 5341 1365 5422 φιλοκαλουμὲνου),⁷
1400 5360 1604 5400 casum
1667 5343 1825 5398 hunc
1874 5359 2004 5398 eve-

347 5415 534 5474 nisse.
568 5419 710 5475 Χη.

420 5489 531 5559 (51)
584 5497 629 5543 Α
681 5491 824 5560 pisis
881 5492 941 5560 et
975 5486 1397 5560 leguminibus
1454 5485 1706 5560 ridicule
1752 5484 2006 5540 lectores

348 5558 517 5614 arcet
540 5558 854 5638 Meursius,
885 5558 994 5638 ubi
1020 5575 1125 5630 pro
1157 5575 1296 5614 voce
1345 5558 1534 5638 πινσός
1570 5559 1798 5638 pinsum
1829 5562 1889 5638 et
1903 5560 2003 5638 pi:

342 5646 465 5704 sum
520 5633 777 5704 reponit.
836 5628 1066 5686 Insulse
1126 5645 1362 5704 quoque
1399 5628 1709 5704 pinnacula
1747 5628 2011 5704 reddidit

338 5700 668 5775 Xylander,
691 5721 823 5777 quae
854 5700 1450 5771 sustentacula'sunt,
1468 5701 1607 5775 pilae
1635 5700 1923 5757 nimirum
1949 5706 2010 5756 et

2113 4624 2447 4710 (Sangallus
2506 4624 2867 4710 architectus
2919 4641 3054 4681 cum
3104 4627 3374 4710 Nerucio)
3413 4628 3591 4710 pilas-
3623 4634 3778 4684 tanto

2113 4697 2273 4752 oneri
2310 4697 2573 4770 impares
2613 4697 2906 4770 intentiore
2977 4714 3114 4752 cura
3168 4702 3384 4754 munire
3428 4697 3506 4755 ac
3555 4703 3780 4770 ﬁrmare

2115 4768 2462 4842 aggreditur.
2493 4767 2669 4842 Igitur
2698 4768 3186 4842 validisgtrabibus
3235 4767 3565 4827 testudinem
3584 4774 3777 4842 proti-

2261 4838 2448 4918 fulcit2
2500 4845 2555 4892 et
2609 4839 3069 4918 circumLe/fossis
3125 4838 3777 4918 strenuefundainentis

2107 4911 2258 4983 pilas
2306 4911 2547 4985 impigre
2594 4912 2856 4985 convestit
2901 4915 3176 4985 quadrato
3225 4911 3431 4985 lapide,
3476 4919 3775 4984 ﬁrmatque

2115 4981 2360 5053 quatuor
2388 4982 2534 5035 inter
2579 4981 2825 5037 alternas
2866 4984 3018 5052 pilas
3061 4981 3299 5042 arcubus
3341 4981 3646 5040 minoribus
3675 4981 3773 5038 ex-

2114 5052 2356 5117 structis,
2406 5054 2506 5122 qui
2550 5053 2976 5125 superimposito
3024 5058 3179 5125 oneri
3225 5059 3409 5125 forent
3454 5059 3607 5125 satis.
3646 5055 3771 5125 Uno

2113 5125 2290 5201 γει-ρο
2347 5119 2555 5201 au—ctor
2580 5119 2817 5201 _ilostei‘
2870 5119 3089 5201 ἤγειρεν
3150 5119 3356 5187 ἄλλους
3415 5123 3637 5185 πινσοὺς
3678 5124 3774 5178 καὶ

2115 5193 2330 5263 ἐδέξατο
2358 5194 2450 5248 τὸν
2476 5191 2734 5266 τροῦλον.
2775 5191 2951 5253 coni.

2187 5269 2301 5336 (52)
2333 5266 2559 5322 Gradus
2591 5268 2831 5324 rotundi
2861 5285 2968 5339 per
2988 5284 3195 5339 gyrum
3219 5268 3281 5323 in
3311 5268 3498 5322 altum
3532 5266 3780 5324 tenden-

2116 5345 2227 5403 tes,
2248 5355 2503 5421 quorum
2522 5340 2779 5421 exterior
2795 5338 3093 5421 structura
3110 5338 3261 5421 pilas
3283 5339 3597 5421 interiores
3620 5356 3775 5394 com-

2115 5410 2424 5467 muniebat
2454 5416 2512 5465 et
2544 5410 2788 5465 trullum
2821 5410 3240 5466 subfulciebat.
3277 5413 3451 5467 Gxon.

2188 5484 2301 5555 ($3)
2332 5482 2597 5546 Quatuor
2624 5482 2912 5555 nimirum
2946 5498 3193 5537 arcuum
3223 5487 3481 5553 quatuor
3507 5482 3661 5555 pilas
3690 5484 3774 5537 si-

2116 5554 2241 5609 mul
2286 5553 2785 5608 'connectentium
2842 5558 2900 5607 et
2956 5561 3371 5610 concamerato
3430 5553 3592 5610 tholo
3653 5555 3775 5609 sive

2117 5624 2316 5694 trullo,
2351 5624 2426 5681 ad
2456 5641 2591 5682 eum
2622 5623 3064 5696 excipiendum,
3093 5627 3558 5698 suppositorum.
3596 5629 3774 5684 Gesn.
