4120 6428
409 367 530 426 ’743

406 607 597 647 annos
629 591 934 647 tredecim.
968 591 1203 645 Statura
1232 589 1344 643 fuit
1365 587 1549 657 justa,
1582 584 1756 641 latus.
1790 583 2050 653 grandis,

407 680 756 747 subcaasius,
789 678 1112 743 subfulvus,
1145 694 1276 731 rara
1303 674 1505 741 barba,
1538 672 1948 737 meticulosus,
1980 670 2055 725 ad

407 769 557 824 iram
586 768 881 840 proclivis.
912 766 1090 821 Paulo
1114 771 1247 836 post
1289 765 1476 819 factus
1501 768 1590 817 est
1613 762 1825 817 elatior
1845 760 2052 828 animi,

410 857 681 926 stolidus,
715 857 998 927 pleraque
1030 854 1194 909 nullo
1244 853 1497 908 concilio
1531 868 1732 923 agens,
1757 849 2052 905 condendi

408 948 728 1011 studiosus,
761 945 1112 1017 magniﬁcus
1170 946 1232 999 in
1264 944 1562 999 donando.
1598 944 1751 997 Uxor
1780 941 1911 1013 ejus
1939 939 2053 995 fuit

406 1036 643 1107 Sophia.
676 1040 1000 1090 Coronatus
1059 1039 1150 1089 est
1178 1033 1250 1088 ab
1284 1035 1509 1089 Joanne
1570 1030 1923 1086 scholastico
1954 1044 2055 1099 pa-

406 1121 832 1177 triarcha.Cum
855 1126 1054 1175 autem
1076 1121 1211 1191 pius
1235 1118 1643 1190 esset,templa
1667 1116 2050 1171 aJustiniano

403 1210 645 1266 condita
701 1210 1032 1276 exornavit,
1082 1214 1148 1264 ut
1194 1225 1477 1281 magnum
1524 1206 1965 1278 Apostolorum,
1995 1210 2052 1258 et

402 1304 652 1376 reliqua,
685 1304 951 1360 donariis
978 1310 1036 1359 et
1066 1303 1482 1358 instrumentis
1506 1318 1574 1357 ea
1606 1300 1918 1370 redituque
1951 1298 2051 1352 in-

403 1399 640 1449 struens
672 1394 854 1467 largo.
879 1393 1234 1448 Misitetiam
1266 1391 1585 1449 Pbotinum
1615 1389 1909 1467 abbatem,
1936 1388 2050 1441 Be-

401 1482 592 1540 lisarii
635 1484 991 1555 privignum,
1023 1499 1157 1538 cum
1208 1483 1385 1554 plena
1429 1485 1716 1552 potestate
1749 1494 1954 1549 pacem
1985 1477 2048 1531 in

404 1573 683 1629 Ecclesiis
712 1572 939 1646 (Egypti
972 1578 1030 1627 et
1060 1572 1433 1628 Alexandria:
1467 1568 1849 1625 conciliandi.
1879 1567 2049 1622 Justi-

407 1680 522 1718 nus
545 1664 642 1718 hic
664 1679 791 1718 cum
829 1662 1036 1717 crebro
1068 1667 1382 1734 mgrotaret
1411 1677 1479 1715 ac
1511 1658 1795 1729 vertigine
1812 1672 2050 1711 vexare-

408 1758 504 1808 tur
532 1768 728 1823 neque
778 1752 840 1805 in
889 1750 1194 1822 publicum
1243 1750 1481 1822 prodire
1524 1754 1745 1819 posset,
1779 1752 2051 1818 potentes

1764 358 2090 421 GEORGII
2133 357 2473 421 CEDRENI

478 503 746 559 Justinus
801 502 995 575 patria
1066 504 1247 568 Trax,
1302 497 1684 562 orthodoxus,
1745 494 2055 567 imperavit
2083 495 2140 561 Α

3703 365 3824 434 744

2241 494 2532 557 ’Ῑουστῖνος
2573 496 2601 550 6
2660 495 2973 570 ὀρθόδοξος,
3024 501 3053 554 6
3113 504 3274 576 Θρᾲξ,
3335 499 3679 561 ἐϐασίλευσεν
3727 506 3819 580 ἔτη

2161 581 2245 654 ιγ’.
2284 580 2460 644 Οὗτος
2491 583 2558 652 ἦν
2592 586 2660 656 τῇ
2705 581 2821 655 ἰδέᾳ
2864 584 3076 658 εύῆλιξ,
3127 588 3360 661 πλατὺς,
3396 589 3643 667 εὕογκος,
3683 595 3822 649 ὑπό-

2152 668 2413 744 γλαδκος,
2476 672 2795 742 ὑπόξανθος,
2858 675 3128 745 σπανίζων
3158 681 3258 748 τὴν
3288 678 3561 757 γενειάδα,
3613 679 3817 755 δειλὸς,

2155 758 2442 832 ὀξύθυμος·
2464 764 2597 849 ,μετ’
2629 763 2819 838 ὀλίγον
2854 763 2911 819 δὲ
2973 763 3393 845 μεγαλόψυχος,
3446 772 3822 849 ἀπονενοημέ-

2153 869 2272 919 νος,
2301 845 2655 923 ἁσύμϐουλος
2712 854 2779 908 τὰ
2833 854 3011 911 πλείω
3070 856 3448 934 φιλοκτίστης,
3492 845 3819 937 μεγαλόδω·

2156 956 2269 1011 ρος.
2329 938 2536 993 Τούτου
2587 943 2721 1015 γυνή
2782 944 2976 1020 Σοφία.
3043 946 3304 1023 Ἐστέφθη
3340 946 3396 1003 δὲ
3429 950 3530 1004 ὑπὸ
3562 950 3817 1007 Ἰωάννου

2153 1026 2501 1102 πατριάρχου
2556 1034 2654 1084 τοῦ
2710 1031 2816 1086 ἀπὸ
2876 1032 3276 1108 σχολαστικῶν.
3339 1035 3584 1107 Εὐσεϐὴς
3642 1037 3699 1095 δὲ
3738 1039 3814 1095 ὢν

2155 1114 2497 1189 ἐπεκόσμησε
2580 1119 2676 1181 τὰς
2770 1119 3063 1191 ἐκκλησίας
3155 1125 3251 1188 τὰς
3339 1127 3643 1193 κτισθείσας
3710 1130 3817 1185 ὑπὸ

2152 1209 2562 1274 Ἰουστινιανυῦ,
2638 1209 2738 1276 τήν
2812 1230 2872 1264 τε
2947 1210 3209 1288 Μεγάλην
3286 1213 3605 1287 ἐκκλησίαν,
3680 1218 3812 1281 τοὺς

2154 1291 2373 1366 Ἀγίους
2433 1295 2821 1369 Ἀποστόλους,
2871 1300 2961 1353 καὶ
3011 1301 3107 1364 τὰς
3154 1299 3375 1371 λοιπὰς,
3435 1308 3812 1380 χαρισάμενος

2149 1381 2338 1445 αὑταῖς
2401 1383 2672 1455 κειμήλια
2724 1388 2815 1442 καὶ
2872 1382 3079 1444 ἔπιπλα
3126 1394 3238 1465 (65)
3287 1393 3376 1447 καὶ
3440 1400 3610 1450 πᾶσαν
3636 1397 3811 1471 πρόσ-

2155 1469 2299 1528 οδον.
2335 1471 2647 1529 Ἀπέστειλε
2683 1472 2741 1530 δὲ
2790 1477 2882 1531 τὸν
2941 1473 3112 1533 ἆϐϐἆν
3164 1483 3438 1537 Φωτεινὸν
3469 1485 3563 1539 τὸν
3593 1469 3810 1560 πρόγο-

2153 1581 2241 1614 νον
2307 1561 2651 1636 Βελισαρίου,
2739 1562 2863 1627 δοὺς
2948 1565 3094 1639 αὐτῷ
3167 1574 3328 1624 πᾶσιν
3397 1570 3641 1641 ἐξουσίαν
3707 1579 3810 1629 τοῦ

2156 1651 2463 1725 εἷρηνεῦσαι
2521 1652 2616 1714 τὰς
2675 1654 3007 1724 Ἐκκλησίας
3062 1657 3338 1732 Αἰγύπτου
3407 1663 3494 1715 καὶ
3557 1661 3818 1734 ’Δλεξαν-

2156 1738 2356 1813 δρείας.
2390 1741 2564 1805 Οὗτος
2620 1743 2647 1794 6
2708 1744 2999 1806 ἰουστῖνος
3062 1752 3306 1822 συνεχῶς
3364 1749 3813 1823 νοσηλευόμενος

407 1841 672 1912 quidam,
705 1841 843 1911 quia
890 1840 964 1896 ad
1012 1840 1431 1912 imperatorem
1464 1837 1718 1909 querelaa
1750 1837 1821 1891 de
1855 1836 1927 1890 iis
1959 1835 2043 1889 af-

2156 1830 2246 1885 καὶ
2277 1828 2629 1886 σκοτοδινιῶν
2656 1833 2745 1886 καὶ
2808 1835 2881 1906 μή
2943 1831 3240 1907 δυνάμενος
3273 1837 3659 1914 προέρχεσθαι,
3693 1839 3818 1895 ἐπεί

404 1929 545 1984 ferri
578 1947 697 1985 non
728 1928 1224 2000 possent,nemini
1246 1932 1560 1999 parcentes
1586 1925 1856 1980 omnium
1877 1923 2053 1978 facul-

405 2023 556 2075 tates
607 2018 752 2075 681
788 2018 1185 2091 diripuerunt.
1219 2020 1364 2073 Cum
1419 2033 1554 2071 vero
1584 2016 1911 2086 imperator
1940 2013 2053 2069 ali-

405 2109 643 2180 quando
704 2124 766 2163 se
815 2108 1224 2179 recollegisset
1265 2112 1443 2176 atque
1487 2105 1563 2160 ad
1597 2105 1883 2175 templum
1914 2119 2056 2174 pro-

405 2197 681 2265 diisset,ii
713 2197 813 2268 qui
835 2197 1058 2268 injuria
1075 2196 1313 2251 fuerant
1331 2195 1549 2261 affecti,
1581 2191 2053 2248 misericordiam

404 2287 593 2358 ipsius
616 2303 828 2359 magna
853 2304 991 2342 voce
1010 2286 1496 2357 imploraverunt.
1522 2283 1810 2340 Omnibus
1824 2298 1959 2354 ergo
1990 2283 2052 2337 in

404 2376 631 2432 curiam
654 2377 1011 2444 convocatis,
1028 2375 1294 2431 Justinus
1323 2390 1335 2430 :
1360 2373 1808 2441 Existimabam,
1831 2372 2046 2442 inquit,

403 2482 505 2520 vos
538 2482 749 2521 omnes
805 2466 1087 2537 pietatem
1119 2465 1331 2534 colere,
1371 2462 1697 2533 vestrisque
1729 2466 2041 2517 contentos

403 2554 631 2608 nemini
661 2570 979 2627 egenorum
1027 2554 1309 2625 injuriam
1336 2552 1578 2607 inferre.
1611 2554 1686 2605 At
1714 2567 1815 2605 vos
1844 2555 1902 2604 et
1937 2550 2050 2604 Deo

403 2648 463 2697 et
486 2642 737 2714 imperio
763 2648 966 2697 nostro
990 2642 1236 2697 adversa
1258 2640 1503 2713 patratis
1526 2640 1809 2695 facinora.
1840 2641 2053 2694 Hortor

402 2747 538 2804 ergo
562 2747 661 2786 vos
687 2736 751 2785 ut
771 2730 1130 2802 pauperibus
1152 2746 1261 2785 sua
1281 2729 1436 2784 ultro
1458 2727 1741 2794 reddatis,
1760 2745 1835 2783 ne
1857 2731 2052 2781 vestra

402 2819 669 2891 ipsorum
702 2819 860 2875 bona
906 2819 1213 2875 amittatis.
1246 2820 1524 2873 Potentes
1565 2817 1658 2872 his
1689 2816 1929 2884 auditis,
1966 2823 2050 2871 ta-

401 2927 539 2966 men
570 2910 1002 2965 consuetudine
1025 2908 1512 2978 ducti,deteriora
1543 2910 1720 2964 etiam
1752 2908 2051 2980 prioribus

407 3000 795 3070 adjecerunt:
830 3000 983 3055 acris
1031 3000 1190 3054 enim
1243 3017 1339 3055 res
1372 3005 1461 3055 est
1492 2998 1882 3064 consuetudo,
1917 3014 2048 3069 quae

407 3089 584 3143 etiam
602 3088 786 3145 altera
815 3094 1028 3144 natura
1044 3087 1366 3159 judicatur.
1399 3088 1603 3158 Itaque
1625 3104 1759 3143 cum
1791 3087 2051 3158 impera-

2157 1940 2294 1982 τινες
2347 1922 2485 1976 κατὰ
2540 1925 2648 1976 τῶν
2716 1918 2988 1979 δυναστῶν
3044 1924 3296 2002 ἐγκαλεῖν
3360 1928 3463 1982 οὐκ
3517 1929 3694 2003 εἶχον,
3756 1930 3816 1985 οἱ

2159 2007 2411 2065 δυνάσται
2461 2011 2607 2072 τινὸς
2655 2011 2733 2083 μὴ
2783 2010 3096 2089 φειδόμενοι
3126 2015 3195 2069 τὰ
3222 2017 3437 2071 πάντων
3480 2015 3812 2093 διήρπαζον,

2160 2098 2230 2156 Εἴ
2277 2120 2410 2156 ποτε
2463 2097 2654 2155 ἴσχυσε
2701 2100 2989 2174 προελθεῖν
3041 2103 3116 2166 εἰς
3150 2106 3246 2174 τήν
3279 2104 3599 2176 ἐκκλησίαν,
3627 2109 3815 2181 τούτῳ

2156 2185 2397 2245 ἐπεϐόων
2440 2190 2491 2243 οἱ
2543 2187 2894 2263 ἀδικούμενοι
2927 2189 3114 2256 ἐλὲους
3143 2199 3354 2268 τυχεῖν.
3392 2195 3598 2257 Πάντας
3626 2197 3813 2253 τοίνυν

2158 2278 2247 2333 ἐπὶ
2321 2277 2629 2354 συγκλήτου
2722 2278 3238 2355 προσκαλεσάμενος
3302 2277 3427 2362 ἔφη·
3503 2285 3641 2360 Ἐγὼ
3712 2287 3813 2360 μὲν

2158 2367 2319 2441 ᾣμην
2380 2368 2616 2430 ἅπαντας
2676 2368 2818 2441 ὑμᾶς
2874 2364 3111 2434 εὐσεϐεῖς
3185 2371 3322 2426 εἶναι
3378 2373 3470 2427 καὶ
3527 2373 3810 2446 ἀρκεῖσθαι

2157 2462 2275 2518 τοῖς
2306 2456 2492 2523 ἰδίοις,
2533 2457 2621 2512 καὶ
2683 2455 2892 2528 μηδένα
2944 2462 3054 2514 τῶν
3114 2465 3357 2535 πτωχῶν
3388 2459 3613 2517 ἀδικεῖν·
3650 2464 3810 2537 ὑμεῖς

2158 2544 2216 2601 δὲ
2243 2546 2493 2601 τάναντία
2529 2550 2626 2602 τοῦ
2683 2550 2818 2602 Θεοῦ
2874 2549 3137 2622 πράττετε
3184 2551 3272 2605 καὶ
3321 2558 3423 2620 τῆς
3481 2550 3621 2624 ἐμῆς
3650 2555 3815 2628 βασι-

2157 2635 2328 2699 λείας.
2389 2634 2563 2693 Ἀλλᾶ
2626 2638 2929 2711 παρακαλῶ
2979 2638 3141 2710 ὑμᾶς,
3175 2639 3242 2695 τὰ
3269 2645 3376 2695 τῶν
3411 2647 3649 2718 πτῶχῶν
3682 2644 3820 2700 ἀπό-

2158 2723 2279 2781 δοτε
2309 2724 2544 2795 ἑκόντες,
2601 2728 2799 2797 μήπως
2850 2728 2940 2782 καὶ
2996 2728 3063 2783 τὰ
3102 2728 3255 2803 ὑμῶν
3287 2729 3617 2801 ἀπολέσητε.
3654 2735 3720 2791 Οἱ
3753 2732 3813 2790 δὲ

2152 2820 2315 2872 τοῦτο
2346 2815 2668 2878 ἀκούσαντες
2699 2817 2928 2891 χείρονα
2960 2817 3178 2890 μᾶλλον
3238 2820 3273 2890 ἢ
3323 2820 3588 2897 πρότερον
3620 2819 3817 2895 ἔπρατ-

2151 2926 2268 2972 τον,
2325 2904 2428 2959 ὑπὸ
2486 2903 2766 2974 συνηθείας
2822 2904 3134 2979 ἑλκόμὲνογ
3195 2905 3366 2963 δεινὸν
3424 2909 3525 2985 γὰρ
3587 2915 3621 2981 ἡ
3679 2933 3801 2967 συν-

2154 2995 2333 3064 ήθεια,
2363 2990 2504 3047 ὥστε
2562 2993 2648 3047 καὶ
2682 2990 2901 3069 δευτέρα
2957 2993 3116 3070 φύσις
3174 2992 3513 3071 λελόγισται.
3548 3000 3718 3064 Αὖθις
3749 2999 3807 3056 δὲ

2151 3087 2250 3138 τοῦ
2304 3080 2572 3158 βασιλέως
2631 3080 2717 3136 ἐπὶ
2772 3083 3068 3156 πρόκενσον
3100 3085 3389 3159 προϊόντος
3422 3087 3673 3151 πλείονες
3710 3090 3801 3144 ἐπ-

394 3180 491 3232 tor
514 3194 720 3233 rursus
747 3177 820 3232 ad
845 3194 1202 3249 procensum
1250 3177 1536 3249 prodiret,
1568 3175 1769 3247 plures
1792 3192 1929 3231 eum
1960 3176 2044 3230 iu-

2156 3169 2347 3229 εϐόων.
2379 3173 2441 3231 Ὁ
2463 3170 2521 3227 δὲ
2550 3170 2753 3273 πάλιν..
2776 3172 2829 3228 ἐν
2883 3179 2953 3249 τῇ
3010 3174 3331 3250 προελεύσει
3361 3179 3460 3246 τὴν
3493 3179 3803 3257 σύγκλητον

395 3265 705 3323 vocabant.
756 3268 978 3323 Rursus
1027 3266 1205 3339 igitur
1252 3266 1314 3321 in
1359 3281 1676 3338 progressu
1721 3270 2042 3320 convocato

390 3363 603 3414 senatu
624 3358 769 3413 dicit
793 3375 807 3412 :
831 3358 889 3412 Si
911 3374 1007 3413 me
1036 3374 1072 3413 a
1092 3359 1211 3412 Deo
1259 3357 1481 3427 putatis
1513 3355 1933 3427 imperatorem
1962 3356 2044 3409 fa-

389 3454 573 3513 ctum,
606 3450 735 3521 ejus
790 3448 1010 3503 auxilio
1071 3447 1388 3518 imperare,
1428 3451 1633 3517 parete
1678 3445 1858 3517 justis
1890 3445 2042 3500 meis

386 3537 684 3592 mandatis
709 3542 768 3592 et
787 3537 1010 3608 injuria
1031 3536 1268 3591 afﬁcere
1300 3552 1592 3607 pauperes
1622 3534 1874 3589 desinite
1906 3550 1917 3587 :
1943 3551 2040 3589 so-

384 3625 461 3682 lis
483 3642 744 3697 namque
776 3625 1041 3697 piscibus
1071 3625 1257 3680 moris
1283 3630 1375 3680 est
1404 3629 1471 3679 ut
1498 3622 1750 3679 validior
1769 3628 1829 3677 et
1850 3623 2042 3694 major

389 3714 629 3771 devoret
649 3715 963 3769 minorem.
1000 3714 1164 3780 Quod
1191 3714 1238 3768 si
1272 3714 1421 3768 meis
1443 3712 1754 3785 praeceptis
1780 3728 1899 3766 non
1930 3727 2035 3783 pa-

382 3820 539 3869 rere,
572 3804 675 3860 sed
699 3805 759 3858 in
800 3802 1084 3876 rapiendo
1125 3803 1324 3858 aliena
1344 3803 1552 3857 vestris
1584 3801 1829 3871 obsequi
1860 3801 2035 3856 vultis

382 3893 830 3964 cupiditatibus,
864 3892 1049 3948 alium
1072 3892 1235 3947 vobis
1256 3898 1447 3947 vestro
1472 3891 1762 3947 arbitratu
1794 3890 2033 3962 deligite

380 3981 805 4053 imperatorem
831 3999 845 4036 :
870 3998 976 4054 ego
1008 3982 1168 4037 enim
1200 3981 1670 4046 contumacibus,
1704 3980 1942 4051 injustis
1963 3997 2032 4035 ac

380 4071 578 4127 aliena
600 4071 1001 4127 involantibus
1030 4071 1325 4144 imperare
1339 4071 1499 4126 nolo.
1535 4070 1618 4126 lbi
1643 4069 1885 4141 quidam
1908 4087 2033 4140 pro-

378 4177 602 4229 cerum,
636 4161 910 4217 libertate
936 4161 1172 4217 dicendi
1204 4166 1460 4232 sumpta,
1494 4161 1577 4215 ita
1607 4160 2028 4230 imperatorem

375 4250 739 4322 alloquitur:
784 4252 1092 4307 Constitue
1140 4267 1235 4306 me
1275 4266 1475 4306 coram
1508 4249 1785 4305 omnibus
1815 4248 2026 4320 praefe-

373 4345 532 4395 ctum
592 4340 781 4407 urbis,
814 4339 1151 4412 mandaque
1205 4357 1279 4395 ne
1337 4340 1692 4412 cujusquam
1732 4338 2025 4393 rationem

370 4430 664 4500 potiorem
690 4430 929 4501 justitia
956 4428 1230 4497 habeam,
1261 4434 1446 4500 utque
1476 4428 1624 4483 mibi
1658 4433 1713 4482 te
1744 4428 1815 4482 de
1846 4426 2023 4483 rebus

375 4520 731 4573 necessariis
750 4520 1051 4574 monituro
1075 4536 1311 4590 semper
1327 4519 1521 4574 aditus
1542 4522 1741 4589 pateat
1762 4534 1775 4571 :
1801 4517 2020 4588 recipio

378 4607 442 4661 in
473 4624 567 4661 me
599 4610 950 4663 effecturum
974 4624 1067 4663 me
1091 4609 1247 4663 intra
1268 4624 1557 4673 mensem,
1576 4624 1649 4662 ne
1678 4604 1803 4661 ulla
1833 4606 1909 4661 sit
1937 4606 2027 4661 vel

380 4694 534 4750 682
567 4694 735 4750 illata
790 4695 852 4749 in
908 4695 1056 4751 urbe
1105 4695 1193 4751 vel
1243 4702 1487 4767 accepta
1533 4694 1775 4766 injuria.
1809 4694 2027 4760 Quodsi

381 4784 515 4854 quis
538 4783 800 4854 proferet
817 4784 1053 4856 culpam
1074 4801 1251 4856 quam
1276 4800 1380 4857 ego
1403 4784 1550 4839 mihi
1570 4784 1892 4839 indicatam
1911 4801 2032 4840 non

380 4872 742 4943 puniverim,
774 4874 964 4945 capite
988 4891 1082 4929 me
1114 4873 1513 4945 plectijubeo.
1546 4875 1888 4945 Pergratum
1921 4874 2032 4929 hoc

380 4960 728 5032 imperatori
758 4962 889 5030 fuit,
923 4979 1179 5033 eumque
1226 4962 1571 5034 praefectum
1614 4962 1780 5019 urbis
1811 4963 2032 5019 consti-

379 5051 512 5105 tuit.
550 5052 603 5106 Is
637 5068 774 5124 ergo
830 5067 965 5107 cum
1014 5067 1188 5107 mane
1217 5068 1323 5123 pro
1371 5050 1656 5107 tribunali
1686 5052 1941 5117 sederet,
1975 5056 2034 5107 et

382 5142 658 5214 quaedam
688 5144 865 5200 vidua
912 5148 1266 5215 quereretur
1294 5160 1357 5199 se
1390 5162 1424 5200 a
1459 5144 1740 5217 magistro
1773 5144 2030 5215 quodam

381 5235 660 5290 omnibus
715 5236 837 5292 suis
888 5236 1271 5293 facultatibus
1316 5237 1651 5309 spoliatam,
1685 5236 1871 5293 mittit
1900 5252 2031 5292 eam

382 5339 518 5378 cum
552 5324 745 5395 sigillo
776 5324 852 5382 ad
874 5325 1227 5399 magistrum
1257 5325 1452 5395 illum,
1468 5326 1758 5399 jubetque
1790 5342 1927 5381 eum
1958 5325 2031 5381 ad

2154 3262 2666 3340 προσκαλεσάμενος
2727 3258 2853 3340 ἔφη’
2915 3264 2977 3320 Εἰ
3039 3265 3133 3338 μὲν
3190 3264 3251 3321 ἐκ
3297 3272 3432 3323 Θεοῦ
3491 3291 3557 3342 με
3603 3271 3692 3326 καὶ
3751 3271 3804 3326 ἐν

2150 3358 2264 3425 Θεῷ
2319 3352 2600 3429 βασιλείαν
2648 3350 2795 3432 ἔχειν
2852 3354 3047 3426 οἳεσθε,
3104 3357 3170 3411 τὰ
3228 3359 3356 3429 παρ’
3413 3359 3548 3432 ἐμοῦ
3578 3358 3802 3423 δικαίως

2150 3442 2419 3518 λεγόμενα
2475 3443 2737 3517 πράττετε
2792 3443 2882 3498 καὶ
2934 3448 3032 3499 τοῦ
3084 3442 3288 3501 ἀδικεῖν
3348 3447 3473 3510 τοὺς
3533 3448 3799 3524 πτωχοὺς

2148 3530 2438 3586 παύσασθε·
2505 3532 2697 3604 μόνοις
2753 3534 2855 3608 γὰρ
2904 3530 3093 3608 ῒχθύσι
3146 3540 3308 3590 τοῦτο
3366 3537 3702 3609 νενόμισται,
3732 3540 3797 3594 τὸ

2144 3620 2236 3674 τὸν
2287 3617 2656 3694 δυνατώτερον
2712 3622 2802 3676 καὶ
2862 3621 3080 3694 μείζονα
3134 3625 3433 3681 κατεσθίειν
3488 3625 3578 3682 τόν
3636 3625 3803 3683 ἐλάσ-

2147 3730 2297 3765 σονα.
2331 3707 2401 3766 Εἷ¹
2453 3707 2511 3764 δὲ
2538 3715 2679 3798 ,τοῖς
2740 3709 2897 3798 ἐμοῖς
2955 3714 3373 3791 προστάγμασιν
3408 3718 3488 3789 [Ρ.
3526 3718 3651 3790 389]
3690 3718 3802 3798 οὐχ

2146 3800 2412 3865 ὑπείκετε,
2460 3797 2607 3853 ἀλλὰ
2663 3804 2783 3862 ταῖς
2839 3797 3003 3862 ἰδίαις
3059 3802 3372 3876 ἐπιθυμίαις
3440 3797 3798 3879 ἁλισκόμενοι

2141 3886 2538 3956 πλεονεκτεῖτε,
2571 3888 2998 3964 προχειρίσασθε
3056 3889 3236 3965 ἕτερον
3294 3892 3351 3947 δν
3409 3894 3469 3949 ἅν
3524 3893 3801 3970 βούλησθε

2143 3978 2270 4051 ὑμῖν
2335 3975 2580 4053 βασιλέα’
2668 3976 2774 4053 ἐγὼ
2830 3980 2936 4053 γὰρ
2992 3979 3230 4036 ἀπειθῶν
3305 3985 3393 4037 καὶ
3449 3981 3651 4039 ἀδίκων
3707 3986 3797 4040 καὶ

2139 4068 2474 4123 πλεονεκτῶν
2511 4065 2816 4142 βασιλεύειν
2870 4067 2931 4122 οὗ
2985 4065 3240 4143 δύναμαι.
3278 4073 3372 4133 Εἷς
3411 4069 3467 4127 δέ
3494 4094 3577 4134 τις
3603 4078 3708 4128 τῶν
3743 4076 3796 4130 ἐν

2136 4155 2281 4212 τέλει
2321 4154 2830 4230 παῤῥησιασάμενός
2889 4178 3020 4233 φησι
3073 4163 3154 4230 τῷ
3215 4160 3453 4234 βασιλεῖ·
3503 4168 3799 4239 Προχειρι.

2138 4247 2282 4300 σάτω
2327 4265 2393 4316 με
2447 4246 2481 4314 ἠ
2548 4242 2799 4319 βασιλεία
2854 4266 2951 4300 σου
3011 4244 3244 4303 ἐνώπιον
3279 4249 3495 4305 πάντων
3529 4245 3794 4327 ἔπαργον,

2133 4332 2223 4388 καί
2254 4330 2547 4406 διορισάτω
2600 4329 2834 4405 μηδενὸς
2889 4331 3162 4413 φείδεσθαι
3220 4341 3317 4391 τοῦ
3377 4336 3591 4394 δικαίου
3621 4338 3795 4417 ἕνεκα,

2132 4420 2487 4497 συγχωρείτω
2518 4419 2575 4477 δὲ
2607 4442 2675 4494 με
2705 4420 3049 4501 είσέρχεσθαι
3097 4426 3235 4497 πρὸς
3280 4447 3337 4481 σε
3367 4427 3666 4492 ἀκωλύτως
3697 4435 3796 4486 τοῦ

2134 4513 2202 4566 τὰ
2265 4511 2533 4581 ἀνήκοντα
2603 4511 3042 4584 ὑπομιμνήσκειν
3111 4514 3175 4569 τὸ
3244 4516 3443 4591 κράτος
3518 4539 3637 4573 σου·
3703 4522 3795 4576 καὶ

2141 4597 2347 4677 βεϐαιῶ
2383 4597 2549 4679 μέχρι
2595 4601 2886 4674 τριάκοντα
2932 4604 3154 4677 ἡμερῶν
3207 4605 3283 4678 μή
3335 4605 3674 4681 εὑρίσκεσθαι
3702 4611 3795 4665 τὸν

2138 4689 2489 4759 ἀδικοῦνταῆ
2521 4687 2897 4763 ἀδικούμενον.
2952 4691 3012 4746 Εἰ
3073 4689 3130 4747 δέ
3184 4715 3271 4756 τις
3332 4696 3637 4770 ὑπομνήσει
3669 4699 3795 4773 περὶ

2138 4802 2283 4843 τινος
2316 4780 2622 4844 ὑποθέσεως
2678 4781 2745 4849 ἧς
2805 4777 3034 4851 ἤκουσα,
3095 4780 3201 4856 ἐγὼ
3240 4784 3331 4839 καὶ
3363 4784 3462 4841 οὐκ
3490 4784 3794 4862 ἐξεδίκησα,

2140 4868 2452 4946 κεφαλικῶς
2525 4869 3015 4942 τιμωρηθήσομαι.
3120 4872 3295 4928 Τοῦτο
3361 4879 3458 4928 τοῦ
3526 4875 3799 4950 βασιλέως

2140 4960 2389 5033 ἀσμένως
2434 4953 2861 5029 ἀποδεξαμένου,
2912 4960 3304 5034 προεχειρίσθη
3354 4957 3619 5040 ἔπαρχος,
3650 4968 3794 5022 Ἕω.

2142 5052 2227 5105 θεν
2263 5046 2319 5104 δὲ
2350 5047 2438 5102 ἐπὶ
2483 5050 2565 5117 τῷ
2614 5045 2902 5120 ἐπαρχικῷ
2958 5048 3168 5121 βήματι
3224 5053 3672 5126 προκαθίσαντος,
3703 5055 3796 5110 καὶ

2138 5158 2286 5199 τινος
2316 5134 2466 5210 αὐτῷ
2495 5134 2754 5209 γυναικὸς
2800 5136 2982 5213 χήρας
3036 5138 3452 5213 προσελθούσης
3492 5144 3585 5199 κπὶ
3618 5146 3797 5222 φησά-

2142 5248 2241 5299 σης
2277 5227 2352 5289 ὡς
2386 5223 2680 5301 μάγιστρός
2734 5245 2818 5286 τις
2875 5227 3222 5300 καθήρπασεν
3276 5227 3444 5300 αὐτῆς
3473 5232 3573 5299 τὴν
3606 5232 3796 5289 οὐσίαν

2142 5319 2373 5385 ἅπασαν,
2405 5310 2716 5369 ἀπέστειλεν
2766 5310 2931 5382 αὐτήν
2987 5316 3120 5387 μετὰ
3177 5318 3473 5395 σφραγῖδος
3521 5321 3692 5378 εἰπεῖν
3720 5328 3801 5396 τῷ

1581 5497 1948 5551 XYLANDRI
1985 5496 2073 5551 ET
2115 5489 2334 5551 GOARI
2375 5486 2599 5543 ΝΟΤᾸΞ.

384 5682 562 5740 σου.

451 5612 564 5683 (65)
622 5614 894 5687 "Eurum,
954 5621 1154 5692 aulam,
1213 5622 1498 5691 stragula,
1555 5621 1678 5677 υεια
1732 5621 1972 5693 proprie
2024 5623 2168 5677 sunt
2215 5615 2406 5688 pepla,
2463 5627 2587 5666 non
2646 5611 3032 5680 instrumenta,
3063 5619 3131 5670 ut
3167 5622 3443 5689 corrupte
3482 5618 3798 5691 interpres.
