4120 6414
319 362 445 422 745

1429 361 1986 425 HISTORIARUM
2035 362 2578 425 COMPENDIUM.

3630 369 3753 439 ἀθ

324 492 617 569 μαγίστρῳ
672 489 1058 566 παραγενέσθαι
1143 488 1796 568 δικαιολογηθησόμενον.
1862 497 1976 558 Τῆς

2096 496 2409 552 dicendam
2444 511 2682 551 causam
2717 496 2939 551 venire.
2970 497 3116 551 Cum
3147 513 3280 552 eam
3321 501 3606 572 magister
3625 519 3758 559 ver-

321 578 382 636 δὲ
407 579 756 651 ἀπελθούσης
784 580 877 636 καὶ
930 579 1144 654 μᾶλλον
1192 581 1508 658 τυφθείσης,
1534 578 1628 636 ἕνα
1649 587 1759 637 τῶν
1814 583 1982 637 αὐτοῦ

327 671 668 746 κουρσώρων
729 671 757 724 6
789 667 1032 746 ἔπαρχος
1083 672 1219 745 πρὸς
1270 671 1360 725 τὸν
1423 671 1718 746 μάγιστρον
1750 668 1980 745 ἔπεμψε·

321 762 575 816 κάκεῖνον
658 760 1173 838 παραλογισάμενος
1277 763 1656 836 ἀπεπέμψατο.
1743 768 1848 819 Τοῦ
1927 760 1983 818 δὲ

319 850 568 926 ἐπάρχου
601 850 654 906 ἐν
685 856 764 923 τῷ
825 851 1034 924 ἱππικῷ
1075 853 1167 906 τὸν
1229 853 1528 927 μάγιστρον
1591 849 1982 927 ἐκδεχομένου,

320 940 496 994 αὐτοῦ
525 961 584 995 τε
616 944 714 995 τοῦ
751 939 1054 1017 μαγίστρου
1085 939 1386 1011 κληθέντος
1443 941 1518 1003 είς
1550 943 1652 1011 τήν
1691 942 1982 1016 βασιλικὴν

321 1029 579 1097 ἑστίασιν,
612 1028 750 1100 ἦλθε
778 1030 870 1084 καὶ
903 1031 932 1084 6
963 1024 1205 1106 ἔπαρχος
1261 1031 1398 1106 πρὸς
1440 1032 1533 1086 τὸν
1585 1028 1836 1106 βασιλέα,
1893 1031 1984 1085 καί

323 1141 459 1197 φησι
488 1119 630 1195 πρὸς
661 1119 839 1174 αὐτόν·
903 1120 972 1175 Ei
1033 1120 1126 1192 μὲν
1180 1120 1213 1174 ἃ
1268 1121 1597 1196 προσέταξάς
1645 1141 1762 1192 μοι,
1795 1121 1840 1174 ὦ
1891 1121 1988 1194 βα.

321 1212 496 1277 σιλεῦ,
529 1207 846 1286 φυλάττεις,
877 1212 975 1263 τοῦ
1012 1209 1088 1282 μή
1148 1207 1424 1286 φείδεσθαι
1490 1214 1599 1264 τῶν
1651 1209 1779 1271 τοὺς
1841 1229 1982 1263 πτω-

322 1299 461 1377 χοὺς
522 1295 881 1368 ἀδικούντων,
934 1299 1104 1372 γνῶθι
1168 1319 1235 1372 με
1311 1297 1631 1354 τελειοῦντα
1686 1299 1786 1367 τήν
1847 1296 1986 1368 ἐμὴν

320 1389 639 1462 ὑπόσχεσιν.
700 1387 765 1442 Εἰ
825 1385 883 1441 δὲ
956 1387 1398 1460 μεταμελόμενος
1489 1387 1684 1468 φίλους
1771 1385 1985 1460 μᾶλλον

322 1481 532 1549 σεαυτῷ
563 1481 740 1540 ποιεῖς
768 1477 856 1531 καὶ
918 1480 1214 1547 συνεστιᾷς,
1271 1483 1440 1552 γνῶθι
1487 1477 1630 1551 κάμὶ
1685 1477 1984 1552 παραιτούο

327 1586 509 1640 μενον.
543 1567 642 1620 Καὶ
698 1567 727 1621 ὁ
787 1563 1066 1641 βασιλεύς·
1127 1566 1194 1622 Εἴ
1252 1565 1363 1640 ἐγώ
1412 1567 1528 1640 εἶμι
1579 1568 1606 1621 ὁ
1639 1563 1869 1635 ἀδικῶν,
1901 1565 1982 1636 ἐξ..

324 1655 625 1726 ανάστησόν
657 1675 724 1727 με
753 1659 852 1710 τοῦ
912 1655 1134 1729 θρόνου.
1193 1656 1250 1711 Ὀ
1308 1653 1366 1710 δὲ
1419 1656 1615 1711 αὐτίκα
1667 1657 1762 1710 τὸν
1822 1655 1983 1729 μάγι-

321 1765 480 1821 στρον
514 1743 707 1818 βιαίως
748 1743 881 1818 ἄρας
933 1744 987 1799 ἐν
1053 1746 1125 1815 τῇ
1181 1743 1456 1820 λεγομένῃ
1513 1744 1702 1818 Χαλκῃ
1761 1746 1985 1818 παρεγέ-

323 1855 467 1903 νετο,
527 1834 618 1888 καὶ
671 1829 1254 1911 ἀκριϐολογησάμενος
1335 1835 1403 1890 τά
1474 1837 1601 1909 παρ’
1654 1834 1979 1912 ἀμφοτέρων
2013 1873 2058 1936 Β

320 1922 610 1997 λεγόμενα,
659 1923 753 1978 καὶ
806 1924 964 1997 γνοὺς
1020 1925 1098 1985 ὡς
1155 1923 1222 1977 οὐ
1275 1929 1485 1998 μικρῶς
1541 1921 1785 1994 ἠδικήθη
1847 1924 1974 1998 παρ’

319 2011 490 2070 αὐτοῦ
521 2017 556 2084 ἡ
589 2015 755 2088 γυνὴ,
782 2015 955 2088 τύψας
987 2013 1172 2081 αὐτὸν,
1205 2016 1294 2069 καὶ
1333 2016 1432 2084 τὴν
1492 2014 1733 2088 κεφαλὴν
1763 2014 1971 2090 κείρας,

316 2106 409 2161 καὶ
433 2105 642 2179 γυμνὸν
703 2103 814 2177 ὄνῳ
874 2104 1186 2167 ἐπικαθίσας
1245 2102 1335 2160 διὰ
1395 2106 1561 2179 μέσης
1616 2113 1717 2176 τῆς
1755 2105 1974 2168 πόλεως

317 2189 708 2267 ἐθριάμϐευσε,
741 2191 870 2256 δοὺς
901 2198 969 2267 τῇ
1000 2195 1216 2269 γυναικὶ
1255 2200 1426 2249 πᾶσαν
1494 2196 1593 2265 τὴν
1661 2194 1972 2268 περιουσίαν

315 2283 546 2340 ἐκείνου.
583 2283 681 2337 Καὶ
711 2281 772 2337 ἐκ
833 2282 1022 2338 τούτου
1080 2284 1276 2348 πάντες
1340 2284 1814 2359 ἐσωφρονίσθησαν
1879 2285 1972 2340 καὶ

314 2373 450 2446 πρὸς
476 2371 771 2442 ἀλλήλους
801 2372 1166 2447 πολυτρόπως
1200 2373 1531 2447 εἰρήνευσαν,
1592 2375 1667 2436 ὡς
1723 2371 1891 2452 μέχρι
1923 2373 1972 2430 λ’

313 2465 537 2537 ἡμερῶν
572 2463 648 2534 μὴ
688 2461 1023 2534 εὑρίσκεσθαι
1081 2461 1412 2537 ἐγκαλοῦντα
1449 2461 1485 2532 ἤ
1539 2463 1969 2540 ἐγκαλούμενον.

317 2552 416 2609 Καὶ
449 2553 476 2606 ὁ
507 2549 752 2629 ἔπαρχος
785 2547 884 2630 ἔφη
919 2556 998 2624 τῷ
1033 2553 1268 2627 βασιλεῖ·
1331 2558 1462 2620 Νῦν,
1522 2550 1778 2623 δέσποτα,
1839 2552 1972 2630 ὅπερ

316 2640 640 2715 ὑπεσχόμην
666 2639 977 2696 ἐτελείωσα.
1010 2643 1124 2698 Τοῦ
1154 2639 1212 2695 δὲ
1271 2640 1540 2717 βασιλέως
1589 2643 1971 2717 προελθόντος,

317 2729 390 2793 ὡς
423 2728 600 2790 οὐδεὶς
629 2731 697 2798 ἦν
729 2731 758 2784 6
817 2726 1080 2803 ἐγκαλῶν,
1145 2731 1484 2805 ὑποστρέψας
1543 2732 1826 2806 πατρίκιον
1880 2730 1973 2785 αύ-

316 2821 409 2875 τὸν
440 2819 665 2889 ἐποίησε
694 2818 784 2873 καί
815 2817 1062 2893 ὕπαρχον
1095 2817 1251 2874 αῦτὸν
1283 2822 1451 2894 μέχρι
1479 2818 1672 2883 τέλους
1698 2827 1800 2888 τῆς
1823 2825 1974 2889 ζωῆς

320 2929 503 2968 αυτου.

404 3087 527 3144 Ἐπὶ
583 3094 680 3156 τῆς
739 3085 1014 3162 βασιλείας
1069 3089 1265 3145 τούτου
1325 3089 1617 3165 Ὀρμίσδας
1677 3088 1974 3151 ἐπίσκοπος

319 3177 546 3247 Ῥώμης
628 3171 949 3232 καταλαϐὼν
1009 3179 1108 3247 τήν
1198 3179 1794 3248 Κωνσταντινούπολιν,
1851 3178 1966 3252 ἅμα

2091 585 2334 641 beribus
2367 585 2520 640 male
2553 585 2864 641 multatam
2897 586 3252 654 remisisset,
3311 589 3495 646 mittit
3544 592 3754 662 prafe-

2091 681 2222 729 ctus
2252 676 2324 730 ad
2349 692 2484 728 eum
2517 675 2588 729 de
2622 675 2966 729 cursoribus
2997 675 3122 730 suis
3152 693 3379 732 unum:
3414 679 3575 735 hunc
3614 699 3756 751 quo-

2091 779 2205 834 que
2236 765 2288 817 is
2318 763 2510 818 verbis
2541 763 2816 818 delusum
2849 763 3094 822 dimisit.
3129 766 3374 822 Interim
3408 767 3551 823 dum
3601 787 3753 840 pra)-

2089 855 2281 911 fectus
2316 855 2375 910 in
2407 856 2575 910 Circo
2599 856 2767 911 sedet
2795 857 3264 929 magistrumque
3291 859 3626 930 opperitur,
3657 863 3755 917 hic

2092 945 2163 1000 ad
2196 945 2525 999 convivium
2558 945 2633 1000 ad
2674 945 3032 1016 imperatore
3090 953 3351 1002 vocatur.
3412 949 3631 1005 Eodem
3691 967 3755 1006 se

2091 1035 2409 1105 prmfectus
2441 1051 2678 1105 quoque
2701 1036 2950 1098 confert.
2979 1036 3179 1105 aitque
3212 1038 3555 1108 imperatori
3584 1041 3666 1094 :Si
3693 1041 3754 1096 in

2093 1138 2185 1188 eo,
2218 1121 2562 1192 imperator,
2597 1122 2888 1191 persistis,
2931 1123 3091 1193 quod
3123 1125 3272 1178 mihi
3324 1125 3645 1194 mandasti,
3678 1145 3754 1184 ne

2092 1210 2186 1265 cui
2220 1227 2424 1264 eorqu
2454 1210 2554 1280 qui
2588 1227 2880 1282 pauperes
2909 1213 3261 1267 concutiunt
3309 1231 3571 1284 parcam,
3605 1217 3754 1274 scito

2092 1315 2186 1353 me
2218 1299 2530 1368 promissis
2559 1299 2710 1353 meis
2741 1299 3211 1358 satisfacturum.
3245 1302 3347 1357 Sin
3378 1319 3479 1359 eos
3522 1309 3584 1360 tu
3632 1322 3757 1376 pm-

2090 1387 2346 1442 nitentia
2374 1386 2588 1441 ductus
2615 1386 2841 1442 amicos
2872 1388 3068 1458 potius
3116 1388 3300 1444 habes
3353 1395 3412 1444 et
3467 1392 3752 1449 conviviis

2089 1477 2359 1542 adhibes,
2383 1478 2535 1532 scias
2551 1493 2649 1533 me
2680 1494 2918 1548 quoque
2947 1477 3280 1534 detrectare
3312 1497 3380 1535 ea
3409 1497 3541 1551 quas
3573 1483 3630 1537 in
3653 1499 3751 1539 me

2090 1565 2308 1636 recepi.
2343 1566 2710 1636 Imperatore
2742 1567 3144 1636 respondente
3169 1568 3254 1622 uti
3268 1568 3531 1639 seipsum
3552 1571 3751 1641 potius

2091 1653 2238 1709 solio
2265 1654 2627 1721 detraheret,
2670 1655 2719 1710 si
2769 1662 3004 1710 sontem
3063 1657 3198 1712 talis
3259 1657 3529 1714 criminis
3551 1659 3752 1730 sciret,

2088 1743 2406 1814 praafectus
2438 1743 2600 1799 illico
2631 1745 2983 1816 magistrum
2998 1745 3051 1799 vi
3085 1745 3507 1816 abripuit,etin
3521 1749 3750 1807 curiam

2087 1849 2219 1903 qum
2250 1835 2418 1888 (Ἐκ-εει
2471 1832 2692 1888 dicitur
2746 1849 2882 1888 cum
2938 1849 3008 1888 eo
3063 1834 3229 1890 abiit.
3292 1833 3380 1889 lbi
3434 1835 3753 1908 diligenter

2087 1922 2403 1993 utriusque
2435 1939 2712 1977 sermone
2745 1921 3145 1989 considerato,
3179 1939 3314 1978 cum
3347 1923 3506 1979 haud
3525 1925 3752 1982 levibus

2086 2011 2327 2081 injuriis
2367 2011 2440 2067 ab
2504 2027 2573 2065 eo
2633 2013 2907 2066 affectam
2965 2011 3280 2067 mulierem
3338 2014 3748 2085 comperisset,

2085 2101 2429 2156 verberibus
2463 2102 2760 2173 impositis
2791 2102 3019 2157 homini
3054 2108 3232 2174 caput
3259 2103 3424 2171 rasit,
3455 2104 3747 2177 asinoque

2084 2191 2312 2246 nudum
2343 2191 2688 2262 impositum
2720 2209 2826 2262 per
2867 2191 3128 2246 mediam
3184 2193 3396 2248 urbem
3443 2195 3622 2248 veluti
3682 2196 3744 2250 in

2085 2281 2388 2351 triumpho
2420 2280 2608 2347 duxit,
2644 2287 2704 2334 et
2732 2298 2946 2336 omnes
2977 2282 3110 2352 ejus
3167 2298 3309 2353 opes
3367 2283 3604 2338 mulieri
3637 2284 3742 2340 ad-

2083 2369 2253 2424 dixit.
2289 2371 2408 2425 lloc
2437 2370 2776 2440 exemplum
2808 2371 3074 2441 reliquos
3113 2372 3196 2426 ita
3223 2372 3284 2426 in
3320 2373 3472 2428 viam
3494 2374 3742 2446 redegit,

2082 2464 2148 2513 ut
2167 2459 2389 2529 ubique
2421 2460 2574 2514 688
2609 2476 2846 2514 summa
2875 2460 2937 2514 in
2998 2477 3143 2530 pace
3193 2461 3506 2530 viveretur,
3564 2468 3744 2534 atque

2083 2549 2241 2602 intra
2272 2551 2339 2602 30
2369 2547 2530 2602 diem
2563 2564 2758 2618 neque
2787 2554 2954 2602 actor
2999 2549 3160 2603 ullus
3191 2556 3349 2604 esset
3377 2567 3570 2620 neque
3601 2568 3740 2607 reus

2083 2637 2622 2709 injuriarum.Tum
2649 2636 2964 2707 praefectus
2994 2638 3340 2708 imperatori
3362 2638 3658 2710 signiﬁcat
3679 2656 3742 2696 se

2083 2726 2378 2797 promissa
2409 2725 2748 2796 implevisse
2794 2743 2807 2792 ;
2867 2732 2926 2781 et
2983 2727 3312 2798 imperator
3341 2728 3404 2782 in
3434 2728 3742 2799 publicum

2084 2832 2454 2888 progressus,
2496 2831 2633 2870 cum
2664 2815 2832 2870 nulla
2853 2815 3099 2886 querela
3127 2817 3454 2886 audiretur,
3471 2834 3741 2876 reversus

2085 2905 2335 2975 patricia
2361 2903 2648 2976 dignitate
2670 2920 2807 2958 eum
2836 2909 3009 2960 ornat
3038 2911 3098 2960 et
3143 2923 3250 2977 per
3279 2923 3521 2963 omnem
3558 2907 3737 2966 vitam

2085 2994 2434 3064 praefectum
2459 2993 2623 3048 urbis
2655 3010 2785 3048 esse
2809 2993 3000 3064 jubet.

2156 3084 2386 3139 Justino
2417 3083 2773 3153 imperante,
2802 3083 3144 3139 Hormisdas
3174 3087 3377 3141 Roma:
3425 3087 3741 3160 episcopus

2086 3173 2294 3244 Cpolin
2326 3189 2460 3227 cum
2492 3171 2766 3243 plurimis
2797 3173 3091 3244 episcOpis
3134 3174 3434 3245 profectus
3464 3177 3745 3233 adversa-

325 3261 602 3324 πλείστοις
632 3261 968 3336 ἐπισκόποις,
996 3266 1124 3328 τοὺς
1155 3266 1575 3342 ἀνθισταμένους
1631 3273 1701 3342 τῇ
1757 3264 1965 3338 συνόδῳ

2095 3263 2197 3318 rios
2227 3261 2725 3317 Chalcedonensis
2755 3261 2994 3316 concilii
3026 3263 3288 3327 damnat,
3322 3266 3599 3322 Severum
3631 3268 3740 3323 An-

317 3349 671 3422 Χαλκηδόνος
723 3360 957 3430 καθῆρεν
1017 3351 1262 3431 Σεϐἧρον
1332 3357 1423 3412 τὸν
1485 3357 1819 3432 Ἀντιοχείας
1876 3359 1966 3430 [Ρ.

314 3444 441 3518 390]
471 3445 558 3498 καὶ
622 3444 938 3518 Φιλόξενον,
992 3442 1386 3522 βεϐαιώσαντες
1461 3451 1562 3519 τήν
1618 3449 1789 3517 αὐτὴν
1849 3447 1970 3502 σύν-

315 3532 464 3601 οδον,
495 3532 584 3588 καὶ
617 3534 741 3610 περὶ
769 3539 877 3589 τῶν
939 3533 1035 3590 δύο
1079 3537 1288 3614 φύσεων
1342 3543 1441 3594 τοῦ
1492 3541 1730 3614 Χριστοῦ
1761 3538 1828 3594 τά
1859 3545 1968 3594 Ku-

315 3619 516 3695 ρίλλου
549 3620 960 3697 Ἀλεξανδρείας
1017 3623 1333 3700 προσθέντες
1374 3626 1614 3704 ῥήματα.
1674 3629 1736 3682 Ὀ
1765 3629 1968 3702 στατήρ

315 3711 346 3764 6
402 3711 623 3780 νοητὸς,
689 3714 753 3766 τὸ
807 3715 1053 3786 νόμισμα
1104 3716 1168 3771 τὸ
1221 3714 1526 3790 βασιλικὸν,
1561 3718 1590 3771 ὁ
1649 3717 1702 3772 ἐν
1755 3717 1971 3786 ἐνότητι

319 3803 529 3864 ἁπλοῦς
563 3807 851 3879 χαρακτήρ
882 3808 1111 3880 Χριστὸς
1143 3808 1332 3863 ἑαυτὸν
1365 3809 1496 3883 ὑπὲρ
1553 3809 1771 3864 πάντων
1800 3829 1970 3883 προσ·

317 3891 607 3964 κεκόμικεν
668 3892 744 3954 είς
803 3894 1048 3950 ἁπάντων
1105 3902 1249 3966 ζωῆς
1337 3897 1680 3973 ἀντίλυτρον.
1757 3898 1864 3952 Δύο
1915 3895 1974 3952 δὲ

322 3981 505 4055 φύσεις
537 3979 790 4055 λέγοντες
849 3985 948 4051 τήν
1000 3982 1263 4062 διαφορὰν
1319 3985 1660 4059 σημαίνομεν
1682 3993 1782 4055 τῆς
1839 4005 1972 4060 σαρ-

319 4070 415 4133 κὸς
447 4072 536 4127 καὶ
563 4076 660 4126 τοῦ
694 4072 873 4148 Λόγου
906 4071 994 4129 διὰ
1022 4077 1086 4130 τὸ
1117 4077 1444 4152 ἀσύγχυτον.
1474 4077 1535 4134 ἹΙ
1593 4076 1697 4152 γὰρ
1737 4077 1975 4152 σύγκρα-

321 4179 404 4219 σις
435 4160 741 4236 ἀφανισμὸν
789 4167 896 4216 τῶν
949 4159 1046 4218 δύο
1105 4165 1315 4240 φύσεως
1366 4165 1740 4241 ἀπεργάζεται.
1803 4166 1865 4222 Ἣ
1917 4162 1975 4220 δὲ

321 4247 561 4323 ἆρῥητος
593 4246 786 4311 ἓνωσις
846 4249 1274 4327 ὁμολογουμένη
1333 4256 1422 4310 καὶ
1483 4254 1824 4330 ἀσυγχύτους
1872 4277 1976 4333 φυ-

321 4337 631 4402 λάπειτάς
664 4340 870 4417 φύσεις,
901 4342 991 4397 καὶ
1047 4342 1142 4398 ἓνα
1195 4344 1454 4400 ἀποτελεῖ
1503 4345 1554 4416 ἐξ
1611 4345 1814 4423 ἀμφοῖν
1873 4345 1974 4422 ὀφ-

323 4427 478 4482 θέντα
508 4429 761 4504 Χριστὸν,
791 4432 920 4486 Θεὸν
953 4432 1096 4505 ὁμοῦ
1123 4453 1182 4488 τε
1227 4433 1319 4488 καὶ
1370 4435 1652 4509 ἄνθρωπον
1686 4435 1977 4510 γενόμενον

322 4518 415 4573 τὸν
445 4519 631 4575 αὐτόν.

2078 3353 2446 3406 tiochensem
2471 3355 2530 3404 et
2553 3349 2941 3404 Philoxenum
2970 3369 2984 3415 ;
3016 3357 3332 3423 ratumque
3363 3370 3493 3409 esse
3519 3354 3743 3425 jubent

2079 3441 2227 3498 illud
2260 3439 2603 3506 concilium,
2635 3455 2702 3492 ac
2733 3438 2805 3492 de
2852 3437 3082 3493 duabus
3110 3440 3172 3494 in
3221 3442 3452 3497 Christo
3505 3445 3738 3500 naturis

2080 3535 2206 3588 haec
2236 3531 2439 3601 Cyrilli
2489 3527 2872 3584 Alexandrea;
2931 3529 3195 3600 episcopi
3245 3530 3474 3586 addunt,
3510 3533 3736 3589 verba;

2081 3624 2274 3677 Stater
2311 3620 2410 3690 qui
2446 3625 2642 3674 mente
2706 3618 3080 3688 intelligitur,
3139 3621 3438 3676 nomisma
3485 3622 3740 3694 regium,

2083 3709 2335 3781 simplex
2367 3710 2426 3762 in
2490 3708 2720 3761 unitate
2778 3706 3110 3772 character,
3169 3709 3435 3765 Christus
3477 3711 3743 3782 seipsum

2083 3818 2190 3871 pro
2223 3798 2503 3855 omnibus
2535 3796 2770 3863 obtulit,
2797 3801 2864 3850 ut
2886 3795 3060 3851 vitam
3093 3799 3363 3853 omnium
3397 3799 3746 3858 redimeret.

2083 3891 2228 3945 Cum
2264 3895 2464 3944 autem
2515 3887 2660 3941 duas
2720 3892 2962 3940 naturas
3021 3886 3299 3954 dicimus,
3345 3889 3749 3946 differentiam

2081 3980 2484 4051 signiﬁcamus
2515 3975 2711 4031 carnis
2743 3981 2800 4028 et
2831 3976 2932 4028 Dei
2970 3977 3160 4043 Verbi,
3196 3978 3336 4047 quia
3363 3978 3469 4032 illa
3497 3979 3745 4034 confusa

2085 4086 2203 4125 non
2253 4073 2409 4123 sunt.
2472 4065 2705 4119 Etenim
2755 4065 3090 4119 commistio
3141 4066 3454 4137 utriusque
3513 4073 3744 4122 natura;

2084 4157 2469 4214 abolitionem
2496 4171 2698 4209 secum
2757 4153 3036 4208 traheret.
3089 4155 3202 4209 Sed
3258 4155 3579 4210 ineifabilis
3637 4155 3745 4212 illa

2085 4263 2264 4320 quam
2296 4249 2652 4300 conﬁtemur
2683 4242 2894 4306 unitio,
2916 4259 3109 4313 neque
3131 4250 3372 4299 naturas
3404 4244 3739 4312 confundit,

2087 4343 2146 4393 et
2176 4353 2244 4391 ex
2279 4333 2510 4390 duabus
2541 4346 2726 4384 unum
2759 4330 3058 4386 Christum
3102 4332 3366 4401 conficit,
3400 4333 3502 4404 qui
3557 4350 3618 4388 se
3651 4349 3749 4388 ex-

2088 4424 2283 4479 hibuit
2317 4439 2330 4488 ;
2360 4421 2640 4487 idemque
2672 4424 2730 4472 et
2758 4419 2914 4473 Deus
2937 4425 3027 4474 est
3060 4425 3119 4475 et
3148 4421 3350 4476 homo.

394 4613 484 4679 Τῷ
594 4605 700 4663 ἔτει
732 4609 986 4686 Αἰθέριος
1011 4610 1103 4666 καὶ
1161 4609 1363 4678 Αὕδιος
1407 4614 1498 4669 καὶ
1546 4615 1597 4668 οἱ
1650 4614 1743 4668 σὺν
1793 4615 1978 4676 αὐτοῖς

2160 4607 2330 4659 Anno
2363 4602 2622 4658 secundo
2654 4600 2947 4657 [Etherius
2991 4605 3050 4654 et
3107 4599 3356 4668 Audius,
3414 4599 3753 4673 medicique

331 4695 507 4770 ἰατροὶ
576 4693 976 4755 ἐπεϐούλευσαν
1029 4706 1114 4773 τῷ
1192 4702 1430 4776 βασιλεῖ,
1513 4704 1603 4756 καὶ
1658 4705 1982 4778 γνωσθέντες

328 4785 589 4842 ἀπέθανον
611 4788 771 4867 ξίφει.

399 4880 486 4947 Τῷ
564 4878 612 4952 γ’
668 4876 773 4933 ἔτει
827 4879 1297 4954 μεταστειλαμένη
1383 4882 1558 4958 Σοφία
1608 4885 1642 4950 ἡ
1702 4881 1987 4958 Λύγοῦστα

330 4964 530 5026 πάντας
561 4967 688 5027 τοὺς
746 4975 1158 5046 χρεωστοῦντας
1213 4969 1461 5027 ἀπέδωκε
1489 4977 1606 5032 τοῖς
1637 4992 1986 5048 κεχρεωστη-

333 5053 520 5125 μένοις
576 5056 751 5112 πάντα
802 5059 870 5112 τὰ
927 5059 1282 5136 ὀφειλόμενα,
1339 5060 1804 5138 ἀντιστραφέντιυν
1879 5066 1988 5118 τῶν

332 5141 607 5217 ἐνεχύρων
647 5151 767 5209 τοῖς
804 5146 965 5210 ἰδίοις
998 5149 1300 5213 αύθένταις.

401 5236 495 5304 Τῷ
524 5230 566 5286 δ’
599 5231 704 5289 ἔτει
745 5236 915 5306 κτίζει
970 5240 1034 5293 τὸ
1093 5239 1361 5296 παλάτιον
1410 5244 1520 5295 τῶν
1579 5245 1860 5316 Σοφιανῶν
1917 5241 1992 5304 εἰς

333 5317 510 5394 ὄνομα
540 5330 641 5392 τῆς
663 5327 921 5398 γυναικὸς
951 5327 1116 5382 αὐτοῦ
1150 5329 1370 5408 Σοφίας.

403 5417 495 5483 Τῷ
527 5414 563 5466 ε’
593 5406 699 5467 ἔτει
731 5415 898 5484 κτίζει
930 5417 1030 5486 τήν
1067 5419 1240 5491 μονὴν
1298 5427 1398 5488 τῆς
1458 5419 1797 5494 Πρίγκηπος,
1856 5440 1990 5495 προ-

332 5497 458 5550 άστε
471 5518 544 5550 ιον
579 5496 746 5566 αὐτὴν
773 5501 931 5555 οὖσαν
943 5546 955 5558 .

402 5589 491 5659 Τῷ
523 5587 568 5650 ς“
598 5582 705 5642 ἔτει
739 5591 962 5665 Ναρσῆς
995 5591 1023 5645 ὁ
1075 5591 1358 5666 ἀγαπητὸς
1420 5598 1518 5648 τοῦ
1579 5591 1848 5668 βασιλέως
1907 5591 1994 5648 ἔκ·

327 5696 444 5732 τιτε
473 5678 575 5746 τήν
607 5676 782 5732 οἰκίαν
811 5681 1030 5754 Ναρσοῦ
1084 5682 1176 5736 καὶ
1224 5685 1325 5752 τήν
1388 5685 1560 5757 μονὴν
1591 5688 1703 5738 τῶν
1725 5684 1994 5758 καθαρῶν.

581 5813 846 5876 Ρλτιιοι..
893 5817 1004 5877 Gn.
1050 5817 1259 5883 CXXI.

2094 4694 2194 4765 qui
2228 4693 2347 4747 illis
2371 4691 2639 4759 aderant,
2691 4689 2955 4745 insidiati
2998 4694 3139 4742 sunt
3167 4688 3546 4760 imperatoris
3595 4689 3754 4759 vitas,

2095 4788 2156 4836 et
2185 4800 2247 4836 re
2280 4781 2513 4836 detecta
2548 4780 2740 4851 gladio
2773 4777 3140 4848 interempti.

2167 4871 2362 4925 Tertio
2393 4886 2550 4924 anno
2612 4868 2831 4940 Sophia
2892 4870 3178 4937 Augusta,
3239 4867 3446 4922 accitis
3478 4867 3763 4923 omnibus

2098 4960 2199 5031 qui
2228 4977 2342 5013 aere
2383 4959 2579 5014 alieno
2611 4957 2877 5014 obstricti
2912 4955 3068 5010 084
3101 4961 3290 5024 erant,
3325 4955 3523 5011 debita
3555 4971 3763 5010 eorum

2100 5048 2496 5104 creditoribus
2557 5046 2843 5117 persolvit
2901 5051 2958 5100 et
3019 5045 3269 5118 pignora
3325 5045 3450 5100 suis
3503 5043 3764 5099 dominis

2103 5139 2382 5194 reddidit.

2173 5234 2390 5297 Quarto
2414 5246 2573 5284 anno
2605 5228 2874 5283 Justinus
2923 5227 3125 5281 condit
3178 5227 3462 5298 palatium
3511 5225 3761 5299 Sophia-

2101 5338 2337 5384 norum,
2370 5320 2443 5374 de
2476 5319 2720 5374 nomine
2753 5316 2988 5387 Sophim
3021 5317 3295 5388 conjugis
3327 5334 3470 5372 suae.

2172 5412 2388 5476 Quinto
2445 5424 2602 5464 anno
2664 5407 2924 5462 aedificat
3006 5404 3378 5460 mansionem
3465 5403 3762 5478 Principis

2104 5503 2342 5557 feminm
2370 5500 2430 5554 in
2463 5497 2770 5553 suburbio.

2178 5593 2352 5645 Sexto
2389 5604 2545 5643 anno
2577 5587 2790 5639 Narses
2818 5581 3206 5639 charissimus
3263 5581 3609 5653 imperatori
3658 5583 3770 5640 do-

2107 5699 2270 5737 mum
2297 5677 2560 5734 Narsetis
2575 5673 2866 5729 exstruxit
2879 5677 2938 5728 et
2965 5671 3353 5728 Catharorum
3367 5674 3768 5730 mansionem.

3445 5805 3528 5863 24
