4120 6452
387 372 508 437 747

1704 369 2020 435 GEORGII
2065 370 2418 432 GEDRENI

3689 366 3807 428 748

382 506 454 564 Et
476 506 743 563 Justinus
771 503 1087 564 inaudiens
1142 506 1473 578 Augustum
1514 519 1690 561 suum
1722 503 2019 560 sobrinum

2148 499 2416 562 ’Δκούσας
2444 495 2502 555 δὲ
2527 499 2821 564 Ἰουστῖνος
2844 496 2929 554 ὅτι
2965 498 2994 554 6
3025 494 3244 572 ἀνεψιὸς
3264 497 3430 555 αὐτοῦ
3459 491 3805 573 Αὔγουστος,

384 594 599 653 ducem
630 596 1018 653 Alexandrea
1036 597 1147 652 sibi
1176 595 1425 651 insidias
1448 594 1668 663 moliri,
1704 593 1903 649 missis
1926 592 2039 648 mi-

384 686 613 755 nistris,
640 687 835 758 capite
867 687 1180 741 truncavit.

456 777 718 847 Septimo
771 791 930 831 anno
982 775 1249 830 Justinus
1309 773 1487 845 cmpit
1541 773 1797 827 condere
1850 771 2037 826 aedem

384 865 804 938 Apostolorum
826 865 982 918 Petri
1010 869 1071 917 et
1099 864 1288 931 Pauli,
1323 863 1383 917 in
1423 862 1553 917 loco
1588 861 1689 932 qui
1730 877 1765 916 a
1794 860 2040 932 pupillis

383 953 709 1009 educandis
750 952 1345 1023 Orphanotropheum
1403 951 1639 1007 dicitur.
1690 949 1935 1004 Addidit
1983 953 2040 1002 et

381 1042 602 1114 templo
635 1041 794 1112 quod
827 1046 916 1094 est
946 1040 1007 1095 in
1036 1040 1377 1095 Blachernis
1408 1039 1556 1095 duos
1586 1038 1870 1103 fornices,
1904 1038 2041 1092 eil'e-

378 1130 575 1201 citque
605 1134 673 1185 ut
717 1129 910 1185 crucis
965 1128 1221 1185 formam
1268 1128 1538 1183 referret.
1601 1127 1822 1183 Eodem
1882 1142 2039 1182 anno

375 1232 575 1290 pugna
603 1217 763 1272 inter
813 1218 1032 1272 Persas
1092 1221 1153 1271 et
1203 1218 1501 1272 Romanos
1557 1215 1631 1270 ad
1688 1215 2038 1286 Sargathum

377 1307 718 1378 commissa,
750 1306 999 1362 victoria
1024 1306 1140 1361 fuit
1168 1322 1355 1379 penes
1384 1308 1706 1361 Romanos.

445 1394 614 1453 Nono
645 1412 804 1453 anno
836 1397 1055 1452 Avares
1100 1395 1176 1451 ad
1232 1386 1566 1450 Danubium
1622 1398 1917 1449 venerunt
1970 1409 2038 1448 ac

374 1487 647 1545 vicerunt
674 1491 995 1546 Romanos.
1035 1489 1103 1543 Et
1128 1488 1466 1543 Artabanus
1498 1489 1696 1555 Persa,
1725 1486 1787 1540 in
1821 1488 2037 1541 Roma-

375 1595 592 1635 norum
621 1579 914 1635 ditionem
944 1578 1100 1634 facta
1131 1577 1496 1643 incursione,
1522 1576 1743 1631 multos
1774 1575 2035 1647 captivos

374 1668 650 1734 abduxit,
684 1674 975 1740 captoque
1007 1667 1185 1722 etiam
1210 1667 1392 1721 Daras
1423 1671 1616 1721 castro
1666 1665 1909 1720 domum
1940 1680 2032 1719 re-

374 1757 503 1814 diit.
535 1759 805 1813 Justinus
835 1757 1046 1812 nuntio
1099 1760 1280 1811 tanta)
1338 1755 1526 1810 cladis
1558 1759 1798 1826 accepto
1830 1754 2033 1809 animo

2147 588 2205 650 ὅς
2236 589 2303 659 ἦν
2338 587 2466 659 δοὺξ
2493 584 2926 662 Ἀλεξανδρείας,
2959 589 3222 659 ωσκευήν
3275 586 3481 663 μελετᾷ
3535 590 3669 644 κατᾶ
3705 590 3804 643 τοῦ

2149 676 2443 754 βασιλέως,
2476 679 2698 752 πὲμψας
2731 677 2891 734 αὐτὸν
2920 677 3310 753 ἀπεκεφάλισε.

2214 771 2310 841 Τῷ
2342 770 2382 838 ζ’
2431 766 2534 824 ἔτει
2565 771 2769 843 ἢρξατο
2819 770 3113 831 Ἰουστῖνος
3171 768 3371 838 κτίζειν
3412 768 3502 824 τὸν
3544 768 3669 823 ναὸν
3698 772 3807 823 τῶν

2143 857 2343 932 ⁸Δγίων
2375 855 2722 916 ’Δποστόλων
2748 861 2954 932 Πέτρου
2980 859 3069 913 καὶ
3094 857 3314 914 Παύλου
3342 857 3394 913 ἐν
3425 862 3506 931 τῷ
3533 859 3801 936 Ὀρφανο-

2141 945 2845 1024 τροφείῳ.11ροσέθηκεδὲ
2886 949 2978 1003 καὶ
3035 947 3112 1011 εἷς
3164 948 3257 1003 τὸν
3315 948 3441 1002 ναὸν
3497 951 3608 1002 τῶν
3664 945 3807 1003 Βλα-

2140 1040 2348 1113 χερνῶν
2375 1038 2472 1099 τὰς
2516 1034 2613 1091 δύο
2670 1034 2889 1112 ἁψῖδας,
2956 1037 3047 1093 καὶ
3108 1037 3358 1109 ἐποίησεν
3414 1039 3583 1107 αὐτὴν
3641 1057 3803 1091 σταυ-

2138 1127 2342 1198 ρωτήν.
2404 1128 2499 1198 Τῷ
2547 1124 2696 1198 αύτῷ
2771 1124 2878 1182 ἔτει
2945 1125 3143 1203 γέγονε
3227 1124 3477 1199 πόλεμος
3556 1124 3682 1201 περὶ
3740 1127 3805 1182 τὸ

2138 1216 2421 1291 Σάργαθον
2458 1216 2596 1289 μετά
2628 1220 2844 1291 Περσῶν
2873 1215 2966 1271 καὶ
2996 1215 3316 1290 Ῥωμαίων,
3347 1215 3441 1271 καὶ
3465 1214 3718 1286 ἐνίκησαν
3751 1216 3806 1270 οἱ

2144 1309 2228 1359 Pw
2237 1308 2415 1379 μαῖοι.

2206 1396 2303 1467 Τῷ
2343 1395 2392 1449 θ’
2422 1388 2529 1449 ἔτει
2576 1393 2748 1463 ἦλθον
2777 1394 2831 1450 οἱ
2862 1390 3100 1469 ¹¹Δϐκρες
3158 1398 3269 1470 (66)
3317 1394 3395 1456 εἰς
3452 1394 3546 1450 τὸν
3599 1395 3800 1450 Δάνου-

2142 1477 2247 1552 ϐιν,
2304 1482 2394 1538 καὶ
2447 1482 2698 1554 ἐνίκησαν
2757 1482 2885 1546 τοὺς
2942 1484 3276 1557 Ῥωμαίους.
3337 1483 3443 1540 Καὶ
3500 1482 3530 1538 6
3587 1482 3802 1559 Πέρσης

2140 1567 2410 1648 Ἀρταϐἁν
2464 1574 2579 1646 (67)
2638 1571 2869 1646 ἐξήλασε
2923 1573 3062 1630 κατὰ
3127 1577 3236 1628 τῶν
3307 1572 3620 1647 Ῥωμαίων,
3706 1571 3800 1628 καὶ

2137 1660 2357 1731 πολλὴν
2416 1659 2808 1736 αἰχμαλωσίαν
2894 1656 3084 1716 λαϐὼν
3153 1660 3480 1737 ὑπέστρεψεν
3575 1664 3651 1724 εἷς
3695 1662 3801 1731 τήν

2138 1748 2277 1805 ἰδίαν
2309 1746 2889 1826 χώραν,παραλα6ὼν
2944 1751 3038 1806 καὶ
3094 1752 3157 1806 τὸ
3205 1752 3400 1828 Δάρας.
3434 1750 3617 1808 Τοῦτο
3686 1771 3799 1825 μα-

373 1846 741 1903 abalienatus
772 1852 881 1910 est,
916 1845 1205 1918 petiitque
1237 1844 1309 1899 ab
1342 1844 1656 1900 Hormisda
1680 1844 1767 1899 uti
1817 1859 2019 1915 pacem

2142 1840 2245 1903 θὼν
2275 1840 2573 1947 Ἰουστῖέος
2602 1844 2684 1913 τῷ
2726 1841 2938 1917 μεγέθει
2968 1846 3071 1911 τῆς
3116 1844 3400 1918 συμφορᾶς
3429 1841 3575 1913 νόσῳ
3622 1859 3805 1914 παρα-

370 1941 770 2009 componeret,
807 1952 939 2008 quas
971 1941 1031 1990 et
1054 1936 1115 1989 in
1147 1951 1373 1990 annum
1404 1939 1576 2006 pacta
1593 1939 1703 1989 est.
1733 1934 2026 1989 Constitu-

367 2030 495 2082 tum
527 2025 675 2082 685
713 2025 822 2081 sub
856 2041 924 2081 eo
956 2030 1133 2081 estut
1179 2023 1444 2096 psalmus
1504 2026 1630 2080 Tum
1675 2040 1836 2079 caena
1879 2040 2026 2094 mys-

367 2113 490 2170 ticae
520 2130 735 2188 magna
772 2113 921 2169 feria
951 2113 1161 2184 quinta
1189 2118 1523 2168 caneretur.
1560 2112 1749 2167 Allata
1787 2129 2024 2183 quoque

367 2208 510 2260 tunc
540 2209 631 2259 est
681 2204 875 2275 imago
934 2202 1102 2257 nulla
1155 2218 1335 2257 manu
1385 2202 1595 2257 effecta
1662 2202 2026 2257 Camulianis

366 2309 517 2366 pago
548 2292 956 2365 Cappadocia),
979 2297 1039 2348 et
1068 2291 1406 2347 veneranda
1452 2291 1612 2363 ligna
1659 2290 1732 2346 ab
1762 2293 2026 2363 Apamea

364 2383 515 2438 urbe
545 2383 727 2455 Syriaa
759 2382 1060 2438 secundm.
1094 2380 1440 2436 Institutum
1474 2380 1653 2436 etiam
1687 2386 1870 2436 estut
1913 2381 2022 2452 hy-

364 2486 544 2529 mnus
571 2471 940 2530 Cherubicus
969 2476 1329 2527 cantaretur.

432 2654 604 2708 Anno
638 2655 703 2706 10
734 2650 1005 2707 Justinus
1055 2650 1356 2705 Tiberium
1400 2650 1683 2705 comitem
1714 2648 2019 2705 excubito-

362 2758 498 2800 rum
528 2741 828 2815 adoptavit
883 2757 950 2797 ac
1011 2742 1306 2796 Caesarem
1366 2740 1605 2807 creavit,
1666 2739 2021 2811 imperiique

364 2831 655 2905 collegam
690 2830 917 2887 ascivit.
953 2829 1285 2885 Laborabat
1314 2829 1583 2884 Justinus
1612 2828 2021 2884 obstructione

362 2920 607 2996 pedum,
643 2937 713 2977 ac
741 2920 1100 2993 plerumque
1131 2917 1544 2975 decumbebat.

437 3098 761 3157 Undecimo
791 3114 947 3154 anno
978 3098 1302 3169 imperator
1358 3096 1649 3151 exstruxit
1703 3095 1853 3151 duos
1897 3112 2020 3152 ma-

363 3206 511 3265 gnos
541 3188 948 3260 aqumductus,
972 3186 1227 3241 alterum
1260 3183 1812 3254 Valentis,alterum
1840 3183 2019 3240 Adra-

2133 1928 2289 2007 φόρῳ
2345 1923 2738 2003 περιϐάλλεται
2802 1930 2890 1984 καὶ
2972 1926 3206 1992 σπονδὰς
3279 1936 3511 1999 ποιῆσαι
3566 1928 3803 1985 αἰτεῖται

2134 2016 2226 2072 τὸν
2256 2015 2554 2093 Ὀρμίσδαν
2597 2020 2738 2092 (68),
2771 2016 2918 2080 ὅστις
2975 2018 3066 2074 καὶ
3124 2017 3454 2080 ἐνιαυσιαίοις
3520 2017 3797 2090 ἐποίὴσεν.

2136 2107 2261 2164 Ἐπὶ
2290 2106 2486 2163 τούτου
2526 2108 2778 2179 ἐτυπώθη
2812 2106 3119 2183 ψάλλεσθαι
3179 2112 3249 2182 τῇ
3311 2108 3525 2185 μεγάλῃ
3558 2114 3596 2164 ε’
3656 2110 3793 2183 (69)’

2133 2199 2245 2254 Τοῦ
2277 2193 2493 2252 δείπνου
2554 2202 2650 2251 σοῦ
2702 2202 2801 2254 τοῦ
2853 2196 3121 2271 μυστικοῦ
3182 2199 3318 2273 (70).
3390 2196 3562 2255 Ἦλθε
3614 2194 3793 2253 δὲκαὶ

2133 2289 2169 2356 ἡ
2202 2286 2628 2362 ἀχειροποίητος
2654 2289 2769 2362 (⁸71)
2800 2280 2909 2343 ἀπὸ
2947 2291 3057 2343 τῶν
3118 2285 3536 2361 Καμουλιανῶν,
3593 2288 3795 2360 κώμης

2131 2378 2233 2442 τῆς
2286 2373 2692 2450 Καππαδοκίας,
2748 2377 2839 2432 καὶ
2889 2378 2956 2432 τὰ
3002 2377 3162 2450 τίμια
3220 2376 3354 2448 ξύλα
3411 2376 3518 2432 ἀπὸ
3574 2375 3795 2439 πόλεως

2134 2469 2443 2542 Ἀπαμείας
2500 2471 2599 2537 τῆς
2659 2467 2911 2544 δευτέρας
2966 2470 3183 2544 Συρίας.
3244 2470 3531 2540 Ἐτυπώθη
3564 2466 3624 2524 δὲ
3651 2467 3799 2543 ψάλ-

2133 2556 2321 2614 λεσθαι
2348 2559 2440 2614 καὶ
2470 2560 2498 2614 ὁ
2528 2555 2861 2637 Χερουϐικὸς
2890 2557 3060 2633 ’ύμνος
3090 2562 3222 2635 (72).

2201 2650 2296 2721 Τῷ
2327 2649 2355 2703 ι’
2386 2647 2492 2705 ἔτει
2523 2649 2816 2713 Ἰουστῖνος
2875 2651 2903 2704 6
2973 2649 3232 2724 βασιλεὺς
3269 2645 3519 2723 Τιϐέριον
3576 2650 3669 2705 τὸν
3699 2651 3797 2705 κό-

2135 2758 2282 2811 μητα
2310 2742 2422 2793 τῶν
2457 2733 2853 2814 ὲξκουϐιτὸρων
2882 2740 2969 2813 [Ρ.
3005 2743 3132 2812 391]
3166 2740 3635 2814 υἱοποιησάμενος
3681 2742 3798 2814 (73)

2137 2828 2379 2902 Καίσαρα
2421 2827 2756 2903 ἀνηγόρευσε
2811 2830 2901 2884 καὶ
2956 2825 3323 2904 συγκάθεὸρον
3375 2827 3543 2884 αὐτοῦ
3600 2827 3798 2899 ἐποίη-

2131 2936 2240 2975 σεν.
2281 2918 2381 2974 Ἦν
2411 2914 2468 2972 δὲ
2516 2918 2546 2973 6
2609 2915 2867 2991 βασιλεὺς
2925 2917 3263 2997 στυφόμενος
3326 2915 3456 2980 τοὺς
3483 2915 3658 2982 πόδας
3679 2920 3796 2993 (74)

2130 3005 2223 3062 καὶ
2251 3007 2315 3063 τὸ
2345 3005 2542 3062 πλεῖον
2562 3008 2968 3082 κατακείμενος.

2200 3097 2290 3168 Τῷ
2324 3103 2389 3151 ια’
2418 3093 2523 3153 ἔτει
2551 3091 2755 3153 ἔκτισεν
2809 3099 2837 3153 6
2901 3096 3166 3174 βασιλεὺς
3223 3099 3316 3154 τὸν
3379 3097 3543 3175 μέγαν
3574 3098 3790 3175 ἀγωγὸν

2133 3190 2231 3242 τοῦ
2258 3185 2564 3242 Οὐάλεντος
2598 3186 2687 3242 καὶ
2720 3187 2811 3242 τὸν
2841 3184 3023 3262 ἕτερον
3071 3189 3284 3265 ἀγωγὸν
3340 3188 3432 3243 τὸν
3490 3185 3790 3263 λεγόμενον

362 3264 503 3337 nem
535 3278 805 3345 nomine,
835 3280 1014 3349 atque
1044 3276 1178 3331 istis
1207 3272 1488 3345 operibus
1518 3288 1794 3344 magnam
1852 3289 2019 3344 aquae

2142 3270 2428 3346 Ἀδράνην,
2456 3273 2545 3329 καὶ
2579 3274 2895 3351 ἐχορήγησε
2920 3280 2990 3350 τῇ
3043 3264 3209 3332 πόλει
3259 3274 3545 3351 δαψίλειαν
3572 3273 3791 3341 ὕδατος.

362 3368 597 3441 copiam
626 3366 762 3423 urbi
794 3363 1214 3438 suppeditavit.
1248 3361 1575 3417 Ediﬁcavit
1596 3361 1774 3416 etiam
1806 3361 2019 3433 palatia

2142 3362 2314 3432 Κτίζει
2348 3362 2442 3417 οὗν
2463 3363 2555 3418 καὶ
2584 3365 2653 3419 τὰ
2674 3363 2915 3420 παλάτια
2941 3364 3009 3420 τὰ
3033 3365 3087 3420 ἐν
3132 3365 3212 3437 τῷ
3244 3363 3549 3422 Ἰουλιανοῦ
3582 3364 3788 3438 λιμένι.

362 3458 427 3513 in
456 3462 633 3530 portu
690 3455 929 3525 Juliani,
989 3454 1307 3525 ipsumque
1359 3456 1596 3522 portum
1644 3451 2019 3523 repurgavit;

2142 3451 2521 3529 Ἀποκαθαίρει
2554 3449 2612 3508 δὲ
2665 3452 2755 3509 καὶ
2815 3452 2976 3510 αὐτὸν
3032 3455 3127 3510 τὸν
3185 3453 3385 3529 λιμένα
3441 3455 3529 3510 καὶ
3581 3452 3790 3524 στήλας

366 3545 636 3617 duasque
672 3545 736 3600 in
767 3543 965 3599 medio
996 3543 1128 3614 ejus
1158 3539 1469 3597 collocavit
1499 3544 1744 3606 statuas,
1776 3539 2019 3595 alteram

2142 3536 2231 3595 δύο
2259 3540 2315 3595 ἐν
2352 3541 2502 3615 μὲσῳ
2550 3541 2716 3597 αὐτοῦ
2766 3541 2979 3613 ἲστησι,
3023 3545 3125 3614 τήν
3178 3565 3239 3599 τε
3304 3544 3495 3599 ἑαυτοῦ
3547 3541 3638 3598 καὶ
3690 3546 3794 3608 τῆς

366 3649 558 3702 suam,
620 3633 872 3689 alteram
924 3631 1129 3687 uxoris
1185 3628 1440 3700 Sophim.
1487 3630 1731 3683 Portum
1789 3645 2019 3700 quoque

2142 3631 2388 3707 γυναικὸς
2446 3629 2614 3686 αὐτοῦ
2664 3632 2887 3710 Σοφίας,
2923 3632 3298 3708 μετονομάσας
3355 3634 3567 3689 καὶτὸν
3596 3631 3800 3707 λιμένα

366 3723 564 3795 ipsum
598 3722 880 3794 Sophiam
910 3719 1338 3776 denominavit.
1368 3718 1587 3773 Eodem
1627 3718 1809 3773 etiam
1842 3718 2020 3773 (edifi—

367 3814 520 3869 cavit
554 3812 839 3885 templum
863 3810 1153 3883 principis
1185 3809 1424 3871 ducum,
1459 3807 1553 3863 cui
1586 3807 1657 3862 ab
1692 3808 1854 3864 Adda
1886 3825 2028 3880 quo-

369 3902 510 3957 dam
543 3902 625 3956 ibi
659 3906 890 3957 morato
924 3916 1146 3956 nomen
1179 3903 1290 3954 est.

434 3994 612 4047 Anno
666 3995 735 4046 l2
793 3990 941 4045 obiit
994 3991 1251 4045 Joannes
1293 3988 1608 4059 episcopus
1657 3988 2022 4058 Cpolitanus.

359 4082 507 4138 Eum
560 4081 969 4154 episcopatum
1027 4094 1185 4133 anno
1236 4080 1300 4131 i3
1406 4077 1631 4148 recepit
1705 4078 2022 4150 Eutyches.

2132 3718 2356 3798 Σοφίας.
2391 3718 2783 3795 Ἐποικοδομεῖ
2817 3719 2876 3777 δὲ
2900 3722 2993 3778 καὶ
3039 3724 3131 3779 τὸν
3163 3725 3291 3779 ναὸν
3320 3727 3418 3779 τοῦ
3451 3722 3789 3799 ὀιρχιστρατ-

2135 3811 2279 3884 ήγου
2327 3809 2464 3883 (75),
2525 3809 2586 3872 ὃς
2643 3805 2703 3865 ἔκ
2747 3831 2896 3874 τινος
2949 3808 3128 3882 Ἀδδα
3182 3811 3354 3867 ἐκεῖσε
3380 3815 3795 3881 κατοικοῦντος,

2135 3898 2603 3975 προσηγορεύετο.

2208 3989 2301 4060 Τῷ
2368 3989 2435 4061 ιβ’
2488 3982 2594 4043 ἔτει
2646 3989 2997 4060 ἐτελεύτησεν
3060 3991 3322 4061 Ἰωάννης
3384 3991 3413 4045 6
3494 3988 3792 4053 ἐπίσκοπος

2137 4077 2790 4141 Κωνσταντινουπόλεως.
2843 4080 2938 4152 Τῷ
3027 4081 3089 4157 ιγ’
3173 4076 3282 4136 ἔτει
3365 4078 3625 4155 Εύτυχής
3684 4082 3786 4154 (76

1556 4175 1920 4231 XYLANDRI
1960 4177 2046 4232 ET
2082 4178 2297 4232 GOARI
2338 4179 2563 4233 NOTAE.

427 4280 545 4353 (66)
570 4279 891 4353 Simocatta
921 4293 958 4345 ι,
1073 4292 1086 4329 :
1121 4273 1312 4353 Οὗνχοι
1372 4269 1431 4327 δὶ
1461 4271 1610 4353 θύται
1648 4277 2008 4353 προσοικοῦν-

350 4340 445 4414 τες
471 4340 552 4422 τῷ
582 4350 800 4424 Ἴστρῳ,
834 4340 1193 4402 ἀπιστότατον
1224 4340 1376 4409 ἔθνος
1423 4344 1514 4398 καὶ
1568 4340 2005 4415 ἀπληστότατον.

355 4426 531 4480 (3οη.

2121 4274 2371 4331 sostomi
2399 4275 2718 4348 liturgiam.
2753 4280 2930 4334 Gom.

2190 4348 2305 4421 (73)
2334 4347 2421 4421 Ad
2469 4347 2629 4421 fores
2670 4350 2876 4421 palatii
2933 4351 3284 4421 accubabant
3313 4350 3402 4405 illi
3441 4355 3525 4421 _et
3557 4349 3786 4406 aditum

2118 4415 2783 4495 obse_rvabant.Glo_s-.sae_
2808 4422 3199 4495 Basilicorum
3227 4439 3241 4476 ε
3271 4415 3663 4495 ἐξκουϐίτωρες
3680 4424 3793 4475 τῶν

425 4494 732 4570 (67)_llunc
770 4492 1030 4570 _Zonaras
1088 4490 1453 4570 Ailtjamanem
1511 4488 1803 4557 nominat,
1862 4490 2001 4544 Eva-

2142 4488 2427 4570 ιαρεξόδων
2452 4494 2550 4570 τος)
2580 4490 2865 4570 παλατίου-
2893 4492 3232 4570 ὑπάρχοντες
3288 4488 3546 4570 ᾠύλακες.
3575 4488 3778 4570 ’Βίωρ-

351 4562 592 4638 ςιιίιιξιξιἈ
609 4580 661 4632 v,
693 4563 1122 4638 Adaarmanem.
1147 4562 1284 4616 XvL.

425 4635 538 4708 (68)
570 4631 713 4708 Rege
735 4636 1027 4708 Persarum
1054 4632 1297 4708 Zonaras
1330 4650 1343 4688 :
1375 4647 1513 4686 nam
1544 4631 1820 4704 Evagrius
1844 4632 2003 4686 hunc

352 4703 589 4777 quoque
621 4703 923 4777 Chosroen
953 4703 1115 4777 facit.
1148 4705 1285 4777 Χγι.

422 4772 535 4851 (69)
566 4777 660 4832 Sic
690 4780 859 4834 vocat
886 4776 1095 4851 feriam
1127 4775 1418 4851 quintam,
1478 4789 1584 4851 seu
1643 4772 1798 4851 diem
1834 4774 2007 4851 _Jo_vis

349 4844 547 4916 malis,
582 4865 715 4920 qum
734 4846 1004 4919 proxime
1035 4852 1126 4902 est
1145 4844 1294 4902 ante
1348 4844 1594 4920 Pascha,
1627 4844 1880 4920 celebris
1912 4846 2004 4901 in—

349 4916 656 4976 stitutione
689 4916 1082 4975 sacrosancta;
1114 4934 1317 4984 omum,
1340 4918 1438 4972 der
1467 4916 1608 4970 hoch
1637 4916 1769 4970 oder
1790 4921 2007 4986 griinen

347 4995 710 5060 Donnerstag.
745 4991 837 5046 Sic
869 4996 927 5045 et
956 4991 1212 5045 Zonaras
1258 4989 1320 5042 in
1378 4987 1706 5058 posteriore
1756 4988 2005 5060 imperio

346 5063 716 5120 Constantini
760 5062 972 5117 Leonis
1006 5060 1134 5117 filii.
1170 5062 1307 5115 XVL.

417 5136 531 5209 (70)
562 5134 828 5190 Modulus
858 5139 949 5209 est
980 5132 1276 5209 inhBasilii
1326 5130 1530 5195 missa,
1564 5130 2005 5187 communionis

348 5204 616 5279 tempore
650 5205 1002 5279 cantandus.
1038 5204 1212 5279 ϐολαί

415 5272 737 5352 (7l)Qua_m
797 5275 1119 5352 imaginem
1178 5272 1807 5352 dicattignorohnisi
1869 5276 2001 5345 quis

341 5343 523 5422 putet'
548 5352 619 5404 de
654 5350 839 5422 linteo
871 5343 1163 5422 impressa
1194 5344 1572 5422 a_Christo_et
1600 5343 1999 5422 ad_Abgaifum

341 5413 705 5477 Edessenum
733 5419 918 5474 missa
948 5413 1036 5472 sui
1068 5417 1328 5489 imagine
1385 5413 1820 5489 accipiendum.
1857 5421 1996 5472 XYL.

412 5492 528 5562 (72)
552 5494 910 5547 Decantatur
941 5485 1217 5558 quotidie
1255 5488 1410 5562 inter
1463 5503 1661 5562 sacros
1694 5485 1999 5562 liturgicos

343 5556 622 5633 hymnos,
657 5579 791 5617 cum
816 5578 850 5616 ει
873 5556 1079 5615 mensa
1111 5558 1536 5633 propositionis
1591 5556 1748 5633 dicta
1805 5560 1877 5613 ad
1911 5562 1999 5616 al-

340 5628 490 5696 tare,
522 5633 774 5688 solemni
807 5628 1314 5702 processu,_sacra
1358 5630 1531 5695 dona,
1592 5628 1650 5702 id
1684 5634 1792 5702 est,
1826 5634 1997 5700 panis

339 5707 399 5759 et
421 5703 647 5772 vinum,
679 5698 1047 5772 deferuntur.
1068 5703 1360 5757 Arcadius
1377 5715 1554 5772 opere
1577 5698 1998 5772 deConcordia

337 5771 651 5845 utriusque
682 5771 978 5842 Ecclesiae,
1012 5771 1436 5845 Eucbologium
1459 5772 1520 5827 in
1544 5771 1700 5827 notis
1722 5772 1796 5827 ad
1818 5775 1996 5847 Chry-

2115 4567 2272 4617 catta
2303 4562 2471 4633 quasi
2504 4564 2751 4619 Cedreni
2785 4562 3136 4622 scholias't'es
3185 4562 3420 4633 futurus
3469 4582 3547 4633 ιιι,
3584 4568 3669 4633 Η,
3703 4563 3778 4619 de

2113 4631 2344 4711 Tiberio
2376 4638 2581 4711 nostro
2633 4636 2840 4711 scribit
2872 4635 3229 4711 ΣΔἺουστῖνος
3288 4631 3544 4711 Τιϐέριον
3598 4631 3781 4711 υἱοθε-

2116 4701 2205 4775 σίᾳ
2230 4706 2538 4781 κοσμήσας,
2593 4706 2685 4760 καὶ
2737 4707 2839 4781 τῆᾼς
2902 4706 3184 4781 βασιλείας
3241 4701 3503 4781 κοινωνὸν
3539 4705 3774 4781 ποιησά-

2121 4794 2285 4855 μενος
2343 4776 2976 4855 ἀνηγόρευσελίαίσαρα.
3063 4779 3315 4855 Ἡγεμὼν
3366 4776 3423 4833 δὲ
3480 4776 3780 4855 ἐτύγχανεν

2117 4842 2816 4924 ὥνμτῶνήτοῧ-’βασιλξως
2871 4842 3359 4924 εξωματοφυλάκων
3417 4852 3510 4904 καὶ
3541 4842 3776 4905 {iugam-

2117 4921 2313 4997 στῶκι,-
2339 4915 2397 4972 ὅν
2448 4915 3128 4997 κόμηταιέξκουϐιτώρων
3182 4926 3266 4997 τῇ,
3340 4924 3559 4992 συνήθει
3618 4923 3775 4997 φωνῇ

2114 4988 2234 5050 ἔθος
2263 4988 2817 5063 Ῥωμαίοιςκαλεῗν.
2850 4988 3029 5066 Ιείιιιεέ
3054 4988 3575 5051 ἱάθιῐι’ἲοι·εαη’θει
3593 4988 3774 5063 quem

2115 5067 2248 5134 post
2276 5070 2634 5120 memoratos
2665 5067 3007 5123 emcubitores
3030 5067 3496 5122 domesticorum
3518 5068 3776 5121 comitem

2114 5135 2485 5260 Excubitorem
2545 5138 2788 5193 nomine
2841 5144 3115 5194 recenset
3172 5138 3552 5194 Marcellinus
3586 5137 3626 5191 l.
3672 5153 3774 5191 xx.

2161 5222 2287 5260 om.
2592 5220 2595 5221 '

2161 5222 2287 5261 OAR.

2182 5277 2297 5419 (74)
2329 5279 2582 5332 Zonaras
2613 5297 2747 5335 eum
2781 5297 2849 5335 ex
2883 5281 3133 5351 pedibus
3163 5281 3465 5337 laborasse
3498 5280 3601 5335 ait.
3632 5279 3775 5333 XvL.

2218 5352 2271 5401 75
2324 5351 2560 5415 Ignorat
2590 5352 2894 5419 Xylander
2950 5354 3177 5409 caelestis
3223 5354 3440 5408 militia:
3482 5350 3775 5419 principis

2167 5350 2297 5429 ((5)
2324 5351 2560 5429 l‘gnorat
2590 5350 2899 5422 Xylander
2950 5354 3177 5429 caelestis
3223 5354 3440 5429 militia:
3482 5350 3779 5429 principis

2110 5419 2410 5496 Michaelis
2441 5419 2684 5496 nomen,
2745 5431 2804 5479 et
2859 5425 3171 5495 pueriliter
3213 5419 3531 5496 principem
3573 5419 3777 5478 ducum

2110 5491 2375 5562 appeHat
2433 5494 2609 5548 ϐολῇ.

2182 5562 2297 5634 (76)
2351 5565 2653 5639 Eat-gellius
2712 5566 3033 5639 legendum
3092 5586 3161 5623 ex
3208 5569 3438 5622 Zonara
3491 5571 3551 5622 et
3599 5565 3774 5639 Nice—

2107 5634 2295 5760 ἓξῖΓο
2330 5652 2461 5702 xvn,
2494 5637 2562 5691 36
2597 5654 2609 5703 ;
2644 5644 2704 5691 et
2728 5634 2863 5710 post
2892 5639 3069 5710 paulo
3103 5639 3406 5695 Cedrenns
3433 5639 3515 5695 ita
3570 5637 3767 5693 habet.

2161 5721 2246 5760 γι..
