4120 6416
369 371 494 433 ’749

375 499 623 560 ἀπέλαϐε
690 504 784 560 τὸν
840 504 1029 578 θρόνον
1106 504 1746 568 Κωνσταντινουπόλεως.
1829 507 1892 563 Ὀ

371 591 632 669 βασιλεὺς
666 594 967 662 ἀσθενήσας
1009 593 1100 648 καὶ
1184 595 1378 669 μικρὸν
1435 594 1641 658 ἀνεθεὶς
1701 591 2041 669 προσεκαλέ-

365 704 497 738 σατο
527 683 625 738 τόν
658 704 718 738 τε
777 683 1040 758 ἀρχιερέα
1085 683 1177 738 καὶ
1230 684 1328 752 τήν
1385 683 1693 757 σύγκλητον
1757 685 1843 739 καὶ
1906 682 2041 737 πάν-

364 793 483 842 τας,
553 771 645 827 καὶ
704 771 926 860 ἀγαγὼν
980 773 1072 827 τὸν
1133 773 1374 844 Καίσαρα
1432 767 1684 848 Τιϐέριον
1774 771 2044 860 παρουσίᾳ

369 864 587 918 πάντων
621 856 964 936 προεϐάλετο
1024 861 1189 917 αὐτὸν
1252 862 1498 938 βασιλέα,
1562 863 1750 918 εἰπών·
1786 864 1848 920 Ὀ
1906 856 2035 926 Θεὸς

379 951 578 1028 ἀγαθόν
613 971 671 1005 σε
724 951 964 1020 ποιήσας
1019 949 1204 1022 αὑτὸς,
1266 952 1368 1006 οὐκ
1418 950 1544 1026 ἐγὼ,
1603 953 1667 1006 τὸ
1713 959 1911 1030 σχῆμα
1941 959 2040 1022 τῆς

382 1040 666 1117 βασιλείας
719 1062 803 1096 σοι
863 1039 1081 1100 δίδωσι.
1141 1045 1392 1116 Τιμησον
1434 1043 1590 1111 αὐτὸ,
1656 1043 1747 1097 ἳνα
1800 1045 2042 1116 τιμηθῇς

378 1132 468 1186 ὑπ’
502 1131 697 1188 αὐτοῦ.
737 1131 829 1200 Μή
862 1129 1163 1206 ἐπιχαίρῃς
1195 1131 1408 1205 αἵμασι,
1447 1134 1522 1206 μή
1557 1133 1810 1187 κοινώνει
1833 1133 2040 1210 φόνοις.

375 1222 466 1290 Μὴ
525 1221 687 1276 κακὸν
748 1220 865 1276 ἀντὶ
926 1225 1099 1276 κακοῦ
1157 1220 1476 1297 ἀποδώσῃς.
1535 1224 1630 1292 Μὴ
1667 1227 1871 1296 μηνιῇς
1909 1221 2042 1297 τινί,

376 1311 453 1372 ὡς
499 1309 675 1386 κάγώ·
738 1311 894 1388 κάγὼ
961 1311 1067 1388 γὰρ
1128 1317 1341 1384 μηνιῶν
1375 1306 1622 1382 ἕπταισα,
1681 1311 1770 1366 καὶ
1817 1311 2042 1390 σφαλεὶς

375 1396 655 1456 ἀπέλαϐον
683 1402 822 1456 κατὰ
849 1401 944 1463 τὰς
977 1400 1211 1474 ἀνομίας
1257 1420 1385 1476 μου·
1447 1401 1595 1458 ἀλλὰ
1653 1400 1948 1477 δικάσομαι
1988 1400 2040 1456 ἐν

374 1494 456 1562 τῷ
485 1495 605 1562 Θεῷ
633 1495 752 1552 τοῖς
811 1485 1193 1546 ὓποϐάλλουσί
1257 1513 1352 1565 μοι
1404 1498 1594 1551 ταῦτα.
1652 1494 1746 1562 Μὴ
1805 1492 2044 1566 ἐπαρθῇς

375 1578 462 1635 ἐπὶ
489 1584 626 1654 τιμῇ
648 1587 715 1650 τῆ
741 1603 766 1645 ς
809 1579 1088 1655 βασιλείας
1121 1602 1240 1638 σου.
1285 1583 1475 1645 Οὓτως
1530 1580 1628 1662 ἔχε
1683 1582 1809 1644 τοὺς
1841 1582 2042 1643 πάντας

376 1670 451 1730 ὡς
481 1669 689 1726 ἑαυτόν.
719 1673 889 1724 Γνῶθι
918 1669 1004 1732 τίς
1044 1673 1111 1740 ἧς
1151 1670 1243 1726 καὶ
1299 1671 1382 1734 τίς
1442 1672 1495 1726 εἶ
1549 1677 1664 1728 νῦν.
1700 1673 1800 1739 Μὴ
1842 1672 2040 1746 ὑπερή-

380 1779 548 1836 φανος
579 1760 643 1829 ᾖς
672 1764 790 1820 τοῖς
823 1759 1161 1836 ὁμοφύλοις,
1192 1761 1282 1814 καὶ
1317 1759 1425 1836 οὐχ
1455 1760 1728 1835 ἁμάρτῃς.
1761 1758 1929 1822 Οἶδας
1959 1760 2042 1820 τίς

377 1845 529 1919 ἤμην
561 1847 651 1902 καὶ
701 1847 781 1910 τίς
827 1846 942 1920 εἰμι
1000 1853 1110 1916 νῦν,
1170 1849 1260 1904 τὸν
1319 1851 1546 1913 θάνατον
1610 1848 1662 1904 ἐν
1725 1848 2038 1921 ὀφθαλμοῖς
2073 1883 2120 1948 Β

377 1937 544 2012 ὁρῶν.
591 1937 790 1997 Πάντες
823 1935 977 1991 οὗτοι
1026 1937 1077 1992 οἱ
1142 1939 1538 2012 παριστάμενοι
1595 1935 1786 1994 δοῦλοί
1815 1937 1918 1992 είσι
1949 1936 2040 1992 καὶ

375 2025 537 2080 τέκνα
595 2047 711 2082 σου.
783 2029 876 2098 Τῷ
930 2030 1144 2102 στρατῷ
1202 2028 1464 2101 πρόσεχε.
1553 2024 1884 2102 Ἀνάνδρους
1949 2023 2041 2081 καὶ

379 2114 667 2177 ἀσυνέτους
727 2115 804 2188 μή
868 2117 1248 2190 προχειρίζου.
1302 2118 1395 2186 Μή
1449 2137 1507 2171 σε
1559 2116 1898 2171 πεισάτωσαν
1955 2115 2039 2170 ὅτι

377 2205 468 2260 καὶ
500 2205 554 2259 οἱ
584 2205 692 2279 πρὸ
738 2208 837 2261 σοῦ
896 2205 1071 2268 οὕτως
1131 2202 1455 2280 διεγένοντο.
1512 2209 1692 2262 Ταῦτα
1748 2208 2040 2282 παρεγγυῶ

380 2313 464 2347 σοι
496 2293 586 2348 καὶ
617 2297 864 2368 παραινῶ
896 2293 984 2370 ἀφ’
1048 2294 1122 2348 ὧν
1153 2287 1368 2358 ἔπαθον.
1433 2294 1752 2368 Περιουσίας
1795 2295 1847 2348 οἱ
1879 2291 2038 2370 ἔχον·

375 2402 463 2444 τες
494 2380 920 2437 ἀπολαυέτωσαν
976 2381 1156 2438 αὐτῶν
1215 2383 1531 2458 χρησίμως.
1582 2389 1707 2446 Τοῖς
1744 2384 1820 2457 μή
1851 2378 2040 2459 ἔχουσί

380 2491 437 2526 σε
490 2470 859 2548 προετίμησα.
946 2473 1060 2540 Τήν
1129 2471 1338 2548 μητέρα
1413 2493 1530 2543 σου,
1599 2475 1700 2544 τήν
1757 2469 1890 2527 ποτέ
1943 2493 2038 2526 σου

381 2558 666 2618 δέσποιναν
728 2561 1051 2639 γενομένην,
1109 2557 1269 2618 σέϐου
1325 2561 1415 2617 καὶ
1472 2562 1626 2636 τίμα·
1686 2561 1886 2628 δοῦλος
1936 2563 2036 2637 γὰρ

381 2649 523 2718 ἦσθα
545 2652 836 2726 πρότερον,
869 2656 960 2705 νῦν
995 2648 1052 2706 δὲ
1080 2656 1243 2724 γενοῦ
1300 2654 1417 2713 υἱὸς
1475 2652 1666 2722 αὐτῆς.
1727 2656 1909 2710 Ταῦτα
1967 2651 2040 2706 εἰ·

377 2741 579 2797 πόντος
607 2745 703 2796 τοῦ
748 2739 1042 2817 βασιλέως,
1083 2743 1173 2798 καὶ
1221 2746 1318 2797 τοῦ
1377 2741 1650 2818 Καίσαρος
1685 2742 1734 2797 ἐν
1785 2749 1903 2805 τοῖς
1935 2763 2040 2796 πο-

379 2831 461 2885 σὶν
494 2832 660 2887 αὐτοῦ
694 2830 952 2894 πεσόντος
986 2833 1123 2906 (⁸⁸7),
1170 2827 1273 2906 ἔφη
1335 2834 1362 2887 ὁ
1424 2831 1702 2907 βασιλεύς·
1730 2832 1798 2888 Εἴ
1837 2831 2036 2904 θέλεις,

379 2919 518 2994 εἰμὶ,
551 2920 597 2976 εἰ
629 2920 690 2976 ού
726 2920 926 2992 θέλεις,
960 2920 1022 2976 οὐ
1059 2926 1152 2990 ζῶ.
1187 2922 1248 2979 Ὀ
1295 2923 1423 2984 Θεὸς
1457 2923 1484 2977 6
1541 2923 1633 2978 τὸν
1662 2919 1889 2998 οὒρανὸν
1948 2924 2036 2978 καὶ

377 3011 478 3080 τὴν
509 3017 609 3086 γῆν
643 3014 902 3083 ποιήσας,
945 3007 1162 3087 ἐμϐάλῃ
1219 3012 1296 3074 εἷς
1353 3015 1453 3083 τήν
1511 3011 1736 3090 καρδίαν
1794 3035 1890 3069 σου
1946 3016 2037 3069 καὶ

382 3098 550 3167 ἄλλα,
583 3098 995 3174 ἅέπελαθόμην
1054 3101 1226 3157 εἰπεῖν
1284 3124 1391 3161 σοι.
1452 3107 1568 3173 Της
1623 3104 1786 3158 νόσου
1846 3101 1903 3157 δὲ
1957 3125 2038 3176 τῳ

389 3186 605 3262 βασιλεῖ
637 3189 840 3262 βαρέως
874 3189 1226 3265 ἐπικειμένης
1263 3192 1378 3265 μετ’
1411 3191 1472 3246 ού
1512 3191 1658 3248 πολὺ
1690 3190 2030 3263 ἐτελεύτησε.

1507 373 1989 434 BISTOltlARU
2002 372 2058 432 M
2103 373 2423 434 COMPltN
2438 375 2662 436 DIUM.

3681 375 3812 435 750

1979 503 2037 561 δὲ
2069 509 2124 575 Α
2155 509 2485 580 Imperator
2514 513 2712 565 autem
2743 524 2880 563 cum
2901 507 3125 562 afﬂicta
3153 506 3484 563 valetudine
3507 512 3814 580 utcunque

2151 614 2213 652 se
2247 598 2604 669 collegisset,
2638 596 3038 670 patriarcham
3091 600 3360 650 senatum
3423 601 3480 650 et
3522 598 3810 669 populum

2151 689 2494 742 convocavit
2527 705 2539 752 ;
2575 688 2980 759 productoque
3013 687 3074 740 in
3121 691 3506 756 conspectum
3537 687 3810 742 omnium

2149 776 2382 831 Tiberio
2413 779 2642 833 Caesare
2675 777 2991 848 imperium
3024 775 3076 831 ei
3109 775 3431 842 commisit,
3462 775 3810 846 hujusmodi

2149 867 2418 922 oratione
2451 867 2651 921 habita
2686 883 2697 920 :
2732 867 2906 932 Deus,
2941 866 3042 936 qui
3071 871 3127 920 te
3157 865 3382 920 bonum
3413 863 3576 932 fecit,
3610 863 3811 932 is,non

2151 973 2278 1029 ego,
2312 958 2424 1012 hoc
2449 964 2501 1012 te
2536 963 2708 1012 ornat
2739 957 2964 1012 habitu.
2989 957 3152 1011 llunc
3180 955 3449 1010 habitum
3473 958 3814 1009 reverenter

2151 1047 2323 1114 habe,
2375 1053 2440 1100 ut
2486 1048 2558 1102 ab
2608 1047 2737 1117 ipso
2790 1045 2944 1101 686
2998 1047 3223 1101 honore
3311 1045 3617 1100 afﬁciaris.
3679 1041 3812 1098 Noli

2150 1136 2406 1206 gaudere
2437 1137 2565 1190 fuso
2599 1135 2908 1208 sanguine,
2952 1151 3146 1206 neque
3179 1133 3639 1191 homicidiorum
3670 1148 3811 1204 par-

2153 1225 2338 1296 ticeps
2361 1231 2508 1280 esto.
2543 1225 2758 1280 Malum
2817 1223 2974 1279 malo
3033 1223 3362 1296 rependere
3421 1222 3566 1292 noli,
3615 1235 3812 1292 neque

2150 1315 2383 1386 gravius
2414 1315 2689 1385 cuiquam
2724 1329 3124 1381 succensere;
3178 1313 3237 1367 id
3296 1311 3456 1382 quod
3515 1327 3621 1384 ego
3673 1325 3812 1365 cum

2151 1404 2450 1469 fecissem,
2483 1404 2670 1459 erravi
2715 1420 2784 1458 ac
2840 1407 3219 1473 peccatorum
3277 1417 3548 1456 meorum
3608 1399 3810 1470 accepi

2151 1494 2510 1559 mercedem,
2545 1509 2888 1564 quanquam
2917 1493 3070 1547 Deus
3105 1492 3219 1546 mei
3281 1507 3460 1546 causa
3491 1489 3816 1545 ulciscetur

2150 1601 2252 1639 eos
2302 1584 2401 1654 qui
2459 1584 2574 1639 ista
2629 1583 2774 1638 mihi
2838 1588 3178 1639 suaserunt.
3231 1583 3310 1636 Ne
3369 1579 3679 1652 superbias
3737 1577 3811 1633 ob

2152 1673 2386 1744 imperii
2423 1673 2503 1727 tui
2538 1673 2935 1743 majestatem.
2957 1673 3177 1727 Omnes
3211 1670 3419 1726 eodem
3447 1686 3564 1740 quo
3589 1673 3645 1724 te
3681 1668 3810 1722 loco

2151 1763 2325 1818 habe.
2359 1763 2560 1835 Cogita
2592 1762 2725 1834 quis
2783 1763 2966 1817 fueris
3021 1766 3079 1815 et
3132 1760 3267 1831 quis
3325 1776 3486 1815 nunc
3518 1757 3620 1813 sis.
3678 1756 3810 1812 Noli

2153 1853 2404 1924 superbe
2437 1858 2643 1907 contra
2673 1851 2926 1923 gentiles
2977 1856 3108 1904 tuos
3162 1849 3382 1916 efferri,
3442 1865 3516 1903 ne
3576 1863 3807 1919 pecces.

2151 1943 2274 1996 Scis
2306 1942 2406 2012 qui
2440 1942 2654 1996 fuerim
2683 1947 2742 1995 et
2800 1941 2932 2010 quis
2977 1955 3138 1994 nunc
3171 1939 3306 2002 sim,
3340 1943 3595 1993 mortem
3671 1941 3808 1990 ante

2150 2031 2354 2086 oculos
2386 2031 2633 2086 habens.
2667 2031 2886 2085 Omnes
2918 2029 2977 2082 hi
3037 2029 3138 2098 qui
3194 2027 3602 2093 circumstant,
3655 2023 3810 2079 servi

2151 2122 2235 2177 tui
2270 2127 2408 2177 sunt
2440 2125 2497 2174 et
2527 2121 2610 2176 tui
2645 2121 2775 2176 ﬁlii.
2807 2119 3113 2174 Exercitus
3150 2133 3353 2173 curam
3411 2133 3572 2188 gere.
3606 2115 3812 2172 Molles

2152 2219 2210 2268 et
2240 2213 2650 2286 imprudentes
2682 2230 2756 2268 ne
2791 2212 3106 2284 praeficias.
3159 2212 3360 2281 Neque
3422 2227 3490 2264 eo
3540 2209 3644 2263 tibi
3677 2224 3813 2280 per-

2153 2303 2464 2368 suadeant,
2497 2302 2655 2374 quod
2687 2303 2917 2374 priores
2949 2306 3004 2355 te
3038 2301 3428 2372 imperatores
3464 2298 3611 2353 tales
3629 2298 3811 2352 fuisse

2151 2393 2372 2449 dicent.
2403 2394 2537 2448 Haec
2559 2391 2664 2446 tibi
2714 2390 3017 2463 praecipio,
3077 2405 3327 2460 meoque
3377 2387 3623 2442 edoctus
3655 2385 3810 2442 malo

2149 2484 2357 2538 hortor
2396 2489 2461 2536 ut
2528 2482 2599 2535 iis
2650 2486 2791 2536 stes.
2842 2480 2950 2544 Qui
3002 2478 3330 2550 locupletes
3380 2480 3538 2544 sunt,
3599 2474 3812 2546 opibus

2149 2572 2377 2628 utiliter
2405 2571 2698 2625 fruantur.
2725 2567 2966 2623 Prwtuli
3027 2573 3087 2622 te
3140 2566 3213 2620 iis
3266 2565 3366 2635 qui
3401 2581 3523 2619 non
3563 2562 3807 2619 habent.

2149 2664 2390 2716 Matrem
2424 2666 2765 2729 tuam,quaa
2825 2657 3070 2712 domina
3127 2653 3456 2725 aliquando
3517 2658 3616 2707 tua
3675 2651 3806 2720 fuit,

2149 2751 2275 2806 cole
2300 2767 2366 2805 ac
2401 2765 2668 2804 reverere
2705 2765 2716 2801 :
2751 2763 2953 2801 servus
3016 2745 3177 2800 enim
3236 2747 3397 2808 ante,
3451 2758 3612 2796 nunc
3645 2740 3806 2796 ﬁlius

2149 2841 2278 2911 ejus
2309 2839 2498 2894 factus
2547 2853 2630 2893 es.
2682 2837 2816 2890 Haec
2866 2834 3098 2890 locutus
3158 2833 3504 2904 imperator,
3565 2846 3701 2886 cum
3733 2827 3808 2884 ad

2147 2930 2330 3001 pedes
2363 2930 2491 3000 ejus
2523 2945 2584 2983 se
2618 2927 3037 2999 prostravisset
3065 2927 3280 2990 Caesar,
3314 2920 3546 2978 addidit
3573 2938 3585 2975 :
3622 2921 3677 2976 Si
3697 2920 3806 2987 vis,

2148 3037 2280 3075 sum
2308 3036 2320 3072 :
2354 3019 2410 3073 Si
2439 3036 2558 3073 non
2587 3018 2690 3084 vis,
2724 3033 2843 3071 non
2890 3016 3098 3070 vivam.
3146 3015 3301 3068 Deus
3359 3012 3461 3083 qui
3506 3010 3718 3066 malum
3752 3016 3814 3066 et

2149 3115 2367 3164 terram
2400 3106 2689 3174 condidit,
2715 3106 2775 3160 in
2809 3122 2910 3160 cor
2927 3109 3094 3159 tuum
3129 3102 3295 3157 indat
3320 3101 3440 3156 alia
3469 3101 3811 3171 etiam,qua3

2150 3200 2255 3255 tibi
2291 3199 2485 3254 dicere
2517 3197 2738 3252 oblitus
2761 3212 2912 3251 sum.
2946 3191 3585 3263 Cmterumimperator
3607 3189 3814 3245 morbo

386 3276 490 3332 Καὶ
521 3273 671 3348 ἐτέθη
696 3277 756 3332 τὸ
793 3283 947 3353 σῶμα
977 3263 1142 3335 αὐτοῦ
1191 3263 1357 3353 ἐντῷ
1413 3281 1584 3354 ἡρῴῳ
1623 3282 2031 3351 Ἰουστινιανοῦ,

2154 3291 2590 3361 ingravescente
2636 3286 2793 3341 haud
2852 3284 3040 3340 multo
3100 3287 3234 3354 post
3264 3282 3444 3337 vitam
3494 3279 3810 3335 conclusit.

380 3363 438 3471 ἐν
469 3363 693 3465 λάρνακι
728 3368 1134 3443 Προικοννησίῳ
1154 3371 1268 3445 (78)
1287 3370 1423 3443 μετὰ
1449 3369 1650 3448 Σοφίας
1663 3377 1763 3441 τῆς
1781 3371 2037 3447 γυναικὸς

377 3473 567 3513 αυτου.

449 3634 575 3691 Ἐπῖ
628 3637 716 3710 [Ρ.
778 3639 904 3709 392]
961 3636 1160 3692 τούτου
1210 3642 1309 3692 τοῦ
1367 3633 1752 3695 εὐσεϐεστάτου
1817 3639 2040 3698 ’Ῑουστί-

378 3745 478 3780 νου
507 3721 775 3788 Ἰουδαῖός
804 3747 890 3789 τις
948 3725 1000 3781 ἐν
1055 3729 1127 3800 τῇ
1172 3727 1336 3783 πόλει
1387 3727 1623 3802 ὑελοψὸς
1680 3727 1899 3785 παιδίον
1956 3729 2040 3785 ἐκέ

381 3834 553 3885 κτητο
607 3815 914 3890 μονογενὲς,
969 3817 998 3871 ’ὀ
1055 3814 1340 3891 παρέδωκε
1400 3818 1680 3890 μανθάνειν
1741 3825 2042 3895 γράμματα

383 3902 625 3986 πλησίον
657 3911 758 3973 τῆς
792 3903 1051 3980 Μεγάλης
1084 3904 1438 3976 Ἐκγλησίας,
1497 3908 1564 3976 ἧς
1620 3909 1648 3962 6
1702 3910 2038 3986 σκευοφύλαξ

386 3985 533 4070 ἔχων
585 3991 814 4067 λείψανα
867 3993 1056 4050 πολλὰ
1111 4001 1211 4064 τῆς
1298 3994 1454 4069 ἁγίας
1508 3993 1782 4069 τραπέζης
1839 3985 2042 4052 δέδωκε

382 4085 502 4142 τοῖς
536 4080 694 4136 παισὶ
725 4082 864 4157 πρὸς
906 4081 970 4138 τὸ
1011 4080 1319 4153 δαπανῆσαι
1377 4082 1529 4139 αὐτά.
1591 4085 1725 4141 Μεθ’
1783 4085 1856 4139 ὧν
1913 4108 2033 4142 συν·

380 4169 522 4240 ἦλθε
569 4170 662 4225 κτὶ
746 4172 809 4226 τὸ
884 4169 1183 4229 Ἰουδαϊκὸν
1241 4171 1483 4228 παιδίονο
1547 4173 1678 4246 ὅπερ
1748 4173 2040 4244 ἀπολυθὶν,

379 4261 518 4334 πρὸς
551 4259 681 4324 τοὺς
708 4266 887 4336 γονεῖς
936 4261 1102 4318 αὐτοῦ
1142 4261 1375 4330 ἀπῆλθε.
1435 4262 1538 4318 Καί
1591 4285 1755 4343 φησιν
1809 4265 2041 4341 ὁπατὴρ

379 4349 713 4406 αὖτοῦ.“1να
750 4349 802 4404 τί
863 4345 1183 4426 ἐϐρᾶδυνας,
1239 4353 1468 4422 τέκνον;
1529 4353 1587 4405 Ὀ
1645 4350 1702 4407 δὲ
1757 4359 1885 4416 παῖς
1936 4355 2043 4410 άπ-

380 4439 594 4512 εκρίοηο
627 4441 775 4496 Μετᾶ
803 4446 909 4496 τῶν
940 4446 1290 4516 Χριστιανῶν
1343 4439 1579 4496 παιδίων
1615 4442 1694 4504 εἷς
1713 4445 1812 4513 τήν
1863 4447 2042 4519 Μεγά-

380 4525 485 4599 λην
519 4529 849 4601 Ἐκκλησίαν
886 4529 1088 4612 ἔφαγον
1148 4531 1327 4607 κάγὼ,
1387 4533 1577 4606 πάτερ.
1639 4534 1702 4589 Ὀ
1757 4529 1814 4589 δὲ
1855 4531 2042 4597 δόλιος

2143 3381 2368 3450 Corpus
2395 3379 2524 3449 ejus
2556 3377 2618 3430 in
2678 3376 2860 3430 heroo
2915 3371 3237 3429 Justiniani
3298 3369 3638 3442 depositum
3697 3373 3809 3438 est,

2143 3470 2206 3524 in
2263 3485 2401 3524 arca
2458 3465 2906 3531 Proconnesia;
2951 3463 3244 3535 juxtaque
3331 3458 3572 3532 Sophia,

3657 3473 3810 3514 uxor

2145 3560 2294 3630 ejus.

2218 3648 2337 3702 Hoc
2366 3646 2596 3701 Iustino
2628 3645 2959 3716 imperante
2990 3639 3232 3712 quidam
3260 3639 3323 3694 in
3353 3636 3499 3693 urbe
3520 3637 3806 3692 vitrorum

2147 3736 2440 3792 contlator
2468 3735 2706 3790 Iudaeus
2764 3732 2913 3787 687
2976 3731 3219 3786 unicum
3269 3727 3478 3783 habuit
3525 3724 3804 3795 filiolum,

2147 3843 2323 3898 quem
2340 3826 2402 3879 in
2431 3824 2695 3880 scholam
2721 3838 2934 3893 magno
2954 3819 3176 3892 templo
3194 3818 3449 3873 vicinam
3473 3816 3809 3871 litterarum

2147 3914 2569 3971 discendarum
2601 3928 2779 3968 causa
2800 3911 3035 3966 mittere
3091 3907 3344 3964 solebat.
3407 3906 3549 3976 Ejus
3606 3901 3814 3976 templi

2149 4003 2407 4058 aedituus
2437 4019 2572 4057 cum
2608 3999 3088 4056 haberetmultas
3103 4013 3284 4052 sacrae
3306 4012 3487 4050 coma)
3501 3991 3814 4064 reliquias,

2149 4092 2350 4164 pueris
2401 4091 2535 4145 illas
2592 4087 3034 4144 consumendus
3093 4085 3291 4140 dabat.
3346 4084 3425 4138 lis
3482 4083 3633 4138 forte
3688 4085 3815 4138 tum

2149 4181 2339 4238 adluit
2365 4180 2625 4244 Judazus,
2659 4194 2837 4248 quem
2868 4176 3012 4244 dixi,
3046 4173 3352 4246 puerulus.
3392 4171 3496 4226 Hic
3527 4170 3814 4226 dimissus

2150 4288 2282 4327 cum
2318 4270 2561 4325 domum
2601 4267 2900 4332 rediisset,
2935 4282 2969 4320 a
3027 4270 3190 4336 patre
3251 4277 3492 4317 causam
3533 4257 3816 4314 tardioris

2149 4361 2391 4417 domum
2444 4357 2755 4414 reditionis
2804 4353 3136 4426 postulatus
3191 4349 3501 4423 respondit
3557 4365 3618 4404 se
3677 4363 3813 4403 cum

2151 4450 2624 4505 Christianorum
2683 4445 2883 4518 pueris
2934 4444 2993 4498 in
3051 4459 3264 4514 magno
3336 4437 3562 4510 templo
3615 4436 3815 4492 cibum

2155 4539 2501 4610 sumpsisse.
2536 4541 2608 4590 At
2635 4535 2873 4590 Judzous
2935 4539 3121 4606 pater,
3171 4530 3381 4586 dolosa
3439 4528 3544 4584 illa
3600 4526 3814 4593 bestia,

380 4616 584 4682 ἐκεῖνος
617 4621 722 4694 θήρ
755 4619 962 4699 σφόδρα
1015 4621 1225 4693 μανεὶς,
1289 4621 1424 4694 μετὰ
1477 4622 1540 4676 τὸ
1592 4621 1879 4697 ἀριστῆσαι
1940 4622 2041 4679 λα-

2154 4628 2376 4700 ingenti
2409 4627 2607 4682 furore
2635 4625 2915 4696 percitus,
2941 4640 2975 4678 a
3009 4621 3256 4694 prandio
3304 4635 3555 4692 puerum
3587 4617 3646 4672 in
3675 4615 3816 4670 ofﬁ-

379 4703 492 4763 ϐὼν
526 4709 589 4764 τὸ
623 4707 838 4764 παιδίον
872 4710 963 4765 καὶ
995 4708 1253 4774 ἀπελθὼν
1285 4710 1360 4772 εἰς
1412 4710 1476 4764 τὸ
1518 4708 1882 4787 ἐργαστήριον
1942 4715 2042 4769 αύ-

380 4802 479 4853 τοῦ
501 4791 718 4872 ἔρῥιψεν
750 4799 878 4853 αὐτὸ
943 4797 1022 4861 εἷς
1086 4801 1186 4867 τήν
1238 4801 1466 4872 κάμινον
1527 4799 1615 4854 καὶ
1665 4799 1886 4862 κλείσας
1943 4805 2042 4873 τήν

382 4887 547 4962 θύραν
581 4887 952 4963 ἀνεχώρησεν.
1005 4889 1066 4946 Ἥ
1121 4888 1177 4943 δὲ
1233 4888 1369 4963 γυνή
1429 4889 1597 4943 αὐτοῦ
1655 4892 1753 4960 τὴν
1784 4893 1919 4946 κατὰ
1949 4897 2045 4947 τοῦ

379 4974 575 5038 παιδὸς
613 4976 805 5050 μανίαν
837 4981 934 5032 τοῦ
987 4974 1202 5051 ἀνδρὸς,
1261 4978 1434 5046 αὐτῆς
1483 4975 1677 5050 εἰδυῖα,
1737 4981 2045 5037 ἀπελθοῦσα

381 5065 435 5121 ἐν
493 5067 574 5138 τῷ
644 5065 987 5144 ἐργαστηρίῳ
1036 5068 1127 5122 καὶ
1183 5065 1272 5122 διὰ
1326 5074 1427 5135 τῆς
1482 5067 1626 5132 όπῆς
1683 5070 2048 5144 παρακύψασα

379 5153 582 5220 ἤκουσε
607 5155 706 5225 τῆς
750 5160 939 5235 φωνῆς
990 5161 1090 5212 τοῦ
1144 5153 1339 5218 παιδὸς
1398 5156 1488 5210 καὶ
1542 5157 1862 5222 εἰσελθοῦσα
1921 5162 2046 5236 εὗρε

2156 4717 2351 4773 cinam
2383 4715 2627 4770 abducit
2657 4715 2839 4784 inque
2873 4712 3175 4768 caminum
3206 4709 3436 4780 abjicit,
3496 4723 3565 4762 ac
3595 4703 3818 4778 opertis

2155 4806 2381 4861 foribus
2412 4804 2656 4860 recedit.
2680 4805 2836 4858 Uxor
2866 4809 3225 4871 autem,qum
3257 4798 3456 4854 mariti
3490 4797 3551 4851 in
3567 4794 3819 4850 filiolum

2157 4896 2417 4950 furorem
2442 4896 2746 4967 cognitum
2761 4893 3028 4960 haberet,
3049 4891 3122 4947 ad
3153 4890 3456 4945 ofﬁcinam
3469 4903 3602 4942 cum
3619 4900 3818 4941 acces-

2157 4987 2349 5050 sisset,
2383 5002 2490 5055 per
2521 4985 2730 5039 rimam
2768 4982 3189 5053 introspiciens
3217 4979 3384 5051 pueri
3412 4993 3614 5032 vocem
3644 4989 3821 5030 exau-

2157 5076 2318 5130 divit.
2356 5077 2426 5128 Et
2456 5074 2725 5145 ingressa
2755 5072 2984 5128 invenit
3039 5087 3174 5126 eum
3209 5069 3270 5123 in
3320 5068 3494 5122 furno
3520 5065 3818 5134 integrum

2157 5164 2309 5218 nihil
2342 5164 2414 5219 ab
2447 5163 2582 5233 igne
2613 5178 2877 5234 passum.
2910 5161 3017 5224 Qui
3073 5175 3107 5214 a
3158 5161 3346 5212 matre
3378 5153 3650 5217 eductus,
3681 5167 3818 5206 cum

1585 5266 1946 5326 XYLANDRI
1989 5274 2075 5326 ET
2114 5273 2333 5329 (ἶοΑΒί
2372 5273 2595 5327 ΝΟΤ.-Ε.

454 5390 567 5472 (Ti)
596 5390 922 5472 adoptatos
952 5389 1026 5472 ad
1057 5390 1691 5472 pedes‘adoptant‘ium
1728 5395 2050 5472 procidere

384 5459 558 5542 docet
585 5459 745 5542 rithus
763 5459 1201 5542 euchologicus.
1228 5459 1478 5517 Praestat
1525 5462 1585 5516 id
1615 5459 1857 5542 Iustino
1877 5469 2051 5542 Tibe-

385 5532 532 5600 rius,
559 5538 616 5588 et
647 5533 928 5606 SOphiam
960 5532 1173 5606 Justini
1224 5551 1468 5589 uxorem
1520 5551 1640 5590 non
1673 5535 1799 5606 jam
1833 5532 2051 5594 δέσποι-

381 5623 499 5670 ναν,
532 5605 962 5675 imperatricem.
988 5605 1090 5660 sed
1136 5613 1367 5661 matrem
1398 5606 1510 5661 sibi
1570 5605 2048 5668 commendatam

384 5679 671 5749 agnoscit.
691 5677 1059 5732 Refertidem
1085 5677 1407 5734 Simocatta
1435 5677 1564 5734 loco
1595 5678 1808 5746 citato;
1831 5681 2051 5753 ipsum-

2164 5414 2277 5468 que
2307 5395 2718 5468 patriarchami
2757 5389 3095 5468 adoptionis
3143 5393 3277 5468 vota
3331 5402 3401 5440 ex
3458 5379 3820 5468 Euchologio

2162 5451 2374 5550 legisse
2402 5473 2628 5550 narrat,
2651 5467 2724 5522 ad
2756 5451 2926 5535 cujus
2945 5476 3150 5534 preces
3183 5459 3361 5514 etiam
3393 5451 3820 5513 astantesbene

2162 5539 2283 5595 sint
2311 5539 2635 5611 apprecati.
2669 5541 2842 5611 (ipsa,
2888 5605 2938 5611 ι
3020 5603 3034 5611 _
3234 5603 3248 5611 _
3476 5600 3493 5611 ,
3599 5595 3614 5611 ,
3663 5593 3699 5611 ,.

2233 5595 2619 5683 (78)'i.apidis
2649 5609 2768 5663 albi
2794 5595 3172 5683 (Strabone
3234 5603 3271 5657 1.
3327 5595 3726 5683 xiii/laudati,
3787 5609 3818 5647 e

2159 5673 2554 5740 Prmconnéso
2586 5678 2983 5751 Pr0pontidos
3014 5673 3212 5732 insula
3244 5674 3419 5731 eruti.
3453 5674 3628 5727 Com.
