4120 6422
346 393 465 458 ’151

1706 372 2029 437 GEORGII
2073 370 2417 436 CEDRENI

3654 374 3777 435 752

342 524 813 595 interrogaretur
843 530 1106 588 quonam
1162 517 1334 585 pacto
1392 509 1617 564 illmsus
1674 523 1709 562 a
1742 505 1986 561 ﬂammis

2115 503 2206 595 τον
2264 502 2435 561 παῖδα
2483 506 2796 578 καθήμενον
2854 502 3053 559 ἔσωθεν
3106 510 3211 574 τῆς
3266 503 3503 578 καμίνου
3568 502 3780 559 ἀκατά-

346 612 692 679 mansisset,
734 605 1048 679 respondit
1073 602 1304 658 venisse
1363 597 1684 669 quamdam
1746 610 2010 667 purpura

345 703 627 761 amictam
657 698 963 761 feminam,
997 710 1128 764 quae
1169 696 1230 745 et
1284 691 1483 761 ignem
1545 685 1898 741 exstinxerit
1949 689 2009 738 et

342 793 543 865 ipsum
573 805 781 845 securo
806 785 1007 841 animo
1050 797 1179 836 esse
1206 778 1475 852 jusserit.
1512 775 1598 830 Ad
1632 775 1785 830 hanc
1806 788 2009 827 narra-

341 863 574 937 tionem
606 884 846 948 stupore
878 871 1155 944 perculsa
1184 873 1375 923 mater
1424 882 1561 921 cum
1614 863 1738 919 ﬁlio
1773 865 2005 916 Menam

340 968 742 1044 patriarcham
772 963 1043 1027 accessit,
1086 975 1270 1030 reque
1308 961 1551 1012 narrata
1597 952 1998 1008 Christianam

342 1077 406 1117 se
436 1060 567 1116 ﬁeri
597 1072 813 1129 cupere
837 1054 1003 1110 dixit.
1039 1053 1240 1106 Menas
1272 1063 1398 1103 rem
1457 1046 1531 1101 ad
1578 1045 2001 1115 imperatorem

342 1148 575 1206 detulit.
639 1147 694 1201 Is
751 1149 982 1217 patrem
1032 1154 1271 1211 quoque
1329 1136 1498 1208 pueri
1569 1133 1748 1189 acciri
1797 1130 1999 1203 jussit.

339 1240 604 1309 Cumque
628 1234 898 1291 Judaeum
931 1247 996 1285 re
1028 1228 1370 1285 examinata
1398 1223 1602 1280 multis
1643 1219 2004 1277 adhortatio-

337 1328 514 1384 nibus
543 1325 621 1382 ad
641 1322 994 1381 Christianas
1023 1316 1299 1390 religioni
1333 1313 1595 1370 dandum
1625 1326 1847 1366 nomen
1877 1310 2003 1365 fru-

340 1423 465 1472 stra
486 1418 648 1471 esset
674 1413 970 1476 hortatus,
1004 1408 1068 1463 in
1098 1421 1337 1462 crucem
1368 1402 1459 1473 agi
1510 1417 1645 1457 eum
1697 1398 1901 1472 jussit,
1938 1402 2004 1452 ut

341 1506 442 1578 qui
474 1503 628 1560 688
661 1517 769 1557 suo
811 1499 1000 1571 ipsius
1032 1496 1156 1552 filio
1188 1510 1398 1550 necem
1453 1491 1774 1546 intulisset.
1808 1487 1999 1543 Patri-

340 1596 523 1650 archa
551 1591 869 1648 mulierem
900 1593 959 1643 et
976 1601 1229 1659 puerum
1251 1581 1587 1654 baptizavit,
1613 1579 1777 1634 illam
1798 1593 2004 1636 mona-

336 1684 536 1748 cham,
567 1682 726 1735 hunc
757 1679 1045 1733 lectorem
1075 1673 1235 1729 fecit.

2118 588 2375 669 φλεκτον.
2410 595 2505 651 Ὀν
2563 594 2900 669 ἐξαγαγοῦσαι
2959 594 3151 669 ἠρώτα
3200 592 3364 648 αὐτὸν
3418 598 3536 652 πῶς
3582 591 3786 647 ἀκατά-

2114 678 2349 754 φλειιτος
2382 678 2667 755 διέμείνεψ
2712 682 2740 736 ὁ
2795 678 2852 737 δὲ
2912 680 3251 757 ἀπεκρίνετο·
3312 683 3451 750 Γυνὴ
3509 699 3788 757 πορφυρο-

2114 771 2353 845 φοροῦσα
2382 770 2523 841 ἦλθε
2552 772 2641 827 καὶ
2667 773 2766 841 τήν
2801 770 2981 850 φλόγα
3012 766 3321 839 κατέσϐεσε,
3378 770 3617 847 Λέγουσά
3662 786 3781 843 μοι’

2111 859 2202 926 Μὴ
2237 855 2434 933 φοϐοῦ,
2466 857 2710 917 παιδίον.
2739 862 2804 916 Ἡ
2838 857 2895 915 δὲ
2928 862 3116 935 μήτηρ
3165 860 3332 915 αὐτοῦ
3389 864 3560 915 ταῦτα
3617 859 3784 914 ἀκού-

2111 968 2247 1001 σασα
2298 950 2389 1003 καὶ
2446 948 2858 1025 καταπλαγεῖσα
2913 947 3133 1019 ἀπῆλθε
3191 949 3285 1004 σὺν
3344 953 3425 1022 τῷ
3485 950 3590 1022 υἱῷ
3639 948 3779 1023 πρὸς

2108 1036 2200 1091 τὸν
2258 1038 2613 1114 πατριάρχην
2692 1044 2905 1110 Μηνᾶν,
2989 1038 3081 1093 καὶ
3165 1040 3340 1094 πάντα
3416 1036 3779 1114 ἀναγγείλασα

2108 1126 2404 1202 παρεκάλει
2434 1131 2744 1204 Χριστιανή
2774 1128 3045 1203 γενέσθαι.
3104 1129 3166 1186 Ὁ
3226 1125 3285 1184 δὲ
3340 1128 3477 1203 πρὸς
3515 1128 3609 1183 τὸν
3671 1129 3776 1202 βα·-

2111 1214 2267 1271 σιλέα
2351 1218 2626 1295 ἀπήγαγε,
2683 1218 2775 1274 καὶ
2833 1216 3111 1273 ἐκέλευσεν
3188 1218 3217 1272 ὁ
3290 1215 3549 1292 βασιλεὺς
3603 1235 3777 1290 παρα-

2109 1312 2304 1375 στῆναι
2335 1307 2425 1361 καὶ
2477 1307 2569 1362 τὸν
2628 1308 2835 1382 πατέρα
2882 1312 2982 1363 τοῦ
3037 1305 3281 1377 παιδίου,
3345 1306 3438 1362 καὶ
3494 1304 3630 1380 μετὰ
3673 1304 3775 1374 τὴν

2109 1391 2346 1464 ἐξέτασιν
2404 1395 2703 1471 παρεκάλει
2752 1397 2844 1452 τὸν
2900 1391 3155 1471 Ἑϐραῖον
3214 1397 3246 1452 ὁ
3294 1393 3553 1472 βασιλεὺς
3622 1394 3775 1469 γενέ-

2109 1485 2231 1539 σθαι
2309 1484 2672 1558 Χριστιανόν.
2763 1487 2862 1541 Καὶ
2943 1484 3130 1541 πολλὰ
3214 1488 3537 1563 παραινέσας
3609 1483 3770 1540 αὐτὸν

2112 1572 2212 1628 οὐκ
2232 1572 2459 1630 ἔπεισεν.
2506 1576 2664 1638 Ὅθεν
2718 1576 2809 1630 καὶ
2865 1574 3189 1649 προσέταξεν
3247 1575 3411 1631 αὐτὸν
3470 1571 3777 1630 ἀνασκολο-

2110 1664 2370 1732 πισθῆναι
2401 1664 2478 1728 ὡς
2505 1663 2671 1742 φονέα
2700 1665 2993 1738 γενόμενον
3045 1669 3143 1720 τοῦ
3177 1662 3321 1720 ἰδίου
3378 1661 3623 1720 παιδίου.
3656 1665 3773 1734 Τήν

337 1767 393 1826 δὲ
431 1772 658 1844 γυναῖκα
685 1766 776 1821 καὶ
817 1766 879 1820 τὸ
908 1760 1125 1819 παιδίον
1187 1759 1454 1835 βαπτίσας
1509 1758 1539 1812 ὁ
1596 1756 1949 1832 πατριάρχης
1998 1754 2098 1824 τήν
2163 1752 2257 1827 μὶν
2318 1751 2572 1826 ἐποίησεν
2633 1755 2951 1830 ἀσκήτριαν,
3003 1755 3068 1810 τὸ
3127 1752 3186 1810 δὲ
3260 1752 3482 1810 παιδίον
3541 1755 3778 1830 ἀναγνώ-

335 1879 491 1930 στην.

332 2037 653 2109 imperium
684 2035 949 2105 suscepit
974 2031 1243 2087 Tiberius
1275 2028 1660 2094 orthodoxus,
1682 2027 1990 2097 tenuitque

337 2145 528 2185 annos
583 2129 638 2182 4.
695 2125 829 2183 Fuit
904 2124 1071 2196 justa
1118 2121 1387 2193 corporis
1446 2124 1692 2185 statura,
1778 2116 1992 2172 decoro

332 2223 574 2289 pectore
643 2220 701 2270 et
758 2212 965 2282 oculis,
1008 2212 1200 2280 iisque
1272 2207 1715 2280 aliquantulum
1780 2205 1991 2274 caesiis,

338 2306 580 2362 caesarie
613 2309 672 2358 et
726 2303 911 2357 barba
966 2300 1147 2368 fulva,
1199 2298 1393 2366 albus,
1454 2303 1513 2352 et
1558 2295 1771 2353 ﬂorida
1821 2293 1991 2349 facie.

341 2396 538 2450 Bonus
594 2393 726 2460 fuit,
778 2397 836 2447 et
918 2389 1118 2445 animo
1177 2388 1492 2459 insigniter
1559 2401 1791 2457 magno.
1848 2383 1995 2438 Huic

335 2482 683 2540 ascendenti
716 2481 789 2535 de
819 2480 977 2535 circo
1027 2483 1224 2550 partes
1280 2476 1755 2532 acclamaverunt
1784 2471 1991 2528 Videa-

335 2590 490 2640 mus,
548 2570 852 2625 videamus
913 2571 1234 2639 Augustam
1284 2569 1710 2621 Romanorum.
1768 2562 1991 2626 Quibus

329 2663 655 2734 imperator
677 2657 988 2730 respondit
1040 2655 1325 2727 templum
1376 2652 1534 2724 quod
1566 2670 1597 2707 e
1630 2651 1869 2724 regione
1903 2654 1993 2704 est

326 2752 507 2806 situm
530 2748 752 2820 publici
783 2745 981 2802 balnei
1016 2743 1316 2816 Diegistei,
1350 2742 1509 2797 idem
1540 2757 1674 2796 cum
1728 2742 1993 2810 Augusta

325 2839 550 2896 habere
578 2853 820 2893 nomen.
853 2834 1109 2891 Proinde
1142 2837 1340 2905 partes
1370 2831 1582 2886 faustis
1603 2828 1990 2885 acclamatio-

331 2929 511 2984 nibus
538 2926 868 2982 Anastasiaa
898 2927 1175 2996 Augustae
1210 2922 1429 2976 multos
1458 2921 1590 2975 vitea
1626 2935 1819 2974 annos
1850 2921 1992 2972 sunt

331 3016 714 3088 comprecati.
744 3014 978 3085 Sophia;
1025 3013 1317 3079 animum,
1376 3009 1593 3065 Justini
1644 3008 1854 3073 viduae,
1921 3022 1992 3062 ea

323 3122 430 3161 res
462 3104 736 3178 perculit.
768 3101 1085 3176 Ignorabat
1114 3103 1275 3157 enim
1304 3100 1536 3155 Tiberio
1561 3115 1691 3153 esse
1718 3113 1988 3163 uxorem,

329 3201 511 3267 atque
543 3194 676 3251 ideo
699 3194 1080 3250 demeruerat
1111 3191 1440 3254 hominem,
1469 3188 1702 3244 Iustino
1751 3201 1990 3257 persua-

328 3285 477 3341 dens
506 3291 575 3340 ut
603 3299 740 3340 eum
790 3282 1043 3355 imperio
1104 3281 1455 3352 praeﬁceret,
1515 3294 1763 3350 sperans
1810 3291 1871 3331 se
1934 3285 1990 3339 ei

324 3379 649 3447 nupturam
680 3378 859 3444 atque
894 3376 1214 3443 Augustam
1247 3385 1611 3425 mansuram.
1646 3369 1785 3421 Eam
1818 3364 1992 3420 Tibe-

321 3465 448 3519 rius
475 3463 720 3519 deduxit
749 3463 811 3516 in
841 3462 1125 3533 palatium
1160 3459 1417 3530 Sophim,
1477 3456 1679 3513 addito
1739 3453 1984 3510 cubicu-

320 3552 469 3608 lario
503 3557 562 3606 et
590 3551 724 3606 aliis
753 3548 1047 3605 ministris
1107 3548 1207 3618 qui
1268 3563 1397 3601 eam
1459 3548 1767 3600 servarent
1806 3547 1983 3611 atque

321 3639 700 3694 inservirent.
738 3641 867 3708 Ipse
902 3652 1034 3692 eam
1086 3653 1207 3690 non
1275 3651 1446 3690 secus
1491 3639 1669 3704 atque
1732 3636 1981 3686 matrem

321 3725 486 3781 omni
518 3724 699 3780 ofﬁcii
729 3740 944 3795 genere
975 3723 1177 3778 coluit.
1210 3723 1353 3777 Cum
1384 3725 1581 3776 autem
1643 3717 1980 3774 natalitium

323 3818 600 3885 equestre
632 3818 936 3868 certamen
966 3817 1261 3883 ageretur,
1312 3815 1628 3882 partesque
1679 3810 1983 3881 gestarent

314 3904 507 3959 [stolas
538 3903 902 3971 imbricatas,
935 3918 1109 3956 succo
1141 3901 1378 3956 narium
1411 3916 1688 3971 purpura:
1731 3897 1979 3952 infectas

323 3992 788 4066 chlamydesque
845 3991 1247 4063 imperatoria;
1311 3988 1629 4057 assimiles,
1677 3985 1981 4059 prohibuit

323 4098 529 4137 earum
561 4097 760 4147 usum,
792 4098 867 4136 ne
898 4081 1155 4152 pecunia
1183 4078 1595 4151 intempestive
1645 4074 1980 4148 prodigere-

322 4177 440 4240 tur,
473 4171 828 4243 deﬁniitque
859 4178 926 4226 ut
955 4188 1133 4227 ornas
1169 4168 1582 4226 tantummodo
1615 4166 1867 4222 duorum
1898 4164 1981 4219 di-

321 4262 580 4333 gitorum
611 4261 765 4317 689
793 4261 1106 4317 latitudine
1141 4264 1386 4315 ornatus
1436 4274 1615 4314 causa
1651 4257 1973 4328 gestarent.

405 1927 579 2002 Anno
609 1945 819 2002 mundi
843 1945 1006 2011 6071,
1021 1959 1057 1998 a
1070 1941 1254 1998 natali
1284 1939 1502 1995 Christi
1530 1939 1986 2005 571,Βοῐῑιοηιιῐῐι

2180 1927 2407 2005 Κὸσμου
2460 1927 2580 1995 ἔτος
2640 1934 2788 2001 ’ςοα“,
2848 1940 2950 2004 τῆς
3039 1932 3183 1996 θείας
3270 1935 3594 2009 σαρκώσεως
3654 1931 3775 1996 ἔτος

2103 2021 2246 2098 eet,
2306 2021 2597 2095 Ῥωμαίων
2669 2020 2930 2097 βασιλεὺς
2988 2020 3285 2098 ὀρθόδοξος
3360 2019 3612 2100 Τιϐέριος
3670 2017 3766 2094 ἔτη

2105 2106 2166 2167 δ’.
2226 2111 2326 2167 Ἦν
2390 2108 2449 2164 δὲ
2496 2113 2596 2181 τὴν
2649 2116 2747 2166 τοῦ
2811 2113 3068 2184 σώματος
3155 2109 3476 2186 ἀναδρομὴν
3533 2111 3769 2183 τέλειος,

2103 2195 2387 2286 εὕστηθος,
2457 2198 2772 2274 εὐόμματός
2852 2221 2913 2256 τε
2993 2200 3083 2256 καὶ
3142 2200 3331 2277 ὀλίγον
3399 2199 3767 2286 ὑπόγλαυκος,

2103 2290 2299 2361 ξανθήν
2328 2285 2475 2363 ἔχων
2506 2291 2607 2359 τήν
2638 2290 2805 2366 τρίχα
2859 2292 2958 2363 τῆς
3016 2290 3261 2369 κεφαλῆς
3292 2292 3383 2347 καὶ
3438 2293 3502 2347 τὸ
3534 2285 3767 2369 γένειον,

2105 2376 2298 2440 λευκὸς
2333 2380 2437 2447 τὴν
2472 2380 2672 2457 χροιὰν
2703 2380 2795 2435 καὶ
2825 2382 2887 2435 τὸ
2916 2380 3216 2456 πρόσωπον
3280 2381 3532 2457 ἀνθηρὸς,
3564 2382 3769 2458 ἀγαθὸς

2103 2468 2195 2523 καὶ
2226 2467 2615 2545 μεγαλόψυχος
2644 2469 2722 2532 εἷς
2784 2466 3121 2547 ὑπερϐολήν.
3182 2472 3389 2528 Τούτου
3445 2472 3770 2536 ἀνελθόντος

2103 2556 2157 2612 ἐν
2186 2561 2266 2630 τῷ
2305 2558 2518 2631 ἱππικῷ
2572 2558 2856 2634 ἀνέκραξαν
2892 2560 2960 2616 τὰ
3020 2561 3184 2635 μέρηο
3245 2559 3501 2635 Ἴδωμεν,
3563 2560 3766 2636 ἴδωμεν

2102 2648 2202 2716 τὴν
2236 2646 2554 2724 Αὐγοῦσταν
2606 2649 2920 2723 Ῥωμαίων.
2988 2650 3049 2707 Ὁ
3108 2646 3166 2704 32.:
3222 2648 3499 2722 ἐδήλωσεν
3533 2654 3665 2726 (79).
3700 2653 3761 2708 Ἦ

2102 2734 2324 2811 ἀντικρὺ
2350 2741 2447 2791 τοῦ
2487 2733 2759 2811 δημοσίου
2817 2736 3056 2810 λουτροῦ
3114 2739 3445 2816 Διηγιστέως
3497 2739 3765 2813 ἒκκλησία

2103 2825 2403 2897 ὁμώνυμός
2459 2824 2574 2881 ἐστι
2640 2830 2709 2901 τῇ
2767 2826 3082 2903 Αὐγούστῃ.
3142 2830 3488 2907 Εὐφημησαν
3547 2829 3642 2887 οὖν
3697 2832 3764 2887 τὰ

2105 2914 2269 2987 μέρη·
2305 2914 2657 2977 Ἀναστασίας
2687 2914 3005 2991 Αὐγούστης
3062 2916 3249 2974 πολλά
3306 2919 3372 2973 τὰ
3428 2917 3546 2990 ἔτη.
3578 2921 3643 2976 Ἢ
3703 2917 3762 2976 δὲ

2105 3002 2277 3078 Σοφία
2306 3004 2341 3072 ἡ
2382 3003 2795 3088 τοῦἸουστίνου
2827 3007 2964 3081 γυνή
3025 3004 3247 3083 ἐπλήγη
3289 3009 3390 3077 τήν
3450 3010 3662 3088 ψυχήν
3695 3008 3756 3065 οὐ

2102 3093 2207 3167 γὰρ
2236 3088 2357 3165 ᾔδει
2387 3087 2535 3168 ἔχειν
2564 3095 2729 3149 αὐτὸν
2771 3101 3023 3170 γυναῖκα,
3080 3096 3171 3152 καὶ
3230 3098 3320 3152 διὰ
3374 3087 3751 3173 τοῦτοπροσ·

2103 3180 2371 3259 εφιλιώθη
2461 3183 2611 3250 αὐτῷ
2704 3184 2808 3239 ὑπὸ
2891 3185 3210 3255 Ἰουςτίνου,
3292 3186 3519 3242 πείσασα
3599 3187 3757 3244 αὐτὸν

2106 3263 2476 3342 προϐαλέσθαι
2504 3271 2581 3333 εἷς
2614 3271 2844 3346 βασιλέα
2881 3269 3151 3349 Τιϐέριον,
3209 3274 3522 3350 βουλομένη
3581 3284 3759 3351 γῆμαι

2104 3355 2264 3412 αὐτὸν
2321 3359 2408 3431 [Ρ.
2470 3361 2597 3432 393]
2652 3361 2743 3415 καὶ
2821 3367 3002 3435 μεῖναι
3078 3363 3372 3439 Αὐγοῦστα.
3431 3366 3640 3434 Ταύτην
3698 3362 3759 3419 δὲ

2098 3448 2372 3521 κατήγαγε
2418 3442 2666 3533 Τιϐέριος
2725 3449 2802 3511 είς
2876 3452 2939 3505 τὸ
2999 3451 3263 3508 παλάτιον
3349 3459 3457 3509 τῶν
3513 3458 3755 3533 Σοφιῶν,

2090 3532 2348 3597 κελεύσας
2426 3530 2883 3613 κουϐικουλάριον
2962 3540 3053 3594 καὶ
3126 3541 3342 3617 ἐτέρους
3411 3542 3556 3605 τινὰς
3604 3530 3755 3599 ἐἶναι

2091 3623 2168 3685 εἷς
2202 3623 2497 3698 ὑπηρεσίαν
2528 3625 2699 3695 αὐτῆς
2730 3628 2820 3681 καὶ
2870 3626 3150 3703 διατηρεῖν
3208 3630 3394 3704 αὐτήν.
3440 3632 3637 3706 Ἐτίμα
3694 3629 3753 3687 δὲ

2090 3713 2256 3781 αὐτὴν
2292 3712 2381 3769 ἴσα
2414 3720 2605 3790 μητρὶ,
2640 3722 2818 3772 ποιῶν
2868 3723 3040 3774 πᾶσαν
3101 3722 3384 3796 θεραπείαν
3439 3721 3628 3793 αὐτῆς.
3664 3730 3755 3779 Γεο

2087 3800 2304 3858 νεθλίου
2346 3800 2403 3858 δὲ
2432 3805 2661 3860 ἱππικοῦ
2690 3805 2983 3881 ἀγομένου,
3016 3808 3107 3863 καὶ
3156 3814 3263 3865 τῶν
3313 3816 3491 3884 μερῶν
3521 3812 3750 3889 φορούν-

2086 3911 2195 3946 των
2255 3889 2454 3955 στολᾶς
2528 3892 2862 3965 σωληνωτὰς
2933 3898 3046 3971 (80)
3118 3899 3225 3953 ἀπὸ
3310 3898 3576 3973 βλαττίου
3636 3905 3749 3975 (81)

2089 3980 2236 4050 ὀξέος
2258 3983 2369 4067 (82)
2408 3982 2497 4036 καὶ
2559 3981 2856 4061 χλαμύδας
2921 3987 3311 4062 παραπλησίας
3365 3993 3463 4044 τοῦ
3527 3989 3748 4067 βασιλι-

2086 4075 2207 4139 κοῦ,
2239 4064 2438 4126 ἔπαυσε
2462 4071 2660 4134 ταύτας
2700 4078 2885 4150 φορεῖν
2947 4072 3036 4129 διὰ
3093 4076 3158 4131 τὸ
3220 4078 3296 4150 μή
3356 4078 3433 4143 εἰς
3489 4064 3749 4155 ἀκαίρους

2085 4162 2279 4237 χρείας
2308 4158 2644 4217 δαπανᾶσθαι
2674 4165 2741 4218 τὰ
2770 4166 3059 4239 χρήματα,
3120 4167 3304 4241 ὁρίσας
3363 4166 3747 4232 διδακτυλίουε

2086 4248 2244 4325 ὄργας
2293 4253 2404 4323 (83)
2461 4248 2515 4305 ἐν
2574 4257 2692 4315 ταῖς
2758 4253 2981 4316 στολαῖς
3038 4255 3219 4312 αὐτῶν
3304 4259 3518 4332 κόσμου
3575 4260 3741 4336 χάριν

1536 4372 1904 4427 XYIANDRI
1945 4369 2033 4423 ET
2071 4368 2281 4422 GOARI
2325 4368 2547 4421 NOTAE.

388 4493 502 4567 (‘19)
534 4493 687 4557 Quia
719 4492 1123 4567 templiillius
1173 4496 1231 4545 et
1283 4493 1554 4567 Augustae
1584 4503 1793 4567 _unum
1847 4490 1979 4567 erat

2102 4482 2275 4536 tltera
2322 4479 2861 4567 Ροιρὶθπλήγμτῶν
2937 4492 3166 4567 σερικῶν
3240 4489 3523 4564 νημάτων.
3582 4494 3747 4551 Unde

317 4558 636 4620 commune
670 4558 999 4619 Anastasius
1029 4579 1270 4618 nomen.
1307 4558 1400 4616 De'
1414 4560 1782 4631 templojam
1805 4558 1979 4629 plura

315 4651 426 4690 nos
459 4650 594 4689 cum
636 4639 895 4689 auctore.
940 4638 1116 4690 Gem.

391 4707 498 4789 (βο)
522 4705 790 4789 _Divinavi
937 4722 950 4773 ;
981 4712 1037 4760 et
1066 4703 1242 4789 ἕξρνρις,
1304 4704 1405 4774 qui
1424 4718 1584 4789 “non
1622 4699 1975 4789 intelligam,

318 4772 558 4847 reliqui.
583 4777 795 4833 YYL.—-
827 4778 930 4833 Hic
961 4796 1023 4833 se
1061 4772 1356 4832 divinasse
1383 4772 1973 4847 affirmatinterpres:

320 4843 702 4915 Quidni,cum
729 4853 787 4902 et
814 4848 947 4904 falsi
973 4850 1093 4904 sint
1113 4854 1273 4904 vates
1294 4849 1321 4904 ?
1340 4846 1543 4915 Nullus
1562 4850 1759 4915 tamen
1775 4843 1869 4897 hic
1888 4844 1975 4915 dij

320 4912 712 5004 vinationivel
728 4919 1061 5004 deceptioni
1088 4921 1414 5004 locus.cum
1437 4912 1764 5004 σωληνφταὶ
1784 4913 1976 4968 στολαί

319 5007 439 5045 non
475 4990 596 5045 sint
622 4991 751 5047 alia!
778 4985 891 5046 nisi
924 4999 1113 5047 vestes
1142 4990 1439 5046 multifido
1459 4985 1830 5042 taeniolarum
1850 4992 1974 5041 tex-

318 5062 511 5143 tilium
536 5063 744 5143 ordine
769 5064 1237 5143 variegatmzqufe
1264 5062 1382 5116 sive
1409 5058 1650 5143 dii-nectis
1677 5059 1977 5143 canalicu-

316 5133 391 5206 lis
414 5133 535 5187 sive
567 5133 827 5205 obliquis
858 5130 1036 5206 spiris
1068 5130 1366 5206 distincta)
1429 5131 1766 5202 el‘fulgeant,
1802 5130 1971 5185 luxu-

314 5205 465 5258 riam
501 5204 727 5271 tamen,
756 5204 1054 5276 levitatem
1120 5204 1551 5276 profusionem,
1579 5207 1821 5276 aspectu
1866 5218 1971 5255 suo

313 5276 649 5347 prmdicant
700 5274 900 5346 Σωλήν
928 5278 1091 5332 enim
1120 5274 1335 5331 canalis
1391 5286 1440 5328 et
1498 5274 1742 5347 (ιιυιοιιις
1773 5277 1869 5329 est.
1903 5289 1971 5325 ex

312 5345 430 5418 quo
462 5349 897 5418 canaliculatum
928 5356 979 5404 et
1011 5349 1343 5403 alz'colatum
1376 5345 1772 5418 quodcunque
1823 5359 1973 5413 opus

310 5416 881 5497 6m).r,ymr'5~:_voca11t
911 5420 1117 5485 GI‘iL‘Ci,
1152 5418 1306 5490 quod
1370 5418 1515 5473 Galli
1549 5416 1776 5469 cuum-Ir}
1834 5431 1967 5484 pro-

308 5494 611 5544 nuntiant.
652 5494 822 5546 (iam.

378 5558 495 5639 (_8t)
533 5560 758 5615 Tom-lum
790 5564 1105 5639 τηιιζιὶιίιιηι
1144 5567 1231 5639 est
1264 5560 1326 5639 τὸ
1362 5558 1611 5639 βλαξίον,
1634 5557 1737 5639 ,νιιὶ
1768 5554 1972 5639 serit-us

311 5628 508 5710 quivis
533 5644 758 5710 pannus
779 5651 797 5688 :
817 5635 914 5689 ubi
943 5635 1109 5710 enim
1143 5635 1201 5688 in
1224 5628 1440 5710 lﬁiee'tm
1464 5629 1765 5710 Cheliizitzp
1782 5628 1967 5710 Alpxii

306 5695 597 5756 Comneili
627 5700 667 5757 l.
701 5719 763 5757 Ill
790 5720 915 5760 una
943 5705 1121 5761 lectio
1154 5704 1332 5759 habet
1381 5702 1503 5757 ἃνευ
1547 5704 1656 5756 τῶν
1703 5695 1968 5774 βλατίων,

2091 4559 2433 4637 nugzesunt
2475 4558 2534 4607 et
2589 4554 2815 4637 nullius
2860 4554 3154 4637 momenti
3196 4554 3554 4635 commenta,
3616 4584 3747 4637 quae

2090 4625 2248 4679 circa
2270 4625 2535 4710 blqltgum
2567 4627 2820 4710 colernezn.
2855 4631 2915 4710 id
2956 4638 3065 4701 est,
3098 4652 3336 4691 roseum
3376 4637 3469 4692 vel
3518 4625 3747 4710 purpu-

2090 4712 2278 4778 reum,
2313 4700 2377 4778 et
2403 4697 2666 4778 Craaeum
2703 4697 2959 4778 βλαττίον
2984 4697 3061 4759 ρκ’
3082 4708 3397 4775 nominum
3429 4697 3745 4778 allusione,

2087 4766 2618 4858 velugt_enl)_ejlp_h_ico
2652 4766 2901 4858 tripode,
2936 4772 3212 4833 enuntiat
3233 4781 3484 4853 sparsim
3510 4766 3744 4837 Gretse:

2086 4856 2188 4893 rus
2221 4838 2282 4892 in
2312 4838 2624 4893 Codinum.
2661 4838 2832 4898 Colla.

2160 4910 2271 4981 (82)
2304 4911 2605 4985 Nusquam
2632 4915 2784 4969 acuti
2810 4917 2896 4970 vel
2924 4918 3119 4985 vivi/Ii,
3182 4938 3318 4977 cum
3362 4924 3636 4980 Gretsero
3663 4925 3745 4979 ci-

2088 4980 2231 5048 tato,
2252 4980 2371 5062 sed
2402 4997 2538 5062 cum
2572 4983 2797 5062 Graecis
2819 4980 3371 5062 model‘nisviolacei
3401 4996 3616 5051 coloris
3648 5012 3750 5050 vo-

2087 5069 2216 5135 cem
2249 5052 2538 5107 indicium
2571 5070 2701 5135 esse
2742 5058 3001 5135 dixeris;
3062 5080 3130 5118 ac
3183 5065 3232 5119 si
3286 5065 3429 5122 velis
3459 5068 3749 5123 attentius

2087 5130 2403 5206 auctorem
2424 5130 2783 5206 examinare,
2818 5131 3110 5206 ejusmodi
3145 5136 3387 5193 violacei
3433 5138 3747 5195 decertan-

2087 5197 2238 5277 tium
2264 5197 2325 5248 in
2356 5197 2726 5253 circensibus
2757 5197 2914 5257 ludis
2973 5206 3318 5277 chlamydes
3368 5210 3551 5265 fuisse
3588 5211 3748 5266 afﬁr-

2083 5267 2294 5349 ma‘bis,
2322 5283 2453 5337 quae
2486 5284 2519 5321 a
2549 5285 2813 5349 purpura
2844 5291 2965 5349 non
2999 5267 3244 5349 omnino
3276 5280 3575 5349 abessent,
3599 5280 3746 5349 χλά-

2086 5334 2257 5425 μυδας
2290 5354 2507 5425 nempe
2537 5334 2923 5425 παραπλησίας
2953 5350 3049 5400 τοῦ
3086 5334 3375 5422 βασιλικοῧ
3400 5334 3443 5407 V17

2082 5409 2384 5491 χορρμςκτρς
2415 5409 2511 5491 νει,
2536 5409 2848 5491 σχῇνμα-τος.
2884 5420 3058 5475 GOAR.

2128 5481 2810 5571 .(83)’91'assive‘li2nbos
2855 5488 3108 5571 duorum
3164 5494 3483 5571 digitorum
3525 5496 3744 5571 latitu-

2082 5553 2241 5634 dine.
2269 5553 2441 5634 ’Op~_:_z
2464 5569 2600 5608 vero
2647 5555 2888 5629 dicitur,
2918 5564 3057 5634 quia
3088 5553 3267 5621 vestiUs
3299 5585 3397 5624 ora
3454 5569 3545 5623 vel
3574 5587 3743 5624 orna-

2078 5631 2321 5710 mentum
2349 5629 2426 5678 sit
2459 5641 2471 5693 ;
2506 5643 2577 5710 ac
2604 5629 3128 5710 proptegea'locus
3186 5638 3249 5693 in
3299 5657 3416 5710 quo
3454 5640 3747 5697 sistebant

2081 5696 2172 5750 vel
2198 5712 2261 5751 se
2291 5696 2665 5755 exornabant
2695 5696 2757 5757 in
2814 5704 2980 5765 Circo
3038 5696 3421 5782 decertatﬁri,
3475 5710 3745 5786 ὀρνατοΰ-
