4120 6416
335 428 456 488 753

1466 423 2018 492 HISTORIARUM
2066 423 2607 487 COMPENDIUM.

3648 431 3768 492 ’754

338 565 548 641 φορεῖν.
584 562 832 638 Ἀγαγὼν
868 560 925 618 δὲ
969 563 1325 621 Ἀναστασίαν
1375 565 1476 632 τήν
1529 567 1758 637 γυναῖκα
1812 559 1977 613 αὐτοῦ

2116 557 2401 611 Produxit
2431 559 2607 613 etiam
2657 560 3031 615 Auastusiam
3058 577 3303 616 uxorem
3326 579 3516 629 suam,
3549 581 3619 620 ex
3651 583 3770 636 qua

336 645 576 725 ἔχουσαν
638 649 690 721 ἐξ
749 651 916 720 αὐτῆς
977 653 1064 706 καὶ
1125 654 1418 728 θυγατέρας
1479 649 1578 704 δύο
1635 650 1856 723 Χαριτὼ
1911 647 2002 701 καὶ

335 747 778 810 Κωνσταντῖναν,
846 743 1068 815 ἔστεψεν
1129 742 1302 810 αὐτὴν
1360 741 1704 815 Αὐγοῦσταν,
1766 737 1854 792 καὶ

330 833 486 906 ῥιψεν
561 831 819 886 ὑπατείαν
873 836 990 903 (84)
1071 829 1310 902 πολλήν.
1380 830 1570 903 Τούτῳ
1630 833 1710 900 τῷ
1785 825 2003 903 βασιλεῖ

327 922 522 998 γέγονε
578 920 696 976 θεία
746 921 924 997 ὀμφή,
985 920 1223 995 ἀγγέλου
1254 923 1366 975 κατ’
1401 916 1529 994 ὄναρ
1565 918 1832 979 εἶ’πόντος·
1862 913 2000 972 Τάδε

324 1029 412 1062 σοι
447 1007 597 1084 λέγει
630 1009 692 1062 τὸ
735 1008 1060 1083 Τρισάγιου,
1113 1007 1202 1064 Ὀί
1253 1006 1502 1082 ιύραννοι
1559 1010 1658 1070 τῆς
1721 1002 1999 1079 βασιλείας

335 1095 424 1151 ἐπὶ
455 1100 560 1150 σῶν
593 1096 655 1150 οὐ
688 1116 1011 1173 φοιτησουσι
1047 1097 1268 1170 χρόνον.

395 1187 495 1258 Τῷ
633 1182 738 1240 ἔτει
785 1184 1072 1240 ἀπέστειλε
1123 1180 1376 1260 πρέσϐεις
1437 1185 1571 1260 πρὸς
1629 1184 1721 1238 τὸν
1768 1181 1996 1257 βασιλέα

327 1281 548 1350 Περσῶν
617 1275 754 1330 κατὰ
819 1276 882 1329 τὸ
964 1273 1108 1342 ἔθος,
1196 1274 1418 1347 μηνύων
1480 1275 1578 1341 τήν
1644 1272 1992 1348 ἀναγόρευσιν

328 1364 516 1419 αὐτοῦ·
576 1365 667 1418 καὶ
726 1364 789 1419 οὐ
847 1366 1165 1438 προσήκατο
1223 1365 1327 1432 τήν
1387 1362 1602 1437 εἰρήνην
1638 1364 1804 1434 ὁτῶν
1847 1366 1992 1434 Περ-

329 1458 435 1508 σῶν
472 1452 750 1527 βασιλεύς.
801 1455 862 1511 Ὀ
904 1451 961 1508 δέ
1015 1448 1262 1528 Τιϐέριος
1323 1451 1637 1526 διασπείρας
1675 1450 1802 1513 τοὺς
1834 1453 1991 1524 βασι-

326 1541 519 1604 λικοὺς
579 1543 887 1615 θησαυροὺς
947 1541 1136 1598 πολλὰ
1194 1538 1535 1616 στρατόπεδα
1589 1540 1834 1610 ἐποίησε,
1869 1559 1989 1614 χει-

327 1635 626 1708 ροτονήσας
686 1635 1070 1688 Ἰουστινιανόν
1131 1653 1249 1687 τινα
1307 1631 1608 1706 στρατηγὸν
1665 1629 1990 1700 Ἀνατολῆς,

331 1723 390 1786 ες
421 1718 708 1778 ἀναλαϐὼν
736 1723 834 1784 τὰς
887 1720 1145 1795 δυνάμεις
1202 1721 1292 1776 ἐπὶ
1346 1722 1409 1776 τὸ
1470 1721 1646 1794 Δαρὰς
1677 1722 1789 1793 (85)
1815 1739 1993 1793 παρα-

322 1814 554 1888 γίνεται.
612 1813 716 1868 Καὶ
743 1815 846 1882 τῆς
877 1814 1227 1885 παρατάξεως
1285 1809 1585 1885 γενομένης
1624 1815 1733 1864 τῶν
1772 1812 1990 1884 Περσῶν

2113 645 2262 701 duas
2289 647 2547 702 habebat
2570 649 2747 716 filias,
2779 650 3160 705 Charitonem
3194 668 3263 706 ac
3293 652 3765 725 Constantinam,

2113 750 2363 806 eamque
2413 738 2708 808 augustali
2763 756 2982 794 corona
3031 741 3352 806 exornavit,
3390 742 3766 814 multumque

2110 825 2408 880 nomisma
2469 826 2529 881 in
2587 827 2873 898 populum
2933 830 3169 899 sparsit.
3231 830 3376 886 Huic
3435 831 3496 885 in
3537 833 3764 887 somnis

2109 913 2355 984 angelus
2383 915 2659 985 praedixit
2687 917 2930 972 nomine
2979 924 3198 972 sanctm
3230 920 3530 974 Trinitatis
3564 926 3767 992 tyran-

2109 1019 2218 1057 nos
2251 1004 2377 1075 ipso
2409 1004 2740 1074 imperante
2771 1007 3086 1076 imperium
3118 1025 3238 1063 non
3273 1008 3600 1065 invasuros.

2177 1179 2350 1233 Anno
2385 1178 2617 1249 imperii
2671 1180 2761 1234 sui
2813 1181 3073 1237 secundo
3123 1183 3391 1239 Tiberius
3430 1184 3653 1256 legatos
3681 1185 3756 1241 de

2105 1283 2270 1322 more
2303 1268 2376 1322 ad
2406 1271 2722 1325 Persarum
2763 1287 2958 1342 regem
3007 1272 3186 1341 misit,
3221 1275 3506 1329 nuntians
3535 1293 3598 1329 se
3627 1292 3757 1330 esse

2103 1358 2526 1428 imperatorem
2598 1366 2894 1416 creatum.
2949 1363 3239 1418 Caeterum
3309 1366 3486 1420 Persa
3549 1382 3758 1437 pacem

2101 1448 2453 1518 repudiavit.
2509 1449 2778 1504 Tiberius
2829 1466 2969 1522 ergo
3019 1452 3421 1522 imperatoriis
3460 1455 3758 1510 thesauris

2103 1537 2324 1592 multos
2356 1538 2643 1594 conduxit
2698 1541 2993 1596 exercitus
3025 1547 3085 1595 et
3117 1543 3521 1598 Iustinianum
3554 1560 3757 1615 quem-

2102 1629 2238 1686 dam
2271 1630 2496 1685 Orienti
2530 1632 2836 1702 praefecit;
2870 1634 2969 1704 qui
3004 1651 3137 1689 cum
3172 1637 3438 1690 exercitu
3468 1636 3543 1692 ad
3570 1638 3752 1692 Daras

2099 1719 2399 1789 profectus
2449 1726 2556 1774 est.
2582 1722 2686 1776 Ubi
2709 1739 2845 1776 cum
2869 1723 3130 1778 adversus
3153 1725 3280 1795 jam
3313 1725 3471 1781 acies
3502 1727 3753 1796 coirent,

2099 1811 2467 1882 colloquium
2498 1813 2571 1868 de
2603 1830 2749 1885 pace
2780 1814 3315 1886 intervenit,eaque
3345 1819 3406 1872 in
3438 1817 3754 1889 quadrien-

320 1899 412 1953 καὶ
444 1898 761 1972 Ῥωμαίων,
795 1899 871 1962 είς
933 1897 1136 1974 λόγους
1164 1898 1335 1968 ἦλθον
1387 1896 1477 1951 καὶ
1530 1896 1667 1972 πρὸς
1701 1895 1977 1967 ἀλλήλους

2099 1901 2268 1956 nium
2299 1907 2473 1973 pacta
2502 1903 2637 1959 fuit.

324 1985 645 2044 σπένδονται
677 1990 880 2064 χρόνον
907 1997 1189 2064 τετραετῆ.

395 2076 488 2150 Τῷ
518 2079 566 2154 γ’
596 2074 725 2148 ἔτει,
777 2083 876 2134 τοῦ
923 2083 1031 2133 τῶν
1090 2081 1310 2152 Περσῶν
1371 2080 1643 2155 βασιλέως
1678 2076 1985 2153 μέλλοντος

327 2166 421 2222 τὸν
488 2165 736 2240 πόλεμον
827 2167 1170 2244 αὐτουργεῖν,
1229 2170 1257 2222 ὁ
1316 2169 1600 2242 Ῥωμαίων
1683 2167 1983 2243 στρατηγὸς

327 2256 463 2329 πρὸς
521 2256 648 2316 τοὺς
715 2257 921 2330 Πέρσας
989 2262 1183 2331 χωρεῖ.
1256 2258 1358 2313 Καὶ
1426 2265 1526 2326 τῆς
1574 2254 1981 2326 κατασυστάδην

331 2346 520 2419 μάχης
575 2344 892 2419 γενομένης,
955 2345 1173 2420 βαθείας
1224 2353 1327 2415 τῆς
1378 2351 1487 2401 τῶν
1547 2345 1834 2418 Ῥωμαίων
1878 2348 1984 2414 φά-

323 2431 532 2510 λαγγος
566 2433 734 2504 οὔσης
791 2438 826 2504 ἡ
883 2440 990 2490 τῶν
1046 2441 1262 2510 Περσῶν
1313 2437 1404 2491 καὶ
1439 2431 1809 2493 Βαϐυλωνίων
1858 2436 1980 2508 τρε-

320 2545 476 2578 πεται
511 2522 750 2594 πληθὺς,
799 2524 890 2578 καὶ
949 2525 1293 2600 ἀναιροῦνται
1349 2527 1540 2596 πλήθη
1580 2523 1786 2581 πολλά.
1822 2533 1978 2596 Λαμ-

321 2608 550 2669 6άνουσι
592 2611 650 2667 δὲ
699 2615 752 2667 οἱ
810 2615 1078 2687 Ῥωμαῖοι
1134 2615 1224 2670 καὶ
1275 2617 1338 2669 τὸ
1393 2621 1501 2669 τῶν
1558 2619 1773 2688 Περσῶν
1807 2612 1978 2670 τοῦλ-

320 2700 410 2757 δον
445 2707 584 2776 (86),
641 2704 733 2757 καὶ
789 2703 853 2757 τὸ
916 2702 1200 2778 βασιλικὸν
1249 2705 1648 2778 σκηνοπήγιον,
1679 2704 1974 2758 καὶπᾶσαν

315 2791 414 2859 τήν
471 2791 781 2858 ἀποσκευήν
833 2787 1081 2864 ἐπίδοξον
1130 2788 1317 2861 οὖσαν,
1367 2793 1457 2846 καὶ
1494 2791 1625 2853 τοὺς
1658 2790 1976 2866 ἐλέφαντας,

318 2879 370 2951 έξ
403 2881 476 2934 ὢν
508 2882 573 2935 τὰ
628 2879 876 2953 ἐπίσημα
914 2882 1050 2955 πρὸς
1108 2883 1202 2936 τὸν
1266 2880 1496 2956 βασιλέα
1525 2881 1824 2954 πέμπουσι.
1859 2884 1974 2951 Τὴν

320 2969 585 3045 αἰσχύνην
615 2972 798 3024 τοίνυν
857 2971 884 3024 ὁ
939 2975 1049 3025 τῶν
1117 2975 1333 3045 Περσῶν
1398 2970 1656 3046 βασιλεὺς
1691 2973 1766 3044 μή
1796 2972 1975 3046 φέρων

319 3062 605 3130 νομοθετεῖ
637 3061 834 3133 μηκέτι
886 3057 1112 3135 βασιλέα
1164 3065 1383 3135 Περσῶν
1434 3061 1510 3121 εἷς
1552 3059 1796 3132 πόλεμον
1831 3058 1977 3135 ἐξέρ-

327 3162 539 3227 χεσθαι.
597 3151 658 3206 Ὁ
725 3148 780 3205 δὲ
845 3150 1153 3223 Ῥωμαῖκὸς
1219 3151 1449 3225 στρατὸς
1514 3149 1793 3214 ἐπετίθετο
1860 3157 2023 3216 ταῖς,

329 3242 614 3310 Περσικαῖς
674 3244 995 3315 συμφοραῖς,
1063 3239 1153 3294 καὶ
1219 3239 1355 3314 πρὸς
1418 3240 1487 3294 τὰ
1553 3237 1807 3296 ἐνδότατα
1871 3247 1972 3308 τῆς

2166 2080 2361 2135 Tertio
2420 2096 2601 2147 anno,
2651 2098 2787 2136 cum
2841 2098 2945 2136 rex
2999 2085 3313 2139 Persarum
3367 2085 3492 2154 ipse
3523 2084 3749 2140 bellum

2096 2174 2370 2240 gesturus
2403 2175 2580 2238 esset,
2613 2170 2732 2225 dux
2781 2173 3182 2227 Romanarum
3216 2173 3518 2244 c0piarum
3552 2175 3751 2230 Persis

2097 2258 2327 2314 obviam
2379 2259 2711 2315 contendit.
2742 2262 3069 2317 Commissa
3108 2267 3307 2317 autem
3340 2264 3610 2319 cominus
3638 2281 3748 2335 pii-

2094 2365 2229 2416 gna,
2264 2351 2667 2404 Romanorum
2719 2349 2960 2421 plalanx
3011 2351 3326 2407 ordinibus
3371 2353 3587 2424 stipata
3616 2355 3748 2408 Per-

2095 2453 2294 2492 sarum
2323 2444 2380 2492 et
2403 2439 2861 2510 Babyloniorum
2885 2441 3072 2496 aciem
3093 2441 3750 2513 pepulit,magnamque

2093 2543 2298 2582 eorum
2355 2533 2610 2600 stragem
2669 2529 2873 2583 edidit.
2903 2531 3200 2600 Ceperunt
3259 2531 3509 2587 Romani
3556 2532 3738 2587 etiam

2090 2617 2406 2671 Persarum
2467 2617 2696 2672 tuldum
2758 2623 2816 2672 et
2873 2619 3029 2690 regis
3068 2619 3391 2674 tentorium
3421 2621 3744 2690 omniaque

2089 2705 2519 2776 impedimenta
2549 2722 2762 2778 magno
2793 2707 3087 2761 existimata
3117 2707 3745 2779 elephantosque.Qua

2090 2794 2163 2848 de
2195 2794 2394 2864 prazda
2425 2811 2495 2848 ea
2527 2811 2658 2864 quas
2691 2801 2861 2850 erant
2889 2796 3144 2851 maxime
3177 2797 3433 2869 insignia
3456 2798 3530 2852 ad
3553 2799 3743 2870 impe-

2086 2889 2346 2938 ratorem
2373 2885 2685 2940 miserunt.
2743 2886 2858 2940 Sed
2916 2888 3230 2941 Persarum
3273 2904 3378 2942 rex
3433 2888 3743 2943 dedecoris

2087 2976 2430 3045 impatiens.
2454 2975 2610 3029 690
2641 2975 2830 3048 legem
2856 2976 2969 3029 fert
2995 2993 3068 3030 ne
3101 2993 3202 3031 rex
3232 2979 3548 3033 Persarum
3581 2979 3744 3033 ullus

2085 3065 2330 3135 posthac
2393 3065 2453 3118 in
2510 3063 2736 3118 bellum
2797 3065 3227 3134 proﬁciscatur.
3273 3066 3568 3122 Romanus
3599 3083 3735 3122 vero

2087 3153 2378 3207 exercitus
2436 3153 2612 3208 rebus
2671 3155 2984 3208 Persarum
3042 3153 3276 3208 afflictis
3335 3155 3632 3211 insultans
3676 3156 3736 3210 in

2087 3243 2359 3297 intimam
2391 3259 2580 3312 usque
2611 3242 2915 3297 Persidem
2966 3243 3253 3313 pervenit,
3287 3244 3629 3315 multosque
3658 3245 3742 3300 ibi

321 3306 587 3402 Περσίδος
650 3306 923 3406 ἐχώρησε,
983 3306 1081 3383 ’καὶ
1139 3306 1360 3398 πολλὴν
1425 3328 1813 3407 αἶχμαλωσίαν
1882 3329 1972 3384 καὶ

2095 3331 2393 3397 mortales,
2427 3306 2618 3386 multa
2649 3331 2868 3402 oppida
2898 3306 3344 3402 in-poteslatem
3369 3306 3548 3388 suam
3568 3333 3741 3388 rede-

317 3415 522 3472 ἅλωσιν
565 3417 614 3471 ἐν
675 3415 890 3492 Περσίδι
947 3417 1238 3488 πεποίηκε,
1292 3419 1498 3494 φθάσας
1542 3420 1631 3474 καὶ
1677 3419 1838 3492 μέσον
1869 3427 1969 3488 τῆς

315 3506 632 3580 ’Υριανικῆς
698 3505 992 3578 Θαλάσσης.
1060 3509 1354 3581 Χειμῶνος
1419 3505 1476 3563 δὲ
1541 3509 1869 3583 γενομένου,
1920 3508 1973 3564 έν

317 3593 540 3669 Περσίδι
573 3596 968 3675 παρεχείμασε.

383 3689 472 3756 Τῷ
502 3682 544 3738 δ’
570 3685 746 3742 αὐτοῦ
805 3683 908 3740 ἔτει
965 3685 1135 3756 κτίζει
1189 3682 1438 3760 Τιϐέριος
1468 3688 1532 3742 τὸ
1564 3684 1830 3762 δημόσιον
1859 3692 1969 3743 τῶν

315 3773 648 3848 Βλαχερνῶν
681 3773 937 3849 λουτρὸν,
990 3775 1202 3830 ἀνανεοῖ
1255 3771 1312 3830 δὲ
1370 3776 1460 3830 καὶ
1508 3774 1803 3846 ἐκκλησίας
1835 3784 1972 3832 πολ-

315 3861 414 3924 λάς
473 3863 563 3918 καὶ
619 3864 849 3932 ξενῶνας
907 3863 997 3917 καὶ
1048 3869 1428 3938 γηρωκομεῖα,
1489 3870 1859 3940 γατακροσμεῖ
1913 3862 1972 3919 δὶ

314 3951 407 4006 καὶ
432 3952 522 4008 τὸν
553 3951 1010 4028 χρυσοτρίκλινον
1067 3958 1167 4008 τοῦ
1220 3953 1510 4010 παλατίου.
1546 3956 1627 4027 [Ρ.
1665 3958 1790 4026 394]
1833 3953 1970 4010 Τότε

315 4039 524 4097 κελεύει
583 4043 880 4119 γράφεσθαι
938 4043 1100 4098 αὐτὸν
1155 4041 1208 4097 ἐν
1264 4049 1380 4105 τοῖς
1436 4039 1801 4116 συμϐολαίοις
1857 4047 1968 4116 (87)

313 4127 566 4204 Τιϐέριον
636 4137 1055 4188 Κωνσταντῖνον.
1124 4136 1213 4203 Τῷ
1299 4130 1346 4186 δ’
1404 4130 1506 4188 ἔτει
1572 4131 1799 4203 τελευτᾷ
1866 4134 1970 4189 Εὐ-

310 4218 564 4292 τύχιοςὸ
596 4218 968 4296 πατριάρχης,
1022 4221 1111 4274 καὶ
1164 4219 1300 4293 μετὰ
1353 4217 1404 4290 ἓξ
1464 4218 1673 4294 ἡμέρας
1707 4240 1967 4295 χειροτο-

308 4315 479 4365 νεῖται
511 4309 778 4379 Ἰωάννης
823 4305 1070 4370 διάκονος
1117 4317 1239 4379 τῆς.
1267 4311 1532 4385 Μεγάλης
1582 4308 1909 4380 Ἐκκλησίας
1941 4311 1968 4364 ὁ

308 4400 646 4468 Νηστευτής.
705 4399 766 4456 Ὀ
815 4395 873 4453 δὲ
931 4397 1188 4470 βασιλεὺς
1245 4400 1517 4476 ἀγοράσας
1553 4401 1782 4474 σώματα
1825 4398 1970 4453 ἐθνι-

307 4491 418 4543 κῶν
454 4489 750 4558 κατέστησε
807 4488 1114 4560 στράτευμα
1172 4486 1248 4550 εἷς
1308 4487 1483 4562 ὄνομα
1537 4485 1703 4556 ἴδιον,
1762 4488 1969 4564 ἀμφιά-

309 4599 404 4641 σας
449 4578 538 4631 καὶ
595 4575 930 4638 καθοπλίσας
987 4575 1185 4638 αὐτοὺς
1246 4573 1507 4651 χιλιάδας
1572 4579 1652 4644 ιε’,
1713 4574 1970 4638 δεδωκὼς

2081 3421 2185 3490 git,
2215 3427 2275 3475 et
2303 3437 2494 3490 usque
2525 3419 2598 3474 ad
2631 3420 2896 3475 medium
2939 3421 3122 3475 maris
3155 3422 3404 3491 Hyrcani
3437 3423 3738 3493 perrexit;

2083 3526 2152 3566 ac
2184 3511 2378 3566 hieme
2409 3510 2585 3576 facta,
2620 3510 2682 3564 in
2714 3509 2954 3564 Perside
2985 3509 3238 3564 hiberna
3265 3510 3494 3566 habuit.

2154 3693 2373 3756 Quarto
2425 3707 2584 3746 anno
2634 3689 2903 3744 Tiberius
2946 3689 3254 3761 publicum
3287 3691 3349 3745 in
3394 3691 3734 3749 Blachernis

2081 3779 2361 3836 balneum
2394 3779 2670 3845 aadiflcat,
2703 3779 3116 3849 instauratque
3147 3779 3338 3834 multa
3368 3781 3735 3853 templa,do-

2080 3885 2212 3923 mos
2244 3868 2570 3938 hospitales
2594 3873 2651 3921 et
2673 3867 2918 3922 senibus
2948 3867 3216 3922 fovendis
3242 3868 3447 3924 factas.
3476 3871 3740 3926 Exornat

2083 3957 2261 4011 etiam
2293 3973 2541 4011 aureum
2570 3956 2773 4026 palatii
2803 3955 3150 4012 triclinium.
3178 3958 3339 4012 Tuuc
3368 3958 3547 4012 etiam
3580 3976 3642 4014 se
3677 3961 3737 4015 in

2082 4051 2497 4101 contractuum
2528 4044 2801 4098 formulis
2833 4044 3012 4098 scribi
3039 4043 3221 4113 jussit
3249 4045 3548 4100 Tiberium
3581 4048 3731 4101 Con-

2083 4135 2432 4190 stantinum.
2468 4133 2689 4188 Eodem
2722 4149 2879 4188 anno
2920 4133 3173 4186 moritur
3202 4134 3524 4205 Eutychius
3559 4137 3739 4206 patri-

2082 4224 2359 4287 archa,ac
2391 4228 2524 4294 post
2556 4239 2656 4276 sex
2687 4221 2815 4276 dies
2849 4221 2910 4274 in
2941 4221 3138 4275 locum
3171 4221 3301 4292 ejus
3331 4224 3615 4279 suffectus
3650 4230 3742 4280 est

2080 4315 2338 4368 Joannes
2369 4317 2762 4382 cognomento
2793 4310 3120 4381 Jejunator,
3154 4312 3351 4383 magni
3386 4313 3590 4384 templi
3621 4314 3742 4369 dia-

2082 4419 2288 4457 conus.
2325 4404 2506 4456 Porro
2563 4399 2832 4455 Tiberius
2890 4400 3038 4454 emit
3089 4399 3401 4456 barbarica
3439 4403 3740 4474 mancipia

2084 4491 2158 4546 ad
2215 4491 2407 4545 millia
2459 4487 2823 4560 quindecim,
2858 4505 3046 4559 exque
3102 4489 3174 4544 iis
3233 4491 3460 4546 vestitis
3510 4509 3545 4547 a
3575 4509 3637 4547 se
3679 4497 3736 4548 et

2083 4581 2328 4635 armatis
2389 4578 2716 4633 exercitum
2776 4579 3140 4648 composuit,
3198 4578 3272 4633 de
3329 4597 3435 4635 suo
3492 4582 3739 4638 nomine

305 4667 490 4730 αὖτοῖς
546 4666 634 4721 καὶ
697 4667 1004 4740 στρατηγὸν
1067 4667 1367 4741 Μαυρικιον
1421 4666 1514 4720 τὸν
1578 4667 1800 4739 κόμητα
1859 4672 1968 4722 τῶν

2095 4670 2454 4725 Fiberianum
2487 4668 2841 4740 appellans;
2873 4667 3206 4740 ducemque
3240 4670 3311 4725 iis
3344 4671 3509 4728 dedit
3532 4674 3744 4730 Mauri-

1522 4805 1880 4859 XYLANDRI
1920 4806 2007 4860 ET
2046 4806 2262 4860 GOARI
2294 4805 2516 4859 NOT/E.

307 4921 692 5012 ριιογνάὶοὶιιιι·
748 4919 904 5012 apud
940 4919 1402 5012 ,Theophanem,
1437 4937 1508 5012 ac.
1536 4920 1958 5012 imperatorem

304 4988 702 5074 Philippicum
841 4990 902 5043 τὸ
933 4988 1286 5074 ὁρκιατοῦριον
1321 4994 1428 5042 τῶν
1470 4988 1748 5074 ΞΙρασίνων
1782 4993 1963 5074 refert

306 5063 624 5121 adduxisse
648 5064 883 5118 Ruffum
906 5063 1223 5132 quemdam
1243 5079 1256 5128 ;
1274 5079 1450 5132 quem
1470 5063 1666 5118 locum
1686 5065 1962 5117 eumdem

303 5139 648 5192 amatorium
681 5136 1060 5197 Prasinorum,
1087 5134 1186 5188 ubi
1223 5134 1510 5189 nimirum
1542 5139 1653 5190 oris
1685 5141 1744 5190 et
1785 5137 1964 5189 limbis

301 5209 562 5263 vestibus
595 5206 834 5261 attextis
856 5222 985 5260 sese
1007 5205 1398 5273 adornabant,
1427 5206 1573 5261 dicit
1599 5206 1815 5261 Paulus
1837 5207 1963 5261 dia-

301 5298 486 5335 conus
521 5295 534 5344 ;
569 5294 749 5349 quem
782 5277 1058 5349 eumdem
1112 5275 1460 5349 ἀρματώριον
1493 5278 1827 5334 Cedrenum
1863 5296 1962 5333 vo-

299 5369 464 5408 casse
497 5348 1058 5420 contemplabimur.
1103 5350 1280 5403 GOAR.

369 5426 479 5495 (84)
511 5421 787 5495 Intelligo
815 5426 1115 5475 monetam
1147 5420 1520 5495 consularem
1551 5438 1563 5474 :
1598 5437 1738 5475 nam
1771 5421 1960 5495 impe-

297 5491 524 5551 ratores
583 5491 962 5548 consulatum
1009 5508 1243 5561 quoque
1305 5493 1559 5564 gessisse
1593 5495 1740 5547 etin
1776 5491 1963 5547 titulis

298 5567 420 5622 suis
453 5580 954 5635 commemorasse
1012 5568 1219 5618 notum
1280 5569 1388 5618 est.
1445 5565 1603 5620 Infra
1633 5580 1867 5635 quoque
1902 5565 1962 5618 in

298 5640 498 5694 Phoca
537 5635 734 5690 ὑπάτια
766 5652 871 5706 pro
907 5633 1080 5688 donis
1121 5635 1464 5709 _iiiis_silibus
1496 5641 1554 5691 et
1585 5633 1961 5709 in’populum

300 5711 523 5782 sparsis
556 5705 816 5780 ponitur,
852 5723 986 5782 cum
1019 5706 1195 5782 verbo
1237 5705 1465 5782 ῥίπτειν.
1500 5709 1638 5782 XifL.

371 5785 487 5854 (85)
509 5777 946 5854 Mesopotamia)
969 5777 1178 5854 urbem
1203 5777 1276 5834 ab
1300 5780 1614 5836 Anastasio
1635 5779 1958 5837 conditam:

299 5850 386 5913 de
407 5850 528 5929 qua
554 5852 619 5912 in
645 5850 982 5912 Anastasio.
1015 5851 1192 5908 Gou.

2141 4922 2253 4992 (86)
2288 4920 2470 4992 Ξίοθῐ
2502 4919 2674 4992 infra.
2709 4916 2901 4992 Credo
2929 4917 3388 4992 fuisseﬁsignum
3430 4927 3532 4976 aut
3560 4923 3740 4978 vexil-

2072 4989 2196 5046 lum
2231 4989 2779 5062 przrcipuum,sicut
2811 4989 2968 5042 infra
3000 4990 3060 5042 in
3099 4989 3365 5046 Heraclio
3397 5009 3503 5062 pro
3535 4998 3732 5051 turma

2075 5063 2339 5134 ponitur,
2373 5064 2472 5134 ein,
2510 5065 2697 5129 fanen.
2735 5062 2883 5134 XYL.
2913 5091 2978 5100 —
3012 5062 3282 5134 Somniat
3313 5063 3408 5116 hic
3439 5064 3596 5119 circa
3627 5068 3737 5119 tul-

2075 5131 2207 5189 dum
2252 5133 2567 5205 Xylander,
2603 5139 2661 5186 et
2711 5131 2978 5206 vomitum
3033 5133 3256 5206 referre
3309 5134 3495 5206 fingit,
3529 5152 3562 5190 a
3615 5153 3732 5206 quo

2076 5201 2368 5260 semotum
2387 5209 2513 5259 erat
2535 5219 2712 5258 omne
2738 5202 3056 5276 vexillum;
3091 5201 3164 5256 ad
3187 5201 3530 5276 conflictum
3554 5201 3738 5276 siqui-

2075 5277 2210 5332 dem
2243 5276 2621 5331 deferebatur
2648 5274 3098 5350 ve_xillum,cg_m
3128 5274 3734 5350 sarcinis,jumen_tis,

2075 5346 2914 5419 impedimentis,pueris_,guze
2929 5340 3738 5419 tom-)A'o‘ovsignifi_cat,nullum

2075 5413 2599 5492 aut-superfluum:
2661 5413 2936 5492 Suid'asA:
2984 5413 3286 5492 Egypdpfar
3334 5416 3396 5470 τὸ
3441 5419 3568 5492 παρ’
3602 5420 3736 5492 ἧμιν

2075 5485 2374 5564 λεγόμεῑων
2422 5485 2678 5564 τορλδον,
2735 5485 2802 5564 τὰ
2862 5485 3219 5564 βαστάζοντα,
3269 5485 3598 5560 ἀποσκευὴν,
3627 5485 3735 5546 ita?

2073 5552 2172 5630 τήν
2210 5552 2588 5632 μετακομιδὴν
2618 5552 2726 5612 τῶν
2756 5552 3114 5632 έπιτηδείων.
3148 5552 3324 5632 GoAn.

2147 5585 2172 5614 ν
2255 5585 2588 5632 ετακομιοην
2618 5585 2726 5612 των
2760 5585 3114 5624 επιτιιυιιων.
3148 5585 3324 5613 υυΑιι.

2145 5585 2254 5706 (8⁸93
2288 5635 2610 5704 Diplomatis
2641 5639 2691 5686 et
2711 5629 2937 5707 litteris
2959 5630 3288 5685 correctius
3320 5633 3416 5688 hic
3449 5634 3738 5707 interpre-

2074 5700 2277 5761 tabere
2313 5700 2490 5777 quam
2545 5721 2681 5759 cum
2711 5700 3425 5774 Xylandro,contraccuum
3451 5700 3732 5774 formulis.

2073 5778 2248 5834 Goxn.
