4120 6424
316 439 447 500 ’155

1678 421 2000 484 GEORGII
2047 422 2392 488 CEDRENI

3636 429 3757 487 756

320 573 477 629 cium
503 571 786 627 comitem
809 561 1434 633 fmderatorunLeique
1460 561 1723 633 legatum
1757 557 1983 614 addidit

2101 556 2438 632 φοιδεράτων
2498 559 2590 617 καί
2647 560 3056 638 ὑποστράτηγον
3118 561 3290 618 αὐτοῦ
3352 563 3598 636 Ναρσῆν,
3663 560 3758 616 καὶ

322 667 650 726 Narsetem,
711 677 778 715 ac
848 664 1051 713 contra
1111 658 1318 709 Persas
1371 651 1589 706 emisit.
1648 649 1978 706 Commissa

324 770 523 828 pugna
554 755 748 806 Persea
779 749 913 803 victi
945 747 1220 818 pulsique
1271 749 1432 807 sunt,
1473 748 1532 797 et
1562 757 1834 812 rerepere
1868 741 1981 794 Ro-

327 845 491 901 mani
526 843 701 898 urbes
733 838 1026 909 etoppida
1058 835 1130 891 ab
1175 836 1248 890 iis
1299 833 1631 888 Iustiniano
1664 837 1722 885 et
1749 830 1982 884 Justino

327 931 760 1005 imperantibus
779 930 1083 997 occupata.
1111 927 1398 979 Reversus
1429 921 1638 993 Cpolin
1666 917 1982 974 Mauricius

326 1025 400 1080 ab
431 1025 787 1093 imperatore
819 1021 908 1071 est
939 1013 1268 1069 honoriﬁce
1295 1015 1593 1082 acceptus.
1627 1007 1984 1078 Triumpha-

322 1114 405 1168 vit
462 1111 638 1166 etiam
698 1107 769 1161 de
824 1105 1021 1160 Persis
1080 1103 1423 1173 imperator,
1476 1100 1598 1154 suis
1639 1096 1919 1168 auspiciis
1951 1113 1984 1150 a

322 1200 602 1260 Mauricio
646 1196 854 1261 victis;
912 1208 1317 1267 generumque
1377 1191 1534 1244 hunc
1584 1188 1694 1243 sibi
1757 1185 1981 1254 ascivit,

322 1291 539 1347 tradita
570 1287 694 1342 ﬁlia
743 1302 851 1340 sua
905 1281 1309 1338 Constantina.
1347 1281 1639 1334 Germano
1672 1276 1807 1331 duci
1839 1275 1985 1331 alte-

319 1397 472 1447 ram,
528 1377 775 1433 nomine
841 1372 1244 1438 Charitonem,
1312 1367 1644 1435 collocavit,
1705 1366 1851 1421 691
1929 1367 1988 1418 et

321 1476 643 1538 utrumque
673 1465 967 1520 Caesarem
998 1459 1348 1532 designavit.
1376 1457 1617 1512 Decima
1647 1459 1857 1526 quarta
1889 1451 1984 1507 die

325 1557 571 1630 Augusti
604 1553 882 1609 Tiberius
903 1566 1039 1605 cum
1070 1547 1408 1603 cucurbitas
1437 1545 1726 1600 serotinas
1753 1543 1984 1596 vitiatas

329 1646 571 1714 edisset,
604 1645 665 1698 in
697 1641 893 1696 tabeto
924 1637 1154 1693 incidit.
1182 1637 1496 1690 Moriturus
1528 1650 1664 1706 ergo
1692 1634 1981 1688 Joannem

327 1734 746 1808 patriarcham,
781 1735 1053 1784 senatum
1099 1732 1158 1781 et
1207 1725 1498 1780 exercitus
1530 1728 1715 1791 vocat,
1751 1737 1985 1776 eoram-

327 1841 443 1896 que
502 1823 572 1878 iis
628 1820 904 1876 Mauricio
962 1833 1179 1889 genero
1239 1831 1344 1870 suo
1413 1813 1731 1884 imperium
1781 1809 1981 1865 tradit.

2091 646 2404 706 ἀπέστειλεν
2465 651 2666 715 αὐτοὺς
2723 653 2860 707 κατὰ
2913 656 3156 726 Περσῶν,
3213 651 3475 725 Πολέμου
3525 648 3582 705 δὲ
3630 671 3757 725 κρο·

2091 739 2347 806 τηθέντος
2408 745 2600 796 νικῶσι
2653 743 2925 814 Ῥωμαῖοι
2976 742 3114 796 κατὰ
3173 741 3394 816 κράτος,
3447 741 3537 794 καὶ
3595 739 3752 816 ἀφεί-

2093 826 2260 883 λοντο
2301 829 2360 884 ἐκ
2413 835 2524 885 τῶν
2584 835 2803 906 Περσῶν
2857 829 3051 892 πόλεις
3109 851 3166 884 τε
3221 831 3309 884 καὶ
3343 830 3537 908 χώρας
3568 827 3627 891 ἃς
3659 829 3746 884 έπὶ

2091 917 2473 972 Ἰουστινιανοῦ
2521 921 2610 974 καὶ
2664 919 2961 976 Ίουστίνου
3010 915 3344 994 παρέλαϐον.
3404 917 3749 974 Ἐπανελθὼν

2093 1003 2150 1061 δὲ
2216 1009 2518 1082 Μαυρίκιος
2593 1008 2646 1064 έν
2722 1008 3296 1065 Κωνσταντινουπόλει
3373 1005 3572 1082 ἐδέχθη
3645 1007 3750 1062 ὑπὸ

2092 1099 2190 1150 τοῦ
2253 1095 2521 1171 βασιλέως
2581 1096 2863 1172 μεγάλως,
2921 1099 3008 1152 καὶ
3078 1093 3440 1171 ἐθριάμϐευσε
3495 1091 3753 1170 Τιϐέριος

2093 1186 2190 1247 τὰς
2245 1185 2393 1248 νίκας
2449 1188 2775 1262 Μαυρικίου,
2824 1187 2915 1241 καὶ
2965 1182 3338 1261 προσελάϐετο
3391 1186 3556 1241 αὐτὸν
3606 1205 3751 1259 γαμ-

2094 1269 2223 1348 ϐρὸν
2257 1275 2332 1336 εἰς
2364 1279 2769 1332 Κωνσταντῖναν
2817 1278 2916 1346 τήν
2968 1277 3160 1331 ἑαυτοῦ
3209 1274 3495 1351 θυγατέρα·
3540 1273 3750 1347 ὁμοίως

2095 1363 2152 1420 δὲ
2215 1366 2305 1420 καὶ
2379 1370 2642 1440 ηερμανῷ
2717 1369 3010 1441 στρατηγῷ
3076 1359 3251 1435 ἔζευξε
3322 1366 3422 1434 τὴν
3489 1363 3752 1438 θυγατέρα

2095 1455 2258 1510 αὐτοῦ
2317 1453 2560 1529 Χαριτὼ,
2621 1457 2857 1524 ποιήσας
2917 1452 3259 1533 ἀμφοτέρους
3321 1454 3613 1528 Καίσαρας.
3667 1455 3749 1525 Τῇ

2095 1542 2151 1600 δὲ
2213 1543 2276 1600 ιδ’
2331 1549 2429 1600 τοῦ
2492 1543 2798 1619 Αὐγούστου
2859 1545 3028 1617 μηνὸς
3087 1544 3275 1622 φαγὼν
3332 1541 3602 1615 συκάμινα
3633 1545 3748 1616 (88)

2094 1633 2272 1708 ὄψιμα
2327 1633 2609 1704 ἀξιοθέατα
2661 1635 3010 1707 νενοθευμένα
3067 1633 3244 1712 φθίσει
3297 1631 3600 1705 περιέπεσε.
3649 1632 3748 1686 Καὶ

2097 1721 2319 1796 μέλλων
2397 1724 2636 1778 τεθνάναι
2720 1721 3119 1798 προσκαλεῖται
3227 1722 3320 1776 τὸν
3393 1722 3745 1796 πατριάρχην

2095 1814 2348 1881 Ἰωάννην
2403 1813 2493 1867 καὶ
2545 1815 2646 1882 τήν
2704 1813 3012 1886 σύγκλητον
3046 1812 3160 1884 ἃμα
3188 1816 3310 1872 τοῖς
3360 1811 3747 1884 στρατεύμασι,

325 1895 490 1981 Quod
517 1927 651 1967 cum
675 1925 882 1965 omnes
914 1906 1123 1963 faustis
1172 1901 1705 1959 acclamationibus
1737 1899 1981 1972 probas-

2097 1901 2182 1957 καὶ
2243 1902 2544 1973 Μαυρίκιον
2597 1903 2688 1957 τὸν
2748 1899 2884 1956 ἴδιον
2948 1895 3199 1976 γαμϐρὸν
3258 1898 3486 1974 βασιλέα
3548 1899 3752 1976 ἀναγο-

323 2007 477 2070 sent,
510 2015 782 2056 reversus
812 1997 872 2052 in
916 1996 1134 2052 lectum
1187 2009 1361 2049 suum
1410 1994 1590 2047 vitam
1619 2007 1754 2046 cum
1787 1994 1977 2043 morte

320 2088 724 2146 commutavit.
782 2083 1102 2156 Imperavit
1156 2099 1346 2138 annos
1402 2087 1540 2146 tres,
1602 2094 1840 2133 menses
1885 2076 1982 2130 de-

319 2197 471 2244 cem,
503 2178 632 2233 dies
687 2181 840 2230 octo.
901 2171 1180 2243 Sepultus
1239 2175 1329 2225 est
1381 2169 1440 2224 in
1505 2169 1686 2223 heroo
1733 2167 1794 2220 in
1843 2181 1982 2220 arca

320 2267 588 2323 Prasina.

392 2355 710 2413 Mauricius
739 2351 1102 2408 orthodoxus
1149 2348 1469 2419 imperium
1509 2352 1844 2403 Romanum
1875 2361 1982 2417 gu-

323 2445 596 2502 bernavit
645 2459 834 2498 annos
890 2439 1116 2512 viginti,
1179 2454 1416 2493 menses
1469 2442 1608 2502 tres,
1652 2435 1781 2490 dies
1810 2435 1976 2488 duos.

326 2537 560 2591 Statura
615 2532 727 2587 fuit
783 2529 1091 2596 mediocri,
1125 2527 1424 2593 robustus,
1457 2525 1645 2592 albus,
1680 2525 1826 2579 facie
1889 2540 1983 2578 ro-

328 2623 536 2690 tunda,
562 2620 864 2684 subrufus,
891 2617 1266 2682 recalvaster,
1289 2632 1434 2670 naso
1457 2621 1515 2668 et
1539 2613 1721 2668 barba
1753 2612 1982 2666 medio-

327 2714 449 2770 cri:
484 2712 730 2767 barbam
761 2713 1026 2764 Romano
1059 2724 1224 2762 more
1260 2705 1559 2760 tondebat.
1607 2705 1801 2758 Patria
1832 2705 1982 2774 Cap-

326 2803 542 2875 padox,
567 2800 750 2871 jussit
778 2815 841 2853 se
885 2799 944 2852 in
979 2796 1195 2851 tabulis
1227 2795 1401 2849 scribi
1437 2794 1778 2848 Mauricium
1813 2792 1983 2846 Tibe-

325 2893 504 2948 rium.
537 2891 867 2944 Coronatus
898 2893 990 2940 est
1017 2902 1052 2939 a
1084 2883 1420 2956 patriarcha
1467 2884 1692 2936 Joanne
1740 2881 1982 2951 Jejuna-

328 2987 477 3047 tore,
517 2995 585 3034 ac
643 2977 820 3049 paulo
853 2981 988 3048 post
1034 2974 1271 3045 nuptias
1301 2973 1528 3027 habuit.
1566 2974 1759 3026 Mense
1794 2969 1980 3040 Aprili

325 3071 390 3125 in
419 3070 546 3124 foro
579 3066 856 3122 incendia
904 3065 1163 3125 fuerunt,
1217 3069 1275 3117 et
1327 3068 1634 3116 ventorum
1682 3059 1980 3132 procellm,

325 3159 540 3231 quibus
572 3156 774 3212 multm
805 3155 1016 3209 domus
1077 3158 1215 3208 sunt
1272 3152 1539 3223 perdita).
1584 3151 1821 3204 Decima
1848 3148 1980 3202 Maii

326 3254 497 3304 terrm
531 3252 722 3302 motus
780 3245 889 3299 fuit
947 3259 1198 3314 magnus
1258 3247 1316 3295 et
1375 3247 1646 3311 equestre
1678 3245 1980 3294 certamen

324 3343 544 3394 actum.
569 3339 784 3391 Avares
805 3339 1027 3401 autem,
1053 3333 1153 3402 qui.
1176 3348 1296 3386 non
1326 3331 1512 3384 multo
1531 3336 1667 3383 ante
1694 3328 1973 3381 Sirmium
2002 3312 2047 3375 C

326 3431 572 3499 Europa)
599 3426 863 3481 nobilem
883 3424 1094 3478 urbem
1115 3427 1567 3492 occupaverant,
1594 3419 1791 3474 missis
1821 3419 1980 3488 lega-

330 3519 405 3572 tis
427 3517 498 3572 ab
522 3516 880 3586 imperatore
903 3511 1206 3583 postulant
1229 3517 1290 3564 ut
1309 3512 1377 3562 80
1401 3510 1527 3564 auri
1555 3508 1980 3576 millihusqum

329 3624 364 3663 a
384 3603 665 3662 Romanis
687 3600 1010 3674 quotannis
1032 3598 1549 3670 accipiebant,alia
1567 3602 1634 3652 20
1657 3597 1984 3667 adjiceren—

331 3702 445 3750 tur.
481 3694 807 3764 Imperator
836 3689 998 3761 pacis
1029 3688 1332 3742 studiosus
1357 3687 1680 3742 consensit.
1715 3685 1984 3740 Postula-

333 3784 478 3839 bant
508 3786 574 3836 ut
595 3780 705 3835 sibi
733 3779 807 3834 ad
829 3778 1234 3850 spectaculum
1271 3776 1604 3830 mitteretur
1630 3775 1983 3846 elephantus

330 3871 569 3928 Indicus
599 3875 658 3926 et
685 3885 866 3924 aurea
896 3867 1163 3922 culcitra.
1194 3869 1331 3931 Qum
1389 3867 1570 3919 missa
1599 3866 1980 3928 remiserunt,

329 3963 670 4029 contempta
726 3957 991 4012 culcitra.
1043 3955 1197 4010 692
1259 3954 1825 4024 Postulaveruntque
1867 3953 1985 4007 alia

329 4051 522 4106 adhuc
549 4051 617 4102 2O
648 4047 838 4102 millia
869 4045 978 4100 sibi
1011 4043 1348 4108 addi.Quod
1380 4060 1514 4098 cum
1540 4050 1844 4098 recusaret
1874 4044 1985 4097 im-

329 4143 589 4212 perator,
611 4137 918 4208 Chaganus
941 4133 1319 4206 expeditione
1345 4139 1618 4204 suscepta
1646 4133 1985 4206 Sigidonem

331 4230 598 4299 aliasque
628 4227 806 4282 urbes
837 4225 1070 4298 subegit
1111 4230 1170 4278 et
1221 4223 1597 4291 Anchialum,
1632 4225 1890 4279 minatus
1923 4241 1986 4279 se

331 4319 508 4374 etiam
539 4317 799 4387 Longum
828 4330 1065 4369 murum
1097 4329 1461 4368 eversurum.
1494 4314 1822 4382 Imperator
1851 4329 1986 4384 ergo

329 4408 628 4479 Elpidium
661 4405 977 4478 patricium
1017 4420 1151 4458 cum
1202 4403 1630 4458 Commentiolo
1661 4404 1884 4475 legatos
1915 4405 1988 4460 ad

331 4497 674 4567 Chaganum
709 4494 929 4557 mittit;
963 4493 1132 4562 isque
1165 4509 1226 4546 se
1260 4494 1446 4562 pactis
1469 4493 1774 4547 conventis
1807 4498 1988 4549 statu-

331 4603 467 4641 rum
500 4602 568 4640 ac
602 4600 806 4656 pacem
840 4586 1209 4636 servaturum
1241 4583 1572 4652 pollicetur.

2093 1993 2256 2067 ρεύει.
2292 1991 2512 2046 Πάντων
2573 1989 2631 2045 δὲ
2687 1991 3128 2067 εὐφημησάντων
3187 1989 3347 2051 αύνὸς
3407 1989 3750 2062 ὑποστρέψας

2091 2083 2143 2138 έν
2200 2086 2269 2155 τῇ
2329 2080 2442 2153 ἰδίᾳ
2498 2081 2658 2155 κλίνῃ
2723 2083 2833 2154 (89)
2890 2079 3133 2150 τέθνηκε,
3191 2078 3514 2154 βασιλεύσας
3575 2073 3668 2148 ἔτη
3701 2080 3749 2152 γ’

2095 2179 2269 2244 μῆνας
2305 2173 2333 2224 ι¹
2362 2169 2570 2245 ἡμέρας
2602 2172 2672 2240 η’.
2724 2169 2828 2227 Καὶ
2885 2168 3055 2248 ἐτάφη
3100 2168 3150 2224 έν
3200 2173 3280 2241 τῷ
3340 2168 3504 2241 ἡρῴῳ
3533 2165 3585 2221 ἐν
3618 2167 3754 2242 λάρ-

2089 2281 2209 2314 νακι
2245 2260 2516 2335 Πρασίνῳ.

2161 2351 2461 2425 Μαυρίκιος
2536 2346 2825 2423 ὂρθόδοξος
2912 2347 3165 2422 βασιλεὺς
3222 2345 3509 2419 Ῥωμαίων
3570 2340 3753 2400 ἐϐασί-

2090 2440 2274 2494 λευσεν
2330 2433 2421 2508 ἔτη
2480 2440 2526 2493 κ’
2587 2441 2760 2511 μῆνας
2816 2439 2864 2513 γ’
2921 2437 3132 2514 ἡμέρας
3183 2438 3252 2511 β’.
3310 2437 3414 2492 Ἦν
3443 2432 3502 2489 δέ
3529 2439 3598 2508 τῇ
3631 2431 3750 2504 ἰδέᾳ

2095 2526 2350 2602 μεσῆλιξ,
2421 2527 2662 2596 εὐσθενὴ,
2733 2526 3095 2601 λευκόχρους,
3188 2522 3532 2600 στρογγύλην
3597 2520 3745 2598 ἔχων

2088 2620 2187 2687 τὴν
2253 2614 2398 2691 ὄψιν,
2465 2615 2774 2691 πυρῥάκης,
2849 2615 3148 2695 ἀναφάλας,
3230 2613 3396 2687 εὕριν,
3456 2613 3746 2686 εὐπώγων,

2090 2708 2407 2781 κειρόμενος
2465 2708 2527 2761 τὸ
2587 2705 2822 2782 γένειον,
2881 2707 3020 2769 καθὰ
3074 2705 3378 2778 Ῥωμαίοις
3425 2698 3544 2765 ἔθος
3580 2701 3746 2760 ἐστίν.

2091 2803 2186 2852 Ἤν
2218 2795 2276 2852 δὲ
2307 2795 2699 2867 Καππάδόκης.
2765 2795 3049 2853 Ἐκέλευσε
3107 2793 3164 2849 δὲ
3221 2793 3513 2873 γράφεσθαι
3545 2793 3598 2848 έν
3629 2799 3748 2856 τοῖς

2092 2882 2476 2960 συμϐολαίοις
2563 2885 2864 2960 Μαυρίκιος
2933 2884 3069 2958 [καὶ]
3147 2879 3416 2958 Τιϐέριος.
3485 2882 3747 2957 Ἐστέφθη

2092 2974 2148 3031 δὲ
2184 2979 2286 3032 ὑπὸ
2310 2981 2408 3031 τοῦ
2439 2977 2785 3050 πατριάρχου
2817 2975 3072 3032 Ἰωάννου
3121 2978 3219 3029 τοῦ
3271 2975 3612 3042 Νηστευτοῦ,
3659 2972 3750 3027 καὶ

2097 3065 2212 3136 μετ’
2241 3063 2432 3137 ὀλίγον
2478 3063 2570 3118 τὸν
2615 3063 2790 3136 γάμον
2842 3062 3135 3131 πεποίηκε.
3189 3064 3280 3132 Τῷ
3331 3057 3387 3114 δὲ
3441 3057 3746 3134 Ἀπριλλίῳ

2097 3155 2226 3226 μηνὶ
2284 3153 2566 3229 γεγόνασιν
2624 3151 2675 3205 ἐν
2727 3156 2807 3224 τῷ
2861 3152 3016 3230 φὸρῳ
3070 3148 3384 3224 ἐμπρησμοὶ
3416 3148 3504 3202 καὶ
3537 3145 3742 3222 ἀνέμων

2093 3239 2420 3315 καταιγίδες,
2489 3241 2578 3294 καὶ
2643 3239 2860 3302 πολλὰς
2935 3239 3106 3301 οἰκίας
3175 3237 3462 3293 διώλεσαν.
3536 3239 3631 3291 Καὶ
3679 3241 3749 3311 τῇ

2089 3328 2285 3404 δεκάτῃ
2318 3335 2414 3386 τοῦ
2475 3331 2650 3387 Μαΐου
2697 3328 2886 3404 γέγονε
2940 3328 3163 3401 σεισμὸς
3208 3327 3370 3402 μέγας
3401 3327 3491 3382 καὶ
3521 3326 3745 3382 ἱππικὸν

2090 3419 2368 3489 ἐτελέσθη.
2429 3415 2791 3493 Πρεσϐεύουσι
2840 3415 2897 3472 δὶ
2946 3419 2997 3472 οἱ
3029 3412 3264 3490 Ἀϐαρες
3325 3417 3458 3488 πρὸς
3507 3417 3598 3470 τὸν
3646 3415 3748 3490 βα-

2091 3510 2269 3579 σιλέα,
2303 3511 2354 3564 οἱ
2387 3511 2492 3585 πρὸ
2524 3508 2721 3584 ὀλίγου
2750 3510 2813 3563 τὸ
2848 3508 3078 3582 Σίρμιον
3122 3508 3548 3583 χειρωσάμενοι,
3580 3503 3745 3560 πόλιν

2087 3605 2189 3664 τῆς
2219 3599 2492 3672 Εύρωπης
2541 3598 2834 3670 ἐπίσημον,
2892 3597 2981 3652 καὶ
3045 3597 3230 3666 ἠξίουν
3258 3602 3376 3659 ταῖς
3409 3594 3747 3671 ὁγδοήκοντα

2091 3689 2306 3764 χιλιάσι
2339 3694 2434 3742 τοῦ
2469 3686 2722 3761 χρυσίου,
2747 3687 2808 3749 ἃς
2840 3687 3076 3756 έτησίως
3105 3682 3416 3758 ἐλάμϐανον
3450 3686 3596 3760 παρὰ
3621 3686 3756 3740 Ῥω-

2097 3779 2303 3852 μαίοις,
2361 3780 2724 3852 προστεθῆναι
2783 3774 2959 3837 ἄλλας
3018 3783 3083 3830 κ’.
3145 3776 3235 3830 καὶ
3294 3776 3322 3829 6
3385 3773 3642 3850 βασιλεὺς
3681 3774 3754 3828 εἰ-

2092 3870 2264 3940 ρήνης
2321 3866 2605 3943 ἐφιέμενος
2658 3870 2821 3920 τοῦτο
2877 3863 3210 3934 κατεδέξατο.
3261 3866 3500 3934 ’ᾘτησαν
3552 3861 3608 3918 δὲ
3662 3863 3754 3918 καὶ

2092 3956 2376 4034 ἐλέφαντα,
2440 3960 2577 4024 ζῶον
2637 3951 2886 4023 Ἰνδικὸν,
2946 3953 3318 4033 ἐκπεμφθῆναι
3378 3953 3563 4016 αὐτοῖς
3613 3953 3755 4028 πρὸς

2095 4047 2240 4116 θέαν,
2272 4045 2362 4099 καὶ
2397 4042 2592 4114 κλίνην
2647 4051 2880 4118 χρυσῆν·
2943 4043 3015 4096 ὧν
3049 4042 3138 4097 καὶ
3193 4043 3542 4119 πεμφθέντων
3571 4042 3754 4118 ἀμφό-

2093 4154 2220 4208 τερα
2254 4134 2629 4206 ἀντέστρεψαν,
2688 4135 2787 4202 τὴν
2844 4130 3037 4200 κλίνην
3068 4129 3459 4192 εύτελίσαντες.
3497 4132 3755 4200 ᾚτοῦντο

2097 4221 2153 4278 δὲ
2177 4222 2341 4278 πάλιν
2377 4220 2548 4282 ἄλλας
2577 4228 2622 4275 κ’
2653 4223 2789 4294 πρὸς
2836 4225 2955 4282 ταῖς
3007 4220 3214 4275 έκατόν.
3249 4224 3356 4274 Τοῦ
3388 4217 3444 4274 δὲ
3481 4219 3754 4294 βασιλέως

2099 4315 2175 4385 μὴ
2218 4309 2667 4383 καταδεξαμένου,
2727 4313 2812 4383 [Ρ.
2872 4312 2997 4382 395]
3047 4309 3371 4385 στρατεύσας
3429 4310 3457 4363 ὁ
3511 4309 3756 4385 Χαγάνος

2095 4406 2194 4471 τὴν
2259 4398 2530 4476 Σιγιδῶνα
2586 4398 2749 4454 πόλιν
2801 4401 3129 4472 κατέστρεψε
3179 4401 3266 4454 καὶ
3318 4399 3499 4474 ἐτέρας
3559 4397 3754 4460 πόλεις

2103 4490 2436 4565 ἐχειρωσατο
2493 4489 2583 4543 καὶ
2635 4490 2737 4558 τήν
2798 4485 3131 4562 Ἀγχίαλον,
3188 4487 3405 4557 ἠπείλει
3466 4484 3523 4542 δέ
3571 4487 3659 4541 καὶ
3689 4487 3758 4540 τὰ

2102 4581 2297 4653 Μακρὰ
2326 4578 2486 4652 τείχη
2515 4577 2920 4652 καταστρείψαι.
2964 4578 3020 4630 Ὀ
3071 4573 3129 4631 δέ
3185 4577 3438 4652 βασιλεὺς
3465 4573 3755 4632 Ἐλπίδιον

331 4673 424 4728 τὸν
453 4672 737 4746 πατρίκιον
771 4670 866 4725 σὺν
899 4669 1299 4742 Κομμεντιὸλῳ
1349 4665 1599 4744 πρέσϐεις
1641 4671 1777 4742 πρὸς
1826 4673 1918 4727 τὸν
1977 4673 2231 4748 Χαγάνον
2291 4667 2594 4738 ἀπέστειλε,
2627 4668 2716 4720 καὶ
2748 4668 2776 4721 6
2811 4661 3092 4742 Βάρϐαρος
3124 4664 3209 4720 ἐπὶ
3243 4665 3362 4730 ταὶς
3398 4671 3506 4720 τῶν
3540 4666 3759 4720 πάκτων

336 4762 626 4830 συνθήκαις
645 4760 863 4834 εἰρήνην
889 4759 1034 4832 ἄγειν
1057 4754 1466 4831 καθωμολὸγει.
1532 4811 1534 4814 .

409 4855 578 4907 Anno
610 4851 870 4907 secundo
901 4850 1226 4922 imperator
1249 4849 1458 4904 consul
1491 4849 1838 4922 designatur
1862 4869 1988 4908 ma-

336 4956 601 5014 gnasque
632 4941 760 4996 urbi
822 4957 964 5012 opes
1023 4939 1290 5011 largitur.
1325 4936 1486 4991 Idem
1519 4954 1784 4992 sororem
1817 4957 1985 4995 suam

337 5031 611 5087 Gordiam
631 5031 959 5104 Philippico
978 5030 1039 5083 in
1055 5026 1497 5083 matrimonium
1518 5027 1985 5101 dat,0rientique

2169 4853 2259 4919 Τῷ
2304 4847 2348 4920 β’
2397 4840 2502 4900 ἔτει
2557 4845 2762 4906 ’ύπατος
2822 4845 2849 4897 6
2914 4842 3170 4917 βασιλεὺς
3229 4843 3636 4918 ἀναγορεύεται,
3667 4843 3760 4897 καὶ

2099 4937 2344 5000 πολλοὺς
2377 4934 2680 5010 θησαυροὺς
2730 4938 2801 5008 τῇ
2851 4933 3010 4990 πόλει
3045 4933 3321 5008 δωρεῖται.
3378 4931 3762 5010 Ιῐροϐάλλεται

2098 5028 2154 5082 δὲ
2187 5025 2525 5081 Φιλίππικὸν
2581 5024 2881 5099 στρατηγὸν
2930 5027 3030 5088 τῆς
3081 5025 3274 5095 Ἑῲας,
3324 5025 3562 5094 ποιήσας
3596 5022 3759 5078 αὐτὸν

1548 5183 1906 5238 XYLANDRI
1946 5185 2030 5237 ET
2071 5183 2285 5237 GOARI
2321 5182 2545 5236 NOTIE.

408 5311 520 5382 (88)
555 5311 696 5366 Hem
723 5309 750 5382 ly
769 5303 1143 5382 concurbitalc
1165 5305 1507 5382 interpretis
1529 5322 1781 5382 acumen
1805 5321 1992 5382 cucur-

339 5376 810 5454 bit'anrlegcntis,
844 5379 944 5434 ubi
983 5384 1211 5432 tantum
1245 5376 1386 5431 mori
1413 5380 1630 5445 fructus
1659 5377 1789 5431 aliis
1823 5377 1993 5432 colli—

338 5471 473 5526 gere
506 5453 663 5526 licet.
701 5455 875 5526 Gou.

411 5524 522 5592 (89)
556 5524 640 5576 Ad
672 5523 976 5593 proprium
1012 5520 1227 5574 lectum
1255 5521 1578 5575 moriturus
1604 5537 1872 5575 reversus
1905 5527 1993 5575 est

338 5593 626 5658 Tiberius,
664 5611 797 5648 cum
823 5598 1118 5650 senatum.
1153 5593 1475 5647 exercitum
1508 5598 1563 5645 et
1594 5593 1991 5663 patriarcham

342 5665 412 5719 de
447 5664 843 5734 nuncupando
901 5665 1131 5734 imperii
1193 5680 1532 5719 successore
1576 5665 1994 5734 Mauriciofuit

341 5733 811 5790 allocutus."En‘i
856 5736 955 5803 τήν
996 5733 1266 5806 ὕπαιθρον
1323 5739 1430 5789 τῶν
1490 5733 1781 5809 βασιλείων
1815 5733 1990 5805 αύλὴν

2103 5305 2227 5372 ἣτις
2255 5304 2575 5377 παρήνωται
2605 5305 2673 5374 τῇ
2723 5295 3086 5377 πολυστιϐάδι
3109 5304 3213 5377 τῷν
3251 5301 3560 5377 ἀνακτόρων
3589 5300 3762 5373 οἰκίᾳ,

2104 5369 2413 5449 προκυλίῳς
2461 5369 2744 5448 περιφάνεῖ
2801 5374 2909 5449 γγκαὶ
2986 5369 3256 5448 περιδόξῳ
3312 5378 3389 5444 τῷ
3446 5369 3762 5448 προσκηνίω

2105 5445 2732 5522 sapiens-1.0g“.
2793 5445 3124 5501 Simocattm
3158 5464 3193 5522 ι,
3231 5450 3276 5500 1.
3334 5445 3507 5522 verba
3562 5445 3762 5502 minus

2104 5513 2339 5591 proprie
2400 5513 2658 5573 reddidit
2708 5521 3027 5572 Pontanus.
3092 5513 3432 5578 ΙΙολυστιεάς
3482 5520 3641 5574 enim
3675 5519 3762 5572 0i.-

2101 5589 2192 5644 {u'z
2218 5589 2328 5663 pro
2360 5591 2744 5645 mdiﬁciorum
2781 5597 2839 5644 et
2887 5591 3320 5645 habitationum
3356 5597 3762 5661 superstructa

2103 5669 2444 5720 coacervata
2473 5663 2766 5733 congerie,
2809 5679 2927 5715 non
2976 5680 3082 5734 pro
3133 5663 3334 5718 herbis
3361 5669 3420 5717 et
3449 5663 3761 5718 frondibus

2103 5738 2411 5792 thororum
2444 5735 2716 5791 sumitur.
2753 5735 2910 5790 Gom
