4120 6436
382 446 504 507 757

1519 442 2058 507 HISTURlAllUM
2106 441 2664 503 COMPENDIUM.

3693 440 3814 500 758

383 579 640 662 γαμϐρὸν
681 582 757 644 εἰς
790 579 1018 656 Γορδίαν
1047 583 1144 651 την
1179 580 1318 637 ἰδίαν
1352 581 1617 660 ἀδελφήν,
1666 586 1710 637 0
1744 579 1801 636 δὲ
1833 578 2012 636 Φιλιπ

2159 595 2296 635 eum
2329 579 2598 650 praeﬁcit.
2633 579 2742 644 Qui
2776 577 2972 632 subito
3005 580 3214 633 Persas
3243 592 3458 647 magna
3485 577 3537 631 vi
3569 577 3813 634 adortus

383 675 546 737 πικὸς
575 679 694 736 τοῖς
727 679 1014 748 Περσικοῖς
1044 673 1259 749 ἀθρόως
1297 675 1631 729 ἐπεισπεσὼν
1685 673 1773 727 καὶ
1823 669 2042 738 πολλὴν

381 762 774 838 αἰχμαλωσίαν
811 758 994 817 λαϐὼν
1024 762 1099 825 εἷς
1129 765 1230 833 τήν
1264 767 1373 818 τῶν
1404 760 1606 833 Μήδων
1641 763 1830 841 χώραν
1869 779 2040 834 παρα-

381 848 604 918 ϐάλλει,
663 853 751 906 καὶ
811 850 997 906 πολλά
1065 851 1246 930 χωρία
1304 849 1617 932 διαφθείρας
1687 851 1763 912 εἷς
1821 851 2041 922 Ῥωμα-

380 942 500 996 νίαν
532 943 648 1015 (90)
679 939 830 1004 αὖθις
865 941 1180 1017 ὑπέστρεψε.
1233 944 1346 998 Τοῦ
1405 938 1462 996 δὲ
1511 941 1762 1017 Χαγάνου
1809 941 1908 1008 τήν
1961 938 2039 992 εί-

381 1033 556 1105 ρήνην
586 1029 948 1099 ἀθετήσαντος
979 1030 1068 1084 καὶ
1100 1033 1178 1102 τῷ
1209 1031 1418 1104 Μακρῷ
1449 1029 1627 1103 τείχει
1683 1026 2039 1101 ληϊζομένου,

381 1121 460 1181 ὡς
492 1121 892 1195 προσεπέλασεν
933 1121 960 1174 ὁ
1019 1121 1326 1197 στρατηγὸς
1373 1125 1481 1174 τῶν
1534 1119 1827 1192 Ῥωμαίων
1882 1125 2040 1190 Κομ-

386 1209 698 1285 μεντίολος,
727 1208 946 1271 τούτοις
979 1209 1190 1284 ἀθρόως
1223 1208 1556 1264 ἐπεισπεσὼν
1613 1206 1800 1264 πολλά
1848 1206 2035 1277 πλήθη

380 1298 569 1354 ἀνεῖλε
596 1299 687 1353 καὶ
718 1295 945 1361 τούτους
1003 1296 1302 1367 ἀπήλασεν.
1355 1295 1564 1353 Ἐλθὼν
1617 1294 1674 1351 δὲ
1713 1297 1766 1350 έν
1815 1291 2040 1369 Ἀδρια-

379 1389 643 1445 νουπόλει
697 1386 1082 1464 Ἀνδραγάστῳ
1165 1389 1480 1463 περιπίπτει
1561 1391 1642 1459 τῷ
1720 1380 2036 1441 ΣΘλαϐίνων

378 1485 669 1557 στρατηγῷ
701 1479 1091 1558 αἰχμαλωσίαν
1129 1479 1529 1558 ἐπιφερομένῳ·
1586 1478 1677 1532 καὶ
1725 1477 1904 1548 τούτῳ
1937 1476 2035 1531 ἐπ-

376 1571 638 1625 εισπεσὼν
663 1569 760 1638 όήν
795 1568 1186 1647 αἰχμαλωσίαν
1220 1566 1446 1623 διέσωσε
1475 1567 1567 1623 καὶ
1597 1567 1752 1637 νίκην
1789 1564 2034 1641 μεγάλην

378 1655 757 1734 περιεϐάλετο.
789 1660 927 1714 Τότε
957 1658 1047 1712 καί
1083 1679 1225 1719 τινες
1284 1656 1553 1727 Ἕλληνες
1597 1655 1652 1712 ἐν
1698 1654 1836 1727 οἷ’κῳ
1885 1655 2033 1716 τινὸς

377 1750 701 1825 ἀριστῶντες
733 1748 808 1810 εἷς
841 1742 1024 1820 ὕϐρεις
1082 1747 1172 1802 καὶ
1219 1746 1694 1820 ἀναθεματισμοὺς
1742 1751 1843 1815 τῆς
1877 1745 2035 1820 ὑπερ-

378 1839 534 1916 αγίας
567 1837 832 1893 Θεοτόκου
861 1839 1247 1911 προήχθησαν.
1281 1836 1380 1891 Καὶ
1432 1837 1482 1890 οἱ
1539 1838 1633 1910 μὶν
1677 1834 1844 1890 ἄλλοι
1894 1854 2031 1908 παρ-

377 1929 514 1983 αυτά
580 1933 841 2002 πονηροῖς
899 1927 1171 1999 πνεύμασι
1231 1925 1526 2002 ληφθέντες
1603 1923 1754 1987 δίκας
1812 1925 2024 1980 ἀπετίν-
2059 1944 2109 2010 Β

376 2039 529 2086 νυον,
560 2019 588 2072 ὁ
630 2015 899 2087 δεσπότης
929 2013 986 2071 δὲ
1027 2022 1128 2084 τῆς
1189 2015 1364 2078 οίκίας
1420 2013 1533 2071 εἶδε
1577 2017 1696 2070 κατ’
1744 2012 1870 2088 ὄναρ
1920 2015 2032 2069 ἐπι-

375 2112 570 2162 στᾶσαν
596 2107 744 2178 αῦτῷ
770 2107 867 2175 τήν
897 2105 1158 2160 Θεοτόκον
1209 2104 1299 2160 καί
1345 2104 1550 2180 βεργίῳ
1597 2108 1705 2176 (91)
1755 2104 1821 2159 τὰ
1867 2103 2032 2157 αὑτοῦ

373 2196 576 2272 γόνατα
605 2195 1046 2270 περιχαράξασαν
1086 2193 1174 2249 καὶ
1237 2192 1378 2267 μηδέ
1426 2193 1599 2268 λόγου
1653 2192 1814 2248 αὐτὸν
1864 2193 2029 2265 ἀξιώ-

373 2308 558 2342 σασαν.
592 2287 652 2343 Ὁ
713 2283 770 2340 δὲ
827 2283 984 2349 εὐθὺς
1039 2279 1262 2355 ἔξυπνος
1318 2289 1441 2348 τοῖς
1496 2283 1685 2344 πόνοις
1741 2282 2031 2360 γενόμενος

368 2374 488 2451 εὗρε
515 2375 642 2436 τοὺς
670 2371 844 2436 πόδας
901 2373 1067 2429 αὐτοῦ
1124 2374 1520 2446 κεκομμένους,
1570 2375 1856 2437 κάντεῦθεν
1905 2371 2026 2427 λοι-

366 2466 467 2520 πὸν
502 2463 747 2538 δημοσίᾳ
777 2461 1023 2538 φοράδην
1055 2462 1326 2538 ἀγόμενος
1365 2462 1454 2518 καὶ
1511 2462 1870 2536 προκείμενος
1927 2464 2028 2532 τήν

369 2553 766 2630 δικαιοκρισίαν
816 2551 1224 2628 ἐξωμολογεῖτο
1281 2557 1380 2606 τοῦ
1440 2556 1576 2607 Θεοῦ
1627 2551 1718 2606 καὶ
1767 2552 1866 2619 τήν
1925 2557 2025 2620 τῆς

367 2644 713 2717 παναμώμου
745 2643 1012 2697 Θεοτόκου
1042 2642 1160 2696 κατ’
1191 2642 1364 2696 αὐτοῦ
1386 2640 1773 2715 ἀγανάκτησιν.

436 2737 528 2806 Τῷ
559 2734 607 2808 γ’
657 2731 764 2787 ἔτει
826 2731 1165 2793 Φιλιππικὸς
1206 2731 1294 2785 ἐπὶ
1347 2733 1444 2800 τήν
1503 2732 1767 2805 Περσικὴν
1824 2729 2022 2802 ἐλθὼν,

364 2817 690 2877 καταλαϐὼν
725 2822 829 2890 τήν
862 2821 916 2876 Ἀ
933 2822 1128 2895 ρξάνην
1164 2819 1408 2896 μεγάλην
1439 2818 1827 2893 αἰχμαλωσίαν
1863 2819 2024 2894 ἐκρά-

365 2931 518 2981 τησε,
566 2911 657 2966 καὶ
716 2908 926 2965 δειλίαν
985 2909 1204 2983 ἐμποιεῖ
1252 2914 1367 2970 τοῖς
1432 2913 1713 2984 Περσικοῖς
1766 2907 2019 2983 στρατεύ-

371 3020 522 3073 μασι.
557 3001 806 3070 Νοσήσας
839 2996 896 3054 δὲ
921 2999 1013 3053 τὸν
1047 2998 1262 3071 ἀνεψιὸν
1313 3003 1618 3076 χειροτονεῖ
1663 3003 2021 3072 καθηγεῖσθαι

361 3094 458 3144 τοῦ
485 3087 647 3158 λαοῦ,
703 3089 794 3143 καὶ
855 3088 932 3150 εἷς
991 3086 1574 3144 Κωνσσαντινούπολιν
1635 3093 1805 3142 νοσῶν
1846 3107 2018 3161 παρα-

366 3181 539 3254 γέγνε.
573 3182 669 3251 Τῷ
705 3177 769 3233 ηδ’
828 3177 978 3251 αὒτῷ
1036 3173 1143 3234 ἔτει
1202 3177 1401 3257 ἐτέχθη
1462 3183 1542 3251 τῷ
1603 3176 1820 3254 βασιλεῖ
1877 3178 2018 3247 υἱὸς,

367 3267 458 3323 καὶ
489 3268 764 3340 ὠνόμασεν
795 3269 959 3324 αὐτὸν
988 3265 1302 3324 Θεοδόσιον.

434 3361 524 3429 Τῷ
573 3355 618 3411 δ’
666 3354 769 3412 ἔτει
831 3357 1172 3419 Φιλιππικὸς
1239 3355 1583 3430 ἐξεληλυθὼς
1641 3363 1741 3426 τῆς
1799 3355 2015 3418 πόλεως

355 3446 492 3521 πρὸς
535 3447 742 3520 Πέρσας
774 3446 1081 3516 ὀπλίζεται,
1131 3446 1222 3501 καὶ
1276 3447 1494 3508 τούτοις
1543 3441 1840 3517 συμϐαλὼν
1892 3450 2015 3515 νικᾷ

355 3535 449 3590 τὸν
480 3533 748 3608 πόλεμον.
781 3538 864 3609 Τῇ
899 3534 945 3589 δ’
1002 3534 1252 3609 ὑστεραίᾳ
1313 3533 1479 3589 πάλιν
1533 3529 1820 3589 ἀναλαϐὼν
1865 3540 2014 3610 Καρπ-

355 3621 588 3699 δαρίχας
619 3625 714 3686 τὰς
742 3626 934 3680 ἑαυτοῦ
993 3621 1243 3696 δυνάμεις
1302 3625 1438 3698 πρὸς
1496 3623 1742 3697 πόλεμον
1789 3621 2014 3694 ὁπλίζε-

352 3735 464 3783 ται,
498 3714 586 3768 καὶ
620 3711 872 3791 δευτέρου
904 3713 1153 3787 πολέμου
1192 3715 1550 3786 κροτηθέντος
1607 3714 1795 3768 νικῶσι
1845 3713 2012 3769 πάλιν

358 3805 411 3858 οἳ
439 3806 706 3877 Ῥωμαῖοι
733 3805 822 3858 καὶ
853 3803 1196 3878 ἀναιροῦνται
1242 3802 1439 3876 Πέρσαι
1470 3802 1698 3873 πολλοὶ,
1759 3808 2009 3878 χειροῦν-

475 3891 520 3947 δη
635 3893 649 3910 ς
722 3897 748 3908 ..
915 3890 938 3910 τι
1001 3915 1017 3926 ἢ
1174 3903 1179 3908 .
1287 3892 1300 3908 κ
1478 3891 1490 3909 ε
1594 3915 1600 3926 ν
1631 3891 1685 3926 ν,
1911 3894 1930 3922 ι

354 3914 443 3948 ται
509 3915 531 3948 ε
564 3913 652 3947 και
685 3898 877 3963 ζωντες
911 3891 1181 3971 οισιίλιοι
1213 3913 1302 3946 και
1335 3890 1410 3952 εἶς
1439 3911 1500 3944 το
1549 3893 1838 3960 Βδςαντιον
1867 3915 2012 3964 πιμ-

356 4008 571 4044 πονται.
603 3988 666 4043 Ὀ
697 3983 754 4041 δὲ
783 3984 1130 4061 Καρδαρίγας
1185 3985 1520 4062 προσέφυγεν
1574 3984 1650 4047 εἷς
1698 3985 1760 4039 τὸ
1811 3986 2005 4059 Δαράς.

355 4077 406 4130 oi
439 4073 494 4131 δὲ
521 4079 618 4131 τοῦ
649 4077 886 4149 κάστρου
917 4077 1114 4149 Πέρσαι
1169 4077 1286 4149 μεθ’
1327 4069 1536 4149 ὓϐρεων
1587 4076 1668 4148 [Ρ.
1705 4077 1831 4147 396]
1878 4079 2006 4128 τοῦ-

350 4187 444 4220 τον
502 4165 912 4240 ἀπεπέμψαντο.
983 4167 1044 4221 '0
1100 4162 1157 4220 δὲ
1217 4163 1556 4225 Φιλιππικὸς
1636 4165 1762 4226 τοὺς
1845 4184 2003 4242 γενο-

2149 688 2364 743 magna
2386 671 2702 726 hominum
2722 669 2928 740 praeda
2948 675 3118 740 parta
3145 670 3206 724 in
3228 667 3479 722 Mediam
3509 668 3810 740 irrumpit,

2150 759 2476 828 multisque
2502 759 2582 813 ibi
2616 758 2849 830 oppidis
2881 758 3122 813 vastatis
3154 758 3216 812 in
3239 757 3588 813 Romaniam
3611 775 3810 814 rever-

2152 848 2242 902 tit.
2273 849 2416 902 Cum
2441 853 2639 902 autem
2664 848 2973 919 Chaganus
3005 864 3148 918 pace
3178 845 3396 901 violata
3426 846 3500 901 ad
3545 847 3810 919 Longum

2148 952 2388 991 murum
2416 935 2738 1006 prwdando
2771 942 3135 992 excurreret.
3184 934 3656 991 Commentiolus
3688 935 3808 993 dux

2149 1025 2397 1080 Romani
2432 1025 2726 1080 exercitus
2757 1025 2829 1080 de
2861 1025 3180 1097 improviso
3225 1024 3514 1081 Barbaros
3563 1024 3808 1081 adortus

2149 1130 2362 1185 magna
2390 1113 2775 1169 multitudine
2803 1131 2955 1170 cassa
2986 1132 3086 1169 eos
3110 1113 3328 1185 abegit.
3365 1113 3506 1169 Inde
3537 1131 3673 1170 cum
3730 1113 3808 1170 ad

2147 1202 2602 1274 Adrianopolim
2632 1202 2908 1272 venisset,
2970 1204 3032 1258 in
3086 1203 3519 1276 Andragastum
3574 1203 3807 1272 incidit,

2145 1291 2525 1346 Slavinorum
2561 1291 2807 1358 ducem,
2848 1292 2946 1362 qui
2981 1292 3244 1364 prwdam
3275 1292 3504 1364 agebat.
3538 1293 3604 1346 In
3648 1291 3812 1349 hunc

2143 1380 2298 1438 facto
2329 1381 2558 1454 impetu
2581 1381 2851 1453 prmdam
2878 1383 3122 1454 recepit,
3146 1382 3366 1455 insigni
3387 1382 3610 1454 potitus
3631 1382 3811 1438 victo-

2143 1472 2250 1526 ria.
2285 1474 2365 1526 Eo
2399 1477 2669 1543 tempore
2701 1473 2884 1528 Graeci
2921 1471 3164 1542 quidam
3197 1472 3261 1528 in
3291 1471 3467 1527 domo
3494 1470 3806 1542 cujusdam

2142 1562 2502 1634 prandentes
2555 1580 2624 1617 eo
2674 1563 2936 1634 prolapsi
2989 1568 3129 1618 sunt
3159 1564 3220 1618 in
3252 1562 3556 1634 Virginem
3589 1563 3804 1634 Deipa-

2140 1668 2268 1707 ram
2301 1652 2567 1708 convicia
2599 1657 2776 1723 atque
2807 1653 3246 1708 exsecrationes
3260 1653 3550 1724 jacerent.
3580 1653 3806 1712 Horum

2139 1740 2356 1810 reliqui
2390 1740 2548 1795 illico
2575 1757 2610 1796 a
2641 1740 2816 1795 malis
2845 1741 3097 1811 correpti
3132 1741 3440 1812 spiritibus
3463 1756 3665 1812 pceuas
3695 1739 3805 1795 de-

2140 1828 2378 1885 derunt.
2413 1830 2699 1885 Dominus
2731 1835 2929 1885 autem
2957 1829 3170 1885 domus
3197 1829 3368 1885 istius
3424 1845 3532 1901 per
3570 1830 3801 1884 insom-

2140 1919 2306 1973 nium
2330 1918 2474 1974 vidit
2499 1919 2608 1974 sibi
2643 1919 2798 1974 693
2827 1924 3022 1973 astare
3053 1919 3541 1990 Deiparam,quaa
3571 1917 3800 1990 alloqui

2140 2007 2338 2078 ipsum
2372 2025 2491 2062 non
2521 2007 2759 2079 dignata
2788 2007 2968 2078 pedes
3001 2008 3132 2078 ejus
3163 2007 3391 2078 virgula
3421 2007 3598 2062 veluti
3639 2007 3799 2063 notis

2139 2097 2446 2167 impressis
2459 2097 3058 2168 circumscripsit.llle
3077 2102 3275 2152 autem
3301 2114 3422 2168 pra;
3445 2096 3648 2152 dolore
3677 2101 3803 2153 sta-

2137 2185 2242 2239 tim
2275 2186 2556 2258 evigilans
2586 2185 2769 2257 pedes
2801 2202 2938 2241 suos
2971 2186 3195 2241 incisos
3231 2185 3477 2241 invenit.
3526 2187 3799 2241 Gestatus

2136 2275 2196 2328 in
2231 2275 2537 2346 publicum
2571 2275 2771 2346 ibique
2808 2275 3357 2346 expositusjustum
3380 2275 3802 2347 Deijudicium

2135 2369 2192 2419 et
2221 2365 2560 2436 inculpatae.
2596 2365 2852 2438 Virginis
2883 2365 3155 2437 Deiparaa
3185 2371 3390 2420 contra
3424 2382 3487 2421 se
3521 2363 3800 2435 indigna-

2133 2454 2357 2508 tionem
2390 2455 2697 2526 professus
2731 2459 2839 2511 est.

2201 2744 2364 2796 Anno
2397 2741 2569 2795 tertio
2602 2741 2967 2812 Philippicus
3001 2741 3062 2795 in
3095 2741 3359 2794 Persiam
3411 2740 3788 2812 expeditione

2126 2832 2280 2886 facta
2315 2832 2610 2885 Arxanam
2643 2831 2821 2901 capit,
2858 2846 3192 2901 magnaque
3224 2830 3448 2900 potitur
3478 2830 3698 2901 praeda,
3733 2835 3792 2886 et

2127 2926 2415 2975 terrorem
2450 2919 2705 2974 Persicis
2740 2920 2930 2990 COpiis
2959 2919 3191 2973 incutit.
3228 2919 3427 2973 Morbo
3459 2919 3598 2974 inde
3655 2936 3792 2975 cor-

2126 3015 2330 3081 reptus
2363 3009 2793 3064 consobrinum
2825 3025 2997 3063 suum
3033 3008 3315 3063 exercitui
3342 3008 3589 3080 prwﬁcit
3614 3013 3794 3079 atque

2125 3099 2249 3170 ipse
2309 3098 2518 3169 Cpolin
2581 3102 2837 3169 mgrotus
2925 3097 3264 3152 revertitur.
3340 3097 3562 3152 Eodem
3635 3113 3794 3153 anno

2124 3189 2470 3260 imperatori
2506 3187 2667 3242 illius
2699 3192 2789 3242 est
2821 3191 2996 3242 natus
3056 3203 3125 3242 ac
3181 3185 3551 3242 Theodosius
3600 3187 3797 3242 nomi-

2049 3301 2092 3366 ρ
2132 3283 2340 3332 natus.

2207 3369 2425 3433 Quarto
2460 3382 2619 3421 anno
2643 3365 3010 3436 Philippicus
3033 3366 3178 3421 urbe
3203 3382 3474 3437 egressus
3495 3370 3793 3423 armatum

2128 3457 2462 3512 exercitum
2496 3456 2556 3510 in
2583 3456 2791 3509 Persas
2819 3455 3006 3522 duxit,
3039 3456 3282 3526 acieque
3305 3471 3658 3527 congressus
3689 3472 3792 3512 eos

2125 3547 2279 3602 vicit.
2318 3546 2612 3601 Postridie
2643 3545 3030 3600 Cardarichas
3059 3546 3254 3601 denuo
3287 3545 3577 3602 instructo
3611 3563 3781 3602 exer-

2121 3635 2244 3691 citu
2275 3635 2524 3690 alteram
2568 3651 2824 3706 pugnam
2857 3635 3179 3700 commisit,
3211 3652 3536 3706 rursusque
3593 3653 3780 3708 penes

2123 3723 2422 3779 Romanos
2471 3724 2718 3778 victoria
2765 3722 2922 3792 fuit;
2979 3728 3039 3778 et
3092 3723 3264 3778 multi
3321 3725 3514 3779 Persaa
3572 3725 3775 3794 occisi,

2120 3813 2275 3883 capti
2309 3813 2397 3866 bis
2430 3813 2615 3879 mille,
2649 3818 2709 3866 et
2756 3813 3101 3882 Bysantium
3150 3812 3339 3868 missi.
3388 3813 3776 3871 Cardarichas

2119 3901 2192 3956 ad
2230 3904 2408 3956 Daras
2438 3902 2726 3972 confugit,
2758 3908 2818 3956 et
2847 3918 2880 3956 a
2910 3902 3118 3957 castris
3149 3919 3257 3973 per
3285 3919 3387 3958 eos
3417 3904 3518 3973 qui
3569 3906 3777 3976 pressi-

2119 3989 2199 4043 dii
2233 3990 2362 4044 loco
2391 3991 2449 4043 id
2481 3996 2739 4044 castrum
2787 3992 3089 4057 tenebant,
3151 4007 3257 4062 per
3313 3991 3637 4048 ludibrium
3688 3999 3780 4050 est

2117 4079 2410 4150 repulsus.
2447 4080 2815 4150 Philippicus
2851 4080 3084 4135 saucios
3116 4097 3222 4151 per
3277 4081 3458 4136 urbes
3507 4082 3777 4155 dimittit,

2115 4173 2180 4223 ut
2209 4185 2460 4239 corpora
2489 4173 2810 4234 curarent;
2845 4169 3223 4241 legatumque
3285 4169 3644 4240 Heraclium,
3675 4188 3780 4228 cu-

354 4254 547 4328 μένους
611 4254 946 4330 τραυματίας
1033 4254 1108 4316 είς
1192 4255 1288 4315 τὰς
1375 4251 1568 4314 πόλεις
1656 4252 2005 4327 παρέπεμψεν

2139 4275 2209 4313 us
2267 4258 2429 4312 ﬁlius
2488 4257 2792 4312 Heraclius
2855 4262 3062 4328 postea
3130 4257 3454 4328 imperator
3510 4259 3646 4328 fuit,
3702 4261 3779 4318 ad

354 4344 711 4420 ἰατρεύεσθαι,
738 4345 828 4399 καὶ
867 4341 1192 4420 Ἡράκλειον
1245 4343 1338 4398 τὸν
1386 4345 1482 4397 τοῦ
1533 4340 1860 4414 Ἡρακλείου
1906 4347 2003 4397 τοῦ

352 4433 754 4508 αὐτοκράτορος
783 4433 1006 4506 πατέρα,
1043 4431 1452 4506 ὑποστράτηγον
1487 4426 1639 4500 ὅντα,
1697 4429 1785 4485 ἐπὶ
1838 4451 2000 4486 κατα.

353 4525 564 4592 σκοπήν
590 4529 698 4577 τῶν
759 4517 1048 4596 Βαρϐάρων
1083 4520 1396 4594 ἐξέπεμψεν.
1446 4521 1623 4582 Αὐτὸς
1671 4517 1729 4574 δὲ
1777 4521 1853 4582 εἰς
1899 4521 1998 4590 τήν

353 4607 647 4667 Βαϐυλῶνα
677 4609 980 4678 εἰσϐάλλει,
1012 4611 1102 4665 καὶ
1130 4611 1193 4664 τὸ
1253 4608 1544 4684 Χλόμαρον
1588 4609 1848 4689 φρούριον
1897 4631 1999 4664 πα-

2113 4347 2511 4418 explorandas
2544 4363 2638 4402 res
2672 4346 3072 4402 Barbarorum
3105 4346 3342 4403 emittit.
3379 4349 3510 4418 Ipse
3561 4349 3622 4405 in
3665 4351 3778 4406 Ba-

2113 4437 2416 4508 byloniam
2449 4436 2843 4508 impressione
2866 4436 3021 4491 facta
3051 4435 3433 4492 Chlomarum
3459 4439 3774 4496 castellum

2113 4526 2364 4582 obsidet.
2399 4527 2555 4582 694
2585 4525 2969 4581 Cardarichas
2999 4531 3198 4581 autem
3231 4526 3476 4583 collecta
3509 4529 3774 4586 tironum

2115 4630 2297 4669 manu
2327 4620 2386 4669 et
2433 4614 2746 4686 jumentis,
2790 4618 2969 4668 noctu
3015 4630 3153 4668 cum
3204 4613 3346 4670 luna
3395 4616 3618 4685 sileret,
3667 4635 3778 4691 per

350 4701 716 4774 ρακαθέζεται.
745 4702 807 4758 Ὀ
856 4698 912 4755 δὲ
973 4696 1317 4774 Καρδαρίχας
1373 4684 1734 4776 στρατολογεῖ
1781 4697 2002 4759 ἰδιώτας

2137 4722 2245 4760 oca
2275 4711 2489 4760 natura
2509 4705 2740 4760 munita
2756 4721 2825 4759 eo
2854 4705 3123 4776 pervenit
3143 4710 3260 4760 uta
3283 4711 3444 4780 tergo
3463 4714 3619 4764 esset
3649 4712 3774 4766 Ro-

351 4791 470 4862 μεθ⁹
503 4788 836 4866 ὑποζυγίων,
879 4788 970 4844 καὶ
1023 4785 1092 4842 δι’
1141 4787 1360 4863 ὀχυρῶν
1416 4788 1599 4842 τόπων
1655 4786 1707 4842 ἐν
1753 4787 2005 4860 ἀσελήνῳ

349 4879 498 4935 νυκτὶ
529 4879 618 4935 ἐπὶ
648 4880 715 4934 τὰ
743 4884 890 4934 νῶτα
936 4878 1142 4951 γίνεται
1197 4883 1306 4931 τῶν
1366 4877 1669 4949 Ῥωμαίων,
1733 4874 2006 4950 μηδαμῶς

347 4967 558 5045 θαρρῶν
592 4974 784 5044 χεῖρας
822 4967 1008 5028 αὐτοῖς
1041 4961 1324 5040 ἐμϐαλεῖν.
1358 4967 1628 5038 Ῥωμαῖοι
1661 4963 1716 5020 δὲ
1737 4970 1818 5037 τῷ
1847 4965 2003 5021 ἀκαί-

349 5079 426 5133 ρῳ
457 5053 615 5137 φόϐῳ
663 5055 1127 5120 διασκεδασθέντες
1181 5053 1270 5109 διὰ
1318 5051 1766 5124 δυσδιεξοδεύτων
1817 5057 2000 5110 τόπων

351 5147 611 5225 μεγάλοις
635 5145 909 5210 κινδύνοις
937 5146 1276 5219 περιέπεσον.
1312 5150 1528 5220 Πρωϊας
1562 5141 1619 5198 δὲ
1677 5143 2001 5217 γενομένης,

345 5245 448 5307 τῆς
481 5242 766 5314 συμφορᾶς
796 5233 1243 5304 ἀπηλλάττοντο,
1275 5231 1365 5288 καί
1411 5234 1502 5287 τὸν
1556 5234 1857 5308 στρατηγὸν
1904 5255 2002 5288 κα-

340 5323 677 5388 ταλαϐόντες
703 5322 920 5400 ὕϐρεσιν
949 5323 1264 5402 αἰσχίσταις
1311 5327 1504 5376 τοῦτον
1561 5319 1776 5379 ἔϐαλεν.
1827 5324 1894 5380 Οἱ
1945 5321 2001 5379 δὲ

345 5417 544 5491 Πέρσαι
576 5415 910 5472 ἐπίπλαστον
942 5415 1260 5487 νομίσαντες
1310 5412 1447 5466 εἶναι
1487 5413 1587 5479 τήν
1637 5413 1816 5490 φυγὴν
1869 5410 1999 5468 διῖυ.

2115 4797 2817 4868 manorum,quibuscum
2835 4813 3152 4854 conserere
3165 4815 3399 4854 manum
3415 4817 3775 4873 nequaquam

2117 4885 2396 4943 audebat.
2431 4886 2679 4940 Romani
2711 4886 2978 4940 locorum
3011 4885 3432 4958 imperviorum
3455 4889 3774 4960 iniquitate

2117 4980 2175 5030 et
2209 4974 2626 5045 intempestivo
2681 4979 2907 5029 terrore
2965 4974 3025 5028 in
3083 4991 3383 5031 summum
3441 4978 3773 5048 periculum

2115 5063 2501 5118 devenerunt.
2535 5065 2577 5118 E
2607 5079 2724 5134 quo
2756 5069 2956 5118 tamen
2989 5063 3118 5118 luce
3149 5063 3305 5119 facta
3349 5064 3518 5120 facile
3567 5081 3772 5122 evase-

2115 5158 2273 5219 runt,
2307 5159 2733 5225 arreptumque
2764 5153 2976 5208 ducem
3011 5154 3399 5208 atrocissimis
3457 5160 3773 5212 contume-

2113 5242 2210 5298 liis
2243 5244 2634 5315 exagitarunt.
2670 5242 2860 5297 Persae
2919 5246 3116 5296 autem
3172 5241 3368 5314 fugam
3409 5259 3539 5297 eam
3589 5245 3772 5302 simu-

2113 5331 2222 5387 lari
2255 5338 2534 5404 putantes
2565 5349 2685 5388 non
2719 5337 2860 5387 sunt
2889 5331 3016 5387 ausi
3049 5331 3304 5402 insequi.
3338 5333 3413 5386 At
3469 5334 3770 5391 Heraciius

2114 5423 2464 5478 transmisso
2483 5423 3036 5495 Tigri,qua3cunque
3063 5419 3266 5476 Medias
3292 5427 3462 5477 erant
3474 5423 3772 5482 nobiliora

1585 5531 1953 5588 XYLANDRI
1983 5536 2072 5590 ET
2101 5538 2319 5594 GOARI
2351 5540 2577 5595 ΝΟΤᾹΞ.

415 5662 529 5733 (90)
561 5659 946 5733 ln_ditionem
1003 5660 1428 5724 Romanorum,
1478 5652 1557 5718 εἷς
1601 5654 1668 5708 τὰ
1726 5655 1998 5728 Ρωμαίων

342 5731 603 5791 Zonaras.
636 5731 770 5788 XYL.

414 5807 529 5883 (91)
559 5804 731 5880 Apud
756 5802 884 5863 Nic.
913 5817 1071 5876 xvul,
1104 5803 1196 5875 37,
1226 5798 1444 5874 legitur
1470 5799 1713 5862 vimine.
1756 5801 1894 5862 XvL.
1925 5833 1996 5848 ...

2118 5663 2294 5736 νίφα
2322 5658 2827 5736 υὺῃίηεᾳλλύγωλδ,
2857 5661 3151 5736 Theocriti
3175 5663 3492 5723 scholiaste
3523 5674 3760 5727 vocata:

2107 5728 2354 5812 Βεργίοις
2383 5732 2508 5804 ἤτοι
2542 5728 2736 5806 λύγοις
2766 5728 2948 5803 δῆσαι.
2981 5734 3159 5791 (ἶοΑιι.
