4120 6428
322 435 440 495 759

1666 427 1980 488 ΟΕΟίίωΙ
2024 426 2371 488 UEDREM

3630 418 3752 482 160

325 568 567 641 oppida,
600 584 671 624 ea
702 566 990 633 incendit,
1022 572 1199 637 atque
1231 566 1311 622 ita
1340 564 1416 621 ad
1448 564 1844 637 Philippicum
1897 566 1985 616 est

2106 559 2184 629 ξαι
2234 558 2333 615 ούκ
2390 559 2721 633 ἐτόλμησαν.
2778 559 3099 635 Ἡράκλειος
3156 556 3215 616 δὲ
3270 557 3596 633 διαπεράσας
3653 556 3745 612 τὸν

326 672 545 729 magna
577 672 713 711 cum
744 656 946 726 praeda
975 671 1265 710 reversus.
1298 657 1553 710 Rursum
1577 653 1716 708 inde
1733 652 1807 708 ad
1841 653 1987 706 Mar-

325 745 649 818 tyropolim
705 745 1021 800 commisso
1079 744 1237 798 inter
1292 745 1502 798 Persas
1558 759 1629 797 ac
1685 744 1982 797 Romanos

322 834 556 906 proelio,
589 835 858 889 vicerunt
887 832 1155 889 Romani.
1190 832 1416 887 Cecidit
1447 848 1515 887 eo
1547 830 1608 886 in
1639 830 1844 902 praelia
1877 831 1985 884 Ba-

322 938 503 993 ruyas
525 924 838 977 Persarum
861 921 1002 987 dux,
1033 926 1324 992 captaque
1357 927 1497 976 sunt
1528 920 1641 975 tria
1668 918 1882 983 millia,
1913 935 1983 974 ac

324 1011 547 1066 Persici
580 1010 873 1064 exercitus
905 1009 1202 1064 ductores.
1236 1009 1393 1064 Mille
1426 1014 1657 1063 tantum
1687 1008 1759 1063 de
1794 1008 1985 1063 l‘ersi-

325 1098 410 1153 cis
440 1098 639 1169 copiis
670 1097 944 1153 homines
975 1096 1145 1153 clade
1177 1098 1392 1152 evitata
1435 1114 1558 1153 non
1604 1096 1829 1167 absque
1879 1112 1986 1167 pe-

322 1187 530 1245 riculis
563 1186 626 1242 in
652 1186 960 1242 Persidem
989 1186 1321 1242 redierunt.
1346 1186 1595 1241 Romani
1617 1185 1693 1241 ad
1723 1186 1982 1256 impera-

322 1282 512 1332 torem
541 1276 807 1348 pradam
838 1276 1089 1331 mittunt
1108 1275 1769 1345 Persicam,omnesque
1793 1273 1982 1341 capti-

318 1383 422 1422 vos
451 1383 573 1422 una
596 1382 735 1422 cum
767 1365 1003 1421 bandis.
1038 1366 1357 1421 Mauricius
1390 1382 1567 1436 porro
1612 1365 1864 1420 Cariana
1891 1380 1985 1419 ro-

319 1461 447 1512 stra
476 1455 537 1509 in
571 1455 915 1511 Blachernis
946 1454 1170 1525 condit,
1204 1454 1386 1525 inque
1418 1471 1487 1509 eo
1518 1470 1760 1509 omnem
1812 1469 1983 1508 suam

319 1560 356 1599 a
385 1543 648 1616 pueritia
676 1560 867 1614 usque
897 1544 973 1599 ad
1003 1543 1449 1615 imperatoriam
1479 1544 1829 1615 dignitatem
1850 1542 1983 1598 vita)

319 1633 631 1689 historiam
662 1632 951 1705 depingit.
1003 1632 1272 1689 Absolvit
1324 1632 1504 1688 etiam
1549 1632 1853 1704 publicum
1897 1632 1981 1687 ibi

319 1720 626 1778 balneum.
659 1721 729 1777 Et
756 1721 1067 1777 constituit
1097 1726 1163 1775 ut
1192 1720 1428 1792 publica
1461 1721 1824 1793 deprecatio,
1859 1721 1980 1776 sive

324 1810 675 1866 intercessio
716 1810 953 1876 dicitur,
984 1810 1050 1865 in
1105 1812 1431 1866 Parasceva
1459 1828 1494 1866 a
1532 1811 1876 1866 Blacbernis
1904 1810 1981 1866 ad

325 1898 739 1972 ChalcOpratia
766 1900 1107 1956 duceretur.

2096 649 2326 724 Τίγρην,
2361 647 2461 703 ὅσα
2488 656 2587 718 τῆς
2614 646 2873 719 Μηδικῆς
2912 649 3100 725 χώρας
3148 652 3283 717 ἦσαν
3329 647 3574 719 ἐπίσημα
3624 666 3747 724 χω-

2097 736 2188 812 ρία
2216 734 2511 812 παρεδίδου
2541 738 2695 811 πυρὶ,
2723 739 2813 793 καὶ
2869 739 3043 800 οὕτως
3096 738 3233 814 πρὸς
3279 735 3619 793 Φιλιππικὸν
3658 734 3755 789 ἀν-

2095 821 2316 900 έστρεψε
2377 828 2512 900 μετὰ
2569 826 2787 884 σκύλων
2843 826 3096 883 πολλῶν.
3157 825 3265 885 Καὶ
3316 824 3523 901 γίνεται
3582 820 3748 877 πάλιν

2092 915 2230 970 κατὰ
2257 917 2356 984 τήν
2411 914 2872 990 Μαρτυρούπολιν
2923 919 3033 989 (92)
3093 914 3358 991 Περσικὸς
3417 913 3551 987 μετά
3605 913 3750 966 Ῥω-

2099 1004 2273 1076 μαίων
2302 1002 2569 1079 πόλεμος,
2601 1004 2693 1061 καὶ
2723 1005 2983 1080 κρατοῦσι
3020 1006 3312 1079 Ῥωμαῖοι,
3364 1004 3456 1059 καὶ
3509 1003 3755 1077 ἀναιρεῖ-

2090 1114 2180 1148 ται
2212 1094 2377 1149 ὁτῶν
2415 1098 2634 1169 Περσῶν
2692 1096 2997 1169 στρατηγὸς
3056 1096 3358 1166 Βαρουζᾶς,
3417 1087 3750 1163 συλλαμϐά-

2092 1204 2274 1239 νονται
2306 1181 2364 1239 δὲ
2386 1184 2476 1239 καὶ
2507 1190 2704 1254 ζῶντες
2729 1183 3037 1259 τρισχίλιοι
3066 1184 3157 1241 καὶ
3202 1186 3254 1238 o't
3302 1188 3411 1239 τῶν
3465 1185 3744 1258 Περσικῶν

2090 1275 2389 1349 ταγμάτων
2415 1275 2726 1350 ταξίαρχοι.
2783 1273 2979 1332 Χίλιοι
3038 1272 3097 1330 δὲ
3150 1273 3307 1348 μόνοι
3361 1270 3456 1329 τὸν
3514 1271 3751 1347 ἀριθμὸν

2094 1361 2395 1434 ἐσώθησαν,
2428 1363 2481 1418 οἳ
2536 1364 2629 1419 καὶ
2690 1364 2828 1436 μετὰ
2882 1361 3147 1419 κινδύνων
3204 1363 3293 1418 ἐπὶ
3346 1363 3447 1431 τήν
3506 1358 3747 1436 Περσίδα

2093 1451 2439 1526 ἀνέστρεψαν.
2468 1455 2537 1510 O't
2569 1450 2628 1508 δὲ
2654 1453 2926 1527 Ῥωμαῖοι
2952 1451 3229 1525 πέμπουσι
3260 1451 3398 1526 πρὸς
3424 1449 3517 1506 τὸν
3581 1452 3746 1526 βασι-

2093 1539 2191 1596 λέα
2216 1544 2285 1597 τὰ
2307 1544 2544 1618 Περσικὰ
2574 1545 2789 1622 Λάφυρα
2828 1543 2919 1598 καὶ
2973 1541 3103 1607 τοὺς
3146 1541 3525 1618 ζωγρηθέντας
3569 1539 3748 1597 ἄπαν-

2088 1650 2185 1693 τας
2209 1629 2301 1685 σὺν
2329 1636 2446 1693 τοῖς
2506 1628 2726 1707 βάνδοις
2784 1634 2920 1704 (93).
2980 1631 3042 1689 Ὁ
3100 1629 3159 1686 δὲ
3215 1631 3520 1705 Μαυρίκιος
3571 1628 3752 1685 ἔκτισε

2089 1720 2182 1775 τὸν
2233 1722 2495 1795 Καριανὸν
2546 1716 2793 1794 ἔμϐολον
2862 1720 2914 1775 ἐν
2970 1719 3334 1795 Βλαχὲρναις,
3417 1720 3629 1795 γράψας
3688 1720 3744 1775 ἐν

2090 1808 2237 1881 αύτῷ
2267 1807 2356 1864 διὰ
2388 1811 2699 1886 ζωγραφίας
2726 1810 2823 1873 τὰς
2856 1810 3049 1865 ἑαυτοῦ
3076 1810 3297 1885 πράξεις
3349 1810 3445 1871 τὰς
3494 1809 3555 1864 ἐκ
3612 1830 3744 1864 παι-

2012 1869 2056 1933 B
2090 1869 2242 1962 δόθεν
2289 1869 2599 1974 μέχριιτῆς
2659 1869 2826 1954 αὐτού
2885 1869 3213 1969 βασιλείας..
3246 1869 3629 1972 ’Ᾰνεπλήρωσε
3687 1894 3747 1953 δὲ

318 1988 413 2044 καὶ
444 1988 508 2043 τὸ
537 1986 595 2042 ἐν
624 1986 774 2060 αύτῷ
807 1985 1075 2060 δημόσιον
1133 1987 1384 2063 λουτρόν.
1442 1993 1620 2047 Τυποῖ
1676 1986 1733 2044 δὲ
1789 1989 1876 2043 καὶ
1936 1988 2036 2056 τὴν
2098 1986 2256 2054 λιτήν
2322 1987 2666 2062 καλουμένην
2724 1982 3011 2063 πρεσϐείαν
3071 1990 3185 2061 (94)
3242 1987 3379 2042 κατὰ
3435 2005 3743 2061 παρασκευ-

327 2077 397 2147 ὴν
430 2077 539 2149 (95)
570 2075 622 2130 ἐν
653 2076 986 2151 Βλαχέρναις
1017 2076 1284 2131 τελεῖσθαι
1313 2078 1405 2132 καὶ
1436 2076 1489 2130 ἐν
1529 2084 1646 2141 τοῖς
1676 2076 2147 2151 Χαλκοπρατείοις
2177 2075 2543 2153 πληροῦσθαι.

399 2168 574 2221 Anno
605 2172 793 2233 sexto,
818 2167 1185 2239 Longobardi
1210 2168 1743 2223 bellunrllomanis
1764 2168 1981 2223 intule-

325 2259 490 2319 runt,
514 2259 574 2308 et
609 2254 894 2309 Maurusii
921 2254 982 2308 in
1013 2255 1164 2311 695
1200 2255 1399 2310 Africa
1426 2273 1671 2327 magnos
1694 2257 1984 2312 tumultus

324 2341 682 2397 excitarunt.
718 2342 785 2395 In
818 2340 1060 2396 Perside
1091 2342 1259 2397 locus
1317 2344 1603 2399 custodia)
1651 2343 1985 2399 destinatus

329 2435 441 2498 est,
476 2446 699 2485 nomen
734 2431 928 2485 Lelhaa
959 2430 1032 2486 ab
1066 2431 1359 2487 oblivione
1389 2433 1636 2502 habens,
1670 2435 1731 2488 in
1761 2451 1830 2489 eo
1850 2437 1988 2490 Per-

329 2534 533 2574 sarum
566 2535 668 2573 rex
704 2519 925 2574 multos
951 2519 1023 2573 de
1053 2520 1229 2575 variis
1254 2522 1707 2593 populiscaptos
1734 2523 1988 2579 incluse-

329 2612 451 2677 rat,
477 2623 595 2662 una
627 2624 761 2662 cum
794 2607 869 2662 iis
898 2625 1046 2679 quos
1080 2610 1141 2663 in
1195 2610 1441 2665 castello
1491 2611 1673 2667 Daras
1726 2619 1984 2684 ceperat.

336 2697 406 2753 Hi
422 2696 495 2751 de
517 2696 710 2752 salute
733 2712 842 2753 sua
858 2696 1300 2769 desperabundi
1323 2699 1603 2757 custodes
1620 2700 1812 2756 adorti
1826 2709 1986 2771 sunt,

331 2786 525 2857 iisque
557 2787 728 2841 casis
753 2786 1101 2858 Bysantium
1138 2795 1561 2860 pervenerunt,
1621 2796 1879 2862 suntque
1910 2791 1984 2846 ab

333 2875 693 2946 imperatore
726 2890 938 2947 magno
970 2893 1108 2932 cum
1133 2878 1347 2949 gaudio
1380 2880 1619 2950 recepti.
1646 2884 1730 2935 Ac
1750 2897 1989 2936 rursum

328 2963 797 3019 Commentiolus
828 2964 892 3020 in
919 2965 1223 3021 Persidem
1250 2966 1552 3039 ingressus
1582 2969 1770 3025 victor
1799 2971 1989 3028 multa

330 3051 520 3123 spolia
550 3052 894 3125 Byzantium
924 3053 1107 3111 misit.

2163 2168 2256 2237 Τῷ
2285 2168 2330 2231 ς’
2359 2162 2464 2222 ἔτει
2511 2168 2563 2221 οἱ
2629 2162 3009 2243 Λογγίϐαρδοι
3057 2163 3304 2239 πόλεμον
3355 2164 3558 2237 ἤραντο
3613 2163 3752 2219 κατᾶ

2096 2254 2409 2327 Ῥωμαίων,
2449 2256 2540 2312 καὶ
2587 2256 2655 2311 τὰ
2704 2261 2813 2311 τῶν
2858 2254 3221 2329 Μαυρουσίων
3279 2252 3404 2324 ἔθνη
3455 2252 3593 2309 κατὰ
3647 2255 3747 2325 τήν

2096 2345 2365 2423 ’Λφρικήν
2408 2344 2653 2419 μεγάλας
2712 2345 2957 2423 ταραχὰς
3015 2343 3365 2414 ἐποιήσωτο.
3425 2345 3511 2400 Ἐν
3570 2340 3628 2398 δὲ
3682 2348 3752 2418 τῇ

2095 2434 2317 2509 Περσίδι
2350 2435 2568 2506 φυλακὴ
2602 2436 2841 2511 ὑπάρχει
2878 2438 2914 2504 ἡ
2948 2432 3227 2512 λεγομένη
3252 2432 3434 2504 Λήθη,
3462 2432 3515 2488 ἐν
3611 2430 3758 2488 πολ-

2096 2523 2229 2587 λοὺς
2262 2527 2290 2581 ὁ
2320 2530 2430 2582 τῶν
2483 2527 2705 2599 Περσῶν
2768 2522 3025 2599 βασιλεὺς
3085 2524 3192 2579 ἀπὸ
3252 2520 3528 2601 διαφόρων
3586 2522 3755 2578 ἐθνῶν

2094 2613 2148 2670 ἐν
2183 2614 2353 2689 ταύτῃ
2402 2613 2715 2671 κατέκλεισε
2762 2614 2854 2670 σὺν
2899 2618 3017 2675 τοῖς
3064 2610 3457 2691 αἰχμαλώτοις
3504 2619 3607 2682 τῆς
3653 2612 3761 2667 πό-

2098 2703 2238 2767 λεως
2297 2704 2491 2781 Δαράς.
2551 2705 2720 2762 Οὗτοι
2777 2704 2871 2758 οὗν
2930 2701 3256 2777 ἀπογνόντες
3331 2703 3533 2757 ἑαυτῶν
3592 2701 3758 2756 ἐπαν-

2100 2794 2336 2849 ίστανται
2366 2794 2505 2849 κατὰ
2531 2797 2641 2849 τῶν
2669 2791 3055 2867 φυλασσόντων
3096 2790 3317 2852 αυτούς·
3375 2791 3468 2853 οὕς
3521 2791 3611 2846 καὶ
3661 2790 3759 2846 ἆν-

2099 2880 2312 2945 ελόντες
2344 2882 2422 2947 εἷς
2447 2883 2512 2939 τὸ
2544 2883 2834 2953 Βυζάντιον
2864 2881 3048 2951 ἧκασι,
3082 2881 3174 2937 καὶ
3221 2877 3508 2951 ὑπεδέξατο
3557 2879 3753 2943 αὐτοὺς

2098 2972 2126 3027 ὁ
2161 2970 2416 3047 βασιλεὺς
2452 2971 2587 3046 μετὰ
2615 2977 2792 3047 χαρᾶς
2828 2968 3097 3046 μεγάλης.
3127 2969 3235 3026 Καὶ
3274 2967 3440 3025 πάλιν
3498 2975 3754 3043 Κομμεν-

2097 3060 2283 3124 τίολος
2311 3064 2389 3124 εἷς
2418 3062 2511 3117 τὸν
2542 3060 2679 3117 κατὰ
2704 3066 2813 3115 τῶν
2848 3064 3064 3136 Περσῶν
3122 3059 3370 3133 πόλεμον
3420 3065 3618 3135 χωρεῖ,
3660 3059 3747 3114 καὶ

2096 3154 2325 3223 νικήσας
2353 3151 2542 3210 πολλὰ
2571 3151 2788 3231 λάφυρα
2815 3153 2869 3207 ἐν
2904 3149 3183 3223 Βυζαντίῳ
3205 3151 3432 3225 πέμπει.

414 3231 584 3283 Anno
617 3228 889 3300 septimo,
949 3229 1259 3299 Chosroes,
1320 3248 1457 3287 cum
1516 3232 1798 3289 adversus
1855 3251 1991 3291 eum

2171 3250 2259 3317 Τῷ
2292 3250 2334 3315 ζ’
2367 3240 2497 3316 ἔτει,
2542 3228 2737 3319 Βαραμ
2788 3245 2923 3299 κατὰ
2979 3244 3224 3319 Χοσρόου
3280 3242 3574 3317 γενόμενάς
3629 3246 3758 3298 τοῦ-

336 3320 622 3375 Baramus
652 3317 715 3373 in
727 3323 1014 3391 surgeret,
1039 3326 1280 3377 coactus
1301 3327 1394 3377 est
1420 3321 1496 3378 ad
1527 3324 1823 3380 Romanos
1850 3342 1995 3381 con-

332 3406 537 3480 fugere
563 3422 578 3473 ;
614 3412 674 3463 et
703 3406 1024 3479 impetrato
1056 3408 1129 3465 ab
1180 3409 1539 3482 imperatore
1567 3412 1790 3467 auxilio
1822 3414 1995 3470 Bara-

342 3513 516 3561 mum
549 3495 768 3552 occidit
794 3496 1219 3569 Persidemque
1251 3498 1532 3555 obtinuit.
1591 3503 1857 3557 Metuens
1904 3519 2001 3558 au-

336 3589 466 3640 tem
498 3583 611 3638 sibi
642 3582 715 3638 ab
751 3583 1006 3653 insidiis,
1037 3585 1201 3640 mille
1236 3589 1534 3643 Romanos
1574 3591 1836 3660 priesidii
1868 3591 1999 3647 loco

342 3672 475 3729 dari
508 3689 544 3728 a
575 3671 858 3727 Mauricio
899 3673 1013 3728 sibi
1068 3676 1259 3746 petiit.
1310 3677 1475 3741 Quod
1516 3678 1708 3749 ipsum
1764 3698 2000 3752 quoque

349 3763 678 3835 imperator
729 3765 1045 3831 concessit,
1092 3766 1290 3838 itaque
1341 3768 1630 3825 Chosroes
1670 3770 1863 3827 fassus
1912 3777 2003 3827 est

351 3868 603 3924 regnum
634 3853 832 3908 Persis
864 3853 1153 3911 beneﬁcio
1185 3858 1584 3913 Romanorum
1629 3876 1999 3918 concessum.

426 3949 600 3998 Anno
628 3948 850 4009 octavo,
884 3944 944 3999 in
978 3946 1262 4001 Pascliate
1310 3946 1706 4005 Theodosium
1738 3952 2002 4008 Mauricii

353 4033 543 4090 lilium
572 4035 830 4090 Joannes
854 4037 1193 4107 patriarcha
1222 4038 1566 4109 Cpolitanus
1600 4049 1866 4109 coronat,
1896 4060 2001 4100 an-

350 4140 458 4181 nos
490 4128 697 4179 natum
730 4127 763 4178 4
795 4148 838 4180 ιι.
876 4126 1095 4181 Eodem
1139 4144 1296 4183 anno
1342 4129 1658 4186 Mauricius
1702 4132 1891 4188 aedem
1934 4136 2004 4188 40

348 4213 699 4269 Sanctorum
730 4213 996 4285 absolvit,
1026 4232 1061 4271 a
1089 4216 1320 4272 Tiberio
1351 4217 1710 4277 inchoatam.
1739 4222 2004 4292 Cumque

345 4302 409 4361 in
439 4305 681 4360 Oriente
712 4304 835 4362 alta
863 4310 1022 4362 esset
1049 4322 1184 4378 pax,
1230 4309 1525 4364 exercitus
1583 4309 1645 4363 in
1696 4311 2005 4367 Thraciam

345 4394 669 4450 transtulit.

2105 3355 2199 3390 τον
2231 3341 2347 3396 τοῖς
2396 3334 2695 3408 Ῥωμαίοις
2751 3340 3090 3410 προσρυῆναι
3144 3332 3469 3409 ἠνάγκασεν·
3527 3331 3573 3405 ᾦ
3630 3329 3759 3392 δοὺς

2108 3422 2426 3497 ὁβασιλεὺς
2454 3422 2779 3496 συμμαχίαν
2834 3421 2930 3478 τόν
2967 3442 3026 3477 τε
3086 3421 3280 3497 Βαρὰμ.
3333 3422 3609 3478 ἀπέκτεινε
3665 3421 3759 3474 καὶ

2105 3514 2206 3582 τὴν
2254 3510 2490 3588 Περσίδα
2544 3512 2827 3587 ἰκράτησε.
2890 3510 3159 3574 Δεδοικὼς
3221 3509 3280 3566 δὲ
3332 3514 3418 3584 [Ρ.
3478 3514 3606 3585 397)
3655 3512 3758 3581 τὴν

2109 3598 2459 3676 δολοφονίαν,
2521 3607 2673 3672 ζητεῖ
2755 3600 3058 3672 Μαυρίκιον
3119 3602 3194 3663 εἰς
3270 3599 3518 3678 φυλακὴν
3585 3599 3762 3654 αὐτοῦ

2108 3690 2331 3767 χιλίους
2361 3692 2691 3763 Ῥωμαίους.
2726 3693 2788 3748 Ὁ
2818 3687 2876 3745 δὲ
2927 3689 3184 3764 βασιλεὺς
3231 3695 3381 3745 ποιεῖ
3425 3689 3517 3744 καὶ
3568 3692 3761 3758 τοῦτο,

2110 3781 2185 3843 ὡς
2219 3779 2396 3854 λέγειν
2437 3782 2527 3835 τὸν
2591 3779 2843 3853 Χοσρόην
2901 3780 2985 3834 ὅτι
3040 3780 3311 3854 Ῥωμαῖοι
3370 3778 3599 3851 Πέρσαις
3655 3778 3757 3845 τὴν

2113 3870 2393 3946 βασιλείαν
2420 3868 2761 3945 χαρίζονται.

2179 3964 2272 4032 Τῷ
2301 3962 2353 4031 η’
2382 3955 2511 4028 ἔτει,
2563 3959 2627 4014 τὸ
2683 3957 2874 4033 Πάσχα
2931 3954 3218 4020 Θεοδόσιος
3277 3958 3393 4020 υἱὸς
3453 3956 3760 4032 Μαυρικίου

2108 4049 2355 4129 στέφεται
2419 4049 2523 4104 ὑπὸ
2574 4048 2831 4104 Ἰωάννου
2910 4047 3253 4122 πατριάρχου
3334 4054 3767 4103 Κωνσταντινου·

2107 4138 2348 4202 πόλεως,
2383 4136 2598 4211 χρόνων
2656 4136 2922 4209 ὑπάρχων
2987 4138 3264 4211 τεσσάρων
3324 4137 3519 4207 ἣμισυ.
3571 4138 3666 4207 Τῷ
3715 4132 3763 4190 δ’

2108 4227 2256 4299 αὐτῷ
2282 4224 2387 4281 ἔτει
2420 4224 2723 4299 Μαυρίκιος
2766 4225 2859 4279 τὸν
2894 4225 3017 4279 ναὸν
3067 4229 3175 4280 τῶν
3222 4225 3421 4300 Ἀγίων
3480 4224 3762 4299 Τεσσαρά-

2106 4336 2292 4385 κοντα,
2321 4315 2380 4370 δν
2428 4315 2707 4388 ἀπήρξατο
2765 4309 3038 4388 Τιϐέριος,
3088 4314 3467 4390 ἀνεπλήρωσε,
3525 4313 3616 4370 καὶ
3663 4320 3765 4383 τῆς

2112 4403 2418 4473 ’Λνατολῆς
2481 4404 2705 4477 εἰρήνην
2766 4404 2984 4478 βαθεῖαν
3057 4402 3296 4482 ἐχούσης
3360 4401 3456 4466 τὰς
3513 4400 3767 4477 δυνάμεις

2111 4499 2221 4552 τῶν
2255 4492 2673 4569 στρατευμάτων
2704 4493 2792 4549 ἐπὶ
2823 4494 2923 4562 τὴν
2956 4493 3169 4568 Θρᾷκην
3201 4488 3499 4550 διεϐίϐασε.

419 4576 583 4630 Nono
605 4592 788 4645 anno,
806 4594 943 4633 cum
966 4576 1295 4649 imperator
1313 4580 1513 4651 copias
1537 4581 1596 4635 in
1620 4582 1993 4639 Occidentem

2184 4588 2278 4656 Τῷ
2303 4584 2346 4648 θ’
2375 4578 2505 4650 ἔτει,
2560 4586 2663 4639 τοῦ
2708 4580 2977 4658 βασιλέως
3027 4583 3161 4657 μετὰ
3197 4587 3307 4638 τῶν
3350 4582 3765 4657 στρατευμάτων

350 4661 654 4728 educeret,
686 4663 758 4718 ab
791 4666 1066 4721 omnibus
1124 4668 1336 4723 vetitus
1396 4675 1489 4724 est
1539 4669 1698 4724 bello
1759 4687 2002 4741 Operam

348 4751 716 4822 impendere.
750 4754 959 4808 Daonii
992 4755 1517 4812 mulierinl‘antem
1540 4760 2003 4831 peperitoculis,

342 4840 951 4913 palpebris,manibus
965 4845 1334 4917 pedibusque
1354 4833 1655 4902 carentem
1678 4865 1691 4903 :
1724 4849 1798 4904 ad
1825 4868 2004 4908 coxas

344 4934 546 4985 autem
577 4930 731 4985 690
762 4933 953 4989 cauda
980 4934 1162 5005 piscis
1196 4940 1349 4991 testa
1381 4936 1582 4991 intecti
1629 4944 1805 4994 enata
1858 4945 2003 4995 erat.

2107 4674 2195 4730 ἐπὶ
2226 4676 2328 4742 τὴν
2371 4674 2530 4727 Δύσιν
2571 4672 2961 4748 ἐξερχομένου,
3027 4670 3297 4729 ἐκωλύετο
3351 4672 3497 4746 παρὰ
3546 4674 3766 4729 πάντων

2110 4765 2453 4837 ὑπουργῆσαι
2484 4766 2565 4833 τῷ
2608 4761 2855 4835 πολέμῳ.
2892 4764 2977 4818 Ἑν
3008 4762 3065 4818 δὲ
3100 4767 3179 4833 τῷ
3208 4762 3418 4835 Δαονίῳ
3462 4766 3572 4835 (96)
3622 4757 3769 4818 ἔτεκε

2107 4853 2244 4926 γυνὴ
2278 4847 2497 4904 παιδίον
2544 4852 2684 4921 μήτε
2741 4847 3060 4924 ὀφθαλμοὺς
3124 4852 3265 4922 μήτε
3325 4848 3570 4929 βλέφαρα
3630 4851 3771 4922 μήτε

2113 4946 2304 5015 χεῖρας
2338 4939 2478 5012 μήτε
2504 4937 2676 5000 πόδας
2707 4937 2877 5014 ἔχων,
2918 4939 3053 5013 πρὸς
3114 4936 3172 4994 δὲ
3220 4943 3301 5011 τῷ
3358 4938 3525 5013 ἰσχίῳ
3578 4936 3772 5013 ἰχθύος

347 5019 568 5079 Eodem
602 5019 698 5075 die
729 5022 893 5077 canis
925 5040 1164 5094 quoque
1216 5040 1316 5081 sex
1349 5026 1529 5097 pedes
1561 5027 1790 5084 habens
1823 5035 1882 5083 et
1909 5046 1993 5084 ca-

2113 5028 2251 5104 ούρὰ
2298 5029 2595 5106 προσφυῶς
2656 5028 2905 5103 ὑπῆρχεν
2961 5028 3111 5099 αὑτῷ
3168 5025 3628 5102 ὀστρακόδερμος.
3687 5028 3771 5100 Τῇ

347 5112 453 5180 put
482 5108 790 5165 leoninum
822 5117 997 5168 natus
1028 5129 1097 5169 ac
1139 5113 1308 5170 valde
1361 5131 1612 5189 magnus
1658 5117 1848 5174 factus
1897 5124 2006 5176 est.

2114 5117 2250 5190 αύτῇ
2282 5116 2464 5192 ἡμέρᾳ
2495 5117 2587 5171 καὶ
2642 5117 2787 5174 κύων
2850 5117 3103 5187 ἑξάπους,
3164 5116 3407 5195 κεφαλὴν
3450 5110 3598 5192 ἔχων
3650 5112 3775 5170 λεο-

1556 5212 1917 5271 XYLANDRI
1955 5218 2043 5270 ET
2081 5217 2301 5273 GOARI
2339 5217 2566 5273 NOTAE.

421 5307 534 5387 (9_2_)_
556 5308 1079 5387 Armenim‘urbem
1105 5312 1497 5385 quadraginta
1512 5314 1769 5370 militum
1796 5319 2010 5387 marty-

351 5378 441 5433 rio
471 5379 792 5435 illustrem.
830 5381 1004 5437 Goaa.

423 5451 514 5517 93)
544 5450 983 5527 Vexillis,_puto
1015 5453 1394 5527 militaribus,
1428 5472 1559 5527 qua;
1616 5457 1791 5512 nobis
1840 5457 2008 5512 baner

354 5517 987 5599 dicuntur._S_uida§_in
1022 5522 1241 5599 Βάνδον·
1276 5517 1710 5582 Οὓτω’καλοῦσι·
1737 5528 2005 5599 Ῥωμαῖοι

361 5593 600 5667 σημεῖον
623 5589 684 5667 τὸ
715 5590 764 5645 ἐν
790 5592 1043 5667 πολέμῳ.
1081 5598 1217 5652 Χγι..

2120 5317 2386 5374 litaniam
2422 5317 2774 5383 instituisse,
2809 5332 2940 5388 quae
2974 5316 3142 5372 ﬁeret
3164 5317 3238 5373 ab
3255 5334 3374 5373 uno
3394 5317 3530 5373 fano
3552 5315 3625 5371 ad
3639 5317 3782 5372 alte-

2118 5397 2511 5461 rum,caterva
2525 5389 2721 5461 populi
2741 5394 2801 5461 et
2821 5389 3172 5459 pontiﬁcum
3194 5389 3774 5461 procedente.Supra

2118 5456 2275 5533 1111137
2327 5456 2655 5533 legebatur,
2714 5456 2915 5533 minus
2969 5468 3163 5533 recte.
3194 5456 3360 5533 -λιταί
3418 5465 3627 5516 notum
3666 5456 3782 5515 'est

2116 5531 2467 5589 vocabulum
2499 5532 2588 5588 vel
2619 5548 2689 5585 ex
2720 5531 2994 5597 Homero,
3029 5532 3171 5603 quid
3204 5532 3465 5589 denotet.
3497 5533 3635 5587 XYL.

2189 5605 2302 5675 (95)
2362 5605 2675 5660 Parascevis
2759 5603 3027 5675 singulis,
3111 5605 3283 5660 sextis
3365 5603 3539 5660 dictis
3590 5604 3752 5672 fen'is

457 5661 549 5744 of.)
583 5662 810 5719 Litania
830 5661 1116 5744 nimirum
1136 5668 1239 5744 hic
1253 5666 1377 5744 λέτή
1411 5663 1670 5744 πρεσϐεία
1693 5670 1931 5740 dicitur,
1955 5677 2015 5729 et
2121 5661 2297 5732 om:

370 5724 564 5786 Suidie
587 5749 823 5806 quoque
841 5733 965 5806 λιτή
991 5743 1083 5793 est
1099 5724 1468 5814 παράκλησιςί
1481 5741 1623 5798 Eam
1635 5724 2015 5816 ergo'videtur

2194 5748 2307 5822 (96)
2335 5747 2597 5805 Thracia
2627 5746 2779 5804 loco.
2813 5748 2989 5803 Goaa.
