4120 6414
331 458 445 518 761

1477 449 2031 517 HlSTUItlAltUM
2076 449 2647 512 OOMI‘ENDIUM.

3639 458 3760 517 762

332 587 509 662 τώδη,
568 589 849 666 γεννηθεὶς
935 588 1141 668 ἐγένετο
1203 591 1370 667 μέγας
1426 587 1653 669 σφόδρα.
1707 588 1793 661 Τῇ
1852 582 1967 641 αὖτὶ

2108 584 2323 641 Eodem
2353 584 2448 640 die
2480 601 2670 656 equus
2725 585 2903 641 etiam
2966 584 3363 658 imperatoris,
3419 589 3520 659 qui
3561 591 3760 647 aureis

333 681 520 755 ἡμέρᾳ
570 680 660 735 καὶ
718 680 746 735 6
801 679 972 743 ’ἱππος
1029 683 1126 735 τοῦ
1194 679 1548 755 βασιλέως,ὁ
1594 677 1686 734 τὸν
1746 677 1983 752 χρυσοῦν

334 771 716 844 περικείμενος
774 770 1005 843 κόσμον,
1036 769 1254 846 ἀθρόως
1306 768 1570 848 διερράγη
1603 768 1803 823 πεσών.
1853 761 1994 823 Τού-

329 881 448 922 τοις
486 865 647 916 πᾶσιν
706 858 1099 933 οἰωνισάμενος
1156 860 1184 915 6
1246 858 1499 935 βασιλεύς
1554 856 1858 934 περίλυπος
1898 853 1988 923 ἧν.

2105 674 2366 746 phaleris
2395 680 2523 729 erat
2553 680 2817 744 ornatus,
2849 676 3110 731 concidit
3131 676 3326 731 subito
3351 684 3529 749 atque
3553 685 3759 750 ruptus

2102 770 2211 821 est.
2246 766 2381 820 Hmc
2440 764 2641 819 omnia
2698 765 3023 837 imperator
3081 766 3301 821 ominis
3358 766 3489 821 loco
3535 768 3759 823 ducens

2099 854 2283 911 animi
2316 856 2644 925 angebatur
2678 860 2775 921 ;et
2804 855 3039 927 cognito
3070 855 3296 927 legatos
3344 862 3658 912 Persarum
3691 875 3759 913 ac

332 949 539 1005 Μαθὼν
572 946 631 1004 δὲ
659 949 745 1005 δτι
799 943 1053 1025 πρέσϐεις
1084 948 1160 1010 εἷς
1217 947 1279 1004 τὸ
1340 949 1630 1020 Βυζάντιον
1686 949 1904 1021 Περσῶν
1933 963 1967 997 τ

2098 944 2455 999 Francorum
2493 944 2838 1014 Byzantium
2883 944 3205 1016 appulisse,
3266 945 3327 999 in
3385 946 3609 1017 regiam
3665 963 3756 1000 re-

328 1038 422 1093 καὶ
453 1038 726 1115 Φράγγων
756 1038 1131 1115 παρεγένοντο,
1189 1039 1516 1114 ὑπεστρεψεν
1570 1035 1648 1099 είς
1702 1036 1771 1091 τά
1831 1031 1984 1111 βασί-

328 1126 472 1185 λεια.

404 1217 542 1274 Ἀπὸ
570 1220 677 1271 τῶν
744 1218 1053 1292 Ἱστορικῶν
1116 1221 1215 1274 τοῦ
1276 1217 1587 1291 Σιμοκάτου
1644 1218 1755 1287 (97)
1814 1210 1985 1288 λόγος

327 1309 578 1382 Χοσρὸου
610 1304 881 1382 βασιλέως
935 1310 1153 1381 Περσῶν
1205 1306 1345 1382 πρὸς
1399 1306 1652 1374 Ἰωάννην
1684 1298 1985 1376 στρατηγὼ

324 1394 640 1469 Ῥωμαίων,
710 1396 1109 1470 ἀποσκώψαντα
1176 1395 1253 1458 εἷς
1313 1395 1475 1452 αὐτὸν
1544 1392 1636 1451 ὅτε
1701 1390 1980 1459 ἀπεστάλη

322 1483 470 1559 παρᾶ
496 1486 594 1538 τοῦ
622 1486 816 1559 καιροῦ
862 1482 1324 1558 έτυραννοῦμεθα,
1384 1482 1485 1539 οὐκ
1540 1479 1601 1536 ἃν
1656 1478 1981 1557 έθάρρησσς,

321 1572 614 1650 στρατηγέ,
643 1572 736 1628 τὸν
797 1571 965 1651 μέγαν
1004 1572 1058 1627 έν
1090 1572 1400 1648 ἀνθρώποις
1466 1572 1697 1649 βασιλέα
1757 1566 1984 1645 βάλλειν

317 1666 437 1723 τοῖς
466 1661 817 1735 σκώμμασιν.
848 1662 998 1718 Ἐπεὶ
1048 1658 1106 1718 δὶ
1133 1667 1251 1725 τοῖς
1282 1666 1514 1738 παροῦσι
1577 1663 1713 1737 μέγα
1742 1657 1981 1736 φρονεὶς,

320 1749 527 1826 ἀκούσῃ
567 1750 619 1807 τί
675 1748 815 1821 δῆτα
864 1757 985 1814 τοῖς
1039 1756 1184 1816 θεοῖς
1240 1750 1524 1828 ἐσύστερον
1588 1747 1979 1825 μεμελέτηται.

230 1904 233 1907 _
319 1838 842 1917 Ἀντικαταρῥεύσει,
878 1837 935 1896 εὖ
967 1841 1107 1911 ἳσθι,
1147 1841 1223 1903 είς
1280 1840 1407 1903 τοὺς
1471 1838 1784 1915 Ῥωμαίους
1839 1839 1980 1910 ὑμᾶς

2097 1032 2226 1088 diit.

2168 1122 2448 1194 Sequitur
2477 1139 2546 1177 ex
2571 1122 2843 1177 Historiis
2900 1122 3177 1179 Simocati
3237 1125 3426 1179 oratio
3480 1126 3752 1181 Chosrose

2094 1213 2412 1267 Persarum
2443 1212 2597 1284 regis
2627 1212 2702 1267 ad
2728 1214 3017 1268 Joannem
3056 1212 3268 1268 ducem
3329 1216 3750 1284 Romanorum,

2094 1301 2196 1372 qui
2228 1302 2450 1357 missus
2478 1302 2532 1357 ei
2563 1302 2919 1374 opitulatum
2967 1320 3001 1358 a
3056 1304 3333 1359 Mauricio
3391 1305 3751 1377 imperatore

2093 1406 2314 1447 sannas
2346 1391 2411 1447 in
2439 1407 2638 1464 regem
2663 1391 2911 1463 jecerat.
2948 1393 3089 1461 Nisi,
3112 1393 3328 1464 inquit,
3362 1394 3490 1465 ipsa
3521 1400 3752 1466 tempo-

2089 1479 2173 1535 ris
2195 1478 2347 1535 ratio
2377 1479 2439 1534 in
2469 1496 2580 1535 nos
2640 1479 3014 1551 tyrannidem
3064 1487 3388 1548 exerceret,
3442 1499 3749 1554 nunquam

2088 1568 2355 1641 profecto
2386 1573 2473 1636 tu,
2507 1585 2541 1623 ο
2573 1568 2712 1637 dux,
2744 1569 2996 1625 auderes
3037 1586 3316 1643 magnum
3358 1570 3517 1626 inter
3564 1572 3750 1626 homi-

2088 1674 2196 1713 nes
2217 1673 2416 1731 regem
2449 1657 2840 1715 subsannare.
2874 1661 3039 1714 Nunc
3070 1660 3210 1730 quia
3247 1677 3513 1731 praesens
3542 1678 3743 1717 rerum

2088 1752 2276 1804 status
2308 1752 2365 1804 te
2394 1747 2717 1821 superbum
2746 1747 2965 1814 reddit,
3020 1748 3159 1803 audi
3217 1749 3361 1821 quid
3418 1749 3491 1806 de
3544 1750 3744 1806 futuro

2085 1836 2167 1892 dii
2190 1837 2526 1893 statuerint.
2559 1838 2651 1893 Sic
2689 1837 2862 1903 habe,
2895 1838 3264 1895 calamitates
3294 1839 3356 1893 in
3405 1856 3508 1895 vos
3536 1842 3745 1895 Roma-

318 1926 487 2002 δεινά,
516 1926 658 2000 ἕξετε
705 1926 764 1985 δὲ
791 1929 854 1984 τὸ
887 1925 1243 1987 Βαϐυλώνιον
1273 1930 1445 2010 φῦλον
1500 1937 1600 2000 τῆς
1654 1931 1967 2003 Ῥωμαϊκῆς

2084 1943 2193 1982 nos
2225 1926 2667 1997 redundabunt,
2699 1944 2765 1982 ac
2799 1944 2903 1999 per
2925 1934 3045 1983 tres
3077 1927 3397 1984 circulares
3429 1934 3743 2000 septenna-

315 2018 601 2081 πολιτείας
657 2015 892 2095 κρατοῦν
939 2020 1162 2096 τριττήν
1221 2019 1632 2097 κυκλοφορικὴν
1693 2015 1975 2095 ἑϐδομάδα

316 2107 476 2165 ἑτῶν.
508 2107 657 2163 Μετὰ
690 2105 747 2163 δὲ
792 2111 956 2164 τοῦτο
1014 2110 1324 2183 πεμπταίαν
1382 2104 1662 2183 ἑϐδομάδα
1718 2109 1974 2168 ἐνιαυτῶν

309 2198 577 2271 Ῥωμαῖοι
612 2197 816 2274 Πέρσας
875 2195 1357 2275 δουλαγωγήσετε.
1419 2198 1642 2256 Τούτων
1682 2197 1749 2272 δὴ
1784 2198 1975 2273 διηνο-

314 2285 525 2361 σμένων
556 2288 656 2357 τήν
694 2285 987 2363 ἀνέσπερον
1042 2286 1252 2364 ἡμέραν
1283 2285 1534 2362 ἐνδημεῖν
1592 2294 1710 2352 τοῖς
1767 2290 1973 2366 ἀνθρώ-

313 2368 462 2449 ποις,
511 2378 601 2434 καὶ
632 2379 733 2447 τήν
766 2375 1233 2455 προσδοκωμένην
1296 2377 1454 2451 λῆξιν
1506 2376 1821 2437 ἀποϐαίνειν
1874 2386 1973 2440 τοῦ

309 2468 565 2545 κράτους,
606 2467 696 2523 ὅτε
722 2466 793 2523 τὰ
845 2471 945 2534 τῆς
978 2473 1185 2545 φθορᾶς
1245 2466 1608 2545 παραδίδοται
1667 2471 1824 2528 λύσει
1878 2474 1970 2529 καὶ

307 2558 375 2614 τὰ
400 2565 505 2628 τῆς
534 2558 847 2633 κρείττονος
879 2558 1168 2636 διαγωγῆς
1194 2557 1563 2618 πολιτεύεται.

379 2649 473 2721 Τῷ
508 2653 536 2701 ι’
564 2641 694 2715 ἔτει,
751 2650 849 2701 τοῦ
903 2645 1155 2724 Χαγάνου
1202 2647 1530 2713 ἐπελθόντος
1584 2650 1723 2706 κατὰ
1749 2651 1811 2707 τὸ
1841 2651 1969 2730 Σίρ-

314 2760 459 2813 μιον,
497 2738 525 2794 6
585 2733 846 2814 βασιλεὺς
900 2737 1205 2814 στρατηγὸν
1262 2736 1537 2814 Εὒρώπης
1592 2740 1683 2797 τὸν
1732 2741 1965 2818 Πρίσκον

309 2832 638 2904 χειροτονεῖ.
668 2828 730 2885 '0
764 2823 821 2882 δὲ
851 2826 1089 2902 Πρίσκος
1130 2822 1503 2885 Σαλϐανιανὸν
1561 2831 1969 2908 ὑποστράτηγον

308 2920 545 2988 ποιήσας
602 2916 931 2993 προτρέχειν
976 2913 1244 2986 ἐκέλευσε,
1322 2918 1411 2973 καὶ
1469 2919 1605 2975 κατᾶ
1660 2925 1767 2976 τῶν
1824 2924 1965 3000 Βαρ-

310 3001 492 3082 ϐάρων
525 3007 877 3086 χωρήσαντες
932 3012 1295 3084 συγκροτοῦσι
1340 3008 1588 3084 πόλεμον
1635 3011 1727 3066 καί
1775 3015 1964 3067 νικῶσι

308 3095 603 3169 Ῥωμαῖοι.
632 3101 691 3153 '0
747 3093 804 3151 δὲ
858 3096 1104 3172 Χαγάνος
1131 3101 1294 3152 τοῦτο
1334 3096 1616 3169 ἀκηκοὼς,
1674 3094 1963 3156 ἀναλαϐὼν

311 3183 408 3245 τὰς
440 3180 693 3257 δυνάμεις
725 3183 925 3260 έχώρει
976 3185 1113 3262 πρὸς
1172 3182 1443 3260 πόλεμον,
1501 3188 1589 3243 καὶ
1636 3187 1710 3252 εἵς
1740 3190 1962 3265 ’Δγχία-

314 3269 415 3328 λον
444 3271 615 3329 ἐλθὼν
650 3274 864 3374 ταῦτην
910 3275 1253 3334 κατέκαυσεν.
1310 3280 1397 3353 [Ρ.
1439 3281 1566 3353 398]
1627 3279 1761 3337 Εἶτα
1790 3281 1866 3343 εἰς
1898 3281 1960 3337 τὸ
1992 3306 2036 3374 c

308 3369 493 3438 Δριζιν
524 3369 678 3441 περᾷ.
719 3364 780 3423 Ὁ
836 3361 894 3421 δὲ
924 3365 1186 3441 Πρίσκος,
1248 3369 1324 3441 μή
1387 3367 1560 3431 θέλων
1618 3370 1839 3446 θεωρεῖν
1894 3373 1959 3426 τὰ

305 3449 495 3524 πλήθη
527 3456 635 3508 τῶν
659 3449 980 3530 Βαρϐάρων,
1013 3454 1088 3517 εἰς
1113 3454 1461 3529 Τζουρουλὸν
1492 3456 1750 3515 εἰσελθὼν
1781 3459 1957 3538 ἠσφα-

308 3540 522 3600 λίσατο.
550 3543 613 3601 Ὀ
644 3539 703 3599 δὲ
762 3539 1041 3620 Βάρϐαρος
1072 3546 1163 3601 τὸν
1195 3545 1434 3621 Πρίσκον
1492 3546 1821 3629 πολιορχεῖν
1874 3548 1962 3606 έπ-

307 3631 531 3708 εχείρει.
582 3636 762 3689 Ταῦτα
822 3631 879 3690 δὲ
934 3636 1187 3705 ἀκηκοὼς
1240 3638 1540 3713 Μαυρίκιος
1598 3636 1850 3715 διηπόρεί
1907 3641 1961 3696 τί

311 3716 490 3797 δράσει
521 3740 535 3754 ’
626 3718 890 3795 εὐϐουλίᾳ
964 3721 1021 3780 δὲ
1104 3732 1536 3801 καταπρατηγεῖ
1586 3735 1686 3798 τῆς
1734 3728 1963 3805 άπεῖρου

311 3805 617 3884 δυνάμεως,
647 3811 738 3866 καὶ
766 3809 862 3866 ἓνα
890 3816 1001 3867 τῶν
1069 3807 1481 3891 ἒξκουϐιτώρων
1541 3815 1808 3893 μεγάλαις
1865 3815 1967 3873 δω-

311 3904 455 3975 ρεαῖς
522 3900 615 3955 καὶ
673 3898 1002 3975 ὑποσχέσεσι
1056 3902 1226 3967 πείθει
1273 3901 1446 3960 έκοντί
1487 3911 1795 3981 περιπεσεῖν
1847 3912 1965 3971 τοῖς

309 3983 637 4063 Βαρϐάροις,
666 3986 757 4043 καί
791 3985 1009 4045 δίδωσιν
1068 3991 1220 4065 αὖτῷ
1265 3992 1401 4067 πρὸς
1457 3991 1692 4066 Πρίσκον
1746 3995 1962 4073 γραφὴν

307 4076 674 4153 περιέχουσαν
734 4076 881 4133 τάδε·
971 4081 1069 4153 Τῷ
1120 4078 1452 4156 ἐνδοξοτάτῳ
1502 4088 1793 4160 στρατηγῷ
1836 4085 1964 4159 Πρί·

306 4187 442 4239 σκῳ.
495 4169 609 4239 Τὴν
655 4165 946 4243 ἀλιτηρίαν
998 4174 1106 4224 τῶν
1159 4166 1452 4247 Βαρϐάρων
1507 4171 1820 4250 ἐγχείρησιν
1883 4175 1960 4247 μὴ

306 4253 609 4331 δειλιάσῃς
647 4257 783 4332 πρὸς
839 4258 941 4333 γὰρ
991 4257 1268 4314 ἀπώλειαν
1328 4259 1504 4314 αὐτῶν
1557 4265 1719 4317 τοῦτο
1750 4260 1959 4340 γέγονε.

306 4344 536 4400 Γίνωσκε
598 4346 703 4422 γάρ
733 4347 819 4402 δτι
853 4349 990 4420 μετά
1027 4347 1247 4413 πολλῆς
1272 4348 1543 4428 αίσχύνης
1576 4347 1694 4426 ἔχει
1733 4352 1761 4407 ὁ
1788 4352 1963 4428 Χαγᾶι·

302 4454 391 4495 νος
464 4434 798 4511 ὑποστρέψαι
857 4435 934 4499 είς
1004 4437 1105 4506 τήν
1162 4438 1553 4513 ἆφιερωθεῖσαν
1609 4440 1760 4513 αὖτῷ
1815 4441 1964 4518 παρᾶ

300 4522 589 4597 Ῥωμαίων
667 4526 875 4601 χώραν.
964 4526 1063 4582 Διά
1118 4531 1285 4584 τοῦτο
1351 4528 1739 4604 καρτερησάτω
1795 4532 1831 4601 ἡ
1891 4533 1957 4603 σή

305 4608 599 4685 ένδοξότης
659 4613 715 4669 ἐν
780 4617 849 4689 τῇ
897 4613 1231 4692 Τζουρουλῷ
1286 4614 1694 4693 περιρέμϐουσα
1736 4619 1954 4684 αὐτοὺς.

300 4682 510 4775 Πέμπω
538 4682 639 4779 γάρ
680 4700 771 4759 διὰ
806 4682 1085 4777 θαλάσσής
1136 4682 1330 4774 πλοῖα,
1358 4682 1493 4763 ’καὶ-
1536 4682 1957 4785 αἴχμαλωτίζοί-
1990 4682 2033 4746 D

302 4813 399 4867 μαι
422 4792 516 4855 τὰς
550 4790 819 4870 φαμιλίας
871 4794 1073 4866 αὐτῶν,
1132 4796 1221 4851 καὶ
1280 4797 1637 4873 ἀναγκάζεται
1695 4801 1812 4875 μετ’
1867 4801 1956 4857 αἶ-

298 4879 509 4961 σχύνης
534 4882 623 4936 καὶ
672 4881 873 4957 ζημίας
936 4882 1012 4948 εἷς
1068 4884 1135 4939 τὰ
1192 4882 1305 4940 ἴδια
1365 4886 1721 4963 ὑποστρέψαι.
1779 4889 1843 4947 '0
1898 4887 1957 4945 δέ

295 4970 540 5045 Χαγάνος
589 4973 866 5048 κρατήσας
922 4971 989 5027 τὰ
1042 4974 1343 5050 γράμματα
1396 4977 1485 5031 καὶ
1535 4976 1800 5053 ἀναγνοὺς
1867 4978 1952 5057 γί-

289 5080 437 5115 νεται
468 5057 745 5135 περιδεὴς,
779 5062 868 5117 καὶ
918 5064 1192 5133 συνθήκας
1222 5064 1359 5140 πρὸς
1414 5066 1507 5121 τὸν
1562 5066 1793 5144 Πρίσκον
1843 5064 1955 5124 δια-

295 5147 519 5221 θέμενος
551 5147 639 5205 καὶ
670 5148 986 5225 είρηνεΰσας
1021 5148 1108 5206 ἐπὶ
1164 5149 1367 5228 δώροις
1408 5151 1622 5231 ὀλίγοις
1679 5155 1769 5211 καὶ
1828 5155 1954 5213 ἀνα-

293 5235 566 5312 ξιολόγοις
600 5239 678 5300 είς
706 5240 809 5308 τὴν
834 5239 1035 5295 ἑαυτοῦ
1081 5238 1396 5316 έπανέζευεε
1424 5250 1529 5320 γῆν
1588 5244 1723 5318 μετὰ
1778 5253 1952 5324 φυγῆς

291 5344 567 5402 κραταιας.

2086 2016 2174 2074 les
2196 2033 2489 2077 annorum
2548 2018 2965 2073 conversiones
3013 2018 3372 2091 Babylonica
3425 2035 3570 2092 gens
3627 2022 3739 2075 Hoc

2088 2123 2279 2163 manaa
2304 2107 2648 2180 reipublicae
2679 2108 3104 2165 dominabitur.
3137 2109 3278 2164 Inde
3334 2126 3442 2180 per
3471 2110 3739 2181 quinque

2085 2212 2377 2251 annorum
2411 2197 2778 2269 septenarios
2809 2198 3057 2253 Romani
3090 2200 3299 2253 Persas
3327 2198 3570 2253 servitio
3603 2215 3739 2269 pre-

2085 2286 2282 2342 metis.
2309 2286 2410 2341 His
2436 2286 2813 2342 circumactis
2848 2287 2974 2343 dies
3004 2304 3265 2358 vespera)
3296 2304 3507 2358 expers
3550 2288 3740 2342 homi-

2083 2374 2262 2430 nibus
2291 2375 2598 2431 illucescet
2652 2382 3178 2448 exspectatumque
3235 2393 3480 2449 regnum
3516 2377 3690 2432 inibit
3723 2392 3738 2431 :

2084 2467 2225 2519 tunc
2250 2464 2527 2520 interitus
2549 2463 2717 2521 nulla
2746 2466 2861 2521 erit
2890 2467 3199 2531 memoria,
3235 2472 3294 2521 et
3330 2466 3447 2522 vita
3478 2466 3737 2521 meliori-

2080 2553 2245 2609 ribus
2277 2553 2565 2609 institutis
2592 2560 2818 2628 agetur.

2152 2645 2323 2699 Anno
2372 2643 2626 2714 decimo,
2686 2662 2821 2700 cum
2872 2646 3181 2717 Chaganus
3236 2644 3394 2717 apud
3451 2644 3730 2701 Sirmium

2082 2731 2358 2801 irrueret,
2390 2734 2717 2811 imperator
2744 2736 2893 2791 697
2932 2737 3279 2806 praafectum
3336 2736 3582 2806 Europa)
3616 2736 3735 2790 Pri-

2082 2838 2247 2878 scum
2280 2828 2443 2879 creat
2487 2825 2540 2877 Is
2565 2824 2984 2880 Salvanianum
3018 2825 3276 2898 legatum
3310 2826 3420 2880 sibi
3472 2826 3729 2895 asciscit,

2079 2927 2335 2983 eumque
2367 2913 2577 2984 praeire
2601 2913 2792 2985 jubet.
2824 2914 3110 2969 Barbaros
3141 2931 3277 2986 ergo
3308 2915 3566 2987 aggressi
3590 2930 3730 2969 con-

2079 3006 2236 3057 serta
2284 3017 2481 3074 pugna
2533 3020 2632 3058 eos
2691 3004 2951 3059 vincunt.
3014 3006 3323 3077 Chaganus
3381 3020 3445 3060 re
3495 3004 3732 3075 cognita

2077 3091 2263 3163 copiis
2294 3091 2561 3147 collectis
2586 3092 2660 3148 ad
2710 3092 2933 3148 bellum
2989 3094 3405 3166 proﬁciscitur.
3467 3092 3731 3164 Cumque

2075 3181 2427 3237 Anchialum
2454 3182 2730 3253 venisset,
2787 3183 2996 3239 urbem
3054 3200 3184 3238 eam
3238 3183 3552 3238 incendit:
3590 3183 3733 3239 inde

2075 3270 2369 3327 Drizinem
2403 3273 2643 3344 trajicit.
2679 3273 2912 3328 Priscus
2942 3290 3077 3327 vero
3110 3273 3480 3329 multitudini
3512 3272 3732 3328 Barba-

2072 3379 2275 3417 rorum
2316 3362 2750 3418 occurrendum
2798 3379 2919 3417 non
2972 3367 3133 3418 ratus
3188 3363 3501 3418 Tzurulum
3536 3363 3726 3434 petiit,

2068 3450 2269 3523 ibique
2294 3450 2409 3507 loci
2439 3453 2883 3524 opportunitate
2903 3469 2965 3508 se
2996 3456 3219 3508 tutatus
3241 3457 3349 3507 est.
3383 3453 3567 3517 Quem
3589 3468 3727 3507 mox

2068 3541 2380 3613 Chaganus
2411 3541 2660 3597 obsedit.
2693 3542 2752 3597 Id
2787 3559 2921 3597 cum
2962 3542 3276 3598 Mauricius
3305 3542 3722 3611 intellexisset,
3764 3568 3769 3571 -

2072 3630 2216 3702 quid
2244 3631 2468 3686 faceret
2498 3631 2732 3699 dubius,
2767 3632 3091 3687 calliditate
3111 3632 3226 3687 vim
3257 3632 3477 3686 infiniti
3510 3630 3725 3686 exerci-

2074 3723 2169 3774 tus
2201 3719 2311 3773 hoc
2344 3725 2515 3791 pacto
2547 3720 2755 3776 eludit.
2791 3720 3214 3776 Excubitorum
3248 3719 3567 3791 quemdam
3600 3737 3725 3775 ma-

2073 3807 2204 3881 gnis
2226 3813 2284 3863 et
2303 3809 2648 3864 muneribus
2666 3816 2725 3864 et
2754 3810 3284 3881 pollicitationibus
3316 3826 3387 3865 eo
3400 3814 3725 3881 permovet,

2073 3895 2158 3952 uti
2190 3913 2325 3951 cum
2356 3897 2589 3965 litteris,
2618 3915 2765 3969 quas
2795 3899 2922 3971 ipse
2949 3898 3021 3954 ad
3063 3902 3330 3954 Priscum
3391 3898 3588 3966 dabat,
3621 3898 3726 3954 de-

2074 3986 2197 4041 dita
2224 4003 2404 4058 opera
2433 3987 2493 4041 in
2527 3987 2917 4043 Barbarorum
2982 4005 3196 4044 manus
3255 4005 3317 4043 se
3378 3989 3726 4059 conjiceret.

2072 4076 2427 4131 Litterarum
2460 4077 2586 4131 hinc
2609 4083 2737 4132 erat
2761 4079 3059 4133 sententia
3092 4095 3105 4132 :
3138 4078 3339 4132 Prisco
3363 4076 3728 4149 duciglorio-

2072 4164 2311 4220 sissimo
2336 4165 2738 4221 S.Formidare
2771 4167 3126 4221 sceleratum
3146 4166 3537 4221 Barbarorum
3553 4183 3726 4221 cona-

2071 4257 2195 4308 tum
2228 4254 2373 4317 noli,
2407 4253 2550 4325 ipsis
2581 4255 2759 4309 exitio
2814 4272 2920 4310 suo
2953 4261 3244 4311 staturum
3274 4272 3289 4309 :
3321 4271 3532 4328 magno
3565 4255 3727 4311 enim

2070 4359 2177 4398 suo
2209 4359 2345 4398 cum
2378 4342 2668 4398 dedecore
2715 4344 3026 4416 Chaganus
3056 4345 3115 4399 in
3151 4351 3368 4399 terram
3413 4344 3523 4400 sibi
3557 4360 3591 4399 a
3621 4347 3728 4400 Ro-

2070 4433 2263 4488 manis
2294 4448 2640 4489 concessam
2666 4439 3012 4490 revertetur.
3046 4436 3167 4489 Tua
3214 4450 3350 4506 ergo
3382 4434 3727 4505 praestantia

2069 4539 2171 4577 eos
2193 4523 2383 4579 otioso
2414 4522 2614 4579 animo
2645 4524 2937 4580 sustineat
2962 4525 3023 4579 in
3071 4524 3341 4580 Tzurulo.
3402 4526 3515 4596 Ego
3562 4524 3723 4579 enim

2068 4632 2175 4687 per
2204 4632 2367 4671 mare
2398 4616 2597 4672 missis
2636 4618 2883 4690 navigiis
2914 4634 3121 4674 eorum
3150 4618 3409 4674 familias
3465 4618 3724 4689 captivas

2064 4704 2312 4774 abduco,
2347 4711 2413 4760 ut
2442 4723 2576 4761 cum
2618 4707 2907 4762 dedecore
2948 4713 3006 4763 et
3062 4708 3281 4763 damno
3342 4725 3447 4763 suo
3479 4706 3721 4762 domum

2063 4797 2261 4854 redire
2294 4814 2443 4870 opus
2475 4798 2710 4856 habeat.
2744 4801 3053 4873 Chaganus
3083 4816 3217 4857 cum
3252 4802 3313 4856 in
3364 4801 3597 4856 litteras
3628 4801 3720 4854 in-

2066 4885 2313 4940 cidisset
2341 4902 2561 4957 easque
2592 4886 2851 4960 legisset,
2877 4889 2938 4943 in
2973 4905 3248 4961 magnum
3281 4890 3440 4945 venit
3459 4894 3685 4944 metum
3711 4898 3727 4951 ;

2064 4990 2132 5030 ac
2163 4975 2369 5047 paucis
2400 4975 2760 5047 quibusdam
2793 4983 2853 5033 et
2878 4979 3106 5034 nullius
3137 4979 3311 5051 pretii
3355 4978 3531 5033 donis
3562 4994 3726 5033 acce-

2060 5063 2201 5134 ptis,
2232 5078 2376 5135 pace
2407 5067 2739 5137 composita
2766 5068 3005 5124 domum
3040 5085 3243 5124 versus
3275 5068 3472 5139 fugam
3526 5081 3718 5137 quan-

2063 5158 2188 5209 tum
2219 5153 2413 5225 potuit
2440 5154 2601 5212 fecit.

1474 5504 1840 5564 XYLANDRI
1879 5509 1966 5563 ET
2005 5509 2223 5566 GOABI
2262 5512 2489 5567 NOT/E.

358 5680 475 5747 (97)
508 5673 857 5756 Σιμοκάτξου
894 5677 1058 5756 apud
1110 5679 1365 5756 suidamg
1399 5680 1624 5756 duplici
1651 5702 1704 5749 1,
1736 5689 1945 5756 estque

289 5754 749 5823 cognomentum
760 5750 1181 5823 Theophylacti
1197 5750 1501 5825 sophisth
1515 5755 1806 5813 (laterum
1817 5750 1948 5815 limo

2055 5687 2337 5761 Chorsroaa,
2360 5688 2665 5760 praedictio
2697 5687 2963 5761 lucidior,
2978 5686 3099 5742 fere
3114 5692 3203 5743 est
3231 5687 3388 5761 apud
3418 5689 3707 5744 Zonaram

2056 5764 2119 5816 et
2140 5759 2543 5831 Nicephorum
2574 5776 2589 5830 ;
2616 5776 2772 5822 mu.
2804 5762 2892 5815 27.
2923 5759 3062 5816 XvL.
