4120 6422
389 428 509 488 763

459 564 630 617 Anno
658 559 1261 625 undecimo,Priscus
1324 576 1449 615 rem
1508 561 1719 615 contra
1776 558 2045 615 Slavinos
2073 559 2127 626 Α

391 652 675 725 ρτωοὶᾶτο
714 652 914 724 gessit,
950 667 1165 722 magna
1219 651 1372 705 698
1450 651 1848 706 Barbarorum
1894 650 2054 706 edita

397 749 611 818 strage.
668 743 888 797 Eodem
947 758 1107 797 anno
1164 740 1382 795 Paulus
1442 740 1824 812 imperatoris
1883 745 2054 811 pater

397 838 666 887 mortuus
699 836 789 885 est
818 831 981 902 Cpoli
1009 850 1022 897 ;
1059 836 1116 885 et
1146 829 1461 885 Anastasia
1524 832 1810 901 Augusta,
1846 845 2053 884 socrus

397 921 682 989 Mauricii,
717 938 867 975 uxor
894 920 1133 987 Tiberii,
1162 920 1397 991 sepulta
1428 925 1517 974 est
1539 920 1716 990 juxta
1745 920 1953 975 virum.

463 1105 635 1155 Anno
676 1104 762 1169 12,
824 1100 1060 1155 Priscus
1126 1116 1333 1155 rursus
1384 1099 1720 1154 Danubium
1779 1102 2048 1170 occupat,

399 1190 769 1245 Slavinorum
793 1207 965 1262 agros
988 1190 1327 1261 populatur,
1368 1205 1763 1262 magnamque
1795 1189 2055 1260 impera-

394 1280 503 1333 tori
535 1278 798 1350 praedam
820 1279 1023 1347 mittit,
1085 1284 1263 1350 atque
1317 1278 1392 1335 ab
1452 1295 1520 1334 eo
1551 1278 1615 1332 in
1659 1279 1888 1334 hostico
1929 1278 2052 1333 hie-

390 1384 554 1423 mare
565 1367 831 1438 jubetur.
868 1367 1087 1423 Eodem
1118 1384 1273 1423 anno
1304 1366 1674 1439 Philippicus
1700 1366 2050 1439 Cbrysopoli

390 1457 767 1512 mansionem
799 1457 1068 1528 Deiparaa
1100 1456 1325 1522 condit,
1355 1461 1415 1511 et
1444 1456 1732 1528 palatium
1754 1457 1828 1512 ad
1859 1457 2049 1528 impe-

388 1551 650 1601 ratorem
709 1546 955 1617 ejusque
1010 1545 1232 1600 liberos
1260 1544 1698 1616 excipiendum.
1749 1545 2048 1601 Piscinam

393 1651 629 1705 quoque
662 1640 721 1690 et
748 1634 952 1689 hortos
984 1635 1143 1703 facit,
1177 1639 1236 1690 et
1265 1633 1430 1705 Cpoli
1463 1634 1709 1690 domum
1758 1634 2046 1703 mdiﬁcat,

395 1739 528 1794 qum
559 1722 631 1778 ab
664 1739 730 1778 eo
755 1722 1070 1794 Philippici
1104 1722 1316 1778 domus
1339 1723 1578 1780 dicitur.

458 1993 626 2046 Anno
676 1991 761 2059 13,
811 1992 1067 2062 Byzantii
1119 1992 1180 2047 in
1239 1991 1526 2047 suburbio
1591 1998 1868 2048 monstra
1914 1997 2057 2048 sunt

389 2086 547 2147 nata,
580 2081 777 2137 infans
824 2082 1166 2154 quadrupes
1225 2087 1285 2138 et
1329 2082 1485 2138 alius
1544 2082 1766 2154 biceps.
1826 2082 2046 2137 Ferunt

388 2170 515 2225 hmc
546 2170 698 2225 nihil
727 2170 868 2225 boni
900 2170 1253 2241 portendere
1285 2171 1537 2226 urbibus
1579 2172 1641 2225 in
1701 2170 1916 2242 quibus
1946 2187 2050 2225 na-

390 2265 658 2315 scuntur.
702 2260 1053 2331 Imperatori
1110 2260 1314 2315 Prisco
1374 2277 1587 2316 munus
1645 2260 2053 2316 ducendarum

393 2347 698 2419 copiarum
722 2348 985 2420 abrogat,
1021 2347 1202 2419 idque
1232 2347 1401 2403 fratri
1432 2365 1539 2403 suo
1597 2349 1772 2403 Petro
1804 2348 2053 2404 deman-

393 2436 514 2493 dat.

459 2616 580 2682 Hic,
613 2632 770 2671 anno
805 2616 890 2683 14,
917 2615 1184 2672 Slavinos
1215 2616 1459 2673 adortus
1509 2621 1619 2687 est,
1655 2617 1756 2687 qui
1789 2616 2051 2688 captivos

390 2720 457 2760 ex
494 2708 899 2761 Romanorum
932 2704 1156 2760 ditione
1191 2705 1530 2778 abigebant.
1554 2706 1600 2759 li
1622 2704 1867 2777 captivis
1885 2721 2054 2761 neca-

389 2794 461 2849 tis
492 2795 644 2866 fugaa
677 2811 738 2849 se
781 2793 1079 2850 dederunt
1111 2810 1124 2860 ;
1186 2802 1246 2849 et
1295 2795 1545 2850 Romani
1604 2795 1811 2867 paucis
1841 2811 2045 2850 eorum

389 2884 578 2954 captis
609 2883 682 2938 ad
709 2900 817 2938 sua
845 2883 1175 2938 redierunt.
1212 2885 1331 2939 Hoc
1383 2901 1539 2939 anno
1595 2885 1922 2956 imperator
1950 2900 2048 2939 so-

385 2972 599 3027 larium
634 2974 968 3043 Magnauraa
1028 2973 1353 3028 rotundum
1410 2973 1568 3039 fecit,
1629 2979 1687 3028 et
1736 2974 1798 3028 in
1854 2973 2053 3029 media

390 3062 528 3117 aula
567 3078 735 3117 suam
768 3062 1080 3117 collocavit
1135 3066 1413 3118 statuam.
1470 3064 1662 3133 Atque
1720 3062 1802 3117 ibi
1851 3078 2047 3118 arma-

390 3151 751 3205 mentarium
793 3151 1121 3207 constituit.
1175 3152 1452 3206 Condidit
1482 3152 1660 3208 etiam
1693 3152 1756 3207 in
1783 3152 1914 3207 loco
1945 3151 2048 3223 qui

390 3240 508 3294 Erii
541 3240 759 3295 dicitur
789 3240 1032 3295 domum
1062 3241 1124 3296 in
1156 3258 1274 3312 qua
1303 3257 1478 3296 senes
1507 3241 1768 3296 morbosi
1814 3241 2049 3297 aleren-

1718 428 2041 489 GEORGII
2087 430 2447 492 CEDRENI

3701 436 3827 498 ’164

2231 561 2328 630 Τᾦ
2364 559 2430 614 ια’
2458 555 2587 629 ἔτει,
2624 559 2857 637 Πρίσκος
2887 562 3145 639 μεγάλως
3204 562 3288 617 ἐπὶ
3348 570 3466 627 τοῖς
3503 561 3830 631 Σθλαϐίνοις

2165 646 2547 723 ἠνδραγάθησε
2574 650 2664 704 καὶ
2704 651 2871 724 φόνον
2902 649 3077 706 πολὺν
3133 657 3241 707 τῶν
3275 649 3570 729 Βαρϐάρων
3631 653 3825 728 εἰργά-

2166 756 2316 792 σατο.
2361 740 2455 810 Τῷ
2485 739 2632 811 αὐτῷ
2661 733 2768 796 ἔτει
2802 738 3016 801 Παῦλος
3075 742 3104 796 6
3160 747 3260 796 τοῦ
3316 741 3588 816 βασιλέως
3643 745 3827 818 πατὴρ

2164 826 2510 897 ἐτελεύτησεν
2559 831 2615 884 ἓν
2676 826 3246 887 Κωνσταντινουπόλει
3278 876 3293 902 ,
3355 833 3445 887 καὶ
3499 833 3828 891 ’Δναστασία

2165 914 2515 990 Αὐγοῦσταή
2550 920 2777 993 πενθερᾶ
2835 919 3166 994 Μαυρικίου,
3225 922 3361 996 γυνὴ
3431 918 3486 976 δὲ
3545 916 3825 996 Τιϐερίου,

2164 1005 2253 1061 καὶ
2285 1007 2453 1086 ἐτάφη
2490 1010 2627 1080 μετᾶ
2653 1013 2750 1064 τοῦ
2781 1006 2975 1084 ἀνδρὸς
3007 1010 3197 1079 αὐτῆς.

2234 1098 2330 1169 Τῷ
2364 1098 2436 1171 ιβ’
2466 1091 2596 1165 ἔτει,
2625 1102 2727 1152 τοῦ
2779 1099 3016 1173 Πρίσκου
3046 1097 3211 1154 πάλιν
3240 1100 3332 1154 τὸν
3392 1102 3601 1175 Ἴστρον
3659 1121 3829 1156 κατα-

2165 1181 2432 1249 λαϐόντος
2457 1187 2548 1242 καὶ
2597 1187 2664 1244 τὰ
2721 1183 3037 1253 Σθλαϐίνων
3093 1186 3217 1258 ἔθνη
3277 1187 3698 1263 πραιδεύσαντος
3732 1190 3827 1245 καὶ

2161 1274 2383 1345 πολλὴν
2437 1274 2831 1352 αἰχμαλωσίαν
2871 1282 2950 1350 τῷ
2983 1277 3199 1353 βασιλεῖ
3254 1280 3596 1352 πέμψαντος,
3625 1279 3824 1358 γράφει

2160 1365 2307 1438 αὐτῷ
2336 1366 2507 1421 ἐκεῖσε
2538 1368 2969 1443 παραχειμάσαι.
3021 1373 3110 1441 Τῷ
3167 1365 3214 1422 δ’
3263 1366 3414 1441 αἶ)τῷ
3469 1366 3578 1424 ἔτει
3609 1366 3826 1424 Φιλιπ-

2158 1456 2318 1518 πιαὸς
2371 1458 2545 1526 κτίζει
2590 1459 2690 1526 τήν
2750 1457 2801 1511 έν
2858 1456 3236 1533 Χρυσουπόλει
3296 1460 3471 1531 μονὴν
3526 1465 3627 1528 τῆς
3686 1479 3832 1514 παν-

2159 1545 2431 1619 αχράντου
2472 1544 2740 1601 Θεοτόκου
2779 1546 2871 1601 καὶ
2909 1547 2976 1601 τὰ
3028 1544 3271 1602 παλάτια
3334 1546 3471 1622 πρὸς
3526 1547 3588 1603 τὸ
3624 1544 3828 1602 ὑποδέ-

2160 1645 2352 1710 χεσθαι
2383 1635 2474 1689 τὸν
2511 1633 2740 1711 βασιλέα
2786 1636 2875 1691 καὶ
2906 1636 2972 1692 τὰ
3002 1634 3162 1692 τέκνα
3219 1637 3410 1705 αὐτοῦ,
3461 1639 3700 1708 ποιήσας
3733 1639 3828 1693 καὶ

2159 1724 2577 1803 ἰχθυοτροφεῖον
2635 1726 2727 1780 καὶ
2784 1723 3167 1801 παραδείσους.
3226 1727 3326 1783 Καὶ
3388 1725 3442 1781 ἐν
3485 1729 3829 1783 Κωνσταντι-

2154 1812 2416 1869 νουπόλει
2449 1810 2507 1869 δὲ
2535 1811 2712 1869 ἓκτισε
2756 1816 2848 1869 τὸν
2906 1815 3058 1870 οἶκον
3112 1815 3204 1871 τὸν
3264 1813 3560 1890 λεγόμενον
3590 1819 3689 1871 τοῦ
3726 1822 3830 1871 Φι-

2083 1935 2130 2002 B
2160 1894 2193 1949 λ
2204 1900 2449 1952 ιππικοῦ.

2232 1984 2328 2056 Τῴ
2416 1986 2480 2060 ιγ’
2567 1980 2696 2055 ἔτει,
2755 1984 2832 2047 εἰς
2881 1987 2952 2041 τά
3006 1990 3104 2041 τοῦ
3172 1984 3473 2056 Βυζαντίου
3532 1985 3834 2060 προάστεια

2160 2074 2432 2129 τίκτονται
2493 2073 2709 2149 τέρατα,
2760 2071 2978 2130 παιδίον
3039 2075 3339 2149 τετράπουν
3398 2072 3491 2129 καὶ
3552 2072 3695 2129 ἄλλο
3748 2071 3831 2129 δι-

2160 2162 2396 2242 κόρυφον
2432 2182 2445 2196 ⁸
2507 2161 2727 2237 λέγεται
2812 2160 2871 2218 δὲ
2958 2165 3036 2237 μή
3119 2161 3404 2236 σημαίνειν
3473 2162 3648 2236 ἀγαθά
3705 2168 3830 2225 ταῖς

2160 2249 2383 2306 πόλεσιν
2417 2250 2469 2306 έν
2501 2255 2587 2315 αἷς
2647 2250 2889 2327 γίνονται
2945 2256 3133 2309 ταῦτα.
3191 2251 3297 2309 Καὶ
3337 2253 3365 2306 6
3400 2250 3656 2324 βασιλεὺς
3692 2251 3828 2328 Πρί-

2162 2360 2288 2394 σκον
2312 2347 2410 2410 τῆς
2457 2341 2788 2418 στρατηγίας
2844 2339 3133 2397 ἀποπαύει.
3195 2340 3401 2416 Πέτρον
3460 2339 3520 2395 δὲ
3569 2340 3661 2395 τὸν
3691 2340 3822 2396 ἑαυ-

2159 2433 2257 2483 τοῦ
2316 2426 2549 2507 ἀδελφὸν
2644 2430 2945 2506 στρατηγὸν
3020 2435 3121 2500 τῆς
3196 2427 3482 2503 δυνάμεως
3535 2429 3826 2503 Ῥωμαίων

2160 2539 2333 2574 ποιει.
3235 2572 3241 2583 ,
3803 2538 3812 2543 ·

2230 2612 2321 2681 Τῷ
2356 2606 2420 2663 ιδ’
2448 2602 2577 2679 ἔτει,
2638 2609 2842 2684 Πέτρος
2874 2610 2902 2662 6
2935 2609 3240 2685 στρατηγὸς
3299 2608 3426 2671 τοὺς
3486 2602 3830 2671 Σθλαϐίνους

2158 2697 2587 2776 ἐπιφερομένους
2644 2698 2966 2772 Ῥωμαϊκὴν
3028 2695 3417 2773 αἰχμαλωσίαν
3477 2696 3685 2772 τρέπει,
3737 2696 3827 2752 καὶ

2162 2789 2213 2842 οἱ
2245 2782 2524 2862 Βάρϐαροι
2555 2787 2654 2856 τήν
2688 2787 3081 2866 αἰχμαλωσίαν
3140 2786 3544 2863 ἀποσφάξαντες
3598 2782 3821 2864 ἔφυγον·

2160 2874 2380 2954 ὀλίγους
2411 2874 2469 2932 δὲ
2504 2878 2594 2931 καὶ
2654 2878 2707 2932 οἱ
2734 2877 3001 2951 Ῥωμαῖοι
3059 2879 3425 2950 κρατήσαντες
3482 2875 3568 2931 ἐπὶ
3598 2874 3665 2930 τὰ
3690 2880 3823 2932 Ῥωο

2165 2967 2338 3041 μαϊκὰ
2371 2967 2730 3042 ὑπέστρεψαν.
2787 2969 2883 3040 Τῷ
2942 2963 2987 3020 δ’
3046 2966 3193 3040 αὐτῷ
3250 2963 3356 3021 ἔτει
3413 2964 3614 3020 ἔκτισεν
3646 2966 3674 3020 6
3719 2966 3817 3041 βα-

2161 3053 2344 3117 σιλεὺς
2373 3056 2465 3111 τὸν
2512 3053 2816 3133 στργγῦλον
2864 3054 3097 3125 ἡλιακὸν
3155 3062 3256 3126 τῆς
3313 3054 3632 3131 Μαγναύρας
3686 3056 3812 3127 (98),

2164 3147 2363 3216 στήσας
2418 3143 2471 3200 ἐν
2503 3149 2583 3217 τῷ
2618 3142 2900 3218 μεσαυλίῳ
2954 3146 3057 3214 τήν
3116 3142 3257 3198 ἰδίαν
3315 3143 3551 3216 στήλην⁹
3593 3142 3678 3197 καὶ
3710 3143 3814 3197 ἀπ-

2161 3236 2352 3305 έθηκεν
2416 3230 2528 3290 ἔκεῖ
2565 3234 2628 3289 τὸ
2678 3231 3028 3308 άρμαμέντον
3065 3236 3197 3307 (99).
3236 3236 3322 3307 [Ρ.
3357 3234 3484 3308 399]
3514 3234 3733 3291 ’Ἐκτισε
3764 3228 3821 3286 δὲ

387 3336 502 3397 tur,
538 3329 697 3400 quod
727 3330 1011 3397 vivarium
1034 3336 1449 3401 sumptuosum
1494 3331 1649 3386 699
1704 3330 1945 3399 dicitur,
1979 3347 2049 3385 eo

2169 3324 2249 3380 mi.
2301 3324 2365 3380 τὸ
2418 3318 2619 3378 λωϐῶν
2676 3326 2755 3395 (1)
2786 3327 3163 3397 γηροκομεῖον
3224 3321 3301 3383 είς
3356 3323 3423 3378 τὰ
3456 3321 3692 3397 Ἠρίου,
3758 3321 3818 3377 τὸ

385 3418 543 3489 quod
573 3436 607 3473 a
637 3419 891 3474 Slavinis
940 3425 1270 3475 crematum
1302 3419 1360 3474 id
1414 3419 1629 3486 fuerat,
1677 3420 1839 3490 quod
1891 3420 2049 3492 ligno

2169 3414 2456 3491 λεγόμενον
2517 3417 2614 3469 τοῦ
2673 3417 2909 3483 ζωτικοῦ
2967 3410 3276 3491 ἐγχόρηγον
3310 3415 3409 3485 (2),
3464 3409 3556 3467 διὰ
3608 3411 3671 3467 τὸ
3717 3411 3820 3466 ὑπό

386 3512 514 3561 erat
542 3512 784 3562 tectum.
819 3507 1037 3562 Multos
1094 3508 1146 3561 ei
1208 3507 1612 3579 suppeditavit
1668 3513 1943 3579 sumptus
1977 3509 2049 3565 ad

2169 3509 2263 3558 τῶν
2301 3497 2619 3567 Σθλαϐίνων
2686 3503 2880 3569 καῆναι
2948 3499 3267 3576 ξυλόστεγον
3300 3501 3384 3570 ὃν,
3415 3499 3506 3555 καὶ
3536 3498 3725 3556 πολλᾶ
3766 3498 3820 3557 ἐν

386 3595 812 3651 sustentandos
842 3596 1069 3651 morbis
1091 3598 1392 3652 confectos
1423 3597 1657 3653 fratres.

462 3776 631 3828 Anno
662 3775 748 3842 15,
784 3775 1111 3846 imperator
1165 3778 1429 3843 Petrum,
1488 3773 1648 3846 quod
1707 3776 1836 3848 ejus
1875 3776 2052 3849 culpa

385 3864 683 3919 exercitus
720 3881 754 3920 a
796 3865 1050 3919 Slavinis
1109 3871 1267 3920 esset
1321 3865 1575 3933 deletus,
1632 3864 1762 3920 loco
1822 3871 2049 3933 movet,

383 3970 711 4025 rursusque
770 3954 1039 4010 Priscum
1100 3972 1236 4011 cum
1311 3955 1563 4026 imperio
1622 3956 1683 4009 in
1732 3956 2050 4012 Thraciam

394 4045 598 4101 mittit.

461 4142 632 4191 Anno
664 4139 751 4202 16,
782 4139 992 4191 Petrus
1024 4137 1402 4209 imperatoris
1450 4137 1634 4193 frater
1691 4137 1879 4194 mdem
1917 4138 2051 4194 Dei-

388 4245 546 4300 parae
598 4228 1055 4284 Areobindicam
1121 4229 1408 4297 condidit,
1494 4234 1554 4283 et
1598 4229 1899 4301 Cyriacus,
1948 4229 2050 4300 qui

388 4316 594 4370 Joanni
620 4316 950 4387 Jejunatori
982 4317 1287 4387 successit,
1322 4316 1711 4373 Diaconissm.

2157 3592 2309 3666 αὗτῷ
2338 3591 2654 3669 ἐχορήγησε
2708 3589 2847 3665 πρὸς
2889 3590 3175 3665 θεραπείαν
3230 3594 3338 3645 τῶν
3399 3584 3598 3645 λωϐὦν
3652 3585 3820 3645 ἀδελ-

2200 3702 2293 3737 NN.

2200 3703 2293 3737 ων.

2159 3703 2193 3759 φ
2226 3771 2321 3842 Τῷ
2364 3771 2421 3824 ιε’
2450 3764 2556 3824 ἔτει
2604 3768 2804 3842 Πέτρος
2860 3772 3042 3828 κακῶς
3102 3768 3204 3823 ὑπὸ
3264 3771 3372 3823 τῶν
3443 3763 3724 3833 Σθαϐίνων
3757 3768 3821 3825 τὸ

2158 3860 2467 3935 στράτευμα
2505 3857 2766 3937 ἀφανίσας
2832 3854 3142 3933 διαδέχεται
3203 3857 3308 3912 ὑπὸ
3367 3861 3463 3911 τοῦ
3525 3855 3820 3933 βασιλέως,

2155 3950 2244 4005 καὶ
2320 3947 2486 4004 πάλιν
2536 3946 2772 4022 Πρίσκος
2858 3947 3164 4021 στρατηγὸς
3251 3945 3468 4022 Θρᾴκης
3555 3946 3822 4003 ἀποστέλ-

2157 4040 2329 4098 λεται.

2226 4132 2324 4201 Τῷ
2357 4133 2421 4191 ις’
2472 4125 2579 4182 ἔτει
2639 4125 2840 4201 Πέτρος
2903 4126 2931 4179 ὁ
2991 4123 3226 4204 ἀδελφὸς
3284 4125 3586 4201 Μαυρικίου
3640 4123 3822 4181 ἔκτισε

2153 4220 2246 4276 τὸν
2274 4219 2401 4275 ναὸν
2439 4223 2542 4286 τῆς
2602 4214 2896 4290 ὑπεραγίας
2954 4215 3222 4270 Θεοτόκου
3286 4218 3383 4269 τοῦ
3441 4210 3819 4291 ’Δρεοείνδοω

2154 4304 2395 4383 Ὀμοίως
2452 4305 2543 4361 καὶ
2601 4304 2865 4379 Κυριακὸς
2923 4304 2951 4358 6
2999 4303 3350 4379 πατριάρχης
3400 4305 3467 4361 τὰ
3520 4304 3818 4360 Διακονίσ-

2156 4420 2256 4471 σης
2287 4401 2380 4471 (3),
2442 4392 2705 4469 διάδοχος
2752 4393 3045 4469 γενόμενος
3105 4393 3359 4451 Ἰωάννου
3414 4399 3513 4449 τοῦ
3569 4396 3822 4464 Νηστευ-

2151 4510 2271 4545 του.

458 4584 629 4636 Anno
666 4586 749 4650 17,
811 4585 1134 4639 contractis
1186 4585 1310 4640 suis
1368 4585 1553 4656 copiis
1619 4586 1929 4657 Chaganus
1986 4586 2048 4640 in

2225 4581 2314 4649 Τῷ
2346 4581 2409 4644 ιζ’
2437 4573 2541 4630 ἔτει
2593 4572 2948 4647 συναθροίσας
2982 4573 3011 4626 6
3043 4572 3292 4645 Χαγάνος
3320 4576 3416 4633 τᾶς
3471 4573 3595 4647 περὶ
3651 4570 3817 4628 αὐτὸν

390 4671 744 4726 Dalmatiam
776 4673 1077 4743 profectus
1109 4674 1350 4730 Balbam
1374 4680 1432 4729 et
1455 4675 1678 4730 vicinas
1709 4674 1936 4730 circum
1972 4677 2040 4728 40

2169 4668 2410 4740 ῑυνάμεις
2440 4662 2528 4717 ἐπὶ
2574 4663 2673 4730 τὴν
2730 4658 3043 4732 Δαλματίαν
3103 4657 3378 4735 ἐχώρησε,
3435 4659 3525 4714 καὶ
3582 4659 3822 4716 καταλα-

386 4760 568 4815 urbes
599 4766 850 4833 occupat
876 4779 944 4818 ac
974 4762 1195 4835 diripit.
1230 4764 1355 4829 Qua
1385 4762 1455 4817 de
1486 4780 1548 4824 re
1581 4763 1801 4817 certior
1856 4762 2045 4819 factus

2169 4750 2265 4810 506v
2297 4753 2395 4821 τὴν
2444 4744 2667 4818 Βάλϐην
2723 4746 2814 4801 καὶ
2871 4746 2969 4807 τὰς
3026 4745 3150 4819 περὶ
3207 4744 3377 4814 αὐτὴν
3417 4747 3817 4823 τεσσαράκοντα

389 4848 625 4903 Priscus
657 4831 965 4905 Gunduem
989 4831 1361 4922 exploratum
1405 4849 1609 4904 mittit.
1672 4850 1726 4903 Is
1783 4866 1918 4905 cum
1975 4851 2038 4905 in

2169 4843 2340 4903 πόλεις
2397 4840 2596 4900 ταύτας
2661 4835 2981 4909 ἐπόρθησεν.
3022 4838 3077 4886 Ὀ
3108 4831 3167 4889 δὲ
3198 4833 3433 4909 Πρίσκος
3488 4840 3658 4891 ταῦτα
3716 4857 3820 4909 μα.

390 4936 675 4993 Barbaros
698 4938 1010 4995 incidisset
1038 4956 1143 5009 per
1174 4940 1373 4995 fauces
1406 4939 1518 4992 iter
1560 4939 1869 5005 facientes,
1893 4940 2042 4995 duos

2169 4935 2257 4989 liiw
2316 4926 2625 4995 Γουνδούην
2706 4923 2795 4979 ἐπὶ
2873 4926 3194 4996 κατασκοπῇ
3251 4927 3364 4978 τῶν
3421 4924 3815 4998 πραττομένων

388 5043 456 5082 ex
486 5028 558 5083 iis
591 5028 724 5084 vino
756 5029 1000 5085 obrutos
1031 5008 1191 5101 capit
1223 5046 1237 5097 ;
1271 5044 1342 5083 ex
1372 5027 1564 5099 iisque
1612 5027 1789 5083 discit
1816 5030 2042 5102 Chaga-

2169 5021 2491 5081 ίπέστειλενο
2522 5017 2582 5077 ὃς
2611 5008 2945 5070 καταλαϐὼν
2985 5011 3115 5075 τοὺς
3174 5008 3501 5090 Βαρϐάρους
3551 5012 3644 5070 διὰ
3693 5013 3819 5070 δυσ-

1563 5145 1940 5201 XYLANDRI
1982 5146 2070 5200 ET
2109 5142 2328 5200 GOARI
2366 5136 2592 5193 NOTAE.

458 5264 572 5332 (98)
600 5263 1017 5334 Luitprandus,
1045 5278 1119 5329 νι,
1153 5265 1185 5334 2
1221 5277 1233 5314 :
1266 5263 1362 5315 Est
1412 5261 1789 5334 Cpolidomus
1824 5262 2038 5331 palatio
2150 5256 2340 5334 possis
2370 5255 2640 5324 leprosos
2668 5264 2841 5334 senes
2872 5248 3184 5334 etifra‘tres.
3220 5248 3602 5334 Verum‘ergo
3633 5249 3693 5303 in
3720 5248 3815 5334 his

387 5318 651 5404 coiztz'g'uu
682 5318 836 5389 mirae
869 5318 1273 5404 plaghitudinis
1303 5348 1365 5386 ac
1389 5318 2040 5402 ptiohritudiniquuaaa
2150 5318 2475 5404 omnibus}
2536 5321 2695 5404 quod
2743 5325 2952 5404 gssent
3001 5318 3278 5404 Qbsfiurq.
3334 5318 3577 5404 verbum
3637 5320 3812 5404 verba

386 5390 605 5467 θνητοῖς,
641 5425 669 5477 ρ
712 5406 827 5460 loco
876 5402 909 5458 λ
962 5390 1197 5477 “posito,”
1226 5390 1555 5475 Magnizura,
1617 5404 1779 5474 quasi
1819 5390 2041 5473 ’τῖιαρηα
2149 5398 2386 5477 extulit,
2418 5390 2483 5477 ut
2511 5390 2873 5477 peritoribus
2904 5390 3280 5477 conjecntandi
3325 5396 3483 5446 esset
3538 5393 3809 5448 materia.

384 5490 546 5535 aura.
577 5464 679 5545 pro
710 5478 862 5543 aula,
895 5464 1126 5531 dicitur
1154 5464 1353 5545 Com:
1401 5543 1411 5545 _
1541 5464 1555 5475 ’
1622 5464 1644 5474 ’
1930 5464 1954 5473 ⁷
2149 5473 2287 5529 Χγι.
2320 5500 2390 5545 -—_-
2422 5464 2664 5538 Repone
2700 5464 3057 5545 leprosorum.
3096 5464 3271 5517 ϐοΑιι.
3362 5533 3373 5543 .

461 5534 983 5629 (99ὶῖἋρμαμέχτον
1026 5544 1309 5618 δημοσίων
1324 5540 1514 5600 ὅπλων
1547 5547 1734 5602 locus.
1764 5545 2045 5602 Iustinia-

2169 5616 2191 5629 η
2223 5546 2302 5613 (2)
2345 5534 2678 5609 Sumptuum
2734 5534 2810 5589 ad
2863 5534 3036 5589 vitam
3100 5534 3529 5590 necessarin
3579 5551 3812 5606 penum.

389 5632 522 5684 nus,
556 5616 691 5671 Nov.
722 5616 810 5675 85‘.
846 5620 1021 5675 GOAR.
1107 5616 1114 5618 '
2154 5616 2330 5670 GOAR.
2642 5677 2654 5688 .
2847 5676 2859 5687 .
3023 5675 3034 5686 .

395 5755 426 5762 _
460 5685 535 5757 (1)
569 5681 765 5762 Λωᾷήν
796 5707 908 5762 ιιι-ο,
946 5691 1113 5762 lepra
1143 5706 1298 5761 saepe
1327 5691 1564 5762 iNoster
1596 5687 1798 5758 sumit,
1859 5693 1926 5744 ut
1982 5688 2046 5743 in
2202 5677 2657 5762 _(3)Ar_eobi‘ndi
2706 5680 2767 5733 et
2800 5677 3153 5762 0130031888
3211 5675 3572 5748 templorum
3604 5675 3813 5736 ωθωί·

388 5749 773 5814 Constantirio
798 5749 1025 5817 ‘etiam‘
1065 5749 1497 5818 annotavimus.
1555 5761 1761 5832 Itaque
1782 5749 1794 5758 ’
1814 5765 2046 5817 vertere
2155 5749 2247 5814 nit
2275 5749 2336 5812 et
2361 5750 2629 5825 Nicepb.,
2660 5764 2816 5820 mn,
2847 5750 2939 5806 42.
2968 5749 3117 5804 Χῐι..
