4120 6412
318 399 438 461 763

316 527 501 589 ϐάτων
559 531 788 609 χωρίων
867 529 1190 607 βαδίζοντας
1221 572 1237 602 ,
1294 533 1682 612 περιτυγχάνει

312 622 494 679 αὐτῶν
523 625 606 693 τῷ
648 618 785 694 οἴνῳ
846 622 1286 695 κεκαρωμένους,
1341 622 1397 677 οἳ
1455 622 1547 677 καὶ
1601 617 1802 701 ἔφασαν
1858 620 1980 679 δισ-

315 710 533 791 χιλίοις
590 709 845 773 ὁπλίταις
926 711 1027 780 τὴν
1105 709 1497 790 αἰχμαλωσίαν
1571 712 1662 767 τὸν
1726 712 1981 789 Χαγάνον

316 797 762 875 παραδεδωκέναι
791 797 884 855 καὶ
915 798 1053 873 πρὸς
1080 799 1148 855 τὰ
1188 798 1367 855 οἰκεῖα
1420 798 1766 859 ἀποστεῖλαι.
1800 803 1986 858 Ταῦτα

315 891 345 946 ὁ
379 887 689 961 Γουνδούης
753 889 1095 963 μεμαθηκὼς
1164 889 1459 965 κρύπτεται
1543 888 1598 945 ἐν
1659 894 1828 967 μικρᾷ
1878 892 1981 966 φά-

318 997 502 1056 ραγγι,
533 979 621 1034 καὶ
658 977 881 1042 ἑωθινὸς
937 976 1025 1033 ἐπὶ
1081 979 1148 1033 τά
1212 981 1360 1034 νῶτα
1414 976 1625 1035 τούτων
1688 979 1981 1055 γενόμενος

1471 401 2018 463 HISTORIABUM
2066 401 2617 466 COMPENDIUM.

3628 398 3749 461 766

1770 530 1867 589 δύο
1923 531 1975 607 ἐξ
2007 539 2055 603 Α
2092 552 2236 591 num
2266 536 2359 592 bis
2388 538 2556 594 mille
2587 537 2832 594 armatis
2864 535 3126 609 praedam
3161 535 3403 591 domum
3449 536 3755 592 abducen-

2094 627 2229 683 dum
2259 628 2686 684 commississe.
2721 630 2800 685 Eo
2830 627 3068 701 cognito
3103 628 3162 682 in
3194 632 3449 699 angusta
3497 626 3755 697 quadam

2094 732 2158 771 se
2179 716 2346 773 abdit
2391 718 2677 785 convalle,
2739 734 2809 774 ac
2866 733 3104 773 manea
3160 723 3323 789 tergo
3366 733 3466 771 eos
3514 716 3755 771 adortus

2091 805 2406 862 universos
2436 807 2737 875 interficit,
2788 806 3173 879 praedamque
3217 806 3291 861 ad
3340 806 3601 860 Priscum
3651 802 3758 859 ad-

2090 893 2275 952 ducit.
2304 896 2615 968 Chaganus
2663 896 3015 951 frustratum
3067 912 3130 951 se
3182 911 3461 950 successu
3493 893 3761 949 sentiens

2090 981 2334 1039 domum
2364 984 2531 1041 abiit.
2566 982 2730 1041 Idem
2763 990 2822 1039 et
2851 984 3088 1040 Priscus
3113 983 3274 1049 fecit,

315 1067 533 1144 ἀθρόως
555 1067 762 1129 πάντας
828 1063 1018 1122 ἀνεῖλε
1074 1065 1165 1122 καὶ
1216 1067 1318 1136 τῆν
1378 1065 1768 1146 αἰχμαλωσίαν
1821 1069 1959 1143 πρὸς
2010 1070 2102 1124 τὸν
2175 1070 2408 1146 Πρίσκον
2462 1072 2681 1149 ἤγαγεν.
2738 1073 2801 1129 Ὀ
2857 1068 2915 1127 δὶ
2966 1071 3216 1146 Χαγάνος
3268 1071 3336 1125 τά
3386 1077 3488 1140 τῆς
3547 1070 3757 1125 ἀποτυ-

314 1159 455 1234 χίας
486 1156 671 1231 μαθὼν
704 1156 781 1217 εἷς
810 1157 913 1226 τὴν
943 1157 1137 1228 ἑαυτορ
1169 1155 1480 1230 ἐπανέζευξε
1511 1156 1726 1236 χώραν,
1757 1156 1847 1213 καὶ
1880 1158 1909 1213 ὁ
1951 1156 2186 1233 Πρίσκος
2221 1158 2546 1233 ὑπέστρεψεν
2580 1159 2655 1222 εἷς
2682 1161 2749 1215 τά
2781 1158 2921 1215 ἴδια.

385 1246 484 1302 Καὶ
514 1249 595 1318 τῷ
629 1246 699 1316 ιη’
727 1239 834 1299 ἔτει
869 1239 1056 1300 λαϐὼν
1097 1244 1194 1307 τὰς
1248 1241 1505 1319 δυνάμεις
1563 1246 1653 1300 ἐπὶ
1688 1247 1788 1316 τῆν
1823 1252 1979 1320 Σιγι-

315 1335 462 1393 δῶνα
517 1333 888 1411 παραγίνεται.
924 1334 989 1391 Ὀ
1047 1330 1105 1389 δὲ
1156 1332 1407 1409 Χαγάνος
1465 1334 1821 1410 συναθροίσας
1874 1337 1977 1406 τήν

314 1428 509 1483 ἑαυτοῦ
542 1422 772 1497 δύναμιν
818 1420 967 1502 ἄφνω
1023 1428 1094 1498 τῇ
1154 1422 1339 1495 Μυσίᾳ
1390 1423 1691 1500 ἰφίσταται.
1748 1425 1864 1494 Τῆς
1924 1421 1982 1480 δὲ

312 1516 510 1586 ἱορτῆς
538 1515 637 1567 τοῦ
696 1513 892 1586 Πάσχα
944 1504 1364 1582 καταλαϐούσης
1421 1511 1728 1590 ἀμφότεροι
1759 1513 1876 1585 μετ’
1902 1511 1979 1567 εἲ-

309 1604 487 1676 ρήνης
519 1600 828 1675 ἡσύχασαν·
882 1599 979 1655 καὶ
1032 1606 1134 1668 τῆς
1189 1600 1384 1674 ἑορτῆς
1439 1598 1833 1672 πληρωθείσης
1863 1598 1984 1656 δια-

308 1691 647 1769 χωρίζονται
708 1689 815 1744 ἀπὸ
872 1692 981 1745 τῶν
1038 1688 1336 1762 Ῥωμαίων
1417 1689 1470 1744 οἱ
1530 1684 1834 1764 Βάρόαροι,
1891 1689 1984 1745 καὶ

306 1778 576 1838 ποικίλον
620 1775 872 1854 διωγμοῦ
902 1778 952 1848 ἐξ
987 1776 1256 1849 ἀλλήλων
1302 1783 1413 1833 τῶν
1474 1783 1654 1855 μερῶν
1686 1777 1986 1855 γενομένου

312 1870 536 1940 πλῆθος
569 1867 859 1941 Ῥωμαίων
892 1868 957 1923 τὸ
996 1867 1094 1940 μὲν
1123 1867 1578 1945 κατασφάττεται,
1606 1868 1670 1924 τὸ
1724 1865 1783 1924 δὶ
1811 1867 1982 1945 αἰχμ-

313 1956 670 2029 αλωτίζεται.
710 1956 853 2015 Τότε
908 1953 978 2025 δὴ
1010 1958 1040 2011 ὁ
1070 1956 1316 2031 Χαγάνος
1375 1956 1514 2012 κατὰ
1570 1958 1880 2032 Μαυρικίου
1910 1958 1985 2019 ὡς

319 2046 499 2104 αίτίου
530 2054 632 2117 τῆς
660 2052 876 2123 σφαγῆς
929 2049 1028 2101 τοῦ
1087 2043 1228 2101 λαοῦ
1257 2040 1538 2103 καταϐοῶν
1599 2049 1720 2103 εἷπε
1774 2044 1980 2102 διδόναι

317 2139 447 2200 τοὺς
490 2135 890 2213 αἰχμαλώτους
955 2136 1057 2192 ἀνὰ
1111 2135 1477 2211 νομίσματος,
1534 2138 1624 2193 καὶ
1664 2136 1832 2194 πάλὶν
1884 2135 1982 2193 δύο

319 2232 417 2285 τοῦ
444 2228 808 2301 νομίσματος,
837 2228 929 2282 καὶ
983 2224 1152 2283 πάλιν
1211 2228 1312 2283 ἀνά
1340 2226 1563 2302 κεράτια
1594 2223 1640 2283 δ’
1674 2230 1768 2302 (4).
1802 2228 1865 2285 Ὀ
1923 2224 1984 2282 δὲ

321 2316 621 2393 Μαυρίκιος
682 2313 811 2371 οὐδὲ
871 2314 1047 2387 οὕτως
1104 2316 1331 2379 τούτους
1389 2314 1659 2387 ἠθέλησεν
1696 2317 1980 2394 ἀγοράσαι.

318 2408 476 2465 ’Ὀθεν
518 2405 795 2480 θυμωθεὶς
826 2407 856 2461 ὁ
889 2406 1137 2479 Χαγάνος
1188 2405 1394 2470 πάντας
1448 2404 1771 2464 ἀπέκτεινεν.
1810 2410 1980 2462 Ἦσαν

322 2493 381 2552 δὶ
408 2492 663 2572 χιλιάδες
717 2495 810 2569 ιβ’,
871 2489 1220 2564 ἀνεϐιϐάζετο
1279 2491 1337 2550 δὲ
1390 2496 1425 2564 ἠ
1477 2495 1616 2569 τιμή
1676 2495 1855 2550 αὐτῶν
1882 2494 1982 2550 ἀνὰ

324 2582 680 2660 μιλιαρισίων
743 2581 840 2639 δύο
907 2584 1221 2660 ’βθλγ“(5).
1289 2584 1388 2639 Καὶ
1448 2584 1627 2647 οὕτως
1684 2585 1984 2656 ποιήσαςὸ

319 2666 575 2752 Χαγάνος
621 2674 701 2739 εἰς
755 2675 825 2729 τὰ
890 2671 1006 2729 ἴδια
1063 2673 1382 2749 ὑπέστρεψε,
1440 2675 1486 2728 ν’
1545 2671 1805 2750 χιλιάδας
1861 2680 1983 2737 ταῖς

317 2763 606 2838 Ῥωμαίων
667 2761 928 2825 σπονδαῖς
984 2762 1208 2826 ἐπιθείς.
1267 2764 1329 2821 Ὁ
1385 2760 1444 2819 δὲ
1497 2765 1725 2838 στρατὸς
1775 2757 1986 2839 ἔπεμψε

320 2854 454 2911 κατᾶ
512 2852 934 2928 Κομμεντιόλου
1015 2852 1092 2915 ὡς
1160 2849 1455 2928 προδοσίαν
1507 2850 1560 2908 ἐν
1613 2857 1696 2926 τῷ
1749 2851 1986 2927 πολέμῳ

320 2946 682 3015 ποιήσαντος,
713 2943 766 3000 ἐν
802 2944 887 3005 οἶς
915 2944 984 3013 ἦν
1044 2941 1137 2998 καὶ
1197 2947 1424 3016 Φωκᾶς,
1482 2943 1542 3008 ὃς
1596 2940 1985 3019 διαλεγόμενος

317 3038 398 3106 τῷ
427 3032 646 3108 βασιλεῖ
676 3034 916 3108 βριαρῶς
946 3030 1126 3105 τούτῳ
1171 3029 1456 3109 ἀντέλεγεν
1517 3032 1572 3088 ἂν
1620 3036 1705 3106 τῷ
1765 3029 1987 3088 σελενκ

322 3121 424 3195 τίῳ
452 3125 554 3197 (ὁ).
585 3120 686 3180 Καί
717 3144 801 3186 τις
829 3126 938 3178 τῶν
969 3120 1272 3189 πατρικίων
1301 3125 1495 3177 τοῦτον
1547 3122 1633 3195 [Ρ.
1666 3126 1796 3194 400]
1827 3120 1984 3199 ὲρῥά-

326 3230 453 3265 πισε
477 3209 568 3265 καὶ
614 3210 705 3266 τὸν
761 3211 1002 3288 πώγωνα
1056 3208 1310 3282 ὲξέτιλεν,
1344 3211 1372 3265 ὁ
1406 3208 1463 3266 δὲ
1496 3209 1756 3286 βασιλεὺς
1792 3213 1985 3270 τοῦτον

324 3298 597 3373 ἄπρακτον
626 3297 910 3356 ἆπέλυσεν.
968 3301 1062 3356 Ἐκ
1118 3298 1317 3355 τούτου
1367 3300 1458 3354 καὶ
1490 3300 1525 3370 ἡ
1557 3304 1655 3355 τοῦ
1706 3298 1977 3375 βασιλέως

321 3366 591 3459 ἐπιϐουλή
622 3389 800 3465 ἀρχὴν
864 3384 1157 3462 ἐλάμϐανε.
1200 3389 1350 3446 Κατᾶ
1405 3366 1598 3444 τοῦτον
1657 3366 1751 3445 τόν
1776 3387 1976 3465 χρόνον
2019 3366 2062 3431 C

323 3476 376 3533 ἰν
559 3476 825 3552 Αἰγύπτῳ
882 3480 1044 3545 Μηνᾶ
1098 3482 1196 3533 τοῦ
1250 3475 1498 3557 ἐπάρχου
1555 3476 1608 3533 ἐν
1659 3482 1740 3550 τῷ
1794 3478 1984 3551 Νείλῳ

323 3567 559 3641 ποταμῷ
599 3570 679 3641 (7)
713 3565 849 3641 μετᾶ
892 3572 991 3623 τοῦ
1021 3565 1159 3623 λαοῦ
1218 3566 1611 3641 πορευομένου,
1640 3569 1695 3623 ἒν
1721 3566 1877 3641 τόπῳ
1904 3571 1985 3641 τῷ

321 3654 700 3735 ἐπιλεγομένῳ
759 3654 958 3726 Δέλτα,
1016 3654 1182 3726 ἡλίου
1240 3656 1555 3733 ἀνίσχοντος
1606 3661 1718 3727 ζῶα
1775 3658 1985 3733 ἀνθρω-

321 3745 585 3823 πόμορφα
614 3743 667 3801 ἐν
690 3750 770 3817 τῷ
822 3750 1056 3819 ποταμῷ
1111 3744 1405 3825 ἐφάνησαν,
1463 3745 1602 3821 ἀνὴρ
1656 3767 1715 3802 τε
1766 3746 1856 3801 καὶ
1886 3769 1988 3823 γυ-

321 3837 411 3906 νή·
472 3835 626 3891 καὶ-ὁ
660 3835 756 3909 μὶν
812 3835 950 3908 ἀνὴρ
1004 3833 1287 3905 εὕστολος,
1346 3835 1648 3910 εὕστερνος,
1695 3835 1982 3905 καταπλη-

331 3925 516 3987 κτικὸς
548 3931 647 3995 τὴν
681 3924 831 3999 ὄψιν,
865 3925 1047 3996 ξανθὸς
1075 3925 1176 3994 τήν
1228 3925 1429 3997 κόμην,
1492 3923 1836 3997 μιξοπόλιος,
1894 3924 1984 3979 καὶ

318 4013 494 4091 μέχρι
528 4020 629 4085 τῆς
659 4013 860 4089 ὀσφύος
920 4012 1160 4090 ἐγύμνου
1207 4014 1310 4083 τήν
1367 4014 1548 4087 φύσιν,
1604 4013 1673 4069 τά
1728 4011 1786 4069 δὲ
1816 4012 1988 4070 λοιπὰ

328 4103 466 4178 μὲρη
493 4108 591 4159 τοῦ
622 4104 877 4176 σώματος
904 4104 968 4159 τὸ
996 4100 1144 4178 ὕδωρ
1196 4101 1486 4160 ἐκάλυπτε.
1518 4105 1723 4162 Τόῦτον
1759 4104 1787 4158 ὁ
1813 4106 1985 4179 ἒπαρ-

325 4215 428 4270 χος
456 4194 642 4270 ὅρκοις
671 4188 877 4251 ἔϐαλλε
916 4197 995 4269 μή
1041 4191 1344 4251 καταλῦσαι
1395 4196 1497 4265 τήν
1558 4195 1808 4269 θεωρίαν,
1858 4194 1984 4271 πρὶν

325 4282 568 4348 ἅπαντας
627 4282 1011 4362 ἐμφορηθῆναι
1066 4290 1169 4354 τῆς
1224 4280 1534 4359 παραδόξου
1599 4284 1802 4355 ταύτης
1859 4283 1985 4361 ὁρά-

327 4394 491 4437 σεως.
538 4376 604 4430 Ἦ
664 4370 722 4429 δὲ
777 4375 916 4449 γυνὴ
969 4374 1098 4435 τοὺς
1157 4370 1215 4428 τέ
1278 4373 1516 4448 μασθοὺς
1576 4373 1696 4448 εἶχε
1750 4375 1840 4429 καὶ
1885 4375 1985 4445 τὴν

327 4462 452 4537 δψιν
486 4462 637 4519 λείαν
667 4463 760 4518 καὶ
810 4463 993 4537 κόμην
1050 4463 1290 4538 βαθεῖαν.
1355 4462 1452 4517 Καὶ
1503 4462 1713 4539 ’μέχρις
1769 4460 1914 4539 ὥρας
1946 4476 1988 4529 θ.

326 4557 432 4615 πᾶς
458 4554 488 4608 ὁ
518 4551 653 4615 λαός
712 4552 1037 4626 ἐθαύμασεν,
1085 4552 1225 4626 ὁρῶν
1259 4553 1328 4607 τὰ
1359 4556 1471 4622 ζῶα
1521 4557 1714 4623 ταῦτα,
1771 4552 1861 4608 καὶ
1916 4559 1985 4629 τῇ

2159 1252 2330 1306 Anno
2392 1252 2475 1319 18,
2528 1251 2766 1307 Priscus
2811 1252 3013 1323 copias
3046 1250 3121 1306 ad
3180 1250 3517 1324 Sigidonem
3562 1249 3751 1306 ducit.

2088 1339 2399 1412 Cbaganus
2418 1356 2558 1395 vero
2590 1356 2698 1395 suo
2751 1341 2903 1396 100
2930 1340 3194 1395 exercitu
3225 1339 3476 1395 collecto
3509 1344 3755 1410 repente

2091 1428 2152 1483 in
2175 1428 2421 1501 Mysiam
2443 1429 2637 1485 irruit.
2656 1429 3336 1485 SolemnitasPaschatis
3354 1429 3757 1484 interveniens

2093 1518 2294 1574 eﬂ‘ecit
2322 1525 2387 1574 ut
2412 1520 2693 1591 utrinque
2752 1520 2946 1591 pacati
2996 1519 3397 1591 quiescerent.
3449 1519 3531 1572 Ea
3586 1518 3760 1574 ﬁnita

2092 1607 2348 1663 inducite
2380 1624 2619 1680 quoque
2649 1608 3063 1664 dissiluerunt.
3088 1609 3355 1679 Cumque
3389 1608 3594 1663 multis
3625 1624 3756 1663 sese

2094 1702 2300 1753 mutuo
2330 1696 2600 1753 cladibus
2631 1698 2991 1764 aﬂ'ecissent,
3020 1696 3265 1753 tandem
3311 1696 3602 1752 exercitus
3634 1699 3756 1753 Ro-

2094 1802 2309 1842 manus
2365 1787 2585 1858 partim
2615 1804 2824 1855 cassus,
2878 1787 3094 1858 reliqui
3152 1787 3307 1857 capti
3366 1791 3526 1841 sunt.
3604 1787 3752 1842 Tum

2094 1876 2407 1949 Chaganus
2430 1876 2492 1931 in
2521 1877 2869 1933 Mauricium
2897 1877 3077 1932 caedis
3124 1876 3327 1948 populi
3359 1875 3595 1947 culpam
3618 1892 3758 1931 con-

2094 1965 2313 2030 ferens,
2338 1971 2614 2037 paratum
2646 1983 2708 2021 se
2741 1966 2825 2021 ait
2853 1966 3113 2037 captivos
3135 1969 3379 2036 accepto
3412 1964 3474 2018 in
3519 1963 3759 2037 singula

2095 2056 2295 2127 capita
2324 2073 2596 2126 nummo,
2622 2073 2950 2127 rursusque
2980 2056 3155 2111 binos
3185 2071 3306 2111 uno
3350 2070 3619 2123 nummo,
3656 2053 3765 2109 de-

2092 2146 2274 2216 nique
2307 2145 2576 2218 singulos
2594 2150 2850 2217 quatuor
2878 2145 3116 2201 ceratiis
3145 2144 3405 2216 acceptis
3434 2144 3756 2200 dimittere.

2093 2236 2238 2291 Cum
2270 2252 2346 2291 ne
2378 2236 2463 2292 sic
2495 2235 2738 2308 quidem
2763 2253 2865 2291 eos
2894 2235 3192 2291 redimere
3213 2234 3395 2289 vellet
3417 2233 3753 2311 Mauricius,

2093 2325 2282 2380 iratus
2312 2326 2626 2398 Cbaganus
2656 2341 2865 2380 omnes
2895 2325 3135 2380 occidit.
3168 2325 3353 2380 Fuere
3384 2328 3583 2379 autem
3605 2322 3757 2378 duo-

2094 2412 2289 2470 decim
2311 2414 2523 2470 millia.
2548 2413 3378 2485 Estimabantur,supputatis
3408 2412 3468 2467 in
3492 2410 3760 2483 singulos

2095 2501 2329 2558 duobus
2348 2502 2725 2569 milliarisiis,
2758 2504 2919 2557 2933.
2948 2502 3261 2574 Chaganus
3311 2500 3662 2567 interfectis,
3694 2503 3763 2554 ut

2094 2590 2239 2658 dixi,
2326 2590 2570 2662 captivis
2631 2593 3155 2660 Romanorumque
3222 2588 3443 2644 tributo
3507 2587 3760 2660 adjectis

2097 2681 2342 2752 insuper
2362 2681 2797 2753 quinquaginta
2827 2678 3113 2740 millibus.
3148 2678 3393 2733 domum
3419 2676 3615 2733 rediit.
3648 2679 3761 2733 Ex-

2098 2770 2317 2826 ercitus
2343 2787 2519 2841 porro
2551 2770 2719 2824 misit
2747 2770 2849 2840 qui
2881 2768 3384 2823 Commentiolum
3403 2765 3761 2839 proditionis

2098 2861 2560 2914 accusarent.Ac
2589 2857 2702 2913 fuit
2734 2857 2894 2913 inter
2924 2856 3150 2929 legatos
3180 2856 3361 2911 etiam
3383 2856 3631 2921 Pbocas,
3653 2853 3759 2926 qui

2097 2949 2161 3003 in
2192 2953 2348 3003 cmtu
2392 2947 2584 3002 verbis
2642 2947 2989 3018 imperatori
3047 2946 3276 3001 duriter
3332 2961 3396 3000 se
3453 2944 3754 3016 opposuit.

2099 3035 2352 3102 Quidam
2385 3052 2518 3090 vero
2551 3036 2938 3107 patriciorum
2997 3034 3358 3107 depalmavit
3388 3035 3666 3101 Phocum,
3699 3036 3761 3088 et

2098 3124 2336 3180 barbam
2362 3125 2414 3180 ei
2447 3124 2685 3190 evellit;
2718 3130 2895 3195 atque
2923 3141 3060 3179 eum
3101 3124 3429 3195 imperator
3448 3139 3510 3176 re
3538 3122 3760 3178 infecta.

2100 3214 2478 3270 dimisit.Hoc
2516 3214 2756 3270 initium
2785 3214 2899 3269 fuit
2946 3214 3301 3269 insidiarum
3341 3213 3624 3269 adversus
3657 3212 3764 3266 im-

2100 3308 2458 3376 peratorem.
2493 3302 2713 3358 Eodem
2764 3308 3053 3374 tempore,
3087 3318 3223 3357 cum
3254 3302 3315 3356 in
3367 3303 3610 3374 [Egypto
3651 3301 3764 3355 Me-

2093 3407 2202 3447 nas
2233 3391 2548 3463 praafectus
2579 3391 2639 3446 in
2665 3391 2792 3445 Nilo
2815 3391 3120 3446 amneiter
3147 3391 3368 3446 faceret
3388 3407 3521 3445 cum
3536 3387 3754 3461 pOpulo

2093 3478 2157 3535 in
2188 3481 2318 3536 loco
2351 3480 2450 3552 qui
2484 3480 2655 3535 Delta
2683 3479 2923 3545 dicitur,
2957 3478 3081 3535 sole
3114 3479 3342 3534 oriente
3381 3477 3444 3533 in
3502 3477 3751 3534 ﬂumine

2093 3571 2218 3627 visa
2246 3575 2386 3625 sunt
2415 3569 2701 3626 animalia
2726 3570 2924 3642 specie
2946 3568 3230 3636 hominis,
3265 3586 3390 3624 mas
3421 3573 3481 3622 et
3506 3567 3755 3622 femina.

2095 3662 2214 3715 Mas
2243 3666 2371 3715 erat
2400 3658 2554 3715 bene
2583 3659 2973 3730 compositus,
3008 3664 3245 3729 pectore
3267 3656 3750 3729 amplo,terribili

2094 3755 2358 3822 aspectu,
2391 3748 2545 3804 fulvo
2576 3750 2741 3806 crine
2774 3748 3128 3803 intermistis
3184 3748 3371 3813 canis,
3430 3763 3618 3819 usque
3676 3745 3752 3802 ad

2093 3839 2331 3896 lumbos
2364 3839 2581 3908 nudus,
2613 3844 2857 3895 caateras
2887 3844 3087 3910 partes
3116 3855 3271 3910 aqua
3298 3842 3553 3911 tegente.
3600 3838 3745 3893 τοι

2095 3930 2261 3986 Hunc
2294 3929 2612 4000 prmfectus
2650 3928 2950 4001 adjuravit
2997 3945 3071 3983 ne
3103 3929 3269 3999 prius
3311 3944 3381 3982 ex
3428 3930 3753 3998 conspectu

2095 4018 2428 4074 discederet
2459 4033 2639 4088 quam
2670 4034 2882 4073 omnes
2912 4034 2981 4073 eo
3014 4033 3075 4072 se
3109 4021 3230 4072 tam
3263 4033 3394 4072 raro
3425 4020 3754 4071 exsaturas-

2096 4112 2233 4162 sent
2261 4105 2620 4179 spectaculo.
2682 4105 2892 4161 Mulier
2950 4111 3009 4160 et
3066 4120 3358 4160 mammas
3390 4103 3646 4160 habebat
3697 4105 3757 4158 et

2096 4196 2284 4251 levem
2316 4194 2531 4251 faciem
2565 4211 2633 4250 ac
2662 4193 2943 4249 dimissos
2974 4194 3188 4249 crines.
3210 4194 3404 4264 Usque
3435 4193 3510 4247 ad
3532 4207 3756 4247 nonam

2096 4286 2304 4341 horam
2337 4283 2593 4357 populus
2622 4301 2759 4339 cum
2789 4282 3183 4339 admiratione
3213 4282 3499 4338 animalia
3528 4299 3598 4337 ea
3622 4298 3759 4353 spe-

2097 4375 2290 4431 ctavit.
2329 4375 2482 4429 Hora
2512 4390 2673 4428 nona
2705 4372 2948 4428 ﬂuvium
2981 4389 3051 4428 ea
3107 4371 3438 4427 subierunt.
3469 4373 3616 4427 Ecce
3648 4386 3756 4425 au-

2099 4470 2240 4532 tem,
2267 4465 2704 4521 crocodilorum
2736 4463 3056 4519 multitudo
3087 4464 3380 4535 apparuit.
3414 4462 3759 4519 Crocodilus

2098 4555 2325 4613 animal
2374 4561 2466 4612 est
2523 4560 2803 4611 terrestre
2851 4554 3140 4627 juxtaque
3197 4554 3561 4625 aquaticum,
3595 4557 3757 4609 vasto

328 4644 371 4697 0‘
401 4638 593 4698 ἔδυσαν
624 4640 678 4697 ἐν
709 4646 788 4714 τῷ
845 4646 1100 4715 ποταμῷ.
1134 4639 1239 4698 Καὶ
1298 4639 1418 4696 ἰδοὺ
1471 4640 1563 4697 καὶ
1616 4626 1985 4716 κροκοδείλων

2100 4662 2367 4717 corpore.
2404 4647 2650 4702 Dorsum
2663 4646 2793 4718 ejus
2823 4661 3031 4701 saxum
3059 4643 3295 4716 nigrum
3326 4644 3522 4700 colore
3556 4644 3757 4715 refert,

1543 4788 1909 4844 XYLANDBI
1948 4790 2035 4843 ET
2074 4789 2289 4844 GOARI
2326 4790 2552 4845 ΝΟΤΑΞ.

402 4901 755 4977 (4)-Κεράτια
805 4900 1039 4977 τέσσαρα
1102 4907 1243 4977 sunt
1298 4902 1701 4977 numismatisp
1729 4908 1992 4977 sextans.

332 4973 640 5032 Numisma
664 4976 826 5031 enim
858 4978 928 5030 24
949 4973 1209 5043 ceratiis,
1230 4977 1295 5028 l2
1326 4990 1460 5029 vero
1484 4974 1814 5030 miliarisiis
1837 4976 1998 5030 msti-

334 5053 530 5105 matur
555 5063 568 5102 :
598 5048 759 5103 unde
780 5047 1032 5119 κεράτιον
1064 5045 1361 5119 miliarisii
1392 5045 1679 5119 medium,
1702 5046 1874 5119 folles
1906 5050 1993 5119 l2.

332 5119 694 5193 Scboliastes
724 5117 953 5193 Basilio.
986 5117 1175 5193 Eclpg.
1212 5133 1375 5193 ξξῃι.
1442 5117 1560 5193 Χρη
1590 5118 1878 5193 γινιίξσκειν
1909 5117 1993 5193 {in

328 5190 393 5279 τί)
422 5186 476 5287 ἰν
508 5190 759 5287 κεράτπιον
790 5187 1020 5287 ῗόλβλεὲς
1053 5183 1157 5241 εἰσὶ
1214 5183 1427 5287 διέδεκα
1466 5183 1618 5287 ιῆτοί
1650 5186 1995 5287 μιλιῑαρισίου

329 5261 393 5334 τὸ
421 5256 616 5334 ἥμισυ.
649 5261 734 5319 Τά
762 5256 854 5320 οὖν
887 5256 1098 5334 δώδεκα
1154 5259 1379 5334 κεράτιά
1437 5256 1594 5334 εἰσιν,
1652 5256 1996 5334 νομίσματος

331 5327 528 5407 ἥμισυ*
579 5334 642 5407 τιὸ
701 5341 832 5407 vos)
894 5332 1147 5403 ἀκέραιον
1202 5327 1447 5405 νόμισμα
1503 5327 1623 5406 ἔχει
1683 5327 1997 5407 μίλιαρίσια

338 5405 436 5480 ιβ’,
467 5404 701 5480 κεράπια
716 5404 835 5466 κδ’.
870 5409 1044 5463 GOAn.

403 5480 481 5550 (5)
500 5475 667 5535 Hunc
687 5478 885 5539 locum
904 5491 1148 5549 prorsus
1170 5475 1776 5550 non_intelligo,quod
1798 5492 1993 5550 neque

335 5546 417 5605 de
439 5546 687 5607 nummo
716 5554 861 5610 satis
891 5546 1125 5606 constat
1174 5546 1317 5617 quid
1346 5546 1618 5608 valuerit.
1674 5563 1868 5617 neque
1897 5546 1993 5603 ide

334 5622 495 5677 notis
528 5622 559 5675 ι’
591 5628 620 5675 ι’
648 5622 692 5676 θ’
721 5622 769 5680 λ’
801 5620 862 5681 δ’.
896 5618 1268 5677 Miliarisium
1289 5618 1669 5675 numismatis
1698 5618 1992 5674 decimam

334 5699 567 5765 partem
606 5695 802 5753 facere
832 5690 1137 5765 annotavit
1160 5690 1423 5765 ASuidas:
1455 5691 1560 5765 sed
1593 5689 1651 5745 id
1682 5706 1809 5765 rem
1868 5707 1989 5746 non

335 5760 615 5839 explicat.
647 5768 859 5826 Videre
886 5770 1058 5840 potes
1085 5760 1247 5819 intra
1278 5762 1463 5820 ﬁnem
1520 5761 1732 5820 Leonis
1784 5764 1998 5820 Iceno-

2108 4903 2326 4960 macbi.
2359 4903 2497 4959 XYL.

2180 4975 2258 5047 (6)
2290 4976 2621 5047 Concilium,
2648 4983 2840 5043 cactus,
2866 4975 3171 5047 judicium,
3205 4974 3525 5047 consulatioi
3561 4978 3651 5026 est
3679 4990 3761 5025 σε-

2108 5042 2317 5100 λὲντιον
2350 5047 2472 5103 sive
2507 5042 2831 5100 σιλέντιονιέ
2858 5042 3081 5103 Auctor
3136 5047 3198 5101 in
3256 5047 3447 5101 Leone
3506 5046 3758 5099 Isauro:

2106 5114 2388 5195 Etlévrmv
2417 5118 2554 5172 κατὰ
2583 5121 2688 5171 τῶν
2712 5189 2723 5195 Α
2746 5118 2916 5195 ἁγίων
2973 5115 3224 5195 εξκὸνιυν.
3261 5117 3466 5195 Latine
3520 5130 3758 5195 quoque

2106 5190 2412 5247 silentium
2445 5185 2850 5247 pronuntiavit
2878 5189 3100 5245 Paulus
3121 5190 3416 5244 Diaconus
3452 5187 3513 5241 in
3546 5185 3758 5241 eodem

2104 5262 2297 5318 Leone
2330 5279 2343 5317 :
2375 5257 2667 5319 Silentium
2698 5270 2896 5318 contra
2921 5267 3142 5315 sanctas
3163 5278 3228 5315 ac
3259 5258 3591 5315 venerabiles
3614 5257 3753 5311 cele-

2107 5334 2285 5389 bravit
2308 5337 2512 5390 iconas.
2546 5336 2799 5390 Zonaras
2850 5335 3106 5387 Leonem
3164 5331 3440 5396 alterum,
3503 5328 3762 5401 philoso—

2103 5406 2308 5495 phum;
2344 5406 2425 5463 ita
2442 5404 2665 5495 “morbo
2683 5404 3217 5495 iliaco~detent\um
3251 5408 3455 5484 narrat
3506 5396 3586 5460 ὶῦς
3622 5396 3763 5495 μηδὲ

2104 5470 2408 5551 δυνηθῆναι
2439 5473 2802 5551 διαλεχθῆναι
2841 5477 2927 5551 τῇ-
2971 5470 3267 5551 συγκλήτῳ
3324 5475 3477 5551 περὶ-
3506 5470 3763 5541 νηστείας

2100 5550 2204 5616 τῆν
2226 5541 2440 5618 ’συνήθη
2475 5541 2732 5620 διάλῖξιν,
2838 5541 3091 5620 καλεῖται
3111 5541 3408 5620 ,σιλὲντιονζ
3439 5547 3616 5600 GOAn.

2175 5620 2251 5693 (7)
2284 5616 2722 5692 Qum‘sequit'nr
2745 5619 2817 5674 de
2840 5619 2970 5693 viso
3018 5618 3079 5693 in
3110 5616 3232 5671 Nilo
3265 5632 3444 5693 amne
3466 5621 3756 5686 monstro,

2101 5689 2416 5767 desumpta
2445 5689 2719 5748 videntur
2747 5708 2815 5746 ex
2836 5689 3081 5762 Nicepb.
3104 5704 3255 5756 xvm,
3280 5689 3370 5744 36.
3403 5689 3539 5744 XYL,
