4120 6422
347 396 465 459 ’167

1705 380 2027 450 GEORGII
2072 377 2417 441 CEDRENI

3655 387 3779 449 768

345 541 553 591 venter
583 540 671 591 est
700 534 909 601 albus;
969 536 1150 607 pedes
1213 533 1392 589 habet
1422 537 1698 603 quatuor,
1746 520 1998 581 caudam

2115 512 2347 607 “ub-7,00;
2370 516 2623 607 ἀνεφάνη.
2744 517 2803 576 δὲ
2839 519 3194 607 κροκόδειλος
3232 522 3423 597 θηρίον
3456 523 3597 580 ἐστὶν
3630 526 3776 599 ὁμοῦ

347 641 624 696 magnam
655 630 832 696 atque
865 642 1137 695 asperam
1165 641 1177 678 :
1202 624 1419 694 quippe
1453 638 1522 676 ea
1554 619 1689 675 finis
1713 622 1801 671 est
1822 614 2009 686 spinae

345 715 508 770 dorsi
544 717 718 771 unico
744 733 875 770 osse
907 715 1334 778 constantis,ac
1364 727 1622 783 superne
1670 710 1731 764 in
1764 706 2009 763 modum

349 802 620 860 dentium
646 822 822 859 serrm
838 804 1213 859 incisa.Ferit
1234 809 1431 857 autem
1447 800 1636 856 cauda
1649 798 2006 853 etvuluerat.

349 896 537 964 Caput
568 896 834 949 humeris
865 895 1211 963 contiguum
1244 898 1355 958 est,
1387 892 1579 962 iisque
1628 894 1918 959 aequatur,
1952 891 2013 939 et

351 984 562 1055 capitis
586 985 832 1039 formam
856 983 1333 1053 tenet,quamdiu
1357 999 1475 1036 non
1496 981 1648 1035 hiat:
1666 978 2008 1041 ubihiat,to-

363 1079 485 1127 tum
510 1078 681 1144 caput
708 1074 827 1127 oris
852 1074 980 1127 loco
1003 1079 1094 1128 est
1111 1078 1168 1127 et
1184 1089 1372 1142 usque
1394 1072 1470 1126 ad
1490 1072 1770 1125 humeros
1801 1064 2005 1138 pandi-

350 1162 647 1217 tur.Aliud
681 1163 1110 1217 animalculum
1146 1169 1233 1216 est
1264 1162 1505 1215 nomine
1533 1155 1919 1230 hydris,quod
1955 1160 2013 1209 et

348 1250 523 1320 hylus
554 1251 994 1315 diciturJorma
1015 1251 1340 1306 canina.Ea
1369 1249 1573 1321 hydris
1605 1248 1728 1302 luto
1754 1262 1881 1301 sese
1903 1244 2006 1299 ob—

344 1338 685 1405 volvens,in
718 1340 1002 1395 crocodili
1035 1339 1389 1394 dormientis
1416 1338 1572 1411 (eam
1604 1335 1764 1392 enim
1794 1350 2010 1406 oppor-

344 1429 658 1483 tunitatem
718 1434 917 1500 captat
964 1446 977 1483 :
1035 1428 1373 1484 crocodilus
1434 1426 1595 1482 enim
1670 1425 1818 1489 hiat,
1875 1439 2009 1478 cum

344 1534 623 1572 somnum
654 1518 834 1589 capit)
866 1536 932 1573 os
965 1518 1176 1583 insilit,
1211 1523 1270 1573 et
1299 1534 1539 1573 corroso
1596 1515 1725 1587 ejus
1782 1516 2008 1577 ventre,

343 1605 548 1677 itaque
569 1606 761 1662 bestia
791 1613 1061 1676 enecata,
1095 1624 1201 1678 per
1231 1623 1413 1662 anum
1447 1605 1586 1660 exit.

2117 603 2206 658 καὶ
2240 604 2398 680 ἰχθὺς
2440 606 2628 683 μέγας,
2687 605 2951 688 ἀμφίϐιος
3006 609 3083 668 δέ.
3145 612 3248 669 Καὶ
3279 614 3313 682 ἡ
3350 613 3445 686 μὶν
3475 614 3646 688 χροιά
3675 618 3777 669 τοῦ

2120 694 2297 749 νώτου
2358 698 2526 753 αὐτοῦ
2611 695 2783 775 πέτρᾳ
2846 694 2990 756 ἔοικε
3046 700 3298 776 μελαίνῃ,
3352 704 3387 772 ἡ
3448 700 3505 758 δὲ
3559 704 3772 778 γαστὴρ

2121 784 2312 854 λευκὴ,
2350 784 2511 849 πόδες
2542 784 2600 842 δὲ
2660 785 2729 858 δ’,
2760 788 2849 843 καὶ
2907 788 3042 864 οὖρά
3099 790 3314 866 μεγάλη
3374 793 3462 847 καὶ
3519 799 3774 867 τραχεῖα’

2117 880 2217 943 τῆς
2247 874 2464 951 ῥάχεως
2496 878 2601 953 γάρ
2631 876 2773 933 ἐστιν
2806 879 2921 940 ένὸς
2954 878 3141 935 ὀστέου
3180 879 3431 950 τελευτή.
3468 880 3772 954 Ἐντέτμη-

2117 986 2207 1020 ται
2239 962 2295 1019 δὲ
2325 962 2526 1029 ἄνωθεν
2573 967 2648 1028 ὡς
2682 969 2737 1022 αἱ
2766 972 2874 1021 τῶν
2907 968 3146 1041 πριόνων
3206 968 3399 1041 άκμαὶ,
3435 970 3523 1023 καὶ
3578 969 3767 1026 τύπτει

2119 1056 2171 1111 ἐν
2228 1060 2410 1128 ταυτῷ
2448 1057 2538 1110 καὶ
2585 1058 2964 1131 τραυματίζει.
3014 1059 3075 1114 Ἡ
3130 1057 3342 1134 κεφαλή
3404 1056 3462 1113 δὲ
3519 1080 3771 1135 προσηρ-

2122 1146 2367 1220 μοσμένη
2427 1152 2543 1210 τοῖς
2589 1144 2770 1220 ὤμοις
2826 1147 2914 1202 καὶ
2974 1146 3312 1221 ἐξισουμένη·
3373 1150 3464 1204 καὶ
3518 1148 3601 1229 ἐφ’
3645 1150 3770 1205 ὅσον

2123 1237 2216 1310 μὲν
2251 1236 2314 1291 οὐ
2372 1235 2597 1311 κέχηνε,
2655 1237 2850 1309 θηρίου
2908 1235 3119 1314 κεφαλή
3153 1235 3315 1307 ἐστιν,
3347 1237 3475 1292 ἐπὰν
3510 1236 3567 1294 δὲ
3597 1240 3767 1319 χάνῃ,

2120 1323 2226 1396 ὅλη
2258 1326 2462 1401 γίνεται
2494 1326 2670 1398 στόμα
2718 1326 2887 1400 μέχρι
2941 1330 3051 1381 τῶν
3108 1321 3278 1399 ὥμων
3310 1326 3541 1383 ποιοῦσα
3568 1330 3631 1383 τὸ
3663 1331 3778 1405 χά-

2118 1436 2248 1487 σμα.
2310 1420 2457 1472 Ζῶον
2513 1413 2570 1471 δέ
2609 1414 2719 1472 ἐστι
2780 1417 2972 1491 μικρὸν
3005 1421 3040 1486 ἡ
3073 1414 3250 1490 ὓδρις,
3296 1418 3417 1487 ἣτις
3473 1420 3564 1474 καὶ
3596 1418 3770 1483 ὕλλος

2120 1502 2358 1580 λέγεται,
2388 1505 2548 1567 κυνὸς
2567 1502 2774 1581 ἔχουσα
2802 1507 3042 1583 μορφήν.
3095 1502 3244 1575 Αὕτη
3301 1506 3378 1568 εἷς
3432 1505 3613 1578 πηλὸν
3672 1529 3774 1563 κυο

2120 1596 2416 1670 λισαμένη,
2455 1595 2790 1671 έπιτηροῦσά
2831 1616 2891 1650 τε
2916 1596 3011 1650 τὸν
3041 1592 3397 1670 κροκόδειλον
3422 1594 3777 1669 καθεύδοντα,

354 1691 589 1765 εἶσπηδᾷ
620 1691 709 1750 διὰ
737 1699 833 1749 τοῦ
863 1695 1136 1768 στόματος
1168 1694 1333 1749 αὐτοῦ
1364 1693 1642 1769 (κεχηνὼς
1669 1691 1773 1767 γάρ
1838 1690 1868 1744 ὁ
1916 1686 2274 1763 κροκόδειλος
2342 1680 2614 1759 καθεύδει)
2675 1684 2752 1746 είς
2808 1687 2910 1755 τὴν
2970 1686 3206 1763 γαστέρα
3255 1685 3452 1741 τούτου
3504 1685 3768 1763 χωροῦσα

343 1783 433 1837 καὶ
461 1782 661 1853 ταύτην
695 1781 1097 1858 διαρῥήσσουσα
1127 1783 1404 1861 ἐξέρχεται
1436 1780 1525 1838 διά
1553 1789 1655 1852 τῆς
1682 1778 1843 1857 ἓδρας
1873 1779 2248 1846 ἀπονεκροῦσα
2276 1777 2460 1861 αὐτόν.

415 1875 585 1947 Anno
620 1876 709 1939 19,
741 1874 836 1929 die
896 1875 1226 1942 Paschatis,
1288 1874 1508 1945 SOphia
1562 1874 1824 1943 Augusta
1852 1886 2002 1925 uxor

342 1962 559 2016 Justini
589 1968 647 2016 et
677 1963 1067 2020 Constantina
1088 1980 1240 2018 uxor
1270 1962 1532 2019 Mauricii
1556 1961 1879 2034 pretiosam
1902 1958 2001 2015 ad-

2182 1869 2278 1939 Τῷ
2316 1866 2380 1931 ιθ⁵
2423 1859 2552 1936 ἔτει,
2605 1868 2704 1920 τοῦ
2756 1863 2917 1940 ἁγίου
2975 1862 3189 1937 Πάσχα,
3248 1864 3426 1941 Σοφία
3483 1863 3774 1939 Αὐγοῦστα

2110 1957 2145 2025 η
2203 1957 2338 2030 γυνὴ
2437 1953 2755 2019 Ἰουστίνου,
2847 1954 2960 2025 ἅμα
3016 1958 3394 2023 Κωνσταντινᾳ
3436 1956 3506 2027 τῇ
3553 1954 3766 2029 γυναικὶ

341 2051 586 2107 modum
621 2069 907 2109 coronam
944 2053 1335 2108 confecerunt
1364 2069 1432 2107 ac
1462 2050 1807 2123 imperatori
1829 2049 2002 2105 obtu—

2112 2046 2423 2119 Μαυρικίου
2452 2088 2470 2118 ,
2536 2044 2754 2117 στέμμα
2817 2042 3281 2098 κατασκευάσασαι
3342 2040 3640 2116 ὑπέρτιμον
3691 2047 3773 2116 τῷ

340 2140 560 2195 lerunt.
596 2126 784 2206 Quam
816 2159 952 2197 cum
999 2146 1329 2213 spectasset
1389 2142 1733 2212 imperator,
1768 2140 1829 2193 in
1872 2155 2000 2194 ma-

342 2246 523 2301 gnum
560 2231 849 2302 templum
882 2232 1118 2299 detulit,
1153 2232 1353 2301 ibique
1386 2246 1566 2301 supra
1596 2245 1826 2285 sacram
1840 2246 2000 2284 men-

344 2335 472 2373 sam
510 2320 622 2373 Deo
654 2318 937 2374 dedicans
981 2320 1293 2391 suspendit
1373 2321 1521 2374 Pace
1592 2319 1741 2374 702
1800 2324 2002 2373 autem

338 2424 475 2462 cum
535 2407 809 2463 Barbaris
864 2409 1130 2474 confusa,
1192 2426 1426 2464 rursum
1485 2408 1794 2480 Chaganus
1854 2408 2002 2463 ﬁnes

336 2499 743 2552 Romanorum
770 2497 1033 2565 intravit,
1070 2504 1129 2553 et
1158 2505 1413 2571 quatuor
1462 2500 1585 2555 suis
1614 2498 1755 2553 ﬁliis
1787 2498 2002 2553 exerci-

338 2591 435 2642 tus
470 2587 924 2658 tribuit,quibus
958 2590 1278 2645 transitum
1306 2591 1439 2646 Istri
1474 2591 1861 2647 custodirent.
1886 2588 2001 2646 Sed

337 2677 588 2731 Romani
621 2677 849 2732 ratibus
878 2678 1168 2734 confectis
1199 2679 1444 2734 ﬂuvium
1488 2681 1952 2736 transmiserunt
1981 2696 1996 2744 ;

342 2765 670 2836 prwlioque
706 2783 1061 2838 congressus
1091 2785 1225 2823 cum
1257 2769 1514 2839 Chagani
1569 2770 1710 2825 filiis
1740 2771 1997 2837 Priscus,

343 2855 503 2925 quod
535 2855 607 2910 ab
640 2872 856 2911 aurora
885 2856 958 2911 ad
984 2874 1289 2929 vesperam
1321 2875 1511 2929 usque
1546 2858 1797 2926 duravit,
1849 2877 1997 2931 qua-

337 2949 474 3001 tuor
501 2944 895 3000 Barbarorum
925 2946 1114 3001 millia
1138 2948 1374 3015 occidit,
1406 2950 1510 3002 300
1567 2965 1810 3004 suorum
1841 2949 1995 3005 desi-

338 3033 582 3088 deratis.
618 3034 912 3089 Postridie
945 3035 1073 3106 ejus
1107 3035 1223 3090 diei
1258 3053 1464 3091 rursus
1494 3038 1526 3091 8
1554 3037 1748 3093 millia
1783 3039 1995 3095 Barba-

336 3141 541 3179 rorum
576 3124 894 3179 interfecit.
924 3126 1125 3180 Tertia
1148 3125 1242 3181 die
1274 3128 1522 3183 Romani
1563 3127 1637 3183 de
1689 3130 1995 3200 superiore

333 3212 466 3267 loco
501 3213 561 3267 in
602 3213 889 3270 Barbaros
923 3214 1248 3285 irruerunt,
1283 3232 1503 3287 eosque
1533 3217 1698 3273 fusos
1726 3218 1789 3273 in
1836 3219 2000 3289 palu-

337 3302 473 3357 dem
507 3303 953 3374 compulerunt,
978 3305 1316 3376 multosque
1344 3306 1424 3360 ibi
1448 3308 2000 3375 suﬂ‘ocaruntjnter

2114 2134 2334 2209 βασιλεῖ
2376 2136 2751 2210 προσήγαγον.
2808 2132 2871 2189 Ὀ
2924 2128 2981 2187 δὲ
3042 2129 3299 2206 βασιλεὺς
3352 2134 3516 2187 τοῦτο
3577 2131 3774 2197 θεασά-

2111 2250 2291 2302 μενος,
2346 2227 2602 2292 ἀπελθὼν
2671 2227 2723 2282 έν
2768 2229 2839 2300 τῇ
2899 2226 3132 2300 Μεγάλῃ
3192 2224 3496 2296 Ἐκκλησία
3524 2232 3606 2300 τῷ
3654 2231 3773 2298 Θιῷ
3864 2228 3882 2245 ’

2105 2322 2269 2373 τοῦτο
2299 2319 2642 2393 προσήγαγε,
2691 2313 2967 2389 κρεμάσας
3017 2313 3198 2369 ἐπάνω
3254 2321 3355 2382 τῆς
3414 2314 3570 2392 ἁγίας
3625 2336 3768 2390 τρα-

2106 2405 2297 2476 πέζης.
2327 2405 2597 2476 Αυθείσης
2637 2401 2694 2459 δὲ
2732 2411 2833 2474 τῆς
2892 2403 3026 2477 πρὸς
3079 2402 3209 2465 τοὺς
3267 2398 3585 2478 Βαρϐάρους
3612 2403 3768 2477 εἲρή-

2107 2516 2228 2566 νης,
2258 2492 2425 2550 πάλιν
2459 2496 2486 2550 ὁ
2518 2495 2764 2569 Χαγάνος
2813 2492 2902 2548 έπὶ
2951 2494 3020 2548 τὰ
3072 2493 3355 2566 Ῥωμαϊκά
3407 2499 3605 2572 χωρεῖ.
3636 2495 3771 2555 Τοῖς

2108 2582 2167 2640 δὲ
2195 2586 2476 2660 τέσσαρσιν
2508 2583 2673 2639 αὐτοῦ
2731 2584 2872 2644 υίοῖς
2929 2580 3205 2656 παραδοὺς
3267 2583 3450 2658 έτέρας
3510 2580 3766 2656 δυνάμεις

2105 2675 2413 2750 παρέστησε
2441 2678 2694 2754 φρουρεῖν
2750 2674 2847 2734 τὰς
2909 2667 3188 2734 διαϐάσεις
3244 2676 3341 2727 τοῦ
3396 2674 3631 2747 Ἴστρου.
3692 2675 3765 2731 Οἱ

2107 2763 2167 2820 δὶ
2192 2766 2465 2839 Ῥωμαῖοι
2498 2760 2720 2839 σχεδίας
2748 2764 3075 2832 ποιήσαντες
3125 2762 3220 2815 τὸν
3275 2763 3524 2834 ποταμὸν
3581 2759 3764 2817 διεπέ-

2107 2874 2293 2930 ρασαν·
2347 2854 2441 2909 καὶ
2497 2852 2632 2927 μετά
2669 2857 2777 2908 τῶν
2812 2854 2943 2907 υἱῶν
3002 2855 3100 2907 τοῦ
3168 2853 3409 2926 Χαγάνου
3466 2846 3769 2925 συμϐαλὼν

2107 2945 2135 3000 ὁ
2171 2944 2406 3019 Πρίσκος
2433 2944 2541 2999 ἀπὸ
2598 2942 2747 3017 πρωΐ
2810 2938 2913 3004 ἕως
2970 2941 3219 3015 ἑσπέρας,
3271 2943 3598 3015 τριακοσίων
3627 2943 3767 2998 Ῥω-

2109 3033 2250 3107 μίων
2310 3034 2693 3109 ἀναιρεθέντων
2730 3076 2744 3101 ,
2785 3029 3050 3106 τέσσαρας
3136 3029 3396 3105 χιλιάδας
3471 3039 3580 3089 τῶν
3634 3037 3767 3103 Βαρ-

2106 3118 2288 3193 ϐάρων
2323 3119 2517 3191 ὤλεσε,
2572 3120 2662 3177 καὶ
2693 3124 2763 3193 τῇ
2795 3119 3023 3195 ἐπιούσῃ
3091 3120 3257 3176 πάλιν
3312 3121 3456 3178 ὀκτὼ
3506 3119 3766 3200 χιλιάδας

2102 3216 2213 3268 τῶν
2250 3207 2543 3287 Βαρϐάρων
2587 3209 2788 3266 ἀνεῖλε.
2843 3213 2925 3284 Τῇ
2958 3207 3015 3265 δὲ
3063 3212 3222 3286 τρίτῃ
3254 3209 3315 3266 ἐκ
3343 3216 3452 3267 τῶν
3488 3214 3764 3288 ὑψηλοτέ-

2106 3322 2214 3377 ρων
2244 3302 2300 3355 oi.
2332 3303 2598 3375 Ῥωμαῖοι
2639 3300 2777 3375 πρὸς
2807 3299 2934 3361 τοὺς
2974 3301 3059 3373 [Ρ.
3093 3303 3221 3373 401]
3264 3296 3583 3377 Βαρϐάρους
3615 3303 3768 3380 ἐχώ-

339 3408 487 3461 quos
518 3392 684 3447 fuere
711 3393 969 3465 Chagani
1002 3394 1182 3449 etiam
1202 3394 1330 3448 ﬁlii.
1358 3394 1579 3449 Illustri
1607 3396 1852 3451 victoria
1871 3403 1992 3451 tum

2112 3410 2274 3466 ρησαν
2358 3388 2447 3445 καὶ
2527 3387 2755 3450 τούτους
2812 3389 3106 3463 τρέψαντες
3155 3386 3244 3443 ἐπὶ
3320 3391 3387 3445 τὰ
3444 3388 3611 3446 ὕδατα
3665 3396 3768 3462 τῆς

334 3481 540 3552 potitis
573 3482 876 3548 Romanis,
910 3500 1151 3537 rursum
1182 3484 1495 3556 Chaganus
1528 3501 1740 3557 magno
1772 3492 2005 3543 contra-

337 3574 430 3624 cto
489 3571 752 3625 exercitu
800 3571 1083 3627 adversus
1137 3590 1240 3628 eos
1318 3573 1762 3644 proﬁciscitur;
1821 3592 2001 3646 quem

337 3658 575 3713 Priscus
632 3676 984 3731 congressus
1034 3678 1232 3732 pugna
1278 3661 1452 3730 fudit,
1494 3662 2001 3736 illustrioremque

347 3749 546 3819 priore
581 3749 884 3804 victoriam
917 3751 1256 3822 reportavit.
1289 3752 1449 3806 Idem
1481 3752 1716 3809 Priscus
1748 3759 2003 3825 quatuor

346 3837 538 3892 millia
569 3838 957 3902 instruxit,ac
989 3840 1217 3895 Tissum
1250 3858 1490 3896 amnem
1520 3842 1997 3915 transirejussit,

344 3928 603 3983 tentoria
634 3928 1025 3985 Barbarorum
1061 3931 1452 4002 speculatum.
1486 3932 1727 3988 Barbari
1752 3939 1875 3990 tum
1909 3951 2001 3990 eo-

339 4032 471 4069 rum
504 4032 633 4085 qum
664 4022 830 4087 gesta
860 4022 1031 4072 erant
1063 4018 1249 4089 ignari
1285 4019 1465 4075 festos
1495 4020 1623 4076 dies
1653 4022 1907 4095 agebant
1929 4040 1998 4079 ac

340 4107 781 4177 compotabant.
818 4109 1022 4179 Itaque
1082 4125 1182 4163 eos
1242 4110 1621 4181 inopinantes
1658 4112 1851 4168 adorti
1884 4117 1995 4169 Ro-

341 4196 500 4251 mani
535 4197 758 4269 ingenti
789 4198 956 4253 clade
986 4199 1350 4255 affecerunt:
1384 4202 1553 4257 czesis
1578 4202 1735 4257 enim
1767 4205 1835 4259 3O
1857 4203 1995 4258 mil-

337 4285 496 4341 libus
530 4287 888 4358 Gepidarum
922 4287 1293 4360 aliorumque
1341 4291 1750 4363 Barbarorum,
1783 4309 1998 4365 magna

338 4393 471 4431 cum
504 4377 703 4447 praeda
742 4377 816 4432 ad
876 4379 1146 4433 Priscum
1203 4384 1342 4434 sunt
1384 4381 1624 4436 reversi.
1685 4382 1996 4455 Chaganus

338 4465 533 4521 denuo
561 4467 850 4537 reparatis
884 4467 1092 4538 copiis,
1124 4467 1199 4522 ad
1249 4467 1463 4524 Istrum
1496 4486 1632 4525 cum
1663 4473 1994 4541 accederet,

338 4571 536 4626 pugna
558 4556 744 4611 victus
770 4561 879 4625 est,
913 4556 1270 4626 Barbarique
1303 4558 1365 4611 in
1397 4558 1571 4614 ﬂuvio
1599 4561 1914 4633 submersi,
1940 4569 1999 4619 et

2114 3480 2319 3554 λίμνης
2376 3478 2612 3551 ἤλασαν,
2643 3477 2894 3542 πολλοὺς
2925 3478 2977 3551 ἒξ
3030 3478 3209 3535 αὐτῶν
3256 3481 3663 3555 ἀποπνίξαντες,
3718 3483 3775 3540 έν

2113 3574 2199 3633 οἷς
2250 3571 2341 3627 καὶ
2399 3572 2454 3625 οἱ
2499 3574 2596 3625 τοῦ
2653 3571 2905 3645 Χαγάνου
2961 3566 3150 3632 παῖδες
3208 3570 3612 3647 ἀπεπνίγησαν,
3678 3575 3774 3629 καὶ

2108 3663 2265 3732 νίκην
2318 3661 2369 3716 οἱ
2426 3661 2692 3733 Ῥωμαῖοι
2750 3666 3019 3736 περιφανῆ
3078 3657 3425 3731 ἀνεδήσαντο.
3471 3662 3533 3719 Ὁ
3563 3659 3621 3717 δὶ
3655 3665 3774 3721 Χα-

2111 3754 2275 3832 γάνος
2335 3751 2502 3809 πάλιν
2586 3752 2936 3826 συναθροίσας
3025 3748 3283 3826 δυνάμεις
3338 3752 3578 3827 πολλὰς,
3634 3756 3778 3813 κατά

2109 3841 2398 3915 Ῥωμαίων
2426 3840 2584 3911 ἦλθε.
2632 3839 2892 3915 Πολέμου
2947 3837 3006 3896 δὲ
3062 3843 3421 3916 κροτηθέντος
3481 3841 3777 3919 τρέπονται

2107 3933 2160 3988 οἳ
2213 3926 2485 4008 Βάρϐαροι
2544 3931 2636 3986 καὶ
2694 3930 2850 4000 νίκην
2910 3933 3189 3985 ποιοῦνται
3249 3931 3522 4005 Ῥωμαῖοι
3581 3937 3773 3987 πασῶν

2106 4021 2530 4097 ἐπισημοτέραν.
2563 4021 2628 4076 ’0
2660 4017 2716 4074 δὲ
2751 4021 2986 4094 Ηρίσκος
3017 4016 3277 4094 τέσσαρας
3331 4018 3591 4096 χιλιάδας
3645 4043 3771 4078 συν-

2104 4113 2264 4185 τάξας
2287 4112 2381 4166 τὸν
2414 4109 2611 4168 Τίσσον
2652 4109 2900 4182 ποταμὸν
2950 4113 3185 4187 περᾶφαι
3251 4109 3527 4165 ἐκέλευσεν
3582 4111 3657 4173 εἷς
3704 4113 3768 4166 τὸ

2103 4207 2516 4269 κασασκοτιῆσαι
2557 4200 2622 4253 τὰ
2675 4202 2784 4254 τῶν
2852 4193 3145 4275 Βαρϐάρων
3218 4200 3553 4273 σκηνώματα
3583 4201 3651 4258 Οἱ
3704 4198 3764 4255 δὲ

2104 4285 2403 4366 Βάρϐαροι,
2441 4286 2609 4361 μηδὲν
2636 4292 2745 4343 τῶν
2771 4288 3078 4362 γεγονότων
3125 4286 3445 4365 ἐγνωκότες,
3479 4289 3758 4365 ἑορτάζον-

2103 4402 2190 4442 τες
2222 4379 2646 4453 έσυμποσίαζον.
2707 4375 2945 4439 Τούτοις
3003 4378 3056 4431 οἱ
3112 4378 3384 4450 Ῥωμαῖοι
3436 4378 3765 4453 ἆπροόπτως

2103 4468 2511 4528 ἐπεισπεσόντες
2548 4465 2801 4541 μέγιστον
2850 4467 3016 4543 φόνον
3079 4466 3416 4542 εἰργάσαντο·
3473 4467 3768 4543 τριάκοντα

2102 4563 2204 4636 γὰρ
2262 4555 2526 4634 χιλιάδας
2583 4553 2845 4626 Γηπέδων
2907 4555 2996 4611 καὶ
3060 4555 3256 4631 ἑτέρων
3319 4554 3613 4632 βαρϐάρων
3672 4558 3771 4612 ἀπ-

341 4659 476 4698 cum
510 4644 601 4697 his
631 4661 848 4715 magna
880 4644 1251 4700 Slavinorum
1283 4646 1626 4703 multitudo.
1654 4650 1774 4704 Vivi
1799 4651 1859 4705 in
1891 4668 1997 4722 po-

2112 4650 2365 4717 έκτειναν,
2398 4648 2490 4702 καὶ
2512 4645 2778 4716 πλείστην
2807 4643 3197 4720 αἰχμαλωσίαν
3231 4641 3491 4710 λαϐόντες
3518 4649 3656 4723 πρὸς
3673 4647 3768 4702 τὸν

338 4737 615 4786 testatom
648 4734 1050 4787 Romanorum
1083 4738 1374 4788 venerunt
1407 4738 1546 4791 3200
1582 4740 1821 4807 Avares,
1864 4742 1998 4796 Bar-

2112 4740 2341 4814 Πρίσκον
2403 4739 2760 4812 ὑπέστρεψαν.
2803 4738 2865 4794 Ὀ
2895 4733 2952 4791 δὲ
2983 4737 3227 4813 Χαγάνος
3282 4736 3449 4792 πάλιν
3510 4735 3770 4836 δυνάμξις

336 4821 644 4876 liari103
679 4824 841 4875 2000.
902 4823 1210 4893 Cliaganus
1262 4840 1395 4879 cum
1446 4825 1670 4898 legatos
1727 4834 2001 4901 repetun-

2112 4828 2365 4905 ἀθροίσας
2426 4827 2511 4882 έπῖ
2572 4828 2665 4882 τὸν
2719 4828 2930 4900 Ἴστρον
2996 4827 3363 4901 παραγίνεται,
3413 4828 3503 4882 καὶ
3557 4823 3771 4901 συμϐα⁹

334 4910 545 4965 dorum
624 4910 991 4981 captivorum
1050 4928 1231 4967 causa
1308 4914 1590 4979 misisset,
1679 4920 1993 4975 Mauricius

2112 4919 2299 4981 λόντες
2330 4918 2578 4989 πόλεμον
2633 4918 2905 4985 ἡττῶνται
2958 4916 3011 4969 οἱ
3058 4911 3331 4992 Βάρϐαροι
3389 4916 3480 4971 καὶ
3539 4916 3616 4979 εἷς
3671 4917 3764 4971 τὸν

334 5000 601 5073 nondum
631 5006 873 5071 accepto
905 5006 1026 5056 tam
1046 5000 1300 5057 illustris
1314 5003 1575 5060 victorias
1591 5009 1801 5065 nuntio
1823 5010 1992 5066 reddi

2112 5009 2350 5081 ποταμὸν
2404 5005 2817 5082 ἀποπνίγονται.
2908 5002 3359 5061 Συναπόλλυνται
3443 5003 3500 5062 δὲ
3552 5006 3769 5069 τούτοις

342 5107 442 5146 eos
465 5090 670 5162 jussit.
2100 5099 2191 5155 καὶ
2227 5091 2549 5162 Σθλαϐίνων
2614 5093 2829 5166 πλήθη.
2891 5099 3096 5158 Ζῶντες
3145 5092 3203 5150 δὲ
3260 5094 3562 5170 ἐκράτησαν
3597 5089 3769 5153 Ἀϐα-

342 5197 439 5251 ρας
470 5181 563 5252 μὶν
595 5180 710 5254 γγό,
743 5174 1062 5253 Βαρϐάρους
1098 5175 1155 5234 δὲ
1298 5181 1360 5237 Ὁ
1404 5178 1462 5236 δὲ
1490 5186 1750 5259 Χαγάνος
1777 5184 2031 5262 πρέσϐεις
2060 5190 2199 5266 πρὸς
2228 5188 2320 5243 τὸν
2355 5183 2583 5262 βασιλέα
2644 5182 2976 5256 ἀπέστειλεν,
3035 5179 3402 5240 ἀναλαϐέσθαι
3470 5184 3599 5247 τοὺς
3659 5190 3767 5253 ζω-

341 5271 644 5344 γρηθέντας
678 5268 1039 5344 βουλόμενος.
1069 5270 1128 5322 '0
1158 5266 1215 5324 δὲ
1247 5270 1553 5356 Μαυρίκιος
1608 5276 1779 5346 μήπω
1841 5280 2027 5350 μαθὼν
2055 5280 2157 5349 τήν
2212 5282 2480 5356 περιφανῆ
2542 5278 2652 5329 τῶν
2684 5273 2974 5347 Ῥωμαίων
3029 5273 3207 5346 νίκην,
3265 5276 3460 5353 γράφει
3518 5279 3600 5347 τῷ
3631 5274 3766 5349 Πρί-

338 5380 452 5432 σκῳ
481 5356 778 5414 ἀποδοῦναι
809 5362 891 5431 τῷ
916 5357 1149 5433 Χαγάνῳ
1188 5357 1315 5421 τοὺς
1358 5355 1668 5436 Βαρϐάρους
1699 5363 1787 5419 καὶ
1821 5367 2044 5438 μόνους.

407 5449 629 5505 Eodem
684 5468 863 5519 anno,
916 5451 1244 5506 monachus
1303 5450 1569 5524 quidam,
1628 5455 1801 5526 cujus
1864 5457 1995 5513 vitm

2176 5458 2272 5529 Τῷ
2309 5452 2461 5527 αἱ)τῷ
2487 5449 2617 5521 ἔτει,
2651 5451 2899 5527 μοναχός
2933 5473 3016 5515 τις
3074 5451 3126 5507 ἐν
3160 5453 3382 5525 ἀσκήσει
3416 5451 3747 5528 διαλάμπων

339 5536 685 5593 exercitatio
717 5538 965 5594 illustris
992 5544 1150 5605 erat,
1179 5539 1453 5595 strictum
1483 5541 1748 5613 gladium
1781 5549 1996 5602 tenens

2112 5546 2318 5615 σπάθην
2357 5547 2436 5619 (8)
2488 5544 2705 5617 γυμνὴν
2750 5546 2988 5617 κρατῶν,
3047 5542 3153 5597 ἀπὸ
3206 5548 3306 5599 τοῦ
3363 5544 3538 5621 φόρου
3598 5546 3772 5626 μέχρι

1567 5669 1934 5728 XYLANDRI
1970 5673 2058 5728 ET
2097 5672 2315 5728 (ἓοΑΒί
2356 5671 2587 5729 ΝΟΤίΕ.

415 5746 490 5816 (8)
527 5747 811 5813 Isidorus,
838 5767 992 5819 xvm,
1025 5754 1057 5806 6
1093 5769 1106 5806 :
1138 5756 1376 5824 framea,
1407 5757 1632 5827 gladius
1661 5776 1731 5816 ea:
1794 5767 2002 5833 utraqu

344 5816 695 5886 rhomphza.
728 5820 901 5875 Gom.

2112 5768 2249 5819 iam
2276 5767 2473 5818 acutus
2526 5777 2695 5833 quam
2720 5761 2886 5831 vulgo
2914 5758 3175 5831 spatham
3230 5766 3453 5830 vocant,
3513 5760 3640 5833 ipsa
3690 5770 3773 5820 est
