4120 6414
331 422 456 485 ’169

1444 418 1997 484 HISTORIARUM
2041 417 2603 481 COMPENDIUM.

3635 427 3755 488 ’ΠΟ

320 562 427 626 τῆς
461 553 681 623 Χαλκῆς
712 555 948 630 ξιφήρης
981 550 1299 630 διαδραμὼν
1334 555 1427 610 τὸν
1460 553 1836 630 αὐτοκράτορα
1861 555 1977 613 τοῖς

2094 565 2130 605 a
2154 549 2282 606 foro
2313 567 2503 622 usque
2524 550 2598 607 ad
2620 557 2867 607 Eneam
2888 557 3123 624 portam
3144 556 3750 624 procurrit,omnibus

327 650 492 702 πᾶσιν
540 645 594 699 ὲν
645 644 797 721 φόνῳ
853 644 1132 720 μαχαίρας
1176 645 1520 717 τεθνήξεσθαι
1551 645 1984 721 προηγόρευσεν.

323 732 574 807 Ὁμοίως
629 733 719 787 καὶ
773 731 1101 808 Ἡρωδιανὸς
1162 733 1450 808 Μαυρικίῳ
1510 732 1585 795 εἷς
1638 734 1701 789 τὸ
1759 735 1985 814 φανερὸν

328 819 763 898 προσανήγγειλε
815 822 885 877 τὰ
938 822 1117 896 τούτῳ
1171 818 1584 896 συμϐησόμενα.
1640 819 1772 878 Τότε
1810 825 1901 879 καὶ
1932 825 1985 879 οἱ

326 912 500 984 δῆμοι
536 909 700 985 ἄνδρα
736 912 1044 987 παρόμοιον
1097 917 1179 986 τῷ
1240 913 1529 987 Μαυρικίῳ
1558 919 1797 989 Μαῦρον,
1830 935 1985 990 περι-

327 997 593 1063 ϐαλόντες
649 1001 811 1076 σάγον
870 1001 961 1056 καὶ
1019 1001 1275 1080 στέφανον
1332 1002 1627 1074 πλέξαντες
1658 1006 1765 1060 ἀπὸ
1796 1006 1987 1081 σκορό-

331 1088 440 1147 δων
472 1092 561 1146 καὶ
591 1094 661 1165 τῇ
693 1091 858 1146 αὐτοῦ
917 1092 1220 1167 περιθέντες
1275 1092 1510 1172 κεφαλῇ,
1565 1093 1674 1168 ὄνῳ
1701 1115 1760 1150 τε
1788 1098 1983 1151 τοῦτον

330 1179 738 1240 ἐπικαθίσαντες
788 1174 1029 1251 ἔπαιζον,
1082 1181 1313 1256 Εὕρηκε,
1369 1180 1640 1259 λέγοντες,
1670 1185 1770 1253 τὴν
1806 1182 1984 1256 δαμά-

330 1268 438 1341 λην
469 1266 712 1339 ἁπαλὴν,
742 1269 834 1323 καὶ
868 1270 943 1330 ὡς
972 1269 1035 1324 τὸ
1083 1269 1270 1324 καινὸν
1315 1267 1637 1347 ἀλεκτὸριον
1667 1270 1982 1344 πεπήδηκεν

332 1358 527 1428 αὐτὴν,
557 1357 647 1413 καὶ
705 1356 930 1429 ἐποίησε
984 1355 1177 1413 παιδία
1233 1359 1307 1422 ὡς
1365 1359 1433 1415 τὰ
1488 1358 1852 1433 ξυλοκώδωνα

325 1449 486 1524 Ἀγιὲ
545 1469 670 1521 μου.
719 1447 863 1524 ἆγιε,
924 1445 1016 1511 δὸς
1074 1448 1222 1524 αὖτῷ
1276 1452 1412 1505 κατὰ
1468 1451 1715 1525 κρανίου,
1769 1454 1864 1508 ἳνα
1905 1455 1982 1527 μή

329 1536 709 1613 ὖπεραίρηται·
743 1537 900 1615 κάγώ
958 1559 1045 1593 σοι
1101 1539 1194 1594 τὸν
1253 1540 1418 1615 μεγαν
1478 1542 1607 1617 βοῦν
1653 1543 1984 1619 προσαγάγω

329 1628 407 1690 είς
438 1625 626 1707 εὐχήν.
678 1632 918 1684 Τοιαῦτα
976 1629 1072 1701 μὲν
1127 1628 1192 1683 τὰ
1248 1629 1395 1703 παρᾶ
1425 1634 1521 1685 τοῦ
1553 1628 1757 1704 δήμου.
1793 1633 1888 1687 Καὶ
1923 1632 1986 1687 οὐ

327 1720 596 1793 περιττῶς
630 1716 1110 1790 ὑπεμνηματίσθη,
1142 1715 1275 1773 ἀλλ’
1311 1718 1386 1772 ’ἶν’
1438 1716 1671 1794 εἲδῶμεν
1722 1720 1797 1782 ὡς
1842 1721 1985 1777 ἐπειο

330 1803 425 1862 δάν
457 1828 541 1870 τις
571 1806 847 1882 παροξύνῃ
901 1806 993 1863 τὸν
1052 1804 1343 1882 δεσπότην,
1386 1813 1504 1872 τοῖς
1535 1809 1707 1865 αὑτοῦ
1736 1810 1984 1886 παίγνιον

326 1898 537 1972 γίνεται
569 1893 913 1958 συνδούλοις·

396 1990 493 2060 Τῷ
524 1988 756 2060 εἰκοστῷ
785 1982 913 2057 ἔτει,
971 1985 1257 2044 Θεοδόσιον
1312 1991 1404 2045 τὸν
1462 1991 1580 2045 υἱὸν
1634 1990 1798 2047 αὐτοῦ
1851 2013 1977 2046 συνο

319 2081 429 2152 ἧψε
482 2077 621 2153 πρὸς
675 2079 856 2152 γάμον
903 2081 971 2151 τῇ
1031 2079 1259 2154 θυγατρὶ
1318 2084 1592 2157 Γερμανοῢ
1642 2084 1739 2136 τοῦ
1781 2100 1976 2156 πατρι-

316 2166 463 2224 κίου.
497 2164 594 2238 Τῷ
625 2166 777 2238 αὖτῷ
834 2159 941 2221 ἔτει
1002 2167 1304 2242 Μαυρίκιος
1366 2168 1420 2224 ἐν
1478 2169 1624 2241 αὐτῷ
1664 2170 1976 2246 γενόμενος,

318 2259 410 2314 καί
441 2257 697 2330 ἐννοήσας
725 2256 810 2313 ὅτι
838 2255 990 2313 οὐδὲν
1022 2257 1114 2313 τὸν
1155 2259 1284 2314 Θεὸν
1333 2257 1601 2331 λανθάνει,
1635 2257 1783 2317 ἀλλὰ
1812 2265 1974 2318 πᾶσιν

324 2344 628 2403 ἂποδίδωσι
659 2348 796 2403 κατὰ
844 2341 978 2422 ἔργα
1026 2348 1226 2418 αὐτῶν,
1279 2349 1369 2404 καὶ
1426 2347 1881 2425 ἐπιλογισάμενος
1912 2353 1974 2408 τὸ

312 2435 539 2515 σφάλμα
570 2436 600 2491 ’ὸ
631 2435 887 2507 ἐποίησεν
935 2435 1011 2499 εἷς
1065 2438 1164 2507 τὴν
1224 2437 1640 2518 αἰχμαλωσίαν,
1673 2442 1749 2514 μὴ
1784 2440 1973 2517 ἐξαγο-

317 2526 481 2601 ράσας
549 2525 744 2594 αὐτὴν,
801 2524 1092 2605 συμφέρειν
1154 2524 1358 2603 ἔκρινεν
1417 2528 1565 2602 αὐτῷ
1621 2529 1673 2585 ἐν
1732 2535 1813 2601 τῷ
1870 2531 1974 2605 βίῳ

315 2615 494 2688 τούτῳ
553 2609 857 2670 ἀπολαϐεῖν
893 2615 996 2683 τὴν
1053 2615 1323 2691 ἁμαρτίαν
1377 2620 1459 2691 [Ρ.
1492 2622 1620 2691 402]
1662 2620 1752 2674 καὶ
1806 2621 1883 2694 μή
1918 2620 1970 2675 ὲν

314 2709 394 2778 τῷ
454 2703 740 2779 μέλλοντι.
803 2705 906 2762 Καὶ
964 2708 1200 2777 ποιήσας
1260 2705 1473 2778 δεήσεις
1529 2709 1830 2790 ἐγγράφους
1869 2709 1970 2767 ἀπ-

318 2794 522 2852 έστειλε
586 2795 723 2872 πρὸς
790 2796 965 2851 πάντα
1039 2798 1389 2873 πατριάρχην
1452 2800 1543 2854 καὶ
1610 2806 1854 2879 μοναχὸν
1892 2800 1969 2864 εἷς

317 2884 494 2941 πάντα
545 2885 613 2940 τὰ
670 2885 1010 2961 μοναστήρια
1064 2886 1154 2941 καὶ
1213 2887 1287 2948 εἰς
1338 2888 1405 2943 τὰ
1461 2888 1837 2964 Ἱεροσόλυμα,
1878 2891 1972 2946 ἳνα

321 2973 652 3043 αἰτήσωνται
709 2973 800 3029 τὸν
856 2975 984 3029 Θεὸν
1045 2974 1270 3031 ἐνταῦθα
1320 2977 1412 3032 καὶ
1468 2980 1544 3051 μή
1613 2980 1726 3034 ἐκεῖ
1777 2984 1968 3036 τοῦτον

318 3060 680 3132 κολασθῆναι.
741 3061 1189 3135 Ἐσκανδαλίζετο
1240 3063 1297 3122 δὲ
1347 3068 1438 3122 καὶ
1496 3067 1572 3131 είς
1627 3066 1969 3126 Φιλιππικὸν

325 3153 420 3207 τὸν
450 3146 699 3227 γαμϐρὸν
728 3151 914 3221 αὐτοῦ,
947 3154 1021 3216 ὡς
1050 3155 1113 3209 τὸ
1171 3161 1232 3232 φῖ
1286 3151 1434 3235 ἔχειν
1467 3157 1542 3221 εἷς
1574 3160 1969 3237 χρηματισμὸν

326 3240 419 3295 τὸν
484 3244 675 3296 τοῦτον
761 3241 1137 3318 ἀναιρήσοντα,
1206 3246 1385 3301 καίτοι
1475 3244 1751 3327 διαφόρως
1820 3250 1970 3323 αὐτῷ

2090 639 2420 710 praedicens
2450 640 2871 711 imperatorem
2907 640 3103 712 gladio
3130 643 3393 697 occisum
3426 644 3522 710 iri,
3555 646 3668 700 Sed
3694 653 3754 702 et

2092 727 2462 783 Herodianus
2505 729 2783 783 Mauricio
2840 731 3060 800 palam,
3112 747 3244 801 quas
3294 732 3408 803 ipsi
3471 739 3755 791 eventura

2089 822 2310 885 essent,
2347 818 2734 874 denuntiavit.
2784 822 2944 874 Tunc
2976 820 3154 874 etiam
3196 821 3451 891 populus
3483 822 3755 878 Maurum

2091 906 2444 977 quemdam,
2464 907 2767 963 hominem
2798 909 3061 963 Mauricii
3096 910 3375 978 similem,
3403 928 3542 984 sago
3575 913 3757 968 indu-

2094 1001 2221 1051 tum
2259 1013 2600 1068 coronaque
2657 1014 2728 1052 ex
2783 998 2917 1053 aliis
2976 1006 3251 1054 conserta
3300 1000 3666 1069 redimitum,
3697 1002 3758 1057 in

2092 1085 2331 1139 asinum
2388 1084 2694 1156 imposuit,
2753 1101 2822 1140 ac
2900 1103 3006 1157 per
3053 1087 3260 1158 jocum
3328 1093 3387 1141 et
3452 1088 3757 1144 lasciviam

2091 1172 2482 1228 acclamavit:
2546 1174 2774 1229 Invenit
2828 1174 3110 1230 buculam
3171 1181 3464 1243 teneram,
3499 1183 3557 1231 et
3606 1179 3761 1233 sicut

2092 1278 2279 1317 novus
2301 1262 2561 1335 gallulus
2587 1263 2802 1318 insiliit
2824 1265 2884 1318 in
2911 1280 3064 1331 eam,
3090 1282 3156 1320 ac
3177 1266 3508 1337 procreavit
3538 1267 3759 1323 liberos

2091 1351 2282 1407 instar
2306 1353 2637 1426 lignearum
2671 1354 2966 1411 nolarum.
3002 1357 3213 1411 Sancte
3249 1356 3350 1423 mi,
3388 1361 3612 1423 sancte,
3645 1355 3754 1411 feri

2091 1442 2223 1513 ejus
2254 1447 2452 1514 caput,
2484 1458 2561 1498 ne
2593 1444 2910 1514 superbius
2951 1446 3267 1499 efferatur:
3333 1451 3456 1499 tum
3510 1463 3615 1517 ego
3649 1446 3754 1500 tibi

2091 1531 2208 1585 voti
2240 1548 2378 1587 reus
2409 1531 2617 1587 bovem
2657 1534 2929 1589 offeram.
2989 1535 3122 1588 Haac
3152 1534 3428 1606 populus.
3462 1536 3601 1599 Qum
3634 1552 3756 1590 non

2092 1620 2280 1675 otiose
2304 1621 2619 1687 retuli,sed
2639 1627 2705 1676 ut
2732 1622 3267 1694 intelligamus,ubi
3286 1624 3420 1693 quis
3445 1623 3756 1679 dominum

2093 1710 2366 1777 irritavit,
2418 1727 2556 1766 eum
2610 1710 2871 1766 ludibrio
2928 1713 3136 1768 haberi
3182 1712 3255 1767 ab
3291 1714 3384 1767 bis
3414 1714 3515 1785 qui
3549 1714 3759 1770 eadem

2092 1816 2228 1856 cum
2260 1800 2386 1872 ipso
2415 1801 2757 1857 conditione
2786 1802 3074 1858 serviunt.

2164 1983 2335 2038 Anno
2365 1985 2454 2051 20,
2485 1983 2800 2039 Mauricius
2833 1983 2955 2038 ﬁlio
2983 1999 3089 2038 suo
3110 1984 3439 2039 Theodosio
3472 1986 3749 2042 Germani

2092 2071 2325 2142 patricii
2387 2072 2573 2127 ﬁliam
2631 2073 2972 2144 despondit.
3028 2073 3368 2145 Eodemque
3401 2090 3558 2129 anno
3592 2075 3653 2131 in
3690 2094 3754 2131 se

2092 2160 2560 2231 descendens,ac
2583 2162 2874 2218 memoria
2895 2169 3173 2234 repetens
3196 2164 3381 2219 Deum
3406 2164 3557 2219 nihil
3601 2165 3753 2221 clam

2091 2267 2242 2319 esse,
2278 2268 2534 2323 eumque
2595 2269 2701 2324 pro
2761 2253 2993 2307 meritis
3047 2253 3260 2324 cuique
3310 2255 3434 2309 suis
3464 2254 3621 2309 bona
3650 2261 3754 2310 aut

2089 2341 2245 2397 mala
2277 2341 2559 2409 tribuere,
2620 2344 2777 2398 704
2834 2347 2961 2398 tum
3020 2359 3224 2398 secum
3261 2344 3524 2416 cogitans
3572 2361 3751 2415 quam

2087 2433 2348 2503 graviter
2376 2432 2481 2487 abs
2513 2449 2575 2488 se
2601 2437 2911 2504 peccatum
2944 2439 3101 2489 esset
3122 2452 3239 2506 quo
3265 2440 3530 2507 tempore
3564 2438 3750 2508 capti-

2087 2537 2186 2575 vos
2216 2522 2511 2577 redimere
2559 2522 2773 2589 noluit,
2823 2527 3107 2594 prtestare
3155 2524 3513 2581 existimavit
3558 2527 3645 2580 uti
3683 2526 3746 2580 in

2087 2610 2198 2666 hoc
2229 2611 2427 2682 potius
2459 2627 2638 2683 quam
2670 2612 2733 2665 in
2766 2611 2965 2666 futuro
2998 2612 3213 2668 saeculo
3243 2630 3448 2685 poenas
3488 2616 3605 2670 Deo
3638 2615 3744 2670 de-

2085 2699 2603 2772 penderet.Itaque
2635 2701 3088 2773 deprecationes
3120 2703 3334 2757 litteris
3364 2704 3743 2776 consignatas

2084 2786 2159 2841 ad
2216 2803 2426 2843 omnes
2482 2788 2852 2859 patriarchas
2905 2794 2963 2844 et
3019 2790 3365 2859 monachos,
3427 2791 3489 2847 in
3548 2794 3741 2848 omnia

2084 2878 2469 2945 monasteria,
2523 2878 2703 2933 etiam
2754 2877 3164 2950 Hierosolyma
3211 2881 3395 2952 misit,
3450 2887 3583 2936 uta
3631 2884 3750 2937 Deo

2084 2971 2356 3037 peterent
2387 2972 2452 3021 ut
2481 2966 2594 3039 ipsi
2627 2983 2749 3022 non
2806 2967 2869 3021 in
2927 2968 3112 3024 altero
3165 2969 3269 3025 sed
3299 2970 3361 3024 in
3392 2970 3503 3025 hoc
3533 2972 3748 3026 sarculo

2080 3072 2287 3128 poenas
2316 3057 2671 3129 imponeret.
2697 3058 2851 3122 Quin
2874 3063 2933 3113 et
2958 3059 3020 3113 in
3042 3060 3444 3132 Philippicum
3476 3062 3743 3135 impegit,

2082 3148 2303 3202 sororis
2334 3163 2455 3202 sum
2488 3148 2792 3217 maritum,
2854 3150 2927 3204 ab
2982 3167 3050 3204 eo
3101 3152 3325 3205 cwdem
3388 3152 3499 3206 sibi
3546 3153 3742 3224 parari

2083 3237 2394 3308 suspicans
2442 3254 2513 3292 ex
2561 3238 2838 3293 vaticinio
2872 3240 3152 3309 quodam,
3186 3241 3343 3310 quod
3375 3242 3744 3312 percussoris

324 3329 668 3418 Φιλιππικοῦ
733 3299 1038 3406 ὀμνυμέινου
1100 3299 1176 3407 μὴ
1457 3299 1749 3408 amatrici;
1799 3299 1967 3418 φῖςέᾏξ

2091 3341 2305 3380 nomen
2334 3342 2370 3381 a
2395 3325 2595 3382 littera
2651 3343 2719 3381 ru
2780 3326 2961 3381 ordiri
2998 3330 3299 3398 monebat,
3334 3348 3469 3385 cum
3502 3331 3745 3401 quidem

317 3417 459 3475 τινά.
519 3420 739 3474 Πάντων
798 3420 888 3475 οὖν
944 3422 1069 3494 περὶ
1126 3423 1322 3478 τούτου
1381 3423 1721 3501 εὐχομένων,
1772 3425 1909 3483 εἶδεν
1944 3429 1972 3483 ὁ

318 3508 623 3583 Μαυρίκιος
651 3506 704 3563 ἐν
750 3513 850 3581 μιᾷ
906 3511 1056 3566 νυκτὶ
1116 3512 1191 3575 ὡς
1250 3513 1326 3576 είς
1385 3516 1484 3584 τήν
1541 3515 1760 3592 χαλκῆν
1788 3516 1972 3589 πύλην

318 3600 414 3651 τοῦ
470 3595 745 3652 παλατίου
802 3599 1091 3674 ἱστάμενον
1145 3602 1332 3659 ἑαυτὸν
1391 3601 1696 3681 ἔμπροσθεν
1754 3614 1853 3677 τῆς
1896 3607 1971 3662 εί-

319 3684 475 3747 κόνος
524 3690 624 3740 τοῦ
679 3693 962 3761 Σωτῆρος,
1017 3689 1107 3745 καὶ
1165 3691 1296 3747 Λαὸν
1356 3692 1530 3749 πολὺν
1565 3694 1656 3749 σὺν
1688 3695 1836 3768 αὖτῷ
1864 3700 1973 3751 τῶν

318 3770 698 3847 αἰχμαλώτων
746 3775 1140 3850 ἐγκαλούντων.
1195 3780 1289 3835 Καὶ
1338 3783 1491 3858 φωνή
1538 3782 1759 3859 γέγονεν
1792 3784 1852 3840 ἐκ
1877 3789 1977 3840 τοῦ

320 3861 476 3935 ᾰγίου
511 3870 862 3939 χαρακτῆρος
922 3864 1180 3943 λέγουσαν
1248 3870 1380 3925 Δότε
1432 3872 1750 3946 Μαυρίκιον.
1791 3873 1894 3929 Καὶ
1924 3874 1975 3929 οἱ

321 3947 477 4020 δῆθεν
549 3951 818 4026 ὑπηρέται
879 3959 1245 4031 κρατήσαντες
1313 3960 1472 4014 αὐτὸν
1539 3969 1880 4036 παρέστησαν
1921 3963 1977 4019 ἐν

317 4045 397 4113 τῷ
425 4048 694 4120 πορφυρῷ
726 4042 987 4119 ὀμφαλίῳ
1027 4051 1139 4121 (l0)
1177 4054 1259 4122 τῷ
1297 4048 1489 4107 ἐκεῖσε,
1532 4051 1635 4107 Καὶ
1677 4073 1810 4129 φησι
1840 4053 1976 4128 πρὸς

318 4129 476 4186 αὐτὸν
575 4133 693 4186 θεία
724 4135 900 4208 φωνή·
948 4138 1061 4190 Ποῦ
1105 4138 1282 4201 οὲλεις
1341 4138 1615 4195 ἀποδώσω
1671 4161 1754 4196 σοι
1782 4160 1795 4210 ;
1827 4141 1977 4211 Ὧδε,

319 4219 355 4289 ἢ
390 4219 442 4275 ἐν
479 4226 560 4294 τῷ
611 4220 875 4295 μέλλοντι
932 4224 1133 4295 αἱῶνις
1193 4228 1255 4282 Ὅ
1311 4226 1368 4283 δὲ
1425 4225 1551 4307 ἔφη·
1612 4229 1981 4307 Φιλάνθρωπε

316 4307 581 4396 Δέσποτα,
645 4306 1008 4387 δικαιοκρίτα,
1068 4312 1177 4371 ὧδε
1231 4306 1472 4389 μᾶλλον,
1531 4318 1623 4375 καὶ
1686 4322 1762 4393 μή
1814 4306 1866 4377 ἓν
1897 4327 1980 4396 τῷ

321 4395 609 4470 μέλλοντι.
671 4400 768 4455 Καὶ
824 4401 1023 4465 εὐθέως
1080 4404 1358 4462 ὲκὲλευσεν
1404 4404 1694 4478 ἐκδοθῆναι
1726 4410 1891 4467 αὐτόν
1920 4395 1981 4466 τε

315 4488 408 4541 καὶ
434 4490 534 4559 τὴν
568 4494 797 4567 γυναῖκα
825 4491 915 4547 καὶ
972 4492 1039 4548 τὰ
1091 4494 1251 4550 τέκνα
1290 4495 1454 4551 αὐτοῦ
1510 4498 1600 4553 καὶ
1661 4504 1831 4555 πᾶσαν
1876 4501 1977 4570 τὴν

318 4576 631 4651 συγγένειαν
692 4584 863 4652 Φωκᾷ
935 4586 1016 4655 τῷ
1084 4584 1413 4661 στρατιώτῃ.
1475 4589 1813 4653 Διυπνισθεὶς
1881 4591 1975 4645 οὗν

2086 3414 2455 3486 Philippicus
2486 3414 2733 3470 insidias
2763 3417 3043 3471 omnibus
3082 3418 3276 3473 modis
3307 3421 3583 3490 ejuraret.
3618 3422 3744 3476 Cm-

2086 3509 2281 3559 terum
2307 3506 2640 3572 Mauricius,
2664 3523 2801 3562 cum
2825 3523 2930 3577 pro
2952 3524 3019 3563 eo
3043 3526 3129 3579 prr
3149 3526 3245 3564 ces
3267 3511 3488 3581 passim
3513 3512 3746 3579 ﬁerent,

2088 3595 2346 3665 quadam
2380 3601 2554 3652 nocte
2600 3598 2660 3652 in
2698 3599 2923 3653 somnis
2956 3599 3313 3671 imaginatus
3345 3608 3435 3656 est
3464 3619 3526 3656 se
3555 3607 3748 3657 astare

2087 3702 2286 3741 coram
2320 3687 2576 3760 imagine
2619 3689 2969 3758 Servatoris,
3022 3690 3081 3744 in
3131 3696 3303 3761 porta
3333 3692 3537 3763 palatii
3570 3708 3745 3764 aii-ea,

2088 3777 2458 3848 multamque
2483 3794 2684 3833 secum
2708 3778 2943 3834 turbam
2965 3782 3331 3851 captivorum
3356 3782 3550 3854 ipsum
3575 3800 3747 3837 accu-

2090 3867 2390 3921 santium:
2435 3873 2559 3922 tum
2618 3883 2816 3923 vocem
2867 3869 2939 3924 de
2990 3886 3158 3925 sacra
3207 3871 3463 3943 imagine
3506 3873 3744 3941 exiisse,

2090 3972 2222 4025 qua)
2254 3955 2598 4009 Mauricium
2652 3956 2778 4010 sisti
2829 3956 3089 4026 juberet.
3132 3960 3219 4013 Ita
3268 3977 3328 4014 se
3372 3977 3407 4014 a
3455 3961 3747 4016 ministris

2092 4049 2453 4115 correptum,
2489 4046 2669 4116 inque
2720 4047 3137 4117 porphyretico
3172 4048 3252 4102 ibi
3284 4049 3567 4104 umbilico
3600 4068 3745 4104 con-

2092 4134 2361 4188 stitutum
2387 4151 2421 4189 a
2442 4134 2643 4189 divina
2669 4151 2807 4189 voce
2832 4136 3260 4208 interrogatum
3293 4138 3747 4203 fuisse,ubinam

2092 4223 2204 4278 sibi
2236 4223 2482 4294 rependi
2509 4222 2705 4278 vellet.
2739 4226 2811 4279 Se
2842 4230 3041 4279 autem
3073 4225 3327 4281 dixisse:
3361 4227 3608 4282 Domine
3641 4229 3749 4283 hu-

2089 4313 2459 4380 manissime,
2485 4312 2671 4385 judex
2707 4312 2890 4383 juste,
2922 4314 3017 4368 hic
3071 4315 3226 4369 malo
3258 4332 3435 4386 quam
3468 4317 3529 4372 in
3560 4316 3749 4373 altera

2090 4403 2230 4460 vita.
2262 4403 2591 4473 Statimque
2615 4402 2959 4459 mandatum
2983 4404 3166 4460 fuisse
3188 4411 3253 4460 ut
3274 4422 3407 4461 cum
3432 4424 3615 4462 uxore
3641 4424 3750 4463 sua

2092 4499 2149 4550 et
2178 4495 2385 4549 liberis
2442 4500 2681 4565 totaque
2734 4494 2961 4551 familia
3006 4482 3229 4552 'l’hocze
3271 4498 3447 4554 militi
3478 4498 3753 4556 dedatur.

2090 4589 2484 4660 Experrectus
2515 4588 2715 4642 statim
2768 4587 3171 4644 accubitorem
3226 4607 3399 4646 suum
3449 4592 3613 4646 misit
3644 4592 3746 4663 qui

314 4665 637 4723 ἀπέστειλεν
716 4668 870 4731 εὐθὺς
932 4672 1026 4726 τὸν
1080 4677 1583 4750 παρακοιμώμενον
1629 4678 1796 4734 αὐτοῦ
1857 4679 1977 4754 ἀγα·

2095 4677 2496 4748 Philippicum
2547 4676 2887 4732 adduceret.
2938 4679 3046 4743 Qui
3094 4679 3408 4751 desperata
3437 4681 3511 4735 ob
3544 4681 3601 4736 id
3633 4682 3755 4737 vita

316 4759 430 4831 γεῖν
481 4756 849 4813 Φιλιππικόψ
911 4761 971 4823 ὅς
1030 4761 1167 4836 αὐτῇ
1358 4762 1476 4841 ὥρᾳ
1517 4765 1648 4821 ἰδὼν
1679 4769 1770 4823 τὸν
1803 4789 1979 4842 παρα·

314 4847 666 4921 κοιμώμενον
699 4851 786 4906 καὶ
842 4854 943 4915 τῆς
997 4853 1189 4907 ἑαυτοῦ
1249 4859 1397 4925 ζωῆς
1435 4856 1704 4932 ἀπογνοὺς
1732 4856 1977 4932 ᾐτήσατο

313 4944 649 5008 κοινωνῆσαι
679 4940 818 5012 (Η),
850 4942 937 4996 καὶ
994 4941 1167 5004 οὕτως
1216 4942 1384 5017 ἀπῄει
1426 4945 1564 5017 πρὸς
1595 4946 1686 5001 τὸν
1721 4945 1975 5021 βασιλέα,

2091 4768 2256 4840 prius
2276 4768 2763 4823 communionem
2788 4785 3018 4823 sacram
3044 4771 3308 4841 expetiit,
3329 4788 3515 4842 eaque
3546 4788 3755 4845 perce-

2087 4862 2189 4930 pta
2211 4857 2285 4912 ad
2316 4857 2740 4927 imperatorem
2772 4857 2938 4921 abiit,
2969 4876 3213 4914 uxorem
3244 4861 3751 4932 relinquens,qum

2090 4947 2239 5003 705
2274 4962 2512 5001 saccum
2545 4945 2753 5001 induta
2780 4953 2837 5001 et
2866 4948 3068 5002 cinere
3107 4966 3432 5020 conspersa
3463 4949 3751 5020 ejulabat.

1533 5065 1894 5121 XYI.ANDRI
1932 5067 2020 5121 ET
2058 5065 2273 5121 GOARI
2314 5063 2532 5117 NOTAE.

355 5172 461 5254 ,(9)
491 5174 674 5254 Fatue
702 5177 945 5254 omnino
978 5185 1036 5234 et
1077 5179 1353 5252 imperite
1395 5181 1638 5237 lusisset
1668 5182 1728 5237 in
1759 5182 1977 5238 Mauri-

316 5247 474 5299 cium
498 5247 846 5325 populus,si
875 5247 1384 5325 utcunque,juxta
1407 5254 1691 5325 Xylandri
1710 5270 1974 5323 sensum,

314 5331 436 5399 eum
466 5317 723 5399 notarum
746 5321 1057 5399 ligacm'un}
1080 5317 1261 5380 ἷηδιιὶν
1282 5325 1436 5399 ﬁlios
1459 5317 1801 5399 suscepisse
1828 5317 1976 5382 eﬁ‘u;

317 5388 563 5468 tivisset.
589 5388 1004 5468 E'J‘Xoxmamvov
1025 5395 1346 5467 itaque,cuj
1358 5415 1426 5452 us
1443 5397 1566 5453 vice
1589 5388 1977 5468 Theophanes

314 5456 752 5541 ξυλοκοῦκουδον
812 5466 1040 5541 scribit,
1102 5456 1243 5541 eum
1297 5456 1383 5541 nuil
1441 5467 1607 5541 aliud
1657 5456 1980 5541 sit‘praater

318 5530 563 5610 ligneum
593 5534 997 5605 crepitaculum
1025 5530 1126 5592 ivel
1159 5539 1414 5607 globulus
1443 5540 1657 5610 ligneus
1686 5530 1979 5597 concavus

318 5608 376 5655 et
399 5605 799 5682 undequaque
824 5605 1247 5680 perforatus,in
1282 5629 1398 5682 quo
1430 5605 1626 5668 nuclei
1656 5611 1742 5665 vel
1770 5613 1980 5668 tintin-

316 5673 539 5755 nabula
572 5673 982 5755 includuntur,
1005 5686 1072 5755 ut
1097 5673 1472 5755 perstrepero
1496 5685 1627 5755 ejus
1648 5684 1855 5755 sonitu
1885 5701 1978 5755 re-

317 5751 601 5804 creentur
613 5751 874 5821 pueri,et
888 5751 1147 5826 populiis
1161 5752 1237 5811 ad
1254 5751 1627 5814 ludicrarum
1640 5754 1980 5814 istiusmodi

2088 5182 2279 5237 instar
2305 5179 2567 5234 Mauricii
2593 5179 2746 5235 ﬁlios
2769 5198 2831 5235 se
2858 5187 3057 5235 tenere
3076 5181 3421 5252 proclamet.
3442 5182 3749 5237 Summum

2087 5255 2148 5309 in
2164 5270 2263 5308 eos
2279 5252 2978 5323 patremqueltlauricium
2994 5252 3753 5323 manifestatcontemptum

2089 5340 2415 5394 eorumque
2435 5328 2683 5397 mortem
2707 5325 3195 5395 ludum,gemilus
3214 5324 3518 5397 ludicrum
3542 5326 3752 5397 strepi-

2090 5404 2216 5455 tum
2273 5393 2401 5451 sese
2460 5394 2803 5468 habiturum
2864 5393 3147 5468 minatur.
3202 5393 3518 5468 ᾹΚοῦκουδον
3572 5393 3749 5468 porro

2085 5470 2312 5525 nucleus
2341 5472 2433 5540 est
2462 5473 2521 5522 et
2548 5467 2838 5540 g_lpb_ul_us,_
2856 5462 3289 5540 ξυλοκο-ὒκουδον
3334 5462 3750 5540 lignum-stre-

2088 5540 2248 5613 peris
2271 5537 2615 5610 hujusmodi
2640 5537 3166 5613 globulis‘plenum
3213 5537 3427 5596 Annon
3452 5541 3752 5611 Xylander

2088 5607 2175 5667 vir
2203 5607 2434 5681 ligneus
2458 5615 2515 5662 et
2542 5625 2861 5681 puerorum
2894 5607 3281 5678 ξυλοκιυέί-ημλν
3302 5613 3329 5667 Ῡ
3359 5607 3533 5667 nam.

2190 5680 2272 5753 10)
2304 5682 2482 5753 Signo
2514 5680 2864 5753 rotundoin
2894 5698 3048 5737 area)
3080 5682 3277 5753 medio
3314 5685 3451 5740 fixo.
3486 5686 3663 5742 Gesn.

2190 5686 2254 5737 lO
2304 5686 2482 5753 Signo
2514 5686 2769 5735 rotundo
2804 5686 2864 5735 in
2894 5698 3048 5737 area)
3080 5686 3277 5737 medio
3314 5686 3451 5740 fixo.
3486 5686 3663 5742 Gosn.

2158 5686 2272 5827 itii
2329 5753 2457 5810 Non
2521 5751 2917 5811 dissimulabo
2969 5769 3066 5812 me
3123 5752 3223 5811 hic
3280 5761 3555 5815 secutum
3618 5771 3751 5814 esse
