4120 6418
360 344 480 405 ’175

1715 327 2039 393 GEORGII
2083 328 2431 392 CEDRENI

3673 330 3803 409 ne

366 481 706 535 accuratam
735 475 997 533 militum
1045 472 1453 530 recensionem
1512 471 1732 542 ageret,
1763 466 1837 523 de
1883 464 2006 520 uni-

2134 465 2235 528 τῆς
2301 463 2614 538 εὑρεθείσης
2669 467 2750 538 τῷ
2812 464 3101 541 Μαυρικίῳ
3184 463 3272 521 ἐπὶ
3317 470 3419 534 τῆς
3468 461 3795 539 τυραννίδος

362 586 532 625 versa
563 568 825 624 militum
858 563 1241 622 multitudine
1275 579 1423 633 quos
1480 577 1515 616 a
1557 557 1835 614 Mauricio
1876 573 2022 611 con-

364 658 617 728 scriptos
648 657 874 712 Phocas
910 658 1237 724 acceperat,
1280 655 1508 705 tantum
1561 646 1677 702 duo
1711 645 2022 717 superfue-

365 748 507 802 rint.

431 839 657 892 Phocus
698 835 1015 906 imperium
1049 831 1277 903 accepit
1313 846 1469 885 anno
1530 827 1735 883 mundi
1785 828 1947 892 60935,
1983 841 2019 880 a

359 926 592 980 Christo
628 932 764 979 nato
796 928 987 989 595i,et
1015 922 1323 992 tenuitper
1353 916 1921 975 octennium.factus
1943 914 2015 968 de

361 1014 707 1070 centurione
738 1012 1321 1084 imperator.Statura
1349 1009 1462 1063 fuit
1491 1006 1799 1073 mediocri,
1826 1004 2015 1059 defor-

361 1104 495 1168 mis,
529 1102 810 1158 terribilis
841 1107 1106 1173 aspectu,
1140 1100 1388 1155 rubente
1410 1097 1647 1169 capillo,
1681 1092 2016 1166 superciliis

359 1194 734 1257 coeuntibus,
753 1197 954 1246 mento
977 1208 1135 1257 raso,
1169 1188 1443 1244 cicatrice
1476 1188 1537 1242 in
1569 1186 1728 1241 mala
1752 1188 2014 1251 notatus,

357 1299 485 1355 quae
516 1284 645 1355 ipso
678 1282 971 1336 irascente
1002 1279 1464 1351 denigrabatur;
1509 1278 1769 1338 vinosus.
1800 1274 2016 1330 mulie-

355 1390 546 1439 rosus,
572 1370 1011 1443 sanguinarius,
1040 1367 1285 1438 rigidus,
1338 1367 1399 1421 in
1454 1365 1705 1421 dicendo
1738 1363 1922 1433 ferox,
1980 1379 2016 1418 δ,

354 1462 740 1518 miseratione
797 1460 1052 1525 alienus,
1113 1458 1379 1513 moribus
1433 1455 1597 1521 feris,
1676 1453 2010 1509 htereticus.

356 1555 512 1609 Uxor
543 1551 674 1623 ejus
706 1552 927 1605 Leonto
996 1549 1203 1604 iisdem
1259 1547 1370 1602 fuit
1416 1546 1682 1602 moribus
1741 1543 2011 1615 praedita.

352 1642 519 1696 Illius
538 1646 709 1696 aetate
736 1639 934 1695 omnis
959 1639 1194 1709 generis
1216 1637 1449 1692 malain
1474 1637 1800 1690 humanum
1824 1649 2013 1705 genus

356 1730 528 1802 quasi
561 1730 1111 1785 exundarunt.Nam
1127 1733 1186 1781 et
1217 1726 1531 1781 hominum
1564 1724 2012 1794 bestiarumque

352 1824 589 1875 mortua
620 1823 708 1872 est
741 1817 889 1872 709
950 1817 1244 1870 immensa
1300 1812 1667 1880 multitudo;
1735 1817 1796 1867 et
1854 1817 2012 1865 terra

352 1908 549 1979 fruges
571 1912 823 1979 negante
856 1906 1200 1971 fames,tum
1233 1903 1597 1976 gravissima)
1629 1900 2009 1973 pestesobor-

352 2001 426 2051 ιω
458 2001 626 2062 sunt,
660 1996 1009 2065 hiemesque
1041 1994 1284 2049 fuerunt
1304 1992 1452 2048 adeo
1476 2009 1642 2047 smvaa
1660 1996 1727 2046 ut
1743 1990 2014 2063 congela.

349 2085 498 2140 verit
535 2101 699 2141 mare
728 2101 794 2139 ac
827 2085 1021 2155 pisces
1052 2083 1509 2154 perierint.Cum
1543 2080 2011 2136 Phocascircen-

348 2190 444 2229 ses
501 2173 674 2228 ludos
727 2172 1033 2239 edidisset,
1096 2189 1165 2227 ac
1213 2171 1321 2225 sub
1381 2186 1690 2243 vesperam
1754 2170 1888 2223 vino
1950 2184 2012 2223 se

358 2261 798 2332 ingurgitasset,
832 2264 890 2314 et
923 2260 1148 2314 tardius
1179 2258 1702 2319 rediret.clamavit
1735 2257 2012 2329 populus:

359 2349 1118 2419 Exorire,Pboca.Cumque
1141 2365 1262 2403 non
1288 2347 1487 2402 statim
1510 2347 1586 2402 ad
1608 2346 2013 2418 spectaculum

358 2440 727 2511 procederet,
759 2439 1064 2493 vociferati
1091 2444 1268 2493 sunt:
1302 2443 1528 2493 Rursus
1559 2437 1759 2492 vinum
1786 2437 2011 2506 bibisti,

356 2546 567 2584 rursus
599 2534 857 2583 mentem
890 2528 1188 2583 amisisti?
1219 2527 1302 2583 Ob
1316 2527 1475 2598 quod
1506 2526 1836 2582 convicium
1862 2527 2015 2581 insa-

354 2618 455 2672 nia
484 2623 792 2689 correptus
826 2617 1031 2672 multis
1061 2616 1333 2672 membra
1363 2615 1880 2688 praacidit,multos
1904 2632 2010 2670 ne-

351 2708 521 2763 cavit.
539 2707 762 2778 Populo
776 2707 1188 2778 autemignem
1220 2707 1282 2760 in
1312 2706 1654 2776 prmtoriuui
1681 2705 2007 2777 injiciente,

349 2797 738 2869 profugerunt
767 2815 975 2852 omnes
1008 2796 1380 2852 vincti.ldem
1412 2798 1639 2851 Phocas
1670 2813 2013 2853 ormamen-

352 2886 566 2941 tarium
600 2886 891 2940 exstruxit
948 2888 1279 2958 Magnaurze
1338 2885 1764 2957 propinquum,
1815 2891 2011 2942 statua

360 2991 542 3045 supra
572 2974 633 3029 id
662 2974 966 3030 collocata.

421 3154 599 3209 Fama
620 3153 850 3208 obtinet
906 3153 1300 3209 Theodosium
1363 3154 1626 3209 Mauricii
1688 3154 1877 3209 filium
1928 3154 2001 3209 ad

346 3243 647 3297 Chosroen
677 3242 957 3314 legatum,
990 3243 1189 3297 missis
1219 3243 1461 3298 aPhoca
1491 3242 1779 3297 ministris
1794 3244 2001 3298 Nicmaa

345 3336 582 3403 captum
591 3332 952 3404 jussumque
976 3333 1340 3399 necari,cum
1360 3332 1434 3387 ad
1457 3332 1652 3387 locum
1676 3332 1767 3387 cui
1783 3349 2001 3388 nomen

346 3427 438 3476 est
468 3423 765 3478 Leucacta)
796 3421 1183 3493 pervenisset.
1214 3420 1609 3476 Theodosium
1651 3439 1825 3493 porro
1856 3424 2005 3494 peti-

346 3511 501 3566 visse
529 3516 594 3565 ut
650 3511 997 3581 priusquam
1056 3516 1389 3575 necaretur,
1435 3511 1649 3565 divinis
1711 3511 2000 3583 impertiri

343 3604 548 3671 posset
566 3598 1058 3671 mysteriis.Quod
1086 3604 1402 3669 postquam
1425 3598 2003 3670 impetraverit,actis

350 3688 470 3740 Deo
496 3685 700 3757 gratiis
731 3685 991 3756 lapidem
1047 3701 1081 3739 a
1140 3691 1298 3740 terra
1326 3687 1659 3756 sustulisse,
1694 3705 1881 3759 eoque
1917 3693 2004 3743 ter

348 3780 559 3845 pectus
592 3789 764 3828 suum
783 3774 1262 3845 percussisse,ita
1283 3781 1583 3831 orantem:
1606 3778 2001 3833 DomineJesu

345 3866 670 3935 Christe,tu
694 3868 808 3922 scis
825 3884 916 3921 me
938 3866 1091 3921 nulli
1116 3867 1430 3921 hominum
1455 3867 1734 3939 injuriam
1764 3869 1997 3925 fecisse.

347 3957 515 4011 Nunc
537 3972 674 4028 ergo
703 3956 847 4010 mihi
880 3956 1114 4012 eveniat
1134 3962 1199 4010 ut
1230 3961 1328 4011 tua
1350 3957 1525 4029 jubet
1556 3960 1839 4029 potentia.
1866 3961 2001 4015 llaac

348 4046 471 4101 fato
503 4050 683 4117 caput
707 4044 890 4099 fuisse
925 4046 1432 4116 alnputatum.Alii
1462 4064 1597 4102 eum
1630 4054 1840 4119 apatre
1864 4067 1997 4104 cum

344 4134 560 4190 litteris
607 4135 682 4190 ad
710 4136 1011 4190 Ghosroen
1038 4136 1351 4191 Persarum
1385 4153 1580 4208 regem
1616 4138 1860 4193 missum
1904 4138 1992 4194 in-

345 4224 650 4280 tercidisse
683 4225 871 4281 aiunt.

415 4496 450 4549 7
469 4496 568 4548 ιο
595 4497 776 4548 Porro
805 4493 1193 4549 Alexandreae
1227 4493 1623 4567 calligraphus
1640 4496 2001 4567 quidam,vir

2139 556 2308 606 Φευκᾶ
2367 551 2474 629 οὐχ
2532 553 2651 630 εὗρε
2707 552 3010 628 περαιτέρω
3077 550 3173 608 δύο
3221 549 3453 628 ἀνδρῶν’
3508 549 3683 616 οὕτως
3741 552 3797 609 οἱ

2131 641 2225 695 τὸν
2304 643 2562 714 τύραννον
2644 643 3088 718 προστησάμενοι
3168 641 3257 698 ἐπὶ
3329 641 3494 698 αὐτοῦ
3559 640 3791 712 ἀνηλώ-

2130 732 2323 800 θησαν.

2202 816 2426 893 Κόσμου
2479 819 2629 891 ἔτος,
2688 820 2828 899 Ιντί-..ελ
2888 828 2989 890 τῆς
3047 824 3195 887 θειας
3269 820 3594 896 σαρκώσεως
3650 820 3786 898 nae"

2128 914 2326 971 Φωκᾶς
2403 911 2431 964 ὁ
2513 909 2773 985 τύραννος
2854 906 3198 965 ἐϐασίλευσεν
3286 904 3378 979 ἔτη
3467 912 3548 981 η’.
3616 907 3792 972 Οὗτος

2123 997 2422 1073 κεντηρῖων
2461 999 2585 1067 ἤτοι
2643 998 2969 1078 κένταρχος,
3028 1001 3127 1069 τήν
3186 1002 3283 1055 τοῦ
3338 1000 3594 1073 σώματος
3657 999 3792 1053 ἀνα-

2125 1082 2339 1161 δρομὴν
2401 1087 2585 1160 μέσος,
2640 1085 2978 1165 δύσμορφος,
3036 1086 3411 1159 ἐκπληκτικήν
3479 1086 3624 1163 ἔχων
3684 1088 3786 1156 τήν

2123 1175 2267 1250 ὃψιν,
2298 1178 2399 1247 τήν
2428 1177 2598 1253 τρίχα
2622 1177 3008 1253 πυῤῥίζουσαν,
3070 1176 3337 1256 σύνοφρός
3364 1198 3422 1232 τε
3478 1178 3568 1233 καὶ
3598 1178 3662 1232 τὸ
3694 1176 3792 1252 γέ-

2123 1286 2264 1320 νειον
2295 1267 2636 1341 κειρόμενος,
2671 1262 2816 1342 ἔχων
2841 1265 3014 1338 οὐλὴν
3045 1265 3135 1323 ἐπὶ
3189 1273 3292 1337 τῆς
3328 1271 3556 1341 παρειᾶς
3598 1266 3786 1338 αὐτοῦ,

2121 1356 2239 1426 ἣτις
2272 1354 2324 1409 έν
2351 1359 2429 1427 τῷ
2487 1357 2791 1430 θυμοῦσθαι
2850 1356 3012 1412 αὐτὸν
3064 1354 3408 1430 ἐμελαίνετο,
3468 1349 3785 1432 οἰνοϐαρής,

2122 1444 2442 1520 αίμοχαρὴς
2494 1446 2586 1500 καὶ
2642 1446 2781 1520 πρὸς
2846 1450 3102 1522 γυναῖκας
3141 1443 3507 1518 ἐπτοημένος,
3559 1445 3785 1521 βριαρὸς

2122 1533 2213 1589 καὶ
2287 1532 2483 1608 θρασὺς
2571 1533 2623 1589 ἐν
2710 1539 2793 1607 τῷ
2876 1534 3229 1611 φθέγγεσθαι,
3307 1533 3635 1610 ἀσυμπαθὴς
3692 1533 3785 1590 καὶ

2124 1619 2405 1697 θηριώδης
2466 1629 2558 1678 τὸν
2617 1624 2820 1698 τρόπον
2877 1624 2967 1678 καὶ
3026 1624 3316 1698 αἱρετικός.
3376 1623 3594 1681 Τούτου
3648 1625 3784 1699 γυνή

2125 1715 2341 1769 Λεοντὼ
2380 1712 2699 1789 ὁμότροπος
2768 1713 2940 1787 αὐτῷ.
3002 1716 3089 1771 Ἑν
3147 1720 3267 1778 ταῖς
3326 1714 3561 1791 ἡμέραις
3617 1714 3785 1770 αὐτοῦ

2122 1803 2299 1857 πάντα
2328 1801 2672 1877 έπερίσσευσε
2720 1808 2839 1866 τοῖς
2902 1804 3210 1879 ἀνθρώποις
3262 1804 3330 1860 τὰ
3373 1805 3535 1872 κακά,
3594 1810 3786 1873 θνῆσις

2121 1891 2424 1967 ἀνθρώπων
2498 1892 2591 1947 καὶ
2674 1896 2890 1960 κτηνῶν
2958 1890 3147 1962 πολλή
3216 1893 3309 1949 καὶ
3385 1893 3781 1968 ἀναρίθμητος,

2120 1980 2340 2059 ἀφορίαι
2370 1987 2470 2051 τῆς
2492 1988 2620 2057 γῆς,
2652 1982 2742 2037 καὶ
2774 1980 2935 2055 λιμοὶ
2968 1982 3058 2037 καὶ
3112 1981 3310 2056 λοιμοὶ
3361 1980 3784 2059 χαλεπώτατοι,

2119 2072 2208 2126 καὶ
2244 2074 2515 2146 χειμῶνες
2554 2068 2881 2141 τηλικοῦτοι
2940 2072 3016 2133 ὡς
3068 2078 3301 2147 παγῆναι
3350 2074 3453 2142 τήν
3507 2071 3779 2137 θάλασσαν

2120 2159 2210 2215 καὶ
2261 2159 2501 2215 τεθνάναι
2557 2159 2685 2222 τοὺς
2774 2159 2991 2236 ἰχθύας.
3068 2162 3406 2231 Ποιήσαντος
3472 2158 3531 2216 δὲ
3615 2161 3783 2216 αὐτοῦ

2121 2250 2365 2316 ἱππικὸν,
2397 2249 2489 2304 καὶ
2520 2252 2587 2323 τῇ
2619 2249 2818 2323 ἑσπέρᾳ
2847 2247 3047 2323 πολλῷ
3095 2254 3173 2322 τῷ
3231 2249 3362 2324 οἲνῳ
3420 2251 3781 2329 χρησαμένου

2119 2337 2210 2394 καὶ
2262 2335 2656 2412 βραδεόσαντος
2712 2337 2984 2407 ἀνελθεῖν,
3033 2334 3248 2409 ἔκραξεν
3299 2340 3328 2395 ὁ
3387 2337 3589 2412 δῆμος.
3625 2340 3781 2396 Ἀνάι

2118 2426 2297 2484 τειλον
2321 2429 2458 2502 (18),
2491 2431 2681 2485 Φωκᾶ.
2714 2429 2808 2498 Μὴ
2867 2427 3231 2504 έξερχομένου
3300 2426 3358 2484 δὲ
3387 2427 3552 2485 αὐτοῦ
3580 2429 3781 2509 τάχιον

2116 2520 2255 2594 πρὸς
2280 2519 2380 2588 τὴν
2414 2517 2559 2587 θέαν,
2590 2517 2691 2597 ἔφη
2725 2520 2753 2574 ὁ
2794 2516 2991 2594 δῆμος·
3031 2519 3200 2576 Πάλιν
3237 2518 3331 2576 τόν
3391 2521 3537 2577 οἶνον
3605 2514 3778 2593 ἔπιες,

2117 2606 2284 2664 πάλιν
2325 2608 2417 2663 τὸν
2444 2613 2569 2664 νοῦν
2596 2606 2885 2671 ἀπώλεσας
2951 2628 2965 2677 ;
3027 2610 3144 2686 Ἐφ’
3184 2611 3274 2672 οἷς
3308 2609 3498 2683 μανεὶς
3528 2609 3782 2674 πολλοὺς

2115 2699 2502 2772 ἠκρωτηρίασε
2556 2699 2645 2754 καὶ
2702 2697 2952 2760 πολλοὺς
3004 2702 3094 2772 [Ρ.
3154 2702 3285 2773 405]
3336 2699 3605 2777 ἐφόνευσε.
3662 2697 3779 2758 Τοῦ

2118 2784 2297 2863 ὄχλου
2329 2784 2388 2844 δὲ
2435 2792 2542 2863 πῦρ
2601 2786 2676 2851 είς
2734 2788 2796 2842 τὸ
2854 2789 3188 2864 πραιτώριον
3247 2787 3537 2864 βαλόντος,
3577 2785 3776 2867 ἔφυγον

2116 2877 2313 2939 πάντες
2342 2877 2395 2931 οἱ
2423 2874 2658 2950 δέσμιοι.
2717 2877 2779 2934 Ὀ
2837 2873 2895 2931 δὲ
2948 2876 3114 2940 αὐτὸς
3164 2882 3366 2940 Φωκᾶς
3396 2877 3566 2947 κτίζει
3597 2878 3775 2953 ἀρμας

2118 2968 2312 3040 μέντον
2342 2966 2406 3023 τὸ
2436 2965 2675 3037 πλησίον
2706 2972 2808 3037 τῆς
2829 2966 3172 3044 Μαγναύρας,
3200 2969 3403 3039 στήσας
3430 2968 3534 3038 τὴν
3559 2967 3772 3038 στήλην

2114 3055 2295 3111 ἐπάνω
2326 3055 2510 3112 αὐτοῦ.

2187 3142 2479 3203 Θεοδόσιον
2512 3142 2570 3200 δὶ
2615 3145 2709 3200 τὸν
2766 3151 2865 3201 τοῦ
2921 3145 3225 3221 Μαυρικίου
3278 3147 3418 3217 υἱὸν,
3477 3147 3553 3211 ὡς
3606 3145 3766 3223 λόγος

2113 3242 2321 3309 κρατεῖ,
2406 3236 2542 3310 πρὸς
2597 3237 2847 3311 Χοσρόην
2906 3236 3307 3307 ἀποσταλέντα,
3366 3237 3691 3301 ἀποστείλας
3740 3238 3771 3293 ὁ

2112 3331 2309 3387 Φωκᾶς
2352 3319 2649 3380 κατέλαϐεν
2710 3324 2764 3379 έν
2823 3325 3040 3397 Νικαίᾳ,
3098 3328 3183 3382 καὶ
3246 3325 3299 3382 έν
3355 3348 3436 3399 τῳ
3494 3326 3773 3401 Λευκάκτῃ

2111 3411 2338 3469 ἐλθόντα
2396 3412 2672 3469 ἐκέλευσεν
2730 3413 3095 3491 ἀναιρεθῆναι·
3156 3417 3217 3479 ’ὀς
3286 3417 3377 3471 καὶ
3435 3414 3773 3492 παρεκάλεσε

2110 3505 2374 3581 πρότερον
2462 3499 2789 3577 μεταλαϐεῖν
2861 3510 2971 3561 τῶν
3028 3505 3185 3570 θείων
3257 3506 3572 3581 μυστηρίων
3630 3509 3770 3581 (l9),

2112 3595 2211 3648 εἶθ’
2269 3594 2447 3654 οὕτως
2502 3592 2877 3668 ἀναιρεθῆναι,
2919 3595 3009 3657 Ὠς
3066 3591 3123 3651 δὲ
3178 3592 3491 3669 μετέλαϐεν,
3544 3596 3772 3672 εὐχαριο

2110 3685 2308 3753 στήσας
2338 3687 2417 3754 τῷ
2446 3687 2563 3754 Θεῷ
2595 3676 2764 3738 ἔλαϐε
2796 3680 2955 3738 λίθον
2988 3683 3095 3739 ἀπὸ
3123 3691 3224 3755 τῆς
3282 3693 3410 3761 γῆς,
3470 3685 3559 3741 καὶ
3598 3686 3774 3760 τύψας

2107 3774 2291 3847 τρίτον
2335 3770 2411 3834 εἲς
2472 3771 2533 3827 τὸ
2595 3773 2797 3841 στῆθος
2854 3772 3020 3829 αὐτοῦ
3066 3770 3265 3845 ηὔξατο
3324 3774 3519 3850 λέγων·
3582 3776 3769 3850 Κύριε.

2108 3863 2289 3933 Ἰησοῦ
2318 3861 2541 3935 Χριστὶ,
2573 3861 2637 3915 σὺ
2671 3859 2959 3917 ἐπίστασαι
2992 3860 3077 3917 ὅτι
3138 3862 3238 3919 οὐκ
3292 3861 3531 3935 ἠδίκησα
3562 3862 3767 3941 ἅνθρω-

2107 3972 2208 4005 πον
2242 3949 2330 4005 ἐπὶ
2360 3956 2462 4019 τῆς
2514 3953 2642 4024 γῆς.
2708 3953 2814 4005 Νῦν
2875 3951 2953 4012 ὡς
3010 3949 3222 4008 κελεύει
3277 3953 3341 4008 τὸ
3396 3952 3593 4029 κρότος
3646 3974 3766 4023 σου,

2105 4040 2341 4115 γενέσθω
2371 4038 2452 4094 ἐπ’
2507 4038 2655 4113 ἒμοί.
2722 4039 2827 4095 Καὶ
2883 4044 3054 4095 ταῦτα
3110 4039 3279 4096 είπὼν
3326 4041 3639 4117 ἀπετμήθη.
3697 4044 3768 4099 Οἱ

2107 4130 2166 4187 δέ
2242 4151 2399 4206 φασιν
2478 4130 2563 4185 ὅτι
2614 4129 2772 4191 οὗτος
2824 4131 2853 4184 ὁ
2913 4128 3204 4197 Θεοδόσιος
3241 4132 3566 4195 ἀποσταλεὶς
3620 4133 3771 4209 παρά

2104 4226 2201 4276 τοῦ
2258 4220 2465 4294 πατρὸς
2550 4217 2721 4273 αὐτοῦ
2780 4218 3093 4294 Μαυρικίου
3159 4221 3295 4297 πρὸς
3359 4223 3615 4297 Χοσρόην
3672 4223 3767 4278 τὸν

2110 4309 2339 4387 βασιλέα
2422 4312 2642 4384 Περσῶν
2757 4311 2892 4383 μετὰ
2977 4312 3320 4387 γραμμάτων
3378 4313 3585 4391 ἀφανὴς
3676 4310 3766 4388 γέ.

2104 4424 2255 4478 γονεν
2263 4447 2278 4461 ο

2179 4493 2268 4548 Ἐν
2324 4485 2707 4562 ’Δλεξανδρείᾳ
2783 4477 3162 4571 καλλιῆράφος
3222 4493 3336 4566 (20)
3395 4486 3655 4563 εὐλαϐὴς,
3710 4491 3771 4547 έκ

340 4583 497 4654 pius,
530 4598 665 4636 cum
697 4581 770 4637 ab
828 4582 1091 4637 excubiis
1121 4583 1432 4639 nocturnis
1461 4583 1704 4639 domum
1752 4586 1995 4653 rediret,

2119 4577 2442 4657 παννυχίδος
2484 4580 2597 4653 (21)
2655 4575 2841 4635 οἴκαδε
2884 4580 3259 4656 πορευόμενος
3319 4580 3625 4656 μεσσούσῃς
3676 4603 3769 4637 νυ-

1523 4681 1891 4737 XYLANDRI
1930 4686 2016 4739 ET
2056 4682 2275 4741 GOARI
2315 4681 2538 4736 ΝΟΤιΕ.

420 4767 533 4839 (18)
567 4768 947 4842 Progredere.
973 4771 1064 4824 Sic
1094 4770 1249 4842 apud
1282 4771 1467 4825 Cicer.
1510 4786 1525 4822 1
1557 4772 1631 4824 De
1661 4773 1784 4826 Nat.
1821 4774 1953 4827 deor
1985 4791 1998 4829 :

352 4840 484 4892 Cum
516 4838 705 4893 subito
726 4857 759 4892 (ι
787 4841 922 4895 Ιαδιά
953 4838 1174 4897 Βοεοὶιὶε
1205 4845 1476 4896 exoritur.
1504 4842 1642 4895 Χγι..

420 4909 534 4984 (ί9)
567 4910 761 4965 Solem
797 4911 1045 4967 meridie
1077 4913 1292 4984 qumrit
1330 4911 1649 4984 Xylander,
1679 4920 1737 4969 et
1768 4932 1842 4970 an
1876 4917 2002 4972 hmo

346 4980 525 5036 verba
554 4985 1038 5040 communionem
1072 4980 1298 5039 sacram
1321 4980 1588 5039 indicent
1610 4991 1795 5041 nutat.
1823 4988 1998 5045 GOAR.

419 5054 529 5137 (2p)
557 5054 777 5137 Sinon
810 5057 900 5137 sit
956 5055 1309 5137 proprium,_
1346 5056 1633 5137 pictorem
1686 5058 1997 5137 signiﬁcat.

346 5125 525 5198 Paulo
557 5126 731 5180 aliter
764 5125 1082 5182 historiam
1137 5128 1319 5181 refert
1347 5125 1639 5198 _Niceph.,
1692 5125 1847 5194 xviri,
1906 5135 1999 5198 41,

349 5202 408 5251 et
440 5197 499 5249 in
525 5198 793 5269 margine
824 5198 1016 5283 Nostri
1045 5198 1368 5283 ascriptum
1400 5206 1491 5283 est
1542 5215 1671 5283 per”
1701 5202 1907 5283 genios
1936 5197 1999 5258 in

348 5284 481 5322 aere
540 5267 844 5341 versantes
904 5267 1587 5341 (ἐναερὶων“πνευμάτων)
1646 5267 1827 5327 fuisse
1886 5275 2001 5331 ista

348 5340 732 5395 Alexandrea:
763 5340 1053 5395 nuntiata.
1092 5342 1224 5395 XYL.
1257 5374 1329 5381 —
1385 5343 1499 5396 Nec
1557 5343 1860 5413 proprium
1892 5362 1996 5400 no-

349 5426 487 5489 men
524 5416 632 5489 est,
669 5428 777 5466 nec
818 5415 1105 5489 pictorem,
1139 5419 1205 5467 ut
1242 5413 1540 5489 Xylander
1571 5415 1782 5489 innuit,
1817 5417 1998 5489 signi-

350 5480 506 5557 ficat.
537 5480 859 5557 gimocatta
886 5486 1149 5557 exponit,
1184 5480 1306 5557 vin;
1334 5486 1397 5557 l3
1433 5503 1445 5540 :
1474 5481 1679 5557 Ἄνδρα
1733 5480 1854 5539 τινὰ
1870 5480 1995 5542 υτῶν

1209 5555 1266 5634 δν
1283 5553 1305 5634 ⁷.
1319 5553 1396 5634 Δἐν
1468 5553 1721 5634 ξυνθέσει
1809 5557 1994 5634 φωνῆς

347 5547 424 5608 εἷς
485 5546 694 5611 κάλλος
819 5546 1120 5629 ραφόντων,

347 5613 721 5677 mlle-(.3560)
778 5574 1033 5677 ἱιιλιιάῖξι
1089 5648 1116 5677 τ

809 5623 1033 5697 inlicita:
1089 5626 1155 5680 τὶ
1194 5623 1403 5697 πλήθη.
1468 5628 1547 5683 De
1582 5623 1993 5702 turhygrhphis

346 5613 573 5691 καλλι-(ρ
590 5618 721 5693 είφον

2112 4779 2171 4829 et
2200 4769 2579 4843 calligraphis
2612 4770 2882 4843 Origenis
2913 4770 3174 4825 historian
3201 4770 3642 4843 ecclesiasticae.
3676 4771 3768 4826 Illi

2110 4842 2327 4901 notarii
2361 4846 2551 4909 erant,
2585 4847 2643 4897 et
2671 4841 2739 4897 ut
2768 4841 3064 4906 celeriter,
3100 4843 3183 4898 ita
3239 4843 3441 4898 minus
3490 4842 3680 4909 belle;
3707 4844 3769 4898 bi

2112 4914 2428 4983 tardius,at
2438 4912 2884 4986 elegantissime
2895 4914 3235 4986 pingebant,
3245 4914 3595 4985 litterasque
3614 4914 3770 4969 colo-

2111 4988 2277 5075 ribus
2308 4990 2539 5075 etjauro
2573 4984 3023 5057 distinguebant
3048 5001 3062 5051 ;
3088 5004 3155 5041 ac
3212 4984 3528 5075 prapterea
3559 5005 3770 5064 χρυσο-

2107 5059 2349 5136 γράφους
2372 5054 2563 5137 dictos
2595 5054 3028 5127 nonnunquam
3058 5054 3342 5130 reperies:
3378 5054 3614 5113 Goxafv

2180 5130 2293 5201 (2l)
2332 5129 2605 5201 CODVlYlO
2628 5132 2828 5183 autem
2861 5129 3041 5184 etiam
3073 5146 3241 5184 sacro
3287 5135 3582 5185 nocturno
3625 5128 3770 5184 licec

2106 5199 2206 5255 bat
2236 5199 2484 5254 vertere.
2516 5199 2650 5253 XvL.
2686 5231 2757 5271 e—_
2780 5201 2907 5254 Non
2948 5218 2983 5255 a
3011 5201 3471 5271 quibuscumque
3499 5202 3771 5269 excubiis,

2108 5271 2214 5345 sed
2244 5287 2391 5343 quas
2420 5286 2556 5325 cum
2587 5269 3147 5345 amicisnocturnus
3173 5269 3416 5327 conviva
3442 5272 3775 5345 peregisset

2108 5341 2349 5397 domum
2379 5341 3573 5416 repetebatcalligraphus.Simocatta,qui
3591 5341 3770 5414 quem

2108 5431 2336 5470 morem
2369 5412 2663 5468 memorat
2690 5412 3251 5481 Alexandrinorum,
3284 5421 3346 5470 ut
3394 5412 3544 5471 nat—is
3596 5412 3769 5469 {nari-

2107 5488 2204 5542 bus
2232 5487 2377 5541 diem
2414 5488 2709 5555 septimum
2738 5488 3029 5542 solemnem
3050 5495 3291 5557 agentes,
3334 5495 3567 5555 noctem,
3602 5502 3772 5557 quam

2107 5560 2273 5629 longa
2292 5564 2391 5626 est,
2425 5558 2564 5611 luxu
2589 5561 2650 5629 et_
2688 5561 2934 5614 convivio
2993 5561 3309 5615 traducunt.
3389 5559 3468 5613 De
3528 5574 3596 5613 eo
3650 5561 3771 5613 Eu-

2105 5626 2445 5703 chologium
2472 5631 2607 5699 post
2634 5626 3008 5699 baptismatis
3039 5630 3324 5686 officium.
3359 5631 3534 5685 Gem.
