4120 6418
329 371 444 429 ’177

1446 361 1992 427 HlSTURlARUM
2041 359 2574 424 COMPENDIUM.

3633 355 3754 418 778

323 500 476 567 κτός,
534 498 721 554 ἀκούει
771 498 835 552 ἒκ
885 502 995 552 τῶν
1059 497 1263 574 βωμῶν
1323 498 1436 569 (22)
1485 500 1593 550 τῶν
1625 492 1982 570 «ἀνδριάντων

2103 495 2297 551 media
2328 501 2521 565 nocte,
2545 494 2768 551 audivit
2799 492 3119 548 simulacra
3137 491 3208 546 ab
3241 491 3529 547 altaribus
3552 490 3752 546 dicen-

327 589 600 664 Αεγὸντων
631 589 983 664 ἀναιρεθῆναι
1054 587 1353 662 Μαυρίκιον
1385 586 1473 640 καὶ
1520 585 1586 640 τὰ
1615 582 1772 640 τέκνα
1805 584 1994 653 αὐτοῦ,

320 680 414 734 καὶ
446 679 620 733 πάντα
671 677 739 733 τὰ
796 677 848 733 ἐν
889 676 1165 750 Βυζαντίῳ
1221 675 1537 752 πραχθέντα
1589 674 1997 748 συμπτώματα,

325 771 544 846 Πρωίας
577 767 635 825 δὲ
662 766 968 825 ἐπανελθὼν
1002 773 1084 842 τῷ
1105 765 1500 841 Αὐγουσταλίῳ
1524 767 1638 840 (23)
1667 763 1992 839 διηγήσατο.

325 861 388 918 Ὁ
421 858 477 916 δὲ
508 857 872 936 παρήγγειλεν
907 857 1054 930 αὐτῷ
1107 864 1407 928 σιωπῆσαι,
1457 856 1906 930 σημειοισάμενος
1938 850 1996 936 δε

331 950 432 1019 τήν
461 947 673 1024 ἡμέραν
730 945 1128 1024 ἀπεκαραδόκει
1175 949 1273 1017 τὴν
1331 940 1568 1016 ἔκϐασιν,
1609 945 1732 1014 ἣτις
1793 941 1926 1016 μετὰ
1951 927 1995 1006 θ’

327 1041 544 1114 ἡμέρας
575 1037 845 1110 ἠκούσθη.

406 1132 499 1202 Τῷ
689 1127 796 1184 ἔτει
863 1125 1146 1203 προσῆλθε
1213 1131 1412 1187 Φωκᾶς
1471 1123 1523 1180 ἐν
1580 1127 1700 1185 ταῖς
1759 1121 1992 1198 ἐορταῖς,

332 1225 495 1295 ριψας
533 1219 786 1275 ὑπατείαν
819 1215 1064 1287 πολλήν.
1097 1216 1349 1290 Χοσρόης
1383 1213 1440 1270 δὲ
1487 1215 1516 1270 ὁ
1578 1210 1834 1290 βασιλεὺς
1882 1213 1990 1264 τῶν

328 1313 552 1384 Περσῶν
628 1305 861 1382 δύναμιν
947 1305 1170 1374 πολλὴν
1253 1305 1391 1361 κατὰ
1463 1303 1752 1377 Ῥωμαίων
1833 1298 1990 1370 ἐξαπ-

323 1397 554 1455 έστειλε.
588 1399 701 1455 Τοῦ
751 1395 808 1451 δὶ
838 1399 1118 1470 ιερμανοῦ
1176 1393 1484 1471 πληγέντος
1513 1391 1566 1447 ἐν
1623 1396 1704 1464 τῷ
1733 1388 1989 1462 πολέμῳ,

322 1489 597 1558 ἡττῶνται
640 1486 932 1560 Ῥωμαῖοι,
991 1489 1061 1559 τῇ
1123 1485 1158 1538 ι’
1219 1481 1277 1538 δὲ
1333 1483 1516 1556 ἡμέρᾳ
1579 1481 1805 1550 τελευτᾷ
1860 1485 1992 1552 Γερ..

328 1577 608 1652 μανός.“0
640 1573 697 1630 δὲ
743 1578 947 1638 Φωκᾶς
1000 1577 1082 1645 τῷ
1139 1573 1374 1646 Χαγάνῳ
1433 1573 1497 1626 τὸ
1556 1571 1760 1626 πάκτον
1825 1569 1992 1624 ἐπαυ-

325 1670 488 1741 ξήσας
528 1668 664 1740 (24),
722 1665 965 1737 νομίζων
1028 1665 1255 1737 ἠρεμεῖν
1306 1663 1435 1723 τοὺς
1496 1655 1837 1736 Βαρϐαρους,
1893 1660 1989 1722 τὰς

329 1755 588 1828 δυνάμεις
610 1753 828 1818 ἆπὸτῆς
858 1751 1128 1827 Εὐρώπης
1162 1749 1300 1805 ἐλὼν
1321 1749 1410 1806 ἐπὶ
1439 1750 1643 1824 Πέρσας
1675 1748 1987 1805 ἀπέστειλεν

2107 584 2188 640 tia
2217 585 2564 641 Mauricium
2595 601 2731 641 cum
2755 583 2958 638 liberis
2991 598 3119 638 esse
3144 581 3598 648 trucidatum,et
3621 595 3752 652 qua)

2103 678 2392 743 praeterea
2423 674 2681 745 Byzantii
2715 672 3103 745 contigerant.
3133 671 3194 726 Id
3221 670 3271 725 is
3319 685 3552 726 summo
3583 686 3757 725 mane

2106 763 2408 834 Augustali
2443 764 2722 819 narravit.
2753 761 2863 828 Qui
2920 777 3057 817 eum
3110 760 3348 816 silentio
3381 759 3508 815 rem
3560 764 3756 832 tegere

2094 849 2300 920 jussit,
2324 856 2726 923 annotatoque
2758 850 2853 906 die
2878 850 3100 906 exitum
3134 849 3520 922 exspectavit,
3551 853 3759 919 estque

2104 937 2175 993 de
2207 957 2276 995 eo
2307 941 2402 995 die
2433 947 2568 1012 post
2585 957 2746 997 nono
2777 940 2994 996 certior
3015 938 3226 996 factus.

2171 1122 2439 1178 Secundo
2452 1121 2864 1185 anno,Phocas
2885 1121 2959 1177 ad
2977 1121 3244 1176 solemne
3255 1119 3472 1176 festum
3490 1135 3757 1192 progres.

2099 1228 2199 1266 sus
2231 1212 2291 1266 in
2322 1210 2626 1282 publicum
2662 1227 2936 1283 magnam
2977 1209 3291 1281 pecuniam
3349 1209 3413 1264 in
3470 1207 3755 1282 populum

2099 1301 2335 1373 sparsit.
2367 1301 2656 1356 Chosroes
2686 1305 2886 1356 autem
2915 1314 3162 1370 magnas
3219 1299 3420 1372 capias
3473 1298 3754 1356 adversus

2097 1393 2395 1447 Romanos
2429 1390 2612 1461 misit,
2639 1394 2699 1444 et
2750 1391 3040 1445 Germano
3089 1388 3150 1443 in
3199 1405 3397 1461 pugna
3446 1388 3752 1446 vulnerato

2096 1480 2231 1535 victi
2263 1484 2404 1534 sunt
2458 1478 2727 1534 Romani.
2788 1478 3113 1534 Undecima
3168 1483 3304 1549 post
3360 1477 3454 1533 die
3503 1463 3755 1535 moritur

2099 1568 2680 1625 GermanusPhocas
2710 1584 2847 1622 vero
2879 1566 3288 1638 tributo,quod
3321 1553 3594 1639 Chagano
3611 1584 3753 1640 pen-

2097 1658 2292 1725 debat,
2325 1657 2550 1727 aliquid
2581 1656 2831 1725 addidit,
2853 1673 3101 1728 sperans
3133 1657 3213 1712 ita
3237 1655 3560 1712 Barbarum
3584 1659 3756 1729 quie-

2097 1753 2333 1814 turum;
2366 1747 2688 1818 copiasque
2713 1763 2848 1801 suas
2880 1763 2953 1801 ex
2981 1747 3215 1819 Europa
3244 1746 3306 1801 in
3338 1748 3548 1803 Persas
3566 1748 3750 1818 misit,

337 1845 440 1901 ὑπὸ
473 1846 667 1920 Ναρσῇ
723 1845 1033 1917 στρατηγῷ·
1091 1835 1390 1914 συμϐαλὼν
1445 1837 1502 1894 δὲ
1559 1846 1677 1901 τοῖς
1763 1837 1982 1912 Πέρσαις

2103 1838 2340 1892 Narsete
2401 1837 2570 1892 duce.
2612 1837 2665 1890 Is
2723 1835 2930 1907 praelio
2983 1852 3116 1890 cum
3160 1835 3350 1908 Persis
3399 1853 3751 1911 congressus

328 1938 556 2006 ἡττᾶται
587 1933 676 1988 καὶ
737 1932 950 2002 πλῆθος
983 1928 1259 1986 ἀπόλλυσι
1316 1929 1481 1985 πολύ.
1550 1931 1727 1986 Τοῦτο
1786 1933 1982 1990 Φωκᾶς

2103 1928 2280 1982 victus
2311 1926 2650 2000 est,ingenti
2677 1941 2812 1980 cum
2835 1941 3080 1990 suorum
3093 1923 3515 1982 clade.Phocas
3536 1928 3750 1984 nuntio

330 2025 565 2088 ἀκούσας
625 2022 1022 2098 Δομεντζίολαν
1095 2023 1186 2077 τὸν
1248 2018 1479 2100 ἀδελφὸν
1561 2019 1980 2096 κουροπαλάτην

325 2117 562 2186 ποιήσας
593 2114 900 2189 χειροτονεῖ
930 2111 1250 2188 στρατηγόν.

392 2206 483 2275 Τῷ
566 2203 615 2277 γ’
671 2198 802 2270 ἔτει,
858 2198 1075 2264 πολλὰς
1133 2205 1240 2256 τῶν
1293 2198 1578 2272 Ῥωμαίων
1659 2197 1853 2260 πόλεις
1928 2199 1980 2252 0'!

321 2292 520 2366 Πέρσαι
575 2291 865 2370 ἠφάνισαν.
921 2291 979 2344 Ὀ
1037 2288 1094 2344 δὲ
1169 2286 1572 2363 Δομεντζίολας
1629 2286 1793 2364 λόγον
1854 2284 1980 2348 δοὺς

321 2386 401 2454 τῷ
432 2383 639 2456 Ναρσῇ,
698 2381 788 2436 καὶ
843 2379 1030 2454 ὅρκοις
1085 2377 1323 2440 πολλοῖς
1353 2377 1542 2439 πείσας
1599 2377 1761 2431 αὐτὸν
1805 2376 1980 2449 μηδε-

327 2471 452 2545 μίαν
486 2469 698 2526 ἀδικίαν
757 2470 904 2542 παρὰ
959 2473 1056 2524 τοῦ
1115 2472 1285 2524 Φευκᾶ
1345 2467 1658 2540 ὑπομένειν,
1717 2466 1980 2522 ἀπέλυσεν

324 2561 484 2616 αὐτὸν
516 2561 652 2636 πρὸς
684 2563 902 2621 Φωκᾶς.
934 2560 995 2616 Ὁ
1055 2555 1112 2612 δὲ
1173 2563 1371 2620 Φωκᾶς
1433 2559 1509 2630 μή
1557 2555 1796 2635 φυλάξας
1849 2557 1978 2617 τοὺς

329 2649 523 2724 ὅρκους
578 2653 772 2704 τοῦτον
859 2647 990 2722 πυρὶ
1055 2645 1400 2702 κατέκαυσεν.
1481 2647 1572 2703 Ἐν
1658 2645 1806 2718 λύπῃ
1881 2645 1973 2699 οὗν

330 2739 542 2815 μεγάλῃ
601 2738 882 2815 γεγόνασιν
943 2737 996 2790 οἱ
1069 2735 1355 2809 Ῥωμαίοι,
1433 2734 1518 2790 ὅτι
1577 2729 1744 2811 φόϐον
1804 2734 1973 2809 μέγαν

328 2829 476 2903 εἶχεν
510 2829 586 2890 εἷς
618 2829 825 2901 Πέρσας
856 2827 885 2881 ὁ
906 2827 1152 2902 Ναρσῆς,
1181 2825 1320 2880 ὥστε
1348 2826 1413 2879 τὰ
1461 2825 1620 2879 τεκνα
1673 2823 1851 2878 αὐτῶν
1886 2820 1974 2876 δίὰ

321 2921 421 2973 τοῦ
451 2919 641 2992 Ναρσῆ
675 2911 943 2995 ἐκφοϐεῖν.

397 3010 480 3064 Τυ
553 3004 599 3026 \l
661 3000 686 3026 Ἰ
966 3004 980 3024 9
1059 3007 1084 3018 θ’
1539 3008 1563 3019 πο
1739 3001 1752 3020 \
1923 3007 1946 3018 ν

448 3030 492 3080 ῳ
550 3017 578 3060 0
661 3025 767 3060 ετει
815 3007 850 3074 ἡ
912 3009 1192 3077 Αυγουστα
1253 3006 1630 3059 Κωνσταντινα
1705 3023 1796 3057 συν
1853 3023 1972 3065 ταις

321 3098 466 3174 τρισὶ
496 3096 820 3171 θυγατράσιν
847 3098 934 3169 [Ρ.
994 3096 1122 3167 406]
1182 3094 1348 3163 αὐτῆς
1391 3093 1466 3157 εἷς
1518 3095 1618 3163 τήν
1677 3092 1970 3165 ἐκκλησίαν

325 3186 670 3264 προσφεύγει.
724 3184 931 3256 Πέμπει
988 3184 1082 3238 οὗν
1137 3185 1166 3238 ὁ
1224 3187 1422 3246 Φωκᾶς
1476 3183 1708 3253 ἐξελθεῖν
1767 3184 1834 3239 τὰ
1863 3181 1970 3260 γύ-

321 3297 461 3330 ναια.
508 3275 569 3332 Ὁ
626 3270 683 3328 δὲ
733 3273 1080 3349 πατριάρχης
1147 3273 1413 3348 Κυριακὸς
1468 3277 1628 3328 τοῦτο
1697 3273 1796 3327 οὐκ
1853 3272 1980 3327 ἐπέ-

321 3385 522 3432 νευσεν,
583 3361 768 3438 ὅρκοις
827 3360 883 3418 δὲ
970 3357 1290 3437 βεϐαιωθεὶς
1359 3363 1462 3418 ὑπὸ
1545 3367 1643 3417 τοῦ
1706 3369 1876 3417 Φωκᾶ
1928 3361 1980 3418 ἐν

324 3452 675 3527 μοναστηρίῳ
721 3450 979 3528 ἐγκλείει.
1040 3454 1136 3524 Τῷ
1193 3448 1241 3505 δ’
1298 3452 1445 3523 αὐτῷ
1501 3446 1607 3507 ἔτει
1667 3453 1718 3507 οἱ
1776 3456 1978 3527 Πέρσαι

323 3537 635 3618 παρέλαϐον
672 3543 736 3598 τὸ
794 3542 968 3618 Δαρᾶς
1022 3543 1113 3597 καὶ
1173 3545 1346 3596 πᾶσαν
1401 3543 1500 3612 τήν
1555 3541 1976 3615 Μεσοποταμίαν

318 3629 408 3684 καὶ
444 3628 662 3704 Συρίαν,
694 3625 1086 3706 αἰχμαλωσίαν
1117 3623 1375 3692 λαϐόντες
1402 3629 1469 3697 ἧς
1497 3628 1600 3683 οὐκ
1626 3629 1693 3697 ἦν
1719 3628 1977 3705 ἀριθμός.

325 3721 440 3776 Τοῦ
469 3718 817 3793 πατριάρχου
848 3723 1126 3792 Κυριακοῦ
1169 3717 1616 3789 τελευτήσαντος,
1646 3723 1978 3793 χειροτονεῖ-

323 3828 414 3864 ται
441 3812 642 3881 Θωμᾶς
676 3804 927 3868 διάκονος
958 3805 1429 3882 καὶσακελλάριος
1459 3810 1570 3880 (25)
1586 3813 1687 3876 τῆς
1714 3805 1977 3884 Μεγάλης

326 3895 673 3967 Ἐκκλησίας.

398 3987 491 4060 Τῷ
522 3992 558 4042 ε’
591 3980 697 4042 ἔτει
719 3985 967 4049 πολλοὺς
999 3985 1195 4065 φίλους
1225 3990 1324 4042 τοῦ
1355 3985 1660 4065 Μαυρικίου
1718 3987 1747 4041 ὁ
1778 4007 1975 4060 τυραν-

321 4099 416 4139 νος
446 4076 726 4134 ἀπέκτεινε
754 4080 842 4133 καὶ
903 4079 1034 4154 πυρὶ
1092 4075 1395 4153 παρέδωκε,
1451 4080 1550 4148 τὴν
1602 4074 1660 4131 δὲ
1685 4084 1976 4134 Κωνσταν-

318 4174 471 4224 τῖναν
507 4167 600 4223 σὺν
660 4173 776 4229 ταῖς
838 4169 984 4243 τρισὶ
1043 4167 1364 4244 θυγατράσιν
1422 4166 1588 4236 αὐτῆς
1637 4165 1690 4221 ἐν
1730 4169 1810 4239 τῷ
1870 4167 1975 4240 μό-

319 4259 404 4331 λῳ
429 4261 539 4333 (26)
598 4257 930 4332 Εὗτροπίου,
988 4256 1113 4314 ἔνθα
1165 4259 1257 4314 καὶ
1339 4259 1646 4333 Μαυρίκιος
1718 4257 1971 4332 ἀνῃρέθη,

319 4347 459 4424 ξίφει
529 4349 786 4423 ἀπέτεμε,
852 4351 940 4404 καὶ
999 4348 1207 4413 ἄλλους
1271 4351 1364 4425 μὲν
1420 4355 1529 4404 τῶν
1594 4346 1823 4420 ἐνδόξων
1873 4353 1972 4403 τοῦ

317 4437 588 4493 παλατίου
619 4436 888 4512 πολλοὺς,
917 4444 1028 4494 τῶν
1083 4436 1139 4493 δὲ
1196 4437 1488 4515 κατωτέρω
1537 4439 1970 4514 ἀναριθμήτους.

315 4532 404 4600 Τῷ
431 4523 477 4582 δ’
507 4527 654 4600 αὐτῷ
683 4527 872 4606 χρόνῳ
903 4530 959 4583 οἱ
988 4529 1187 4600 Πέρσαι
1242 4530 1334 4584 τὸν
1399 4528 1689 4606 Εὐφράτην
1748 4522 1972 4582 διαϐάν-

2091 2017 2180 2072 rei
2212 2017 2341 2089 ejus
2371 2020 2612 2088 accepto
2639 2014 3108 2071 Domentziolam
3161 2013 3407 2073 fratrem
3438 2016 3747 2089 curopala.

2090 2110 2212 2161 tem
2245 2111 2408 2161 creat
2437 2111 2496 2160 et
2523 2104 2806 2160 exercitui
2837 2104 3106 2176 prreﬁcit.

2163 2199 2336 2250 Anno
2377 2195 2574 2263 tertio,
2605 2196 2801 2251 Persae
2831 2193 3050 2249 multas
3108 2195 3513 2252 Romanorum
3569 2196 3748 2253 urbes

2090 2281 2903 2340 deleverunt.Domentziolas
2931 2287 3130 2338 autem
3144 2283 3368 2350 Narseti
3391 2285 3658 2342 oratione
3680 2302 3749 2341 ac

2090 2374 2356 2446 praastito
2371 2374 2720 2445 juramento
2739 2371 3112 2443 persuasitut
3131 2371 3204 2427 ad
3222 2373 3481 2428 Phocam
3512 2374 3560 2430 is
3575 2375 3749 2446 proﬁ-

2089 2465 2430 2532 cisceretur,
2465 2462 2819 2533 promittens
2841 2477 2976 2516 eum
2990 2460 3156 2516 nulla
3185 2461 3258 2517 ab
3280 2462 3638 2534 imperatore
3657 2467 3744 2522 in-

2079 2554 2245 2627 juria
2273 2553 2551 2608 affectum
2584 2550 2796 2628 iri.Sed
2830 2551 3051 2606 Phocas
3083 2552 3744 2624 Narsetemjuramento

2086 2643 2303 2699 violato
2335 2643 2530 2696 vivum
2577 2641 2926 2696 combussit.
2988 2642 3261 2713 Magnum
3310 2641 3422 2697 hoc
3462 2645 3744 2702 Romanis

2085 2733 2287 2788 attulit
2315 2731 2583 2787 dolorem
2608 2746 2776 2785 :nam
2807 2730 2889 2784 ita
2917 2729 3345 2786 formidolosus
3377 2719 3520 2788 ’111
3550 2733 3744 2792 fuerat

2084 2823 2278 2878 Persis
2311 2823 2615 2890 Narses,ut
2635 2836 2853 2892 pueros
2875 2819 2915 2873 ii
2943 2835 3180 2890 quoque
3199 2836 3340 2876 suos
3369 2807 3738 2880 nominando

2080 2912 2325 2968 Narsete
2356 2915 2667 2966 terrerent.

2153 3004 2326 3056 Anno
2359 3003 2591 3070 quarto,
2623 2998 3011 3054 Constantina
3039 3000 3303 3071 Augusta
3361 3016 3496 3056 cum
3551 3003 3740 3060 tribus

2084 3091 2206 3146 suis
2238 3089 2474 3145 ﬁliabus
2506 3090 2567 3143 in
2596 3087 2888 3160 templum
2919 3087 3286 3160 profugit.Eo
3301 3090 3486 3146 mittit
3514 3092 3742 3150 Phocas

2006 3225 2050 3293 Ο
2089 3181 2190 3252 qui
2222 3183 2467 3235 evocent
2497 3177 2800 3233 mulieres.
2835 3177 2947 3232 Sed
2997 3178 3277 3248 Cyriacus
3319 3180 3658 3251 patriarcha
3686 3181 3748 3238 id

2093 3286 2207 3293 η-..
2245 3274 2326 3293 --ι
2351 3284 2558 3293 -..λη-..-
2593 3283 2604 3293 .
2641 3267 2974 3293 ε.....,.-ν.Α.ιιιΑ
3001 3272 3195 3293 ιηηλ...
3233 3284 3258 3293 ,ι
3295 3268 3482 3293 τηυι--
3509 3276 3742 3293 ---Α-ι-

2093 3286 2214 3325 non
2241 3274 2330 3324 est
2351 3284 2562 3339 passus
2593 3283 2606 3321 :
2633 3267 2977 3338 juramento
3001 3272 3200 3322 tamen
3230 3284 3265 3323 α
3293 3268 3490 3324 Phoca
3505 3276 3749 3343 accepto

2091 3376 2190 3414 eas
2223 3359 2284 3413 in
2317 3357 2746 3412 monasterium
2791 3355 3064 3411 includit.
3099 3356 3320 3412 Eodem
3366 3374 3524 3414 anno
3555 3361 3751 3417 Persa)

2093 3449 2284 3503 Daras
2327 3451 2618 3518 ceperunt
2677 3450 2736 3500 et
2792 3449 2976 3500 totam
3038 3447 3518 3518 Mesopotamiam
3574 3455 3754 3522 atque

2091 3539 2320 3610 Syriam
2335 3537 2676 3609 depopulati
2694 3537 3287 3604 sunt,innumerabili
3304 3538 3503 3610 prasda
3522 3539 3752 3598 abacta.

2091 3629 2221 3684 Vita
2248 3627 2450 3682 functo
2476 3627 2814 3698 patriarcha
2842 3626 3482 3700 Cyriaco,subrogatur
3500 3629 3755 3700 publicis

2089 3719 2386 3788 suffragiis
2438 3718 2694 3773 Thomas
2747 3717 3035 3773 diaconus
3069 3722 3126 3772 et
3177 3719 3525 3775 sacellarius
3561 3720 3753 3794 Magni

2087 3807 2337 3879 Templi.

2157 3990 2328 4042 Anno
2354 3986 2588 4056 quinto,
2616 3986 2846 4042 Phocas
2868 3986 3087 4041 multos
3109 3987 3370 4043 Mauricii
3394 3988 3617 4046 amicos
3636 4006 3746 4046 ne-

2084 4078 2236 4133 cavit
2267 4081 2326 4131 et
2355 4075 2650 4131 cremavit.
2663 4075 3112 4131 Constantinam
3131 4093 3266 4132 cum
3298 4078 3488 4134 tribus
3505 4079 3742 4136 ﬁliabus

2086 4167 2148 4222 in
2180 4171 2354 4239 portu
2384 4165 2675 4236 Eutropii,
2708 4165 2808 4219 ubi
2842 4170 2900 4219 et
2937 4166 3251 4222 Mauricius
3276 4167 3470 4224 fuerat
3488 4170 3746 4241 occisus,

2082 4256 2379 4328 capitibus
2413 4255 2746 4321 truncavit;
2773 4254 2993 4310 multos
3026 4271 3262 4326 quoque
3293 4257 3559 4330 insignes
3589 4260 3744 4317 viros

2084 4346 2156 4400 de
2185 4345 2494 4417 palatio,et
2525 4342 2824 4397 inferioris
2858 4341 3087 4398 ordinis
3117 4344 3467 4402 innumeros
3497 4347 3745 4405 interfe-

2083 4436 2181 4489 cit.
2217 4433 2436 4489 Eodem
2470 4437 2740 4502 tempore
2775 4433 2970 4486 Persas
3001 4432 3361 4503 Euphratem
3396 4438 3747 4509 transgressi

2084 4541 2156 4580 ex
2175 4524 2453 4579 universa
2471 4521 2661 4593 Syria,
2688 4519 3008 4576 Palmstina
3059 4527 3120 4576 et
3174 4523 3476 4580 Phoenicia
3513 4526 3747 4598 pradas

316 4637 405 4678 τες
436 4620 608 4672 πᾶσαν
770 4617 966 4691 Συρίαν
999 4617 1090 4672 καὶ
1141 4591 1529 4690 Παλαιστίνην.
1561 4619 1653 4673 καὶ
1707 4617 1972 4688 Φοινίκην

2103 4618 2466 4690 >aptivosque
2499 4591 2893 4670 abduxerunt.

319 4704 789 4782 ᾐχμαλώτευσαν.

387 4778 475 4869 ῖΓῷ
529 4795 574 4858 ς’
623 4789 727 4850 ἔτει
787 4795 1032 4872 Κρίσπος
1094 4799 1203 4871 (27)
1263 4799 1290 4852 ὁ
1347 4797 1633 4874 πατρίκιος
1691 4799 1765 4871 μὴ
1803 4796 1978 4877 φέρων
2047 4778 2055 4789 ⁸

2161 4799 2330 4852 Anno
2389 4798 2578 4862 sexto,
2629 4791 2867 4862 Crispus
2923 4791 3227 4864 patricius,
3269 4793 3523 4867 injustas
3553 4799 3746 4855 caedes

1535 4901 1898 4956 XYLANDBI
1939 4901 2026 4954 ET
2063 4899 2279 4954 GOARI
2308 4895 2531 4949 NOTAE.

385 4999 496 5066 (22)
529 4999 830 5070 Interpres
865 4999 966 5052 :ab
999 4997 1289 5054 altaribus.
1356 5001 1558 5069 Inepte
1587 5015 1601 5053 :
1661 5015 1781 5054 non
1815 4999 1977 5053 enim

317 5069 377 5123 in
410 5069 790 5135 altaribus’,ut
811 5070 971 5125 abiis
1002 5070 1409 5140 loquerentur,
1436 5077 1606 5126 erant
1629 5070 1971 5126 simulacra.

318 5140 429 5194 Sed
453 5159 562 5197 nec
595 5141 841 5196 cuilibet
863 5141 1182 5196 simulacro
1215 5159 1390 5198 suum
1447 5150 1574 5198 erat
1602 5142 1806 5197 altare.
1865 5145 1975 5198 Re-

318 5229 577 5285 ponoex
609 5214 824 5268 bastbus
853 5217 979 5268 suis.
1017 5212 1209 5285 βωμός
1261 5215 1421 5269 enim
1452 5220 1519 5269 ut
1575 5215 1754 5269 altare
1806 5215 1890 5269 ita
1920 5219 1977 5268 et

317 5283 623 5356 simulacri
653 5286 848 5354 basim,
883 5301 952 5339 eo
984 5283 1144 5356 quod
1170 5287 1374 5341 altaris
1417 5286 1654 5340 exhibet
1702 5286 1974 5356 ﬁguram,

318 5354 632 5428 signiﬁcat.
662 5354 1025 5428 Suffragatur
1067 5357 1406 5414 Simocatta.
1443 5360 1616 5413 Gen.

389 5428 503 5501 (2.3)
530 5429 917 5501 Augustalem
951 5434 1090 5499 puto
1118 5429 1190 5483 ab
1220 5432 1483 5501 Augusto
1515 5430 1765 5484 missum
1811 5429 1980 5483 urbis

315 5499 663 5570 praefectum
691 5500 964 5572 intelligi.
997 5501 1135 5554 XvL.

384 5573 502 5638 (24)
533 5575 705 5626 Aucta
750 5573 1022 5644 tributo:
1076 5573 1202 5627 Non
1263 5573 1423 5627 enim
1472 5572 1648 5628 modo
1706 5578 1875 5644 pacta
1923 5575 1983 5625 et

314 5649 628 5712 conventa,
662 5643 765 5700 sed
797 5649 852 5699 et
884 5643 1174 5700 tributum
1213 5650 1568 5719 pactamque
1598 5643 1807 5701 tributi
1844 5659 1984 5716 pen-

601 5765 854 5819 Punon.
895 5761 1000 5820 Gn.
1041 5761 1241 5821 CXXI.

2089 4993 2266 5050 deudi
2299 4991 2486 5063 gratia
2516 4990 2829 5063 pecuniam
2886 4987 3110 5063 αιταὶκτονΔ
3149 4991 3391 5050 indicat.
3432 4995 3653 5051 Auctor
3681 4999 3741 5053 in

2088 5068 2281 5123 Phoca
2299 5053 2532 5135 anno;
2559 5078 2571 5116 :
2603 5059 2923 5135 Ὀρίσαικαὶ
2961 5053 3256 5135 λαμϐάνειν
3301 5063 3498 5123 πάκτα.
3559 5070 3738 5126 GOAn.

2159 5141 2272 5210 (25)
2295 5134 2519 5210 Sacellw
2552 5134 2888 5210 prcepositus
2915 5134 3269 5210 et_ecclesiaa
3297 5137 3526 5210 mrario.
3557 5140 3732 5197 Gou.

2158 5204 2268 5278 (26)
2299 5207 2509 5286 Nonin
2531 5213 2703 5286 portu
2725 5207 2866 5286 ipso,
2895 5204 2998 5259 sed
3029 5205 3103 5286 ad
3121 5214 3349 5286 portum
3371 5227 3392 5273 ;
3421 5209 3532 5266 hoc
3556 5217 3648 5286 est
3674 5212 3742 5286 in

2088 5296 2296 5354 aggere
2319 5277 2890 5354 portum,ubi_nimis
2907 5281 3110 5354 aperta
3127 5284 3267 5331 sunt
3296 5282 3426 5354 ejus
3456 5284 3742 5350 ostia,cir-

2089 5349 2549 5415 cuinambiente,
2583 5354 2644 5402 et
2671 5349 2888 5402 fluctus
2918 5352 3242 5418 ventosque
3292 5349 3621 5410 violentius
3667 5355 3742 5410 ir-

2087 5427 2439 5494 rumpentes
2470 5419 2855 5494 retpndente.
2871 5420 3050 5494 _GOAR_.

2160 5490 2269 5566 (27)
2302 5495 2519 5570 Priscus
2548 5492 2805 5570 Zonarm,
2841 5490 3190 5570 Nic-ephoro,
3216 5491 3743 5570 aliis,_quanqua1n

2090 5563 2374 5641 generum
2406 5563 2620 5641 Phoce;
2646 5563 2912 5641 crispum
2927 5563 3180 5616 Zonaras
3229 5563 3290 5620 in
3349 5563 3618 5625 Heraclio
3649 5587 3746 5626 vo-

2092 5633 2206 5708 cat,
2235 5643 2304 5696 ut
2332 5635 2574 5708 quidem
2606 5633 2840 5704 legitur.
2871 5633 3010 5688 ΧΠ..

3387 5754 3459 5809 25
