  <div class='ocr_page' id='page_1' title='image "/cluster/home/n/w/nwhite01/storage/ocr_20150623/121:no.1/coo.31924054870260/401.png"; bbox 0 0 4120 6484; ppageno 0'>
   <div class='ocr_carea' id='block_1_1' title="bbox 334 373 523 451">
    <p class='ocr_par' dir='ltr' id='par_1_1' title="bbox 334 373 523 451">
     <span class='ocr_line' id='line_1_1' title="bbox 334 373 523 451; baseline 0 -10"><span class='ocrx_word' id='word_1_1' title='bbox 334 373 523 451; x_wconf 68' lang='grc'>,779</span> 
     </span>
    </p>
   </div>
   <div class='ocr_carea' id='block_1_2' title="bbox 1773 369 2473 440">
    <p class='ocr_par' dir='ltr' id='par_1_2' title="bbox 1773 369 2473 440">
     <span class='ocr_line' id='line_1_2' title="bbox 1773 369 2473 440; baseline 0.007 -5"><span class='ocrx_word' id='word_1_2' title='bbox 1773 369 2090 435; x_wconf 75' lang='lat' dir='ltr'>GEORGII</span> <span class='ocrx_word' id='word_1_3' title='bbox 2134 369 2473 440; x_wconf 86' lang='lat' dir='ltr'>CEDRENI</span> 
     </span>
    </p>
   </div>
   <div class='ocr_carea' id='block_1_3' title="bbox 3707 379 3829 443">
    <p class='ocr_par' dir='ltr' id='par_1_3' title="bbox 3707 379 3829 443">
     <span class='ocr_line' id='line_1_3' title="bbox 3707 379 3829 443; baseline 0.033 -3"><span class='ocrx_word' id='word_1_4' title='bbox 3707 379 3829 443; x_wconf 76' lang='lat'>780</span> 
     </span>
    </p>
   </div>
   <div class='ocr_carea' id='block_1_4' title="bbox 390 504 2023 592">
    <p class='ocr_par' dir='ltr' id='par_1_4' title="bbox 390 506 2022 586">
     <span class='ocr_line' id='line_1_4' title="bbox 390 506 2022 586; baseline -0.005 -16"><span class='ocrx_word' id='word_1_5' title='bbox 390 513 628 586; x_wconf 86' lang='lat' dir='ltr'>aliaque</span> <span class='ocrx_word' id='word_1_6' title='bbox 678 511 893 569; x_wconf 70' lang='lat' dir='ltr'>Phocea</span> <span class='ocrx_word' id='word_1_7' title='bbox 948 509 1218 569; x_wconf 80' lang='lat' dir='ltr'>facinora</span> <span class='ocrx_word' id='word_1_8' title='bbox 1268 508 1489 566; x_wconf 84' lang='lat' dir='ltr'>intueri</span> <span class='ocrx_word' id='word_1_9' title='bbox 1549 524 1672 564; x_wconf 90' lang='lat' dir='ltr'>non</span> <span class='ocrx_word' id='word_1_10' title='bbox 1720 506 2022 564; x_wconf 86' lang='lat' dir='ltr'>sustinens</span> 
     </span>
    </p>
   </div>
   <div class='ocr_carea' id='block_1_5' title="bbox 2142 504 3825 592">
    <p class='ocr_par' dir='ltr' id='par_1_5' title="bbox 2163 507 3825 592">
     <span class='ocr_line' id='line_1_5' title="bbox 2163 507 3825 592; baseline 0.005 -29"><span class='ocrx_word' id='word_1_11' title='bbox 2163 507 2291 582; x_wconf 71' lang='grc' dir='ltr'>ὁρᾷν</span> <span class='ocrx_word' id='word_1_12' title='bbox 2316 507 2446 573; x_wconf 75' lang='grc' dir='ltr'>τοὺς</span> <span class='ocrx_word' id='word_1_13' title='bbox 2476 507 2699 574; x_wconf 79' lang='grc' dir='ltr'>ἀδίκους</span> <span class='ocrx_word' id='word_1_14' title='bbox 2752 509 2950 592; x_wconf 88' lang='grc' dir='ltr'>φόνους</span> <span class='ocrx_word' id='word_1_15' title='bbox 2996 511 3088 568; x_wconf 82' lang='grc' dir='ltr'>καὶ</span> <span class='ocrx_word' id='word_1_16' title='bbox 3144 511 3214 569; x_wconf 80' lang='grc' dir='ltr'>τὰ</span> <span class='ocrx_word' id='word_1_17' title='bbox 3270 510 3420 570; x_wconf 77' lang='grc' dir='ltr'>δεινὰ</span> <span class='ocrx_word' id='word_1_18' title='bbox 3468 513 3538 570; x_wconf 74' lang='grc' dir='ltr'>τὰ</span> <span class='ocrx_word' id='word_1_19' title='bbox 3567 512 3671 570; x_wconf 79' lang='grc' dir='ltr'>ὑπὸ</span> <span class='ocrx_word' id='word_1_20' title='bbox 3725 518 3825 571; x_wconf 75' lang='grc' dir='ltr'>τοῦ</span> 
     </span>
    </p>
   </div>
   <div class='ocr_carea' id='block_1_6' title="bbox 391 597 2044 672">
    <p class='ocr_par' dir='ltr' id='par_1_6' title="bbox 391 597 2044 672">
     <span class='ocr_line' id='line_1_6' title="bbox 391 597 2044 672; baseline -0.005 -12"><span class='ocrx_word' id='word_1_21' title='bbox 391 603 602 660; x_wconf 81' lang='lat' dir='ltr'>scribit</span> <span class='ocrx_word' id='word_1_22' title='bbox 630 602 705 659; x_wconf 89' lang='lat' dir='ltr'>ad</span> <span class='ocrx_word' id='word_1_23' title='bbox 734 601 1070 658; x_wconf 89' lang='lat' dir='ltr'>Heraclium</span> <span class='ocrx_word' id='word_1_24' title='bbox 1102 600 1436 672; x_wconf 90' lang='lat' dir='ltr'>patricium,</span> <span class='ocrx_word' id='word_1_25' title='bbox 1459 598 1670 654; x_wconf 75' lang='lat' dir='ltr'>Africae</span> <span class='ocrx_word' id='word_1_26' title='bbox 1702 597 2044 669; x_wconf 72' lang='lat' dir='ltr'>prmsidem,</span> 
     </span>
    </p>
   </div>
   <div class='ocr_carea' id='block_1_7' title="bbox 391 688 2046 763">
    <p class='ocr_par' dir='ltr' id='par_1_7' title="bbox 391 688 2046 763">
     <span class='ocr_line' id='line_1_7' title="bbox 391 688 2046 763; baseline -0.004 -15"><span class='ocrx_word' id='word_1_27' title='bbox 391 693 784 763; x_wconf 81' lang='lat' dir='ltr'>hortaturque</span> <span class='ocrx_word' id='word_1_28' title='bbox 817 697 883 747; x_wconf 90' lang='lat' dir='ltr'>ut</span> <span class='ocrx_word' id='word_1_29' title='bbox 911 707 1083 747; x_wconf 91' lang='lat' dir='ltr'>suum</span> <span class='ocrx_word' id='word_1_30' title='bbox 1115 690 1302 745; x_wconf 81' lang='lat' dir='ltr'>filium</span> <span class='ocrx_word' id='word_1_31' title='bbox 1337 688 1672 744; x_wconf 78' lang='lat' dir='ltr'>Heracliam</span> <span class='ocrx_word' id='word_1_32' title='bbox 1704 693 1762 743; x_wconf 93' lang='lat' dir='ltr'>et</span> <span class='ocrx_word' id='word_1_33' title='bbox 1779 688 2046 742; x_wconf 89' lang='lat' dir='ltr'>Nicetam</span> 
     </span>
    </p>
   </div>
   <div class='ocr_carea' id='block_1_8' title="bbox 389 778 2045 856">
    <p class='ocr_par' dir='ltr' id='par_1_8' title="bbox 389 778 2045 856">
     <span class='ocr_line' id='line_1_8' title="bbox 389 778 2045 856; baseline -0.005 -16"><span class='ocrx_word' id='word_1_34' title='bbox 389 784 708 856; x_wconf 88' lang='lat' dir='ltr'>patricium</span> <span class='ocrx_word' id='word_1_35' title='bbox 772 783 921 838; x_wconf 70' lang='lat'>112</span> <span class='ocrx_word' id='word_1_36' title='bbox 981 782 1247 852; x_wconf 86' lang='lat' dir='ltr'>Gregorae</span> <span class='ocrx_word' id='word_1_37' title='bbox 1305 779 1519 848; x_wconf 83' lang='lat' dir='ltr'>filium,</span> <span class='ocrx_word' id='word_1_38' title='bbox 1578 779 1709 849; x_wconf 87' lang='lat' dir='ltr'>ejus</span> <span class='ocrx_word' id='word_1_39' title='bbox 1761 778 2045 847; x_wconf 80' lang='lat' dir='ltr'>legatum,</span> 
     </span>
    </p>
   </div>
   <div class='ocr_carea' id='block_1_9' title="bbox 388 866 2045 940">
    <p class='ocr_par' dir='ltr' id='par_1_9' title="bbox 388 866 2045 940">
     <span class='ocr_line' id='line_1_9' title="bbox 388 866 2045 940; baseline -0.005 -11"><span class='ocrx_word' id='word_1_40' title='bbox 388 874 589 929; x_wconf 80' lang='lat' dir='ltr'>mittat</span> <span class='ocrx_word' id='word_1_41' title='bbox 614 871 890 928; x_wconf 89' lang='lat' dir='ltr'>adversus</span> <span class='ocrx_word' id='word_1_42' title='bbox 922 871 1177 925; x_wconf 91' lang='lat' dir='ltr'>Phocam</span> <span class='ocrx_word' id='word_1_43' title='bbox 1209 874 1547 940; x_wconf 88' lang='lat' dir='ltr'>tyrannum.</span> <span class='ocrx_word' id='word_1_44' title='bbox 1568 866 1861 921; x_wconf 85' lang='lat' dir='ltr'>Audiebat</span> <span class='ocrx_word' id='word_1_45' title='bbox 1883 867 2045 921; x_wconf 91' lang='lat' dir='ltr'>enim</span> 
     </span>
    </p>
   </div>
   <div class='ocr_carea' id='block_1_10' title="bbox 384 958 1168 1020">
    <p class='ocr_par' dir='ltr' id='par_1_10' title="bbox 384 958 1168 1020">
     <span class='ocr_line' id='line_1_10' title="bbox 384 958 1168 1020; baseline -0.004 -2"><span class='ocrx_word' id='word_1_46' title='bbox 384 962 493 1020; x_wconf 90' lang='lat' dir='ltr'>hos</span> <span class='ocrx_word' id='word_1_47' title='bbox 523 961 920 1017; x_wconf 86' lang='lat' dir='ltr'>rebellionem</span> <span class='ocrx_word' id='word_1_48' title='bbox 947 958 1168 1015; x_wconf 88' lang='lat' dir='ltr'>moliri.</span> 
     </span>
    </p>
   </div>
   <div class='ocr_carea' id='block_1_11' title="bbox 450 1132 2041 1210">
    <p class='ocr_par' dir='ltr' id='par_1_11' title="bbox 450 1132 2041 1210">
     <span class='ocr_line' id='line_1_11' title="bbox 450 1132 2041 1210; baseline -0.005 -14"><span class='ocrx_word' id='word_1_49' title='bbox 450 1142 621 1196; x_wconf 83' lang='lat' dir='ltr'>Anno</span> <span class='ocrx_word' id='word_1_50' title='bbox 652 1137 925 1210; x_wconf 88' lang='lat' dir='ltr'>septimo,</span> <span class='ocrx_word' id='word_1_51' title='bbox 948 1142 1138 1193; x_wconf 64' lang='lat' dir='ltr'>Persis</span> <span class='ocrx_word' id='word_1_52' title='bbox 1163 1135 1312 1192; x_wconf 92' lang='lat' dir='ltr'>duce</span> <span class='ocrx_word' id='word_1_53' title='bbox 1344 1134 1701 1191; x_wconf 88' lang='lat' dir='ltr'>Cardaricha</span> <span class='ocrx_word' id='word_1_54' title='bbox 1717 1132 2041 1206; x_wconf 86' lang='lat' dir='ltr'>expeditio-</span> 
     </span>
    </p>
   </div>
   <div class='ocr_carea' id='block_1_12' title="bbox 378 1222 2045 1300">
    <p class='ocr_par' dir='ltr' id='par_1_12' title="bbox 378 1222 2045 1300">
     <span class='ocr_line' id='line_1_12' title="bbox 378 1222 2045 1300; baseline -0.005 -14"><span class='ocrx_word' id='word_1_55' title='bbox 378 1246 517 1286; x_wconf 89' lang='lat' dir='ltr'>nem</span> <span class='ocrx_word' id='word_1_56' title='bbox 548 1228 1264 1300; x_wconf 82' lang='lat' dir='ltr'>fecere.occuparuntque</span> <span class='ocrx_word' id='word_1_57' title='bbox 1284 1225 1626 1280; x_wconf 84' lang='lat' dir='ltr'>Armeniam</span> <span class='ocrx_word' id='word_1_58' title='bbox 1659 1229 1720 1278; x_wconf 87' lang='lat' dir='ltr'>et</span> <span class='ocrx_word' id='word_1_59' title='bbox 1747 1222 2045 1296; x_wconf 88' lang='lat' dir='ltr'>Cappado-</span> 
     </span>
    </p>
   </div>
   <div class='ocr_carea' id='block_1_13' title="bbox 380 1313 2043 1389">
    <p class='ocr_par' dir='ltr' id='par_1_13' title="bbox 380 1313 2043 1389">
     <span class='ocr_line' id='line_1_13' title="bbox 380 1313 2043 1389; baseline -0.004 -15"><span class='ocrx_word' id='word_1_60' title='bbox 380 1319 555 1389; x_wconf 83' lang='lat' dir='ltr'>ciam,</span> <span class='ocrx_word' id='word_1_61' title='bbox 616 1320 1073 1389; x_wconf 79' lang='lat' dir='ltr'>Romanumque</span> <span class='ocrx_word' id='word_1_62' title='bbox 1132 1315 1458 1371; x_wconf 84' lang='lat' dir='ltr'>exercitum</span> <span class='ocrx_word' id='word_1_63' title='bbox 1504 1314 1825 1369; x_wconf 87' lang='lat' dir='ltr'>fuderunt:</span> <span class='ocrx_word' id='word_1_64' title='bbox 1870 1313 2043 1385; x_wconf 86' lang='lat' dir='ltr'>potiti</span> 
     </span>
    </p>
   </div>
   <div class='ocr_carea' id='block_1_14' title="bbox 379 1401 2047 1477">
    <p class='ocr_par' dir='ltr' id='par_1_14' title="bbox 379 1401 2047 1477">
     <span class='ocr_line' id='line_1_14' title="bbox 379 1401 2047 1477; baseline -0.004 -13"><span class='ocrx_word' id='word_1_65' title='bbox 379 1412 523 1464; x_wconf 91' lang='lat' dir='ltr'>sunt</span> <span class='ocrx_word' id='word_1_66' title='bbox 554 1408 735 1464; x_wconf 86' lang='lat' dir='ltr'>etiam</span> <span class='ocrx_word' id='word_1_67' title='bbox 769 1406 998 1462; x_wconf 80' lang='lat' dir='ltr'>Galatia</span> <span class='ocrx_word' id='word_1_68' title='bbox 1027 1410 1086 1460; x_wconf 90' lang='lat' dir='ltr'>et</span> <span class='ocrx_word' id='word_1_69' title='bbox 1113 1404 1605 1477; x_wconf 82' lang='lat' dir='ltr'>Paphlagonia,et</span> <span class='ocrx_word' id='word_1_70' title='bbox 1633 1403 1705 1458; x_wconf 86' lang='lat' dir='ltr'>ad</span> <span class='ocrx_word' id='word_1_71' title='bbox 1728 1401 2047 1458; x_wconf 85' lang='lat' dir='ltr'>Chalcedo-</span> 
     </span>
    </p>
   </div>
   <div class='ocr_carea' id='block_1_15' title="bbox 378 1493 2041 1571">
    <p class='ocr_par' dir='ltr' id='par_1_15' title="bbox 378 1493 2041 1571">
     <span class='ocr_line' id='line_1_15' title="bbox 378 1493 2041 1571; baseline -0.005 -15"><span class='ocrx_word' id='word_1_72' title='bbox 378 1516 521 1556; x_wconf 92' lang='lat' dir='ltr'>nem</span> <span class='ocrx_word' id='word_1_73' title='bbox 553 1514 742 1571; x_wconf 90' lang='lat' dir='ltr'>usque</span> <span class='ocrx_word' id='word_1_74' title='bbox 763 1497 1061 1571; x_wconf 80' lang='lat' dir='ltr'>progressi</span> <span class='ocrx_word' id='word_1_75' title='bbox 1093 1501 1254 1564; x_wconf 91' lang='lat' dir='ltr'>sunt,</span> <span class='ocrx_word' id='word_1_76' title='bbox 1277 1495 1479 1551; x_wconf 88' lang='lat' dir='ltr'>omnia</span> <span class='ocrx_word' id='word_1_77' title='bbox 1508 1493 2041 1566; x_wconf 81' lang='lat' dir='ltr'>papulando.lnte-</span> 
     </span>
    </p>
   </div>
   <div class='ocr_carea' id='block_1_16' title="bbox 374 1581 2041 1658">
    <p class='ocr_par' dir='ltr' id='par_1_16' title="bbox 374 1581 2041 1658">
     <span class='ocr_line' id='line_1_16' title="bbox 374 1581 2041 1658; baseline -0.004 -15"><span class='ocrx_word' id='word_1_78' title='bbox 374 1588 494 1643; x_wconf 92' lang='lat' dir='ltr'>rim</span> <span class='ocrx_word' id='word_1_79' title='bbox 524 1586 721 1642; x_wconf 85' lang='lat' dir='ltr'>Persis</span> <span class='ocrx_word' id='word_1_80' title='bbox 747 1585 892 1641; x_wconf 89' lang='lat' dir='ltr'>foris</span> <span class='ocrx_word' id='word_1_81' title='bbox 949 1584 1383 1658; x_wconf 84' lang='lat' dir='ltr'>grassantibus,</span> <span class='ocrx_word' id='word_1_82' title='bbox 1416 1584 1643 1639; x_wconf 89' lang='lat' dir='ltr'>Phocas</span> <span class='ocrx_word' id='word_1_83' title='bbox 1674 1584 1758 1637; x_wconf 87' lang='lat' dir='ltr'>rei</span> <span class='ocrx_word' id='word_1_84' title='bbox 1791 1581 2041 1654; x_wconf 70' lang='lat' dir='ltr'>publica)</span> 
     </span>
    </p>
   </div>
   <div class='ocr_carea' id='block_1_17' title="bbox 372 1674 1335 1749">
    <p class='ocr_par' dir='ltr' id='par_1_17' title="bbox 372 1674 1335 1749">
     <span class='ocr_line' id='line_1_17' title="bbox 372 1674 1335 1749; baseline -0.005 -16"><span class='ocrx_word' id='word_1_85' title='bbox 372 1677 534 1733; x_wconf 91' lang='lat' dir='ltr'>domi</span> <span class='ocrx_word' id='word_1_86' title='bbox 563 1676 830 1749; x_wconf 84' lang='lat' dir='ltr'>graviora</span> <span class='ocrx_word' id='word_1_87' title='bbox 851 1675 1058 1730; x_wconf 85' lang='lat' dir='ltr'>intulit</span> <span class='ocrx_word' id='word_1_88' title='bbox 1093 1674 1335 1729; x_wconf 90' lang='lat' dir='ltr'>damna.</span> 
     </span>
    </p>
   </div>
   <div class='ocr_carea' id='block_1_18' title="bbox 441 1760 2038 1843">
    <p class='ocr_par' dir='ltr' id='par_1_18' title="bbox 441 1760 2038 1843">
     <span class='ocr_line' id='line_1_18' title="bbox 441 1760 2038 1843; baseline -0.004 -21"><span class='ocrx_word' id='word_1_89' title='bbox 441 1769 612 1822; x_wconf 82' lang='lat' dir='ltr'>Anno</span> <span class='ocrx_word' id='word_1_90' title='bbox 643 1769 869 1832; x_wconf 90' lang='lat' dir='ltr'>octavo,</span> <span class='ocrx_word' id='word_1_91' title='bbox 899 1764 1129 1818; x_wconf 72' lang='lat' dir='ltr'>Hebraei</span> <span class='ocrx_word' id='word_1_92' title='bbox 1187 1763 1288 1833; x_wconf 88' lang='lat' dir='ltr'>qui</span> <span class='ocrx_word' id='word_1_93' title='bbox 1335 1762 1669 1818; x_wconf 66' lang='lat' dir='ltr'>Antiochia:</span> <span class='ocrx_word' id='word_1_94' title='bbox 1722 1760 2038 1843; x_wconf 57' lang='lat' dir='ltr'>degebant,</span> 
     </span>
    </p>
   </div>
   <div class='ocr_carea' id='block_1_19' title="bbox 2160 601 3829 680">
    <p class='ocr_par' dir='ltr' id='par_1_19' title="bbox 2160 601 3829 680">
     <span class='ocr_line' id='line_1_19' title="bbox 2160 601 3829 680; baseline 0.005 -28"><span class='ocrx_word' id='word_1_95' title='bbox 2160 602 2330 653; x_wconf 83' lang='grc' dir='ltr'>Φωκᾶ</span> <span class='ocrx_word' id='word_1_96' title='bbox 2357 601 2644 675; x_wconf 85' lang='grc' dir='ltr'>γινόμενα,</span> <span class='ocrx_word' id='word_1_97' title='bbox 2674 602 2869 676; x_wconf 81' lang='grc' dir='ltr'>γράφει</span> <span class='ocrx_word' id='word_1_98' title='bbox 2897 604 3038 678; x_wconf 83' lang='grc' dir='ltr'>πρὸς</span> <span class='ocrx_word' id='word_1_99' title='bbox 3084 601 3412 679; x_wconf 83' lang='grc' dir='ltr'>Ἡράκλειον</span> <span class='ocrx_word' id='word_1_100' title='bbox 3469 604 3564 660; x_wconf 88' lang='grc' dir='ltr'>τὸν</span> <span class='ocrx_word' id='word_1_101' title='bbox 3625 606 3829 680; x_wconf 88' lang='grc' dir='ltr'>πατρί-</span> 
     </span>
    </p>
   </div>
   <div class='ocr_carea' id='block_1_20' title="bbox 2156 689 3820 768">
    <p class='ocr_par' dir='ltr' id='par_1_20' title="bbox 2156 689 3820 768">
     <span class='ocr_line' id='line_1_20' title="bbox 2156 689 3820 768; baseline 0.005 -28"><span class='ocrx_word' id='word_1_102' title='bbox 2156 706 2273 741; x_wconf 88' lang='grc' dir='ltr'>κιον</span> <span class='ocrx_word' id='word_1_103' title='bbox 2301 689 2391 742; x_wconf 87' lang='grc' dir='ltr'>καὶ</span> <span class='ocrx_word' id='word_1_104' title='bbox 2424 691 2731 767; x_wconf 89' lang='grc' dir='ltr'>στρατηγὸν</span> <span class='ocrx_word' id='word_1_105' title='bbox 2785 692 3051 767; x_wconf 69' lang='grc' dir='ltr'>Ἀφρικῆς</span> <span class='ocrx_word' id='word_1_106' title='bbox 3109 694 3246 765; x_wconf 84' lang='grc'>(28),</span> <span class='ocrx_word' id='word_1_107' title='bbox 3305 691 3456 755; x_wconf 74' lang='grc' dir='ltr'>ὅπως</span> <span class='ocrx_word' id='word_1_108' title='bbox 3513 693 3820 768; x_wconf 71' lang='grc' dir='ltr'>ἀποστείλῃ</span> 
     </span>
    </p>
   </div>
   <div class='ocr_carea' id='block_1_21' title="bbox 2154 774 3820 854">
    <p class='ocr_par' dir='ltr' id='par_1_21' title="bbox 2154 774 3820 854">
     <span class='ocr_line' id='line_1_21' title="bbox 2154 774 3820 854; baseline 0.005 -24"><span class='ocrx_word' id='word_1_109' title='bbox 2154 774 2476 851; x_wconf 79' lang='grc' dir='ltr'>Ἡράκλειον</span> <span class='ocrx_word' id='word_1_110' title='bbox 2556 780 2649 834; x_wconf 89' lang='grc' dir='ltr'>τὸν</span> <span class='ocrx_word' id='word_1_111' title='bbox 2706 780 2823 835; x_wconf 76' lang='grc' dir='ltr'>υἱὸν</span> <span class='ocrx_word' id='word_1_112' title='bbox 2876 779 3043 836; x_wconf 78' lang='grc' dir='ltr'>αὐτοῦ</span> <span class='ocrx_word' id='word_1_113' title='bbox 3094 780 3186 835; x_wconf 87' lang='grc' dir='ltr'>καὶ</span> <span class='ocrx_word' id='word_1_114' title='bbox 3252 783 3499 854; x_wconf 77' lang='grc' dir='ltr'>Νικήτην</span> <span class='ocrx_word' id='word_1_115' title='bbox 3550 784 3643 838; x_wconf 89' lang='grc' dir='ltr'>τὸν</span> <span class='ocrx_word' id='word_1_116' title='bbox 3699 783 3820 838; x_wconf 74' lang='grc' dir='ltr'>υἱὸν</span> 
     </span>
    </p>
   </div>
   <div class='ocr_carea' id='block_1_22' title="bbox 2156 867 3830 945">
    <p class='ocr_par' dir='ltr' id='par_1_22' title="bbox 2156 867 3830 945">
     <span class='ocr_line' id='line_1_22' title="bbox 2156 867 3830 945; baseline 0.006 -27"><span class='ocrx_word' id='word_1_117' title='bbox 2156 870 2410 941; x_wconf 86' lang='grc' dir='ltr'>Γρηγορᾶ</span> <span class='ocrx_word' id='word_1_118' title='bbox 2437 867 2755 945; x_wconf 87' lang='grc' dir='ltr'>πατρίκιον,</span> <span class='ocrx_word' id='word_1_119' title='bbox 2802 870 2894 925; x_wconf 84' lang='grc' dir='ltr'>τὸν</span> <span class='ocrx_word' id='word_1_120' title='bbox 2958 869 3371 945; x_wconf 83' lang='grc' dir='ltr'>ὑποστράτηγον</span> <span class='ocrx_word' id='word_1_121' title='bbox 3428 871 3621 940; x_wconf 72' lang='grc' dir='ltr'>αὐτοῦ,</span> <span class='ocrx_word' id='word_1_122' title='bbox 3672 874 3830 937; x_wconf 83' lang='grc' dir='ltr'>ὃπως</span> 
     </span>
    </p>
   </div>
   <div class='ocr_carea' id='block_1_23' title="bbox 2154 952 3822 1036">
    <p class='ocr_par' dir='ltr' id='par_1_23' title="bbox 2154 952 3822 1036">
     <span class='ocr_line' id='line_1_23' title="bbox 2154 952 3822 1036; baseline 0.005 -28"><span class='ocrx_word' id='word_1_123' title='bbox 2154 952 2357 1010; x_wconf 78' lang='grc' dir='ltr'>ἔλθωσι</span> <span class='ocrx_word' id='word_1_124' title='bbox 2383 957 2520 1013; x_wconf 83' lang='grc' dir='ltr'>κατὰ</span> <span class='ocrx_word' id='word_1_125' title='bbox 2577 962 2675 1013; x_wconf 80' lang='grc' dir='ltr'>τοῦ</span> <span class='ocrx_word' id='word_1_126' title='bbox 2728 959 3013 1034; x_wconf 85' lang='grc' dir='ltr'>τυράννου·</span> <span class='ocrx_word' id='word_1_127' title='bbox 3063 960 3233 1030; x_wconf 75' lang='grc' dir='ltr'>ἤκουε</span> <span class='ocrx_word' id='word_1_128' title='bbox 3295 961 3396 1036; x_wconf 73' lang='grc' dir='ltr'>γὰρ</span> <span class='ocrx_word' id='word_1_129' title='bbox 3453 963 3568 1016; x_wconf 90' lang='grc' dir='ltr'>κατ’</span> <span class='ocrx_word' id='word_1_130' title='bbox 3654 962 3822 1018; x_wconf 81' lang='grc' dir='ltr'>αύτοῦ</span> 
     </span>
    </p>
   </div>
   <div class='ocr_carea' id='block_1_24' title="bbox 2156 1042 3251 1124">
    <p class='ocr_par' dir='ltr' id='par_1_24' title="bbox 2156 1042 3251 1124">
     <span class='ocr_line' id='line_1_24' title="bbox 2156 1042 3251 1124; baseline 0.006 -26"><span class='ocrx_word' id='word_1_131' title='bbox 2156 1042 2545 1118; x_wconf 83' lang='grc' dir='ltr'>μελετωμὲνην</span> <span class='ocrx_word' id='word_1_132' title='bbox 2573 1050 2700 1123; x_wconf 89' lang='grc' dir='ltr'>παρ’</span> <span class='ocrx_word' id='word_1_133' title='bbox 2732 1049 2913 1104; x_wconf 81' lang='grc' dir='ltr'>αὐτῶν</span> <span class='ocrx_word' id='word_1_134' title='bbox 2944 1048 3251 1124; x_wconf 86' lang='grc' dir='ltr'>ἀνταρσίαν.</span> 
     </span>
    </p>
   </div>
   <div class='ocr_carea' id='block_1_25' title="bbox 2224 1133 3824 1219">
    <p class='ocr_par' dir='ltr' id='par_1_25' title="bbox 2224 1133 3824 1219">
     <span class='ocr_line' id='line_1_25' title="bbox 2224 1133 3824 1219; baseline 0.003 -29"><span class='ocrx_word' id='word_1_135' title='bbox 2224 1137 2320 1206; x_wconf 83' lang='grc' dir='ltr'>Τῷ</span> <span class='ocrx_word' id='word_1_136' title='bbox 2354 1140 2394 1204; x_wconf 74' lang='grc' dir='ltr'>ζ’</span> <span class='ocrx_word' id='word_1_137' title='bbox 2424 1133 2551 1205; x_wconf 70' lang='grc' dir='ltr'>ἔτει,</span> <span class='ocrx_word' id='word_1_138' title='bbox 2590 1138 2643 1191; x_wconf 78' lang='grc' dir='ltr'>οἱ</span> <span class='ocrx_word' id='word_1_139' title='bbox 2673 1139 2873 1213; x_wconf 90' lang='grc' dir='ltr'>Πέρσαι</span> <span class='ocrx_word' id='word_1_140' title='bbox 2928 1139 3160 1210; x_wconf 75' lang='grc' dir='ltr'>ἐξῆλθον</span> <span class='ocrx_word' id='word_1_141' title='bbox 3223 1140 3316 1193; x_wconf 87' lang='grc' dir='ltr'>σὺν</span> <span class='ocrx_word' id='word_1_142' title='bbox 3373 1145 3455 1213; x_wconf 79' lang='grc' dir='ltr'>τῷ</span> <span class='ocrx_word' id='word_1_143' title='bbox 3494 1137 3824 1219; x_wconf 82' lang='grc' dir='ltr'>Καρδαρίχᾳ</span> 
     </span>
    </p>
   </div>
   <div class='ocr_carea' id='block_1_26' title="bbox 2152 1219 3818 1303">
    <p class='ocr_par' dir='ltr' id='par_1_26' title="bbox 2152 1219 3818 1303">
     <span class='ocr_line' id='line_1_26' title="bbox 2152 1219 3818 1303; baseline 0.005 -28"><span class='ocrx_word' id='word_1_144' title='bbox 2152 1221 2244 1275; x_wconf 81' lang='grc' dir='ltr'>καὶ</span> <span class='ocrx_word' id='word_1_145' title='bbox 2274 1219 2589 1298; x_wconf 80' lang='grc' dir='ltr'>παρέλαϐον</span> <span class='ocrx_word' id='word_1_146' title='bbox 2619 1226 2911 1300; x_wconf 80' lang='grc' dir='ltr'>’Δρμενίαν</span> <span class='ocrx_word' id='word_1_147' title='bbox 2971 1227 3063 1282; x_wconf 81' lang='grc' dir='ltr'>καὶ</span> <span class='ocrx_word' id='word_1_148' title='bbox 3120 1225 3540 1298; x_wconf 87' lang='grc' dir='ltr'>Καππαδοκίαν,</span> <span class='ocrx_word' id='word_1_149' title='bbox 3590 1223 3818 1303; x_wconf 74' lang='grc' dir='ltr'>ἔτρεψαν</span> 
     </span>
    </p>
   </div>
   <div class='ocr_carea' id='block_1_27' title="bbox 2153 1307 3825 1391">
    <p class='ocr_par' dir='ltr' id='par_1_27' title="bbox 2153 1307 3825 1391">
     <span class='ocr_line' id='line_1_27' title="bbox 2153 1307 3825 1391; baseline 0.005 -27"><span class='ocrx_word' id='word_1_150' title='bbox 2153 1307 2211 1365; x_wconf 76' lang='grc' dir='ltr'>δὲ</span> <span class='ocrx_word' id='word_1_151' title='bbox 2232 1312 2324 1366; x_wconf 87' lang='grc' dir='ltr'>καὶ</span> <span class='ocrx_word' id='word_1_152' title='bbox 2353 1312 2482 1378; x_wconf 85' lang='grc' dir='ltr'>τοὺς</span> <span class='ocrx_word' id='word_1_153' title='bbox 2510 1314 2841 1388; x_wconf 83' lang='grc' dir='ltr'>Ῥωμαίους.</span> <span class='ocrx_word' id='word_1_154' title='bbox 2879 1312 3201 1391; x_wconf 73' lang='grc' dir='ltr'>ιΙαρέλαὸον</span> <span class='ocrx_word' id='word_1_155' title='bbox 3233 1314 3290 1371; x_wconf 72' lang='grc' dir='ltr'>δὶ</span> <span class='ocrx_word' id='word_1_156' title='bbox 3336 1317 3427 1371; x_wconf 83' lang='grc' dir='ltr'>καὶ</span> <span class='ocrx_word' id='word_1_157' title='bbox 3485 1319 3585 1385; x_wconf 82' lang='grc' dir='ltr'>τήν</span> <span class='ocrx_word' id='word_1_158' title='bbox 3639 1318 3825 1373; x_wconf 89' lang='grc' dir='ltr'>Γαλα-</span> 
     </span>
    </p>
   </div>
   <div class='ocr_carea' id='block_1_28' title="bbox 2148 1400 3822 1481">
    <p class='ocr_par' dir='ltr' id='par_1_28' title="bbox 2148 1400 3822 1481">
     <span class='ocr_line' id='line_1_28' title="bbox 2148 1400 3822 1481; baseline 0.004 -26"><span class='ocrx_word' id='word_1_159' title='bbox 2148 1401 2265 1456; x_wconf 88' lang='grc' dir='ltr'>τίαν</span> <span class='ocrx_word' id='word_1_160' title='bbox 2294 1401 2385 1456; x_wconf 86' lang='grc' dir='ltr'>καὶ</span> <span class='ocrx_word' id='word_1_161' title='bbox 2419 1400 2826 1481; x_wconf 79' lang='grc' dir='ltr'>Παφλαγονίαν,</span> <span class='ocrx_word' id='word_1_162' title='bbox 2857 1404 2949 1459; x_wconf 86' lang='grc' dir='ltr'>καὶ</span> <span class='ocrx_word' id='word_1_163' title='bbox 3007 1402 3182 1474; x_wconf 84' lang='grc' dir='ltr'>ἦλθον</span> <span class='ocrx_word' id='word_1_164' title='bbox 3246 1402 3415 1481; x_wconf 80' lang='grc' dir='ltr'>μέχρι</span> <span class='ocrx_word' id='word_1_165' title='bbox 3462 1404 3822 1478; x_wconf 80' lang='grc' dir='ltr'>Χαλκηδόνος</span> 
     </span>
    </p>
   </div>
   <div class='ocr_carea' id='block_1_29' title="bbox 2152 1487 3820 1571">
    <p class='ocr_par' dir='ltr' id='par_1_29' title="bbox 2152 1487 3820 1571">
     <span class='ocr_line' id='line_1_29' title="bbox 2152 1487 3820 1571; baseline 0.004 -26"><span class='ocrx_word' id='word_1_166' title='bbox 2152 1487 2548 1565; x_wconf 82' lang='grc' dir='ltr'>λυμαινόμενοι</span> <span class='ocrx_word' id='word_1_167' title='bbox 2568 1490 2806 1571; x_wconf 84' lang='grc' dir='ltr'>ἀφειδῶς</span> <span class='ocrx_word' id='word_1_168' title='bbox 2837 1499 3011 1548; x_wconf 82' lang='grc' dir='ltr'>πᾶσαν</span> <span class='ocrx_word' id='word_1_169' title='bbox 3035 1494 3280 1563; x_wconf 81' lang='grc' dir='ltr'>ἡλικίαν.</span> <span class='ocrx_word' id='word_1_170' title='bbox 3314 1495 3414 1550; x_wconf 83' lang='grc' dir='ltr'>Καὶ</span> <span class='ocrx_word' id='word_1_171' title='bbox 3444 1497 3495 1551; x_wconf 71' lang='grc' dir='ltr'>οἱ</span> <span class='ocrx_word' id='word_1_172' title='bbox 3556 1495 3651 1568; x_wconf 73' lang='grc' dir='ltr'>μὲν</span> <span class='ocrx_word' id='word_1_173' title='bbox 3683 1495 3820 1570; x_wconf 83' lang='grc' dir='ltr'>Πέρ-</span> 
     </span>
    </p>
   </div>
   <div class='ocr_carea' id='block_1_30' title="bbox 2148 1574 3818 1659">
    <p class='ocr_par' dir='ltr' id='par_1_30' title="bbox 2148 1574 3818 1659">
     <span class='ocr_line' id='line_1_30' title="bbox 2148 1574 3818 1659; baseline 0.004 -26"><span class='ocrx_word' id='word_1_174' title='bbox 2148 1600 2235 1634; x_wconf 88' lang='grc' dir='ltr'>σαι</span> <span class='ocrx_word' id='word_1_175' title='bbox 2268 1574 2370 1650; x_wconf 80' lang='grc' dir='ltr'>ἕξω</span> <span class='ocrx_word' id='word_1_176' title='bbox 2394 1587 2498 1651; x_wconf 89' lang='grc' dir='ltr'>τῆς</span> <span class='ocrx_word' id='word_1_177' title='bbox 2545 1581 2766 1645; x_wconf 89' lang='grc' dir='ltr'>πόλεως</span> <span class='ocrx_word' id='word_1_178' title='bbox 2827 1582 3171 1659; x_wconf 73' lang='grc' dir='ltr'>ἐτυράννουν,</span> <span class='ocrx_word' id='word_1_179' title='bbox 3231 1585 3260 1639; x_wconf 99' lang='lat'>6</span> <span class='ocrx_word' id='word_1_180' title='bbox 3319 1581 3378 1639; x_wconf 70' lang='grc' dir='ltr'>δὲ</span> <span class='ocrx_word' id='word_1_181' title='bbox 3431 1590 3631 1647; x_wconf 80' lang='grc' dir='ltr'>Φωκᾶς</span> <span class='ocrx_word' id='word_1_182' title='bbox 3662 1581 3818 1640; x_wconf 82' lang='grc' dir='ltr'>ἔνδον</span> 
     </span>
    </p>
   </div>
   <div class='ocr_carea' id='block_1_31' title="bbox 2151 1668 2805 1745">
    <p class='ocr_par' dir='ltr' id='par_1_31' title="bbox 2151 1668 2805 1745">
     <span class='ocr_line' id='line_1_31' title="bbox 2151 1668 2805 1745; baseline 0.012 -22"><span class='ocrx_word' id='word_1_183' title='bbox 2151 1668 2369 1745; x_wconf 66' lang='grc' dir='ltr'>χείρονα</span> <span class='ocrx_word' id='word_1_184' title='bbox 2399 1669 2575 1726; x_wconf 78' lang='grc' dir='ltr'>αὐτῶν</span> <span class='ocrx_word' id='word_1_185' title='bbox 2609 1672 2805 1731; x_wconf 79' lang='grc' dir='ltr'>ἐποίει.</span> 
     </span>
    </p>
   </div>
   <div class='ocr_carea' id='block_1_32' title="bbox 2218 1754 3817 1839">
    <p class='ocr_par' dir='ltr' id='par_1_32' title="bbox 2218 1754 3817 1839">
     <span class='ocr_line' id='line_1_32' title="bbox 2218 1754 3817 1839; baseline 0.002 -23"><span class='ocrx_word' id='word_1_186' title='bbox 2218 1760 2311 1830; x_wconf 87' lang='grc' dir='ltr'>Τῷ</span> <span class='ocrx_word' id='word_1_187' title='bbox 2396 1766 2449 1831; x_wconf 88' lang='grc' dir='ltr'>η’</span> <span class='ocrx_word' id='word_1_188' title='bbox 2530 1754 2660 1830; x_wconf 81' lang='grc' dir='ltr'>ἔτει,</span> <span class='ocrx_word' id='word_1_189' title='bbox 2722 1762 2888 1817; x_wconf 81' lang='grc' dir='ltr'>αὐτοῦ</span> <span class='ocrx_word' id='word_1_190' title='bbox 2945 1761 3351 1832; x_wconf 86' lang='grc' dir='ltr'>ἀτακτήσαντες</span> <span class='ocrx_word' id='word_1_191' title='bbox 3410 1764 3463 1817; x_wconf 79' lang='grc' dir='ltr'>οἱ</span> <span class='ocrx_word' id='word_1_192' title='bbox 3511 1765 3817 1839; x_wconf 85' lang='grc' dir='ltr'>Ἀντιοχεῖς</span> 
     </span>
    </p>
   </div>
   <div class='ocr_carea' id='block_1_33' title="bbox 371 1843 2023 1930">
    <p class='ocr_par' dir='ltr' id='par_1_33' title="bbox 371 1852 2023 1917">
     <span class='ocr_line' id='line_1_33' title="bbox 371 1852 2023 1917; baseline -0.004 -6"><span class='ocrx_word' id='word_1_193' title='bbox 371 1856 732 1912; x_wconf 89' lang='lat' dir='ltr'>seditionem</span> <span class='ocrx_word' id='word_1_194' title='bbox 764 1852 1045 1910; x_wconf 88' lang='lat' dir='ltr'>adversus</span> <span class='ocrx_word' id='word_1_195' title='bbox 1083 1852 1451 1908; x_wconf 89' lang='lat' dir='ltr'>Christianos</span> <span class='ocrx_word' id='word_1_196' title='bbox 1484 1856 1817 1917; x_wconf 88' lang='lat' dir='ltr'>moverunt,</span> <span class='ocrx_word' id='word_1_197' title='bbox 1850 1852 2023 1905; x_wconf 30' lang='lat' dir='ltr'>inter‘</span> 
     </span>
    </p>
   </div>
   <div class='ocr_carea' id='block_1_34' title="bbox 2142 1843 3819 1930">
    <p class='ocr_par' dir='ltr' id='par_1_34' title="bbox 2150 1843 3819 1927">
     <span class='ocr_line' id='line_1_34' title="bbox 2150 1843 3819 1927; baseline 0.002 -23"><span class='ocrx_word' id='word_1_198' title='bbox 2150 1843 2396 1922; x_wconf 78' lang='grc' dir='ltr'>Ἑϐραῖοι</span> <span class='ocrx_word' id='word_1_199' title='bbox 2456 1852 2641 1905; x_wconf 81' lang='grc' dir='ltr'>στάσιν</span> <span class='ocrx_word' id='word_1_200' title='bbox 2727 1848 2992 1921; x_wconf 77' lang='grc' dir='ltr'>ἐποίησαν</span> <span class='ocrx_word' id='word_1_201' title='bbox 3083 1852 3219 1907; x_wconf 85' lang='grc' dir='ltr'>κατᾶ</span> <span class='ocrx_word' id='word_1_202' title='bbox 3296 1853 3659 1927; x_wconf 75' lang='grc' dir='ltr'>Χριστιανῶν,</span> <span class='ocrx_word' id='word_1_203' title='bbox 3722 1852 3819 1908; x_wconf 81' lang='grc' dir='ltr'>καὶ</span> 
     </span>
    </p>
   </div>
   <div class='ocr_carea' id='block_1_35' title="bbox 374 1941 2042 2017">
    <p class='ocr_par' dir='ltr' id='par_1_35' title="bbox 374 1941 2042 2017">
     <span class='ocr_line' id='line_1_35' title="bbox 374 1941 2042 2017; baseline -0.004 -16"><span class='ocrx_word' id='word_1_204' title='bbox 374 1946 762 2017; x_wconf 81' lang='lat' dir='ltr'>feceruntque</span> <span class='ocrx_word' id='word_1_205' title='bbox 781 1943 1164 1999; x_wconf 82' lang='lat' dir='ltr'>Anastasium</span> <span class='ocrx_word' id='word_1_206' title='bbox 1184 1958 1467 2015; x_wconf 87' lang='lat' dir='ltr'>magnum</span> <span class='ocrx_word' id='word_1_207' title='bbox 1491 1942 1894 2013; x_wconf 86' lang='lat' dir='ltr'>patriarcham</span> <span class='ocrx_word' id='word_1_208' title='bbox 1910 1941 2042 2013; x_wconf 84' lang='lat' dir='ltr'>ejus</span> 
     </span>
    </p>
   </div>
   <div class='ocr_carea' id='block_1_36' title="bbox 372 2031 2042 2106">
    <p class='ocr_par' dir='ltr' id='par_1_36' title="bbox 372 2031 2042 2106">
     <span class='ocr_line' id='line_1_36' title="bbox 372 2031 2042 2106; baseline -0.004 -15"><span class='ocrx_word' id='word_1_209' title='bbox 372 2035 562 2104; x_wconf 87' lang='lat' dir='ltr'>urbis,</span> <span class='ocrx_word' id='word_1_210' title='bbox 595 2033 891 2106; x_wconf 87' lang='lat' dir='ltr'>pudendis</span> <span class='ocrx_word' id='word_1_211' title='bbox 923 2032 1054 2105; x_wconf 89' lang='lat' dir='ltr'>ejus</span> <span class='ocrx_word' id='word_1_212' title='bbox 1085 2032 1146 2087; x_wconf 92' lang='lat' dir='ltr'>in</span> <span class='ocrx_word' id='word_1_213' title='bbox 1175 2049 1240 2087; x_wconf 91' lang='lat' dir='ltr'>os</span> <span class='ocrx_word' id='word_1_214' title='bbox 1271 2032 1460 2103; x_wconf 89' lang='lat' dir='ltr'>ipsius</span> <span class='ocrx_word' id='word_1_215' title='bbox 1492 2032 1669 2087; x_wconf 88' lang='lat' dir='ltr'>etiam</span> <span class='ocrx_word' id='word_1_216' title='bbox 1694 2031 1957 2097; x_wconf 88' lang='lat' dir='ltr'>insertis,</span> <span class='ocrx_word' id='word_1_217' title='bbox 1975 2046 2042 2085; x_wconf 91' lang='lat' dir='ltr'>ac</span> 
     </span>
    </p>
   </div>
   <div class='ocr_carea' id='block_1_37' title="bbox 368 2120 2042 2182">
    <p class='ocr_par' dir='ltr' id='par_1_37' title="bbox 368 2120 2042 2182">
     <span class='ocr_line' id='line_1_37' title="bbox 368 2120 2042 2182; baseline -0.004 0"><span class='ocrx_word' id='word_1_218' title='bbox 368 2142 509 2182; x_wconf 89' lang='lat' dir='ltr'>cum</span> <span class='ocrx_word' id='word_1_219' title='bbox 560 2141 628 2180; x_wconf 90' lang='lat' dir='ltr'>eo</span> <span class='ocrx_word' id='word_1_220' title='bbox 687 2123 909 2180; x_wconf 89' lang='lat' dir='ltr'>multos</span> <span class='ocrx_word' id='word_1_221' title='bbox 965 2123 1121 2177; x_wconf 84' lang='lat' dir='ltr'>cives</span> <span class='ocrx_word' id='word_1_222' title='bbox 1170 2120 1639 2177; x_wconf 86' lang='lat' dir='ltr'>trucidaverunt.</span> <span class='ocrx_word' id='word_1_223' title='bbox 1701 2121 1787 2175; x_wconf 89' lang='lat' dir='ltr'>lbi</span> <span class='ocrx_word' id='word_1_224' title='bbox 1816 2121 2042 2176; x_wconf 89' lang='lat' dir='ltr'>Phocas</span> 
     </span>
    </p>
   </div>
   <div class='ocr_carea' id='block_1_38' title="bbox 367 2209 2042 2282">
    <p class='ocr_par' dir='ltr' id='par_1_38' title="bbox 367 2209 2042 2282">
     <span class='ocr_line' id='line_1_38' title="bbox 367 2209 2042 2282; baseline -0.004 -12"><span class='ocrx_word' id='word_1_225' title='bbox 367 2215 667 2270; x_wconf 90' lang='lat' dir='ltr'>Bonosum</span> <span class='ocrx_word' id='word_1_226' title='bbox 686 2212 945 2269; x_wconf 89' lang='lat' dir='ltr'>Orientis</span> <span class='ocrx_word' id='word_1_227' title='bbox 972 2211 1586 2282; x_wconf 89' lang='lat' dir='ltr'>comitem,Copanam</span> <span class='ocrx_word' id='word_1_228' title='bbox 1615 2210 1915 2265; x_wconf 85' lang='lat' dir='ltr'>exercitus</span> <span class='ocrx_word' id='word_1_229' title='bbox 1932 2209 2042 2264; x_wconf 84' lang='lat' dir='ltr'>du—</span> 
     </span>
    </p>
   </div>
   <div class='ocr_carea' id='block_1_39' title="bbox 366 2299 2043 2371">
    <p class='ocr_par' dir='ltr' id='par_1_39' title="bbox 366 2299 2043 2371">
     <span class='ocr_line' id='line_1_39' title="bbox 366 2299 2043 2371; baseline -0.004 -12"><span class='ocrx_word' id='word_1_230' title='bbox 366 2309 595 2359; x_wconf 91' lang='lat' dir='ltr'>ctorem</span> <span class='ocrx_word' id='word_1_231' title='bbox 626 2308 808 2370; x_wconf 89' lang='lat' dir='ltr'>creat,</span> <span class='ocrx_word' id='word_1_232' title='bbox 843 2317 1062 2371; x_wconf 90' lang='lat' dir='ltr'>eosque</span> <span class='ocrx_word' id='word_1_233' title='bbox 1094 2304 1303 2355; x_wconf 90' lang='lat' dir='ltr'>contra</span> <span class='ocrx_word' id='word_1_234' title='bbox 1330 2299 1566 2355; x_wconf 71' lang='lat' dir='ltr'>Judaaos</span> <span class='ocrx_word' id='word_1_235' title='bbox 1589 2299 1801 2356; x_wconf 89' lang='lat' dir='ltr'>mittit.</span> <span class='ocrx_word' id='word_1_236' title='bbox 1846 2299 1892 2355; x_wconf 93' lang='lat' dir='ltr'>Ii</span> <span class='ocrx_word' id='word_1_237' title='bbox 1913 2314 2043 2353; x_wconf 90' lang='lat' dir='ltr'>ma-</span> 
     </span>
    </p>
   </div>
   <div class='ocr_carea' id='block_1_40' title="bbox 370 2386 2042 2465">
    <p class='ocr_par' dir='ltr' id='par_1_40' title="bbox 370 2386 2042 2465">
     <span class='ocr_line' id='line_1_40' title="bbox 370 2386 2042 2465; baseline -0.002 -18"><span class='ocrx_word' id='word_1_238' title='bbox 370 2407 549 2465; x_wconf 85' lang='lat' dir='ltr'>gnam</span> <span class='ocrx_word' id='word_1_239' title='bbox 579 2391 919 2449; x_wconf 66' lang='lat' dir='ltr'>Iudaeorum</span> <span class='ocrx_word' id='word_1_240' title='bbox 941 2388 1165 2444; x_wconf 62' lang='lat' dir='ltr'>caedem</span> <span class='ocrx_word' id='word_1_241' title='bbox 1191 2406 1259 2444; x_wconf 92' lang='lat' dir='ltr'>eo</span> <span class='ocrx_word' id='word_1_242' title='bbox 1283 2387 1463 2444; x_wconf 91' lang='lat' dir='ltr'>delati</span> <span class='ocrx_word' id='word_1_243' title='bbox 1487 2386 2042 2454; x_wconf 86' lang='lat' dir='ltr'>ediderunt,multis</span> 
     </span>
    </p>
   </div>
   <div class='ocr_carea' id='block_1_41' title="bbox 371 2476 2044 2550">
    <p class='ocr_par' dir='ltr' id='par_1_41' title="bbox 371 2476 2044 2550">
     <span class='ocr_line' id='line_1_41' title="bbox 371 2476 2044 2550; baseline -0.004 -13"><span class='ocrx_word' id='word_1_244' title='bbox 371 2481 643 2538; x_wconf 85' lang='lat' dir='ltr'>membra</span> <span class='ocrx_word' id='word_1_245' title='bbox 674 2486 940 2536; x_wconf 86' lang='lat' dir='ltr'>extrema</span> <span class='ocrx_word' id='word_1_246' title='bbox 969 2482 1356 2550; x_wconf 83' lang='lat' dir='ltr'>amputath</span> <span class='ocrx_word' id='word_1_247' title='bbox 1387 2482 1447 2532; x_wconf 90' lang='lat' dir='ltr'>et</span> <span class='ocrx_word' id='word_1_248' title='bbox 1476 2494 1578 2532; x_wconf 90' lang='lat' dir='ltr'>eos</span> <span class='ocrx_word' id='word_1_249' title='bbox 1612 2477 1760 2532; x_wconf 85' lang='lat' dir='ltr'>urbe</span> <span class='ocrx_word' id='word_1_250' title='bbox 1806 2476 2044 2549; x_wconf 85' lang='lat' dir='ltr'>expule-</span> 
     </span>
    </p>
   </div>
   <div class='ocr_carea' id='block_1_42' title="bbox 371 2566 2040 2639">
    <p class='ocr_par' dir='ltr' id='par_1_42' title="bbox 371 2566 2040 2639">
     <span class='ocr_line' id='line_1_42' title="bbox 371 2566 2040 2639; baseline -0.003 -13"><span class='ocrx_word' id='word_1_251' title='bbox 371 2574 537 2626; x_wconf 89' lang='lat' dir='ltr'>runt.</span> <span class='ocrx_word' id='word_1_252' title='bbox 552 2569 796 2624; x_wconf 84' lang='lat' dir='ltr'>Interim</span> <span class='ocrx_word' id='word_1_253' title='bbox 830 2567 1137 2624; x_wconf 87' lang='lat' dir='ltr'>Heraclius</span> <span class='ocrx_word' id='word_1_254' title='bbox 1160 2583 1292 2622; x_wconf 91' lang='lat' dir='ltr'>cum</span> <span class='ocrx_word' id='word_1_255' title='bbox 1308 2582 1525 2639; x_wconf 80' lang='lat' dir='ltr'>magna</span> <span class='ocrx_word' id='word_1_256' title='bbox 1539 2573 1597 2622; x_wconf 91' lang='lat' dir='ltr'>et</span> <span class='ocrx_word' id='word_1_257' title='bbox 1608 2571 1838 2623; x_wconf 87' lang='lat' dir='ltr'>armata</span> <span class='ocrx_word' id='word_1_258' title='bbox 1852 2566 2040 2622; x_wconf 88' lang='lat' dir='ltr'>classe</span> 
     </span>
    </p>
   </div>
   <div class='ocr_carea' id='block_1_43' title="bbox 364 2656 2036 2732">
    <p class='ocr_par' dir='ltr' id='par_1_43' title="bbox 364 2656 2036 2732">
     <span class='ocr_line' id='line_1_43' title="bbox 364 2656 2036 2732; baseline -0.003 -17"><span class='ocrx_word' id='word_1_259' title='bbox 364 2659 578 2732; x_wconf 91' lang='lat' dir='ltr'>Cpolin</span> <span class='ocrx_word' id='word_1_260' title='bbox 630 2658 897 2730; x_wconf 84' lang='lat' dir='ltr'>appellit,</span> <span class='ocrx_word' id='word_1_261' title='bbox 959 2673 1161 2713; x_wconf 90' lang='lat' dir='ltr'>secum</span> <span class='ocrx_word' id='word_1_262' title='bbox 1214 2656 1410 2712; x_wconf 89' lang='lat' dir='ltr'>ferens</span> <span class='ocrx_word' id='word_1_263' title='bbox 1479 2657 1658 2711; x_wconf 89' lang='lat' dir='ltr'>etiam</span> <span class='ocrx_word' id='word_1_264' title='bbox 1708 2656 2036 2712; x_wconf 87' lang='lat' dir='ltr'>Servatoris</span> 
     </span>
    </p>
   </div>
   <div class='ocr_carea' id='block_1_44' title="bbox 370 2745 2035 2820">
    <p class='ocr_par' dir='ltr' id='par_1_44' title="bbox 370 2745 2035 2820">
     <span class='ocr_line' id='line_1_44' title="bbox 370 2745 2035 2820; baseline -0.001 -16"><span class='ocrx_word' id='word_1_265' title='bbox 370 2748 561 2804; x_wconf 86' lang='lat' dir='ltr'>nostri</span> <span class='ocrx_word' id='word_1_266' title='bbox 596 2748 918 2820; x_wconf 80' lang='lat' dir='ltr'>imaginem</span> <span class='ocrx_word' id='word_1_267' title='bbox 949 2745 1117 2801; x_wconf 91' lang='lat' dir='ltr'>nullo</span> <span class='ocrx_word' id='word_1_268' title='bbox 1139 2762 1351 2801; x_wconf 89' lang='lat' dir='ltr'>manus</span> <span class='ocrx_word' id='word_1_269' title='bbox 1369 2746 1703 2800; x_wconf 88' lang='lat' dir='ltr'>ministerio</span> <span class='ocrx_word' id='word_1_270' title='bbox 1720 2745 2035 2802; x_wconf 78' lang='lat' dir='ltr'>factamJn</span> 
     </span>
    </p>
   </div>
   <div class='ocr_carea' id='block_1_45' title="bbox 374 2834 2036 2910">
    <p class='ocr_par' dir='ltr' id='par_1_45' title="bbox 374 2834 2036 2910">
     <span class='ocr_line' id='line_1_45' title="bbox 374 2834 2036 2910; baseline -0.002 -17"><span class='ocrx_word' id='word_1_271' title='bbox 374 2842 552 2910; x_wconf 91' lang='lat' dir='ltr'>portu</span> <span class='ocrx_word' id='word_1_272' title='bbox 582 2837 815 2909; x_wconf 69' lang='lat' dir='ltr'>Sophim</span> <span class='ocrx_word' id='word_1_273' title='bbox 837 2835 1029 2891; x_wconf 87' lang='lat' dir='ltr'>navali</span> <span class='ocrx_word' id='word_1_274' title='bbox 1061 2834 1267 2907; x_wconf 71' lang='lat' dir='ltr'>praelio</span> <span class='ocrx_word' id='word_1_275' title='bbox 1319 2834 1641 2890; x_wconf 90' lang='lat' dir='ltr'>commisso</span> <span class='ocrx_word' id='word_1_276' title='bbox 1666 2835 1823 2889; x_wconf 87' lang='lat' dir='ltr'>inter</span> <span class='ocrx_word' id='word_1_277' title='bbox 1853 2835 2036 2890; x_wconf 87' lang='lat' dir='ltr'>Hera-</span> 
     </span>
    </p>
   </div>
   <div class='ocr_carea' id='block_1_46' title="bbox 374 2924 2037 2996">
    <p class='ocr_par' dir='ltr' id='par_1_46' title="bbox 374 2924 2037 2996">
     <span class='ocr_line' id='line_1_46' title="bbox 374 2924 2037 2996; baseline -0.002 -14"><span class='ocrx_word' id='word_1_278' title='bbox 374 2927 558 2982; x_wconf 90' lang='lat' dir='ltr'>clium</span> <span class='ocrx_word' id='word_1_279' title='bbox 589 2931 648 2981; x_wconf 92' lang='lat' dir='ltr'>et</span> <span class='ocrx_word' id='word_1_280' title='bbox 675 2925 956 2994; x_wconf 90' lang='lat' dir='ltr'>Phocam,</span> <span class='ocrx_word' id='word_1_281' title='bbox 987 2924 1316 2996; x_wconf 87' lang='lat' dir='ltr'>ﬂagitiosus</span> <span class='ocrx_word' id='word_1_282' title='bbox 1351 2925 1574 2979; x_wconf 87' lang='lat' dir='ltr'>Phocas</span> <span class='ocrx_word' id='word_1_283' title='bbox 1630 2929 1944 2996; x_wconf 88' lang='lat' dir='ltr'>superatus</span> <span class='ocrx_word' id='word_1_284' title='bbox 1974 2925 2037 2979; x_wconf 91' lang='lat' dir='ltr'>in</span> 
     </span>
    </p>
   </div>
   <div class='ocr_carea' id='block_1_47' title="bbox 375 3013 2033 3088">
    <p class='ocr_par' dir='ltr' id='par_1_47' title="bbox 375 3013 2033 3088">
     <span class='ocr_line' id='line_1_47' title="bbox 375 3013 2033 3088; baseline -0.002 -16"><span class='ocrx_word' id='word_1_285' title='bbox 375 3016 601 3088; x_wconf 89' lang='lat' dir='ltr'>regiam</span> <span class='ocrx_word' id='word_1_286' title='bbox 650 3015 934 3087; x_wconf 86' lang='lat' dir='ltr'>confugit.</span> <span class='ocrx_word' id='word_1_287' title='bbox 995 3016 1140 3069; x_wconf 91' lang='lat' dir='ltr'>Tum</span> <span class='ocrx_word' id='word_1_288' title='bbox 1191 3013 1481 3070; x_wconf 89' lang='lat' dir='ltr'>Photinus</span> <span class='ocrx_word' id='word_1_289' title='bbox 1540 3014 1804 3085; x_wconf 86' lang='lat' dir='ltr'>quidam,</span> <span class='ocrx_word' id='word_1_290' title='bbox 1860 3031 2033 3086; x_wconf 79' lang='lat' dir='ltr'>cujus</span> 
     </span>
    </p>
   </div>
   <div class='ocr_carea' id='block_1_48' title="bbox 368 3102 2034 3175">
    <p class='ocr_par' dir='ltr' id='par_1_48' title="bbox 368 3102 2034 3175">
     <span class='ocr_line' id='line_1_48' title="bbox 368 3102 2034 3175; baseline -0.001 -15"><span class='ocrx_word' id='word_1_291' title='bbox 368 3105 540 3161; x_wconf 88' lang='lat' dir='ltr'>uxori</span> <span class='ocrx_word' id='word_1_292' title='bbox 572 3106 799 3160; x_wconf 88' lang='lat' dir='ltr'>Phocas</span> <span class='ocrx_word' id='word_1_293' title='bbox 831 3109 1104 3175; x_wconf 88' lang='lat' dir='ltr'>stuprum</span> <span class='ocrx_word' id='word_1_294' title='bbox 1144 3102 1451 3172; x_wconf 86' lang='lat' dir='ltr'>intulerat,</span> <span class='ocrx_word' id='word_1_295' title='bbox 1493 3103 1555 3157; x_wconf 91' lang='lat' dir='ltr'>in</span> <span class='ocrx_word' id='word_1_296' title='bbox 1615 3104 1838 3175; x_wconf 88' lang='lat' dir='ltr'>regiam</span> <span class='ocrx_word' id='word_1_297' title='bbox 1898 3119 2034 3159; x_wconf 89' lang='lat' dir='ltr'>cum</span> 
     </span>
    </p>
   </div>
   <div class='ocr_carea' id='block_1_49' title="bbox 2146 1937 3814 2017">
    <p class='ocr_par' dir='ltr' id='par_1_49' title="bbox 2146 1937 3814 2017">
     <span class='ocr_line' id='line_1_49' title="bbox 2146 1937 3814 2017; baseline 0.004 -26"><span class='ocrx_word' id='word_1_298' title='bbox 2146 1937 2581 2015; x_wconf 82' lang='grc' dir='ltr'>ἀποσφάττουσιν</span> <span class='ocrx_word' id='word_1_299' title='bbox 2635 1940 2989 1997; x_wconf 82' lang='grc' dir='ltr'>Ἀναστάσιον</span> <span class='ocrx_word' id='word_1_300' title='bbox 3060 1942 3153 1995; x_wconf 85' lang='grc' dir='ltr'>τὸν</span> <span class='ocrx_word' id='word_1_301' title='bbox 3207 1942 3372 2015; x_wconf 86' lang='grc' dir='ltr'>μέγαν</span> <span class='ocrx_word' id='word_1_302' title='bbox 3457 1942 3814 2017; x_wconf 86' lang='grc' dir='ltr'>πατριάρχην</span> 
     </span>
    </p>
   </div>
   <div class='ocr_carea' id='block_1_50' title="bbox 2148 2026 3819 2105">
    <p class='ocr_par' dir='ltr' id='par_1_50' title="bbox 2148 2026 3819 2105">
     <span class='ocr_line' id='line_1_50' title="bbox 2148 2026 3819 2105; baseline 0.003 -24"><span class='ocrx_word' id='word_1_303' title='bbox 2148 2026 2517 2105; x_wconf 79' lang='grc' dir='ltr'>’Δντιοχείας,</span> <span class='ocrx_word' id='word_1_304' title='bbox 2557 2026 2819 2103; x_wconf 84' lang='grc' dir='ltr'>βαλόντες</span> <span class='ocrx_word' id='word_1_305' title='bbox 2849 2029 2949 2096; x_wconf 79' lang='grc' dir='ltr'>τήν</span> <span class='ocrx_word' id='word_1_306' title='bbox 2993 2028 3152 2105; x_wconf 88' lang='grc' dir='ltr'>φύσιν</span> <span class='ocrx_word' id='word_1_307' title='bbox 3209 2028 3382 2084; x_wconf 68' lang='grc' dir='ltr'>αὐτοῦ</span> <span class='ocrx_word' id='word_1_308' title='bbox 3432 2029 3484 2084; x_wconf 88' lang='grc' dir='ltr'>ἐν</span> <span class='ocrx_word' id='word_1_309' title='bbox 3547 2035 3627 2102; x_wconf 82' lang='grc' dir='ltr'>τῷ</span> <span class='ocrx_word' id='word_1_310' title='bbox 3688 2030 3819 2086; x_wconf 85' lang='grc' dir='ltr'>στό-</span> 
     </span>
    </p>
   </div>
   <div class='ocr_carea' id='block_1_51' title="bbox 2152 2114 3814 2187">
    <p class='ocr_par' dir='ltr' id='par_1_51' title="bbox 2152 2114 3814 2187">
     <span class='ocr_line' id='line_1_51' title="bbox 2152 2114 3814 2187; baseline 0.005 -19"><span class='ocrx_word' id='word_1_311' title='bbox 2152 2135 2280 2187; x_wconf 88' lang='grc' dir='ltr'>ματι</span> <span class='ocrx_word' id='word_1_312' title='bbox 2312 2115 2500 2172; x_wconf 75' lang='grc' dir='ltr'>αὐτοῦ.</span> <span class='ocrx_word' id='word_1_313' title='bbox 2536 2115 2642 2170; x_wconf 83' lang='grc' dir='ltr'>Σὺν</span> <span class='ocrx_word' id='word_1_314' title='bbox 2669 2117 2822 2187; x_wconf 82' lang='grc' dir='ltr'>αὖτῷ</span> <span class='ocrx_word' id='word_1_315' title='bbox 2860 2118 2953 2171; x_wconf 85' lang='grc' dir='ltr'>καὶ</span> <span class='ocrx_word' id='word_1_316' title='bbox 3011 2114 3261 2180; x_wconf 81' lang='grc' dir='ltr'>πολλοὺς</span> <span class='ocrx_word' id='word_1_317' title='bbox 3313 2123 3421 2173; x_wconf 86' lang='grc' dir='ltr'>τῶν</span> <span class='ocrx_word' id='word_1_318' title='bbox 3476 2119 3814 2176; x_wconf 69' lang='grc' dir='ltr'>Ἀντιοχέων</span> 
     </span>
    </p>
   </div>
   <div class='ocr_carea' id='block_1_52' title="bbox 2147 2203 3822 2282">
    <p class='ocr_par' dir='ltr' id='par_1_52' title="bbox 2147 2203 3822 2282">
     <span class='ocr_line' id='line_1_52' title="bbox 2147 2203 3822 2282; baseline 0.004 -24"><span class='ocrx_word' id='word_1_319' title='bbox 2147 2206 2501 2280; x_wconf 74' lang='grc' dir='ltr'>κατέσφαξαν.</span> <span class='ocrx_word' id='word_1_320' title='bbox 2535 2206 2597 2263; x_wconf 92' lang='grc' dir='ltr'>Ὁ</span> <span class='ocrx_word' id='word_1_321' title='bbox 2647 2203 2705 2260; x_wconf 74' lang='grc' dir='ltr'>δὲ</span> <span class='ocrx_word' id='word_1_322' title='bbox 2758 2212 2958 2267; x_wconf 80' lang='grc' dir='ltr'>Φωκᾶς</span> <span class='ocrx_word' id='word_1_323' title='bbox 3020 2205 3257 2263; x_wconf 89' lang='grc' dir='ltr'>Βόνοσον</span> <span class='ocrx_word' id='word_1_324' title='bbox 3310 2207 3535 2282; x_wconf 89' lang='grc' dir='ltr'>κόμητα</span> <span class='ocrx_word' id='word_1_325' title='bbox 3593 2210 3822 2266; x_wconf 85' lang='grc' dir='ltr'>Ἀνατο-</span> 
     </span>
    </p>
   </div>
   <div class='ocr_carea' id='block_1_53' title="bbox 2149 2290 3822 2371">
    <p class='ocr_par' dir='ltr' id='par_1_53' title="bbox 2149 2290 3822 2371">
     <span class='ocr_line' id='line_1_53' title="bbox 2149 2290 3822 2371; baseline 0.004 -23"><span class='ocrx_word' id='word_1_326' title='bbox 2149 2290 2254 2363; x_wconf 90' lang='grc' dir='ltr'>λῆς</span> <span class='ocrx_word' id='word_1_327' title='bbox 2313 2297 2428 2367; x_wconf 83' lang='grc'>(29)</span> <span class='ocrx_word' id='word_1_328' title='bbox 2486 2295 2580 2348; x_wconf 87' lang='grc' dir='ltr'>καὶ</span> <span class='ocrx_word' id='word_1_329' title='bbox 2636 2300 2890 2353; x_wconf 83' lang='grc' dir='ltr'>Κοπανᾶν</span> <span class='ocrx_word' id='word_1_330' title='bbox 2952 2293 3334 2371; x_wconf 84' lang='grc' dir='ltr'>στρατηλάτην</span> <span class='ocrx_word' id='word_1_331' title='bbox 3391 2299 3631 2368; x_wconf 76' lang='grc' dir='ltr'>ποιήσας</span> <span class='ocrx_word' id='word_1_332' title='bbox 3688 2298 3822 2355; x_wconf 83' lang='grc' dir='ltr'>ἀπέ-</span> 
     </span>
    </p>
   </div>
   <div class='ocr_carea' id='block_1_54' title="bbox 2148 2382 3824 2450">
    <p class='ocr_par' dir='ltr' id='par_1_54' title="bbox 2148 2382 3824 2450">
     <span class='ocr_line' id='line_1_54' title="bbox 2148 2382 3824 2450; baseline 0.004 -13"><span class='ocrx_word' id='word_1_333' title='bbox 2148 2382 2356 2438; x_wconf 78' lang='grc' dir='ltr'>στειλεν</span> <span class='ocrx_word' id='word_1_334' title='bbox 2390 2383 2591 2446; x_wconf 84' lang='grc' dir='ltr'>αὐτοὺς</span> <span class='ocrx_word' id='word_1_335' title='bbox 2622 2385 2744 2439; x_wconf 89' lang='grc' dir='ltr'>κατ’</span> <span class='ocrx_word' id='word_1_336' title='bbox 2773 2383 2974 2439; x_wconf 82' lang='grc' dir='ltr'>αὐτῶν·</span> <span class='ocrx_word' id='word_1_337' title='bbox 3038 2386 3126 2447; x_wconf 81' lang='grc' dir='ltr'>οῖς</span> <span class='ocrx_word' id='word_1_338' title='bbox 3187 2383 3505 2449; x_wconf 76' lang='grc' dir='ltr'>ἐπελθόντες</span> <span class='ocrx_word' id='word_1_339' title='bbox 3564 2384 3824 2450; x_wconf 75' lang='grc' dir='ltr'>πολλοὺς</span> 
     </span>
    </p>
   </div>
   <div class='ocr_carea' id='block_1_55' title="bbox 2149 2469 3824 2549">
    <p class='ocr_par' dir='ltr' id='par_1_55' title="bbox 2149 2469 3824 2549">
     <span class='ocr_line' id='line_1_55' title="bbox 2149 2469 3824 2549; baseline 0.004 -24"><span class='ocrx_word' id='word_1_340' title='bbox 2149 2469 2437 2549; x_wconf 72' lang='grc' dir='ltr'>ἐφόνευσαν</span> <span class='ocrx_word' id='word_1_341' title='bbox 2489 2471 2579 2527; x_wconf 84' lang='grc' dir='ltr'>καὶ</span> <span class='ocrx_word' id='word_1_342' title='bbox 2640 2473 3030 2549; x_wconf 81' lang='grc' dir='ltr'>ήκρωτηρίσαν</span> <span class='ocrx_word' id='word_1_343' title='bbox 3088 2474 3178 2529; x_wconf 86' lang='grc' dir='ltr'>καὶ</span> <span class='ocrx_word' id='word_1_344' title='bbox 3262 2480 3363 2544; x_wconf 86' lang='grc' dir='ltr'>τῆς</span> <span class='ocrx_word' id='word_1_345' title='bbox 3416 2473 3635 2538; x_wconf 87' lang='grc' dir='ltr'>πόλεως</span> <span class='ocrx_word' id='word_1_346' title='bbox 3693 2475 3824 2547; x_wconf 79' lang='grc' dir='ltr'>ἐξώ-</span> 
     </span>
    </p>
   </div>
   <div class='ocr_carea' id='block_1_56' title="bbox 2147 2557 3819 2641">
    <p class='ocr_par' dir='ltr' id='par_1_56' title="bbox 2147 2557 3819 2641">
     <span class='ocr_line' id='line_1_56' title="bbox 2147 2557 3819 2641; baseline 0.004 -27"><span class='ocrx_word' id='word_1_347' title='bbox 2147 2561 2411 2634; x_wconf 74' lang='grc' dir='ltr'>ρισαν,⁶0</span> <span class='ocrx_word' id='word_1_348' title='bbox 2455 2557 2513 2616; x_wconf 73' lang='grc' dir='ltr'>δὲ</span> <span class='ocrx_word' id='word_1_349' title='bbox 2560 2560 2910 2635; x_wconf 84' lang='grc' dir='ltr'>Ἡράκλειος,</span> <span class='ocrx_word' id='word_1_350' title='bbox 2968 2568 3143 2618; x_wconf 78' lang='grc' dir='ltr'>πλοῖα</span> <span class='ocrx_word' id='word_1_351' title='bbox 3198 2561 3386 2618; x_wconf 80' lang='grc' dir='ltr'>πολλὰ</span> <span class='ocrx_word' id='word_1_352' title='bbox 3439 2563 3489 2637; x_wconf 79' lang='grc' dir='ltr'>ἐξ</span> <span class='ocrx_word' id='word_1_353' title='bbox 3551 2566 3819 2641; x_wconf 75' lang='grc' dir='ltr'>Ἀφρικῆς</span> 
     </span>
    </p>
   </div>
   <div class='ocr_carea' id='block_1_57' title="bbox 2146 2648 3816 2726">
    <p class='ocr_par' dir='ltr' id='par_1_57' title="bbox 2146 2648 3816 2726">
     <span class='ocr_line' id='line_1_57' title="bbox 2146 2648 3816 2726; baseline 0.005 -23"><span class='ocrx_word' id='word_1_354' title='bbox 2146 2648 2439 2719; x_wconf 78' lang='grc' dir='ltr'>ἐξοπλίσας</span> <span class='ocrx_word' id='word_1_355' title='bbox 2470 2649 2561 2704; x_wconf 88' lang='grc' dir='ltr'>καὶ</span> <span class='ocrx_word' id='word_1_356' title='bbox 2596 2650 2845 2726; x_wconf 89' lang='grc' dir='ltr'>στρατὸν,</span> <span class='ocrx_word' id='word_1_357' title='bbox 2877 2653 2977 2721; x_wconf 76' lang='grc' dir='ltr'>τὴν</span> <span class='ocrx_word' id='word_1_358' title='bbox 3034 2652 3611 2709; x_wconf 89' lang='grc' dir='ltr'>Κωνσταντινούπολιν</span> <span class='ocrx_word' id='word_1_359' title='bbox 3653 2654 3816 2711; x_wconf 86' lang='grc' dir='ltr'>κατέ-</span> 
     </span>
    </p>
   </div>
   <div class='ocr_carea' id='block_1_58' title="bbox 2146 2734 3820 2818">
    <p class='ocr_par' dir='ltr' id='par_1_58' title="bbox 2146 2734 3820 2818">
     <span class='ocr_line' id='line_1_58' title="bbox 2146 2734 3820 2818; baseline 0.005 -25"><span class='ocrx_word' id='word_1_360' title='bbox 2146 2734 2334 2811; x_wconf 81' lang='grc' dir='ltr'>λαϐεν,</span> <span class='ocrx_word' id='word_1_361' title='bbox 2388 2739 2783 2817; x_wconf 83' lang='grc' dir='ltr'>ἐπιφερόμενος</span> <span class='ocrx_word' id='word_1_362' title='bbox 2838 2742 2929 2796; x_wconf 82' lang='grc' dir='ltr'>καὶ</span> <span class='ocrx_word' id='word_1_363' title='bbox 2989 2743 3090 2811; x_wconf 82' lang='grc' dir='ltr'>τήν</span> <span class='ocrx_word' id='word_1_364' title='bbox 3141 2742 3577 2818; x_wconf 73' lang='grc' dir='ltr'>ἀχειροποίητον</span> <span class='ocrx_word' id='word_1_365' title='bbox 3636 2743 3820 2802; x_wconf 78' lang='grc' dir='ltr'>είκόνα</span> 
     </span>
    </p>
   </div>
   <div class='ocr_carea' id='block_1_59' title="bbox 2143 2829 3816 2907">
    <p class='ocr_par' dir='ltr' id='par_1_59' title="bbox 2143 2829 3816 2907">
     <span class='ocr_line' id='line_1_59' title="bbox 2143 2829 3816 2907; baseline 0.005 -24"><span class='ocrx_word' id='word_1_366' title='bbox 2143 2832 2254 2902; x_wconf 87' lang='grc'>(30)</span> <span class='ocrx_word' id='word_1_367' title='bbox 2313 2833 2410 2884; x_wconf 78' lang='grc' dir='ltr'>τοῦ</span> <span class='ocrx_word' id='word_1_368' title='bbox 2468 2829 2678 2904; x_wconf 89' lang='grc' dir='ltr'>Κυρίου</span> <span class='ocrx_word' id='word_1_369' title='bbox 2736 2829 2826 2885; x_wconf 83' lang='grc' dir='ltr'>καὶ</span> <span class='ocrx_word' id='word_1_370' title='bbox 2890 2834 3025 2886; x_wconf 79' lang='grc' dir='ltr'>Θεοῦ</span> <span class='ocrx_word' id='word_1_371' title='bbox 3083 2833 3243 2904; x_wconf 73' lang='grc' dir='ltr'>ἡμῶν</span> <span class='ocrx_word' id='word_1_372' title='bbox 3307 2834 3490 2904; x_wconf 79' lang='grc' dir='ltr'>Ἰησοῦ</span> <span class='ocrx_word' id='word_1_373' title='bbox 3545 2835 3816 2907; x_wconf 76' lang='grc' dir='ltr'>Χριστοῦ.</span> 
     </span>
    </p>
   </div>
   <div class='ocr_carea' id='block_1_60' title="bbox 2143 2918 3819 2996">
    <p class='ocr_par' dir='ltr' id='par_1_60' title="bbox 2143 2918 3819 2996">
     <span class='ocr_line' id='line_1_60' title="bbox 2143 2918 3819 2996; baseline 0.002 -21"><span class='ocrx_word' id='word_1_374' title='bbox 2143 2918 2242 2975; x_wconf 85' lang='grc' dir='ltr'>Καὶ</span> <span class='ocrx_word' id='word_1_375' title='bbox 2329 2918 2583 2992; x_wconf 77' lang='grc' dir='ltr'>πολέμου</span> <span class='ocrx_word' id='word_1_376' title='bbox 2675 2920 3045 2995; x_wconf 72' lang='grc' dir='ltr'>συρραγέντος</span> <span class='ocrx_word' id='word_1_377' title='bbox 3134 2920 3211 2985; x_wconf 90' lang='grc' dir='ltr'>εἰς</span> <span class='ocrx_word' id='word_1_378' title='bbox 3283 2922 3374 2976; x_wconf 90' lang='grc' dir='ltr'>τὸν</span> <span class='ocrx_word' id='word_1_379' title='bbox 3454 2921 3650 2996; x_wconf 83' lang='grc' dir='ltr'>λιμένα</span> <span class='ocrx_word' id='word_1_380' title='bbox 3713 2932 3819 2995; x_wconf 88' lang='grc' dir='ltr'>τῆς</span> 
     </span>
    </p>
   </div>
   <div class='ocr_carea' id='block_1_61' title="bbox 2145 3007 3810 3084">
    <p class='ocr_par' dir='ltr' id='par_1_61' title="bbox 2145 3007 3810 3084">
     <span class='ocr_line' id='line_1_61' title="bbox 2145 3007 3810 3084; baseline 0.004 -23"><span class='ocrx_word' id='word_1_381' title='bbox 2145 3007 2348 3082; x_wconf 87' lang='grc' dir='ltr'>Σοφίας</span> <span class='ocrx_word' id='word_1_382' title='bbox 2379 3010 2493 3082; x_wconf 87' lang='grc'>(31)</span> <span class='ocrx_word' id='word_1_383' title='bbox 2530 3007 2726 3079; x_wconf 80' lang='grc' dir='ltr'>μεταξὺ</span> <span class='ocrx_word' id='word_1_384' title='bbox 2762 3014 2933 3063; x_wconf 84' lang='grc' dir='ltr'>Φωκᾶ</span> <span class='ocrx_word' id='word_1_385' title='bbox 2989 3010 3077 3064; x_wconf 82' lang='grc' dir='ltr'>καὶ</span> <span class='ocrx_word' id='word_1_386' title='bbox 3141 3009 3492 3084; x_wconf 85' lang='grc' dir='ltr'>Ἡρακλείου,</span> <span class='ocrx_word' id='word_1_387' title='bbox 3550 3013 3810 3084; x_wconf 79' lang='grc' dir='ltr'>ἡττηθεὶς</span> 
     </span>
    </p>
   </div>
   <div class='ocr_carea' id='block_1_62' title="bbox 2142 3091 3804 3174">
    <p class='ocr_par' dir='ltr' id='par_1_62' title="bbox 2142 3091 3804 3174">
     <span class='ocr_line' id='line_1_62' title="bbox 2142 3091 3804 3174; baseline 0.004 -24"><span class='ocrx_word' id='word_1_388' title='bbox 2142 3098 2170 3150; x_wconf 91' lang='lat'>6</span> <span class='ocrx_word' id='word_1_389' title='bbox 2200 3094 2491 3170; x_wconf 79' lang='grc' dir='ltr'>ἀλιτήριος</span> <span class='ocrx_word' id='word_1_390' title='bbox 2524 3091 2711 3174; x_wconf 79' lang='grc' dir='ltr'>ἔφυγεν</span> <span class='ocrx_word' id='word_1_391' title='bbox 2745 3096 2824 3159; x_wconf 86' lang='grc' dir='ltr'>εἷς</span> <span class='ocrx_word' id='word_1_392' title='bbox 2852 3097 2920 3152; x_wconf 74' lang='grc' dir='ltr'>τὰ</span> <span class='ocrx_word' id='word_1_393' title='bbox 2973 3096 3248 3172; x_wconf 87' lang='grc' dir='ltr'>βασίλεια.</span> <span class='ocrx_word' id='word_1_394' title='bbox 3309 3101 3587 3163; x_wconf 80' lang='grc' dir='ltr'>Φωτεινὸς</span> <span class='ocrx_word' id='word_1_395' title='bbox 3617 3098 3676 3155; x_wconf 76' lang='grc' dir='ltr'>δέ</span> <span class='ocrx_word' id='word_1_396' title='bbox 3721 3122 3804 3163; x_wconf 90' lang='grc' dir='ltr'>τις</span> 
     </span>
    </p>
   </div>
   <div class='ocr_carea' id='block_1_63' title="bbox 364 3184 2023 3288">
    <p class='ocr_par' dir='ltr' id='par_1_63' title="bbox 364 3191 2023 3264">
     <span class='ocr_line' id='line_1_63' title="bbox 364 3191 2023 3264; baseline -0.001 -15"><span class='ocrx_word' id='word_1_397' title='bbox 364 3193 967 3264; x_wconf 87' lang='lat' dir='ltr'>militibusirrumpit,</span> <span class='ocrx_word' id='word_1_398' title='bbox 1002 3192 1260 3247; x_wconf 88' lang='lat' dir='ltr'>Phocam</span> <span class='ocrx_word' id='word_1_399' title='bbox 1291 3191 1689 3263; x_wconf 87' lang='lat' dir='ltr'>ignominiose</span> <span class='ocrx_word' id='word_1_400' title='bbox 1714 3191 1860 3247; x_wconf 89' lang='lat' dir='ltr'>solio</span> <span class='ocrx_word' id='word_1_401' title='bbox 1885 3192 2023 3264; x_wconf 90' lang='lat' dir='ltr'>deji-</span> 
     </span>
    </p>
   </div>
   <div class='ocr_carea' id='block_1_64' title="bbox 2142 3184 3804 3288">
    <p class='ocr_par' dir='ltr' id='par_1_64' title="bbox 2142 3184 3804 3264">
     <span class='ocr_line' id='line_1_64' title="bbox 2142 3184 3804 3264; baseline 0.004 -24"><span class='ocrx_word' id='word_1_402' title='bbox 2142 3186 2247 3241; x_wconf 79' lang='grc' dir='ltr'>ὒπὸ</span> <span class='ocrx_word' id='word_1_403' title='bbox 2270 3190 2439 3241; x_wconf 84' lang='grc' dir='ltr'>Φωκᾶ</span> <span class='ocrx_word' id='word_1_404' title='bbox 2468 3186 2544 3247; x_wconf 88' lang='grc' dir='ltr'>εἰς</span> <span class='ocrx_word' id='word_1_405' title='bbox 2572 3188 2675 3257; x_wconf 84' lang='grc' dir='ltr'>τήν</span> <span class='ocrx_word' id='word_1_406' title='bbox 2721 3186 2948 3263; x_wconf 83' lang='grc' dir='ltr'>σύζυγον</span> <span class='ocrx_word' id='word_1_407' title='bbox 3009 3184 3309 3259; x_wconf 85' lang='grc' dir='ltr'>ἀδικηθεὶς,</span> <span class='ocrx_word' id='word_1_408' title='bbox 3370 3186 3630 3245; x_wconf 79' lang='grc' dir='ltr'>εἰσελθὼν</span> <span class='ocrx_word' id='word_1_409' title='bbox 3668 3190 3804 3264; x_wconf 76' lang='grc' dir='ltr'>μετὰ</span> 
     </span>
    </p>
   </div>
   <div class='ocr_carea' id='block_1_65' title="bbox 356 3280 2027 3355">
    <p class='ocr_par' dir='ltr' id='par_1_65' title="bbox 356 3280 2027 3355">
     <span class='ocr_line' id='line_1_65' title="bbox 356 3280 2027 3355; baseline -0.001 -17"><span class='ocrx_word' id='word_1_410' title='bbox 356 3283 852 3355; x_wconf 86' lang='lat' dir='ltr'>cit,imperatoria</span> <span class='ocrx_word' id='word_1_411' title='bbox 863 3285 1027 3337; x_wconf 87' lang='lat' dir='ltr'>veste</span> <span class='ocrx_word' id='word_1_412' title='bbox 1040 3280 1571 3353; x_wconf 85' lang='lat' dir='ltr'>spoliat,nigraque</span> <span class='ocrx_word' id='word_1_413' title='bbox 1589 3281 2027 3336; x_wconf 87' lang='lat' dir='ltr'>circumdatum</span> 
     </span>
    </p>
   </div>
   <div class='ocr_carea' id='block_1_66' title="bbox 352 3369 2027 3441">
    <p class='ocr_par' dir='ltr' id='par_1_66' title="bbox 352 3369 2027 3441">
     <span class='ocr_line' id='line_1_66' title="bbox 352 3369 2027 3441; baseline -0.001 -13"><span class='ocrx_word' id='word_1_414' title='bbox 352 3378 519 3430; x_wconf 82' lang='lat' dir='ltr'>veste</span> <span class='ocrx_word' id='word_1_415' title='bbox 554 3378 615 3428; x_wconf 93' lang='lat' dir='ltr'>et</span> <span class='ocrx_word' id='word_1_416' title='bbox 642 3372 928 3428; x_wconf 88' lang='lat' dir='ltr'>numellis</span> <span class='ocrx_word' id='word_1_417' title='bbox 961 3371 1112 3426; x_wconf 73' lang='grc'>713</span> <span class='ocrx_word' id='word_1_418' title='bbox 1146 3369 1444 3426; x_wconf 90' lang='lat' dir='ltr'>inclusum</span> <span class='ocrx_word' id='word_1_419' title='bbox 1490 3371 1884 3441; x_wconf 90' lang='lat' dir='ltr'>contemptim</span> <span class='ocrx_word' id='word_1_420' title='bbox 1952 3370 2027 3426; x_wconf 90' lang='lat' dir='ltr'>ad</span> 
     </span>
    </p>
   </div>
   <div class='ocr_carea' id='block_1_67' title="bbox 353 3458 2028 3529">
    <p class='ocr_par' dir='ltr' id='par_1_67' title="bbox 353 3458 2028 3529">
     <span class='ocr_line' id='line_1_67' title="bbox 353 3458 2028 3529; baseline -0.001 -11"><span class='ocrx_word' id='word_1_421' title='bbox 353 3462 690 3518; x_wconf 82' lang='lat' dir='ltr'>Heraclium</span> <span class='ocrx_word' id='word_1_422' title='bbox 721 3460 985 3517; x_wconf 88' lang='lat' dir='ltr'>deducit.</span> <span class='ocrx_word' id='word_1_423' title='bbox 1017 3459 1127 3524; x_wconf 89' lang='lat' dir='ltr'>Qui</span> <span class='ocrx_word' id='word_1_424' title='bbox 1159 3464 1225 3513; x_wconf 90' lang='lat' dir='ltr'>ut</span> <span class='ocrx_word' id='word_1_425' title='bbox 1251 3458 1509 3529; x_wconf 90' lang='lat' dir='ltr'>primum</span> <span class='ocrx_word' id='word_1_426' title='bbox 1543 3459 1852 3528; x_wconf 85' lang='lat' dir='ltr'>conspexit</span> <span class='ocrx_word' id='word_1_427' title='bbox 1880 3460 2028 3516; x_wconf 90' lang='lat' dir='ltr'>Pho-</span> 
     </span>
    </p>
   </div>
   <div class='ocr_carea' id='block_1_68' title="bbox 353 3544 2023 3618">
    <p class='ocr_par' dir='ltr' id='par_1_68' title="bbox 353 3544 2023 3618">
     <span class='ocr_line' id='line_1_68' title="bbox 353 3544 2023 3618; baseline -0.002 -13"><span class='ocrx_word' id='word_1_428' title='bbox 353 3564 527 3605; x_wconf 87' lang='lat' dir='ltr'>cam:</span> <span class='ocrx_word' id='word_1_429' title='bbox 557 3549 752 3617; x_wconf 85' lang='lat' dir='ltr'>Miser,</span> <span class='ocrx_word' id='word_1_430' title='bbox 784 3548 1006 3618; x_wconf 89' lang='lat' dir='ltr'>inquit,</span> <span class='ocrx_word' id='word_1_431' title='bbox 1057 3546 1216 3601; x_wconf 85' lang='lat' dir='ltr'>itane</span> <span class='ocrx_word' id='word_1_432' title='bbox 1273 3560 1400 3599; x_wconf 91' lang='lat' dir='ltr'>rem</span> <span class='ocrx_word' id='word_1_433' title='bbox 1459 3544 1762 3616; x_wconf 90' lang='lat' dir='ltr'>publicam</span> <span class='ocrx_word' id='word_1_434' title='bbox 1810 3546 2023 3618; x_wconf 88' lang='lat' dir='ltr'>guber-</span> 
     </span>
    </p>
   </div>
   <div class='ocr_carea' id='block_1_69' title="bbox 359 3634 2027 3707">
    <p class='ocr_par' dir='ltr' id='par_1_69' title="bbox 359 3634 2027 3707">
     <span class='ocr_line' id='line_1_69' title="bbox 359 3634 2027 3707; baseline -0.001 -14"><span class='ocrx_word' id='word_1_435' title='bbox 359 3637 561 3694; x_wconf 79' lang='lat' dir='ltr'>nasti?</span> <span class='ocrx_word' id='word_1_436' title='bbox 609 3639 685 3692; x_wconf 83' lang='lat' dir='ltr'>At</span> <span class='ocrx_word' id='word_1_437' title='bbox 741 3636 1086 3707; x_wconf 88' lang='lat' dir='ltr'>deploratus</span> <span class='ocrx_word' id='word_1_438' title='bbox 1144 3634 1369 3689; x_wconf 88' lang='lat' dir='ltr'>Phocas</span> <span class='ocrx_word' id='word_1_439' title='bbox 1426 3634 1778 3704; x_wconf 87' lang='lat' dir='ltr'>respondit:</span> <span class='ocrx_word' id='word_1_440' title='bbox 1839 3637 2027 3691; x_wconf 89' lang='lat' dir='ltr'>Tuum</span> 
     </span>
    </p>
   </div>
   <div class='ocr_carea' id='block_1_70' title="bbox 360 3723 2029 3796">
    <p class='ocr_par' dir='ltr' id='par_1_70' title="bbox 360 3723 2029 3796">
     <span class='ocr_line' id='line_1_70' title="bbox 360 3723 2029 3796; baseline 0 -15"><span class='ocrx_word' id='word_1_441' title='bbox 360 3731 451 3781; x_wconf 86' lang='lat' dir='ltr'>est</span> <span class='ocrx_word' id='word_1_442' title='bbox 477 3725 699 3780; x_wconf 91' lang='lat' dir='ltr'>rectius</span> <span class='ocrx_word' id='word_1_443' title='bbox 725 3740 855 3780; x_wconf 89' lang='lat' dir='ltr'>eam</span> <span class='ocrx_word' id='word_1_444' title='bbox 887 3723 1283 3796; x_wconf 80' lang='lat' dir='ltr'>gerereJllico</span> <span class='ocrx_word' id='word_1_445' title='bbox 1303 3728 1503 3777; x_wconf 88' lang='lat' dir='ltr'>autem</span> <span class='ocrx_word' id='word_1_446' title='bbox 1528 3724 1832 3779; x_wconf 89' lang='lat' dir='ltr'>Heraclius</span> <span class='ocrx_word' id='word_1_447' title='bbox 1854 3725 2029 3796; x_wconf 89' lang='lat' dir='ltr'>jubet</span> 
     </span>
    </p>
   </div>
   <div class='ocr_carea' id='block_1_71' title="bbox 359 3813 2021 3886">
    <p class='ocr_par' dir='ltr' id='par_1_71' title="bbox 359 3813 2021 3886">
     <span class='ocr_line' id='line_1_71' title="bbox 359 3813 2021 3886; baseline 0.001 -16"><span class='ocrx_word' id='word_1_448' title='bbox 359 3831 575 3871; x_wconf 89' lang='lat' dir='ltr'>manus</span> <span class='ocrx_word' id='word_1_449' title='bbox 609 3819 667 3870; x_wconf 87' lang='lat' dir='ltr'>et</span> <span class='ocrx_word' id='word_1_450' title='bbox 697 3813 900 3885; x_wconf 88' lang='lat' dir='ltr'>pedes,</span> <span class='ocrx_word' id='word_1_451' title='bbox 934 3829 1072 3867; x_wconf 82' lang='lat' dir='ltr'>mox</span> <span class='ocrx_word' id='word_1_452' title='bbox 1104 3813 1385 3868; x_wconf 89' lang='lat' dir='ltr'>humeros</span> <span class='ocrx_word' id='word_1_453' title='bbox 1416 3817 1475 3866; x_wconf 92' lang='lat' dir='ltr'>et</span> <span class='ocrx_word' id='word_1_454' title='bbox 1506 3813 1783 3883; x_wconf 90' lang='lat' dir='ltr'>pudenda</span> <span class='ocrx_word' id='word_1_455' title='bbox 1812 3831 2021 3886; x_wconf 88' lang='lat' dir='ltr'>ampu-</span> 
     </span>
    </p>
   </div>
   <div class='ocr_carea' id='block_1_72' title="bbox 358 3902 2019 3977">
    <p class='ocr_par' dir='ltr' id='par_1_72' title="bbox 358 3902 2019 3977">
     <span class='ocr_line' id='line_1_72' title="bbox 358 3902 2019 3977; baseline 0.001 -18"><span class='ocrx_word' id='word_1_456' title='bbox 358 3903 746 3972; x_wconf 88' lang='lat' dir='ltr'>tari,tandem</span> <span class='ocrx_word' id='word_1_457' title='bbox 780 3909 839 3958; x_wconf 89' lang='lat' dir='ltr'>et</span> <span class='ocrx_word' id='word_1_458' title='bbox 868 3908 1063 3974; x_wconf 89' lang='lat' dir='ltr'>caput.</span> <span class='ocrx_word' id='word_1_459' title='bbox 1101 3903 1313 3957; x_wconf 90' lang='lat' dir='ltr'>Trunci</span> <span class='ocrx_word' id='word_1_460' title='bbox 1347 3903 1506 3973; x_wconf 93' lang='lat' dir='ltr'>quod</span> <span class='ocrx_word' id='word_1_461' title='bbox 1539 3902 1837 3973; x_wconf 89' lang='lat' dir='ltr'>reliquum</span> <span class='ocrx_word' id='word_1_462' title='bbox 1887 3906 2019 3977; x_wconf 85' lang='lat' dir='ltr'>fuit,</span> 
     </span>
    </p>
   </div>
   <div class='ocr_carea' id='block_1_73' title="bbox 356 3991 2019 4064">
    <p class='ocr_par' dir='ltr' id='par_1_73' title="bbox 356 3991 2019 4064">
     <span class='ocr_line' id='line_1_73' title="bbox 356 3991 2019 4064; baseline 0.001 -15"><span class='ocrx_word' id='word_1_463' title='bbox 356 3993 581 4049; x_wconf 87' lang='lat' dir='ltr'>milites</span> <span class='ocrx_word' id='word_1_464' title='bbox 597 3993 658 4047; x_wconf 90' lang='lat' dir='ltr'>in</span> <span class='ocrx_word' id='word_1_465' title='bbox 677 3992 807 4047; x_wconf 83' lang='lat' dir='ltr'>foro</span> <span class='ocrx_word' id='word_1_466' title='bbox 832 3993 997 4046; x_wconf 87' lang='lat' dir='ltr'>Bovis</span> <span class='ocrx_word' id='word_1_467' title='bbox 1020 3991 1492 4047; x_wconf 90' lang='lat' dir='ltr'>combusserunt.</span> <span class='ocrx_word' id='word_1_468' title='bbox 1511 3992 1595 4046; x_wconf 85' lang='lat' dir='ltr'>Ad</span> <span class='ocrx_word' id='word_1_469' title='bbox 1596 3993 1751 4064; x_wconf 87' lang='lat' dir='ltr'>juvit</span> <span class='ocrx_word' id='word_1_470' title='bbox 1770 3995 2019 4051; x_wconf 89' lang='lat' dir='ltr'>Heraclii</span> 
     </span>
    </p>
   </div>
   <div class='ocr_carea' id='block_1_74' title="bbox 352 4081 2018 4157">
    <p class='ocr_par' dir='ltr' id='par_1_74' title="bbox 352 4081 2018 4157">
     <span class='ocr_line' id='line_1_74' title="bbox 352 4081 2018 4157; baseline 0.001 -19"><span class='ocrx_word' id='word_1_471' title='bbox 352 4088 635 4139; x_wconf 88' lang='lat' dir='ltr'>conatum</span> <span class='ocrx_word' id='word_1_472' title='bbox 670 4082 852 4138; x_wconf 89' lang='lat' dir='ltr'>etiam</span> <span class='ocrx_word' id='word_1_473' title='bbox 883 4081 1338 4153; x_wconf 88' lang='lat' dir='ltr'>Crispus,gener</span> <span class='ocrx_word' id='word_1_474' title='bbox 1358 4082 1589 4149; x_wconf 66' lang='lat' dir='ltr'>P110633,</span> <span class='ocrx_word' id='word_1_475' title='bbox 1623 4098 1802 4153; x_wconf 88' lang='lat' dir='ltr'>quem</span> <span class='ocrx_word' id='word_1_476' title='bbox 1828 4085 2018 4157; x_wconf 86' lang='lat' dir='ltr'>impe-</span> 
     </span>
    </p>
   </div>
   <div class='ocr_carea' id='block_1_75' title="bbox 348 4170 2015 4244">
    <p class='ocr_par' dir='ltr' id='par_1_75' title="bbox 348 4170 2015 4244">
     <span class='ocr_line' id='line_1_75' title="bbox 348 4170 2015 4244; baseline 0.002 -16"><span class='ocrx_word' id='word_1_477' title='bbox 348 4174 439 4229; x_wconf 88' lang='lat' dir='ltr'>rio</span> <span class='ocrx_word' id='word_1_478' title='bbox 470 4173 698 4244; x_wconf 89' lang='lat' dir='ltr'>potitus</span> <span class='ocrx_word' id='word_1_479' title='bbox 720 4170 1025 4227; x_wconf 85' lang='lat' dir='ltr'>Heraclius</span> <span class='ocrx_word' id='word_1_480' title='bbox 1072 4171 1457 4242; x_wconf 85' lang='lat' dir='ltr'>Cappadociae</span> <span class='ocrx_word' id='word_1_481' title='bbox 1505 4173 1821 4244; x_wconf 60' lang='lat' dir='ltr'>praesidem</span> <span class='ocrx_word' id='word_1_482' title='bbox 1853 4175 2015 4231; x_wconf 82' lang='lat' dir='ltr'>fecit.</span> 
     </span>
    </p>
   </div>
   <div class='ocr_carea' id='block_1_76' title="bbox 346 4260 2014 4333">
    <p class='ocr_par' dir='ltr' id='par_1_76' title="bbox 346 4260 2014 4333">
     <span class='ocr_line' id='line_1_76' title="bbox 346 4260 2014 4333; baseline 0.001 -15"><span class='ocrx_word' id='word_1_483' title='bbox 346 4262 457 4318; x_wconf 88' lang='lat' dir='ltr'>Sed</span> <span class='ocrx_word' id='word_1_484' title='bbox 486 4277 622 4318; x_wconf 92' lang='lat' dir='ltr'>cum</span> <span class='ocrx_word' id='word_1_485' title='bbox 652 4260 894 4333; x_wconf 87' lang='lat' dir='ltr'>Crispus</span> <span class='ocrx_word' id='word_1_486' title='bbox 914 4260 997 4315; x_wconf 91' lang='lat' dir='ltr'>ibi</span> <span class='ocrx_word' id='word_1_487' title='bbox 1028 4260 1386 4315; x_wconf 89' lang='lat' dir='ltr'>seditionem</span> <span class='ocrx_word' id='word_1_488' title='bbox 1418 4263 2014 4330; x_wconf 87' lang='lat' dir='ltr'>moveret,Heraclius</span> 
     </span>
    </p>
   </div>
   <div class='ocr_carea' id='block_1_77' title="bbox 347 4347 2014 4421">
    <p class='ocr_par' dir='ltr' id='par_1_77' title="bbox 347 4347 2014 4421">
     <span class='ocr_line' id='line_1_77' title="bbox 347 4347 2014 4421; baseline 0.001 -15"><span class='ocrx_word' id='word_1_489' title='bbox 347 4367 483 4407; x_wconf 91' lang='lat' dir='ltr'>eum</span> <span class='ocrx_word' id='word_1_490' title='bbox 510 4350 572 4406; x_wconf 91' lang='lat' dir='ltr'>in</span> <span class='ocrx_word' id='word_1_491' title='bbox 596 4355 871 4406; x_wconf 89' lang='lat' dir='ltr'>senatum</span> <span class='ocrx_word' id='word_1_492' title='bbox 900 4347 1183 4421; x_wconf 86' lang='lat' dir='ltr'>produxit</span> <span class='ocrx_word' id='word_1_493' title='bbox 1207 4365 1221 4416; x_wconf 89' lang='lat'><strong>;</strong></span> <span class='ocrx_word' id='word_1_494' title='bbox 1257 4365 1561 4421; x_wconf 88' lang='lat' dir='ltr'>manuque</span> <span class='ocrx_word' id='word_1_495' title='bbox 1590 4355 1805 4407; x_wconf 90' lang='lat' dir='ltr'>tenens</span> <span class='ocrx_word' id='word_1_496' title='bbox 1840 4353 2014 4408; x_wconf 88' lang='lat' dir='ltr'>char-</span> 
     </span>
    </p>
   </div>
   <div class='ocr_carea' id='block_1_78' title="bbox 344 4436 2007 4510">
    <p class='ocr_par' dir='ltr' id='par_1_78' title="bbox 344 4436 2007 4510">
     <span class='ocr_line' id='line_1_78' title="bbox 344 4436 2007 4510; baseline 0.001 -13"><span class='ocrx_word' id='word_1_497' title='bbox 344 4446 466 4498; x_wconf 87' lang='lat' dir='ltr'>tam</span> <span class='ocrx_word' id='word_1_498' title='bbox 488 4441 550 4495; x_wconf 89' lang='lat' dir='ltr'>in</span> <span class='ocrx_word' id='word_1_499' title='bbox 580 4455 698 4510; x_wconf 88' lang='lat' dir='ltr'>qua</span> <span class='ocrx_word' id='word_1_500' title='bbox 719 4438 943 4493; x_wconf 87' lang='lat' dir='ltr'>indicia</span> <span class='ocrx_word' id='word_1_501' title='bbox 969 4436 1159 4509; x_wconf 87' lang='lat' dir='ltr'>Crispi</span> <span class='ocrx_word' id='word_1_502' title='bbox 1188 4437 1541 4494; x_wconf 88' lang='lat' dir='ltr'>insidiarum</span> <span class='ocrx_word' id='word_1_503' title='bbox 1573 4440 1635 4495; x_wconf 92' lang='lat' dir='ltr'>in</span> <span class='ocrx_word' id='word_1_504' title='bbox 1668 4441 2007 4499; x_wconf 88' lang='lat' dir='ltr'>Heraclium</span> 
     </span>
    </p>
   </div>
   <div class='ocr_carea' id='block_1_79' title="bbox 2142 3276 3807 3353">
    <p class='ocr_par' dir='ltr' id='par_1_79' title="bbox 2142 3276 3807 3353">
     <span class='ocr_line' id='line_1_79' title="bbox 2142 3276 3807 3353; baseline 0.004 -24"><span class='ocrx_word' id='word_1_505' title='bbox 2142 3280 2489 3350; x_wconf 82' lang='grc' dir='ltr'>στρατιωτῶν</span> <span class='ocrx_word' id='word_1_506' title='bbox 2524 3278 2612 3348; x_wconf 83' lang='grc' dir='ltr'>[Ρ.</span> <span class='ocrx_word' id='word_1_507' title='bbox 2653 3277 2783 3348; x_wconf 74' lang='grc'>407]</span> <span class='ocrx_word' id='word_1_508' title='bbox 2843 3276 2919 3337; x_wconf 85' lang='grc' dir='ltr'>είς</span> <span class='ocrx_word' id='word_1_509' title='bbox 2978 3276 3047 3331; x_wconf 74' lang='grc' dir='ltr'>τὰ</span> <span class='ocrx_word' id='word_1_510' title='bbox 3106 3277 3380 3353; x_wconf 87' lang='grc' dir='ltr'>βασίλεια,</span> <span class='ocrx_word' id='word_1_511' title='bbox 3439 3279 3652 3352; x_wconf 84' lang='grc' dir='ltr'>ἀτίμως</span> <span class='ocrx_word' id='word_1_512' title='bbox 3708 3284 3807 3335; x_wconf 77' lang='grc' dir='ltr'>τοῦ</span> 
     </span>
    </p>
   </div>
   <div class='ocr_carea' id='block_1_80' title="bbox 2139 3364 3809 3442">
    <p class='ocr_par' dir='ltr' id='par_1_80' title="bbox 2139 3364 3809 3442">
     <span class='ocr_line' id='line_1_80' title="bbox 2139 3364 3809 3442; baseline 0.004 -24"><span class='ocrx_word' id='word_1_513' title='bbox 2139 3365 2333 3440; x_wconf 82' lang='grc' dir='ltr'>θρόνου</span> <span class='ocrx_word' id='word_1_514' title='bbox 2361 3369 2554 3419; x_wconf 80' lang='grc' dir='ltr'>τοῦτον</span> <span class='ocrx_word' id='word_1_515' title='bbox 2587 3364 2891 3435; x_wconf 80' lang='grc' dir='ltr'>ἀναστήσας</span> <span class='ocrx_word' id='word_1_516' title='bbox 2922 3365 3012 3420; x_wconf 82' lang='grc' dir='ltr'>καὶ</span> <span class='ocrx_word' id='word_1_517' title='bbox 3059 3372 3162 3435; x_wconf 83' lang='grc' dir='ltr'>τῆς</span> <span class='ocrx_word' id='word_1_518' title='bbox 3223 3367 3519 3442; x_wconf 86' lang='grc' dir='ltr'>βασιλικῆς</span> <span class='ocrx_word' id='word_1_519' title='bbox 3578 3368 3809 3439; x_wconf 83' lang='grc' dir='ltr'>ἐσθῆτος</span> 
     </span>
    </p>
   </div>
   <div class='ocr_carea' id='block_1_81' title="bbox 2134 3453 3807 3535">
    <p class='ocr_par' dir='ltr' id='par_1_81' title="bbox 2134 3453 3807 3535">
     <span class='ocr_line' id='line_1_81' title="bbox 2134 3453 3807 3535; baseline 0.004 -26"><span class='ocrx_word' id='word_1_520' title='bbox 2134 3455 2560 3529; x_wconf 84' lang='grc' dir='ltr'>ἀπογυμνώσας,</span> <span class='ocrx_word' id='word_1_521' title='bbox 2592 3453 2685 3509; x_wconf 85' lang='grc' dir='ltr'>καὶ</span> <span class='ocrx_word' id='word_1_522' title='bbox 2741 3453 2951 3528; x_wconf 82' lang='grc' dir='ltr'>μέλανα</span> <span class='ocrx_word' id='word_1_523' title='bbox 3004 3454 3224 3520; x_wconf 86' lang='grc' dir='ltr'>ἐνδύσας</span> <span class='ocrx_word' id='word_1_524' title='bbox 3280 3458 3373 3513; x_wconf 88' lang='grc' dir='ltr'>καὶ</span> <span class='ocrx_word' id='word_1_525' title='bbox 3427 3456 3593 3514; x_wconf 83' lang='grc' dir='ltr'>κλοιά</span> <span class='ocrx_word' id='word_1_526' title='bbox 3646 3480 3807 3535; x_wconf 86' lang='grc' dir='ltr'>περι-</span> 
     </span>
    </p>
   </div>
   <div class='ocr_carea' id='block_1_82' title="bbox 2140 3543 3806 3623">
    <p class='ocr_par' dir='ltr' id='par_1_82' title="bbox 2140 3543 3806 3623">
     <span class='ocr_line' id='line_1_82' title="bbox 2140 3543 3806 3623; baseline 0.004 -23"><span class='ocrx_word' id='word_1_527' title='bbox 2140 3546 2275 3615; x_wconf 83' lang='grc' dir='ltr'>θεὶς,</span> <span class='ocrx_word' id='word_1_528' title='bbox 2324 3543 2522 3618; x_wconf 76' lang='grc' dir='ltr'>ἄτιμον</span> <span class='ocrx_word' id='word_1_529' title='bbox 2589 3545 2728 3618; x_wconf 88' lang='grc' dir='ltr'>πρὸς</span> <span class='ocrx_word' id='word_1_530' title='bbox 2781 3544 3108 3620; x_wconf 82' lang='grc' dir='ltr'>Ἡράκλειον</span> <span class='ocrx_word' id='word_1_531' title='bbox 3161 3547 3464 3623; x_wconf 77' lang='grc' dir='ltr'>ἀπήγαγεν.</span> <span class='ocrx_word' id='word_1_532' title='bbox 3522 3551 3618 3607; x_wconf 87' lang='grc' dir='ltr'>Ὃν</span> <span class='ocrx_word' id='word_1_533' title='bbox 3678 3554 3806 3606; x_wconf 84' lang='grc' dir='ltr'>θεα-</span> 
     </span>
    </p>
   </div>
   <div class='ocr_carea' id='block_1_83' title="bbox 2138 3633 3804 3713">
    <p class='ocr_par' dir='ltr' id='par_1_83' title="bbox 2138 3633 3804 3713">
     <span class='ocr_line' id='line_1_83' title="bbox 2138 3633 3804 3713; baseline 0.004 -23"><span class='ocrx_word' id='word_1_534' title='bbox 2138 3635 2368 3708; x_wconf 83' lang='grc' dir='ltr'>σάμενος</span> <span class='ocrx_word' id='word_1_535' title='bbox 2400 3636 2562 3690; x_wconf 73' lang='grc' dir='ltr'>εἶπενο</span> <span class='ocrx_word' id='word_1_536' title='bbox 2596 3633 2808 3705; x_wconf 76' lang='grc' dir='ltr'>Οὕτως,</span> <span class='ocrx_word' id='word_1_537' title='bbox 2865 3634 3042 3707; x_wconf 81' lang='grc' dir='ltr'>ἃθλιε,</span> <span class='ocrx_word' id='word_1_538' title='bbox 3099 3638 3200 3706; x_wconf 79' lang='grc' dir='ltr'>τὴν</span> <span class='ocrx_word' id='word_1_539' title='bbox 3254 3636 3537 3694; x_wconf 81' lang='grc' dir='ltr'>πολιτείαν</span> <span class='ocrx_word' id='word_1_540' title='bbox 3593 3637 3804 3713; x_wconf 81' lang='grc' dir='ltr'>διῴκη-</span> 
     </span>
    </p>
   </div>
   <div class='ocr_carea' id='block_1_84' title="bbox 2139 3720 3809 3804">
    <p class='ocr_par' dir='ltr' id='par_1_84' title="bbox 2139 3720 3809 3804">
     <span class='ocr_line' id='line_1_84' title="bbox 2139 3720 3809 3804; baseline 0.004 -26"><span class='ocrx_word' id='word_1_541' title='bbox 2139 3744 2234 3785; x_wconf 86' lang='grc' dir='ltr'>σας</span> <span class='ocrx_word' id='word_1_542' title='bbox 2268 3743 2283 3793; x_wconf 85' lang='grc'>;</span> <span class='ocrx_word' id='word_1_543' title='bbox 2315 3724 2376 3781; x_wconf 90' lang='grc' dir='ltr'>Ὁ</span> <span class='ocrx_word' id='word_1_544' title='bbox 2407 3720 2466 3777; x_wconf 75' lang='grc' dir='ltr'>δὲ</span> <span class='ocrx_word' id='word_1_545' title='bbox 2515 3723 2940 3799; x_wconf 85' lang='grc' dir='ltr'>ἀπεγνωσμένος</span> <span class='ocrx_word' id='word_1_546' title='bbox 2998 3723 3075 3781; x_wconf 79' lang='grc' dir='ltr'>ὢν</span> <span class='ocrx_word' id='word_1_547' title='bbox 3116 3722 3241 3801; x_wconf 78' lang='grc' dir='ltr'>ἔφη·</span> <span class='ocrx_word' id='word_1_548' title='bbox 3286 3726 3357 3782; x_wconf 85' lang='grc' dir='ltr'><strong>Σὺ</strong></span> <span class='ocrx_word' id='word_1_549' title='bbox 3390 3726 3622 3783; x_wconf 86' lang='grc' dir='ltr'>κάλλιον</span> <span class='ocrx_word' id='word_1_550' title='bbox 3652 3724 3809 3804; x_wconf 77' lang='grc' dir='ltr'>ἔχεις</span> 
     </span>
    </p>
   </div>
   <div class='ocr_carea' id='block_1_85' title="bbox 2137 3809 3800 3892">
    <p class='ocr_par' dir='ltr' id='par_1_85' title="bbox 2137 3809 3800 3892">
     <span class='ocr_line' id='line_1_85' title="bbox 2137 3809 3800 3892; baseline 0.004 -25"><span class='ocrx_word' id='word_1_551' title='bbox 2137 3809 2440 3882; x_wconf 82' lang='grc' dir='ltr'>διοικῆσαι.</span> <span class='ocrx_word' id='word_1_552' title='bbox 2493 3812 2599 3868; x_wconf 85' lang='grc' dir='ltr'>Καὶ</span> <span class='ocrx_word' id='word_1_553' title='bbox 2659 3813 2901 3887; x_wconf 80' lang='grc' dir='ltr'>παρευθὺ</span> <span class='ocrx_word' id='word_1_554' title='bbox 2955 3812 3169 3870; x_wconf 81' lang='grc' dir='ltr'>κελεύει</span> <span class='ocrx_word' id='word_1_555' title='bbox 3227 3815 3547 3892; x_wconf 77' lang='grc' dir='ltr'>Ἡράκλειος</span> <span class='ocrx_word' id='word_1_556' title='bbox 3576 3823 3800 3892; x_wconf 89' lang='grc' dir='ltr'>πρῶτον</span> 
     </span>
    </p>
   </div>
   <div class='ocr_carea' id='block_1_86' title="bbox 2137 3903 3793 3981">
    <p class='ocr_par' dir='ltr' id='par_1_86' title="bbox 2137 3903 3793 3981">
     <span class='ocr_line' id='line_1_86' title="bbox 2137 3903 3793 3981; baseline 0.003 -22"><span class='ocrx_word' id='word_1_557' title='bbox 2137 3905 2233 3977; x_wconf 77' lang='grc' dir='ltr'>μὲν</span> <span class='ocrx_word' id='word_1_558' title='bbox 2288 3904 2384 3967; x_wconf 86' lang='grc' dir='ltr'>τὰς</span> <span class='ocrx_word' id='word_1_559' title='bbox 2445 3910 2634 3980; x_wconf 84' lang='grc' dir='ltr'>χεῖρας</span> <span class='ocrx_word' id='word_1_560' title='bbox 2690 3906 2782 3959; x_wconf 84' lang='grc' dir='ltr'>καὶ</span> <span class='ocrx_word' id='word_1_561' title='bbox 2841 3905 2969 3966; x_wconf 82' lang='grc' dir='ltr'>τοὺς</span> <span class='ocrx_word' id='word_1_562' title='bbox 3026 3903 3199 3968; x_wconf 88' lang='grc' dir='ltr'>πόδας</span> <span class='ocrx_word' id='word_1_563' title='bbox 3244 3906 3411 3962; x_wconf 78' lang='grc' dir='ltr'>αὐτοῦ</span> <span class='ocrx_word' id='word_1_564' title='bbox 3465 3906 3793 3981; x_wconf 84' lang='grc' dir='ltr'>ἐκκοπῆναι,</span> 
     </span>
    </p>
   </div>
   <div class='ocr_carea' id='block_1_87' title="bbox 2131 3991 3789 4069">
    <p class='ocr_par' dir='ltr' id='par_1_87' title="bbox 2131 3991 3789 4069">
     <span class='ocr_line' id='line_1_87' title="bbox 2131 3991 3789 4069; baseline 0.004 -21"><span class='ocrx_word' id='word_1_565' title='bbox 2131 3996 2226 4049; x_wconf 79' lang='grc' dir='ltr'>εἷθ’</span> <span class='ocrx_word' id='word_1_566' title='bbox 2258 3994 2433 4055; x_wconf 77' lang='grc' dir='ltr'>οὕτως</span> <span class='ocrx_word' id='word_1_567' title='bbox 2478 3993 2606 4057; x_wconf 81' lang='grc' dir='ltr'>τοὺς</span> <span class='ocrx_word' id='word_1_568' title='bbox 2670 3991 2861 4067; x_wconf 84' lang='grc' dir='ltr'>ὢμους</span> <span class='ocrx_word' id='word_1_569' title='bbox 2920 3996 3008 4050; x_wconf 87' lang='grc' dir='ltr'>καὶ</span> <span class='ocrx_word' id='word_1_570' title='bbox 3068 3996 3134 4050; x_wconf 83' lang='grc' dir='ltr'>τὰ</span> <span class='ocrx_word' id='word_1_571' title='bbox 3185 3993 3387 4066; x_wconf 76' lang='grc' dir='ltr'>αΐὸοῖα,</span> <span class='ocrx_word' id='word_1_572' title='bbox 3448 3995 3633 4053; x_wconf 84' lang='grc' dir='ltr'>ἔπειτα</span> <span class='ocrx_word' id='word_1_573' title='bbox 3685 4000 3789 4069; x_wconf 78' lang='grc' dir='ltr'>τὴν</span> 
     </span>
    </p>
   </div>
   <div class='ocr_carea' id='block_1_88' title="bbox 2128 4080 3791 4163">
    <p class='ocr_par' dir='ltr' id='par_1_88' title="bbox 2128 4080 3791 4163">
     <span class='ocr_line' id='line_1_88' title="bbox 2128 4080 3791 4163; baseline 0.003 -25"><span class='ocrx_word' id='word_1_574' title='bbox 2128 4082 2395 4160; x_wconf 77' lang='grc' dir='ltr'>κεφαλήν.</span> <span class='ocrx_word' id='word_1_575' title='bbox 2421 4083 2491 4136; x_wconf 88' lang='grc' dir='ltr'>Τὸ</span> <span class='ocrx_word' id='word_1_576' title='bbox 2525 4080 2581 4138; x_wconf 72' lang='grc' dir='ltr'>δὲ</span> <span class='ocrx_word' id='word_1_577' title='bbox 2637 4080 2995 4161; x_wconf 74' lang='grc' dir='ltr'>καταλειφθὲν</span> <span class='ocrx_word' id='word_1_578' title='bbox 3054 4089 3217 4157; x_wconf 87' lang='grc' dir='ltr'>σῶμα</span> <span class='ocrx_word' id='word_1_579' title='bbox 3284 4085 3448 4141; x_wconf 82' lang='grc' dir='ltr'>αὐτοῦ</span> <span class='ocrx_word' id='word_1_580' title='bbox 3507 4087 3559 4141; x_wconf 78' lang='grc' dir='ltr'>οἱ</span> <span class='ocrx_word' id='word_1_581' title='bbox 3619 4108 3791 4163; x_wconf 87' lang='grc' dir='ltr'>στρα-</span> 
     </span>
    </p>
   </div>
   <div class='ocr_carea' id='block_1_89' title="bbox 2126 4166 3788 4252">
    <p class='ocr_par' dir='ltr' id='par_1_89' title="bbox 2126 4166 3788 4252">
     <span class='ocr_line' id='line_1_89' title="bbox 2126 4166 3788 4252; baseline 0.003 -26"><span class='ocrx_word' id='word_1_582' title='bbox 2126 4176 2322 4227; x_wconf 90' lang='grc' dir='ltr'>τιῶται</span> <span class='ocrx_word' id='word_1_583' title='bbox 2378 4166 2639 4233; x_wconf 79' lang='grc' dir='ltr'>λαϐόντες</span> <span class='ocrx_word' id='word_1_584' title='bbox 2684 4171 2736 4226; x_wconf 82' lang='grc' dir='ltr'>ἐν</span> <span class='ocrx_word' id='word_1_585' title='bbox 2780 4175 2850 4245; x_wconf 82' lang='grc' dir='ltr'>τῇ</span> <span class='ocrx_word' id='word_1_586' title='bbox 2909 4176 3006 4227; x_wconf 79' lang='grc' dir='ltr'>τοῦ</span> <span class='ocrx_word' id='word_1_587' title='bbox 3083 4171 3222 4237; x_wconf 69' lang='lat' dir='ltr'>Bob;</span> <span class='ocrx_word' id='word_1_588' title='bbox 3308 4174 3486 4252; x_wconf 83' lang='grc' dir='ltr'>ἀγορᾳ</span> <span class='ocrx_word' id='word_1_589' title='bbox 3534 4173 3788 4231; x_wconf 89' lang='grc' dir='ltr'>ἐκαυσαν·</span> 
     </span>
    </p>
   </div>
   <div class='ocr_carea' id='block_1_90' title="bbox 2130 4257 3792 4340">
    <p class='ocr_par' dir='ltr' id='par_1_90' title="bbox 2130 4257 3792 4340">
     <span class='ocr_line' id='line_1_90' title="bbox 2130 4257 3792 4340; baseline 0.002 -24"><span class='ocrx_word' id='word_1_590' title='bbox 2130 4260 2471 4337; x_wconf 71' lang='grc' dir='ltr'>Συνέπραττε</span> <span class='ocrx_word' id='word_1_591' title='bbox 2496 4257 2554 4314; x_wconf 76' lang='grc' dir='ltr'>δὲ</span> <span class='ocrx_word' id='word_1_592' title='bbox 2580 4260 2796 4323; x_wconf 83' lang='grc' dir='ltr'>τούτοις</span> <span class='ocrx_word' id='word_1_593' title='bbox 2853 4261 2944 4316; x_wconf 80' lang='grc' dir='ltr'>καὶ</span> <span class='ocrx_word' id='word_1_594' title='bbox 3004 4264 3245 4336; x_wconf 81' lang='grc' dir='ltr'>Κρίσπος</span> <span class='ocrx_word' id='word_1_595' title='bbox 3304 4264 3333 4319; x_wconf 94' lang='lat'>6</span> <span class='ocrx_word' id='word_1_596' title='bbox 3387 4259 3634 4340; x_wconf 79' lang='grc' dir='ltr'>γαμϐρὸς</span> <span class='ocrx_word' id='word_1_597' title='bbox 3690 4269 3792 4321; x_wconf 79' lang='grc' dir='ltr'>τοῦ</span> 
     </span>
    </p>
   </div>
   <div class='ocr_carea' id='block_1_91' title="bbox 2124 4349 3789 4430">
    <p class='ocr_par' dir='ltr' id='par_1_91' title="bbox 2124 4349 3789 4430">
     <span class='ocr_line' id='line_1_91' title="bbox 2124 4349 3789 4430; baseline 0.002 -23"><span class='ocrx_word' id='word_1_598' title='bbox 2124 4356 2313 4422; x_wconf 82' lang='grc' dir='ltr'>Φωκᾶ,</span> <span class='ocrx_word' id='word_1_599' title='bbox 2383 4349 2440 4405; x_wconf 82' lang='grc' dir='ltr'>δν</span> <span class='ocrx_word' id='word_1_600' title='bbox 2496 4349 2587 4404; x_wconf 85' lang='grc' dir='ltr'>καὶ</span> <span class='ocrx_word' id='word_1_601' title='bbox 2645 4351 2953 4425; x_wconf 84' lang='grc' dir='ltr'>στρατηγὸν</span> <span class='ocrx_word' id='word_1_602' title='bbox 3016 4350 3402 4416; x_wconf 83' lang='grc' dir='ltr'>Καππαδοκίας</span> <span class='ocrx_word' id='word_1_603' title='bbox 3459 4353 3789 4430; x_wconf 79' lang='grc' dir='ltr'>Ἡράκλειος</span> 
     </span>
    </p>
   </div>
   <div class='ocr_carea' id='block_1_92' title="bbox 2125 4439 3787 4520">
    <p class='ocr_par' dir='ltr' id='par_1_92' title="bbox 2125 4439 3787 4520">
     <span class='ocr_line' id='line_1_92' title="bbox 2125 4439 3787 4520; baseline 0.002 -23"><span class='ocrx_word' id='word_1_604' title='bbox 2125 4440 2451 4520; x_wconf 88' lang='grc' dir='ltr'>βασιλεύσας</span> <span class='ocrx_word' id='word_1_605' title='bbox 2507 4439 2781 4510; x_wconf 85' lang='grc' dir='ltr'>ἐποίησεν·</span> <span class='ocrx_word' id='word_1_606' title='bbox 2846 4439 3019 4496; x_wconf 77' lang='grc' dir='ltr'>ἐκεῖσε</span> <span class='ocrx_word' id='word_1_607' title='bbox 3084 4440 3141 4498; x_wconf 71' lang='grc' dir='ltr'>δὲ</span> <span class='ocrx_word' id='word_1_608' title='bbox 3198 4442 3485 4518; x_wconf 86' lang='grc' dir='ltr'>ἀνταρσίαν</span> <span class='ocrx_word' id='word_1_609' title='bbox 3546 4443 3787 4517; x_wconf 83' lang='grc' dir='ltr'>μελετή-</span> 
     </span>
    </p>
   </div>
   <div class='ocr_carea' id='block_1_93' title="bbox 345 4521 2023 4607">
    <p class='ocr_par' dir='ltr' id='par_1_93' title="bbox 345 4527 2001 4600">
     <span class='ocr_line' id='line_1_93' title="bbox 345 4527 2001 4600; baseline 0.002 -15"><span class='ocrx_word' id='word_1_610' title='bbox 345 4533 518 4586; x_wconf 86' lang='lat' dir='ltr'>erant</span> <span class='ocrx_word' id='word_1_611' title='bbox 553 4528 797 4599; x_wconf 86' lang='lat' dir='ltr'>scripta,</span> <span class='ocrx_word' id='word_1_612' title='bbox 866 4541 936 4581; x_wconf 87' lang='lat' dir='ltr'>ea</span> <span class='ocrx_word' id='word_1_613' title='bbox 990 4529 1170 4597; x_wconf 85' lang='lat' dir='ltr'>caput</span> <span class='ocrx_word' id='word_1_614' title='bbox 1192 4527 1380 4600; x_wconf 88' lang='lat' dir='ltr'>Crispi</span> <span class='ocrx_word' id='word_1_615' title='bbox 1431 4528 1706 4599; x_wconf 89' lang='lat' dir='ltr'>pulsavit,</span> <span class='ocrx_word' id='word_1_616' title='bbox 1746 4531 2001 4589; x_wconf 89' lang='lat' dir='ltr'>dicens:</span> 
     </span>
    </p>
   </div>
   <div class='ocr_carea' id='block_1_94' title="bbox 2142 4521 3783 4607">
    <p class='ocr_par' dir='ltr' id='par_1_94' title="bbox 2142 4525 3783 4607">
     <span class='ocr_line' id='line_1_94' title="bbox 2142 4525 3783 4607; baseline -0.002 -21"><span class='ocrx_word' id='word_1_617' title='bbox 2142 4550 2283 4587; x_wconf 67' lang='grc' dir='ltr'>ἀντα</span> <span class='ocrx_word' id='word_1_618' title='bbox 2328 4527 2531 4605; x_wconf 76' lang='grc' dir='ltr'>ἢγαγεν</span> <span class='ocrx_word' id='word_1_619' title='bbox 2591 4526 2679 4583; x_wconf 85' lang='grc' dir='ltr'>ἐπὶ</span> <span class='ocrx_word' id='word_1_620' title='bbox 2738 4525 3079 4603; x_wconf 84' lang='grc' dir='ltr'>συγκλήτου,</span> <span class='ocrx_word' id='word_1_621' title='bbox 3136 4530 3224 4585; x_wconf 86' lang='grc' dir='ltr'>καὶ</span> <span class='ocrx_word' id='word_1_622' title='bbox 3274 4530 3342 4584; x_wconf 82' lang='grc' dir='ltr'>τὰ</span> <span class='ocrx_word' id='word_1_623' title='bbox 3419 4529 3556 4603; x_wconf 87' lang='grc' dir='ltr'>πρὸς</span> <span class='ocrx_word' id='word_1_624' title='bbox 3611 4531 3783 4607; x_wconf 80' lang='grc' dir='ltr'>Ἡρά-</span> 
     </span>
    </p>
   </div>
   <div class='ocr_carea' id='block_1_95' title="bbox 1527 4651 2539 4714">
    <p class='ocr_par' dir='ltr' id='par_1_95' title="bbox 1527 4651 2539 4714">
     <span class='ocr_line' id='line_1_95' title="bbox 1527 4651 2539 4714; baseline 0.001 -8"><span class='ocrx_word' id='word_1_625' title='bbox 1527 4651 1890 4711; x_wconf 79' lang='lat' dir='ltr'>XYLANDRI</span> <span class='ocrx_word' id='word_1_626' title='bbox 1930 4657 2019 4713; x_wconf 90' lang='lat' dir='ltr'>ET</span> <span class='ocrx_word' id='word_1_627' title='bbox 2058 4656 2277 4714; x_wconf 81' lang='lat' dir='ltr'>GOARI</span> <span class='ocrx_word' id='word_1_628' title='bbox 2317 4654 2539 4710; x_wconf 72' lang='lat' dir='ltr'><strong>NOTE.</strong></span> 
     </span>
    </p>
   </div>
   <div class='ocr_carea' id='block_1_96' title="bbox 416 4775 1993 4858">
    <p class='ocr_par' dir='ltr' id='par_1_96' title="bbox 416 4775 1993 4858">
     <span class='ocr_line' id='line_1_96' title="bbox 416 4775 1993 4858; baseline 0.004 -28"><span class='ocrx_word' id='word_1_629' title='bbox 416 4775 875 4858; x_wconf 57' lang='lat' dir='ltr'>(28)_Z_tpamyé_v</span> <span class='ocrx_word' id='word_1_630' title='bbox 905 4776 1005 4858; x_wconf 68' lang='lat' dir='ltr'>hic</span> <span class='ocrx_word' id='word_1_631' title='bbox 1025 4781 1358 4858; x_wconf 48' lang='lat' dir='ltr'>praefectum</span> <span class='ocrx_word' id='word_1_632' title='bbox 1401 4778 1798 4858; x_wconf 66' lang='lat' dir='ltr'>interpretor.</span> <span class='ocrx_word' id='word_1_633' title='bbox 1850 4782 1993 4858; x_wconf 78' lang='lat' dir='ltr'>cum</span> 
     </span>
    </p>
   </div>
   <div class='ocr_carea' id='block_1_97' title="bbox 344 4847 1995 4922">
    <p class='ocr_par' dir='ltr' id='par_1_97' title="bbox 344 4847 1995 4922">
     <span class='ocr_line' id='line_1_97' title="bbox 344 4847 1995 4922; baseline 0.005 -20"><span class='ocrx_word' id='word_1_634' title='bbox 344 4847 505 4922; x_wconf 87' lang='lat' dir='ltr'>enim</span> <span class='ocrx_word' id='word_1_635' title='bbox 528 4847 727 4903; x_wconf 81' lang='lat' dir='ltr'>Africa</span> <span class='ocrx_word' id='word_1_636' title='bbox 746 4847 1042 4922; x_wconf 55' lang='lat' dir='ltr'>africariis</span> <span class='ocrx_word' id='word_1_637' title='bbox 1071 4848 1263 4920; x_wconf 86' lang='lat' dir='ltr'>primo</span> <span class='ocrx_word' id='word_1_638' title='bbox 1320 4847 1657 4922; x_wconf 14' lang='lat' dir='ltr'>guberna’tar</span> <span class='ocrx_word' id='word_1_639' title='bbox 1678 4921 1682 4922; x_wconf 13' lang='grc' dir='ltr'>ί</span> <span class='ocrx_word' id='word_1_640' title='bbox 1703 4867 1860 4907; x_wconf 88' lang='lat' dir='ltr'>anno</span> <span class='ocrx_word' id='word_1_641' title='bbox 1891 4856 1995 4910; x_wconf 72' lang='lat'><strong>4-39</strong></span> 
     </span>
    </p>
   </div>
   <div class='ocr_carea' id='block_1_98' title="bbox 340 4920 1993 4990">
    <p class='ocr_par' dir='ltr' id='par_1_98' title="bbox 340 4920 1993 4990">
     <span class='ocr_line' id='line_1_98' title="bbox 340 4920 1993 4990; baseline 0.004 -15"><span class='ocrx_word' id='word_1_642' title='bbox 340 4920 405 4975; x_wconf 89' lang='lat' dir='ltr'>in</span> <span class='ocrx_word' id='word_1_643' title='bbox 436 4924 793 4990; x_wconf 89' lang='lat' dir='ltr'>potestatem</span> <span class='ocrx_word' id='word_1_644' title='bbox 821 4920 1221 4975; x_wconf 88' lang='lat' dir='ltr'>Vandalorum</span> <span class='ocrx_word' id='word_1_645' title='bbox 1259 4920 1610 4985; x_wconf 80' lang='lat' dir='ltr'>transiisset,</span> <span class='ocrx_word' id='word_1_646' title='bbox 1647 4921 1720 4977; x_wconf 90' lang='lat' dir='ltr'>iis</span> <span class='ocrx_word' id='word_1_647' title='bbox 1751 4923 1993 4982; x_wconf 89' lang='lat' dir='ltr'>demum</span> 
     </span>
    </p>
   </div>
   <div class='ocr_carea' id='block_1_99' title="bbox 339 4991 1995 5118">
    <p class='ocr_par' dir='ltr' id='par_1_99' title="bbox 339 4991 1995 5118">
     <span class='ocr_line' id='line_1_99' title="bbox 339 4991 1995 5118; baseline 0.004 -72"><span class='ocrx_word' id='word_1_648' title='bbox 339 4996 476 5118; x_wconf 76' lang='lat' dir='ltr'>post</span> <span class='ocrx_word' id='word_1_649' title='bbox 504 4994 572 5046; x_wconf 82' lang='lat'>95</span> <span class='ocrx_word' id='word_1_650' title='bbox 603 5006 793 5047; x_wconf 90' lang='lat' dir='ltr'>annos</span> <span class='ocrx_word' id='word_1_651' title='bbox 815 4991 1141 5064; x_wconf 85' lang='lat' dir='ltr'>proﬂigatis</span> <span class='ocrx_word' id='word_1_652' title='bbox 1171 5008 1208 5047; x_wconf 89' lang='lat' dir='ltr'>a</span> <span class='ocrx_word' id='word_1_653' title='bbox 1233 4991 1589 5057; x_wconf 89' lang='lat' dir='ltr'>Justiniano,</span> <span class='ocrx_word' id='word_1_654' title='bbox 1616 4994 1832 5051; x_wconf 89' lang='lat' dir='ltr'>vicario</span> <span class='ocrx_word' id='word_1_655' title='bbox 1854 4997 1995 5053; x_wconf 83' lang='lat' dir='ltr'>abo-</span> 
     </span>
     <span class='ocr_line' id='line_1_100' title="bbox 366 5063 1990 5118; baseline 0 0"><span class='ocrx_word' id='word_1_656' title='bbox 366 5063 791 5118; x_wconf 86' lang='lat' dir='ltr'>ito.nronrium</span> <span class='ocrx_word' id='word_1_657' title='bbox 820 5063 1236 5118; x_wconf 67' lang='lat' dir='ltr'>nraefectumab</span> <span class='ocrx_word' id='word_1_658' title='bbox 1264 5064 1621 5118; x_wconf 82' lang='lat' dir='ltr'>imperatore</span> <span class='ocrx_word' id='word_1_659' title='bbox 1643 5068 1990 5118; x_wconf 73' lang='lat' dir='ltr'>accipiebat-</span> 
     </span>
    </p>
   </div>
   <div class='ocr_carea' id='block_1_100' title="bbox 366 5063 1992 5138">
    <p class='ocr_par' dir='ltr' id='par_1_100' title="bbox 366 5063 1992 5138">
     <span class='ocr_line' id='line_1_101' title="bbox 366 5063 1992 5138; baseline 0.004 -20"><span class='ocrx_word' id='word_1_660' title='bbox 366 5063 791 5138; x_wconf 86' lang='lat' dir='ltr'>ito,propr_ium</span> <span class='ocrx_word' id='word_1_661' title='bbox 816 5063 1236 5138; x_wconf 66' lang='lat' dir='ltr'>praefectumab</span> <span class='ocrx_word' id='word_1_662' title='bbox 1264 5064 1621 5138; x_wconf 87' lang='lat' dir='ltr'>imperatore</span> <span class='ocrx_word' id='word_1_663' title='bbox 1643 5068 1992 5138; x_wconf 90' lang='lat' dir='ltr'>accipiebat,</span> 
     </span>
    </p>
   </div>
   <div class='ocr_carea' id='block_1_101' title="bbox 339 5134 1995 5204">
    <p class='ocr_par' dir='ltr' id='par_1_101' title="bbox 339 5134 1995 5204">
     <span class='ocr_line' id='line_1_102' title="bbox 339 5134 1995 5204; baseline 0.004 -14"><span class='ocrx_word' id='word_1_664' title='bbox 339 5136 434 5191; x_wconf 90' lang='lat' dir='ltr'>cui</span> <span class='ocrx_word' id='word_1_665' title='bbox 488 5134 849 5190; x_wconf 82' lang='lat' dir='ltr'>substitutus</span> <span class='ocrx_word' id='word_1_666' title='bbox 903 5134 1313 5204; x_wconf 68' lang='grc' dir='ltr'>ὑποστράτηγος</span> <span class='ocrx_word' id='word_1_667' title='bbox 1358 5134 1462 5190; x_wconf 85' lang='lat' dir='ltr'>hic</span> <span class='ocrx_word' id='word_1_668' title='bbox 1518 5134 1883 5196; x_wconf 77' lang='lat' dir='ltr'>memoratus</span> <span class='ocrx_word' id='word_1_669' title='bbox 1945 5134 1995 5196; x_wconf 85' lang='lat' dir='ltr'>is</span> 
     </span>
    </p>
   </div>
   <div class='ocr_carea' id='block_1_102' title="bbox 338 5205 1995 5288">
    <p class='ocr_par' dir='ltr' id='par_1_102' title="bbox 338 5205 1995 5288">
     <span class='ocr_line' id='line_1_103' title="bbox 338 5205 1995 5288; baseline 0.004 -27"><span class='ocrx_word' id='word_1_670' title='bbox 338 5213 705 5288; x_wconf 62' lang='lat' dir='ltr'>potestesse</span> <span class='ocrx_word' id='word_1_671' title='bbox 729 5206 829 5276; x_wconf 89' lang='lat' dir='ltr'>qui</span> <span class='ocrx_word' id='word_1_672' title='bbox 854 5206 1017 5288; x_wconf 73' lang='lat' dir='ltr'>prius</span> <span class='ocrx_word' id='word_1_673' title='bbox 1047 5205 1308 5288; x_wconf 65' lang='lat' dir='ltr'>regebat,</span> <span class='ocrx_word' id='word_1_674' title='bbox 1356 5209 1616 5262; x_wconf 82' lang='lat' dir='ltr'>vicarius.</span> <span class='ocrx_word' id='word_1_675' title='bbox 1648 5210 1995 5268; x_wconf 88' lang='lat' dir='ltr'>Pancirolus</span> 
     </span>
    </p>
   </div>
   <div class='ocr_carea' id='block_1_103' title="bbox 342 5277 1244 5348">
    <p class='ocr_par' dir='ltr' id='par_1_103' title="bbox 342 5277 1244 5348">
     <span class='ocr_line' id='line_1_104' title="bbox 342 5277 1244 5348; baseline 0 -16"><span class='ocrx_word' id='word_1_676' title='bbox 342 5277 404 5334; x_wconf 93' lang='lat' dir='ltr'>in</span> <span class='ocrx_word' id='word_1_677' title='bbox 434 5278 647 5336; x_wconf 77' lang='lat' dir='ltr'>Notitia</span> <span class='ocrx_word' id='word_1_678' title='bbox 673 5280 813 5348; x_wconf 85' lang='lat' dir='ltr'>Imp.</span> <span class='ocrx_word' id='word_1_679' title='bbox 849 5278 1033 5333; x_wconf 85' lang='lat' dir='ltr'>Occid.</span> <span class='ocrx_word' id='word_1_680' title='bbox 1068 5277 1244 5333; x_wconf 81' lang='lat' dir='ltr'>GOAR.</span> 
     </span>
    </p>
   </div>
   <div class='ocr_carea' id='block_1_104' title="bbox 410 5348 1997 5423">
    <p class='ocr_par' dir='ltr' id='par_1_104' title="bbox 410 5348 1997 5423">
     <span class='ocr_line' id='line_1_105' title="bbox 410 5348 1997 5423; baseline 0.004 -20"><span class='ocrx_word' id='word_1_681' title='bbox 410 5351 526 5423; x_wconf 80' lang='lat'>(29)</span> <span class='ocrx_word' id='word_1_682' title='bbox 557 5351 768 5423; x_wconf 88' lang='lat' dir='ltr'>Comes</span> <span class='ocrx_word' id='word_1_683' title='bbox 798 5348 1198 5423; x_wconf 69' lang='lat' dir='ltr'>Orientissub</span> <span class='ocrx_word' id='word_1_684' title='bbox 1230 5364 1338 5404; x_wconf 90' lang='lat' dir='ltr'>sua</span> <span class='ocrx_word' id='word_1_685' title='bbox 1366 5349 1755 5421; x_wconf 91' lang='lat' dir='ltr'>dispositione</span> <span class='ocrx_word' id='word_1_686' title='bbox 1787 5353 1997 5409; x_wconf 90' lang='lat' dir='ltr'>Orien-</span> 
     </span>
    </p>
   </div>
   <div class='ocr_carea' id='block_1_105' title="bbox 336 5418 1997 5492">
    <p class='ocr_par' dir='ltr' id='par_1_105' title="bbox 336 5418 1997 5492">
     <span class='ocr_line' id='line_1_106' title="bbox 336 5418 1997 5492; baseline 0.005 -21"><span class='ocrx_word' id='word_1_687' title='bbox 336 5418 774 5492; x_wconf 51' lang='lat' dir='ltr'>tis&#39;pr&#39;ovincias</span> <span class='ocrx_word' id='word_1_688' title='bbox 805 5437 839 5476; x_wconf 90' lang='lat' dir='ltr'>a</span> <span class='ocrx_word' id='word_1_689' title='bbox 869 5420 1211 5475; x_wconf 87' lang='lat' dir='ltr'>Marcellino</span> <span class='ocrx_word' id='word_1_690' title='bbox 1261 5427 1320 5492; x_wconf 85' lang='lat' dir='ltr'>et</span> <span class='ocrx_word' id='word_1_691' title='bbox 1374 5418 1600 5492; x_wconf 67' lang='lat' dir='ltr'>Imperii</span> <span class='ocrx_word' id='word_1_692' title='bbox 1652 5424 1862 5477; x_wconf 78' lang='lat' dir='ltr'>Notitia</span> <span class='ocrx_word' id='word_1_693' title='bbox 1909 5442 1997 5481; x_wconf 91' lang='lat' dir='ltr'>re-</span> 
     </span>
    </p>
   </div>
   <div class='ocr_carea' id='block_1_106' title="bbox 337 5485 1997 5564">
    <p class='ocr_par' dir='ltr' id='par_1_106' title="bbox 337 5485 1997 5564">
     <span class='ocr_line' id='line_1_107' title="bbox 337 5485 1997 5564; baseline 0.007 -24"><span class='ocrx_word' id='word_1_694' title='bbox 337 5485 487 5564; x_wconf 73' lang='lat' dir='ltr'>latas</span> <span class='ocrx_word' id='word_1_695' title='bbox 516 5492 793 5548; x_wconf 87' lang='lat' dir='ltr'>habebat.</span> <span class='ocrx_word' id='word_1_696' title='bbox 823 5491 1181 5564; x_wconf 78' lang='lat' dir='ltr'>Dignitatem</span> <span class='ocrx_word' id='word_1_697' title='bbox 1227 5491 1369 5564; x_wconf 10' lang='lat' dir='ltr'>pejus</span> <span class='ocrx_word' id='word_1_698' title='bbox 1425 5485 1745 5548; x_wconf 78' lang='lat' dir='ltr'>militarem</span> <span class='ocrx_word' id='word_1_699' title='bbox 1792 5498 1997 5551; x_wconf 79' lang='lat' dir='ltr'>statuit</span> 
     </span>
    </p>
   </div>
   <div class='ocr_carea' id='block_1_107' title="bbox 337 5559 1992 5636">
    <p class='ocr_par' dir='ltr' id='par_1_107' title="bbox 337 5559 1992 5636">
     <span class='ocr_line' id='line_1_108' title="bbox 337 5559 1992 5636; baseline 0.005 -22"><span class='ocrx_word' id='word_1_700' title='bbox 337 5559 688 5636; x_wconf 43' lang='lat' dir='ltr'>{ambrosius</span> <span class='ocrx_word' id='word_1_701' title='bbox 719 5580 808 5636; x_wconf 80' lang='lat' dir='ltr'>ep.</span> <span class='ocrx_word' id='word_1_702' title='bbox 845 5559 921 5618; x_wconf 56' lang='lat'>29&#39;</span> <span class='ocrx_word' id='word_1_703' title='bbox 943 5563 1016 5618; x_wconf 89' lang='lat' dir='ltr'>ad</span> <span class='ocrx_word' id='word_1_704' title='bbox 1046 5559 1441 5636; x_wconf 11' lang='lat' dir='ltr'>&#39;l‘h‘eodo—sium</span> <span class='ocrx_word' id='word_1_705' title='bbox 1473 5564 1706 5619; x_wconf 89' lang='lat' dir='ltr'>civilem</span> <span class='ocrx_word' id='word_1_706' title='bbox 1732 5566 1992 5622; x_wconf 88' lang='lat' dir='ltr'>Valesius</span> 
     </span>
    </p>
   </div>
   <div class='ocr_carea' id='block_1_108' title="bbox 338 5631 1994 5707">
    <p class='ocr_par' dir='ltr' id='par_1_108' title="bbox 338 5631 1994 5707">
     <span class='ocr_line' id='line_1_109' title="bbox 338 5631 1994 5707; baseline 0.007 -24"><span class='ocrx_word' id='word_1_707' title='bbox 338 5631 402 5706; x_wconf 56' lang='lat' dir='ltr'>in</span> <span class='ocrx_word' id='word_1_708' title='bbox 432 5631 820 5707; x_wconf 42' lang='lat' dir='ltr'>Marcellini—1.</span> <span class='ocrx_word' id='word_1_709' title='bbox 851 5651 1003 5707; x_wconf 76' lang='lat' dir='ltr'>xxiv.</span> <span class='ocrx_word' id='word_1_710' title='bbox 1036 5634 1138 5707; x_wconf 69' lang='lat' dir='ltr'>Cui</span> <span class='ocrx_word' id='word_1_711' title='bbox 1193 5635 1461 5691; x_wconf 88' lang='lat' dir='ltr'>Zosimus</span> <span class='ocrx_word' id='word_1_712' title='bbox 1512 5636 1585 5691; x_wconf 88' lang='lat' dir='ltr'>ab</span> <span class='ocrx_word' id='word_1_713' title='bbox 1613 5636 1741 5707; x_wconf 91' lang='lat' dir='ltr'>ipso</span> <span class='ocrx_word' id='word_1_714' title='bbox 1774 5637 1994 5695; x_wconf 86' lang='lat' dir='ltr'>relatus</span> 
     </span>
    </p>
   </div>
   <div class='ocr_carea' id='block_1_109' title="bbox 339 5700 1998 5779">
    <p class='ocr_par' dir='ltr' id='par_1_109' title="bbox 339 5700 1998 5779">
     <span class='ocr_line' id='line_1_110' title="bbox 339 5700 1998 5779; baseline 0.008 -25"><span class='ocrx_word' id='word_1_715' title='bbox 339 5700 613 5774; x_wconf 86' lang='lat' dir='ltr'>inclinat,</span> <span class='ocrx_word' id='word_1_716' title='bbox 645 5708 705 5761; x_wconf 86' lang='lat' dir='ltr'>et</span> <span class='ocrx_word' id='word_1_717' title='bbox 732 5706 1001 5777; x_wconf 84' lang='lat' dir='ltr'>apprime</span> <span class='ocrx_word' id='word_1_718' title='bbox 1031 5705 1185 5762; x_wconf 84' lang='lat' dir='ltr'>favet</span> <span class='ocrx_word' id='word_1_719' title='bbox 1214 5712 1421 5764; x_wconf 85' lang='lat' dir='ltr'>auctor</span> <span class='ocrx_word' id='word_1_720' title='bbox 1444 5700 1654 5764; x_wconf 60' lang='lat' dir='ltr'>civilia&#39;</span> <span class='ocrx_word' id='word_1_721' title='bbox 1670 5710 1907 5779; x_wconf 84' lang='lat' dir='ltr'>negotia</span> <span class='ocrx_word' id='word_1_722' title='bbox 1924 5712 1998 5767; x_wconf 87' lang='lat' dir='ltr'>ab</span> 
     </span>
    </p>
   </div>
   <div class='ocr_carea' id='block_1_110' title="bbox 2107 4781 3776 4853">
    <p class='ocr_par' dir='ltr' id='par_1_110' title="bbox 2107 4781 3776 4853">
     <span class='ocr_line' id='line_1_111' title="bbox 2107 4781 3776 4853; baseline -0.001 -15"><span class='ocrx_word' id='word_1_723' title='bbox 2107 4800 2175 4838; x_wconf 80' lang='lat' dir='ltr'>eo</span> <span class='ocrx_word' id='word_1_724' title='bbox 2208 4783 2571 4853; x_wconf 80' lang='lat' dir='ltr'>pertractata</span> <span class='ocrx_word' id='word_1_725' title='bbox 2602 4784 2661 4853; x_wconf 90' lang='lat' dir='ltr'>e_t</span> <span class='ocrx_word' id='word_1_726' title='bbox 2709 4781 3204 4838; x_wconf 81' lang='lat' dir='ltr'>Antiochensium</span> <span class='ocrx_word' id='word_1_727' title='bbox 3258 4781 3640 4839; x_wconf 61' lang='lat' dir='ltr'>Hebraeorum</span> <span class='ocrx_word' id='word_1_728' title='bbox 3675 4798 3776 4838; x_wconf 83' lang='lat' dir='ltr'>se-</span> 
     </span>
    </p>
   </div>
   <div class='ocr_carea' id='block_1_111' title="bbox 2107 4850 3771 4979">
    <p class='ocr_par' dir='ltr' id='par_1_111' title="bbox 2107 4850 3771 4979">
     <span class='ocr_line' id='line_1_112' title="bbox 2107 4850 3771 4979; baseline 0.001 -70"><span class='ocrx_word' id='word_1_729' title='bbox 2107 4850 2394 4979; x_wconf 56' lang='lat' dir='ltr'>ditiongm</span> <span class='ocrx_word' id='word_1_730' title='bbox 2427 4850 2499 4906; x_wconf 93' lang='lat' dir='ltr'>ab</span> <span class='ocrx_word' id='word_1_731' title='bbox 2528 4851 2739 4908; x_wconf 90' lang='lat' dir='ltr'>eodem</span> <span class='ocrx_word' id='word_1_732' title='bbox 2768 4853 2960 4926; x_wconf 73' lang='lat' dir='ltr'>pinnis</span> <span class='ocrx_word' id='word_1_733' title='bbox 2981 4853 3228 4910; x_wconf 86' lang='lat' dir='ltr'>inﬂictis</span> <span class='ocrx_word' id='word_1_734' title='bbox 3252 4856 3572 4911; x_wconf 88' lang='lat' dir='ltr'>coercitam</span> <span class='ocrx_word' id='word_1_735' title='bbox 3591 4870 3771 4911; x_wconf 85' lang='lat' dir='ltr'>enar-</span> 
     </span>
     <span class='ocr_line' id='line_1_113' title="bbox 2107 4940 2477 4979; baseline 0 0"><span class='ocrx_word' id='word_1_736' title='bbox 2107 4942 2266 4979; x_wconf 86' lang='lat' dir='ltr'>rans.</span> <span class='ocrx_word' id='word_1_737' title='bbox 2350 4940 2477 4979; x_wconf 63' lang='lat' dir='ltr'>osa.</span> 
     </span>
    </p>
   </div>
   <div class='ocr_carea' id='block_1_112' title="bbox 2105 4940 2477 4982">
    <p class='ocr_par' dir='ltr' id='par_1_112' title="bbox 2105 4940 2477 4982">
     <span class='ocr_line' id='line_1_114' title="bbox 2105 4940 2477 4982; baseline -0.008 0"><span class='ocrx_word' id='word_1_738' title='bbox 2105 4942 2266 4982; x_wconf 89' lang='lat' dir='ltr'>rans.</span> <span class='ocrx_word' id='word_1_739' title='bbox 2301 4940 2477 4979; x_wconf 76' lang='lat' dir='ltr'>UOAB.</span> 
     </span>
    </p>
   </div>
   <div class='ocr_carea' id='block_1_113' title="bbox 2202 4995 3770 5069">
    <p class='ocr_par' dir='ltr' id='par_1_113' title="bbox 2202 4995 3770 5069">
     <span class='ocr_line' id='line_1_115' title="bbox 2202 4995 3770 5069; baseline 0.001 -17"><span class='ocrx_word' id='word_1_740' title='bbox 2202 4999 2289 5063; x_wconf 78' lang='lat'>30)</span> <span class='ocrx_word' id='word_1_741' title='bbox 2313 4997 2500 5069; x_wconf 80' lang='lat' dir='ltr'>Quam</span> <span class='ocrx_word' id='word_1_742' title='bbox 2512 5012 2633 5050; x_wconf 89' lang='lat' dir='ltr'>non</span> <span class='ocrx_word' id='word_1_743' title='bbox 2659 4995 3019 5069; x_wconf 90' lang='lat' dir='ltr'>Edessenam</span> <span class='ocrx_word' id='word_1_744' title='bbox 3042 4996 3422 5069; x_wconf 89' lang='lat' dir='ltr'>postmodum</span> <span class='ocrx_word' id='word_1_745' title='bbox 3444 4998 3770 5068; x_wconf 86' lang='lat' dir='ltr'>inveniam,</span> 
     </span>
    </p>
   </div>
   <div class='ocr_carea' id='block_1_114' title="bbox 2106 5067 3771 5143">
    <p class='ocr_par' dir='ltr' id='par_1_114' title="bbox 2106 5067 3771 5143">
     <span class='ocr_line' id='line_1_116' title="bbox 2106 5067 3771 5143; baseline 0.001 -19"><span class='ocrx_word' id='word_1_746' title='bbox 2106 5067 2209 5124; x_wconf 91' lang='lat' dir='ltr'>sed</span> <span class='ocrx_word' id='word_1_747' title='bbox 2231 5067 2748 5143; x_wconf 73' lang='lat' dir='ltr'>Camulianensem</span> <span class='ocrx_word' id='word_1_748' title='bbox 2771 5068 2862 5123; x_wconf 90' lang='lat' dir='ltr'>vel</span> <span class='ocrx_word' id='word_1_749' title='bbox 2888 5067 3068 5124; x_wconf 85' lang='lat' dir='ltr'>etiam</span> <span class='ocrx_word' id='word_1_750' title='bbox 3128 5069 3485 5143; x_wconf 79' lang='lat' dir='ltr'>miraculose</span> <span class='ocrx_word' id='word_1_751' title='bbox 3528 5067 3771 5143; x_wconf 52' lang='lat' dir='ltr'>expres?</span> 
     </span>
    </p>
   </div>
   <div class='ocr_carea' id='block_1_115' title="bbox 2106 5138 3777 5220">
    <p class='ocr_par' dir='ltr' id='par_1_115' title="bbox 2106 5138 3777 5220">
     <span class='ocr_line' id='line_1_117' title="bbox 2106 5138 3777 5220; baseline 0.001 -25"><span class='ocrx_word' id='word_1_752' title='bbox 2106 5144 2370 5220; x_wconf 9' lang='lat' dir='ltr'>saingaut</span> <span class='ocrx_word' id='word_1_753' title='bbox 2399 5138 2473 5194; x_wconf 89' lang='lat' dir='ltr'>ad</span> <span class='ocrx_word' id='word_1_754' title='bbox 2506 5144 2887 5220; x_wconf 71' lang='lat' dir='ltr'>prototypum</span> <span class='ocrx_word' id='word_1_755' title='bbox 2914 5156 3036 5220; x_wconf 77' lang='lat' dir='ltr'>non</span> <span class='ocrx_word' id='word_1_756' title='bbox 3069 5141 3477 5220; x_wconf 75' lang='lat' dir='ltr'>manufactum</span> <span class='ocrx_word' id='word_1_757' title='bbox 3495 5158 3529 5220; x_wconf 89' lang='lat' dir='ltr'>a</span> <span class='ocrx_word' id='word_1_758' title='bbox 3547 5138 3777 5220; x_wconf 73' lang='lat' dir='ltr'>pictore</span> 
     </span>
    </p>
   </div>
   <div class='ocr_carea' id='block_1_116' title="bbox 2107 5209 3774 5284">
    <p class='ocr_par' dir='ltr' id='par_1_116' title="bbox 2107 5209 3774 5284">
     <span class='ocr_line' id='line_1_118' title="bbox 2107 5209 3774 5284; baseline 0.001 -18"><span class='ocrx_word' id='word_1_759' title='bbox 2107 5211 2367 5284; x_wconf 70' lang='lat' dir='ltr'>efﬁctam</span> <span class='ocrx_word' id='word_1_760' title='bbox 2407 5227 2473 5265; x_wconf 88' lang='lat' dir='ltr'>ac</span> <span class='ocrx_word' id='word_1_761' title='bbox 2507 5209 2640 5284; x_wconf 80' lang='lat' dir='ltr'>ideo</span> <span class='ocrx_word' id='word_1_762' title='bbox 2665 5209 3093 5283; x_wconf 72' lang='grc' dir='ltr'>ἀχειροποίητον</span> <span class='ocrx_word' id='word_1_763' title='bbox 3124 5229 3361 5284; x_wconf 90' lang='lat' dir='ltr'>quoque</span> <span class='ocrx_word' id='word_1_764' title='bbox 3388 5209 3607 5269; x_wconf 79' lang='lat' dir='ltr'>dictam</span> <span class='ocrx_word' id='word_1_765' title='bbox 3626 5213 3774 5269; x_wconf 86' lang='lat' dir='ltr'>scri-</span> 
     </span>
    </p>
   </div>
   <div class='ocr_carea' id='block_1_117' title="bbox 2105 5283 3771 5354">
    <p class='ocr_par' dir='ltr' id='par_1_117' title="bbox 2105 5283 3771 5354">
     <span class='ocr_line' id='line_1_119' title="bbox 2105 5283 3771 5354; baseline 0.002 -18"><span class='ocrx_word' id='word_1_766' title='bbox 2105 5283 2191 5337; x_wconf 86' lang='lat' dir='ltr'>bit</span> <span class='ocrx_word' id='word_1_767' title='bbox 2219 5284 2527 5354; x_wconf 85' lang='lat' dir='ltr'>Gretserus</span> <span class='ocrx_word' id='word_1_768' title='bbox 2549 5283 2762 5353; x_wconf 88' lang='lat' dir='ltr'>Opusc.</span> <span class='ocrx_word' id='word_1_769' title='bbox 2798 5285 2874 5338; x_wconf 92' lang='lat' dir='ltr'>De</span> <span class='ocrx_word' id='word_1_770' title='bbox 2897 5285 3074 5352; x_wconf 84' lang='lat' dir='ltr'>Imag.</span> <span class='ocrx_word' id='word_1_771' title='bbox 3120 5283 3233 5339; x_wconf 77' lang='lat' dir='ltr'>non</span> <span class='ocrx_word' id='word_1_772' title='bbox 3269 5283 3449 5339; x_wconf 17' lang='lat' dir='ltr'>imanu</span> <span class='ocrx_word' id='word_1_773' title='bbox 3504 5288 3671 5354; x_wconf 79' lang='lat' dir='ltr'>factis</span> <span class='ocrx_word' id='word_1_774' title='bbox 3716 5300 3771 5340; x_wconf 90' lang='lat' dir='ltr'>e.</span> 
     </span>
    </p>
   </div>
   <div class='ocr_carea' id='block_1_118' title="bbox 2105 5353 3771 5479">
    <p class='ocr_par' dir='ltr' id='par_1_118' title="bbox 2105 5353 3771 5479">
     <span class='ocr_line' id='line_1_120' title="bbox 2105 5353 3771 5424; baseline 0.002 -15"><span class='ocrx_word' id='word_1_775' title='bbox 2105 5371 2196 5409; x_wconf 84' lang='lat' dir='ltr'>xv.</span> <span class='ocrx_word' id='word_1_776' title='bbox 2233 5356 2312 5409; x_wconf 92' lang='lat' dir='ltr'>De</span> <span class='ocrx_word' id='word_1_777' title='bbox 2344 5353 2449 5407; x_wconf 88' lang='lat' dir='ltr'>illa</span> <span class='ocrx_word' id='word_1_778' title='bbox 2469 5369 2706 5424; x_wconf 88' lang='lat' dir='ltr'>quoque</span> <span class='ocrx_word' id='word_1_779' title='bbox 2755 5354 3154 5411; x_wconf 86' lang='lat' dir='ltr'>Damascenus</span> <span class='ocrx_word' id='word_1_780' title='bbox 3213 5356 3474 5412; x_wconf 89' lang='lat' dir='ltr'>Studites</span> <span class='ocrx_word' id='word_1_781' title='bbox 3506 5353 3596 5411; x_wconf 84' lang='lat' dir='ltr'>in</span> <span class='ocrx_word' id='word_1_782' title='bbox 3630 5356 3771 5412; x_wconf 82' lang='lat' dir='ltr'>The-</span> 
     </span>
     <span class='ocr_line' id='line_1_121' title="bbox 2105 5426 2503 5479; baseline 0 0"><span class='ocrx_word' id='word_1_783' title='bbox 2105 5443 2290 5479; x_wconf 87' lang='lat' dir='ltr'>sauro.</span> <span class='ocrx_word' id='word_1_784' title='bbox 2327 5426 2503 5479; x_wconf 78' lang='lat' dir='ltr'>GOAR.</span> 
     </span>
    </p>
   </div>
   <div class='ocr_carea' id='block_1_119' title="bbox 2104 5441 2503 5482">
    <p class='ocr_par' dir='ltr' id='par_1_119' title="bbox 2104 5441 2503 5482">
     <span class='ocr_line' id='line_1_122' title="bbox 2104 5441 2503 5482; baseline -0.008 -1"><span class='ocrx_word' id='word_1_785' title='bbox 2104 5443 2290 5482; x_wconf 83' lang='lat' dir='ltr'>sauro.</span> <span class='ocrx_word' id='word_1_786' title='bbox 2327 5441 2503 5479; x_wconf 74' lang='lat' dir='ltr'>UOAR.</span> 
     </span>
    </p>
   </div>
   <div class='ocr_carea' id='block_1_120' title="bbox 2178 5496 3774 5571">
    <p class='ocr_par' dir='ltr' id='par_1_120' title="bbox 2178 5496 3774 5571">
     <span class='ocr_line' id='line_1_123' title="bbox 2178 5496 3774 5571; baseline 0.003 -21"><span class='ocrx_word' id='word_1_787' title='bbox 2178 5499 2287 5571; x_wconf 13' lang='lat'>(‘31)</span> <span class='ocrx_word' id='word_1_788' title='bbox 2322 5497 2532 5571; x_wconf 75' lang='lat' dir='ltr'>Portus</span> <span class='ocrx_word' id='word_1_789' title='bbox 2562 5496 2675 5571; x_wconf 54' lang='grc' dir='ltr'>(ΣΡΣ</span> <span class='ocrx_word' id='word_1_790' title='bbox 2721 5496 3092 5571; x_wconf 83' lang='lat' dir='ltr'>capacissimi</span> <span class='ocrx_word' id='word_1_791' title='bbox 3150 5515 3287 5569; x_wconf 89' lang='lat' dir='ltr'>pars</span> <span class='ocrx_word' id='word_1_792' title='bbox 3345 5503 3436 5555; x_wconf 90' lang='lat' dir='ltr'>est</span> <span class='ocrx_word' id='word_1_793' title='bbox 3475 5515 3547 5554; x_wconf 83' lang='lat' dir='ltr'>ex</span> <span class='ocrx_word' id='word_1_794' title='bbox 3602 5503 3774 5571; x_wconf 89' lang='lat' dir='ltr'>parte</span> 
     </span>
    </p>
   </div>
   <div class='ocr_carea' id='block_1_121' title="bbox 2107 5565 3773 5644">
    <p class='ocr_par' dir='ltr' id='par_1_121' title="bbox 2107 5565 3773 5644">
     <span class='ocr_line' id='line_1_124' title="bbox 2107 5565 3773 5644; baseline 0.002 -20"><span class='ocrx_word' id='word_1_795' title='bbox 2107 5565 2357 5644; x_wconf 59' lang='lat' dir='ltr'>Galatae,</span> <span class='ocrx_word' id='word_1_796' title='bbox 2379 5565 2553 5644; x_wconf 65' lang='grc' dir='ltr'>Σοφία</span> <span class='ocrx_word' id='word_1_797' title='bbox 2584 5583 2618 5622; x_wconf 92' lang='lat' dir='ltr'>a</span> <span class='ocrx_word' id='word_1_798' title='bbox 2647 5565 2879 5644; x_wconf 76' lang='lat' dir='ltr'>Iustino</span> <span class='ocrx_word' id='word_1_799' title='bbox 2905 5570 2977 5644; x_wconf 85' lang='lat' dir='ltr'>de</span> <span class='ocrx_word' id='word_1_800' title='bbox 2999 5565 3212 5644; x_wconf 70' lang='lat' dir='ltr'>uxoris</span> <span class='ocrx_word' id='word_1_801' title='bbox 3261 5572 3505 5626; x_wconf 89' lang='lat' dir='ltr'>nomine</span> <span class='ocrx_word' id='word_1_802' title='bbox 3536 5565 3773 5627; x_wconf 78' lang='lat' dir='ltr'>nuncu-</span> 
     </span>
    </p>
   </div>
   <div class='ocr_carea' id='block_1_122' title="bbox 2104 5638 3481 5712">
    <p class='ocr_par' dir='ltr' id='par_1_122' title="bbox 2104 5638 3481 5712">
     <span class='ocr_line' id='line_1_125' title="bbox 2104 5638 3481 5712; baseline 0.001 -17"><span class='ocrx_word' id='word_1_803' title='bbox 2104 5647 2259 5712; x_wconf 85' lang='lat' dir='ltr'>pata.</span> <span class='ocrx_word' id='word_1_804' title='bbox 2299 5638 2438 5695; x_wconf 89' lang='lat' dir='ltr'>Vide</span> <span class='ocrx_word' id='word_1_805' title='bbox 2461 5638 2764 5696; x_wconf 83' lang='lat' dir='ltr'>auctorem</span> <span class='ocrx_word' id='word_1_806' title='bbox 2795 5641 3008 5697; x_wconf 82' lang='lat' dir='ltr'>Justini</span> <span class='ocrx_word' id='word_1_807' title='bbox 3043 5659 3202 5700; x_wconf 88' lang='lat' dir='ltr'>anno</span> <span class='ocrx_word' id='word_1_808' title='bbox 3242 5645 3275 5697; x_wconf 85' lang='lat'><strong>2</strong></span> <span class='ocrx_word' id='word_1_809' title='bbox 3307 5645 3481 5700; x_wconf 73' lang='lat' dir='ltr'>GOAR.</span> 
     </span>
    </p>
   </div>
  </div>
