4120 6418
370 411 484 472 781

1482 401 2034 465 HISTORIARUM
2079 404 2633 468 COMPENDIUM.

3669 407 3790 471 782

367 544 551 600 γλειον
583 541 845 618 γινόμενα
891 536 1138 619 ἔγγραφα
1189 540 1360 594 αὐτοῦ
1423 538 1675 612 κατέχων
1709 538 1737 592 ὁ
1771 535 2022 611 βασιλεὺς

2143 540 2443 612 Miser,qui
2470 557 2544 596 ne
2566 557 2770 598 socero
2793 541 3036 612 quidem
3058 540 3236 596 ﬁdem
3257 539 3793 613 prmstiteris,quod

367 633 421 689 ἐν
485 636 554 706 τῇ
616 631 786 706 χειρὶ,
855 632 1090 704 κρούσας
1145 629 1380 704 Κρίσπον
1439 629 1537 696 τὴν
1592 625 1837 704 κεραλήν
1900 628 2034 700 μετά

369 727 468 778 τοῦ
512 721 744 799 χάρτου,
802 717 902 796 ἔφη
966 717 1321 792 Ταλαίπωρε,
1374 711 1622 792 γάμϐρὸν
1683 714 1782 770 ούκ
1837 714 2030 785 ἐποίη-

372 829 490 871 σας’
525 807 686 887 φίλον
731 809 955 879 ἀληθῶς
1010 813 1127 869 πῶς
1184 809 1481 876 ποιήσεις;
1534 811 1687 860 Ιιοιεῖ
1739 803 1838 858 οὖν
1871 803 2028 858 αὐτὸν

371 899 662 973 κληρικὸν,
694 897 785 951 καὶ
819 895 869 951 έν
897 900 966 970 τῇ
1003 899 1144 970 μονῇ
1186 899 1256 968 τῇ
1313 900 1414 963 τῆς
1468 894 1656 968 χώρας
1708 892 2029 967 περιορίζει,

371 987 529 1042 κάκεῖ
583 984 856 1056 τελευτᾷ.
941 984 1202 1057 Μοναχὸς
1265 980 1321 1037 δέ
1380 1003 1462 1044 τις
1519 983 1672 1058 ἅγιος
1757 981 1846 1036 ἐπὶ
1917 986 2030 1036 τῶν

373 1079 596 1150 ἡμερῶν
654 1078 752 1129 τοῦ
813 1077 982 1128 Φωκᾶ
1039 1071 1174 1148 πρὸς
1245 1072 1336 1126 τὸν
1392 1073 1520 1127 Θεὸν
1579 1067 2028 1145 διαδικαζόμενος

371 1163 550 1240 ἔλεγε·
602 1165 768 1239 Κύριε
802 1208 816 1233 ,
877 1161 966 1218 διὰ
1021 1164 1073 1217 τί
1124 1166 1372 1217 τοιοῦτον
1429 1161 1745 1236 παράνομον
1807 1161 2032 1236 βασιλέα

373 1250 613 1316 δέδωκας
671 1258 786 1316 τοῖς
840 1256 1233 1330 Υριστιανοῖςς
1295 1250 1396 1308 Καὶ
1453 1250 1620 1320 ἦλθεν
1679 1251 1830 1322 αύτῷ
1877 1252 2028 1326 φωνή

374 1342 642 1418 ἀοράτως
677 1343 798 1399 Ὀτι
839 1341 1066 1418 χείρονα
1109 1340 1309 1396 τούτου
1361 1339 1470 1414 οὐχ
1525 1338 1680 1412 εὗρον
1738 1339 1876 1413 πρὸς
1933 1339 2033 1408 τήν

372 1431 560 1486 κακίαν
592 1435 701 1487 τῶν
731 1434 823 1485 νῦν
856 1431 1252 1486 κατοικούντων
1287 1428 1339 1484 ἐν
1366 1434 1436 1502 τῇ
1468 1425 1650 1484 πόλει.

377 1521 596 1595 Κόσμου
681 1515 800 1583 ἔτος
880 1523 1032 1596 ,ςργ’,
1114 1527 1215 1590 τῆς
1302 1517 1447 1582 θείας
1533 1518 1856 1588 σαρκώσεως
1915 1521 2030 1592 χθ’,

375 1609 700 1686 Ἡράκλειος
787 1608 1043 1684 βασιλεὺς
1126 1609 1416 1681 Ῥωμαίων
1523 1603 1866 1662 ἐϐασίλευσεν
1934 1602 2028 1676 ἔτη

376 1698 514 1773 λα’,
570 1701 815 1778 στεφθεὶς
899 1699 1003 1754 ὑπὸ
1105 1699 1337 1774 Σεργίου
1424 1698 1768 1772 πατριάρχου
1847 1695 1900 1751 έν
1953 1699 2033 1768 τῷ

374 1790 638 1866 εύκτηρίῳ
685 1795 782 1845 τοῦ
840 1789 996 1866 ἁγίου
1053 1789 1326 1863 Στεφάνου
1357 1791 1467 1860 (32)
1525 1787 1576 1842 έν
1609 1793 1688 1860 τῷ
1753 1786 2028 1858 πιλατίῳ’

2145 631 2370 684 faceres
2392 632 2584 685 amico
2604 630 2622 683 Ρ
2639 631 2928 686 Clericum
2955 648 3091 702 ergo
3113 647 3250 685 eum
3272 631 3487 702 redigit
3508 648 3575 686 ac
3597 631 3792 687 solum

2147 724 2372 773 vertere
2399 718 2592 788 jubet,
2626 720 2795 790 isque
2829 721 2889 774 in
2924 720 3132 775 exsilio
3164 726 3435 774 mortuus
3465 726 3576 776 est.
3610 722 3792 775 Porro

2145 807 2385 876 quidam
2403 814 2643 863 sanctus
2668 809 3225 876 monachus,Phoca
3245 809 3794 880 imperante,Deum

2144 895 2218 950 ad
2271 897 2768 968 disceptationem
2823 915 3170 969 provocans,
3205 897 3477 969 quaesivit
3525 913 3632 952 cur
3673 902 3794 952 tam

2145 983 2396 1056 impium
2413 987 2764 1041 Christianis
2779 987 3162 1058 imposuisset
3181 985 3796 1060 imperatoremaudi-

2145 1073 2344 1143 vitque
2379 1092 2602 1142 vocem,
2637 1091 2770 1132 cum
2804 1077 3044 1146 quidem
3076 1078 3380 1131 neminem
3413 1076 3656 1145 videret,
3680 1074 3794 1130 sibi

2146 1162 2446 1219 dicentem
2471 1166 2828 1221 deteriorem
2861 1167 3046 1222 alium
3078 1167 3329 1222 inveniri
3354 1167 3620 1238 potuisse
3658 1165 3794 1221 nul-

2145 1254 2367 1324 lum,ac
2393 1257 2505 1312 hoc
2523 1258 2812 1313 meruisse
2837 1258 3280 1329 Cpolitanorum
3306 1258 3548 1329 ﬂagitia.

2218 1527 2389 1579 Anno
2407 1526 2614 1581 mundi
2650 1527 3036 1594 6103,0hristi
3051 1526 3341 1582 incarnati
3358 1525 3792 1593 609,Heraclius

2147 1614 2474 1684 imperator
2515 1615 2707 1670 factus
2757 1621 2848 1670 est
2893 1618 3318 1682 Romanorum,
3352 1616 3794 1687 imperiumque

2144 1705 2326 1775 gessit
2356 1721 2464 1775 per
2493 1720 2683 1759 annos
2713 1705 3138 1761 3l.Coronatus
3171 1711 3259 1760 est
3291 1706 3352 1760 in
3384 1705 3642 1760 oratorio
3667 1706 3793 1760 Ste-

2144 1792 2350 1863 phani,
2383 1793 2541 1862 quod
2591 1800 2680 1848 est
2735 1793 2792 1846 in
2839 1794 3079 1864 palatio,
3115 1810 3150 1848 a
3193 1793 3394 1865 Sergio
3428 1793 3790 1864 patriarcha,

377 1877 602 1960 ἐστὲφΘη
644 1881 700 1936 δὲ
758 1881 870 1953 ἅμα
927 1880 1078 1950 αὐτῷ
1134 1879 1226 1933 καὶ
1275 1881 1308 1947 ἡ
1377 1878 1822 1950 μεμνηστευμένη
1886 1877 2025 1948 αύτῷ

2145 1882 2323 1936 simul
2339 1883 2518 1936 etiam
2534 1883 2906 1953 desponsata;
2921 1884 2972 1938 ei
2988 1883 3378 1954 Fabiw,cujus
3394 1883 3453 1936 in
3470 1881 3790 1938 Eudociam

380 1970 562 2030 Φαϐία
612 1975 646 2042 ἠ
704 1972 796 2027 καὶ
855 1968 1093 2028 Εὗδοκία
1182 1972 1650 2042 μετονομασθεῖσα
1723 1968 2033 2046 Αύγοῦστα.

379 2067 550 2127 Οὗτος
595 2060 946 2137 ὁΠράκλειος
994 2063 1058 2130 ἦν
1104 2061 1206 2129 τήν
1264 2059 1485 2128 ἡλικίαν
1545 2057 1797 2132 μεσῆλιξ,
1856 2058 2034 2113 εὐσθε-

379 2157 478 2226 νὴς
515 2198 529 2222 ,
591 2153 869 2227 εὕστερνος
905 2196 918 2220 ,
979 2148 1350 2228 εὐόφθαλμος·
1420 2148 1604 2224 ὀλίγον
1661 2147 2032 2226 ὑπόγλαυκος,

381 2245 570 2316 ξανθὸς
625 2243 724 2311 τήν
780 2241 948 2316 τρίχα
982 2283 997 2308 ,
1057 2239 1250 2301 λευκὸς
1319 2240 1420 2308 τὴν
1480 2240 1694 2313 χροιὰν,
1749 2234 1894 2314 ἔχων
1939 2241 2031 2294 τὸν

379 2334 618 2410 πώγωνα
648 2329 856 2386 πλατὺν
897 2331 986 2384 καὶ
1027 2329 1164 2403 πρὸς
1227 2334 1404 2402 μῆκος
1445 2327 1707 2403 ἐκκρεμῆ.
1767 2327 2036 2398 Ὁπηνίκα

381 2420 439 2478 δὲ
494 2423 630 2498 πρὸς
688 2421 750 2475 τὸ
806 2426 906 2488 τῆς
965 2417 1244 2493 βασιλείας
1308 2415 1476 2487 ἧλοεν
1543 2417 1779 2490 ἀξίωμα,
1840 2416 2035 2481 εὐθέως

377 2510 620 2585 ἐκείρατο
676 2510 776 2578 τὴν
837 2506 1019 2580 κόμην
1079 2507 1167 2560 καὶ
1225 2507 1288 2560 τὸ
1364 2505 1568 2580 γένειον
1622 2510 1702 2577 τῷ
1763 2505 2035 2580 βασιλικῷ

376 2604 625 2676 σχήματι
659 2601 789 2673 (33).
821 2596 1014 2670 Τούτῳ
1059 2601 1138 2669 τῷ
1195 2591 1300 2650 ἔτει
1357 2590 1667 2671 παρέλαϐον
1723 2596 1775 2649 οἱ
1835 2595 2032 2669 Πέρσαι

371 2692 471 2760 τήν
502 2691 807 2762 Ἀπάμειαν
860 2687 1059 2761 Συρίας
1117 2685 1207 2740 καὶ
1239 2682 1483 2751 Ἒδεσαν,
1541 2685 1628 2739 καὶ
1698 2685 1872 2753 ἦλθον
1927 2681 2032 2746 ἓως

367 2781 763 2856 ’Δντιοχείας·
818 2778 870 2833 οἱ
929 2775 986 2831 δὲ
1042 2781 1304 2849 Ῥωμαῖοι
1362 2773 1778 2848 πολεμήσαντες
1845 2773 2032 2837 αὐτοῖς

372 2873 716 2941 ἡττήθησαν,
748 2867 838 2923 καὶ
870 2865 1144 2936 διωλέσθη
1176 2870 1281 2926 πᾶς
1314 2866 1342 2919 ὁ
1373 2863 1508 2925 λαὸς
1564 2869 1674 2920 τῶν
1731 2865 2028 2938 Ῥωμαίων

371 2959 522 3028 πλὴν
557 2957 786 3035 ὀλίγων.

446 3050 541 3121 Τῷ
601 3049 649 3122 β’
714 3041 822 3102 ἔτει
903 3045 1226 3120 Ἡρακλείου
1320 3038 1632 3120 παρέλαϐον
1717 3043 1769 3098 οἱ
1828 3042 2029 3118 Πέρσαι

381 3137 704 3212 Καισάρειαν
729 3143 829 3205 τῆς
877 3131 1287 3206 Καππαδοκίας,
1346 3136 1436 3188 καὶ
1495 3132 1710 3194 πολλὰς
1762 3130 2028 3206 μυριάδας

381 3223 432 3278 ἐν
493 3226 633 3297 αὐτῇ
718 3221 1192 3299 ᾕχμαλὼτευσαν.
1282 3217 1622 3297 Παραλαϐὼν
1683 3219 2024 3294 Ἡράκλειος,

379 3315 516 3369 καθὰ
603 3312 835 3388 εἴρηται,
921 3313 989 3368 τὰ
1073 3319 1173 3382 τῆς
1225 3311 1508 3374 πολιτείας
1566 3315 1674 3365 τῶν
1733 3310 2026 3383 Ῥωμαίων

374 3404 664 3478 πράγματα
697 3401 1121 3479 παραλελυμένα
1183 3402 1321 3477 εὕρεο
1353 3401 1454 3469 τὴν
1505 3421 1564 3454 τε
1609 3399 1711 3474 γὰρ
1754 3397 2025 3473 Εὐρώπην

373 3495 427 3549 οἱ
473 3487 706 3568 Ἀϐαρες
757 3495 1091 3568 ἦρήμωσαν,
1155 3492 1244 3546 καὶ
1303 3492 1404 3560 τήν
1463 3489 1646 3548 Ἀσίαν
1715 3491 1767 3544 οἱ
1827 3489 2024 3565 Πέρσαι

366 3588 541 3639 πᾶσαν
572 3582 939 3658 κατέστρεψαν
998 3582 1089 3638 καὶ
1147 3581 1338 3642 πόλεις
1397 3579 1860 3656 ᾑχμαλώτευσαν.
1921 3579 2024 3635 Καὶ

363 3678 530 3729 ταῦτα
560 3674 717 3735 οὗτος
746 3674 1017 3746 Θεώμενος
1066 3671 1117 3726 ἐν
1175 3670 1378 3744 ἀπορίᾳ
1431 3670 1524 3740 ἦν,
1578 3668 1631 3723 τί
1691 3665 1870 3743 δράσει
1904 3664 2024 3722 δια·

367 3762 767 3838 λογιζόμενος.
825 3762 1016 3833 Τούτῳ
1071 3764 1156 3834 [Ρ.
1217 3763 1344 3831 408]
1393 3763 1471 3830 τῷ
1535 3752 1642 3812 ἔτει
1691 3757 1886 3826 ἐτέῖθη
1944 3761 2024 3828 τῷ

374 3851 591 3928 βασιλεῖ
622 3853 738 3913 υίὸς
797 3851 903 3906 ἀπὸ
956 3847 1222 3912 Εύδοκίας
1282 3847 1606 3923 Ἡράκλειος
1655 3848 1683 3901 ὁ
1743 3846 1961 3922 μικρὸς,
1993 3848 2021 3900 ὁ

368 3941 486 4007 νέος
571 3947 1008 4010 Κωνσταντῖνος,
1080 3939 1214 4012 μηνὶ
1264 3940 1430 4010 Μαῖῳ
1467 3937 1650 4012 τρίτῃ.
1710 3939 1806 3994 Τῶ
1874 3935 2021 4008 αύτῷ

368 4028 494 4099 ἔτει,
525 4030 874 4102 ἐτελεύτησεν
907 4027 1150 4086 Εὐδοκία
1186 4031 1219 4098 ἡ
1252 4027 1555 4104 Αύγουστα,

437 4124 528 4191 Τῷ
588 4120 636 4196 γ’
693 4113 820 4190 ἔτει,
871 4117 1098 4194 ἐστέφθη
1161 4116 1449 4193 Ἐπιφανία
1505 4116 1618 4188 (34)
1675 4116 1710 4183 ἡ
1778 4112 2019 4188 θυγάτηρ

369 4207 698 4282 Ἡρακλείου
781 4207 873 4262 καὶ
956 4204 1282 4282 Ἡράκλειος
1340 4206 1368 4259 ὁ
1426 4205 1542 4265 υἱὸς
1599 4204 1764 4259 αὐτοῦ
1823 4205 1850 4258 ὁ
1904 4203 2021 4267 νέος

369 4299 772 4362 Κωνσταντῖνος
841 4297 945 4352 ὑπὸ
978 4297 1212 4372 Σεργίου
1271 4293 1638 4370 πατριάρχου.
1672 4297 1763 4365 Τῷ
1795 4290 1841 4348 δ’
1871 4291 2019 4365 αὖτῷ

363 4381 469 4442 ἔτει
520 4386 942 4461 ἐπεστράτευσαν
1031 4385 1346 4460 Σαρακηνοὶ
1423 4385 1561 4439 κατὰ
1646 4381 1868 4460 Συρίας,
1925 4381 2017 4438 καὶ

366 4475 751 4550 λυμηνάμενοι
793 4476 976 4552 χωρία
1006 4473 1157 4529 ίκανὰ
1194 4472 1549 4549 ὑπέστρεψαν.

433 4569 519 4639 Τῇ
553 4563 600 4620 δ’
643 4561 772 4634 ἔτει,
829 4559 1140 4635 παρέλαϐον
1202 4565 1255 4618 οἱ
1309 4564 1510 4638 Ηέρσαι
1566 4563 1666 4631 τήν
1732 4563 2014 4636 Δαμασκὸν

359 4656 452 4711 καὶ
495 4629 951 4730 ’ᾗχμαλώτευσάν
1021 4652 1210 4722 αὐτήν.
1263 4654 1323 4710 Ὀ
1387 4629 1444 4708 ἲδὲ
1502 4629 1823 4727 Ἡράκλειος
1886 4673 2016 4727 πρε·
2055 4629 2096 4692 D

361 4741 540 4800 σϐείαν
576 4744 715 4820 πρὸς
763 4743 1018 4818 Χοσρόην
1077 4739 1380 4810 ἀπέστειλε,
1443 4743 1621 4818 φήσας
1678 4741 1826 4814 αὖτῷ
1882 4742 2022 4796 παύ-

363 4846 554 4899 σασθαι
585 4837 683 4889 τοῦ
713 4831 924 4908 ἐκχέειν
974 4829 1180 4906 αἶ’ματα
1245 4832 1546 4908 ἀνθρώπων
1600 4829 1871 4901 ἀνηλεῶς,
1928 4831 2018 4887 καὶ

363 4924 542 5000 ὁρίσαι
599 4921 688 4978 καὶ
755 4918 1054 4995 λαμϐάνειν
1113 4921 1309 4976 πάκτα.
1368 4920 1428 4978 Ὀ
1490 4918 1546 4975 δὲ
1601 4917 1792 4975 οὐδένα
1853 4920 2020 4996 λόγον

360 5013 574 5068 τούτων
655 5011 973 5082 ἐποιήσατο.
1054 5013 1149 5082 Τῷ
1217 5007 1266 5064 δ’
1317 5009 1465 5082 αὐτῷ
1521 5004 1627 5064 ἔτει
1693 5007 2018 5084 Ἡράκλειος

359 5103 534 5178 ἔγημε
573 5109 871 5178 Μαρτῖναν,
904 5103 994 5157 καὶ
1041 5101 1400 5176 ἀνηγόρευσεν
1458 5099 1624 5169 αὐτὴν
1683 5097 2015 5175 Αὖγοῦσταν,

357 5195 654 5268 στέψαντας
684 5193 852 5261 αὐτὴν
889 5190 1123 5268 Σεργίου
1154 5195 1269 5265 (35)
1297 5196 1394 5248 τοῦ
1419 5190 1789 5266 πατριάρχου.

2142 1978 2432 2026 mutatum
2466 1989 2686 2028 nomen
2729 1980 2838 2041 est,
2869 1991 3088 2028 corona
3123 1975 3153 2024 π
3173 1976 3275 2028 14
3306 1980 3365 2027 et
3391 1973 3561 2027 titulo
3589 1975 3788 2045 Augu-

2141 2061 2308 2116 stalis
2331 2062 2538 2118 indita.
2565 2063 2695 2116 Fuit
2715 2063 3018 2118 Heraclius
3041 2067 3266 2117 statura
3290 2062 3594 2128 mediocri,
3613 2061 3790 2118 r0bll~

2142 2157 2290 2216 stus,
2325 2152 2496 2206 firmo
2532 2158 2791 2223 pectore,
2810 2153 3000 2207 oculis
3031 2151 3402 2224 elegantibus
3423 2167 3489 2206 ac
3514 2151 3792 2207 nonnihil

2145 2242 2356 2310 caesiis,
2389 2243 2544 2297 fulvo
2568 2243 2753 2309 crine,
2778 2243 2968 2309 albus,
2989 2243 3175 2298 barba
3197 2243 3313 2298 lata
3333 2247 3510 2312 atque
3533 2242 3786 2314 prolixa.

2143 2332 2255 2388 Sed
2288 2332 2612 2404 imperator
2641 2334 2832 2389 factus
2855 2333 3151 2405 extemplo
3184 2349 3415 2388 comam
3440 2331 3696 2388 totondit
3723 2348 3791 2388 ac

2143 2427 2409 2477 mentum
2458 2423 2623 2489 rasit,
2654 2423 2756 2494 qui
2803 2429 2890 2478 est
2938 2424 3364 2494 imperatorum
3415 2421 3677 2477 habitus.
3711 2423 3792 2478 Eo

2139 2527 2296 2565 anno
2321 2515 2515 2567 Persae
2539 2518 2982 2582 occupaverunt
3003 2514 3324 2582 Apameam
3345 2511 3524 2582 Syria:
3547 2509 3793 2566 etEdes-

2141 2604 2357 2665 sam,et
2387 2617 2576 2671 usque
2598 2601 2668 2655 ad
2694 2600 3069 2656 Antiochiam
3090 2605 3506 2672 pervenerunt.
3538 2600 3789 2655 Romani

2140 2696 2339 2745 autem
2391 2708 2587 2762 pugna
2636 2708 2771 2746 cum
2818 2692 2893 2746 iis
2924 2690 3229 2764 congressi
3279 2695 3435 2761 sunt,
3475 2707 3543 2746 ac
3583 2689 3790 2761 paucis

2139 2778 2396 2850 demptis
2428 2780 2734 2835 occidione
2773 2780 2930 2836 caasi.

2209 3050 2380 3102 Anno
2399 3046 2650 3101 Heraclii
2667 3046 3149 3111 secundo,Persas
3163 3047 3790 3117 cepemntCmsaream

2135 3137 2858 3208 Cappadociae,multaque
2876 3136 3190 3191 hominum
3206 3135 3396 3190 millia
3409 3134 3790 3206 captivainde

2140 3225 2532 3280 abduxerunt.
2569 3226 2878 3280 Enimvero
2919 3224 3170 3296 adeptus
3201 3225 3520 3296 imperium
3574 3228 3792 3283 Roma-

2139 3331 2281 3368 num
2309 3314 2610 3369 Heraclius
2647 3332 2742 3368 res
2766 3317 3080 3382 Romanas,
3101 3320 3167 3368 ut
3189 3313 3786 3380 diximus,labefacta-

2139 3409 2229 3458 tas
2259 3403 2671 3470 oilendit,cum
2705 3408 2762 3458 et
2791 3406 3085 3474 Europam
3117 3406 3335 3458 Avares
3364 3408 3698 3458 vastassent
3729 3409 3789 3458 et

2136 3493 2338 3548 Asiam
2371 3496 2564 3548 Persm
2605 3493 2998 3566 subegissent,
3033 3494 3094 3548 in
3128 3494 3472 3548 servitutem
3521 3492 3782 3549 redactis

2135 3583 2405 3638 urbibus.
2429 3583 2534 3646 Qui
2563 3599 2697 3638 eum
2723 3588 2909 3637 status
2933 3599 3131 3637 rerum
3161 3582 3396 3638 consilii
3421 3583 3661 3654 inopem
3692 3582 3786 3638 in-

2135 3678 2487 3742 certumque
2501 3670 2686 3727 animi
2713 3671 3122 3726 reddidit.Hoc
3143 3687 3300 3726 anno
3323 3670 3584 3725 Eudocia
3604 3671 3792 3742 impe-

2133 3761 2316 3815 ratori
2349 3761 2539 3816 tilium
2574 3762 2827 3832 peperit,
2861 3760 3196 3815 Heraclium
3242 3761 3559 3827 minorem,
3594 3760 3696 3830 qui
3727 3765 3790 3816 et

2128 3850 2556 3904 Constantinus
2579 3850 2782 3917 iunior
2799 3849 3221 3916 dicitur,tertia
3241 3848 3336 3904 die
3357 3848 3511 3904 Maii.
3529 3848 3784 3904 Eodem-

2128 3956 2244 4011 que
2275 3957 2453 4005 anno,
2487 3939 2746 3994 Eudocia
2776 3942 3037 4012 Augusta
3067 3938 3342 3995 decessit.

2197 4126 2370 4172 Anno
2387 4116 2822 4188 tertio,Sergius
2837 4117 3173 4187 patriarcha
3185 4115 3575 4188 Epiphaniam
3593 4116 3778 4174 filiam

2127 4212 2184 4259 et
2215 4206 2548 4260 Heraclium
2577 4205 2765 4259 ﬁlium
2783 4205 3034 4260 Heraclii
3051 4205 3600 4261 coronavit.Eodem
3619 4221 3778 4262 anno

2127 4293 2403 4349 Saraceni
2453 4295 2514 4347 in
2565 4294 2790 4364 Syriam
2823 4311 2956 4348 cum
2987 4295 3249 4349 exercitu
3283 4294 3532 4365 profecti
3561 4311 3778 4367 magno

2127 4385 2355 4458 regioni
2389 4384 2606 4439 damno
2638 4383 2774 4438 dato
2809 4383 3050 4439 domum
3082 4388 3471 4440 reverterunt.

2199 4567 2418 4629 Quarto
2447 4580 2626 4628 anno,
2662 4565 2854 4617 Persaa
2883 4565 3235 4618 Damascum
3276 4569 3564 4636 ceperunt
3595 4571 3655 4620 et
3684 4565 3779 4621 in-

2129 4653 2291 4709 colas
2339 4653 2400 4708 in
2451 4652 2797 4707 servitutem
2857 4653 3004 4709 715
3058 4651 3436 4724 redegerunt.
3471 4654 3778 4711 Heraclius

2131 4747 2330 4798 autem
2388 4741 2587 4796 missis
2643 4740 2852 4812 legatis
2905 4740 3226 4797 Chosroem
3285 4741 3556 4800 hortatus
3598 4750 3686 4799 est
3711 4749 3782 4800 ut

2132 4832 2313 4886 ﬁnem
2345 4831 2566 4885 faceret
2597 4829 2920 4885 crudeliter
2957 4830 3265 4904 sanguinis
3297 4831 3608 4888 hominum
3641 4834 3782 4889 fun-

2131 4920 2335 4989 dendi,
2369 4935 2690 4991 secumque
2742 4925 2979 4991 pactum
3027 4920 3229 4976 iceret.
3254 4921 3367 4978 Sed
3397 4922 3456 4977 id
3487 4923 3780 4980 Chosroes

2129 5028 2234 5083 pro
2261 5010 2450 5065 nihilo
2475 5009 2662 5064 duxit.
2697 5011 2776 5064 Eo
2799 5010 2927 5081 ipso
2950 5025 3127 5074 anno,
3149 5011 3778 5068 HeracliusMartiuam

2130 5101 2294 5156 duxit
2327 5102 2770 5171 Augustamque
2813 5099 3106 5170 salutavit,
3142 5107 3486 5158 coronatam
3512 5117 3548 5157 a
3576 5101 3777 5174 Sergio

2126 5188 2487 5262 patriarcha.

1567 5310 1933 5366 XYLANDRI
1974 5309 2057 5364 ET
2095 5306 2312 5365 GOARI
2351 5305 2573 5361 ΝΟΤίΕ.

423 5430 537 5500 (32)
585 5431 828 5487 Sacrum
882 5431 1036 5486 illud
1066 5428 1393 5500 oratorium
1451 5425 1756 5500 translatis
1788 5426 1843 5481 S.
1886 5427 2012 5482 Ste-

352 5497 538 5573 phani
571 5503 840 5574 reliquiis
873 5501 1143 5557 condidit
1170 5497 1560 5574 Theodosius.
1586 5500 1762 5553 (£01m.

424 5575 538 5644 (33)
571 5568 790 5631 Morem
852 5574 1002 5630 illud
1058 5573 1372 5644 antiquum
1421 5585 1747 5644 praeessor
1801 5568 2017 5623 Mauri-

354 5641 483 5733 cius
514 5641 801 5703 renovare
831 5645 1076 5702 studuit.
1138 5641 1361 5700 Auctor
1414 5645 1539 5714 ejus
1599 5641 1741 5697 Vita:
1773 5656 1930 5695 anno
1962 5644 2014 5697 1.

359 5717 550 5863 milia?)
609 5791 812 5850 Prima
861 5791 990 5850 haec
1073 5806 1144 5846 ex
1200 5788 1367 5862 impp
1401 5829 1416 5844 .
1490 5785 1723 5844 ﬁliabus
1779 5785 1853 5844 ob
1903 5787 2017 5844 Au-

2125 5429 2312 5498 gustas
2369 5421 2579 5477 matris
2638 5427 2892 5475 mortem
2963 5423 3224 5493 Augusta
3300 5422 3416 5478 fuit
3471 5427 3776 5480 coronata.

2127 5499 2310 5649 (ﬁgi?)
2344 5563 2737 5649 NAon‘ab‘ipso
2770 5563 2955 5649 modo.
2979 5563 3358 5649 imperatore,
3390 5569 3457 5619 ut
3485 5567 3782 5649 a_Justipo

2126 5635 2319 5711 primo
2377 5636 2709 5711 factitatum
2760 5641 2964 5711 narrat
2993 5640 3220 5711 aucto_r,
3243 5635 3348 5690 sed
3379 5651 3414 5691 a
3443 5638 3786 5708 patriarcha

2125 5705 2362 5783 quoque
2393 5705 2792 5764 coronabatur
2822 5709 3105 5779 Augusta.
3141 5707 3316 5767 Gon.
