4120 6424
358 421 476 482 ’183

1707 416 2029 480 GEORGII
2073 415 2420 480 CEDRENI

3656 418 3785 479 ’184

426 562 645 630 Quinto
676 578 856 628 anno,
902 561 1098 618 Persae
1127 558 1380 617 Jordane
1420 559 1705 629 occupato
1736 554 1999 612 Palaesti-

2185 554 2282 625 Τῷ
2341 554 2379 609 ε’
2434 547 2541 608 ἔτει
2593 547 2906 628 παρέλαϐον
2963 554 3014 610 οἱ
3077 553 3277 630 Ηὲρσαι
3331 554 3425 611 τὸν
3479 553 3787 630 Ἰορδάνην,

358 672 501 711 nam
532 658 591 710 et
620 654 830 711 urbem
863 659 1128 709 sanctam
1162 651 1214 706 vi
1242 653 1742 723 expugnarunt.et
1768 647 1828 701 in
1859 646 2008 702 urbe

358 762 467 818 per
495 745 731 801 Iudaeos
788 743 1212 799 interfecerunt
1242 742 1316 796 ad
1360 744 1449 805 90,
1482 746 1549 796 ut
1574 740 1783 806 fertur,
1817 736 2011 791 homi-

362 852 510 890 num
541 833 947 890 milliaJudaai
985 833 1144 888 enim
1175 831 1429 903 quisque
1460 847 1567 901 pro
1602 828 1727 883 suis
1757 825 2008 882 faculta-

364 925 523 979 tibus
554 922 918 978 Christianos
950 937 984 976 a
1012 921 1207 976 Persis
1239 923 1516 975 emerunt
1547 922 1725 989 atque
1757 929 2011 969 necave-

362 1012 522 1061 runt.
556 1004 865 1061 Zacharias
924 1001 1262 1074 patriarcha
1320 999 1893 1071 Hierosolymitanus
1952 997 2012 1048 et

361 1094 701 1150 veneranda
729 1092 922 1149 crucis
950 1091 1115 1164 ligna
1144 1106 1280 1146 cum
1310 1089 1535 1161 ingenti
1567 1086 1769 1159 praeda
1789 1101 1857 1140 ac
1877 1099 2011 1154 cap-

362 1184 617 1239 tivorum
641 1199 892 1239 numero
914 1181 977 1236 in
998 1180 1303 1237 Persidem
1331 1183 1474 1235 sunt
1504 1173 2007 1233 abducta.Eodem

361 1289 520 1329 anno
546 1272 796 1328 Martina
825 1270 1094 1326 Heraclio
1128 1268 1315 1325 alium
1341 1266 1794 1323 Constantinum
1826 1277 2010 1334 pepe-

359 1362 569 1434 rit,qui
600 1362 663 1417 in
685 1360 1033 1417 Blachernis
1065 1363 1156 1414 est
1185 1375 1221 1413 a
1249 1358 1448 1430 Sergio
1496 1354 1834 1428 patriarcha
1862 1351 2011 1423 bap-

360 1453 594 1508 tizatus.

434 1542 613 1597 Sexto
634 1557 813 1609 anno,
830 1541 1024 1594 Persa;
1047 1538 1382 1593 universam
1402 1539 1733 1608 Egyptum,
1764 1532 2011 1588 Alexan-

362 1630 575 1699 driam,
609 1629 1009 1699 Africamque,
1034 1634 1091 1683 et
1113 1626 1315 1683 omnia
1335 1626 1408 1682 ad
1433 1624 1788 1693 IEthiOpiam
1819 1638 2009 1693 usque

363 1724 894 1791 occupaverunt,ac
909 1717 1184 1790 plurimis
1198 1716 1467 1772 abductis
1489 1713 1757 1785 captivis,
1782 1710 2009 1783 ingenti

362 1826 498 1867 cum
530 1808 732 1882 praeda
766 1813 823 1863 et
850 1806 1103 1880 pecunia
1148 1806 1391 1862 domum
1423 1803 1749 1867 redierunt,
1782 1800 2010 1855 relictis

363 1901 465 1973 qui
495 1897 909 1970 Carthaginem
925 1896 1198 1951 frustraa
1226 1912 1287 1950 se
1319 1898 1608 1948 tentatam
1641 1889 2005 1946 obsiderent.

432 2078 696 2151 Septimo
745 2092 927 2139 anno,
985 2072 1414 2130 Constantinus
1465 2070 1773 2127 Heraclius
1804 2066 2016 2123 consul

357 2170 912 2241 fuit,Caasaremque
933 2164 1075 2220 fecit
1094 2165 1339 2220 fratrem
1357 2179 1532 2219 suum
1552 2158 2016 2217 Constantinum

362 2259 684 2327 minorem,
715 2254 971 2312 Heraclii
1002 2258 1062 2310 et
1089 2254 1353 2310 Martinae
1387 2251 1604 2306 filium.

437 2439 590 2494 710
641 2439 855 2494 Octavo
904 2451 1083 2502 anno,
1114 2449 1320 2489 rursus
1371 2430 1675 2487 Heraclius
1718 2429 1924 2502 legatis
1953 2428 2016 2482 in

358 2528 668 2585 Persidem
700 2525 773 2581 ad
803 2525 1124 2580 Chosroem
1156 2523 1357 2578 missis
1387 2536 1595 2594 pacem
1627 2519 1816 2592 petiit.
1844 2518 2019 2573 Chos—

359 2632 492 2673 roes
523 2616 721 2672 denuo
777 2629 879 2669 eos
929 2611 1170 2684 repulit,
1203 2627 1427 2683 negans
1459 2625 1521 2664 se
1553 2607 1835 2664 Romanis
1864 2606 2016 2662 velle

362 2722 631 2778 parcere,
665 2703 784 2759 nisi
845 2701 1197 2758 cruciﬁxum
1256 2700 1647 2766 difﬂteantur,
1693 2713 1871 2769 quem
1902 2696 2015 2767 ipsi

364 2798 552 2853 Deum
582 2811 713 2851 esse
746 2793 967 2864 dicant,
1002 2796 1061 2849 et
1087 2790 1203 2845 nisi
1235 2789 1487 2846 adorent
1516 2788 1727 2844 solem.

434 2980 599 3033 Nono
652 2992 835 3042 anno,
888 2976 1106 3031 Avares
1136 2974 1197 3029 in
1229 2974 1536 3029 Thraciam
1583 2988 1719 3028 cum
1750 2970 2016 3026 exercitu

359 3072 675 3123 venerunt.
709 3065 884 3120 Mittit
939 3081 1076 3136 ergo
1118 3063 1425 3119 Heraclius
1480 3079 1685 3135 pacem
1715 3061 1966 3133 petitum
1999 3076 2012 3128 ;

362 3173 623 3228 cumque
650 3171 781 3211 eam
815 3171 877 3210 se
926 3154 1396 3226 compositurum
1427 3152 1738 3225 Chaganus
1768 3150 2015 3222 promit-

360 3251 535 3313 teret,
569 3245 621 3300 ei
642 3250 808 3301 extra
832 3245 1090 3317 Longum
1112 3260 1301 3314 usque
1335 3257 1570 3298 murum
1596 3241 1855 3296 occurrit
1878 3254 2012 3294 cum

360 3351 574 3409 magno
606 3335 999 3407 imperatorio
1022 3334 1328 3402 comitatu,
1355 3331 1702 3404 magnisque
1725 3334 1785 3384 et
1804 3328 2011 3383 multis

366 3426 541 3482 donis
559 3426 901 3495 Chaganum
924 3425 998 3480 ad
1022 3440 1229 3496 pacem
1262 3423 1379 3478 ﬁde
1410 3422 1565 3477 ultro
1584 3421 1852 3490 citroque
1880 3418 2019 3474 data

365 3514 729 3570 firmandam
779 3513 1049 3569 hortatus
1098 3516 1205 3568 est.
1236 3511 1349 3567 Sed
1398 3510 1689 3566 Barbarus
1730 3508 1919 3581 pactis
1949 3524 2018 3563 ac

360 3605 704 3677 juramento
730 3603 1089 3660 conculcatis
1119 3603 1313 3658 subito
1343 3601 1619 3657 hostilem
1644 3600 1931 3672 impetum
1954 3599 2017 3653 in

336 3690 337 3693 “
370 3694 709 3750 Heraclium
741 3692 924 3761 dedit,
957 3694 1042 3749 ita
1069 3698 1136 3748 ut
1182 3709 1246 3748 re
1285 3692 1595 3763 inopinata
1624 3692 1674 3745 is
1706 3689 2017 3761 perculsus

368 3784 507 3857 fuga
536 3785 599 3839 in
629 3782 839 3839 urbem
871 3800 934 3838 se
964 3783 1595 3855 receperit.Chaganus
1622 3779 2014 3852 impedimen-

368 3873 866 3945 tisimperatoris,
902 3878 959 3928 et
989 3889 1137 3944 quos
1168 3872 1380 3944 potuit,
1413 3869 1754 3926 hominibus
1787 3868 2018 3940 aliquot

368 3964 577 4035 captis,
611 3963 802 4019 multa
856 3962 1118 4018 Thracias
1149 3961 1368 4034 oppida
1396 3976 1499 4033 spe
1531 3960 1697 4032 pacis
1726 3960 1798 4015 ab
1826 3976 1896 4015 eo
1927 3977 2016 4015 os-

362 4058 569 4122 tensaa,
595 4052 747 4108 nihil
778 4052 897 4108 tale
928 4050 1750 4126 exspectantia,depraadatus
1772 4050 2013 4106 domum

364 4139 528 4196 abiit.

429 4232 601 4286 Anno
630 4229 882 4300 decimo,
917 4230 1134 4286 iterum
1176 4229 1483 4287 Heraclius
1514 4227 1588 4285 ad
1620 4245 1756 4285 eum
1788 4228 2014 4299 legatos

358 4321 564 4393 mittit,
593 4339 698 4394 per
746 4340 895 4395 quos
950 4328 1009 4378 et
1058 4327 1268 4378 contra
1316 4322 1505 4378 fmdus
1535 4321 1608 4377 ab
1641 4337 1709 4377 eo
1742 4320 1896 4376 facta
1925 4336 2011 4375 re-

354 4411 748 4484 prehenditet
769 4411 965 4468 denuo
986 4413 1061 4469 ad
1084 4429 1290 4485 pacem
1319 4412 1759 4467 hortatur.Nam
1786 4410 2009 4465 bellum

356 4500 666 4555 Persicum
696 4500 898 4556 animo
932 4501 1163 4574 agitans
1195 4501 1326 4574 ejus
1357 4517 1537 4556 causa
1567 4516 1701 4555 cum
1734 4500 2010 4571 Chagano

359 4587 638 4660 cupiebat
668 4604 877 4659 pacem
929 4589 1172 4647 habere.
1234 4589 1526 4647 Barbarus
1574 4589 2009 4644 humanitatem

2116 643 2206 698 καὶ
2236 645 2339 713 τὴν
2369 641 2765 715 Παλαιστίνην,
2807 645 2898 699 καί
2955 646 3055 714 τὴν
3113 645 3270 721 ἁγίαν
3305 643 3473 701 πόλιν
3524 644 3785 719 πολέμῳ,

2116 730 2209 787 καί
2251 733 2570 788 ἀπέκτειναν
2626 732 2678 788 ἐν
2735 732 2872 809 αὐτῇ
2934 732 3024 790 διὰ
3071 738 3275 811 χειρῶν
3329 740 3440 791 τῶν
3500 732 3785 791 Ἰουδαίων

2119 820 2196 885 ὥς
2253 823 2382 902 φασί
2438 843 2602 893 τινες,
2661 821 2930 899 μυριάδας
2985 825 3047 889 6"
3107 823 3261 879 αὐτοὶ
3315 824 3421 901 γὰρ
3476 824 3782 898 ὠνούμενοι

2116 910 2244 975 τοὺς
2303 913 2681 987 Χριστιανοὺς,
2752 915 2869 968 καθ’
2924 910 3149 977 ἕκαστος
3207 913 3467 989 ηύπόρει,
3527 913 3781 971 ἀπέκτει-

2116 1024 2212 1058 νον
2244 1000 2462 1066 αύτοὺς.
2521 1001 2831 1078 Ζαχαραίαν
2891 1001 2949 1058 δὲ
3006 1003 3099 1058 τὸν
3158 1005 3506 1079 πατριάρχην
3553 1005 3784 1080 Ἰεροσο-

2120 1090 2313 1165 λύμων
2344 1093 2436 1147 καὶ
2465 1093 2533 1146 τὰ
2564 1091 2725 1167 τίμια
2770 1091 2907 1166 ξύλα
2961 1088 3243 1170 Λαϐόντες,
3278 1093 3373 1149 σὺν
3413 1093 3780 1170 αἰχμαλωσίᾳ

2117 1177 2308 1253 πολλῇ
2341 1178 2392 1234 ἐν
2426 1177 2644 1255 Περσίδι
2682 1180 2987 1259 ἀπήγαγον.
3048 1180 3146 1254 Τῷ
3211 1180 3359 1253 αὖτῷ
3410 1178 3516 1237 ἔτει
3576 1179 3778 1258 ἐτέχθη

2116 1272 2197 1341 τῷ
2257 1268 2476 1345 βασιλεῖ
2557 1269 2663 1324 ἀπὸ
2718 1271 2994 1346 Μαρτίνας
3086 1273 3494 1333 Κωνσταντῖνος
3564 1269 3780 1345 ἔτερος,

2118 1357 2209 1413 καὶ
2260 1353 2561 1431 ἐϐαπτίσθη
2621 1358 2674 1415 ἐν
2735 1357 3078 1437 Βλαχέρναις
3140 1360 3245 1416 ὑπὸ
3304 1360 3534 1438 Σεργίου
3590 1380 3787 1437 πατρι-

2121 1446 2318 1527 άρχου.

2187 1538 2285 1608 Τῷ
2362 1538 2407 1600 ς’
2463 1531 2593 1608 ἔτει,
2677 1532 2988 1612 παρέλαϐον
3048 1538 3100 1593 οἱ
3159 1536 3360 1613 Πέρσαι
3444 1543 3622 1594 πᾶσαν
3680 1538 3783 1607 τὴν

2118 1623 2418 1700 Α’ίγυπτον,
2475 1627 2565 1682 καὶ
2619 1625 3053 1701 Ἀλεξάνδρειαν,
3111 1629 3200 1683 καὶ
3264 1622 3499 1699 Λιϐύην,
3556 1624 3788 1690 καὶὲως

2119 1714 2425 1787 Αἰθιοπίας,
2485 1715 2574 1771 καὶ
2634 1712 2896 1777 λαϐόντες
2956 1715 3352 1792 αἶ’χμαλωσίαν
3412 1714 3631 1787 πολλὴν
3692 1717 3790 1771 καὶ

2120 1804 2338 1882 λάφυρα
2384 1805 2473 1860 καὶ
2532 1807 2796 1882 χρήματα
2856 1805 3213 1882 ὑπέστρεψαν.
3270 1808 3385 1876 Τήν
3447 1804 3505 1861 δὲ
3554 1808 3788 1883 Καρχη-

2122 1891 2252 1948 δόνα
2346 1896 2423 1966 μὴ
2505 1891 2825 1966 δυνηθέντες
2904 1890 3241 1973 παραλαϐεῖν
3287 1942 3302 1968 ,
3400 1896 3784 1971 πολιορκητὰς

2124 1983 2391 2054 ἐάσαντες,
2412 1983 2794 2061 ἀνεχώρησαν.

2194 2077 2290 2148 Τῷ
2349 2075 2390 2145 ζ’
2435 2073 2568 2142 ἓτει,
2629 2075 2891 2130 ὑπάτευσε
2948 2077 3358 2139 Κωνσταντῒοος
3429 2073 3782 2151 Ἡράκλειος,

2119 2164 2211 2219 καὶ
2269 2159 2606 2239 προεϐάλετο
2664 2165 2910 2240 Καίσαρα
2968 2170 3371 2221 Κωνσταντῖνον
3420 2166 3513 2221 τὸν
3581 2166 3782 2241 μικρὸν

2119 2249 2264 2308 ἴδιον
2323 2251 2583 2332 ἀδελφὸν,
2666 2254 2757 2309 σὸν
2849 2253 2902 2324 ἒξ
2959 2253 3290 2331 Ἡρακλείου
3345 2253 3436 2310 καὶ
3495 2255 3778 2329 Μαρτίνας

2119 2346 2457 2423 γεννηθέντα.

2192 2440 2278 2509 Τῷ
2353 2437 2405 2507 η’
2486 2430 2594 2493 ἔτει
2679 2435 2845 2492 πάλιν
2935 2436 3256 2513 Ἡράκλειος
3330 2436 3643 2493 ἀπέστειλεν
3726 2435 3784 2493 ἐν

2121 2521 2344 2599 Περσίδι
2401 2521 2654 2601 πρέσϐεις
2726 2526 2865 2600 πρὸς
2921 2526 3196 2600 Χοσρόην,
3254 2523 3579 2600 αἰτούμενος
3633 2523 3784 2600 εῗρηη

2118 2634 2238 2686 νην.
2271 2614 2335 2669 Ὁ
2384 2612 2442 2669 δὲ
2499 2616 2755 2689 Χοσρόης
2810 2614 2901 2671 καὶ
2957 2613 3126 2672 πάλιν
3185 2613 3346 2671 αὺτὸν
3402 2615 3787 2690 ἀπεπέμψατο,

2122 2701 2290 2758 εἰπὼν
2318 2701 2402 2758 ὅτι
2433 2703 2514 2761 Ού
2541 2703 2796 2782 φείσομαι
2839 2704 3019 2778 ὐμῶν,
3049 2701 3154 2766 ἓως
3211 2702 3273 2759 ἂν
3323 2703 3632 2780 ἀρνήσησθε
3686 2704 3787 2760 τὸν

2122 2792 2569 2869 ἐσταυρωμένων,
2600 2795 2659 2849 ’ὸν
2707 2793 2892 2872 λέγετε
2940 2794 3070 2849 Θεὸν
3124 2795 3288 2865 εἶναι,
3347 2796 3434 2851 καὶ
3468 2796 3787 2871 προσκυνή-

2123 2902 2253 2954 σητε
2280 2887 2362 2955 τῷ
2392 2881 2563 2956 ἡλίῳ.

2191 2976 2282 3046 Τῷ
2339 2973 2385 3036 θ’
2442 2966 2570 3044 ἔτει,
2663 2972 3025 3047 ἐστράτευσαο
3103 2974 3154 3028 οί
3209 2968 3444 3049 Ἅϐαρες
3491 2974 3629 3029 κατὰ
3680 2976 3783 3039 τῆς

2122 3059 2360 3138 θρᾴκης.
2395 3061 2755 3124 Ἀποστείλας
2794 3059 2851 3117 δὲ
2916 3059 3236 3137 Ἡράκλειος
3291 3062 3475 3137 ᾐτεῖτο
3539 3063 3777 3139 είρήνην⁶

2121 3150 2212 3206 καὶ
2240 3151 2564 3224 συνθεμένου
2596 3154 2693 3206 τοῦ
2750 3151 3009 3227 Χαγάνου
3067 3152 3269 3223 ταύτην
3322 3158 3523 3226 ποιεῖν,
3556 3150 3776 3223 ἐξῆλθεν

2124 3238 2153 3294 ὁ
2197 3238 2453 3313 βασιλεύς
2509 3236 2610 3312 ἔξω
2653 3244 2749 3294 τοῦ
2804 3242 3032 3316 Μακροῦ
3088 3240 3309 3319 τείχους
3371 3241 3504 3315 μετᾶ
3559 3240 3783 3310 πολλῆς

2130 3327 2457 3409 δορυφορίας
2498 3329 2793 3404 βασιλικῆς
2833 3331 2921 3385 καὶ
2980 3327 3171 3406 δώρων
3224 3328 3454 3386 πολλῶν
3518 3330 3778 3407 μεγάλων

2126 3415 2477 3489 ὑποδέξασθαι
2514 3420 2604 3473 τὸν
2659 3418 2907 3495 Χαγάνον
2965 3421 3054 3475 καὶ
3088 3415 3275 3475 λαϐεῖν
3330 3419 3398 3475 τὰ
3427 3421 3591 3476 πιστά
3643 3440 3778 3496 παρ,

2122 3507 2309 3563 αὐτοῦ.
2348 3510 2407 3565 Ὀ
2468 3505 2524 3563 δὶ
2573 3505 2856 3583 Βάρϐαρος
2914 3511 2998 3583 [Ρ.
3059 3513 3187 3583 409]
3246 3513 3343 3572 τάς
3397 3531 3456 3566 τε
3507 3512 3778 3580 συνθήκας

2124 3597 2388 3668 ἀθετήσας
2441 3598 2529 3653 καὶ
2590 3598 2719 3661 τοὺς
2776 3599 2971 3675 ὅρκους
3028 3597 3180 3677 ἄφνω
3246 3604 3575 3675 τυραννικῶς
3641 3600 3779 3655 κατὰ

2122 3690 2219 3743 τοῦ
2280 3686 2548 3762 βασιλέως
2605 3687 2907 3764 ἐχώρησεν.
2960 3688 3287 3767 Ἐκπλαγεὶς
3347 3687 3404 3745 δὲ
3457 3690 3485 3744 ὁ
3520 3687 3778 3765 βασιλεὺς

2119 3779 2198 3848 τῷ
2247 3773 2647 3851 ἀπροσδοκήτῳ
2704 3778 2873 3857 φυγὰς
2929 3778 3014 3833 ἐπὶ
3073 3780 3172 3849 τήν
3225 3776 3389 3834 πόλιν
3459 3780 3778 3853 ὑπέστρεψε.

2121 3860 2316 3921 Λαϐὼν
2346 3863 2403 3921 δὲ
2443 3868 2471 3922 ὁ
2530 3863 2813 3942 Βάρϐαρος
2865 3869 2965 3938 τήν
3019 3889 3079 3924 τε
3131 3866 3422 3944 βασιλικὴν
3466 3868 3775 3937 ἀποσκευὴν

2117 3956 2207 4010 καί
2276 3956 2437 4018 ὅσους
2488 3952 2738 4028 ⁴ἠδυνήθη
2796 3953 3126 4014 καταλαϐεῖν
3214 3959 3532 4034 ὑπέστρεψε,
3589 3957 3783 4015 πολλὰ

2120 4044 2301 4121 χωρία
2330 4052 2431 4115 τῆς
2464 4044 2679 4122 Θράκης
2707 4045 3039 4121 ληϊσάμενος
3079 4045 3138 4102 ἒκ
3189 4051 3287 4103 τοῦ
3344 4047 3778 4124 ἀπροσδοκήτως

2118 4139 2388 4208 ἀπατῆσαι
2417 4143 2487 4214 τῇ
2520 4137 2702 4194 ἐλπίδι
2735 4146 2836 4210 τῆς
2880 4139 3126 4216 εἶρήνης.

2185 4231 2273 4300 Τῷ
2334 4228 2363 4281 ι’
2419 4221 2526 4282 ἔτει
2586 4227 2907 4303 Ἡράκλειος
2991 4230 3128 4305 πρὸς
3214 4230 3453 4307 Χαγάνον
3515 4224 3774 4304 πρέσϐεις

2115 4314 2427 4371 ἀπέστειλεν
2485 4312 2641 4373 ἓνεκα
2704 4317 2829 4390 περὶ
2884 4323 2993 4374 τῶν
3057 4320 3147 4374 ὑπ’
3204 4320 3373 4375 αὐτοῦ
3439 4320 3777 4398 γεγονόντων

2117 4405 2364 4479 ἀθέσμων
2400 4450 2415 4473 ,
2481 4408 2570 4461 καί
2637 4406 2805 4462 πάλιν
2881 4407 3018 4480 πρὸς
3101 4410 3325 4482 εἱρήνην
3383 4411 3771 4484 προετρέπετο·

2117 4494 2527 4570 ἐπιστρατεῦσαι
2611 4495 2714 4570 γὰρ
2799 4492 3184 4570 διανοούμενος
3288 4498 3426 4552 κατᾶ
3508 4492 3774 4573 Περσίδος

2118 4584 2410 4660 εἰρηνεύειν
2483 4586 2618 4658 μετὰ
2681 4591 2779 4641 τοῦ
2883 4586 3131 4663 Χαγάνου
3226 4584 3422 4656 ἤθελεν
3459 4630 3474 4655 ,
3560 4587 3620 4651 ’ὀς
3682 4587 3777 4641 καὶ

358 4676 615 4733 Heraclii
648 4680 935 4735 reveritus
965 4682 1243 4754 promisit
1272 4698 1333 4737 se
1365 4680 1521 4736 facta
1549 4684 1803 4747 mutare,
1832 4684 2008 4749 atque

2127 4674 2383 4737 κίδεσθεὶς
2412 4675 2512 4745 τὴν
2550 4678 2646 4730 τοῦ
2681 4674 2952 4751 βασιλέως
3004 4676 3216 4750 ἀγάπην
3283 4681 3558 4751 μετανοεῖν
3612 4674 3780 4751 ἐπηγ-

352 4768 667 4838 postmodo
698 4786 899 4842 pacem
946 4773 1267 4828 culturum.
1303 4775 1388 4828 Ita
1416 4772 1594 4846 legati
1627 4773 2005 4845 imperatoris

356 4857 506 4912 717
542 4874 676 4914 cum
724 4866 899 4931 pacta
951 4861 1312 4931 ﬁrmassent,
1344 4878 1488 4934 pace
1521 4862 1871 4934 composita,
1904 4861 2002 4917 do-

351 4961 515 5003 mum
539 4949 789 5021 profecti
822 4957 1058 5021 sunt,eo
1080 4969 1239 5007 anno
1270 4950 1448 5007 etiam
1482 4954 1675 5008 Persae
1706 4955 1998 5025 Ancyram

351 5035 592 5095 Galatiae
624 5038 835 5096 urbem
868 5047 1372 5114 expugnaverunt.

418 5130 593 5183 Anno
616 5131 1014 5199 tl,Heraclius
1031 5130 1229 5186 divino
1254 5130 1617 5188 Christianos
1640 5132 1998 5189 defendendi

348 5216 561 5274 ardore
588 5219 772 5275 animi
796 5220 1097 5287 incitatus,
1123 5221 1538 5289 constituta,ut
1568 5223 1830 5294 putabat,
1864 5240 1995 5278 cum

345 5308 633 5365 Avaribus
667 5310 1133 5380 pace,exercitus
1157 5326 1227 5364 ex
1252 5311 1483 5382 Europa
1506 5311 1562 5366 in
1588 5312 1789 5367 Asiam
1816 5318 1999 5368 trans-

343 5398 503 5462 tulit,
531 5399 951 5471 cogitavitque,
982 5400 1101 5455 Deo
1131 5400 1449 5472 adjuvante
1485 5407 1764 5457 conatum
1800 5420 1994 5475 suum,

344 5483 406 5537 in
439 5487 748 5544 Persidem
777 5489 1017 5544 ducere.

412 5575 583 5630 Anno
634 5578 717 5644 12,
768 5579 870 5649 qui
900 5578 1015 5634 fuit
1067 5578 1138 5633 ab
1175 5580 1346 5635 initio
1390 5580 1595 5636 mundi
1630 5581 1788 5648 6131,
1824 5583 1998 5638 tertia

340 5664 565 5718 mensis
590 5664 978 5737 Septembris,
1008 5670 1354 5740 septimana:
1378 5671 1586 5741 quinta
1606 5670 1724 5737 die,
1757 5672 1997 5742 Stepha-

340 5763 455 5806 nus
489 5750 929 5812 Alexandrinus
980 5757 1293 5814 Saracenis
1327 5776 1399 5816 ex
1430 5760 1604 5817 astris
1634 5758 1821 5833 petita
1851 5760 1993 5816 divi-

2114 4762 2346 4842 γέλλετο
2431 4766 2522 4819 καί
2605 4762 2822 4842 ἀγάπην
2899 4770 3114 4820 ποιεῖν·
3202 4764 3291 4821 καὶ
3377 4767 3773 4841 στοιχήσαντες

2113 4854 2288 4910 πάκτα
2320 4852 2649 4930 ὑπέστρεψαν
2693 4855 2745 4908 οἱ
2797 4849 3048 4930 πρέσϐεις
3103 4855 3221 4929 μετ’
3271 4854 3520 4929 εἰρήνης.
3576 4855 3772 4926 Τούτῳ

2109 4948 2191 5017 τῷ
2247 4942 2353 4999 ἔτει
2410 4939 2719 5019 παρέλαϐον
2782 4945 2834 4998 οἱ
2890 4943 3086 5019 Πέρσαι
3168 4944 3400 5018 πολέμῳ
3499 4943 3772 5020 Ἀγκύραν

2110 5033 2403 5097 Γαλατίας.

2184 5127 2275 5196 Τᾦ
2337 5130 2401 5178 ια’
2455 5116 2585 5193 ἔτει,
2635 5122 2960 5196 Ἡράκλειος
3042 5123 3210 5194 ζῆλον
3267 5128 3411 5188 θεῖον
3472 5123 3604 5199 ὑπὲρ
3663 5125 3775 5177 τῶν

2113 5215 2458 5288 Χριστιανῶν
2531 5208 2861 5281 ἀναλαϐὼν,
2922 5212 3057 5287 μετᾶ
3122 5218 3231 5267 τῶν
3294 5206 3546 5287 Ἀϐάρων
3606 5211 3770 5282 εἰρη-

2111 5305 2322 5377 νεύσσς,
2379 5306 2455 5369 ὡς
2509 5303 2746 5379 ὶνόμτξε,
2792 5306 3086 5381 μετήνεγκε
3138 5306 3204 5360 τὰ
3261 5305 3641 5381 στρατεύματα
3668 5313 3773 5377 τῆς

2110 5398 2383 5475 Εὐρώπης
2414 5395 2502 5452 ἐπὶ
2531 5399 2631 5467 τὴν
2688 5396 2900 5465 Ἀσίαν,
2930 5398 3021 5453 καὶ
3054 5394 3314 5455 διενοεῖτο
3362 5402 3432 5472 τῇ
3480 5403 3577 5454 τοῦ
3635 5403 3772 5455 Θεοῦ

2110 5487 2366 5566 συνεργίᾳ
2392 5489 2530 5543 κατὰ
2560 5485 2822 5562 Περσίδος
2855 5494 3082 5563 χωρεῖν.

2176 5582 2265 5651 Τῷ
2288 5579 2358 5653 ιβ’
2388 5574 2517 5648 ἔτει,
2575 5574 2748 5654 ἤγουν
2781 5581 2862 5651 τῷ
2891 5576 3060 5654 ,ςρλοί
3116 5578 3222 5633 ἀπὸ
3279 5577 3508 5641 κτίσεως
3534 5578 3772 5653 κόσμου,

2110 5668 2243 5743 μηνὶ
2275 5660 2643 5741 Σεπτεμϐρίῳ
2676 5668 2746 5742 γ’,
2774 5666 2957 5743 ἡμέρᾳ
3012 5669 3073 5739 ε’,
3133 5666 3342 5743 ἐγένετο
3373 5669 3630 5740 θεμάτιον
3662 5674 3773 5724 τῶν

2106 5761 2439 5835 Σαρακηνῶν
2496 5757 2647 5833 παρᾶ
2725 5757 2999 5834 Στεφάνου
3085 5754 3489 5835 Ἀλεξανδρέως
3552 5757 3778 5822 τούτοις
