4120 6416
337 394 458 459 ⁸185

1482 394 1852 456 HISTORIA
1867 393 2031 474 RUM
2077 395 2601 461 COMPENDIUM
2614 445 2630 460 .

3661 405 3785 466 786

340 527 687 590 κανονίσατος
743 527 1013 601 κρατῆσαι
1067 523 1123 581 ἐν
1185 525 1367 600 ἰσχύει
1416 525 1514 598 μὶν
1568 521 1664 595 ἐτη
1697 526 1796 595 το“,
1841 523 1895 578 ἐν
1955 521 1992 578 δῖ

2129 530 2311 585 nandi
2334 533 2564 589 ratione
2578 534 3034 590 vatioinatusest
3058 534 3185 590 fore
3217 551 3420 593 eorum
3452 539 3779 609 potentiam

342 621 621 697 συστροφῇ
680 617 770 672 καὶ
859 614 1122 688 ἀκατασίᾳ
1203 614 1297 670 καὶ
1370 618 1633 695 φυμφορᾶ
1696 612 1854 688 ’ἐτερα
1908 613 2006 685 ’ὲτη

2115 634 2184 674 ac
2206 619 2680 679 dominationem
2712 624 2968 680 validam
2992 641 3099 697 per
3122 641 3314 681 annos
3336 626 3606 692 209,inde
3622 628 3775 686 alios

341 716 439 781 νς¹,
470 709 546 771 ὡς
597 706 736 762 εἶναι
787 706 888 775 τὴν
941 702 1297 780 διακράτησιν
1354 702 1533 759 αὐτῶν
1593 704 1799 759 ἅπασαν
1850 704 1992 759 εὐτυ-

2117 710 2185 762 56
2207 725 2338 764 eam
2356 710 2565 780 turbis,
2594 713 2951 769 tumultibus
2968 730 3037 770 ac
3048 714 3482 772 calamitatibus
3503 723 3775 775 vexatum

337 802 547 877 χοῦσαν
576 795 667 852 καὶ
737 792 1115 870 δυστυχοῦσαν
1174 789 1270 865 ἔτη
1329 793 1451 865 τξε“,
1508 790 1561 848 ἐν
1616 797 1696 866 τῷ
1744 794 1785 863 ε’
1830 791 2008 849 ἐνιαυο

341 895 423 962 τῷ
450 890 589 964 (36),
619 888 759 951 καθά
814 907 947 965 φησι
1006 884 1098 940 καὶ
1139 887 1168 940 6
1212 894 1500 961 προφήτης
1559 882 1802 947 Ἠσαίας·
1864 881 2008 942 Τάδε

342 974 492 1052 λέγει
522 977 744 1052 Κύριος·
792 976 915 1033 Ἒτι
969 973 1218 1037 ἐνιαυτὸς
1272 973 1347 1036 ὡς
1406 973 1643 1036 ἐνιαυτὸς
1703 978 2005 1046 μισθωτοῦ,

343 1068 433 1122 καὶ
492 1064 733 1140 ἐκλείψει
761 1067 797 1135 ἠ
827 1061 959 1136 δόξα
998 1060 1212 1137 Κηδάρ,
1246 1061 1338 1117 καὶ
1392 1063 1456 1117 τὸ
1507 1062 1845 1118 κατάλοιπον
1894 1067 2006 1118 τῶν

339 1155 686 1229 τοξευμάτων
731 1154 865 1209 υἱῶν
913 1150 1104 1228 Κηδάρ
1134 1156 1241 1207 τῶν
1271 1151 1513 1228 ἰσχυρῶν
1574 1147 1725 1208 ἔσται
1783 1149 1997 1229 ὀλίγον.

343 1246 531 1301 Λείπει
563 1244 654 1299 οὗν
687 1240 791 1306 ἕως
818 1248 920 1312 τῆς
949 1244 1156 1317 (37)...,
1191 1240 1277 1297 ἐὰν
1333 1240 1437 1316 ἄρα
1466 1239 1651 1304 καλῶς
1683 1239 2004 1312 ἐθεμάτισεν

341 1336 370 1390 6
400 1334 737 1409 ἀστρονόμος
771 1332 1061 1410 Στέφανος·
1095 1329 1226 1385 ἀλλ’
1282 1329 1358 1392 ὼς
1416 1331 1578 1404 οἶμαι
1609 1328 1811 1385 λεπτὸν
1853 1331 2004 1405 παχὺ

336 1422 525 1481 ἔλαθεν
556 1422 786 1479 ἐκεῖνον.
818 1422 939 1496 Χρὴ
997 1418 1057 1476 δὲ
1114 1417 1309 1476 είδὲναί
1341 1415 1426 1476 ὅτι
1479 1421 1509 1475 6
1564 1417 1755 1495 Κηδὰρ
1821 1417 2005 1477 δεύτε-

337 1534 431 1589 ρος
465 1513 584 1576 υἱὸς
611 1517 712 1568 τοῦ
769 1508 1002 1586 Ἰσμαήλ
1053 1511 1139 1580 ἦν.
1187 1508 1385 1583 Τούτῳ
1412 1513 1493 1582 τῷ
1545 1502 1650 1565 ἔτει
1709 1508 1943 1573 τέλέσας
1975 1510 2004 1565 6

344 1600 601 1680 βασιλεὺς
631 1598 957 1677 Ἡράκλειος
1006 1601 1107 1670 τὴν
1165 1598 1357 1674 ἑορτὴν
1414 1602 1513 1654 τοῦ
1562 1597 1776 1674 Πάσχα,
1808 1597 2004 1663 εὐθέως

337 1695 411 1767 τῇ
469 1689 693 1766 δευτέρᾳ
750 1688 948 1766 ἑσπέρᾳ
1016 1687 1228 1760 ἐκίνησε
1283 1688 1420 1744 κατᾶ
1474 1686 1755 1763 Περσίδος,
1816 1684 2002 1746 λαϐὼν

344 1782 450 1837 ἀπὸ
478 1786 589 1837 τῶν
644 1778 855 1858 εὐαγῶν
905 1777 1074 1835 οἷ’κων
1132 1778 1223 1834 καὶ
1275 1776 1587 1849 ἐκκλησιῶν
1655 1779 1921 1854 χρήματα
1952 1776 2005 1835 ἐν

2117 796 2211 851 iri.
2236 800 2453 854 Rerum
2484 800 2683 873 itaque
2705 819 2806 857 eos
2829 803 3121 875 potituros
3142 820 3332 861 annos
3345 806 3408 860 in
3427 805 3772 865 universum

2114 890 2364 958 utraque
2395 888 2634 946 fortuna
2664 893 2787 946 365.
2847 894 2914 947 In
2969 909 3124 949 anno
3184 896 3273 964 60,
3325 894 3479 951 sicut
3515 901 3575 952 et
3610 902 3775 954 vates

2116 976 2298 1032 Isaias
2330 980 2673 1048 prenuntiat
2706 998 2719 1035 :
2753 982 2872 1037 Hoc
2898 982 3057 1038 fatur
3088 983 3374 1040 Dominus
3400 1003 3414 1041 :
3473 1002 3771 1043 annorum

2116 1082 2350 1122 summa
2375 1069 2506 1135 erit,
2542 1076 2765 1141 quanta
2784 1076 3047 1127 estanno
3081 1075 3451 1130 mercenarii.
3479 1077 3620 1132 Tum
3653 1077 3775 1151 glo-

2112 1155 2203 1212 ria
2231 1157 2471 1214 Cedaris
2528 1159 2817 1232 interibit,
2868 1162 3212 1233 exiguaeque
3267 1168 3444 1219 erunt
3499 1165 3770 1237 reliquias

2104 1244 2545 1318 jaculationum
2569 1249 2709 1304 ﬁliis
2738 1250 2977 1306 Cedaris
3003 1250 3261 1308 robustis
3294 1253 3356 1309 “.
3384 1254 3612 1310 Desunt
3631 1272 3770 1330 ergo

2111 1351 2302 1407 usque
2333 1335 2475 1392 ad...
2499 1337 2796 1409 siquidem
2816 1340 3149 1413 astrologus
3171 1341 3273 1397 ille
3296 1342 3629 1415 Stephanus
3647 1346 3772 1403 tha-

2110 1441 2210 1481 ma
2237 1425 2500 1499 legitime
2524 1430 2855 1488 constituit.
2879 1432 3232 1503 Quanquam
3257 1449 3393 1489 mea
3420 1435 3535 1491 fert
3562 1437 3767 1508 opinio

2109 1514 2416 1573 aberrasse
2457 1534 2594 1575 eum
2626 1520 2907 1594 scrupulo
2939 1522 3106 1579 valde
3129 1525 3545 1597 magno.Noris
3569 1533 3770 1584 autem

2109 1605 2391 1662 Cedarem
2423 1607 2753 1665 secundum
2786 1626 2916 1667 esse
2943 1612 3181 1668 lsmaeli
3211 1612 3427 1671 ﬁlium.
3456 1616 3577 1671 Hoc
3605 1632 3764 1673 anno

2110 1695 2416 1753 Heraclius
2461 1698 2838 1757 solemnitate
2896 1702 3201 1760 Paschatis
3257 1709 3521 1775 peracta,
3561 1707 3767 1764 statim

2106 1784 2392 1856 postridie
2440 1787 2549 1842 sub
2609 1804 2916 1861 vesperam
2966 1791 3249 1850 adversus
3295 1796 3508 1851 Persas
3554 1797 3762 1852 movit.

342 1868 538 1944 δανείῳ
581 1869 833 1944 (ἀπορίαν
894 1870 999 1945 γὰρ
1050 1867 1173 1943 εἶχε
1226 1869 1291 1923 τὸ
1348 1866 1639 1923 παλάτιονο
1699 1867 1788 1923 καὶ
1837 1873 1992 1924 ταῦτα

2108 1875 2375 1966 sumpsit
2400 1877 2475 1933 ad
2505 1895 2638 1935 eam
2667 1880 3105 1953 expeditionem
3123 1883 3196 1940 de
3224 1883 3501 1941 domibus
3529 1886 3762 1959 religio-

334 1959 567 2040 ἐχάροξε
613 1960 927 2033 νομίσματα
982 1959 1074 2013 καὶ
1136 1956 1495 2033 μιλιαρίσια),
1554 1957 1872 2015 καταλιπὼν
1905 1958 1992 2015 τὸν

2112 1965 2193 2021 sis
2214 1971 2275 2020 et
2296 1966 2533 2039 templis
2552 1973 2825 2026 mutuam
2840 1973 3179 2043 pecuniam,
3215 1973 3356 2030 ﬁsco
3385 1956 3765 2046 imperatoris

332 2048 475 2106 ἴδιον
507 2048 625 2105 υἱὸν
663 2051 762 2104 σὺν
817 2053 898 2122 τῷ
952 2048 1268 2124 πατριάρχῃ
1328 2046 1542 2124 Σεργίῳ
1572 2047 1623 2103 ἐν
1659 2054 1998 2105 Κωνσταντιο

340 2139 607 2196 νουπόλει
659 2136 885 2195 διοικεῖν
943 2138 1011 2193 τὰ
1067 2136 1381 2214 πράγματα,
1433 2136 1527 2193 σὺν
1576 2135 1727 2210 Βόνῳ
1767 2140 2003 2212 (38)τῷ

333 2230 631 2303 πατρικίῳ,
669 2226 822 2303 ἀνδρῖ
872 2226 1130 2305 ἐχέφρονι
1175 2227 1269 2282 καὶ
1318 2228 1388 2282 τὰ
1436 2227 1610 2282 πάντα
1660 2231 1862 2300 συνετῷ
1909 2227 1998 2284 καὶ

337 2318 742 2394 πεπειραμένῳ.
821 2319 1065 2393 Ἔγραψε
1121 2313 1180 2372 δὲ
1255 2317 1346 2371 καὶ
1401 2317 1540 2392 πρὸς
1600 2317 1694 2372 τὸν
1752 2316 1999 2392 Χαγάνον

341 2409 716 2485 παρακλήσεις
745 2412 845 2464 τοῦ
870 2406 1175 2483 ἐπικουρεῖν
1232 2407 1301 2461 τὰ
1353 2411 1462 2462 τῶν
1497 2406 1790 2481 Ῥωμαίων
1821 2408 1999 2484 πράγ-

343 2520 488 2574 ματα
517 2498 592 2560 ὡς
647 2500 734 2572 [Ρ.
793 2499 918 2571 410]
978 2494 1165 2576 φιλίαν
1214 2497 1567 2569 σπεισάμενον
1635 2498 1771 2571 πρὸς
1810 2498 1995 2567 αὐτὸν,

345 2589 435 2645 καὶ
465 2591 764 2663 ἐπιτροπον
830 2590 929 2643 τοῦ
994 2582 1139 2641 ἰδίου
1169 2586 1291 2641 υἱοῦ
1347 2590 1541 2641 τοῦτον
1596 2586 1900 2660 ὠνόμασεν.
1930 2590 1996 2645 Ὀ

339 2677 588 2753 Χοσρόης
621 2674 679 2733 δὲ
711 2676 966 2747 Σάηντὸν
1038 2676 1287 2751 ἡγεμόνα
1311 2675 1446 2749 μετὰ
1462 2674 1681 2746 πολλῆς
1714 2673 1996 2750 δυνάμεως

339 2766 475 2823 κατὰ
504 2765 799 2838 Ῥωμαίων
840 2763 1166 2827 ἀποστείλας
1197 2770 1370 2819 πᾶσαν
1400 2763 1821 2833 τὴνἈνατο).ἠν
1854 2764 1995 2845 ἠφά-

335 2876 503 2912 νισεν.
536 2853 753 2910 Ἐλθὼν
782 2851 841 2910 δὲ
871 2852 923 2910 ἐν
957 2851 1277 2923 Χαλκηδόνι
1307 2854 1490 2909 ἱκανὸν
1525 2854 1727 2929 χρόνον
1757 2855 1994 2930 πᾶρεκά-

336 2947 503 3003 θισεν.
535 2946 632 3008 "Oc
665 2945 756 3000 τὸν
791 2942 1109 3018 Ἡράκλειον
1146 2945 1262 3017 μεθ’
1315 2942 1656 3018 ὑποκρίσεως
1685 2943 1994 3018 προσκαλε-

337 3035 575 3108 σάμενος
602 3033 669 3089 τὰ
700 3032 835 3109 πρὸς
868 3030 1092 3108 εἷ’ρήνην
1125 3030 1427 3106 ὡμίλησεν“
1460 3035 1488 3088 6
1517 3030 1576 3088 δὲ
1601 3038 1719 3096 τοῖς
1782 3030 1991 3096 δολίοις

338 3123 533 3205 λόγοίς
564 3129 854 3186 πιστεύσας
883 3122 1047 3178 αὐτοῦ
1079 3120 1341 3189 ἐκπέμπει
1374 3123 1466 3178 σὺν
1528 3124 1679 3196 αὐτῷ
1737 3118 1990 3195 πρέσϐεις

338 3233 652 3289 μεγιστανος
682 3212 815 3288 πρὸς
844 3214 1098 3286 Χοσρόην
1132 3219 1194 3281 o’,
1229 3212 1321 3275 οὕς
1368 3208 1703 3287 παραλαϐὼν
1754 3211 1985 3287 ἀτίμους

326 3304 417 3358 καὶ
464 3299 721 3376 δεσμίους
768 3299 1049 3380 ἆπῂγαγεν
1098 3300 1152 3356 ἐν
1214 3299 1451 3376 Περσίδι.
1517 3304 1580 3360 Ὀ
1633 3298 1691 3358 δὶ
1722 3304 1981 3379 Χοσρόης

326 3393 419 3447 τὸν
453 3392 550 3466 μὲν
590 3391 737 3462 Σάην
785 3392 860 3453 ὼς
889 3392 981 3447 τὸν
1013 3390 1335 3466 Ἡράκλειον
1393 3389 1584 3448 ῗδόντα
1611 3393 1703 3447 καὶ
1738 3394 1815 3465 μή
1850 3392 1981 3448 συλ-

328 3478 572 3539 λαϐόντα
631 3478 920 3557 ἐκδαρῆναι
991 3479 1260 3552 ἐκέλευσε,
1320 3482 1449 3543 τοὺς
1506 3479 1563 3537 δὲ
1619 3476 1871 3557 πρέσϐεις
1926 3480 1980 3537 ἐν

326 3575 588 3650 φρουραῖς
697 3572 788 3626 καὶ
870 3569 1171 3647 κακουχίας
1251 3568 1594 3626 κατεδίκασεν
1628 3588 1640 3600 ·
1705 3571 1839 3645 ὑπὲρ
1905 3569 1979 3626 ὧν

322 3661 529 3737 ἀθυμία
557 3661 650 3718 καὶ
674 3659 862 3736 θλῖψις
888 3659 1077 3730 πολλή
1126 3661 1362 3737 κατέσχε
1414 3662 1507 3717 τὸν
1563 3660 1805 3737 βασιλέα.
1842 3663 1984 3719 Εἶτα

324 3752 492 3809 πάλιν
551 3753 811 3828 Χοσρόης
895 3751 1211 3808 ἀπέστειλεν
1300 3746 1481 3828 ἕτερον
1547 3750 1789 3828 ἄρχοντα
1845 3753 1983 3807 κατά

320 3842 613 3917 Ῥωμαίων
649 3887 664 3912 ,
724 3843 951 3917 ὀνόματι
1032 3836 1348 3916 Σάρϐαρον,
1407 3837 1464 3903 ὅς
1527 3841 1661 3914 μετά
1715 3840 1980 3913 πλείστης

324 3932 605 4007 δυνάμεως
664 3931 803 4001 ἦλθε
885 3932 1024 4008 πρὸς
1097 3933 1196 4001 τὴν
1254 3930 1457 4000 Ἀσίαν,
1514 3932 1614 4001 τὴν
1676 3930 1978 4004 Ῥωμανίαν

322 4023 680 4097 ληϊζόμενος.
714 4024 774 4080 Ὀ
806 4019 864 4077 δὲ
916 4021 1168 4097 βασιλεὸς
1229 4018 1576 4096 βουλόμενος
1631 4021 1766 4096 πρὸς
1798 4019 1983 4095 Περσί-

326 4110 391 4167 δα
423 4116 627 4187 χωρεῖν
657 4108 784 4166 τάδε
812 4111 952 4185 πρὸς
975 4110 1068 4165 τὸν
1096 4109 1467 4188 ιπατριάρχην
1499 4106 1622 4188 ἔφη’
1661 4109 1751 4171 Εἰς
1792 4113 1983 4185 χείρας

326 4208 430 4259 τοῦ
459 4208 595 4260 Θεοῦ
632 4203 723 4258 καὶ
762 4209 863 4272 τῆς
894 4200 1263 4275 Θεομητέρος,
1319 4200 1411 4255 καὶ
1469 4203 1568 4255 σοῦ
1623 4199 1830 4274 ἀφίημι
1882 4202 1984 4271 τὴν

330 4293 496 4349 πόλιν
525 4294 730 4363 ταύτην
787 4291 877 4346 καὶ
928 4292 1024 4346 τὸν
1082 4290 1197 4346 υἱὸν
1262 4310 1390 4364 μου.
1446 4291 1545 4346 Καὶ
1598 4288 1859 4354 εἰσελθών
1908 4289 1984 4352 εἰς

328 4386 427 4454 ιήν
485 4382 748 4460 Μεγάλην
810 4380 1121 4449 Έκκλσίαν,
1183 4381 1390 4453 μέλανα
1448 4376 1776 4453 ὑποδήματα
1830 4399 1990 4453 περι-

334 4468 645 4546 ϐαλόμενος
675 4472 765 4526 καὶ
795 4470 1013 4545 πρηνὴς
1043 4470 1224 4525 πεσὼν
1250 4469 1454 4540 ηὔξατο
1513 4465 1709 4531 οὕτως·
1745 4468 1986 4526 Δέσποτα

2108 2057 2310 2128 inopia
2339 2063 2464 2113 tum
2503 2059 2840 2118 laborante:
2878 2069 2937 2119 et
2992 2080 3065 2120 ex
3120 2081 3191 2121 ea
3246 2064 3413 2121 cudit
3457 2073 3763 2124 monetam

2111 2149 2261 2204 718
2289 2155 2347 2206 et
2401 2151 2734 2209 miliarisia.
2795 2153 2882 2209 Ad
2926 2155 3131 2211 urbem
3185 2156 3371 2213 ﬁlium
3421 2173 3596 2213 suum
3625 2174 3764 2216 cum

2107 2242 2306 2315 Sergio
2332 2242 2673 2314 patriarcha
2702 2242 2947 2315 reliquit
2974 2245 3152 2301 rebus
3198 2246 3624 2319 gubernandis,
3657 2247 3765 2304 ad-

2107 2331 2230 2387 dito
2254 2332 2414 2388 Bono
2437 2333 2709 2404 patricio,
2726 2334 2850 2389 viro
2882 2335 3123 2391 cordato
3136 2336 3414 2408 variaque
3445 2337 3766 2409 prudentia

2107 2427 2166 2477 et
2194 2438 2306 2477 usu
2334 2439 2535 2478 rerum
2594 2423 2910 2480 instructo.
2960 2425 3303 2497 Chaganum
3359 2443 3598 2499 quoque
3655 2444 3765 2499 per

2108 2509 2337 2567 litteras
2368 2510 2637 2568 hortatus
2668 2518 2758 2568 est
2785 2514 2860 2570 ad
2890 2515 3306 2585 opitulandum
3336 2516 3516 2573 rebus
3547 2519 3765 2574 Roma-

2108 2600 2221 2665 nis,
2252 2605 2320 2655 ut
2347 2617 2482 2656 cum
2509 2618 2627 2672 quo
2653 2602 2997 2659 societatem
3028 2604 3346 2673 ﬁrmasset,
3370 2622 3626 2677 cumque
3649 2606 3759 2662 ﬁlii

2104 2690 2194 2744 sui
2213 2694 2466 2745 tutorem
2499 2690 2834 2763 appellavit.
2869 2692 3113 2748 Interim
3138 2694 3277 2749 Saes
3299 2711 3334 2750 a
3351 2695 3609 2750 Chosroe
3631 2712 3760 2752 cum

2105 2795 2317 2851 magno
2336 2780 2601 2835 exercitu
2632 2785 2838 2837 contra
2858 2785 3156 2838 Romanos
3174 2784 3392 2839 missus
3413 2785 3757 2841 universum

2101 2869 2401 2925 Orientem
2431 2875 2656 2936 vastat;
2711 2887 2968 2943 cumque
2996 2873 3072 2928 ad
3101 2873 3536 2930 Chalcedonam
3568 2892 3757 2946 usque

2100 2960 2486 3029 pervenisset,
2532 2960 2611 3016 ibi
2658 2961 3008 3032 aliquandiu
3066 2963 3309 3019 assedit.
3362 2964 3525 3020 ldem
3580 2965 3759 3022 Hera-

2100 3048 2281 3103 clium
2310 3050 2590 3106 simulata
2639 3050 3073 3123 paciﬁcationis
3103 3069 3208 3124 spe
3259 3053 3336 3109 ad
3390 3054 3760 3126 colloquium

2099 3139 2171 3195 de
2205 3141 2392 3212 pactis
2436 3142 2724 3197 invitavit.
2767 3144 2837 3196 Et
2882 3142 3210 3214 imperator
3266 3144 3394 3200 Sais
3450 3145 3761 3202 fallacibus

2015 3261 2058 3328 C
2098 3230 2292 3286 verbis
2323 3231 2604 3302 deceptus
2662 3232 2847 3287 mittit
2894 3247 3031 3287 cum
3075 3250 3144 3287 eo
3184 3236 3253 3288 70
3280 3234 3352 3289 de
3411 3235 3759 3305 proceribus

2096 3320 2217 3375 suis
2251 3320 2472 3392 legatos
2499 3322 2572 3376 ad
2617 3321 2960 3389 Chosroem,
3011 3338 3161 3392 quos
3191 3324 3331 3378 Saes
3361 3323 3587 3379 vinctos
3617 3341 3757 3380 cum

2094 3410 2460 3465 contumelia
2506 3411 2568 3465 in
2602 3410 2905 3465 Persidem
2963 3411 3228 3468 abduxit.
3289 3412 3402 3468 Sed
3460 3413 3751 3470 Chosroes

2095 3500 2208 3569 Sai,
2243 3498 2404 3571 quod
2437 3500 2773 3555 Heracliun'.
2822 3500 3064 3555 vidisset
3089 3517 3287 3572 neque
3344 3502 3620 3573 cepisset,
3646 3519 3753 3559 cu-

2092 3594 2213 3644 tem
2244 3589 2500 3657 detrahi,
2543 3589 2767 3662 legatos
2815 3592 3116 3646 Romanos
3144 3590 3207 3645 in
3237 3591 3570 3648 custodiam
3619 3591 3752 3651 dari

2093 3681 2368 3752 maleque
2395 3681 2632 3737 tractari
2683 3681 2882 3753 jussit.
2940 3681 3140 3737 Alium
3199 3681 3416 3738 deinde
3464 3683 3749 3740 adversus

2093 3772 2390 3827 Romanos
2418 3770 2631 3826 ducem
2670 3770 2908 3838 emittit,
2967 3772 3210 3828 nomine
3268 3771 3609 3828 Sarbarum.
3635 3773 3747 3840 Qui

2090 3859 2367 3915 maximis
2396 3876 2532 3914 cum
2553 3859 2742 3931 copiis
2772 3860 2978 3915 Asium
3010 3861 3312 3933 ingressus
3343 3864 3748 3918 Romanorum

2091 3948 2349 4003 ditiones
2406 3947 2781 4019 deprasdatus
2838 3954 2947 4004 est.
3007 3950 3300 4005 Caeterum
3348 3950 3653 4006 Heraclius
3683 3952 3747 4007 in

2094 4035 2397 4092 Persidem
2434 4037 2627 4093 iturus
2674 4038 2757 4093 ita
2811 4039 3131 4110 compellat
3186 4040 3623 4111 patriarcham:
3679 4041 3748 4097 In

2093 4128 2371 4184 manibus
2402 4127 2524 4195 Dei,
2563 4128 2823 4199 Deiparae
2847 4129 3040 4184 ettuis
3060 4129 3339 4201 relinquo
3364 4131 3574 4186 urbem
3592 4131 3748 4187 hanc

2095 4224 2155 4275 et
2179 4218 2369 4273 ﬁlium
2401 4233 2619 4272 meum.
2656 4217 2796 4273 Inde
2829 4234 3110 4291 magnum
3127 4219 3418 4290 templum
3442 4220 3747 4292 ingressus

2094 4313 2321 4365 atratus
2350 4307 2602 4375 calceos,
2634 4323 2858 4378 pronus
2889 4307 3223 4379 procubuit,
3250 4309 3449 4380 itaque
3499 4313 3590 4365 est
3616 4326 3749 4381 pre-

2095 4402 2264 4453 catus
2289 4440 2303 4464 ,
2335 4395 2581 4451 Domine
2612 4397 2786 4464 Deus,
2811 4400 2871 4452 et
2896 4396 3037 4451 Iesu
3055 4396 3308 4465 Christe,
3340 4414 3416 4453 ne
3446 4414 3548 4453 eos
3565 4415 3746 4470 prop-

2093 4492 2227 4559 pter
2258 4490 2499 4558 peccata
2527 4489 2732 4540 nostra
2779 4484 3051 4541 hostibus
3081 4485 3199 4541 tuis
3227 4486 3565 4543 irridendos
3594 4504 3749 4559 prm-

323 4564 441 4633 θεῖε,
473 4561 565 4617 καὶ
596 4560 766 4637 Κύριε
796 4562 978 4631 Ἰησοῦ
1035 4559 1255 4633 Χριστὶ,
1300 4560 1377 4631 μὴ
1410 4556 1668 4634 παραδῷς
1717 4561 1865 4632 ἡμᾶς
1909 4560 1987 4624 εἰς

2103 4556 2277 4634 beast
2310 4575 2415 4631 sed
2444 4576 2679 4631 intuere
2729 4576 2881 4631 719
2912 4575 2976 4631 in
3006 4591 3116 4631 nos
3147 4591 3215 4631 ac
3268 4576 3553 4632 miserere
3608 4593 3748 4634 nos-

324 4648 537 4714 ὅνειδος
578 4655 697 4737 τοῖς
752 4647 979 4737 ἐχθροῖς
1039 4667 1137 4702 σου
1200 4644 1452 4737 6:671:61:
1505 4647 1776 4721 ἁμαρτίας
1801 4651 1989 4725 ἡμῶν,

2103 4672 2276 4733 trum,
2316 4682 2386 4722 ac
2403 4664 2709 4722 victoriam
2739 4664 2812 4719 de
2856 4664 3129 4721 hostibus
3187 4664 3306 4721 tuis
3360 4666 3642 4737 concede,
3671 4685 3750 4726 ne

321 4739 452 4797 ἀλλ’
503 4733 806 4813 ἐπιϐλέψας
860 4735 1109 4808 ἐλέησον,
1140 4735 1232 4791 καὶ
1258 4736 1362 4805 τὴν
1414 4737 1551 4792 κατᾶ
1606 4741 1716 4793 τῶν
1771 4738 1985 4814 ἐχθρῶν

317 4852 419 4886 σου
449 4827 605 4900 νίκην
662 4827 754 4890 δὸς
800 4829 939 4901 ἡμῖν
997 4824 1149 4888 ὅπως
1211 4825 1291 4899 μὴ
1357 4827 1734 4901 καυχήσονται
1764 4828 1818 4882 οἱ
1847 4826 1982 4884 ἁλὰ-

319 4939 510 4983 στοσες
560 4916 702 4973 κατά
749 4924 852 4986 τῆς
907 4922 1011 4986 σῆς
1060 4913 1442 4989 κληρονομίας
1496 4914 1848 4992 ἐπαρόμενοι.
1878 4921 1980 4978 "Ov

317 5006 449 5065 ἰδὼν
478 5007 755 5083 Γεώργιος
780 5007 809 5061 6
842 5001 1104 5074 ΙΙισσίδης
1136 5006 1271 5078 μετὰ
1299 5003 1560 5077 τοιαύτης
1605 5007 1981 5071 ταπεινώσεως

307 5098 437 5175 ἔφη’
478 5103 547 5154 Ὤ
579 5096 830 5175 βασιλεῦ,
862 5092 1231 5173 μελεμϐαφὶς
1282 5091 1510 5151 πέδιλον
1568 5095 1774 5168 εἱλίξας
1812 5095 1976 5169 πόδα,

2096 4757 2423 4831 glorientur
2449 4754 2722 4811 scelerati
2752 4760 2812 4810 et
2865 4760 2981 4810 tute
3036 4754 3331 4811 insultent
3387 4755 3745 4815 hmreditati.

2097 4850 2260 4904 nunc
2290 4847 2373 4902 ita
2400 4846 2600 4901 animo
2632 4844 2892 4901 demisso
2931 4849 3197 4902 orantem
3227 4845 3436 4903 videns
3465 4847 3747 4920 Georgius

2092 4935 2450 4995 Pissidensis
2481 4935 2564 4992 ita
2588 4935 2883 4990 allocutus
2913 4940 3035 4991 est:

2234 5026 2467 5095 Nigrum
2494 5026 2797 5096 imperator
2822 5040 2972 5080 nunc
2997 5025 3189 5081 indute
3216 5027 3477 5094 calceum,

2228 5095 2583 5165 Rubefacics,
2609 5095 2845 5152 tinctum
2876 5112 3071 5152 cruore
3099 5098 3337 5153 Persico.

316 5190 521 5265 βάψαις
580 5186 802 5263 ἐρυθρὸν
871 5186 1151 5260 Περσικῶν
1199 5183 1251 5258 ἐξ
1330 5181 1602 5258 αἱμάτων.
1674 5181 1871 5243 Λαϐὼν
1919 5186 1977 5244 δὲ

2103 5188 2228 5244 inde
2259 5186 2567 5244 Heraclius
2596 5185 2657 5242 in
2702 5202 2917 5243 manus
2947 5189 3185 5258 sumpta
3211 5185 3427 5243 Christi
3455 5186 3738 5261 imagine,

388 5309 434 5346 ³³
463 5312 575 5365 Isa.
612 5322 730 5363 xm
764 5305 850 5361 16.

1524 5429 1887 5489 XYLANDRI
1925 5433 2014 5490 ET
2052 5430 2264 5490 GOABI
2299 5431 2523 5489 NOTAE.

382 5552 493 5630 (ξιξ)
524 5551 713 5630 [focus
742 5548 1007 5630 mutibus
1036 5552 1097 5603 et
1119 5547 1384 5630 divitoris
1415 5548 1756 5630 egensxvn.

2147 5548 2259 5620 (38)
2291 5548 2515 5624 Sic_est
2560 5552 2655 5624 _et_
2684 5545 2844 5618 apud
2899 5547 3227 5624 Z__onaram;
3286 5551 3347 5624 et
3398 5548 3462 5604 in
3508 5550 3731 5624 margi-

382 5614 491 5695 (37)
532 5620 834 5677 Librarius
892 5619 956 5674 in
1007 5620 1271 5702 margine
1328 5614 1641 5748 ascripésit:
1692 5617 1966 5690 Ζητητὲον
2078 5614 2162 5678 ne
2221 5614 2409 5677 nostri
2468 5618 2693 5675 codicis
2723 5614 2857 5690 —pro
2912 5614 3133 5688 Βονόσῳ
3195 5623 3326 5675 erat
3379 5614 3734 5679 annotatum

382 5714 415 5748 .c
434 5691 592 5748 πότε.
622 5687 859 5747 ὄτιούδὶ
888 5689 964 5748 εἰς
999 5689 1065 5747 τὸ
1121 5689 1443 5748 ἀντίγραφον
1528 5710 1679 5747 κειτο
1732 5711 1786 5748 τι
1843 5689 1969 5748 περὶ
2079 5691 2260 5748 Βόνω.
2289 5692 2426 5748 Χη.

307 5687 415 5771 ἕως
434 5687 708 5771 πότεζ-ὄτι
731 5687 859 5747 οὐδὲ
888 5689 964 5755 εἰς
999 5689 1065 5747 τὸ
1121 5687 1443 5771 ἀντίγραφον

306 5765 532 5827 τούτου.
581 5763 722 5822 ΧΠ..

1528 5710 1679 5747 κειτο
1732 5689 1786 5749 τι
1832 5689 1969 5767 περὶ
2079 5691 2260 5766 Βόνῳ.
2289 5692 2426 5749 Χη.
