4120 6418
327 406 446 466 787

1695 394 2015 457 GEORGII
2061 391 2410 454 CEDRl‘ZNI

3636 395 3756 456 788

334 552 515 611 quam
532 535 663 593 sine
679 551 967 594 manuum
986 551 1167 607 opera
1188 533 1445 590 efﬁctam
1473 545 1652 603 supra
1676 527 1987 585 retulimus.

2111 523 2246 599 μετᾶ
2274 528 2465 602 χεῖρας
2510 527 2610 596 τὴν
2659 523 2979 602 θεανδρικὴν
3039 521 3472 603 ἅχειροποίητον
3534 528 3755 605 μορφὴν

333 628 633 685 Euxinum
668 643 831 682 mare
861 626 1142 681 adversus
1174 626 1383 678 Persas
1437 619 1745 692 navigavit,
1804 618 1989 673 ascis-

336 734 481 774 cens
509 719 834 773 Turcorum
874 722 932 771 et
987 714 1239 769 aliarum
1298 711 1610 766 nationum
1669 707 1990 764 auxiliares

338 807 559 879 copias.
595 811 661 861 In
694 805 904 860 itinere
952 820 1024 858 ex
1072 801 1354 857 Romanis
1410 798 1731 872 provinciis
1788 796 1989 867 copias

339 895 655 962 contraxit,
687 911 838 949 novo
870 893 1050 949 etiam
1101 891 1320 961 scripto
1369 889 1655 945 exercitu.
1716 889 1885 943 Hunc
1915 883 1990 939 ad

338 1001 596 1060 pugnam
624 983 905 1049 exercuit,
930 982 990 1036 in
1025 981 1170 1036 duas
1186 981 1442 1036 divisum
1474 978 1652 1042 acies,
1683 975 1989 1032 mandato-

338 1093 453 1149 que
478 1080 542 1130 ut
558 1075 869 1129 incruento
883 1071 1392 1145 congrederentur
1408 1069 1635 1141 prmlio,
1661 1067 1988 1122 clamorem

337 1165 657 1222 militarem
689 1179 757 1220 ac
787 1178 1027 1235 paeanas
1057 1166 1117 1217 et
1146 1160 1462 1232 strepitum
1489 1158 1773 1223 ederent;
1798 1171 1989 1227 eoque

336 1254 570 1312 animos
592 1269 799 1309 eorum
830 1251 1124 1319 excitavit,
1143 1254 1210 1305 ut
1224 1267 1298 1305 ne
1330 1264 1543 1321 pugna)
1573 1253 1841 1318 tempore
1863 1261 1990 1300 rem

335 1342 698 1401 insolentem
728 1341 1238 1409 exhorrescerent,
1260 1338 1366 1394 sed
1397 1339 1598 1393 hostes
1628 1335 1911 1392 audacter
1935 1338 1996 1390 et

337 1433 509 1505 quasi
536 1431 744 1488 ludum
776 1435 1022 1504 agentes
1050 1427 1531 1502 aggrederentur.
1563 1428 1694 1498 Ipse
1714 1440 1993 1480 veneran-

337 1521 477 1578 dam
496 1521 665 1577 illam
679 1519 897 1577 Christi
912 1518 1235 1591 imaginem
1260 1516 1536 1572 manibus
1556 1520 1767 1570 tenens
1797 1518 1990 1569 certa-

338 1611 505 1668 mina
533 1610 813 1681 princeps
865 1607 1088 1675 obibat,
1130 1606 1246 1662 ﬁde
1277 1606 1416 1661 data
1452 1603 1823 1661 multitudini
1854 1618 1993 1674 pro-

337 1699 584 1756 mittens
615 1714 678 1754 se
708 1696 853 1768 ipsis
882 1695 957 1753 ad
1003 1700 1253 1751 mortem
1280 1710 1471 1765 usque
1499 1694 1562 1748 in
1593 1707 1791 1765 pugna
1820 1688 1991 1746 adfu-

334 1793 786 1859 turum,eosque
806 1786 996 1842 instar
1018 1784 1339 1841 liberorum
1360 1788 1683 1839 tutaturum
1710 1799 1723 1836 :
1750 1779 1992 1836 volebat

337 1878 500 1936 enim
531 1876 848 1948 imperium
878 1874 1075 1947 potius
1098 1875 1293 1930 favore
1316 1889 1495 1945 quam
1534 1877 1698 1929 metu
1742 1886 1985 1926 suorum
2022 1907 2069 1971 Β

338 1966 612 2025 stabiliri.
645 1967 790 2021 Cum
820 1968 1020 2020 autem
1051 1964 1113 2019 in
1161 1963 1424 2019 exercitu
1456 1962 1747 2034 reperiret
1789 1959 1993 2016 omnia

338 2062 553 2123 metus,
573 2053 1019 2111 dissensionum
1040 2053 1529 2123 confusionisque
1546 2051 1748 2123 plena,
1772 2067 1908 2105 eum
1930 2050 1991 2104 in

336 2144 558 2201 multas
586 2149 725 2200 ante
754 2148 953 2216 partes
983 2142 1339 2213 dissipatum
1369 2140 1723 2212 compendio
1758 2140 1910 2196 720
1931 2140 1993 2193 in

337 2250 528 2291 unum
558 2232 816 2305 collegit,
851 2231 1251 2301 correctisque
1302 2230 1556 2286 militum
1591 2229 1806 2285 animis
1838 2230 1993 2284 ﬁdu-

341 2323 498 2380 ciam
521 2322 706 2390 auxit,
722 2326 780 2376 et
801 2320 864 2375 in
894 2319 1183 2375 Barbaros
1200 2319 1611 2387 inflammavit,
1646 2320 1914 2374 hortatus
1931 2324 1996 2374 ut

335 2413 634 2485 injustitia
652 2411 967 2484 repudiata
986 2410 1268 2482 pietatem
1298 2410 1581 2466 colerent.
1610 2409 1993 2465 UtArmenia)

338 2504 490 2560 fines
521 2502 781 2570 intravit,
846 2517 1160 2557 occurrere
1220 2498 1331 2555 sibi
1381 2499 1678 2555 intellexit
1734 2504 1991 2555 turmam

339 2592 609 2664 equitum
657 2593 997 2657 Persarum,
1058 2589 1273 2661 quibus
1330 2588 1567 2644 animus
1615 2594 1742 2645 erat
1798 2588 1993 2644 subito

337 2680 537 2753 ipsum
566 2679 808 2736 adoriri.
866 2679 979 2735 Sed
1011 2678 1259 2735 Romani
1293 2679 1393 2750 qui
1460 2679 1522 2733 in
1574 2679 1766 2749 primo
1825 2684 1995 2734 erant

339 2768 598 2841 agmine,
630 2784 765 2823 cum
798 2766 861 2821 in
891 2767 999 2821 hos
1028 2765 1402 2831 incidissent,
1434 2766 1639 2821 multis
1684 2766 1854 2821 caesis
1885 2766 1990 2821 du-

338 2873 469 2914 cem
500 2873 709 2913 eorum
747 2857 1010 2911 vinctum
1068 2855 1141 2911 ad
1202 2855 1536 2911 Heraclium
1596 2847 1990 2911 adduxerunt.

336 2948 655 3019 Ingruente
701 2945 897 3000 hieme
953 2944 1014 2999 in
1064 2945 1374 2999 Ponticam
1430 2944 1733 3017 regionem
1791 2944 1996 2999 deﬁxit

340 3034 680 3101 Heraclius;
723 3050 978 3106 cumque
1028 3050 1164 3089 eum
1214 3032 1295 3088 ibi
1354 3032 1755 3089 hiematurum
1797 3035 1991 3089 Persa)

336 3125 749 3197 opinarentur,
770 3123 924 3179 clam
938 3123 1084 3195 ipsis
1101 3138 1371 3178 reversus
1390 3123 1451 3177 in
1474 3123 1779 3179 Persidem
1795 3123 1988 3193 irruit,

337 3215 458 3270 Hoc
495 3213 767 3270 auditum
817 3212 1211 3269 Barbarorum
1258 3212 1492 3268 animos
1522 3211 1759 3285 dejecit.
1788 3214 1859 3267 Et
1887 3229 1986 3268 eo-

331 3320 467 3361 rum
493 3304 722 3374 ductor,
747 3320 883 3359 cum
908 3305 1313 3359 Romanorum
1335 3302 1791 3358 avertendorum
1808 3318 1988 3358 causa

330 3392 394 3449 in
419 3393 686 3449 Ciliciam
716 3390 1000 3460 duxisset,
1024 3391 1205 3447 rebus
1238 3391 1361 3447 suis
1404 3398 1700 3454 metuens,
1740 3408 1985 3447 necesse

330 3482 542 3538 habuit
598 3481 898 3537 Romanos
927 3498 961 3537 a
991 3487 1153 3552 tergo
1202 3480 1508 3551 subsequi.
1567 3481 1833 3551 Cumque
1866 3486 1986 3536 sta-

332 3571 546 3629 tuisset
572 3575 747 3626 nocte
778 3571 1036 3641 quadam
1070 3570 1324 3625 obscura
1369 3569 1576 3625 furtim
1625 3569 1826 3624 hostes
1879 3570 1986 3624 la;-

331 3661 495 3725 dere,
526 3659 743 3716 accidit
777 3659 928 3714 forte
985 3665 1052 3714 ut
1080 3658 1223 3714 luna
1279 3675 1349 3713 ea
1405 3664 1578 3713 nocte
1636 3666 1983 3731 emergeret,

330 3749 531 3820 itaque
565 3752 863 3805 Romanos
893 3747 1129 3821 aggredi
1163 3764 1282 3802 non
1313 3763 1491 3803 ausus
1531 3754 1764 3803 montes
1806 3766 1983 3803 occu-

331 3843 465 3910 pat;
499 3843 678 3909 atque
709 3838 844 3894 inde
894 3837 1174 3910 degresus
1201 3837 1354 3892 levia
1409 3838 1729 3891 committit
1782 3838 1988 3908 praelia

334 3930 397 3986 in
428 3931 646 4002 quibus
676 3930 955 3986 omnibus
989 3932 1250 3984 Romana
1270 3946 1365 3983 res
1395 3928 1509 3983 fuit
1537 3929 1826 4001 superior.
1851 3929 1986 3985 Ani-

335 4037 464 4076 mos
494 4019 780 4076 exercitui
811 4020 979 4075 auxit
1007 4018 1387 4090 imperatoris
1417 4018 1712 4086 alacritas,
1747 4019 1847 4090 qui
1880 4035 1982 4075 au-

336 4110 538 4166 dacter
566 4110 630 4164 in
661 4109 914 4180 primam
954 4108 1144 4164 aciem
1193 4107 1544 4180 prosiliebet
1597 4124 1666 4163 ac
1694 4124 1801 4179 pro
1861 4108 1985 4164 suis

329 4197 757 4271 propugnabat.
783 4199 950 4253 Iusta
973 4196 1189 4253 deinde
1212 4202 1491 4253 concerta
1518 4213 1715 4270 pugna
1732 4198 1985 4253 victores

327 4288 580 4344 Romani
608 4287 916 4343 Persicum
977 4287 1302 4342 exercitum
1357 4285 1718 4355 deleverunt,
1753 4292 1985 4343 tantum

324 4377 533 4449 paucis
584 4376 944 4447 quibusdam
975 4375 1113 4448 fuga
1142 4375 1381 4447 elapsis,
1421 4376 1819 4447 omnibusque
1877 4377 1983 4432 ho-

327 4471 507 4525 stium
538 4469 987 4541 impedimentis
1017 4468 1186 4538 potiti
1218 4474 1378 4523 sunt.
1428 4469 1511 4523 Ob
1546 4470 1683 4525 haec
1732 4471 1982 4526 Romani

331 4562 447 4613 Deo
481 4564 540 4613 et
569 4557 913 4628 imperatori
941 4558 1161 4629 gratias
1183 4562 1446 4629 egerunt.
1482 4558 1772 4615 Caeterum
1805 4561 1981 4615 Hera-

2093 618 2191 671 τοῦ
2241 616 2446 690 Κυρίου
2502 616 2591 672 καὶ
2650 621 2785 672 Θεοῦ
2846 619 3029 691 ἡμῶν,
3086 616 3224 673 κατὰ
3282 619 3501 693 Περσῶν
3561 616 3758 694 ἐστρά-

2092 729 2246 763 τευσε
2278 709 2411 782 μετά
2463 707 2676 766 πλοίων
2733 708 2823 765 διὰ
2867 714 2965 766 τοῦ
3015 711 3271 781 Εὐξείνου
3327 710 3548 782 πόντου,
3580 732 3751 789 προσ-

2095 792 2404 871 λαϐόμενος
2436 799 2512 861 εἷς
2554 800 2873 875 συμμαχίαν
2932 799 3121 871 πλήθη
3181 801 3437 876 Τούρκων
3495 803 3605 875 (39)
3659 800 3751 857 καὶ

2096 885 2284 941 ἄλλων
2334 885 2525 944 ἐθνῶν.
2584 889 2826 958 ’Δπάρας
2879 888 3060 945 τοίνυν
3119 895 3220 959 τῆς
3270 887 3555 965 βασιλίδος
3612 890 3749 967 πρὸς

2097 973 2331 1049 Περσίδα
2361 982 2560 1055 χωρεῖ,
2590 978 2682 1033 καὶ
2713 975 2805 1033 διὰ
2856 984 2967 1034 τῶν
3000 979 3325 1053 Ῥωμαϊκῶν
3359 980 3609 1052 θεμάτων
3636 982 3751 1054 (4-0)

2097 1059 2458 1139 διερχόμενος
2487 1064 2733 1142 συνέλεγε
2775 1064 3132 1141 στρατόπεδα,
3190 1067 3503 1142 προστιθεὶς
3561 1069 3752 1132 αὐτοῖς

2097 1156 2189 1209 καὶ
2219 1154 2334 1210 νέον
2393 1156 2643 1231 στρατὸν,
2702 1155 2796 1219 οὓς
2851 1158 2939 1212 καὶ
2999 1158 3288 1233 γυμνάζων
3352 1161 3420 1213 τὰ
3472 1156 3755 1233 πολεμικὰ

2098 1239 2229 1319 ἔργα
2257 1242 2617 1314 ὶξεπαίδευσε.
2672 1253 2820 1321 Λιχῆ
2878 1247 2982 1324 γὰρ
3049 1244 3247 1303 διελὼν
3304 1248 3400 1311 τὰς
3429 1250 3755 1325 παρατάξεις

2103 1332 2196 1389 σὺν
2250 1336 2356 1409 βοῇ
2415 1335 2551 1408 πρὸς
2609 1334 2896 1407 ἀλλήλους
2953 1337 3225 1411 ἀναιμωτὶ
3282 1342 3459 1393 ποιεῖν
3513 1336 3753 1409 ἐκέλευε,

2101 1424 2416 1501 κραυγάζειν
2477 1426 2540 1481 τὸ
2596 1424 2902 1500 πολεμικὸν
2958 1427 3048 1482 καὶ
3102 1432 3333 1490 παιᾶνας
3387 1428 3478 1484 καὶ
3536 1427 3754 1485 ἀλαλαο

2099 1515 2264 1589 γμόν.
2298 1515 2403 1571 Καὶ
2434 1511 2697 1590 διέγερσιν
2730 1512 2876 1593 ἔχειν
2925 1517 3156 1579 τούτους
3213 1514 3510 1587 ἐδίδασκεν,
3540 1518 3628 1573 ἳνα
3657 1515 3756 1574 κᾶν

2101 1603 2155 1660 ἰν
2184 1601 2419 1677 πολέμῳ
2475 1602 2852 1677 εύρίσκωνται,
2909 1606 2984 1679 μὴ
3046 1605 3383 1677 ξενίζωνται,
3440 1605 3591 1663 ἀλλὰ
3620 1608 3751 1684 θαῤ-

2100 1693 2313 1767 ῥοῢντες
2359 1692 2436 1755 ὡς
2492 1693 2570 1756 εἷς
2625 1694 2874 1772 παίγνιον
2927 1696 3066 1750 κατὰ
3119 1700 3226 1750 τῶν
3276 1700 3495 1771 Περσῶν
3554 1701 3754 1772 χωρῶ-

2102 1802 2209 1841 σιν.
2238 1783 2303 1839 Ὀ
2334 1779 2390 1836 δὲ
2424 1782 2680 1856 βασιλεὺς
2709 1783 2809 1852 τήν
2863 1779 3158 1857 σεϐασμίαν
3206 1784 3386 1839 εἰκόνα
3439 1790 3540 1855 τῆς
3596 1787 3753 1839 θεαν-

2102 1869 2294 1947 δρικῆς
2353 1879 2572 1950 μορφῆς
2647 1877 2744 1928 τοῦ
2806 1873 3008 1948 Κυρίου
3065 1876 3226 1947 ἡμῶν
3278 1876 3461 1945 Ἰησοῦ
3514 1876 3751 1949 Χριστοῦ

2099 1962 2152 2017 ἐν
2184 1967 2304 2024 ταῖς
2337 1961 2495 2037 χερσὶ
2524 1963 2772 2038 κατέχων
2822 1963 3102 2037 ἀπήρξατο
3148 1967 3256 2018 τῶν
3309 1964 3555 2040 ἀγώνων,
3585 1965 3754 2019 πιστὰ

2098 2049 2226 2114 δοὺς
2255 2057 2336 2125 τῷ
2367 2050 2486 2123 λαῷ
2514 2052 2589 2113 ὡς
2619 2050 2712 2106 σὺν
2763 2050 2949 2114 αὐτοῖς
2984 2052 3152 2127 μέχρι
3212 2053 3441 2107 θανάτου
3491 2052 3750 2126 ἀγωνίσε-

2098 2161 2188 2196 ται
2217 2141 2306 2195 καὶ
2338 2140 2413 2202 ὡς
2459 2139 2619 2195 τέκνα
2674 2140 2849 2196 οἰκεῖα
2904 2141 3131 2203 τούτους
3188 2139 3532 2217 περιθάλψει·
3593 2136 3756 2196 έὸού-

2099 2227 2227 2285 λετο
2253 2229 2357 2304 γὰρ
2388 2231 2487 2298 τήν
2540 2229 2779 2300 ἐξουσίαν
2833 2229 2896 2284 ού
2953 2225 3129 2309 φόϐῳ,
3182 2231 3307 2285 ὅσον
3364 2232 3450 2304 [Ρ.
3508 2233 3637 2304 411]
3697 2229 3752 2285 έν

2098 2317 2253 2390 πόθῳ
2297 2312 2464 2397 ἔχειν.
2518 2319 2708 2393 Εύρὼν
2742 2316 2801 2374 δὲ
2846 2319 2939 2374 τὸν
2982 2319 3206 2393 στρατὸν
3268 2318 3342 2381 εἷς
3374 2315 3544 2394 φόϐον
3571 2315 3750 2375 πολὺν

2098 2405 2187 2461 καὶ
2249 2404 2528 2480 διχόνοιαν
2607 2407 2823 2479 ἀταξίαν
2880 2428 2938 2462 τε
2993 2408 3083 2462 καὶ
3141 2408 3410 2483 ἀκοσμίαν
3444 2453 3460 2479 ,
3523 2407 3613 2463 καὶ
3672 2407 3754 2470 εἰς

2098 2497 2286 2553 πολλᾶ
2319 2500 2457 2572 μέρη
2523 2495 2935 2572 διεσπαρμένον,
2995 2497 3277 2572 ύυντόμως
3331 2519 3535 2560 παντας
3585 2498 3661 2561 εἷς
3692 2496 3749 2556 ἓν

2100 2589 2388 2662 συνήγαγε,
2420 2587 2509 2642 καὶ
2538 2589 2866 2658 νουθετήσας
2896 2586 3085 2643 πολλὰ
3112 2588 3319 2643 τούτων
3375 2588 3439 2643 τὸ
3496 2588 3752 2666 φρόνημα

2098 2674 2356 2746 ἀνέστησε
2385 2676 2473 2729 καὶ
2530 2677 2668 2730 κατὰ
2719 2680 2826 2731 τῶν
2899 2674 3195 2752 Βαρϐάρων
3252 2676 3484 2733 ὥπλισε.
3534 2697 3752 2753 παραγ-

2097 2762 2285 2838 γείλας
2316 2760 2527 2827 ἀδικίας
2576 2763 2673 2837 μὶν
2733 2761 3052 2840 ἀπέχεσθαι,
3111 2758 3383 2826 εὐσεϐείας
3437 2763 3494 2819 δὲ
3523 2764 3748 2842 ἀντέχε-

2101 2855 2238 2908 σθαι.
2278 2852 2718 2930 Παραγενόμενος
2773 2850 2832 2908 δὲ
2861 2851 2913 2907 έν
2963 2858 3079 2915 τοῖς
3150 2852 3335 2929 μέρεσι
3385 2859 3486 2924 τῆς
3544 2856 3750 2929 Ἀρμε-

2098 2942 2215 3004 νίας
2281 2943 2611 3021 προαρέχειν
2667 2940 2881 3012 πλῆθος
2939 2942 3151 2997 ἱππέων
3212 2947 3487 3017 Περσικῶν
3542 2942 3751 3014 ἤκουσε

2096 3032 2235 3105 πρὸς
2265 3036 2344 3104 τῷ
2373 3031 2647 3087 ἐπιπεσεῖν
2692 3029 2840 3109 ἄφνω
2896 3036 2977 3103 τῷ
3038 3030 3259 3106 βασιλεῖ
3314 3033 3627 3107 Ῥωμαίων.
3683 3036 3753 3093 Οἱ

2098 3120 2158 3178 δὲ
2212 3122 2615 3201 προτρέχοντες
2673 3121 2840 3176 πάλιν
2900 3126 3175 3195 Ῥωμαῖοι
3231 3121 3448 3185 τούτοις
3481 3126 3745 3195 συναντή-

2101 3231 2281 3272 σαντες
2338 3210 2430 3265 τόν
2489 3231 2548 3265 τε
2595 3210 2892 3284 στρατηγὸν
2952 3211 3127 3265 αὐτῶν
3189 3208 3476 3285 δεσμώτην
3536 3210 3748 3288 ἤγαγον

2099 3302 2236 3376 πρὸς
2269 3299 2589 3375 Ἡράκλειον
2641 3300 2733 3355 καὶ
2792 3298 3041 3363 πολλοὺς
3087 3301 3266 3356 αὐτῶν
3324 3301 3566 3359 ἀνεῖλον.
3601 3304 3751 3360 Ἐπεὶ

2091 3388 2150 3446 δὲ
2206 3389 2424 3466 χειμὼν
2482 3386 2800 3455 κατέλαϐεν,
2850 3388 3145 3454 ἀποκλίνας
3203 3392 3232 3446 ὁ
3286 3390 3542 3466 βασιλεὺς
3613 3393 3753 3467 πρὸς

2088 3481 2151 3535 τὸ
2177 3484 2276 3535 τοῦ
2306 3479 2512 3535 Πόντου
2534 3476 2712 3551 κλίμα
2740 3475 2888 3549 ἔδοξε
2946 3485 3064 3541 τοῖς
3124 3476 3430 3555 Βαρϐάροις
3487 3480 3539 3537 έν
3566 3482 3746 3555 τούτῳ

2088 3571 2546 3645 παραχειμάζειν.
2582 3569 2771 3623 Λατὼν
2828 3565 2885 3623 δὲ
2938 3567 3066 3631 τοὺς
3124 3569 3327 3643 Πέρσας
3360 3571 3449 3625 καὶ
3490 3570 3744 3646 ἐπιστρα-

2091 3659 2208 3736 φεὶς
2232 3659 2306 3720 εἰς
2330 3659 2429 3727 τὴν
2447 3654 2682 3731 Ηερσίδα
2704 3651 3004 3714 εἰσϐάλλει.
3038 3661 3207 3715 Τοῦτε
3235 3659 3493 3733 μαθόντες
3524 3661 3575 3715 οἱ
3606 3661 3748 3736 Βάρ-

2091 3745 2250 3825 ϐαροι
2284 3748 2359 3809 εἷς
2390 3748 2618 3819 ἀθυμίαν
2652 3744 2847 3811 ἦλθον.
2878 3753 2938 3803 ’0
2954 3745 3011 3802 δὲ
3042 3749 3349 3825 στρατηγὸς
3382 3749 3558 3805 αὐτῶν
3590 3745 3744 3825 ἔρχεο

2088 3859 2178 3893 ται
2208 3837 2260 3893 ἐν
2296 3836 2537 3907 Κιλικίᾳ,
2566 3836 2717 3897 ὅπως
2748 3834 2837 3890 ἐπὶ
2883 3836 3188 3910 Ῥιυμανίαν
3222 3835 3453 3907 ἐξελθὼν
3509 3838 3741 3901 τούτους

2089 3927 2419 4002 περιτρέψῳ.
2455 3920 2729 3996 Φοϐηθεὶς
2763 3922 2821 3979 δὲ
2848 3923 3013 3980 πάλιν
3046 3927 3362 4002 ἠναγκάσθη
3420 3926 3741 3991 ἀκολουθεῖν

2094 4015 2271 4071 ὀπίσω
2299 4018 2397 4069 τοῦ
2426 4011 2717 4086 Ῥωμαίων
2775 4016 3060 4088 πρατοῦς,
3119 4011 3319 4086 κλέψαι
3371 4014 3464 4069 τὸν
3493 4014 3741 4088 πόλεμον

2094 4109 2375 4182 μεριμνῶν
2408 4102 2497 4158 διὰ
2525 4103 2718 4166 νυκτὸς
2748 4102 3037 4181 ἀφεγγοῦς.
3069 4103 3136 4160 ’H
3180 4100 3238 4158 δὲ
3270 4104 3474 4175 σελήνη
3539 4104 3744 4177 ὑπέστη

2091 4197 2201 4268 (4-1)
2227 4194 2345 4249 κατ’
2376 4190 2545 4261 αὐτὴν
2576 4192 2676 4260 τήν
2710 4189 2873 4245 νύκτα
2909 4188 2971 4246 ἐκ
3018 4191 3117 4245 τοῦ
3156 4186 3593 4265 συμϐεϐηκότος.
3626 4195 3750 4250 Κάκ

2089 4284 2287 4339 τούτου
2318 4278 2514 4337 δειλῶν
2544 4285 2622 4352 τῷ
2674 4277 2891 4355 βασιλεῖ
2953 4275 3287 4355 προσϐαλεῖν
3347 4283 3415 4337 τὰ
3443 4281 3545 4358 ὅρη
3587 4303 3746 4337 κατα-

2093 4368 2378 4447 λαμϐάνει.
2416 4372 2647 4425 Ἐκεῖθεν
2690 4366 2749 4425 δὲ
2804 4369 3209 4444 κατερχόμενος
3262 4368 3436 4446 λάθρα
3491 4370 3747 4445 συμπλο-

2090 4465 2187 4524 κὰς
2274 4461 2497 4535 μερικᾶς
2571 4460 2838 4527 ἒποιεῖτο,
2890 4459 2981 4513 καὶ
3038 4456 3090 4513 ἐν
3150 4459 3311 4514 πάντί
3368 4462 3420 4515 οἱ
3479 4462 3746 4534 Ῥωμαῖοι

2091 4553 2414 4627 ἐπρώτευον·
2475 4547 2565 4603 καὶ
2625 4549 2820 4622 θάρσος
2870 4543 3064 4603 ἔλαϐεν
3100 4549 3128 4603 ὁ
3161 4549 3388 4622 στρατὸς
3441 4551 3531 4605 τὸν
3591 4551 3749 4626 βασι-

328 4644 481 4701 clius
517 4646 664 4701 721
701 4645 963 4700 exercitu
995 4661 1127 4700 cum
1156 4644 1305 4700 duce
1334 4646 1396 4700 in
1420 4647 1767 4701 Armeniam
1797 4647 1860 4701 in
1890 4648 1985 4703 hi-

2096 4619 2191 4703 λέα
2221 4646 2362 4719 ὁρῶν
2395 4619 2766 4718 προπηδῶντα
2806 4640 3092 4714 εὐτόλμως
3144 4619 3235 4696 καί
3265 4619 3746 4717 προπολεμούντα.

329 4732 517 4789 berna
555 4731 802 4787 dimisso
834 4732 1173 4803 Byzantium
1214 4733 1410 4791 rediit.

2097 4735 2194 4791 Καὶ
2227 4732 2293 4802 δὴ
2344 4727 2636 4805 συμϐολῆς
2689 4735 2955 4805 καρτερᾶς
3012 4731 3313 4805 γενομένης
3373 4736 3563 4786 νικῶσι
3612 4734 3747 4790 Ῥω.

335 4825 511 4893 μαῖοι,
543 4820 630 4875 καὶ
662 4824 836 4875 πᾶσαν
867 4822 967 4889 τήν
1000 4819 1307 4889 ἀποσκευὴν
1339 4813 1520 4877 αὐτῶν
1550 4820 1927 4897 λαμβάνουσι,
1948 4828 2210 4901 σφάζουσι
2236 4820 2291 4878 δὲ
2317 4820 2454 4877 ἅπαν
2486 4820 2549 4875 τὸ
2574 4819 2846 4894 ,Περσικὸν
2898 4817 3136 4892 πλῆθος,
3195 4818 3404 4896 ὀλίγων
3429 4826 3595 4877 τινῶν
3627 4818 3750 4876 δια-

333 4906 597 4984 δράντων.
631 4910 792 4967 ’Όθεν
826 4909 880 4963 οἱ
908 4910 1174 4982 Ῥωμαῖοι
1202 4912 1284 4981 τῷ
1313 4913 1430 4980 Θεῷ
1458 4909 1547 4965 καὶ
1594 4916 1675 4983 τῶ
1716 4911 1935 4987 βασιλεῖ
1963 4912 2356 4992 ηὐχαρίστουν.
2385 4911 2450 4967 Ὀ
2473 4906 2532 4964 δὲ
2564 4906 2819 4983 βασιλεὺς
2847 4909 2940 4964 τὸν
2967 4911 3192 4983 στρατὸν
3224 4909 3317 4965 σὺν
3344 4911 3425 4981 τῷ
3455 4916 3749 4987 στρατηγῷ

327 4998 645 5056 καταλιπὼν
686 4998 763 5062 εἷς
794 5000 1089 5075 Ἀρμενίαν
1110 4998 1545 5076 παραχειμάσαι,
1575 4999 1738 5065 αὐτὸς
1768 5003 1845 5065 εἲς
1875 5003 1938 5058 τὸ
1968 5003 2261 5075 Βυζάντιον
2285 4998 2601 5073 ὑπέστρεψε.

1544 5127 1902 5186 XYLANDRI
1943 5132 2031 5186 ET
2069 5129 2287 5186 GOARI
2327 5128 2552 5183 NOTAE.

400 5255 646 5336 (39)"liic
676 5253 868 5336 primo
898 5253 1067 5336 Τρτυί
1102 5268 1321 5336 agmen
1356 5253 1588 5336 legitur;
1616 5254 1685 5336 in
1741 5261 1980 5336 auctore

329 5325 880 5416 geLquibusJam'p.
942 5325 1359 5416 341ΞἸΤοῢρκοι
1388 5331 1487 5393 τῆς
1529 5326 1726 5396 Έώοις²
1761 5326 1853 5387 οὓς
1887 5327 1975 5380 λαὶ

325 5395 606 5470 Χαζᾶρους
636 5395 1021 5468 ὀνομάζουσιν.
1060 5397 1236 5470 (ἶΟΑᾈΒ.

398 5468 509 5539 (40)
552 5471 866 5524 Thematos
922 5483 1144 5523 nomen
1176 5468 1480 5538 hucusque
1519 5469 1750 5525 auctori
1805 5468 1977 5523 inno-

328 5540 667 5613 minatum,_
688 5540 956 5613 antiquis
985 5556 1103 5610 quo
1133 5556 1301 5613 nunc
1327 5540 1558 5613 capitur
1588 5541 1979 5613 sensu,igno-

328 5616 480 5684 tum.
508 5609 1038 5684 Signiﬁcatautem
1066 5612 1255 5684 primo
1289 5609 1583 5683 legionem
1633 5612 1810 5667 alicui
1842 5609 1979 5684 pro-

330 5681 538 5754 vincia:
562 5681 650 5733 vel
681 5682 841 5754 genti
864 5681 1224 5754 impositam.
1259 5681 1684 5754 constantinus
1712 5681 1977 5754 Themat.

336 5750 561 5830 orient.
592 5767 639 5830 :_
665 5750 863 5830 Πρώην
906 5750 1034 5830 ῌκαὶ
1109 5754 1230 5830 κατ’
1312 5753 1489 5830 ἀρχὰς
1519 5824 1529 5830 _
1559 5752 1808 5830 τάγματά
1862 5776 1981 5830 τινα

333 5819 425 5874 καὶ
479 5817 738 5893 λεγεῶνες
828 5820 1078 5900 ὑπῆρχον
1154 5817 1603 5901 ἀναγεγρδμμένα
1638 5817 1809 5883 ”κατ’
1891 5824 1978 5893 ἔθ-

2089 5274 2202 5316 νος.
2260 5256 2406 5327 Ιρεω
2436 5270 2571 5309 vero
2606 5251 2951 5327 provincia;
2996 5254 3282 5327 temporis
3333 5271 3615 5325 processu
3665 5255 3745 5318 θέ-

2095 5345 2236 5399 ματα
2290 5325 2693 5399 suntvocaiae,
2733 5341 2801 5379 ac
2832 5341 2907 5379 ne
2937 5325 3182 5399 longius
3204 5326 3550 5382 testimonia
3580 5334 3745 5398 peta-

2089 5394 2223 5470 mus
2257 5440 2270 5460 ,
2334 5398 2541 5470 scribit
2569 5467 2578 5470 _
2626 5398 2721 5451 hic
2778 5403 2983 5470 auctor
3008 5415 3021 5452 :
3049 5394 3085 5470 ’ν
3107 5394 3197 5470 δια
3227 5400 3358 5470 ,τῶν
3423 5394 3743 5470 Ῥωμαϊκῶν

2089 5469 2335 5541 θεμάτων
2392 5466 2768 5543 διερχόμενος.
2803 5469 2980 5523 Plura
3027 5469 3314 5541 Rigaltius
3346 5475 3403 5525 et
3432 5466 3744 5530 Meursius.

2092 5544 2271 5597 ϐολῇ.

2162 5615 2271 5696 (41)
2355 5612 2519 5676 Quod
2608 5610 2787 5740 schpsi
2858 5611 3063 5694 lunam
3141 5613 3477 5681 emersisse,
3539 5612 3739 5682 ὑπέστη

2162 5690 2218 5740 at
2244 5701 2307 5739 in
2333 5686 2532 5739 Graaeo
2559 5699 2572 5737 :
2605 5700 2667 5739 se
2738 5688 3147 5740 coniecturam
3177 5700 3247 5740 ex
3277 5685 3739 5740 circumstantiis

2087 5690 2218 5812 terat
2333 5686 2532 5739 Graaeo
2559 5699 2572 5737 :
2605 5683 2709 5740 sed
2738 5683 3147 5755 conjecturam
3177 5700 3247 5740 ex
3277 5685 3745 5742 circumstantiis

2114 5774 2222 5812 θοι.
2302 5772 2390 5811 VL.

2114 5774 2222 5813 801.
2255 5772 2390 5812 Ᾱνι..
