4120 6412
341 442 462 501 789

1493 434 2044 500 HISTORIARUM
2093 435 2244 496 CUM
2259 435 2630 498 PENDIUM.

3657 436 3778 499 79.

422 579 510 648 Τῷ
543 577 608 650 ιγ’
638 570 747 631 ἔτει
803 575 1013 650 ἀπάρας
1070 581 1171 646 τῆς
1234 574 1631 652 βασιλευούσης
1671 573 1808 629 κατά
1834 573 1989 646 τάχος

2192 576 2364 630 Anno
2398 575 2630 631 decimo
2661 575 2836 631 tertio
2886 575 2949 630 in
2998 576 3344 631 Armeniam
3394 593 3456 632 se
3499 579 3773 636 contulit.

342 667 419 728 εἷς
477 667 769 742 Ἀρμενίαν
829 665 1076 744 ἀφίκετο.
1154 667 1404 737 Χοσρόης
1465 663 1524 720 δὲ
1575 662 1862 720 ἀπέστειλε
1919 661 2010 716 τὸν

344 751 696 832 Σαρϐαραζᾶν
758 757 852 810 σὺν
919 761 998 828 τῷ
1061 756 1255 810 ἑαυτοῦ
1313 761 1527 830 στρατῷ
1587 753 1725 809 κατὰ
1793 754 2012 824 Ῥωμαο

345 845 485 906 νίας.
545 846 866 921 Ἡράκλειος
926 843 984 900 δὲ
1041 845 1260 920 Χοσρόῃ
1321 843 1526 916 ἐδήλου
1592 845 1811 917 εἰρήνην
1844 847 2010 910 ποιῆ-

343 955 452 991 σαι·
486 937 514 990 ὁ
571 933 630 990 δὲ
669 934 832 1010 λόγον
889 933 1076 990 οὐδένα
1129 935 1326 990 τούτου
1361 934 1679 1004 ἐποιήσατο.
1717 934 1815 987 Καὶ
1847 933 1875 986 ὁ
1911 933 2010 1005 βα-

346 1027 531 1090 σιλεὺς
588 1022 864 1081 εἰσέϐαλεν
936 1025 1015 1086 είς
1089 1027 1188 1094 τήν
1272 1023 1525 1100 Περσίδα.
1584 1026 1759 1096 “Οπερ
1821 1023 2009 1095 μαθὼν

341 1115 597 1190 Χοσρόης
644 1116 736 1170 τὸν
798 1110 1153 1189 Σαρϐαραζᾶν
1212 1114 1552 1190 ὑποστρέψαι
1600 1111 1866 1167 ἐκέλευσε.
1903 1111 2008 1167 Καὶ

342 1203 660 1275 έπισυνάξας
718 1204 892 1258 πάντα
950 1205 1019 1258 τὰ
1078 1203 1312 1279 Περσικά
1389 1201 1765 1277 στρατεύματα
1833 1220 2010 1275 παρα·-

342 1290 565 1349 δίδωσιν
624 1293 759 1348 αὐτὰ
819 1297 899 1365 τῷ
960 1294 1112 1347 Σαῗνο
1174 1292 1234 1354 ὅς
1291 1292 1427 1346 κατὰ
1479 1294 1653 1366 τάχος
1685 1290 1903 1352 ένωθεὶς
1930 1293 2010 1360 τῷ

341 1377 686 1458 Σαρϐιραζᾷ,
745 1387 991 1457 χωροῦσι
1043 1381 1181 1438 κατᾶ
1226 1386 1324 1436 τοῦ
1379 1380 1672 1456 βασιλέως.
1705 1381 1766 1437 Ὁ
1808 1377 1864 1434 δὲ
1910 1378 2006 1434 λό-

335 1493 457 1547 γοις
488 1477 896 1546 παραινετικοῖς
943 1472 1035 1526 τὸν
1091 1471 1223 1526 λαὸν
1276 1468 1539 1547 διεγείρας
1573 1469 1624 1525 έν
1652 1473 1721 1543 τῇ
1754 1466 2008 1544 ένδοτέρᾳ

346 1559 566 1635 Περσίδι
619 1566 816 1636 χωρεῖ,
876 1559 1007 1634 πυρὶ
1060 1561 1336 1640 ἀφανίζων
1393 1561 1490 1622 τὰς
1540 1558 1733 1620 πόλεις
1790 1557 2006 1622 καὶτὰς

339 1651 553 1723 κώμας.
622 1649 894 1713 Ἀκούσας
947 1647 1006 1704 δὲ
1063 1647 1114 1704 ἐν
1176 1654 1402 1721 Γαζακῷ
1471 1653 1655 1722 (42)...
1709 1648 1855 1722 ὁρμᾷ
1884 1648 2002 1700 κατ’

337 1737 523 1795 αὐτοῦ,
577 1739 680 1793 Καὶ
733 1738 1064 1813 προπέμψας
1109 1738 1261 1800 τινὰς
1315 1742 1424 1793 τῶν
1475 1738 1564 1793 ὑπ’
1608 1737 1772 1792 αὐτὸν
1825 1743 2001 1808 Σαρα-

337 1827 539 1899 κηνοὺς
623 1828 974 1902 προτρέχειν,
1064 1832 1360 1882 συναντῶσι
1440 1831 1508 1900 τῇ
1588 1831 1685 1880 106
1746 1825 2000 1898 Χοσρόου

2117 663 2262 718 Cum
2323 681 2459 719 vero
2517 666 2811 720 Chosroes
2860 665 3241 721 Sarbarazam
3295 681 3430 720 cum
3479 667 3665 739 c0piis
3712 669 3774 725 in

2116 753 2464 808 Romaniam
2516 755 2838 822 emitteret,
2889 760 2948 809 et
2997 754 3071 810 ab
3121 754 3390 810 Heraclio
3445 756 3520 810 ad
3563 773 3771 828 pacem

2119 843 2589 913 componendam
2619 851 2968 916 provocatus
2999 845 3386 916 contemptim
3417 845 3644 918 legatos
3663 863 3770 902 au-

2115 929 2377 998 divisset,
2440 934 2744 988 Heraclius
2805 935 2866 988 in
2919 933 3224 988 Persidem
3285 933 3585 1006 irrumpit.
3646 936 3770 1000 Quo

2117 1022 2350 1093 cognito
2381 1023 2671 1078 Chosroes
2705 1023 3081 1078 Sarbarazam
3112 1029 3368 1092 revocat,
3402 1029 3768 1080 contractos-

2116 1124 2230 1178 que
2283 1115 2578 1180 quotquot
2624 1111 2879 1165 habebat
2927 1111 3194 1166 Persicos
3243 1112 3542 1167 exercitus
3593 1112 3768 1168 Saino

2112 1197 2295 1252 tradit
2329 1216 2341 1253 :
2377 1199 2544 1269 isque
2576 1201 2776 1255 statim
2809 1217 2871 1254 se
2903 1217 3039 1255 cum
3084 1200 3404 1256 Sarbaraza
3435 1202 3766 1273 conjunxit,

2112 1291 2291 1358 atque
2324 1304 2444 1344 una
2473 1288 2646 1344 ambo
2673 1289 2952 1344 adversus
2993 1290 3414 1360 imperatorem
3445 1289 3764 1346 duxerunt.

2113 1378 2226 1432 Sed
2258 1379 2562 1436 Heraclius
2585 1381 2818 1435 animos
2845 1379 3105 1435 militum
3128 1379 3396 1435 oratione
3419 1380 3769 1438 exhortatus

2112 1467 2173 1522 in
2204 1468 2512 1524 Persidem
2543 1470 2894 1525 interiorem
2924 1470 3208 1541 perrexit,
3242 1469 3420 1524 urbes
3461 1475 3520 1524 et
3549 1471 3768 1542 oppida

2111 1557 2388 1612 incendio
2419 1558 2698 1630 perdens.
2731 1561 2997 1630 Cumque
3029 1559 3417 1615 inaudivisset
3464 1559 3766 1614 Chosroen

2109 1647 2312 1702 Gazaci
2373 1664 2525 1715 esse,
2586 1654 2794 1703 contra
2853 1665 2988 1702 eum
3047 1649 3416 1704 contendens
3474 1648 3764 1720 quosdam

2111 1736 2560 1806 Saracenorum,
2621 1755 2770 1809 quos
2828 1755 3030 1793 secum
3089 1738 3344 1794 ducebat
3399 1755 3762 1810 prmcurrere

2099 1824 2319 1895 jussit;
2371 1828 2470 1898 qui
2521 1828 2583 1883 in
2633 1828 2909 1883 Chosroze
2968 1828 3346 1883 excubitores
3401 1827 3762 1897 inciderunt,

338 1914 510 1993 βίγλᾳ
540 1918 674 1989 (43),
725 1915 812 1971 καὶ
868 1919 950 1989 [Ρ.
985 1919 1112 1990 412]
1163 1914 1370 1971 τούτων
1415 1914 1542 1976 τοὺς
1577 1915 1669 1988 μὲν
1699 1914 1989 1982 ἀνελόντες,

2105 1914 2427 1986 hostesque
2476 1917 2692 1988 partim
2742 1917 3194 1982 interfecerunt,
3247 1917 3396 1973 alios
3447 1934 3583 1972 cum
3612 1917 3761 1973 duce

331 2006 464 2067 τοὺς
523 2004 582 2062 δὲ
639 2007 1005 2082 κρατήσαντες
1061 2005 1153 2060 σὺν
1212 2009 1294 2078 τῷ
1353 2009 1643 2081 στρατηγῴ
1701 2004 1874 2060 αὐτῶν
1917 2009 1997 2076 τῷ

338 2094 558 2171 βασιλεῖ
593 2097 975 2170 προσήγαγον.
1035 2099 1210 2149 Τοῦτο
1296 2095 1482 2166 μαθὼν
1540 2094 1788 2166 Χοσρόης
1846 2096 1994 2172 φυγῇ

330 2183 633 2260 ἐχρήσατο.
689 2186 745 2237 Ὀ
807 2181 864 2238 δὲ
925 2182 1180 2259 βασιλεὺς
1245 2182 1582 2256 καταδιώξας
1613 2183 1737 2246 τοὺς
1771 2183 1864 2255 μὲν
1893 2203 1997 2236 πο-

328 2274 595 2347 λεμιστὰς
627 2271 839 2340 ἀνεῖλα,
899 2274 1025 2335 τοὺς
1084 2270 1144 2328 δὲ
1200 2272 1492 2351 φεύγοντας
1524 2269 1856 2327 διεσκέδασε.
1893 2271 1994 2328 Καὶ

326 2358 658 2418 καταλαϐὼν
687 2363 786 2432 τὴν
825 2363 1062 2432 Γαζακὸν
1108 2361 1296 2430 πόλιν,
1351 2360 1403 2416 έν
1443 2361 1479 2436 ᾖ
1530 2362 1777 2436 ὑπῆρχεν
1810 2363 1837 2416 ὁ
1869 2361 1994 2423 ναὸς

323 2456 420 2506 τοῦ
475 2452 671 2527 ὶΙυρὸς,
729 2451 818 2506 καὶ
886 2451 954 2505 τά
1011 2452 1275 2526 χρήματα
1333 2449 1570 2524 Κροίσου
1639 2456 1737 2504 106
1804 2448 1994 2505 Λυδῶν

331 2539 623 2612 βασιλέως,
656 2540 746 2595 καὶ
778 2543 812 2608 ἡ
860 2539 1043 2610 πλάνη
1103 2545 1211 2594 τῶν
1271 2539 1575 2614 ἀνθράκων,
1613 2539 1704 2593 καὶ
1735 2539 1993 2602 εἰσελθὼν

331 2629 383 2683 ἕν
415 2630 555 2703 αὐτῇ
589 2630 708 2705 εὗρε
739 2630 802 2684 τὸ
849 2629 1090 2703 μυσαρὸν
1148 2625 1381 2683 εἷ’δωλον
1410 2631 1508 2682 106
1538 2628 1806 2702 Χοσρόου,
1839 2628 1902 2682 τό
1932 2647 1991 2681 τε

327 2717 627 2792 ἐκτύπωμα
685 2718 851 2773 αὐτοῦ
909 2717 961 2771 έν
1039 2721 1108 2791 τῇ
1172 2722 1269 2772 106
1327 2716 1598 2772 παλατίου
1659 2714 1992 2796 σφαιροειδεῖ

326 2809 490 2883 στέγῃ
526 2809 601 2870 ὡς
635 2807 686 2863 έν
729 2807 943 2882 οὐρανῷ
969 2809 1104 2878 καθή
1118 2828 1301 2879 μενον,
1333 2807 1421 2861 καὶ
1453 2807 1576 2880 περὶ
1605 2810 1770 2860 τοῦτο
1801 2805 1986 2874 ἣλιον,

327 2897 416 2952 καὶ
450 2897 707 2967 σελήνην,
751 2899 842 2952 καὶ
896 2898 1083 2971 ἄστρα,
1119 2898 1198 2957 οἷς
1259 2898 1287 2950 ὁ
1347 2893 1704 2967 δεισιδαίμων
1737 2895 1810 2956 ὡς
1843 2897 1987 2956 θεοῖς

323 2983 599 3060 ἐλάτρευε,
657 2985 747 3040 καὶ
807 2983 1073 3060 ἀγγέλους
1133 2983 1280 3055 αὐτῷ
1341 2983 1792 3060 σκηπτροφὸρους
1830 3005 1985 3058 περιρ

324 3074 569 3144 έστησεν.
605 3073 837 3129 Ἐκεῖθέν
893 3095 953 3128 τε
1009 3079 1276 3148 σταγόνας
1335 3075 1544 3141 στάζειν
1579 3074 1653 3134 ὡς
1687 3072 1870 3133 ὑετοὺς
1897 3073 1985 3127 καὶ

321 3162 500 3235 ἤχους
551 3163 626 3223 ὡς
675 3164 900 3237 βροντάς
957 3163 1268 3238 ἐξηχέῖσθαι
1331 3162 1358 3216 ὀ
1418 3163 1697 3238 θεομάχος
1725 3169 1843 3224 ταῖς
1876 3186 1982 3236 μη-

321 3256 519 3324 χαναῖς
565 3253 980 3326 ἒπετεχνάσατο.
1031 3256 1209 3309 Ταῦτα
1269 3256 1397 3327 γοῦν
1455 3253 1630 3306 πάντα
1669 3252 1800 3328 πυρὶ
1854 3253 1982 3306 ἀνα-

319 3341 526 3409 λώσας,
584 3343 672 3396 καὶ
736 3344 826 3397 τὸν
892 3347 990 3398 106
1051 3342 1226 3416 ΙΙυρὸς
1300 3342 1422 3396 ναὸν
1483 3343 1819 3403 κατακαύσας
1886 3343 1972 3396 καὶ

314 3437 487 3489 πᾶσαν
537 3433 636 3500 τήν
683 3429 867 3500 πόλίν,
916 3431 1204 3504 συντόμως
1252 3429 1573 3486 κατεδίωκεν
1625 3429 1802 3486 ὁπίσω
1842 3437 1979 3486 Χοσ-

322 3522 453 3596 ρόου
484 3522 536 3576 ἐν
569 3527 690 3585 τοῖς
718 3527 930 3582 στενοῖς
981 3527 1090 3576 τῶν
1145 3518 1352 3589 Μήδων
1403 3519 1658 3595 χωρίοις,
1690 3520 1743 3575 ἐν
1776 3523 1857 3582 οἷς
1888 3521 1978 3575 καὶ

315 3612 531 3673 πολλὰς
561 3611 754 3674 πόλεις
815 3612 904 3666 καὶ
967 3612 1154 3686 χώρας
1209 3611 1496 3684 ἐπόρθησε.
1541 3606 1888 3682 Συμϐούλιον
1923 3609 1980 3666 δὲ

317 3704 555 3772 ποιήσας
612 3705 708 3754 τοῦ
765 3701 1203 3774 παραχειμάσαι,
1264 3699 1471 3772 ἁγνίζει
1546 3699 1639 3754 τὺν
1699 3700 1830 3754 λαὸν
1889 3699 1976 3755 ἐπὶ

318 3792 533 3864 ἡμέρας
584 3795 757 3862 τρεῖς,
814 3792 906 3844 καί
989 3788 1202 3861 ἀνοίξας
1255 3787 1323 3842 τὰ
1377 3792 1474 3842 106
1535 3793 1670 3844 Θεοῦ
1736 3791 1982 3864 ἅχραντα

318 3879 622 3956 Εὖαγγέλια
698 3882 812 3953 (44)
902 3881 1049 3952 εὗρεν
1151 3875 1507 3952 ἐπιτρέποντα
1583 3878 1636 3933 έν
1715 3875 1984 3952 ἈΑϐανίᾳ

314 3970 749 4044 παραχειμάσαι.
794 3969 882 4025 Ἐν
943 3966 1002 4023 δὲ
1053 3972 1133 4040 τῷ
1193 3967 1389 4041 μεταξὺ
1421 3972 1519 4033 τῆς
1552 3966 1682 4023 ὀδοῦ
1713 3966 1844 4048 ἔχον
1881 3969 1978 4024 σὺν

2105 2010 2309 2075 captos
2339 2006 2412 2060 ad
2445 2007 2866 2078 imperatorem
2907 2007 3228 2062 adduxere.
3262 2007 3552 2061 Chosroes
3597 2022 3668 2062 ea
3698 2023 3762 2062 re

2104 2099 2384 2164 percepta
2402 2094 2602 2166 fugam
2623 2096 2782 2150 fecit.
2806 2096 3112 2151 Heraclius
3129 2112 3498 2166 persequens
3516 2094 3765 2151 bellato-

2100 2199 2198 2237 res
2228 2183 2530 2250 interﬁcit,
2545 2185 2838 2257 fugientes
2857 2184 3461 2256 dissipat,urbemque
3478 2186 3760 2240 Gazacum

2103 2272 2281 2343 capit.
2339 2275 2419 2327 Ea
2473 2274 2533 2327 in
2592 2273 2738 2329 urbe
2797 2274 2910 2330 fuit
2968 2274 3173 2329 fanum
3224 2274 3398 2343 Solis,
3445 2273 3760 2330 thesaurus

2100 2362 2280 2416 Crmsi
2344 2361 2639 2433 Lydorum
2693 2364 2868 2435 regis,
2921 2367 2977 2418 et
3027 2364 3357 2434 impostura
3405 2363 3754 2419 carbonum.

2101 2452 2408 2523 Ingressus
2439 2458 2638 2507 autem
2691 2453 2752 2507 in
2803 2469 2936 2508 eam
2989 2452 3460 2508 abominandum
3511 2453 3762 2509 offendit

2101 2540 2376 2596 Chosroaa
2407 2541 2793 2596 simulacrum
2827 2547 2884 2596 et
2915 2542 3172 2613 efﬁgiem
3205 2542 3334 2613 ejus
3366 2542 3426 2596 in
3457 2541 3617 2614 globi
3647 2542 3761 2597 for-

2098 2644 2280 2696 mam,
2342 2630 2635 2684 referente
2693 2629 2898 2701 palatii
2949 2630 3109 2685 tholo
3161 2635 3447 2700 tanquam
3496 2630 3557 2685 in
3608 2630 3756 2686 casio

2098 2720 2424 2776 sedentem.
2459 2721 2694 2776 Circum
2729 2727 2900 2776 erant
2950 2721 3059 2788 sol,
3099 2722 3249 2778 122
3300 2721 3443 2777 luna
3484 2728 3541 2776 et
3572 2727 3751 2778 astra.

2096 2810 2312 2880 quibus
2346 2810 2448 2865 ille
2481 2811 2928 2881 superstitiosus
2978 2817 3260 2882 tanquam
3295 2811 3406 2865 diis
3439 2811 3754 2878 serviebat,

2096 2899 2623 2954 circumstantibus
2651 2900 2761 2955 sibi
2781 2901 3008 2971 angelis
3034 2900 3433 2972 sceptrigeris.
3457 2901 3758 2956 Machiuas

2093 3005 2270 3059 porro
2322 2989 2542 3059 impius
2592 2996 2918 3060 paraverat.
2971 3006 3104 3060 quae
3153 3008 3224 3044 ex
3274 3007 3342 3043 eo
3397 2990 3526 3045 loco
3559 2996 3757 3061 guttas

2093 3076 2304 3147 pluvia:
2325 3077 2514 3132 instar
2535 3078 2878 3132 emitterent
2897 3079 3279 3148 sonitumque
3299 3079 3553 3134 tonitrus
3576 3095 3758 3135 temu-

2093 3165 2215 3220 lum
2250 3165 2524 3221 ederunt.
2558 3168 2696 3222 Ηωο
2745 3167 2949 3222 omnia
3001 3167 3310 3238 ipsamque
3363 3167 3522 3238 Ignis
3568 3167 3754 3222 tndem

2095 3259 2156 3308 et
2187 3259 2370 3308 totam
2401 3255 2612 3310 urbem
2644 3255 2974 3311 combussit
3004 3256 3350 3322 Heraclius;
3383 3272 3754 3328 propereque

2092 3343 2415 3398 Chosroem
2449 3362 2555 3415 per
2584 3343 2885 3416 angustias
2937 3344 3141 3398 Mediaa
3198 3345 3500 3400 insecutus
3531 3345 3754 3401 multas

2085 3431 2268 3487 urbes
2300 3439 2357 3488 et
2410 3433 2626 3488 multos
2679 3451 2847 3506 agros
2899 3435 3169 3489 vastavit.
3227 3434 3446 3489 Deinde
3499 3451 3632 3490 cum
3677 3434 3750 3491 de

2089 3520 2359 3577 hibernis
2417 3522 2797 3590 deliberaret,
2860 3523 3055 3578 triduo
3126 3524 3452 3578 exercitum
3511 3523 3746 3590 lustrat,

2091 3611 2430 3682 apertisque
2463 3618 2668 3684 postea
2699 3613 2996 3668 inviolatis
3027 3613 3126 3667 Dei
3162 3612 3494 3684 Evangeliis
3522 3613 3751 3667 invenit

2089 3700 2204 3755 sibi
2255 3702 2526 3757 mandari
2574 3707 2639 3757 ut
2689 3703 2747 3756 in
2807 3703 3061 3758 Albania
3110 3703 3352 3757 hiemet.
3414 3703 3478 3758 In
3538 3703 3751 3759 itinere

2091 3809 2269 3863 porro
2321 3795 2584 3865 captivos
2641 3796 2872 3863 Persas,
2924 3812 3073 3866 quos
3125 3812 3327 3851 secum
3387 3795 3641 3850 ducebat
3680 3794 3755 3850 ad

2093 3881 2525 3954 quinquaginta
2575 3883 2784 3950 millia,
2820 3888 2886 3938 ut
2935 3890 3062 3939 erat
3111 3885 3286 3940 homo
3340 3884 3540 3939 animo
3570 3885 3752 3939 mise-

2093 3968 2337 4036 ricordi,
2371 3971 2586 4026 ductus
2614 3972 3000 4028 miseratione
3033 3973 3286 4028 vinculis
3318 3972 3508 4028 solvit.

311 4067 465 4140 αὐτῷ
498 4065 721 4135 πολλὴν
753 4065 1143 4142 αἰχμαλωσίαν
1177 4068 1468 4141 Περσικὴν,
1502 4067 1632 4122 ὡσεὶ
1663 4070 2007 4138 πεντήκοντα
2038 4071 2320 4147 χιλιάδας,
2345 4075 2575 4137 τούτους
2606 4081 2676 4151 τῇ
2710 4084 2986 4151 συμπαθεῖ
3017 4082 3183 4133 αυτοῦ
3208 4081 3364 4154 ψυχῇ
3397 4077 3626 4148 ἐλεήσας
3641 4077 3753 4149 (45)

315 4170 426 4222 τῶν
455 4163 670 4239 δεσμῶν
701 4159 883 4222 ἔλυσε.

387 4268 475 4336 Τῷ
508 4260 572 4318 ιδ’
597 4257 702 4318 ἔτει
764 4264 1017 4338 Χοσρόης
1069 4264 1097 4316 ὁ
1135 4266 1244 4318 τῶν
1293 4266 1510 4337 Περσῶν
1548 4262 1802 4338 βασιλεὺς
1836 4271 1978 4340 Σαρ-

318 4349 557 4426 ϐαραζᾶν
648 4350 819 4408 ἄλλον
908 4341 1212 4426 στρατηγὸν
1297 4352 1585 4422 ἐξοπλίσας
1657 4354 1790 4427 μετὰ
1845 4352 1982 4409 λαοῦ

317 4448 456 4520 πρὸς
524 4443 923 4520 Σαρϐαραγκᾶς
979 4427 1317 4514 ἀπέστειλεν,
1377 4446 1452 4506 ὡς
1523 4445 1812 4509 ένωΟέντας
1877 4446 1984 4520 ἀμ-

318 4533 584 4614 φοτέρους
642 4535 959 4607 πολεμῆσαι
1017 4534 1336 4606 Ῥωμαίοις.
1398 4537 1577 4591 T0610
1626 4536 1788 4612 γνοὺς
1820 4537 1848 4590 ὁ
1880 4537 1980 4612 βα-

315 4620 500 4683 σιλεὺς
568 4615 792 4677 ἔσπευσε
859 4617 1161 4693 συμϐαλεῖν
1250 4620 1496 4694 πόλεμον
1569 4623 1702 4697 μετά
1767 4619 1985 4699 Σαρδα-

2164 4273 2338 4327 ΑΠΠΟ
2393 4273 2626 4328 decimo
2677 4279 2888 4346 quarto
2941 4276 3231 4331 Chosroes
3280 4277 3597 4331 Persarum
3653 4291 3756 4330 rex

2099 4359 2475 4417 Sarbarazam
2510 4363 2693 4418 alium
2716 4363 2926 4419 ducem
2949 4365 3135 4436 copiis
3166 4365 3430 4434 instruit,
3452 4365 3754 4435 mittitque

2100 4449 2173 4503 ad
2205 4450 2656 4519 Sarbaraneam,
2692 4459 2756 4507 ut
2803 4453 3142 4524 conjunctis
3191 4454 3410 4509 viribus
3456 4455 3495 4508 ii
3526 4453 3754 4510 bellum

2098 4546 2305 4595 contra
2335 4543 2631 4597 Romanos
2663 4548 2890 4614 gerant.
2925 4543 3090 4608 Quod
3125 4550 3192 4599 ut
3230 4545 3464 4599 rescivit
3493 4544 3756 4615 impera-

2098 4632 2208 4693 tor,
2233 4645 2368 4684 cum
2396 4631 2766 4687 Sarbaranca
2787 4631 2993 4704 prailio
3017 4633 3294 4705 congredi
3327 4633 3571 4703 studuit,
3596 4639 3759 4690 ante-

320 4717 493 4786 ραγκᾷ
524 4711 631 4786 πρὸ
689 4716 786 4766 106
826 4711 1089 4780 ένωθῆναι
1147 4711 1309 4765 αὐτὸν
1367 4715 1448 4783 τῷ
1511 4708 1858 4788 Σαρϐαραζᾷ,
1890 4715 1979 4769 καὶ

395 4799 494 4816 η.
570 4800 583 4816 ν
633 4797 656 4816 δ
785 4801 798 4816 .
997 4801 1009 4816 .
1102 4800 1115 4816 .
1194 4805 1220 4815 ..
1445 4803 1455 4816 .
1688 4801 1703 4816 .
1775 4801 1797 4816 ι.
1855 4803 1910 4816 ς,

2102 4733 2274 4787 quam
2310 4735 2371 4773 se
2425 4720 2477 4773 ei
2528 4719 2880 4776 Sarbarazas
2934 4722 3338 4794 conjungeret.
3373 4723 3577 4795 Itaque
3617 4740 3756 4780 eum

317 4799 534 4863 πολλὰς
566 4797 840 4875 ἐκδρομὰς
893 4801 1009 4854 κατ’
1057 4800 1224 4855 αὐτοῦ
1254 4803 1628 4874 ποιησάμενος
1660 4801 1736 4865 εἰς
1771 4801 1976 4858 δειλίαν

316 4889 482 4944 αὐτὸν
513 4883 784 4945 ἐνέϐαλεν.
843 4890 1101 4947 Ὀπισθεν
1159 4887 1216 4944 δὲ
1273 4888 1616 4968 ἀμφοτέρους
1649 4889 1812 4954 ἒάσας
1843 4893 1981 4948 κατὰ

314 4974 561 5047 Χοσρόου
597 4975 732 5050 μετά
779 4973 1026 5046 σπουδῆς
1075 4971 1332 5046 ἤλαυνεν.
1369 4976 1760 5051 Αὐτομολοῦσι
1792 4975 1849 5034 δὲ
1882 4977 1979 5034 δύο

2091 4806 2316 4862 crebris
2369 4809 2866 4880 impressionibus
2921 4812 3225 4866 exterruit.
3268 4813 3450 4868 Porro
3498 4818 3754 4884 utroque

2091 4900 2226 4967 post
2258 4913 2320 4952 se
2356 4897 2563 4953 relicto
2591 4900 2914 4956 Chosroem
2936 4901 3292 4958 festinanter
3320 4901 3621 4958 insecutus
3639 4908 3749 4959 est.

2091 4984 2236 5038 Tum
2286 4985 2403 5042 duo
2463 4989 2712 5044 Romani
2771 4989 2847 5044 ad
2900 4991 3112 5046 Persas
3166 4990 3629 5063 transfugientes
3676 4991 3751 5048 iis

1532 5068 1892 5125 XYLANDRI
1932 5071 2018 5125 ET
2058 5070 2272 5129 COARI
2313 5075 2537 5134 ΝΟΤιΕ.

386 5195 496 5264 (42)
530 5194 716 5264 Locus
747 5196 838 5247 est
858 5191 1190 5264 mutilatus.
1225 5193 1362 5246 XvL.

387 5261 499 5336 (43)
535 5261 864 5350 {ii-(lavor
919 5263 1125 5350 Latina
1178 5265 1376 5350 graeco
1426 5282 1603 5350 more
1632 5266 1843 5350 posita.
1882 5267 1974 5322 Sic

316 5332 662 5408 saepe'a'pu'd
700 5337 987 5391 Nicetam.
1023 5335 1158 5399 XYL,
1193 5332 1362 5408 βίγλα
1403 5332 1648 5392 emcubiaé
1677 5339 1970 5395 militares.

315 5409 654 5477 Ἐπισκοπήν
712 5408 936 5462 vocavit
989 5407 1308 5462 Simocatta
1366 5425 1428 5473 ιι,
1498 5413 1551 5472 9,
1625 5410 1975 5478 exploratum

333 5441 654 5477 ιυιιιυκυιιιλν
718 5441 936 5462 νυυσηιι
989 5441 1308 5462 ωιιιιυιιαιριοα
1369 5441 1428 5473 ll,
1504 5441 1551 5472 ΰ,
1625 5441 1973 5478 υψμιυιιιιηυι

314 5480 564 5559 scilicet,
625 5484 684 5535 et
741 5485 1030 5559 secretam
1086 5478 1503 5559 latentemque
1552 5481 1810 5536 hostium
1853 5483 1973 5559 dis-

315 5552 723 5622 quisitionem,
785 5550 1087 5607 Cedrenus
1145 5551 1207 5604 in
1267 5550 1545 5606 Mauricio
1601 5555 1975 5624 κατασκοπήν.

529 5695 821 5752 Nimirum
846 5698 912 5750 ut
942 5692 1078 5769 inde
1111 5697 1300 5748 sortes
1348 5698 1632 5769 captaret.
1665 5697 1976 5754 Divinandi

315 5767 430 5825 hoc
484 5767 677 5842 genus
730 5767 1212 5841 superstitiosum
1261 5770 1321 5821 et
1376 5767 1864 5850 impium,‘quod
1922 5774 1981 5828 et

2090 5199 2176 5278 D._
2215 5201 2597 5278 Augustinus
2630 5211 2945 5278 gmemorat
3019 5211 3197 5277 atque
3255 5206 3571 5278 improbat,
3630 5207 3750 5264 fine

2086 5270 2354 5351 epistola)
2381 5275 2504 5345 119,
2522 5275 2602 5351 ad
2621 5276 2994 5351 Ianuarium.
3029 5270 3120 5351 Sic
3139 5270 3374 5350 profani
3389 5270 3752 5351 rVirgilianas

2086 5348 2276 5422 sortes
2325 5347 2746 5422 consulebant,
2799 5347 3524 5422 c_ujusmrei:exemplum'
3557 5355 3646 5406 est
3687 5351 3748 5408 in

2086 5413 2348 5490 Adriano
2383 5419 2660 5490 Spartiati
2695 5413 2754 5474 et
2783 5413 2902 5476 alia
2932 5420 3265 5490 alibi.ngL.

2159 5489 2295 5564 (.45)__
2338 5486 2442 5564 [η’
2470 5491 2737 5564 margine
2766 5509 2785 5564 εΔ
2847 5491 2904 5564 'Q
2973 5486 3030 5564 δέ
3072 5488 3225 5564 -ἐμρς
3296 5491 3554 5564 βασιλεὺς
3607 5494 3751 5549 Ἰσά-

2085 5575 2205 5636 κιος
2353 5559 2651 5636 Ἄγγελος,
2701 5561 2792 5636 καὶ
2849 5560 2942 5624 οὺς
2999 5559 3601 5636 ἐπ’-ςαύτοιρωρῳηεῦρε
3629 5567 3750 5620 καθ’

2086 5627 2302 5709 ἑαυτρῦ,
2337 5617 2897 5709 καῖ’έφιλοτιμὴσατο
2947 5631 3037 5686 καὶ
3087 5617 3576 5709 άξιωμάτιύνὊψέι
3619 5637 3750 5693 ὑπε-

2087 5694 2389 5773 ρεϐίϐασεν,
2425 5694 2563 5760 Χέῐ..
