4120 6436
392 424 510 489 τοι
1783 422 1829 481 (l
1841 418 2105 481 EURGH
2151 417 2492 482 GEDRENI
3696 418 3819 479 792

400 561 765 633 persuadent
792 563 1073 619 Romanis
1120 563 1270 635 fugas
1319 575 1556 617 causam
1605 574 1733 614 esse
1786 562 2038 613 metum.

2161 559 2270 608 τῶν
2330 554 2624 628 Ῥωμαίων
2682 555 2821 631 πρὸς
2878 558 3007 620 τοὺς
3091 556 3320 631 Πέρσας,
3377 557 3469 613 καὶ
3533 555 3814 622 πείθουσιν

404 649 598 707 Simul
621 658 680 707 et
693 668 898 708 rumor
912 653 1156 708 aﬂ'ertur
1176 651 1314 708 Sain
1335 652 1650 707 Persarum
1673 647 1886 703 ducem
1908 661 2053 701 novo

2161 639 2357 705 αὖτοὺς
2406 641 2489 698 ὅτι
2548 642 2608 699 ἐκ
2664 641 2873 707 δειλίας
2926 645 3218 724 φεύγουσιν
3247 646 3299 701 οἱ
3328 646 3615 721 Ῥωμαῖοι.
3642 646 3819 704 Ἦλθε

357 778 360 780 ~
408 755 546 797 cum
576 741 841 797 exercitu
877 741 1177 803 advenire,
1212 740 1335 795 suis
1382 737 1603 795 auxilio
1654 736 1923 792 missum.
1958 734 2053 790 llis

2162 728 2219 786 δὲ
2271 729 2458 794 αὺτοῖς
2513 732 2603 787 καὶ
2664 735 2825 811 φήμη
2884 735 2976 790 τὸν
3039 733 3168 789 Σαΐν
3228 735 3535 813 στρατηγὸν
3594 736 3815 811 Περσῶν

411 830 664 904 cognitis
712 830 1109 886 Sarbarancas
1156 835 1217 885 et
1274 827 1621 884 Sarbarazas
1670 826 1733 881 in
1795 825 1946 881 728
2001 822 2053 879 id

2161 814 2600 892 καταλαμϐάνειν
2664 823 2779 896 μεθ’
2838 822 3023 898 ἐτέρου
3084 824 3486 899 στρατεύματος
3545 824 3620 887 εἷς
3672 826 3817 899 βοή-

411 920 833 986 incubuerunt,
868 924 934 974 ut
962 935 1099 975 cum
1150 917 1422 974 Heraclio
1466 915 1861 988 conﬂigerent
1898 912 2061 986 prius

410 1026 586 1083 quam
617 1010 746 1067 Sais
775 1010 1201 1081 superveniens
1248 1008 1325 1065 ad
1370 1024 1500 1063 sese
1534 1006 1792 1063 victorias
1823 1004 2060 1063 laudem

405 1099 774 1157 transferret.
805 1098 1011 1155 Fidem
1042 1116 1280 1171 quoque
1326 1098 1767 1170 transfugarum
1797 1093 2060 1151 sermoni

404 1189 695 1247 habentes
724 1190 800 1245 ad
828 1188 1168 1245 Heraclium
1199 1191 1599 1255 accesserunt,
1632 1191 1693 1242 et
1718 1186 1783 1241 in
1815 1184 2058 1256 propin-

404 1295 523 1352 quo
552 1284 750 1337 castra
795 1282 1145 1353 posuerunt,
1178 1278 1241 1333 in
1289 1276 1493 1333 animo
1548 1275 1837 1332 habentes
1866 1274 2061 1346 prima

402 1369 537 1426 luce
562 1383 809 1425 manum
837 1383 1172 1424 conserere.
1199 1364 1505 1422 Heraclius
1524 1368 1726 1420 autem
1750 1362 1930 1419 motis
1950 1360 2058 1418 sub

404 1474 718 1531 vesperam
747 1458 957 1514 castris
988 1474 1096 1529 per
1124 1461 1309 1512 totam
1340 1459 1578 1513 noctem
1608 1453 1721 1510 iter
1747 1452 1907 1519 fecit,
1930 1467 2061 1524 pro-

406 1548 626 1620 culque
643 1546 717 1604 ab
734 1546 1007 1603 hostibus
1022 1546 1088 1601 in
1103 1560 1379 1618 campum
1400 1544 1691 1603 virentem
1710 1557 2058 1615 progressus

408 1632 493 1694 ibi
523 1641 718 1693 castra
746 1636 963 1710 posuit.
995 1637 1182 1702 Quem
1213 1633 1453 1691 Barbari
1484 1650 1604 1705 prae
1635 1637 1797 1688 metu
1835 1630 2057 1703 fugisse

406 1728 522 1784 rati
579 1727 826 1785 confuso
878 1726 1112 1801 agmine
1176 1725 1474 1798 persecuti
1533 1729 1690 1781 sunt.
1753 1722 2058 1779 Heraclius

407 1820 608 1873 autem
640 1816 712 1871 iis
741 1817 1018 1884 occurrit,
1049 1832 1366 1889 pugnaque
1411 1814 1732 1871 commissa
1774 1812 2056 1875 divinitus

2157 910 2324 966 θειαν.
2357 911 2532 967 Τοῦτο
2589 910 2844 984 μαθόντες
2905 908 3290 990 Σαρϐαραγκᾶς
3345 935 3405 969 τε
3458 913 3549 969 καὶ
3599 910 3815 987 Σαρϐα-
3876 910 3887 929 ”

2160 1004 2324 1074 ραζᾶς
2390 1000 2727 1078 ἠγωνίσαντο
2814 1000 3114 1078 συμϐαλεῖν
3193 1004 3438 1079 πόλεμον
3505 1003 3816 1080 Ἡρακλείῳ

2159 1088 2267 1163 πρὸ
2294 1093 2392 1143 τοῦ
2423 1090 2618 1169 φθάσαι
2660 1092 2751 1147 τὸν
2806 1093 2959 1165 Σαῒν,
3016 1093 3107 1150 καὶ
3157 1096 3257 1164 τήν
3315 1093 3469 1167 νίκην
3498 1093 3583 1148 ἐπ’
3612 1092 3816 1156 αὐτοὺς

2164 1184 2513 1255 μετενεγκεῖν.
2574 1182 2960 1246 Πιστεύσαντες
3019 1180 3076 1239 δὲ
3132 1184 3219 1238 καὶ
3293 1188 3414 1246 τοῖς
3472 1182 3816 1258 αὐτομόλοις

2163 1266 2452 1343 ἐχώρησαν
2508 1271 2645 1326 κατᾶ
2700 1269 3052 1346 Ἡρακλείου.
3104 1272 3201 1328 Καὶ
3233 1270 3635 1344 πλησιάσαντες
3665 1273 3819 1347 αύτῷ

2161 1359 2595 1430 κατεσκήνωσαν,
2659 1360 2992 1437 βουλόμενοι
3050 1364 3165 1436 ἅμα
3221 1369 3369 1438 πρωῖ
3398 1359 3723 1437 συμϐαλεῖν.
3755 1364 3818 1424 Ὁ

2164 1443 2222 1502 δὲ
2275 1448 2594 1524 Ἡράκλειος
2648 1450 2856 1528 ἀπάρας
2910 1452 3000 1531 ἀφ’
3051 1450 3277 1528 ἑσπέρας
3333 1450 3535 1509 ὥδευσε
3575 1451 3645 1507 δι’
3677 1452 3820 1527 ὅλης

2161 1539 2263 1602 τῆς
2294 1539 2510 1610 νυκτὸς,
2572 1542 2780 1614 μακράν
2837 1563 2898 1598 τε
2950 1542 3243 1619 γενόμενος
3284 1543 3376 1599 ἀπ’
3405 1545 3609 1615 αὐτῶν,
3642 1544 3817 1621 εὑρὼν

2164 1623 2348 1683 πεδίον
2396 1627 2758 1708 χλοηφόρον,
2817 1629 3136 1703 ἥπλήκευσε
3191 1634 3323 1709 (46).
3383 1632 3723 1708 Νομίσαντες
3758 1633 3818 1691 δὲ

2164 1717 2217 1804 oi.
2276 1712 2551 1794 Βάρϐαροι
2636 1717 2794 1776 αὺτὸν
2864 1718 2923 1777 ἐκ
2998 1719 3206 1785 δειλίας
3275 1722 3487 1804 φεύγειν
3555 1723 3816 1798 ἀκόσμως

2162 1801 2409 1861 ἐδίωκον·
2478 1806 2639 1869 αὐτὸς
2733 1805 2790 1863 δὲ
2883 1808 3208 1873 ὑπαντιάσας
3287 1801 3481 1874 ἀὐτοῖς
3554 1810 3816 1887 ἐκρότησε

405 1902 647 1977 adjutus
703 1921 808 1962 eos
854 1905 1029 1975 fudit,
1085 1905 1511 1975 insecutusque
1580 1919 1690 1975 per
1762 1900 2053 1959 convalles

2161 1892 2432 1988 πόλεμον,
2497 1896 2723 1988 καὶ-τῇ
2789 1901 2885 1953 τοῦ
2947 1903 3082 1955 Θεοῦ
3148 1899 3400 1976 συνεργίᾳ
3451 1902 3637 1976 τρέπει
3687 1902 3819 1967 τοὺς

405 2010 681 2069 magnam
699 2000 956 2068 stragem
978 1994 1240 2051 hostium
1264 1992 1468 2050 edidit.
1495 1993 1754 2049 Duraute
1777 1991 1971 2048 adhuc
1987 2006 2053 2046 eo

2164 1979 2505 2058 Βαρϐάρους,
2538 1984 2627 2040 καὶ
2658 1987 2886 2051 τούτους
2949 1990 3035 2062 [Ρ.
3068 1991 3196 2063 413]
3251 1986 3339 2044 διὰ
3376 1994 3484 2045 τῶν
3517 1992 3818 2070 φαράγγων

404 2085 750 2152 certamine,
775 2085 990 2142 Sainus
1020 2100 1257 2156 quoque
1280 2100 1388 2139 suo
1411 2100 1546 2140 cum
1569 2082 1833 2139 exercitu
1859 2097 2059 2153 super-

402 2175 568 2231 venit
592 2191 606 2229 :
632 2173 738 2230 sed
769 2178 829 2230 et
856 2174 1015 2229 hunc
1040 2172 1195 2228 fudit
1223 2171 1547 2228 Heraclius.
1583 2172 1880 2242 Multaque
1898 2171 2058 2225 crede

404 2263 669 2319 hostium
698 2263 854 2321 facta
882 2262 1154 2335 palantes
1184 2261 1446 2331 reliquos
1467 2262 1529 2317 in
1562 2260 1695 2333 fuga
1728 2260 2059 2332 dissipavit,

407 2357 582 2424 capto
612 2352 792 2408 etiam
821 2350 986 2407 tuldo
1023 2350 1306 2406 hostium.

474 2624 620 2682 Inde
653 2624 968 2682 Sabarazas
998 2640 1133 2679 cum
1160 2623 1337 2681 Saino
1363 2623 1674 2696 conjungit
1693 2640 1778 2692 se,
1803 2640 2056 2695 cumque

404 2715 670 2786 reliquos
686 2708 979 2769 Barbaros
1001 2712 1401 2785 collegissent,
1426 2713 1620 2769 denuo
1642 2713 1863 2769 adoriri
1885 2714 2058 2770 Hera-

405 2794 589 2861 clium
620 2799 908 2860 statuunt.
948 2805 1161 2859 Verum
1193 2803 1246 2858 is
1294 2820 1398 2874 per
1426 2819 1640 2875 aspera
1685 2808 1747 2860 et
1775 2804 2059 2860 transitus

404 2895 681 2952 difficiles
730 2893 1010 2950 habentia
1055 2892 1187 2948 loca
1233 2891 1309 2947 ad
1359 2893 1708 2948 Hunnorum
1754 2893 2058 2965 regionem

2164 2070 2360 2145 διώξας
2391 2071 2583 2147 πλήθη
2614 2074 2803 2133 πολλά
2858 2077 3092 2134 ἀνεῖλεν.
3154 2079 3244 2136 Ἐν
3291 2083 3371 2151 τῷ
3400 2077 3595 2152 μεταξὺ
3628 2078 3686 2136 δὲ
3714 2085 3826 2137 τῶν

2165 2162 2387 2236 ἀγώνων
2440 2158 2611 2219 ὄντων
2668 2160 2861 2245 ἔφθασε
2918 2166 3008 2241 καὶ
3064 2168 3092 2221 ὁ
3150 2168 3279 2223 Σαῒν
3340 2168 3431 2222 σὺν
3488 2173 3569 2241 τῷ
3621 2169 3818 2225 ἑαυτοῦ

2165 2256 2398 2328 στρατῷ.
2433 2249 2749 2328 Συμϐαλὼν
2781 2253 2839 2311 δὲ
2881 2255 2969 2311 καὶ
3009 2258 3125 2331 μετ’
3155 2256 3321 2313 αὐτοῦ
3353 2259 3381 2313 ὁ
3417 2256 3693 2335 βασιλεὺς,
3726 2259 3823 2315 καὶ

2163 2346 2354 2398 τοῦτον
2381 2345 2580 2420 τρέψας
2636 2345 2883 2425 πολλοὺς
2938 2346 3124 2404 ἀνεῖλε
3177 2348 3268 2404 καὶ
3310 2347 3438 2413 τοὺς
3468 2347 3699 2412 λοιποὺς
3733 2346 3823 2406 δι-

2164 2430 2379 2507 έσπειρε
2408 2433 2726 2510 φεύγοντας,
2784 2433 3060 2512 παρέλαϐε
3117 2435 3175 2493 δὶ
3224 2438 3407 2494 καὶτὸ
3435 2436 3668 2495 τοῦλδον
3716 2441 3823 2496 αὗο

2163 2543 2296 2581 των.

2235 2616 2298 2674 Ὁ
2364 2613 2421 2672 δὲ
2489 2611 2844 2693 Σαρὸαραζᾶς
2910 2619 3127 2685 ένωθεῖς
3189 2625 3272 2694 τῷ
3337 2619 3464 2677 Σαίν
3532 2619 3824 2697 ἒπισυνῆξε

2161 2703 2289 2769 τοὺς
2321 2704 2747 2786 ὕπολειφθέντας
2806 2704 3142 2786 Βαρϐάρους,
3192 2712 3283 2766 καὶ
3315 2709 3484 2767 πάλιν
3514 2708 3820 2768 διενοοῦντο

2162 2796 2301 2851 κατὰ
2353 2801 2452 2851 τοῦ
2513 2795 2785 2871 βασιλέως
2843 2806 3072 2879 χωρεῖν.
3126 2801 3188 2858 Ὀ
3247 2798 3305 2856 δὲ
3359 2801 3682 2877 Ἡράκλειος
3725 2801 3817 2859 ἐπὶ

2160 2885 2261 2955 τήν
2292 2890 2401 2942 τῶν
2433 2887 2655 2945 Οὕννων
2707 2887 2897 2963 χώραν
2947 2891 3038 2946 καὶ
3087 2895 3205 2953 ταῖς
3232 2893 3441 2948 τούτων
3476 2889 3816 2969 δυσχωρίαις

2162 2976 2394 3047 ἤλαυνεν
2457 2977 2512 3034 ἐν
2567 2980 2760 3043 τόποις
2828 2981 3056 3057 τραχέσι
3112 2983 3203 3038 καὶ
3260 2979 3570 3048 δυσϐάτοις.
3633 2987 3701 3044 Οἱ
3758 2985 3816 3043 δὲ

2164 3062 2437 3143 Βάρϐαροι
2486 3069 2662 3124 ὀπισω
2710 3069 2876 3125 αὐτοῦ
2923 3070 3283 3140 ἠκολούθουν.
3326 3073 3393 3130 Οἳ
3427 3074 3614 3147 μέντοι
3646 3076 3811 3145 Λαζοί

404 2982 733 3049 contendit,
756 2980 1213 3052 insequentibus
1243 2997 1279 3036 a
1296 2985 1457 3053 tergo
1478 2981 1912 3048 Barbaris,cum
1934 2982 2060 3053 qui-

400 3071 539 3127 dem
580 3069 709 3126 Lazi
763 3074 822 3124 et
869 3068 1084 3142 Abasgi
1133 3068 1453 3124 formidine
1502 3068 1759 3140 correpti
1806 3069 2058 3125 desertis

400 3161 685 3218 Romanis
701 3158 944 3216 domum
966 3157 1390 3214 discesserunt.
1408 3159 1533 3223 Quo
1554 3158 1709 3214 facto
1730 3158 2053 3215 delectatus

2161 3157 2277 3230 ἃμα
2333 3164 2451 3221 τοῖς
2509 3154 2801 3235 Ἀϐασγοῖς
2861 3160 3225 3226 δειλιάσαντες
3254 3161 3562 3219 ἀπέσπασαν
3593 3166 3811 3228 ἑαυτοὺς

398 3253 613 3309 Sainus
641 3250 923 3307 audacter
960 3264 1093 3304 cum
1128 3249 1251 3304 suis
1294 3249 1358 3303 in
1402 3248 1737 3304 Heraclium
1767 3249 1888 3304 ivit.
1923 3250 2049 3304 lm-

2162 3252 2262 3315 τῆς
2307 3251 2413 3302 τῶν
2467 3248 2756 3321 Ῥωμαίων
2791 3251 3114 3324 συμμαχίας
3171 3251 3262 3306 καὶ
3311 3249 3495 3308 οἷ’καδε
3531 3253 3821 3330 ἀνεχώρη-

2205 3356 2225 3357 η
2310 3337 2340 3357 τι
2355 3344 2369 3357 \
2423 3333 2467 3357 δε
2537 3344 2572 3357 ﬁ
2616 3339 2638 3357 λ.
2721 3339 2735 3357 Ι
2788 3339 2813 3357 Λ
2850 3339 2865 3357 \
2961 3337 2975 3357 ,
3024 3340 3040 3357 \
3177 3341 3191 3357 I
3238 3345 3266 3356 α
3309 3343 3334 3357 n
3425 3346 3452 3357 an
3570 3340 3589 3357 ἱ
3610 3342 3630 3357 \
3653 3348 3680 3357 συ
3762 3346 3773 3357 ι

395 3346 636 3417 perator
654 3344 854 3397 autem
880 3338 1118 3394 animos
1137 3354 1382 3393 suorum
1402 3337 1505 3393 tali
1538 3338 1807 3393 oratione
1829 3338 2053 3394 excita—

2161 3356 2278 3391 σαν.
2310 3337 2371 3394 ὐ
2419 3333 2477 3391 δὲ
2535 3339 2665 3392 Σαῖν
2712 3339 2897 3407 ἡσθεὶς
2955 3337 3041 3395 ἐπὶ
3099 3341 3279 3413 τούτῷ
3308 3343 3465 3414 θυμῷ
3492 3340 3693 3415 πολλῷ
3726 3346 3821 3400 σὺν

395 3432 481 3487 vit
512 3449 526 3486 :
557 3430 773 3501 Nolite,
804 3429 1039 3496 fratres,
1073 3428 1336 3483 hostium
1374 3427 1760 3483 multitudine
1790 3429 2000 3483 terreri
2034 3444 2048 3484 :

401 3534 561 3577 unus
592 3518 751 3575 enim
782 3523 1080 3583 nostrum,
1112 3517 1231 3571 Deo
1276 3516 1360 3571 ita
1405 3515 1655 3583 volente,
1687 3515 1850 3571 mille
1896 3516 2051 3573 viros

397 3608 647 3680 fugabit.
670 3605 1054 3662 Immolemus
1078 3605 1232 3661 724
1261 3620 1372 3658 nos
1402 3605 1520 3658 Deo
1551 3603 1801 3659 fratrum
1825 3611 2052 3662 nostro~

399 3713 535 3753 rum
561 3696 771 3761 salute,
799 3710 1170 3765 coronasque
1200 3699 1527 3765 martyrum
1559 3693 2053 3766 adipiscamur,ut

399 3787 720 3861 posteritas
747 3800 859 3840 nos
886 3783 1107 3839 laudet.
1144 3783 1244 3838 His
1263 3782 1518 3853 aliisque
1544 3783 1817 3855 pluribus
1846 3784 2049 3840 cohor-

397 3882 556 3934 tatus
588 3893 728 3933 suos
762 3876 894 3929 laeto
925 3872 1089 3928 vultu
1120 3873 1304 3928 aciem
1341 3874 1601 3929 instruit.
1644 3875 2050 3931 Constiterunt

394 3968 653 4027 adversm
680 3966 836 4021 acies
859 3963 1071 4037 exiguo
1093 3963 1406 4035 interjecto
1429 3963 1638 4035 spatio,
1674 3970 1735 4019 et
1754 3982 1940 4036 usque
1972 3965 2047 4020 ad

393 4073 700 4131 vesperam
724 4054 1007 4112 conflictu
1024 4052 1461 4109 abstinuerunt.
1490 4055 1743 4125 Vespera
1762 4055 2047 4127 ingruen-

391 4155 469 4217 te,
503 4148 831 4220 imperator
858 4144 921 4199 in
951 4142 1164 4198 itinere
1196 4142 1476 4214 perrexit,
1499 4159 1738 4197 rursum
1770 4143 2045 4199 Barbaris

392 4255 428 4298 a
455 4244 619 4312 tergo
652 4232 1063 4308 sequentibus.
1097 4233 1203 4298 Qui
1237 4248 1372 4288 cum
1405 4236 1633 4288 mutata
1674 4232 2042 4304 profectione

392 4331 765 4395 antevertere
822 4326 1202 4389 conarentur,
1251 4320 1593 4377 inciderunt
1633 4321 1697 4377 in
1754 4321 2044 4393 palustria

2158 3430 2274 3487 τοῖς
2307 3421 2612 3502 Βαρϐάροις
2670 3424 2871 3502 ἐχώρει
2927 3429 3063 3484 κατὰ
3100 3429 3442 3504 Ἡρακλείου.
3476 3432 3538 3488 Ὁ
3566 3429 3621 3487 δὲ
3653 3433 3814 3508 βασι-

2160 3511 2286 3578 λεὺς
2317 3512 2503 3589 λόγοις
2528 3515 2620 3571 τὸν
2675 3517 2902 3591 στρατὸν
2955 3516 3339 3594 ἀναπτερώσας
3371 3520 3603 3595 παρῄνει
3636 3520 3808 3599 λέγω’

2155 3603 2233 3659 Τὸ
2262 3601 2478 3673 πλῆθος
2512 3605 2671 3677 ὑμᾶς,
2725 3603 2975 3684 ἀδελφοὶ,
3040 3608 3116 3680 μή
3174 3609 3505 3683 ταραττέτω⁶
3539 3615 3673 3666 Θεοῦ
3701 3612 3810 3686 γὰρ

2156 3689 2412 3755 θέλοντος
2470 3696 2546 3756 εἷς
2604 3692 2784 3766 διώξει
2835 3695 3079 3775 χιλίους.
3139 3699 3396 3772 Θύσωμεν
3430 3698 3525 3754 οὖν
3564 3705 3646 3772 τῷ
3689 3706 3811 3774 Θεῷ

2154 3782 2375 3845 ἑαυτοὺς
2441 3783 2575 3858 ὑπὲρ
2639 3791 2739 3854 τῆς
2802 3790 2910 3841 τῶν
2975 3783 3225 3863 ἀδελφῶν
3292 3789 3455 3861 ἡμῶν
3506 3790 3805 3865 σωτηρίας.

2155 3866 2421 3942 Λᾶὅωμεν
2451 3873 2618 3950 στέφη
2655 3873 2967 3948 μαρτύρων,
2993 3871 3082 3929 ⁹ίνα
3130 3875 3158 3928 ὁ
3208 3873 3429 3947 μέλλων
3472 3878 3619 3949 ἡμᾶς
3650 3877 3811 3934 ἐπαι-

2151 3961 2276 4036 νέσῃ
2307 3964 2526 4035 χσόνος.
2555 3962 2789 4025 Τούτοις
2832 3963 2920 4018 καὶ
2971 3962 3168 4026 ἄλλοις
3201 3961 3417 4020 πλείοσι
3458 3966 3811 4043 παραθαρῥύ-

2150 4073 2243 4113 νας
2270 4053 2362 4107 τὸν
2420 4053 2645 4127 στρατὸν
2703 4050 2917 4132 φαιδρῷ
2972 4058 3051 4125 τῷ
3106 4054 3389 4128 προσώπῳ
3443 4054 3681 4132 έξαρτύει
3714 4057 3809 4112 τὸν

2148 4141 2414 4214 πόλεμον.
2450 4141 2553 4199 Καὶ
2586 4142 2802 4206 στάντες
2851 4140 2934 4197 ἐπ’
2991 4141 3267 4214 ἀλλήλοις
3302 4144 3409 4200 ἀπὸ
3445 4150 3643 4221 μικροῦ
3674 4144 3803 4202 δια-

2148 4233 2430 4304 στήματος
2484 4229 2650 4295 ἓωθεν
2704 4233 2902 4307 μέχρις
2957 4231 3182 4308 ἑσπέρας
3238 4231 3517 4305 ἀλλήλοις
3571 4235 3634 4291 οὐ
3674 4257 3805 4292 συν-

2148 4315 2367 4379 έϐαλον.
2409 4320 2672 4397 Ἐσπέρας
2732 4317 2789 4376 δὲ
2844 4317 3263 4394 καταλαϐούσης
3312 4324 3341 4378 6
3402 4325 3660 4400 βασιλεὺς
3698 4332 3802 4396 τῆς

389 4418 541 4482 loca,
571 4415 830 4486 indeque
862 4411 1023 4468 exire
1053 4425 1260 4465 rursus
1290 4409 1478 4465 coacti
1524 4414 1679 4464 sunt.
1713 4409 2043 4481 Imperator

2161 4407 2461 4483 idomopiac
2495 4406 2700 4489 εἷ’χετο,
2731 4409 2821 4465 καὶ
2861 4412 2913 4465 οἱ
2980 4406 3253 4487 Βάρϐαροι
3290 4412 3456 4469 πάλιν
3489 4414 3666 4470 ὀπισω
3696 4417 3804 4472 a6-

391 4510 591 4563 autem
623 4518 758 4559 cum
797 4501 972 4573 juxta
1015 4498 1493 4554 Persarmeniam
1542 4498 1805 4563 duceret,
1851 4516 2039 4572 eaque

2161 4503 2241 4554 τοῦ
2271 4498 2631 4569 ἠκολούθουν.
2692 4499 3112 4571 Ἐναλλάξαντες
3170 4498 3228 4556 δὲ
3271 4506 3371 4574 τὴν
3405 4502 3554 4573 ὁδὸν,
3584 4505 3802 4581 προλα-

390 4592 553 4664 regio
583 4588 781 4644 Persis
811 4585 1103 4652 subesset,
1134 4584 1306 4639 multi
1341 4601 1411 4639 ex
1443 4601 1512 4640 ea
1554 4585 1627 4640 ad
1660 4585 2037 4646 Sarbarazam

2161 4585 2258 4644 ῗεῖν
2291 4593 2482 4645 τοῦτον
2541 4587 2895 4663 βουλόμενοι,
2954 4588 3317 4663 ἐμπίπτουσιν
3366 4592 3443 4654 εἷς
3473 4594 3640 4649 τόπον
3670 4593 3799 4651 τελ-

386 4656 636 4752 profecti
660 4674 860 4746 copias
879 4672 1008 4743 ejus
1025 4677 1317 4727 auxerunt
1341 4688 1353 4726 :
1379 4672 1482 4728 sed
1504 4672 1700 4729 hieme
1723 4682 2040 4747 appetente

2161 4677 2402 4752 ματώδη,
2460 4656 2551 4733 καί
2608 4656 3019 4754 ἠναγκάσθησαν
3086 4678 3342 4752 ἐξελθεῖν.
3400 4684 3461 4740 Ὁ
3519 4680 3575 4739 δὲ
3636 4686 3797 4761 βασι-

389 4770 634 4826 domum
667 4763 919 4835 quisque
960 4777 1127 4821 suam
1170 4759 1591 4818 discesserunt.
1626 4764 1705 4817 Eo
1734 4773 2038 4837 comperto

2161 4768 2275 4831 λεὺς
2305 4770 2405 4839 τὴν
2460 4774 2565 4843 γῆν
2627 4769 3029 4842 Περσαρμενίας
3081 4772 3407 4850 παρέτρεχε.
3458 4775 3569 4842 Τῆς
3601 4759 3706 4847 γῆς
3741 4771 3801 4828 δὲ

387 4859 696 4919 lleraclius
754 4859 937 4915 noctu
994 4853 1201 4931 statuit
1256 4853 1457 4910 hostes
1513 4857 1770 4928 aggredi.
1832 4860 2038 4931 Itaque

2161 4857 2356 4927 ἐκείνης
2408 4857 2512 4913 ὑπὸ
2559 4861 2665 4911 τῶν
2712 4860 2933 4930 Περσῶν
2987 4861 3364 4933 κρατουμένης
3412 4859 3619 4917 πολλοὶ
3673 4884 3798 4917 συν-

389 4952 653 5009 delectos
675 4946 905 5020 equites
922 4943 1137 4999 robore
1159 4945 1679 5016 praestantissimos
1700 4953 1760 5003 et
1780 4950 2037 5006 militum

2161 4949 2369 5023 ὶτρεχον
2427 4950 2507 5019 τῷ
2568 4941 2911 5021 Σαρϐαραζᾷ,
2968 4947 3055 5003 καὶ
3114 4948 3328 5021 ηὐξεῖτο
3387 4949 3579 5013 ὁλαὸς
3609 4950 3794 5007 αὐτοῦ·

386 5040 745 5099 fortissimos
794 5034 1132 5108 praecedere
1173 5033 1367 5105 jubet,
1417 5034 1543 5106 ipse
1599 5054 1733 5113 cum
1788 5039 2037 5111 reliquis

2161 5041 2425 5112 χειμῶνος
2486 5033 2544 5091 δὶ
2599 5035 2987 5110 ἐπιγενομένου
3044 5035 3376 5111 έσκορπίσθη
3432 5035 3658 5104 ἕκαστος
3719 5041 3796 5103 εἰς

387 5131 792 5208 subsequitur.
852 5127 938 5180 Ita
995 5125 1241 5179 Romani
1310 5123 1663 5182 festinantes
1722 5131 2034 5186 castellum

2161 5130 2234 5185 τὸν
2263 5124 2406 5183 ’ἰδιον
2438 5129 2630 5185 τόπον.
2679 5132 2851 5184 Τοῦτο
2910 5129 3095 5201 μαθὼν
3156 5131 3184 5185 ὁ
3246 5131 3504 5206 βασιλεὺς
3535 5131 3794 5190 διενοεῖτο

382 5224 745 5283 Albanorum
761 5217 907 5272 hora
927 5212 1117 5270 noctis
1140 5229 1299 5268 nona
1320 5220 1633 5285 occupant.
1656 5216 1880 5280 Quibus
1897 5236 2034 5275 cum

2161 5222 2196 5274 ἓν
2256 5217 2406 5273 νυκτὶ
2464 5214 2664 5292 κλέψαι
2754 5216 2847 5273 τὸν
2917 5218 3186 5291 πόλεμον.
3244 5221 3342 5275 Καὶ
3407 5221 3796 5297 ἐπιλέξάμενος

380 5320 595 5382 Persa),
628 5310 887 5369 adventu
916 5320 1119 5361 eorum
1156 5304 1414 5376 cognito,
1440 5313 1839 5373 occurrerent,
1875 5311 2031 5365 occi-

2161 5308 2343 5370 ξππους
2394 5308 2681 5375 εὐσθενεῖς,
2740 5307 2830 5361 καὶ
2885 5311 2983 5361 τοῦ
3042 5314 3272 5382 στρατοῦ
3317 5310 3448 5375 τοὺς
3489 5310 3793 5390 ἀνδρειοτέ-

1581 5433 1944 5492 XYLANDRI
1981 5437 2070 5491 ET
2108 5437 2325 5494 GOARI
2362 5438 2586 5493 NOT/E.

448 5564 558 5637 (4ο)
587 5562 779 5617 Castra
819 5560 1029 5637 posuit.
1064 5557 1225 5637 Hanc
1268 5571 1398 5637 esse
1442 5555 1622 5628 hujus
1653 5559 1813 5637 vocis
1841 5559 2024 5632 signi-
2134 5564 2273 5637 cuit,
2306 5566 2571 5637 admovit,
2596 5566 2825 5637 posuit,
2883 5564 3029 5633 ﬁxit.
3068 5567 3172 5637 ita
3216 5568 3439 5625 Paulus
3470 5570 3787 5630 Diaconus.

375 5630 739 5715 flcati'qnerq,
771 5644 842 5686 θκ
888 5630 1199 5715 freti“???
1242 5630 1534 5715 θλιιεμειι
1562 5631 1719 5701 ἃΡαά
1750 5630 2022 5715 ηρειέιιιῐι
2138 5630 2392 5715 verbum
2422 5652 2457 5715 a
2487 5630 2694 5715 Latina
2723 5630 2926 5715 lingua
2954 5636 3293 5695 traductum
3339 5646 3430 5697 est
3483 5643 3545 5697 τὸ
3601 5640 3790 5715 ἀπλη-

377 5698 767 5777 deprehendi,
792 5701 917 5777 _rei
995 5698 1239 5777 noti_tia_
1281 5698 1619 5777 barbarum:
1668 5702 2020 5761 vocabulum
2129 5706 2297 5777 κεύω,
2327 5713 2511 5765 castra
2538 5712 2731 5764 metor.
2773 5698 2948 5764 Gbss.

377 5766 761 5847 explicatum.
792 5771 933 5827 XYL.
991 5801 1060 5811 -
1118 5766 1497 5840 Ἐπλήκευσεν.
1572 5774 1766 5832 Castra
1831 5777 2021 5850 (φριε-
