4120 6440
364 479 481 541 793

1503 465 1926 529 HISTtlltIAlt
1940 461 2052 524 UM
2100 462 2652 528 GOMPENDIUM.

3680 465 3796 525 796

364 627 495 686 ρους
527 603 750 674 διελὼν,
799 602 1062 681 προάγειν
1115 602 1246 663 τοὺς
1310 599 1405 675 μὶν
1458 596 1710 655 ἐκέλευσε
1765 594 1903 650 κατά
1928 597 2015 649 τοῦ

2141 595 2317 654 dione
2351 614 2384 654 a
2414 598 2695 655 Romanis
2716 596 2854 654 οωΒί
2882 602 3040 665 sunt,
3075 595 3224 666 solo,
3246 599 3313 651 ut
3341 595 3650 667 proverbio
3673 594 3795 654 dici

363 682 677 773 Eap6dpou,
709 692 874 756 αὐτὸς
934 689 991 748 δὲ
1052 688 1145 746 σὺν
1204 693 1325 752 τοῖς
1377 687 1586 764 ἑτέροις
1616 682 2028 773 ὀπίσωᾼτούτων

362 769 569 845 cincto.
632 782 968 843 Σπεύσαντες
1030 778 1088 836 δὲ
1144 773 1446 835 κατέλαϐον
1497 775 1709 853 χωρίον
1737 769 2024 830 Ἀλϐανῶν

364 877 483 954 ὥρᾳ
531 876 575 933 θ’
624 881 727 944 τῆς
783 871 999 932 νυκτός.
1060 873 1179 925 Τῶν
1242 865 1302 925 δὶ
1358 870 1578 943 Περσῶν
1630 864 1872 945 γνόντων
1920 864 2021 932 τὴν

364 963 561 1048 ἔφοδον
620 961 710 1019 καὶ
772 960 1137 1048 ὁρμησάντων
1194 961 1325 1048 κατ’,
1369 955 1570 1048 αὐτῶν,
1613 956 1689 1048 *οἱ
1754 957 2025 1048 ξνΡωμαῖοι

364 1041 595 1117 τούτους
635 1052 843 1114 πάντας
886 1047 1128 1106 ἀνεῖλον.
1175 1047 1341 1123 πάρεξ
1386 1045 1525 1118 ἑνὸς,
1573 1044 1638 1100 τὸ
1684 1047 1782 1100 τοῦ
1827 1041 2022 1117 λόγου,

366 1145 674 1223 πυρφόρου,
707 1142 766 1206 ὅς
798 1139 889 1197 καὶ
935 1144 1016 1213 τῷ
1070 1132 1338 1213 Βαρϐάρῳ
1388 1135 1670 1210 ἐμήνυσεν.
1700 1134 1763 1223 '9
1794 1130 1851 1187 δὲ
1881 1134 2025 1205 Βάρ-

366 1217 563 1310 ϐαρόςν
592 1232 802 1310 γυμνὸς
852 1229 943 1286 καὶ
995 1224 1328 1289 ἀνυπόδιτος
1394 1225 1551 1298 ἳππῳ
1617 1217 1808 1285 έπιϐἀς
1872 1223 2023 1302 φυγῇ

358 1329 460 1398 τήν
498 1325 776 1401 σωτηρίαν
834 1323 1146 1398 ἐπορίζετο.
1203 1320 1418 1378 Τούτου
1467 1318 1565 1381 τάς
1620 1320 1880 1391 γυναῖκας
1932 1312 2023 1367 καὶ

362 1422 468 1481 πᾶς
509 1418 572 1472 τὸ
630 1414 892 1491 Περσικὸν
945 1410 1132 1480 ἄνθος,
1189 1407 1461 1486 ἄρχοντάς
1495 1429 1556 1464 τε
1599 1406 1690 1460 καὶ
1746 1404 2022 1479 σατράπας

360 1506 451 1565 καὶ
513 1523 851 1580 στρατιωτας
918 1500 1239 1562 ἐπιλέκτους
1306 1492 1629 1554 καταλαϐὼν
1696 1492 2022 1555 ἀνελθόντας

363 1593 454 1651 ἐπὶ
482 1598 593 1649 τῶν
625 1588 895 1662 δωμάτων
947 1586 1038 1645 καὶ
1086 1585 1336 1660 πόλεμον
1386 1589 1738 1661 κροτοῦντας,
1791 1580 1879 1638 διὰ
1911 1602 2023 1636 πυ-

365 1684 459 1760 ρὸς
488 1679 729 1750 καθεῖλε,
779 1679 872 1734 καὶ
922 1678 1016 1740 οὕς
1069 1676 1166 1749 μὶν
1223 1669 1480 1760 ἔκτεινεν,
1530 1675 1625 1737 οὕς
1657 1671 1716 1728 δὲ
1743 1670 1875 1760 πυρὶ
1906 1670 2027 1725 ἀνά-

366 1773 560 1840 λωσεν,
611 1768 706 1833 οὕς
764 1768 823 1824 δὲ
877 1763 1279 1842 αίχμαλωτους
1336 1759 1546 1821 ἔλαϐενο
1581 1761 1763 1840 ὀλίγοι
1797 1759 1855 1817 δὲ
1883 1762 2023 1816 πάνυ

2141 688 2314 757 solet,
2346 689 2602 763 facigero
2633 689 2974 762 superstite.
3008 688 3111 759 qui
3140 687 3374 743 cladem
3411 687 3667 744 Barbaro
3699 690 3795 744 in-

2135 776 2371 833 dicavit.
2407 779 2699 834 Barbarus
2728 778 2924 833 nudus
2955 783 3014 831 et
3044 777 3176 832 sine
3207 775 3424 833 calceis
3456 793 3609 848 equo
3642 777 3794 832 insi-

2133 864 2264 934 luit,
2296 866 2551 938 fugaque
2580 867 2692 922 sibi
2724 866 3044 922 consuluit.
3077 866 3263 937 Hujus
3284 882 3499 922 uxores
3521 870 3581 921 et
3602 866 3794 921 Persi-

2135 973 2271 1013 cum
2302 956 2510 1012 ﬂorem
2560 973 2824 1021 omnem,
2874 956 3297 1028 principesque
3347 958 3404 1010 et
3433 958 3701 1028 satrapas
3732 959 3793 1011 et

2134 1046 2399 1103 delectos
2430 1047 2675 1116 milites,
2710 1063 2845 1103 cum
2876 1062 3055 1118 super
3089 1050 3247 1101 tecta
3285 1045 3601 1101 domorum
3635 1044 3785 1102 726

2134 1136 2471 1209 confugisse
2528 1154 2597 1193 ac
2654 1136 3063 1193 defensionem
3115 1135 3311 1191 moliri
3360 1135 3606 1204 videret,
3653 1135 3791 1207 igne

2134 1225 2405 1297 conjecto
2472 1225 2722 1298 depulit,
2784 1225 3051 1297 aliosque
3120 1223 3437 1289 interfecit,
3498 1224 3791 1295 quosdam

2136 1315 2439 1383 cremavit,
2487 1314 2754 1386 reliquos
2803 1315 2979 1386 cepit,
3014 1314 3327 1386 perpaucis
3370 1312 3507 1385 fuga
3548 1312 3790 1385 elapsis.

2134 1404 2365 1462 Potitus
2413 1410 2505 1460 est
2547 1405 2727 1461 etiam
2775 1404 2957 1460 armis
3011 1403 3274 1472 Barbari,
3307 1419 3488 1459 aureo
3533 1410 3699 1460 scuto
3730 1409 3792 1460 et

2133 1493 2330 1567 gladio
2361 1497 2421 1549 et
2448 1494 2619 1550 hasta
2648 1510 2716 1550 ac
2746 1493 2984 1565 cingulo
3027 1508 3209 1548 aureo
3250 1496 3546 1564 gemmato
3578 1497 3635 1547 et
3665 1492 3792 1548 cal-

2134 1582 2276 1638 ceis.
2310 1581 2453 1637 Inde
2473 1582 2535 1638 in
2556 1599 2660 1638 eos
2682 1580 2850 1639 duxit
2869 1582 2972 1653 qui
2990 1597 3097 1654 per
3120 1598 3291 1654 agros
3313 1580 3563 1653 dispersi
3582 1586 3786 1649 erant;

2135 1687 2356 1743 eosque
2400 1671 2708 1727 insecutus
2763 1670 2987 1727 multos
3044 1669 3281 1739 occidit,
3332 1670 3553 1725 multos
3611 1671 3789 1742 cepit.

2132 1761 2283 1816 Exin
2313 1761 2634 1817 contractis
2664 1759 2842 1816 hilari
2890 1760 3091 1815 animo
3138 1759 3328 1830 copiis
3357 1758 3439 1814 ibi
3482 1759 3784 1816 hiemavit.

364 1860 626 1943 φυγόντες
654 1857 957 1927 έσωθησαν.
990 1850 1198 1912 υΒλαϐε
1252 1853 1309 1911 δὲ
1362 1856 1454 1943 καὶ
1483 1855 1579 1943 ,τά
1635 1852 1781 1909 ὅπλα
1839 1854 1921 1925 [Ρ.
1971 1850 2100 1943 μέν]
2136 1853 2250 1943 ’τοῦ
2307 1843 2622 1943 βαρϐάρου,
2777 1868 2837 1943 1—6
2866 1843 3335 1943 χρυαῇαδ-ἀσπίδα,
3365 1847 3457 1902 καὶ
3490 1848 3784 1943 μέχαιραν,

359 1931 463 2008 έαὶ-
484 1947 637 2024 δόρυ,
667 1947 758 2003 καὶ
814 1949 916 2017 τὴν
971 1952 1185 2021 χρυσῆν
1237 1943 1328 2000 καὶ
1388 1941 1641 2000 διάλιθον
1699 1947 1897 2012 ζωνην,
1951 1936 2042 1995 καὶ
2092 1938 2162 2024 τὰ
2205 1934 2533 2024 ὑποδήματα
2564 1936 2759 2024 αὐτοῦ..
2783 1939 2968 2024 Ταῦτα
3000 1934 3057 1993 δὲ
3087 1931 3272 1992 λαϐὼν
3302 1941 3481 2011 χωρεῖ
3507 1938 3646 1991 κατὰ
3673 1941 3783 1993 τῶν

361 2020 775 2113 διεσπαρμένων
805 2035 859 2091 έν
883 2020 1289 2110 τοῖςηχωρίοις,
1322 2031 1417 2097 οὕς
1442 2033 1531 2088 καὶ
1567 2029 1765 2104 διωξας
1794 2025 2044 2092 πολλοὺς
2073 2022 2274 2082 ἔκτεινε
2310 2027 2400 2082 καὶ
2455 2023 2702 2099 δειμίους
2733 2020 2949 2083 ἔλαϐεν.
2986 2025 3119 2082 Εἶτα
3148 2023 3466 2096 έπισυνάξας
3492 2025 3555 2078 τὸ
3584 2026 3785 2081 ἑαυτοῦ

355 2124 725 2203 στρατόπεδον
760 2125 895 2199 μετᾶ
925 2129 1101 2200 χαρᾶς
1130 2122 1185 2179 έν
1216 2122 1439 2185 ἐκείνοις
1469 2128 1588 2187 τοῖς
1609 2120 1807 2183 τόποις
1837 2115 2232 2194 παρεχείμασε.

422 2220 519 2290 Τῷ
553 2216 610 2273 ιε’
638 2210 768 2285 ἔτει,
820 2215 848 2269 6
902 2211 1161 2289 βασιλεὺς
1209 2210 1530 2288 Ἡράκλειος
1562 2210 1697 2284 μετά
1720 2213 1818 2264 τοῦ
1847 2227 2014 2282 στρα-

2190 2207 2362 2262 Anno
2399 2210 2485 2274 15,
2521 2206 2827 2263 Heraclius
2869 2222 3005 2261 cum
3053 2206 3337 2272 exercitu,
3374 2204 3588 2260 itinere
3619 2206 3781 2276 quod

355 2303 597 2362 τοπύδου
656 2304 825 2359 αὐτοῦ
878 2304 978 2373 τὴν
1028 2305 1138 2358 τῶν
1197 2301 1390 2378 Σύρων
1459 2298 1586 2356 ὁδὸν
1641 2299 1743 2368 τὴν
1794 2297 1883 2353 ἐπὶ
1940 2302 2021 2370 τῷ

356 2396 555 2470 Ταύρῳ
586 2387 849 2469 ὑπερϐὰς,
881 2391 936 2448 ἐν
964 2391 1100 2448 έπτά
1118 2392 1352 2466 ἡμέραις
1384 2390 1542 2463 κόπῳ
1606 2386 1808 2460 πολλῷ
1852 2406 2024 2442 κατα-

363 2478 637 2559 λαμϐάνει
680 2482 774 2539 τὸν
827 2482 1016 2556 Τίγριν
1073 2480 1344 2554 ποταμὸν,
1375 2479 1493 2535 εἶτα
1518 2480 1618 2548 τήν
1653 2476 2024 2552 Μαρτυρόπο-

362 2572 451 2628 λιν
481 2573 573 2628 καὶ
611 2573 714 2643 τήν
766 2567 1027 2643 Ἅμιδαν”
1084 2570 1173 2625 καὶ
1237 2566 1664 2625 διαναπαύονται
1693 2566 1724 2621 6'
1752 2586 1810 2621 τε
1861 2583 2021 2639 στρα-

357 2664 451 2727 τὸς
484 2663 575 2718 καὶ
605 2664 641 2732 ἡ
673 2659 1055 2737 αἰχμαλωσία.
1106 2660 1378 2717 Ἐντεῦθεν
1429 2674 1728 2734 γράμματα
1764 2655 1905 2731 πρὸς
1956 2654 2022 2710 τὸ

361 2753 659 2824 Βυζάντιον
709 2748 1075 2822 ἐξαπέστειλεν
1128 2750 1157 2804 6
1209 2746 1484 2823 βασιλεὺς,
1534 2745 1625 2803 καὶ
1652 2746 1721 2802 τὰ
1748 2746 1867 2809 καθ’
1897 2745 2018 2800 ἑαυ-

355 2845 447 2899 τὸν
492 2842 666 2899 πάντα
720 2838 990 2912 ἐδήλωσε,
1020 2839 1113 2893 καὶ
1153 2838 1328 2914 χαράν
1376 2840 1446 2903 τῆ
1491 2836 1653 2892 πολει
1684 2836 2019 2905 ἐνεποίησεν.

358 2932 424 2990 Ὀ
456 2929 513 2988 δὲ
540 2925 897 3006 Σαρϐαραζᾶς
940 2925 1151 3000 ἐπῆλθε
1195 2929 1319 2983 κάκ’
1364 2927 1552 2985 αὐτοῦ.
1598 2923 2021 2998 Ἐπιλεξάμενος

365 3019 422 3077 δὲ
451 3022 480 3076 6
513 3017 771 3097 βασιλεὺς
815 3017 947 3087 ἲλην
1001 3022 1350 3094 στρατιωτῶν
1394 3013 1681 3072 ἀπέστειλε
1729 3013 2020 3093 φυλάττειν

366 3111 463 3172 τὰς
512 3110 650 3185 πρὸς
698 3109 860 3164 αὐτὸν
909 3107 1145 3186 ἀγούσας
1193 3105 1539 3182 κλεισούρας,
1589 3105 1679 3161 καὶ
1731 3104 1892 3167 αὐτὸς
1922 3104 2019 3165 τὰς

366 3199 507 3272 πρὸς
555 3196 859 3267 Ἀνατολήν
920 3195 1206 3270 ἐκδραμὼν
1262 3192 1537 3267 διεξόδους
1603 3195 2019 3270 ἀντιπρόσωπος

370 3283 458 3362 ᾔει
487 3291 603 3348 τοῖς
636 3280 960 3361 Βαρϐάροις,
1007 3284 1099 3341 καὶ
1149 3286 1385 3361 περάσας
1429 3285 1524 3340 τὸν
1568 3285 1821 3361 Νυμφίον
1849 3303 2018 3339 ποτα-

366 3375 471 3448 μὸν
496 3368 765 3431 κατέλαϐε
800 3376 893 3430 τὸν
939 3374 1245 3451 Εὐφράτην,
1294 3373 1349 3429 ἐν
1397 3374 1443 3448 ᾦ
1487 3376 1522 3443 ἡ
1571 3372 1783 3443 πλεκτὴ
1813 3373 2021 3453 γέφυρα

357 3462 420 3519 ἐκ
468 3464 727 3540 σχοινίων
777 3464 867 3519 καὶ
912 3463 1071 3540 ἐρίων
1117 3464 1211 3534 ἧν,
1252 3463 1320 3534 ἢν
1372 3463 1401 3518 6
1452 3457 1805 3539 Σαρϐαραζᾶς
1851 3461 2019 3524 λύσας

356 3553 448 3610 ἐπὶ
484 3555 585 3624 τήν
626 3552 810 3630 ἑτέραν
871 3560 975 3629 γῆν
1035 3557 1210 3609 πᾶσαν
1274 3554 1573 3630 μετήγαγε.
1641 3549 2020 3627 Παραδραμὼν

359 3640 417 3698 δὶ
446 3643 474 3698 6
510 3641 765 3719 βασιλεὺς
794 3644 889 3698 τὸν
920 3643 1168 3716 ποταμὸν
1198 3639 1321 3717 εὗρε
1349 3641 1544 3719 πόρον,
1574 3641 1667 3697 καὶ
1715 3637 2016 3703 ἀκινδύνως

347 3735 541 3788 τοῦτον
575 3730 801 3808 έπέρασε
828 3729 1149 3808 παραδόξως
1187 3734 1269 3802 τῷ
1321 3730 1551 3806 Μαρτίῳ
1602 3728 1756 3803 μηνί.
1790 3729 1895 3786 Καὶ
1924 3750 2017 3786 κα-

350 3817 606 3878 ταλαϐὼν
638 3821 705 3877 τά
730 3821 1046 3896 Σαμόσατα,
1101 3820 1269 3877 πάλιν
1317 3820 1412 3875 τὸν
1459 3823 1673 3895 Ταῦρον
1719 3814 1912 3884 διαϐάς
1936 3818 2014 3883 εἷς

356 3913 748 3985 Γερμανίκειαν
818 3910 1061 3993 ἀφίκετο,
1129 3910 1219 3966 καὶ
1296 3910 1532 3985 περάσας
1605 3912 1704 3980 τήν
1781 3907 2013 3966 ’Ἂδαναν

350 4000 519 4071 ἦλθεν
589 4000 668 4064 εἷς
735 4001 827 4056 τὸν
892 4002 1105 4076 Ταῦρον
1169 4000 1439 4073 ποταμόν.
1481 4000 1543 4056 Ὁ
1575 3996 1632 4054 δὶ
1663 3993 2012 4074 Σαρϐαραζᾶς

347 4092 449 4160 τήν
498 4090 736 4169 γέφυραν
796 4089 960 4146 πάλιν
1009 4087 1243 4152 ἐκτείνας
1299 4089 1390 4144 τὸν
1441 4087 1728 4166 Εὐφράτην
1787 4087 2014 4163 ἐπέρασε

350 4180 442 4235 καὶ
474 4180 778 4251 ἠκολούθει
807 4178 983 4236 ὀπίσω
1029 4178 1214 4237 αὐτοῦ.
1265 4180 1326 4237 Ὁ
1381 4177 1439 4234 Si
1490 4177 1744 4254 βασιλεὺς
1776 4180 2010 4254 περάσας

351 4270 444 4325 τὸν
514 4271 692 4347 Σάρον
752 4267 1075 4326 διανέπαυσε
1129 4270 1222 4326 τὸν
1283 4269 1531 4345 στρατὸν.
1587 4263 2009 4341 Καταλαμϐάνει

351 4355 408 4414 δὲ
460 4360 549 4416 καὶ
604 4360 633 4414 ὁ
691 4355 976 4437 Βάρϐαρος
1035 4359 1111 4422 εἷς
1160 4359 1224 4414 τὸ
1274 4357 1560 4433 ἀντίπεραν
1602 4355 1786 4432 μέρος.
1822 4357 2009 4432 Εύρων

351 4444 409 4503 δὲ
473 4449 568 4505 τὸν
632 4450 878 4521 ποταμὸν
946 4449 1038 4504 καὶ
1103 4451 1202 4520 τὴν
1243 4447 1479 4524 γέφυραν
1516 4446 1608 4502 καὶ
1644 4448 1713 4502 τὰ
1750 4445 1803 4502 ἐν
1862 4446 2013 4520 αὐτῷ

353 4536 669 4616 προπύργια
732 4540 1070 4615 κρατηθέντα
1138 4537 1242 4594 ὑπὸ
1301 4541 1410 4593 τῶν
1465 4536 1758 4610 Ῥωμαίων
1821 4535 2009 4608 ἠπλή·

351 4647 560 4687 κευσεν.
632 4629 700 4686 Οἱ
768 4625 827 4683 δὶ
891 4629 1158 4701 Ῥωμαῖοι
1221 4626 1467 4688 ἀτάκτως
1537 4626 1882 4703 ἐκτρέχοντες
1922 4623 2013 4682 8ιά

346 4722 449 4786 τῆς
506 4718 744 4793 γεφύρας
802 4714 978 4773 πολὺν
1037 4716 1200 4795 φόνον
1254 4714 1539 4771 ἐποιοῦντο
1594 4720 1836 4789 Περσῶν·
1870 4717 1950 4777 οἷς
1981 4717 2011 4771 6

351 4805 612 4882 βασιλεὺς
678 4806 911 4881 παρῄνει
984 4807 1061 4880 μή
1131 4804 1407 4881 ἐκτρέχειν
1474 4805 1741 4875 ἀτάκτως,
1812 4807 2013 4879 μήπῶς

2128 2313 2235 2368 per
2262 2298 2519 2352 Taurum
2568 2301 2832 2352 montem
2880 2295 2942 2351 in
2995 2296 3223 2368 Syriam
3277 2294 3442 2350 ducit
3480 2300 3783 2366 superato,

2131 2387 2384 2457 septimo
2417 2386 2513 2442 die
2544 2390 2680 2458 post
2706 2387 3062 2442 exhaustum
3092 2401 3375 2457 magnum
3415 2383 3682 2440 laborem
3712 2386 3788 2441 ad

2127 2477 2348 2550 Tigrim
2380 2476 2626 2533 ﬂuvium
2658 2477 2948 2550 pervenit.
2985 2476 3131 2532 Inde
3158 2492 3265 2547 per
3288 2474 3709 2547 Martyropolin
3734 2480 3796 2532 et

2129 2570 2401 2626 Amidam
2434 2570 2614 2627 urbes
2646 2571 2862 2627 itinere
2891 2570 3047 2626 facto
3081 2570 3409 2626 exercitum
3441 2573 3501 2623 et
3527 2570 3792 2641 captivos

2130 2660 2330 2731 quiete
2356 2660 2585 2717 refecit.
2617 2648 2883 2733 Indeque
2926 2660 3157 2715 litteras
3187 2660 3260 2714 de
3309 2658 3487 2715 rebus
3520 2659 3644 2714 suis
3675 2660 3789 2732 By-

2128 2751 2386 2806 zantium
2440 2752 2622 2819 misit,
2675 2769 2809 2823 qua:
2863 2768 3144 2824 magnum
3205 2751 3268 2805 in
3311 2749 3457 2804 urbe
3504 2750 3786 2821 gaudium

2130 2842 2554 2897 excitaverunt.
2589 2841 2905 2897 Sabarazas
2935 2857 3112 2912 porro
3162 2840 3442 2895 adversus
3488 2855 3623 2895 eum
3656 2843 3791 2895 ten-

2128 2930 2325 2987 debat.
2360 2930 2497 2986 Ideo
2521 2931 2824 3009 Heraclius
2846 2931 3025 2986 misso
3050 2930 3313 2986 militum
3336 2929 3570 3002 agmine
3593 2930 3789 2986 claus-

2128 3023 2240 3089 tra,
2276 3020 2494 3092 quibus
2542 3020 2617 3075 ad
2668 3037 2803 3076 eum
2855 3021 2970 3074 iter
3013 3024 3161 3087 erat,
3213 3035 3446 3073 servare
3492 3017 3702 3091 jubet;
3734 3022 3795 3074 et

2129 3108 2256 3179 ipse
2306 3124 2415 3179 per
2472 3109 2668 3163 exitus
2728 3107 3031 3179 profectus
3081 3107 3183 3178 qui
3231 3123 3436 3162 versus
3485 3107 3791 3161 Orientem

2129 3202 2288 3265 sunt,
2317 3196 2631 3252 adversum
2678 3212 2741 3252 se
2793 3196 3068 3252 Barbaris
3116 3195 3252 3250 fert.
3307 3197 3451 3250 Tum
3493 3194 3786 3267 Nympbio

2127 3301 2303 3341 amne
2336 3286 2582 3359 trajecto
2604 3285 2680 3341 ad
2700 3288 3040 3358 Euphraten
3067 3285 3355 3358 pervenit.
3375 3287 3515 3340 Erat
3535 3285 3583 3339 is
3604 3290 3786 3356 ponte

2127 3394 2200 3433 ex
2227 3375 2468 3433 funibus
2496 3382 2557 3431 et
2603 3376 2741 3432 lana
2787 3380 3064 3431 contexto
3110 3376 3402 3443 intratus;
3438 3390 3616 3445 quem
3650 3375 3786 3429 Sar-

2126 3466 2370 3523 barazas
2388 3465 2651 3522 solutum
2669 3466 2729 3520 in
2745 3466 2992 3523 alteram
3011 3469 3241 3537 partem
3254 3469 3442 3519 totum
3459 3464 3786 3523 transtulit.

2048 3582 2092 3649 ο
2130 3557 2423 3612 Cmterum
2457 3557 2763 3612 Heraclius
2794 3554 3007 3611 vadum
3059 3554 3325 3611 ﬂuminis
3370 3553 3609 3625 reperit,
3642 3552 3786 3609 dum

2132 3646 2207 3701 ad
2238 3646 2431 3719 ripam
2475 3646 2607 3719 ejus
2656 3646 2954 3702 decurrit:
2999 3646 3200 3716 itaque
3255 3648 3471 3715 praeter
3517 3643 3788 3699 omnium

2132 3737 2478 3808 opinionem
2509 3737 2852 3809 Euphraten
2897 3736 3110 3792 transit
3149 3751 3351 3790 mense
3383 3734 3606 3788 Martio.
3646 3734 3787 3789 Inde

2129 3830 2433 3901 occupatis
2464 3828 2787 3884 Samosatis
2816 3845 3055 3884 rursum
3098 3829 3354 3883 Taurum
3389 3826 3540 3881 726
3572 3826 3789 3881 transit

2131 3922 2190 3972 et
2219 3919 2653 3974 Germaniciani
2685 3918 2972 3990 pervenit,
3007 3917 3331 3987 Adanaque
3370 3920 3679 3987 peragrata
3709 3916 3786 3970 ad

2129 4008 2385 4063 Taurum
2457 4024 2697 4063 amnem
2771 4007 3020 4063 accedit.
3104 4007 3350 4061 Interim
3436 4003 3783 4060 Sarbarazas

2130 4112 2391 4165 rursum,
2422 4102 2602 4169 ponte
2634 4102 2894 4167 extento,
2926 4097 3266 4168 Euphraten
3307 4095 3528 4167 trajicit
3568 4097 3785 4151 Roma-

2129 4202 2358 4258 nosque
2416 4186 2774 4258 insequitur.
2838 4187 3167 4258 Imperator
3227 4185 3369 4241 Saro
3438 4185 3786 4240 transmisso

2130 4276 2458 4332 exercitum
2505 4276 2704 4347 quiete
2757 4275 3001 4331 relaxat.
3054 4275 3229 4331 Venit
3275 4279 3335 4330 et
3374 4274 3669 4331 Barbarus
3711 4276 3786 4330 ad

2126 4366 2377 4422 alteram
2399 4366 2667 4422 ﬂuminis
2683 4371 2934 4437 partem,
2955 4382 3212 4437 cumque
3233 4369 3506 4420 cerneret
3521 4380 3784 4435 amnem,

2128 4460 2371 4528 pontem
2403 4460 2463 4511 et
2479 4455 2927 4528 propugnacula
2942 4455 3004 4509 in
3027 4470 3095 4511 eo
3118 4471 3153 4510 a
3172 4454 3453 4509 Romanis
3475 4460 3782 4525 occupata,

2125 4549 2321 4600 castra
2350 4544 2566 4615 posuit.
2601 4543 2850 4600 Romani
2889 4561 3064 4616 porro
3115 4543 3512 4615 incomposito
3545 4544 3783 4615 agmine

2124 4650 2233 4706 per
2263 4638 2506 4704 pontem
2538 4638 2922 4690 excurrentes
2952 4632 3175 4689 multos
3225 4634 3437 4689 Persas
3468 4632 3785 4689 interfece-

2123 4728 2286 4791 runt,
2307 4723 2712 4795 nequidquam
2734 4723 3092 4795 imperatore
3113 4727 3394 4779 monente
3418 4739 3490 4778 ne
3514 4723 3597 4778 ita
3616 4723 3783 4780 nullo

2125 4813 2333 4868 ordine
2364 4819 2750 4885 evagarentur
2778 4819 2958 4885 atque
3006 4812 3243 4869 insidiis
3273 4829 3336 4869 se
3386 4813 3647 4869 hostium
3678 4831 3784 4869 ex-

342 4895 600 4972 γένωνται
629 4899 750 4958 τοῖς
783 4894 1046 4958 ἐναντίοις
1078 4892 1225 4957 ὁδός.
1261 4895 1330 4953 Ο⁹ι
1363 4892 1410 4951 δ’
1458 4895 1559 4952 οὐκ
1586 4893 1886 4965 ἐπείθοντο,
1917 4895 2008 4951 καὶ

2126 4908 2432 4974 ponerent.
2465 4904 2670 4975 Itaque
2702 4921 2825 4960 non
2856 4903 3046 4960 multo
3069 4908 3203 4975 post
3230 4920 3265 4958 a
3284 4903 3481 4957 Persis
3511 4919 3619 4973 per
3639 4902 3781 4957 insi-

347 4987 466 5057 μετ’
497 4985 560 5040 οὐ
592 4984 738 5041 πολὺ
763 4983 915 5051 δίκθν
938 4980 1118 5042 ἔτισαν
1138 4992 1241 5056 τῆς
1265 4992 1573 5061 παρακοῆς,
1593 4990 1691 5041 τοῦ
1722 4981 2009 5061 Βαρϐάρου

2126 4990 2249 5048 dias
2281 4992 2671 5049 circumventi
2698 5010 2904 5065 pamas
2930 5010 3053 5049 sum
3084 4991 3476 5048 contumaciae
3496 5007 3566 5046 ac
3596 4996 3778 5048 teme-

340 5072 561 5147 ἐνέδρας
593 5075 711 5130 κατ’
761 5074 939 5131 αὐτῶν
989 5076 1388 5149 ποιησαμένου.
1420 5075 1528 5140 Οἷὶς
1557 5075 1586 5130 6
1620 5074 1876 5153 βασιλεὺς
1906 5075 2007 5130 ἕως

341 5164 525 5238 ράκὼς
580 5161 1017 5239 ἀναιρουμένους
1093 5163 1529 5238 συνεπημύνατο.
1591 5165 1757 5238 Ἀνὴρ
1814 5160 1872 5219 δὲ
1922 5185 2007 5227 τις

337 5258 684 5329 γιγαντιαῖος
717 5253 881 5328 μέσον
913 5261 1017 5324 τῆς
1064 5254 1303 5335 γεφύρας
1358 5258 1441 5328 τῷ
1501 5253 1722 5331 βασιλεῖ
1750 5256 2008 5326 συναντή-

335 5364 434 5407 σας
488 5338 848 5421 προσέϐαλεν’
908 5344 967 5401 ὃν
1025 5346 1114 5401 καὶ
1177 5347 1412 5419 πατάξας
1462 5347 1490 5401 6
1554 5344 1810 5423 βασιλεὺς
1839 5344 1890 5401 ἐν
1923 5349 2005 5420 τῷ

338 5433 543 5511 ῥείθρῳ
574 5429 818 5513 ἔρριψεν.
854 5434 932 5493 Οὗ
965 5434 1245 5506 πεσόντος,
1305 5436 1359 5491 οἱ
1417 5433 1693 5512 Βάρϐαροι
1720 5435 1796 5498 εἷς
1829 5436 2004 5515 φυγήν

331 5522 661 5600 ἐτράπησαν,
718 5524 810 5580 καὶ
866 5529 948 5598 τῷ
1010 5529 1276 5599 στενωπῷ
1337 5528 1436 5595 τῆς
1490 5526 1724 5605 γεφύρας
1781 5524 1858 5588 εἷς
1904 5525 1999 5581 τὸν

330 5615 583 5688 ποταμὸν
632 5613 1010 5693 έῤῥιπτοῦντο.
1066 5614 1272 5675 Ἀλλοι
1331 5613 1389 5671 δὶ
1442 5616 1643 5698 ξίφεσιν
1677 5616 1998 5693 ἀνῃροῦντο,

325 5708 429 5760 τοῦ
485 5703 759 5781 βασιλέως
813 5706 932 5780 μετ’
989 5704 1195 5784 ὀλίγων
1250 5710 1413 5762 τινῶν
1471 5705 1731 5783 γενναίως
1775 5707 1995 5782 ἀπομα-

327 5792 581 5872 χομένου
646 5793 780 5871 ὁπὶρ
848 5791 1156 5875 ἄνθρωπον,
1223 5796 1299 5861 ὡς
1365 5794 1456 5854 καὶ
1512 5795 1604 5855 τὸν
1636 5791 1990 5876 Σαρϐαραζᾶν

2119 5082 2311 5139 ritatis
2343 5082 2655 5140 dederunt.
2692 5084 2821 5156 Ipse
2853 5089 2994 5140 tunc
3024 5083 3348 5154 imperator
3368 5081 3492 5136 suis
3523 5081 3583 5135 in
3613 5082 3773 5151 peri-

2118 5174 2252 5230 culo
2282 5174 2623 5230 constitutis
2654 5191 2828 5247 opem
2861 5174 3015 5242 tulit,
3050 5191 3118 5228 ac
3157 5170 3474 5244 quemdam
3513 5170 3773 5243 giganti—

2113 5262 2366 5320 formem
2398 5265 2460 5319 in
2495 5264 2683 5320 medio
2714 5264 2914 5336 pontis
2954 5277 3152 5318 secum
3198 5277 3581 5333 congressum
3611 5260 3773 5317 feriit

2115 5353 2358 5427 inquem
2382 5355 2777 5427 proﬂuentem
2800 5351 3152 5408 deturbavit.
3178 5349 3358 5422 Cujus
3389 5366 3529 5406 casu
3552 5349 3769 5423 reliqui

2113 5444 2293 5500 etiam
2321 5443 2561 5500 Barbari
2592 5443 2784 5499 territi
2815 5460 2953 5498 cum
2998 5441 3197 5513 fugam
3241 5441 3525 5508 facerent,
3565 5440 3767 5496 obsis-

2111 5538 2271 5589 tente
2298 5534 2496 5607 pontis
2526 5534 2819 5606 angustia,
2851 5532 2951 5589 alii
2993 5532 3055 5586 in
3099 5547 3338 5586 amnem
3388 5531 3624 5604 dejecti,
3658 5532 3761 5587 alii

2104 5623 2320 5697 gladiis
2374 5623 2672 5680 interfecti
2745 5627 2905 5679 sunt.
2967 5623 3296 5693 Imperator
3366 5637 3434 5677 eo
3488 5626 3758 5694 tempore

2103 5713 2309 5787 paucis
2340 5711 2695 5786 quibusdam
2723 5711 2975 5785 stipatus
3019 5726 3276 5784 pugnam
3321 5709 3486 5781 obiit,
3519 5710 3759 5769 fortitu-

2102 5803 2242 5871 dine
2299 5819 2481 5881 quarn
2535 5818 2644 5877 pro
2709 5802 2969 5862 hominis
3026 5804 3240 5858 natura
3298 5802 3548 5876 majore,
3602 5798 3753 5860 adeo
