4120 6428
310 445 431 505 ’195
1703 444 2024 507 GEORGII
2069 449 2408 512 CEDRENI
3616 454 3738 514 796

319 574 560 649 quidem
629 577 698 630 ut
761 574 1109 630 Sarbarazas
1190 573 1586 631 admiratione
1660 573 1970 647 perculsus

2091 575 2423 656 ἐκπλαγῆναι
2449 582 2538 637 καὶ
2569 583 2708 658 πρὸς
2735 603 2857 638 τινα
2884 584 3209 659 Μαγαρίτην
3239 582 3407 639 εἰπεῖν
3433 584 3565 655 (47)’
3599 586 3744 657 Θρᾷς

318 666 557 723 cuidam
588 666 883 735 Magaritze
907 665 1118 721 dixerit
1144 683 1156 720 :
1192 666 1466 735 Videsne,
1490 685 1523 722 ο
1544 668 1975 737 Cosma,Caasa-

2091 668 2170 722 τὸν
2202 669 2467 746 Καίσαρα,
2526 672 2571 726 ὧ
2629 675 2847 746 Κοσμᾶ,
2905 676 3025 735 πῶς
3076 670 3273 748 Θρασὺς
3327 671 3465 747 πρὸς
3496 671 3595 739 τὴν
3632 670 3738 744 μέ-

316 773 447 811 rem
465 755 943 827 ‘IAgnoscebatur
965 760 1161 809 autem
1194 755 1527 827 insignibus
1550 758 1971 829 imperatoriis.

317 845 549 909 Quanta
605 844 655 898 is
711 844 959 899 audacia
1015 844 1289 915 praelium
1351 846 1641 913 subsistit,
1692 847 1974 918 solusque

316 942 526 993 contra
557 942 780 991 tantam
811 936 1257 1009 multitudinem
1290 942 1522 993 certat?
1552 941 1669 994 Nox
1702 958 1976 1012 superve—

318 1027 492 1082 niens
523 1026 795 1097 prmlium
831 1027 971 1081 727
1011 1026 1253 1082 diremit
1306 1028 1599 1084 Barbarus
1629 1035 1826 1086 autem
1859 1033 1970 1089 sibi

318 1120 589 1169 metuens
646 1118 805 1167 retro
865 1114 1030 1169 abiit.
1090 1116 1419 1186 Imperator
1472 1134 1646 1188 porro
1704 1135 1842 1175 suos
1900 1121 1975 1176 ad

318 1202 657 1258 Sebasteam
711 1202 973 1268 adducit,
1010 1220 1078 1259 ac
1136 1206 1384 1276 trajecto
1418 1206 1562 1279 Haly
1593 1207 1863 1277 ﬂumine,
1892 1211 1973 1265 ibi

316 1291 559 1346 hiemat.
617 1292 690 1345 At
745 1291 1035 1347 Chosroes
1101 1292 1336 1349 insania
1410 1295 1670 1365 percitus
1727 1295 1978 1354 donaria

314 1380 582 1436 omnium
608 1380 995 1436 ecclesiarum
1019 1397 1150 1451 quae
1173 1382 1281 1437 sub
1302 1384 1499 1438 Persis
1521 1391 1689 1440 erant
1709 1384 1973 1454 abstulit;

308 1475 492 1541 utque
524 1470 796 1527 Heraclio
819 1487 973 1543 segre
997 1471 1242 1538 faceret,
1265 1472 1631 1529 Christianos
1662 1492 1869 1532 omnes
1901 1476 1975 1532 ad

305 1561 653 1615 societatem
683 1559 1047 1615 Nestorianaa
1078 1560 1385 1632 religionis
1419 1562 1663 1635 redegit.

388 1737 561 1791 Anno
594 1735 824 1791 decimo
857 1741 1044 1803 sexto,
1077 1737 1365 1793 Chosroes
1404 1755 1622 1795 novum
1654 1741 1978 1796 conscribit

320 1827 648 1882 exercitum
697 1826 771 1881 de
816 1828 1168 1899 peregrinis,
1202 1829 1426 1884 civibus
1457 1835 1516 1885 et
1543 1832 1750 1898 servis,
1782 1833 1978 1887 omni-

2078 776 2188 832 χην
2216 755 2433 814 ’ίστασαι
2486 761 2573 815 καὶ
2634 761 2770 836 πρὸς
2824 766 3083 816 τοσοῦτον
3142 762 3360 830 πλῆθος
3394 759 3562 832 μόνος
3593 759 3744 834 ἀγω-

2077 845 2274 915 νίζεται
2308 867 2322 917 ;
2356 850 2451 905 Ἐκ
2480 850 2584 926 γὰρ
2631 856 2742 905 τῶν
2777 850 3079 925 βασιλικῶν
3113 851 3199 923 [Ρ.
3232 851 3359 923 415]
3391 851 3738 924 παρασήμων

2081 933 2424 1012 ὲγνωρίζετο.
2486 935 2921 1009 Καταλαϐούσης
2982 937 3039 993 δὲ
3096 942 3197 1004 τῆς
3256 934 3483 1012 ἑσπέρας
3518 938 3609 992 ἀπ’
3634 936 3738 993 ἆλ-

2082 1022 2273 1096 λήλων
2308 1025 2611 1098 διέστησαν,
2669 1029 2760 1083 καὶ
2820 1030 2847 1083 ὁ
2904 1024 3190 1103 Βάρϐαρος
3227 1024 3491 1105 φοϐηθεὶς
3520 1025 3609 1082 διὰ
3638 1033 3742 1096 τῆς

2078 1117 2268 1181 νυκτὸς
2320 1118 2398 1180 εἵς
2454 1117 2700 1174 τοὺπίσω
2757 1117 3103 1192 ὑπέστρέψεν,
3137 1119 3165 1172 6
3201 1116 3256 1173 δὲ
3311 1116 3565 1192 βασιλεὺς
3603 1117 3743 1190 μετὰ

2078 1210 2175 1261 τοῦ
2234 1204 2370 1262 λαοῦ
2417 1208 2584 1264 αὐτοῦ
2634 1210 2771 1284 πρὸς
2828 1204 3152 1264 Σεϐάστειαν
3209 1208 3459 1284 ὥρμησε,
3505 1208 3593 1263 καὶ
3651 1207 3746 1262 τὸν

2080 1295 2253 1352 ’Ἀλυν
2302 1298 2539 1373 περάσας
2606 1300 2720 1354 ἐχει
2776 1297 3200 1373 παρεχείμασεν.
3257 1298 3319 1355 Ὀ
3376 1295 3433 1352 δὲ
3492 1296 3748 1371 Χοσρόης

2084 1387 2269 1459 μανεὶς
2299 1381 2466 1443 ἔλαϐε
2518 1388 2586 1443 τὰ
2641 1385 2909 1462 κειμήλια
2968 1391 3157 1442 πασῶν
3215 1391 3325 1441 τῶν
3379 1386 3484 1441 ὒπὸ
3537 1385 3747 1460 Πέρσας

2081 1474 2416 1547 ἐκκλησιῶν,
2456 1477 2547 1532 καὶ
2604 1478 2879 1551 ἠνάγκαζε
2934 1477 3062 1539 τοὺς
3126 1474 3489 1551 Χριστιανοὺς
3545 1495 3747 1530 κοινω-

2079 1572 2239 1635 νῆσαι
2296 1570 2365 1641 τῇ
2433 1571 2531 1622 τοῦ
2607 1565 2901 1641 Νεστορίου
2962 1566 3227 1640 θρησκείᾳ
3285 1567 3421 1640 (4-8),
3478 1564 3617 1640 πρὸς
3670 1563 3737 1619 τὸ

2081 1654 2287 1725 πλῆξαι
2318 1656 2410 1712 τὸν
2449 1654 2693 1732 βασιλέα.

2151 1749 2243 1817 Τῷ
2279 1746 2343 1809 ις’
2394 1739 2523 1813 ἔτει,
2584 1746 2612 1800 6
2669 1744 2921 1821 Χοσρόης
2979 1745 3099 1800 νέαν
3157 1742 3457 1815 ἐποιήσατο
3489 1743 3746 1815 στρατιὰν

2079 1835 2187 1890 ἀπό
2240 1857 2299 1890 τε
2347 1836 2511 1906 ξένων
2571 1835 2962 1895 καῖ,πολιτῶν
3014 1835 3106 1890 καὶ
3164 1835 3388 1890 οἰκετῶν
3421 1835 3511 1889 καὶ
3540 1833 3743 1894 παντὸς

317 1934 431 1988 que
455 1918 764 1973 hominum
814 1925 990 1973 sorte.
1024 1920 1107 1973 Ex
1136 1919 1229 1974 his
1274 1921 1538 1975 delectos
1564 1921 1741 1978 Saino
1760 1922 1978 1978 ducen-

2091 1921 2295 2002 γένους,
2364 1927 2466 1983 Καὶ
2526 1923 2587 1981 ὲκ
2642 1925 2857 1981 τούτων
2922 1920 3272 1997 ἔκλεξάμενος
3326 1923 3414 1977 καὶ
3474 1927 3552 1994 τῷ
3611 1922 3742 1976 Σαῗν

318 2005 423 2061 dos
457 2007 721 2075 mandat,
752 2006 968 2062 additis
1007 2008 1079 2063 de
1129 2009 1365 2064 Sarbari
1398 2012 1661 2066 exercitu
1690 2012 1759 2066 50
1788 2012 1973 2067 milli-

314 2095 445 2164 bus,
480 2113 629 2167 quos
663 2101 722 2151 et
751 2096 1181 2169 Chrysolochas
1213 2100 1504 2168 nominat,
1534 2101 1702 2171 quasi
1724 2118 1970 2157 aureum

317 2203 550 2258 agmen,
579 2203 836 2257 eumque
858 2187 1139 2243 adversus
1162 2189 1499 2244 Heraclium
1521 2191 1723 2245 mittit.
1758 2192 1972 2246 Sarba-

313 2292 446 2329 rum
481 2292 618 2330 eum
650 2275 899 2346 reliquis
930 2277 1115 2347 copiis
1136 2277 1209 2332 ad
1231 2278 1440 2349 Cpolin
1466 2279 1762 2350 proﬁcisci
1781 2279 1973 2350 jubet,

315 2369 383 2418 ut
412 2364 577 2418 initis
607 2364 795 2435 pactis
826 2381 960 2419 cum
1007 2367 1236 2421 Hunnis
1267 2367 1754 2437 occidentalibus,
1788 2370 1888 2440 qui
1919 2375 1978 2424 et

315 2456 534 2508 Avares
562 2453 970 2523 nominantur,
997 2472 1064 2510 ac
1096 2456 1348 2512 Slavinis
1383 2463 1441 2512 et
1470 2458 1731 2530 Gepidis,
1763 2459 1971 2514 urbem

316 2543 591 2598 obsidere
649 2548 826 2614 atque
880 2561 1222 2617 oppugnare
1280 2553 1463 2604 curet.
1523 2550 1622 2603 His
1678 2550 1975 2621 perceptis

318 2631 624 2687 Heraclius
652 2632 713 2687 in
745 2639 865 2688 tres
920 2640 1120 2705 partes
1177 2653 1349 2691 suum
1382 2639 1712 2694 exercitum
1745 2639 1970 2695 dividit.

318 2723 539 2779 Harum
565 2740 751 2780 unam
780 2725 913 2779 urbi
946 2726 1221 2796 praesidio
1264 2728 1469 2798 mittit,
1503 2729 1754 2784 alteram
1784 2730 1971 2784 Theo-

317 2811 461 2868 doro
498 2814 675 2869 fratre
708 2831 815 2869 suo
847 2814 995 2870 duce.
1028 2816 1309 2873 adversus
1339 2820 1580 2874 Sainum
1611 2836 1738 2874 rem
1769 2837 1973 2891 gerere

312 2901 522 2972 jubet:
565 2904 691 2973 ipse
752 2919 888 2958 eum
950 2906 1126 2960 tertia
1180 2907 1456 2963 Lazorum
1513 2909 1802 2964 ditionem
1826 2910 1975 2980 petit

319 2993 764 3061 Turcorumque
797 2993 1199 3064 orientalium,
1234 3014 1382 3066 quos
1431 3002 1490 3051 et
1536 2999 1823 3054 Chazaros
1872 3016 1973 3070 ap-

321 3079 571 3151 pellant,
614 3081 837 3137 auxilia
893 3083 1097 3137 ambit.
1156 3086 1364 3140 Sainus
1421 3103 1555 3141 cum
1610 3089 1835 3144 recenti
1870 3105 1976 3143 suo

321 3170 587 3224 exercitu
619 3170 680 3224 in
711 3170 1081 3227 Theodorum
1129 3175 1380 3230 lleraclii
1430 3176 1672 3231 fratrem
1704 3177 1977 3233 incidens

319 3258 394 3314 ad
424 3274 682 3329 pugnam
715 3276 779 3314 se
809 3266 995 3331 parat.
1020 3263 1145 3327 Qua
1175 3269 1449 3320 conserta
1472 3266 1856 3337 impetratum
1888 3270 1979 3320 est

320 3348 423 3403 Dei
453 3349 738 3403 auxilium
769 3350 1035 3421 Deipara:
1070 3351 1518 3423 intercessione,
1552 3355 1633 3410 ita
1661 3361 1726 3409 ut
1754 3354 1979 3427 grando

321 3437 634 3508 inOpinata
656 3438 715 3493 in
740 3439 1029 3494 Barbaros
1050 3440 1381 3497 deferretur
1404 3443 1743 3514 multosque
1773 3458 1981 3498 eorum

324 3527 478 3582 728
510 3527 735 3591 feriret,
770 3544 905 3583 cum
939 3530 1181 3584 interim
1234 3531 1429 3586 omnis
1470 3533 1840 3604 tempestatis
1872 3548 1978 3588 ex-

322 3632 461 3685 pers
490 3621 649 3671 esset
678 3619 981 3673 Romanus
1006 3619 1323 3675 exercitus.
1346 3620 1485 3675 Fusi
1506 3637 1575 3676 eo
1598 3621 1804 3693 praelio
1840 3628 1983 3677 sunt

322 3720 357 3758 a
387 3703 671 3760 Romanis
702 3707 917 3771 Persae,
952 3723 1286 3779 magnaque
1342 3709 1511 3765 clade
1554 3711 1772 3766 affecti.
1806 3711 1983 3767 Chos-

324 3808 460 3847 roes
494 3809 562 3847 ea
593 3792 663 3847 de
689 3809 870 3849 causa
886 3811 1122 3866 gravem
1147 3797 1206 3851 in
1230 3798 1473 3853 Sainum
1503 3799 1652 3854 iram
1684 3800 1979 3872 concepit;

327 3887 504 3951 atque
538 3882 632 3937 hic
662 3900 783 3953 prm
816 3900 1068 3939 mmrore
1111 3886 1173 3941 in
1222 3887 1495 3942 morbum
1529 3888 1759 3956 incidit,
1794 3906 1982 3961 eoque

337 3980 429 4030 est
457 3976 850 4032 exanimatus.
880 3978 943 4033 In
972 3979 1221 4035 cadaver
1263 3981 1553 4037 Chosroes
1572 3983 1748 4038 variis
1780 3989 1984 4039 contu-

323 4065 521 4120 meliis
546 4065 1137 4123 desaaviitCaeterum
1160 4069 1420 4136 Chazari,
1436 4073 1735 4144 perruptis
1757 4073 1982 4144 Caspiis

325 4154 533 4224 portis,
566 4155 628 4209 in
658 4156 965 4212 Persidem
1000 4158 1456 4229 impressionem
1492 4161 1739 4232 faciunt,
1770 4162 1834 4217 in
1863 4164 1980 4217 Au-

325 4242 557 4316 droegae
588 4244 913 4318 regionem,
947 4247 1095 4303 duce
1126 4249 1392 4314 Zebeelo,
1416 4251 1517 4321 qui
1549 4251 1834 4324 dignitate
1856 4257 1983 4307 erat

325 4349 357 4388 a
380 4334 654 4407 Chagano
678 4337 1003 4407 proximus.
1028 4339 1393 4410 Quacunque
1416 4356 1517 4395 eos
1538 4342 1799 4412 impetus
1821 4341 1978 4410 tulit,

323 4425 534 4480 Persas
565 4426 826 4496 captivos
864 4427 1187 4498 abducunt,
1219 4446 1400 4501 pagos
1447 4431 1743 4502 urbesque
1772 4432 1978 4486 incen-

326 4511 492 4568 dunt.
528 4514 629 4569 His
661 4515 966 4570 Heraclius
993 4533 1063 4572 ex
1096 4518 1253 4573 Lazis
1286 4536 1525 4575 movens
1556 4521 1836 4587 occurrit,
1860 4525 1982 4575 est-

326 4618 441 4673 que
500 4620 636 4659 eum
696 4620 802 4659 suo
862 4607 1122 4662 exercitu
1179 4609 1475 4680 peramice
1525 4614 1585 4665 et
1632 4611 1904 4665 hilariter
1945 4627 1982 4665 a

2082 2012 2358 2088 παραδοὺς
2418 2020 2732 2093 στρατηγῷ,
2795 2012 2973 2076 ἄλλας
3027 2034 3087 2069 τε
3134 2015 3176 2068 ν’
3224 2009 3486 2087 χιλιάδας
3539 2009 3598 2066 ἐκ
3641 2013 3745 2075 τῆς

2083 2102 2365 2183 φάλαγγος
2425 2104 2521 2160 τοῦ
2584 2099 2870 2180 Σαρϐάρου
2917 2104 3132 2163 τούτοις
3190 2104 3441 2175 συνῆψεν,
3503 2098 3597 2161 οὕς
3654 2097 3746 2154 καὶ

2082 2192 2453 2268 Χρυσολὸχας
2505 2194 2786 2267 ὠνόμασε,
2836 2192 2924 2247 καὶ
2976 2193 3112 2247 κατὰ
3168 2195 3266 2247 τοῦ
3322 2185 3592 2266 βασιλέως
3636 2189 3743 2244 ἀπ-

2084 2282 2313 2338 έστειλε·
2345 2284 2452 2340 Τὸν
2515 2281 2573 2338 δὲ
2627 2277 2907 2358 Σάρϐαρον
2963 2281 3054 2336 σὺν
3111 2286 3230 2343 τοῖς
3294 2279 3517 2341 λοιποῖς
3576 2276 3744 2333 αὐτοῦ

2084 2372 2447 2447 στρατεύματι
2539 2373 2675 2428 κατὰ
2766 2369 3396 2430 Κωνσταντινουπόλεως
3485 2362 3746 2442 ἔπεμψεν,

2084 2464 2235 2524 ὃπως
2261 2467 2379 2525 τοῖς
2413 2462 2472 2517 ἐκ
2512 2462 2722 2524 Δύσεως
2776 2460 3023 2534 Οῧννοις,
3084 2460 3178 2522 οὕς
3235 2460 3325 2514 καὶ
3383 2454 3621 2531 Ἀϐαρας
3648 2477 3745 2511 κα·

2086 2549 2266 2621 λοῦσι,
2303 2550 2438 2624 μετὰ
2463 2550 2555 2605 καὶ
2589 2545 2910 2605 Σθλαϐίνων
2939 2548 3031 2605 καὶ
3078 2546 3339 2619 Γηπέδών
3371 2548 3746 2624 συμφωνήσας

2084 2641 2223 2694 κατά
2249 2646 2351 2709 τῆς
2404 2638 2625 2701 πόλεως
2683 2641 2989 2715 χιυρήσωσι
3046 2638 3134 2692 καὶ
3187 2636 3388 2707 ταύτην
3421 2633 3738 2709 πολιορκή-

2087 2751 2242 2787 σωσι.
2276 2729 2442 2792 Γνοὺς
2475 2726 2532 2784 δὲ
2558 2734 2722 2784 τοῦτο
2783 2730 2810 2784 6
2876 2725 3129 2804 βασιλεὺς
3168 2726 3259 2781 τὸν
3294 2727 3487 2781 ἑαυτοῦ
3519 2724 3745 2799 στρατὸν

2086 2818 2162 2881 εἷς
2214 2824 2362 2893 τρεῖς
2418 2815 2707 2892 διαιρέσεις
2755 2816 3012 2893 ἐχώρισε,
3069 2815 3160 2871 καὶ
3215 2816 3343 2877 τοὺς
3381 2816 3475 2887 μὲν
3505 2810 3745 2887 ἔπεμψεν

2087 2906 2164 2970 εἰς
2193 2904 2445 2982 φυλακὴν
2474 2912 2576 2975 τῆς
2607 2904 2847 2973 πόλεως,
2875 2903 3004 2965 τοὺς
3051 2900 3109 2958 δὲ
3157 2899 3433 2977 παραδοὺς
3477 2897 3748 2974 Θεοδώρῳ

2086 2998 2166 3066 τῷ
2196 2992 2418 3073 ἀδελφῷ
2461 2994 2628 3049 αὐτοῦ
2681 2994 2818 3048 κατά
2870 2992 2968 3048 τοῦ
3027 2993 3152 3047 Σαῒν
3185 2990 3448 3062 πολεμεῖν
3479 2985 3747 3045 ἐκέλευσε.

2085 3084 2162 3141 Τὸ
2193 3082 2251 3139 δὲ
2277 3084 2463 3157 τρίτον
2496 3082 2658 3156 μέρος
2699 3081 2860 3143 αὐτὸς
2894 3076 3078 3137 λαϐὼν
3130 3081 3218 3135 ἐπὶ
3250 3080 3489 3149 Λαζικὴν
3521 3076 3743 3156 ἐχώρει,

2086 3173 2178 3229 καὶ
2234 3175 2361 3234 τοὺς
2416 3172 2699 3248 Τούρκους
2754 3179 2854 3240 τῆς
2918 3171 3110 3243 Ἐῲας,
3172 3170 3264 3230 οὕς
3322 3168 3411 3223 καὶ
3470 3167 3747 3242 Χαζάρους

2092 3262 2476 3335 ὀνομάζουσιν,
2534 3261 2612 3323 εἷς
2670 3260 2992 3338 συμμαχίαν
3046 3259 3249 3315 ἐκάλει.
3282 3258 3343 3313 Ὀ
3394 3254 3452 3312 δὲ
3496 3257 3623 3312 Σαῗν
3654 3256 3749 3310 σὺν

2010 3328 2054 3394 C
2091 3356 2171 3423 τῷ
2195 3328 2474 3423 νεολέκτιρ
2503 3354 2717 3424 στρατῷ
2741 3328 2840 3405 *τδν
2869 3328 2987 3404 ’τοῦ
3039 3347 3309 3425 βασιλέως
3349 3344 3586 3425 ἀδελφὸν
3619 3346 3751 3401 Θεό-

2092 3438 2269 3518 δωρον
2323 3438 2574 3496 καταλὼν
2634 3440 2771 3514 πρὸς
2826 3439 3072 3511 πόλεμον
3142 3436 3446 3493 ὡπλίσατο.
3516 3438 3630 3493 Τοῦ
3691 3431 3749 3489 δὲ

2090 3535 2223 3585 Θεοῦ
2276 3527 2368 3584 διὰ
2422 3525 2726 3604 πρεσϐειῶν
2787 3535 2888 3598 τῆς
2947 3527 3214 3583 Θεοτόκου
3298 3526 3744 3601 συνεργήσαντος,

2087 3616 2342 3692 πολέμου
2397 3616 2766 3690 κροτηθέντος
2821 3618 3043 3692 χάλαζα
3097 3613 3422 3691 παραδόξως
3466 3615 3603 3669 κατὰ
3634 3618 3745 3668 τῶν

2090 3703 2389 3784 Βαρϐάρων
2420 3708 2734 3782 κατηνέχθη
2783 3706 2874 3761 καὶ
2921 3704 3169 3766 πολλοὺς
3229 3704 3404 3760 αὐτῶν
3459 3703 3740 3773 ἐπάταξεν,

2088 3800 2125 3868 ἠ
2186 3795 2243 3853 δὲ
2297 3798 2405 3852 τῶν
2462 3795 2756 3871 Ῥωμαίων
2808 3796 3103 3872 παράταξις
3157 3793 3408 3867 γαλήνης
3437 3790 3743 3864 ἀπήλαυσε.

2092 3888 2365 3961 Τρέπουσι
2431 3885 2489 3942 δὲ
2542 3889 2813 3961 Ῥωμαῖοι
2867 3884 2997 3947 τοὺς
3056 3884 3282 3960 Πέρσας,
3328 3885 3419 3939 καὶ
3463 3884 3747 3958 ἀναιροῦσι

2091 3976 2281 4048 πλήθη
2321 3975 2530 4034 πολλά.
2589 3978 2765 4050 ’Ὸπερ
2824 3973 3011 4049 μαθὼν
3068 3974 3097 4028 6
3155 3972 3411 4046 Χοσρόης
3470 3966 3748 4047 ὅργίζεται

2089 4067 2225 4123 κατὰ
2259 4070 2357 4121 τοῦ
2392 4067 2541 4135 Σαῖν,
2591 4065 2650 4127 ὃς
2708 4063 2768 4119 ἐκ
2798 4060 3019 4132 πολλῆς
3079 4060 3314 4134 ἀθυμίας
3355 4060 3498 4133 νόσῳ
3523 4079 3750 4133 περιπε-

2092 4158 2200 4212 σὼν
2256 4154 2503 4225 τελευτᾷ.
2561 4153 2778 4211 Τούτου
2832 4151 2925 4207 τὸν
2981 4151 3168 4225 νεκρὸν
3216 4149 3466 4224 Χοσρόης
3505 4144 3749 4210 πολλαῖς

2090 4245 2295 4307 αἰκίαις
2354 4237 2646 4298 ὑπέϐαλεν.
2703 4242 2766 4295 Οἱ
2816 4238 2874 4295 δὲ
2930 4240 3169 4315 Χάζαροι
3226 4235 3614 4314 διαρρήξαντες
3651 4235 3748 4297 τὰς

2090 4334 2335 4397 Κασπίας
2362 4333 2539 4395 πύλας
2589 4336 2658 4407 τῇ
2716 4328 2937 4406 Περσίδι
2993 4326 3376 4385 εἰσϐάλλουσιν
3405 4327 3459 4384 ἐν
3489 4331 3558 4401 τῇ
3589 4328 3753 4406 χώρᾳ

2086 4429 2183 4480 τοῦ
2214 4421 2517 4499 Ἀνδροηγᾶ
2555 4421 2649 4477 σὺν
2696 4425 2777 4492 τῷ
2807 4425 3098 4496 στρατηγῷ
3158 4419 3338 4474 αὐτῶν
3370 4412 3597 4488 Ζεϐεήλ,
3632 4414 3752 4471 δευ-

2086 4515 2228 4588 τέρῳ
2258 4511 2371 4568 ὅντι
2408 4515 2507 4568 τοῦ
2537 4512 2784 4585 Χαγάνου
2834 4514 2904 4585 τῇ
2945 4510 3087 4580 ἀξίᾳο
3137 4508 3225 4563 καὶ
3261 4507 3314 4562 ἐν
3344 4510 3427 4569 οἷς
3470 4505 3529 4561 ἄν
3557 4507 3752 4569 τόποις

2091 4597 2381 4671 διέϐαινον,
2447 4601 2574 4663 τούς
2657 4620 2718 4654 τε
2776 4598 2983 4674 Πέρσας
3035 4596 3447 4674 ᾐχμαλώτευον
3505 4596 3597 4651 καὶ
3655 4596 3754 4657 τὰς

325 4691 573 4747 Zebeelo
604 4692 932 4763 salutatus;
966 4698 1065 4767 qui
1128 4698 1319 4754 filium
1369 4716 1542 4755 suum
1584 4699 1727 4754 belli
1759 4701 1979 4755 socium

2092 4693 2285 4765 κώμας
2340 4691 2431 4746 καὶ
2483 4688 2676 4754 πόλεις
2729 4690 2860 4764 πυρὶ
2921 4684 3271 4762 παρεδίδουν.
3302 4688 3361 4743 Ὁ
3404 4682 3462 4740 δὲ
3495 4682 3757 4760 βασιλεὺς

326 4780 672 4850 imperatori
705 4782 1055 4856 relinquens
1084 4787 1328 4843 domum
1359 4805 1563 4843 versus
1593 4788 1758 4843 abiit.
1794 4788 1986 4860 Impe-

325 4872 490 4921 rator
519 4866 611 4922 his
642 4874 850 4925 auctus
876 4872 1113 4927 auxiliis
1164 4875 1225 4929 in
1283 4875 1602 4930 Chosroem
1658 4875 1984 4930 contendit.

326 4956 573 5014 Interim
607 4960 891 5019 Sarbarus
939 4964 1375 5021 Cbalcedonem
1424 4965 1713 5021 adoritur.
1746 4966 1817 5020 Et
1844 4968 1988 5021 Ava-

2097 4782 2307 4855 ἆπάρας
2358 4780 2466 4836 ἀπὸ
2526 4785 2765 4849 Λαζικῆς
2813 4778 3029 4840 τούτοις
3070 4778 3411 4847 συνήντησεν.
3445 4775 3502 4828 Ὀ
3549 4771 3607 4828 δὲ
3658 4781 3751 4829 Ze-

2098 4867 2238 4940 ϐεὴλ
2274 4871 2410 4945 μετὰ
2436 4867 2658 4939 πολλῆς
2719 4868 2935 4944 ἀγάπης
2990 4866 3082 4923 καὶ
3139 4869 3314 4941 χαρᾶς
3341 4865 3628 4936 ἠσπάσατο
3659 4863 3751 4920 τὸν

2102 4958 2328 5037 βασιλέα
2355 4959 2446 5015 καὶ
2496 4959 2624 5021 τοὺς
2683 4957 2777 5013 σὺν
2829 4957 2994 5030 αὐτῷ.
3056 4956 3399 5032 Προσήνεγκε
3447 4951 3505 5008 δὲ
3536 4953 3629 5009 καὶ
3656 4953 3756 5009 τὸν

1536 5090 1902 5149 XYLANDRI
1940 5090 2028 5146 ET
2057 5086 2274 5146 GOARI
2313 5087 2535 5142 NOTIE.

398 5215 507 5283 (4'1;
564 5214 750 5288 Quem
806 5213 1080 5288 moderni
1139 5215 1323 5288 (ἰτφοὶ
1378 5214 1705 5288 ἀρνόπιστον
1753 5223 1984 5288 vocant,

329 5285 378 5359 is
411 5292 502 5341 est
522 5287 629 5359 qui
651 5287 947 5359 abnegata
973 5287 1088 5342 ﬁde
1140 5286 1290 5341 foedo
1324 5285 1676 5359 gentilitatis
1704 5291 1821 5346 ritu
1856 5285 1986 5345 sese

328 5358 664 5428 inquinavit
722 5364 780 5413 et
818 5358 1093 5432 polluit,
1122 5358 1421 5431 Μαγαρίζω
1466 5376 1725 5432 namque
1759 5368 1867 5429 est,
1902 5365 1990 5416 in-

367 5432 523 5495 uino,
556 5433 889 5502 contamina,
924 5431 1175 5485 sordibus
1223 5432 1446 5502 impleo.
1480 5437 1539 5486 et
1585 5434 1992 5502 metaphorice

352 5515 501 5575 egem
526 5500 670 5575 violo
699 5502 928 5575 etturpi
949 5504 1254 5575 desertione
1280 5500 1652 5575 Chrzlstjanam
1672 5500 1996 5575 religionem

327 5569 965 5648 ftgdo.':l‘heopl1aiies.
1032 5570 1341 5648 Ἐκώλυσεν
1402 5571 1594 5648 Οὗμαρ
1673 5569 1819 5648 οἶνον
1887 5575 1995 5629 ἀπὸ

329 5642 439 5692 τῶν
473 5637 832 5721 adiit-iv;qu
863 5646 1185 5717 μαγαρίζειν
1234 5644 1361 5706 τοὺς
1414 5637 1791 5720 Χριστιανοὺς,
1825 5648 1995 5721 ἠνάγ-

330 5714 513 5793 καζεν.
579 5712 799 5793 Paulus
864 5712 1178 5793 'D_i_'ac'onus
1237 5734 1357 5793 uno
1417 5712 1594 5775 verbo
1651 5712 2000 5793 complexus

336 5789 448 5849 est,
510 5788 845 5851 apostatare.
916 5787 1064 5842 Hinc
1125 5789 1434 5865 μαγαρίτης
1522 5793 1623 5863 qui
1670 5787 1833 5865 ﬁda—1t
1908 5793 2002 5849 ab-

2094 5218 2319 5292 negavit
2343 5233 2372 5292 ,_
2410 5232 2591 5287 quam
2630 5230 2844 5292 vocem
2894 5210 3177 5292 adne'um“
3205 5224 3462 5292 quoque‘
3476 5210 3577 5278 qui
3610 5223 3757 5278 pro-

2100 5281 2236 5345 fano
2264 5281 2560 5358 vetitoque
2592 5287 2723 5342 cibo
2768 5301 2831 5340 se
2880 5281 3097 5355 polluit
3135 5281 3396 5336 Ecclesia
3425 5282 3626 5336 Graeca
3656 5295 3762 5332 ex—

2102 5359 2312 5434 tendit.
2347 5362 2519 5417 Goan.
2588 5431 2634 5434 __
2715 5432 2720 5434 _
2807 5428 2817 5434 _
3146 5424 3157 5434 ,
3294 5423 3304 5434 ,

2175 5432 2286 5502 (48)
2316 5434 2559 5506 Persam
2588 5428 2942 5506 Nestoriano
2975 5427 3160 5480 errori
3186 5427 3414 5506 socium
3440 5427 3625 5506 atque
3656 5436 3763 5492 pa-

2106 5493 2344 5559 tronum
2371 5503 2554 5557 fuisse
2583 5500 2863 5572 equidem
2919 5514 3040 5553 non
3093 5495 3297 5572 credet
3351 5494 3455 5567 qui
3494 5493 3600 5572 vel_
3631 5508 3764 5572 qum

2106 5581 2245 5632 ante
2274 5574 2433 5630 dicta
2460 5577 2599 5628 sunt
2638 5565 2721 5627 'de
2770 5571 2901 5643 ejus
2941 5565 3764 5643 superstitionerecordetur.

2107 5647 2221 5704 Sed
2251 5652 2454 5702 tamen
2488 5645 2643 5718 infra
2672 5644 2734 5699 in
2761 5639 2923 5718 anno
2952 5639 3304 5718 Heracl_ii_19
3332 5639 3539 5718 scribit
3568 5641 3774 5718 noster

2108 5718 2344 5776 Edessee
2370 5716 2696 5774 Ecclesiam
2725 5715 2834 5773 sub
2865 5715 3127 5771 Chosroa
3145 5710 3329 5769 fuisse
3351 5727 3387 5768 θ,
3405 5710 3774 5767 Nestorianis

2111 5795 2483 5865 occupatam.
2515 5789 2654 5849 XYL.
