  <div class='ocr_page' id='page_1' title='image "/cluster/home/n/w/nwhite01/storage/ocr_20150623/121:no.1/coo.31924054870260/410.png"; bbox 0 0 4120 6416; ppageno 0'>
   <div class='ocr_carea' id='block_1_1' title="bbox 317 439 432 500">
    <p class='ocr_par' dir='ltr' id='par_1_1' title="bbox 317 439 432 500">
     <span class='ocr_line' id='line_1_1' title="bbox 317 439 432 500; baseline -0.009 -1"><span class='ocrx_word' id='word_1_1' title='bbox 317 439 432 500; x_wconf 83' lang='lat'><strong>797</strong></span> 
     </span>
    </p>
   </div>
   <div class='ocr_carea' id='block_1_2' title="bbox 1440 416 2604 486">
    <p class='ocr_par' dir='ltr' id='par_1_2' title="bbox 1440 416 2604 486">
     <span class='ocr_line' id='line_1_2' title="bbox 1440 416 2604 486; baseline -0.007 0"><span class='ocrx_word' id='word_1_2' title='bbox 1440 418 2015 486; x_wconf 79' lang='lat' dir='ltr'><strong>HISTORIARUM</strong></span> <span class='ocrx_word' id='word_1_3' title='bbox 2058 416 2604 480; x_wconf 73' lang='lat' dir='ltr'><strong>COMPENDIUM.</strong></span> 
     </span>
    </p>
   </div>
   <div class='ocr_carea' id='block_1_3' title="bbox 3640 413 3758 476">
    <p class='ocr_par' dir='ltr' id='par_1_3' title="bbox 3640 413 3758 476">
     <span class='ocr_line' id='line_1_3' title="bbox 3640 413 3758 476; baseline -0.008 -1"><span class='ocrx_word' id='word_1_4' title='bbox 3640 413 3758 476; x_wconf 77' lang='lat'><strong>798</strong></span> 
     </span>
    </p>
   </div>
   <div class='ocr_carea' id='block_1_4' title="bbox 313 552 1976 643">
    <p class='ocr_par' dir='ltr' id='par_1_4' title="bbox 313 552 1976 643">
     <span class='ocr_line' id='line_1_4' title="bbox 313 552 1976 643; baseline -0.011 -17"><span class='ocrx_word' id='word_1_5' title='bbox 313 572 431 628; x_wconf 70' lang='grc' dir='ltr'>υἱὸν</span> <span class='ocrx_word' id='word_1_6' title='bbox 460 567 628 625; x_wconf 81' lang='grc' dir='ltr'>αύτοῦ</span> <span class='ocrx_word' id='word_1_7' title='bbox 682 569 763 641; x_wconf 79' lang='grc' dir='ltr'><strong>τῷ</strong></span> <span class='ocrx_word' id='word_1_8' title='bbox 817 565 1037 643; x_wconf 82' lang='grc' dir='ltr'>βασιλεῖ</span> <span class='ocrx_word' id='word_1_9' title='bbox 1089 564 1228 641; x_wconf 83' lang='grc' dir='ltr'>πρὸς</span> <span class='ocrx_word' id='word_1_10' title='bbox 1279 561 1624 637; x_wconf 75' lang='grc' dir='ltr'><strong>συμμαχίαν,</strong></span> <span class='ocrx_word' id='word_1_11' title='bbox 1681 557 1771 613; x_wconf 81' lang='grc' dir='ltr'><strong>καὶ</strong></span> <span class='ocrx_word' id='word_1_12' title='bbox 1819 552 1976 614; x_wconf 75' lang='grc' dir='ltr'>αὐτὸς</span> 
     </span>
    </p>
   </div>
   <div class='ocr_carea' id='block_1_5' title="bbox 2092 552 3753 643">
    <p class='ocr_par' dir='ltr' id='par_1_5' title="bbox 2092 555 3753 628">
     <span class='ocr_line' id='line_1_5' title="bbox 2092 555 3753 628; baseline 0.004 -20"><span class='ocrx_word' id='word_1_13' title='bbox 2092 569 2187 608; x_wconf 91' lang='lat' dir='ltr'><strong>res</strong></span> <span class='ocrx_word' id='word_1_14' title='bbox 2219 569 2288 609; x_wconf 87' lang='lat' dir='ltr'><strong>ex</strong></span> <span class='ocrx_word' id='word_1_15' title='bbox 2310 555 2560 612; x_wconf 87' lang='lat' dir='ltr'><strong>Thracia</strong></span> <span class='ocrx_word' id='word_1_16' title='bbox 2590 556 2761 612; x_wconf 77' lang='lat' dir='ltr'><strong>eﬂ&#39;usi</strong></span> <span class='ocrx_word' id='word_1_17' title='bbox 2794 556 3007 628; x_wconf 88' lang='lat' dir='ltr'><strong>Cpolin</strong></span> <span class='ocrx_word' id='word_1_18' title='bbox 3039 555 3340 623; x_wconf 83' lang='lat' dir='ltr'><strong>obsident,</strong></span> <span class='ocrx_word' id='word_1_19' title='bbox 3369 556 3753 619; x_wconf 87' lang='lat' dir='ltr'><strong>machinisad</strong></span> 
     </span>
    </p>
   </div>
   <div class='ocr_carea' id='block_1_6' title="bbox 322 644 1987 735">
    <p class='ocr_par' dir='ltr' id='par_1_6' title="bbox 322 644 1987 735">
     <span class='ocr_line' id='line_1_6' title="bbox 322 644 1987 735; baseline -0.013 -17"><span class='ocrx_word' id='word_1_20' title='bbox 322 659 650 735; x_wconf 77' lang='grc' dir='ltr'>ὑπέστρεψεν</span> <span class='ocrx_word' id='word_1_21' title='bbox 683 656 760 719; x_wconf 77' lang='grc' dir='ltr'><strong>εἰς</strong></span> <span class='ocrx_word' id='word_1_22' title='bbox 799 656 898 724; x_wconf 78' lang='grc' dir='ltr'>τὴν</span> <span class='ocrx_word' id='word_1_23' title='bbox 935 653 1075 710; x_wconf 82' lang='grc' dir='ltr'>ἰδίαν</span> <span class='ocrx_word' id='word_1_24' title='bbox 1140 654 1354 734; x_wconf 89' lang='grc' dir='ltr'>χώραν.</span> <span class='ocrx_word' id='word_1_25' title='bbox 1411 645 1606 707; x_wconf 86' lang='grc' dir='ltr'>Λαϐὼν</span> <span class='ocrx_word' id='word_1_26' title='bbox 1669 644 1727 735; x_wconf 50' lang='grc' dir='ltr'><strong>δέ</strong></span> <span class='ocrx_word' id='word_1_27' title='bbox 1755 644 1987 705; x_wconf 76' lang='grc' dir='ltr'><strong>τούτους</strong></span> 
     </span>
    </p>
   </div>
   <div class='ocr_carea' id='block_1_7' title="bbox 321 733 1986 826">
    <p class='ocr_par' dir='ltr' id='par_1_7' title="bbox 321 733 1986 826">
     <span class='ocr_line' id='line_1_7' title="bbox 321 733 1986 826; baseline -0.011 -18"><span class='ocrx_word' id='word_1_28' title='bbox 321 752 351 808; x_wconf 80' lang='grc' dir='ltr'><strong>ὁ</strong></span> <span class='ocrx_word' id='word_1_29' title='bbox 386 733 643 826; x_wconf 77' lang='grc' dir='ltr'>βασιλεὺς</span> <span class='ocrx_word' id='word_1_30' title='bbox 672 747 809 802; x_wconf 86' lang='grc' dir='ltr'><strong>κατά</strong></span> <span class='ocrx_word' id='word_1_31' title='bbox 835 745 1086 820; x_wconf 84' lang='grc' dir='ltr'>Χοσρόου</span> <span class='ocrx_word' id='word_1_32' title='bbox 1111 737 1337 823; x_wconf 80' lang='grc' dir='ltr'>ἔχώρει.</span> <span class='ocrx_word' id='word_1_33' title='bbox 1370 743 1434 800; x_wconf 88' lang='grc' dir='ltr'><strong>Ὀ</strong></span> <span class='ocrx_word' id='word_1_34' title='bbox 1467 737 1526 796; x_wconf 74' lang='grc' dir='ltr'>δὶ</span> <span class='ocrx_word' id='word_1_35' title='bbox 1574 733 1860 826; x_wconf 65' lang='grc' dir='ltr'>ξάρϐαρος</span> <span class='ocrx_word' id='word_1_36' title='bbox 1914 736 1986 807; x_wconf 75' lang='grc' dir='ltr'><strong>τῇ</strong></span> 
     </span>
    </p>
   </div>
   <div class='ocr_carea' id='block_1_8' title="bbox 326 822 1987 910">
    <p class='ocr_par' dir='ltr' id='par_1_8' title="bbox 326 822 1987 910">
     <span class='ocr_line' id='line_1_8' title="bbox 326 822 1987 910; baseline -0.01 -15"><span class='ocrx_word' id='word_1_37' title='bbox 326 822 646 909; x_wconf 81' lang='grc' dir='ltr'>Χαλκηδόνι</span> <span class='ocrx_word' id='word_1_38' title='bbox 670 829 1024 910; x_wconf 85' lang='grc' dir='ltr'>προσϐαλὼν,</span> <span class='ocrx_word' id='word_1_39' title='bbox 1057 822 1202 889; x_wconf 86' lang='grc' dir='ltr'><strong>ἀλλά</strong></span> <span class='ocrx_word' id='word_1_40' title='bbox 1259 830 1347 886; x_wconf 86' lang='grc' dir='ltr'><strong>καὶ</strong></span> <span class='ocrx_word' id='word_1_41' title='bbox 1408 831 1461 885; x_wconf 80' lang='grc' dir='ltr'>οἱ</span> <span class='ocrx_word' id='word_1_42' title='bbox 1504 822 1741 902; x_wconf 74' lang='grc' dir='ltr'>Ἄϐαρες</span> <span class='ocrx_word' id='word_1_43' title='bbox 1771 824 1832 880; x_wconf 90' lang='grc' dir='ltr'><strong>έκ</strong></span> <span class='ocrx_word' id='word_1_44' title='bbox 1866 828 1987 910; x_wconf 12' lang='grc' dir='ltr'>,τῆς</span> 
     </span>
    </p>
   </div>
   <div class='ocr_carea' id='block_1_9' title="bbox 320 909 1985 1004">
    <p class='ocr_par' dir='ltr' id='par_1_9' title="bbox 320 909 1985 1004">
     <span class='ocr_line' id='line_1_9' title="bbox 320 909 1985 1004; baseline -0.011 -20"><span class='ocrx_word' id='word_1_45' title='bbox 320 927 537 1004; x_wconf 78' lang='grc' dir='ltr'>Θράκης</span> <span class='ocrx_word' id='word_1_46' title='bbox 574 928 646 1001; x_wconf 82' lang='grc' dir='ltr'><strong>τῇ</strong></span> <span class='ocrx_word' id='word_1_47' title='bbox 668 909 831 980; x_wconf 87' lang='grc' dir='ltr'>πόλει</span> <span class='ocrx_word' id='word_1_48' title='bbox 863 921 1290 993; x_wconf 64' lang='grc' dir='ltr'><strong>πλησιάσαντες,</strong></span> <span class='ocrx_word' id='word_1_49' title='bbox 1348 919 1553 988; x_wconf 79' lang='grc' dir='ltr'>ταύτην</span> <span class='ocrx_word' id='word_1_50' title='bbox 1615 916 1762 972; x_wconf 74' lang='grc' dir='ltr'>ἑλεῖν</span> <span class='ocrx_word' id='word_1_51' title='bbox 1816 909 1985 969; x_wconf 71' lang='grc' dir='ltr'>ἐϐού-</span> 
     </span>
    </p>
   </div>
   <div class='ocr_carea' id='block_1_10' title="bbox 328 1006 1984 1094">
    <p class='ocr_par' dir='ltr' id='par_1_10' title="bbox 328 1006 1984 1094">
     <span class='ocr_line' id='line_1_10' title="bbox 328 1006 1984 1094; baseline -0.012 -19"><span class='ocrx_word' id='word_1_52' title='bbox 328 1016 518 1087; x_wconf 89' lang='grc' dir='ltr'>λοντο,</span> <span class='ocrx_word' id='word_1_53' title='bbox 577 1013 833 1094; x_wconf 82' lang='grc' dir='ltr'>μηχανὰς</span> <span class='ocrx_word' id='word_1_54' title='bbox 893 1011 1009 1067; x_wconf 87' lang='grc' dir='ltr'>κατ’</span> <span class='ocrx_word' id='word_1_55' title='bbox 1051 1014 1136 1085; x_wconf 85' lang='grc' dir='ltr'><strong>[Ρ.</strong></span> <span class='ocrx_word' id='word_1_56' title='bbox 1193 1012 1320 1084; x_wconf 68' lang='grc'><strong>416]</strong></span> <span class='ocrx_word' id='word_1_57' title='bbox 1387 1009 1558 1078; x_wconf 80' lang='grc' dir='ltr'>αὐτῆς</span> <span class='ocrx_word' id='word_1_58' title='bbox 1635 1006 1984 1094; x_wconf 82' lang='grc' dir='ltr'>ποιήσαντες,</span> 
     </span>
    </p>
   </div>
   <div class='ocr_carea' id='block_1_11' title="bbox 324 1092 1988 1178">
    <p class='ocr_par' dir='ltr' id='par_1_11' title="bbox 324 1092 1988 1178">
     <span class='ocr_line' id='line_1_11' title="bbox 324 1092 1988 1178; baseline -0.01 -15"><span class='ocrx_word' id='word_1_59' title='bbox 324 1106 546 1177; x_wconf 80' lang='grc' dir='ltr'>Πλῆθός</span> <span class='ocrx_word' id='word_1_60' title='bbox 638 1092 699 1160; x_wconf 78' lang='grc' dir='ltr'><strong>τε</strong></span> <span class='ocrx_word' id='word_1_61' title='bbox 754 1104 975 1178; x_wconf 85' lang='grc' dir='ltr'>ἄπειρον</span> <span class='ocrx_word' id='word_1_62' title='bbox 1030 1099 1120 1155; x_wconf 83' lang='grc' dir='ltr'><strong>καὶ</strong></span> <span class='ocrx_word' id='word_1_63' title='bbox 1176 1101 1412 1176; x_wconf 83' lang='grc' dir='ltr'>ἀριθμοῦ</span> <span class='ocrx_word' id='word_1_64' title='bbox 1468 1100 1714 1171; x_wconf 84' lang='grc' dir='ltr'>κρεῖττον</span> <span class='ocrx_word' id='word_1_65' title='bbox 1778 1092 1839 1149; x_wconf 73' lang='grc' dir='ltr'>ἐκ</span> <span class='ocrx_word' id='word_1_66' title='bbox 1890 1095 1988 1147; x_wconf 80' lang='grc' dir='ltr'><strong>τοῦ</strong></span> 
     </span>
    </p>
   </div>
   <div class='ocr_carea' id='block_1_12' title="bbox 320 1181 1990 1269">
    <p class='ocr_par' dir='ltr' id='par_1_12' title="bbox 320 1181 1990 1269">
     <span class='ocr_line' id='line_1_12' title="bbox 320 1181 1990 1269; baseline -0.011 -17"><span class='ocrx_word' id='word_1_67' title='bbox 320 1202 539 1269; x_wconf 82' lang='grc' dir='ltr'><strong>Ἴστρου</strong></span> <span class='ocrx_word' id='word_1_68' title='bbox 566 1192 873 1269; x_wconf 75' lang='grc' dir='ltr'>ἐνέγκαντες</span> <span class='ocrx_word' id='word_1_69' title='bbox 906 1195 1128 1266; x_wconf 81' lang='grc' dir='ltr'>σκαφῶν</span> <span class='ocrx_word' id='word_1_70' title='bbox 1157 1189 1417 1266; x_wconf 82' lang='grc' dir='ltr'>γλυπτῶν</span> <span class='ocrx_word' id='word_1_71' title='bbox 1477 1187 1599 1262; x_wconf 76' lang='grc'>(49)</span> <span class='ocrx_word' id='word_1_72' title='bbox 1654 1183 1747 1239; x_wconf 83' lang='grc' dir='ltr'>τὸν</span> <span class='ocrx_word' id='word_1_73' title='bbox 1779 1181 1990 1238; x_wconf 81' lang='grc' dir='ltr'>κόλπον</span> 
     </span>
    </p>
   </div>
   <div class='ocr_carea' id='block_1_13' title="bbox 315 1273 1985 1360">
    <p class='ocr_par' dir='ltr' id='par_1_13' title="bbox 315 1273 1985 1360">
     <span class='ocr_line' id='line_1_13' title="bbox 315 1273 1985 1360; baseline -0.011 -17"><span class='ocrx_word' id='word_1_74' title='bbox 315 1290 415 1343; x_wconf 77' lang='grc' dir='ltr'><strong>τοῦ</strong></span> <span class='ocrx_word' id='word_1_75' title='bbox 456 1283 700 1360; x_wconf 84' lang='grc' dir='ltr'>Κέρατος</span> <span class='ocrx_word' id='word_1_76' title='bbox 760 1284 877 1357; x_wconf 86' lang='grc'>(50)</span> <span class='ocrx_word' id='word_1_77' title='bbox 926 1279 1279 1355; x_wconf 83' lang='grc' dir='ltr'>ἐπλήρωσαν.</span> <span class='ocrx_word' id='word_1_78' title='bbox 1341 1277 1477 1332; x_wconf 87' lang='grc' dir='ltr'>Δέκα</span> <span class='ocrx_word' id='word_1_79' title='bbox 1534 1273 1593 1331; x_wconf 64' lang='grc' dir='ltr'>δὲ</span> <span class='ocrx_word' id='word_1_80' title='bbox 1648 1273 1861 1349; x_wconf 72' lang='grc' dir='ltr'>ἡμέρας</span> <span class='ocrx_word' id='word_1_81' title='bbox 1914 1274 1985 1344; x_wconf 82' lang='grc' dir='ltr'><strong>τῇ</strong></span> 
     </span>
    </p>
   </div>
   <div class='ocr_carea' id='block_1_14' title="bbox 318 1361 1985 1447">
    <p class='ocr_par' dir='ltr' id='par_1_14' title="bbox 318 1361 1985 1447">
     <span class='ocr_line' id='line_1_14' title="bbox 318 1361 1985 1447; baseline -0.009 -18"><span class='ocrx_word' id='word_1_82' title='bbox 318 1372 483 1430; x_wconf 83' lang='grc' dir='ltr'>πόλει</span> <span class='ocrx_word' id='word_1_83' title='bbox 515 1371 958 1447; x_wconf 78' lang='grc' dir='ltr'>παραταξάμενοι</span> <span class='ocrx_word' id='word_1_84' title='bbox 1019 1365 1109 1423; x_wconf 84' lang='grc' dir='ltr'><strong>διά</strong></span> <span class='ocrx_word' id='word_1_85' title='bbox 1152 1388 1211 1423; x_wconf 91' lang='grc' dir='ltr'><strong>τε</strong></span> <span class='ocrx_word' id='word_1_86' title='bbox 1268 1372 1375 1443; x_wconf 84' lang='grc' dir='ltr'><strong>γῆς</strong></span> <span class='ocrx_word' id='word_1_87' title='bbox 1434 1385 1524 1419; x_wconf 88' lang='grc' dir='ltr'><strong>και</strong></span> <span class='ocrx_word' id='word_1_88' title='bbox 1580 1362 1860 1431; x_wconf 79' lang='grc' dir='ltr'>θαλάσσης</span> <span class='ocrx_word' id='word_1_89' title='bbox 1914 1361 1985 1432; x_wconf 77' lang='grc' dir='ltr'><strong>τῇ</strong></span> 
     </span>
    </p>
   </div>
   <div class='ocr_carea' id='block_1_15' title="bbox 326 1449 1987 1535">
    <p class='ocr_par' dir='ltr' id='par_1_15' title="bbox 326 1449 1987 1535">
     <span class='ocr_line' id='line_1_15' title="bbox 326 1449 1987 1535; baseline -0.011 -14"><span class='ocrx_word' id='word_1_90' title='bbox 326 1467 425 1521; x_wconf 77' lang='grc' dir='ltr'><strong>τοῦ</strong></span> <span class='ocrx_word' id='word_1_91' title='bbox 454 1466 591 1520; x_wconf 77' lang='grc' dir='ltr'>Θεοῦ</span> <span class='ocrx_word' id='word_1_92' title='bbox 613 1457 840 1535; x_wconf 75' lang='grc' dir='ltr'>δυνάμει</span> <span class='ocrx_word' id='word_1_93' title='bbox 872 1459 964 1514; x_wconf 80' lang='grc' dir='ltr'><strong>καὶ</strong></span> <span class='ocrx_word' id='word_1_94' title='bbox 994 1458 1250 1534; x_wconf 76' lang='grc' dir='ltr'>συνεργίᾳ</span> <span class='ocrx_word' id='word_1_95' title='bbox 1277 1456 1369 1512; x_wconf 83' lang='grc' dir='ltr'>καὶ</span> <span class='ocrx_word' id='word_1_96' title='bbox 1424 1457 1494 1529; x_wconf 81' lang='grc' dir='ltr'><strong>τῇ</strong></span> <span class='ocrx_word' id='word_1_97' title='bbox 1552 1459 1653 1523; x_wconf 81' lang='grc' dir='ltr'>τῆς</span> <span class='ocrx_word' id='word_1_98' title='bbox 1711 1449 1987 1527; x_wconf 81' lang='grc' dir='ltr'>ἀχράντου</span> 
     </span>
    </p>
   </div>
   <div class='ocr_carea' id='block_1_16' title="bbox 336 1538 1988 1622">
    <p class='ocr_par' dir='ltr' id='par_1_16' title="bbox 336 1538 1988 1622">
     <span class='ocr_line' id='line_1_16' title="bbox 336 1538 1988 1622; baseline -0.01 -12"><span class='ocrx_word' id='word_1_99' title='bbox 336 1560 603 1610; x_wconf 82' lang='grc' dir='ltr'>Θεοτόκου</span> <span class='ocrx_word' id='word_1_100' title='bbox 622 1551 715 1605; x_wconf 84' lang='grc' dir='ltr'><strong>καὶ</strong></span> <span class='ocrx_word' id='word_1_101' title='bbox 761 1548 1148 1621; x_wconf 80' lang='grc' dir='ltr'>Ἀειπαρθένου</span> <span class='ocrx_word' id='word_1_102' title='bbox 1194 1540 1451 1622; x_wconf 78' lang='grc' dir='ltr'>πρεσϐεία</span> <span class='ocrx_word' id='word_1_103' title='bbox 1500 1544 1837 1613; x_wconf 76' lang='grc' dir='ltr'><strong>ἡττήθησαν,</strong></span> <span class='ocrx_word' id='word_1_104' title='bbox 1894 1538 1988 1595; x_wconf 82' lang='grc' dir='ltr'><strong>καὶ</strong></span> 
     </span>
    </p>
   </div>
   <div class='ocr_carea' id='block_1_17' title="bbox 340 1627 1985 1714">
    <p class='ocr_par' dir='ltr' id='par_1_17' title="bbox 340 1627 1985 1714">
     <span class='ocr_line' id='line_1_17' title="bbox 340 1627 1985 1714; baseline -0.01 -15"><span class='ocrx_word' id='word_1_105' title='bbox 340 1642 531 1714; x_wconf 86' lang='grc' dir='ltr'>πλήθη</span> <span class='ocrx_word' id='word_1_106' title='bbox 587 1637 777 1695; x_wconf 82' lang='grc' dir='ltr'>πολλά</span> <span class='ocrx_word' id='word_1_107' title='bbox 831 1634 1203 1698; x_wconf 83' lang='grc' dir='ltr'>ἀποϐαλόντες</span> <span class='ocrx_word' id='word_1_108' title='bbox 1261 1628 1315 1690; x_wconf 79' lang='grc' dir='ltr'>ἕν</span> <span class='ocrx_word' id='word_1_109' title='bbox 1371 1654 1431 1689; x_wconf 90' lang='grc' dir='ltr'><strong>τε</strong></span> <span class='ocrx_word' id='word_1_110' title='bbox 1476 1636 1549 1708; x_wconf 82' lang='grc' dir='ltr'><strong>γῇ</strong></span> <span class='ocrx_word' id='word_1_111' title='bbox 1601 1631 1690 1685; x_wconf 84' lang='grc' dir='ltr'><strong>καὶ</strong></span> <span class='ocrx_word' id='word_1_112' title='bbox 1742 1627 1985 1703; x_wconf 77' lang='grc' dir='ltr'>θαλάσσῃ</span> 
     </span>
    </p>
   </div>
   <div class='ocr_carea' id='block_1_18' title="bbox 334 1718 1987 1807">
    <p class='ocr_par' dir='ltr' id='par_1_18' title="bbox 334 1718 1987 1807">
     <span class='ocr_line' id='line_1_18' title="bbox 334 1718 1987 1807; baseline -0.008 -20"><span class='ocrx_word' id='word_1_113' title='bbox 334 1730 471 1807; x_wconf 87' lang='grc' dir='ltr'><strong>μετά</strong></span> <span class='ocrx_word' id='word_1_114' title='bbox 526 1728 777 1805; x_wconf 81' lang='grc' dir='ltr'>μεγᾶλης</span> <span class='ocrx_word' id='word_1_115' title='bbox 833 1726 1096 1802; x_wconf 80' lang='grc' dir='ltr'>αἰσχύνης</span> <span class='ocrx_word' id='word_1_116' title='bbox 1154 1723 1506 1801; x_wconf 78' lang='grc' dir='ltr'>ὑπέστρεψαν.</span> <span class='ocrx_word' id='word_1_117' title='bbox 1566 1723 1837 1779; x_wconf 77' lang='grc' dir='ltr'>Τοιοῦτον</span> <span class='ocrx_word' id='word_1_118' title='bbox 1887 1718 1987 1793; x_wconf 75' lang='grc' dir='ltr'><strong>γὰρ</strong></span> 
     </span>
    </p>
   </div>
   <div class='ocr_carea' id='block_1_19' title="bbox 314 1808 1987 1890">
    <p class='ocr_par' dir='ltr' id='par_1_19' title="bbox 314 1808 1987 1890">
     <span class='ocr_line' id='line_1_19' title="bbox 314 1808 1987 1890; baseline -0.008 -14"><span class='ocrx_word' id='word_1_119' title='bbox 314 1815 517 1889; x_wconf 85' lang='grc' dir='ltr'>συνέϐη</span> <span class='ocrx_word' id='word_1_120' title='bbox 558 1818 772 1882; x_wconf 81' lang='grc' dir='ltr'>αὐτοῖς·</span> <span class='ocrx_word' id='word_1_121' title='bbox 816 1814 960 1872; x_wconf 79' lang='grc' dir='ltr'>εἶδον</span> <span class='ocrx_word' id='word_1_122' title='bbox 1018 1817 1071 1870; x_wconf 79' lang='grc' dir='ltr'>οἱ</span> <span class='ocrx_word' id='word_1_123' title='bbox 1122 1809 1422 1890; x_wconf 79' lang='grc' dir='ltr'>Βάρϐαροι,</span> <span class='ocrx_word' id='word_1_124' title='bbox 1455 1814 1666 1889; x_wconf 72' lang='grc' dir='ltr'>πρωῒας</span> <span class='ocrx_word' id='word_1_125' title='bbox 1698 1810 1866 1881; x_wconf 69' lang='grc' dir='ltr'>οὔσης</span> <span class='ocrx_word' id='word_1_126' title='bbox 1896 1808 1987 1864; x_wconf 84' lang='grc' dir='ltr'><strong>καὶ</strong></span> 
     </span>
    </p>
   </div>
   <div class='ocr_carea' id='block_1_20' title="bbox 2095 644 3759 719">
    <p class='ocr_par' dir='ltr' id='par_1_20' title="bbox 2095 644 3759 719">
     <span class='ocr_line' id='line_1_20' title="bbox 2095 644 3759 719; baseline 0.004 -21"><span class='ocrx_word' id='word_1_127' title='bbox 2095 644 2560 717; x_wconf 84' lang='lat' dir='ltr'><strong>oppugnandum</strong></span> <span class='ocrx_word' id='word_1_128' title='bbox 2594 648 2849 719; x_wconf 89' lang='lat' dir='ltr'><strong>aptatis;</strong></span> <span class='ocrx_word' id='word_1_129' title='bbox 2884 648 3192 718; x_wconf 90' lang='lat' dir='ltr'><strong>accitaque</strong></span> <span class='ocrx_word' id='word_1_130' title='bbox 3246 647 3566 703; x_wconf 89' lang='lat' dir='ltr'><strong>innumera</strong></span> <span class='ocrx_word' id='word_1_131' title='bbox 3598 649 3759 704; x_wconf 92' lang='lat' dir='ltr'><strong>scul-</strong></span> 
     </span>
    </p>
   </div>
   <div class='ocr_carea' id='block_1_21' title="bbox 2095 736 3755 808">
    <p class='ocr_par' dir='ltr' id='par_1_21' title="bbox 2095 736 3755 808">
     <span class='ocr_line' id='line_1_21' title="bbox 2095 736 3755 808; baseline 0.002 -19"><span class='ocrx_word' id='word_1_132' title='bbox 2095 738 2331 806; x_wconf 88' lang='lat' dir='ltr'><strong>ptarum</strong></span> <span class='ocrx_word' id='word_1_133' title='bbox 2363 736 2601 792; x_wconf 81' lang='lat' dir='ltr'><strong>navium</strong></span> <span class='ocrx_word' id='word_1_134' title='bbox 2634 752 2703 792; x_wconf 86' lang='lat' dir='ltr'><strong>ex</strong></span> <span class='ocrx_word' id='word_1_135' title='bbox 2734 738 2884 792; x_wconf 88' lang='lat' dir='ltr'><strong>Istro</strong></span> <span class='ocrx_word' id='word_1_136' title='bbox 2912 736 3296 791; x_wconf 79' lang='lat' dir='ltr'><strong>multitudine</strong></span> <span class='ocrx_word' id='word_1_137' title='bbox 3328 736 3526 792; x_wconf 90' lang='lat' dir='ltr'><strong>sinum</strong></span> <span class='ocrx_word' id='word_1_138' title='bbox 3564 739 3664 808; x_wconf 86' lang='lat' dir='ltr'><strong>qui</strong></span> <span class='ocrx_word' id='word_1_139' title='bbox 3694 740 3755 793; x_wconf 91' lang='lat' dir='ltr'><strong>in</strong></span> 
     </span>
    </p>
   </div>
   <div class='ocr_carea' id='block_1_22' title="bbox 2095 823 3758 897">
    <p class='ocr_par' dir='ltr' id='par_1_22' title="bbox 2095 823 3758 897">
     <span class='ocr_line' id='line_1_22' title="bbox 2095 823 3758 897; baseline 0.002 -19"><span class='ocrx_word' id='word_1_140' title='bbox 2095 823 2291 879; x_wconf 84' lang='lat' dir='ltr'><strong>Gornu</strong></span> <span class='ocrx_word' id='word_1_141' title='bbox 2322 830 2448 879; x_wconf 89' lang='lat' dir='ltr'><strong>erat</strong></span> <span class='ocrx_word' id='word_1_142' title='bbox 2472 825 2544 880; x_wconf 87' lang='lat' dir='ltr'><strong>iis</strong></span> <span class='ocrx_word' id='word_1_143' title='bbox 2575 826 2829 897; x_wconf 83' lang='lat' dir='ltr'><strong>opplent</strong></span> <span class='ocrx_word' id='word_1_144' title='bbox 2858 828 3002 881; x_wconf 90' lang='lat' dir='ltr'><strong>Cum</strong></span> <span class='ocrx_word' id='word_1_145' title='bbox 3037 831 3234 881; x_wconf 90' lang='lat' dir='ltr'><strong>autem</strong></span> <span class='ocrx_word' id='word_1_146' title='bbox 3270 843 3376 897; x_wconf 91' lang='lat' dir='ltr'><strong>per</strong></span> <span class='ocrx_word' id='word_1_147' title='bbox 3405 826 3608 882; x_wconf 85' lang='lat' dir='ltr'><strong>decem</strong></span> <span class='ocrx_word' id='word_1_148' title='bbox 3630 827 3758 882; x_wconf 92' lang='lat' dir='ltr'><strong>dies</strong></span> 
     </span>
    </p>
   </div>
   <div class='ocr_carea' id='block_1_23' title="bbox 2097 915 3759 987">
    <p class='ocr_par' dir='ltr' id='par_1_23' title="bbox 2097 915 3759 987">
     <span class='ocr_line' id='line_1_23' title="bbox 2097 915 3759 987; baseline 0.002 -20"><span class='ocrx_word' id='word_1_149' title='bbox 2097 916 2255 968; x_wconf 91' lang='lat' dir='ltr'><strong>terra</strong></span> <span class='ocrx_word' id='word_1_150' title='bbox 2276 915 2549 985; x_wconf 88' lang='lat' dir='ltr'><strong>marique</strong></span> <span class='ocrx_word' id='word_1_151' title='bbox 2597 915 2809 969; x_wconf 82' lang='lat' dir='ltr'><strong>urbem</strong></span> <span class='ocrx_word' id='word_1_152' title='bbox 2846 920 3310 987; x_wconf 80' lang='lat' dir='ltr'><strong>oppugnassent,</strong></span> <span class='ocrx_word' id='word_1_153' title='bbox 3343 915 3396 969; x_wconf 98' lang='lat' dir='ltr'><strong>vi</strong></span> <span class='ocrx_word' id='word_1_154' title='bbox 3448 921 3508 971; x_wconf 88' lang='lat' dir='ltr'><strong>et</strong></span> <span class='ocrx_word' id='word_1_155' title='bbox 3536 916 3759 971; x_wconf 84' lang='lat' dir='ltr'><strong>auxilio</strong></span> 
     </span>
    </p>
   </div>
   <div class='ocr_carea' id='block_1_24' title="bbox 2093 1004 3760 1078">
    <p class='ocr_par' dir='ltr' id='par_1_24' title="bbox 2093 1004 3760 1078">
     <span class='ocr_line' id='line_1_24' title="bbox 2093 1004 3760 1078; baseline 0.002 -20"><span class='ocrx_word' id='word_1_156' title='bbox 2093 1004 2196 1059; x_wconf 86' lang='lat' dir='ltr'><strong>Dei</strong></span> <span class='ocrx_word' id='word_1_157' title='bbox 2231 1020 2299 1060; x_wconf 91' lang='lat' dir='ltr'><strong>ac</strong></span> <span class='ocrx_word' id='word_1_158' title='bbox 2359 1004 2655 1060; x_wconf 59' lang='lat' dir='ltr'><strong>inviolata:</strong></span> <span class='ocrx_word' id='word_1_159' title='bbox 2706 1005 2962 1078; x_wconf 79' lang='lat' dir='ltr'><strong>Virginis</strong></span> <span class='ocrx_word' id='word_1_160' title='bbox 3008 1005 3272 1077; x_wconf 82' lang='lat' dir='ltr'><strong>Deiparae</strong></span> <span class='ocrx_word' id='word_1_161' title='bbox 3330 1006 3760 1061; x_wconf 84' lang='lat' dir='ltr'><strong>intercessione</strong></span> 
     </span>
    </p>
   </div>
   <div class='ocr_carea' id='block_1_25' title="bbox 2095 1093 3757 1167">
    <p class='ocr_par' dir='ltr' id='par_1_25' title="bbox 2095 1093 3757 1167">
     <span class='ocr_line' id='line_1_25' title="bbox 2095 1093 3757 1167; baseline 0.002 -20"><span class='ocrx_word' id='word_1_162' title='bbox 2095 1093 2259 1162; x_wconf 82' lang='lat' dir='ltr'><strong>victi,</strong></span> <span class='ocrx_word' id='word_1_163' title='bbox 2293 1094 2527 1149; x_wconf 90' lang='lat' dir='ltr'><strong>amissis</strong></span> <span class='ocrx_word' id='word_1_164' title='bbox 2560 1098 2717 1149; x_wconf 88' lang='lat' dir='ltr'><strong>terra</strong></span> <span class='ocrx_word' id='word_1_165' title='bbox 2746 1095 3028 1166; x_wconf 89' lang='lat' dir='ltr'><strong>manique</strong></span> <span class='ocrx_word' id='word_1_166' title='bbox 3073 1095 3298 1167; x_wconf 81' lang='lat' dir='ltr'><strong>ingenti</strong></span> <span class='ocrx_word' id='word_1_167' title='bbox 3330 1111 3580 1150; x_wconf 90' lang='lat' dir='ltr'><strong>numero</strong></span> <span class='ocrx_word' id='word_1_168' title='bbox 3613 1096 3757 1164; x_wconf 83' lang='lat' dir='ltr'><strong>suis,</strong></span> 
     </span>
    </p>
   </div>
   <div class='ocr_carea' id='block_1_26' title="bbox 2096 1182 3757 1254">
    <p class='ocr_par' dir='ltr' id='par_1_26' title="bbox 2096 1182 3757 1254">
     <span class='ocr_line' id='line_1_26' title="bbox 2096 1182 3757 1254; baseline 0.001 -17"><span class='ocrx_word' id='word_1_169' title='bbox 2096 1197 2313 1254; x_wconf 82' lang='lat' dir='ltr'><strong>magno</strong></span> <span class='ocrx_word' id='word_1_170' title='bbox 2345 1199 2479 1237; x_wconf 92' lang='lat' dir='ltr'><strong>cum</strong></span> <span class='ocrx_word' id='word_1_171' title='bbox 2512 1182 2801 1239; x_wconf 83' lang='lat' dir='ltr'><strong>dedecore</strong></span> <span class='ocrx_word' id='word_1_172' title='bbox 2835 1183 3260 1239; x_wconf 88' lang='lat' dir='ltr'><strong>discesserunt.</strong></span> <span class='ocrx_word' id='word_1_173' title='bbox 3302 1184 3439 1239; x_wconf 85' lang='lat' dir='ltr'><strong>Tale</strong></span> <span class='ocrx_word' id='word_1_174' title='bbox 3474 1184 3634 1240; x_wconf 92' lang='lat' dir='ltr'><strong>enim</strong></span> <span class='ocrx_word' id='word_1_175' title='bbox 3669 1185 3757 1240; x_wconf 88' lang='lat' dir='ltr'><strong>eis</strong></span> 
     </span>
    </p>
   </div>
   <div class='ocr_carea' id='block_1_27' title="bbox 2096 1270 3755 1345">
    <p class='ocr_par' dir='ltr' id='par_1_27' title="bbox 2096 1270 3755 1345">
     <span class='ocr_line' id='line_1_27' title="bbox 2096 1270 3755 1345; baseline 0.001 -18"><span class='ocrx_word' id='word_1_176' title='bbox 2096 1270 2406 1343; x_wconf 86' lang='lat' dir='ltr'><strong>quidpiam</strong></span> <span class='ocrx_word' id='word_1_177' title='bbox 2435 1288 2548 1327; x_wconf 91' lang='lat' dir='ltr'><strong>usu</strong></span> <span class='ocrx_word' id='word_1_178' title='bbox 2580 1273 2762 1327; x_wconf 87' lang='lat' dir='ltr'><strong>venit.</strong></span> <span class='ocrx_word' id='word_1_179' title='bbox 2800 1273 3345 1329; x_wconf 89' lang='lat' dir='ltr'><strong>VideruntBarbari</strong></span> <span class='ocrx_word' id='word_1_180' title='bbox 3380 1274 3530 1329; x_wconf 74' lang='lat'><strong>729</strong></span> <span class='ocrx_word' id='word_1_181' title='bbox 3561 1275 3755 1345; x_wconf 89' lang='lat' dir='ltr'><strong>prima</strong></span> 
     </span>
    </p>
   </div>
   <div class='ocr_carea' id='block_1_28' title="bbox 2096 1359 3754 1433">
    <p class='ocr_par' dir='ltr' id='par_1_28' title="bbox 2096 1359 3754 1433">
     <span class='ocr_line' id='line_1_28' title="bbox 2096 1359 3754 1433; baseline 0.001 -18"><span class='ocrx_word' id='word_1_182' title='bbox 2096 1359 2251 1426; x_wconf 89' lang='lat' dir='ltr'><strong>luce,</strong></span> <span class='ocrx_word' id='word_1_183' title='bbox 2283 1377 2419 1417; x_wconf 90' lang='lat' dir='ltr'><strong>cum</strong></span> <span class='ocrx_word' id='word_1_184' title='bbox 2444 1362 2533 1417; x_wconf 92' lang='lat' dir='ltr'><strong>sol</strong></span> <span class='ocrx_word' id='word_1_185' title='bbox 2563 1362 2840 1430; x_wconf 88' lang='lat' dir='ltr'><strong>oriretur,</strong></span> <span class='ocrx_word' id='word_1_186' title='bbox 2873 1362 3186 1417; x_wconf 86' lang='lat' dir='ltr'><strong>mulierem</strong></span> <span class='ocrx_word' id='word_1_187' title='bbox 3248 1362 3569 1433; x_wconf 89' lang='lat' dir='ltr'><strong>quamdam</strong></span> <span class='ocrx_word' id='word_1_188' title='bbox 3614 1363 3754 1417; x_wconf 86' lang='lat' dir='ltr'><strong>illu-</strong></span> 
     </span>
    </p>
   </div>
   <div class='ocr_carea' id='block_1_29' title="bbox 2097 1450 3750 1523">
    <p class='ocr_par' dir='ltr' id='par_1_29' title="bbox 2097 1450 3750 1523">
     <span class='ocr_line' id='line_1_29' title="bbox 2097 1450 3750 1523; baseline 0.001 -17"><span class='ocrx_word' id='word_1_189' title='bbox 2097 1455 2278 1506; x_wconf 90' lang='lat' dir='ltr'><strong>strem</strong></span> <span class='ocrx_word' id='word_1_190' title='bbox 2311 1450 2603 1507; x_wconf 88' lang='lat' dir='ltr'><strong>eunuchis</strong></span> <span class='ocrx_word' id='word_1_191' title='bbox 2657 1452 3002 1507; x_wconf 85' lang='lat' dir='ltr'><strong>comitatam</strong></span> <span class='ocrx_word' id='word_1_192' title='bbox 3060 1455 3228 1523; x_wconf 84' lang='lat' dir='ltr'><strong>porta</strong></span> <span class='ocrx_word' id='word_1_193' title='bbox 3288 1451 3750 1507; x_wconf 85' lang='lat' dir='ltr'><strong>Blachernarum</strong></span> 
     </span>
    </p>
   </div>
   <div class='ocr_carea' id='block_1_30' title="bbox 2096 1541 3755 1614">
    <p class='ocr_par' dir='ltr' id='par_1_30' title="bbox 2096 1541 3755 1614">
     <span class='ocr_line' id='line_1_30' title="bbox 2096 1541 3755 1614; baseline -0.001 -17"><span class='ocrx_word' id='word_1_194' title='bbox 2096 1544 2413 1597; x_wconf 82' lang='lat' dir='ltr'><strong>exeuntem</strong></span> <span class='ocrx_word' id='word_1_195' title='bbox 2448 1542 2635 1606; x_wconf 87' lang='lat' dir='ltr'><strong>Quam</strong></span> <span class='ocrx_word' id='word_1_196' title='bbox 2665 1558 2799 1598; x_wconf 91' lang='lat' dir='ltr'><strong>cum</strong></span> <span class='ocrx_word' id='word_1_197' title='bbox 2828 1541 3755 1614; x_wconf 85' lang='lat' dir='ltr'><strong>OpinarenturHeracliiuxorem</strong></span> 
     </span>
    </p>
   </div>
   <div class='ocr_carea' id='block_1_31' title="bbox 2097 1629 3755 1703">
    <p class='ocr_par' dir='ltr' id='par_1_31' title="bbox 2097 1629 3755 1703">
     <span class='ocr_line' id='line_1_31' title="bbox 2097 1629 3755 1703; baseline 0 -18"><span class='ocrx_word' id='word_1_198' title='bbox 2097 1645 2248 1697; x_wconf 86' lang='lat' dir='ltr'><strong>esse,</strong></span> <span class='ocrx_word' id='word_1_199' title='bbox 2282 1634 2341 1685; x_wconf 90' lang='lat' dir='ltr'><strong>et</strong></span> <span class='ocrx_word' id='word_1_200' title='bbox 2368 1629 2444 1685; x_wconf 91' lang='lat' dir='ltr'><strong>ad</strong></span> <span class='ocrx_word' id='word_1_201' title='bbox 2476 1646 2649 1686; x_wconf 90' lang='lat' dir='ltr'><strong>suum</strong></span> <span class='ocrx_word' id='word_1_202' title='bbox 2674 1629 3007 1703; x_wconf 90' lang='lat' dir='ltr'><strong>principem</strong></span> <span class='ocrx_word' id='word_1_203' title='bbox 3045 1629 3120 1686; x_wconf 93' lang='lat' dir='ltr'><strong>ob</strong></span> <span class='ocrx_word' id='word_1_204' title='bbox 3180 1630 3381 1685; x_wconf 89' lang='lat' dir='ltr'><strong>mariti</strong></span> <span class='ocrx_word' id='word_1_205' title='bbox 3424 1629 3755 1685; x_wconf 84' lang='lat' dir='ltr'><strong>absentiam</strong></span> 
     </span>
    </p>
   </div>
   <div class='ocr_carea' id='block_1_32' title="bbox 2096 1719 3753 1793">
    <p class='ocr_par' dir='ltr' id='par_1_32' title="bbox 2096 1719 3753 1793">
     <span class='ocr_line' id='line_1_32' title="bbox 2096 1719 3753 1793; baseline -0.001 -19"><span class='ocrx_word' id='word_1_206' title='bbox 2096 1721 2183 1775; x_wconf 91' lang='lat' dir='ltr'><strong>ire</strong></span> <span class='ocrx_word' id='word_1_207' title='bbox 2205 1720 2370 1792; x_wconf 85' lang='lat' dir='ltr'><strong>pacis</strong></span> <span class='ocrx_word' id='word_1_208' title='bbox 2398 1720 2669 1793; x_wconf 68' lang='lat' dir='ltr'><strong>petenda:</strong></span> <span class='ocrx_word' id='word_1_209' title='bbox 2700 1736 2900 1788; x_wconf 88' lang='lat' dir='ltr'><strong>causa,</strong></span> <span class='ocrx_word' id='word_1_210' title='bbox 2956 1720 3274 1776; x_wconf 87' lang='lat' dir='ltr'><strong>transitum</strong></span> <span class='ocrx_word' id='word_1_211' title='bbox 3334 1719 3387 1774; x_wconf 93' lang='lat' dir='ltr'><strong>ei</strong></span> <span class='ocrx_word' id='word_1_212' title='bbox 3441 1735 3753 1775; x_wconf 89' lang='lat' dir='ltr'><strong>concesse-</strong></span> 
     </span>
    </p>
   </div>
   <div class='ocr_carea' id='block_1_33' title="bbox 2094 1810 3751 1882">
    <p class='ocr_par' dir='ltr' id='par_1_33' title="bbox 2094 1810 3751 1882">
     <span class='ocr_line' id='line_1_33' title="bbox 2094 1810 3751 1882; baseline -0.001 -16"><span class='ocrx_word' id='word_1_213' title='bbox 2094 1817 2257 1880; x_wconf 88' lang='lat' dir='ltr'><strong>runt,</strong></span> <span class='ocrx_word' id='word_1_214' title='bbox 2287 1811 2749 1882; x_wconf 86' lang='lat' dir='ltr'><strong>subsequentem</strong></span> <span class='ocrx_word' id='word_1_215' title='bbox 2781 1828 2853 1866; x_wconf 88' lang='lat' dir='ltr'><strong>ex</strong></span> <span class='ocrx_word' id='word_1_216' title='bbox 2883 1811 3030 1867; x_wconf 86' lang='lat' dir='ltr'><strong>urbe</strong></span> <span class='ocrx_word' id='word_1_217' title='bbox 3044 1811 3359 1866; x_wconf 88' lang='lat' dir='ltr'><strong>hominum</strong></span> <span class='ocrx_word' id='word_1_218' title='bbox 3383 1810 3617 1866; x_wconf 87' lang='lat' dir='ltr'><strong>turbam</strong></span> <span class='ocrx_word' id='word_1_219' title='bbox 3637 1810 3751 1881; x_wconf 87' lang='lat' dir='ltr'><strong>ipsi</strong></span> 
     </span>
    </p>
   </div>
   <div class='ocr_carea' id='block_1_34' title="bbox 316 1899 1976 1981">
    <p class='ocr_par' dir='ltr' id='par_1_34' title="bbox 316 1899 1976 1981">
     <span class='ocr_line' id='line_1_34' title="bbox 316 1899 1976 1981; baseline -0.008 -14"><span class='ocrx_word' id='word_1_220' title='bbox 316 1911 415 1967; x_wconf 75' lang='grc' dir='ltr'><strong>τοῦ</strong></span> <span class='ocrx_word' id='word_1_221' title='bbox 446 1909 617 1981; x_wconf 78' lang='grc' dir='ltr'>ἡλίου</span> <span class='ocrx_word' id='word_1_222' title='bbox 647 1905 1065 1975; x_wconf 80' lang='grc' dir='ltr'>ἀνατέλλοντος,</span> <span class='ocrx_word' id='word_1_223' title='bbox 1125 1904 1231 1960; x_wconf 74' lang='grc' dir='ltr'>ἀπὸ</span> <span class='ocrx_word' id='word_1_224' title='bbox 1285 1911 1385 1974; x_wconf 77' lang='grc' dir='ltr'><strong>τῆς</strong></span> <span class='ocrx_word' id='word_1_225' title='bbox 1443 1906 1652 1979; x_wconf 88' lang='grc' dir='ltr'>πόρτης</span> <span class='ocrx_word' id='word_1_226' title='bbox 1700 1905 1807 1956; x_wconf 81' lang='grc' dir='ltr'><strong>τῶν</strong></span> <span class='ocrx_word' id='word_1_227' title='bbox 1837 1899 1976 1957; x_wconf 88' lang='grc' dir='ltr'>Βλα-</span> 
     </span>
    </p>
   </div>
   <div class='ocr_carea' id='block_1_35' title="bbox 2092 1899 3749 1981">
    <p class='ocr_par' dir='ltr' id='par_1_35' title="bbox 2093 1900 3749 1973">
     <span class='ocr_line' id='line_1_35' title="bbox 2093 1900 3749 1973; baseline 0 -17"><span class='ocrx_word' id='word_1_228' title='bbox 2093 1900 2378 1957; x_wconf 75' lang='lat' dir='ltr'><strong>adorturi.</strong></span> <span class='ocrx_word' id='word_1_229' title='bbox 2409 1902 2482 1956; x_wconf 91' lang='lat' dir='ltr'><strong>Ut</strong></span> <span class='ocrx_word' id='word_1_230' title='bbox 2510 1918 2648 1956; x_wconf 88' lang='lat' dir='ltr'><strong>vero</strong></span> <span class='ocrx_word' id='word_1_231' title='bbox 2695 1902 2868 1957; x_wconf 71' lang='lat' dir='ltr'><strong>fossa)</strong></span> <span class='ocrx_word' id='word_1_232' title='bbox 2918 1901 3209 1957; x_wconf 84' lang='lat' dir='ltr'><strong>ambitum</strong></span> <span class='ocrx_word' id='word_1_233' title='bbox 3269 1916 3568 1973; x_wconf 85' lang='lat' dir='ltr'><strong>egressam</strong></span> <span class='ocrx_word' id='word_1_234' title='bbox 3626 1916 3749 1956; x_wconf 92' lang='lat' dir='ltr'><strong>non</strong></span> 
     </span>
    </p>
   </div>
   <div class='ocr_carea' id='block_1_36' title="bbox 327 1988 1979 2076">
    <p class='ocr_par' dir='ltr' id='par_1_36' title="bbox 327 1988 1979 2076">
     <span class='ocr_line' id='line_1_36' title="bbox 327 1988 1979 2076; baseline -0.008 -20"><span class='ocrx_word' id='word_1_235' title='bbox 327 2000 539 2076; x_wconf 74' lang='grc' dir='ltr'>χερνῶν</span> <span class='ocrx_word' id='word_1_236' title='bbox 569 1997 886 2069; x_wconf 77' lang='grc' dir='ltr'>έξελθοῦσαν</span> <span class='ocrx_word' id='word_1_237' title='bbox 928 2000 1158 2071; x_wconf 83' lang='grc' dir='ltr'>γυναῖκα</span> <span class='ocrx_word' id='word_1_238' title='bbox 1213 2000 1504 2072; x_wconf 77' lang='grc' dir='ltr'>περιφανῆ,</span> <span class='ocrx_word' id='word_1_239' title='bbox 1565 1990 1700 2065; x_wconf 88' lang='grc' dir='ltr'><strong>μετά</strong></span> <span class='ocrx_word' id='word_1_240' title='bbox 1744 1990 1834 2045; x_wconf 84' lang='grc' dir='ltr'><strong>καὶ</strong></span> <span class='ocrx_word' id='word_1_241' title='bbox 1891 1988 1979 2045; x_wconf 77' lang='grc' dir='ltr'>εύο</span> 
     </span>
    </p>
   </div>
   <div class='ocr_carea' id='block_1_37' title="bbox 324 2078 1978 2169">
    <p class='ocr_par' dir='ltr' id='par_1_37' title="bbox 324 2078 1978 2169">
     <span class='ocr_line' id='line_1_37' title="bbox 324 2078 1978 2169; baseline -0.004 -25"><span class='ocrx_word' id='word_1_242' title='bbox 324 2089 548 2169; x_wconf 88' lang='grc' dir='ltr'>νούχων</span> <span class='ocrx_word' id='word_1_243' title='bbox 578 2091 756 2144; x_wconf 79' lang='grc' dir='ltr'>τινῶν.</span> <span class='ocrx_word' id='word_1_244' title='bbox 792 2080 1187 2147; x_wconf 83' lang='grc' dir='ltr'>’Υπολαϐόντες</span> <span class='ocrx_word' id='word_1_245' title='bbox 1227 2080 1284 2139; x_wconf 72' lang='grc' dir='ltr'>δὲ</span> <span class='ocrx_word' id='word_1_246' title='bbox 1340 2086 1438 2154; x_wconf 77' lang='grc' dir='ltr'>τήν</span> <span class='ocrx_word' id='word_1_247' title='bbox 1499 2080 1813 2159; x_wconf 68' lang='grc' dir='ltr'>βασίλισσαν</span> <span class='ocrx_word' id='word_1_248' title='bbox 1846 2078 1978 2138; x_wconf 75' lang='grc' dir='ltr'>εἶναι</span> 
     </span>
    </p>
   </div>
   <div class='ocr_carea' id='block_1_38' title="bbox 306 2170 1974 2253">
    <p class='ocr_par' dir='ltr' id='par_1_38' title="bbox 306 2170 1974 2253">
     <span class='ocr_line' id='line_1_38' title="bbox 306 2170 1974 2253; baseline -0.006 -18"><span class='ocrx_word' id='word_1_249' title='bbox 306 2180 525 2248; x_wconf 75' lang='grc' dir='ltr'>τὴντοῦ</span> <span class='ocrx_word' id='word_1_250' title='bbox 557 2174 886 2253; x_wconf 80' lang='grc' dir='ltr'>Ἡρακλείου</span> <span class='ocrx_word' id='word_1_251' title='bbox 924 2180 1180 2251; x_wconf 86' lang='grc' dir='ltr'>γυναῖκα,</span> <span class='ocrx_word' id='word_1_252' title='bbox 1240 2174 1330 2228; x_wconf 73' lang='grc' dir='ltr'><strong>καὶ</strong></span> <span class='ocrx_word' id='word_1_253' title='bbox 1387 2173 1527 2248; x_wconf 87' lang='grc' dir='ltr'>πρὸς</span> <span class='ocrx_word' id='word_1_254' title='bbox 1582 2173 1674 2227; x_wconf 87' lang='grc' dir='ltr'>τὸν</span> <span class='ocrx_word' id='word_1_255' title='bbox 1734 2170 1974 2244; x_wconf 78' lang='grc' dir='ltr'>ἄρχοντα</span> 
     </span>
    </p>
   </div>
   <div class='ocr_carea' id='block_1_39' title="bbox 309 2257 1971 2342">
    <p class='ocr_par' dir='ltr' id='par_1_39' title="bbox 309 2257 1971 2342">
     <span class='ocr_line' id='line_1_39' title="bbox 309 2257 1971 2342; baseline -0.007 -19"><span class='ocrx_word' id='word_1_256' title='bbox 309 2265 487 2323; x_wconf 71' lang='grc' dir='ltr'>αῢτῶν</span> <span class='ocrx_word' id='word_1_257' title='bbox 517 2266 837 2342; x_wconf 68' lang='grc' dir='ltr'>ἓξέρχεσθαι</span> <span class='ocrx_word' id='word_1_258' title='bbox 861 2264 1083 2340; x_wconf 86' lang='grc' dir='ltr'>εἰρήνης</span> <span class='ocrx_word' id='word_1_259' title='bbox 1110 2259 1266 2318; x_wconf 68' lang='grc' dir='ltr'>ἕνεκα</span> <span class='ocrx_word' id='word_1_260' title='bbox 1328 2258 1416 2318; x_wconf 87' lang='grc' dir='ltr'><strong>διά</strong></span> <span class='ocrx_word' id='word_1_261' title='bbox 1468 2262 1530 2316; x_wconf 87' lang='grc' dir='ltr'>τὸ</span> <span class='ocrx_word' id='word_1_262' title='bbox 1585 2262 1660 2334; x_wconf 76' lang='grc' dir='ltr'>μή</span> <span class='ocrx_word' id='word_1_263' title='bbox 1723 2257 1971 2315; x_wconf 80' lang='grc' dir='ltr'>εἴναιτὸν</span> 
     </span>
    </p>
   </div>
   <div class='ocr_carea' id='block_1_40' title="bbox 311 2348 1973 2433">
    <p class='ocr_par' dir='ltr' id='par_1_40' title="bbox 311 2348 1973 2433">
     <span class='ocr_line' id='line_1_40' title="bbox 311 2348 1973 2433; baseline -0.006 -20"><span class='ocrx_word' id='word_1_264' title='bbox 311 2354 544 2433; x_wconf 80' lang='grc' dir='ltr'>βασιλέα</span> <span class='ocrx_word' id='word_1_265' title='bbox 572 2354 625 2410; x_wconf 78' lang='grc' dir='ltr'>ἐν</span> <span class='ocrx_word' id='word_1_266' title='bbox 657 2358 728 2428; x_wconf 76' lang='grc' dir='ltr'><strong>τῇ</strong></span> <span class='ocrx_word' id='word_1_267' title='bbox 759 2353 944 2422; x_wconf 88' lang='grc' dir='ltr'>πόλει,</span> <span class='ocrx_word' id='word_1_268' title='bbox 974 2349 1209 2429; x_wconf 77' lang='grc' dir='ltr'>πάροδον</span> <span class='ocrx_word' id='word_1_269' title='bbox 1242 2352 1383 2425; x_wconf 79' lang='grc' dir='ltr'>αὐτῇ</span> <span class='ocrx_word' id='word_1_270' title='bbox 1435 2350 1719 2421; x_wconf 72' lang='grc' dir='ltr'>ἐποίησαν,</span> <span class='ocrx_word' id='word_1_271' title='bbox 1748 2350 1837 2404; x_wconf 83' lang='grc' dir='ltr'>ἳνα</span> <span class='ocrx_word' id='word_1_272' title='bbox 1884 2348 1973 2403; x_wconf 79' lang='grc' dir='ltr'><strong>καὶ</strong></span> 
     </span>
    </p>
   </div>
   <div class='ocr_carea' id='block_1_41' title="bbox 309 2439 1977 2520">
    <p class='ocr_par' dir='ltr' id='par_1_41' title="bbox 309 2439 1977 2520">
     <span class='ocr_line' id='line_1_41' title="bbox 309 2439 1977 2520; baseline -0.005 -18"><span class='ocrx_word' id='word_1_273' title='bbox 309 2445 441 2509; x_wconf 83' lang='grc' dir='ltr'>λαὸς</span> <span class='ocrx_word' id='word_1_274' title='bbox 472 2443 656 2520; x_wconf 83' lang='grc' dir='ltr'>ἔτερος</span> <span class='ocrx_word' id='word_1_275' title='bbox 686 2442 916 2516; x_wconf 64' lang='grc' dir='ltr'>ἐξελθὼν</span> <span class='ocrx_word' id='word_1_276' title='bbox 951 2440 1276 2517; x_wconf 79' lang='grc' dir='ltr'>ὑποχείρίος</span> <span class='ocrx_word' id='word_1_277' title='bbox 1322 2440 1507 2503; x_wconf 78' lang='grc' dir='ltr'>αὐτοῖς</span> <span class='ocrx_word' id='word_1_278' title='bbox 1563 2439 1808 2517; x_wconf 86' lang='grc' dir='ltr'>γένηται.</span> <span class='ocrx_word' id='word_1_279' title='bbox 1843 2441 1977 2495; x_wconf 75' lang='grc' dir='ltr'>Εἶτα</span> 
     </span>
    </p>
   </div>
   <div class='ocr_carea' id='block_1_42' title="bbox 312 2526 1973 2607">
    <p class='ocr_par' dir='ltr' id='par_1_42' title="bbox 312 2526 1973 2607">
     <span class='ocr_line' id='line_1_42' title="bbox 312 2526 1973 2607; baseline -0.004 -17"><span class='ocrx_word' id='word_1_280' title='bbox 312 2536 388 2598; x_wconf 85' lang='grc' dir='ltr'>ὡς</span> <span class='ocrx_word' id='word_1_281' title='bbox 419 2532 564 2589; x_wconf 80' lang='grc' dir='ltr'>εἶδον</span> <span class='ocrx_word' id='word_1_282' title='bbox 596 2532 764 2604; x_wconf 69' lang='grc' dir='ltr'>αὐτὴν</span> <span class='ocrx_word' id='word_1_283' title='bbox 794 2533 896 2602; x_wconf 79' lang='grc' dir='ltr'><strong>τήν</strong></span> <span class='ocrx_word' id='word_1_284' title='bbox 928 2535 1025 2587; x_wconf 78' lang='grc' dir='ltr'><strong>τοῦ</strong></span> <span class='ocrx_word' id='word_1_285' title='bbox 1066 2529 1338 2607; x_wconf 86' lang='grc' dir='ltr'>φοσσάτου</span> <span class='ocrx_word' id='word_1_286' title='bbox 1395 2531 1669 2605; x_wconf 74' lang='grc' dir='ltr'>περιοχὴν</span> <span class='ocrx_word' id='word_1_287' title='bbox 1725 2526 1973 2599; x_wconf 75' lang='grc' dir='ltr'>ἐξελθοῦ-</span> 
     </span>
    </p>
   </div>
   <div class='ocr_carea' id='block_1_43' title="bbox 318 2617 1974 2698">
    <p class='ocr_par' dir='ltr' id='par_1_43' title="bbox 318 2617 1974 2698">
     <span class='ocr_line' id='line_1_43' title="bbox 318 2617 1974 2698; baseline -0.004 -19"><span class='ocrx_word' id='word_1_288' title='bbox 318 2646 413 2681; x_wconf 86' lang='grc' dir='ltr'><strong>σαν</strong></span> <span class='ocrx_word' id='word_1_289' title='bbox 467 2624 555 2679; x_wconf 79' lang='grc' dir='ltr'><strong>καὶ</strong></span> <span class='ocrx_word' id='word_1_290' title='bbox 626 2623 703 2698; x_wconf 83' lang='grc' dir='ltr'>μὴ</span> <span class='ocrx_word' id='word_1_291' title='bbox 754 2618 1090 2677; x_wconf 72' lang='grc' dir='ltr'>ἀπελθοῦσαν</span> <span class='ocrx_word' id='word_1_292' title='bbox 1150 2619 1288 2694; x_wconf 86' lang='grc' dir='ltr'>πρὸς</span> <span class='ocrx_word' id='word_1_293' title='bbox 1344 2620 1436 2675; x_wconf 86' lang='grc' dir='ltr'>τὸν</span> <span class='ocrx_word' id='word_1_294' title='bbox 1495 2617 1736 2694; x_wconf 76' lang='grc' dir='ltr'>ἄρχοντα</span> <span class='ocrx_word' id='word_1_295' title='bbox 1779 2618 1974 2690; x_wconf 83' lang='grc' dir='ltr'>αὐτῶν,</span> 
     </span>
    </p>
   </div>
   <div class='ocr_carea' id='block_1_44' title="bbox 320 2706 1976 2780">
    <p class='ocr_par' dir='ltr' id='par_1_44' title="bbox 320 2706 1976 2780">
     <span class='ocr_line' id='line_1_44' title="bbox 320 2706 1976 2780; baseline -0.005 -10"><span class='ocrx_word' id='word_1_296' title='bbox 320 2711 612 2770; x_wconf 83' lang='grc' dir='ltr'>διώκουσιν</span> <span class='ocrx_word' id='word_1_297' title='bbox 647 2710 865 2776; x_wconf 71' lang='grc' dir='ltr'>ὄπισθεν</span> <span class='ocrx_word' id='word_1_298' title='bbox 911 2710 1107 2778; x_wconf 75' lang='grc' dir='ltr'><strong>αὐτῆς⁹</strong></span> <span class='ocrx_word' id='word_1_299' title='bbox 1168 2708 1261 2764; x_wconf 85' lang='grc' dir='ltr'><strong>καὶ</strong></span> <span class='ocrx_word' id='word_1_300' title='bbox 1318 2707 1392 2770; x_wconf 87' lang='grc' dir='ltr'><strong>ώς</strong></span> <span class='ocrx_word' id='word_1_301' title='bbox 1449 2706 1608 2777; x_wconf 74' lang='grc' dir='ltr'>δῆθεν</span> <span class='ocrx_word' id='word_1_302' title='bbox 1637 2706 1976 2780; x_wconf 74' lang='grc' dir='ltr'>ἐπλησίασαν</span> 
     </span>
    </p>
   </div>
   <div class='ocr_carea' id='block_1_45' title="bbox 312 2796 1976 2877">
    <p class='ocr_par' dir='ltr' id='par_1_45' title="bbox 312 2796 1976 2877">
     <span class='ocr_line' id='line_1_45' title="bbox 312 2796 1976 2877; baseline -0.003 -19"><span class='ocrx_word' id='word_1_303' title='bbox 312 2801 451 2877; x_wconf 73' lang='grc' dir='ltr'>αὐτῇ</span> <span class='ocrx_word' id='word_1_304' title='bbox 481 2801 619 2858; x_wconf 88' lang='grc' dir='ltr'><strong>κατά</strong></span> <span class='ocrx_word' id='word_1_305' title='bbox 646 2799 815 2856; x_wconf 86' lang='grc' dir='ltr'>τόπον</span> <span class='ocrx_word' id='word_1_306' title='bbox 845 2806 948 2869; x_wconf 82' lang='grc' dir='ltr'>τῆς</span> <span class='ocrx_word' id='word_1_307' title='bbox 977 2796 1286 2873; x_wconf 84' lang='grc' dir='ltr'>λεγομένης</span> <span class='ocrx_word' id='word_1_308' title='bbox 1335 2796 1578 2859; x_wconf 80' lang='grc' dir='ltr'>Παλαιᾶς</span> <span class='ocrx_word' id='word_1_309' title='bbox 1608 2798 1807 2873; x_wconf 82' lang='grc' dir='ltr'>πέτρας</span> <span class='ocrx_word' id='word_1_310' title='bbox 1837 2799 1976 2872; x_wconf 81' lang='grc'>(51),</span> 
     </span>
    </p>
   </div>
   <div class='ocr_carea' id='block_1_46' title="bbox 316 2882 1978 2967">
    <p class='ocr_par' dir='ltr' id='par_1_46' title="bbox 316 2882 1978 2967">
     <span class='ocr_line' id='line_1_46' title="bbox 316 2882 1978 2967; baseline -0.005 -19"><span class='ocrx_word' id='word_1_311' title='bbox 316 2893 454 2961; x_wconf 82' lang='grc' dir='ltr'>αύτὴ</span> <span class='ocrx_word' id='word_1_312' title='bbox 489 2894 584 2967; x_wconf 78' lang='grc' dir='ltr'>μὶν</span> <span class='ocrx_word' id='word_1_313' title='bbox 616 2889 706 2945; x_wconf 81' lang='grc' dir='ltr'><strong>καὶ</strong></span> <span class='ocrx_word' id='word_1_314' title='bbox 741 2889 793 2944; x_wconf 74' lang='grc' dir='ltr'>οἱ</span> <span class='ocrx_word' id='word_1_315' title='bbox 826 2887 919 2942; x_wconf 75' lang='grc' dir='ltr'><strong>σὺν</strong></span> <span class='ocrx_word' id='word_1_316' title='bbox 990 2886 1129 2961; x_wconf 76' lang='grc' dir='ltr'>αὐτῇ</span> <span class='ocrx_word' id='word_1_317' title='bbox 1190 2882 1416 2964; x_wconf 76' lang='grc' dir='ltr'>ἄφαντοι</span> <span class='ocrx_word' id='word_1_318' title='bbox 1458 2887 1767 2964; x_wconf 86' lang='grc' dir='ltr'>γεγόνασιν,</span> <span class='ocrx_word' id='word_1_319' title='bbox 1820 2887 1978 2942; x_wconf 79' lang='grc' dir='ltr'>αὐτοὶ</span> 
     </span>
    </p>
   </div>
   <div class='ocr_carea' id='block_1_47' title="bbox 320 2971 1978 3052">
    <p class='ocr_par' dir='ltr' id='par_1_47' title="bbox 320 2971 1978 3052">
     <span class='ocr_line' id='line_1_47' title="bbox 320 2971 1978 3052; baseline -0.004 -15"><span class='ocrx_word' id='word_1_320' title='bbox 320 2979 379 3038; x_wconf 69' lang='grc' dir='ltr'>δὲ</span> <span class='ocrx_word' id='word_1_321' title='bbox 398 2979 678 3051; x_wconf 79' lang='grc' dir='ltr'>ἀλλήλοις</span> <span class='ocrx_word' id='word_1_322' title='bbox 730 2975 1137 3052; x_wconf 76' lang='grc' dir='ltr'>συμπλακέντες</span> <span class='ocrx_word' id='word_1_323' title='bbox 1196 2971 1432 3052; x_wconf 88' lang='grc' dir='ltr'>θορύϐου</span> <span class='ocrx_word' id='word_1_324' title='bbox 1508 2975 1699 3049; x_wconf 83' lang='grc' dir='ltr'>μεστὸν</span> <span class='ocrx_word' id='word_1_325' title='bbox 1758 2980 1978 3031; x_wconf 78' lang='grc' dir='ltr'>ποιοῦσι</span> 
     </span>
    </p>
   </div>
   <div class='ocr_carea' id='block_1_48' title="bbox 322 3062 1980 3145">
    <p class='ocr_par' dir='ltr' id='par_1_48' title="bbox 322 3062 1980 3145">
     <span class='ocr_line' id='line_1_48' title="bbox 322 3062 1980 3145; baseline -0.004 -17"><span class='ocrx_word' id='word_1_326' title='bbox 322 3072 386 3128; x_wconf 81' lang='grc' dir='ltr'>τὸ</span> <span class='ocrx_word' id='word_1_327' title='bbox 415 3071 633 3140; x_wconf 80' lang='grc' dir='ltr'>πλῆθος</span> <span class='ocrx_word' id='word_1_328' title='bbox 663 3068 754 3124; x_wconf 84' lang='grc' dir='ltr'><strong>καὶ</strong></span> <span class='ocrx_word' id='word_1_329' title='bbox 786 3064 1074 3137; x_wconf 78' lang='grc' dir='ltr'>ἀλλήλους</span> <span class='ocrx_word' id='word_1_330' title='bbox 1120 3066 1548 3145; x_wconf 77' lang='grc' dir='ltr'>κατασφάξουσιν</span> <span class='ocrx_word' id='word_1_331' title='bbox 1596 3062 1700 3129; x_wconf 74' lang='grc' dir='ltr'><strong>ἕως</strong></span> <span class='ocrx_word' id='word_1_332' title='bbox 1733 3066 1980 3142; x_wconf 79' lang='grc' dir='ltr'>ἑσπέρας.</span> 
     </span>
    </p>
   </div>
   <div class='ocr_carea' id='block_1_49' title="bbox 326 3153 1983 3236">
    <p class='ocr_par' dir='ltr' id='par_1_49' title="bbox 326 3153 1983 3236">
     <span class='ocr_line' id='line_1_49' title="bbox 326 3153 1983 3236; baseline -0.004 -20"><span class='ocrx_word' id='word_1_333' title='bbox 326 3161 545 3235; x_wconf 79' lang='grc' dir='ltr'>Πρωίας</span> <span class='ocrx_word' id='word_1_334' title='bbox 578 3156 638 3214; x_wconf 73' lang='grc' dir='ltr'><strong>δέ</strong></span> <span class='ocrx_word' id='word_1_335' title='bbox 693 3155 990 3236; x_wconf 77' lang='grc' dir='ltr'>γενομένης</span> <span class='ocrx_word' id='word_1_336' title='bbox 1048 3156 1149 3226; x_wconf 76' lang='grc' dir='ltr'>τὴν</span> <span class='ocrx_word' id='word_1_337' title='bbox 1210 3153 1384 3210; x_wconf 73' lang='grc' dir='ltr'>αἶτίαν</span> <span class='ocrx_word' id='word_1_338' title='bbox 1429 3157 1668 3226; x_wconf 80' lang='grc' dir='ltr'>ζητήσας</span> <span class='ocrx_word' id='word_1_339' title='bbox 1720 3157 1747 3211; x_wconf 91' lang='grc' dir='ltr'>ὁ</span> <span class='ocrx_word' id='word_1_340' title='bbox 1796 3155 1983 3233; x_wconf 80' lang='grc' dir='ltr'>ἄρχων</span> 
     </span>
    </p>
   </div>
   <div class='ocr_carea' id='block_1_50' title="bbox 318 3234 2041 3323">
    <p class='ocr_par' dir='ltr' id='par_1_50' title="bbox 318 3234 2041 3323">
     <span class='ocr_line' id='line_1_50' title="bbox 318 3234 2041 3323; baseline -0.002 -19"><span class='ocrx_word' id='word_1_341' title='bbox 318 3234 517 3319; x_wconf 76' lang='grc' dir='ltr'>αύτῶν,</span> <span class='ocrx_word' id='word_1_342' title='bbox 551 3246 667 3302; x_wconf 75' lang='grc' dir='ltr'>ἐπεὶ</span> <span class='ocrx_word' id='word_1_343' title='bbox 694 3234 757 3301; x_wconf 86' lang='grc' dir='ltr'>τὸ</span> <span class='ocrx_word' id='word_1_344' title='bbox 784 3245 974 3301; x_wconf 88' lang='grc' dir='ltr'>πλεῖον</span> <span class='ocrx_word' id='word_1_345' title='bbox 1005 3248 1103 3300; x_wconf 80' lang='grc' dir='ltr'><strong>τοῦ</strong></span> <span class='ocrx_word' id='word_1_346' title='bbox 1134 3242 1273 3299; x_wconf 78' lang='grc' dir='ltr'>λαοῦ</span> <span class='ocrx_word' id='word_1_347' title='bbox 1302 3244 1468 3299; x_wconf 79' lang='grc' dir='ltr'>αὐτοῦ</span> <span class='ocrx_word' id='word_1_348' title='bbox 1518 3238 1803 3323; x_wconf 67' lang='grc' dir='ltr'>έμφυλίιιὶς</span> <span class='ocrx_word' id='word_1_349' title='bbox 1834 3247 1964 3303; x_wconf 88' lang='grc' dir='ltr'>ἀνα-</span> <span class='ocrx_word' id='word_1_350' title='bbox 1996 3234 2041 3301; x_wconf 81' lang='lat' dir='ltr'><strong><em>C</em></strong></span> 
     </span>
    </p>
   </div>
   <div class='ocr_carea' id='block_1_51' title="bbox 2092 1990 3750 2062">
    <p class='ocr_par' dir='ltr' id='par_1_51' title="bbox 2092 1990 3750 2062">
     <span class='ocr_line' id='line_1_51' title="bbox 2092 1990 3750 2062; baseline 0 -17"><span class='ocrx_word' id='word_1_351' title='bbox 2092 1991 2179 2045; x_wconf 93' lang='lat' dir='ltr'><strong>ire</strong></span> <span class='ocrx_word' id='word_1_352' title='bbox 2212 1990 2286 2046; x_wconf 88' lang='lat' dir='ltr'><strong>ad</strong></span> <span class='ocrx_word' id='word_1_353' title='bbox 2318 1991 2652 2062; x_wconf 86' lang='lat' dir='ltr'><strong>principem</strong></span> <span class='ocrx_word' id='word_1_354' title='bbox 2698 1990 2994 2058; x_wconf 90' lang='lat' dir='ltr'><strong>viderunt,</strong></span> <span class='ocrx_word' id='word_1_355' title='bbox 3054 1990 3307 2045; x_wconf 89' lang='lat' dir='ltr'><strong>insecuti</strong></span> <span class='ocrx_word' id='word_1_356' title='bbox 3366 1994 3508 2045; x_wconf 87' lang='lat' dir='ltr'><strong>sunt</strong></span> <span class='ocrx_word' id='word_1_357' title='bbox 3559 2006 3750 2060; x_wconf 87' lang='lat' dir='ltr'><strong>usque</strong></span> 
     </span>
    </p>
   </div>
   <div class='ocr_carea' id='block_1_52' title="bbox 2091 2080 3741 2153">
    <p class='ocr_par' dir='ltr' id='par_1_52' title="bbox 2091 2080 3741 2153">
     <span class='ocr_line' id='line_1_52' title="bbox 2091 2080 3741 2153; baseline -0.001 -18"><span class='ocrx_word' id='word_1_358' title='bbox 2091 2080 2248 2153; x_wconf 88' lang='lat' dir='ltr'><strong>apud</strong></span> <span class='ocrx_word' id='word_1_359' title='bbox 2280 2080 2475 2136; x_wconf 90' lang='lat' dir='ltr'><strong>locum</strong></span> <span class='ocrx_word' id='word_1_360' title='bbox 2499 2082 2593 2137; x_wconf 88' lang='lat' dir='ltr'><strong>cui</strong></span> <span class='ocrx_word' id='word_1_361' title='bbox 2623 2082 2852 2136; x_wconf 87' lang='lat' dir='ltr'><strong>Veteris</strong></span> <span class='ocrx_word' id='word_1_362' title='bbox 2879 2082 3002 2137; x_wconf 84' lang='lat' dir='ltr'><strong>saxi</strong></span> <span class='ocrx_word' id='word_1_363' title='bbox 3045 2097 3266 2136; x_wconf 91' lang='lat' dir='ltr'><strong>nomen</strong></span> <span class='ocrx_word' id='word_1_364' title='bbox 3326 2085 3417 2136; x_wconf 81' lang='lat' dir='ltr'><strong>est</strong></span> <span class='ocrx_word' id='word_1_365' title='bbox 3449 2097 3462 2134; x_wconf 92' lang='lat'>:</span> <span class='ocrx_word' id='word_1_366' title='bbox 3494 2080 3575 2134; x_wconf 89' lang='lat' dir='ltr'><strong>ibi</strong></span> <span class='ocrx_word' id='word_1_367' title='bbox 3606 2097 3741 2135; x_wconf 91' lang='lat' dir='ltr'><strong>cum</strong></span> 
     </span>
    </p>
   </div>
   <div class='ocr_carea' id='block_1_53' title="bbox 2082 2169 3745 2241">
    <p class='ocr_par' dir='ltr' id='par_1_53' title="bbox 2082 2169 3745 2241">
     <span class='ocr_line' id='line_1_53' title="bbox 2082 2169 3745 2241; baseline -0.001 -16"><span class='ocrx_word' id='word_1_368' title='bbox 2082 2169 2208 2226; x_wconf 84' lang='lat' dir='ltr'><strong>fere</strong></span> <span class='ocrx_word' id='word_1_369' title='bbox 2235 2171 2359 2241; x_wconf 86' lang='lat' dir='ltr'><strong>jam</strong></span> <span class='ocrx_word' id='word_1_370' title='bbox 2394 2175 2595 2225; x_wconf 88' lang='lat' dir='ltr'><strong>essent</strong></span> <span class='ocrx_word' id='word_1_371' title='bbox 2625 2170 2902 2238; x_wconf 85' lang='lat' dir='ltr'><strong>assecuti,</strong></span> <span class='ocrx_word' id='word_1_372' title='bbox 2924 2170 3030 2225; x_wconf 90' lang='lat' dir='ltr'><strong>illa</strong></span> <span class='ocrx_word' id='word_1_373' title='bbox 3058 2187 3194 2226; x_wconf 92' lang='lat' dir='ltr'><strong>cum</strong></span> <span class='ocrx_word' id='word_1_374' title='bbox 3221 2170 3344 2225; x_wconf 89' lang='lat' dir='ltr'><strong>suis</strong></span> <span class='ocrx_word' id='word_1_375' title='bbox 3375 2186 3445 2224; x_wconf 83' lang='lat' dir='ltr'><strong>ex</strong></span> <span class='ocrx_word' id='word_1_376' title='bbox 3473 2169 3665 2224; x_wconf 90' lang='lat' dir='ltr'><strong>oculis</strong></span> <span class='ocrx_word' id='word_1_377' title='bbox 3687 2174 3745 2224; x_wconf 89' lang='lat' dir='ltr'><strong>et</strong></span> 
     </span>
    </p>
   </div>
   <div class='ocr_carea' id='block_1_54' title="bbox 2084 2258 3746 2331">
    <p class='ocr_par' dir='ltr' id='par_1_54' title="bbox 2084 2258 3746 2331">
     <span class='ocr_line' id='line_1_54' title="bbox 2084 2258 3746 2331; baseline -0.002 -16"><span class='ocrx_word' id='word_1_378' title='bbox 2084 2262 2406 2331; x_wconf 88' lang='lat' dir='ltr'><strong>conspectu</strong></span> <span class='ocrx_word' id='word_1_379' title='bbox 2439 2276 2644 2315; x_wconf 89' lang='lat' dir='ltr'><strong>eorum</strong></span> <span class='ocrx_word' id='word_1_380' title='bbox 2679 2259 3072 2331; x_wconf 87' lang='lat' dir='ltr'><strong>evanuit.lpsi</strong></span> <span class='ocrx_word' id='word_1_381' title='bbox 3093 2264 3293 2315; x_wconf 88' lang='lat' dir='ltr'><strong>autem</strong></span> <span class='ocrx_word' id='word_1_382' title='bbox 3318 2258 3576 2314; x_wconf 88' lang='lat' dir='ltr'><strong>tumultu</strong></span> <span class='ocrx_word' id='word_1_383' title='bbox 3600 2275 3746 2313; x_wconf 90' lang='lat' dir='ltr'><strong>con-</strong></span> 
     </span>
    </p>
   </div>
   <div class='ocr_carea' id='block_1_55' title="bbox 2084 2349 3744 2423">
    <p class='ocr_par' dir='ltr' id='par_1_55' title="bbox 2084 2349 3744 2423">
     <span class='ocr_line' id='line_1_55' title="bbox 2084 2349 3744 2423; baseline -0.002 -17"><span class='ocrx_word' id='word_1_384' title='bbox 2084 2350 2265 2406; x_wconf 91' lang='lat' dir='ltr'><strong>citato</strong></span> <span class='ocrx_word' id='word_1_385' title='bbox 2296 2350 2453 2405; x_wconf 86' lang='lat' dir='ltr'><strong>inter</strong></span> <span class='ocrx_word' id='word_1_386' title='bbox 2482 2367 2544 2405; x_wconf 90' lang='lat' dir='ltr'><strong>se</strong></span> <span class='ocrx_word' id='word_1_387' title='bbox 2571 2349 2870 2423; x_wconf 88' lang='lat' dir='ltr'><strong>congressi</strong></span> <span class='ocrx_word' id='word_1_388' title='bbox 2905 2349 2979 2405; x_wconf 92' lang='lat' dir='ltr'><strong>ad</strong></span> <span class='ocrx_word' id='word_1_389' title='bbox 3001 2366 3305 2422; x_wconf 84' lang='lat' dir='ltr'><strong>vesperam</strong></span> <span class='ocrx_word' id='word_1_390' title='bbox 3336 2365 3524 2420; x_wconf 91' lang='lat' dir='ltr'><strong>usque</strong></span> <span class='ocrx_word' id='word_1_391' title='bbox 3540 2353 3744 2405; x_wconf 89' lang='lat' dir='ltr'><strong>mutuo</strong></span> 
     </span>
    </p>
   </div>
   <div class='ocr_carea' id='block_1_56' title="bbox 2086 2437 3743 2511">
    <p class='ocr_par' dir='ltr' id='par_1_56' title="bbox 2086 2437 3743 2511">
     <span class='ocr_line' id='line_1_56' title="bbox 2086 2437 3743 2511; baseline -0.001 -17"><span class='ocrx_word' id='word_1_392' title='bbox 2086 2444 2313 2506; x_wconf 73' lang='lat' dir='ltr'><strong>strages</strong></span> <span class='ocrx_word' id='word_1_393' title='bbox 2342 2439 2679 2495; x_wconf 88' lang='lat' dir='ltr'><strong>ediderunt.</strong></span> <span class='ocrx_word' id='word_1_394' title='bbox 2715 2441 2882 2495; x_wconf 83' lang='lat' dir='ltr'><strong>Mane</strong></span> <span class='ocrx_word' id='word_1_395' title='bbox 2912 2439 3284 2511; x_wconf 86' lang='lat' dir='ltr'><strong>insequentis</strong></span> <span class='ocrx_word' id='word_1_396' title='bbox 3315 2438 3434 2493; x_wconf 88' lang='lat' dir='ltr'><strong>diei</strong></span> <span class='ocrx_word' id='word_1_397' title='bbox 3465 2437 3581 2493; x_wconf 84' lang='lat' dir='ltr'><strong>dux</strong></span> <span class='ocrx_word' id='word_1_398' title='bbox 3604 2454 3743 2494; x_wconf 82' lang='lat' dir='ltr'><strong>can-</strong></span> 
     </span>
    </p>
   </div>
   <div class='ocr_carea' id='block_1_57' title="bbox 2087 2527 3744 2599">
    <p class='ocr_par' dir='ltr' id='par_1_57' title="bbox 2087 2527 3744 2599">
     <span class='ocr_line' id='line_1_57' title="bbox 2087 2527 3744 2599; baseline -0.001 -15"><span class='ocrx_word' id='word_1_399' title='bbox 2087 2544 2214 2584; x_wconf 88' lang='lat' dir='ltr'><strong>sam</strong></span> <span class='ocrx_word' id='word_1_400' title='bbox 2246 2528 2580 2599; x_wconf 90' lang='lat' dir='ltr'><strong>inquirens,</strong></span> <span class='ocrx_word' id='word_1_401' title='bbox 2606 2529 2767 2599; x_wconf 91' lang='lat' dir='ltr'><strong>quod</strong></span> <span class='ocrx_word' id='word_1_402' title='bbox 2790 2528 3078 2599; x_wconf 88' lang='lat' dir='ltr'><strong>majorem</strong></span> <span class='ocrx_word' id='word_1_403' title='bbox 3110 2544 3354 2583; x_wconf 90' lang='lat' dir='ltr'><strong>suorum</strong></span> <span class='ocrx_word' id='word_1_404' title='bbox 3386 2531 3613 2599; x_wconf 89' lang='lat' dir='ltr'><strong>partem</strong></span> <span class='ocrx_word' id='word_1_405' title='bbox 3646 2527 3744 2582; x_wconf 91' lang='lat' dir='ltr'><strong>in-</strong></span> 
     </span>
    </p>
   </div>
   <div class='ocr_carea' id='block_1_58' title="bbox 2086 2618 3740 2690">
    <p class='ocr_par' dir='ltr' id='par_1_58' title="bbox 2086 2618 3740 2690">
     <span class='ocr_line' id='line_1_58' title="bbox 2086 2618 3740 2690; baseline 0 -17"><span class='ocrx_word' id='word_1_406' title='bbox 2086 2618 2308 2673; x_wconf 91' lang='lat' dir='ltr'><strong>testino</strong></span> <span class='ocrx_word' id='word_1_407' title='bbox 2340 2619 2619 2673; x_wconf 82' lang='lat' dir='ltr'><strong>conﬂictu</strong></span> <span class='ocrx_word' id='word_1_408' title='bbox 2658 2618 2908 2690; x_wconf 89' lang='lat' dir='ltr'><strong>periisse</strong></span> <span class='ocrx_word' id='word_1_409' title='bbox 2936 2618 3180 2686; x_wconf 79' lang='lat' dir='ltr'><strong>videret,</strong></span> <span class='ocrx_word' id='word_1_410' title='bbox 3216 2619 3470 2690; x_wconf 87' lang='lat' dir='ltr'><strong>turpiter</strong></span> <span class='ocrx_word' id='word_1_411' title='bbox 3499 2618 3740 2673; x_wconf 90' lang='lat' dir='ltr'><strong>domum</strong></span> 
     </span>
    </p>
   </div>
   <div class='ocr_carea' id='block_1_59' title="bbox 2088 2708 3742 2780">
    <p class='ocr_par' dir='ltr' id='par_1_59' title="bbox 2088 2708 3742 2780">
     <span class='ocr_line' id='line_1_59' title="bbox 2088 2708 3742 2780; baseline -0.001 -16"><span class='ocrx_word' id='word_1_412' title='bbox 2088 2708 2284 2765; x_wconf 90' lang='lat' dir='ltr'><strong>rediit.</strong></span> <span class='ocrx_word' id='word_1_413' title='bbox 2310 2708 2519 2764; x_wconf 84' lang='lat' dir='ltr'><strong>Statim</strong></span> <span class='ocrx_word' id='word_1_414' title='bbox 2552 2725 2790 2780; x_wconf 87' lang='lat' dir='ltr'><strong>quoque</strong></span> <span class='ocrx_word' id='word_1_415' title='bbox 2819 2708 3026 2764; x_wconf 91' lang='lat' dir='ltr'><strong>classis</strong></span> <span class='ocrx_word' id='word_1_416' title='bbox 3066 2709 3137 2763; x_wconf 86' lang='lat' dir='ltr'><strong>ab</strong></span> <span class='ocrx_word' id='word_1_417' title='bbox 3197 2708 3507 2764; x_wconf 87' lang='lat' dir='ltr'><strong>obsidione</strong></span> <span class='ocrx_word' id='word_1_418' title='bbox 3542 2724 3742 2763; x_wconf 82' lang='lat' dir='ltr'><strong>reces-</strong></span> 
     </span>
    </p>
   </div>
   <div class='ocr_carea' id='block_1_60' title="bbox 2089 2798 3738 2871">
    <p class='ocr_par' dir='ltr' id='par_1_60' title="bbox 2089 2798 3738 2871">
     <span class='ocr_line' id='line_1_60' title="bbox 2089 2798 3738 2871; baseline -0.002 -16"><span class='ocrx_word' id='word_1_419' title='bbox 2089 2801 2168 2856; x_wconf 89' lang='lat' dir='ltr'><strong>sit</strong></span> <span class='ocrx_word' id='word_1_420' title='bbox 2200 2817 2213 2866; x_wconf 92' lang='lat'><strong>;</strong></span> <span class='ocrx_word' id='word_1_421' title='bbox 2248 2815 2426 2871; x_wconf 87' lang='lat' dir='ltr'><strong>quam</strong></span> <span class='ocrx_word' id='word_1_422' title='bbox 2458 2798 2702 2854; x_wconf 88' lang='lat' dir='ltr'><strong>domum</strong></span> <span class='ocrx_word' id='word_1_423' title='bbox 2733 2805 3127 2855; x_wconf 79' lang='lat' dir='ltr'><strong>revertentem</strong></span> <span class='ocrx_word' id='word_1_424' title='bbox 3186 2799 3247 2853; x_wconf 91' lang='lat' dir='ltr'><strong>in</strong></span> <span class='ocrx_word' id='word_1_425' title='bbox 3304 2798 3530 2854; x_wconf 80' lang='lat' dir='ltr'><strong>Euxino</strong></span> <span class='ocrx_word' id='word_1_426' title='bbox 3589 2799 3738 2854; x_wconf 87' lang='lat' dir='ltr'><strong>mari</strong></span> 
     </span>
    </p>
   </div>
   <div class='ocr_carea' id='block_1_61' title="bbox 2090 2888 3743 2960">
    <p class='ocr_par' dir='ltr' id='par_1_61' title="bbox 2090 2888 3743 2960">
     <span class='ocr_line' id='line_1_61' title="bbox 2090 2888 3743 2960; baseline -0.001 -15"><span class='ocrx_word' id='word_1_427' title='bbox 2090 2889 2298 2945; x_wconf 92' lang='lat' dir='ltr'><strong>oborta</strong></span> <span class='ocrx_word' id='word_1_428' title='bbox 2328 2889 2754 2960; x_wconf 88' lang='lat' dir='ltr'><strong>tempestasita</strong></span> <span class='ocrx_word' id='word_1_429' title='bbox 2810 2889 3024 2944; x_wconf 85' lang='lat' dir='ltr'><strong>afﬂixit</strong></span> <span class='ocrx_word' id='word_1_430' title='bbox 3068 2894 3134 2944; x_wconf 88' lang='lat' dir='ltr'><strong>ut</strong></span> <span class='ocrx_word' id='word_1_431' title='bbox 3163 2888 3443 2960; x_wconf 88' lang='lat' dir='ltr'><strong>perpauci</strong></span> <span class='ocrx_word' id='word_1_432' title='bbox 3470 2888 3545 2942; x_wconf 87' lang='lat' dir='ltr'><strong>ad</strong></span> <span class='ocrx_word' id='word_1_433' title='bbox 3603 2904 3743 2943; x_wconf 86' lang='lat' dir='ltr'><strong>suos</strong></span> 
     </span>
    </p>
   </div>
   <div class='ocr_carea' id='block_1_62' title="bbox 2090 2977 3747 3041">
    <p class='ocr_par' dir='ltr' id='par_1_62' title="bbox 2090 2977 3747 3041">
     <span class='ocr_line' id='line_1_62' title="bbox 2090 2977 3747 3041; baseline -0.001 -7"><span class='ocrx_word' id='word_1_434' title='bbox 2090 2978 2401 3035; x_wconf 86' lang='lat' dir='ltr'><strong>redierint.</strong></span> <span class='ocrx_word' id='word_1_435' title='bbox 2435 2978 2745 3041; x_wconf 87' lang='lat' dir='ltr'><strong>Sarbarus,</strong></span> <span class='ocrx_word' id='word_1_436' title='bbox 2782 2979 3016 3035; x_wconf 84' lang='lat' dir='ltr'><strong>tametsi</strong></span> <span class='ocrx_word' id='word_1_437' title='bbox 3049 2980 3175 3034; x_wconf 84' lang='lat' dir='ltr'><strong>haec</strong></span> <span class='ocrx_word' id='word_1_438' title='bbox 3200 2979 3254 3034; x_wconf 89' lang='lat' dir='ltr'><strong>ei</strong></span> <span class='ocrx_word' id='word_1_439' title='bbox 3287 2978 3542 3034; x_wconf 87' lang='lat' dir='ltr'><strong>molesta</strong></span> <span class='ocrx_word' id='word_1_440' title='bbox 3589 2977 3747 3034; x_wconf 89' lang='lat' dir='ltr'><strong>acci—</strong></span> 
     </span>
    </p>
   </div>
   <div class='ocr_carea' id='block_1_63' title="bbox 2092 3068 3745 3136">
    <p class='ocr_par' dir='ltr' id='par_1_63' title="bbox 2092 3068 3745 3136">
     <span class='ocr_line' id='line_1_63' title="bbox 2092 3068 3745 3136; baseline -0.002 -11"><span class='ocrx_word' id='word_1_441' title='bbox 2092 3069 2324 3136; x_wconf 89' lang='lat' dir='ltr'><strong>derant,</strong></span> <span class='ocrx_word' id='word_1_442' title='bbox 2356 3074 2557 3124; x_wconf 88' lang='lat' dir='ltr'><strong>tamen</strong></span> <span class='ocrx_word' id='word_1_443' title='bbox 2588 3069 2961 3124; x_wconf 89' lang='lat' dir='ltr'><strong>obsidionem</strong></span> <span class='ocrx_word' id='word_1_444' title='bbox 2986 3068 3377 3123; x_wconf 85' lang='lat' dir='ltr'><strong>Chalcedonis</strong></span> <span class='ocrx_word' id='word_1_445' title='bbox 3406 3084 3528 3123; x_wconf 91' lang='lat' dir='ltr'><strong>non</strong></span> <span class='ocrx_word' id='word_1_446' title='bbox 3551 3068 3745 3135; x_wconf 89' lang='lat' dir='ltr'><strong>solvit,</strong></span> 
     </span>
    </p>
   </div>
   <div class='ocr_carea' id='block_1_64' title="bbox 2094 3157 3746 3230">
    <p class='ocr_par' dir='ltr' id='par_1_64' title="bbox 2094 3157 3746 3230">
     <span class='ocr_line' id='line_1_64' title="bbox 2094 3157 3746 3230; baseline -0.002 -14"><span class='ocrx_word' id='word_1_447' title='bbox 2094 3158 2198 3216; x_wconf 89' lang='lat' dir='ltr'><strong>sed</strong></span> <span class='ocrx_word' id='word_1_448' title='bbox 2230 3159 2512 3214; x_wconf 85' lang='lat' dir='ltr'><strong>hiemavit</strong></span> <span class='ocrx_word' id='word_1_449' title='bbox 2539 3158 2643 3226; x_wconf 91' lang='lat' dir='ltr'><strong>ibi,</strong></span> <span class='ocrx_word' id='word_1_450' title='bbox 2677 3157 2971 3230; x_wconf 88' lang='lat' dir='ltr'><strong>populans</strong></span> <span class='ocrx_word' id='word_1_451' title='bbox 3029 3158 3433 3213; x_wconf 88' lang='lat' dir='ltr'><strong>transmarina</strong></span> <span class='ocrx_word' id='word_1_452' title='bbox 3482 3162 3539 3212; x_wconf 86' lang='lat' dir='ltr'><strong>et</strong></span> <span class='ocrx_word' id='word_1_453' title='bbox 3567 3158 3746 3212; x_wconf 90' lang='lat' dir='ltr'><strong>urbes</strong></span> 
     </span>
    </p>
   </div>
   <div class='ocr_carea' id='block_1_65' title="bbox 2080 3253 3499 3305">
    <p class='ocr_par' dir='ltr' id='par_1_65' title="bbox 2080 3253 3499 3305">
     <span class='ocr_line' id='line_1_65' title="bbox 2080 3253 3499 3305; baseline 0 -1"><span class='ocrx_word' id='word_1_454' title='bbox 2080 3253 2370 3305; x_wconf 89' lang='lat' dir='ltr'><strong>evertens.</strong></span> <span class='ocrx_word' id='word_1_455' title='bbox 3488 3260 3499 3267; x_wconf 81' lang='lat'><strong><em>‘</em></strong></span> 
     </span>
    </p>
   </div>
   <div class='ocr_carea' id='block_1_66' title="bbox 316 3332 3736 3413">
    <p class='ocr_par' dir='ltr' id='par_1_66' title="bbox 316 3332 3736 3413">
     <span class='ocr_line' id='line_1_66' title="bbox 316 3332 3736 3413; baseline -0.001 -20"><span class='ocrx_word' id='word_1_456' title='bbox 316 3338 493 3403; x_wconf 82' lang='grc' dir='ltr'>λωθὲν</span> <span class='ocrx_word' id='word_1_457' title='bbox 535 3335 707 3412; x_wconf 77' lang='grc' dir='ltr'>εὗρεν,</span> <span class='ocrx_word' id='word_1_458' title='bbox 743 3335 1060 3413; x_wconf 81' lang='grc' dir='ltr'>ὑποστρέφει</span> <span class='ocrx_word' id='word_1_459' title='bbox 1100 3334 1215 3409; x_wconf 82' lang='grc' dir='ltr'>μετ’</span> <span class='ocrx_word' id='word_1_460' title='bbox 1245 3333 1515 3413; x_wconf 76' lang='grc' dir='ltr'>αἰσχύνης</span> <span class='ocrx_word' id='word_1_461' title='bbox 1548 3334 1625 3397; x_wconf 63' lang='grc' dir='ltr'><strong>είς</strong></span> <span class='ocrx_word' id='word_1_462' title='bbox 1657 3336 1726 3391; x_wconf 81' lang='grc' dir='ltr'><strong>τά</strong></span> <span class='ocrx_word' id='word_1_463' title='bbox 1762 3333 1896 3393; x_wconf 72' lang='grc' dir='ltr'>ἴδια.</span> <span class='ocrx_word' id='word_1_464' title='bbox 1925 3340 1992 3397; x_wconf 75' lang='grc' dir='ltr'>Οἱ</span> <span class='ocrx_word' id='word_1_465' title='bbox 2025 3336 2083 3394; x_wconf 72' lang='grc' dir='ltr'>δὲ</span> <span class='ocrx_word' id='word_1_466' title='bbox 2110 3335 2208 3393; x_wconf 71' lang='grc' dir='ltr'><strong>τοῦ</strong></span> <span class='ocrx_word' id='word_1_467' title='bbox 2238 3334 2488 3408; x_wconf 79' lang='grc' dir='ltr'>πλοΐμου</span> <span class='ocrx_word' id='word_1_468' title='bbox 2516 3334 2608 3390; x_wconf 73' lang='grc' dir='ltr'><strong>καὶ</strong></span> <span class='ocrx_word' id='word_1_469' title='bbox 2639 3334 2795 3391; x_wconf 80' lang='grc' dir='ltr'>αύτοὶ</span> <span class='ocrx_word' id='word_1_470' title='bbox 2823 3333 3050 3396; x_wconf 84' lang='grc' dir='ltr'>τούτους</span> <span class='ocrx_word' id='word_1_471' title='bbox 3086 3332 3296 3397; x_wconf 78' lang='grc' dir='ltr'>ἰδόντες</span> <span class='ocrx_word' id='word_1_472' title='bbox 3334 3336 3736 3410; x_wconf 65' lang='grc' dir='ltr'>ὑποχωρήσανο</span> 
     </span>
    </p>
   </div>
   <div class='ocr_carea' id='block_1_67' title="bbox 310 3420 3739 3501">
    <p class='ocr_par' dir='ltr' id='par_1_67' title="bbox 310 3420 3739 3501">
     <span class='ocr_line' id='line_1_67' title="bbox 310 3420 3739 3501; baseline -0.001 -17"><span class='ocrx_word' id='word_1_473' title='bbox 310 3449 408 3491; x_wconf 86' lang='grc' dir='ltr'><strong>τας</strong></span> <span class='ocrx_word' id='word_1_474' title='bbox 438 3426 639 3487; x_wconf 77' lang='grc' dir='ltr'>εὐθέως</span> <span class='ocrx_word' id='word_1_475' title='bbox 670 3424 1051 3501; x_wconf 82' lang='grc' dir='ltr'>ἀνεχώρησαν’</span> <span class='ocrx_word' id='word_1_476' title='bbox 1088 3424 1184 3487; x_wconf 72' lang='grc' dir='ltr'>οὕς</span> <span class='ocrx_word' id='word_1_477' title='bbox 1208 3423 1347 3478; x_wconf 86' lang='grc' dir='ltr'><strong>κατά</strong></span> <span class='ocrx_word' id='word_1_478' title='bbox 1372 3423 1465 3478; x_wconf 85' lang='grc' dir='ltr'><strong>τὸν</strong></span> <span class='ocrx_word' id='word_1_479' title='bbox 1502 3421 1747 3495; x_wconf 67' lang='grc' dir='ltr'>Εὔξεινον</span> <span class='ocrx_word' id='word_1_480' title='bbox 1774 3426 1976 3482; x_wconf 88' lang='grc' dir='ltr'>πόντον</span> <span class='ocrx_word' id='word_1_481' title='bbox 2039 3425 2180 3498; x_wconf 83' lang='grc' dir='ltr'><strong>ζάλη</strong></span> <span class='ocrx_word' id='word_1_482' title='bbox 2239 3420 2625 3480; x_wconf 77' lang='grc' dir='ltr'>καταλαϐοῦσα</span> <span class='ocrx_word' id='word_1_483' title='bbox 2686 3423 2914 3499; x_wconf 82' lang='grc' dir='ltr'>ὀλίγους</span> <span class='ocrx_word' id='word_1_484' title='bbox 2943 3424 3092 3488; x_wconf 86' lang='grc' dir='ltr'>τινάς</span> <span class='ocrx_word' id='word_1_485' title='bbox 3136 3424 3390 3488; x_wconf 84' lang='grc' dir='ltr'>ἀπελθεῖν</span> <span class='ocrx_word' id='word_1_486' title='bbox 3419 3424 3497 3486; x_wconf 84' lang='grc' dir='ltr'><strong>είς</strong></span> <span class='ocrx_word' id='word_1_487' title='bbox 3528 3424 3595 3478; x_wconf 81' lang='grc' dir='ltr'><strong>τά</strong></span> <span class='ocrx_word' id='word_1_488' title='bbox 3624 3422 3739 3480; x_wconf 71' lang='grc' dir='ltr'>ἴδια</span> 
     </span>
    </p>
   </div>
   <div class='ocr_carea' id='block_1_68' title="bbox 308 3508 3739 3595">
    <p class='ocr_par' dir='ltr' id='par_1_68' title="bbox 308 3508 3739 3595">
     <span class='ocr_line' id='line_1_68' title="bbox 308 3508 3739 3595; baseline -0.001 -22"><span class='ocrx_word' id='word_1_489' title='bbox 308 3517 551 3595; x_wconf 82' lang='grc' dir='ltr'>ἀφίησιν.</span> <span class='ocrx_word' id='word_1_490' title='bbox 580 3516 644 3572; x_wconf 90' lang='grc' dir='ltr'>Ὁ</span> <span class='ocrx_word' id='word_1_491' title='bbox 674 3512 733 3571; x_wconf 69' lang='grc' dir='ltr'>δὲ</span> <span class='ocrx_word' id='word_1_492' title='bbox 768 3508 1054 3590; x_wconf 85' lang='grc' dir='ltr'>Σάρϐαρος</span> <span class='ocrx_word' id='word_1_493' title='bbox 1085 3511 1174 3568; x_wconf 74' lang='grc' dir='ltr'>ἐπὶ</span> <span class='ocrx_word' id='word_1_494' title='bbox 1205 3512 1422 3576; x_wconf 83' lang='grc' dir='ltr'>τούτοις</span> <span class='ocrx_word' id='word_1_495' title='bbox 1452 3513 1742 3592; x_wconf 84' lang='grc' dir='ltr'>ἀχθεσθεὶς</span> <span class='ocrx_word' id='word_1_496' title='bbox 1772 3513 1927 3590; x_wconf 77' lang='grc' dir='ltr'>ὅμως</span> <span class='ocrx_word' id='word_1_497' title='bbox 1957 3518 2059 3588; x_wconf 78' lang='grc' dir='ltr'>τὴν</span> <span class='ocrx_word' id='word_1_498' title='bbox 2089 3513 2420 3586; x_wconf 81' lang='grc' dir='ltr'>Χαλκηδόνα</span> <span class='ocrx_word' id='word_1_499' title='bbox 2475 3516 2929 3589; x_wconf 79' lang='grc' dir='ltr'>παρακαθήμενος</span> <span class='ocrx_word' id='word_1_500' title='bbox 2990 3515 3054 3570; x_wconf 84' lang='grc' dir='ltr'>οὐ</span> <span class='ocrx_word' id='word_1_501' title='bbox 3107 3515 3363 3587; x_wconf 83' lang='grc' dir='ltr'>μετέστη,</span> <span class='ocrx_word' id='word_1_502' title='bbox 3412 3512 3540 3569; x_wconf 87' lang='grc' dir='ltr'>ἀλλ’</span> <span class='ocrx_word' id='word_1_503' title='bbox 3572 3513 3739 3569; x_wconf 71' lang='grc' dir='ltr'>αὐτοῦ</span> 
     </span>
    </p>
   </div>
   <div class='ocr_carea' id='block_1_69' title="bbox 305 3600 2506 3686">
    <p class='ocr_par' dir='ltr' id='par_1_69' title="bbox 305 3600 2506 3686">
     <span class='ocr_line' id='line_1_69' title="bbox 305 3600 2506 3686; baseline -0.001 -25"><span class='ocrx_word' id='word_1_504' title='bbox 305 3606 594 3686; x_wconf 69' lang='grc' dir='ltr'>ἒχείμασε,</span> <span class='ocrx_word' id='word_1_505' title='bbox 626 3600 949 3679; x_wconf 82' lang='grc' dir='ltr'>πραιδεύων</span> <span class='ocrx_word' id='word_1_506' title='bbox 981 3602 1048 3657; x_wconf 71' lang='grc' dir='ltr'><strong>τὰ</strong></span> <span class='ocrx_word' id='word_1_507' title='bbox 1074 3602 1339 3676; x_wconf 85' lang='grc' dir='ltr'>περατικά</span> <span class='ocrx_word' id='word_1_508' title='bbox 1368 3603 1508 3675; x_wconf 87' lang='grc' dir='ltr'>μέρη</span> <span class='ocrx_word' id='word_1_509' title='bbox 1540 3602 1631 3657; x_wconf 85' lang='grc' dir='ltr'><strong>καὶ</strong></span> <span class='ocrx_word' id='word_1_510' title='bbox 1663 3603 1934 3684; x_wconf 82' lang='grc' dir='ltr'>ἀφανίζων</span> <span class='ocrx_word' id='word_1_511' title='bbox 1964 3606 2060 3669; x_wconf 82' lang='grc' dir='ltr'><strong>τὰς</strong></span> <span class='ocrx_word' id='word_1_512' title='bbox 2082 3603 2277 3667; x_wconf 88' lang='grc' dir='ltr'>πόλεις</span> <span class='ocrx_word' id='word_1_513' title='bbox 2306 3604 2506 3659; x_wconf 79' lang='grc' dir='ltr'>αὐτῶν.</span> 
     </span>
    </p>
   </div>
   <div class='ocr_carea' id='block_1_70' title="bbox 377 3686 1972 3766">
    <p class='ocr_par' dir='ltr' id='par_1_70' title="bbox 377 3686 1972 3766">
     <span class='ocr_line' id='line_1_70' title="bbox 377 3686 1972 3766; baseline 0 -18"><span class='ocrx_word' id='word_1_514' title='bbox 377 3697 472 3765; x_wconf 72' lang='grc' dir='ltr'><strong>Τῷ</strong></span> <span class='ocrx_word' id='word_1_515' title='bbox 509 3695 569 3764; x_wconf 86' lang='grc' dir='ltr'><strong>ιζ’</strong></span> <span class='ocrx_word' id='word_1_516' title='bbox 593 3691 699 3748; x_wconf 83' lang='grc' dir='ltr'>ἔτει</span> <span class='ocrx_word' id='word_1_517' title='bbox 730 3687 1000 3747; x_wconf 71' lang='grc' dir='ltr'>εἰσϐαλὼν</span> <span class='ocrx_word' id='word_1_518' title='bbox 1046 3691 1098 3745; x_wconf 78' lang='grc' dir='ltr'>ἐν</span> <span class='ocrx_word' id='word_1_519' title='bbox 1132 3686 1356 3766; x_wconf 87' lang='grc' dir='ltr'>Περσίδι</span> <span class='ocrx_word' id='word_1_520' title='bbox 1424 3691 1453 3745; x_wconf 86' lang='grc' dir='ltr'>ὁ</span> <span class='ocrx_word' id='word_1_521' title='bbox 1500 3690 1829 3766; x_wconf 81' lang='grc' dir='ltr'>Ἡράκλειος</span> <span class='ocrx_word' id='word_1_522' title='bbox 1878 3692 1972 3748; x_wconf 80' lang='grc' dir='ltr'><strong>σὺν</strong></span> 
     </span>
    </p>
   </div>
   <div class='ocr_carea' id='block_1_71' title="bbox 308 3776 1975 3859">
    <p class='ocr_par' dir='ltr' id='par_1_71' title="bbox 308 3776 1975 3859">
     <span class='ocr_line' id='line_1_71' title="bbox 308 3776 1975 3859; baseline -0.003 -19"><span class='ocrx_word' id='word_1_523' title='bbox 308 3789 426 3847; x_wconf 82' lang='grc' dir='ltr'>τοῖς</span> <span class='ocrx_word' id='word_1_524' title='bbox 483 3782 752 3857; x_wconf 80' lang='grc' dir='ltr'>Τούρκοις</span> <span class='ocrx_word' id='word_1_525' title='bbox 806 3777 1240 3854; x_wconf 84' lang='grc' dir='ltr'>ἀπροσδοκήτως</span> <span class='ocrx_word' id='word_1_526' title='bbox 1297 3776 1387 3833; x_wconf 82' lang='grc' dir='ltr'>διὰ</span> <span class='ocrx_word' id='word_1_527' title='bbox 1438 3780 1533 3835; x_wconf 84' lang='grc' dir='ltr'><strong>τὸν</strong></span> <span class='ocrx_word' id='word_1_528' title='bbox 1589 3786 1842 3859; x_wconf 82' lang='grc' dir='ltr'>χειμῶνα</span> <span class='ocrx_word' id='word_1_529' title='bbox 1898 3783 1975 3843; x_wconf 74' lang='grc' dir='ltr'>εἷς</span> 
     </span>
    </p>
   </div>
   <div class='ocr_carea' id='block_1_72' title="bbox 313 3867 1976 3946">
    <p class='ocr_par' dir='ltr' id='par_1_72' title="bbox 313 3867 1976 3946">
     <span class='ocr_line' id='line_1_72' title="bbox 313 3867 1976 3946; baseline -0.001 -16"><span class='ocrx_word' id='word_1_530' title='bbox 313 3869 560 3930; x_wconf 76' lang='grc' dir='ltr'>ἔκστασιν</span> <span class='ocrx_word' id='word_1_531' title='bbox 596 3867 816 3927; x_wconf 70' lang='grc' dir='ltr'>ἐνέϐαλε</span> <span class='ocrx_word' id='word_1_532' title='bbox 843 3871 937 3926; x_wconf 84' lang='grc' dir='ltr'><strong>τὸν</strong></span> <span class='ocrx_word' id='word_1_533' title='bbox 962 3870 1233 3946; x_wconf 88' lang='grc' dir='ltr'>Χοσρόην.</span> <span class='ocrx_word' id='word_1_534' title='bbox 1276 3871 1340 3924; x_wconf 72' lang='grc' dir='ltr'><strong>Οἳ</strong></span> <span class='ocrx_word' id='word_1_535' title='bbox 1399 3867 1457 3926; x_wconf 71' lang='grc' dir='ltr'><strong>δέ</strong></span> <span class='ocrx_word' id='word_1_536' title='bbox 1494 3876 1732 3946; x_wconf 81' lang='grc' dir='ltr'>Τοῦρκοι</span> <span class='ocrx_word' id='word_1_537' title='bbox 1795 3873 1887 3929; x_wconf 85' lang='grc' dir='ltr'><strong>τόν</strong></span> <span class='ocrx_word' id='word_1_538' title='bbox 1916 3893 1976 3928; x_wconf 87' lang='grc' dir='ltr'><strong>τε</strong></span> 
     </span>
    </p>
   </div>
   <div class='ocr_carea' id='block_1_73' title="bbox 313 3956 1972 4036">
    <p class='ocr_par' dir='ltr' id='par_1_73' title="bbox 313 3956 1972 4036">
     <span class='ocr_line' id='line_1_73' title="bbox 313 3956 1972 4036; baseline -0.002 -18"><span class='ocrx_word' id='word_1_539' title='bbox 313 3963 567 4035; x_wconf 79' lang='grc' dir='ltr'>Χειμῶνα</span> <span class='ocrx_word' id='word_1_540' title='bbox 624 3962 854 4036; x_wconf 80' lang='grc' dir='ltr'>ὁρῶντες</span> <span class='ocrx_word' id='word_1_541' title='bbox 911 3958 1003 4014; x_wconf 84' lang='grc' dir='ltr'><strong>καὶ</strong></span> <span class='ocrx_word' id='word_1_542' title='bbox 1070 3959 1169 4022; x_wconf 79' lang='grc' dir='ltr'><strong>τὰς</strong></span> <span class='ocrx_word' id='word_1_543' title='bbox 1228 3964 1476 4035; x_wconf 84' lang='grc' dir='ltr'>συνεχεῖς</span> <span class='ocrx_word' id='word_1_544' title='bbox 1534 3956 1808 4035; x_wconf 80' lang='grc' dir='ltr'>ἐκδρομὰς</span> <span class='ocrx_word' id='word_1_545' title='bbox 1863 3963 1972 4016; x_wconf 84' lang='grc' dir='ltr'><strong>τὼν</strong></span> 
     </span>
    </p>
   </div>
   <div class='ocr_carea' id='block_1_74' title="bbox 313 4046 1972 4125">
    <p class='ocr_par' dir='ltr' id='par_1_74' title="bbox 313 4046 1972 4125">
     <span class='ocr_line' id='line_1_74' title="bbox 313 4046 1972 4125; baseline -0.006 -20"><span class='ocrx_word' id='word_1_546' title='bbox 313 4051 555 4125; x_wconf 76' lang='grc' dir='ltr'>Περσῶν,</span> <span class='ocrx_word' id='word_1_547' title='bbox 580 4053 659 4121; x_wconf 76' lang='grc' dir='ltr'>τῷ</span> <span class='ocrx_word' id='word_1_548' title='bbox 684 4068 744 4104; x_wconf 76' lang='grc' dir='ltr'>τι</span> <span class='ocrx_word' id='word_1_549' title='bbox 768 4046 988 4123; x_wconf 87' lang='grc' dir='ltr'>βασιλεῖ</span> <span class='ocrx_word' id='word_1_550' title='bbox 1030 4048 1106 4120; x_wconf 84' lang='grc' dir='ltr'>μή</span> <span class='ocrx_word' id='word_1_551' title='bbox 1168 4046 1424 4122; x_wconf 86' lang='grc' dir='ltr'>φέροντες</span> <span class='ocrx_word' id='word_1_552' title='bbox 1480 4053 1804 4123; x_wconf 80' lang='grc' dir='ltr'>συγκοπιᾷν,</span> <span class='ocrx_word' id='word_1_553' title='bbox 1871 4050 1972 4123; x_wconf 75' lang='grc' dir='ltr'><strong>ἢρ.</strong></span> 
     </span>
    </p>
   </div>
   <div class='ocr_carea' id='block_1_75' title="bbox 309 4135 1971 4216">
    <p class='ocr_par' dir='ltr' id='par_1_75' title="bbox 309 4135 1971 4216">
     <span class='ocr_line' id='line_1_75' title="bbox 309 4135 1971 4216; baseline -0.001 -21"><span class='ocrx_word' id='word_1_554' title='bbox 309 4142 461 4211; x_wconf 81' lang='grc' dir='ltr'>ξαντο</span> <span class='ocrx_word' id='word_1_555' title='bbox 540 4138 660 4194; x_wconf 85' lang='grc' dir='ltr'>κατ’</span> <span class='ocrx_word' id='word_1_556' title='bbox 707 4136 895 4215; x_wconf 83' lang='grc' dir='ltr'>ὀλίγον</span> <span class='ocrx_word' id='word_1_557' title='bbox 957 4136 1267 4212; x_wconf 79' lang='grc' dir='ltr'>ὑπορῥέειν,</span> <span class='ocrx_word' id='word_1_558' title='bbox 1326 4135 1418 4191; x_wconf 85' lang='grc' dir='ltr'><strong>καὶ</strong></span> <span class='ocrx_word' id='word_1_559' title='bbox 1476 4136 1671 4202; x_wconf 66' lang='grc' dir='ltr'><strong>¹πάντες</strong></span> <span class='ocrx_word' id='word_1_560' title='bbox 1753 4137 1971 4216; x_wconf 67' lang='grc' dir='ltr'>ἀφέντεδ</span> 
     </span>
    </p>
   </div>
   <div class='ocr_carea' id='block_1_76' title="bbox 310 4223 1971 4303">
    <p class='ocr_par' dir='ltr' id='par_1_76' title="bbox 310 4223 1971 4303">
     <span class='ocr_line' id='line_1_76' title="bbox 310 4223 1971 4303; baseline -0.001 -20"><span class='ocrx_word' id='word_1_561' title='bbox 310 4228 473 4283; x_wconf 82' lang='grc' dir='ltr'>αὐτὸν</span> <span class='ocrx_word' id='word_1_562' title='bbox 542 4227 900 4303; x_wconf 81' lang='grc' dir='ltr'>ὑπέστρεψαν.</span> <span class='ocrx_word' id='word_1_563' title='bbox 958 4227 1017 4279; x_wconf 89' lang='grc' dir='ltr'><strong>Ὃ</strong></span> <span class='ocrx_word' id='word_1_564' title='bbox 1075 4223 1135 4281; x_wconf 72' lang='grc' dir='ltr'>δὲ</span> <span class='ocrx_word' id='word_1_565' title='bbox 1221 4225 1476 4299; x_wconf 85' lang='grc' dir='ltr'>βασιλεὺς</span> <span class='ocrx_word' id='word_1_566' title='bbox 1536 4223 1835 4299; x_wconf 86' lang='grc' dir='ltr'>διελάλησε</span> <span class='ocrx_word' id='word_1_567' title='bbox 1889 4232 1971 4300; x_wconf 79' lang='grc' dir='ltr'>τῷ</span> 
     </span>
    </p>
   </div>
   <div class='ocr_carea' id='block_1_77' title="bbox 309 4311 1971 4393">
    <p class='ocr_par' dir='ltr' id='par_1_77' title="bbox 309 4311 1971 4393">
     <span class='ocr_line' id='line_1_77' title="bbox 309 4311 1971 4393; baseline -0.001 -20"><span class='ocrx_word' id='word_1_568' title='bbox 309 4316 432 4390; x_wconf 83' lang='grc' dir='ltr'>λαῷ</span> <span class='ocrx_word' id='word_1_569' title='bbox 460 4316 650 4384; x_wconf 76' lang='grc' dir='ltr'>αὐτοῦ,</span> <span class='ocrx_word' id='word_1_570' title='bbox 683 4313 878 4389; x_wconf 84' lang='grc' dir='ltr'>λέγων·</span> <span class='ocrx_word' id='word_1_571' title='bbox 930 4318 1131 4383; x_wconf 83' lang='grc' dir='ltr'>Γνῶτε,</span> <span class='ocrx_word' id='word_1_572' title='bbox 1189 4311 1442 4393; x_wconf 75' lang='grc' dir='ltr'>ἀδελφοὶ,</span> <span class='ocrx_word' id='word_1_573' title='bbox 1508 4315 1593 4370; x_wconf 78' lang='grc' dir='ltr'><strong>ὅτι</strong></span> <span class='ocrx_word' id='word_1_574' title='bbox 1625 4314 1803 4380; x_wconf 80' lang='grc' dir='ltr'>οὐδεὶς</span> <span class='ocrx_word' id='word_1_575' title='bbox 1834 4319 1971 4390; x_wconf 74' lang='grc' dir='ltr'>ἡμῖν</span> 
     </span>
    </p>
   </div>
   <div class='ocr_carea' id='block_1_78' title="bbox 311 4402 1972 4484">
    <p class='ocr_par' dir='ltr' id='par_1_78' title="bbox 311 4402 1972 4484">
     <span class='ocr_line' id='line_1_78' title="bbox 311 4402 1972 4484; baseline -0.002 -22"><span class='ocrx_word' id='word_1_576' title='bbox 311 4412 681 4484; x_wconf 86' lang='grc' dir='ltr'>συμμαχῆσαι</span> <span class='ocrx_word' id='word_1_577' title='bbox 712 4402 879 4473; x_wconf 89' lang='grc' dir='ltr'>θέλει,</span> <span class='ocrx_word' id='word_1_578' title='bbox 910 4402 1041 4458; x_wconf 85' lang='grc' dir='ltr'>ἀλλ’</span> <span class='ocrx_word' id='word_1_579' title='bbox 1069 4403 1105 4472; x_wconf 78' lang='grc' dir='ltr'><strong>ἢ</strong></span> <span class='ocrx_word' id='word_1_580' title='bbox 1142 4402 1309 4476; x_wconf 86' lang='grc' dir='ltr'>μόνος</span> <span class='ocrx_word' id='word_1_581' title='bbox 1354 4404 1382 4459; x_wconf 87' lang='grc' dir='ltr'>ὁ</span> <span class='ocrx_word' id='word_1_582' title='bbox 1430 4405 1559 4467; x_wconf 86' lang='grc' dir='ltr'>Θεὸς</span> <span class='ocrx_word' id='word_1_583' title='bbox 1591 4405 1681 4460; x_wconf 88' lang='grc' dir='ltr'><strong>καὶ</strong></span> <span class='ocrx_word' id='word_1_584' title='bbox 1712 4407 1748 4475; x_wconf 75' lang='grc' dir='ltr'><strong>ἡ</strong></span> <span class='ocrx_word' id='word_1_585' title='bbox 1778 4410 1972 4461; x_wconf 79' lang='grc' dir='ltr'>τοῦτον</span> 
     </span>
    </p>
   </div>
   <div class='ocr_carea' id='block_1_79' title="bbox 314 4491 1973 4572">
    <p class='ocr_par' dir='ltr' id='par_1_79' title="bbox 314 4491 1973 4572">
     <span class='ocr_line' id='line_1_79' title="bbox 314 4491 1973 4572; baseline -0.001 -19"><span class='ocrx_word' id='word_1_586' title='bbox 314 4500 549 4553; x_wconf 78' lang='grc' dir='ltr'>τεκοῦσα</span> <span class='ocrx_word' id='word_1_587' title='bbox 578 4493 832 4569; x_wconf 86' lang='grc' dir='ltr'>ἀσπόρως</span> <span class='ocrx_word' id='word_1_588' title='bbox 882 4493 1167 4555; x_wconf 84' lang='grc' dir='ltr'>Θεοτόκος.</span> <span class='ocrx_word' id='word_1_589' title='bbox 1228 4497 1400 4550; x_wconf 80' lang='grc' dir='ltr'>Τοῦτο</span> <span class='ocrx_word' id='word_1_590' title='bbox 1454 4491 1512 4550; x_wconf 69' lang='grc' dir='ltr'>δὲ</span> <span class='ocrx_word' id='word_1_591' title='bbox 1558 4496 1763 4572; x_wconf 88' lang='grc' dir='ltr'>γίνεται</span> <span class='ocrx_word' id='word_1_592' title='bbox 1823 4491 1973 4558; x_wconf 74' lang='grc' dir='ltr'>ὅπως</span> 
     </span>
    </p>
   </div>
   <div class='ocr_carea' id='block_1_80' title="bbox 317 4583 1973 4662">
    <p class='ocr_par' dir='ltr' id='par_1_80' title="bbox 317 4583 1973 4662">
     <span class='ocr_line' id='line_1_80' title="bbox 317 4583 1973 4662; baseline 0.001 -22"><span class='ocrx_word' id='word_1_593' title='bbox 317 4583 471 4662; x_wconf 71' lang='grc' dir='ltr'>δείξῃ</span> <span class='ocrx_word' id='word_1_594' title='bbox 530 4584 586 4640; x_wconf 80' lang='grc' dir='ltr'><strong>έν</strong></span> <span class='ocrx_word' id='word_1_595' title='bbox 641 4586 779 4657; x_wconf 79' lang='grc' dir='ltr'>ἡμῖν</span> <span class='ocrx_word' id='word_1_596' title='bbox 837 4583 929 4638; x_wconf 83' lang='grc' dir='ltr'>καί</span> <span class='ocrx_word' id='word_1_597' title='bbox 988 4586 1121 4638; x_wconf 83' lang='grc' dir='ltr'>πᾶσι</span> <span class='ocrx_word' id='word_1_598' title='bbox 1173 4583 1390 4646; x_wconf 90' lang='grc' dir='ltr'>τούτοις</span> <span class='ocrx_word' id='word_1_599' title='bbox 1444 4585 1546 4653; x_wconf 88' lang='grc' dir='ltr'><strong>τήν</strong></span> <span class='ocrx_word' id='word_1_600' title='bbox 1579 4585 1771 4641; x_wconf 75' lang='grc' dir='ltr'>ἑαυτοῦ</span> <span class='ocrx_word' id='word_1_601' title='bbox 1816 4584 1973 4641; x_wconf 78' lang='grc' dir='ltr'>δυναο</span> 
     </span>
    </p>
   </div>
   <div class='ocr_carea' id='block_1_81' title="bbox 317 4672 1974 4750">
    <p class='ocr_par' dir='ltr' id='par_1_81' title="bbox 317 4672 1974 4750">
     <span class='ocr_line' id='line_1_81' title="bbox 317 4672 1974 4750; baseline 0 -20"><span class='ocrx_word' id='word_1_602' title='bbox 317 4676 522 4745; x_wconf 86' lang='grc' dir='ltr'>στείαν,</span> <span class='ocrx_word' id='word_1_603' title='bbox 580 4673 939 4747; x_wconf 82' lang='grc' dir='ltr'>καταπέμψας</span> <span class='ocrx_word' id='word_1_604' title='bbox 1000 4673 1136 4745; x_wconf 79' lang='grc' dir='ltr'>ἡμῖν</span> <span class='ocrx_word' id='word_1_605' title='bbox 1186 4673 1286 4741; x_wconf 80' lang='grc' dir='ltr'><strong>τήν</strong></span> <span class='ocrx_word' id='word_1_606' title='bbox 1344 4672 1511 4728; x_wconf 81' lang='grc' dir='ltr'>αύτοῦ</span> <span class='ocrx_word' id='word_1_607' title='bbox 1578 4675 1861 4750; x_wconf 84' lang='grc' dir='ltr'>βοήθειαν.</span> <span class='ocrx_word' id='word_1_608' title='bbox 1911 4677 1974 4734; x_wconf 92' lang='grc' dir='ltr'>Ὁ</span> 
     </span>
    </p>
   </div>
   <div class='ocr_carea' id='block_1_82' title="bbox 2156 3693 3742 3767">
    <p class='ocr_par' dir='ltr' id='par_1_82' title="bbox 2156 3693 3742 3767">
     <span class='ocr_line' id='line_1_82' title="bbox 2156 3693 3742 3767; baseline 0 -16"><span class='ocrx_word' id='word_1_609' title='bbox 2156 3698 2328 3751; x_wconf 80' lang='lat' dir='ltr'><strong>Anno</strong></span> <span class='ocrx_word' id='word_1_610' title='bbox 2360 3694 2593 3750; x_wconf 91' lang='lat' dir='ltr'><strong>decimo</strong></span> <span class='ocrx_word' id='word_1_611' title='bbox 2627 3695 3114 3767; x_wconf 88' lang='lat' dir='ltr'><strong>septimo,hieme</strong></span> <span class='ocrx_word' id='word_1_612' title='bbox 3146 3695 3209 3749; x_wconf 91' lang='lat' dir='ltr'><strong>in</strong></span> <span class='ocrx_word' id='word_1_613' title='bbox 3240 3693 3540 3750; x_wconf 85' lang='lat' dir='ltr'><strong>Persidem</strong></span> <span class='ocrx_word' id='word_1_614' title='bbox 3569 3696 3742 3751; x_wconf 90' lang='lat' dir='ltr'><strong>Hera-</strong></span> 
     </span>
    </p>
   </div>
   <div class='ocr_carea' id='block_1_83' title="bbox 2084 3783 3742 3856">
    <p class='ocr_par' dir='ltr' id='par_1_83' title="bbox 2084 3783 3742 3856">
     <span class='ocr_line' id='line_1_83' title="bbox 2084 3783 3742 3856; baseline 0 -17"><span class='ocrx_word' id='word_1_615' title='bbox 2084 3784 2235 3839; x_wconf 90' lang='lat' dir='ltr'><strong>clius</strong></span> <span class='ocrx_word' id='word_1_616' title='bbox 2265 3799 2401 3840; x_wconf 90' lang='lat' dir='ltr'><strong>cum</strong></span> <span class='ocrx_word' id='word_1_617' title='bbox 2430 3783 2634 3839; x_wconf 90' lang='lat' dir='ltr'><strong>Turcis</strong></span> <span class='ocrx_word' id='word_1_618' title='bbox 2682 3784 2987 3856; x_wconf 88' lang='lat' dir='ltr'><strong>ingressus</strong></span> <span class='ocrx_word' id='word_1_619' title='bbox 3044 3785 3365 3855; x_wconf 89' lang='lat' dir='ltr'><strong>improviso</strong></span> <span class='ocrx_word' id='word_1_620' title='bbox 3420 3784 3742 3839; x_wconf 83' lang='lat' dir='ltr'><strong>Chosroem</strong></span> 
     </span>
    </p>
   </div>
   <div class='ocr_carea' id='block_1_84' title="bbox 2083 3874 3743 3946">
    <p class='ocr_par' dir='ltr' id='par_1_84' title="bbox 2083 3874 3743 3946">
     <span class='ocr_line' id='line_1_84' title="bbox 2083 3874 3743 3946; baseline 0.001 -18"><span class='ocrx_word' id='word_1_621' title='bbox 2083 3874 2425 3946; x_wconf 88' lang='lat' dir='ltr'><strong>perterruit.</strong></span> <span class='ocrx_word' id='word_1_622' title='bbox 2444 3874 2557 3929; x_wconf 90' lang='lat' dir='ltr'><strong>Sed</strong></span> <span class='ocrx_word' id='word_1_623' title='bbox 2586 3875 2754 3930; x_wconf 89' lang='lat' dir='ltr'><strong>Turci</strong></span> <span class='ocrx_word' id='word_1_624' title='bbox 2792 3875 3049 3930; x_wconf 90' lang='lat' dir='ltr'><strong>hiemem</strong></span> <span class='ocrx_word' id='word_1_625' title='bbox 3070 3891 3137 3930; x_wconf 91' lang='lat' dir='ltr'><strong>ac</strong></span> <span class='ocrx_word' id='word_1_626' title='bbox 3166 3875 3407 3930; x_wconf 91' lang='lat' dir='ltr'><strong>crebras</strong></span> <span class='ocrx_word' id='word_1_627' title='bbox 3428 3876 3743 3930; x_wconf 85' lang='lat' dir='ltr'><strong>Persarum</strong></span> 
     </span>
    </p>
   </div>
   <div class='ocr_carea' id='block_1_85' title="bbox 2084 3963 3742 4036">
    <p class='ocr_par' dir='ltr' id='par_1_85' title="bbox 2084 3963 3742 4036">
     <span class='ocr_line' id='line_1_85' title="bbox 2084 3963 3742 4036; baseline 0 -18"><span class='ocrx_word' id='word_1_628' title='bbox 2084 3963 2466 4019; x_wconf 87' lang='lat' dir='ltr'><strong>excursiones</strong></span> <span class='ocrx_word' id='word_1_629' title='bbox 2480 3980 2631 4036; x_wconf 65' lang='lat' dir='ltr'><strong>azgre</strong></span> <span class='ocrx_word' id='word_1_630' title='bbox 2660 3963 2942 4031; x_wconf 85' lang='lat' dir='ltr'><strong>ferentes,</strong></span> <span class='ocrx_word' id='word_1_631' title='bbox 2958 3980 3154 4035; x_wconf 89' lang='lat' dir='ltr'><strong>neque</strong></span> <span class='ocrx_word' id='word_1_632' title='bbox 3185 3964 3509 4019; x_wconf 89' lang='lat' dir='ltr'><strong>tolerandis</strong></span> <span class='ocrx_word' id='word_1_633' title='bbox 3524 3980 3742 4018; x_wconf 78' lang='lat' dir='ltr'><strong>mrum-</strong></span> 
     </span>
    </p>
   </div>
   <div class='ocr_carea' id='block_1_86' title="bbox 2083 4052 3745 4125">
    <p class='ocr_par' dir='ltr' id='par_1_86' title="bbox 2083 4052 3745 4125">
     <span class='ocr_line' id='line_1_86' title="bbox 2083 4052 3745 4125; baseline 0.001 -18"><span class='ocrx_word' id='word_1_634' title='bbox 2083 4053 2179 4107; x_wconf 91' lang='lat' dir='ltr'><strong>nis</strong></span> <span class='ocrx_word' id='word_1_635' title='bbox 2211 4052 2403 4108; x_wconf 90' lang='lat' dir='ltr'><strong>socios</strong></span> <span class='ocrx_word' id='word_1_636' title='bbox 2436 4054 2589 4108; x_wconf 70' lang='lat'><strong>180</strong></span> <span class='ocrx_word' id='word_1_637' title='bbox 2621 4069 2683 4108; x_wconf 90' lang='lat' dir='ltr'><strong>se</strong></span> <span class='ocrx_word' id='word_1_638' title='bbox 2740 4054 3084 4125; x_wconf 89' lang='lat' dir='ltr'><strong>imperatori</strong></span> <span class='ocrx_word' id='word_1_639' title='bbox 3140 4054 3405 4125; x_wconf 63' lang='lat' dir='ltr'><strong>praebere</strong></span> <span class='ocrx_word' id='word_1_640' title='bbox 3451 4054 3745 4109; x_wconf 85' lang='lat' dir='ltr'><strong>sustinen-</strong></span> 
     </span>
    </p>
   </div>
   <div class='ocr_carea' id='block_1_87' title="bbox 2086 4142 3740 4215">
    <p class='ocr_par' dir='ltr' id='par_1_87' title="bbox 2086 4142 3740 4215">
     <span class='ocr_line' id='line_1_87' title="bbox 2086 4142 3740 4215; baseline 0.001 -19"><span class='ocrx_word' id='word_1_641' title='bbox 2086 4147 2196 4208; x_wconf 89' lang='lat' dir='ltr'><strong>tes,</strong></span> <span class='ocrx_word' id='word_1_642' title='bbox 2232 4142 2521 4215; x_wconf 85' lang='lat' dir='ltr'><strong>paulatim</strong></span> <span class='ocrx_word' id='word_1_643' title='bbox 2546 4160 2615 4198; x_wconf 84' lang='lat' dir='ltr'><strong>ex</strong></span> <span class='ocrx_word' id='word_1_644' title='bbox 2648 4144 2859 4198; x_wconf 87' lang='lat' dir='ltr'><strong>castris</strong></span> <span class='ocrx_word' id='word_1_645' title='bbox 2884 4142 3456 4215; x_wconf 88' lang='lat' dir='ltr'><strong>dilabi,tandemque</strong></span> <span class='ocrx_word' id='word_1_646' title='bbox 3477 4144 3740 4199; x_wconf 87' lang='lat' dir='ltr'><strong>universi</strong></span> 
     </span>
    </p>
   </div>
   <div class='ocr_carea' id='block_1_88' title="bbox 2089 4234 3813 4312">
    <p class='ocr_par' dir='ltr' id='par_1_88' title="bbox 2089 4234 3813 4312">
     <span class='ocr_line' id='line_1_88' title="bbox 2089 4234 3813 4312; baseline 0 -23"><span class='ocrx_word' id='word_1_647' title='bbox 2089 4234 2343 4291; x_wconf 90' lang='lat' dir='ltr'><strong>desertis</strong></span> <span class='ocrx_word' id='word_1_648' title='bbox 2376 4235 2657 4290; x_wconf 86' lang='lat' dir='ltr'><strong>Romanis</strong></span> <span class='ocrx_word' id='word_1_649' title='bbox 2688 4234 2930 4289; x_wconf 91' lang='lat' dir='ltr'><strong>domum</strong></span> <span class='ocrx_word' id='word_1_650' title='bbox 2988 4234 3201 4291; x_wconf 87' lang='lat' dir='ltr'><strong>reverti</strong></span> <span class='ocrx_word' id='word_1_651' title='bbox 3247 4240 3572 4307; x_wconf 71' lang='lat' dir='ltr'><strong>cmperunt.</strong></span> <span class='ocrx_word' id='word_1_652' title='bbox 3596 4237 3742 4290; x_wconf 88' lang='lat' dir='ltr'><strong>Tum</strong></span> <span class='ocrx_word' id='word_1_653' title='bbox 3804 4304 3813 4312; x_wconf 40' lang='lat'><strong>.</strong></span> 
     </span>
    </p>
   </div>
   <div class='ocr_carea' id='block_1_89' title="bbox 2085 4323 3738 4397">
    <p class='ocr_par' dir='ltr' id='par_1_89' title="bbox 2085 4323 3738 4397">
     <span class='ocr_line' id='line_1_89' title="bbox 2085 4323 3738 4397; baseline 0.002 -19"><span class='ocrx_word' id='word_1_654' title='bbox 2085 4323 2416 4397; x_wconf 89' lang='lat' dir='ltr'><strong>imperator</strong></span> <span class='ocrx_word' id='word_1_655' title='bbox 2450 4341 2589 4380; x_wconf 90' lang='lat' dir='ltr'><strong>suos</strong></span> <span class='ocrx_word' id='word_1_656' title='bbox 2619 4325 2701 4379; x_wconf 91' lang='lat' dir='ltr'><strong>ita</strong></span> <span class='ocrx_word' id='word_1_657' title='bbox 2731 4329 2821 4379; x_wconf 90' lang='lat' dir='ltr'><strong>est</strong></span> <span class='ocrx_word' id='word_1_658' title='bbox 2871 4323 3200 4379; x_wconf 89' lang='lat' dir='ltr'><strong>allocutus:</strong></span> <span class='ocrx_word' id='word_1_659' title='bbox 3225 4325 3470 4391; x_wconf 80' lang='lat' dir='ltr'><strong>Videtis,</strong></span> <span class='ocrx_word' id='word_1_660' title='bbox 3503 4325 3738 4393; x_wconf 83' lang='lat' dir='ltr'><strong>fratres,</strong></span> 
     </span>
    </p>
   </div>
   <div class='ocr_carea' id='block_1_90' title="bbox 2084 4412 3742 4485">
    <p class='ocr_par' dir='ltr' id='par_1_90' title="bbox 2084 4412 3742 4485">
     <span class='ocr_line' id='line_1_90' title="bbox 2084 4412 3742 4485; baseline 0.002 -19"><span class='ocrx_word' id='word_1_661' title='bbox 2084 4413 2386 4467; x_wconf 89' lang='lat' dir='ltr'><strong>neminem</strong></span> <span class='ocrx_word' id='word_1_662' title='bbox 2421 4412 2595 4467; x_wconf 90' lang='lat' dir='ltr'><strong>nobis</strong></span> <span class='ocrx_word' id='word_1_663' title='bbox 2627 4412 2834 4468; x_wconf 84' lang='lat' dir='ltr'><strong>adesse</strong></span> <span class='ocrx_word' id='word_1_664' title='bbox 2866 4412 3015 4468; x_wconf 89' lang='lat' dir='ltr'><strong>velle</strong></span> <span class='ocrx_word' id='word_1_665' title='bbox 3036 4417 3453 4485; x_wconf 68' lang='lat' dir='ltr'><strong>praeterunum</strong></span> <span class='ocrx_word' id='word_1_666' title='bbox 3478 4415 3661 4469; x_wconf 91' lang='lat' dir='ltr'><strong>Deum</strong></span> <span class='ocrx_word' id='word_1_667' title='bbox 3682 4420 3742 4470; x_wconf 91' lang='lat' dir='ltr'><strong>et</strong></span> 
     </span>
    </p>
   </div>
   <div class='ocr_carea' id='block_1_91' title="bbox 2084 4502 3739 4575">
    <p class='ocr_par' dir='ltr' id='par_1_91' title="bbox 2084 4502 3739 4575">
     <span class='ocr_line' id='line_1_91' title="bbox 2084 4502 3739 4575; baseline 0.001 -18"><span class='ocrx_word' id='word_1_668' title='bbox 2084 4518 2217 4573; x_wconf 64' lang='lat' dir='ltr'><strong>qua:</strong></span> <span class='ocrx_word' id='word_1_669' title='bbox 2247 4518 2386 4558; x_wconf 91' lang='lat' dir='ltr'><strong>eum</strong></span> <span class='ocrx_word' id='word_1_670' title='bbox 2418 4503 2545 4558; x_wconf 90' lang='lat' dir='ltr'><strong>sine</strong></span> <span class='ocrx_word' id='word_1_671' title='bbox 2578 4502 2804 4557; x_wconf 90' lang='lat' dir='ltr'><strong>semine</strong></span> <span class='ocrx_word' id='word_1_672' title='bbox 2831 4502 3063 4574; x_wconf 89' lang='lat' dir='ltr'><strong>peperit</strong></span> <span class='ocrx_word' id='word_1_673' title='bbox 3096 4502 3567 4575; x_wconf 84' lang='lat' dir='ltr'><strong>Virginem.Ideo</strong></span> <span class='ocrx_word' id='word_1_674' title='bbox 3589 4505 3739 4559; x_wconf 79' lang='lat' dir='ltr'><strong>{itut</strong></span> 
     </span>
    </p>
   </div>
   <div class='ocr_carea' id='block_1_92' title="bbox 2086 4591 3740 4651">
    <p class='ocr_par' dir='ltr' id='par_1_92' title="bbox 2086 4591 3740 4651">
     <span class='ocr_line' id='line_1_92' title="bbox 2086 4591 3740 4651; baseline 0.003 -5"><span class='ocrx_word' id='word_1_675' title='bbox 2086 4591 2320 4647; x_wconf 63' lang='lat' dir='ltr'><strong>coalitus</strong></span> <span class='ocrx_word' id='word_1_676' title='bbox 2351 4592 2521 4647; x_wconf 92' lang='lat' dir='ltr'><strong>nobis</strong></span> <span class='ocrx_word' id='word_1_677' title='bbox 2543 4592 2725 4647; x_wconf 89' lang='lat' dir='ltr'><strong>misso</strong></span> <span class='ocrx_word' id='word_1_678' title='bbox 2756 4592 2971 4647; x_wconf 85' lang='lat' dir='ltr'><strong>auxilio</strong></span> <span class='ocrx_word' id='word_1_679' title='bbox 3029 4592 3091 4647; x_wconf 90' lang='lat' dir='ltr'><strong>in</strong></span> <span class='ocrx_word' id='word_1_680' title='bbox 3152 4593 3323 4648; x_wconf 88' lang='lat' dir='ltr'><strong>nobis</strong></span> <span class='ocrx_word' id='word_1_681' title='bbox 3361 4609 3430 4648; x_wconf 91' lang='lat' dir='ltr'><strong>ac</strong></span> <span class='ocrx_word' id='word_1_682' title='bbox 3461 4595 3740 4651; x_wconf 91' lang='lat' dir='ltr'><strong>omnibus</strong></span> 
     </span>
    </p>
   </div>
   <div class='ocr_carea' id='block_1_93' title="bbox 2086 4680 3739 4754">
    <p class='ocr_par' dir='ltr' id='par_1_93' title="bbox 2086 4680 3739 4754">
     <span class='ocr_line' id='line_1_93' title="bbox 2086 4680 3739 4754; baseline 0.003 -20"><span class='ocrx_word' id='word_1_683' title='bbox 2086 4680 2216 4734; x_wconf 90' lang='lat' dir='ltr'><strong>istis</strong></span> <span class='ocrx_word' id='word_1_684' title='bbox 2248 4697 2413 4736; x_wconf 88' lang='lat' dir='ltr'><strong>suam</strong></span> <span class='ocrx_word' id='word_1_685' title='bbox 2448 4681 2817 4736; x_wconf 89' lang='lat' dir='ltr'><strong>demonstret</strong></span> <span class='ocrx_word' id='word_1_686' title='bbox 2844 4683 3191 4754; x_wconf 89' lang='lat' dir='ltr'><strong>potentiam.</strong></span> <span class='ocrx_word' id='word_1_687' title='bbox 3225 4684 3517 4739; x_wconf 88' lang='lat' dir='ltr'><strong>Chosroes</strong></span> <span class='ocrx_word' id='word_1_688' title='bbox 3546 4686 3739 4741; x_wconf 88' lang='lat' dir='ltr'><strong>omni-</strong></span> 
     </span>
    </p>
   </div>
   <div class='ocr_carea' id='block_1_94' title="bbox 322 4759 1976 4847">
    <p class='ocr_par' dir='ltr' id='par_1_94' title="bbox 322 4759 1976 4839">
     <span class='ocr_line' id='line_1_94' title="bbox 322 4759 1976 4839; baseline -0.008 -18"><span class='ocrx_word' id='word_1_689' title='bbox 322 4763 382 4821; x_wconf 77' lang='grc' dir='ltr'>δὲ</span> <span class='ocrx_word' id='word_1_690' title='bbox 410 4764 661 4839; x_wconf 84' lang='grc' dir='ltr'>Χοσρόης</span> <span class='ocrx_word' id='word_1_691' title='bbox 716 4761 1039 4834; x_wconf 70' lang='grc' dir='ltr'>ξπισυνάεας</span> <span class='ocrx_word' id='word_1_692' title='bbox 1105 4759 1280 4816; x_wconf 81' lang='grc' dir='ltr'>πάντα</span> <span class='ocrx_word' id='word_1_693' title='bbox 1336 4762 1404 4816; x_wconf 85' lang='grc' dir='ltr'><strong>τὰ</strong></span> <span class='ocrx_word' id='word_1_694' title='bbox 1461 4764 1836 4838; x_wconf 78' lang='grc' dir='ltr'>στρατεύματα</span> <span class='ocrx_word' id='word_1_695' title='bbox 1877 4765 1976 4821; x_wconf 71' lang='grc' dir='ltr'><strong>αὖ-</strong></span> 
     </span>
    </p>
   </div>
   <div class='ocr_carea' id='block_1_95' title="bbox 2092 4759 3740 4847">
    <p class='ocr_par' dir='ltr' id='par_1_95' title="bbox 2092 4771 3740 4847">
     <span class='ocr_line' id='line_1_95' title="bbox 2092 4771 3740 4847; baseline 0.004 -21"><span class='ocrx_word' id='word_1_696' title='bbox 2092 4771 2197 4827; x_wconf 90' lang='lat' dir='ltr'><strong>bus</strong></span> <span class='ocrx_word' id='word_1_697' title='bbox 2228 4772 2351 4827; x_wconf 91' lang='lat' dir='ltr'><strong>suis</strong></span> <span class='ocrx_word' id='word_1_698' title='bbox 2383 4772 2740 4828; x_wconf 88' lang='lat' dir='ltr'><strong>exercitibus</strong></span> <span class='ocrx_word' id='word_1_699' title='bbox 2770 4774 3090 4829; x_wconf 88' lang='lat' dir='ltr'><strong>contractis</strong></span> <span class='ocrx_word' id='word_1_700' title='bbox 3141 4775 3393 4846; x_wconf 75' lang='lat' dir='ltr'><strong>prmficit</strong></span> <span class='ocrx_word' id='word_1_701' title='bbox 3433 4778 3740 4847; x_wconf 78' lang='lat' dir='ltr'><strong>Razasten,</strong></span> 
     </span>
    </p>
   </div>
   <div class='ocr_carea' id='block_1_96' title="bbox 316 4848 1978 4930">
    <p class='ocr_par' dir='ltr' id='par_1_96' title="bbox 316 4848 1978 4930">
     <span class='ocr_line' id='line_1_96' title="bbox 316 4848 1978 4930; baseline -0.006 -20"><span class='ocrx_word' id='word_1_702' title='bbox 316 4859 415 4911; x_wconf 79' lang='grc' dir='ltr'><strong>τοῦ</strong></span> <span class='ocrx_word' id='word_1_703' title='bbox 468 4848 845 4930; x_wconf 81' lang='grc' dir='ltr'>προϐάλλεται</span> <span class='ocrx_word' id='word_1_704' title='bbox 899 4851 1086 4913; x_wconf 78' lang='grc' dir='ltr'>αὐτοῖς</span> <span class='ocrx_word' id='word_1_705' title='bbox 1145 4852 1446 4928; x_wconf 88' lang='grc' dir='ltr'>στρατηγὸν</span> <span class='ocrx_word' id='word_1_706' title='bbox 1499 4852 1821 4927; x_wconf 68' lang='grc' dir='ltr'>Ῥαζάστην,</span> <span class='ocrx_word' id='word_1_707' title='bbox 1884 4854 1978 4911; x_wconf 76' lang='grc' dir='ltr'><strong>ἄν..</strong></span> 
     </span>
    </p>
   </div>
   <div class='ocr_carea' id='block_1_97' title="bbox 318 4937 1976 5022">
    <p class='ocr_par' dir='ltr' id='par_1_97' title="bbox 318 4937 1976 5022">
     <span class='ocr_line' id='line_1_97' title="bbox 318 4937 1976 5022; baseline 0.001 -22"><span class='ocrx_word' id='word_1_708' title='bbox 318 4942 421 5020; x_wconf 86' lang='grc' dir='ltr'><strong>δρα</strong></span> <span class='ocrx_word' id='word_1_709' title='bbox 451 4943 901 5017; x_wconf 85' lang='grc' dir='ltr'>πολεμικώτατον</span> <span class='ocrx_word' id='word_1_710' title='bbox 942 4940 1033 4996; x_wconf 83' lang='grc' dir='ltr'><strong>καὶ</strong></span> <span class='ocrx_word' id='word_1_711' title='bbox 1062 4937 1334 5017; x_wconf 84' lang='grc' dir='ltr'>ἀνδρεῖον,</span> <span class='ocrx_word' id='word_1_712' title='bbox 1359 4941 1451 4997; x_wconf 85' lang='grc' dir='ltr'><strong>καὶ</strong></span> <span class='ocrx_word' id='word_1_713' title='bbox 1479 4944 1618 4999; x_wconf 87' lang='grc' dir='ltr'><strong>κατά</strong></span> <span class='ocrx_word' id='word_1_714' title='bbox 1646 4943 1976 5022; x_wconf 79' lang='grc' dir='ltr'>Ἡρακλείου</span> 
     </span>
    </p>
   </div>
   <div class='ocr_carea' id='block_1_98' title="bbox 314 5028 1973 5110">
    <p class='ocr_par' dir='ltr' id='par_1_98' title="bbox 314 5028 1973 5110">
     <span class='ocr_line' id='line_1_98' title="bbox 314 5028 1973 5110; baseline 0.002 -22"><span class='ocrx_word' id='word_1_715' title='bbox 314 5035 541 5108; x_wconf 74' lang='grc' dir='ltr'>πέμπει.</span> <span class='ocrx_word' id='word_1_716' title='bbox 571 5034 634 5092; x_wconf 79' lang='lat'><strong>&#39;0</strong></span> <span class='ocrx_word' id='word_1_717' title='bbox 690 5029 750 5088; x_wconf 81' lang='grc' dir='ltr'>δὶ</span> <span class='ocrx_word' id='word_1_718' title='bbox 807 5028 1065 5106; x_wconf 83' lang='grc' dir='ltr'>βασιλεὺς</span> <span class='ocrx_word' id='word_1_719' title='bbox 1119 5030 1217 5093; x_wconf 88' lang='grc' dir='ltr'><strong>τάς</strong></span> <span class='ocrx_word' id='word_1_720' title='bbox 1270 5051 1331 5087; x_wconf 85' lang='grc' dir='ltr'><strong>τε</strong></span> <span class='ocrx_word' id='word_1_721' title='bbox 1392 5030 1582 5095; x_wconf 76' lang='grc' dir='ltr'>πόλεις</span> <span class='ocrx_word' id='word_1_722' title='bbox 1649 5033 1739 5089; x_wconf 83' lang='grc' dir='ltr'><strong>καὶ</strong></span> <span class='ocrx_word' id='word_1_723' title='bbox 1781 5036 1973 5110; x_wconf 86' lang='grc' dir='ltr'>κώμας</span> 
     </span>
    </p>
   </div>
   <div class='ocr_carea' id='block_1_99' title="bbox 2085 4860 3745 4938">
    <p class='ocr_par' dir='ltr' id='par_1_99' title="bbox 2085 4860 3745 4938">
     <span class='ocr_line' id='line_1_99' title="bbox 2085 4860 3745 4938; baseline 0.004 -23"><span class='ocrx_word' id='word_1_724' title='bbox 2085 4861 2276 4916; x_wconf 89' lang='lat' dir='ltr'><strong>virum</strong></span> <span class='ocrx_word' id='word_1_725' title='bbox 2306 4860 2832 4918; x_wconf 83' lang='lat' dir='ltr'><strong>bellicosissimam</strong></span> <span class='ocrx_word' id='word_1_726' title='bbox 2863 4879 2930 4919; x_wconf 93' lang='lat' dir='ltr'><strong>ac</strong></span> <span class='ocrx_word' id='word_1_727' title='bbox 2951 4862 3170 4938; x_wconf 80' lang='lat' dir='ltr'><strong>insigni</strong></span> <span class='ocrx_word' id='word_1_728' title='bbox 3200 4863 3745 4934; x_wconf 85' lang='lat' dir='ltr'><strong>fortitudine,eum-</strong></span> 
     </span>
    </p>
   </div>
   <div class='ocr_carea' id='block_1_100' title="bbox 2086 4949 3742 5028">
    <p class='ocr_par' dir='ltr' id='par_1_100' title="bbox 2086 4949 3742 5028">
     <span class='ocr_line' id='line_1_100' title="bbox 2086 4949 3742 5028; baseline 0.003 -22"><span class='ocrx_word' id='word_1_729' title='bbox 2086 4966 2200 5023; x_wconf 91' lang='lat' dir='ltr'><strong>que</strong></span> <span class='ocrx_word' id='word_1_730' title='bbox 2234 4949 2516 5007; x_wconf 89' lang='lat' dir='ltr'><strong>adversus</strong></span> <span class='ocrx_word' id='word_1_731' title='bbox 2569 4952 2907 5008; x_wconf 84' lang='lat' dir='ltr'><strong>Heraclium</strong></span> <span class='ocrx_word' id='word_1_732' title='bbox 2962 4954 3167 5010; x_wconf 91' lang='lat' dir='ltr'><strong>mittit.</strong></span> <span class='ocrx_word' id='word_1_733' title='bbox 3218 4954 3522 5011; x_wconf 85' lang='lat' dir='ltr'><strong>Heraclius</strong></span> <span class='ocrx_word' id='word_1_734' title='bbox 3575 4956 3742 5028; x_wconf 81' lang='lat' dir='ltr'><strong>pagis</strong></span> 
     </span>
    </p>
   </div>
   <div class='ocr_carea' id='block_1_101' title="bbox 2083 5040 3738 5117">
    <p class='ocr_par' dir='ltr' id='par_1_101' title="bbox 2083 5040 3738 5117">
     <span class='ocr_line' id='line_1_101' title="bbox 2083 5040 3738 5117; baseline 0.002 -22"><span class='ocrx_word' id='word_1_735' title='bbox 2083 5040 2453 5111; x_wconf 87' lang='lat' dir='ltr'><strong>urbibusque</strong></span> <span class='ocrx_word' id='word_1_736' title='bbox 2483 5041 2744 5098; x_wconf 91' lang='lat' dir='ltr'><strong>Persidis</strong></span> <span class='ocrx_word' id='word_1_737' title='bbox 2773 5042 2909 5116; x_wconf 83' lang='lat' dir='ltr'><strong>igne</strong></span> <span class='ocrx_word' id='word_1_738' title='bbox 2936 5045 3233 5115; x_wconf 86' lang='lat' dir='ltr'><strong>evastatis,</strong></span> <span class='ocrx_word' id='word_1_739' title='bbox 3258 5049 3316 5101; x_wconf 92' lang='lat' dir='ltr'><strong>et</strong></span> <span class='ocrx_word' id='word_1_740' title='bbox 3343 5044 3561 5113; x_wconf 86' lang='lat' dir='ltr'><strong>Persis,</strong></span> <span class='ocrx_word' id='word_1_741' title='bbox 3589 5061 3738 5117; x_wconf 90' lang='lat' dir='ltr'><strong>quos</strong></span> 
     </span>
    </p>
   </div>
   <div class='ocr_carea' id='block_1_102' title="bbox 1513 5133 2524 5195">
    <p class='ocr_par' dir='ltr' id='par_1_102' title="bbox 1513 5133 2524 5195">
     <span class='ocr_line' id='line_1_102' title="bbox 1513 5133 2524 5195; baseline 0.006 -7"><span class='ocrx_word' id='word_1_742' title='bbox 1513 5133 1881 5191; x_wconf 76' lang='lat' dir='ltr'><strong>XYLANDRI</strong></span> <span class='ocrx_word' id='word_1_743' title='bbox 1919 5138 2008 5192; x_wconf 90' lang='lat' dir='ltr'><strong>ET</strong></span> <span class='ocrx_word' id='word_1_744' title='bbox 2044 5139 2264 5195; x_wconf 81' lang='lat' dir='ltr'><strong>GOARI</strong></span> <span class='ocrx_word' id='word_1_745' title='bbox 2302 5139 2524 5194; x_wconf 70' lang='lat' dir='ltr'><strong>NOTE.</strong></span> 
     </span>
    </p>
   </div>
   <div class='ocr_carea' id='block_1_103' title="bbox 386 5246 1969 5323">
    <p class='ocr_par' dir='ltr' id='par_1_103' title="bbox 386 5246 1969 5323">
     <span class='ocr_line' id='line_1_103' title="bbox 386 5246 1969 5323; baseline -0.001 -16"><span class='ocrx_word' id='word_1_746' title='bbox 386 5252 496 5323; x_wconf 71' lang='grc'>(49)</span> <span class='ocrx_word' id='word_1_747' title='bbox 518 5247 811 5323; x_wconf 72' lang='lat' dir='ltr'><strong>Naviculaa</strong></span> <span class='ocrx_word' id='word_1_748' title='bbox 840 5246 1154 5303; x_wconf 83' lang='lat' dir='ltr'><strong>ﬂuviatiles</strong></span> <span class='ocrx_word' id='word_1_749' title='bbox 1196 5263 1342 5323; x_wconf 13' lang='lat' dir='ltr'><strong>uno,</strong></span> <span class='ocrx_word' id='word_1_750' title='bbox 1375 5247 1537 5323; x_wconf 82' lang='lat' dir='ltr'><strong>ligno</strong></span> <span class='ocrx_word' id='word_1_751' title='bbox 1569 5255 1849 5307; x_wconf 89' lang='lat' dir='ltr'><strong>excavato</strong></span> <span class='ocrx_word' id='word_1_752' title='bbox 1881 5256 1969 5307; x_wconf 93' lang='lat' dir='ltr'><strong>tu-</strong></span> 
     </span>
    </p>
   </div>
   <div class='ocr_carea' id='block_1_104' title="bbox 313 5315 1968 5392">
    <p class='ocr_par' dir='ltr' id='par_1_104' title="bbox 313 5315 1968 5392">
     <span class='ocr_line' id='line_1_104' title="bbox 313 5315 1968 5392; baseline -0.001 -14"><span class='ocrx_word' id='word_1_753' title='bbox 313 5315 636 5378; x_wconf 83' lang='lat' dir='ltr'><strong>multuario</strong></span> <span class='ocrx_word' id='word_1_754' title='bbox 689 5325 1057 5392; x_wconf 64' lang='lat' dir='ltr'><strong>praeparatas,</strong></span> <span class='ocrx_word' id='word_1_755' title='bbox 1119 5315 1395 5392; x_wconf 77' lang='grc' dir='ltr'>μονόξυλα</span> <span class='ocrx_word' id='word_1_756' title='bbox 1424 5315 1668 5384; x_wconf 61' lang='lat' dir='ltr'><strong>&#39;dictm,</strong></span> <span class='ocrx_word' id='word_1_757' title='bbox 1769 5341 1968 5377; x_wconf 72' lang='grc' dir='ltr'>σκαφαι</span> 
     </span>
    </p>
   </div>
   <div class='ocr_carea' id='block_1_105' title="bbox 309 5390 1967 5467">
    <p class='ocr_par' dir='ltr' id='par_1_105' title="bbox 309 5390 1967 5467">
     <span class='ocr_line' id='line_1_105' title="bbox 309 5390 1967 5467; baseline 0.002 -19"><span class='ocrx_word' id='word_1_758' title='bbox 309 5392 571 5467; x_wconf 84' lang='grc' dir='ltr'>γλύπταί,</span> <span class='ocrx_word' id='word_1_759' title='bbox 603 5390 935 5467; x_wconf 61' lang='grc' dir='ltr'>εωέοαιραιπ</span> <span class='ocrx_word' id='word_1_760' title='bbox 964 5390 1267 5467; x_wconf 81' lang='lat' dir='ltr'><strong>nimirum</strong></span> <span class='ocrx_word' id='word_1_761' title='bbox 1321 5398 1387 5467; x_wconf 72' lang='lat' dir='ltr'><strong>et</strong></span> <span class='ocrx_word' id='word_1_762' title='bbox 1411 5393 1706 5467; x_wconf 83' lang='lat' dir='ltr'><strong>scalpello</strong></span> <span class='ocrx_word' id='word_1_763' title='bbox 1741 5396 1967 5467; x_wconf 90' lang='lat' dir='ltr'><strong>rudiori</strong></span> 
     </span>
    </p>
   </div>
   <div class='ocr_carea' id='block_1_106' title="bbox 312 5462 1968 5523">
    <p class='ocr_par' dir='ltr' id='par_1_106' title="bbox 312 5462 1968 5523">
     <span class='ocr_line' id='line_1_106' title="bbox 312 5462 1968 5523; baseline -0.001 0"><span class='ocrx_word' id='word_1_764' title='bbox 312 5462 524 5523; x_wconf 80' lang='lat' dir='ltr'><strong>trunco</strong></span> <span class='ocrx_word' id='word_1_765' title='bbox 557 5466 907 5521; x_wconf 70' lang='lat' dir='ltr'><strong>ell‘ormataa.</strong></span> <span class='ocrx_word' id='word_1_766' title='bbox 944 5466 1164 5517; x_wconf 84' lang='lat' dir='ltr'><strong>Auctor</strong></span> <span class='ocrx_word' id='word_1_767' title='bbox 1188 5462 1261 5517; x_wconf 86' lang='lat' dir='ltr'><strong>de</strong></span> <span class='ocrx_word' id='word_1_768' title='bbox 1316 5463 1529 5520; x_wconf 88' lang='lat' dir='ltr'><strong>iisdem</strong></span> <span class='ocrx_word' id='word_1_769' title='bbox 1549 5462 1867 5522; x_wconf 66' lang='lat' dir='ltr'><strong>sexcentis</strong></span> <span class='ocrx_word' id='word_1_770' title='bbox 1907 5468 1968 5521; x_wconf 90' lang='lat' dir='ltr'><strong>in</strong></span> 
     </span>
    </p>
   </div>
   <div class='ocr_carea' id='block_1_107' title="bbox 311 5534 1967 5610">
    <p class='ocr_par' dir='ltr' id='par_1_107' title="bbox 311 5534 1967 5610">
     <span class='ocr_line' id='line_1_107' title="bbox 311 5534 1967 5610; baseline -0.001 -16"><span class='ocrx_word' id='word_1_771' title='bbox 311 5540 482 5605; x_wconf 86' lang='lat' dir='ltr'><strong>locis,</strong></span> <span class='ocrx_word' id='word_1_772' title='bbox 516 5537 619 5591; x_wconf 91' lang='lat' dir='ltr'><strong>ubi</strong></span> <span class='ocrx_word' id='word_1_773' title='bbox 650 5535 723 5590; x_wconf 91' lang='lat' dir='ltr'><strong>de</strong></span> <span class='ocrx_word' id='word_1_774' title='bbox 752 5534 958 5592; x_wconf 76' lang='lat' dir='ltr'><strong>Russis</strong></span> <span class='ocrx_word' id='word_1_775' title='bbox 987 5540 1048 5588; x_wconf 92' lang='lat' dir='ltr'><strong>et</strong></span> <span class='ocrx_word' id='word_1_776' title='bbox 1073 5534 1400 5610; x_wconf 76' lang='lat' dir='ltr'><strong>Patzinacis</strong></span> <span class='ocrx_word' id='word_1_777' title='bbox 1444 5537 1809 5593; x_wconf 86' lang='lat' dir='ltr'><strong>mentionem</strong></span> <span class='ocrx_word' id='word_1_778' title='bbox 1829 5539 1967 5610; x_wconf 83' lang='lat' dir='ltr'><strong>agit.</strong></span> 
     </span>
    </p>
   </div>
   <div class='ocr_carea' id='block_1_108' title="bbox 316 5606 1971 5680">
    <p class='ocr_par' dir='ltr' id='par_1_108' title="bbox 316 5606 1971 5680">
     <span class='ocr_line' id='line_1_108' title="bbox 316 5606 1971 5680; baseline -0.002 -12"><span class='ocrx_word' id='word_1_779' title='bbox 316 5611 497 5668; x_wconf 87' lang='lat' dir='ltr'><strong>Usum</strong></span> <span class='ocrx_word' id='word_1_780' title='bbox 547 5624 777 5680; x_wconf 85' lang='lat' dir='ltr'><strong>earum,</strong></span> <span class='ocrx_word' id='word_1_781' title='bbox 823 5612 883 5662; x_wconf 91' lang='lat' dir='ltr'><strong>et</strong></span> <span class='ocrx_word' id='word_1_782' title='bbox 939 5622 1057 5680; x_wconf 83' lang='lat' dir='ltr'><strong>qua</strong></span> <span class='ocrx_word' id='word_1_783' title='bbox 1099 5606 1331 5680; x_wconf 81' lang='lat' dir='ltr'><strong>ratione</strong></span> <span class='ocrx_word' id='word_1_784' title='bbox 1384 5624 1490 5680; x_wconf 88' lang='lat' dir='ltr'><strong>per</strong></span> <span class='ocrx_word' id='word_1_785' title='bbox 1538 5613 1756 5664; x_wconf 87' lang='lat' dir='ltr'><strong>terram</strong></span> <span class='ocrx_word' id='word_1_786' title='bbox 1814 5606 1971 5666; x_wconf 73' lang='lat' dir='ltr'><strong>trahi</strong></span> 
     </span>
    </p>
   </div>
   <div class='ocr_carea' id='block_1_109' title="bbox 314 5675 1967 5746">
    <p class='ocr_par' dir='ltr' id='par_1_109' title="bbox 314 5675 1967 5746">
     <span class='ocr_line' id='line_1_109' title="bbox 314 5675 1967 5746; baseline 0 -9"><span class='ocrx_word' id='word_1_787' title='bbox 314 5682 411 5738; x_wconf 83' lang='lat' dir='ltr'><strong>vel</strong></span> <span class='ocrx_word' id='word_1_788' title='bbox 438 5680 747 5739; x_wconf 87' lang='lat' dir='ltr'><strong>hominum</strong></span> <span class='ocrx_word' id='word_1_789' title='bbox 768 5675 1035 5735; x_wconf 80' lang='lat' dir='ltr'><strong>humeris</strong></span> <span class='ocrx_word' id='word_1_790' title='bbox 1077 5675 1307 5733; x_wconf 87' lang='lat' dir='ltr'><strong>soleant</strong></span> <span class='ocrx_word' id='word_1_791' title='bbox 1359 5675 1771 5746; x_wconf 75' lang='lat' dir='ltr'><strong>transportari,</strong></span> <span class='ocrx_word' id='word_1_792' title='bbox 1803 5696 1967 5739; x_wconf 86' lang='lat' dir='ltr'><strong>enar-</strong></span> 
     </span>
    </p>
   </div>
   <div class='ocr_carea' id='block_1_110' title="bbox 316 5748 1966 5827">
    <p class='ocr_par' dir='ltr' id='par_1_110' title="bbox 316 5748 1966 5827">
     <span class='ocr_line' id='line_1_110' title="bbox 316 5748 1966 5827; baseline -0.001 -15"><span class='ocrx_word' id='word_1_793' title='bbox 316 5759 412 5812; x_wconf 87' lang='lat' dir='ltr'><strong>rat</strong></span> <span class='ocrx_word' id='word_1_794' title='bbox 484 5751 786 5808; x_wconf 80' lang='lat' dir='ltr'><strong>fusissime</strong></span> <span class='ocrx_word' id='word_1_795' title='bbox 844 5748 1270 5807; x_wconf 87' lang='lat' dir='ltr'><strong>Constantinus</strong></span> <span class='ocrx_word' id='word_1_796' title='bbox 1327 5752 1405 5807; x_wconf 85' lang='lat' dir='ltr'><strong>De</strong></span> <span class='ocrx_word' id='word_1_797' title='bbox 1468 5748 1683 5823; x_wconf 80' lang='lat' dir='ltr'><strong>admin,</strong></span> <span class='ocrx_word' id='word_1_798' title='bbox 1744 5754 1875 5827; x_wconf 77' lang='lat' dir='ltr'><strong>imp.</strong></span> <span class='ocrx_word' id='word_1_799' title='bbox 1914 5771 1966 5812; x_wconf 91' lang='lat' dir='ltr'><strong>c.</strong></span> 
     </span>
    </p>
   </div>
   <div class='ocr_carea' id='block_1_111' title="bbox 2076 5253 3729 5332">
    <p class='ocr_par' dir='ltr' id='par_1_111' title="bbox 2076 5253 3729 5332">
     <span class='ocr_line' id='line_1_111' title="bbox 2076 5253 3729 5332; baseline 0.005 -23"><span class='ocrx_word' id='word_1_800' title='bbox 2076 5270 2199 5332; x_wconf 69' lang='lat' dir='ltr'><strong>vui,</strong></span> <span class='ocrx_word' id='word_1_801' title='bbox 2229 5253 2302 5309; x_wconf 90' lang='lat' dir='ltr'><strong>de</strong></span> <span class='ocrx_word' id='word_1_802' title='bbox 2361 5254 2809 5312; x_wconf 74' lang='lat' dir='ltr'><strong>Patzinacarum</strong></span> <span class='ocrx_word' id='word_1_803' title='bbox 2867 5253 2920 5309; x_wconf 87' lang='grc' dir='ltr'><strong>έν</strong></span> <span class='ocrx_word' id='word_1_804' title='bbox 2980 5254 3304 5328; x_wconf 74' lang='grc' dir='ltr'>μονοξύλοις</span> <span class='ocrx_word' id='word_1_805' title='bbox 3337 5260 3729 5332; x_wconf 82' lang='lat' dir='ltr'><strong>navigatione.</strong></span> 
     </span>
    </p>
   </div>
   <div class='ocr_carea' id='block_1_112' title="bbox 2079 5328 2259 5382">
    <p class='ocr_par' dir='ltr' id='par_1_112' title="bbox 2079 5328 2259 5382">
     <span class='ocr_line' id='line_1_112' title="bbox 2079 5328 2259 5382; baseline -0.017 0"><span class='ocrx_word' id='word_1_806' title='bbox 2079 5328 2259 5382; x_wconf 67' lang='lat' dir='ltr'><strong>Gen.</strong></span> 
     </span>
    </p>
   </div>
   <div class='ocr_carea' id='block_1_113' title="bbox 2155 5398 3161 5540">
    <p class='ocr_par' dir='ltr' id='par_1_113' title="bbox 2155 5398 3161 5540">
     <span class='ocr_line' id='line_1_113' title="bbox 2178 5399 3161 5468; baseline 0.005 -17"><span class='ocrx_word' id='word_1_807' title='bbox 2178 5399 2269 5468; x_wconf 84' lang='lat'><strong>50)</strong></span> <span class='ocrx_word' id='word_1_808' title='bbox 2289 5399 2530 5453; x_wconf 90' lang='lat' dir='ltr'><strong>Portum</strong></span> <span class='ocrx_word' id='word_1_809' title='bbox 2557 5401 2597 5454; x_wconf 78' lang='grc' dir='ltr'>Ο</span> <span class='ocrx_word' id='word_1_810' title='bbox 2642 5399 2954 5455; x_wconf 89' lang='lat' dir='ltr'><strong>olitanum.</strong></span> <span class='ocrx_word' id='word_1_811' title='bbox 2984 5401 3161 5456; x_wconf 52' lang='lat' dir='ltr'><strong>Gosn.</strong></span> 
     </span>
     <span class='ocr_line' id='line_1_114' title="bbox 2155 5398 3161 5540; baseline 0.005 -18"><span class='ocrx_word' id='word_1_812' title='bbox 2155 5398 2269 5540; x_wconf 65' lang='grc'>(51)</span> <span class='ocrx_word' id='word_1_813' title='bbox 2302 5470 2526 5525; x_wconf 85' lang='lat' dir='ltr'><strong>Exinde</strong></span> <span class='ocrx_word' id='word_1_814' title='bbox 2558 5416 2700 5526; x_wconf 60' lang='lat' dir='ltr'><strong>ilruc</strong></span> <span class='ocrx_word' id='word_1_815' title='bbox 2732 5471 2842 5527; x_wconf 90' lang='lat' dir='ltr'><strong>loci</strong></span> <span class='ocrx_word' id='word_1_816' title='bbox 2875 5471 3161 5527; x_wconf 78' lang='lat' dir='ltr'><strong>ﬁebatsec</strong></span> 
     </span>
    </p>
   </div>
   <div class='ocr_carea' id='block_1_114' title="bbox 2182 5470 3736 5539">
    <p class='ocr_par' dir='ltr' id='par_1_114' title="bbox 2182 5470 3736 5539">
     <span class='ocr_line' id='line_1_115' title="bbox 2182 5470 3736 5539; baseline 0.006 -17"><span class='ocrx_word' id='word_1_817' title='bbox 2182 5472 2269 5539; x_wconf 82' lang='grc'><strong>51)</strong></span> <span class='ocrx_word' id='word_1_818' title='bbox 2302 5470 2526 5525; x_wconf 85' lang='lat' dir='ltr'><strong>Exinde</strong></span> <span class='ocrx_word' id='word_1_819' title='bbox 2558 5470 2700 5526; x_wconf 93' lang='lat' dir='ltr'><strong>illuc</strong></span> <span class='ocrx_word' id='word_1_820' title='bbox 2732 5471 2842 5527; x_wconf 90' lang='lat' dir='ltr'><strong>loci</strong></span> <span class='ocrx_word' id='word_1_821' title='bbox 2875 5471 3392 5527; x_wconf 78' lang='lat' dir='ltr'><strong>ﬂebatsecundum</strong></span> <span class='ocrx_word' id='word_1_822' title='bbox 3424 5475 3736 5539; x_wconf 84' lang='lat' dir='ltr'><strong>antiquum</strong></span> 
     </span>
    </p>
   </div>
   <div class='ocr_carea' id='block_1_115' title="bbox 2082 5543 3739 5625">
    <p class='ocr_par' dir='ltr' id='par_1_115' title="bbox 2082 5543 3739 5625">
     <span class='ocr_line' id='line_1_116' title="bbox 2082 5543 3739 5625; baseline 0.005 -31"><span class='ocrx_word' id='word_1_823' title='bbox 2082 5543 2645 5625; x_wconf 55' lang='lat' dir='ltr'><strong>typumprocessio,</strong></span> <span class='ocrx_word' id='word_1_824' title='bbox 2679 5544 3081 5625; x_wconf 34' lang='lat' dir='ltr'><strong>cujuerituni</strong></span> <span class='ocrx_word' id='word_1_825' title='bbox 3130 5550 3194 5625; x_wconf 82' lang='lat' dir='ltr'><strong>et</strong></span> <span class='ocrx_word' id='word_1_826' title='bbox 3238 5561 3447 5625; x_wconf 73' lang='lat' dir='ltr'><strong>preces</strong></span> <span class='ocrx_word' id='word_1_827' title='bbox 3495 5543 3739 5625; x_wconf 76' lang='lat' dir='ltr'><strong>exhibet</strong></span> 
     </span>
    </p>
   </div>
   <div class='ocr_carea' id='block_1_116' title="bbox 2081 5611 3736 5745">
    <p class='ocr_par' dir='ltr' id='par_1_116' title="bbox 2081 5611 3736 5745">
     <span class='ocr_line' id='line_1_117' title="bbox 2081 5611 3736 5688; baseline 0.005 -22"><span class='ocrx_word' id='word_1_828' title='bbox 2081 5611 2506 5685; x_wconf 80' lang='lat' dir='ltr'><strong>Euchologium</strong></span> <span class='ocrx_word' id='word_1_829' title='bbox 2537 5611 3022 5669; x_wconf 39' lang='lat' dir='ltr'><strong>recens—editum.</strong></span> <span class='ocrx_word' id='word_1_830' title='bbox 3042 5617 3216 5671; x_wconf 86' lang='lat' dir='ltr'><strong>Petra</strong></span> <span class='ocrx_word' id='word_1_831' title='bbox 3235 5611 3342 5669; x_wconf 81' lang='lat' dir='ltr'><strong>illa</strong></span> <span class='ocrx_word' id='word_1_832' title='bbox 3367 5634 3487 5688; x_wconf 62' lang='lat' dir='ltr'><strong>prae</strong></span> <span class='ocrx_word' id='word_1_833' title='bbox 3529 5621 3736 5675; x_wconf 87' lang='lat' dir='ltr'><strong>randis</strong></span> 
     </span>
     <span class='ocr_line' id='line_1_118' title="bbox 2081 5636 3734 5745; baseline 0.004 -6"><span class='ocrx_word' id='word_1_834' title='bbox 2081 5689 2191 5745; x_wconf 85' lang='lat' dir='ltr'><strong>est.</strong></span> <span class='ocrx_word' id='word_1_835' title='bbox 2222 5700 2427 5741; x_wconf 87' lang='lat' dir='ltr'><strong>versus</strong></span> <span class='ocrx_word' id='word_1_836' title='bbox 2456 5691 2687 5745; x_wconf 77' lang='lat' dir='ltr'><strong>portam</strong></span> <span class='ocrx_word' id='word_1_837' title='bbox 2736 5685 3154 5745; x_wconf 79' lang='lat' dir='ltr'><strong>Adrianopolis</strong></span> <span class='ocrx_word' id='word_1_838' title='bbox 3202 5687 3446 5743; x_wconf 90' lang='lat' dir='ltr'><strong>nomine</strong></span> <span class='ocrx_word' id='word_1_839' title='bbox 3491 5636 3734 5745; x_wconf 58' lang='lat' dir='ltr'><strong>gictam.</strong></span> 
     </span>
    </p>
   </div>
   <div class='ocr_carea' id='block_1_117' title="bbox 2080 5685 3734 5812">
    <p class='ocr_par' dir='ltr' id='par_1_117' title="bbox 2080 5685 3734 5812">
     <span class='ocr_line' id='line_1_119' title="bbox 2080 5685 3734 5812; baseline 0.006 -75"><span class='ocrx_word' id='word_1_840' title='bbox 2080 5689 2191 5812; x_wconf 52' lang='lat' dir='ltr'><strong>at,</strong></span> <span class='ocrx_word' id='word_1_841' title='bbox 2222 5700 2427 5741; x_wconf 87' lang='lat' dir='ltr'><strong>versus</strong></span> <span class='ocrx_word' id='word_1_842' title='bbox 2456 5691 2687 5758; x_wconf 89' lang='lat' dir='ltr'><strong>portam</strong></span> <span class='ocrx_word' id='word_1_843' title='bbox 2736 5685 3154 5757; x_wconf 79' lang='lat' dir='ltr'><strong>Adrianopolis</strong></span> <span class='ocrx_word' id='word_1_844' title='bbox 3202 5685 3446 5743; x_wconf 71' lang='lat' dir='ltr'><strong>nomine</strong></span> <span class='ocrx_word' id='word_1_845' title='bbox 3491 5685 3734 5747; x_wconf 83' lang='lat' dir='ltr'><strong>dictam.</strong></span> 
     </span>
     <span class='ocr_line' id='line_1_120' title="bbox 2163 5772 2255 5812; baseline -0.011 0"><span class='ocrx_word' id='word_1_846' title='bbox 2163 5772 2255 5812; x_wconf 74' lang='grc' dir='ltr'>Αιι.</span> 
     </span>
    </p>
   </div>
   <div class='ocr_carea' id='block_1_118' title="bbox 2163 5772 2255 5812">
    <p class='ocr_par' dir='ltr' id='par_1_118' title="bbox 2163 5772 2255 5812">
     <span class='ocr_line' id='line_1_121' title="bbox 2163 5772 2255 5812; baseline -0.011 0"><span class='ocrx_word' id='word_1_847' title='bbox 2163 5772 2255 5812; x_wconf 74' lang='grc' dir='ltr'>Αιι.</span> 
     </span>
    </p>
   </div>
  </div>
