4120 6424
345 407 467 467 199

1714 398 2035 461 GEORGII
2079 396 2420 459 CEDRENI

3652 402 3781 465 800

345 539 623 611 cepisset;
656 537 848 611 gladio
880 532 1470 606 interfectis,Octobri
1502 549 1709 591 mense
1729 531 1996 589 Chamai-

2110 527 2375 604 Περσίδος
2406 527 2727 605 ἐπυρπόλει,
2785 529 2877 585 καὶ
2932 528 3062 593 τοὺς
3122 529 3527 607 κρατουμένους
3565 536 3778 612 Πέρσας

347 628 448 684 tha
477 627 782 701 regionem
841 631 1108 697 occupat,
1168 625 1369 696 ibique
1420 626 1451 679 ’1
1511 623 1745 679 dierum
1803 622 2006 693 quiete

346 717 675 772 exercitum
702 715 910 770 reﬁcit.
948 714 1378 785 Insequebatur
1419 730 1454 768 a
1513 718 1674 785 tergo
1706 714 2005 782 Razastes,

351 806 477 873 sed,
503 805 661 876 quod
702 804 949 860 Romani
1008 804 1290 858 alimenta
1337 803 1539 858 omnia
1591 801 2007 870 absumebant,

345 896 500 951 fame
534 895 871 966 urgebatur,
906 910 1092 963 eaque
1126 893 1315 949 multa
1340 894 1527 964 ipsius
1550 892 1828 963 jumenta
1849 890 2004 961 peri-

349 986 512 1042 bant.
548 986 744 1040 Prima
788 983 1127 1038 Decembris
1180 984 1277 1038 die
1334 982 1642 1038 Heraclius
1685 981 1838 1035 Zaba
1894 979 2006 1033 ilu-

344 1075 504 1128 mine
540 1073 783 1144 trajectu
836 1071 994 1127 haud
1026 1072 1234 1143 procul
1264 1071 1469 1126 Ninive
1501 1074 1957 1125 castramctatur
1989 1078 2004 1128 ί

344 1162 674 1234 eodemque
718 1164 991 1217 Razastes
1056 1161 1414 1232 supervenit.
1477 1162 1622 1214 Tum
1683 1159 2009 1229 imperator

342 1255 597 1308 Boanem
621 1252 918 1308 exercitus
950 1251 1164 1307 ducem
1223 1267 1360 1306 cum
1417 1249 1664 1305 delectis
1714 1248 2008 1304 militibus

345 1344 550 1416 paucis
583 1342 820 1397 emittit.
847 1344 901 1397 Is
936 1342 999 1396 in
1029 1340 1291 1396 bandum
1358 1338 1664 1395 Persicum
1711 1337 2004 1405 incidens;

346 1432 599 1503 reliquis
622 1430 859 1497 occisis,
893 1432 960 1484 26
992 1434 1198 1500 captos
1236 1429 1309 1483 ad
1359 1427 1695 1483 Heracliam
1742 1425 2004 1494 adducit,

347 1522 605 1578 afferens
633 1536 754 1574 una
783 1523 960 1590 caput
991 1517 1224 1573 comitis
1243 1533 1449 1572 eorum
1470 1516 1669 1588 etejus
1689 1515 2007 1587 pugionem

348 1625 421 1662 ex
450 1607 642 1663 solido
675 1623 840 1674 auro,
865 1622 934 1661 ac
965 1607 1221 1661 Razastaa
1253 1604 1632 1676 armigerum.
1666 1601 2008 1658 Hicindicat

341 1697 613 1754 Heraclio
645 1696 980 1751 decrevisse
1009 1698 1318 1751 Razastem
1350 1693 1554 1766 praelio
1603 1692 1908 1765 congredi,
1936 1709 2005 1748 ac

339 1788 455 1842 tria
483 1792 849 1843 armatorum
879 1786 1136 1841 milliaei
1167 1801 1202 1841 a
1231 1786 1486 1840 Cliosroe
1517 1782 2000 1851 missa,nondum

2114 617 2408 704 évs‘ilevAév
2437 619 2702 694 ῥομφαίᾳ.
2736 622 2823 693 [Ρ.
2857 625 2985 695 417]
3040 627 3129 695 Τῷ
3183 619 3505 698 Ὀκτωϐρῖῳ
3536 623 3596 681 δὲ
3637 649 3753 702 μην

2114 702 2410 764 κατέλαϐεν
2461 708 2538 769 εἰς
2596 711 2697 778 τήν
2761 711 2947 786 χώραν
2995 712 3271 785 Χαμαϊθᾶ,
3336 715 3426 768 καὶ
3458 712 3785 774 διανέπαυσε

2111 797 2202 853 τὸν
2261 796 2392 853 λαὸν
2450 794 2729 870 ἑϐδομάδα
2785 798 2936 871 μίαν.
2986 801 3048 858 Ὀ
3099 802 3398 873 Ῥαζάστης
3454 801 3513 859 δὲ
3597 804 3781 871 ἐλθὼν

2116 886 2410 957 ἠκολούθει
2442 883 2681 958 ὄπισθεν,
2714 889 2804 943 καὶ
2860 893 2966 943 τῶν
3018 891 3312 962 Ῥωμαίων
3368 892 3777 951 ἀναλισκόντων

2111 977 2210 1037 τὰς
2265 978 2468 1053 τροφὰς
2524 972 2740 1032 ὄπισθεν
2799 977 2961 1038 αὐτὸς
3018 981 3219 1034 πεινῶν
3304 979 3626 1051 ἠκολούθει,
3702 987 3784 1051 ὡς

2114 1063 2300 1120 πολλὰ
2329 1069 2439 1119 τῶν
2470 1062 2692 1142 ἀλόγων
2725 1066 2890 1121 αὐτοῦ
2940 1063 3324 1144 διαφθαρῆναι.
3392 1072 3447 1123 Ὀ
3503 1069 3559 1127 δὲ
3618 1075 3782 1149 βασι·

2115 1152 2244 1216 λεὺς
2275 1158 2344 1228 τῇ
2376 1156 2568 1230 πρώτῃ
2627 1160 2726 1210 τοῦ
2785 1151 3123 1231 Δεκεμϐρίου
3183 1160 3359 1231 μηνὸς
3417 1155 3611 1225 διαϐὰς
3683 1162 3781 1218 τὸν

2114 1239 2289 1297 Ζαϐἆν
2321 1243 2571 1316 ποταμὸν
2603 1242 2842 1313 πλησίον
2874 1252 2973 1316 τῆς
3003 1243 3222 1308 πόλεως
3264 1252 3308 1303 Ν
3321 1248 3456 1304 ινευΐ
3511 1252 3787 1322 κατεσκή-

2113 1354 2270 1388 νωσε.
2306 1328 2582 1390 Κατέλαϐε
2613 1331 2789 1389 δὲκαὶ
2840 1336 2868 1390 ὁ
2920 1335 3235 1407 Ῥαζάστης.
3284 1340 3344 1395 Ὀ
3401 1336 3459 1394 δὲ
3521 1339 3783 1415 βασιλεὺς

2111 1421 2442 1479 ἀποστέλλει
2475 1423 2685 1494 Βοάνην
2717 1425 2812 1478 τὸν
2861 1424 3241 1499 στρατηλάτην
3306 1428 3421 1501 μετ’
3478 1426 3785 1485 ἐπιλέκτων

2115 1516 2466 1586 στρατιωτῶν
2525 1510 2752 1588 ὀλίγων.
2806 1515 2865 1572 Ὀ
2925 1511 2984 1569 δὲ
3043 1514 3169 1591 εὗρε
3212 1513 3408 1592 βάνδον
3470 1519 3587 1592 (52)
3665 1524 3783 1575 τῶν

2117 1604 2360 1675 Ηερσῶν,
2393 1600 2444 1672 ἐξ
2476 1602 2550 1657 ὧν
2578 1608 2654 1664 xc‘
2703 1605 2977 1677 κρατήσας
3029 1604 3228 1682 ἤνεγκε
3282 1607 3420 1681 πρὸς
3478 1608 3571 1662 τὸν
3620 1611 3787 1683 βασι-

2115 1689 2233 1760 λέα,
2265 1688 2392 1752 τοὺς
2437 1689 2647 1753 ἄλλους
2706 1692 2987 1770 φονεύσας.
3027 1695 3260 1772 Ἥνεγκε
3309 1693 3366 1751 δὲ
3418 1696 3507 1752 καὶ
3556 1698 3657 1767 τὴν
3689 1718 3784 1754 κε-

2115 1779 2296 1858 φαλὴν
2353 1784 2451 1836 τοῦ
2507 1782 2758 1856 κόμητος
2808 1782 2986 1838 αὐτῶν
3042 1783 3132 1839 καὶ
3189 1785 3252 1841 τὸ
3337 1786 3561 1842 σπαθίον
3613 1787 3786 1844 αὐτοῦ

340 1883 541 1933 tamen
604 1878 746 1932 731
805 1876 1140 1933 advenisse.
1205 1875 1307 1929 His
1366 1874 1620 1947 cognitis
1680 1874 1999 1944 imperator

2114 1870 2426 1946 ὁλόχρυσον
2468 1872 2677 1926 καὶτὸν
2722 1871 3021 1945 σπαθάριον
3080 1878 3177 1929 τοῦ
3209 1874 3527 1949 Ῥαζάστου,
3569 1871 3630 1939 ὅς
3685 1878 3781 1933 καὶ

344 1967 575 2023 tuldum
608 1967 937 2040 prmmittit,
961 1973 1138 2039 atque
1198 1966 1323 2038 ipse
1378 1965 1764 2036 subsequitur
1824 1982 1838 2033 ;
1890 1980 1999 2019 na-

348 2062 595 2128 ctusque
617 2057 813 2112 locum
847 2061 1252 2129 opportunum
1298 2055 1506 2112 statuit
1555 2070 1812 2127 pugnam
1844 2069 2002 2108 com-

346 2147 604 2215 mittere,
636 2147 982 2218 priusquam
1036 2145 1111 2200 ad
1150 2147 1453 2201 Razastem
1503 2144 1616 2199 tria
1654 2143 1767 2197 ista
1810 2143 2003 2199 millia

344 2235 716 2290 accederent.
748 2236 836 2289 Ita
864 2239 1001 2289 ante
1032 2234 1181 2287 alios
1201 2249 1408 2287 omnes
1430 2231 1748 2303 prosiliens
1765 2230 1997 2287 ductori

341 2324 577 2379 cuidam
610 2326 924 2379 Persarum
950 2328 1112 2378 vasto
1143 2321 1373 2377 homini
1433 2321 1709 2386 occurrit,
1742 2337 1998 2392 eumque

334 2414 433 2467 Dei
457 2418 514 2468 et
547 2412 810 2483 Deiparas
835 2411 1055 2467 auxilio
1086 2411 1330 2483 dejicit:
1367 2417 1491 2465 tum
1522 2410 1707 2465 alium
1729 2426 1796 2466 ac
1821 2427 1996 2482 porro

338 2505 600 2572 tertium,
635 2504 735 2576 qui
771 2504 824 2559 ei
865 2504 1035 2560 hasta
1085 2502 1310 2558 labium
1370 2502 1683 2558 sauciarat.
1743 2503 1830 2557 Ita
1870 2507 1996 2557 tum

341 2595 462 2650 acri
494 2594 700 2666 praelio
748 2600 1043 2659 conserto,
1103 2595 1394 2658 Razastes,
1451 2609 1519 2647 ac
1578 2592 1679 2663 qui
1741 2608 1876 2646 cum
1925 2608 1994 2646 eo

342 2687 512 2739 erant
536 2683 1021 2755 ductores,prope
1056 2699 1266 2738 omnes
1295 2680 1655 2736 ceciderunt.
1681 2681 1992 2751 majorque

342 2774 634 2828 exercitus
693 2789 898 2828 eorum
955 2788 1113 2843 pars.
1173 2773 1253 2827 De
1313 2770 1593 2827 Romanis
1650 2770 1995 2825 ceciderunt

341 2862 875 2933 quinquaginta,ex
904 2862 1121 2932 quibus
1153 2860 1361 2915 decem
1392 2859 1613 2914 mortui
1634 2859 1991 2913 sunt.Dura-

338 2952 418 3005 vit
449 2968 646 3023 pugna
676 2968 710 3007 a
741 2950 1081 3023 primaluce
1113 2967 1301 3022 usque
1334 2949 1409 3005 ad
1432 2963 1993 3019 vesperam,acneu—

335 3040 409 3094 tri
435 3041 563 3095 loco
595 3046 921 3095 cesserunt.
954 3043 1076 3095 Nox
1131 3056 1202 3095 ea
1249 3040 1449 3111 quieta
1506 3039 1634 3093 fuit.
1688 3036 1801 3092 Sed
1832 3037 1992 3092 circa

340 3130 547 3184 horam
580 3129 770 3185 noctis
795 3135 1058 3185 octavam
1092 3131 1283 3183 Persas
1316 3129 1437 3183 suis
1454 3126 1632 3182 rebus
1653 3125 1993 3181 difﬁdentes

339 3218 603 3274 evulsum
630 3218 849 3273 vallum
869 3218 928 3271 in
953 3217 1171 3272 montis
1203 3217 1396 3289 asperi
1431 3216 1641 3287 pedem
1676 3214 1996 3270 transtule-

2113 1963 2228 2018 εἶπε
2256 1968 2337 2035 τῷ
2372 1961 2611 2037 βασιλεῖ,
2672 1961 2756 2018 ὅτι
2818 1962 3138 2038 Ὠρισμένος
3198 1964 3341 2020 ἐστὶν
3397 1968 3425 2022 ὁ
3476 1968 3785 2040 Ῥαζάστης

2114 2051 2437 2126 πολεμῆσαί
2495 2074 2604 2120 σοι,
2662 2052 2751 2108 καὶ
2830 2052 3182 2129 τρισχιλίους
3239 2053 3622 2131 ὡπλισμένους
3669 2058 3785 2114 ἀπ-

2113 2140 2351 2197 έστειλεν
2383 2142 2531 2216 αὖτῷ
2583 2137 2859 2217 Χοσρόης,
2918 2142 3046 2200 ἀλλ’
3126 2145 3310 2219 ἀκμὴν
3368 2145 3467 2202 οὐκ
3517 2144 3778 2225 ἔφθασαν.

2110 2233 2291 2288 Ταῦτα
2335 2233 2521 2305 μαθὼν
2555 2233 2582 2287 ὁ
2649 2231 2905 2307 βασιλεὺς
2964 2233 3367 2308 προαπέστειλε
3415 2236 3479 2291 τὸ
3534 2234 3783 2294 τοῦλδον

2109 2315 2411 2395 ἔμπροσθεν
2441 2321 2529 2376 καὶ
2563 2321 2727 2384 αὐτὸς
2793 2320 3182 2391 ἐπηκολούθει.
3245 2325 3433 2400 Εὐρὼν
3490 2322 3549 2380 δὲ
3604 2327 3782 2383 τόπον

2108 2407 2416 2481 ἐπιτήδειον
2450 2410 2690 2483 ἠθέλησε
2722 2408 3024 2485 συμϐαλεῖν
3076 2411 3324 2486 πόλεμον
3387 2415 3522 2486 μετᾶ
3583 2416 3785 2486 Ῥαζά-

2108 2520 2236 2555 στου
2266 2500 2371 2575 πρὸ
2401 2504 2498 2556 τοῦ
2524 2501 2790 2571 ἒνωθῆναι
2821 2508 2938 2564 τοῖς
2992 2501 3357 2578 τρισχιλίοις.
3422 2505 3521 2560 Καὶ
3552 2525 3796 2580 προπη-

2106 2586 2277 2658 δήσας
2307 2589 2520 2645 πάντων
2552 2591 2580 2645 ὁ
2615 2588 2873 2665 βασιλεὺς
2929 2590 3157 2667 ἄρχοντι
3206 2592 3434 2667 μεγάλῳ
3460 2599 3570 2648 τῶν
3633 2598 3786 2668 ΙΙερ-

2105 2684 2212 2734 σῶν
2243 2684 2491 2750 συναντᾷ,
2523 2680 2613 2734 καὶ
2651 2681 2721 2751 τῇ
2751 2684 2847 2735 τοῦ
2878 2686 3012 2736 Θεοῦ
3056 2678 3279 2753 δυνάμει
3338 2684 3429 2737 καὶ
3484 2689 3585 2753 τῆς
3642 2691 3777 2740 Θεο-

2101 2768 2267 2824 τόκου
2297 2764 2635 2825 καταϐάλλει
2662 2773 2875 2828 τοῦτον.
2909 2770 3040 2827 Εἶτα
3095 2771 3186 2826 καὶ
3247 2769 3496 2844 δεύτερον
3558 2773 3780 2845 ὁμοίιος

2105 2858 2195 2913 ναὶ
2224 2858 2431 2933 τρίτον,
2466 2857 2613 2921 ὅστις
2647 2857 2817 2915 ἔδωκε
2846 2864 2927 2932 τῷ
2980 2858 3200 2935 βασιλεῖ
3242 2860 3379 2932 μετὰ
3437 2859 3667 2937 δόρατος
3693 2862 3780 2926 εἷς

2103 2948 2167 3003 τὸ
2196 2946 2407 3023 χεῖλος.
2449 2948 2652 3027 Μάχης
2683 2949 2773 3003 οὗν
2805 2949 3165 3023 κροτηθείσης
3210 2947 3446 3027 σφοδρᾶς
3488 2951 3677 3006 πίπτει
3739 2954 3769 3007 ὁ

2115 3038 2414 3107 Ῥαζάστης
2445 3037 2532 3092 καὶ
2564 3038 2615 3092 οἱ
2646 3036 2911 3116 ἄρχοντες
2944 3038 3110 3093 αὐτοῦ
3170 3037 3366 3114 σχεδὸν
3426 3039 3622 3102 πάντες
3670 3042 3771 3096 καί

2105 3127 2168 3181 τὸ
2199 3125 2456 3181 πλεῖστον
2484 3131 2580 3182 τοῦ
2612 3131 2842 3202 στρατοῦ
2874 3126 3062 3186 αὐτοῦ.
3107 3130 3338 3184 ’Ὶεὶπεσον
3383 3125 3441 3183 δὲ
3497 3130 3767 3203 Ῥωμαῖοι

2110 3218 2472 3286 πεντήκοντα,
2504 3214 2556 3285 ἐξ
2588 3217 2662 3269 ὧν
2706 3213 2833 3271 δέκα
2858 3216 3146 3282 ἀπέθανον.
3187 3219 3403 3273 Ἵστατο
3454 3215 3513 3273 δὲ
3571 3220 3599 3274 ὁ
3667 3219 3769 3275 πό-

338 3314 497 3363 runt.
524 3308 773 3364 Romani
806 3308 1044 3363 invento
1072 3309 1328 3363 Razastaa
1388 3305 1672 3361 cadavere
1721 3304 1997 3375 clypeum

2110 3302 2282 3377 λεμος
2309 3305 2414 3359 ἀπὸ
2458 3303 2670 3380 πρωΐας
2717 3305 2822 3368 ’ὲως
2882 3306 3028 3382 ὥρας
3067 3303 3376 3380 ἑνδεκάτης,
3434 3309 3524 3363 καὶ
3582 3310 3770 3386 τροπὴ

338 3397 467 3467 ejus
499 3403 687 3453 totum
710 3414 981 3465 aureum,
1022 3403 1147 3452 tum
1197 3396 1443 3451 loricam
1502 3402 1557 3451 et
1616 3394 1999 3449 brachiorum

339 3486 749 3557 integumenta
778 3504 845 3541 ac
875 3486 1105 3550 sellam,
1138 3485 1340 3540 omnia
1363 3502 1432 3540 ex
1465 3484 1655 3540 solido
1687 3499 1832 3539 auro
1859 3499 2005 3538 con-

336 3574 510 3639 fecta,
571 3573 967 3642 abstulerunt,
1028 3591 1263 3629 necnon
1319 3572 1794 3644 scaramangium
1848 3572 1999 3643 ejus.

344 3662 509 3715 Multi
541 3662 720 3716 etiam
753 3665 944 3718 Persa:
987 3663 1096 3718 vivi
1130 3663 1192 3717 in
1224 3667 1579 3733 potestatem
1605 3662 1867 3717 hostium
1897 3679 2003 3717 ve-

340 3755 579 3805 nerunt.
648 3753 974 3823 Imperator
1030 3756 1347 3823 postquam
1412 3768 1654 3806 suorum
1740 3751 2002 3807 militum

347 3842 579 3896 animos
610 3842 879 3897 oratione
919 3843 1311 3912 conﬁrmavit,
1362 3842 1423 3897 in
1482 3843 1783 3899 Chosroen
1814 3842 1998 3912 ducit,

349 3930 434 3985 uti
466 3931 624 3986 hunc
659 3937 880 3986 teri-ore
912 3932 1143 4003 objecto
1186 3948 1253 3987 eo
1285 3932 1484 4005 adigat
1539 3938 1605 3988 ut
1652 3933 1703 3988 is
1733 3931 1805 3988 ab
1850 3932 1999 3987 obsi-

348 4023 527 4078 dione
583 4023 840 4095 Byzantii
918 4024 1236 4080 Sarbarum
1288 4029 1542 4080 revocet.
1576 4026 2000 4095 Transgressus

347 4129 482 4184 ergo
511 4114 672 4183 parvi
704 4112 870 4168 laba:
899 4120 1113 4185 pontes
1144 4114 1205 4168 in
1247 4114 1474 4169 aedibus
1514 4113 1887 4169 Jesdemouis
1918 4114 2003 4168 di-

344 4202 540 4268 vertit,
575 4203 776 4273 ibique
796 4204 1011 4261 Christi
1048 4204 1315 4259 Natalem
1373 4204 1710 4260 celebravit.
1746 4204 1894 4259 Hinc
1926 4203 1999 4259 ad

342 4291 507 4346 aliud
528 4292 803 4347 Cliosroae
835 4294 1122 4363 palatium
1158 4294 1336 4361 venit,
1389 4293 1549 4364 quod
1576 4296 1733 4349 Busa
1760 4292 2002 4348 diceba-

340 4386 458 4449 tur,
494 4380 674 4452 idque
705 4382 930 4438 evertit.
975 4383 1114 4438 Inde
1166 4382 1329 4438 aliud
1383 4388 1631 4455 occupat
1685 4382 1997 4455 palatium,

346 4472 592 4526 nomine
619 4473 767 4527 732
802 4473 1159 4527 Beclamum.
1192 4474 1259 4526 In
1292 4489 1360 4527 eo
1393 4478 1520 4528 erat
1548 4472 1740 4527 circus
1776 4477 1836 4527 et
1864 4470 1997 4527 alti-

2110 3393 2210 3449 οὐκ
2265 3393 2494 3471 ἐγένετο.
2549 3396 2649 3452 Καὶ
2710 3396 2810 3463 τήν
2861 3396 2956 3468 μὲν
3038 3396 3204 3451 νύκτα
3265 3396 3569 3472 ἡσύχασαν,
3642 3401 3770 3475 περὶ

2113 3481 2258 3556 ὥραν
2293 3481 2350 3539 δὲ
2382 3484 2434 3555 η’
2463 3490 2565 3553 τῆς
2595 3485 2783 3546 νυκτὸς
2843 3480 3105 3547 Λαϐόντες
3159 3486 3211 3540 οἱ
3269 3484 3465 3554 Πέρσαι
3513 3488 3575 3542 τὸ
3635 3509 3773 3565 (poo-

2114 3574 2272 3629 σάτον
2302 3571 2478 3629 αὐτῶν
2507 3572 2861 3643 ἠπλήκευσαν
2899 3573 2975 3635 εἰς
3031 3571 3201 3637 πόδας
3261 3574 3420 3650 ὄρους
3474 3582 3769 3652 τραχεινοῦ

2112 3657 2369 3739 ἔμφοϐοι.
2404 3664 2472 3719 Οἱ
2504 3664 2770 3735 Ῥωμαῖοι
2803 3659 2862 3717 δὲ
2899 3663 3145 3738 εὑρόντες
3194 3664 3287 3719 τὸν
3338 3667 3437 3719 τοῦ
3475 3665 3773 3735 Ῥαζάστου

2112 3751 2301 3827 νεκρὸν
2334 3746 2532 3807 ἔλαϐον
2563 3751 2625 3807 τὸ
2684 3750 3005 3827 σκουτάριον
3037 3751 3202 3808 αὐτοῦ
3244 3752 3555 3833 ὁλόχρυσον
3583 3754 3673 3809 καὶ
3704 3757 3771 3812 τὸ

2114 3840 2316 3916 λωρίον
2493 3843 2673 3898 καὶτὰ
2708 3838 2999 3922 βραχιόνια
3024 3847 3133 3915 (54)
3165 3844 3331 3898 αὐτοῦ
3375 3844 3464 3899 καὶ
3516 3846 3618 3913 τήν
3649 3843 3774 3900 σέλ-

2113 3930 2236 4001 λαν,
2267 3932 2442 3988 πάντα
2473 3931 2756 4008 ὁλόχρυσα
2785 3933 2877 3988 καὶ
2911 3933 2974 3988 τὸ
3033 3934 3441 4008 σκαραμάγγιον
3501 3937 3616 4005 (55)
3666 3934 3767 3989 αὖα

2111 4021 2228 4080 τοῦ.
2263 4020 2659 4096 Κωεσχέθησαν
2695 4018 2752 4076 δὲ
2789 4020 2881 4076 καὶ
2941 4026 3139 4091 ζῶντες
3200 4021 3424 4077 πολλοί.
3469 4024 3530 4078 Ὀ
3572 4021 3628 4077 δὲ
3663 4025 3769 4097 βα-

2112 4107 2294 4172 σιλεὺς
2364 4113 2767 4185 θαρσοποιιςσας
2825 4110 2917 4165 τὸν
3002 4112 3225 4186 στρατὸν
3287 4112 3422 4167 κατὰ
3515 4112 3767 4187 Χοσρόου

2109 4197 2364 4268 ἤλαυνεν,
2415 4201 2566 4262 ’ὁπως
2623 4203 2812 4254 τοῦτον
2868 4194 3177 4275 ἐκφοϐήσας
3223 4199 3383 4276 πείσῃ
3441 4200 3766 4256 ἀποστεῖλαι

2108 4291 2248 4363 πρὸς
2281 4284 2563 4363 Σάρϐαρον
2624 4290 2984 4367 ἀναχωρῆσαι
3041 4293 3139 4343 τοῦ
3189 4288 3500 4359 Βυζαντίου.
3562 4298 3765 4345 Διαπε-

2109 4379 2274 4453 ράσας
2323 4376 2433 4433 δὲὸ
2467 4376 2723 4453 βασιλεὺς
2782 4378 2876 4439 τὰς
2909 4377 3145 4455 γεφύρας
3201 4383 3300 4433 τοῦ
3378 4384 3577 4454 μικροῦ
3622 4374 3772 4436 Ζαϐᾶ

2108 4469 2513 4538 κατεσκήνωσεν
2535 4466 2610 4527 εἰς
2658 4465 2785 4529 τοὺς
2819 4464 3005 4530 οἷ’κους
3059 4470 3156 4521 τοῦ
3213 4465 3507 4541 Ἰεσδεμὸν,
3575 4466 3767 4543 ἑορτά-

340 4559 426 4613 les
458 4561 823 4615 strutliiones
847 4566 984 4629 tres,
1018 4578 1245 4633 capreae
1295 4562 1657 4635 quingentas,
1690 4561 1818 4632 apri
1857 4577 1994 4616 cen-

2110 4577 2199 4619 σας
2246 4558 2303 4611 ἓν
2364 4555 2547 4618 αὐτοῖς
2605 4556 2704 4625 τὴν
2763 4559 3001 4631 Χριστοῦ
3082 4556 3353 4631 γέννησιν.
3412 4560 3648 4614 Ἐκεῖθεν
3706 4554 3766 4613 δὲ

1377 4759 1755 4829 XYLANDRI
1784 4758 1870 4813 ET
1904 4758 2121 4814 GOARI
2151 4758 2371 4813 NOTAE.

407 4886 744 4963 (52)Βᾶνόον
801 4889 1133 4962 significare
1206 4888 1471 4943 vexillum
1518 4886 1692 4963 facile
1749 4891 1838 4963 est
1867 4886 1964 4963 S_i-

346 4958 660 5020 mocattam
712 4958 925 5032 legenti
988 4976 1332 5032 agnoscere,
1392 4959 1564 5032 ui,_6.
1625 4958 1720 5015 Sic
1767 4959 1997 5032 _Paulu_s

345 5036 641 5093 Diaconus
666 5028 867 5091 Latine
897 5028 1082 5090 vocat.
1116 5031 1297 5087 Addit
1356 5030 1664 5102 Rigaltius
1702 5030 1882 5102 etiam
1910 5028 1998 5084 τά-

353 5128 465 5182 γμα
500 5108 696 5176 bande,
730 5114 924 5177 troupe
953 5105 1236 5187 indicare.
1268 5101 1589 5184 Assentiar,
1624 5101 1671 5157 si
1699 5101 1874 5157 modo
1906 5118 1997 5158 co-

345 5181 577 5236 hortem
610 5179 701 5234 vel
728 5194 940 5251 agmen
989 5176 1136 5251 lllll_d
1187 5174 1498 5246 intelligat,
1550 5191 1671 5251 quo
1713 5173 1996 5251 sub___uno

346 5254 525 5308 bando
557 5250 676 5307 sive
709 5245 941 5317 veiillo,
983 5247 1143 5303 unde
1194 5245 1416 5301 nomen
1474 5245 1724 5316 accepit,
1755 5245 1994 5313 militat,

346 5342 451 5379 une
480 5324 807 5392 compagnie
822 5321 999 5377 GOAR.

417 5400 527 5465 (53)
552 5388 853 5465 Nusquam
913 5393 1087 5465 lorica
1117 5393 1225 5465 est,
1284 5388 1409 5459 sed,
1439 5389 1699 5465 _balteus,
1748 5404 1819 5465 ex
1878 5405 1996 5465 quo

348 5459 581 5521 scutum
612 5459 710 5520 vel
735 5464 895 5521 ensis
925 5461 1166 5535 pendet,
1190 5460 1390 5517 lorum.
1426 5462 1753 5517 Germanus
1795 5459 1853 5515 in
1879 5463 1998 5531 My-

345 5540 603 5605 stagogi’a
633 5539 803 5591 GOAR.

424 5602 535 5676 (54)
565 5606 721 5660 Trito
762 5605 1160 5680 magisveer
1191 5605 1334 5677 legit
1359 5605 1746 5680 Theophanes
1763 5602 1995 5680 βραχιό-

351 5674 469 5745 λια,
498 5673 630 5747 quin
663 5684 801 5732 sunt
845 5673 917 5732 ad
958 5676 1219 5746 brachia,
1257 5673 1539 5734 armillae:
1596 5673 1683 5731 Ad
1740 5673 1998 5733 sartoses

351 5747 732 5804 brachiorum
758 5748 1109 5805 indumenta
1129 5748 1442 5821 Xylandri.
1466 5749 1640 5805 GOAR.

2145 4885 2259 4958 (55)
2281 4885 2765 4958 Scaramaugium
2797 4884 2941 4958 quid
2974 4883 3353 4956 sit,cognosci
3386 4902 3561 4956 posse
3589 4891 3758 4958 _puto

2107 4973 2177 5011 ex
2208 4957 2282 5031 iis
2312 4956 2742 5031 qui_lingiiaii_i
2788 4957 3450 5031 ercamncorrup‘tam
3513 4956 3757 5031 callent.

2110 5027 2299 5112 Audio
2331 5027 2400 5084 ea
2423 5027 2624 5112 lingua
2652 5029 2871 5084 editam
2887 5027 3285 5112 esselliadem
3315 5028 3762 5112 Homeri,quam

2108 5101 2335 5185 utinam
2359 5099 2625 5185 nancisci
2659 5116 2915 5185 possem.
2949 5099 3195 5185 “Utinam.
3216 5115 3352 5154 vero
3376 5099 3761 5185 lexiconﬂejus

2107 5172 2322 5255 linguas
2355 5170 2713 5255 edatur,qii‘q
2741 5170 3139 5255 posteriorum
3182 5170 3765 5255 temporum‘notitia

2107 5240 2370 5326 apertior
2418 5240 2629 5301 ﬁeret:
2665 5240 2808 5298 XifL.
2868 5240 2949 5307 (τὸ
3012 5240 3447 5316 σκαραμάγῆιυν]
3504 5245 3763 5303 Achmes

2110 5331 2157 5370 c.
2192 5316 2286 5371 131
2317 5319 2746 5388 interpretatur
2772 5305 3054 5388 καϐϐάδιν.
3122 5316 3459 5388 Εειλαιιιοῐιι
3491 5310 3760 5388 ίκαϐϐάδιν

2110 5387 2229 5443 sive
2258 5381 2555 5441 καϐϐάδῖον
2587 5388 2777 5443 tunica
2808 5386 3080 5458 exterior,
3140 5385 3347 5458 stricta
3401 5387 3645 5458 quidem
3705 5397 3764 5448 et

2109 5461 2340 5543 corpori
2372 5459 2706 5524 adhaerens,
2738 5457 3059 5543 atbrevior
3086 5462 3145 5512 et
3163 5457 3369 5543 .globis‘
3396 5457 3761 5543 ante-pectus

2100 5529 2334 5603 juncta,
2382 5548 2494 5587 nec
2551 5529 2985 5603 sagormilitari
3016 5529 3262 5603 omnino
3310 5529 3611 5603 absimilis
3670 5541 3763 5591 est

2108 5600 2281 5660 GOAB.
2314 5633 2386 5645 —
2417 5602 2559 5659 Vide
2590 5600 2853 5658 Iudicem
2881 5607 3154 5658 nostrum
3192 5601 3267 5658 ad
3298 5601 3757 5663 Constantinum

2102 5674 2679 5750 _Porphyrogenitum
2706 5675 2784 5731 De
2822 5676 3174 5744 caerimoniis,
3207 5681 3338 5731 tom.
3391 5674 3557 5733 CXII.
3598 5678 3753 5738 Edit.

2101 5748 2272 5807 pm.
