4120 6484
316 443 436 507 801

1476 431 2027 499 HISTORIARUM
2070 432 2579 498 COMPENDIUM

3622 438 3742 504 802

318 578 549 637 διελθὼν
596 578 624 634 6
672 575 930 654 βασιλεὺς
985 569 1283 631 κατέλαϐεν
1340 570 1522 650 ἕτερον
1581 572 1855 629 παλάτιον
1885 569 1984 623 τοῦ

2133 572 2574 642 um,multitudo
2595 574 2913 630 innumera
2926 575 3143 637 ovium,
3159 592 3475 648 porcorum
3494 583 3550 633 et
3560 578 3743 635 boum

325 670 558 748 κοσρέου
607 667 907 743 λεγόμενον
973 663 1189 735 Ῥοῦσα,
1242 663 1332 719 καὶ
1388 667 1550 720 τοῦτο
1601 660 1975 736 κατέστρεψεν.

316 764 410 834 Ἐξ
449 761 658 818 ἐκείνου
689 756 748 813 δὲ
778 758 855 819 εἰς
883 753 1066 832 ἕτερον
1125 749 1392 811 κατέλαϐε
1438 751 1706 811 παλάτιον
1731 753 1795 807 τὸ
1824 749 1980 824 λεγό-

2090 660 2226 716 Ηωο
2256 663 2459 718 omnia
2488 661 2704 734 populo
2750 662 2931 717 dedit.
2980 664 3229 729 Quidam
3260 683 3398 720 vero
3456 669 3743 733 Armenii,

2091 747 2190 818 qui
2223 764 2358 803 cum
2390 750 2586 804 Persis
2615 749 2929 821 degebant,
2964 752 3038 806 ad
3072 751 3406 809 Heraclium
3442 771 3503 809 se
3544 757 3748 811 confe-

324 873 483 928 μενον
515 847 763 921 Βεκλάμ,
794 845 846 901 έν
876 848 922 919 ᾧ
959 847 1052 901 καὶ
1107 841 1477 917 ἱπποδρόμιον
1503 844 1571 913 ἦν
1628 841 1720 897 καὶ
1779 859 1982 916 στρου-

2133 844 2253 906 unt,
2311 841 2708 913 nuntiantque
2759 842 3078 898 Chosroem
3119 860 3255 900 cum
3287 846 3618 919 elephantis
3650 865 3744 903 co.

322 945 516 1007 θιῶνες
542 942 693 1012 τρεῖς
724 936 957 992 σιτευταὶ
987 934 1078 990 καὶ
1128 930 1386 1009 δορκάδες
1414 934 1464 1010 φ’
1512 931 1603 987 καὶ
1662 930 1890 1006 σύαργοι
1919 928 1983 1002 ρ’,

323 1025 574 1104 πρόϐατα
604 1025 684 1092 δὲ,
713 1026 805 1081 καὶ
835 1031 1045 1101 χοῖροι,
1075 1024 1166 1079 καὶ
1202 1023 1325 1097 βόες
1366 1023 1439 1077 ὧν
1496 1019 1597 1076 οὒκ
1622 1022 1691 1089 ἦν
1730 1016 1986 1095 ἀριθμός.

328 1119 435 1177 Καὶ
466 1120 552 1191 [Ρ.
583 1117 712 1189 418]
746 1115 918 1169 πάντα
945 1111 1150 1169 δέδωκε
1176 1117 1257 1184 τῷ
1288 1111 1429 1184 λαῷ.
1483 1110 1643 1173 Τινὲς
1670 1106 1729 1164 δὲ
1757 1111 1865 1162 τῶν
1895 1128 1986 1162 συ-

327 1208 420 1265 νόν
461 1228 535 1262 ων
562 1210 679 1267 τοῖς
713 1204 940 1277 Πέρσαις
974 1202 1274 1277 Ἀρμενίων
1306 1198 1625 1276 προσῆλθον
1655 1202 1736 1270 τῷ
1771 1195 1991 1273 βασιλεῖ

329 1297 584 1374 λέγοντες
615 1295 698 1350 ὅτι
721 1295 750 1350 6
782 1292 1036 1367 Χοσρόης
1063 1292 1198 1365 μετὰ
1224 1296 1333 1347 τῶν
1379 1289 1686 1366 ἐλεφάντων
1741 1287 1832 1342 καὶ
1887 1291 1987 1342 τοῦ

330 1384 474 1442 ἰδίου
495 1385 727 1460 στρατοὸ
775 1381 1017 1453 πλησίον
1078 1385 1179 1437 τοῦ
1232 1378 1503 1436 παλατίου
1558 1378 1725 1433 αὐτοῦ
1784 1384 1991 1432 Δυστα-

332 1472 505 1553 γέρδη
535 1474 946 1543 κασεσκήνωσεν
1004 1468 1370 1547 ἐκδεχόμενος
1429 1474 1767 1543 συναχθῆναι
1818 1465 1990 1522 πάντα

328 1566 423 1621 τὸν
454 1564 682 1638 στρατὸν
745 1562 910 1617 αὐτοῦ
963 1564 1060 1616 τοῦ
1115 1558 1428 1633 πολεμῆσαί
1479 1579 1567 1613 σοι
1632 1559 1736 1613 Καὶ
1793 1555 1990 1620 εὐθέως

326 1652 692 1728 πυρπολήσας
724 1672 901 1707 παντα
932 1652 960 1705 6
1013 1648 1273 1725 βασιλεὺς
1325 1646 1545 1724 ἔρχεται
1604 1645 1844 1718 πλησίον
1894 1644 1992 1701 τοῦ

326 1741 604 1799 παλατίου
634 1740 800 1796 αὐτοῦ
858 1736 1229 1815 Δυσταγέρδη,
1289 1738 1342 1793 έν
1393 1736 1441 1810 ᾧ
1497 1737 1587 1792 καὶ
1646 1736 1765 1809 εὗρε
1825 1732 1994 1811 βάνδα

334 1830 645 1905 Ῥωμαίων,
687 1831 824 1905 ἅπερ
857 1828 909 1883 έν
951 1825 1237 1906 διαφόροις
1278 1826 1505 1902 χρόνοις
1536 1820 1733 1881 ἔλαϐον
1764 1827 1812 1879 oi
1858 1824 1994 1899 Πέρ-

333 1941 445 1990 σαι,
475 1919 566 1975 καὶ
600 1915 719 1989 εἴδη
752 1917 893 1987 τινὰ,
925 1917 1036 1972 οἷον
1075 1913 1249 1986 ἀλόην
1300 1912 1521 1983 πολλὴν
1578 1913 1669 1968 καὶ
1727 1910 1863 1983 ξύλα
1898 1923 1991 1986 με·

336 2009 486 2089 γάλα
513 2006 690 2079 ἀλόης
743 2008 879 2081 (56),
936 2004 1162 2080 μέταξὰν
1228 2007 1340 2078 (57)
1398 2025 1458 2060 τε
1511 2004 1603 2059 καὶ
1655 2002 1871 2078 πέπερι,
1906 2003 1999 2058 καὶ

341 2094 613 2175 καρϐἀσια
666 2100 779 2171 (58)
858 2094 1091 2170 καμίσια
1165 2095 1298 2170 ὑπὲρ
1357 2093 1607 2169 ἀριθμὸν,
1668 2113 1847 2169 σαχαρ
1905 2093 1997 2148 καὶ

2092 929 2325 1001 piisque
2385 930 2508 986 suis
2560 933 2914 987 commorari
2994 933 3151 1005 apud
3210 935 3493 1005 palatium
3551 954 3747 1002 suum,

2093 1019 2337 1074 nomine
2371 1021 2810 1092 Dystagerdam,
2870 1039 3250 1095 pugnamque
3309 1025 3547 1081 differre
3609 1027 3749 1081 dum

2093 1108 2357 1179 reliquos
2414 1109 2633 1164 milites
2683 1112 3011 1168 contrahat.
3074 1113 3403 1184 Imperator
3459 1132 3597 1188 ergo
3630 1117 3750 1188 igni

2094 1197 2300 1252 omnia
2331 1198 2531 1253 statim
2560 1205 2798 1255 vastans
2855 1200 2929 1256 ad
2985 1201 3270 1272 palatium
3332 1205 3750 1276 Dystagerdam

2097 1288 2344 1345 accedit.
2405 1290 2470 1343 In
2529 1306 2599 1345 eo
2656 1290 2884 1346 invenit
2911 1291 3109 1347 bunda
3160 1295 3582 1361 Romanorum,
3618 1311 3750 1366 quas

2098 1376 2350 1433 diversis
2385 1378 2753 1449 temporibus
2803 1380 2998 1436 Persae
3029 1388 3349 1454 ceperant:
3404 1389 3530 1438 tum
3561 1385 3751 1440 varias

2096 1483 2299 1521 rerum
2331 1468 2579 1538 species,
2603 1474 2671 1523 ut
2699 1468 2873 1525 aloen
2906 1474 2967 1525 et
2995 1487 3211 1543 magna
3241 1471 3402 1527 aloes
3434 1473 3614 1545 ligna,
3642 1490 3751 1529 nec

2097 1571 2218 1611 non
2249 1558 2765 1630 metaxam,piper,
2797 1558 3140 1615 carbasinas
3171 1561 3447 1617 camisias
3478 1562 3757 1617 innume-

2097 1661 2216 1714 ras,
2249 1661 2578 1710 saccarum,
2608 1647 2897 1720 gingiber,
2930 1656 3263 1721 argentum,
3301 1656 3492 1707 vestes
3523 1652 3756 1707 holose—

2099 1735 2273 1804 ricas,
2306 1735 2619 1807 pelliceam
2669 1743 2887 1793 vestem
2923 1740 3265 1811 stragulam,
3298 1746 3524 1813 tapetes
3556 1742 3759 1813 acupi-

2099 1830 2466 1898 ctos,magna
2484 1828 2674 1897 copia.
2703 1832 2833 1883 [huc
2849 1830 3071 1897 omnia,
3089 1831 3227 1902 quia
3239 1832 3313 1885 ob
3332 1833 3565 1903 pondus
3590 1838 3761 1888 erant

2107 1915 2355 1971 molesta
2401 1916 2618 1983 futura,
2680 1918 2813 1989 igne
2869 1925 3300 1977 cremaverunt.
3359 1921 3764 1995 Confugerunt

2110 2005 2290 2060 etiam
2323 2005 2396 2060 ad
2428 2007 2761 2063 Heraclium
2803 2008 2974 2062 multi
3025 2010 3234 2081 captivi
3287 2009 3590 2078 Edesseni,
3628 2012 3761 2066 Ale-

2108 2098 2409 2166 xandrini,
2437 2100 2811 2170 aliarumque
2842 2102 3151 2157 nationum
3186 2103 3395 2175 ingens
3414 2104 3758 2159 multitudo.

346 2183 592 2264 ζιγγίϐερ
624 2187 717 2242 καὶ
749 2187 964 2259 ἄσημον
996 2190 1131 2261 (59),
1165 2183 1470 2256 όλοσηρικά
1497 2205 1555 2240 τε
1579 2186 1792 2257 ἱμάτια,
1846 2185 2195 2255 νακοτάπητά
2224 2188 2338 2258 (60)
2388 2207 2446 2241 τε
2491 2188 2581 2242 καὶ
2636 2189 2884 2259 τάπητας
2915 2189 3020 2244 ἀπὸ
3055 2189 3309 2264 βελόνης,
3341 2190 3557 2261 πλῆθος
3588 2191 3757 2248 πολὺ.

342 2277 524 2334 Ταῦτα
555 2274 645 2331 διὰ
671 2276 736 2332 τὸ
772 2276 937 2352 βάρος
963 2276 1311 2331 κατέκατσαν.
1348 2274 1695 2350 Προσέφυγον
1724 2271 1783 2327 δὲ
1807 2276 1890 2345 τῷ
1947 2271 2166 2349 βασιλεῖ
2212 2272 2419 2329 πολλοὶ
2478 2275 2855 2351 αἰχμάλωτοι,
2890 2275 3191 2349 ’Βδεσηνοῖ,
3220 2279 3310 2335 καὶ
3344 2277 3760 2355 Ἀλεξανδρηνοὶ

356 2368 448 2426 καὶ
480 2366 588 2422 ἀπὸ
618 2363 806 2422 ἄλλων
841 2363 1010 2431 ἐθνῶν
1034 2365 1249 2435 πλῆθος
1279 2361 1448 2423 πολύ.

429 2456 692 2527 Ἐποίησε
723 2453 781 2511 δὲ
821 2456 851 2511 6
914 2453 1170 2531 βασιλεὺς
1228 2455 1450 2510 ἐνταῦθα
1504 2455 1604 2524 τήν
1654 2454 1848 2529 ἑορτὴν
1902 2458 2011 2509 τῶν

361 2547 531 2624 ἁγίων
561 2546 869 2625 Θεοφανίων
903 2549 1036 2621 (61),
1068 2544 1452 2621 καταστρέφων
1510 2546 1580 2601 τὰ
1634 2549 1732 2600 τοῦ
1762 2545 2009 2620 Χοσρόου

360 2637 602 2695 παλάτια
633 2638 905 2713 ὑπέρτιμα
959 2637 1051 2691 καὶ
1106 2637 1393 2709 θαυμαστά
1429 2637 1519 2709 κρὶ
1571 2635 1888 2707 ἐκπλήξεως
1919 2634 2014 2709 γέ·-

362 2748 536 2802 μοντα
586 2725 694 2790 ἓως
749 2724 1005 2803 ἐδάφους,
1083 2725 1176 2781 ’ίνα
1231 2715 1398 2800 μαθῃ,
1457 2725 1621 2804 φησὶν
1679 2725 1708 2779 ὁ
1764 2724 2014 2801 Χοσρόης

359 2818 479 2873 οἷον
507 2814 675 2872 πόνον
697 2817 854 2891 εἶχον
884 2815 935 2871 οἱ
958 2817 1227 2889 Ῥωμαῖοι
1255 2819 1364 2869 τῶν
1394 2812 1614 2870 πόλεων
1647 2813 1823 2869 αὐτῶν
1873 2832 2014 2889 πυρ-

354 2906 714 2982 πολουμίνων
772 2905 862 2961 ὐπ’
891 2903 1080 2963 αὒτοῦ.
1115 2909 1175 2962 Ὀ
1217 2903 1276 2961 δὲ
1326 2904 1577 2978 Χοσρόης
1634 2905 1741 2978 πρὸ
1769 2907 1869 2958 τοῦ
1923 2924 2017 2958 κα-

360 2991 620 3052 ταλαϐεῖν
650 2996 739 3052 τὸν
800 2993 1029 3071 βασιλέα
1087 2993 1163 3057 εἰς
1222 2991 1592 3069 Δυσταγέρδην
1648 2996 1927 3069 τρυπήσας
1953 2993 2017 3049 τὸ

362 3090 554 3161 τεῖχος
584 3093 683 3155 τῆς
711 3084 928 3147 πόλεως
958 3083 1179 3158 ἐξῆλθεν
1238 3084 1578 3161 ἀγνοούντων
1630 3083 1845 3139 πάντων
1886 3085 2021 3158 μετὰ

367 3180 477 3233 τῶν
507 3180 771 3252 γυναικῶν
800 3177 891 3231 καὶ
946 3179 1059 3231 τῶν
1118 3171 1321 3230 τέκνων
1376 3174 1563 3231 αὐτοῦ.
1624 3174 1724 3229 Καὶ
1754 3176 1783 3230 ὁ
1816 3175 1894 3249 μὴ
1927 3172 2019 3229 δυ-

374 3265 605 3337 νάμενος
637 3267 865 3336 ποιῆσαι
916 3264 994 3325 εἰς
1051 3262 1176 3319 ὁδὸν
1235 3263 1398 3338 μίλια
1453 3266 1613 3320 πέντε
1658 3266 1758 3335 τήν
1813 3265 2059 3339 ἡμέρανλ

374 3351 593 3424 ἀπῆλθε
685 3354 891 3429 φεύγων
947 3375 1031 3425 κε,
1088 3354 1179 3409 καὶ
1238 3352 1466 3409 διελθὼν
1509 3355 1609 3422 τὴν
1659 3356 2023 3429 Κτησιφῶντα

370 3442 540 3518 πέραν
578 3447 676 3498 τοῦ
706 3440 961 3520 Τίγριδος
990 3447 1243 3517 ποταμοῦ
1274 3440 1353 3504 εἴς
1407 3464 1462 3498 τι
1520 3442 1745 3518 φρόριον
1803 3441 2026 3514 εἰσῆλθε

2193 2457 2280 2511 lbi
2300 2457 2679 2529 Theophania
2706 2459 2924 2515 festum
2955 2459 3116 2515 diem
3139 2462 3275 2533 egit.
3311 2462 3536 2518 Palatia
3565 2466 3765 2518 autem

2120 2547 2394 2603 Chosroaa
2451 2548 2884 2618 pretiosissima
2916 2590 2930 2615 ,
2980 2549 3396 2616 admirabilia,
3453 2558 3512 2607 et
3566 2568 3765 2606 rerum

2120 2642 2424 2708 stuporem
2471 2638 2888 2703 incutientium
2942 2639 3123 2710 plena
3177 2640 3443 2696 funditus
3476 2641 3677 2708 diruit,
3707 2646 3776 2695 ut

2123 2727 2486 2797 doceret(sic
2516 2727 2676 2781 enim
2699 2728 2916 2799 aiebat)
2944 2728 3286 2798 Chosroem,
3306 2735 3593 2800 quantum
3618 2729 3778 2785 dolo-

2124 2816 2208 2870 ris
2239 2815 2484 2871 Romaui
2515 2816 2914 2887 percepisseet
2942 2817 3069 2888 ipso
3099 2834 3304 2873 eorum
3344 2818 3521 2875 urbes
3564 2819 3774 2873 incen-

2127 2905 2325 2961 dente.
2357 2911 2431 2961 At
2459 2921 2595 2960 vero
2632 2906 2942 2972 Chosroes,
2974 2913 3294 2978 antequam
3354 2908 3775 2981 Dystagerdam

2128 2994 2432 3051 Heraclius
2460 2995 2847 3067 pervenisset,
2892 2997 3172 3052 omnibus
3217 2998 3420 3053 insciis
3479 2998 3778 3069 perforato

2128 3084 2293 3140 urbis
2319 3101 2490 3139 muro
2520 3101 2657 3140 cum
2686 3086 2970 3140 uxoribus
3001 3091 3060 3141 et
3082 3086 3286 3141 liberis
3318 3086 3596 3143 exiverat.
3628 3086 3779 3141 733

2128 3175 2199 3229 Et
2227 3173 2327 3245 qui
2354 3190 2472 3229 uno
2506 3174 2599 3229 die
2633 3175 2897 3246 quinque
2928 3175 3119 3231 millia
3147 3192 3431 3248 passuum
3457 3176 3571 3231 iter
3591 3176 3784 3230 facere

2129 3264 2497 3335 nequiverat,
2532 3269 2674 3319 tunc
2701 3265 2838 3337 fuga
2864 3265 3068 3336 viginti
3101 3266 3367 3337 quinque
3409 3265 3600 3320 millia
3643 3280 3784 3319 con-

2130 3354 2311 3423 fecit;
2344 3371 2598 3426 cumque
2642 3355 3014 3411 transivisset
3067 3356 3511 3427 Ctesiphontem
3545 3359 3605 3409 et
3634 3353 3789 3408 ultra

2133 3444 2351 3515 Tigrim
2382 3445 2625 3499 ﬂuvium
2647 3446 3036 3516 pervenisset,
3062 3446 3123 3499 in
3153 3444 3461 3500 castellum
3487 3442 3787 3515 quoddam

374 3533 512 3607 μετά
540 3539 638 3602 τῆς
667 3533 925 3608 γυναικὸς
953 3533 1043 3588 καὶ
1082 3538 1190 3588 τῶν
1244 3536 1411 3608 τριῶν
1470 3532 1775 3609 θυγατέρων
1830 3534 2018 3592 αὐτοῦ.

2134 3551 2196 3590 se
2226 3552 2362 3590 cum
2392 3552 2575 3591 uxore
2602 3542 2661 3591 et
2690 3536 2878 3592 tribus
2909 3537 3145 3592 filiabus
3178 3537 3302 3592 suis
3341 3534 3586 3592 abdidit.
3644 3536 3788 3589 Cum

368 3621 524 3684 Τινὲς
553 3617 611 3675 δὲ
639 3626 747 3676 τῶν
792 3623 1012 3696 Περσῶν
1068 3616 1321 3676 διέϐαλον
1396 3621 1490 3676 τὸν
1549 3616 1830 3697 Σάρϐαρον
1886 3622 2026 3697 πρὸς

369 3710 621 3785 Χοσρόην
654 3710 731 3773 ὡς
758 3710 827 3765 τὰ
867 3709 1157 3783 Ῥωμαίων
1229 3715 1553 3789 φρονοῦντα.
1611 3710 1712 3767 Καὶ
1759 3708 2028 3767 ἀποστέλ-

372 3798 455 3856 λει
487 3799 782 3866 σπαῢάριον
815 3800 988 3854 αὐτοῦ
1013 3800 1150 3873 πρὸς
1210 3796 1554 3875 Καρδαρίχαν
1613 3800 1706 3855 τὸν
1765 3801 2027 3876 συστράτ-

370 3909 509 3963 ηγον
529 3892 626 3943 τοῦ
659 3883 945 3962 Σαρϐάρου
972 3887 1047 3949 εἷς
1103 3886 1453 3958 Χαλκηδόνα,
1511 3888 1603 3942 ἳνα
1663 3891 1757 3944 τὸν
1812 3883 2024 3964 Σάρϐα-

375 3997 469 4054 ρον
498 3978 793 4052 ἀποκτείνῃ
853 3979 940 4033 καὶ
993 3978 1089 4034 τὸν
1150 3976 1279 4034 λαὸν
1337 3972 1752 4051 ἀναλαϐόμενος
1803 3978 2029 4053 σπεύσῃ-

376 4066 453 4130 εἷς
484 4064 735 4141 Περσίδα.
767 4068 829 4123 Ὁ
881 4065 941 4122 δὶ
978 4066 1044 4123 τὰ
1070 4066 1372 4143 γράμματα
1408 4066 1639 4135 κοκίζων
1705 4062 2031 4140 συλλαμϐά-

374 4176 520 4212 νεται
548 4155 672 4231 περὶ
701 4156 800 4225 τὴν
850 4154 1116 4212 Γαλατίαν
1173 4155 1279 4211 ὕπὸ
1325 4160 1433 4211 τῶν
1488 4156 1799 4229 Ῥωμαίων,
1833 4154 2032 4219 οἵτινες

379 4244 455 4308 εἷς
481 4247 545 4302 τὸ
576 4247 871 4316 Βυζάντιον
904 4244 1062 4301 αὐτὸν
1123 4246 1407 4322 ἀπήγαγον
1466 4246 1604 4321 πρὸς
1656 4247 1749 4301 τὸν
1791 4247 1906 4301 υἱὸν
1935 4250 2032 4302 τοῦ

379 4334 675 4411 βασιλέως.
706 4340 766 4394 '0
821 4333 878 4392 δὶ
933 4342 1283 4412 παραχρῆμα
1343 4337 1756 4410 μεταπέμπεται
1808 4332 2034 4413 Σαρδα-

378 4447 495 4502 ρον,
521 4427 609 4481 καὶ
660 4424 925 4481 δείκνυσιν
965 4425 1115 4498 αὐτῷ
1167 4427 1267 4494 τήν
1329 4427 1464 4500 πρὸς
1516 4424 1858 4502 καρδαρίχαν
1918 4429 2034 4502 (62)

2134 3630 2333 3680 autem
2365 3625 2608 3695 quidam
2636 3628 2830 3682 Persae
2859 3627 3137 3681 Chosrom
3167 3643 3274 3698 per
3319 3625 3675 3681 calumniam
3710 3624 3792 3678 si—

2134 3715 2487 3787 gniﬁcarent
2516 3716 2831 3771 Sarbarum
2863 3716 3043 3772 rebus
3082 3716 3363 3772 Romanis
3394 3715 3654 3784 studere,
3687 3726 3793 3768 rex

2135 3804 2458 3860 satellitem
2491 3821 2663 3860 suum
2725 3805 2798 3860 ad
2856 3804 3140 3877 collegam
3197 3804 3326 3877 ejus
3377 3804 3796 3861 Cardaricham

2136 3894 2338 3959 mittit,
2372 3894 2471 3963 qui
2531 3899 2655 3949 tum
2712 3894 2871 3966 apud
2928 3893 3363 3949 Chalcedonem
3417 3899 3565 3961 erat,
3623 3893 3798 3964 eique

2138 3981 2462 4037 mandatut
2494 3981 2811 4038 Sarbarum
2835 3982 3069 4038 occidat
3085 3984 3533 4053 exercitumque
3556 3985 3795 4052 recepto

2140 4072 2201 4126 in
2234 4071 2539 4126 Persidem
2570 4071 2893 4127 contendat
2937 4072 3282 4128 tabellarius
3311 4072 3422 4127 iste
3480 4072 3542 4125 in
3576 4069 3798 4126 finibus

2143 4160 2384 4217 Galatia;
2414 4177 2449 4216 a
2479 4161 2763 4217 Romanis
2792 4161 3159 4232 interceptus
3188 4162 3322 4225 fuit,
3364 4165 3422 4215 et
3452 4160 3795 4231 Byzantium

2144 4251 2220 4306 ad
2249 4250 2626 4323 imperatoris
2654 4250 2846 4306 ﬁlium
2877 4250 3188 4306 abductus.
3222 4252 3277 4305 Is
3310 4249 3559 4305 Sarbaro
3592 4249 3796 4304 confe-

2148 4341 2285 4397 stim
2371 4341 2558 4396 accito
2639 4340 2872 4395 litteros
2929 4339 3005 4396 ad
3062 4339 3470 4395 cardaricham
3547 4340 3799 4411 scriptas

2155 4431 2544 4487 demonstrat.
2585 4429 2870 4485 Sarbarus
2917 4447 2981 4483 re
3039 4433 3200 4485 certo
3258 4428 3495 4501 cognita
3523 4444 3659 4483 cum
3693 4428 3798 4482 im-

1544 4610 1547 4617 .
1581 4570 1946 4627 XYLANDRI
1982 4574 2071 4628 ET
2108 4574 2328 4630 GOABI
2362 4574 2594 4630 ΝΟΤίΕ.

449 4692 560 4778 (ἒξϐ)
588 4687 1077 4778 Ξίυιλιαλόηγιιικποο,
1125 4688 1374 4778 medicis
1426 4693 1659 4778 autem“
1681 4690 2039 4778 Agallochon
2071 4700 2117 4765 ι)
2148 4692 2463 4778 significat.
2481 4708 2620 4774 χιιι..
2635 4722 2701 4778 -γ
2724 4692 3050 4778 Argentum
3065 4689 3231 4745 nullo
3248 4688 3443 4744 adhuc
3458 4687 3804 4742 charactere

383 4761 723 4835 dicta'._Ubi
781 4764 947 4835 enim,
1000 4762 1344 4835 Discoridisg
1377 4761 1562 4835 codex
1622 4761 1859 4835 Graecus
1914 4763 2039 4835 περὶ

381 4833 736 4921 ἀγαλλόχου,
765 4834 1055 4921 marginis
1086 4834 1388 4921 annotatio
1421 4830 1483 4921 τὸ
1499 4835 1609 4921 νῦν
1624 4828 1878 4921 ,ξυλαλόη
1903 4828 2044 4891 scri-

382 4905 489 4963 bit.
532 4905 712 4965 Addit
764 4905 1104 4964 Matthiolus
1162 4906 1453 4979 optimum
1487 4919 1520 4979 e_
1569 4905 1810 4979 Galecut
1840 4922 2041 4979 empo-

382 4981 474 5034 rio
535 4981 844 5036 Lusitanos
901 4976 1227 5043 advehere,
1289 4976 1450 5049 quod
1507 4976 1627 5048 igni
1689 4976 2043 5034 succensum

385 5052 808 5109 suavissimum
838 5051 1049 5124 perflet
1090 5050 1336 5106 odorem
1367 5050 1542 5124 Gom.

456 5125 568 5195 (37)
598 5119 858 5180 Metam~
879 5139 1066 5195 genus
1100 5127 1212 5195 “est
1253 5120 1453 5195 panni
1508 5119 1715 5195 serici.
1741 5120 1881 5177 Vide
1912 5138 2044 5195 qua)

385 5192 692 5268 annotavit
722 5192 953 5268 Langus
977 5194 1038 5268 in
1070 5192 1382 5265 Nicephori
1406 5208 1538 5268 xvu,
1563 5192 1651 5248 32.
1676 5193 1815 5248 XYL.
1844 5223 1911 5234 -
1938 5192 2047 5247 Μέ-

382 5267 566 5339 ταξαρ.
595 5270 693 5338 ﬁla
742 5265 903 5323 serici
960 5266 1079 5339 sive
1137 5265 1711 5339 sericumjnfectum,
1745 5280 1865 5320 non
1896 5282 2044 5337 pan-

382 5337 529 5394 num
562 5356 634 5396 ex
666 5356 734 5394 eo
762 5344 985 5393 textum
1023 5337 1333 5408 signiﬁcat.
1372 5337 1552 5390 Gosn.

454 5411 578 5493 (58)
607 5412 936 5493 Carbasiuas
962 5411 1217 5493 camisias
1246 5408 1674 5493 interpretatur
1723 5408 2044 5493 )‘iylander.

379 5478 674 5539 Feliciter.
708 5484 783 5538 Iis
827 5488 1029 5537 tamen
1086 5480 1283 5552 lineas
1343 5478 1684 5534 subtiliores
1742 5478 2048 5552 bombyci-

380 5570 631 5626 nasque,
656 5554 731 5609 ad
762 5554 1031 5626 nitorem,
1066 5551 1312 5607 delicias
1371 5555 1430 5604 et
1478 5551 2048 5626 ostentationemuab

387 5620 792 5683 Orientalibus
820 5625 1037 5697 gestari
1089 5626 1425 5693 consuetas,
1478 5620 1654 5676 velim
1687 5622 1785 5677 hic
1815 5623 2049 5679 intelle-

385 5704 532 5754 ctas.
582 5700 758 5753 Gom.

457 5773 574 5841 (59)
606 5773 890 5841 Asemum
923 5766 1066 5840 quid
1115 5766 1193 5841 sit
1241 5765 1472 5841 nescio,
1501 5765 1639 5841 nisi,
1660 5766 1809 5841 forte
1839 5783 2048 5841 argen-

385 5835 516 5900 tum
546 5835 672 5902 non
703 5835 1000 5914 signatum
1026 5855 1130 5897 seu
1162 5838 1251 5913 (ut
1268 5838 1425 5894 Maro
1456 5835 1743 5912 loquitur)
1764 5835 2051 5901 infectum

2154 4781 2365 4838 cusum
2405 4770 2465 4838 et
2493 4765 2810 4838 signatum.
2845 4765 3022 4838 Gxaa.

2224 4836 2338 4908 (60)
2366 4828 2820 4907 Νάκοςνιιιιίᾶοω
2852 4835 3023 4908 uellus
3052 4833 3256 4903 refert,
3289 4838 3356 4908 at
3378 4828 3664 4908 n_on__ideo
3700 4847 3803 4908 να-

2152 4900 2436 4976 κοτάτὲητα
2467 4900 2631 4963 vesti-3
2658 4907 2911 4978 stragula
2940 4912 3051 4975 est,
3084 4911 3149 4962 ut
3205 4900 3448 4978 conjicit
3488 4900 3809 4978 Xylander,

2156 4978 2261 5035 sed
2288 4974 2528 5054 animum
2558 4974 2828 5054 vel_lapés
2860 4996 2892 5033 e
2924 4974 3113 5054 serico
3147 4976 3238 5054 vel
3280 4974 3416 5032 lana
3442 4974 3689 5054 villosas,
3720 4977 3811 5054 ta—

2153 5067 2258 5123 pes
2286 5051 2559 5123 Persicus
2588 5051 2677 5123 vel
2721 5049 3114 5123 Armeniacus
3143 5049 3317 5121 vulgo
3348 5051 3607 5115 vocatus,
3640 5049 3814 5115 cujus

2153 5122 2278 5178 villi
2307 5122 2495 5178 vellus
2525 5122 2966 5195 quodammodo
2986 5122 3281 5195 referunt.
3315 5123 3488 5195 goat}.
3510 5188 3522 5195 _
3572 5187 3584 5195 _
3695 5185 3706 5195 _

2227 5195 2341 5266 (61)
2371 5187 2753 5266 Theophania
2783 5200 2922 5250 sunt
2941 5193 3011 5266 id
3033 5191 3190 5266 quod
3222 5191 3398 5266 hodie
3422 5187 3812 5266 Epiphaniam

2155 5256 2388 5339 vocant,
2413 5266 2511 5339 der
2532 5256 2781 5339 .heiligcn
2812 5267 2947 5335 drey
2972 5256 3161 5333 Καῗηίθ
3191 5268 3306 5339 tag,
3334 5262 3418 5339 sic
3451 5256 3815 5339 dic—tauquod

2156 5330 2386 5394 Christo
2417 5330 2711 5409 baptizato
2743 5343 2801 5393 et
2844 5330 3020 5392 Pater
3049 5351 3111 5409 se
3130 5330 3513 5409 audiendum
3547 5336 3603 5385 et
3629 5330 3815 5409 Spiri-

2157 5415 2260 5465 tuo
2283 5405 2525 5465 sanctus
2546 5410 2607 5463 in
2628 5410 2918 5465 columbaa
2942 5408 3139 5478 specie
3161 5405 3527 5478 cernendum
3550 5405 3817 5478 praebue-

2158 5482 2255 5555 rit.
2290 5482 2717 5555 Dastagerdum
2766 5486 2823 5536 et
2872 5472 3295 5552 Dystagerdum
3349 5482 3409 5531 et
3454 5472 3818 5548 Dystagerda

2159 5553 2318 5609 idem
2352 5553 2509 5609 sunt.
2543 5557 2686 5607 XvL.

2232 5626 2345 5708 (63)
2377 5620 2740 5708 Ιςαρδαρρςγαχ
2784 5623 2941 5708 κεῖτ’
2981 5615 3816 5708 Theophanos,"scribjlquo-:

2159 5684 2522 5770 Καρδαρῆγᾶς
2707 5691 2817 5749 ἔστι
2846 5684 3065 5764 νκῦριον
3124 5684 3321 5761 ὅνομῑι,
3380 5684 3512 5745 ⁷ἀλλ’
3566 5684 3695 5757 ἀξία
3723 5704 3820 5768 με·

2193 5765 2299 5844 ἀλη
2348 5765 2506 5844 ’παρὰ
2585 5765 2814 5840 Πέρσαις
2875 5769 2973 5821 τοῦ
3027 5767 3136 5819 τῶν
3206 5766 3425 5837 Περσῶν
3482 5765 3815 5835 στρατηγοῦ.

2207 5857 2336 5898 ΟΔΒ.
