4120 6426
401 405 521 468 803

1769 388 2087 451 GEORGII
2130 391 2473 457 CEDRENl

3708 398 3832 461 θοι

402 540 696 615 peratoris
723 538 848 595 ﬁlio
882 542 941 592 et
968 533 1307 607 patriarcha
1350 545 1555 602 pacem
1586 526 1930 598 componit;
1964 525 2048 581 lit-

2175 522 2492 598 ἐπιστολὴν.
2564 530 2626 588 Ὁ
2712 527 2770 586 δὲ
2849 528 3231 611 πληφορηθεὶς
3302 535 3480 595 ποιεῖς
3556 534 3835 604 συνθήκας

402 632 668 702 terisque
698 628 974 684 Chosroaa
1007 621 1378 683 adulteratis,
1409 618 1558 674 alios
1596 616 2060 688 quadringentos

403 727 671 792 satrapas
699 716 1000 789 principes
1033 730 1101 767 ac
1133 711 1406 766 tribunos
1438 707 1697 763 militum
1763 704 2061 772 inscribit,

401 810 570 882 quasi
604 825 706 863 eos
733 821 933 861 secum
968 800 1217 857 interﬁci
1259 815 1363 852 rex
1405 797 1707 868 jussisset.
1763 796 1909 849 Tum
1939 799 2059 848 toto

401 899 662 955 exercitu
694 901 752 950 et
780 891 1136 950 Cardaricha
1165 887 1500 943 convocatis
1550 884 1863 955 epistolam
1908 883 2057 937 reci-

400 994 503 1055 tat,
597 983 1132 1050 Cardarichamque
1216 975 1597 1047 interrogavit
1671 974 1860 1029 hocne
1944 972 2056 1027 sibi

400 1076 694 1148 agendum
726 1076 984 1144 putaret.
1030 1067 1338 1137 Principes
1370 1082 1500 1120 eam
1538 1064 1613 1118 ob
1646 1080 1772 1117 rem
1805 1063 1893 1117 ira
1920 1078 2057 1131 per-

398 1166 499 1221 citi
529 1164 804 1218 Chosroae
836 1174 1086 1231 regnum
1109 1157 1419 1227 abrogant,
1451 1160 1509 1208 et
1537 1170 1674 1208 cum
1701 1153 2059 1223 imperatore

394 1266 603 1322 pacem
635 1248 881 1311 faciunt,
932 1261 1002 1299 ea
1049 1242 1397 1298 conditione
1454 1240 1541 1295 uti
1588 1238 1813 1308 absque
1870 1236 2057 1292 male-

395 1340 531 1394 ﬁcio
563 1339 808 1393 domum
846 1332 1177 1390 discedant.
1221 1328 1494 1385 Heraclio
1526 1334 1728 1382 autem
1754 1342 1861 1398 per
1903 1325 2060 1381 litte-

392 1445 490 1483 ras
524 1426 1004 1499 paciﬁcationem
1037 1418 1391 1491 requirenti,
1423 1434 1556 1473 eam
1601 1416 1892 1470 Chosroes
1921 1430 2057 1469 cum

393 1518 739 1589 denegaret,
774 1515 911 1569 odia
940 1513 1032 1567 sui
1063 1510 1268 1582 populi
1315 1509 1377 1563 in
1423 1525 1486 1563 se
1543 1506 1879 1561 concitavit.
1915 1507 2059 1561 Rur-

393 1624 528 1662 sum
583 1606 725 1661 inde
786 1604 1159 1660 subditorum
1222 1615 1465 1654 suorum
1523 1597 1847 1652 exercitum
1877 1595 2054 1665 cogit,

396 1712 651 1766 eumque
678 1694 849 1767 jubet
875 1711 936 1748 se
976 1708 1113 1747 cum
1145 1689 1405 1745 Razastis
1454 1687 1641 1758 copiis
1690 1685 2054 1757 conjungere

400 1786 553 1840 734
581 1788 640 1838 et
663 1782 735 1838 ad
768 1781 1025 1837 Narbam
1058 1794 1294 1834 amnem
1327 1776 1678 1842 consistere,
1709 1791 1776 1829 ac
1808 1778 2049 1845 pontem

398 1874 577 1930 simul
605 1890 672 1928 ac
704 1871 1007 1927 Heraclius
1056 1868 1409 1936 transiisset,
1458 1865 1820 1921 rescindere.
1875 1864 2049 1917 Hera-

397 1965 549 2019 clius
577 1963 670 2017 his
703 1960 1021 2016 intellectis
1052 1959 1125 2013 ad
1157 1959 1359 2013 Siazur
1388 1958 1405 2025 (
1434 1955 1547 2010 loci
1580 1970 1800 2009 nomen
1833 1952 1892 2007 id
1923 1951 2052 2022 est)

393 2054 567 2122 redit,
625 2052 922 2122 urbesque
981 2054 1040 2103 et
1096 2052 1282 2102 totam
1373 2046 1682 2115 regionem
1764 2041 2043 2097 incendio

392 2147 604 2199 vastat.
634 2141 720 2197 lbi
778 2157 839 2195 se
887 2139 939 2193 ei
980 2137 1295 2209 conjungit
1323 2132 1778 2200 Gondufundus,
1807 2132 1908 2202 qui
1948 2130 2057 2186 sub

396 2232 647 2288 Sarbaro
670 2230 949 2284 tribunus
971 2226 1231 2281 militum
1252 2224 1466 2291 fuerat,
1500 2239 1637 2277 cum
1668 2221 1802 2275 aliis
1827 2219 2057 2288 multis,

396 2328 455 2375 et
484 2321 709 2376 indicat
736 2319 1058 2373 Chosroem
1103 2315 1381 2371 statuisse
1438 2313 1766 2369 Merdasam
1800 2311 2060 2366 ﬁliorum

397 2426 641 2466 suorum
672 2409 993 2463 minimum
1024 2421 1204 2477 regno
1237 2405 1633 2476 inaugurare:
1679 2402 1886 2456 Siroen
1921 2404 2062 2454 natu

401 2498 725 2554 maximum
757 2496 815 2551 id
847 2495 1173 2551 concedere
1207 2494 1391 2560 nolle,
1426 2510 1488 2548 se
1532 2490 1801 2560 aliosque
1860 2487 2063 2562 viginti

397 2589 545 2643 duos
581 2588 828 2643 comites
861 2592 917 2642 et
948 2601 1220 2657 magnam
1246 2583 1560 2639 hominum
1612 2579 2063 2635 multitudinem

398 2677 510 2732 sibi
542 2677 909 2748 adjunxisse,
934 2682 993 2731 et
1020 2677 1295 2731 Chosroae
1332 2674 1575 2729 exitium
1609 2671 1848 2738 moliri;
1883 2686 2060 2742 quem

395 2770 444 2823 si
484 2769 717 2840 possint
758 2768 1116 2833 interﬁcere,
1168 2769 1508 2837 pergratum
1541 2762 1687 2834 ipsis
1743 2762 1907 2816 fore:
1966 2760 2060 2815 sin

393 2873 552 2926 vero,
622 2857 936 2912 universos
998 2855 1071 2910 ad
1133 2856 1431 2909 Romanos
1507 2851 1864 2907 defecturos.
1927 2851 2060 2904 Haec

394 2946 701 3002 Heraclius
728 2962 866 3001 cum
884 2944 1198 3016 probasset
1242 2943 1546 2998 hominem
1573 2941 1823 2995 comiter
1843 2944 2055 2994 tracta-

395 3042 522 3092 tum
554 3037 629 3091 ad
661 3036 867 3092 Siroen
923 3035 1177 3096 remisit,
1216 3033 1388 3104 eique
1419 3032 1714 3088 nuntiavit
1741 3037 1806 3086 ut
1834 3030 2057 3102 apertis

397 3127 740 3183 carceribus
788 3129 1086 3182 Romanos
1132 3124 1345 3179 educat
1400 3140 1621 3195 eosque
1678 3129 1936 3178 armatos
1993 3121 2055 3176 in

394 3219 719 3274 Chosroem
751 3218 948 3273 ducat.
982 3218 1178 3271 Siroes
1210 3216 1293 3271 ita
1321 3215 1404 3270 uti
1438 3215 1703 3270 monitus
1753 3218 1881 3269 erat
1910 3212 2048 3285 egit,

392 3314 743 3379 patremque
793 3324 967 3363 suum
1023 3307 1343 3361 Chosroem
1402 3304 1754 3376 patricidam
1803 3302 2047 3357 adortus

381 3398 559 3469 cepit,
586 3395 970 3467 numellaque
1003 3394 1287 3465 imposita
1317 3394 1378 3447 in
1413 3393 1798 3448 tenebrosum
1844 3407 2047 3446 carce-

380 3503 511 3541 rem
542 3485 815 3554 includit,
847 3501 1120 3555 paneque
1152 3482 1362 3554 exiguo
1394 3489 1453 3537 et
1482 3498 1637 3552 aqua
1664 3480 1928 3553 prmbitis
1957 3479 2045 3535 fa-

384 3592 482 3629 me
505 3580 733 3630 enecat.
767 3576 1026 3643 Satrapaa
1051 3588 1289 3643 quoque
1311 3588 1520 3627 omnes
1541 3587 1575 3625 a
1595 3571 1759 3625 Siroe
1776 3569 1945 3625 acciti
1964 3568 2044 3624 fa-

384 3664 537 3719 ciem
571 3666 845 3719 Chosrom
890 3666 1312 3732 conspuerunt.
1346 3660 1522 3715 Filios
1553 3666 1613 3714 et
1642 3659 1860 3714 liberos
1891 3659 2041 3730 ejus,

382 3754 513 3824 ipso
560 3753 932 3824 inspiciente,
995 3751 1191 3806 Siroes
1238 3766 1449 3805 omnes
1498 3748 1813 3821 jugulavit,
1863 3753 2040 3818 atque

382 3843 578 3914 ipsum
614 3842 824 3913 quinto
856 3841 1088 3896 decimo
1139 3844 1270 3911 post
1326 3838 1420 3893 die
1480 3838 1707 3909 sagittis
1763 3836 2037 3905 confecit.

379 3931 523 3990 lnde
554 3932 755 3987 missis
803 3931 877 3986 ad
910 3929 1245 3985 Heracliam
1279 3928 1497 3984 litteris
1526 3926 1599 3981 de
1630 3926 1878 3981 interitu
1922 3942 2043 3981 sce-

375 4020 549 4077 lerati
581 4021 858 4075 Chosroae
889 4019 1146 4085 nuntiat,
1179 4023 1529 4089 perpetuam
1560 4032 1767 4088 pacem
1800 4032 1935 4070 cum
1968 4031 2037 4070 eo

376 4111 703 4182 componit,
739 4114 798 4165 et
828 4110 1107 4180 captivos,
1141 4112 1434 4179 quotquot
1469 4107 1530 4161 in
1568 4105 1808 4161 Perside
1842 4109 2034 4173 erant,

375 4216 586 4255 omnes
636 4199 850 4267 reddit,
915 4214 1035 4254 una
1088 4214 1222 4252 cum
1281 4196 1621 4269 patriarcha
1670 4195 1949 4250 Zacharia
1978 4199 2038 4250 et

367 4289 724 4343 venerandis
756 4288 958 4361 lignis,
1014 4303 1145 4357 quas
1200 4286 1549 4341 Sarbarazas
1610 4283 2033 4355 Hierosolymis

372 4379 727 4435 abstulerat.

447 4471 594 4527 785
633 4472 793 4524 Anno
826 4471 891 4522 18
926 4466 1257 4535 Heraclius,
1284 4482 1428 4537 pace
1460 4464 1620 4520 inter
1649 4467 1944 4520 Romanos
1975 4469 2036 4520 et

2174 615 2436 686 μετάτοῦ
2489 620 2615 674 υἱοῦ
2671 625 2769 676 τοῦ
2830 619 3103 696 βασιλέως
3153 622 3244 676 καὶ
3299 626 3399 677 τοῦ
3452 623 3830 699 πατριάρχου,

2245 703 2259 723 κ
2481 707 2494 726 ,
2683 710 2697 730 ,
3036 711 3051 730 κ
3318 711 3330 728 ,
3770 711 3782 724 .

2170 722 2259 757 και
2291 705 2599 782 φαλσευσας
2637 730 2738 778 την
2794 707 3092 779 έπιστολην
3152 712 3400 784 Χοσροου
3460 709 3702 781 ἐντίθησι
3734 732 3832 766 συν

2171 792 2318 865 αὐτῷ
2351 795 2442 849 καὶ
2475 794 2683 861 ἄλλους
2723 799 3106 873 τετρακοσίους
3163 800 3439 873 σατράπας
3495 800 3587 855 καὶ
3619 798 3834 874 ἄρχον-

2166 904 2262 945 τας
2342 887 2432 941 καὶ
2512 887 2847 966 χιλιάρχους
2931 890 3251 946 ἀποκτάναι.
3303 892 3671 965 Συναθροίσας
3734 889 3835 946 οὗν

2169 973 2404 1039 ἅπαντας
2434 979 2525 1033 καὶ
2553 980 2647 1035 τὸν
2701 979 3067 1057 καρδαρίχαν,
3099 979 3190 1036 καί
3247 981 3515 1058 ἀναγνοὺς
3546 983 3644 1050 τήν
3702 1002 3833 1037 επι-

2169 1065 2396 1137 στολὴν,
2435 1068 2540 1142 ἓφη
2572 1073 2652 1142 τῷ
2679 1067 3012 1149 καρδαρίχᾳ·
3057 1075 3294 1145 Συνορᾷς
3325 1075 3488 1126 τοῦτο
3546 1077 3776 1140 ποιῆσαι
3814 1089 3831 1140 ;

2168 1155 2231 1207 Οἱ
2259 1151 2316 1209 δὲ
2356 1153 2623 1235 ἄρχοντες
2674 1163 2851 1233 θυμοῦ
2911 1159 3241 1230 πλησθέντες
3269 1160 3360 1215 τὸν
3420 1162 3672 1234 Χοσρόην
3718 1159 3832 1216 ἀπ-

2168 1245 2485 1319 εκήρυττον,
2532 1249 2670 1321 πρὸς
2725 1244 2784 1302 δὲ
2810 1248 2905 1303 τὸν
2946 1244 3173 1324 βασιλέα
3231 1250 3509 1320 συνθήκας
3566 1247 3832 1319 ἐποίησαν

2168 1331 2463 1407 εἰρηνικὰς,
2483 1335 2575 1390 ἳνα
2632 1339 2719 1409 [Ρ.
2777 1338 2908 1410 410]
2968 1334 3141 1411 μηδὲν
3202 1336 3581 1412 λυμηνάμενοι
3639 1336 3731 1394 ἐπὶ
3758 1338 3831 1394 τὰ

2169 1419 2279 1477 ἴδια
2306 1422 2636 1480 ἀπέλθωσιν.
2670 1426 2732 1484 Ὁ
2765 1422 2822 1481 δὲ
2850 1424 3177 1501 Ἡράκλειος
3235 1424 3441 1504 ἔγραψε
3470 1431 3550 1499 τῷ
3593 1429 3826 1503 Χοσρόῃ

2162 1511 2287 1584 περὶ
2320 1511 2523 1587 εἶρήνς·
2559 1514 2588 1568 6
2647 1512 2705 1569 δὶ
2759 1513 2822 1569 οὗ
2887 1513 3227 1585 κατεδέξατο,
3289 1515 3382 1570 καὶ
3442 1512 3531 1570 διὰ
3593 1519 3759 1571 τοῦτο
3800 1518 3830 1571 6

2165 1596 2296 1664 λαὸς
2350 1599 2579 1673 ἐμίσησε
2641 1603 2734 1659 τὸν
2792 1604 3065 1679 Χοσρόην.
3124 1607 3221 1666 *ος
3279 1604 3447 1661 πάλιν
3504 1604 3832 1679 ἐστράτευσα

2159 1687 2289 1752 τοὺς
2314 1690 2631 1765 ἀνθρώπους
2696 1697 2813 1748 τῶν.
2872 1693 3159 1769 ἀρχόντων
3219 1695 3405 1764 αὐτοῦ,
3456 1694 3545 1751 καὶ
3577 1695 3832 1751 ἀπέστει-

2164 1776 2253 1833 λεν
2285 1779 2551 1848 ἑνωθῆναι
2610 1786 2690 1854 τῷ
2748 1787 2962 1856 στρατῷ
3010 1788 3108 1838 τοῦ
3158 1784 3454 1853 Ῥαζάστου
3511 1784 3600 1839 καὶ
3633 1792 3837 1854 στῆναν

2161 1867 2237 1928 εἷς
2280 1869 2373 1923 τὸν
2436 1864 2628 1942 Ναρϐἆ
2684 1872 2953 1944 ποταμὸν,
3006 1872 3097 1926 καὶ
3157 1867 3270 1945 ἅμα
3320 1872 3400 1944 τῷ
3456 1876 3686 1947 περᾶσαι
3736 1873 3829 1927 τὸι

2175 1956 2403 2033 βασιλέα
2432 1959 2644 2033 κόψωσι
2688 1961 2787 2023 τὰς
2846 1961 3106 2039 γεφύρας.
3166 1965 3341 2037 ’Όπερ
3400 1964 3583 2036 μαθὼν
3614 1964 3643 2017 6
3676 1965 3837 2038 βασι-

2170 2044 2297 2111 λευς
2327 2047 2614 2123 ἀνέρχεται
2658 2048 2735 2112 εἷς
2794 2051 2856 2105 τὸ
2917 2053 3178 2126 Σιαζοὺρ,
3236 2052 3327 2106 καὶ
3381 2050 3631 2127 ἐμπιπρᾷ
3660 2057 3836 2107 πᾶσαν

2168 2141 2270 2210 τήν
2307 2143 2497 2217 χώραν
2528 2142 2619 2199 καὶ
2652 2144 2748 2206 τὰς
2786 2142 3000 2205 πόλεις.
3035 2143 3349 2220 Προσεῤῥύη
3389 2141 3447 2200 δὲ
3485 2144 3634 2218 αὐτῷ
3665 2151 3835 2199 Γουν-

2170 2226 2502 2307 δουφοῦνδος
2535 2232 2564 2286 6
2591 2231 2893 2308 Χιλίαρχος
2936 2228 3222 2309 Σαρϐάρου
3254 2232 3345 2288 καὶ
3380 2230 3548 2289 ἄλλοι
3596 2231 3827 2290 πολλοί·

2170 2318 2224 2372 οἳ
2256 2318 2344 2373 καὶ
2369 2321 2524 2375 εἷπον
2555 2326 2637 2393 τῷ
2669 2321 2910 2396 βασιλεῖ,
2939 2322 3024 2378 ὅτι
3045 2323 3106 2380 Ὁ
3137 2322 3389 2398 Χοσρόης
3424 2321 3619 2397 μέλλει
3641 2323 3833 2396 στέψαι

2170 2406 2263 2462 τὸν
2294 2408 2520 2465 ὕστατον
2548 2411 2666 2475 υἱὸς
2702 2412 2870 2467 αὐτοῦ
2926 2411 3230 2487 Μερδασάν,
3265 2411 3356 2466 καὶ
3386 2410 3548 2488 γνοὺς
3606 2416 3771 2468 τοῦτο
3804 2413 3836 2468 6

2172 2502 2391 2572 πρῶτος
2458 2499 2575 2562 υἱὸς
2630 2500 2798 2556 αὐτοῦ
2856 2500 3062 2576 Σιρόης
3149 2500 3214 2556 οὐ
3288 2498 3627 2572 κατεδέξατο,
3686 2499 3838 2557 ἀλλά

2171 2583 2622 2663 προσλαϐόμενος
2652 2588 2749 2664 ἐμὲ
2777 2590 2868 2645 καὶ
2894 2588 3105 2652 ἄλλους
3135 2590 3221 2665 ιβ’
3267 2591 3539 2663 κόμητας,
3567 2590 3658 2645 καῖ
3690 2589 3840 2662 πλη-

2172 2677 2265 2740 θος
2324 2675 2460 2732 λαοῦ
2494 2722 2511 2747 ,
2567 2678 2614 2733 εἰ
2676 2680 2771 2753 μὶν
2827 2676 3145 2753 δυνηθῶμεν
3202 2678 3520 2735 ἀποκτεῖναι
3577 2680 3834 2755 Χοσρόην

2170 2767 2356 2842 χάρις,
2385 2767 2431 2821 εἰ
2463 2764 2510 2821 δ’
2541 2766 2627 2838 οὓ,
2657 2768 2853 2831 πάντες
2903 2773 3265 2845 προσρυῶμεν
3297 2773 3367 2843 τῇ
3427 2769 3681 2844 βασιλείᾳ
3711 2789 3834 2827 σου.

2170 2859 2352 2914 Ταῦτα
2381 2853 2779 2931 ἀποδεξάμενος
2811 2858 2839 2912 6
2884 2856 3142 2933 βασιλεὺς
3179 2857 3272 2914 καὶ
3318 2857 3836 2933 φιλοτιμησάμενος

2170 2945 2332 3001 αὐτὸν
2364 2942 2532 3000 πάλιν
2564 2948 2702 3022 πρὸς
2763 2946 2965 3023 Σιρόην
3025 2945 3333 3018 ἀπέστειλε,
3390 2943 3648 3017 δηλώσας
3677 2946 3831 3021 αὑτῷ

2166 3033 2376 3107 ἀνοῖξαι
2405 3035 2501 3097 τὰς
2555 3034 2802 3112 φυλακὰς
2854 3035 2945 3091 καὶ
3001 3034 3131 3098 τοὺς
3170 3034 3483 3109 Ῥωμαίους
3542 3034 3822 3113 ἐξαγαγεῖν

2165 3124 2253 3178 καὶ
2289 3121 2472 3179 δοῦναι
2504 3124 2689 3187 αὐτοῖς
2720 3124 2868 3180 ’ὀπλα
2896 3125 2988 3180 καὶ
3010 3124 3154 3181 οὕτω
3181 3126 3319 3180 κατά
3358 3129 3619 3201 Χοσρόου
3666 3131 3817 3195 κινῆ-

2168 3234 2277 3269 σαι.
2305 3214 2367 3270 Ὀ
2398 3211 2455 3268 δὲ
2514 3213 2720 3288 Σιρόης
2769 3214 2913 3269 οὕτω
2968 3216 3205 3285 ποιήσας
3250 3214 3460 3284 ἐπῆλθε
3514 3220 3594 3287 τῷ
3619 3234 3821 3292 πατρο-

2163 3304 2340 3375 κτόνῳ
2369 3303 2534 3378 πατρὶ
2591 3304 2809 3378 Χοσρόῃ
2853 3306 2990 3378 (53),
3040 3305 3131 3359 καὶ
3195 3306 3471 3379 κρατήσας
3522 3304 3681 3359 αὐτὸν
3726 3303 3823 3359 καὶ

2151 3391 2318 3447 κλοιά
2347 3392 2586 3467 περιθεὶς
2643 3393 2722 3454 εἷς
2781 3394 3059 3449 σκοτεινὸν
3124 3393 3460 3465 κατέκλεισε,
3518 3394 3610 3448 καὶ
3658 3391 3822 3467 ἄρτον

2152 3479 2343 3557 ὀλίγον
2374 3480 2465 3536 καὶ
2497 3477 2646 3553 ὕδωρ
2679 3478 2864 3544 διδοὺς
2921 3482 3072 3554 αὖτῷ
3122 3479 3566 3558 ἐλιμαγχόνησεν
3629 3480 3815 3542 αὐτόν.

2150 3568 2487 3626 Ἀπέστελλε
2517 3567 2575 3625 δὲ
2607 3571 2807 3644 πάντας
2862 3569 2992 3635 τοὺς
3045 3574 3345 3647 σατράπας,
3403 3571 3496 3627 καὶ
3555 3570 3813 3627 ἐνέπτυον

2150 3659 2227 3721 εἷς
2254 3659 2317 3715 τὸ
2348 3660 2644 3736 πρόσωπον
2672 3660 2861 3719 αὐτοῦ.
2913 3659 3054 3723 Τοὺς
3077 3657 3136 3717 δὲ
3192 3659 3348 3723 υἱοὺς
3408 3662 3578 3717 αὐτοῦ
3625 3661 3717 3716 καὶ
3749 3663 3819 3717 τὰ

2149 3745 2319 3803 λοιπὰ
2348 3749 2507 3805 τέκνα
2560 3748 2725 3804 αὐτοῦ
2783 3748 3017 3805 ἐνώπιον
3076 3749 3245 3805 αὐτοῦ
3305 3753 3621 3828 κατεσφαξε.
3681 3752 3818 3807 Μεθ’

2146 3839 2361 3913 ἡμέρας
2393 3835 2451 3893 δὶ
2481 3840 2540 3893 ιε’
2586 3840 2676 3894 καὶ
2734 3838 2896 3894 αὐτὸν
2952 3839 3135 3908 τόξοις
3193 3837 3393 3897 ἀνεῖλε.
3437 3840 3576 3897 Τότε
3614 3840 3817 3917 γράφει

2145 3928 2351 4002 Σιρόης
2401 3928 2540 4003 πρὸς
2597 3926 2925 4004 Ἡράκλειον
2973 3930 3078 3998 τὴν
3132 3933 3232 3986 τοῦ
3303 3933 3507 4005 μιαροῦ
3559 3928 3813 4005 Χοσρόου

2142 4016 2436 4091 ἀναίρεςιν,
2468 4017 2561 4073 καὶ
2613 4016 2841 4092 εῗρήνην
2898 4017 3138 4095 ἀειπαγῆ
3188 4018 3327 4093 πρὸς
3386 4018 3550 4077 αὐτὸν
3580 4019 3817 4090 ποιησά-

2147 4128 2308 4181 μενος
2336 4108 2537 4170 πάντας
2567 4105 2697 4171 τοὺς
2726 4105 2778 4162 έν
2810 4104 3031 4183 Περσίδι
3079 4106 3483 4183 αἰχμαλώτους
3531 4105 3811 4164 ἀπέδωκεν

2142 4196 2288 4268 αὖτῷ
2326 4195 2418 4250 σὺν
2463 4200 2545 4268 τῷ
2600 4196 2920 4272 πατριάρχῃ
2974 4197 3225 4273 Ζαχαρία
3280 4197 3372 4252 καὶ
3427 4202 3545 4261 τοῖς
3596 4196 3810 4272 τιμίοις

2143 4286 2330 4358 ξύλοις
2361 4292 2481 4351 τοῖς
2527 4284 2579 4357 ἐξ
2634 4284 3043 4362 Ἱεροσολύμων
3096 4284 3387 4365 ληφθεῖσιν
3448 4289 3551 4344 ὑπὸ
3598 4285 3812 4363 Σαρδα-

2143 4378 2297 4449 ραζᾶ.
3422 4418 3423 4421 η

2210 4467 2305 4537 Τῷ
2337 4465 2407 4535 ιη’
2434 4459 2565 4538 ἔτει,
2624 4463 2852 4537 εἰρήνης
2904 4466 3209 4541 γενομένης
3282 4466 3478 4541 μεταξὺ
3508 4464 3807 4541 Ῥωμαίων

370 4559 585 4614 Persas
612 4557 788 4629 facta,
821 4557 1067 4612 fratrem
1099 4572 1274 4611 suum
1305 4553 1676 4610 Theodorum
1710 4571 1845 4610 cum
1875 4552 2033 4610 litte-

2159 4552 2228 4609 ιαὶ
2287 4557 2535 4628 Περσῶν,
2592 4552 2908 4610 ἀπέστειλεν
2968 4556 2998 4610 6
3059 4553 3315 4631 βασιλεὺς
3369 4553 3651 4633 Θεόδωρον
3710 4557 3808 4612 τὸν

372 4649 457 4703 ris
488 4651 547 4702 et
576 4647 791 4715 Persis,
824 4662 973 4718 quos
1031 4646 1293 4717 captivos
1323 4643 1637 4713 habuerat,
1695 4643 1769 4699 ad
1826 4644 2033 4701 Siroen

2159 4640 2379 4719 ὶδεληρὸν
2411 4642 2578 4699 αὐτοῦ
2631 4644 2766 4718 μετὰ
2815 4645 3161 4723 γραμμάτων
3218 4646 3387 4722 Σιρόῃ
3442 4649 3526 4719 τῷ
3588 4646 3810 4720 βασιλεῖ

371 4737 578 4802 mittit,
610 4753 808 4808 regem
851 4737 1186 4802 Persarum,
1217 4734 1530 4806 postulans
1559 4733 1619 4789 ui
1680 4734 1894 4803 Persae,
1928 4733 2031 4806 qui

2159 4738 2363 4810 Ιερσῶν
2395 4733 2486 4788 καὶ
2535 4733 2838 4809 ἀνθρώπων
2897 4733 3083 4807 αὐτοῦ,
3135 4736 3284 4798 ὅπως
3333 4735 3461 4799 τοὺς
3519 4734 3573 4791 ἐν
3605 4733 3801 4812 Ἐδέσῃ

372 4826 610 4881 Edessze
643 4831 700 4881 et
721 4826 784 4881 in
810 4825 1124 4881 Palmstina
1145 4824 1397 4894 aliisque
1428 4816 1598 4879 erant
1613 4823 1882 4892 urbibus,
1913 4823 2030 4880 ﬁde

372 4918 612 4991 publica
642 4936 748 4990 per
776 4920 1175 4973 Romanorum
1224 4916 1511 4973 ditionem
1543 4916 1784 4972 domum
1832 4933 2028 4973 rever-

369 5012 658 5064 terentur.
690 5008 791 5062 His
837 5006 1154 5079 mysticum
1213 5005 1436 5075 aliquid
1489 5004 1870 5061 considerare
1924 5020 2033 5076 par

370 5104 479 5154 est.
541 5096 1054 5163 Quemadmodum
1115 5111 1374 5166 namque
1434 5095 1588 5150 Deus
1642 5109 1743 5149 sex
1799 5094 2031 5148 dierum

376 5187 565 5258 spatio
599 5185 877 5242 omnibus
908 5184 1087 5240 rebus
1118 5183 1372 5239 conditis
1403 5183 1653 5253 septima
1675 5181 1916 5253 quievit;
1950 5181 2033 5236 ita

373 5276 680 5333 Heraclius
733 5274 1018 5332 sexennio
1068 5273 1366 5329 debellata
1412 5271 1651 5326 Perside
1710 5270 2031 5341 septimum

375 5380 604 5421 annum
663 5372 941 5437 pacatum
1002 5364 1158 5436 egit,
1219 5362 1511 5431 laetusque
1569 5359 1776 5431 Cpolin
1828 5360 2029 5430 rediit,

376 5450 642 5508 Occurrit
664 5455 713 5509 ei
742 5453 999 5526 populus
1020 5468 1153 5507 cum
1174 5449 1559 5505 Constantino
1577 5452 1828 5516 timeare,
1855 5451 2033 5505 Hera—

2137 4822 2228 4878 καὶ
2259 4820 2598 4898 Παλαιστίνῃ
2631 4821 2722 4879 καὶ
2742 4828 2861 4886 ταῖς
2913 4821 3137 4889 λοιπαῖς
3187 4824 3383 4881 πόλεσι
3442 4826 3650 4900 Πέρσας
3686 4825 3807 4898 μετ’

2139 4912 2359 4989 εἴρήνης
2393 4912 2807 4989 ἀποστρέψωσιν
2842 4911 2895 4969 έν
2932 4910 3155 4989 Περσίδι
3202 4915 3294 4970 καὶ
3361 4909 3627 4978 ἀϐλαϐῶς
3656 4935 3804 4991 παρ-

2139 5002 2342 5068 έλθωαι
2376 5004 2476 5074 τὴν
2533 5007 2645 5058 τῶν
2694 5004 2982 5079 Ῥωμαίων
3040 5011 3170 5080 γῆν.
3233 5006 3510 5064 Μυστικὸν
3543 5003 3601 5060 δέ
3620 5027 3672 5061 τι
3712 5005 3806 5060 έν-

2137 5096 2306 5148 ταῦθα
2366 5095 2671 5167 θεωρεῖταν
2729 5095 2830 5164 τήν
2887 5094 2991 5170 γάρ
3050 5094 3226 5150 κτίσιν
3284 5100 3458 5150 πᾶσαν
3510 5094 3538 5150 6
3584 5095 3714 5157 Θεὸς
3747 5094 3801 5149 ἐν

2136 5179 2192 5253 ’ἓξ
2224 5182 2458 5258 ἡμέραις
2490 5180 2714 5253 ἐποίησε
2741 5182 2832 5238 καὶ
2890 5187 2961 5258 τῇ
3014 5184 3056 5253 ζ’
3123 5183 3461 5241 ἀνεπαύσατο
3517 5184 3605 5240 καἲ
3640 5184 3669 5239 ὁ
3704 5185 3802 5259 βα-

2141 5269 2325 5334 σιλεὺς
2379 5268 2430 5325 ἐν
2488 5268 2537 5340 ἔξ
2597 5265 2738 5326 ἔτεσι
2775 5272 2876 5341 τὴν
2937 5269 3176 5348 Ηερσίδα
3229 5272 3694 5347 καταπολεμήσας
3725 5276 3807 5345 τῷ

2143 5361 2185 5431 ζ’
2216 5360 2513 5437 εἶρήνευσε,
2541 5361 2634 5415 καὶ
2706 5360 2841 5434 μετὰ
2893 5365 3073 5440 χαρᾶς
3128 5363 3227 5431 τήν
3285 5363 3806 5419 Κωνσταντινούπο-

2145 5450 2230 5506 λιν
2257 5444 2687 5523 καταλαμϐάνει.
2724 5450 2781 5503 Ὀ
2813 5446 2870 5505 δὲ
2901 5450 3033 5514 λαὸς
3064 5453 3164 5522 τῆς
3218 5451 3461 5523 πόλεως,
3518 5454 3651 5527 μετά
3706 5454 3809 5506 τοῦ

1578 5573 1941 5630 XYLANDRI
1982 5577 2070 5632 ET
2107 5578 2316 5634 GOABI
2357 5576 2577 5632 NOTIE.

446 5700 561 5773 (63)
593 5700 739 5757 Nam
765 5700 1075 5759 Hormisda
1104 5705 1271 5772 patre
1296 5703 1467 5772 capto
1500 5700 1646 5756 etin
1677 5699 1928 5758 vinculis
1958 5708 2169 5764 necato
2201 5717 2455 5777 regnum
2485 5700 2817 5760 obtinuisse
2850 5702 3056 5762 fertur.
3091 5705 3229 5763 Χιι..
