4120 6456
339 376 460 439 808
1410 372 1777 436 HISTORIA
1789 371 1957 436 RUM
2004 370 2533 435 COMPENDIUM
2548 418 2562 433 .
3649 379 3772 441 806

345 508 620 586 βασιλέως
651 505 1059 565 Κωνσταντίνου
1087 508 1184 561 τοῦ
1237 506 1358 561 υίοῢ
1385 508 1484 561 τοῦ
1534 503 1859 582 Ἡρακλείου
1903 504 1995 561 καὶ

2120 506 2208 563 :lii
2240 508 2384 578 filio,
2418 512 2478 564 et
2513 508 2853 581 patriarcha
2883 508 3109 581 Sergio,
3138 510 3381 568 frondes
3428 513 3767 588 oleagineas

345 605 443 655 τοῦ
475 599 822 674 πατριάρχου
849 597 1103 672 Σεργίου,
1130 595 1265 670 μετά
1283 593 1502 650 κλάδων
1534 597 1620 668 [Ρ.
1649 597 1777 668 420]
1802 592 2002 649 ἐλαιῶν

2120 603 2350 669 gestans
2381 604 2439 653 et
2468 598 2649 665 faces,
2683 599 3007 671 gratiisque
3039 601 3158 654 Deo
3189 602 3335 656 actis
3367 610 3679 674 exceptum
3704 606 3766 659 in

342 689 435 745 καὶ
476 684 788 761 λαμπάδων
841 691 1036 741 τοῦτον
1104 682 1497 758 ὑποδεξάμενοι
1552 685 2005 761 εὐχαριστοῦντες

2120 686 2337 758 regiam
2368 687 2634 743 deduxit.

348 783 430 851 τῷ
459 782 576 851 Θεῷ
608 778 687 839 εἷς
722 770 978 851 βασίλεια
1009 775 1325 852 εἰσήγαγον.

424 870 520 940 Τῷ
550 868 614 921 ιϐ’
643 863 749 922 ἔτει
782 861 896 939 ἅμα
926 859 1042 940 ἔαρι
1087 864 1298 939 ἀπάρας
1330 865 1359 919 6
1394 863 1650 938 βασιλεὺς
1702 871 1801 935 τῆς
1852 866 2009 936 βασι-

2184 866 2354 920 Anno
2378 868 2443 919 19
2472 882 2605 920 vere
2638 882 2771 921 vere
2790 867 3033 922 ineunte
3056 868 3361 924 Heraclius
3380 869 3777 943 Hierosolyma

346 955 504 1019 λίδος
536 956 621 1011 ἐπὶ
657 956 723 1011 τὰ
759 952 1115 1031 Ἰεροσόλυμα
1163 952 1457 1031 ἐπορεύθη,
1507 953 1599 1009 καὶ
1649 953 1899 1031 ἀπήγαγε
1942 953 2009 1009 τὰ

2120 954 2280 1024 Cpoli
2303 953 2721 1026 proficiscitur,
2751 960 2809 1009 et
2838 956 3034 1011 avehit
3061 956 3421 1013 venerabilia
3452 975 3519 1014 ac
3548 958 3781 1014 viviﬁca

349 1046 512 1120 τίμια
540 1044 630 1100 καὶ
666 1044 911 1114 ζωοποιά
942 1043 1098 1115 ξύλα,
1149 1044 1238 1099 καὶ
1297 1040 1539 1105 ἀποδοὺς
1598 1048 1677 1116 τῷ
1735 1048 1850 1117 Θεῷ
1909 1044 2009 1114 τὴν

2120 1044 2309 1099 crucis
2331 1043 2494 1115 ligna
2522 1060 2535 1110 ;
2570 1044 2835 1115 votisque
2869 1047 2985 1100 Deo
3016 1047 3337 1117 persolutis
3377 1049 3779 1119 patriarcham

347 1132 706 1214 εὐχαριστίαν
764 1131 1172 1202 ἀποκατέστησε
1235 1132 1330 1187 τὸν
1391 1134 1741 1208 πατριάρχην
1829 1139 2010 1212 Ζαχα-

358 1225 495 1301 ρίαν.
531 1223 815 1295 Ἀπήλασε
873 1218 931 1277 δὲ
962 1223 1164 1284 πάντας
1212 1222 1341 1283 τοὺς
1386 1217 1673 1297 Ἐϐραίους
1716 1227 1816 1292 τῆς
1862 1222 2015 1298 ἁγίας

345 1312 588 1385 πόλεως,
620 1313 806 1389 ὁρίσας
849 1313 924 1386 μή
959 1309 1107 1390 ἔχειν
1139 1310 1337 1368 αὑτοὺς
1388 1309 1630 1381 ἐξουσίαν
1680 1311 1787 1366 ἀπὸ
1841 1316 2011 1386 τριῶν

351 1402 559 1479 μιλίων
591 1400 939 1474 πλησιάζειν.
972 1402 1085 1470 Τὴν
1119 1398 1345 1456 Ἕδεσαν
1393 1397 1452 1455 δὲ
1504 1395 1830 1456 καταλαϐὼν
1880 1401 2014 1457 ἀπο-

344 1490 547 1549 δέδωκε
574 1492 677 1561 τήν
708 1490 1002 1561 ἐκκλησίαν
1051 1494 1170 1552 τοῖς
1202 1488 1541 1565 ὀρθόδοξοις,
1580 1489 1683 1545 ὑπὸ
1713 1495 2014 1566 Νεστορια-

354 1587 462 1637 νῶν
491 1579 875 1656 κατεχομένην
905 1579 1012 1635 ἀπὸ
1062 1578 1333 1655 Χοσρόου.
1390 1578 1607 1636 Ἐλθὼν
1657 1579 1751 1634 οὗν
1792 1580 1869 1642 είς
1917 1581 2015 1637 Ἱε-

357 1671 590 1747 ράπολιν
621 1673 851 1741 ἤκουσεν
911 1670 996 1724 ’ὁτι
1052 1670 1258 1743 Σιρόης
1300 1669 1550 1739 τέθνηκεν
1580 1670 1608 1723 6
1636 1673 1746 1723 τῶν
1799 1673 2017 1744 Περσῶν

353 1759 634 1837 βασιλεὺς,
674 1759 764 1814 καὶ
816 1758 1109 1834 ἐκράτησεν
1177 1755 1411 1832 Ἀδεσήρ
1444 1759 1472 1813 6
1500 1759 1699 1813 τούτου
1750 1759 1869 1813 υἱὸς·
1907 1766 2017 1832 μῆ-

344 1870 441 1914 νας
471 1856 531 1920 ζ’,
565 1850 624 1904 ’ὀν
652 1850 741 1905 καὶ
775 1848 985 1921 ἀναιρεῖ
1044 1852 1285 1921 Βαραζᾶς
1347 1846 1676 1922 βασιλεύσας
1727 1854 1900 1921 μῆνας
1932 1850 2004 1920 η’·
2034 1886 2082 1951 Β

344 1938 549 1995 Τοῦτον
582 1936 639 1993 δὲ
669 1936 946 1999 ἀνελόντες
975 1938 1027 1992 οἱ
1070 1936 1272 2013 Πέρσαι
1301 1938 1400 2006 τήν
1439 1935 1708 2012 θυγατέρα
1759 1937 2004 2013 Χοσρόου

350 2028 547 2103 Βαράμ
578 2031 870 2083 συνιστῶσι
904 2022 1187 2101 βασιλίδα,
1218 2025 1341 2095 ἣτις
1403 2026 1494 2081 καὶ
1527 2026 1790 2101 ἐκράτησε
1832 2034 2010 2101 μῆνας

351 2119 394 2188 ζ’
422 2118 511 2173 καὶ
543 2114 855 2195 διαδέχεται
885 2117 1035 2190 παρά
1069 2112 1357 2192 Ὁρμίσδα.
1418 2116 1626 2172 Τούτου
1677 2117 1780 2172 ὑπὸ
1831 2124 2010 2192 Σαρα-

352 2212 536 2278 κηνῶν
589 2203 917 2281 διωχθέντος
969 2203 1173 2280 γίνεται
1224 2207 1259 2274 ἡ
1313 2203 1566 2279 βασιλεία
1621 2210 1730 2261 τῶν
1791 2211 2009 2282 Περσῶν

350 2296 456 2352 ὑπὸ
486 2297 615 2359 τοὺς
647 2290 889 2372 ’Ἄραϐας
924 2293 1093 2370 μέχρι
1121 2301 1221 2365 τῆς
1254 2296 1515 2371 σήμερον.

421 2386 517 2457 Τῷ
550 2386 597 2440 κ’
655 2378 785 2455 ἔτει,
845 2380 1003 2447 ὄντος
1055 2383 1382 2458 Ἡρακλείου
1436 2383 1489 2439 ἐν
1539 2383 1863 2460 Ἱεραπόλει,
1920 2382 2008 2461 ἕρ-

347 2494 508 2551 χεται
556 2475 697 2550 πρὸς
743 2471 905 2529 αὐτὸν
941 2474 1264 2538 Ἀθανάσιος
1296 2474 1324 2528 6
1355 2472 1705 2549 πατριάρχης
1750 2478 1858 2530 τῶν
1907 2477 2008 2532 Ἰα-

343 2558 610 2619 κωόιτῶν
668 2565 802 2637 (64),
864 2560 1038 2624 δεινὸς
1093 2562 1233 2637 ἀνὴρ
1287 2562 1379 2617 καὶ
1429 2567 1733 2638 κακοῦργος
1768 2567 1860 2638 ’τῇ
1899 2569 2007 2618 τῶν

351 2655 540 2728 Σύρων
575 2652 803 2732 ἐμφύτῳ
830 2652 1155 2727 πανουργίᾳ,
1183 2653 1273 2708 καὶ
1320 2657 1463 2708 κινεῖ
1511 2653 1646 2728 πρὸς
1704 2654 1793 2708 τὸν
1854 2655 2009 2730 βασι-

356 2739 457 2797 λέα
510 2741 718 2818 λόγους
770 2743 894 2816 περὶ
962 2747 1220 2811 πῖστεως,
1278 2740 1368 2796 καὶ
1447 2742 1794 2817 ὑπισχνεῖται
1861 2744 2010 2817 αὐτῷ

343 2830 689 2909 Ἡράκλειος,
722 2833 768 2888 εἰ
796 2834 898 2902 τήν
931 2832 984 2887 ἐν
1014 2829 1338 2903 Χαλκηδόνι
1397 2830 1618 2888 σύνοδον
1670 2831 2006 2905 ἀποδέξεται,

347 2924 700 3001 πατριάρχην
733 2921 897 2978 αὐτὸν
928 2928 1159 2991 ποιῆσαι
1191 2922 1556 2997 Ἀντιοχείας.
1590 2923 1650 2981 Ὀ
1682 2919 1740 2978 δὲ
1781 2924 2009 2999 ὑποκρι-

348 3012 458 3086 θεὶς
507 3009 722 3083 ἐδέξατο
780 3013 880 3082 τήν
940 3009 1187 3079 σύνοδον,
1245 3011 1604 3088 ὁμολογήσας
1660 3013 1757 3074 τὰς
1799 3010 1895 3067 δύο
1953 3011 2007 3069 ἐν

349 3104 574 3178 Χριστῷ
623 3100 909 3175 ἡνωμένας
949 3100 1153 3178 φύσεις·
1212 3098 1464 3176 ἠρώιησέ
1515 3122 1577 3156 τε
1626 3101 1720 3157 τὸν
1780 3100 2008 3177 βασιλέα

351 3192 478 3265 περὶ
534 3198 634 3260 τῆς
691 3190 954 3265 ἐνεργείας
1011 3191 1103 3246 καὶ
1164 3196 1274 3245 τῶν
1334 3189 1690 3264 θελημάτων,
1745 3198 1863 3255 πῶς
1924 3191 2007 3248 δεῖ

2119 1132 2459 1188 Zachariam
2480 1133 2757 1188 restituit.
2785 1134 3005 1189 Omnes
3028 1152 3204 1207 porro
3229 1136 3507 1192 Hebraeos
3530 1154 3600 1193 ea
3628 1139 3775 1194 urbe

2118 1220 2527 1293 exigit,edicto
2550 1237 2625 1276 ne
2652 1222 2727 1278 iis
2750 1222 2907 1277 intra
2937 1223 3178 1279 tertium
3211 1225 3467 1280 milliare
3499 1227 3783 1282 accedere

2120 1309 2351 1365 liceret.
2384 1309 2603 1365 Edessa
2620 1311 2799 1365 etiam
2821 1317 3062 1383 recepta
3092 1313 3406 1368 ecclesiam
3437 1309 3785 1371 orthodoxis

2119 1397 2338 1468 reddit,
2372 1414 2552 1469 quam
2593 1415 2628 1453 a
2658 1399 2923 1455 Chosroa
2962 1401 3295 1457 Nestoriani
3343 1408 3679 1459 tenuerant.
3714 1406 3788 1460 Ut

2120 1487 2466 1559 Hierapolin
2488 1487 2669 1556 venit,
2684 1489 2964 1544 nuntium
2991 1489 3063 1545 de
3092 1491 3271 1546 Siroaa
3289 1494 3607 1549 Persarum
3628 1494 3786 1567 regis

2120 1584 2311 1633 morte
2341 1579 2579 1649 accipit.
2616 1580 2915 1636 Successit
2943 1581 3083 1636 huic
3115 1582 3332 1638 Adeser
3362 1584 3542 1654 ﬁlius,
3576 1591 3635 1640 et
3685 1602 3782 1640 re-

2121 1669 2320 1739 gnavit
2348 1685 2590 1724 menses
2621 1675 2872 1741 septem.
2937 1673 3085 1726 Eum
3133 1672 3434 1729 interfecit
3482 1675 3784 1740 Barrazas,

2120 1774 2495 1830 regnumque
2517 1774 2754 1814 menses
2777 1765 2909 1814 octo
2929 1760 3141 1815 tenuit.
3174 1762 3343 1817 Hunc
3373 1765 3567 1818 Persa:
3610 1780 3787 1820 neca-

2121 1852 2353 1917 verunt,
2387 1853 2444 1902 et
2474 1864 2721 1920 regnum
2759 1848 2896 1903 ﬁlim
2929 1850 3239 1905 Chrosrois
3290 1852 3552 1907 Baramze
3602 1853 3786 1909 tradi-

2120 1937 2355 2008 derunt,
2411 1937 2570 2009 quod
2619 1954 2688 1993 ea
2770 1939 2955 2009 gessit
3008 1940 3159 1994 736
3233 1956 3473 1996 menses
3532 1947 3784 2013 septem.

2119 2027 2417 2082 Successit
2444 2026 2497 2081 ei
2546 2026 2932 2094 Hormisdas;
2995 2045 3111 2098 quo
3162 2045 3197 2084 a
3244 2029 3551 2085 Saracenis
3609 2032 3782 2102 pulso

2121 2115 2426 2171 Persicum
2458 2132 2708 2188 regnum
2741 2117 3036 2171 Arabibus
3070 2118 3405 2190 subjectum
3439 2127 3548 2185 est,
3602 2122 3782 2193 inque

2122 2205 2284 2259 hunc
2315 2221 2505 2275 usque
2537 2206 2694 2259 diem
2726 2205 2809 2260 ita
2837 2213 3059 2261 manet.

2194 2389 2365 2439 Anno
2387 2384 2835 2456 vigesimo,cum
2860 2385 3104 2458 degeret
3132 2385 3429 2457 Hierapoli
3459 2386 3786 2456 Heraclius,

2120 2473 2279 2528 venit
2308 2473 2383 2528 ad
2414 2489 2549 2528 cum
2579 2475 2944 2530 Athanasius
2973 2475 3379 2531 Jacobitarum
3427 2478 3787 2547 patriarcha,

2119 2562 2298 2617 homo
2331 2562 2584 2617 callidus
2623 2569 2683 2618 et
2712 2568 2778 2617 ut
2819 2568 2959 2618 sunt
3007 2564 3136 2636 Syri
3191 2580 3398 2620 omnes
3447 2570 3663 2620 natura
3712 2566 3789 2620 ad

2117 2651 2277 2706 mala
2305 2651 2576 2707 facinora
2603 2638 2865 2708 versutia
2895 2643 3249 2721 instructus,
3283 2653 3333 2707 is
3359 2670 3495 2709 cum
3527 2655 3787 2726 impera-

2121 2747 2246 2797 tore
2277 2741 2350 2796 de
2384 2742 2501 2797 fide
2532 2742 2916 2812 colloquitur,
2944 2744 3119 2813 eique
3141 2744 3466 2814 imperator
3486 2746 3788 2815 promittit

2114 2831 2520 2898 secum,modo
2546 2831 3046 2887 Chalcedonensis
3079 2832 3568 2888 conciliidecreta
3581 2851 3792 2905 appro—

2116 2921 2580 2992 bet,Antiochim
2595 2924 2943 2996 episcopum
2960 2933 3322 2981 creaturum.
3345 2926 3704 2981 Athanasius
3732 2926 3792 2980 id

2115 3011 2379 3079 simulat,
2413 3028 2481 3066 ac
2526 3012 2747 3068 fatetur
2800 3012 2947 3069 duas
3002 3015 3065 3069 in
3114 3015 3346 3070 Christo
3398 3032 3528 3071 esse
3587 3016 3788 3071 unitas

2114 3105 2382 3156 naturas.
2418 3100 2603 3155 Simul
2636 3102 2906 3158 Heraclio
2947 3104 3344 3173 quaestionem
3393 3105 3674 3176 proponit
3714 3104 3787 3159 de

2118 3188 2453 3243 actionibus
2483 3194 2541 3243 et
2566 3189 2992 3259 voluntatibus,
3023 3197 3223 3247 utrum
3277 3208 3360 3246 eae
3407 3193 3675 3264 duplices
3725 3193 3787 3249 in

350 3254 549 3341 ταύτας
592 3254 782 3356 λέγειν¹
814 3254 866 3334 έν
920 3282 1160 3354 Χριστῷ,
1207 3277 1406 3343 διπλᾶς
1508 3254 1827 3356 μοναδίκάς.
1852 3254 1918 3341 7'0
1949 3282 2006 3340 δὲ

2120 3277 2353 3332 Christo
2387 3294 2464 3333 an
2490 3295 2628 3333 vero
2660 3280 2963 3350 simplices
3015 3281 3282 3335 dicendae
3318 3281 3456 3337 sint.
3490 3284 3571 3336 Ea
3602 3282 3675 3336 de
3724 3297 3788 3335 re

345 3369 602 3444 βασιλεὺς
632 3370 824 3448 γράφει
864 3372 1004 3446 πρὸς
1061 3371 1285 3447 Σέργιον
1336 3373 1430 3428 τὸν
1488 3374 2003 3430 Κωνσταντινουπό-

340 3456 503 3528 λεως,
545 3463 938 3535 προσκαλεῖται
969 3458 1026 3515 δὲ
1074 3460 1163 3516 καὶ
1199 3461 1378 3535 Κύρον
1428 3463 1520 3516 τὸν
1574 3460 1816 3527 Φάσιδος
1867 3465 2005 3545 (65),

338 3548 756 3619 Μονοθελήταις
810 3548 1148 3626 ἀμφοτέροις
1215 3550 1358 3621 οὗσι,
1416 3548 1507 3605 καὶ
1577 3551 1727 3625 εὗρεν
1808 3552 2005 3613 αὐτοὺς

340 3637 656 3716 ὁμόφρονας
717 3639 1057 3701 Ἀθανασίου.
1119 3640 1320 3716 Γράφει
1405 3640 1495 3695 οὖν
1550 3641 1688 3715 πρὸς
1748 3642 2003 3712 Ἰωάννην

342 3725 435 3782 τόν
468 3729 650 3783 πάπαν
693 3728 917 3800 Ῥώμης
978 3725 1299 3804 ἀμφοτέρων
1359 3728 1460 3797 τὴν
1510 3728 1760 3803 γνώμην·
1794 3730 1823 3784 ὁ
1854 3727 1911 3785 δὶ
1942 3730 2006 3786 οὔ

346 3813 686 3886 κατεδέξατο,
755 3816 1030 3892 Γεωργίου
1094 3814 1152 3872 δὲ
1199 3821 1297 3873 τοῦ
1358 3815 1766 3892 Ἀλεξανδρείας
1818 3819 2001 3875 τελευ-

349 3907 616 3976 τήσαντος
679 3907 857 3979 Κῦρος
906 3905 1203 3968 ἐπίσκοπος
1284 3902 1693 3981 Ἀλεξανδρείας
1779 3909 2005 3982 γίνεται,

352 3995 444 4050 καὶ
501 3996 722 4060 ἑνωθεὶς
786 3991 1055 4070 Θεοδώρῳ
1121 4000 1200 4068 τῷ
1281 3995 1562 4067 ἐπισκόπῳ
1630 3998 1814 4072 Φαράν
1870 3999 2007 4070 (66),

350 4082 615 4155 ἐποίησαν
671 4085 771 4153 τὴν
832 4078 1116 4160 ὐδροϐαφῆ
1176 4088 1284 4157 (67)
1342 4083 1549 4154 ἐκείνην
1605 4081 1822 4153 ἕνωσιν,
1884 4086 2010 4160 μίαν

347 4171 626 4228 κοιὶαῦτοὶ
676 4173 976 4248 γράψαντες
1036 4172 1088 4227 ἐν
1148 4174 1368 4247 Χριστῷ
1423 4174 1655 4246 φυσικὴν
1713 4170 2006 4250 ἐνέργειαν.

348 4263 442 4318 Ἐν
473 4261 690 4327 τούτοις
721 4260 888 4317 ὅντων
947 4266 1056 4317 τῶν
1116 4263 1451 4339 πραγμάτων
1513 4262 1825 4340 Σωφρόνιος
1884 4266 2009 4321 Χει-

351 4356 656 4426 ροτονεῖται
723 4349 1022 4413 ἐπίσκοπος
1081 4350 1501 4425 Ἱεροσολύμων
1584 4352 1674 4407 καὶ
1734 4354 2012 4430 συναθροί-

349 4459 449 4502 σας
478 4441 607 4505 τοὺς
632 4441 720 4495 ὑπ’
752 4438 912 4496 αυτὸν
943 4439 1278 4503 ἐπισκόπους
1302 4441 1365 4495 τὸ
1410 4439 1786 4514 μονοθέλητον
1833 4439 2011 4520 δόγμα

348 4529 723 4604 ἀνεθεμάτισε,
756 4532 846 4586 καὶ
895 4528 1194 4592 συνοδικῶς
1255 4529 1472 4605 Σεργίῳ
1528 4535 1609 4603 τῷ
1669 4537 2009 4589 Κωνσταντι·

2116 3366 2445 3437 imperator
2475 3367 2551 3422 ad
2578 3369 2848 3440 Sergium
2881 3370 3258 3440 Cpolitanum
3293 3376 3351 3424 et
3379 3372 3595 3442 Cyrum
3626 3371 3786 3425 Pha-

2115 3457 2262 3512 sidis
2294 3458 2640 3530 episcOpum
2684 3459 2911 3516 scribit.
2967 3461 3230 3525 Quorum
3283 3477 3419 3516 cum
3467 3466 3717 3531 uterque
3749 3476 3785 3514 a

2116 3553 2278 3602 secta
2306 3547 2827 3603 Monothelitarum
2859 3555 3040 3619 esset,
3091 3551 3205 3605 hoc
3253 3555 3364 3616 est,
3420 3567 3626 3605 eorum
3681 3549 3782 3620 qui

2114 3636 2356 3692 unicam
2385 3636 2617 3692 Christo
2650 3637 3016 3693 voluntatem
3046 3640 3377 3712 assignant,
3420 3640 3644 3695 invenit
3673 3655 3774 3694 eos

2114 3725 2274 3780 idem
2304 3743 2441 3781 cum
2471 3728 2794 3783 Athanasio
2828 3729 3071 3783 sentire.
3103 3731 3365 3794 Quorum
3415 3730 3773 3785 sententiam

2116 3832 2252 3871 cum
2284 3815 2359 3870 ad
2385 3817 2673 3872 Joannem
2704 3834 2918 3890 papam
2977 3821 3308 3874 Romanum
3354 3819 3774 3891 prescriberet,

2116 3910 2209 3959 est
2233 3905 2360 3959 haec
2388 3906 2462 3959 ab
2495 3922 2562 3961 eo
2590 3906 2947 3978 improbata.
2982 3909 3228 3963 Interim
3253 3909 3498 3980 Georgio
3520 3909 3775 3963 Alexan—

2118 3992 2260 4047 dria:
2309 3994 2585 4065 episcopo
2644 4001 2879 4050 mortuo
2937 4002 3119 4068 Cyrus
3176 3998 3489 4053 sufficitur.
3552 3999 3654 4052 llic
3708 3997 3772 4050 in

2119 4083 2463 4137 societatem
2517 4084 2702 4140 ascito
2760 4084 3065 4140 Theodoro
3136 4086 3443 4141 Pharaneo
3496 4087 3774 4159 episc0po

2118 4171 2453 4227 unitionem
2483 4172 2648 4227 illam
2679 4190 2839 4245 aqua
2893 4173 3393 4246 submergendam
3444 4176 3775 4244 constituit,

2118 4262 2358 4316 unicam
2406 4261 2637 4317 Christo
2696 4263 3031 4319 naturalem
3088 4264 3387 4319 actionem
3416 4264 3775 4319 decernens.

2121 4356 2244 4407 Hoc
2301 4369 2504 4408 rerum
2562 4357 2719 4408 statu
2777 4354 3145 4425 Sophronius
3231 4354 3777 4427 Hierosolymorum

2122 4442 2435 4514 episcopus
2465 4442 2764 4515 deligitur.
2796 4444 2901 4498 Hic
2932 4444 3269 4500 convocatis
3296 4444 3610 4516 episcopis,
3645 4442 3776 4514 qui-

2121 4532 2234 4589 bus
2264 4539 2536 4605 praeerat,
2570 4533 2875 4590 decretum
2920 4534 3439 4591 Monothelitarum
3493 4534 3774 4590 condem-

351 4618 668 4682 νουπόλεως
696 4620 788 4674 καὶ
824 4620 1045 4694 Ἰωάννῃ
1071 4624 1150 4691 τῷ
1179 4619 1404 4693 Ῥώμης
1435 4617 1771 4677 ἀπέστειλεν.
1818 4621 2009 4679 Ἀκού-

2120 4629 2262 4691 nat;
2294 4628 2543 4694 actaque
2591 4623 2828 4679 concilii
2877 4624 2967 4680 sui
3024 4624 3100 4679 ad
3150 4624 3418 4697 Sergium
3465 4625 3664 4696 Cpolis
3719 4627 3780 4680 et

349 4728 447 4772 σας
498 4705 556 4763 δὶ
600 4713 767 4765 ταῦτα
824 4707 1152 4784 Ἡράκλειος
1204 4707 1481 4784 ᾐσχύνθη,
1538 4708 1628 4763 καὶ
1699 4709 2002 4768 κάταλῦσαι

353 4798 449 4871 μὲν
480 4799 547 4853 τὰ
574 4796 748 4854 οἶκεία
778 4799 882 4854 οὐκ
911 4798 1170 4870 ἠθέλησε,
1204 4798 1293 4853 καὶ
1338 4795 1503 4853 πάλιν
1554 4799 1646 4853 τὸν
1699 4796 2008 4874 ὀνειδισμὸν

2120 4713 2265 4768 737
2299 4713 2588 4768 Joannem
2620 4715 2823 4769 Roma)
2853 4714 3165 4786 episcopos
3196 4715 3399 4769 mittit.
3434 4714 3536 4769 His
3557 4714 3776 4770 auditis

2118 4801 2425 4859 Heraclius
2456 4802 2683 4875 pudore
2716 4804 2986 4871 aﬂectus,
3021 4820 3158 4859 cum
3188 4820 3384 4876 neque
3417 4819 3525 4860 sua
3552 4805 3776 4860 rescin-

1558 4940 1923 4999 XYLANDRI
1960 4946 2049 5000 ET
2087 4944 2305 5001 GOARI
2343 4945 2569 5002 NOTIE.

422 5085 526 5155 (64)
561 5085 669 5151 Qui
700 5084 898 5159 Jacobi
931 5083 1063 5159 Syri
1106 5083 1419 5159 cujusdam
1469 5084 1745 5159 monachi
1795 5102 2009 5158 sequa-

350 5171 470 5227 ces,
503 5173 572 5212 ac
602 5156 881 5227 Eutychis
913 5154 1359 5211 etDioscOridis
1390 5154 1452 5209 in
1501 5155 1804 5226 plerisque
1845 5154 2012 5216 asse-

352 5225 475 5301 claa.
510 5229 655 5301 Lege
686 5225 821 5283 vero
848 5243 1074 5301 annum
1133 5230 1243 5301 20,;
1277 5242 1400 5281 non
1449 5228 1540 5297 25,
1589 5230 1657 5281 ut
1710 5244 2009 5288 annorum

352 5299 537 5355 series
573 5299 693 5355 non
724 5299 1179 5354 interturbetur.
1214 5299 1389 5354 GOAR.

421 5372 536 5443 (65)
566 5371 907 5444 Phasclidis
927 5370 1108 5444 habet
1137 5369 1352 5444 Paulus
1380 5368 1624 5444 Diacon.
1666 5368 1707 5423 l.
1763 5387 1914 5444 xvm,
1945 5383 2013 5432 ut

350 5440 489 5497 in7
519 5440 798 5500 centuria
854 5440 1117 5497 historias
1170 5440 1597 5496 Ecclesiasticaa
1651 5457 1815 5498 novae
1865 5440 2009 5504 cita-

350 5519 466 5569 tur:
501 5516 601 5570 Est
633 5522 833 5572 autem
864 5513 1133 5569 Phaselis
1176 5512 1540 5584 Pamphylia)
1591 5512 1733 5567 urbs
1782 5519 2014 5574 mariti-

348 5602 469 5653 ma,
504 5587 692 5657 Lycia)
725 5586 1085 5658 propinqua._
1113 5584 1183 5640 Et
1210 5582 1364 5639 hanc
1394 5582 1713 5658 lectionem
1735 5589 2010 5657 praefero,

351 5654 696 5730 quanquam
717 5654 988 5714 Phasidis
1012 5656 1188 5712 etiam
1205 5654 1886 5716 ZomarnshabeathrL.
1903 5654 2013 5719 Τοὲ

2118 5094 2179 5144 to
2211 5088 2402 5159 spatio
2434 5105 2467 5142 a
2496 5089 2736 5147 Phaside
2764 5093 3036 5147 Lazarum
3065 5093 3346 5149 Colchidos
3374 5092 3506 5147 urbe
3557 5095 3609 5145 et
3666 5093 3776 5159 ﬂu-

2117 5160 2310 5243 vioﬂad
2335 5159 2636 5243 Ehaselim
2667 5164 3032 5235 Pamphyliae
3076 5164 3313 5219 aberrat
3356 5162 3663 5234 Xylander
3711 5162 3773 5216 in

2118 5232 2296 5287 notis.
2330 5232 2505 5287 Goan.
2813 5232 2833 5235 “
2901 5232 2914 5235 ⁷
3420 5232 3429 5234 ⁷

2134 5377 2155 5379 _
2191 5303 2305 5376 (66)
2339 5303 2485 5359 Urbs
2516 5309 2606 5360 est
2633 5306 2789 5361 inter
2817 5309 3125 5379 .Egyptum
3157 5310 3216 5361 et
3246 5304 3523 5361 Arabiam
3553 5303 3770 5362 media.

2120 5377 2304 5519 ϐἳέἓι)
2334 5448 2501 5518 Aqua
2528 5447 2976 5520 submergendam
3007 5448 3257 5503 fortasse
3277 5448 3465 5504 diluta
3487 5453 3547 5503 et
3574 5449 3779 5520 inepta

2122 5535 2191 5575 ac
2211 5519 2440 5576 futulis.
2473 5522 2617 5575 XYL.
2636 5551 2705 5559 —
2726 5520 3060 5575 Correctius
3093 5521 3291 5575 leniter
3320 5524 3591 5585 tinctam;
3631 5519 3780 5588 fuiti-

2124 5591 2227 5647 lem
2255 5595 2316 5664 et
2344 5594 2589 5661 fucatam
2618 5592 2839 5648 rectius
2870 5592 3087 5647 dixeris
3118 5609 3297 5663 quam
3340 5610 3491 5664 aqua
3532 5592 3781 5649 submer-

2122 5663 2389 5733 gendum.
2434 5665 2605 5720 Gou.
