4120 6458
406 351 523 411 80³7

1771 342 2087 408 GEORGII
2133 345 2475 408 CEDRENI

3708 355 3832 416 808

405 481 545 539 dere
567 481 748 538 vellet
770 482 830 537 et
858 480 1310 553 exprobationes
1338 496 1459 536 non
1491 479 1832 550 sustineret,
1864 478 2029 534 edict

2178 476 2256 549 μή
2288 477 2464 556 φέρων
2494 476 2761 537 ἐκτίθεται
2817 478 3028 537 ἴδικτον
3086 483 3197 555 (68)
3249 484 3338 555 [Ρ.
3388 483 3517 557 421]
3570 484 3834 560 περιέχον

404 574 597 628 sancit
625 588 699 627 ne
729 572 821 627 vel
850 572 1089 628 unicam
1119 570 1209 626 vel
1241 570 1385 625 duas
1416 569 1476 624 in
1529 569 1757 624 Christo
1793 568 2058 623 actiones

402 663 720 734 quisquam
779 662 1150 725 conﬁteatur,
1210 660 1406 731 Sergio
1476 664 1732 725 mortuo,
1792 657 2057 729 Pyrrhus

401 753 771 826 episcopatui
799 752 1106 824 Cpolitano
1138 751 1480 822 praeﬁcitur.
1518 752 1586 803 Et
1613 750 1870 804 Joannes
1902 763 2055 818 papa

401 845 702 899 Romanus
715 841 938 913 synodo
952 844 1304 913 congregata
1318 838 1839 894 Monothelitarum
1860 836 2052 891 haere-

399 933 493 988 sin
552 932 895 987 detestatur.
954 931 1114 985 Idem
1174 929 1396 984 factum
1453 930 1516 984 in
1574 928 1773 983 Africa
1831 928 2053 999 Byzaca

398 1020 671 1075 Numidia
700 1018 1068 1074 Mauritania.
1101 1018 1312 1073 Joanni
1344 1034 1512 1088 papa:
1568 1017 1764 1070 Romae
1814 1020 2050 1069 mortuo

393 1107 732 1163 Theodorus
781 1106 1155 1179 subrogatur.
1209 1105 1519 1176 Cpolitano
1571 1109 1771 1158 autem
1821 1102 2049 1173 episco-

389 1198 554 1268 patui
587 1196 803 1251 Paulus
834 1196 1220 1268 prmponitur,
1255 1194 1380 1266 ipse
1414 1209 1649 1265 quoque
1707 1192 2045 1248 haareticus.

390 1285 506 1340 Sub
536 1286 846 1342 Theodoro
879 1285 982 1339 illo
1014 1287 1215 1339 Romm
1246 1288 1391 1338 actae
1425 1289 1564 1338 sunt
1603 1297 1796 1337 causa)
1837 1280 2045 1350 Pyrrhi

389 1380 449 1430 et
478 1375 535 1431 S.
570 1375 829 1443 Maximi,
863 1374 1296 1446 discipulorum
1329 1372 1482 1445 ejus,
1515 1376 1575 1427 et
1593 1371 1846 1439 Martini,
1879 1386 2047 1425 sanc-

387 1466 605 1521 tissimi
634 1482 802 1537 papze
834 1467 1054 1534 Romae,
1081 1465 1180 1536 qui
1217 1464 1429 1519 Joanni
1462 1462 1749 1519 successit
1774 1466 1833 1516 et
1863 1460 2042 1515 Cher-

389 1571 597 1609 sonem
655 1555 767 1609 fuit
823 1553 1136 1626 relegatus.
1197 1554 1384 1625 Hujus
1460 1568 1768 1607 successor
1817 1550 2041 1623 Agatho

386 1643 798 1699 Monothelitas
830 1644 1092 1699 damnat.
1128 1643 1438 1698 Enimvero
1470 1640 1544 1696 ad
1583 1641 1743 1695 hunc
1794 1639 2040 1695 modum

384 1732 650 1789 Ecclesia
690 1738 748 1788 et
801 1732 874 1788 ab
939 1732 1176 1805 regibus
1235 1738 1293 1787 et
1348 1731 1421 1787 ab
1475 1731 1675 1802 impiis
1731 1745 2038 1785 sacrorum

384 1822 750 1877 antistitibus
773 1821 1146 1889 conturbata,
1181 1820 1369 1875 erexit
1399 1837 1461 1875 se
1481 1818 1796 1875 Amalecus
1828 1817 2038 1873 solitu-

384 1910 544 1965 dinis
569 1910 781 1978 cultor,
806 1909 1027 1965 feriens
1053 1926 1163 1965 nos
1184 1909 1283 1980 qui
1302 1907 1558 1981 populus
1571 1907 1783 1962 Christi
1810 1922 2039 1961 sumus.

376 2000 579 2055 Prima
610 1999 811 2055 clades
864 2005 1007 2055 tunc
1055 1999 1273 2055 accidit
1318 1997 1567 2053 Romani
1625 1996 1918 2051 exercitus
1966 1995 2042 2051 ad

380 2089 773 2145 Gabithanem
798 2095 857 2144 et
870 2087 1812 2159 Jermuchamum,sanguinisque
1830 2085 2041 2141 eﬂusio

378 2178 625 2249 injusta.
660 2178 886 2233 Deinde
917 2178 1215 2234 Palaestini
1248 2179 1654 2233 Caesareenses
1687 2182 1745 2231 et
1775 2176 2043 2230 Hieroso-

378 2266 655 2337 lymitani
685 2268 841 2339 capti
874 2273 1030 2323 sunt.
1064 2269 1205 2321 Post
1225 2267 1449 2338 Egypti
1472 2265 1854 2320 subsecutum
1883 2264 2041 2319 exci-

380 2356 573 2423 dium,
605 2374 673 2413 ac
705 2357 988 2428 deinceps
1018 2356 1480 2420 mediterranea,
1512 2354 1746 2421 insulas,
1807 2353 2039 2408 omnis-

384 2462 499 2516 que
532 2448 796 2501 Romana
821 2445 966 2500 ditio
990 2446 1047 2499 in
1072 2449 1418 2516 potestatem
1449 2443 1712 2499 hostium
1726 2448 2036 2499 venerunt.

382 2534 640 2591 Additur
668 2535 761 2590 his
795 2536 1046 2590 Romani
1081 2535 1378 2589 exercitus
1408 2550 1476 2589 ac
1508 2533 1715 2589 classis
1762 2532 1824 2587 in
1861 2532 2037 2587 Phos-

383 2624 541 2680 nicia
572 2624 871 2690 interitus,
905 2624 1282 2694 omniumque
1326 2622 1799 2678 Christianorum
1849 2637 2042 2693 p0pu-

378 2713 574 2769 lorum
607 2719 667 2768 et
694 2713 844 2770 788
878 2714 1144 2769 locorum
1181 2713 1593 2769 evastationes.
1619 2713 1877 2777 Quarum
1904 2710 2040 2765 ﬁnis

374 2803 578 2858 nullus
600 2803 731 2874 fuit,
747 2802 936 2859 donec
953 2802 1229 2858 Ecclesiae
1250 2806 1593 2874 persecutor
1612 2800 1831 2855 infelici
1849 2804 2039 2855 morte

373 2893 621 2947 allectus
647 2897 756 2961 est,
788 2892 1017 2948 occisus
1048 2892 1111 2947 in
1144 2891 1338 2947 Sicilia
1370 2891 1433 2945 in
1465 2891 1681 2946 balneo
1727 2888 2024 2960 Daphnes.

2166 567 2308 638 μήτε
2349 567 2477 639 μίαν
2513 570 2653 641 μήτε
2683 566 2779 625 δύο
2810 569 3080 646 ἐνεργείας
3122 571 3426 647 ὁμολογεῖν
3478 568 3539 626 ἐκ
3585 572 3829 647 Χριστῷ.

2162 654 2315 710 Μετὰ
2346 652 2405 710 δὲ
2431 656 2694 726 τελευτήν
2740 659 2964 734 Σεργίου
3014 656 3226 733 Πύρῥος
3275 660 3368 714 τὸν
3423 659 3611 735 θρόνον
3664 664 3821 720 Κων-

2160 745 2659 808 σταντινουπόλεως
2724 744 3013 819 διεδέξατο.
3076 748 3336 818 Ἰωάννης
3398 746 3455 804 δὲ
3512 751 3541 805 ὁ
3600 751 3832 824 Ῥώμης

2158 828 2455 898 ἐπίσκοπος
2503 834 2727 891 σύνοδον
2781 837 3040 906 ἀθροίσας
3103 839 3203 907 τήν
3261 842 3371 893 τῶν
3414 839 3828 910 Μονοθελητῶν

2157 919 2364 995 αἶ’ρεσιν
2400 925 2796 998 ἀνεθεμάτισεν.
2853 928 3095 1001 Ὀμοίως
3150 927 3241 983 καὶ
3300 927 3352 983 ἐν
3415 929 3675 1008 ’Δφρικῇ,
3735 930 3829 987 καὶ

2158 1012 2398 1088 Βυζάκῃ,
2429 1015 2520 1069 καὶ
2553 1013 2853 1090 Νουμιδίᾳ,
2904 1017 2996 1072 καὶ
3052 1017 3409 1091 Μαυριτανίᾳ.
3458 1020 3715 1075 Ἰωάννου
3769 1018 3827 1075 δὲ

2154 1104 2251 1154 τοῦ
2313 1103 2539 1175 Ῥώμης
2621 1107 2986 1178 κοιμηθέντος
3072 1103 3354 1181 Θεόδωρος
3423 1114 3823 1182 χειροτονεῖται

2153 1189 2336 1251 πάπας
2367 1190 2476 1246 ἀντ’
2521 1192 2708 1249 αὑτοῦ.
2767 1194 2856 1250 Ἐν
2912 1193 3491 1251 Κώνσταντινουπόλει
3550 1194 3608 1253 δὶ
3664 1203 3819 1254 Παῦ-

2154 1274 2253 1341 λος
2284 1287 2706 1355 χειροτονεῖται,
2768 1283 2860 1339 καὶ
2916 1285 3080 1347 αὐτὸς
3119 1285 3411 1358 αἱρετικός.
3472 1288 3594 1341 Ἐπὶ
3650 1286 3818 1344 αὐτοῦ

2151 1364 2438 1443 Θεοδώρου
2504 1375 2604 1425 τοῦ
2670 1371 2824 1427 πάπα
2886 1372 3110 1447 Ῥώμης
3166 1374 3238 1429 τὰ
3291 1375 3453 1431 κατὰ.
3490 1373 3699 1450 ΙΙύρῥον
3759 1376 3815 1433 ἐν

2146 1454 2339 1533 Ῥώμῃ
2373 1458 2659 1535 γενόμενα,
2704 1462 2796 1516 καὶ
2856 1461 2949 1517 τὸν
3011 1457 3165 1538 ἅγιον
3225 1463 3472 1539 Μάξιμον
3531 1468 3667 1538 (69),
3725 1466 3817 1521 καὶ

2145 1544 2273 1608 τοὺς
2307 1548 2555 1620 μαθητὰς
2588 1548 2779 1623 αὐτοῦ,
2812 1552 2903 1606 γαὶ
2958 1553 3234 1626 Μαρτῖνον
3285 1554 3403 1627 (70)
3439 1553 3533 1609 τὸν
3586 1555 3820 1630 ἁγιώτα-

2145 1655 2238 1690 τον
2297 1636 2479 1691 πάπαν
2540 1638 2786 1712 Ῥώμης,
2843 1640 2937 1695 τὸν
3011 1642 3151 1715 μετᾶ
3211 1642 3468 1712 Ἰωάννην
3522 1642 3812 1719 γενόμενον

2142 1725 2234 1780 καὶ
2273 1723 2346 1811 ἐν
2401 1731 2650 1802 Χερσῶνι
2707 1729 3062 1804 ἐξορισθέντα,
3146 1730 3521 1811 ἐπράχθησαν.
3609 1737 3811 1791 Τοῦτον

2145 1810 2391 1888 Ἀγάθων
2435 1811 2827 1891 διαδεξάμενος
2883 1818 2947 1874 τὸ
2999 1810 3369 1893 μονοθέλητον
3417 1820 3808 1896 ἀποκηρύττει.

2153 1899 2314 1965 Οὕτω
2342 1900 2467 1956 τότε
2498 1902 2601 1957 ὑπό
2650 1923 2709 1958 τε
2745 1908 2857 1959 τῶν
2913 1903 3184 1980 βασιλέων
3232 1906 3324 1961 καὶ
3374 1911 3482 1962 τῶν
3535 1902 3812 1962 δυσσεϐῶν

2157 1986 2345 2064 ἱερέων
2371 1998 2474 2061 τῆς
2530 1991 2862 2064 Ἐκκλησίας
2910 1996 3344 2070 ταραττομένης,
3394 1995 3589 2069 ἀνέστη
3624 1999 3652 2052 ὁ
3685 1998 3815 2075 ἐρη-

2151 2079 2308 2152 μικὸς
2343 2079 2605 2153 Ἀμαλήκ
2634 2084 2747 2154 (71)
2785 2083 3001 2138 τύπτων
3063 2086 3214 2158 ἡμᾶς
3269 2085 3361 2140 τὸν
3411 2090 3512 2141 τοῦ
3568 2087 3810 2162 Χριστοῦ

2151 2167 2304 2237 λαὸν,
2363 2169 2453 2225 καὶ
2512 2171 2718 2248 γίνεται
2776 2174 2970 2249 πρώτη
3061 2179 3269 2238 πτῶσις
3335 2179 3433 2231 τοῦ
3493 2177 3811 2252 Ῥωμαῖκοῢ

2152 2264 2387 2332 στρατοῦ
2418 2261 2452 2329 ἠ
2486 2263 2622 2316 κατὰ
2682 2265 2780 2318 τοῦ
2839 2258 3074 2328 Γαϐιθὰν
3131 2264 3222 2320 καὶ
3273 2265 3618 2341 Ἱερμουχᾶμ
3677 2260 3809 2341 (72),

2147 2346 2237 2400 καὶ
2295 2349 2330 2416 ἡ
2389 2348 2624 2423 ἄθεσμος
2680 2352 3101 2428 αἱματεκχυσία,
3175 2355 3291 2428 μεθ’
3354 2355 3419 2426 ἢν
3453 2356 3489 2425 ἡ
3522 2352 3822 2411 Παλαιστι-

2146 2439 2275 2504 νῶν,
2308 2437 2398 2493 καὶ
2430 2439 2759 2515 Καισάρέων,
2789 2440 2882 2496 καὶ
2912 2442 3373 2516 Ἱεροσολυμιτῶν
3431 2440 3663 2513 ἅλωσις,
3697 2445 3817 2501 εἶτα

2149 2527 2177 2580 ὁ
2206 2524 2510 2601 Αἰγύπτιος
2540 2526 2794 2602 ύλεθρος,
2851 2529 2943 2585 καὶ
2989 2531 3216 2603 καθεξῆς
3265 2534 3300 2603 ὴ
3331 2537 3440 2587 τῶν
3493 2533 3816 2609 μεσογείων,

2146 2614 2238 2670 καὶ
2267 2617 2474 2686 νήσων,
2504 2616 2593 2673 καὶ
2624 2620 2808 2689 πάσης
2860 2621 3170 2694 Ῥωμανίας
3222 2620 3604 2698 αἶ’χμαλωσία,
3651 2624 3742 2680 καὶ
3775 2627 3811 2695 ἡ

2147 2703 2199 2759 ἐν
2224 2706 2460 2782 Φοινίκῃ
2520 2711 2618 2763 τοῦ
2665 2710 2983 2784 Ῥωμαϊκοῦ
3031 2712 3263 2786 στρατοῦ
3314 2712 3407 2767 καὶ
3455 2712 3654 2769 στόλου
3703 2713 3813 2770 ἀπ-

2147 2795 2339 2865 ώλεια,
2371 2797 2460 2852 καὶ
2492 2797 2711 2853 πάντων
2742 2803 2852 2854 τῶν
2886 2804 3226 2874 Χριστιανῶν
3277 2799 3426 2857 λαῶν
3476 2805 3567 2858 καὶ
3620 2803 3807 2859 τόπων

2148 2884 2482 2961 ἐρημώσεις,
2541 2884 2740 2952 α’ίτινες
2791 2887 2892 2943 οὐκ
2946 2888 3247 2945 ἐπαύσαντο
3288 2889 3453 2966 ἄχρις
3509 2889 3571 2947 ἄν
3632 2893 3662 2948 ὁ
3705 2899 3808 2963 τῆς

368 2976 701 3049 Ἐκκλησῖας
733 2976 971 3051 διώκτης
1003 2982 1111 3051 (73)
1144 2979 1196 3033 ἐν
1231 2974 1457 3051 Ρικελίᾳ
1486 2978 1667 3040 κακῶς
1700 2976 1933 3051 ἀνῃρέθη
1967 2975 2021 3031 ἐν
2048 2978 2126 3048 τῷ
2161 2974 2436 3050 βαλανείῳ
2466 2983 2568 3046 τῆς
2601 2977 2841 3058 Δάφνης.

448 3097 622 3151 Anno
654 3100 717 3150 21
773 3096 1100 3151 exstinctus
1152 3100 1242 3151 est
1289 3095 1630 3151 Moamedus
1678 3095 2029 3150 Sarraceno-

2218 3087 2313 3162 Τῷ
2355 3096 2438 3145 κα·
2488 3084 2595 3146 ἔτει
2657 3086 2867 3147 ἀπεϐίω
2921 3090 3164 3167 Μωάμεδ
3216 3094 3245 3149 ὁ
3298 3098 3407 3150 τῶν
3466 3100 3801 3172 Σαρακηνῶν

374 3201 508 3241 rum
542 3185 682 3253 dux,
708 3185 807 3256 qui
841 3202 902 3241 se
932 3192 1123 3240 vatem
1146 3185 1296 3240 falso
1322 3185 1726 3257 perhibuerat,
1750 3183 2033 3240 mandata

372 3275 459 3330 rei
521 3291 757 3330 summa
814 3280 1063 3348 cognato
1114 3292 1219 3330 suo
1278 3274 1676 3330 Abubachari.
1736 3274 2025 3329 Caeterum

371 3364 623 3433 Hebraei,
657 3365 719 3421 in
744 3380 1008 3420 errorem
1040 3363 1279 3420 abducti
1325 3364 1389 3432 ii,
1433 3380 1568 3420 cum
1616 3364 1875 3436 primum
1925 3362 2027 3417 ille

370 3454 616 3524 exstitit,
675 3454 1095 3509 existimarunt
1142 3469 1272 3509 esse
1312 3469 1449 3508 eum
1507 3453 1801 3521 Messiam,
1847 3468 2025 3523 quem

368 3542 483 3614 ipsi
517 3542 962 3613 exspectabant,
994 3543 1139 3598 adeo
1173 3542 1416 3614 quidem
1446 3548 1513 3597 ut
1536 3542 1741 3597 decem
1775 3559 2025 3597 numero

368 3631 479 3686 viri
510 3633 669 3686 inter
698 3648 798 3686 eos
826 3631 1095 3703 primarii
1127 3631 1201 3687 ad
1233 3631 1606 3687 Moamedum
1650 3648 1711 3686 se
1743 3630 2022 3686 contule-

369 3721 513 3789 rint,
555 3720 906 3792 desertaque
962 3722 1157 3787 Mosis,
1218 3722 1314 3778 cui
1372 3738 1436 3777 se
1488 3721 1810 3778 videndum
1868 3724 2021 3778 Deus

366 3810 724 3882 praebuerat,
754 3811 1041 3884 religione
1063 3812 1249 3883 ipsius
1270 3809 1522 3883 amplexi
1547 3812 2019 3883 superstitiosam

365 3900 755 3971 impietatem,
788 3917 977 3972 usque
1003 3900 1077 3956 ad
1098 3901 1321 3957 cmdem
1349 3901 1479 3973 ejus
1501 3902 1613 3973 ipsi
1638 3901 2017 3959 adhaeserint.

365 3990 581 4045 Verum
613 3989 673 4043 hi
704 3989 970 4045 videntes
1004 4006 1141 4045 eum
1169 4006 1347 4046 carne
1378 3991 1589 4047 cameli
1614 3992 1789 4062 vesci,
1822 4008 2019 4048 sense-

362 4083 508 4135 runt
538 4095 660 4135 non
693 4095 825 4134 esse
857 4079 917 4135 id
948 4079 1107 4150 quod
1138 4080 1366 4152 opinati
1414 4080 1671 4137 fuerant.
1723 4083 1836 4138 Res
1888 4082 2018 4153 ipsa

360 4166 665 4240 postulare
692 4167 924 4223 videtur
950 4173 1019 4224 ut
1047 4168 1119 4224 de
1152 4169 1377 4242 origine
1405 4170 1535 4242 ejus
1565 4169 1780 4227 dicam.

434 4255 796 4325 Moamedus,
857 4257 960 4328 qui
1016 4262 1076 4312 et
1153 4258 1511 4314 Muzhumeti
1570 4272 1788 4314 nomen
1841 4259 2014 4331 gerit,

361 4360 577 4416 genere
606 4362 675 4402 ac
703 4346 860 4401 tribu
891 4346 1188 4402 Ismaelita
1214 4347 1346 4417 fuit,
1380 4347 1452 4404 ad
1484 4349 1802 4405 lsmaelum
1829 4350 2014 4405 Abra-

2137 3176 2394 3257 ἀρχηγὸς
2442 3176 2931 3255 ψευδοπροφήτης,
2983 3182 3487 3262 προχειρισάμενος
3535 3179 3797 3241 Ἀϐουϐά-

2138 3269 2368 3343 χαριτὸν
2402 3275 2635 3344 συγγενῆ
2668 3269 2856 3326 αὑτοῦ.
2890 3271 2959 3330 Οἱ
2991 3267 3049 3326 δὲ
3078 3269 3490 3346 πεπλανημένοι
3549 3268 3803 3349 Ἑϐραῖοι

2137 3357 2189 3411 έν
2224 3357 2373 3433 ἀρχῇ
2413 3364 2516 3429 τῆς
2576 3359 2878 3434 παρουσίας
2928 3359 3094 3416 αὐτοῦ
3147 3360 3402 3435 ἐνόμισαν
3449 3361 3611 3419 αὐτὸν
3656 3364 3802 3420 εἷναι

2133 3444 2226 3501 τὸν
2261 3448 2386 3521 παρ’
2414 3447 2600 3509 αὑτοῖς
2626 3446 3086 3522 προσδοκώμενον
3121 3450 3379 3522 Χριστὸν,
3439 3452 3514 3516 ὡς
3563 3452 3654 3507 καί
3712 3473 3800 3508 τι-

2131 3556 2225 3598 νας
2253 3535 2346 3592 τὸν
2385 3536 2617 3611 ἀριθμὸν
2676 3533 2805 3592 δέκα
2846 3535 3191 3615 προῦχοντας
3235 3537 3411 3596 αὒτῶν
3464 3539 3795 3617 προσελθεῖν

2133 3623 2302 3697 αὐτῷ,
2336 3626 2544 3705 ἀφεῖναί
2572 3647 2630 3682 τε
2658 3627 2758 3697 τὴν
2814 3630 2910 3682 τοῦ
2969 3627 3202 3685 θεύπτου
3260 3631 3507 3694 Μωσέως
3565 3630 3657 3686 καὶ
3707 3628 3795 3687 δέ·

2132 3712 2316 3785 ξασθαι
2345 3716 2444 3783 τήν
2481 3714 2648 3771 αὐτοῦ
2708 3716 3019 3791 θρησκείαν,
3087 3718 3178 3774 καὶ
3231 3718 3326 3774 σὺν
3380 3720 3528 3793 αὐτῷ
3585 3717 3797 3798 διάγειν

2133 3803 2302 3880 μέχρι
2357 3812 2459 3876 τῆς
2518 3812 2733 3885 σφαγῆς
2790 3806 2979 3864 αὐτοῦ.
3067 3810 3448 3883 Θεωρήσαντες
3510 3808 3569 3866 δὲ
3626 3810 3793 3867 αὐτὸν

2127 3892 2375 3950 ἐσθίοντα
2402 3893 2509 3951 ἀπὸ
2539 3895 2798 3969 καμῆλου
2855 3894 3092 3972 ἔγνωσαν
3148 3898 3233 3954 ’ὀτι
3290 3896 3392 3955 οὐκ
3434 3893 3578 3955 ἔστιν
3626 3900 3795 3965 αὐτὸς

2127 3982 2186 4039 ὅν
2217 3983 2499 4058 ἐνόμισαν.
2532 3985 2862 4060 ’Δναγκαῖον
2915 3982 2974 4041 δὲ
3030 3985 3200 4044 εἰπεῖν
3254 3987 3380 4063 περὶ
3438 3995 3541 4061 τῆς
3595 3990 3797 4047 τούτου

2124 4078 2326 4151 γενεᾶς.

2196 4254 2370 4320 Οὗτος
2399 4256 2428 4311 ὁ
2462 4253 2705 4331 Μωάμεδ
2735 4256 2764 4312 ὁ
2797 4257 2889 4312 καὶ
2947 4257 3286 4337 Μουχούμετ
3334 4259 3384 4333 ἐξ
3432 4260 3667 4336 Ἰσμαήλ
3716 4260 3787 4332 ἦν

2122 4346 2446 4416 τούτουτὴν
2478 4343 2658 4423 φυλὴν
2714 4347 2989 4423 κατάγων,
3048 4348 3170 4403 υἱοῦ
3220 4343 3494 4423 Ἀϐραάμ.
3548 4350 3789 4428 Νίζαρος

359 4435 522 4491 hami
549 4436 743 4492 ﬁlium
774 4450 962 4507 genus
986 4437 1273 4493 referens.
1306 4439 1452 4494 Nam
1484 4439 1557 4494 ab
1588 4439 1868 4495 omnibus
1894 4439 2015 4496 illis

2144 4438 2287 4513 εδιρὸ
2344 4440 2440 4492 τοῦ
2496 4433 2734 4510 Ἰσμαήλ
2802 4437 3072 4511 ἀπόγονος
3131 4437 3279 4513 παρὰ
3334 4440 3548 4497 πάντων
3606 4440 3795 4497 αὐτῶν

350 4526 634 4598 princeps
691 4530 927 4582 creatus
972 4526 1083 4582 fuit
1131 4527 1391 4598 Nizarus,
1453 4545 1609 4585 unus
1652 4529 1724 4585 de
1774 4529 2013 4586 Ismaeli

2126 4525 2530 4604 ἀναγορεύεται.
2579 4526 2755 4589 Οὗτος
2812 4526 2908 4582 οὗν
2955 4531 3112 4602 γεννᾷ
3167 4526 3326 4591 υἰοὺς
3388 4525 3507 4599 δύο,
3566 4528 3793 4587 Μούδα-

1526 4646 1890 4704 XYLANDRI
1927 4652 2015 4706 ET
2051 4648 2269 4707 GOARI
2307 4647 2534 4702 NOTAE.

432 4756 684 4838 (681.111.
718 4760 1012 4838 margine
1039 4758 1362 4838 3f3ypaué1ti
1425 4759 1661 4838 δύγματι
1717 4760 2017 4838 ἀδογμάτι-

362 4845 508 4908 στον.
540 4828 725 4908 Credo
759 4828 882 4908 11οᾷ
928 4828 1431 4908 νοιιιίιξόιίίυιυω
1478 4828 1746 4908 ineptum
1795 4828 2012 4908 ineptas

362 4901 675 4956 sententia:
704 4903 939 4960 tuendae
970 4922 1149 4962 causa
1177 4907 1398 4961 factum
1434 4901 1629 4962 fuisse.
1665 4908 1775 4963 Sed
1809 4915 1866 4964 et
1886 4901 2012 4966 haec

358 4976 502 5053 sunt
530 4972 761 5053 ibidegrt
809 4982 1129 5053 annotata:
1190 4977 1332 5050 ’Όρα
1375 4976 1523 5053 ὅπως
1554 4977 1582 5030 ὁ
1611 4974 2010 5053 ἀνδρικώτατος

361 5040 518 5125 οὗτος
554 5043 810 5125 βασιλεὺς
838 5052 954 5125 τοῖς
983 5040 1300 5125 μαὶρετικοῖς
1353 5040 1724 5125 περιέπιπτεν,
1773 5050 1873 5106 οὐκ
1920 5040 2010 5105 oi;

358 5111 422 5169 δα
454 5113 510 5169 δὲ
542 5111 586 5170 εἰ
619 5116 708 5172 καὶ
740 5111 1075 5180 αύτοθελῶςί
1106 5120 1247 5177 XYL.

426 5187 547 5266 (69)_
569 5189 623 5245 S.
655 5192 947 5266 maximus
978 5191 1160 5246 abbas
1191 5192 1302 5266 fuit
1331 5193 1391 5247 in
1425 5192 1650 5266 Africa,
1703 5211 1903 5266 quem,
1952 5201 2012 5252 et

354 5259 485 5331 ejus
516 5259 664 5339 duos
697 5263 1045 5339 discipulos,
1081 5263 1691 5339 quod_M_onetheletis
1720 5259 1792 5320 se
1824 5259 2007 5339 oppo-

352 5338 585 5408 ner_ent,
621 5334 1192 5408 ConstansHeraclii
1229 5337 1291 5392 N.
1322 5337 1647 5408 imperator
1671 5334 1921 5407 necavit,
1942 5345 2009 5395 ut

356 5417 425 5455 ex
446 5403 669 5477 Zonara
690 5406 869 5460 etiam
891 5406 1101 5476 liquet,
1130 5413 1189 5460 et
1211 5403 1424 5463 Noster
1445 5409 1519 5463 ad
1540 5425 1761 5464 annum
1787 5403 1916 5477 ejus
1942 5415 2006 5465 16

353 5486 475 5525 non
491 5474 916 5553 dissimulavit.
945 5474 1139 5553 Eocus
1162 5485 1253 5533 est
1299 5481 1598 5553 confusus.
1634 5480 1743 5553 Alii
1775 5474 2005 5553 (Diaco-

353 5556 467 5596 nus
489 5543 529 5597 l.
562 5561 696 5627 xvxii
722 5555 779 5602 et
808 5543 1851 5627 x1xl_’l‘heodorum_C_p_oleosfaciunt
1878 5555 2007 5627 epi-

355 5628 616 5700 scopum.
653 5617 895 5700 XYL.“—-
918 5621 1223 5700 Particula
1381 5617 1472 5678 his
1512 5622 1702 5678 verbis
1734 5624 1860 5700 τοὺς
1896 5617 2000 5697 μα-

351 5681 518 5752 θητᾶς
551 5690 887 5761 Ρι-ωροεὶῑει,
918 5690 1180 5748 historiae
1213 5694 1426 5751 veritas
1469 5712 1536 5751 ac
1567 5697 1826 5752 auctoris
1849 5681 1999 5754 's'en-

2126 4780 2225 4820 sus
2254 4761 2509 4818 habetur
2538 4761 2861 4833 legitimus.
2891 4762 3156 4834 Pyrrhus
3180 4763 3342 4820 enim
3383 4769 3440 4820 et
3492 4765 3785 4823 Maximus

2122 4833 2690 4909 Theodorijlomani
2720 4833 3022 4909 pontiﬁ‘Cis
3068 4848 3189 4909 non
3224 4836 3407 4909 ifuere
3461 4837 3735 4909 discipuli
3764 4855 3778 4896 :

2121 4906 2225 4962 sed
2256 4906 2366 4961 sub
2387 4904 2857 4978 fljheodoroquaa
2887 4905 3045 4978 circa
3074 4907 3365 4978 Pyrrhum
3390 4914 3449 4964 et
3464 4904 3782 4965 Maximum

2119 4994 2357 5106 gecnon
2385 4976 2624 5031 Maximi
2677 4976 3002 5050 discipulos
3054 4976 3185 5034 acta
3238 4985 3400 5051 sunt,
3450 4983 3774 5054 contigere.

2167 5066 2295 5106 οΑιι.

2167 5066 2295 5106 ΟΑΗ.

2192 5122 2304 5194 (70)
2336 5118 2607 5197 Historias
2638 5119 2908 5197 inversus
2937 5122 3108 5192 ordo,
3140 5128 3206 5179 ut
3228 5124 3573 5180 summatim
3595 5124 3778 5197 pluri-

2118 5193 2215 5248 ma
2240 5195 2670 5265 proponantur.
2704 5193 2882 5249 Goxn.

2190 5266 2304 5334 (71)
2335 5262 2721 5334 Mahometus.

2390 5278 2721 5321 anometus.

2211 5268 2304 5334 71)
2335 5268 2721 5321 Mahometus.

2188 5268 2300 5407 (72)
2323 5333 2653 5391 Gabithana
2676 5341 2736 5390 et
2760 5336 3124 5410 Jermochtia
3148 5336 3349 5410 clades
3398 5338 3572 5410 paulo
3625 5339 3776 5395 inle-

2116 5402 2240 5463 rius
2255 5413 2816 5481 commemorantur.
2844 5409 2981 5463 XYL.
2998 5440 3065 5448 —
3089 5402 3318 5462 Γαῦιθάν
3343 5402 3520 5481 Siria}
3538 5411 3777 5467 urbem:

2116 5482 2195 5535 De
2218 5478 2421 5551 przelio
2448 5476 2521 5531 ad
2547 5494 2677 5533 eam
2701 5480 3019 5535 commisso
3039 5481 3287 5535 inferius
3310 5476 3775 5539 He'racliianzé.

2114 5554 2280 5625 Legit
2309 5555 2509 5605 auctor
2544 5565 2639 5604 an.
2674 5551 3140 5626 25,_'Ieppox0&v,
3175 5569 3242 5609 ac
3300 5553 3481 5625 Syrias
3525 5553 3775 5611 ﬂuvium

2116 5624 2245 5681 esSe
2275 5625 2727 5678 commonstrat.
2764 5624 2918 5679 GOAR

2186 5697 2300 5769 (73)
2330 5693 2381 5749 ls
2412 5692 2525 5749 fuit
2553 5693 2842 5751 Constans
2874 5695 3127 5752 Heraclii
3159 5711 3368 5767 nepos.
3402 5699 3551 5753 Χη.
