4120 6456
335 446 457 509 809

1487 434 2030 497 HISTORIABUM
2077 434 2611 501 COMPENDIUM

3635 439 3757 502 810

339 600 432 657 ρον
463 577 554 634 καὶ
592 571 834 635 Ῥαϐίαν.
892 578 950 628 Ὀ
1017 569 1075 627 δὲ
1130 566 1419 646 Μούδαρος
1477 567 1644 622 τίκτει
1676 565 1994 657 ΔΚούσαρον

2109 569 2384 639 posteris.
2430 572 2486 627 Is
2543 570 2690 626 duos
2744 570 3076 644 procreavit
3131 569 3286 626 filios
3336 573 3644 629 Mudarum
3699 579 3761 630 et

336 655 427 726 καὶ
460 668 660 727 Καῒτον
692 667 783 723 καὶ
814 664 1049 739 Θεμίνην
1082 660 1172 718 καὶ
1207 657 1468 719 Ἀσσαδὸν
1523 657 1615 713 καὶ
1654 655 1860 721 ἄλλους
1914 677 1997 711 τι-

338 761 432 822 νάς
462 757 802 832 ἀνωνύμους.
832 756 917 829 [Ρ.
951 754 1080 826 422]
1112 750 1166 808 οἳ
1192 751 1293 820 τὴν
1328 745 1558 821 Μαδιὰμ
1591 746 1682 801 καὶ
1737 747 1837 815 τήν
1870 741 1997 821 ἔρη-

345 870 446 923 μον
476 845 907 923 κληρωσάμενοι
939 839 1374 920 ἐκτηνοτρόφουν
1432 836 1486 893 ἐν
1539 841 1766 907 σκηναῖς
1812 854 1997 890 κατοι⁶

338 942 581 999 κοῦντες’
614 935 719 992 εἰσὶ
750 932 808 990 δὲ
836 931 925 989 καὶ
974 933 1026 987 οἱ
1078 927 1352 1004 ἐνδότεροι
1410 927 1586 982 αὐτῶν
1637 924 1696 980 ἐκ
1740 930 1842 994 τῆς
1895 944 1999 997 φυ-

343 1026 450 1097 λῆς
480 1030 578 1082 τοῦ
616 1024 838 1096 Ἰεκτὰν,
897 1023 950 1078 οἱ
1010 1019 1301 1097 λεγόμενοι
1359 1014 1673 1090 Ἀμανῖταί,
1720 1011 1997 1068 τουτέστιν

338 1116 660 1189 Ὀμηρῖτάι,
710 1111 764 1167 οἳ
818 1110 909 1166 καὶ
967 1107 1226 1185 ἔμποροι.
1289 1106 1531 1180 Ἀπόρου
1585 1100 1643 1159 δὲ
1693 1101 1848 1164 ὄντος
1899 1103 1998 1156 τοῦ

348 1199 616 1277 Μωάμεδ,
647 1199 871 1271 εἲσῆλθε
898 1199 1036 1275 πρός
1091 1218 1211 1253 τινα
1264 1199 1493 1273 γυναῖκα
1548 1190 1818 1249 πλουσίαν
1878 1212 2000 1264 συγ-

343 1290 530 1369 γενίόα
587 1290 778 1361 αύτόῦ,
837 1289 1063 1363 ὀνόματι
1132 1282 1374 1361 Χαδιχᾶ,
1444 1281 1718 1358 μισθωτὸς
1774 1278 1863 1336 ἐπὶ
1916 1280 1999 1369 τξῖθ

341 1366 677 1458 καμηλεύειν
763 1379 854 1437 καὶ
937 1375 1436 1455 πραγματεύεσθαι.
1496 1373 1628 1430 Κατ’
1687 1370 1880 1447 ὀλίγον
1942 1366 2000 1426 δὲ

338 1470 856 1549 παρρησιασάμενος
914 1467 1215 1538 ὑπεισῆλθε
1268 1469 1339 1540 τῇ
1385 1464 1596 1541 γυναικὶ
1650 1463 1803 1549 χήρᾳ
1841 1458 1997 1535 οὕσῃ,

338 1564 429 1618 καὶ
458 1548 667 1620 ίέλαϐεν
724 1559 892 1629 αὐτὴν
951 1562 1199 1635 γυναῖκα.
1260 1553 1606 1634 Ἐρχόμενος
1663 1548 1721 1607 δὲ
1776 1549 1829 1606 ἐν
1888 1554 1998 1605 Πα-

339 1649 592 1727 λαιστίνῃ
635 1648 1079 1727 συνανεστρὲφετο
1137 1642 1422 1705 Ἰουδαίοις
1480 1642 1573 1698 καὶ
1634 1643 1997 1727 Χριστιανοῖς,

338 1741 430 1797 καὶ
462 1726 629 1817 ἐθήρα
659 1739 711 1811 ἐξ
742 1726 920 1795 αὐτῶν
979 1759 1096 1794 τινα
1152 1734 1415 1813 Γραφικά.
1475 1731 1626 1791 Ἐπεὶ
1685 1728 1743 1785 δὲ
1802 1726 1997 1802 δαιμο-

337 1835 467 1887 νιῶν
500 1830 588 1901 ἦν,
641 1830 864 1901 ἐνόσησε
917 1825 974 1883 δὲ
1020 1827 1112 1883 καὶ
1170 1823 1496 1899 ἐπιληψίαν,
1556 1820 1843 1896 ἐθεράπευε
1896 1819 1997 1888 τήν

340 1926 564 1998 γυναῖκα
594 1917 948 1993 λυπουμένην
996 1913 1204 1994 σφόδρα
1241 1914 1326 1970 ὃτι
1380 1915 1448 1982 ἧν
1501 1911 1724 1986 εὐγενὴς
1909 1904 1993 1963 ὅτι
2027 1944 2074 2010 Β

344 1996 591 2090 συνήφθῆ
644 2008 881 2082 τοιούτῳ
937 2007 1131 2082 ἀπόρῳ
1187 2005 1277 2061 καὶ
1359 2001 1737 2090 δαιᾼμονιῶντι,
1792 1996 1992 2090 λέγωνς

340 2084 613 2178 Ἀγγέλου
666 2099 926 2155 ὀπτασίαν
997 2092 1293 2173 Λεγομὲνου
1351 2087 1600 2167 Γαϐριὴλ
1657 2091 1846 2164 θεωρῶ
1903 2084 1995 2178 καὶ

338 2175 542 2247 πίπτω.
576 2191 725 2261 Α’ύτη
789 2186 848 2244 δὲ
904 2186 1110 2263 ἔχουσα
1178 2184 1421 2260 μοναχὸν
1487 2178 1578 2237 διὸ.
1636 2175 1994 2234 κακοπιστίαν

344 2279 620 2356 ἐξόριστον
652 2278 825 2334 ἐκεῖσε
855 2271 1002 2345 ὄντα,
1033 2274 1193 2355 φίλον
1243 2272 1433 2338 αὐτῆς·
1483 2267 1805 2345 ἀνήγγειλεν
1846 2264 1997 2356 αύτῷ

341 2354 516 2425 πάντα
553 2369 642 2424 καὶ
699 2367 763 2422 τὸ
821 2361 999 2440 ὄνομα
1048 2354 1149 2419 τοῦ
1201 2358 1457 2438 ἀγγέλου·
1516 2359 1763 2420 κάκεῖνος
1821 2354 1996 2420 θέλων

345 2459 773 2538 πληροφορῆσάι
813 2456 983 2526 αὐτὴν
1017 2454 1184 2524 εἶπεν,
1215 2451 1300 2508 ὅτι
1342 2449 1600 2521 Ἀληθῶς
1631 2445 1797 2522 λέγει·
1833 2443 1993 2538 οὗτος

345 2534 729 2626 γὰρᾶγγελος
784 2546 1057 2620 πέμπεται
1097 2543 1234 2620 πρὸς
1291 2539 1464 2626 πάντα
1500 2538 1835 2626 προφήτην.Δ
1889 2534 1990 2626 Καί

345 2621 481 2708 αὐτὴ
515 2621 844 2692 πιστεύσασα
881 2638 959 2706 τῷ
990 2632 1146 2708 λόγῳ
1181 2634 1284 2687 τοῦ
1314 2622 1595 2705 ψευδαϐϐἆ
1651 2623 1876 2701 ἐκήρυξε
1903 2621 1995 2678 καὶ

341 2723 538 2787 ἄλλαις
568 2722 809 2800 γυναιξὶν
839 2719 1146 2797 ὁμοφύλοις
1195 2718 1388 2788 αὐτῆς,
1433 2714 1525 2771 καὶ
1566 2712 1738 2800 οὕτως
1790 2709 1851 2800 ἐκ
1898 2730 1993 2785 γυ-

340 2819 536 2870 ναικῶν
568 2794 740 2884 ἦλθεν
791 2811 868 2874 εἷς
924 2794 1142 2884 ἄνδρας.
1204 2806 1307 2865 Καὶ
1361 2808 1580 2881 πρῶτον
1641 2794 1993 2874 Ἀϐουϐἀχαρ

339 2888 602 2980 διάδοχον
661 2899 941 2958 κατέλιπε.
1002 2900 1102 2956 Καὶ
1161 2896 1452 2974 ἐκράτησεν
1500 2896 1536 2963 ἡ
1568 2887 1991 2980 α’ίρεσιςᾷαύτοῦ

339 2995 409 3049 τὰ
439 2978 579 3068 μέρη
621 2997 718 3049 τοῦ
773 2984 1036 3065 Δίθρίϐου
1089 2986 1195 3050 ἓως
1254 2990 1351 3041 τοῦ
1417 2983 1654 3061 ἐσχάτου
1715 2978 1988 3068 πολέμου,

340 3065 536 3159 πρώην
600 3082 694 3155 μὶν
750 3082 1003 3157 κρυπτῶς
1059 3075 1153 3147 ἔτη
1218 3073 1367 3145 δέκα,
1422 3074 1514 3129 καὶ
1591 3069 1680 3126 διὰ
1736 3065 1990 3159 πολέμου

346 3157 556 3245 ὁμοίως
585 3169 732 3240 δέκα,
760 3170 851 3225 καὶ
906 3171 1145 3246 φανερῶς
1194 3166 1258 3221 θ’.
1291 3165 1459 3227 Οὗτος
1502 3162 1530 3217 ὁ
1580 3159 1844 3234 θεομισής
1897 3157 1988 3212 καὶ

345 3255 719 3334 ἐμϐρόντητος
776 3258 1087 3334 περιτυχὼν
1144 3249 1426 3331 Ἑϐραίοις
1509 3251 1600 3307 καὶ
1684 3249 1987 3325 ’Λρειανοῖς

2102 656 2371 714 Rabiam.
2406 659 2645 715 Mudaro
2676 659 2857 733 geniti
2893 664 3032 716 sunt
3060 661 3336 728 Cusarus,
3364 660 3583 729 Caitus,
3613 663 3759 718 The-

2103 747 2316 815 mines,
2349 749 2683 805 Asiadonus
2713 750 2934 821 aliique
2975 750 3182 822 aliqui,
3215 766 3470 822 quorum
3509 752 3760 808 nomina

2102 850 2223 890 non
2255 842 2466 893 exstat.
2498 839 2576 893 Iis
2614 855 2749 894 cum
2799 844 2957 895 sorte
3009 839 3318 912 obtigisset
3365 839 3759 896 Madianicum

2103 924 2298 980 solum
2325 931 2383 981 et
2413 926 2695 997 solitudo,
2716 928 2777 983 in
2800 928 3203 985 tabernaculis
3222 929 3401 984 vitam
3433 929 3758 985 tolerantes

2101 1015 2395 1084 pecuaria;
2426 1016 2510 1072 rei
2544 1018 2921 1074 studuerunt.
2955 1019 3277 1075 Interiores
3309 1019 3383 1075 iis
3415 1035 3488 1075 ex
3526 1018 3753 1075 Jectani

2098 1103 2259 1158 tribu
2317 1110 2474 1175 sunt,
2535 1108 2636 1178 qui
2680 1108 2892 1163 Amitas
2948 1108 3347 1181 appellantur,
3404 1108 3565 1182 quod
3601 1108 3759 1165 valet

2103 1193 2455 1259 Homeritas,
2498 1200 2553 1250 et
2576 1197 2992 1269 negotiatores.
3026 1197 3367 1253 Moamedus
3390 1203 3590 1253 autem
3614 1214 3751 1254 cum

2101 1287 2259 1337 esset
2287 1299 2531 1355 pauper,
2566 1284 2838 1341 mercede
2869 1302 3113 1359 operam
3146 1303 3315 1343 suam
3365 1287 3579 1343 locavit
3624 1287 3750 1343 cui-

2101 1369 2239 1427 dam
2270 1388 2390 1427 suaa
2421 1373 2623 1444 gentili
2659 1374 2897 1431 mulieri
2921 1374 3223 1447 locupleti,
3244 1377 3487 1432 nomine
3508 1377 3751 1457 Chaida‘,

2102 1464 2168 1514 ut
2196 1460 2457 1517 camelos
2491 1462 2639 1518 789
2672 1470 2944 1535 pasceret
2983 1480 3172 1537 eaque
3211 1482 3277 1521 re
3326 1465 3559 1523 lucrum
3591 1484 3756 1539 quaa-

2101 1555 2285 1606 reret.
2325 1550 2617 1607 Paulatim
2647 1558 2847 1609 autem
2878 1553 3156 1610 liberiore
3205 1554 3337 1626 ejus
3384 1561 3562 1612 utens
3611 1572 3759 1612 con-

2104 1638 2439 1709 suetudine,
2472 1646 2538 1696 ut
2568 1647 2694 1697 erat
2726 1643 2921 1714 vidua,
2958 1660 3019 1699 se
3051 1644 3112 1699 in
3141 1644 3393 1718 gratiam
3425 1645 3556 1718 ejus
3612 1645 3760 1702 insi-

2102 1729 2326 1797 nuavit,
2384 1746 2750 1802 uxoremque
2803 1732 2951 1789 adeo
3008 1750 3138 1789 eam
3207 1733 3393 1791 duxit.
3454 1734 3763 1792 Profectus

2102 1834 2280 1889 porro
2311 1818 2374 1874 in
2407 1820 2786 1877 Palaestinam
2818 1821 2977 1878 inter
3002 1823 3238 1879 Judaaos
3268 1840 3337 1880 ac
3393 1823 3765 1880 Christianos

2104 1914 2373 1965 versatus
2399 1915 2508 1979 est,
2532 1916 2592 1966 et
2621 1911 2895 1983 quaedam
2917 1911 2991 1967 de
3008 1914 3194 1969 sacris
3226 1914 3461 1970 Litteris
3491 1919 3760 1970 venatus.

2104 2000 2250 2054 Cum
2281 2004 2480 2055 autem
2512 2007 2572 2055 et
2599 2001 2871 2057 daemone
2905 2002 3306 2074 exagitaretur
3360 2008 3422 2059 et
3470 2003 3759 2059 comitiali

2104 2088 2311 2144 morbo
2343 2089 2659 2160 laboraret,
2690 2106 2938 2147 uxorem
2988 2108 3178 2161 suam,
3225 2109 3357 2164 quas
3404 2108 3640 2166 gravem
3685 2109 3757 2149 ex

2103 2193 2173 2232 eo
2205 2177 2475 2250 capiebat
2503 2179 2792 2244 dolorem,
2825 2180 2985 2252 quod
3027 2180 3246 2237 nobilis
3291 2182 3421 2254 ipsa
3468 2199 3653 2256 egeno
3697 2187 3759 2238 et

2102 2265 2394 2324 daemonis
2423 2269 2832 2326 vexationibus
2861 2270 3117 2327 obnoxio
3149 2272 3379 2328 homini
3429 2274 3753 2346 nupsisset,

2104 2356 2185 2412 ita
2214 2357 2519 2428 demulsit,
2542 2359 2700 2429 quod
2725 2360 2951 2416 diceret
2973 2378 3035 2417 se
3056 2361 3131 2416 ad
3158 2367 3543 2434 conspectum
3556 2362 3752 2434 angeli

2105 2447 2359 2503 Gabrieli
2392 2448 2503 2503 sibi
2535 2450 2877 2521 apparentis
2908 2450 3243 2507 concidere.
3275 2453 3415 2508 Erat
3443 2453 3672 2508 amicus
3698 2453 3755 2507 ei

2102 2536 2340 2592 mulieri
2367 2539 2695 2594 monachus
2726 2538 2993 2610 quidam,
3036 2541 3137 2611 qui
3191 2540 3266 2596 ob
3313 2540 3526 2597 falsam
3574 2542 3755 2597 fidem

2100 2626 2397 2699 relegatus
2453 2627 2536 2682 ibi
2599 2628 2829 2683 vivebat
2910 2630 3056 2684 Huic
3113 2630 3331 2685 mulier
3381 2635 3567 2687 totam
3628 2647 3756 2687 rem

2100 2716 2310 2787 aperit,
2346 2716 2541 2789 angeli
2590 2717 2771 2772 etiam
2831 2717 3074 2773 nomine
3132 2718 3385 2790 prolato.
3443 2721 3499 2775 Is
3555 2725 3757 2776 autem

2101 2806 2448 2874 monachus,
2479 2807 2565 2861 uti
2597 2806 2943 2877 Opinionem
2977 2824 3108 2864 eam
3152 2825 3398 2880 prorsus
3445 2810 3509 2864 in
3556 2810 3756 2867 animo

2099 2894 2367 2951 mulieris
2396 2896 2799 2965 conﬁrmaret,
2833 2913 2965 2953 vere
2997 2898 3368 2954 Moamedum
3401 2900 3527 2955 haac
3558 2900 3754 2955 dicere

2098 2984 2217 3039 ait:
2250 2999 2387 3039 eum
2415 2984 2575 3039 enim
2606 2984 2884 3058 angelum
2915 2984 2988 3041 ad
3030 2987 3298 3057 quamvis
3327 2993 3519 3044 vatem
3575 2988 3750 3045 mitti.

2098 3072 2307 3128 Mulier
2356 3072 2536 3128 ﬁdem
2602 3074 2797 3129 verbis
2855 3075 3198 3147 impostoris
3256 3076 3415 3135 illius
3471 3078 3751 3135 monachi

2097 3164 2324 3219 habens
2363 3165 2498 3220 aliis
2547 3166 2669 3221 suis
2716 3167 3034 3238 gentilibus
3082 3168 3437 3225 mulieribus
3483 3170 3749 3226 fabulam

2098 3255 2396 3322 narravit;
2429 3254 2502 3309 ab
2535 3255 2628 3310 his
2657 3272 2834 3327 porro
2864 3256 2939 3311 ad
2970 3258 3123 3313 viros
3154 3274 3224 3314 ea
3268 3259 3584 3314 emanavit.
3618 3260 3745 3315 Pri-

342 3315 468 3405 καίΙ
502 3315 901 3425 Νεστοριανοῖς,
958 3315 1047 3402 καὶ
1135 3315 1392 3408 πάντοθεν
1470 3339 1872 3415 ἐρανισάμενος,
1934 3334 1986 3407 ἐξ

2102 3360 2263 3400 mum
2295 3360 2700 3400 successorem
2725 3346 3065 3402 Moamedus
3113 3347 3358 3419 reliquit
3398 3347 3750 3405 Abuhacha-

340 3436 623 3497 Ἰουδαίων
654 3438 747 3511 μὲν
789 3437 1117 3514 μοναρχίαν,
1150 3434 1202 3508 ἐξ
1238 3435 1530 3509 Ἀρειανῶν
1561 3427 1620 3485 δὲ
1667 3428 1844 3503 Λόγον
1892 3426 1991 3514 ,καὶ

342 3532 563 3603 Πνεῦμα
616 3528 828 3596 κτιστᾶ,
885 3526 993 3582 ἀπὸ
1052 3523 1111 3580 δὲ
1167 3525 1548 3596 Νεστοριανῶν
1631 3513 1990 3593 ἀνθρωπολαο

334 3618 540 3693 τρείαν,
582 3617 755 3689 ἑαυτῷ
793 3613 1082 3691 θρησκείαν
1133 3615 1520 3688 περιποιεῖται,
1577 3609 1666 3663 καὶ
1727 3605 1992 3681 προφάσει

336 3705 661 3782 θεογνωσίας
691 3704 1144 3777 εἷ’σποιησάμενος
1186 3703 1250 3758 τὸ
1306 3696 1460 3765 ἔθνος
1507 3695 1743 3770 ἐδίδαξεν
1794 3693 1993 3755 αὐτοὺς

334 3796 749 3872 περιτέμνεσθαι
777 3796 868 3851 καὶ
913 3791 1104 3869 ἄνδρας
1158 3792 1249 3848 καὶ
1304 3795 1565 3867 γυναῖκας
1601 3786 1694 3843 καὶ
1742 3783 1837 3840 ἕνα
1887 3783 1993 3872 ’μό-

340 3907 431 3943 νον
461 3892 785 3963 προσκυνεῖν
811 3885 965 3955 Θεὸν,
994 3884 1087 3940 τὸν
1119 3881 1177 3938 δὲ
1206 3881 1436 3953 Χριστὸν
1482 3882 1646 3952 τιμᾷν
1693 3877 1769 3938 ὡς
1819 3868 1993 3963 Λόγον

341 3961 640 4051 Θεοῦ,νούχ
668 3976 743 4038 ὡς
774 3976 897 4031 Υἱὸν
932 3973 1011 4043 δὲ,
1060 3971 1188 4028 ἀλλ’
1236 3971 1312 4036 ὡς
1362 3969 1422 4025 ἐκ
1470 3967 1787 4041 Ηνεύματος
1834 3961 1995 4051 ἁγίου

339 4050 723 4142 γεγενημένον·
762 4065 929 4142 λόγον
973 4063 1031 4119 δὲ
1089 4063 1180 4119 καὶ
1239 4064 1452 4133 πνεῦμα
1509 4054 1845 4142 προφορικὸν
1904 4050 1995 4105 καὶ

347 4140 424 4219 εἷς
453 4153 584 4230 ἂέρα
611 4140 876 4229 χεόμενον
909 4154 1175 4221 ὑπονοεῖν,
1210 4151 1310 4206 οὐκ
1365 4148 1697 4204 ἔνυπόστατα
1742 4140 1868 4199 οὐδὲ
1918 4144 1997 4211 τῷ

342 4245 632 4317 Γεννήτορι
661 4242 951 4318 ὁμοούσια·
982 4243 1083 4311 τήν
1144 4238 1203 4296 δὲ
1249 4240 1400 4315 ἁγίαν
1457 4236 1724 4314 Παρθένον
1781 4233 1994 4308 Μαρίαν

347 4334 424 4408 μὴ
460 4333 638 4410 λέγειν
673 4335 960 4403 Θεοτόκον,
1007 4329 1157 4388 ἀλλὰ
1210 4332 1310 4401 τὴν
1360 4328 1573 4404 Ἀαρὼν
1618 4327 1709 4382 καὶ
1758 4324 1998 4387 Μωσέως

341 4421 606 4502 ἀδελφήν·
640 4421 783 4498 μηδὶ
814 4423 1188 4499 βαπτίζεσθαι,
1245 4416 1389 4493 μηδὲ
1436 4411 1801 4485 σαϐϐατίζειν,
1858 4416 1999 4488 μήτε

348 4511 407 4568 δὲ
433 4517 552 4576 τοῖς
581 4519 835 4587 νομικοῖς
863 4511 899 4583 ἤ
940 4509 1310 4586 εύαγγελικοῖς
1357 4504 1530 4573 ἔθεσιν
1584 4503 1997 4573 ἐπακολουθεῖν,

347 4600 495 4659 ἀλλὰ
528 4601 912 4678 βδελύττεσθαι
936 4601 1029 4658 τὸν
1062 4601 1312 4675 σταυρὸν,
1343 4598 1434 4654 καὶ
1462 4600 1561 4667 τήν
1613 4596 1765 4651 σκιὰν
1806 4592 1997 4649 ἐσταυ-

2094 3449 2245 3488 rem.
2278 3432 2661 3504 Obtinuitque
2693 3450 2762 3489 ea
2791 3434 3034 3491 haeresis
3064 3436 3125 3491 in
3184 3436 3452 3508 partibus
3499 3438 3749 3494 Ethribi

2094 3539 2283 3594 usque
2314 3523 2388 3578 ad
2419 3522 2645 3579 bellum
2696 3529 3088 3596 postremum,
3140 3527 3333 3598 primo
3388 3527 3746 3585 decennium

2096 3613 2349 3679 occulte,
2381 3612 2545 3668 aliud
2575 3612 2713 3669 inde
2744 3613 2928 3681 bello,
2962 3620 3020 3671 et
3048 3621 3251 3687 aperte
3283 3633 3499 3672 novem
3542 3634 3753 3676 annos.

2098 3702 2325 3757 Invisus
2347 3700 2448 3755 ille
2471 3702 2590 3758 Deo
2614 3718 2682 3758 ac
2698 3718 2951 3759 vesanus
2975 3705 3336 3774 Moamedus,
3353 3705 3758 3779 Hebraeorum,

2097 3793 2456 3847 Arianorum
2486 3797 2547 3847 et
2572 3793 3060 3851 Nestorianorum
3090 3800 3268 3852 utens
3299 3797 3758 3867 consuetudine,

2100 3885 2278 3951 atque
2307 3880 2573 3950 undique
2605 3880 2833 3952 aliquid
2882 3883 3054 3955 stipis
3100 3885 3443 3954 corradens,
3478 3903 3511 3941 a
3538 3886 3759 3944 Iudmis

2102 3973 2338 4039 sumpta
2370 3968 2442 4022 de
2468 3985 2586 4023 uno
2620 3970 2739 4024 Deo
2770 3971 3062 4038 doctrina,
3103 3973 3176 4028 ab
3206 3974 3438 4030 Arianis
3478 3975 3668 4030 Verbo
3700 3982 3760 4032 et

2101 4058 2324 4129 Spiritu
2354 4059 2588 4124 creatis,
2622 4075 2657 4112 a
2684 4060 3052 4116 Nestorianis
3103 4061 3267 4117 cultu
3315 4063 3514 4119 divino
3561 4064 3756 4120 homi-

2102 4147 2278 4202 nibus
2308 4145 2664 4213 exhibendo,
2689 4163 2904 4203 novam
2933 4149 3046 4204 sibi
3066 4150 3418 4223 religionem
3445 4153 3750 4223 conﬁnxit,

2102 4252 2170 4291 ac
2198 4235 2307 4290 sub
2340 4240 2628 4307 prmtextu
2659 4237 3017 4309 cognitionis
3047 4239 3260 4296 divina;
3291 4241 3494 4312 populi
3533 4243 3755 4299 animis

2103 4324 2215 4380 sibi
2246 4324 2534 4379 devinctis
2564 4330 2775 4381 auctor
2803 4326 2876 4381 iis
2905 4327 3036 4397 fuit,
3087 4335 3153 4383 ut
3197 4347 3332 4386 cum
3385 4346 3581 4386 mares
3628 4337 3756 4389 tum

2101 4416 2341 4472 feminas
2374 4415 2963 4489 circumciderentur,
3000 4420 3152 4476 ΗΘ
3183 4426 3248 4475 ut
3284 4437 3474 4477 unum
3524 4427 3756 4479 tantum

2105 4506 2291 4560 Deum
2321 4505 2660 4573 adorarent,
2690 4510 2759 4561 ut
2795 4506 3094 4564 Christum
3147 4517 3593 4578 venerarentur,
3631 4528 3757 4569 non

2104 4593 2272 4665 quasi
2303 4594 2540 4662 Filium,
2573 4594 2677 4650 sed
2709 4600 2939 4651 tantum
2980 4615 3087 4669 pro
3122 4599 3316 4655 Verbo
3346 4601 3451 4657 Dei
3500 4607 3639 4657 nato
3687 4617 3761 4658 ex

351 4693 558 4769 ρῶσθαι
606 4696 704 4748 τοῦ
760 4693 1006 4768 Χριστοῦ
1057 4689 1376 4764 ὁμολογεῖν.
1437 4686 1876 4763 Παρηγγυήσατο
1943 4679 1994 4737 ὃὶ

2109 4683 2332 4755 Spiritu
2364 4688 2606 4750 sancto;
2639 4690 2706 4739 ut
2736 4684 2977 4741 verbum
3009 4692 3067 4742 et
3097 4689 3370 4760 spiritum
3402 4691 3561 4762 quod
3618 4708 3760 4764 pro-

341 4782 535 4846 αὐτοῖς
570 4782 658 4837 καὶ
726 4785 836 4836 τῶν
885 4776 1125 4835 καθόλου
1182 4776 1643 4852 ἀπηγορευμένων
1699 4778 1780 4845 τῷ
1837 4772 1995 4845 νόμῳ

342 4872 426 4943 [Ρ.
458 4872 587 4945 1:25]
644 4869 919 4946 μετέχειν,
976 4866 1126 4939 πλὴν
1181 4870 1355 4942 κρεῶν
1408 4864 1691 4941 χοιρείων,
1748 4859 1885 4934 οἷ’νῳ
1940 4858 1999 4914 δὲ

345 4960 650 5015 παντάπασι
692 4960 769 5033 μή
827 4965 1088 5035 χρῆσθαι.
1156 4955 1422 5014 Τοιοῦτόν
1476 4975 1531 5009 τι
1592 4951 1995 5026 μυθευσάμενος

342 5049 533 5105 ἑαυτόν
567 5070 702 5124 φησι
733 5046 1063 5124 κλειδοῦχον
1116 5052 1435 5123 γεγενῆσθαι
1489 5048 1588 5100 τοῦ
1643 5038 1996 5119 παραδείσου,

345 5138 603 5195 καὶκατᾶ
629 5141 729 5210 τὴν
778 5138 987 5215 ἡμέραν
1043 5144 1143 5207 τῆς
1200 5135 1452 5213 κρίσεως,
1508 5134 1642 5209 μετὰ
1698 5135 1761 5187 τὸ
1820 5148 1996 5205 παρα-

347 5234 541 5298 στῆναι
593 5229 687 5283 τὸν
747 5226 949 5285 Μωσέα
1001 5225 1094 5282 σὺν
1153 5230 1270 5288 τοῖς
1330 5222 1702 5301 Ἰσραηλίταις
1771 5221 1862 5276 καὶ
1919 5220 1993 5280 ὡς

341 5312 661 5393 παραϐάτας
688 5321 788 5372 τοῦ
810 5316 985 5392 νόμου
1031 5319 1101 5385 τῆ
1156 5314 1380 5371 κολάσει
1437 5318 1535 5369 τοῦ
1591 5311 1765 5388 πυρὸς
1821 5330 1994 5386 παρα.

343 5402 593 5479 δοθῆναι,
623 5406 776 5471 αὖθις
835 5408 1047 5477 Ἰησοῦν
1104 5406 1446 5479 παραστῆναι
1498 5402 1631 5477 [καὶ]
1682 5401 1997 5478 ἀρνησάμε-

338 5516 432 5551 νον
495 5494 805 5571 ἔμπροσθεν
854 5499 993 5552 Θεοῦ
1049 5492 1133 5549 ὅτι
1183 5493 1284 5549 οὑκ
1362 5493 1508 5549 εἶπεν
1596 5491 1783 5547 ἑαυτὸν
1864 5491 1997 5547 εἶναι

341 5585 466 5641 Υἱὸν
508 5589 666 5655 Θεοῦ,
695 5584 825 5648 τοὺς
855 5581 913 5640 δὲ
943 5582 1325 5661 Χριστιανοὺς,
1358 5584 1433 5645 ὡς
1473 5586 1721 5637 τοιοῦτον
1773 5580 1994 5655 τολμή-

338 5694 539 5738 σαντας
568 5676 905 5750 προστρῖψαι
934 5677 1016 5747 τῷ
1043 5674 1262 5747 Χριστῷ
1293 5668 1469 5746 ὄνομα
1514 5670 1605 5727 καὶ
1650 5671 1779 5727 Θεὸν
1829 5669 1994 5726 αὐτὸν

334 5765 428 5820 καὶ
468 5763 594 5822 Υἳὸν
643 5763 780 5821 Θεοῦ
833 5763 923 5821 καὶ
999 5764 1177 5839 Λόγον
1233 5759 1639 5839 σεσαρκωμένον
1696 5762 1788 5817 καὶ
1843 5781 1997 5819 σταυ·

626 5884 897 5949 Ρλτιιοι.
948 5885 1059 5949 Gn.
1105 5883 1314 5946 CXXI.

2105 4774 2294 4829 fertur
2340 4779 2401 4829 et
2440 4775 2500 4829 in
2548 4791 2747 4830 aerem
2803 4777 3130 4834 effunditur
3175 4780 3587 4853 opinarentur,
3635 4799 3759 4840 non

2106 4880 2238 4934 quae
2268 4863 2331 4917 in
2362 4862 2561 4919 divina
2600 4863 2995 4922 subsisterent
3033 4869 3295 4926 essentia
3341 4875 3443 4927 aut
3485 4872 3756 4944 ejusdem

2106 4969 2240 5008 cum
2272 4952 2548 5007 Genitore
2579 4958 2780 5009 essent
2807 4960 3035 5011 natura;
3062 4972 3076 5025 ;
3107 4975 3184 5013 ne
3230 4959 3467 5016 beatam
3511 4962 3754 5018 Mariam

2105 5042 2377 5097 dicerent
2404 5042 2504 5097 Dei
2556 5043 2935 5116 Genitricem,
2993 5047 3101 5102 sed
3155 5064 3419 5105 sororem
3477 5050 3651 5106 Mosis
3694 5055 3755 5105 et

2106 5130 2394 5196 Aaronis;
2425 5147 2501 5185 ne
2530 5130 2976 5202 baptizarentur
3004 5142 3108 5191 aut
3134 5136 3454 5193 Sabbatum
3484 5144 3749 5210 agerent,

2105 5236 2299 5291 neque
2357 5219 2505 5292 legis
2562 5220 2934 5293 Evangeliive
2981 5224 3255 5281 instituta
3304 5231 3594 5293 tenerent;
3647 5227 3754 5283 sed

2104 5326 2343 5368 crucem
2401 5309 2912 5382 abominarentur,
2967 5313 3362 5386 umbramque
3415 5315 3633 5371 Christi
3691 5315 3757 5372 in

2106 5417 2344 5458 crucem
2376 5406 2568 5457 actam
2597 5402 2947 5459 faterentur.
2980 5406 3133 5472 Quin
3165 5410 3226 5461 et
3252 5407 3521 5463 omnium
3552 5423 3761 5464 eorum

2106 5508 2283 5549 usum
2324 5491 2398 5546 iis
2428 5490 2750 5557 concessit,
2786 5493 3004 5562 quibus
3034 5493 3130 5549 lex
3161 5494 3487 5565 interdicit,
3520 5503 3768 5570 excepta

2111 5581 2274 5654 porci
2307 5596 2503 5635 carne.
2540 5579 2687 5634 Vino
2721 5597 2968 5652 prorsus
2998 5582 3302 5640 abstinere
3336 5584 3539 5656 jussit.
3591 5588 3772 5642 Porro

2112 5675 2309 5727 autem
2333 5667 2591 5724 fabulam
2627 5667 2806 5725 talem
2839 5678 3214 5728 commentus
3247 5680 3356 5731 est.
3391 5674 3512 5731 Sibi
3544 5676 3628 5733 ait
3654 5675 3779 5733 cla-

2110 5778 2213 5817 ves
2238 5757 2500 5831 paradisi
2522 5757 2876 5816 commissas
2924 5759 3131 5818 fuisse.
3178 5762 3284 5818 Die
3326 5763 3564 5837 judicii,
3611 5770 3777 5838 post-

3529 5881 3609 5944 26
