4120 6444
439 387 553 452 8M

1807 386 2122 451 GEORGII
2165 387 2506 452 CEDllENI

3748 392 3868 454 812

442 538 624 592 quam
639 523 831 579 Moses
853 537 988 579 cum
1007 519 1295 578 Israelitis
1322 520 1396 577 ad
1422 519 1687 576 tribunal
1713 521 1922 588 astitit,
1975 525 2033 576 et
2062 520 2092 575 ii

2219 520 2460 594 ρωθέντα
2490 519 2939 598 δογματίσαντας,
2982 526 3052 598 τῇ
3103 524 3201 579 τοῦ
3241 522 3412 599 πυρὸς
3453 520 3640 599 γεέννῃ
3690 542 3871 598 παρα-

441 616 509 667 ut
538 612 640 682 qui
670 612 865 686 legem
896 612 1219 668 violassent
1248 611 1502 667 ﬂammae
1554 610 1830 683 supplicii
1881 609 2101 666 addicti

444 701 705 768 fuerunt,
740 719 977 761 rursum
1006 703 1208 757 Jesum
1241 718 1303 757 se
1336 702 1578 772 stitisse,
1613 718 1681 756 ac
1735 717 1934 756 coram
1984 700 2101 755 Deo

445 806 693 864 negasse
717 808 981 863 unquam
1006 808 1066 847 se
1099 808 1319 846 nomen
1351 791 1481 845 Filii
1513 791 1614 845 Dei
1639 790 1749 845 sibi
1772 805 2100 861 arrogasse.

446 880 585 936 Ideo
619 880 1003 947 Christianos,
1038 880 1137 950 qui
1171 880 1351 936 talem
1382 880 1614 935 Christo
1642 879 1879 935 titulum
1913 879 2100 950 impo-

442 987 588 1026 nere
614 971 742 1031 ausi
769 970 1041 1038 fuissent,
1085 986 1343 1041 eumque
1378 971 1586 1039 Deum,
1632 969 1732 1024 Dei
1782 968 1994 1024 Filium
2047 972 2104 1022 et

445 1058 701 1115 Verbum
721 1059 1099 1123 incarnatum
1128 1075 1196 1115 ac
1223 1060 1573 1115 cruciﬁxum
1591 1058 2100 1131 pronuntiassent,

441 1148 503 1204 in
534 1164 825 1221 geennam
858 1148 1011 1221 ignis
1036 1148 1290 1204 deditos.
1324 1148 1661 1204 Secundum
1691 1148 1819 1203 haec
1842 1164 1904 1203 se
1926 1164 1960 1202 a
1982 1148 2101 1202 Deo

441 1243 716 1293 vocatum
748 1237 932 1297 fuisse
966 1237 1286 1294 admodum
1320 1238 1486 1310 pium
1523 1244 1579 1292 et
1635 1236 1967 1304 laudatum,
2000 1235 2102 1307 qui

440 1327 546 1383 toti
594 1326 757 1400 genti
813 1327 1054 1399 pietatis
1113 1331 1320 1383 auctor
1376 1332 1552 1398 esset,
1612 1326 1865 1397 ideoque
1914 1325 2102 1381 claves

402 1416 701 1489 ,‘paradisi
783 1415 895 1472 sibi
980 1416 1318 1477 mandatas.
1374 1418 1698 1486 Postquam
1757 1415 2100 1486 paradisum

442 1506 799 1577 aperuisset,
857 1521 1063 1561 secum
1122 1505 1379 1561 intrasse
1462 1504 1831 1578 segtuaginta
1913 1504 2101 1560 millia

441 1594 780 1664 hominum,
818 1595 960 1667 741
1001 1594 1102 1665 qui
1135 1611 1204 1649 eo
1250 1611 1495 1667 pergere
1548 1594 1891 1649 valuissent.
1939 1593 2099 1648 Reli-

444 1701 593 1756 quos
635 1683 971 1755 judicatum
1022 1684 1115 1738 iri.
1164 1685 1293 1739 Jam
1339 1685 1530 1756 justos
1579 1684 1877 1755 voluptate
1934 1688 2101 1738 extra

442 1776 625 1843 ullam
650 1776 1115 1832 controversiam
1139 1776 1252 1830 frui
1273 1792 1285 1830 :
1306 1792 1466 1849 quos
1492 1792 1628 1831 vero
1660 1775 2099 1847 deprehensum

442 1866 520 1920 sit
550 1880 851 1938 peccasse,
885 1880 987 1920 eos
1018 1864 1091 1919 ad
1123 1864 1277 1920 colla
1309 1880 1417 1920 sua
1460 1864 1722 1937 pittaciis
1750 1864 2005 1937 alligatis
2036 1864 2096 1918 in

440 1955 785 2028 paradisum
864 1955 1111 2021 intrare,
1201 1956 1514 2027 vocarique
1572 1955 1815 2011 libertos
1870 1955 1973 2009 Dei
2031 1966 2100 2009 ac

440 2045 826 2103 Muchumeti.
852 2047 1148 2105 Praeterea
1172 2053 1428 2119 nugatur
1453 2047 1512 2100 in
1538 2046 1811 2117 paradiso
1836 2051 1952 2101 tres
1971 2061 2101 2100 esse

438 2135 771 2210 paradisos,
798 2152 985 2191 unum
1006 2135 1230 2204 mellis,
1254 2136 1437 2191 alium
1458 2134 1650 2201 lactis,
1674 2135 1792 2189 vini
1820 2134 2059 2190 tertium
2083 2152 2099 2204 ;

441 2232 500 2283 et
527 2227 601 2283 iis
628 2225 868 2299 impleri
902 2226 1105 2282 licere.
1141 2228 1268 2282 Una
1297 2243 1427 2281 esse
1460 2225 1764 2293 mulieres,
1804 2241 1872 2280 ac
1903 2241 2102 2280 comas

440 2331 678 2381 ornare,
737 2321 796 2371 et
853 2332 1103 2388 corpora
1175 2314 1571 2387 voluptatibus
1630 2313 1831 2370 dedita
1888 2314 2099 2374 colere.

437 2405 671 2462 Judmos
705 2410 764 2462 et
792 2404 1159 2460 Christianos
1206 2404 1370 2476 ligna
1414 2404 1487 2459 ad
1538 2404 1734 2476 ignem
1782 2402 2098 2459 fovendum

435 2495 625 2552 factos
656 2512 809 2550 esse.
836 2494 1095 2550 Relictos
1126 2494 1467 2564 Samaritas,
1497 2500 1562 2549 ut
1591 2494 1795 2550 ﬁmum
1828 2510 1899 2549 ex
1927 2509 2098 2565 para-

443 2585 572 2641 diso
597 2587 859 2656 egerant,
883 2600 958 2639 ne
983 2583 1135 2638 fetor
1164 2585 1223 2638 in
1258 2601 1324 2638 eo
1357 2585 1590 2639 existat.
1624 2583 1918 2650 Quemvis,
1954 2599 2098 2653 qua-

436 2674 554 2730 lem
586 2673 765 2728 vitam
800 2673 986 2747 egerit
1020 2673 1079 2727 in
1112 2673 1347 2745 Opibus,
1378 2673 1659 2746 pauperie
1698 2678 1800 2727 aut
1830 2672 2098 2736 infamia,

436 2765 521 2822 sic
551 2768 610 2820 et
638 2763 812 2821 isthic
841 2763 1082 2837 habere.
1135 2763 1220 2818 Ad
1274 2764 1400 2819 hinc
1457 2763 1794 2836 prodigiose
1844 2768 2099 2834 nugatus

438 2857 531 2909 est
559 2853 753 2909 omnis
781 2858 840 2909 et
866 2852 1007 2908 boni
1051 2857 1109 2907 et
1165 2852 1308 2908 mali
1357 2853 1542 2909 Deum
1591 2870 1720 2908 esse
1770 2859 2096 2908 auctorem.

435 2945 743 3015 Latrones,
764 2944 1062 2999 veneﬁcos
1093 2943 1363 3015 aliosque
1391 2944 1553 3000 vetiti
1586 2943 1869 3000 facinoris
1898 2943 2100 2999 convi-

436 3038 564 3090 ctos
592 3033 763 3091 aDeo
795 3032 870 3088 ad
898 3032 1011 3089 hoc
1042 3039 1202 3089 certo
1234 3034 1488 3090 consilio
1527 3032 1859 3091 destinatos
1891 3032 2096 3103 fuisse,

434 3128 501 3178 ut
533 3123 619 3178 sic
648 3127 1044 3179 morerentur.

507 3216 750 3271 Miretur
780 3231 921 3272 sane
972 3214 1191 3286 aliquis
1249 3219 1477 3271 tantam
1534 3216 1652 3271 Deo
1709 3214 2094 3289 repugnantis

433 3310 611 3378 atque
643 3304 773 3360 vani
807 3304 1071 3360 hominis
1101 3304 1516 3376 imposturam,
1559 3322 1689 3376 quas
1744 3274 1905 3360 tanto
1938 3309 2090 3361 tem-
2123 3274 2166 3339 Ο

434 3410 578 3469 pore
608 3394 864 3459 duravit,
897 3398 999 3449 aut
1029 3398 1355 3449 extremam
1391 3394 1591 3466 potius
1644 3411 1712 3449 ac
1763 3392 2091 3448 belluinam

437 3500 645 3540 eorum
677 3482 1063 3547 dementiam,
1098 3483 1198 3553 qui
1230 3482 1292 3537 in
1325 3482 1485 3537 hunc
1517 3499 1706 3553 usque
1755 3480 1912 3537 diem
1961 3482 2092 3553 ejus

437 3571 689 3641 fallaciis
704 3570 1024 3641 mancipati
1049 3577 1208 3640 sunt,
1233 3587 1299 3626 ac
1321 3588 1427 3643 pro
1455 3571 1651 3626 divina
1673 3587 1802 3626 eam
1834 3576 1891 3624 et
1906 3570 2095 3626 valida

438 3678 503 3719 re
535 3661 779 3717 ducunt.
812 3661 1100 3717 Excaecati
1132 3661 1293 3716 enim
1319 3667 1378 3716 et
1406 3661 1548 3717 fatui
1575 3661 1847 3717 homines
1868 3677 2092 3727 veram,

440 3766 672 3807 sacram
703 3767 770 3806 ac
810 3750 1092 3805 divinitus
1141 3750 1419 3807 traditam
1472 3750 1649 3806 fidem
1699 3750 2092 3822 caligantibus

438 3839 627 3897 animi
684 3840 872 3896 oculis
929 3846 1313 3911 praetereunt,
1371 3840 1517 3895 falso
1598 3845 1794 3896 autem
1848 3840 2093 3895 nomine

435 3930 779 4004 insignitam
812 3928 1166 4002 religionem
1197 3935 1655 4001 commentaque
1690 3931 1839 3986 742
1867 3930 2093 4001 praesti-

432 4020 676 4094 giatoris
702 4020 875 4092 istius
906 4019 1354 4093 amplectuntur
1384 4019 1585 4075 miseri
1628 4024 1804 4091 atque
1846 4019 2087 4091 stupidi.

430 4108 513 4163 Ac
542 4123 746 4164 verum
777 4106 1020 4181 quidem
1052 4109 1258 4176 Deum,
1294 4124 1472 4180 quem
1504 4107 1598 4162 lex
1629 4113 1688 4162 et
1714 4113 1873 4163 vates
1906 4107 2086 4163 divini

430 4198 747 4273 perspicue
781 4196 1254 4270 prmdicaverunt
1283 4196 1458 4268 eique
1500 4197 1677 4253 ﬁdem
1729 4197 2089 4266 habuerunt,

432 4286 519 4340 illi
542 4287 863 4359 repudiant
892 4291 1071 4358 atque
1105 4286 1447 4358 improbant
1472 4303 1485 4340 :
1521 4288 1637 4342 Deo
1668 4292 1867 4341 autem
1891 4287 2091 4342 adver-

429 4391 585 4443 sum,
635 4376 944 4445 insanum,
991 4375 1310 4447 palamque
1341 4391 1376 4430 a
1405 4374 1576 4430 furiis
1627 4375 1987 4447 exagitatum
2033 4381 2091 4431 et

429 4479 634 4521 earum
667 4464 960 4520 instinctu
989 4463 1337 4535 loquentem
1391 4465 1590 4520 vesani
1643 4470 1820 4537 atque
1866 4466 2086 4520 rabiosi

429 4568 566 4627 cum
590 4553 805 4626 gaudio
829 4552 1292 4624 amplectuntur.
1326 4555 1465 4619 Quae
1495 4555 1655 4609 enim
1687 4572 1720 4610 a
1748 4556 1866 4610 Deo
1900 4555 2053 4627 inspi
2072 4587 2084 4594 -

2211 607 2459 681 δοθῆναι.
2494 614 2624 668 Εἶτα
2656 612 2841 670 ἑαυτόν
2874 635 3036 693 φησιν
3069 613 3172 668 ὑπὸ
3230 616 3325 667 τοῦ
3375 616 3510 669 Θεοῦ
3561 612 3861 682 κεκλῆσθαι

2213 696 2361 771 μάλα
2391 696 2641 772 θεοσεϐῆ,
2685 703 2760 767 ὡς
2813 706 2910 758 τοῦ
2966 702 3167 765 παντὸς
3226 701 3385 757 αὐτὸν
3445 713 3630 766 εθνους
3687 699 3866 757 α’ίτιον

2211 784 2514 848 θεοσεϐείας
2550 791 2857 867 ὑπάρξαντα
2905 791 3262 859 ἐπαινεῖσθαι,
3318 791 3409 848 καὶ
3453 790 3648 847 τούτου
3698 791 3867 867 χάριν

2209 875 2542 955 κλειδοῦχον
2571 885 2666 935 τοῦ
2698 878 3027 956 παραδείσου
3077 881 3419 959 γεγενῆσθαι.
3474 880 3578 938 Καί
3621 901 3682 958 γε
3735 881 3873 955 μετά

2208 965 2271 1020 τὸ
2314 966 2401 1021 ὑπ’
2432 967 2597 1024 αὐτοῦ
2627 970 2718 1025 τὸν
2747 968 3078 1047 παράδεισον
3109 971 3457 1049 ἀνεῳχθῆναι
3507 967 3868 1033 συνεισελθεῖν

2213 1055 2367 1128 αύτῷ
2390 1051 2770 1131 ἑϐδομήκοντά
2800 1057 3059 1139 χιλιάδας
3087 1060 3213 1122 τοὺς
3244 1057 3571 1133 δυναμένους
3621 1057 3868 1137 ἐφορμῆ-

2208 1165 2295 1198 σαι
2326 1146 2463 1220 πρὸς
2492 1152 2678 1206 τοῦτο.
2708 1149 2843 1211 Τοὺς
2874 1146 2933 1204 δέ
2963 1147 3200 1210 λοιποὺς
3249 1149 3597 1223 κριθήσεσθαι
3652 1147 3866 1225 φάσκει,

2210 1233 2300 1288 καὶ
2332 1234 2458 1299 τοὺς
2494 1237 2587 1310 μὲν
2623 1234 2863 1300 δικυίους
2905 1232 3301 1318 ἀναμφιϐόλως
3332 1244 3432 1307 τῆς
3480 1242 3688 1314 τρυφῆς
3730 1238 3870 1292 ἀπο-

2214 1319 2432 1392 λαῦσαι,
2466 1325 2594 1388 τοὺς
2662 1322 2720 1381 δὲ
2772 1326 3189 1403 εύρισκομένους
3246 1323 3613 1403 ἁμαρτωλοὺς
3668 1327 3868 1380 πιττά-

2207 1432 2302 1467 κια
2341 1411 2395 1468 ἐν
2425 1419 2544 1477 τοῖς
2591 1414 2902 1492 τραχήλοις
2946 1415 3304 1493 περιέχοντας
3348 1412 3603 1489 δεδεμένα
3651 1414 3728 1478 εἷς
3773 1415 3869 1471 τὸν

2210 1500 2536 1577 παράδεισον
2588 1504 2783 1568 αὐτοὺς
2839 1503 3118 1575 εἰσελθεῖν,
3177 1505 3267 1560 καὶ
3322 1505 3553 1567 τούτους
3602 1505 3864 1580 ὀνομάζε-

2218 1594 2339 1647 σθαι
2398 1593 2793 1671 ἀπελευθέρους
2845 1600 2942 1651 τοῦ
3001 1595 3134 1651 Θεοῦ
3187 1593 3277 1651 καὶ
3351 1598 3449 1650 τοῦ
3502 1593 3867 1671 Μουχούμετ.

2206 1682 2365 1739 Εἶναι
2398 1681 2455 1738 δὲ
2483 1689 2630 1758 τρεῖς
2682 1684 3043 1759 παραδείσους
3093 1683 3147 1740 ἐν
3194 1689 3276 1758 τῷ
3321 1681 3633 1758 παραδείσῳ
3690 1681 3871 1761 φλυα-

2206 1775 2312 1845 ρεῖ,
2345 1767 2437 1827 ’ένα
2481 1772 2707 1845 μέΛιτος
2739 1773 2827 1829 καὶ
2862 1772 3040 1849 ἕτερον
3085 1773 3358 1849 γάλακτος
3406 1773 3497 1829 καὶ
3546 1773 3726 1849 ἓτερον
3783 1770 3870 1828 οἵ·

2206 1880 2322 1932 νου,
2356 1862 2492 1936 πρὸς
2525 1862 2588 1916 τὸ
2633 1863 2750 1935 μετ’
2805 1861 3044 1936 ἐξουσίας
3093 1862 3473 1937 ἐμπιπλᾶσθαι
3513 1862 3711 1918 αὐτῶν.
3760 1864 3867 1924 Τάς

2211 1945 2269 2004 δὲ
2299 1955 2559 2027 γυναῖκας
2588 1950 2774 2015 αὐτοῖς
2816 1958 3049 2007 συνεῖναι
3096 1952 3187 2007 καὶ
3245 1950 3566 2032 φιλοκαλεῖν
3616 1952 3712 2014 τὰς
3765 1952 3867 2007 κό-

2213 2059 2317 2112 μας
2376 2040 2552 2095 αὐτῶν
2606 2041 2697 2096 καὶ
2754 2042 3063 2116 θεραπεύειν
3115 2041 3183 2096 τά
3247 2039 3518 2120 φιλήδονα
3611 2042 3862 2115 σώματα.

2204 2130 2338 2191 Τοὺς
2370 2126 2428 2185 δὲ
2456 2127 2761 2194 Ἰουδαίους
2827 2130 2918 2186 καὶ
2964 2130 3322 2208 Χριστιανοὺς
3366 2129 3499 2201 ξύλα
3545 2135 3642 2186 τοῦ
3689 2131 3863 2206 πυρὸς

2206 2220 2557 2293 γενομένους,
2619 2219 3017 2301 ὐπολειφθῆναι
3096 2220 3223 2284 τοὺς
3280 2220 3621 2296 Σαμαρείτας
3680 2219 3857 2295 λέγων

2206 2308 2344 2383 πρὸς
2383 2309 2440 2363 νὸ
2500 2308 2741 2387 ἐκφέρειν
2795 2311 2897 2379 τὴν
2954 2311 3158 2387 κόπρον
3214 2310 3388 2365 αὐτῶν
3428 2308 3488 2365 ἐκ
3537 2305 3635 2365 τοῦ
3692 2330 3862 2385 παρα,

2208 2394 2410 2469 δείσου,
2444 2398 2593 2459 ὅπως
2628 2401 2705 2472 μὴ
2734 2399 2962 2475 ἐποζέσῃ
2997 2401 3025 2455 ὁ
3073 2397 3419 2474 παράδεισος.
3466 2401 3730 2457 ’Έκαστον
3780 2397 3861 2473 δὲ,

2209 2485 2283 2547 ὡς
2314 2485 2375 2541 ἄν
2404 2482 2558 2557 ἐϐίω,
2591 2486 2687 2542 εἴτ’
2726 2487 2780 2543 ἐν
2833 2488 3062 2564 πλούτῳ
3093 2487 3129 2559 ἤ
3160 2490 3318 2561 πενίᾳ
3363 2489 3450 2544 καὶ
3502 2486 3711 2561 ἀδοξίᾳ,
3765 2488 3860 2545 τὸν

2208 2574 2368 2630 αὐτὸν
2400 2577 2617 2633 κάκεῖσε
2647 2575 2853 2654 διάγειν
2881 2580 3102 2654 τρόπον.
3139 2577 3314 2640 Οὗτος
3370 2577 3461 2634 οῦν
3498 2579 3525 2633 ὁ
3559 2579 3862 2654 θεοστυγὴς

2205 2673 2295 2728 καὶ
2318 2675 2641 2751 παμμίαρος
2691 2678 2890 2741 παντὸς
2948 2677 3153 2751 ἀγαθοῦ
3209 2678 3300 2732 καὶ
3357 2680 3525 2732 κακοῦ
3580 2677 3673 2731 τὸν
3732 2676 3864 2732 Θεὸν

2206 2763 2382 2818 αἳτιον
2418 2764 2682 2844 ὑπάρχειν
2714 2763 3169 2843 έτερατολόγησεο
3204 2767 3290 2822 καὶ
3320 2765 3446 2828 τοὺς
3507 2765 3713 2840 λῃστάς
3766 2766 3860 2820 καὶ

2206 2855 2525 2930 φαρμακοὺς
2583 2854 2672 2911 καί
2727 2854 2857 2919 τοὺς
2908 2853 3108 2921 ἀλλαις
3159 2854 3605 2931 ἀπηγορευμέναι
3662 2854 3862 2927 πράξε-

2206 2964 2286 2997 σιν
2323 2942 2572 3012 ἀλόντας,
2634 2944 2807 3007 οὕτως
2856 2941 3088 3024 φλυαρεῖ
3128 2945 3156 2999 ὁ
3187 2943 3367 3015 ἄθεος,
3420 2938 3651 3020 ἔγραψεν
3700 2942 3864 3008 αὐτὸς

2206 3031 2235 3085 ὁ
2265 3032 2414 3106 Θεὸς,
2442 3033 2532 3088 καὶ
2564 3032 2874 3109 προώρισεν
2907 3033 3196 3090 ἀποθανεῖν
3232 3032 3449 3097 αὐτούς.

2278 3209 2580 3287 Θαυμάσειε
2612 3210 2656 3269 δ’
2689 3211 2748 3268 ἄν
2780 3235 2863 3277 τις
2903 3215 3003 3285 τήν
3061 3214 3330 3286 τοσαύτην
3384 3214 3473 3269 καὶ
3522 3212 3860 3286 τηλικαύτην

2206 3299 2402 3376 διαρκῆ
2461 3302 2673 3374 ἀπάτην
2729 3308 2825 3358 τοῦ
2900 3304 3183 3380 θεομάχου
3264 3305 3355 3359 καὶ
3442 3305 3865 3383 ματαιόφρονος,

2205 3391 2419 3464 μᾶλλον
2483 3390 2539 3447 δὲ
2595 3392 2834 3468 ἐσχάτην
2890 3393 3188 3469 παράνοιαν
3249 3393 3337 3449 καὶ
3396 3391 3702 3465 κτηνωδίαν
3752 3398 3864 3451 τῶν

2206 3479 2489 3555 μέχρινῦν
2528 3485 2595 3555 τῇ
2651 3482 2849 3538 τούτου
2911 3480 3092 3558 πλάνῃ
3151 3480 3580 3557 δεδουλωμένων
3634 3484 3723 3538 καὶ
3783 3484 3861 3546 ὡς

2204 3569 2433 3644 ῗ’σχυράν
2494 3571 2584 3625 καί
2669 3570 2810 3634 θείαν
2890 3571 3142 3649 ἀφρόνως
3224 3570 3427 3642 ταύτην
3510 3572 3858 3647 ἡγουμένων·

2206 3655 2345 3731 Πρὸς
2372 3656 2475 3732 γὰρ
2506 3658 2603 3726 τὴν
2635 3653 2806 3721 ὅντως
2834 3658 3022 3730 ἀληθῆ
3052 3680 3109 3715 τε
3148 3659 3238 3714 καὶ
3287 3658 3435 3733 ἱεράν
3492 3659 3581 3714 καὶ
3634 3653 3863 3733 θεοϐρά-

2201 3740 2390 3800 ϐευτον
2449 3745 2630 3802 πίστιν
2689 3746 2934 3822 ἐναργῶς
2989 3747 3509 3829 ἀποτυφλώττουσιν
3589 3749 3641 3802 οἱ
3700 3747 3864 3804 ἐσκο-

2197 3837 2440 3907 τισμένοι
2501 3836 2589 3891 καὶ
2646 3836 2915 3903 ἀσύνετοι,
2973 3838 3106 3914 πρὸς
3192 3835 3249 3892 δέ
3329 3840 3427 3906 τήν
3495 3835 3858 3915 ψευδώνυμον

2201 3922 2451 4000 λατρείαν
2483 3925 2572 3979 καὶ
2604 3925 3011 4001 πλαστολογίαν
3067 3930 3163 3981 τοῦ
3212 3925 3437 4003 φένακος
3488 3926 3858 4003 προσέχουσιν

2200 4014 2251 4068 οἳ
2310 4013 2542 4070 δείλαιοι
2595 4015 2685 4069 καὶ
2747 4011 3123 4090 βαρυκάρδιοι.
3183 4015 3289 4071 Τὸν
3343 4015 3444 4092 γάρ
3497 4014 3668 4077 ὅντως
3726 4011 3860 4071 ὄντα

2198 4102 2346 4170 Θεὸν,
2378 4104 2470 4158 τὸν
2504 4100 2593 4158 διὰ
2629 4104 2802 4178 νόμου
2858 4104 2951 4159 καὶ
3005 4108 3302 4184 προφητῶν
3355 4102 3606 4177 ἐκδήλως
3658 4125 3862 4180 κηρυτ-

2195 4192 2425 4267 τόμενόν
2461 4214 2521 4249 τε
2548 4192 2639 4249 καὶ
2678 4195 3065 4267 πιστευόμενον
3114 4194 3499 4268 ἀπωθούμενοι
3547 4195 3635 4249 καὶ
3691 4215 3864 4251 κατα-

2198 4283 2591 4362 ψηφιζόμενοι,
2628 4283 2721 4338 τὸν
2779 4282 3026 4339 ἀντίθεον
3070 4283 3159 4339 καὶ
3220 4285 3504 4358 μεμηνότα
3554 4284 3643 4339 καὶ
3699 4305 3865 4361 φανε-

2200 4376 2308 4445 pii):
2342 4374 2426 4444 [P.
2479 4373 2607 4444 424]
2667 4372 2768 4427 ὑπὸ
2825 4377 2932 4427 τῶν
2996 4371 3259 4447 Ἐρινύωε
3314 4371 3706 4450 ἐνεργούμενον
3767 4372 3865 4428 καὶ

2198 4459 2567 4537 φθεγγόμενον
2653 4462 2705 4514 οἱ
2791 4462 3123 4540 κακόφρονες
3206 4462 3297 4517 καὶ
3375 4460 3675 4525 λυσσώδεις
3733 4461 3868 4538 ἐρα-

2198 4549 2376 4622 σμίως
2414 4547 2502 4605 καί
2530 4550 2851 4627 γεγηθότῶς
2884 4552 3214 4626 προσίενται.
3249 4552 3388 4607 Ποία
3446 4552 3550 4630 γάρ
3602 4551 3863 4616 θεόπνευ-

427 4645 557 4696 rata
596 4641 897 4713 Scriptura
952 4642 1025 4697 de
1071 4642 1256 4714 impio
1309 4649 1367 4698 et
1413 4643 1659 4698 vecorde
1713 4644 2088 4701 Muchumeto

2204 4660 2324 4701 στος
2369 4641 2555 4715 Γραφὴ
2614 4641 2737 4716 περὶ
2796 4644 2893 4695 τοῦ
2955 4635 3247 4702 δυσσεϐοῦς
3303 4641 3393 4697 καὶ
3449 4642 3863 4717 παραπαίοντος

427 4731 657 4802 aliquid
687 4734 970 4805 praacepit
990 4734 1018 4789 ‘I
1045 4740 1148 4790 aut
1178 4734 1311 4806 quis
1352 4734 1691 4789 divinorum
1721 4740 1921 4791 vatum
1950 4753 2085 4792 eum

425 4821 663 4893 pietatis
684 4822 988 4879 doctorem
1012 4824 1137 4879 fore
1160 4824 1473 4896 praedixit?
1497 4823 1917 4895 Respondeant
1939 4826 2086 4880 mibi

425 4909 523 4965 isti
546 4911 739 4968 omnis
763 4928 944 4968 sacrae
976 4913 1392 4985 inspirationis
1424 4918 1483 4967 et
1509 4912 1860 4969 initiationis
1886 4931 2084 4971 exsor-

423 5004 531 5069 tes,
564 5016 689 5071 cur,
719 5018 855 5057 cum
887 5017 1097 5058 omnes
1119 5002 1250 5073 jam
1282 5000 1420 5055 inde
1452 5000 1524 5055 ab
1548 5001 1773 5058 Adamo
1800 5019 1989 5075 usque
2010 5005 2084 5060 ad

421 5090 638 5147 Christi
694 5091 1014 5148 adventum
1065 5096 1229 5146 vates
1309 5107 1431 5146 non
1490 5091 1653 5146 inviti
1738 5100 2080 5165 agnoscant,

418 5180 659 5237 interim
691 5182 990 5237 Christum
1036 5181 1248 5247 Deum,
1309 5180 1382 5235 de
1442 5197 1559 5252 quo
1626 5181 1713 5235 illi
1770 5184 2080 5255 perspicue

418 5271 718 5327 vaticinati
753 5277 912 5338 sunt,
944 5269 1263 5340 abnegent,
1298 5269 1626 5341 pessimum
1665 5277 1864 5327 autem
1909 5272 2078 5327 illum

421 5366 479 5415 et
509 5361 785 5417 vitiosum
818 5360 1146 5427 hominem,
1181 5359 1350 5431 cujus
1382 5359 1547 5414 nulla
1596 5377 1839 5431 prorsus
1883 5360 1956 5416 ab
2006 5362 2078 5417 iis

421 5447 576 5504 facta
605 5455 695 5504 est
729 5449 972 5516 mentio,
1027 5465 1133 5519 pro
1185 5464 1367 5504 sacrm
1420 5448 1728 5522 religionis
1777 5450 2076 5507 initiatore

421 5539 1031 5609 prmstantissiinoquc
1064 5537 1385 5593 verissima)
1418 5538 1552 5593 fidei
1578 5539 1860 5612 magistro
1881 5540 2076 5595 existi-

420 5630 606 5689 ment,
657 5643 724 5681 ac
783 5632 1066 5698 tanquam
1116 5626 1478 5699 lienefactori
1533 5627 1768 5683 divinus
1817 5628 2073 5685 honores

423 5710 712 5787 deferant,
761 5713 925 5787 impii
984 5715 1099 5788 ipsi
1174 5721 1351 5794 atque
1411 5717 1658 5773 infandi.
1719 5719 2075 5791 Examinent

2199 4728 2538 4804 Μουχούμετ
2621 4727 3125 4804 προδιεστείλατο;
3221 4731 3256 4801 ἢ
3338 4736 3497 4794 ποῖος
3571 4731 3860 4794 θεσπέσιος

2197 4820 2357 4874 αὐτὸν
2400 4820 2692 4897 προφήτης
2740 4820 2813 4883 ὡς
2874 4817 3204 4875 διδάσκαλον
3263 4816 3538 4883 εὐσεϐείας
3576 4823 3862 4896 προανήγο

2195 4906 2417 4988 γειλεν;
2451 4910 2659 4964 Οὐκοῦν
2701 4907 3004 4965 εἷ’πάτωσαν
3049 4912 3101 4965 οἱ
3158 4908 3430 4986 ἀμέτοχοι
3479 4911 3655 4982 πάσης
3703 4911 3862 4985 ἱερᾶς

2195 4999 2481 5064 ἐπιπνοίας
2539 4999 2630 5053 καὶ
2692 5002 2969 5073 μυήσεως,
3024 5004 3143 5061 πῶς
3195 5001 3323 5062 τοὺς
3380 5001 3487 5055 ἀπὸ
3544 4997 3724 5073 Ἀδὰμ
3759 4999 3858 5056 καὶ

2197 5087 2364 5163 μέχρι
2418 5093 2520 5154 τῆς
2575 5090 2820 5161 Χριστοῦ
2886 5086 3186 5163 παρουσίας
3256 5088 3543 5164 προφήτας
3603 5087 3858 5160 ἀσμένως

2193 5176 2353 5247 δῆθεν
2389 5172 2795 5255 ἀποδεχόμενοι
2857 5177 2942 5233 τὸν
3004 5177 3099 5250 μὶν
3160 5178 3250 5233 ὑπ’
3307 5179 3487 5233 αὐτῶν
3544 5172 3853 5253 διαρρήδην

2192 5266 2750 5345 προαναφωνούμενον
2839 5267 3075 5341 Χριστὸν
3170 5268 3262 5322 τὸν
3350 5267 3478 5322 Θεὸν
3540 5267 3852 5342 ἀρνοῦνται,

2188 5358 2278 5413 τὸν
2310 5353 2366 5412 δὲ
2398 5358 2650 5411 κάκιστον
2684 5357 2770 5411 καὶ
2830 5356 3116 5435 μοχθηρὸν
3166 5356 3255 5412 καί
3309 5354 3450 5430 μηδὲ
3504 5358 3567 5412 τὸ
3617 5354 3851 5412 σύνολον

2189 5447 2277 5501 ὕπ’
2363 5445 2542 5501 αὐτῶν
2629 5446 3114 5518 μνημονευόμενον
3197 5445 3272 5510 ὠς
3368 5447 3676 5520 θεομύστην
3755 5445 3850 5501 καὶ

2187 5535 2526 5611 ἐξοχώτατον
2594 5534 2684 5588 καὶ
2777 5532 3154 5605 ἀληθεστάτης
3211 5533 3446 5598 πίστεως
3514 5532 3851 5591 διδάσκαλον

2186 5624 2554 5699 ἀποδέχονται
2611 5624 2705 5679 καὶ
2766 5623 2841 5685 ὡς
2895 5624 3179 5700 εὐεργέτην
3239 5624 3601 5694 ἐκθειάζουσιν
3654 5625 3706 5679 οἱ
3758 5625 3856 5680 ἀν-

2184 5718 2325 5772 όσιοι
2356 5714 2446 5769 καὶ
2495 5708 2830 5787 δυσώνυμοι.
2887 5713 3347 5788 Ἀνακρινέτωσαν
3392 5710 3449 5768 δὲ
3496 5716 3546 5769 οἱ
3597 5710 3853 5786 ἀδιάκρι-
