4120 6416
350 432 468 492 813

1495 422 2044 486 HISTORIARUM
2088 425 2651 490 COMPENDIUM.

3653 428 3780 498 BM

352 563 552 624 τοικαὶ
589 560 880 637 μανιώδεις
939 559 1029 616 καὶ
1086 561 1153 614 τὰ
1207 558 1295 612 ὑπ’
1353 558 1522 612 αὐτοῦ
1568 554 1861 631 μανιωδῶς
1917 556 2007 612 καὶ

2128 561 2326 616 furiosi
2387 563 2482 617 isti
2543 580 2610 618 ac
2667 579 2866 618 rerum
2926 562 3276 620 discrimina
3339 564 3777 626 confundentes

357 651 636 718 δυσσεϐῶς
695 650 928 729 ῥηθέντα
976 649 1298 725 ληρήματα,
1354 649 1444 704 καὶ
1493 647 1800 726 λεγέτωσαν
1855 649 2012 704 ποίαν

361 744 678 826 συμφωνίαν
710 739 904 822 ἔχουσι
923 741 990 796 τὰ
1021 736 1394 814 θεοπαράδοτα
1444 739 1634 814 Λόγια,
1690 740 1752 796 Ὀ
1789 740 1884 812 μὲν
1911 739 2015 814 γὰρ

353 841 498 898 θεῖος
530 834 702 912 λόγος
754 827 1062 910 ἀναφανδὸν
1120 826 1358 884 διδάσκει
1408 829 1504 884 τὸν
1557 829 1685 884 Θεὸν
1748 827 2015 902 ὑπάρχειν

353 925 594 982 ἀναίτιον
627 921 828 982 παντὸς
860 923 1034 974 κακοῦ
1063 917 1154 973 καὶ
1201 917 1294 972 τὸν
1339 915 1619 992 ἄνθρωπον
1674 917 2016 990 αὐτεξούσιον

355 1019 496 1072 εἶναι
526 1020 627 1082 τῆς
661 1013 854 1067 ἑαυτοῦ
885 1007 1158 1084 σωτηρίας
1194 1007 1287 1062 xui
1343 1006 1642 1067 ἀπωλείας’
1694 1007 1723 1060 ὁ
1774 1003 1830 1060 δὲ
1860 1027 2013 1078 τρισ-

354 1105 548 1170 άθλιος
600 1101 692 1158 καὶ
753 1099 1178 1176 τρισκατάρατος
1238 1098 1328 1152 καὶ
1385 1101 1484 1152 τοῦ
1538 1101 1674 1151 Θεοῦ
1749 1095 1840 1151 xui
1907 1099 2015 1150 τῶν

355 1194 658 1265 ἀνθρώπων
690 1186 958 1250 ἄσπονδος
999 1186 1221 1262 ἐχθρὸς,
1257 1186 1316 1241 ἑκ
1368 1186 1684 1260 σκαιοτέρου
1733 1185 1822 1240 καὶ
1883 1184 2014 1240 λαο-

353 1284 561 1341 πλάνου
627 1279 888 1353 δαίμονος
983 1275 1355 1355 ἐνηχούμενος
1427 1275 1517 1330 καὶ
1604 1273 2014 1349 ἐνεργούμενος,

353 1373 556 1434 παντὸς
579 1371 778 1445 ἀγαθοῦ
803 1368 893 1423 καὶ
923 1370 1168 1440 πονηροῦ
1224 1367 1314 1420 τὸν
1371 1365 1501 1420 Θεὸν
1564 1365 1739 1419 αἳτιον
1797 1363 2013 1436 τολμη-

356 1469 463 1540 ρῶς
522 1459 950 1536 ἀποφθέγγεται,
1000 1457 1090 1510 καὶ
1173 1460 1275 1510 πᾶν
1331 1456 1465 1530 ὅπερ
1551 1452 1610 1509 ἄν
1671 1451 1874 1527 ἐπέλθῃ
1935 1457 2015 1526 τῷ

355 1551 648 1628 ἀνθρώπῳ,
706 1547 802 1603 κᾶν
860 1547 912 1618 ἐξ
971 1543 1230 1620 ἐπηρείας
1314 1548 1413 1599 τοῦ
1497 1547 1742 1618 πονηροῦ
1789 1541 1884 1598 κᾶν
1961 1542 2012 1616 ἐξ

353 1641 554 1702 οἰκείας
611 1637 876 1714 ῥᾳθυμίας
924 1636 1018 1691 καὶ
1079 1632 1444 1709 ἀδιακρισίας,
1495 1639 1596 1702 τῆς
1649 1632 1792 1694 Θείας
1852 1637 2014 1688 τοῦτο

351 1733 636 1807 τυγχάνειν
692 1727 956 1802 προνοίας
1017 1725 1045 1779 ὂ
1098 1723 1390 1798 ἀλιτήριος
1471 1721 1843 1800 ἀποφαίνεται.
1908 1725 2014 1776 Καὶ

350 1825 380 1878 ὁ
430 1821 522 1895 μὲν
577 1819 920 1894 περιφρονεῖν
969 1813 1212 1869 πλούτου
1276 1814 1367 1867 καὶ
1424 1815 1867 1890 ταπεινοφρονεῖν
1921 1809 2012 1864 xui

2123 650 2303 721 impia
2336 656 2394 706 et
2433 652 2670 708 rabiosa
2731 653 2892 708 illius
2943 652 3174 721 deliria,
3224 658 3281 707 et
3329 653 3628 724 explicent
3674 653 3779 724 qui

2121 755 2256 794 cum
2289 742 2472 795 sacris
2515 741 2772 797 oraculis
2829 760 2898 796 ea
2955 742 3326 801 conveniant.
3385 743 3533 800 Nam
3593 759 3776 802 sacrm

2125 829 2356 884 Litterae
2389 830 2588 886 dicent
2623 833 2809 886 Deum
2858 831 3082 888 nullius
3137 847 3267 887 esse
3316 831 3460 888 mali
3510 848 3777 898 causam,

2122 918 2429 974 hominem
2453 937 2560 975 sua
2598 919 2904 977 voluntate
2953 921 3067 976 sibi
3128 921 3218 976 vel
3257 921 3513 977 salutem
3566 937 3778 993 parare

2122 1008 2214 1062 vel
2238 1009 2507 1064 exitium.
2531 1012 2601 1064 At
2624 1010 2996 1066 miserrimus
3027 1011 3130 1066 ille
3163 1011 3560 1082 omnibusque
3587 1012 3781 1070 modis

2124 1097 2509 1154 detestandus
2524 1105 2583 1154 et
2600 1101 2998 1172 implacabilis
3021 1101 3122 1158 Dei
3142 1101 3574 1172 hominumque
3593 1102 3781 1162 hostis

2123 1189 2556 1257 Muchumetus,
2589 1207 2623 1245 a
2652 1192 3002 1261 pravissimo
3054 1196 3114 1246 et
3159 1191 3563 1247 multitudinis
3615 1192 3784 1247 deci~

2121 1277 2353 1348 pianda)
2403 1280 2629 1334 artiﬁce
2685 1279 2956 1335 daemone
3015 1279 3340 1351 inspiratus
3402 1282 3553 1340 143
3601 1287 3782 1352 atque

2122 1367 2398 1438 agitatus,
2432 1369 2626 1424 omnis
2659 1375 2717 1424 et
2745 1369 2888 1424 boni
2940 1374 2998 1423 et
3045 1369 3188 1424 mali
3236 1375 3541 1426 auctorem
3591 1371 3779 1428 Deum

2119 1455 2405 1511 audacter
2461 1459 2857 1529 pronuntiat;
2911 1465 3090 1530 atque
3139 1459 3363 1527 omnia,
3407 1476 3779 1532 quascunque

2126 1545 2352 1600 homini
2386 1548 2666 1602 eveniunt
2698 1548 2787 1603 vel
2819 1547 3038 1603 diaboli
3069 1548 3278 1604 fraude
3311 1548 3400 1604 vel
3440 1565 3548 1604 sua
3594 1549 3782 1620 ipsius

2123 1637 2394 1692 socordia
2435 1643 2612 1708 atque
2661 1639 3078 1710 imprudentis,
3131 1638 3345 1694 divina;
3394 1639 3782 1710 providentia:

2119 1725 2295 1797 jussu
2328 1727 2559 1781 evenire
2591 1727 2880 1799 ﬂagitiose
2905 1729 3137 1784 asserit.
3171 1729 3405 1784 Eisdem
3447 1745 3631 1786 sacras
3662 1731 3784 1786 Lit-

2125 1820 2266 1870 tera)
2299 1817 2659 1872 contendere
2709 1834 2874 1890 opes,
2907 1817 3169 1874 demisso
3202 1834 3330 1874 esse
3360 1820 3584 1889 animo,
3615 1820 3779 1875 volu-

347 1913 440 1968 τὸν
471 1906 724 1980 ἐνήδονον
762 1904 877 1980 βίον
907 1903 1256 1967 ἀποσείεσθαι
1285 1903 1378 1958 καὶ
1409 1903 1486 1976 μή
1547 1899 1844 1956 ἀποδοῦναι
1913 1921 2010 1954 xu-

2128 1905 2374 1975 ptariam
2408 1907 2586 1962 vitam
2638 1907 2860 1979 fugere,
2913 1923 3106 1978 neque
3167 1925 3274 1978 pro
3333 1907 3489 1964 malo
3548 1909 3778 1966 malum

352 2003 448 2058 κὸν
505 1997 626 2054 ἀντὶ
684 1999 855 2052 κακοῦ
911 1992 1359 2070 παρακελεύεται,
1418 1993 1446 2045 ὁ
1504 1989 1562 2046 δὲ
1617 1990 1878 2046 πλουτεῖν
1918 1990 2008 2044 καὶ

357 2088 763 2167 ὑψηλοφρονεῖν
840 2084 932 2139 xui
1005 2087 1176 2137 πᾶσαν
1278 2077 1481 2149 ἡδονὴν
1557 2080 1617 2135 ἐκ
1698 2079 2011 2156 περιουσίας

345 2180 672 2249 ἀσπάζεσθαι
720 2175 810 2231 xui
878 2173 1238 2243 ἀντεπεξιέναι
1331 2168 1542 2246 σφόδρα
1621 2177 1738 2234 τοῖς
1796 2169 2004 2226 ἀντιπί·

343 2290 568 2326 πτουσιν
622 2267 697 2330 ὡς
753 2261 990 2338 ψυχικόν
1049 2264 1322 2334 σωτήριον
1387 2261 1478 2315 καὶ
1533 2264 1631 2316 τοῦ
1695 2257 2008 2332 παραδείσω

343 2361 627 2436 πρόξενον.
686 2353 845 2414 Ἀλλ’
905 2352 950 2410 ὤ
1003 2359 1104 2422 τῆς
1155 2351 1410 2413 ἀπονοίας
1466 2352 1554 2406 xui
1627 2349 2007 2426 παραπληξίας

350 2450 441 2506 καὶ
498 2447 710 2528 χλεύης
771 2449 868 2499 τοῦ
922 2442 1125 2518 γόητος
1193 2442 1284 2497 καὶ
1333 2439 1705 2515 παλαμναίου,
1764 2441 1853 2495 καὶ
1910 2443 2008 2510 τῆς

353 2535 779 2616 παραφροσύνης
808 2533 897 2590 καὶ
951 2531 1230 2594 ἀπωλείας
1278 2535 1388 2586 τῶν
1439 2532 1566 2606 παρ’
1624 2529 1788 2585 αὐτοῦ
1820 2527 2009 2592 δεινῶς

348 2624 942 2705 ἰξανδραποδισθὲντων
999 2623 1089 2678 xui
1160 2618 1326 2696 μέχρι
1383 2625 1476 2676 νῦν
1545 2622 2008 2695 παρασυρομένων

348 2720 437 2777 καὶ
474 2715 900 2789 ἀπατωμένωνί
963 2710 1102 2770 Οὐδὲ
1186 2711 1290 2787 γὰρ
1381 2714 1654 2764 συνιοῦσιν
1735 2711 1789 2764 o't
1873 2707 2008 2785 ἄγαν

350 2808 632 2884 μοχθηροὶ
682 2807 770 2861 καὶ
832 2798 1128 2878 θηριώδεις
1159 2801 1246 2856 καὶ
1309 2798 1433 2855 λίαν
1478 2799 1726 2884 ἀσύνετοι
1759 2799 1836 2859 εἰς
1895 2800 2011 2854 οἷον

345 2883 590 2976 χαλεπὸν
642 2895 781 2973 χάος
840 2891 932 2947 xui
993 2891 1298 2959 Σατανικήν
1348 2883 1624 2962 Χάρυϐδιν
1685 2889 2010 2943 κατεποντί-

356 2998 556 3057 σθησαν
585 2984 675 3039 καὶ
697 2981 884 3038 τέλεον
927 2979 1326 3050 κατεπόθησαν,
1386 2978 1478 3032 καὶ
1547 2977 1622 3039 εἷς
1681 2979 1833 3038 οἳους
1872 2976 2013 3056 ἀφύ-

352 3098 514 3139 κτους
541 3075 632 3130 xui
679 3069 1084 3146 ἀδιεξοδεύτους
1145 3064 1509 3144 λαϐυρίνθυος
1562 3069 1655 3123 καὶ
1714 3063 2015 3132 δυσϐάτους

359 3163 634 3239 ἀτραποὺς
685 3162 773 3218 xui
833 3161 1228 3240 ψυχοφθόρους
1297 3159 1697 3237 φενακισθέντες
1761 3157 2012 3220 ἐλεεινῶς

359 3253 769 3324 έξεκυλίσθησαν
831 3251 921 3306 xui
980 3249 1376 3324 συνεσχέθησαν
1475 3247 1866 3326 ὑποφθαρέντες
1931 3246 2007 3308 εἷς

356 3342 539 3405 τέλος.
575 3343 666 3396 Διὸ
704 3341 792 3396 xui
831 3339 1122 3413 θαυμάζειν
1153 3338 1275 3393 Αίαν
1306 3335 1477 3392 ἔπεισί
1537 3358 1633 3411 μοι
1680 3340 1780 3407 τὴν
1813 3337 2006 3392 τοσαύ-

351 3454 454 3504 την
482 3431 707 3508 ἀλογίαν
767 3430 857 3485 καὶ
916 3427 1263 3498 ἀναισθησίαν
1325 3426 1524 3494 αὐτῶν,
1588 3425 1782 3502 καίπερ
1824 3426 2010 3500 οἰομέ-

358 3545 468 3577 νων
509 3520 956 3597 ἐντρεχεστάτους
1001 3517 1222 3580 ἑαυτοὺς
1254 3521 1394 3573 εἷναι
1459 3517 1552 3572 καὶ
1611 3515 2013 3592 λογιωτάτους,

355 3617 477 3671 πῶς
509 3611 574 3666 οὐ
605 3614 927 3665 κατανοοῦσι
956 3614 1058 3678 τῆς
1089 3614 1246 3677 κενῆς
1305 3607 1516 3677 ἀπάτης
1567 3609 1654 3679 [Ρ.
1683 3611 1809 3678 425]
1840 3606 2014 3660 αὐτῶν

358 3701 449 3756 τὸν
500 3699 745 3756 δλισθον.
813 3696 964 3754 Ἔδει
1019 3697 1144 3772 γὰρ,
1201 3691 1308 3752 ἔδει
1366 3697 1494 3758 τοὺς
1555 3693 1726 3756 ὅντως
1782 3694 2020 3770 ἄφρονας

366 3789 458 3846 καὶ
494 3785 950 3864 βοσκηματώδεις
981 3785 1268 3862 ἐπιγνῶναι
1311 3786 1403 3841 τὸν
1453 3785 1577 3859 περὶ
1633 3787 1732 3852 τῆς
1789 3784 2020 3838 ἀναστάς

368 3898 504 3938 σεως
537 3877 711 3933 αὐτῶν
746 3874 1028 3952 πρόδηλον
1085 3875 1174 3930 καὶ
1238 3874 1478 3949 μυσαρὸν
1539 3871 1770 3948 βρόχον,
1832 3873 2020 3946 ’ὸτιπερ

369 3964 457 4022 διὰ
501 3969 760 4042 βρώσεως
812 3967 903 4022 xui
965 3966 1177 4027 πόσεως
1233 3967 1288 4018 ἓν
1344 3962 1603 4036 μετουσίᾳ
1655 3963 2022 4038 τυγχάνοντες

366 4052 630 4130 ἄφθαρτοι
655 4052 898 4118 καθόλου
926 4053 1018 4108 καὶ
1051 4053 1301 4107 ἀθάνατοι
1334 4049 1671 4124 διαμένουσι.
1718 4051 1818 4106 Καὶ
1891 4048 2025 4104 πότε

365 4146 456 4198 xui
555 4148 663 4198 ποῦ
752 4142 946 4198 λοιπὸν
1032 4144 1131 4212 τὴν
1217 4137 1804 4216 ἀποκαραδοκουμένην
1880 4139 2026 4208 ζωὴν

366 4233 592 4288 αἰώνιον
649 4233 740 4287 καὶ
797 4232 1070 4308 ἀκήρατον
1114 4237 1230 4294 τοῖς
1288 4235 1500 4292 πιστοῖς
1558 4230 1695 4284 κατά
1741 4229 1836 4292 τὰς
1883 4226 2027 4291 θείας

369 4324 586 4398 Γραφάς
619 4322 672 4376 οἱ
726 4323 909 4393 θνητοὶ
943 4321 1034 4377 xui
1065 4325 1220 4396 ψυχῇ
1284 4321 1374 4376 καὶ
1433 4320 1650 4393 σώματι
1707 4318 2026 4388 τεύξονταις

370 4412 470 4465 Καὶ
501 4411 638 4486 πρὸς
681 4411 862 4483 τούτῳ
923 4408 1160 4466 ’ίστωσαν
1221 4411 1273 4465 οἱ
1330 4408 1613 4484 ἀλόγιστοι
1669 4407 1758 4462 καὶ
1800 4405 2028 4470 τάλανες

368 4500 444 4563 ὡς
474 4497 693 4555 οὐδέπω
755 4501 922 4577 μέχρι
979 4501 1069 4555 καὶ
1109 4503 1353 4574 τήμερον
1403 4506 1504 4564 τῆς
1557 4498 1796 4559 παλαιᾶς
1851 4497 2028 4552 αὐτῶν

371 4587 461 4643 καὶ
501 4587 663 4652 ἀθέου
723 4587 944 4659 πλάνης
996 4587 1420 4662 ἀπηλλάγησαν,
1479 4585 1607 4642 ἀλλ’
1659 4587 1712 4641 ἐν
1771 4587 2032 4660 προσχή-

2120 1993 2370 2051 reddere
2421 1995 2656 2067 jubent.
2717 1997 2821 2052 Ille
2857 1996 3079 2052 divitiis
3127 1997 3386 2066 studere,
3439 1997 3770 2069 superbire,

2120 2083 2355 2138 abunde
2377 2101 2586 2140 omnes
2603 2091 2880 2156 expetere
2903 2086 3541 2159 voluptates,omnique
3554 2093 3772 2143 conatu

2118 2173 2324 2229 ulcisci
2350 2174 2718 2230 adversarios
2739 2177 3029 2247 praecipit,
3061 2177 3346 2232 salutaria
3374 2177 3501 2233 hanc
3529 2177 3769 2248 anima),

2119 2267 2180 2316 et
2207 2263 2482 2334 paradiso
2513 2263 2836 2319 immittere
2867 2264 3110 2321 docens.
3143 2267 3187 2321 Ο
3207 2265 3569 2323 dementiam
3591 2272 3771 2338 atque

2119 2353 2452 2408 vecordiam
2483 2359 2543 2410 et
2572 2354 2830 2411 ludibria
2873 2355 3278 2412 scelestissimi
3325 2357 3701 2430 impostorisl
3735 2374 3770 2413 ο

2119 2442 2433 2498 stultiliam
2465 2449 2643 2515 atque
2673 2445 2919 2500 exitium
2949 2462 3157 2502 eorum
3184 2463 3335 2517 quos
3364 2447 3465 2503 ille
3498 2447 3558 2502 in
3591 2447 3769 2503 mise-

2119 2550 2248 2589 ram
2270 2535 2613 2590 servitutem
2641 2536 2778 2607 egit,
2813 2541 2871 2590 et
2900 2537 2960 2591 in
2991 2537 3151 2592 hunc
3181 2554 3372 2608 usque
3403 2538 3614 2594 diema
3633 2554 3770 2594 vero

2121 2623 2361 2679 abducit
2390 2630 2566 2694 atque
2597 2624 2852 2696 decipit!
2886 2627 3088 2697 Neque
3119 2626 3280 2682 enim
3339 2627 3771 2699 perversissimi

2122 2713 2216 2768 isti
2241 2730 2309 2768 ac
2337 2713 2495 2768 bruti
2527 2719 2588 2769 et
2612 2715 2984 2770 stolidissimi
3016 2717 3290 2772 homines
3338 2717 3681 2790 intelligunt
3711 2716 3774 2772 in

2122 2819 2300 2874 quam
2331 2819 2506 2875 grave
2540 2804 2718 2860 chaos
2749 2821 2817 2860 ac
2847 2822 3025 2876 quam
3054 2807 3114 2860 in
3148 2808 3474 2863 satanicam
3513 2805 3776 2878 Charyb-

2121 2889 2224 2944 din
2257 2889 2514 2946 demersi
2547 2896 2724 2962 atque
2756 2893 3004 2946 omnino
3036 2893 3300 2965 absorpti
3333 2895 3472 2962 sint,
3505 2895 3566 2950 in
3597 2909 3778 2966 quam

2121 2979 2570 3052 inexplicabiles
2592 2987 2652 3035 et
2680 2981 2903 3037 exitum
2934 2982 3167 3038 nullum
3198 2983 3486 3040 habentes
3515 2983 3778 3056 labyrin-

2125 3073 2260 3127 thos
2290 3070 2687 3141 difﬁcilesque
2717 3075 2777 3126 et
2806 3071 2880 3127 ad
2926 3072 3174 3128 exitium
3224 3073 3440 3129 animm
3493 3073 3779 3130 ducentes

2125 3161 2305 3218 calles
2338 3177 2443 3231 per
2464 3160 2733 3216 fraudem
2757 3161 2980 3216 inducti
3006 3163 3344 3218 volutentur
3363 3164 3604 3230 misere,
3628 3169 3686 3218 et
3705 3163 3779 3220 ad

2127 3256 2453 3306 extremam
2477 3249 2806 3320 perniciem
2827 3250 3227 3308 detineantur.
3247 3254 3436 3323 Atque
3465 3253 3609 3308 mihi
3634 3268 3778 3308 sane

2121 3340 2282 3395 subit
2311 3339 2511 3395 mirari
2538 3344 2763 3394 tantam
2797 3357 3000 3395 eorum
3035 3341 3345 3396 stultitiam
3368 3347 3546 3412 atque
3576 3347 3778 3413 stupo-

2119 3447 2284 3496 rem;
2319 3429 2582 3499 quicum
2621 3446 2683 3484 se
2733 3429 3153 3485 callidissimos
3207 3447 3336 3487 esse
3386 3436 3564 3502 atque
3610 3432 3775 3504 inge-

2120 3518 2495 3574 niosissimos
2554 3523 2782 3589 putent,
2868 3519 3276 3575 lubricitatem
3355 3525 3556 3576 tamen
3616 3535 3777 3576 vana

2121 3609 2464 3680 imposturm
2523 3607 2685 3662 illius
2735 3625 2853 3663 non
2905 3609 3405 3665 animadvertunt.
3458 3609 3780 3682 Oportebat

2123 3698 2281 3752 enim
2341 3697 2585 3752 omnino
2631 3697 2845 3753 stultos
2905 3715 3005 3753 eos
3055 3703 3114 3754 et
3154 3699 3453 3756 belluinos
3503 3699 3780 3756 homines

2125 3785 2337 3841 saltem
2371 3792 2639 3856 apertam
2671 3787 2836 3843 illam
2863 3793 2922 3842 et
2943 3788 3405 3844 abominandam
3423 3789 3495 3845 de
3523 3805 3785 3846 resurre-

2126 3875 2322 3930 ctione
2343 3874 2641 3930 fallaciam
2675 3876 3034 3947 perspicere,
3075 3879 3226 3934 744
3247 3895 3366 3948 qua
3394 3878 3628 3950 decepti
3658 3879 3786 3933 exi-

2126 3965 2373 4018 stimant
2403 3980 2465 4017 se
2497 3964 2773 4019 interitus
2801 3971 3106 4036 expertem
3139 3967 3320 4022 vitam
3340 3973 3516 4038 atque
3549 3967 3789 4022 immor-

2127 4053 2305 4108 talem
2340 4052 2495 4106 inter
2524 4053 2738 4123 pocula
2769 4060 2826 4108 et
2858 4055 3124 4110 convivia
3156 4062 3418 4113 acturos.
3451 4056 3555 4112 Ubi
3586 4063 3787 4114 autem

2128 4150 2185 4197 et
2217 4141 2456 4213 quando
2488 4146 2710 4197 aeterna
2739 4148 2799 4197 et
2835 4143 3186 4214 incorrupta
3217 4145 3350 4213 vita,
3393 4161 3572 4216 quam
3603 4145 3789 4201 sacris

2131 4231 2363 4286 Litteris
2395 4231 2748 4302 promissam
2781 4233 2860 4304 pii
2893 4239 3054 4288 certa
3084 4250 3186 4305 spe
3218 4240 3585 4306 exspectant,
3611 4235 3708 4291 isti
3729 4240 3792 4290 et

2130 4337 2374 4392 corpore
2437 4325 2493 4373 et
2549 4320 2750 4375 anima
2809 4322 3090 4376 mortales
3147 4322 3611 4394 adipiscentur?
3667 4323 3789 4378 Hoc

2131 4425 2370 4482 quoque
2406 4410 2552 4464 fatui
2586 4409 2672 4464 illi
2704 4416 2881 4482 atque
2913 4411 3113 4466 miseri
3147 4413 3358 4480 sciant,
3392 4414 3548 4485 quod
3583 4413 3789 4468 etiam-

2133 4516 2275 4554 num
2308 4505 2504 4554 vetere
2537 4515 2642 4554 suo
2675 4504 2732 4553 et
2762 4501 2943 4572 impio
2974 4517 3173 4556 errore
3197 4501 3429 4558 liberati
3462 4519 3585 4559 non
3623 4507 3785 4573 sunt,

2136 4589 2238 4643 sed
2273 4588 2380 4642 sub
2412 4588 2720 4660 religionis
2750 4595 3037 4660 praetextu
3069 4591 3219 4647 falsa
3265 4592 3472 4649 colunt
3511 4593 3785 4666 numina,

373 4698 502 4750 ματι
536 4673 839 4742 θεοσεϐείας
892 4675 1361 4751 εἶδωλολατροῦσι
1417 4674 1760 4746 λεληθότως,
1790 4674 1879 4730 καὶ
1933 4675 2019 4730 τὸν

2137 4701 2204 4738 ac
2235 4683 2293 4737 in
2323 4699 2391 4737 ea
2421 4682 2686 4736 abditum
2719 4683 3008 4738 daemonis
3039 4685 3310 4741 omnium
3356 4687 3646 4743 malorum
3679 4703 3788 4744 au-

371 4765 811 4840 ἐγκεκρυμμένον
840 4771 908 4841 τῇ
941 4767 1200 4842 θρησκείᾳ
1254 4766 1430 4820 αὐτῶν
1487 4762 1650 4820 δόλον
1705 4768 1802 4818 τοῦ
1859 4763 2030 4842 ἀρχε-

372 4855 544 4910 κάκου
576 4853 844 4928 δαίμονος
879 4855 996 4912 οὐδ’
1029 4855 1177 4919 ’ὁλως
1206 4857 1257 4911 οἳ
1298 4855 1618 4910 ἀνούστατοι
1647 4853 1738 4909 καὶ
1769 4851 2029 4924 ἀπόπλη-

373 4947 974 5020 κτοιῖεπιγινώσκουσι.
1011 4944 1188 5001 Πάλαι
1249 4947 1344 5018 μὲν
1401 4945 1502 5021 γὰρ
1563 4941 2033 5018 εἰδωλολατροῦν-

370 5054 457 5095 τες
516 5035 607 5088 καὶ
683 5033 751 5108 τῇ
819 5038 947 5109 παρ’
1005 5033 1281 5106 Ἕλλησιν
1356 5032 1658 5110 Ἀφροδίτῃ
1742 5032 2032 5106 λεγομένῃ,

369 5122 622 5178 τουτέστι
671 5126 739 5197 τῇ
781 5121 979 5198 ἡδονῇ,
1040 5127 1485 5200 προσκυνοῦντες,
1539 5125 1628 5177 καὶ
1689 5123 1782 5176 τὸν
1840 5122 2036 5195 ἀστέρα

369 5211 573 5282 ταύτης
631 5212 722 5267 τὸν
786 5213 1101 5290 Ἑωσφόρον
1160 5215 1294 5269 εἶναι
1361 5210 1792 5288 μυθολογοῦσιν,
1850 5210 1916 5280 ἤν
1967 5208 2034 5280 δή

369 5301 460 5356 καὶ
496 5295 719 5376 Κουϐἀρ
762 5306 832 5376 τῇ
894 5304 1097 5358 ἑαυτῶν
1153 5303 1490 5382 κακεμφάτῳ
1549 5299 1776 5377 γλώσσῃ
1843 5300 2039 5355 ἐπονο-

375 5389 666 5463 μάσαντες,
729 5389 863 5466 ὅπερ
923 5391 1034 5447 ἐστὶ
1107 5392 1342 5469 μεγάλη,
1429 5389 1699 5464 διέμειναν
1755 5387 1859 5452 ἕως
1918 5389 2036 5462 ἄρτι

369 5479 470 5546 τὴν
503 5478 840 5554 ’Λφροδίτην
871 5482 990 5536 θεὸν
1040 5480 1420 5555 ὀνομάζοντες.
1455 5483 1567 5538 Ἳνα
1619 5477 1675 5534 δὲ
1738 5481 1814 5551 μὴ
1872 5477 2039 5550 δόξω·

379 5569 475 5640 μέν
516 5589 624 5622 τισι
659 5568 1045 5648 ψευδολογεῖν,
1108 5571 1492 5649 σαφηνίσωμεν
1550 5569 1613 5624 τὸ
1666 5567 1804 5643 μέγα
1861 5570 2039 5624 αὐτῶν

383 5659 708 5732 μυστήριον.
743 5664 905 5735 Ἔχει
929 5657 988 5715 δὲ
1017 5663 1052 5729 ἡ
1088 5659 1230 5731 λέξις
1282 5666 1380 5729 τῆς
1442 5662 1680 5732 μυσαρᾶς
1717 5657 1893 5713 αὐτῶν
1951 5659 2042 5714 καὶ

382 5742 762 5823 παμὸεϐήλου
802 5757 1118 5827 προσευχῆς
1149 5747 1342 5814 οὕτως.
1405 5748 1606 5817 ’Δλλᾶ,
1659 5746 1860 5822 ’Δλλᾶ,
1928 5751 2044 5810 0ύὰ

2140 4773 2320 4827 ctoris
2350 4771 2550 4826 dolum
2586 4790 2707 4843 pra:
2739 4773 2927 4828 nimia
2955 4773 3258 4831 dementia
3278 4792 3347 4832 ac
3368 4776 3790 4849 stuporenullo

2142 4862 2316 4916 modo
2355 4861 2856 4918 animadvertunt.
2889 4864 3034 4918 Cum
3067 4865 3226 4920 enim
3265 4867 3595 4938 antiquitus
3642 4866 3795 4922 falsa

2143 4950 2550 5022 superstitiose
2583 4951 2810 5005 seducti
2849 4953 3130 5008 Venerem
3181 4956 3536 5020 Graecorum,
3595 4955 3653 5009 id
3704 4959 3796 5010 est

2141 5040 2520 5110 voluptatem,
2543 5039 2760 5094 divinis
2785 5041 3112 5098 honoribus
3127 5043 3795 5115 coluerint,stellamque

2145 5131 2276 5202 ejus
2311 5129 2639 5184 Luciferum
2673 5148 2805 5186 esse
2838 5132 3084 5188 fabulati
3141 5133 3280 5201 sint,
3334 5151 3512 5204 quam
3562 5135 3742 5189 etiam
3765 5152 3801 5191 a

2149 5218 2560 5290 magnitudine
2603 5219 2800 5275 Kubar
2831 5238 2938 5276 sua
2979 5222 3179 5293 inepta
3227 5223 3429 5295 lingua
3473 5223 3804 5295 appellave-

2152 5314 2312 5372 runt,
2347 5309 2406 5362 in
2468 5309 2626 5362 hunc
2683 5326 2872 5380 usque
2933 5309 3089 5365 diem
3149 5313 3360 5368 Veneri
3416 5329 3632 5368 nomen
3704 5314 3809 5370 Dei

2154 5399 2440 5453 tribuunt.
2467 5398 2631 5462 Quod
2661 5415 2734 5453 ne
2754 5400 2847 5454 cui
2879 5399 3185 5454 videamur
3207 5402 3450 5473 ﬁngere,
3485 5403 3808 5475 explicabi-

2153 5505 2285 5542 mus
2319 5503 2597 5559 magnum
2632 5504 2837 5542 eorum
2874 5489 3246 5560 mysterium.
3291 5491 3480 5548 Verba
3537 5492 3812 5550 obscenas

2153 5595 2354 5633 eorum
2383 5583 2442 5632 et
2465 5578 2896 5648 profanissimae
2921 5579 3281 5648 precationis
3311 5582 3438 5638 huic
3469 5589 3607 5638 sunt
3632 5599 3644 5638 :
3680 5584 3815 5640 Alla

2156 5668 2285 5722 Alla
2318 5668 2400 5721 Ua
2432 5666 2628 5721 Kubar
2658 5667 2810 5722 Alla.
2845 5667 2979 5723 Alla
3006 5667 3158 5738 Alla,
3185 5670 3232 5724 si
3265 5671 3699 5744 interpreteris,
3721 5678 3814 5729 est

2155 5758 2293 5813 Deus
2327 5758 2483 5810 Deus.
2521 5755 2603 5810 Ua
2633 5758 2834 5826 major.
2887 5756 3084 5814 Kubar
3133 5775 3359 5831 magna,
3409 5761 3528 5818 sive
3573 5761 3708 5818 luna
3754 5767 3815 5817 et
