  <div class='ocr_page' id='page_1' title='image "/cluster/home/n/w/nwhite01/storage/ocr_20150623/121:no.1/coo.31924054870260/419.png"; bbox 0 0 4120 6430; ppageno 0'>
   <div class='ocr_carea' id='block_1_1' title="bbox 393 421 2032 496">
    <p class='ocr_par' dir='ltr' id='par_1_1' title="bbox 393 422 2032 496">
     <span class='ocr_line' id='line_1_1' title="bbox 393 422 2032 496; baseline -0.008 0"><span class='ocrx_word' id='word_1_1' title='bbox 393 431 513 496; x_wconf 71' lang='grc'><strong>818</strong></span> <span class='ocrx_word' id='word_1_2' title='bbox 1722 422 2032 487; x_wconf 86' lang='lat' dir='ltr'><strong>GEORGII</strong></span> 
     </span>
    </p>
   </div>
   <div class='ocr_carea' id='block_1_2' title="bbox 2144 421 3821 496">
    <p class='ocr_par' dir='ltr' id='par_1_2' title="bbox 2144 422 3821 490">
     <span class='ocr_line' id='line_1_2' title="bbox 2144 422 3821 490; baseline 0.005 -8"><span class='ocrx_word' id='word_1_3' title='bbox 2144 422 2428 485; x_wconf 78' lang='lat' dir='ltr'><strong>EDRENI</strong></span> <span class='ocrx_word' id='word_1_4' title='bbox 3698 431 3821 490; x_wconf 80' lang='lat'><strong>816</strong></span> 
     </span>
    </p>
   </div>
   <div class='ocr_carea' id='block_1_3' title="bbox 404 550 2032 640">
    <p class='ocr_par' dir='ltr' id='par_1_3' title="bbox 404 561 2032 640">
     <span class='ocr_line' id='line_1_3' title="bbox 404 561 2032 640; baseline -0.01 -13"><span class='ocrx_word' id='word_1_5' title='bbox 404 572 606 627; x_wconf 83' lang='lat' dir='ltr'><strong>Venus.</strong></span> <span class='ocrx_word' id='word_1_6' title='bbox 632 571 721 625; x_wconf 88' lang='lat' dir='ltr'><strong>Ita</strong></span> <span class='ocrx_word' id='word_1_7' title='bbox 748 583 887 640; x_wconf 88' lang='lat' dir='ltr'><strong>ergo</strong></span> <span class='ocrx_word' id='word_1_8' title='bbox 916 565 1133 623; x_wconf 81' lang='lat' dir='ltr'><strong>habet:</strong></span> <span class='ocrx_word' id='word_1_9' title='bbox 1165 563 1318 620; x_wconf 89' lang='lat' dir='ltr'>Deus</span> <span class='ocrx_word' id='word_1_10' title='bbox 1334 563 1491 619; x_wconf 91' lang='lat' dir='ltr'><strong>Deus</strong></span> <span class='ocrx_word' id='word_1_11' title='bbox 1512 561 1704 631; x_wconf 84' lang='lat' dir='ltr'><strong>major</strong></span> <span class='ocrx_word' id='word_1_12' title='bbox 1734 564 1792 614; x_wconf 91' lang='lat' dir='ltr'><strong>et</strong></span> <span class='ocrx_word' id='word_1_13' title='bbox 1819 573 2032 628; x_wconf 79' lang='lat' dir='ltr'><strong>magna</strong></span> 
     </span>
    </p>
   </div>
   <div class='ocr_carea' id='block_1_4' title="bbox 2144 550 3827 640">
    <p class='ocr_par' dir='ltr' id='par_1_4' title="bbox 2174 550 3827 636">
     <span class='ocr_line' id='line_1_4' title="bbox 2174 550 3827 636; baseline 0.004 -27"><span class='ocrx_word' id='word_1_14' title='bbox 2174 550 2389 631; x_wconf 82' lang='grc' dir='ltr'>Κουϐὰρ</span> <span class='ocrx_word' id='word_1_15' title='bbox 2439 554 2638 615; x_wconf 87' lang='grc' dir='ltr'>Ἀλλᾶ.</span> <span class='ocrx_word' id='word_1_16' title='bbox 2719 555 2822 614; x_wconf 76' lang='grc' dir='ltr'>Καὶ</span> <span class='ocrx_word' id='word_1_17' title='bbox 2877 558 2942 613; x_wconf 88' lang='grc' dir='ltr'>τὸ</span> <span class='ocrx_word' id='word_1_18' title='bbox 3000 558 3331 632; x_wconf 49' lang='lat' dir='ltr'><strong>aermna</strong></span> <span class='ocrx_word' id='word_1_19' title='bbox 3382 559 3736 636; x_wconf 69' lang='grc' dir='ltr'><strong>ἑρμηνεύεται</strong></span> <span class='ocrx_word' id='word_1_20' title='bbox 3797 561 3827 616; x_wconf 90' lang='lat'><strong>6</strong></span> 
     </span>
    </p>
   </div>
   <div class='ocr_carea' id='block_1_5' title="bbox 397 644 2032 728">
    <p class='ocr_par' dir='ltr' id='par_1_5' title="bbox 397 646 2032 724">
     <span class='ocr_line' id='line_1_5' title="bbox 397 646 2032 724; baseline -0.009 -9"><span class='ocrx_word' id='word_1_21' title='bbox 397 659 687 716; x_wconf 84' lang='lat' dir='ltr'><strong>nimirum</strong></span> <span class='ocrx_word' id='word_1_22' title='bbox 721 659 914 712; x_wconf 91' lang='lat' dir='ltr'><strong>Venus</strong></span> <span class='ocrx_word' id='word_1_23' title='bbox 974 657 1167 711; x_wconf 90' lang='lat' dir='ltr'><strong>Deus:</strong></span> <span class='ocrx_word' id='word_1_24' title='bbox 1228 660 1407 724; x_wconf 90' lang='lat' dir='ltr'><strong>atque</strong></span> <span class='ocrx_word' id='word_1_25' title='bbox 1464 652 1577 705; x_wconf 91' lang='lat' dir='ltr'><strong>hoc</strong></span> <span class='ocrx_word' id='word_1_26' title='bbox 1631 648 1765 704; x_wconf 85' lang='lat' dir='ltr'><strong>Alla</strong></span> <span class='ocrx_word' id='word_1_27' title='bbox 1822 648 1883 702; x_wconf 93' lang='lat' dir='ltr'><strong>in</strong></span> <span class='ocrx_word' id='word_1_28' title='bbox 1944 646 2032 701; x_wconf 24' lang='lat' dir='ltr'><strong>ﬁni</strong></span> 
     </span>
    </p>
   </div>
   <div class='ocr_carea' id='block_1_6' title="bbox 2144 644 3824 728">
    <p class='ocr_par' dir='ltr' id='par_1_6' title="bbox 2173 644 3824 728">
     <span class='ocr_line' id='line_1_6' title="bbox 2173 644 3824 728; baseline 0.004 -29"><span class='ocrx_word' id='word_1_29' title='bbox 2173 645 2304 707; x_wconf 86' lang='grc' dir='ltr'><strong>Θεὸς</strong></span> <span class='ocrx_word' id='word_1_30' title='bbox 2340 646 2367 700; x_wconf 97' lang='lat'><strong>6</strong></span> <span class='ocrx_word' id='word_1_31' title='bbox 2398 647 2554 715; x_wconf 82' lang='grc' dir='ltr'>Θεὸς,</span> <span class='ocrx_word' id='word_1_32' title='bbox 2584 647 2647 701; x_wconf 88' lang='grc' dir='ltr'>τὸ</span> <span class='ocrx_word' id='word_1_33' title='bbox 2688 644 2745 702; x_wconf 75' lang='grc' dir='ltr'>δὲ</span> <span class='ocrx_word' id='word_1_34' title='bbox 2773 647 2888 705; x_wconf 85' lang='grc' dir='ltr'>0ύὰ</span> <span class='ocrx_word' id='word_1_35' title='bbox 2920 654 3125 720; x_wconf 82' lang='grc' dir='ltr'>μεῖζον,</span> <span class='ocrx_word' id='word_1_36' title='bbox 3154 650 3218 705; x_wconf 90' lang='grc' dir='ltr'>τὸ</span> <span class='ocrx_word' id='word_1_37' title='bbox 3267 646 3324 704; x_wconf 73' lang='grc' dir='ltr'>δὲ</span> <span class='ocrx_word' id='word_1_38' title='bbox 3349 645 3571 724; x_wconf 81' lang='grc' dir='ltr'>Κουϐἆρ</span> <span class='ocrx_word' id='word_1_39' title='bbox 3606 649 3824 728; x_wconf 86' lang='grc' dir='ltr'>μεγάλη</span> 
     </span>
    </p>
   </div>
   <div class='ocr_carea' id='block_1_7' title="bbox 398 733 2032 821">
    <p class='ocr_par' dir='ltr' id='par_1_7' title="bbox 398 737 2032 821">
     <span class='ocr_line' id='line_1_7' title="bbox 398 737 2032 821; baseline -0.01 -15"><span class='ocrx_word' id='word_1_40' title='bbox 398 749 701 821; x_wconf 77' lang='lat' dir='ltr'><strong>adjectum</strong></span> <span class='ocrx_word' id='word_1_41' title='bbox 734 746 959 802; x_wconf 87' lang='lat' dir='ltr'><strong>indicat</strong></span> <span class='ocrx_word' id='word_1_42' title='bbox 987 762 1001 812; x_wconf 90' lang='lat'><strong>;</strong></span> <span class='ocrx_word' id='word_1_43' title='bbox 1035 761 1166 816; x_wconf 63' lang='lat' dir='ltr'><strong>qua</strong></span> <span class='ocrx_word' id='word_1_44' title='bbox 1197 742 1402 798; x_wconf 83' lang='lat' dir='ltr'><strong>omnia</strong></span> <span class='ocrx_word' id='word_1_45' title='bbox 1430 741 1793 813; x_wconf 79' lang='lat' dir='ltr'><strong>proprietate</strong></span> <span class='ocrx_word' id='word_1_46' title='bbox 1820 737 1910 792; x_wconf 89' lang='lat' dir='ltr'><strong>sui</strong></span> <span class='ocrx_word' id='word_1_47' title='bbox 1943 753 2032 790; x_wconf 84' lang='lat' dir='ltr'><strong>ser</strong></span> 
     </span>
    </p>
   </div>
   <div class='ocr_carea' id='block_1_8' title="bbox 2144 733 3826 821">
    <p class='ocr_par' dir='ltr' id='par_1_8' title="bbox 2167 733 3826 814">
     <span class='ocr_line' id='line_1_8' title="bbox 2167 733 3826 814; baseline 0.005 -26"><span class='ocrx_word' id='word_1_48' title='bbox 2167 734 2294 803; x_wconf 77' lang='grc' dir='ltr'>ἤτοι</span> <span class='ocrx_word' id='word_1_49' title='bbox 2329 733 2531 805; x_wconf 78' lang='grc' dir='ltr'>σελήνη</span> <span class='ocrx_word' id='word_1_50' title='bbox 2564 735 2656 790; x_wconf 85' lang='grc' dir='ltr'><strong>καὶ</strong></span> <span class='ocrx_word' id='word_1_51' title='bbox 2702 735 3023 814; x_wconf 77' lang='grc' dir='ltr'><strong>Ἀφροδίτη.</strong></span> <span class='ocrx_word' id='word_1_52' title='bbox 3089 741 3264 814; x_wconf 80' lang='grc' dir='ltr'>’Όπερ</span> <span class='ocrx_word' id='word_1_53' title='bbox 3322 736 3464 794; x_wconf 79' lang='grc' dir='ltr'>ἐστὶν</span> <span class='ocrx_word' id='word_1_54' title='bbox 3502 737 3704 801; x_wconf 73' lang='grc' dir='ltr'>οὕτως’</span> <span class='ocrx_word' id='word_1_55' title='bbox 3764 740 3826 797; x_wconf 90' lang='grc' dir='ltr'>Ὀ</span> 
     </span>
    </p>
   </div>
   <div class='ocr_carea' id='block_1_9' title="bbox 402 822 2032 909">
    <p class='ocr_par' dir='ltr' id='par_1_9' title="bbox 402 827 2032 905">
     <span class='ocr_line' id='line_1_9' title="bbox 402 827 2032 905; baseline -0.009 -11"><span class='ocrx_word' id='word_1_56' title='bbox 402 838 597 894; x_wconf 89' lang='lat' dir='ltr'><strong>monis</strong></span> <span class='ocrx_word' id='word_1_57' title='bbox 628 835 920 892; x_wconf 89' lang='lat' dir='ltr'><strong>occultata</strong></span> <span class='ocrx_word' id='word_1_58' title='bbox 965 832 1379 905; x_wconf 89' lang='lat' dir='ltr'><strong>pronuntiant.</strong></span> <span class='ocrx_word' id='word_1_59' title='bbox 1433 829 1546 885; x_wconf 89' lang='lat' dir='ltr'><strong>Sed</strong></span> <span class='ocrx_word' id='word_1_60' title='bbox 1595 827 1782 882; x_wconf 79' lang='lat' dir='ltr'><strong>oratio</strong></span> <span class='ocrx_word' id='word_1_61' title='bbox 1831 830 2032 880; x_wconf 89' lang='lat' dir='ltr'><strong>nostra</strong></span> 
     </span>
    </p>
   </div>
   <div class='ocr_carea' id='block_1_10' title="bbox 2144 822 3824 909">
    <p class='ocr_par' dir='ltr' id='par_1_10' title="bbox 2169 822 3824 909">
     <span class='ocr_line' id='line_1_10' title="bbox 2169 822 3824 909; baseline 0.004 -32"><span class='ocrx_word' id='word_1_62' title='bbox 2169 824 2299 885; x_wconf 88' lang='grc' dir='ltr'><strong>Θεὸς</strong></span> <span class='ocrx_word' id='word_1_63' title='bbox 2332 825 2360 878; x_wconf 89' lang='grc' dir='ltr'>ὁ</span> <span class='ocrx_word' id='word_1_64' title='bbox 2390 822 2523 888; x_wconf 82' lang='grc' dir='ltr'><strong>Θεὸς</strong></span> <span class='ocrx_word' id='word_1_65' title='bbox 2557 826 2760 898; x_wconf 89' lang='grc' dir='ltr'>μείζων</span> <span class='ocrx_word' id='word_1_66' title='bbox 2790 827 2880 881; x_wconf 84' lang='grc' dir='ltr'><strong>καὶ</strong></span> <span class='ocrx_word' id='word_1_67' title='bbox 2906 830 2942 897; x_wconf 79' lang='grc' dir='ltr'>ἡ</span> <span class='ocrx_word' id='word_1_68' title='bbox 2980 829 3216 905; x_wconf 77' lang='grc' dir='ltr'>μεγάλη,</span> <span class='ocrx_word' id='word_1_69' title='bbox 3252 827 3464 884; x_wconf 58' lang='grc' dir='ltr'>εἰτὀὗν</span> <span class='ocrx_word' id='word_1_70' title='bbox 3500 827 3824 909; x_wconf 85' lang='grc' dir='ltr'>’Δφροδίτη,</span> 
     </span>
    </p>
   </div>
   <div class='ocr_carea' id='block_1_11' title="bbox 399 913 2032 995">
    <p class='ocr_par' dir='ltr' id='par_1_11' title="bbox 399 914 2032 995">
     <span class='ocr_line' id='line_1_11' title="bbox 399 914 2032 995; baseline -0.01 -12"><span class='ocrx_word' id='word_1_71' title='bbox 399 929 613 983; x_wconf 85' lang='lat' dir='ltr'><strong>missos</strong></span> <span class='ocrx_word' id='word_1_72' title='bbox 636 925 860 981; x_wconf 85' lang='lat' dir='ltr'><strong>faciens</strong></span> <span class='ocrx_word' id='word_1_73' title='bbox 881 924 1162 995; x_wconf 89' lang='lat' dir='ltr'><strong>porcinos</strong></span> <span class='ocrx_word' id='word_1_74' title='bbox 1182 922 1327 976; x_wconf 90' lang='lat' dir='ltr'><strong>istos</strong></span> <span class='ocrx_word' id='word_1_75' title='bbox 1357 926 1417 975; x_wconf 90' lang='lat' dir='ltr'><strong>et</strong></span> <span class='ocrx_word' id='word_1_76' title='bbox 1438 918 1736 974; x_wconf 90' lang='lat' dir='ltr'><strong>belluinos</strong></span> <span class='ocrx_word' id='word_1_77' title='bbox 1760 914 2032 969; x_wconf 85' lang='lat' dir='ltr'><strong>homines</strong></span> 
     </span>
    </p>
   </div>
   <div class='ocr_carea' id='block_1_12' title="bbox 2144 913 3826 995">
    <p class='ocr_par' dir='ltr' id='par_1_12' title="bbox 2168 913 3826 995">
     <span class='ocr_line' id='line_1_12' title="bbox 2168 913 3826 995; baseline 0.005 -29"><span class='ocrx_word' id='word_1_78' title='bbox 2168 913 2320 973; x_wconf 85' lang='grc' dir='ltr'>Θεός.</span> <span class='ocrx_word' id='word_1_79' title='bbox 2357 915 2455 968; x_wconf 83' lang='grc' dir='ltr'><strong>Καὶ</strong></span> <span class='ocrx_word' id='word_1_80' title='bbox 2488 919 2653 971; x_wconf 91' lang='grc' dir='ltr'>τοῦτο</span> <span class='ocrx_word' id='word_1_81' title='bbox 2684 916 2970 995; x_wconf 76' lang='grc' dir='ltr'><strong>σαφηνίζει</strong></span> <span class='ocrx_word' id='word_1_82' title='bbox 2994 919 3030 987; x_wconf 84' lang='grc' dir='ltr'>ἠ</span> <span class='ocrx_word' id='word_1_83' title='bbox 3091 917 3353 992; x_wconf 78' lang='grc' dir='ltr'>ἐπαγωγὴ</span> <span class='ocrx_word' id='word_1_84' title='bbox 3381 922 3478 973; x_wconf 91' lang='grc' dir='ltr'><strong>τοῦ</strong></span> <span class='ocrx_word' id='word_1_85' title='bbox 3505 916 3826 975; x_wconf 75' lang='grc' dir='ltr'>τελευταίου</span> 
     </span>
    </p>
   </div>
   <div class='ocr_carea' id='block_1_13' title="bbox 401 1000 2032 1089">
    <p class='ocr_par' dir='ltr' id='par_1_13' title="bbox 401 1007 2032 1089">
     <span class='ocr_line' id='line_1_13' title="bbox 401 1007 2032 1089; baseline -0.01 -16"><span class='ocrx_word' id='word_1_86' title='bbox 401 1019 499 1089; x_wconf 88' lang='lat' dir='ltr'><strong>qui</strong></span> <span class='ocrx_word' id='word_1_87' title='bbox 532 1021 748 1089; x_wconf 62' lang='lat' dir='ltr'><strong>praeter</strong></span> <span class='ocrx_word' id='word_1_88' title='bbox 784 1015 1145 1086; x_wconf 87' lang='lat' dir='ltr'><strong>voluptatem</strong></span> <span class='ocrx_word' id='word_1_89' title='bbox 1200 1018 1260 1066; x_wconf 93' lang='lat' dir='ltr'><strong>et</strong></span> <span class='ocrx_word' id='word_1_90' title='bbox 1305 1011 1493 1066; x_wconf 83' lang='lat' dir='ltr'><strong>otium</strong></span> <span class='ocrx_word' id='word_1_91' title='bbox 1538 1007 1693 1063; x_wconf 90' lang='lat' dir='ltr'><strong>nihil</strong></span> <span class='ocrx_word' id='word_1_92' title='bbox 1739 1007 1937 1061; x_wconf 89' lang='lat' dir='ltr'><strong>sciunt</strong></span> <span class='ocrx_word' id='word_1_93' title='bbox 1989 1020 2032 1059; x_wconf 66' lang='grc' dir='ltr'><strong>ω</strong></span> 
     </span>
    </p>
   </div>
   <div class='ocr_carea' id='block_1_14' title="bbox 2144 1000 3825 1089">
    <p class='ocr_par' dir='ltr' id='par_1_14' title="bbox 2169 1000 3825 1081">
     <span class='ocr_line' id='line_1_14' title="bbox 2169 1000 3825 1081; baseline 0.004 -24"><span class='ocrx_word' id='word_1_94' title='bbox 2169 1000 2360 1058; x_wconf 87' lang='grc' dir='ltr'>Ἀλλᾶ.</span> <span class='ocrx_word' id='word_1_95' title='bbox 2395 1004 2572 1079; x_wconf 82' lang='grc' dir='ltr'>Ἀπερ</span> <span class='ocrx_word' id='word_1_96' title='bbox 2600 1005 2811 1074; x_wconf 72' lang='grc' dir='ltr'>’ἅπαντα</span> <span class='ocrx_word' id='word_1_97' title='bbox 2841 1005 3324 1081; x_wconf 79' lang='grc' dir='ltr'>ἑπικεκρυμμένως</span> <span class='ocrx_word' id='word_1_98' title='bbox 3354 1011 3422 1081; x_wconf 81' lang='grc' dir='ltr'><strong>τῇ</strong></span> <span class='ocrx_word' id='word_1_99' title='bbox 3457 1006 3693 1077; x_wconf 73' lang='grc' dir='ltr'><strong>ἰδιότητι</strong></span> <span class='ocrx_word' id='word_1_100' title='bbox 3722 1015 3825 1078; x_wconf 82' lang='grc' dir='ltr'><strong>τῆς</strong></span> 
     </span>
    </p>
   </div>
   <div class='ocr_carea' id='block_1_15' title="bbox 399 1091 2032 1173">
    <p class='ocr_par' dir='ltr' id='par_1_15' title="bbox 399 1097 2017 1166">
     <span class='ocr_line' id='line_1_15' title="bbox 399 1097 2017 1166; baseline -0.009 -6"><span class='ocrx_word' id='word_1_101' title='bbox 399 1106 527 1160; x_wconf 90' lang='lat' dir='ltr'><strong>sine</strong></span> <span class='ocrx_word' id='word_1_102' title='bbox 560 1120 740 1160; x_wconf 89' lang='lat' dir='ltr'><strong>sensu</strong></span> <span class='ocrx_word' id='word_1_103' title='bbox 773 1102 1063 1166; x_wconf 84' lang='lat' dir='ltr'><strong>laborant,</strong></span> <span class='ocrx_word' id='word_1_104' title='bbox 1096 1099 1361 1155; x_wconf 74' lang='lat' dir='ltr'><strong>historiae</strong></span> <span class='ocrx_word' id='word_1_105' title='bbox 1394 1097 1696 1166; x_wconf 89' lang='lat' dir='ltr'><strong>reliquum</strong></span> <span class='ocrx_word' id='word_1_106' title='bbox 1729 1097 2017 1166; x_wconf 84' lang='lat' dir='ltr'><strong>pertexat.</strong></span> 
     </span>
    </p>
   </div>
   <div class='ocr_carea' id='block_1_16' title="bbox 2144 1091 3824 1173">
    <p class='ocr_par' dir='ltr' id='par_1_16' title="bbox 2167 1091 3824 1173">
     <span class='ocr_line' id='line_1_16' title="bbox 2167 1091 3824 1173; baseline 0.005 -29"><span class='ocrx_word' id='word_1_107' title='bbox 2167 1091 2368 1147; x_wconf 74' lang='grc' dir='ltr'>ἑαυτῶν</span> <span class='ocrx_word' id='word_1_108' title='bbox 2398 1092 2655 1168; x_wconf 83' lang='grc' dir='ltr'><strong>γλώττης</strong></span> <span class='ocrx_word' id='word_1_109' title='bbox 2689 1093 2974 1152; x_wconf 81' lang='grc' dir='ltr'><strong>λαλοῦσιν.</strong></span> <span class='ocrx_word' id='word_1_110' title='bbox 3015 1095 3195 1153; x_wconf 81' lang='grc' dir='ltr'><strong>Ἀλλᾶ</strong></span> <span class='ocrx_word' id='word_1_111' title='bbox 3222 1097 3352 1158; x_wconf 79' lang='grc' dir='ltr'>τοὺς</span> <span class='ocrx_word' id='word_1_112' title='bbox 3387 1098 3483 1169; x_wconf 75' lang='grc' dir='ltr'>μὲν</span> <span class='ocrx_word' id='word_1_113' title='bbox 3523 1095 3824 1173; x_wconf 87' lang='grc' dir='ltr'>χοιρώδεις</span> 
     </span>
    </p>
   </div>
   <div class='ocr_carea' id='block_1_17' title="bbox 395 1176 3829 1265">
    <p class='ocr_par' dir='ltr' id='par_1_17' title="bbox 395 1176 3829 1265">
     <span class='ocr_line' id='line_1_17' title="bbox 395 1176 3829 1265; baseline -0.002 -18"><span class='ocrx_word' id='word_1_114' title='bbox 395 1192 486 1248; x_wconf 83' lang='grc' dir='ltr'><strong>καὶ</strong></span> <span class='ocrx_word' id='word_1_115' title='bbox 513 1187 888 1265; x_wconf 79' lang='grc' dir='ltr'><strong>τελματώδεις</strong></span> <span class='ocrx_word' id='word_1_116' title='bbox 917 1188 1009 1245; x_wconf 84' lang='grc' dir='ltr'><strong>καὶ</strong></span> <span class='ocrx_word' id='word_1_117' title='bbox 1043 1185 1213 1260; x_wconf 76' lang='grc' dir='ltr'>μηδὲν</span> <span class='ocrx_word' id='word_1_118' title='bbox 1244 1184 1414 1241; x_wconf 84' lang='grc' dir='ltr'>πλέον</span> <span class='ocrx_word' id='word_1_119' title='bbox 1442 1190 1541 1253; x_wconf 83' lang='grc' dir='ltr'><strong>τῆς</strong></span> <span class='ocrx_word' id='word_1_120' title='bbox 1570 1180 1777 1252; x_wconf 75' lang='grc' dir='ltr'>ἡδονῆς</span> <span class='ocrx_word' id='word_1_121' title='bbox 1806 1181 1897 1235; x_wconf 87' lang='grc' dir='ltr'><strong>καὶ</strong></span> <span class='ocrx_word' id='word_1_122' title='bbox 1930 1178 2210 1256; x_wconf 79' lang='grc' dir='ltr'>ῥᾳστώνης</span> <span class='ocrx_word' id='word_1_123' title='bbox 2244 1176 2452 1244; x_wconf 78' lang='grc' dir='ltr'>εἰδότας</span> <span class='ocrx_word' id='word_1_124' title='bbox 2482 1181 2750 1260; x_wconf 72' lang='grc' dir='ltr'>ἀφέμενος</span> <span class='ocrx_word' id='word_1_125' title='bbox 2789 1185 2818 1238; x_wconf 87' lang='grc' dir='ltr'><strong>ὁ</strong></span> <span class='ocrx_word' id='word_1_126' title='bbox 2850 1182 3036 1261; x_wconf 89' lang='grc' dir='ltr'>λόγος,</span> <span class='ocrx_word' id='word_1_127' title='bbox 3067 1186 3142 1248; x_wconf 84' lang='grc' dir='ltr'>ὡς</span> <span class='ocrx_word' id='word_1_128' title='bbox 3174 1185 3581 1257; x_wconf 75' lang='grc' dir='ltr'>ἀνεπαισθήτως</span> <span class='ocrx_word' id='word_1_129' title='bbox 3606 1191 3829 1242; x_wconf 88' lang='grc' dir='ltr'>νοσοῦν-</span> 
     </span>
    </p>
   </div>
   <div class='ocr_carea' id='block_1_18' title="bbox 394 1270 1638 1351">
    <p class='ocr_par' dir='ltr' id='par_1_18' title="bbox 394 1270 1638 1351">
     <span class='ocr_line' id='line_1_18' title="bbox 394 1270 1638 1351; baseline -0.008 -16"><span class='ocrx_word' id='word_1_130' title='bbox 394 1300 511 1351; x_wconf 88' lang='grc' dir='ltr'>τας,</span> <span class='ocrx_word' id='word_1_131' title='bbox 538 1279 676 1349; x_wconf 86' lang='grc' dir='ltr'>πρὸς</span> <span class='ocrx_word' id='word_1_132' title='bbox 706 1279 775 1333; x_wconf 82' lang='grc' dir='ltr'><strong>τὰ</strong></span> <span class='ocrx_word' id='word_1_133' title='bbox 807 1277 929 1349; x_wconf 70' lang='grc' dir='ltr'>έεῆς</span> <span class='ocrx_word' id='word_1_134' title='bbox 956 1282 1059 1346; x_wconf 81' lang='grc' dir='ltr'><strong>τῆς</strong></span> <span class='ocrx_word' id='word_1_135' title='bbox 1087 1272 1328 1350; x_wconf 73' lang='grc' dir='ltr'>ἱστορίας</span> <span class='ocrx_word' id='word_1_136' title='bbox 1360 1270 1638 1351; x_wconf 86' lang='grc' dir='ltr'>χωρείτω.</span> 
     </span>
    </p>
   </div>
   <div class='ocr_carea' id='block_1_19' title="bbox 472 1355 2032 1440">
    <p class='ocr_par' dir='ltr' id='par_1_19' title="bbox 472 1360 2032 1438">
     <span class='ocr_line' id='line_1_19' title="bbox 472 1360 2032 1438; baseline -0.009 -12"><span class='ocrx_word' id='word_1_137' title='bbox 472 1370 622 1426; x_wconf 72' lang='grc'><strong>745</strong></span> <span class='ocrx_word' id='word_1_138' title='bbox 652 1371 976 1438; x_wconf 86' lang='lat' dir='ltr'><strong>Postquam</strong></span> <span class='ocrx_word' id='word_1_139' title='bbox 1006 1366 1419 1421; x_wconf 81' lang='lat' dir='ltr'><strong>Muchumetus</strong></span> <span class='ocrx_word' id='word_1_140' title='bbox 1451 1362 1553 1417; x_wconf 93' lang='lat' dir='ltr'><strong>ille</strong></span> <span class='ocrx_word' id='word_1_141' title='bbox 1584 1360 1750 1416; x_wconf 89' lang='lat' dir='ltr'><strong>dirus</strong></span> <span class='ocrx_word' id='word_1_142' title='bbox 1802 1364 2032 1415; x_wconf 89' lang='lat' dir='ltr'><strong>morten</strong></span> 
     </span>
    </p>
   </div>
   <div class='ocr_carea' id='block_1_20' title="bbox 2144 1355 3826 1440">
    <p class='ocr_par' dir='ltr' id='par_1_20' title="bbox 2241 1355 3826 1440">
     <span class='ocr_line' id='line_1_20' title="bbox 2241 1355 3826 1440; baseline 0.004 -26"><span class='ocrx_word' id='word_1_143' title='bbox 2241 1359 2392 1415; x_wconf 87' lang='grc' dir='ltr'>Μετά</span> <span class='ocrx_word' id='word_1_144' title='bbox 2421 1355 2481 1415; x_wconf 80' lang='grc' dir='ltr'><strong>δέ</strong></span> <span class='ocrx_word' id='word_1_145' title='bbox 2508 1382 2570 1438; x_wconf 91' lang='grc' dir='ltr'><strong>γε</strong></span> <span class='ocrx_word' id='word_1_146' title='bbox 2598 1362 2691 1417; x_wconf 92' lang='grc' dir='ltr'>τὸν</span> <span class='ocrx_word' id='word_1_147' title='bbox 2714 1362 2941 1418; x_wconf 83' lang='grc' dir='ltr'>θάνατον</span> <span class='ocrx_word' id='word_1_148' title='bbox 2985 1367 3085 1418; x_wconf 88' lang='grc' dir='ltr'><strong>τοῦ</strong></span> <span class='ocrx_word' id='word_1_149' title='bbox 3143 1362 3414 1434; x_wconf 75' lang='grc' dir='ltr'>θεηλάτου</span> <span class='ocrx_word' id='word_1_150' title='bbox 3481 1364 3826 1440; x_wconf 82' lang='grc' dir='ltr'>Μουχούμετ</span> 
     </span>
    </p>
   </div>
   <div class='ocr_carea' id='block_1_21' title="bbox 398 1445 2032 1530">
    <p class='ocr_par' dir='ltr' id='par_1_21' title="bbox 398 1447 2032 1525">
     <span class='ocr_line' id='line_1_21' title="bbox 398 1447 2032 1525; baseline -0.009 -10"><span class='ocrx_word' id='word_1_151' title='bbox 398 1458 565 1525; x_wconf 91' lang='lat' dir='ltr'><strong>obiit,</strong></span> <span class='ocrx_word' id='word_1_152' title='bbox 595 1457 797 1514; x_wconf 90' lang='lat' dir='ltr'><strong>media</strong></span> <span class='ocrx_word' id='word_1_153' title='bbox 819 1456 914 1511; x_wconf 90' lang='lat' dir='ltr'><strong>die</strong></span> <span class='ocrx_word' id='word_1_154' title='bbox 960 1455 1118 1509; x_wconf 89' lang='lat' dir='ltr'><strong>visus</strong></span> <span class='ocrx_word' id='word_1_155' title='bbox 1171 1459 1262 1508; x_wconf 86' lang='lat' dir='ltr'><strong>est</strong></span> <span class='ocrx_word' id='word_1_156' title='bbox 1311 1457 1560 1518; x_wconf 82' lang='lat' dir='ltr'><strong>cometa,</strong></span> <span class='ocrx_word' id='word_1_157' title='bbox 1601 1465 1780 1521; x_wconf 88' lang='lat' dir='ltr'><strong>quem</strong></span> <span class='ocrx_word' id='word_1_158' title='bbox 1809 1464 1843 1503; x_wconf 93' lang='lat' dir='ltr'><strong>a</strong></span> <span class='ocrx_word' id='word_1_159' title='bbox 1874 1447 2032 1502; x_wconf 82' lang='lat' dir='ltr'><strong>trahi:</strong></span> 
     </span>
    </p>
   </div>
   <div class='ocr_carea' id='block_1_22' title="bbox 2144 1445 3825 1530">
    <p class='ocr_par' dir='ltr' id='par_1_22' title="bbox 2166 1445 3825 1530">
     <span class='ocr_line' id='line_1_22' title="bbox 2166 1445 3825 1530; baseline 0.005 -27"><span class='ocrx_word' id='word_1_160' title='bbox 2166 1445 2334 1526; x_wconf 81' lang='grc' dir='ltr'>ἐφάνη</span> <span class='ocrx_word' id='word_1_161' title='bbox 2367 1451 2502 1505; x_wconf 80' lang='grc' dir='ltr'>κατὰ</span> <span class='ocrx_word' id='word_1_162' title='bbox 2534 1448 2880 1529; x_wconf 89' lang='grc' dir='ltr'>μεσημϐρίαν</span> <span class='ocrx_word' id='word_1_163' title='bbox 2912 1452 3087 1530; x_wconf 77' lang='grc' dir='ltr'>ἀστὴρ</span> <span class='ocrx_word' id='word_1_164' title='bbox 3125 1456 3154 1509; x_wconf 92' lang='lat'><strong>6</strong></span> <span class='ocrx_word' id='word_1_165' title='bbox 3215 1454 3511 1529; x_wconf 84' lang='grc' dir='ltr'>λεγόμενος</span> <span class='ocrx_word' id='word_1_166' title='bbox 3569 1455 3825 1527; x_wconf 80' lang='grc' dir='ltr'>Δοκίτης,</span> 
     </span>
    </p>
   </div>
   <div class='ocr_carea' id='block_1_23' title="bbox 397 1537 2032 1619">
    <p class='ocr_par' dir='ltr' id='par_1_23' title="bbox 397 1540 2032 1610">
     <span class='ocr_line' id='line_1_23' title="bbox 397 1540 2032 1610; baseline -0.007 -7"><span class='ocrx_word' id='word_1_167' title='bbox 397 1550 593 1603; x_wconf 85' lang='lat' dir='ltr'><strong>forma</strong></span> <span class='ocrx_word' id='word_1_168' title='bbox 623 1547 807 1603; x_wconf 69' lang='grc' dir='ltr'><strong>ρι’ωοί</strong></span> <span class='ocrx_word' id='word_1_169' title='bbox 844 1546 1088 1601; x_wconf 90' lang='lat' dir='ltr'><strong>Dociten</strong></span> <span class='ocrx_word' id='word_1_170' title='bbox 1119 1543 1457 1609; x_wconf 90' lang='lat' dir='ltr'><strong>nominant,</strong></span> <span class='ocrx_word' id='word_1_171' title='bbox 1491 1540 1744 1596; x_wconf 81' lang='lat' dir='ltr'><strong>Arabum</strong></span> <span class='ocrx_word' id='word_1_172' title='bbox 1777 1553 2032 1610; x_wconf 62' lang='lat' dir='ltr'><strong>praanun</strong></span> 
     </span>
    </p>
   </div>
   <div class='ocr_carea' id='block_1_24' title="bbox 2144 1537 3828 1619">
    <p class='ocr_par' dir='ltr' id='par_1_24' title="bbox 2162 1537 3828 1619">
     <span class='ocr_line' id='line_1_24' title="bbox 2162 1537 3828 1619; baseline 0.006 -28"><span class='ocrx_word' id='word_1_173' title='bbox 2162 1538 2500 1612; x_wconf 86' lang='grc' dir='ltr'>προμηνύων</span> <span class='ocrx_word' id='word_1_174' title='bbox 2531 1542 2629 1609; x_wconf 82' lang='grc' dir='ltr'>τὴν</span> <span class='ocrx_word' id='word_1_175' title='bbox 2657 1546 2767 1597; x_wconf 82' lang='grc' dir='ltr'>τῶν</span> <span class='ocrx_word' id='word_1_176' title='bbox 2801 1537 3048 1617; x_wconf 83' lang='grc' dir='ltr'>’Δράϐων</span> <span class='ocrx_word' id='word_1_177' title='bbox 3080 1542 3449 1617; x_wconf 75' lang='grc' dir='ltr'>ἐπικράτειαν.</span> <span class='ocrx_word' id='word_1_178' title='bbox 3505 1545 3729 1619; x_wconf 83' lang='grc' dir='ltr'>Ἔμεινε</span> <span class='ocrx_word' id='word_1_179' title='bbox 3766 1541 3828 1601; x_wconf 71' lang='grc' dir='ltr'>δὲ</span> 
     </span>
    </p>
   </div>
   <div class='ocr_carea' id='block_1_25' title="bbox 401 1625 2032 1708">
    <p class='ocr_par' dir='ltr' id='par_1_25' title="bbox 401 1628 2032 1708">
     <span class='ocr_line' id='line_1_25' title="bbox 401 1628 2032 1708; baseline -0.007 -16"><span class='ocrx_word' id='word_1_180' title='bbox 401 1639 557 1693; x_wconf 89' lang='lat' dir='ltr'><strong>tians</strong></span> <span class='ocrx_word' id='word_1_181' title='bbox 579 1637 921 1708; x_wconf 88' lang='lat' dir='ltr'><strong>imperium.</strong></span> <span class='ocrx_word' id='word_1_182' title='bbox 952 1634 1192 1690; x_wconf 82' lang='lat' dir='ltr'><strong>Duravit</strong></span> <span class='ocrx_word' id='word_1_183' title='bbox 1213 1634 1339 1688; x_wconf 92' lang='lat' dir='ltr'><strong>dies</strong></span> <span class='ocrx_word' id='word_1_184' title='bbox 1364 1631 1623 1703; x_wconf 81' lang='lat' dir='ltr'><strong>triginta,</strong></span> <span class='ocrx_word' id='word_1_185' title='bbox 1647 1645 1682 1684; x_wconf 91' lang='lat' dir='ltr'><strong>a</strong></span> <span class='ocrx_word' id='word_1_186' title='bbox 1704 1628 1952 1683; x_wconf 88' lang='lat' dir='ltr'><strong>meridie</strong></span> <span class='ocrx_word' id='word_1_187' title='bbox 1979 1643 2032 1681; x_wconf 69' lang='lat' dir='ltr'><strong>at</strong></span> 
     </span>
    </p>
   </div>
   <div class='ocr_carea' id='block_1_26' title="bbox 2144 1625 3824 1708">
    <p class='ocr_par' dir='ltr' id='par_1_26' title="bbox 2162 1626 3824 1708">
     <span class='ocr_line' id='line_1_26' title="bbox 2162 1626 3824 1708; baseline 0.005 -28"><span class='ocrx_word' id='word_1_188' title='bbox 2162 1626 2251 1680; x_wconf 80' lang='grc' dir='ltr'><strong>ἐπὶ</strong></span> <span class='ocrx_word' id='word_1_189' title='bbox 2280 1628 2492 1700; x_wconf 73' lang='grc' dir='ltr'>ἡμέρας</span> <span class='ocrx_word' id='word_1_190' title='bbox 2520 1629 2828 1704; x_wconf 88' lang='grc' dir='ltr'>τριάκοντα,</span> <span class='ocrx_word' id='word_1_191' title='bbox 2861 1628 3142 1686; x_wconf 85' lang='grc' dir='ltr'>διατείνων</span> <span class='ocrx_word' id='word_1_192' title='bbox 3196 1633 3301 1687; x_wconf 84' lang='grc' dir='ltr'>ἀπὸ</span> <span class='ocrx_word' id='word_1_193' title='bbox 3337 1628 3685 1708; x_wconf 88' lang='grc' dir='ltr'>μεσημϐρίας</span> <span class='ocrx_word' id='word_1_194' title='bbox 3716 1632 3824 1697; x_wconf 76' lang='grc' dir='ltr'>ἕως</span> 
     </span>
    </p>
   </div>
   <div class='ocr_carea' id='block_1_27' title="bbox 399 1713 2032 1799">
    <p class='ocr_par' dir='ltr' id='par_1_27' title="bbox 399 1718 2027 1798">
     <span class='ocr_line' id='line_1_27' title="bbox 399 1718 2027 1798; baseline -0.007 -16"><span class='ocrx_word' id='word_1_195' title='bbox 399 1722 870 1798; x_wconf 89' lang='lat' dir='ltr'><strong>septentrionem</strong></span> <span class='ocrx_word' id='word_1_196' title='bbox 905 1724 1269 1797; x_wconf 82' lang='lat' dir='ltr'><strong>pertingens.</strong></span> <span class='ocrx_word' id='word_1_197' title='bbox 1301 1721 1515 1777; x_wconf 85' lang='lat' dir='ltr'><strong>Habuit</strong></span> <span class='ocrx_word' id='word_1_198' title='bbox 1542 1718 1719 1791; x_wconf 83' lang='lat' dir='ltr'><strong>gladii</strong></span> <span class='ocrx_word' id='word_1_199' title='bbox 1776 1718 2027 1773; x_wconf 86' lang='lat' dir='ltr'><strong>formam</strong></span> 
     </span>
    </p>
   </div>
   <div class='ocr_carea' id='block_1_28' title="bbox 2144 1713 2920 1799">
    <p class='ocr_par' dir='ltr' id='par_1_28' title="bbox 2162 1713 2920 1799">
     <span class='ocr_line' id='line_1_28' title="bbox 2162 1713 2920 1799; baseline 0.009 -29"><span class='ocrx_word' id='word_1_200' title='bbox 2162 1713 2385 1791; x_wconf 78' lang='grc' dir='ltr'>ἄρκτου.</span> <span class='ocrx_word' id='word_1_201' title='bbox 2418 1719 2520 1775; x_wconf 72' lang='grc' dir='ltr'><strong>ἸΙν</strong></span> <span class='ocrx_word' id='word_1_202' title='bbox 2552 1716 2920 1799; x_wconf 75' lang='grc' dir='ltr'>δὶξιφοειδής.</span> 
     </span>
    </p>
   </div>
   <div class='ocr_carea' id='block_1_29' title="bbox 448 1803 2032 1887">
    <p class='ocr_par' dir='ltr' id='par_1_29' title="bbox 448 1808 2032 1887">
     <span class='ocr_line' id='line_1_29' title="bbox 448 1808 2032 1887; baseline -0.008 -16"><span class='ocrx_word' id='word_1_203' title='bbox 448 1819 635 1871; x_wconf 46' lang='grc' dir='ltr'>νΑιιηο</span> <span class='ocrx_word' id='word_1_204' title='bbox 674 1814 954 1887; x_wconf 82' lang='lat' dir='ltr'><strong>vigesimo</strong></span> <span class='ocrx_word' id='word_1_205' title='bbox 989 1818 1200 1883; x_wconf 87' lang='lat' dir='ltr'><strong>quarto</strong></span> <span class='ocrx_word' id='word_1_206' title='bbox 1232 1811 1486 1866; x_wconf 89' lang='lat' dir='ltr'><strong>moritur</strong></span> <span class='ocrx_word' id='word_1_207' title='bbox 1508 1808 1886 1875; x_wconf 82' lang='lat' dir='ltr'><strong>Abubachar,</strong></span> <span class='ocrx_word' id='word_1_208' title='bbox 1917 1822 2032 1860; x_wconf 89' lang='lat' dir='ltr'><strong>cun</strong></span> 
     </span>
    </p>
   </div>
   <div class='ocr_carea' id='block_1_30' title="bbox 2144 1803 3821 1887">
    <p class='ocr_par' dir='ltr' id='par_1_30' title="bbox 2231 1803 3821 1887">
     <span class='ocr_line' id='line_1_30' title="bbox 2231 1803 3821 1887; baseline 0.006 -27"><span class='ocrx_word' id='word_1_209' title='bbox 2231 1809 2324 1878; x_wconf 81' lang='grc' dir='ltr'><strong>Τῷ</strong></span> <span class='ocrx_word' id='word_1_210' title='bbox 2365 1803 2450 1861; x_wconf 90' lang='grc' dir='ltr'>κδ’</span> <span class='ocrx_word' id='word_1_211' title='bbox 2479 1805 2584 1862; x_wconf 81' lang='grc' dir='ltr'>ἔτει</span> <span class='ocrx_word' id='word_1_212' title='bbox 2643 1803 2998 1885; x_wconf 86' lang='grc' dir='ltr'>Ἀϐουϐάχαρ</span> <span class='ocrx_word' id='word_1_213' title='bbox 3040 1809 3288 1881; x_wconf 83' lang='grc' dir='ltr'>τελευτᾷ,</span> <span class='ocrx_word' id='word_1_214' title='bbox 3345 1811 3660 1887; x_wconf 86' lang='grc' dir='ltr'>ἀμηρεύσας</span> <span class='ocrx_word' id='word_1_215' title='bbox 3720 1809 3821 1886; x_wconf 66' lang='grc' dir='ltr'><strong>ἔτη</strong></span> 
     </span>
    </p>
   </div>
   <div class='ocr_carea' id='block_1_31' title="bbox 398 1891 2032 1980">
    <p class='ocr_par' dir='ltr' id='par_1_31' title="bbox 398 1895 2032 1977">
     <span class='ocr_line' id='line_1_31' title="bbox 398 1895 2032 1977; baseline -0.007 -16"><span class='ocrx_word' id='word_1_216' title='bbox 398 1921 633 1961; x_wconf 86' lang='lat' dir='ltr'><strong>ameras</strong></span> <span class='ocrx_word' id='word_1_217' title='bbox 662 1904 746 1977; x_wconf 88' lang='lat' dir='ltr'><strong>(id</strong></span> <span class='ocrx_word' id='word_1_218' title='bbox 772 1903 1009 1975; x_wconf 90' lang='lat' dir='ltr'><strong>imperii</strong></span> <span class='ocrx_word' id='word_1_219' title='bbox 1040 1918 1261 1957; x_wconf 89' lang='lat' dir='ltr'><strong>nomen</strong></span> <span class='ocrx_word' id='word_1_220' title='bbox 1293 1900 1402 1973; x_wconf 88' lang='lat' dir='ltr'><strong>est)</strong></span> <span class='ocrx_word' id='word_1_221' title='bbox 1445 1899 1658 1955; x_wconf 78' lang='lat' dir='ltr'><strong>fuisset</strong></span> <span class='ocrx_word' id='word_1_222' title='bbox 1688 1913 1879 1953; x_wconf 89' lang='lat' dir='ltr'><strong>annos</strong></span> <span class='ocrx_word' id='word_1_223' title='bbox 1909 1895 2032 1950; x_wconf 61' lang='lat' dir='ltr'><strong>duo;</strong></span> 
     </span>
    </p>
   </div>
   <div class='ocr_carea' id='block_1_32' title="bbox 2144 1891 3821 1980">
    <p class='ocr_par' dir='ltr' id='par_1_32' title="bbox 2165 1891 3821 1980">
     <span class='ocr_line' id='line_1_32' title="bbox 2165 1891 3821 1980; baseline 0.001 -32"><span class='ocrx_word' id='word_1_224' title='bbox 2165 1891 2261 1949; x_wconf 87' lang='grc' dir='ltr'><strong>δύο</strong></span> <span class='ocrx_word' id='word_1_225' title='bbox 2291 1897 2488 1980; x_wconf 71' lang='grc' dir='ltr'>ἣμισυ,</span> <span class='ocrx_word' id='word_1_226' title='bbox 2523 1897 2614 1952; x_wconf 87' lang='grc' dir='ltr'><strong>καὶ</strong></span> <span class='ocrx_word' id='word_1_227' title='bbox 2646 1897 2753 1953; x_wconf 85' lang='grc' dir='ltr'>ἀντ’</span> <span class='ocrx_word' id='word_1_228' title='bbox 2814 1898 2979 1954; x_wconf 86' lang='grc' dir='ltr'>αὐτοῦ</span> <span class='ocrx_word' id='word_1_229' title='bbox 3034 1906 3223 1976; x_wconf 86' lang='grc' dir='ltr'>κρατεῖ</span> <span class='ocrx_word' id='word_1_230' title='bbox 3251 1897 3525 1977; x_wconf 77' lang='grc' dir='ltr'>Ούμαρος,</span> <span class='ocrx_word' id='word_1_231' title='bbox 3585 1904 3647 1964; x_wconf 79' lang='grc' dir='ltr'><strong>’ὸς</strong></span> <span class='ocrx_word' id='word_1_232' title='bbox 3677 1923 3821 1980; x_wconf 83' lang='grc' dir='ltr'>παρ.</span> 
     </span>
    </p>
   </div>
   <div class='ocr_carea' id='block_1_33' title="bbox 396 1979 2032 2061">
    <p class='ocr_par' dir='ltr' id='par_1_33' title="bbox 396 1984 2028 2056">
     <span class='ocr_line' id='line_1_33' title="bbox 396 1984 2028 2056; baseline -0.007 -7"><span class='ocrx_word' id='word_1_233' title='bbox 396 2012 442 2049; x_wconf 91' lang='lat' dir='ltr'><strong>s.</strong></span> <span class='ocrx_word' id='word_1_234' title='bbox 477 1992 752 2049; x_wconf 90' lang='lat' dir='ltr'><strong>Succedit</strong></span> <span class='ocrx_word' id='word_1_235' title='bbox 781 1994 832 2047; x_wconf 90' lang='lat' dir='ltr'><strong>ei</strong></span> <span class='ocrx_word' id='word_1_236' title='bbox 866 1992 1138 2047; x_wconf 88' lang='lat' dir='ltr'><strong>Umarus.</strong></span> <span class='ocrx_word' id='word_1_237' title='bbox 1169 1990 1272 2045; x_wconf 87' lang='lat' dir='ltr'><strong>Hic</strong></span> <span class='ocrx_word' id='word_1_238' title='bbox 1295 1991 1562 2044; x_wconf 89' lang='lat' dir='ltr'><strong>Bostram</strong></span> <span class='ocrx_word' id='word_1_239' title='bbox 1586 1986 1850 2056; x_wconf 89' lang='lat' dir='ltr'><strong>aliasque</strong></span> <span class='ocrx_word' id='word_1_240' title='bbox 1881 1984 2028 2038; x_wconf 84' lang='lat' dir='ltr'><strong>urbe</strong></span> 
     </span>
    </p>
   </div>
   <div class='ocr_carea' id='block_1_34' title="bbox 2144 1979 3817 2061">
    <p class='ocr_par' dir='ltr' id='par_1_34' title="bbox 2168 1979 3817 2061">
     <span class='ocr_line' id='line_1_34' title="bbox 2168 1979 3817 2061; baseline 0.005 -21"><span class='ocrx_word' id='word_1_241' title='bbox 2168 1979 2333 2040; x_wconf 79' lang='grc' dir='ltr'>έλαϐε</span> <span class='ocrx_word' id='word_1_242' title='bbox 2373 1985 2613 2061; x_wconf 81' lang='grc' dir='ltr'>Βόστραν</span> <span class='ocrx_word' id='word_1_243' title='bbox 2667 1989 2768 2055; x_wconf 72' lang='grc' dir='ltr'><strong>τήν</strong></span> <span class='ocrx_word' id='word_1_244' title='bbox 2825 1985 2990 2044; x_wconf 87' lang='grc' dir='ltr'>πόλιν</span> <span class='ocrx_word' id='word_1_245' title='bbox 3051 1990 3140 2044; x_wconf 89' lang='grc' dir='ltr'>καὶ</span> <span class='ocrx_word' id='word_1_246' title='bbox 3197 1987 3374 2053; x_wconf 81' lang='grc' dir='ltr'>ἄλλας</span> <span class='ocrx_word' id='word_1_247' title='bbox 3440 1990 3681 2060; x_wconf 76' lang='grc' dir='ltr'>πολλὰς,</span> <span class='ocrx_word' id='word_1_248' title='bbox 3725 1994 3817 2049; x_wconf 80' lang='grc' dir='ltr'><strong>καὶ</strong></span> 
     </span>
    </p>
   </div>
   <div class='ocr_carea' id='block_1_35' title="bbox 392 2074 2032 2159">
    <p class='ocr_par' dir='ltr' id='par_1_35' title="bbox 392 2074 2032 2156">
     <span class='ocr_line' id='line_1_35' title="bbox 392 2074 2032 2156; baseline -0.007 -17"><span class='ocrx_word' id='word_1_249' title='bbox 392 2083 551 2156; x_wconf 85' lang='lat' dir='ltr'><strong>cepit</strong></span> <span class='ocrx_word' id='word_1_250' title='bbox 580 2088 640 2138; x_wconf 90' lang='lat' dir='ltr'><strong>et</strong></span> <span class='ocrx_word' id='word_1_251' title='bbox 667 2098 857 2154; x_wconf 89' lang='lat' dir='ltr'><strong>usque</strong></span> <span class='ocrx_word' id='word_1_252' title='bbox 888 2081 964 2136; x_wconf 89' lang='lat' dir='ltr'><strong>ad</strong></span> <span class='ocrx_word' id='word_1_253' title='bbox 998 2080 1310 2136; x_wconf 90' lang='lat' dir='ltr'><strong>Gabitham</strong></span> <span class='ocrx_word' id='word_1_254' title='bbox 1352 2092 1700 2150; x_wconf 89' lang='lat' dir='ltr'><strong>progressus</strong></span> <span class='ocrx_word' id='word_1_255' title='bbox 1752 2080 1844 2129; x_wconf 92' lang='lat' dir='ltr'><strong>est</strong></span> <span class='ocrx_word' id='word_1_256' title='bbox 1913 2074 2032 2128; x_wconf 87' lang='lat' dir='ltr'><strong>Cun</strong></span> 
     </span>
    </p>
   </div>
   <div class='ocr_carea' id='block_1_36' title="bbox 2144 2074 3817 2159">
    <p class='ocr_par' dir='ltr' id='par_1_36' title="bbox 2162 2075 3817 2159">
     <span class='ocr_line' id='line_1_36' title="bbox 2162 2075 3817 2159; baseline 0.005 -27"><span class='ocrx_word' id='word_1_257' title='bbox 2162 2076 2301 2146; x_wconf 70' lang='grc' dir='ltr'><strong>ἦλθε</strong></span> <span class='ocrx_word' id='word_1_258' title='bbox 2334 2078 2501 2154; x_wconf 85' lang='grc' dir='ltr'>μέχρι</span> <span class='ocrx_word' id='word_1_259' title='bbox 2530 2085 2628 2135; x_wconf 91' lang='grc' dir='ltr'><strong>τοῦ</strong></span> <span class='ocrx_word' id='word_1_260' title='bbox 2656 2075 2878 2139; x_wconf 81' lang='grc' dir='ltr'>Γαϐιθᾶ.</span> <span class='ocrx_word' id='word_1_261' title='bbox 2912 2081 3110 2154; x_wconf 86' lang='grc' dir='ltr'>Τούτῳ</span> <span class='ocrx_word' id='word_1_262' title='bbox 3168 2077 3470 2154; x_wconf 87' lang='grc' dir='ltr'>συμϐαλὼν</span> <span class='ocrx_word' id='word_1_263' title='bbox 3530 2081 3817 2159; x_wconf 89' lang='grc' dir='ltr'>Θεόδωρος</span> 
     </span>
    </p>
   </div>
   <div class='ocr_carea' id='block_1_37' title="bbox 391 2162 2032 2248">
    <p class='ocr_par' dir='ltr' id='par_1_37' title="bbox 391 2162 2032 2243">
     <span class='ocr_line' id='line_1_37' title="bbox 391 2162 2032 2243; baseline -0.007 -16"><span class='ocrx_word' id='word_1_264' title='bbox 391 2173 504 2228; x_wconf 90' lang='lat' dir='ltr'><strong>hoc</strong></span> <span class='ocrx_word' id='word_1_265' title='bbox 550 2172 757 2243; x_wconf 74' lang='lat' dir='ltr'><strong>prmlio</strong></span> <span class='ocrx_word' id='word_1_266' title='bbox 805 2170 1126 2226; x_wconf 88' lang='lat' dir='ltr'><strong>commisso</strong></span> <span class='ocrx_word' id='word_1_267' title='bbox 1171 2167 1517 2223; x_wconf 76' lang='lat' dir='ltr'><strong>Theodorus</strong></span> <span class='ocrx_word' id='word_1_268' title='bbox 1570 2163 1826 2220; x_wconf 87' lang='lat' dir='ltr'><strong>Heraclii</strong></span> <span class='ocrx_word' id='word_1_269' title='bbox 1876 2162 2032 2217; x_wconf 84' lang='lat' dir='ltr'><strong>frate:</strong></span> 
     </span>
    </p>
   </div>
   <div class='ocr_carea' id='block_1_38' title="bbox 2144 2162 3820 2248">
    <p class='ocr_par' dir='ltr' id='par_1_38' title="bbox 2164 2167 3820 2248">
     <span class='ocr_line' id='line_1_38' title="bbox 2164 2167 3820 2248; baseline 0.004 -26"><span class='ocrx_word' id='word_1_270' title='bbox 2164 2168 2317 2222; x_wconf 87' lang='grc' dir='ltr'>ὁτοῦ</span> <span class='ocrx_word' id='word_1_271' title='bbox 2372 2168 2699 2240; x_wconf 81' lang='grc' dir='ltr'>Ἡρακλείου</span> <span class='ocrx_word' id='word_1_272' title='bbox 2782 2167 3016 2247; x_wconf 87' lang='grc' dir='ltr'>ἀδελφὸς</span> <span class='ocrx_word' id='word_1_273' title='bbox 3072 2170 3163 2225; x_wconf 80' lang='grc' dir='ltr'><strong>καὶ</strong></span> <span class='ocrx_word' id='word_1_274' title='bbox 3221 2171 3478 2241; x_wconf 78' lang='grc' dir='ltr'>ἡττηθεὶς</span> <span class='ocrx_word' id='word_1_275' title='bbox 3529 2174 3667 2248; x_wconf 88' lang='grc' dir='ltr'>πρὸς</span> <span class='ocrx_word' id='word_1_276' title='bbox 3723 2174 3820 2228; x_wconf 90' lang='grc' dir='ltr'>τὸν</span> 
     </span>
    </p>
   </div>
   <div class='ocr_carea' id='block_1_39' title="bbox 390 2250 2052 2331">
    <p class='ocr_par' dir='ltr' id='par_1_39' title="bbox 390 2250 2052 2331">
     <span class='ocr_line' id='line_1_39' title="bbox 390 2250 2052 2331; baseline -0.008 -15"><span class='ocrx_word' id='word_1_277' title='bbox 390 2261 582 2316; x_wconf 88' lang='lat' dir='ltr'><strong>victus</strong></span> <span class='ocrx_word' id='word_1_278' title='bbox 600 2260 676 2316; x_wconf 88' lang='lat' dir='ltr'><strong>ad</strong></span> <span class='ocrx_word' id='word_1_279' title='bbox 696 2259 1116 2331; x_wconf 87' lang='lat' dir='ltr'><strong>imperatorem</strong></span> <span class='ocrx_word' id='word_1_280' title='bbox 1144 2257 1378 2312; x_wconf 80' lang='lat' dir='ltr'><strong>Edessas</strong></span> <span class='ocrx_word' id='word_1_281' title='bbox 1411 2262 1535 2309; x_wconf 91' lang='lat' dir='ltr'><strong>tum</strong></span> <span class='ocrx_word' id='word_1_282' title='bbox 1568 2257 1841 2324; x_wconf 89' lang='lat' dir='ltr'><strong>agentem</strong></span> <span class='ocrx_word' id='word_1_283' title='bbox 1872 2250 2052 2306; x_wconf 87' lang='lat' dir='ltr'><strong>venit.</strong></span> 
     </span>
    </p>
   </div>
   <div class='ocr_carea' id='block_1_40' title="bbox 390 2342 2053 2423">
    <p class='ocr_par' dir='ltr' id='par_1_40' title="bbox 390 2342 2053 2423">
     <span class='ocr_line' id='line_1_40' title="bbox 390 2342 2053 2423; baseline -0.008 -16"><span class='ocrx_word' id='word_1_284' title='bbox 390 2352 721 2423; x_wconf 83' lang='lat' dir='ltr'><strong>Imperator</strong></span> <span class='ocrx_word' id='word_1_285' title='bbox 735 2349 923 2422; x_wconf 91' lang='lat' dir='ltr'><strong>copiis</strong></span> <span class='ocrx_word' id='word_1_286' title='bbox 950 2349 1212 2403; x_wconf 90' lang='lat' dir='ltr'><strong>Boanem</strong></span> <span class='ocrx_word' id='word_1_287' title='bbox 1245 2346 1374 2418; x_wconf 85' lang='lat' dir='ltr'><strong>ejus</strong></span> <span class='ocrx_word' id='word_1_288' title='bbox 1406 2346 1533 2400; x_wconf 96' lang='lat' dir='ltr'><strong>loco</strong></span> <span class='ocrx_word' id='word_1_289' title='bbox 1564 2343 1834 2414; x_wconf 67' lang='lat' dir='ltr'><strong>praeficit.</strong></span> <span class='ocrx_word' id='word_1_290' title='bbox 1867 2342 2053 2395; x_wconf 85' lang='lat' dir='ltr'><strong>Theo-</strong></span> 
     </span>
    </p>
   </div>
   <div class='ocr_carea' id='block_1_41' title="bbox 389 2434 2047 2512">
    <p class='ocr_par' dir='ltr' id='par_1_41' title="bbox 389 2434 2047 2512">
     <span class='ocr_line' id='line_1_41' title="bbox 389 2434 2047 2512; baseline -0.008 -15"><span class='ocrx_word' id='word_1_291' title='bbox 389 2442 602 2497; x_wconf 89' lang='lat' dir='ltr'><strong>dorum</strong></span> <span class='ocrx_word' id='word_1_292' title='bbox 633 2455 809 2512; x_wconf 87' lang='lat' dir='ltr'><strong>porro</strong></span> <span class='ocrx_word' id='word_1_293' title='bbox 842 2438 1221 2494; x_wconf 89' lang='lat' dir='ltr'><strong>sacellarium</strong></span> <span class='ocrx_word' id='word_1_294' title='bbox 1267 2452 1405 2491; x_wconf 91' lang='lat' dir='ltr'><strong>cum</strong></span> <span class='ocrx_word' id='word_1_295' title='bbox 1464 2434 1727 2490; x_wconf 81' lang='lat' dir='ltr'><strong>exercitu</strong></span> <span class='ocrx_word' id='word_1_296' title='bbox 1782 2434 2047 2487; x_wconf 82' lang='lat' dir='ltr'><strong>Romano</strong></span> 
     </span>
    </p>
   </div>
   <div class='ocr_carea' id='block_1_42' title="bbox 382 2522 2052 2590">
    <p class='ocr_par' dir='ltr' id='par_1_42' title="bbox 382 2522 2052 2590">
     <span class='ocr_line' id='line_1_42' title="bbox 382 2522 2052 2590; baseline -0.007 -5"><span class='ocrx_word' id='word_1_297' title='bbox 382 2530 665 2585; x_wconf 87' lang='lat' dir='ltr'><strong>adversus</strong></span> <span class='ocrx_word' id='word_1_298' title='bbox 691 2526 916 2582; x_wconf 83' lang='lat' dir='ltr'><strong>Arabes</strong></span> <span class='ocrx_word' id='word_1_299' title='bbox 944 2526 1148 2581; x_wconf 89' lang='lat' dir='ltr'><strong>mittit.</strong></span> <span class='ocrx_word' id='word_1_300' title='bbox 1180 2526 1268 2590; x_wconf 89' lang='lat' dir='ltr'><strong>Ei,</strong></span> <span class='ocrx_word' id='word_1_301' title='bbox 1321 2541 1458 2580; x_wconf 91' lang='lat' dir='ltr'><strong>cum</strong></span> <span class='ocrx_word' id='word_1_302' title='bbox 1505 2523 1580 2578; x_wconf 88' lang='lat' dir='ltr'><strong>ad</strong></span> <span class='ocrx_word' id='word_1_303' title='bbox 1632 2522 1904 2577; x_wconf 87' lang='lat' dir='ltr'><strong>Emesam</strong></span> <span class='ocrx_word' id='word_1_304' title='bbox 1955 2536 2052 2574; x_wconf 92' lang='lat' dir='ltr'><strong>ve-</strong></span> 
     </span>
    </p>
   </div>
   <div class='ocr_carea' id='block_1_43' title="bbox 387 2612 2046 2688">
    <p class='ocr_par' dir='ltr' id='par_1_43' title="bbox 387 2612 2046 2688">
     <span class='ocr_line' id='line_1_43' title="bbox 387 2612 2046 2688; baseline -0.007 -13"><span class='ocrx_word' id='word_1_305' title='bbox 387 2620 597 2688; x_wconf 89' lang='lat' dir='ltr'><strong>nisset,</strong></span> <span class='ocrx_word' id='word_1_306' title='bbox 628 2617 889 2674; x_wconf 90' lang='lat' dir='ltr'><strong>occurrit</strong></span> <span class='ocrx_word' id='word_1_307' title='bbox 916 2632 1148 2671; x_wconf 90' lang='lat' dir='ltr'><strong>ameras</strong></span> <span class='ocrx_word' id='word_1_308' title='bbox 1179 2632 1315 2671; x_wconf 88' lang='lat' dir='ltr'><strong>cum</strong></span> <span class='ocrx_word' id='word_1_309' title='bbox 1342 2612 1728 2669; x_wconf 87' lang='lat' dir='ltr'><strong>multitudine</strong></span> <span class='ocrx_word' id='word_1_310' title='bbox 1775 2612 2046 2666; x_wconf 87' lang='lat' dir='ltr'><strong>Sarrace-</strong></span> 
     </span>
    </p>
   </div>
   <div class='ocr_carea' id='block_1_44' title="bbox 383 2700 2044 2777">
    <p class='ocr_par' dir='ltr' id='par_1_44' title="bbox 383 2700 2044 2777">
     <span class='ocr_line' id='line_1_44' title="bbox 383 2700 2044 2777; baseline -0.007 -13"><span class='ocrx_word' id='word_1_311' title='bbox 383 2725 632 2775; x_wconf 89' lang='lat' dir='ltr'><strong>norum,</strong></span> <span class='ocrx_word' id='word_1_312' title='bbox 659 2712 971 2777; x_wconf 88' lang='lat' dir='ltr'><strong>castraque</strong></span> <span class='ocrx_word' id='word_1_313' title='bbox 1004 2705 1163 2761; x_wconf 85' lang='lat' dir='ltr'><strong>locat</strong></span> <span class='ocrx_word' id='word_1_314' title='bbox 1207 2704 1283 2760; x_wconf 90' lang='lat' dir='ltr'><strong>ad</strong></span> <span class='ocrx_word' id='word_1_315' title='bbox 1328 2702 1740 2759; x_wconf 87' lang='lat' dir='ltr'><strong>Bardanisium</strong></span> <span class='ocrx_word' id='word_1_316' title='bbox 1773 2700 2044 2755; x_wconf 86' lang='lat' dir='ltr'><strong>ﬂuvium.</strong></span> 
     </span>
    </p>
   </div>
   <div class='ocr_carea' id='block_1_45' title="bbox 383 2791 2042 2869">
    <p class='ocr_par' dir='ltr' id='par_1_45' title="bbox 383 2791 2042 2869">
     <span class='ocr_line' id='line_1_45' title="bbox 383 2791 2042 2869; baseline -0.005 -15"><span class='ocrx_word' id='word_1_317' title='bbox 383 2798 587 2869; x_wconf 89' lang='lat' dir='ltr'><strong>Itaque</strong></span> <span class='ocrx_word' id='word_1_318' title='bbox 605 2797 933 2867; x_wconf 89' lang='lat' dir='ltr'><strong>Heraclius,</strong></span> <span class='ocrx_word' id='word_1_319' title='bbox 956 2796 1135 2851; x_wconf 84' lang='lat' dir='ltr'><strong>rebus</strong></span> <span class='ocrx_word' id='word_1_320' title='bbox 1157 2795 1508 2867; x_wconf 85' lang='lat' dir='ltr'><strong>desperatis,</strong></span> <span class='ocrx_word' id='word_1_321' title='bbox 1533 2793 1762 2865; x_wconf 86' lang='lat' dir='ltr'><strong>Syriam</strong></span> <span class='ocrx_word' id='word_1_322' title='bbox 1781 2791 2006 2848; x_wconf 91' lang='lat' dir='ltr'><strong>deserit</strong></span> <span class='ocrx_word' id='word_1_323' title='bbox 2028 2807 2042 2845; x_wconf 87' lang='lat'><strong><em>:</em></strong></span> 
     </span>
    </p>
   </div>
   <div class='ocr_carea' id='block_1_46' title="bbox 384 2880 2039 2959">
    <p class='ocr_par' dir='ltr' id='par_1_46' title="bbox 384 2880 2039 2959">
     <span class='ocr_line' id='line_1_46' title="bbox 384 2880 2039 2959; baseline -0.005 -16"><span class='ocrx_word' id='word_1_324' title='bbox 384 2888 755 2959; x_wconf 86' lang='lat' dir='ltr'><strong>sublatisque</strong></span> <span class='ocrx_word' id='word_1_325' title='bbox 812 2885 1234 2956; x_wconf 86' lang='lat' dir='ltr'><strong>Hierosolymis</strong></span> <span class='ocrx_word' id='word_1_326' title='bbox 1312 2882 1752 2939; x_wconf 88' lang='lat' dir='ltr'><strong>venerabilibus</strong></span> <span class='ocrx_word' id='word_1_327' title='bbox 1840 2880 2039 2954; x_wconf 82' lang='lat' dir='ltr'><strong>lignis,</strong></span> 
     </span>
    </p>
   </div>
   <div class='ocr_carea' id='block_1_47' title="bbox 385 2972 2040 3047">
    <p class='ocr_par' dir='ltr' id='par_1_47' title="bbox 385 2972 2040 3047">
     <span class='ocr_line' id='line_1_47' title="bbox 385 2972 2040 3047; baseline -0.003 -17"><span class='ocrx_word' id='word_1_328' title='bbox 385 2975 944 3047; x_wconf 88' lang='lat' dir='ltr'><strong>Constantinopolin</strong></span> <span class='ocrx_word' id='word_1_329' title='bbox 974 2974 1100 3029; x_wconf 89' lang='lat' dir='ltr'><strong>abit</strong></span> <span class='ocrx_word' id='word_1_330' title='bbox 1154 2976 1410 3029; x_wconf 87' lang='lat' dir='ltr'><strong>Boanem</strong></span> <span class='ocrx_word' id='word_1_331' title='bbox 1441 2979 1641 3028; x_wconf 88' lang='lat' dir='ltr'><strong>autem</strong></span> <span class='ocrx_word' id='word_1_332' title='bbox 1690 2988 1725 3027; x_wconf 89' lang='lat' dir='ltr'><strong>a</strong></span> <span class='ocrx_word' id='word_1_333' title='bbox 1756 2972 2040 3026; x_wconf 88' lang='lat' dir='ltr'><strong>Damasco</strong></span> 
     </span>
    </p>
   </div>
   <div class='ocr_carea' id='block_1_48' title="bbox 390 3060 2041 3136">
    <p class='ocr_par' dir='ltr' id='par_1_48' title="bbox 390 3060 2041 3136">
     <span class='ocr_line' id='line_1_48' title="bbox 390 3060 2041 3136; baseline -0.004 -15"><span class='ocrx_word' id='word_1_334' title='bbox 390 3068 665 3121; x_wconf 89' lang='lat' dir='ltr'><strong>Emesam</strong></span> <span class='ocrx_word' id='word_1_335' title='bbox 698 3065 989 3120; x_wconf 85' lang='lat' dir='ltr'><strong>divertere</strong></span> <span class='ocrx_word' id='word_1_336' title='bbox 1013 3064 1207 3136; x_wconf 89' lang='lat' dir='ltr'><strong>jubet,</strong></span> <span class='ocrx_word' id='word_1_337' title='bbox 1258 3070 1317 3118; x_wconf 92' lang='lat' dir='ltr'><strong>et</strong></span> <span class='ocrx_word' id='word_1_338' title='bbox 1361 3061 1732 3118; x_wconf 90' lang='lat' dir='ltr'><strong>Theodorum</strong></span> <span class='ocrx_word' id='word_1_339' title='bbox 1792 3060 2041 3117; x_wconf 87' lang='lat' dir='ltr'><strong>sacella-</strong></span> 
     </span>
    </p>
   </div>
   <div class='ocr_carea' id='block_1_49' title="bbox 392 3149 2039 3225">
    <p class='ocr_par' dir='ltr' id='par_1_49' title="bbox 392 3149 2039 3225">
     <span class='ocr_line' id='line_1_49' title="bbox 392 3149 2039 3225; baseline -0.004 -14"><span class='ocrx_word' id='word_1_340' title='bbox 392 3157 547 3211; x_wconf 90' lang='lat' dir='ltr'><strong>rium</strong></span> <span class='ocrx_word' id='word_1_341' title='bbox 578 3171 714 3210; x_wconf 91' lang='lat' dir='ltr'><strong>cum</strong></span> <span class='ocrx_word' id='word_1_342' title='bbox 748 3154 1009 3209; x_wconf 79' lang='lat' dir='ltr'><strong>exercitu</strong></span> <span class='ocrx_word' id='word_1_343' title='bbox 1031 3152 1426 3225; x_wconf 87' lang='lat' dir='ltr'><strong>quadraginta</strong></span> <span class='ocrx_word' id='word_1_344' title='bbox 1443 3151 1794 3207; x_wconf 83' lang='lat' dir='ltr'><strong>millium.ﬂi</strong></span> <span class='ocrx_word' id='word_1_345' title='bbox 1813 3149 2039 3205; x_wconf 80' lang='lat' dir='ltr'><strong>Arabes</strong></span> 
     </span>
    </p>
   </div>
   <div class='ocr_carea' id='block_1_50' title="bbox 381 3244 1794 3313">
    <p class='ocr_par' dir='ltr' id='par_1_50' title="bbox 381 3244 1794 3313">
     <span class='ocr_line' id='line_1_50' title="bbox 381 3244 1794 3313; baseline -0.004 -13"><span class='ocrx_word' id='word_1_346' title='bbox 381 3245 455 3300; x_wconf 89' lang='lat' dir='ltr'><strong>ab</strong></span> <span class='ocrx_word' id='word_1_347' title='bbox 486 3246 698 3300; x_wconf 91' lang='lat' dir='ltr'><strong>Emesa</strong></span> <span class='ocrx_word' id='word_1_348' title='bbox 731 3244 1081 3299; x_wconf 87' lang='lat' dir='ltr'><strong>Damascum</strong></span> <span class='ocrx_word' id='word_1_349' title='bbox 1114 3257 1302 3313; x_wconf 88' lang='lat' dir='ltr'><strong>usque</strong></span> <span class='ocrx_word' id='word_1_350' title='bbox 1332 3245 1794 3312; x_wconf 88' lang='lat' dir='ltr'><strong>persequuntur.</strong></span> 
     </span>
    </p>
   </div>
   <div class='ocr_carea' id='block_1_51' title="bbox 449 3328 2039 3406">
    <p class='ocr_par' dir='ltr' id='par_1_51' title="bbox 449 3328 2039 3406">
     <span class='ocr_line' id='line_1_51' title="bbox 449 3328 2039 3406; baseline -0.006 -16"><span class='ocrx_word' id='word_1_351' title='bbox 449 3337 623 3390; x_wconf 83' lang='lat' dir='ltr'><strong>Anno</strong></span> <span class='ocrx_word' id='word_1_352' title='bbox 671 3332 956 3406; x_wconf 79' lang='lat' dir='ltr'><strong>vigesimo</strong></span> <span class='ocrx_word' id='word_1_353' title='bbox 1017 3331 1226 3403; x_wconf 88' lang='lat' dir='ltr'><strong>quinto</strong></span> <span class='ocrx_word' id='word_1_354' title='bbox 1290 3330 1596 3386; x_wconf 89' lang='lat' dir='ltr'><strong>Sarraceni</strong></span> <span class='ocrx_word' id='word_1_355' title='bbox 1651 3328 2039 3384; x_wconf 88' lang='lat' dir='ltr'><strong>multitudine</strong></span> 
     </span>
    </p>
   </div>
   <div class='ocr_carea' id='block_1_52' title="bbox 378 3419 2041 3494">
    <p class='ocr_par' dir='ltr' id='par_1_52' title="bbox 378 3419 2041 3494">
     <span class='ocr_line' id='line_1_52' title="bbox 378 3419 2041 3494; baseline -0.004 -15"><span class='ocrx_word' id='word_1_356' title='bbox 378 3423 642 3479; x_wconf 83' lang='lat' dir='ltr'><strong>Arabum</strong></span> <span class='ocrx_word' id='word_1_357' title='bbox 676 3423 877 3494; x_wconf 88' lang='lat' dir='ltr'><strong>stipati</strong></span> <span class='ocrx_word' id='word_1_358' title='bbox 909 3420 1139 3476; x_wconf 86' lang='lat' dir='ltr'><strong>bellum</strong></span> <span class='ocrx_word' id='word_1_359' title='bbox 1185 3420 1474 3486; x_wconf 82' lang='lat' dir='ltr'><strong>inferunt,</strong></span> <span class='ocrx_word' id='word_1_360' title='bbox 1524 3419 1795 3489; x_wconf 84' lang='lat' dir='ltr'><strong>factaque</strong></span> <span class='ocrx_word' id='word_1_361' title='bbox 1844 3432 2041 3489; x_wconf 85' lang='lat' dir='ltr'><strong>pugna</strong></span> 
     </span>
    </p>
   </div>
   <div class='ocr_carea' id='block_1_53' title="bbox 375 3505 2037 3568">
    <p class='ocr_par' dir='ltr' id='par_1_53' title="bbox 375 3505 2037 3568">
     <span class='ocr_line' id='line_1_53' title="bbox 375 3505 2037 3568; baseline -0.005 0"><span class='ocrx_word' id='word_1_362' title='bbox 375 3515 678 3568; x_wconf 83' lang='lat' dir='ltr'><strong>Romanos</strong></span> <span class='ocrx_word' id='word_1_363' title='bbox 709 3510 972 3565; x_wconf 89' lang='lat' dir='ltr'><strong>vincunt.</strong></span> <span class='ocrx_word' id='word_1_364' title='bbox 1004 3510 1190 3563; x_wconf 89' lang='lat' dir='ltr'><strong>Porro</strong></span> <span class='ocrx_word' id='word_1_365' title='bbox 1221 3508 1443 3562; x_wconf 88' lang='lat' dir='ltr'><strong>milites</strong></span> <span class='ocrx_word' id='word_1_366' title='bbox 1484 3508 1694 3563; x_wconf 89' lang='lat' dir='ltr'><strong>Baanis</strong></span> <span class='ocrx_word' id='word_1_367' title='bbox 1743 3505 2037 3561; x_wconf 90' lang='lat' dir='ltr'><strong>seditione</strong></span> 
     </span>
    </p>
   </div>
   <div class='ocr_carea' id='block_1_54' title="bbox 380 3596 2035 3669">
    <p class='ocr_par' dir='ltr' id='par_1_54' title="bbox 380 3596 2035 3669">
     <span class='ocr_line' id='line_1_54' title="bbox 380 3596 2035 3669; baseline -0.005 -12"><span class='ocrx_word' id='word_1_368' title='bbox 380 3605 562 3669; x_wconf 87' lang='lat' dir='ltr'><strong>mota,</strong></span> <span class='ocrx_word' id='word_1_369' title='bbox 597 3599 867 3656; x_wconf 84' lang='lat' dir='ltr'><strong>Heraclio</strong></span> <span class='ocrx_word' id='word_1_370' title='bbox 927 3598 1245 3668; x_wconf 89' lang='lat' dir='ltr'><strong>imperium</strong></span> <span class='ocrx_word' id='word_1_371' title='bbox 1301 3596 1607 3668; x_wconf 86' lang='lat' dir='ltr'><strong>abrogant,</strong></span> <span class='ocrx_word' id='word_1_372' title='bbox 1659 3597 2035 3665; x_wconf 90' lang='lat' dir='ltr'><strong>Baanemque</strong></span> 
     </span>
    </p>
   </div>
   <div class='ocr_carea' id='block_1_55' title="bbox 377 3683 2036 3760">
    <p class='ocr_par' dir='ltr' id='par_1_55' title="bbox 377 3683 2036 3760">
     <span class='ocr_line' id='line_1_55' title="bbox 377 3683 2036 3760; baseline -0.004 -17"><span class='ocrx_word' id='word_1_373' title='bbox 377 3688 801 3760; x_wconf 88' lang='lat' dir='ltr'><strong>imperatorem</strong></span> <span class='ocrx_word' id='word_1_374' title='bbox 860 3687 1195 3758; x_wconf 86' lang='lat' dir='ltr'><strong>designant.</strong></span> <span class='ocrx_word' id='word_1_375' title='bbox 1244 3685 1487 3739; x_wconf 85' lang='lat' dir='ltr'><strong>Interim</strong></span> <span class='ocrx_word' id='word_1_376' title='bbox 1545 3683 1852 3739; x_wconf 87' lang='lat' dir='ltr'><strong>sacellario</strong></span> <span class='ocrx_word' id='word_1_377' title='bbox 1903 3699 2036 3738; x_wconf 91' lang='lat' dir='ltr'><strong>cum</strong></span> 
     </span>
    </p>
   </div>
   <div class='ocr_carea' id='block_1_56' title="bbox 354 3774 2035 3847">
    <p class='ocr_par' dir='ltr' id='par_1_56' title="bbox 354 3774 2035 3847">
     <span class='ocr_line' id='line_1_56' title="bbox 354 3774 2035 3847; baseline -0.004 -14"><span class='ocrx_word' id='word_1_378' title='bbox 354 3779 502 3833; x_wconf 80' lang='lat' dir='ltr'><strong>suis</strong></span> <span class='ocrx_word' id='word_1_379' title='bbox 532 3777 871 3847; x_wconf 86' lang='lat' dir='ltr'><strong>recedente,</strong></span> <span class='ocrx_word' id='word_1_380' title='bbox 906 3776 1213 3832; x_wconf 85' lang='lat' dir='ltr'><strong>Sarraceni</strong></span> <span class='ocrx_word' id='word_1_381' title='bbox 1244 3775 1547 3829; x_wconf 86' lang='lat' dir='ltr'><strong>licentiam</strong></span> <span class='ocrx_word' id='word_1_382' title='bbox 1577 3774 1757 3843; x_wconf 86' lang='lat' dir='ltr'><strong>nacti,</strong></span> <span class='ocrx_word' id='word_1_383' title='bbox 1808 3774 2035 3828; x_wconf 86' lang='lat' dir='ltr'><strong>bellum</strong></span> 
     </span>
    </p>
   </div>
   <div class='ocr_carea' id='block_1_57' title="bbox 378 3861 2029 3933">
    <p class='ocr_par' dir='ltr' id='par_1_57' title="bbox 378 3861 2029 3933">
     <span class='ocr_line' id='line_1_57' title="bbox 378 3861 2029 3933; baseline -0.002 -16"><span class='ocrx_word' id='word_1_384' title='bbox 378 3864 555 3920; x_wconf 88' lang='lat' dir='ltr'><strong>Baani</strong></span> <span class='ocrx_word' id='word_1_385' title='bbox 590 3865 740 3920; x_wconf 70' lang='grc'><strong>746</strong></span> <span class='ocrx_word' id='word_1_386' title='bbox 760 3864 1006 3933; x_wconf 87' lang='lat' dir='ltr'><strong>faciunt,</strong></span> <span class='ocrx_word' id='word_1_387' title='bbox 1027 3878 1283 3933; x_wconf 90' lang='lat' dir='ltr'><strong>eumque</strong></span> <span class='ocrx_word' id='word_1_388' title='bbox 1305 3862 1568 3917; x_wconf 88' lang='lat' dir='ltr'><strong>vincunt.</strong></span> <span class='ocrx_word' id='word_1_389' title='bbox 1593 3863 1735 3915; x_wconf 87' lang='lat' dir='ltr'><strong>Nam</strong></span> <span class='ocrx_word' id='word_1_390' title='bbox 1760 3861 2029 3927; x_wconf 85' lang='lat' dir='ltr'><strong>Romani,</strong></span> 
     </span>
    </p>
   </div>
   <div class='ocr_carea' id='block_1_58' title="bbox 376 3950 2033 4016">
    <p class='ocr_par' dir='ltr' id='par_1_58' title="bbox 376 3950 2033 4016">
     <span class='ocr_line' id='line_1_58' title="bbox 376 3950 2033 4016; baseline -0.003 -7"><span class='ocrx_word' id='word_1_391' title='bbox 376 3970 512 4010; x_wconf 90' lang='lat' dir='ltr'><strong>cum</strong></span> <span class='ocrx_word' id='word_1_392' title='bbox 542 3955 863 4010; x_wconf 86' lang='lat' dir='ltr'><strong>vehemens</strong></span> <span class='ocrx_word' id='word_1_393' title='bbox 922 3959 1124 4008; x_wconf 88' lang='lat' dir='ltr'><strong>auster</strong></span> <span class='ocrx_word' id='word_1_394' title='bbox 1168 3952 1238 4006; x_wconf 85' lang='lat' dir='ltr'><strong>iis</strong></span> <span class='ocrx_word' id='word_1_395' title='bbox 1287 3956 1442 4005; x_wconf 87' lang='lat' dir='ltr'><strong>esset</strong></span> <span class='ocrx_word' id='word_1_396' title='bbox 1490 3950 1794 4016; x_wconf 88' lang='lat' dir='ltr'><strong>adversus,</strong></span> <span class='ocrx_word' id='word_1_397' title='bbox 1844 3950 1926 4004; x_wconf 87' lang='lat' dir='ltr'><strong>ita</strong></span> <span class='ocrx_word' id='word_1_398' title='bbox 1968 3955 2033 4004; x_wconf 89' lang='lat' dir='ltr'><strong>ut</strong></span> 
     </span>
    </p>
   </div>
   <div class='ocr_carea' id='block_1_59' title="bbox 379 4040 2030 4115">
    <p class='ocr_par' dir='ltr' id='par_1_59' title="bbox 379 4040 2030 4115">
     <span class='ocr_line' id='line_1_59' title="bbox 379 4040 2030 4115; baseline -0.004 -17"><span class='ocrx_word' id='word_1_399' title='bbox 379 4060 501 4115; x_wconf 72' lang='lat' dir='ltr'><strong>praa</strong></span> <span class='ocrx_word' id='word_1_400' title='bbox 513 4042 898 4100; x_wconf 89' lang='lat' dir='ltr'><strong>multitudine</strong></span> <span class='ocrx_word' id='word_1_401' title='bbox 922 4042 1181 4114; x_wconf 88' lang='lat' dir='ltr'><strong>pulveris</strong></span> <span class='ocrx_word' id='word_1_402' title='bbox 1205 4041 1405 4095; x_wconf 86' lang='lat' dir='ltr'><strong>hostes</strong></span> <span class='ocrx_word' id='word_1_403' title='bbox 1428 4056 1672 4095; x_wconf 90' lang='lat' dir='ltr'><strong>cernere</strong></span> <span class='ocrx_word' id='word_1_404' title='bbox 1694 4040 2030 4110; x_wconf 86' lang='lat' dir='ltr'><strong>nequirent,</strong></span> 
     </span>
    </p>
   </div>
   <div class='ocr_carea' id='block_1_60' title="bbox 378 4129 2031 4206">
    <p class='ocr_par' dir='ltr' id='par_1_60' title="bbox 378 4129 2031 4206">
     <span class='ocr_line' id='line_1_60' title="bbox 378 4129 2031 4206; baseline -0.005 -15"><span class='ocrx_word' id='word_1_405' title='bbox 378 4149 595 4206; x_wconf 85' lang='lat' dir='ltr'><strong>magna</strong></span> <span class='ocrx_word' id='word_1_406' title='bbox 632 4150 766 4189; x_wconf 89' lang='lat' dir='ltr'><strong>cum</strong></span> <span class='ocrx_word' id='word_1_407' title='bbox 807 4133 975 4188; x_wconf 91' lang='lat' dir='ltr'><strong>clade</strong></span> <span class='ocrx_word' id='word_1_408' title='bbox 1008 4132 1147 4198; x_wconf 86' lang='lat' dir='ltr'><strong>fusi,</strong></span> <span class='ocrx_word' id='word_1_409' title='bbox 1184 4148 1246 4186; x_wconf 93' lang='lat' dir='ltr'><strong>se</strong></span> <span class='ocrx_word' id='word_1_410' title='bbox 1278 4131 1439 4202; x_wconf 89' lang='lat' dir='ltr'><strong>ipsos</strong></span> <span class='ocrx_word' id='word_1_411' title='bbox 1471 4131 1531 4184; x_wconf 89' lang='lat' dir='ltr'><strong>in</strong></span> <span class='ocrx_word' id='word_1_412' title='bbox 1562 4129 1700 4201; x_wconf 83' lang='lat' dir='ltr'><strong>fuga</strong></span> <span class='ocrx_word' id='word_1_413' title='bbox 1737 4131 1797 4184; x_wconf 92' lang='lat' dir='ltr'><strong>in</strong></span> <span class='ocrx_word' id='word_1_414' title='bbox 1837 4129 2031 4184; x_wconf 88' lang='lat' dir='ltr'><strong>amnis</strong></span> 
     </span>
    </p>
   </div>
   <div class='ocr_carea' id='block_1_61' title="bbox 369 4219 2031 4292">
    <p class='ocr_par' dir='ltr' id='par_1_61' title="bbox 369 4219 2031 4292">
     <span class='ocr_line' id='line_1_61' title="bbox 369 4219 2031 4292; baseline -0.003 -14"><span class='ocrx_word' id='word_1_415' title='bbox 369 4223 774 4280; x_wconf 71' lang='lat' dir='ltr'><strong>Jermochthw</strong></span> <span class='ocrx_word' id='word_1_416' title='bbox 806 4222 1112 4292; x_wconf 82' lang='lat' dir='ltr'><strong>angustias</strong></span> <span class='ocrx_word' id='word_1_417' title='bbox 1149 4220 1637 4291; x_wconf 64' lang='lat' dir='ltr'><strong>praecipitarunt;</strong></span> <span class='ocrx_word' id='word_1_418' title='bbox 1690 4224 1869 4290; x_wconf 89' lang='lat' dir='ltr'><strong>atque</strong></span> <span class='ocrx_word' id='word_1_419' title='bbox 1920 4219 2031 4273; x_wconf 90' lang='lat' dir='ltr'><strong>hoc</strong></span> 
     </span>
    </p>
   </div>
   <div class='ocr_carea' id='block_1_62' title="bbox 375 4308 2028 4384">
    <p class='ocr_par' dir='ltr' id='par_1_62' title="bbox 375 4308 2028 4384">
     <span class='ocr_line' id='line_1_62' title="bbox 375 4308 2028 4384; baseline -0.004 -17"><span class='ocrx_word' id='word_1_420' title='bbox 375 4312 554 4367; x_wconf 86' lang='lat' dir='ltr'><strong>modo</strong></span> <span class='ocrx_word' id='word_1_421' title='bbox 587 4312 690 4369; x_wconf 90' lang='lat' dir='ltr'><strong>illa</strong></span> <span class='ocrx_word' id='word_1_422' title='bbox 727 4311 1120 4384; x_wconf 87' lang='lat' dir='ltr'><strong>quadraginta</strong></span> <span class='ocrx_word' id='word_1_423' title='bbox 1151 4309 1337 4365; x_wconf 88' lang='lat' dir='ltr'><strong>millia</strong></span> <span class='ocrx_word' id='word_1_424' title='bbox 1368 4309 1693 4380; x_wconf 91' lang='lat' dir='ltr'><strong>perierunt.</strong></span> <span class='ocrx_word' id='word_1_425' title='bbox 1720 4308 2028 4363; x_wconf 88' lang='lat' dir='ltr'><strong>Sarraceni</strong></span> 
     </span>
    </p>
   </div>
   <div class='ocr_carea' id='block_1_63' title="bbox 372 4398 2025 4471">
    <p class='ocr_par' dir='ltr' id='par_1_63' title="bbox 372 4398 2025 4471">
     <span class='ocr_line' id='line_1_63' title="bbox 372 4398 2025 4471; baseline -0.003 -14"><span class='ocrx_word' id='word_1_426' title='bbox 372 4407 573 4458; x_wconf 89' lang='lat' dir='ltr'><strong>autem</strong></span> <span class='ocrx_word' id='word_1_427' title='bbox 602 4401 891 4457; x_wconf 88' lang='lat' dir='ltr'><strong>Damasco</strong></span> <span class='ocrx_word' id='word_1_428' title='bbox 921 4401 1169 4471; x_wconf 89' lang='lat' dir='ltr'><strong>insuper</strong></span> <span class='ocrx_word' id='word_1_429' title='bbox 1192 4399 1364 4471; x_wconf 89' lang='lat' dir='ltr'><strong>potiti</strong></span> <span class='ocrx_word' id='word_1_430' title='bbox 1405 4404 1545 4452; x_wconf 89' lang='lat' dir='ltr'><strong>sunt</strong></span> <span class='ocrx_word' id='word_1_431' title='bbox 1574 4414 1642 4452; x_wconf 91' lang='lat' dir='ltr'><strong>ac</strong></span> <span class='ocrx_word' id='word_1_432' title='bbox 1700 4398 2025 4465; x_wconf 79' lang='lat' dir='ltr'><strong>Phoenicia,</strong></span> 
     </span>
    </p>
   </div>
   <div class='ocr_carea' id='block_1_64' title="bbox 370 4488 2026 4562">
    <p class='ocr_par' dir='ltr' id='par_1_64' title="bbox 370 4488 2026 4562">
     <span class='ocr_line' id='line_1_64' title="bbox 370 4488 2026 4562; baseline -0.002 -17"><span class='ocrx_word' id='word_1_433' title='bbox 370 4490 573 4562; x_wconf 90' lang='lat' dir='ltr'><strong>ibique</strong></span> <span class='ocrx_word' id='word_1_434' title='bbox 616 4490 885 4546; x_wconf 86' lang='lat' dir='ltr'><strong>habitare</strong></span> <span class='ocrx_word' id='word_1_435' title='bbox 940 4494 1264 4562; x_wconf 73' lang='lat' dir='ltr'><strong>cmperunt.</strong></span> <span class='ocrx_word' id='word_1_436' title='bbox 1315 4488 1382 4541; x_wconf 87' lang='lat' dir='ltr'><strong>In</strong></span> <span class='ocrx_word' id='word_1_437' title='bbox 1435 4488 1743 4559; x_wconf 66' lang='lat' dir='ltr'><strong>Aigyptum</strong></span> <span class='ocrx_word' id='word_1_438' title='bbox 1789 4503 2026 4558; x_wconf 88' lang='lat' dir='ltr'><strong>quoque</strong></span> 
     </span>
    </p>
   </div>
   <div class='ocr_carea' id='block_1_65' title="bbox 2167 2255 3826 2336">
    <p class='ocr_par' dir='ltr' id='par_1_65' title="bbox 2167 2255 3826 2336">
     <span class='ocr_line' id='line_1_65' title="bbox 2167 2255 3826 2336; baseline 0.003 -26"><span class='ocrx_word' id='word_1_439' title='bbox 2167 2255 2394 2330; x_wconf 86' lang='grc' dir='ltr'>βασιλέα</span> <span class='ocrx_word' id='word_1_440' title='bbox 2425 2255 2646 2333; x_wconf 82' lang='grc' dir='ltr'>ἔρχεται</span> <span class='ocrx_word' id='word_1_441' title='bbox 2695 2257 2747 2313; x_wconf 80' lang='grc' dir='ltr'>ἐν</span> <span class='ocrx_word' id='word_1_442' title='bbox 2809 2255 3023 2334; x_wconf 81' lang='grc' dir='ltr'>Ἐδὲσῃ.</span> <span class='ocrx_word' id='word_1_443' title='bbox 3057 2260 3118 2315; x_wconf 75' lang='grc' dir='ltr'><strong>Ὀ</strong></span> <span class='ocrx_word' id='word_1_444' title='bbox 3166 2256 3224 2314; x_wconf 78' lang='grc' dir='ltr'>δὲ</span> <span class='ocrx_word' id='word_1_445' title='bbox 3273 2259 3528 2336; x_wconf 83' lang='grc' dir='ltr'>βασιλεὺς</span> <span class='ocrx_word' id='word_1_446' title='bbox 3586 2278 3826 2336; x_wconf 82' lang='grc' dir='ltr'>προχει-</span> 
     </span>
    </p>
   </div>
   <div class='ocr_carea' id='block_1_66' title="bbox 2161 2344 3829 2426">
    <p class='ocr_par' dir='ltr' id='par_1_66' title="bbox 2161 2344 3829 2426">
     <span class='ocr_line' id='line_1_66' title="bbox 2161 2344 3829 2426; baseline 0.004 -25"><span class='ocrx_word' id='word_1_447' title='bbox 2161 2347 2364 2421; x_wconf 86' lang='grc' dir='ltr'>ρίζεται</span> <span class='ocrx_word' id='word_1_448' title='bbox 2400 2344 2584 2422; x_wconf 67' lang='grc' dir='ltr'>ἕτερον</span> <span class='ocrx_word' id='word_1_449' title='bbox 2625 2348 2932 2426; x_wconf 81' lang='grc' dir='ltr'>στρατηγὸν</span> <span class='ocrx_word' id='word_1_450' title='bbox 2992 2355 3224 2421; x_wconf 87' lang='grc' dir='ltr'>Βοάνην,</span> <span class='ocrx_word' id='word_1_451' title='bbox 3284 2350 3375 2405; x_wconf 86' lang='grc' dir='ltr'>τὸν</span> <span class='ocrx_word' id='word_1_452' title='bbox 3437 2349 3496 2405; x_wconf 73' lang='grc' dir='ltr'>δὲ</span> <span class='ocrx_word' id='word_1_453' title='bbox 3550 2349 3829 2407; x_wconf 80' lang='grc' dir='ltr'>σακελλά-</span> 
     </span>
    </p>
   </div>
   <div class='ocr_carea' id='block_1_67' title="bbox 2159 2434 3827 2514">
    <p class='ocr_par' dir='ltr' id='par_1_67' title="bbox 2159 2434 3827 2514">
     <span class='ocr_line' id='line_1_67' title="bbox 2159 2434 3827 2514; baseline 0.005 -25"><span class='ocrx_word' id='word_1_454' title='bbox 2159 2456 2275 2510; x_wconf 91' lang='grc' dir='ltr'>ριον</span> <span class='ocrx_word' id='word_1_455' title='bbox 2355 2434 2645 2512; x_wconf 83' lang='grc' dir='ltr'>Θεόδωρον</span> <span class='ocrx_word' id='word_1_456' title='bbox 2707 2439 2840 2511; x_wconf 83' lang='grc' dir='ltr'>μετά</span> <span class='ocrx_word' id='word_1_457' title='bbox 2896 2440 3221 2512; x_wconf 82' lang='grc' dir='ltr'>Ῥωμαϊκῆς</span> <span class='ocrx_word' id='word_1_458' title='bbox 3277 2436 3562 2513; x_wconf 83' lang='grc' dir='ltr'>δυνάμεως</span> <span class='ocrx_word' id='word_1_459' title='bbox 3616 2439 3827 2514; x_wconf 84' lang='grc' dir='ltr'>πέμπει</span> 
     </span>
    </p>
   </div>
   <div class='ocr_carea' id='block_1_68' title="bbox 2155 2521 3822 2602">
    <p class='ocr_par' dir='ltr' id='par_1_68' title="bbox 2155 2521 3822 2602">
     <span class='ocr_line' id='line_1_68' title="bbox 2155 2521 3822 2602; baseline 0.004 -23"><span class='ocrx_word' id='word_1_460' title='bbox 2155 2526 2292 2580; x_wconf 82' lang='grc' dir='ltr'>κατὰ</span> <span class='ocrx_word' id='word_1_461' title='bbox 2324 2521 2594 2601; x_wconf 79' lang='grc' dir='ltr'>’Δράϐων.</span> <span class='ocrx_word' id='word_1_462' title='bbox 2641 2527 3092 2602; x_wconf 83' lang='grc' dir='ltr'>Παραγενόμενος</span> <span class='ocrx_word' id='word_1_463' title='bbox 3153 2525 3209 2582; x_wconf 78' lang='grc' dir='ltr'>δὲ</span> <span class='ocrx_word' id='word_1_464' title='bbox 3268 2527 3344 2591; x_wconf 78' lang='grc' dir='ltr'><strong>εἷς</strong></span> <span class='ocrx_word' id='word_1_465' title='bbox 3400 2531 3635 2602; x_wconf 83' lang='grc' dir='ltr'>Ἔμεσαν</span> <span class='ocrx_word' id='word_1_466' title='bbox 3692 2551 3822 2585; x_wconf 84' lang='grc' dir='ltr'>συν-</span> 
     </span>
    </p>
   </div>
   <div class='ocr_carea' id='block_1_69' title="bbox 2153 2612 3818 2693">
    <p class='ocr_par' dir='ltr' id='par_1_69' title="bbox 2153 2612 3818 2693">
     <span class='ocr_line' id='line_1_69' title="bbox 2153 2612 3818 2693; baseline 0.004 -26"><span class='ocrx_word' id='word_1_467' title='bbox 2153 2618 2285 2684; x_wconf 86' lang='grc' dir='ltr'>αντᾷ</span> <span class='ocrx_word' id='word_1_468' title='bbox 2339 2612 2556 2684; x_wconf 80' lang='grc' dir='ltr'>πλῆθος</span> <span class='ocrx_word' id='word_1_469' title='bbox 2616 2621 2942 2689; x_wconf 85' lang='grc' dir='ltr'>Σαρακηνῶν</span> <span class='ocrx_word' id='word_1_470' title='bbox 3017 2617 3107 2672; x_wconf 87' lang='grc' dir='ltr'><strong>καὶ</strong></span> <span class='ocrx_word' id='word_1_471' title='bbox 3162 2615 3254 2671; x_wconf 90' lang='grc' dir='ltr'>τὸν</span> <span class='ocrx_word' id='word_1_472' title='bbox 3341 2618 3559 2693; x_wconf 83' lang='grc' dir='ltr'>άμηρᾶς</span> <span class='ocrx_word' id='word_1_473' title='bbox 3607 2618 3818 2691; x_wconf 83' lang='grc' dir='ltr'>αὐτῶν,</span> 
     </span>
    </p>
   </div>
   <div class='ocr_carea' id='block_1_70' title="bbox 2151 2703 3816 2786">
    <p class='ocr_par' dir='ltr' id='par_1_70' title="bbox 2151 2703 3816 2786">
     <span class='ocr_line' id='line_1_70' title="bbox 2151 2703 3816 2786; baseline 0.004 -28"><span class='ocrx_word' id='word_1_474' title='bbox 2151 2705 2242 2759; x_wconf 76' lang='grc' dir='ltr'><strong>καὶ</strong></span> <span class='ocrx_word' id='word_1_475' title='bbox 2273 2703 2350 2768; x_wconf 83' lang='grc' dir='ltr'><strong>εἰς</strong></span> <span class='ocrx_word' id='word_1_476' title='bbox 2377 2705 2468 2760; x_wconf 90' lang='grc' dir='ltr'>τὸν</span> <span class='ocrx_word' id='word_1_477' title='bbox 2502 2707 2586 2779; x_wconf 85' lang='grc' dir='ltr'><strong>[Ρ.</strong></span> <span class='ocrx_word' id='word_1_478' title='bbox 2621 2707 2747 2779; x_wconf 82' lang='grc'>426]</span> <span class='ocrx_word' id='word_1_479' title='bbox 2810 2705 3168 2783; x_wconf 77' lang='grc' dir='ltr'>Βαρδανίσιον</span> <span class='ocrx_word' id='word_1_480' title='bbox 3221 2707 3472 2781; x_wconf 85' lang='grc' dir='ltr'>ποταμὸν</span> <span class='ocrx_word' id='word_1_481' title='bbox 3521 2729 3816 2786; x_wconf 82' lang='grc' dir='ltr'>παραφοσ-</span> 
     </span>
    </p>
   </div>
   <div class='ocr_carea' id='block_1_71' title="bbox 2152 2793 3814 2870">
    <p class='ocr_par' dir='ltr' id='par_1_71' title="bbox 2152 2793 3814 2870">
     <span class='ocr_line' id='line_1_71' title="bbox 2152 2793 3814 2870; baseline 0.003 -21"><span class='ocrx_word' id='word_1_482' title='bbox 2152 2793 2383 2851; x_wconf 88' lang='grc' dir='ltr'>σατεύει.</span> <span class='ocrx_word' id='word_1_483' title='bbox 2442 2793 2764 2869; x_wconf 82' lang='grc' dir='ltr'>’Πράκλειος</span> <span class='ocrx_word' id='word_1_484' title='bbox 2806 2793 2863 2850; x_wconf 74' lang='grc' dir='ltr'>δὲ</span> <span class='ocrx_word' id='word_1_485' title='bbox 2912 2795 3215 2859; x_wconf 81' lang='grc' dir='ltr'>ἀπελπίσας</span> <span class='ocrx_word' id='word_1_486' title='bbox 3260 2795 3661 2870; x_wconf 84' lang='grc' dir='ltr'>καταλιμπάνει</span> <span class='ocrx_word' id='word_1_487' title='bbox 3707 2801 3814 2869; x_wconf 76' lang='grc' dir='ltr'>τὴν</span> 
     </span>
    </p>
   </div>
   <div class='ocr_carea' id='block_1_72' title="bbox 2152 2882 3811 2961">
    <p class='ocr_par' dir='ltr' id='par_1_72' title="bbox 2152 2882 3811 2961">
     <span class='ocr_line' id='line_1_72' title="bbox 2152 2882 3811 2961; baseline 0.004 -24"><span class='ocrx_word' id='word_1_488' title='bbox 2152 2883 2375 2957; x_wconf 77' lang='grc' dir='ltr'>Συρίαν,</span> <span class='ocrx_word' id='word_1_489' title='bbox 2406 2883 2495 2939; x_wconf 79' lang='grc' dir='ltr'><strong>καὶ</strong></span> <span class='ocrx_word' id='word_1_490' title='bbox 2520 2882 2653 2958; x_wconf 74' lang='grc' dir='ltr'>ἄρας</span> <span class='ocrx_word' id='word_1_491' title='bbox 2685 2885 2754 2940; x_wconf 79' lang='grc' dir='ltr'><strong>τὰ</strong></span> <span class='ocrx_word' id='word_1_492' title='bbox 2771 2884 2930 2958; x_wconf 90' lang='grc' dir='ltr'>τίμια</span> <span class='ocrx_word' id='word_1_493' title='bbox 2960 2884 3097 2959; x_wconf 83' lang='grc' dir='ltr'>ξύλα</span> <span class='ocrx_word' id='word_1_494' title='bbox 3124 2885 3232 2941; x_wconf 85' lang='grc' dir='ltr'>ἀπὸ</span> <span class='ocrx_word' id='word_1_495' title='bbox 3279 2885 3681 2961; x_wconf 86' lang='grc' dir='ltr'>Ἰεροσολύμων</span> <span class='ocrx_word' id='word_1_496' title='bbox 3715 2886 3811 2943; x_wconf 78' lang='grc' dir='ltr'><strong>ἐπὶ</strong></span> 
     </span>
    </p>
   </div>
   <div class='ocr_carea' id='block_1_73' title="bbox 2150 2972 3810 3049">
    <p class='ocr_par' dir='ltr' id='par_1_73' title="bbox 2150 2972 3810 3049">
     <span class='ocr_line' id='line_1_73' title="bbox 2150 2972 3810 3049; baseline 0.001 -20"><span class='ocrx_word' id='word_1_497' title='bbox 2150 2973 2723 3030; x_wconf 86' lang='grc' dir='ltr'>Κωνσταντινούπολιν</span> <span class='ocrx_word' id='word_1_498' title='bbox 2754 2974 2937 3049; x_wconf 75' lang='grc' dir='ltr'>ἀπῄει.</span> <span class='ocrx_word' id='word_1_499' title='bbox 2974 2975 3185 3047; x_wconf 80' lang='grc' dir='ltr'>Βοάνην</span> <span class='ocrx_word' id='word_1_500' title='bbox 3245 2972 3303 3030; x_wconf 73' lang='grc' dir='ltr'>δὲ</span> <span class='ocrx_word' id='word_1_501' title='bbox 3348 2974 3456 3031; x_wconf 85' lang='grc' dir='ltr'>ἀπὸ</span> <span class='ocrx_word' id='word_1_502' title='bbox 3514 2980 3810 3049; x_wconf 83' lang='grc' dir='ltr'>Δαμασκοῦ</span> 
     </span>
    </p>
   </div>
   <div class='ocr_carea' id='block_1_74' title="bbox 2147 3058 3803 3141">
    <p class='ocr_par' dir='ltr' id='par_1_74' title="bbox 2147 3058 3803 3141">
     <span class='ocr_line' id='line_1_74' title="bbox 2147 3058 3803 3141; baseline 0.003 -25"><span class='ocrx_word' id='word_1_503' title='bbox 2147 3062 2224 3125; x_wconf 81' lang='grc' dir='ltr'><strong>εἰς</strong></span> <span class='ocrx_word' id='word_1_504' title='bbox 2253 3065 2490 3137; x_wconf 85' lang='grc' dir='ltr'>Ἔμεσαν</span> <span class='ocrx_word' id='word_1_505' title='bbox 2519 3064 2756 3141; x_wconf 79' lang='grc' dir='ltr'>στρέφει,</span> <span class='ocrx_word' id='word_1_506' title='bbox 2789 3064 2879 3119; x_wconf 83' lang='grc' dir='ltr'><strong>καὶ</strong></span> <span class='ocrx_word' id='word_1_507' title='bbox 2912 3062 3192 3138; x_wconf 88' lang='grc' dir='ltr'>Θεόδωρον</span> <span class='ocrx_word' id='word_1_508' title='bbox 3217 3062 3580 3141; x_wconf 83' lang='grc' dir='ltr'>σακελλάριον</span> <span class='ocrx_word' id='word_1_509' title='bbox 3604 3058 3803 3141; x_wconf 77' lang='grc' dir='ltr'>ἔχοντα</span> 
     </span>
    </p>
   </div>
   <div class='ocr_carea' id='block_1_75' title="bbox 2146 3148 3802 3228">
    <p class='ocr_par' dir='ltr' id='par_1_75' title="bbox 2146 3148 3802 3228">
     <span class='ocr_line' id='line_1_75' title="bbox 2146 3148 3802 3228; baseline 0.002 -22"><span class='ocrx_word' id='word_1_510' title='bbox 2146 3152 2371 3223; x_wconf 87' lang='grc' dir='ltr'>στρατὸν</span> <span class='ocrx_word' id='word_1_511' title='bbox 2405 3150 2666 3227; x_wconf 85' lang='grc' dir='ltr'>χιλιάδας</span> <span class='ocrx_word' id='word_1_512' title='bbox 2703 3160 2774 3226; x_wconf 77' lang='grc' dir='ltr'>μ’.</span> <span class='ocrx_word' id='word_1_513' title='bbox 2809 3152 2907 3207; x_wconf 82' lang='grc' dir='ltr'><strong>Καὶ</strong></span> <span class='ocrx_word' id='word_1_514' title='bbox 2940 3151 3200 3209; x_wconf 83' lang='grc' dir='ltr'>διώκουσι</span> <span class='ocrx_word' id='word_1_515' title='bbox 3228 3153 3357 3216; x_wconf 87' lang='grc' dir='ltr'>τοὺς</span> <span class='ocrx_word' id='word_1_516' title='bbox 3405 3148 3650 3228; x_wconf 81' lang='grc' dir='ltr'>Ἀραϐας</span> <span class='ocrx_word' id='word_1_517' title='bbox 3695 3154 3802 3210; x_wconf 86' lang='grc' dir='ltr'>ἀπὸ</span> 
     </span>
    </p>
   </div>
   <div class='ocr_carea' id='block_1_76' title="bbox 2069 3239 2854 3320">
    <p class='ocr_par' dir='ltr' id='par_1_76' title="bbox 2069 3239 2854 3320">
     <span class='ocr_line' id='line_1_76' title="bbox 2069 3239 2854 3320; baseline -0.001 -23"><span class='ocrx_word' id='word_1_518' title='bbox 2069 3255 2111 3320; x_wconf 80' lang='lat' dir='ltr'>C</span> <span class='ocrx_word' id='word_1_519' title='bbox 2152 3243 2391 3314; x_wconf 80' lang='grc' dir='ltr'>Ἐμέσης</span> <span class='ocrx_word' id='word_1_520' title='bbox 2408 3239 2513 3303; x_wconf 71' lang='grc' dir='ltr'>ἕως</span> <span class='ocrx_word' id='word_1_521' title='bbox 2547 3246 2854 3315; x_wconf 81' lang='grc' dir='ltr'>Δαμασκοῦ.</span> 
     </span>
    </p>
   </div>
   <div class='ocr_carea' id='block_1_77' title="bbox 2221 3325 3804 3407">
    <p class='ocr_par' dir='ltr' id='par_1_77' title="bbox 2221 3325 3804 3407">
     <span class='ocr_line' id='line_1_77' title="bbox 2221 3325 3804 3407; baseline 0.002 -21"><span class='ocrx_word' id='word_1_522' title='bbox 2221 3335 2312 3402; x_wconf 82' lang='grc' dir='ltr'><strong>Τῷ</strong></span> <span class='ocrx_word' id='word_1_523' title='bbox 2350 3331 2424 3384; x_wconf 85' lang='grc' dir='ltr'>κε“</span> <span class='ocrx_word' id='word_1_524' title='bbox 2478 3325 2588 3385; x_wconf 76' lang='grc' dir='ltr'>ἔτει</span> <span class='ocrx_word' id='word_1_525' title='bbox 2638 3329 3109 3406; x_wconf 82' lang='grc' dir='ltr'>ἐπιστρατεύουσιν</span> <span class='ocrx_word' id='word_1_526' title='bbox 3169 3333 3220 3387; x_wconf 74' lang='grc' dir='ltr'>οἱ</span> <span class='ocrx_word' id='word_1_527' title='bbox 3291 3332 3601 3407; x_wconf 87' lang='grc' dir='ltr'>Σαρακηνοὶ</span> <span class='ocrx_word' id='word_1_528' title='bbox 3662 3332 3804 3407; x_wconf 75' lang='grc' dir='ltr'>μετὰ</span> 
     </span>
    </p>
   </div>
   <div class='ocr_carea' id='block_1_78' title="bbox 2142 3412 3808 3497">
    <p class='ocr_par' dir='ltr' id='par_1_78' title="bbox 2142 3412 3808 3497">
     <span class='ocr_line' id='line_1_78' title="bbox 2142 3412 3808 3497; baseline 0.002 -25"><span class='ocrx_word' id='word_1_529' title='bbox 2142 3416 2395 3487; x_wconf 73' lang='grc' dir='ltr'>πλήθους</span> <span class='ocrx_word' id='word_1_530' title='bbox 2425 3412 2695 3492; x_wconf 66' lang='grc' dir='ltr'>Ἀράϐων,</span> <span class='ocrx_word' id='word_1_531' title='bbox 2754 3420 2845 3473; x_wconf 82' lang='grc' dir='ltr'><strong>καὶ</strong></span> <span class='ocrx_word' id='word_1_532' title='bbox 2904 3415 3194 3493; x_wconf 81' lang='grc' dir='ltr'>συμϐολῆς</span> <span class='ocrx_word' id='word_1_533' title='bbox 3233 3419 3533 3497; x_wconf 70' lang='grc' dir='ltr'>γενομένης</span> <span class='ocrx_word' id='word_1_534' title='bbox 3588 3422 3808 3491; x_wconf 78' lang='grc' dir='ltr'>ἡττῶν-</span> 
     </span>
    </p>
   </div>
   <div class='ocr_carea' id='block_1_79' title="bbox 2141 3507 3808 3586">
    <p class='ocr_par' dir='ltr' id='par_1_79' title="bbox 2141 3507 3808 3586">
     <span class='ocr_line' id='line_1_79' title="bbox 2141 3507 3808 3586; baseline 0.002 -25"><span class='ocrx_word' id='word_1_535' title='bbox 2141 3528 2229 3561; x_wconf 87' lang='grc' dir='ltr'><strong>ται</strong></span> <span class='ocrx_word' id='word_1_536' title='bbox 2258 3511 2549 3579; x_wconf 85' lang='grc' dir='ltr'>Ῥωμαῖοι.</span> <span class='ocrx_word' id='word_1_537' title='bbox 2585 3509 2974 3570; x_wconf 83' lang='grc' dir='ltr'>Στασιάσαντες</span> <span class='ocrx_word' id='word_1_538' title='bbox 2999 3507 3056 3564; x_wconf 73' lang='grc' dir='ltr'>δὲ</span> <span class='ocrx_word' id='word_1_539' title='bbox 3114 3511 3165 3564; x_wconf 75' lang='grc' dir='ltr'>οἱ</span> <span class='ocrx_word' id='word_1_540' title='bbox 3219 3510 3345 3584; x_wconf 85' lang='grc' dir='ltr'>περὶ</span> <span class='ocrx_word' id='word_1_541' title='bbox 3385 3510 3598 3581; x_wconf 84' lang='grc' dir='ltr'>Βαάνην</span> <span class='ocrx_word' id='word_1_542' title='bbox 3632 3510 3808 3586; x_wconf 83' lang='grc' dir='ltr'>Ἠρά-</span> 
     </span>
    </p>
   </div>
   <div class='ocr_carea' id='block_1_80' title="bbox 2141 3595 3804 3676">
    <p class='ocr_par' dir='ltr' id='par_1_80' title="bbox 2141 3595 3804 3676">
     <span class='ocr_line' id='line_1_80' title="bbox 2141 3595 3804 3676; baseline 0.002 -26"><span class='ocrx_word' id='word_1_543' title='bbox 2141 3595 2325 3651; x_wconf 89' lang='grc' dir='ltr'>κλειον</span> <span class='ocrx_word' id='word_1_544' title='bbox 2400 3596 2839 3671; x_wconf 89' lang='grc' dir='ltr'>ἀποκηρύττουσι</span> <span class='ocrx_word' id='word_1_545' title='bbox 2919 3598 3009 3653; x_wconf 79' lang='grc' dir='ltr'><strong>καὶ</strong></span> <span class='ocrx_word' id='word_1_546' title='bbox 3094 3600 3305 3670; x_wconf 85' lang='grc' dir='ltr'>Βαάνην</span> <span class='ocrx_word' id='word_1_547' title='bbox 3373 3598 3804 3676; x_wconf 78' lang='grc' dir='ltr'>ἀναγορεύουσιν</span> 
     </span>
    </p>
   </div>
   <div class='ocr_carea' id='block_1_81' title="bbox 2144 3683 3809 3763">
    <p class='ocr_par' dir='ltr' id='par_1_81' title="bbox 2144 3683 3809 3763">
     <span class='ocr_line' id='line_1_81' title="bbox 2144 3683 3809 3763; baseline 0.004 -26"><span class='ocrx_word' id='word_1_548' title='bbox 2144 3683 2393 3758; x_wconf 88' lang='grc' dir='ltr'>βασιλέα.</span> <span class='ocrx_word' id='word_1_549' title='bbox 2428 3686 2517 3742; x_wconf 85' lang='grc' dir='ltr'>Ἐν</span> <span class='ocrx_word' id='word_1_550' title='bbox 2538 3686 2752 3749; x_wconf 81' lang='grc' dir='ltr'>τούτοις</span> <span class='ocrx_word' id='word_1_551' title='bbox 2788 3686 3174 3762; x_wconf 81' lang='grc' dir='ltr'>ὑποχωροῦσιν</span> <span class='ocrx_word' id='word_1_552' title='bbox 3208 3688 3260 3742; x_wconf 76' lang='grc' dir='ltr'>οἱ</span> <span class='ocrx_word' id='word_1_553' title='bbox 3293 3686 3417 3763; x_wconf 87' lang='grc' dir='ltr'>περὶ</span> <span class='ocrx_word' id='word_1_554' title='bbox 3448 3688 3540 3743; x_wconf 89' lang='grc' dir='ltr'>τὸν</span> <span class='ocrx_word' id='word_1_555' title='bbox 3598 3686 3809 3743; x_wconf 81' lang='grc' dir='ltr'>σακελ-</span> 
     </span>
    </p>
   </div>
   <div class='ocr_carea' id='block_1_82' title="bbox 2142 3769 3804 3850">
    <p class='ocr_par' dir='ltr' id='par_1_82' title="bbox 2142 3769 3804 3850">
     <span class='ocr_line' id='line_1_82' title="bbox 2142 3769 3804 3850; baseline 0.003 -24"><span class='ocrx_word' id='word_1_556' title='bbox 2142 3769 2351 3847; x_wconf 86' lang='grc' dir='ltr'>λάριον,</span> <span class='ocrx_word' id='word_1_557' title='bbox 2410 3773 2500 3828; x_wconf 84' lang='grc' dir='ltr'><strong>καὶ</strong></span> <span class='ocrx_word' id='word_1_558' title='bbox 2569 3774 2619 3827; x_wconf 77' lang='grc' dir='ltr'>οἱ</span> <span class='ocrx_word' id='word_1_559' title='bbox 2677 3776 2980 3849; x_wconf 83' lang='grc' dir='ltr'>Σαρακηνοὶ</span> <span class='ocrx_word' id='word_1_560' title='bbox 3036 3776 3286 3850; x_wconf 83' lang='grc' dir='ltr'>εὑρόντες</span> <span class='ocrx_word' id='word_1_561' title='bbox 3332 3772 3513 3830; x_wconf 79' lang='grc' dir='ltr'>ἃδειαν</span> <span class='ocrx_word' id='word_1_562' title='bbox 3548 3771 3804 3850; x_wconf 85' lang='grc' dir='ltr'>συμϐάλ-</span> 
     </span>
    </p>
   </div>
   <div class='ocr_carea' id='block_1_83' title="bbox 2140 3861 3799 3938">
    <p class='ocr_par' dir='ltr' id='par_1_83' title="bbox 2140 3861 3799 3938">
     <span class='ocr_line' id='line_1_83' title="bbox 2140 3861 3799 3938; baseline 0.003 -22"><span class='ocrx_word' id='word_1_563' title='bbox 2140 3861 2299 3917; x_wconf 91' lang='grc' dir='ltr'>λουσι</span> <span class='ocrx_word' id='word_1_564' title='bbox 2368 3864 2501 3936; x_wconf 82' lang='grc' dir='ltr'>μετᾶ</span> <span class='ocrx_word' id='word_1_565' title='bbox 2559 3864 2798 3926; x_wconf 79' lang='grc' dir='ltr'>Βαάνους</span> <span class='ocrx_word' id='word_1_566' title='bbox 2857 3865 3107 3938; x_wconf 89' lang='grc' dir='ltr'>πόλεμον</span> <span class='ocrx_word' id='word_1_567' title='bbox 3162 3866 3250 3921; x_wconf 83' lang='grc' dir='ltr'><strong>καὶ</strong></span> <span class='ocrx_word' id='word_1_568' title='bbox 3315 3867 3552 3934; x_wconf 81' lang='grc' dir='ltr'>ἡττῶσιν</span> <span class='ocrx_word' id='word_1_569' title='bbox 3613 3865 3799 3921; x_wconf 77' lang='grc' dir='ltr'>αὐτόν·</span> 
     </span>
    </p>
   </div>
   <div class='ocr_carea' id='block_1_84' title="bbox 2136 3951 3799 4028">
    <p class='ocr_par' dir='ltr' id='par_1_84' title="bbox 2136 3951 3799 4028">
     <span class='ocr_line' id='line_1_84' title="bbox 2136 3951 3799 4028; baseline 0.002 -22"><span class='ocrx_word' id='word_1_570' title='bbox 2136 3951 2336 4025; x_wconf 87' lang='grc' dir='ltr'>ἀνέμου</span> <span class='ocrx_word' id='word_1_571' title='bbox 2419 3953 2523 4028; x_wconf 78' lang='grc' dir='ltr'>γὰρ</span> <span class='ocrx_word' id='word_1_572' title='bbox 2571 3953 2894 4015; x_wconf 86' lang='grc' dir='ltr'>πνεύσαντος</span> <span class='ocrx_word' id='word_1_573' title='bbox 2977 3954 3167 4028; x_wconf 79' lang='grc' dir='ltr'>βιαίου</span> <span class='ocrx_word' id='word_1_574' title='bbox 3244 3953 3403 4009; x_wconf 90' lang='grc' dir='ltr'>νότου</span> <span class='ocrx_word' id='word_1_575' title='bbox 3475 3958 3611 4010; x_wconf 72' lang='grc' dir='ltr'>κατὰ</span> <span class='ocrx_word' id='word_1_576' title='bbox 3657 3957 3799 4010; x_wconf 81' lang='grc' dir='ltr'>Ῥω-</span> 
     </span>
    </p>
   </div>
   <div class='ocr_carea' id='block_1_85' title="bbox 2142 4040 3799 4119">
    <p class='ocr_par' dir='ltr' id='par_1_85' title="bbox 2142 4040 3799 4119">
     <span class='ocr_line' id='line_1_85' title="bbox 2142 4040 3799 4119; baseline 0.002 -23"><span class='ocrx_word' id='word_1_577' title='bbox 2142 4040 2337 4115; x_wconf 87' lang='grc' dir='ltr'>μαίων,</span> <span class='ocrx_word' id='word_1_578' title='bbox 2369 4042 2457 4096; x_wconf 84' lang='grc' dir='ltr'><strong>καὶ</strong></span> <span class='ocrx_word' id='word_1_579' title='bbox 2529 4044 2604 4114; x_wconf 75' lang='grc' dir='ltr'>μὴ</span> <span class='ocrx_word' id='word_1_580' title='bbox 2658 4040 2969 4116; x_wconf 72' lang='grc' dir='ltr'>δυναμένων</span> <span class='ocrx_word' id='word_1_581' title='bbox 3000 4044 3128 4105; x_wconf 84' lang='grc' dir='ltr'>τοὺς</span> <span class='ocrx_word' id='word_1_582' title='bbox 3192 4042 3426 4119; x_wconf 82' lang='grc' dir='ltr'>ἐχθροὺς</span> <span class='ocrx_word' id='word_1_583' title='bbox 3471 4043 3799 4115; x_wconf 82' lang='grc' dir='ltr'>ἀντωπῆσαι</span> 
     </span>
    </p>
   </div>
   <div class='ocr_carea' id='block_1_86' title="bbox 2138 4128 3796 4210">
    <p class='ocr_par' dir='ltr' id='par_1_86' title="bbox 2138 4128 3796 4210">
     <span class='ocr_line' id='line_1_86' title="bbox 2138 4128 3796 4210; baseline 0.002 -25"><span class='ocrx_word' id='word_1_584' title='bbox 2138 4129 2227 4186; x_wconf 82' lang='grc' dir='ltr'><strong>διὰ</strong></span> <span class='ocrx_word' id='word_1_585' title='bbox 2264 4133 2356 4186; x_wconf 87' lang='grc' dir='ltr'>τὸν</span> <span class='ocrx_word' id='word_1_586' title='bbox 2415 4128 2591 4186; x_wconf 81' lang='grc' dir='ltr'>πολὺν</span> <span class='ocrx_word' id='word_1_587' title='bbox 2673 4132 2980 4209; x_wconf 87' lang='grc' dir='ltr'>κονιορτὸν,</span> <span class='ocrx_word' id='word_1_588' title='bbox 3065 4130 3255 4196; x_wconf 84' lang='grc' dir='ltr'>δεινῶς</span> <span class='ocrx_word' id='word_1_589' title='bbox 3336 4132 3647 4210; x_wconf 82' lang='grc' dir='ltr'>τρέπονται,</span> <span class='ocrx_word' id='word_1_590' title='bbox 3698 4135 3796 4189; x_wconf 88' lang='grc' dir='ltr'><strong>καὶ</strong></span> 
     </span>
    </p>
   </div>
   <div class='ocr_carea' id='block_1_87' title="bbox 2136 4220 3798 4296">
    <p class='ocr_par' dir='ltr' id='par_1_87' title="bbox 2136 4220 3798 4296">
     <span class='ocr_line' id='line_1_87' title="bbox 2136 4220 3798 4296; baseline 0.004 -22"><span class='ocrx_word' id='word_1_591' title='bbox 2136 4220 2420 4294; x_wconf 82' lang='grc' dir='ltr'>ῥίπτοντες</span> <span class='ocrx_word' id='word_1_592' title='bbox 2451 4220 2676 4285; x_wconf 77' lang='grc' dir='ltr'>ἑαυτοὺς</span> <span class='ocrx_word' id='word_1_593' title='bbox 2715 4222 2790 4283; x_wconf 81' lang='grc' dir='ltr'><strong>είς</strong></span> <span class='ocrx_word' id='word_1_594' title='bbox 2837 4221 2967 4286; x_wconf 84' lang='grc' dir='ltr'>τοὺς</span> <span class='ocrx_word' id='word_1_595' title='bbox 3026 4223 3332 4287; x_wconf 82' lang='grc' dir='ltr'>στενωποὺς</span> <span class='ocrx_word' id='word_1_596' title='bbox 3384 4227 3481 4278; x_wconf 91' lang='grc' dir='ltr'><strong>τοῦ</strong></span> <span class='ocrx_word' id='word_1_597' title='bbox 3537 4228 3798 4296; x_wconf 87' lang='grc' dir='ltr'>ποταμοῦ</span> 
     </span>
    </p>
   </div>
   <div class='ocr_carea' id='block_1_88' title="bbox 2137 4306 3798 4387">
    <p class='ocr_par' dir='ltr' id='par_1_88' title="bbox 2137 4306 3798 4387">
     <span class='ocr_line' id='line_1_88' title="bbox 2137 4306 3798 4387; baseline 0.003 -22"><span class='ocrx_word' id='word_1_598' title='bbox 2137 4311 2473 4384; x_wconf 81' lang='grc' dir='ltr'>Ἰερμοχηθᾶ</span> <span class='ocrx_word' id='word_1_599' title='bbox 2529 4306 2898 4387; x_wconf 78' lang='grc' dir='ltr'>διεφθάρησαν</span> <span class='ocrx_word' id='word_1_600' title='bbox 2956 4313 3011 4365; x_wconf 75' lang='grc' dir='ltr'>αἱ</span> <span class='ocrx_word' id='word_1_601' title='bbox 3059 4310 3461 4386; x_wconf 81' lang='grc' dir='ltr'>τεσσαράκοντά</span> <span class='ocrx_word' id='word_1_602' title='bbox 3520 4309 3798 4387; x_wconf 63' lang='grc' dir='ltr'>χιλιάδεςι</span> 
     </span>
    </p>
   </div>
   <div class='ocr_carea' id='block_1_89' title="bbox 2134 4394 3797 4477">
    <p class='ocr_par' dir='ltr' id='par_1_89' title="bbox 2134 4394 3797 4477">
     <span class='ocr_line' id='line_1_89' title="bbox 2134 4394 3797 4477; baseline 0.002 -24"><span class='ocrx_word' id='word_1_603' title='bbox 2134 4394 2449 4473; x_wconf 74' lang='grc' dir='ltr'>ΙΙαρὲλαϐον</span> <span class='ocrx_word' id='word_1_604' title='bbox 2484 4396 2540 4453; x_wconf 77' lang='grc' dir='ltr'>δὲ</span> <span class='ocrx_word' id='word_1_605' title='bbox 2570 4399 2659 4453; x_wconf 87' lang='grc' dir='ltr'>καὶ</span> <span class='ocrx_word' id='word_1_606' title='bbox 2686 4400 2785 4468; x_wconf 86' lang='grc' dir='ltr'><strong>τήν</strong></span> <span class='ocrx_word' id='word_1_607' title='bbox 2819 4400 3102 4473; x_wconf 80' lang='grc' dir='ltr'>Δαμασκὸν</span> <span class='ocrx_word' id='word_1_608' title='bbox 3129 4402 3220 4456; x_wconf 83' lang='grc' dir='ltr'><strong>καὶ</strong></span> <span class='ocrx_word' id='word_1_609' title='bbox 3288 4401 3388 4463; x_wconf 82' lang='grc' dir='ltr'><strong>τὰς</strong></span> <span class='ocrx_word' id='word_1_610' title='bbox 3446 4401 3635 4477; x_wconf 87' lang='grc' dir='ltr'>χώρας</span> <span class='ocrx_word' id='word_1_611' title='bbox 3692 4408 3797 4472; x_wconf 81' lang='grc' dir='ltr'><strong>τῆς</strong></span> 
     </span>
    </p>
   </div>
   <div class='ocr_carea' id='block_1_90' title="bbox 2133 4488 3797 4565">
    <p class='ocr_par' dir='ltr' id='par_1_90' title="bbox 2133 4488 3797 4565">
     <span class='ocr_line' id='line_1_90' title="bbox 2133 4488 3797 4565; baseline 0.002 -23"><span class='ocrx_word' id='word_1_612' title='bbox 2133 4488 2413 4559; x_wconf 80' lang='grc' dir='ltr'>Φοινίκης,</span> <span class='ocrx_word' id='word_1_613' title='bbox 2443 4490 2534 4543; x_wconf 78' lang='grc' dir='ltr'><strong>καὶ</strong></span> <span class='ocrx_word' id='word_1_614' title='bbox 2567 4488 2864 4557; x_wconf 78' lang='grc' dir='ltr'>οἰκίζονται</span> <span class='ocrx_word' id='word_1_615' title='bbox 2897 4488 3027 4546; x_wconf 80' lang='grc' dir='ltr'>ἐκεῖ.</span> <span class='ocrx_word' id='word_1_616' title='bbox 3063 4490 3199 4546; x_wconf 78' lang='grc' dir='ltr'>Εἶτα</span> <span class='ocrx_word' id='word_1_617' title='bbox 3259 4490 3641 4565; x_wconf 81' lang='grc' dir='ltr'>στρατεύονται</span> <span class='ocrx_word' id='word_1_618' title='bbox 3673 4503 3797 4546; x_wconf 77' lang='grc' dir='ltr'>κατ’</span> 
     </span>
    </p>
   </div>
   <div class='ocr_carea' id='block_1_91' title="bbox 369 4572 2032 4663">
    <p class='ocr_par' dir='ltr' id='par_1_91' title="bbox 369 4575 2026 4651">
     <span class='ocr_line' id='line_1_91' title="bbox 369 4575 2026 4651; baseline -0.001 -17"><span class='ocrx_word' id='word_1_619' title='bbox 369 4579 527 4634; x_wconf 86' lang='lat' dir='ltr'><strong>facta</strong></span> <span class='ocrx_word' id='word_1_620' title='bbox 548 4579 945 4651; x_wconf 85' lang='lat' dir='ltr'><strong>expeditione,</strong></span> <span class='ocrx_word' id='word_1_621' title='bbox 977 4595 1105 4635; x_wconf 89' lang='lat' dir='ltr'><strong>eam</strong></span> <span class='ocrx_word' id='word_1_622' title='bbox 1138 4580 1595 4648; x_wconf 86' lang='lat' dir='ltr'><strong>occupaverunt,</strong></span> <span class='ocrx_word' id='word_1_623' title='bbox 1628 4575 1828 4645; x_wconf 90' lang='lat' dir='ltr'><strong>ibique</strong></span> <span class='ocrx_word' id='word_1_624' title='bbox 1854 4576 2026 4632; x_wconf 90' lang='lat' dir='ltr'><strong>sedes</strong></span> 
     </span>
    </p>
   </div>
   <div class='ocr_carea' id='block_1_92' title="bbox 2144 4572 3800 4663">
    <p class='ocr_par' dir='ltr' id='par_1_92' title="bbox 2144 4572 3800 4651">
     <span class='ocr_line' id='line_1_92' title="bbox 2144 4572 3800 4651; baseline 0.004 -22"><span class='ocrx_word' id='word_1_625' title='bbox 2144 4575 2442 4651; x_wconf 76' lang='grc' dir='ltr'>Αἰγύπτου,</span> <span class='ocrx_word' id='word_1_626' title='bbox 2500 4577 2590 4631; x_wconf 88' lang='grc' dir='ltr'><strong>καὶ</strong></span> <span class='ocrx_word' id='word_1_627' title='bbox 2643 4572 2900 4639; x_wconf 85' lang='grc' dir='ltr'>λαϐόντες</span> <span class='ocrx_word' id='word_1_628' title='bbox 2953 4577 3043 4632; x_wconf 84' lang='grc' dir='ltr'><strong>καὶ</strong></span> <span class='ocrx_word' id='word_1_629' title='bbox 3102 4579 3271 4648; x_wconf 71' lang='grc' dir='ltr'>αὐτὴν</span> <span class='ocrx_word' id='word_1_630' title='bbox 3345 4582 3691 4634; x_wconf 87' lang='grc' dir='ltr'>κατοικοῦσιν</span> <span class='ocrx_word' id='word_1_631' title='bbox 3743 4579 3800 4635; x_wconf 87' lang='grc' dir='ltr'>ἐν</span> 
     </span>
    </p>
   </div>
   <div class='ocr_carea' id='block_1_93' title="bbox 366 4683 640 4738">
    <p class='ocr_par' dir='ltr' id='par_1_93' title="bbox 366 4683 640 4738">
     <span class='ocr_line' id='line_1_93' title="bbox 366 4683 640 4738; baseline -0.004 -16"><span class='ocrx_word' id='word_1_632' title='bbox 366 4683 640 4738; x_wconf 89' lang='lat' dir='ltr'><strong>posuere.</strong></span> 
     </span>
    </p>
   </div>
   <div class='ocr_carea' id='block_1_94' title="bbox 442 4751 2034 4826">
    <p class='ocr_par' dir='ltr' id='par_1_94' title="bbox 442 4751 2034 4826">
     <span class='ocr_line' id='line_1_94' title="bbox 442 4751 2034 4826; baseline -0.001 -17"><span class='ocrx_word' id='word_1_633' title='bbox 442 4757 613 4809; x_wconf 83' lang='lat' dir='ltr'><strong>Anno</strong></span> <span class='ocrx_word' id='word_1_634' title='bbox 663 4754 946 4826; x_wconf 88' lang='lat' dir='ltr'><strong>vigesimo</strong></span> <span class='ocrx_word' id='word_1_635' title='bbox 1007 4759 1171 4810; x_wconf 86' lang='lat' dir='ltr'><strong>sexto</strong></span> <span class='ocrx_word' id='word_1_636' title='bbox 1225 4755 1498 4824; x_wconf 74' lang='lat' dir='ltr'><strong>Umerus,</strong></span> <span class='ocrx_word' id='word_1_637' title='bbox 1548 4752 1609 4805; x_wconf 90' lang='lat' dir='ltr'><strong>in</strong></span> <span class='ocrx_word' id='word_1_638' title='bbox 1661 4751 2034 4809; x_wconf 58' lang='lat' dir='ltr'><strong>Palaestinam</strong></span> 
     </span>
    </p>
   </div>
   <div class='ocr_carea' id='block_1_95' title="bbox 372 4840 2039 4915">
    <p class='ocr_par' dir='ltr' id='par_1_95' title="bbox 372 4840 2039 4915">
     <span class='ocr_line' id='line_1_95' title="bbox 372 4840 2039 4915; baseline -0.001 -17"><span class='ocrx_word' id='word_1_639' title='bbox 372 4859 508 4898; x_wconf 88' lang='lat' dir='ltr'><strong>cum</strong></span> <span class='ocrx_word' id='word_1_640' title='bbox 532 4843 748 4899; x_wconf 87' lang='lat' dir='ltr'><strong>infesto</strong></span> <span class='ocrx_word' id='word_1_641' title='bbox 775 4844 1035 4899; x_wconf 79' lang='lat' dir='ltr'><strong>exercitu</strong></span> <span class='ocrx_word' id='word_1_642' title='bbox 1061 4843 1411 4915; x_wconf 59' lang='lat' dir='ltr'><strong>ingressus,f</strong></span> <span class='ocrx_word' id='word_1_643' title='bbox 1420 4857 1647 4896; x_wconf 88' lang='lat' dir='ltr'><strong>sacram</strong></span> <span class='ocrx_word' id='word_1_644' title='bbox 1670 4840 1877 4896; x_wconf 91' lang='lat' dir='ltr'><strong>urbem</strong></span> <span class='ocrx_word' id='word_1_645' title='bbox 1911 4860 2039 4897; x_wconf 87' lang='lat' dir='ltr'><strong>cer-</strong></span> 
     </span>
    </p>
   </div>
   <div class='ocr_carea' id='block_1_96' title="bbox 368 4931 2035 5005">
    <p class='ocr_par' dir='ltr' id='par_1_96' title="bbox 368 4931 2035 5005">
     <span class='ocr_line' id='line_1_96' title="bbox 368 4931 2035 5005; baseline 0 -18"><span class='ocrx_word' id='word_1_646' title='bbox 368 4933 447 4988; x_wconf 90' lang='lat' dir='ltr'><strong>tis</strong></span> <span class='ocrx_word' id='word_1_647' title='bbox 477 4931 921 4988; x_wconf 89' lang='lat' dir='ltr'><strong>conditionibus</strong></span> <span class='ocrx_word' id='word_1_648' title='bbox 966 4933 1026 4987; x_wconf 91' lang='lat' dir='ltr'><strong>in</strong></span> <span class='ocrx_word' id='word_1_649' title='bbox 1075 4937 1431 5005; x_wconf 86' lang='lat' dir='ltr'><strong>potestatem</strong></span> <span class='ocrx_word' id='word_1_650' title='bbox 1485 4931 1734 5001; x_wconf 88' lang='lat' dir='ltr'><strong>accepit,</strong></span> <span class='ocrx_word' id='word_1_651' title='bbox 1784 4931 2035 5003; x_wconf 87' lang='lat' dir='ltr'><strong>Sophro-</strong></span> 
     </span>
    </p>
   </div>
   <div class='ocr_carea' id='block_1_97' title="bbox 367 5020 2031 5093">
    <p class='ocr_par' dir='ltr' id='par_1_97' title="bbox 367 5020 2031 5093">
     <span class='ocr_line' id='line_1_97' title="bbox 367 5020 2031 5093; baseline -0.001 -16"><span class='ocrx_word' id='word_1_652' title='bbox 367 5022 466 5077; x_wconf 91' lang='lat' dir='ltr'><strong>nio</strong></span> <span class='ocrx_word' id='word_1_653' title='bbox 500 5028 624 5077; x_wconf 91' lang='lat' dir='ltr'><strong>tum</strong></span> <span class='ocrx_word' id='word_1_654' title='bbox 656 5021 1010 5093; x_wconf 68' lang='lat' dir='ltr'><strong>patriarchae</strong></span> <span class='ocrx_word' id='word_1_655' title='bbox 1042 5036 1291 5075; x_wconf 85' lang='lat' dir='ltr'><strong>munere</strong></span> <span class='ocrx_word' id='word_1_656' title='bbox 1324 5020 1627 5089; x_wconf 77' lang='lat' dir='ltr'><strong>fungente.</strong></span> <span class='ocrx_word' id='word_1_657' title='bbox 1688 5020 1757 5073; x_wconf 89' lang='lat' dir='ltr'><strong>Ut</strong></span> <span class='ocrx_word' id='word_1_658' title='bbox 1790 5020 1848 5073; x_wconf 92' lang='lat' dir='ltr'><strong>in</strong></span> <span class='ocrx_word' id='word_1_659' title='bbox 1900 5038 2031 5076; x_wconf 89' lang='lat' dir='ltr'><strong>eam</strong></span> 
     </span>
    </p>
   </div>
   <div class='ocr_carea' id='block_1_98' title="bbox 369 5108 2030 5181">
    <p class='ocr_par' dir='ltr' id='par_1_98' title="bbox 369 5108 2030 5181">
     <span class='ocr_line' id='line_1_98' title="bbox 369 5108 2030 5181; baseline -0.001 -15"><span class='ocrx_word' id='word_1_660' title='bbox 369 5111 656 5181; x_wconf 87' lang='lat' dir='ltr'><strong>pervenit,</strong></span> <span class='ocrx_word' id='word_1_661' title='bbox 692 5116 915 5166; x_wconf 88' lang='lat' dir='ltr'><strong>vestem</strong></span> <span class='ocrx_word' id='word_1_662' title='bbox 967 5126 1039 5164; x_wconf 83' lang='lat' dir='ltr'><strong>ex</strong></span> <span class='ocrx_word' id='word_1_663' title='bbox 1093 5108 1461 5164; x_wconf 89' lang='lat' dir='ltr'><strong>camelorum</strong></span> <span class='ocrx_word' id='word_1_664' title='bbox 1508 5108 1646 5178; x_wconf 87' lang='lat' dir='ltr'><strong>pilis</strong></span> <span class='ocrx_word' id='word_1_665' title='bbox 1694 5115 2030 5165; x_wconf 81' lang='lat' dir='ltr'><strong>contextam</strong></span> 
     </span>
    </p>
   </div>
   <div class='ocr_carea' id='block_1_99' title="bbox 361 5197 2028 5271">
    <p class='ocr_par' dir='ltr' id='par_1_99' title="bbox 361 5197 2028 5271">
     <span class='ocr_line' id='line_1_99' title="bbox 361 5197 2028 5271; baseline 0.001 -19"><span class='ocrx_word' id='word_1_666' title='bbox 361 5199 604 5256; x_wconf 90' lang='lat' dir='ltr'><strong>indutus</strong></span> <span class='ocrx_word' id='word_1_667' title='bbox 635 5206 815 5271; x_wconf 88' lang='lat' dir='ltr'><strong>atque</strong></span> <span class='ocrx_word' id='word_1_668' title='bbox 842 5197 1203 5264; x_wconf 87' lang='lat' dir='ltr'><strong>sordidatus,</strong></span> <span class='ocrx_word' id='word_1_669' title='bbox 1231 5197 1677 5266; x_wconf 89' lang='lat' dir='ltr'><strong>satanicamque</strong></span> <span class='ocrx_word' id='word_1_670' title='bbox 1703 5197 2028 5253; x_wconf 85' lang='lat' dir='ltr'><strong>simulatio-</strong></span> 
     </span>
    </p>
   </div>
   <div class='ocr_carea' id='block_1_100' title="bbox 359 5285 1993 5358">
    <p class='ocr_par' dir='ltr' id='par_1_100' title="bbox 359 5285 1993 5358">
     <span class='ocr_line' id='line_1_100' title="bbox 359 5285 1993 5358; baseline -0.001 -14"><span class='ocrx_word' id='word_1_671' title='bbox 359 5306 497 5345; x_wconf 89' lang='lat' dir='ltr'><strong>nem</strong></span> <span class='ocrx_word' id='word_1_672' title='bbox 520 5291 834 5355; x_wconf 87' lang='lat' dir='ltr'><strong>adhibens,</strong></span> <span class='ocrx_word' id='word_1_673' title='bbox 871 5285 1152 5358; x_wconf 90' lang='lat' dir='ltr'><strong>templum</strong></span> <span class='ocrx_word' id='word_1_674' title='bbox 1171 5287 1508 5341; x_wconf 68' lang='lat' dir='ltr'><strong>Judzeorum</strong></span> <span class='ocrx_word' id='word_1_675' title='bbox 1531 5302 1565 5340; x_wconf 90' lang='lat' dir='ltr'><strong>a</strong></span> <span class='ocrx_word' id='word_1_676' title='bbox 1586 5285 1901 5341; x_wconf 89' lang='lat' dir='ltr'><strong>Solomone</strong></span> <span class='ocrx_word' id='word_1_677' title='bbox 1922 5304 1993 5342; x_wconf 81' lang='lat' dir='ltr'><strong>ex</strong></span> 
     </span>
    </p>
   </div>
   <div class='ocr_carea' id='block_1_101' title="bbox 356 5374 2015 5451">
    <p class='ocr_par' dir='ltr' id='par_1_101' title="bbox 356 5374 2015 5451">
     <span class='ocr_line' id='line_1_101' title="bbox 356 5374 2015 5451; baseline -0.001 -20"><span class='ocrx_word' id='word_1_678' title='bbox 356 5383 645 5434; x_wconf 90' lang='lat' dir='ltr'><strong>structum</strong></span> <span class='ocrx_word' id='word_1_679' title='bbox 671 5377 963 5451; x_wconf 75' lang='lat' dir='ltr'><strong>quaesivit,</strong></span> <span class='ocrx_word' id='word_1_680' title='bbox 990 5376 1137 5430; x_wconf 91' lang='lat' dir='ltr'><strong>utin</strong></span> <span class='ocrx_word' id='word_1_681' title='bbox 1161 5391 1230 5429; x_wconf 91' lang='lat' dir='ltr'><strong>eo</strong></span> <span class='ocrx_word' id='word_1_682' title='bbox 1254 5391 1374 5430; x_wconf 71' lang='lat' dir='ltr'><strong>sum</strong></span> <span class='ocrx_word' id='word_1_683' title='bbox 1405 5374 1707 5445; x_wconf 70' lang='lat' dir='ltr'><strong>sacrilegaa</strong></span> <span class='ocrx_word' id='word_1_684' title='bbox 1732 5377 2015 5445; x_wconf 88' lang='lat' dir='ltr'><strong>supersti-</strong></span> 
     </span>
    </p>
   </div>
   <div class='ocr_carea' id='block_1_102' title="bbox 359 5464 2013 5525">
    <p class='ocr_par' dir='ltr' id='par_1_102' title="bbox 359 5464 2013 5525">
     <span class='ocr_line' id='line_1_102' title="bbox 359 5464 2013 5525; baseline 0.001 -7"><span class='ocrx_word' id='word_1_685' title='bbox 359 5468 539 5521; x_wconf 89' lang='lat' dir='ltr'><strong>tionis</strong></span> <span class='ocrx_word' id='word_1_686' title='bbox 571 5468 943 5525; x_wconf 89' lang='lat' dir='ltr'><strong>domicilium</strong></span> <span class='ocrx_word' id='word_1_687' title='bbox 994 5466 1401 5521; x_wconf 81' lang='lat' dir='ltr'><strong>constitueret.</strong></span> <span class='ocrx_word' id='word_1_688' title='bbox 1454 5465 1621 5518; x_wconf 85' lang='lat' dir='ltr'><strong>Hunc</strong></span> <span class='ocrx_word' id='word_1_689' title='bbox 1670 5464 1873 5519; x_wconf 88' lang='lat' dir='ltr'><strong>videns</strong></span> <span class='ocrx_word' id='word_1_690' title='bbox 1913 5466 2013 5520; x_wconf 87' lang='lat' dir='ltr'><strong>So-</strong></span> 
     </span>
    </p>
   </div>
   <div class='ocr_carea' id='block_1_103' title="bbox 356 5553 2014 5625">
    <p class='ocr_par' dir='ltr' id='par_1_103' title="bbox 356 5553 2014 5625">
     <span class='ocr_line' id='line_1_103' title="bbox 356 5553 2014 5625; baseline 0.002 -18"><span class='ocrx_word' id='word_1_691' title='bbox 356 5554 756 5625; x_wconf 86' lang='lat' dir='ltr'><strong>phronius,ait</strong></span> <span class='ocrx_word' id='word_1_692' title='bbox 773 5574 784 5611; x_wconf 93' lang='lat'>:</span> <span class='ocrx_word' id='word_1_693' title='bbox 801 5579 829 5605; x_wconf 82' lang='lat' dir='ltr'><strong>u</strong></span> <span class='ocrx_word' id='word_1_694' title='bbox 849 5556 1118 5611; x_wconf 84' lang='lat' dir='ltr'><strong>Profecto</strong></span> <span class='ocrx_word' id='word_1_695' title='bbox 1143 5555 1253 5610; x_wconf 89' lang='lat' dir='ltr'><strong>hoc</strong></span> <span class='ocrx_word' id='word_1_696' title='bbox 1274 5560 1361 5610; x_wconf 88' lang='lat' dir='ltr'><strong>est</strong></span> <span class='ocrx_word' id='word_1_697' title='bbox 1382 5553 1848 5609; x_wconf 88' lang='lat' dir='ltr'><strong>abominandum</strong></span> <span class='ocrx_word' id='word_1_698' title='bbox 1865 5554 2014 5611; x_wconf 90' lang='lat' dir='ltr'><strong>illud</strong></span> 
     </span>
    </p>
   </div>
   <div class='ocr_carea' id='block_1_104' title="bbox 356 5642 2005 5716">
    <p class='ocr_par' dir='ltr' id='par_1_104' title="bbox 356 5642 2005 5716">
     <span class='ocr_line' id='line_1_104' title="bbox 356 5642 2005 5716; baseline 0.003 -22"><span class='ocrx_word' id='word_1_699' title='bbox 356 5642 700 5697; x_wconf 87' lang='lat' dir='ltr'><strong>vastationis</strong></span> <span class='ocrx_word' id='word_1_700' title='bbox 729 5650 1165 5716; x_wconf 84' lang='lat' dir='ltr'><strong>argumentum,</strong></span> <span class='ocrx_word' id='word_1_701' title='bbox 1211 5650 1373 5698; x_wconf 86' lang='lat' dir='ltr'><strong>stans</strong></span> <span class='ocrx_word' id='word_1_702' title='bbox 1419 5643 1479 5697; x_wconf 92' lang='lat' dir='ltr'><strong>in</strong></span> <span class='ocrx_word' id='word_1_703' title='bbox 1526 5643 1656 5697; x_wconf 91' lang='lat' dir='ltr'><strong>loco</strong></span> <span class='ocrx_word' id='word_1_704' title='bbox 1702 5644 2005 5699; x_wconf 69' lang='lat' dir='ltr'><strong>sancto!-</strong></span> 
     </span>
    </p>
   </div>
   <div class='ocr_carea' id='block_1_105' title="bbox 363 5728 2009 5799">
    <p class='ocr_par' dir='ltr' id='par_1_105' title="bbox 363 5728 2009 5799">
     <span class='ocr_line' id='line_1_105' title="bbox 363 5728 2009 5799; baseline 0.004 -13"><span class='ocrx_word' id='word_1_705' title='bbox 363 5728 669 5799; x_wconf 88' lang='lat' dir='ltr'><strong>multoque</strong></span> <span class='ocrx_word' id='word_1_706' title='bbox 700 5748 835 5786; x_wconf 89' lang='lat' dir='ltr'><strong>cum</strong></span> <span class='ocrx_word' id='word_1_707' title='bbox 865 5731 1008 5787; x_wconf 85' lang='lat' dir='ltr'><strong>ﬂetu</strong></span> <span class='ocrx_word' id='word_1_708' title='bbox 1038 5748 1166 5788; x_wconf 88' lang='lat' dir='ltr'><strong>rem</strong></span> <span class='ocrx_word' id='word_1_709' title='bbox 1205 5732 1596 5789; x_wconf 87' lang='lat' dir='ltr'><strong>Christianam</strong></span> <span class='ocrx_word' id='word_1_710' title='bbox 1648 5731 2009 5792; x_wconf 87' lang='lat' dir='ltr'><strong>lamentatus</strong></span> 
     </span>
    </p>
   </div>
   <div class='ocr_carea' id='block_1_106' title="bbox 2132 4665 2297 4739">
    <p class='ocr_par' dir='ltr' id='par_1_106' title="bbox 2132 4665 2297 4739">
     <span class='ocr_line' id='line_1_106' title="bbox 2132 4665 2297 4739; baseline 0.03 -20"><span class='ocrx_word' id='word_1_711' title='bbox 2132 4665 2297 4739; x_wconf 81' lang='grc' dir='ltr'>αὐτῇ.</span> 
     </span>
    </p>
   </div>
   <div class='ocr_carea' id='block_1_107' title="bbox 2211 4753 3797 4831">
    <p class='ocr_par' dir='ltr' id='par_1_107' title="bbox 2211 4753 3797 4831">
     <span class='ocr_line' id='line_1_107' title="bbox 2211 4753 3797 4831; baseline 0.001 -20"><span class='ocrx_word' id='word_1_712' title='bbox 2211 4758 2300 4826; x_wconf 84' lang='grc' dir='ltr'>Τῷ</span> <span class='ocrx_word' id='word_1_713' title='bbox 2354 4755 2433 4816; x_wconf 77' lang='grc' dir='ltr'>κς¹</span> <span class='ocrx_word' id='word_1_714' title='bbox 2499 4753 2627 4827; x_wconf 76' lang='grc' dir='ltr'>ἔτει,</span> <span class='ocrx_word' id='word_1_715' title='bbox 2700 4757 2979 4831; x_wconf 89' lang='grc' dir='ltr'>στρατεύει</span> <span class='ocrx_word' id='word_1_716' title='bbox 3071 4753 3332 4831; x_wconf 76' lang='grc' dir='ltr'>Ούμαρος</span> <span class='ocrx_word' id='word_1_717' title='bbox 3388 4756 3525 4813; x_wconf 81' lang='grc' dir='ltr'>κατὰ</span> <span class='ocrx_word' id='word_1_718' title='bbox 3581 4763 3797 4813; x_wconf 76' lang='grc' dir='ltr'>Παλαι-</span> 
     </span>
    </p>
   </div>
   <div class='ocr_carea' id='block_1_108' title="bbox 2139 4839 3795 4921">
    <p class='ocr_par' dir='ltr' id='par_1_108' title="bbox 2139 4839 3795 4921">
     <span class='ocr_line' id='line_1_108' title="bbox 2139 4839 3795 4921; baseline 0.001 -22"><span class='ocrx_word' id='word_1_719' title='bbox 2139 4843 2348 4913; x_wconf 85' lang='grc' dir='ltr'>στίνης,</span> <span class='ocrx_word' id='word_1_720' title='bbox 2390 4845 2481 4898; x_wconf 79' lang='grc' dir='ltr'><strong>καὶ</strong></span> <span class='ocrx_word' id='word_1_721' title='bbox 2538 4839 2958 4918; x_wconf 78' lang='grc' dir='ltr'>παραλαμϐάνει</span> <span class='ocrx_word' id='word_1_722' title='bbox 3020 4843 3207 4920; x_wconf 89' lang='grc' dir='ltr'>λόγοις</span> <span class='ocrx_word' id='word_1_723' title='bbox 3262 4847 3361 4914; x_wconf 82' lang='grc' dir='ltr'><strong>τήν</strong></span> <span class='ocrx_word' id='word_1_724' title='bbox 3416 4846 3569 4921; x_wconf 85' lang='grc' dir='ltr'>ἁγίαν</span> <span class='ocrx_word' id='word_1_725' title='bbox 3627 4845 3795 4901; x_wconf 62' lang='grc' dir='ltr'>πόλι]</span> 
     </span>
    </p>
   </div>
   <div class='ocr_carea' id='block_1_109' title="bbox 2136 4931 3791 5011">
    <p class='ocr_par' dir='ltr' id='par_1_109' title="bbox 2136 4931 3791 5011">
     <span class='ocr_line' id='line_1_109' title="bbox 2136 4931 3791 5011; baseline 0.001 -23"><span class='ocrx_word' id='word_1_726' title='bbox 2136 4933 2460 5011; x_wconf 76' lang='grc' dir='ltr'>Σωφρονίου</span> <span class='ocrx_word' id='word_1_727' title='bbox 2489 4932 2840 5009; x_wconf 64' lang='grc' dir='ltr'><strong>πατριάρχου⁴</strong></span> <span class='ocrx_word' id='word_1_728' title='bbox 2867 4931 3043 4997; x_wconf 76' lang='grc' dir='ltr'>ὄντος.</span> <span class='ocrx_word' id='word_1_729' title='bbox 3079 4932 3360 4999; x_wconf 84' lang='grc' dir='ltr'>Εἳσελθὼν</span> <span class='ocrx_word' id='word_1_730' title='bbox 3420 4932 3477 4990; x_wconf 74' lang='grc' dir='ltr'>δὲ</span> <span class='ocrx_word' id='word_1_731' title='bbox 3531 4934 3791 5009; x_wconf 75' lang='grc' dir='ltr'>Οῧμαρος</span> 
     </span>
    </p>
   </div>
   <div class='ocr_carea' id='block_1_110' title="bbox 2135 5021 3790 5099">
    <p class='ocr_par' dir='ltr' id='par_1_110' title="bbox 2135 5021 3790 5099">
     <span class='ocr_line' id='line_1_110' title="bbox 2135 5021 3790 5099; baseline 0.003 -24"><span class='ocrx_word' id='word_1_732' title='bbox 2135 5023 2212 5086; x_wconf 85' lang='grc' dir='ltr'>εἰς</span> <span class='ocrx_word' id='word_1_733' title='bbox 2234 5023 2333 5090; x_wconf 79' lang='grc' dir='ltr'>τὴν</span> <span class='ocrx_word' id='word_1_734' title='bbox 2361 5021 2516 5099; x_wconf 85' lang='grc' dir='ltr'>ἁγίαν</span> <span class='ocrx_word' id='word_1_735' title='bbox 2549 5021 2711 5077; x_wconf 87' lang='grc' dir='ltr'>πόλιν</span> <span class='ocrx_word' id='word_1_736' title='bbox 2740 5025 3012 5099; x_wconf 86' lang='grc' dir='ltr'>τριχίνοις</span> <span class='ocrx_word' id='word_1_737' title='bbox 3079 5023 3139 5079; x_wconf 80' lang='grc' dir='ltr'>ἐκ</span> <span class='ocrx_word' id='word_1_738' title='bbox 3193 5022 3453 5097; x_wconf 81' lang='grc' dir='ltr'>καμήλου</span> <span class='ocrx_word' id='word_1_739' title='bbox 3497 5021 3790 5097; x_wconf 76' lang='grc' dir='ltr'>ἐνδύμασιν</span> 
     </span>
    </p>
   </div>
   <div class='ocr_carea' id='block_1_111' title="bbox 2132 5111 3788 5189">
    <p class='ocr_par' dir='ltr' id='par_1_111' title="bbox 2132 5111 3788 5189">
     <span class='ocr_line' id='line_1_111' title="bbox 2132 5111 3788 5189; baseline 0.001 -23"><span class='ocrx_word' id='word_1_740' title='bbox 2132 5111 2503 5189; x_wconf 72' lang='grc' dir='ltr'>ἠμφιεσμένος</span> <span class='ocrx_word' id='word_1_741' title='bbox 2544 5111 2952 5187; x_wconf 78' lang='grc' dir='ltr'>έρῥυπωμένοις</span> <span class='ocrx_word' id='word_1_742' title='bbox 3032 5113 3317 5189; x_wconf 85' lang='grc' dir='ltr'>ὑπόκρισίν</span> <span class='ocrx_word' id='word_1_743' title='bbox 3363 5134 3424 5169; x_wconf 88' lang='grc' dir='ltr'><strong>τε</strong></span> <span class='ocrx_word' id='word_1_744' title='bbox 3482 5114 3788 5182; x_wconf 76' lang='grc' dir='ltr'>Σατανικήν</span> 
     </span>
    </p>
   </div>
   <div class='ocr_carea' id='block_1_112' title="bbox 2129 5198 3796 5274">
    <p class='ocr_par' dir='ltr' id='par_1_112' title="bbox 2129 5198 3796 5274">
     <span class='ocr_line' id='line_1_112' title="bbox 2129 5198 3796 5274; baseline 0.001 -18"><span class='ocrx_word' id='word_1_745' title='bbox 2129 5198 2559 5273; x_wconf 63' lang='grc' dir='ltr'>ἐνδεικνύμενος,</span> <span class='ocrx_word' id='word_1_746' title='bbox 2618 5202 2709 5256; x_wconf 90' lang='grc' dir='ltr'>τὸν</span> <span class='ocrx_word' id='word_1_747' title='bbox 2762 5204 2887 5257; x_wconf 87' lang='grc' dir='ltr'>ναὸν</span> <span class='ocrx_word' id='word_1_748' title='bbox 2947 5202 3128 5274; x_wconf 78' lang='grc' dir='ltr'>ἐζήτει</span> <span class='ocrx_word' id='word_1_749' title='bbox 3207 5206 3316 5257; x_wconf 85' lang='grc' dir='ltr'>τῶν</span> <span class='ocrx_word' id='word_1_750' title='bbox 3379 5199 3680 5273; x_wconf 86' lang='grc' dir='ltr'>Ἰουδαίων,</span> <span class='ocrx_word' id='word_1_751' title='bbox 3734 5203 3796 5259; x_wconf 80' lang='grc' dir='ltr'><strong>δν</strong></span> 
     </span>
    </p>
   </div>
   <div class='ocr_carea' id='block_1_113' title="bbox 2129 5287 3792 5368">
    <p class='ocr_par' dir='ltr' id='par_1_113' title="bbox 2129 5287 3792 5368">
     <span class='ocr_line' id='line_1_113' title="bbox 2129 5287 3792 5368; baseline 0.002 -23"><span class='ocrx_word' id='word_1_752' title='bbox 2129 5287 2459 5364; x_wconf 76' lang='grc' dir='ltr'>ᾠκοδόμησε</span> <span class='ocrx_word' id='word_1_753' title='bbox 2518 5291 2811 5365; x_wconf 80' lang='grc' dir='ltr'>Σολομῶν,</span> <span class='ocrx_word' id='word_1_754' title='bbox 2871 5295 3343 5368; x_wconf 68' lang='grc' dir='ltr'>προσκυνητήριον</span> <span class='ocrx_word' id='word_1_755' title='bbox 3396 5296 3625 5358; x_wconf 79' lang='grc' dir='ltr'>ποιῆσαι</span> <span class='ocrx_word' id='word_1_756' title='bbox 3684 5299 3792 5363; x_wconf 86' lang='grc' dir='ltr'><strong>τῆς</strong></span> 
     </span>
    </p>
   </div>
   <div class='ocr_carea' id='block_1_114' title="bbox 2126 5378 3789 5459">
    <p class='ocr_par' dir='ltr' id='par_1_114' title="bbox 2126 5378 3789 5459">
     <span class='ocr_line' id='line_1_114' title="bbox 2126 5378 3789 5459; baseline 0.002 -27"><span class='ocrx_word' id='word_1_757' title='bbox 2126 5378 2291 5433; x_wconf 81' lang='grc' dir='ltr'>αὐτοῦ</span> <span class='ocrx_word' id='word_1_758' title='bbox 2340 5378 2721 5457; x_wconf 78' lang='grc' dir='ltr'>βλασφημίας.</span> <span class='ocrx_word' id='word_1_759' title='bbox 2806 5382 3015 5437; x_wconf 90' lang='grc' dir='ltr'>Τοῦτον</span> <span class='ocrx_word' id='word_1_760' title='bbox 3092 5378 3225 5435; x_wconf 78' lang='grc' dir='ltr'>ἰδὼν</span> <span class='ocrx_word' id='word_1_761' title='bbox 3284 5381 3604 5456; x_wconf 83' lang='grc' dir='ltr'>Σωφρόνιος</span> <span class='ocrx_word' id='word_1_762' title='bbox 3658 5378 3789 5459; x_wconf 78' lang='grc' dir='ltr'>ἔφη’</span> 
     </span>
    </p>
   </div>
   <div class='ocr_carea' id='block_1_115' title="bbox 2127 5463 3793 5545">
    <p class='ocr_par' dir='ltr' id='par_1_115' title="bbox 2127 5463 3793 5545">
     <span class='ocr_line' id='line_1_115' title="bbox 2127 5463 3793 5545; baseline 0.003 -26"><span class='ocrx_word' id='word_1_763' title='bbox 2127 5490 2156 5519; x_wconf 92' lang='grc'><strong>‹‹</strong></span> <span class='ocrx_word' id='word_1_764' title='bbox 2186 5466 2304 5524; x_wconf 80' lang='grc' dir='ltr'><strong>Ἐπ’</strong></span> <span class='ocrx_word' id='word_1_765' title='bbox 2365 5463 2625 5537; x_wconf 79' lang='grc' dir='ltr'>ἀληθείας</span> <span class='ocrx_word' id='word_1_766' title='bbox 2669 5469 2830 5523; x_wconf 88' lang='grc' dir='ltr'>τοῦτό</span> <span class='ocrx_word' id='word_1_767' title='bbox 2873 5468 2988 5524; x_wconf 80' lang='grc' dir='ltr'>ἐστι</span> <span class='ocrx_word' id='word_1_768' title='bbox 3036 5469 3099 5524; x_wconf 89' lang='grc' dir='ltr'>τὸ</span> <span class='ocrx_word' id='word_1_769' title='bbox 3162 5466 3450 5545; x_wconf 80' lang='grc' dir='ltr'>βδέλυγμα</span> <span class='ocrx_word' id='word_1_770' title='bbox 3506 5475 3607 5539; x_wconf 84' lang='grc' dir='ltr'><strong>τῆς</strong></span> <span class='ocrx_word' id='word_1_771' title='bbox 3664 5467 3793 5545; x_wconf 78' lang='grc' dir='ltr'>ἐρη-</span> 
     </span>
    </p>
   </div>
   <div class='ocr_carea' id='block_1_116' title="bbox 2126 5554 3795 5634">
    <p class='ocr_par' dir='ltr' id='par_1_116' title="bbox 2126 5554 3795 5634">
     <span class='ocr_line' id='line_1_116' title="bbox 2126 5554 3795 5634; baseline 0.001 -24"><span class='ocrx_word' id='word_1_772' title='bbox 2126 5557 2376 5629; x_wconf 81' lang='grc' dir='ltr'>μώσεως,</span> <span class='ocrx_word' id='word_1_773' title='bbox 2409 5556 2579 5618; x_wconf 72' lang='grc' dir='ltr'>ἑστὼς</span> <span class='ocrx_word' id='word_1_774' title='bbox 2618 5555 2670 5611; x_wconf 81' lang='grc' dir='ltr'>ὲν</span> <span class='ocrx_word' id='word_1_775' title='bbox 2725 5557 2879 5632; x_wconf 86' lang='grc' dir='ltr'>τόπῳ</span> <span class='ocrx_word' id='word_1_776' title='bbox 2937 5558 3082 5634; x_wconf 86' lang='grc' dir='ltr'>ἀγίῳ</span> <span class='ocrx_word' id='word_1_777' title='bbox 3127 5560 3205 5615; x_wconf 77' lang='grc' dir='ltr'>ί»</span> <span class='ocrx_word' id='word_1_778' title='bbox 3263 5557 3507 5618; x_wconf 75' lang='grc' dir='ltr'>πολλοῖς</span> <span class='ocrx_word' id='word_1_779' title='bbox 3563 5578 3621 5613; x_wconf 91' lang='grc' dir='ltr'><strong>τε</strong></span> <span class='ocrx_word' id='word_1_780' title='bbox 3695 5554 3795 5612; x_wconf 83' lang='grc' dir='ltr'>δά-</span> 
     </span>
    </p>
   </div>
   <div class='ocr_carea' id='block_1_117' title="bbox 2120 5642 3799 5723">
    <p class='ocr_par' dir='ltr' id='par_1_117' title="bbox 2120 5642 3799 5723">
     <span class='ocr_line' id='line_1_117' title="bbox 2120 5642 3799 5723; baseline 0 -24"><span class='ocrx_word' id='word_1_781' title='bbox 2120 5666 2278 5716; x_wconf 82' lang='grc' dir='ltr'>κρυσι</span> <span class='ocrx_word' id='word_1_782' title='bbox 2329 5643 2455 5706; x_wconf 80' lang='grc' dir='ltr'>τοὺς</span> <span class='ocrx_word' id='word_1_783' title='bbox 2540 5645 2903 5720; x_wconf 72' lang='grc' dir='ltr'>Χριστιανοὺς</span> <span class='ocrx_word' id='word_1_784' title='bbox 2997 5642 3351 5721; x_wconf 84' lang='grc' dir='ltr'>ἀπωδύρετο.</span> <span class='ocrx_word' id='word_1_785' title='bbox 3414 5643 3799 5723; x_wconf 86' lang='grc' dir='ltr'>Παρεκάλεσεν</span> 
     </span>
    </p>
   </div>
   <div class='ocr_carea' id='block_1_118' title="bbox 2120 5729 3789 5793">
    <p class='ocr_par' dir='ltr' id='par_1_118' title="bbox 2120 5729 3789 5793">
     <span class='ocr_line' id='line_1_118' title="bbox 2120 5729 3789 5793; baseline 0.001 -3"><span class='ocrx_word' id='word_1_786' title='bbox 2120 5735 2213 5790; x_wconf 81' lang='grc' dir='ltr'><strong>οὗν</strong></span> <span class='ocrx_word' id='word_1_787' title='bbox 2246 5733 2413 5790; x_wconf 84' lang='grc' dir='ltr'>αὐτὸν</span> <span class='ocrx_word' id='word_1_788' title='bbox 2445 5729 2634 5789; x_wconf 85' lang='grc' dir='ltr'>λαϐεῖν</span> <span class='ocrx_word' id='word_1_789' title='bbox 2676 5733 2890 5791; x_wconf 86' lang='grc' dir='ltr'>σινδόνα</span> <span class='ocrx_word' id='word_1_790' title='bbox 2943 5736 3034 5791; x_wconf 87' lang='grc' dir='ltr'><strong>καὶ</strong></span> <span class='ocrx_word' id='word_1_791' title='bbox 3091 5732 3430 5793; x_wconf 82' lang='grc' dir='ltr'>ἐνδύσασθαι·</span> <span class='ocrx_word' id='word_1_792' title='bbox 3487 5736 3516 5790; x_wconf 88' lang='lat'><strong>6</strong></span> <span class='ocrx_word' id='word_1_793' title='bbox 3576 5731 3636 5791; x_wconf 74' lang='grc' dir='ltr'>δὲ</span> <span class='ocrx_word' id='word_1_794' title='bbox 3684 5734 3789 5793; x_wconf 77' lang='grc' dir='ltr'><strong>οὐκ</strong></span> 
     </span>
    </p>
   </div>
  </div>
