4120 6416
309 453 429 515 817

1469 434 2008 500 HISTOltlABUM
2054 436 2601 505 GOMPENDIUM.

3622 446 3747 511 818

325 583 618 655 ἠνέσχετο.
659 577 837 650 Μόγις
896 575 989 629 οὗν
1043 572 1284 641 ἐπείσθη,
1351 572 1441 627 καὶ
1498 567 1839 626 πλυνθέντων
1869 570 1969 622 τῶν

2094 575 2203 626 est.
2238 574 2513 633 Hortatus
2542 578 2744 649 itaque
2775 594 2913 634 eum
2970 582 3081 646 est,
3130 581 3197 633 ut
3243 578 3493 635 sindone
3544 598 3605 637 se
3660 582 3748 638 in-

330 674 497 731 αὐτοῦ
554 671 720 727 πάλιν
781 668 1080 743 ἀπέστρεψε
1153 664 1222 721 τά
1295 669 1393 720 τοῦ
1474 662 1847 738 πατριάρχου.
1899 659 1969 712 ‘Ex

2088 659 2334 719 dueret:
2368 681 2572 721 verum
2626 668 2677 722 is
2720 669 2938 722 renuit.
2994 667 3099 722 Vix
3150 668 3390 723 tandem
3439 685 3741 740 assensus,

327 761 544 821 τούτοις
577 752 790 814 ἀπεϐίω
819 756 1156 827 Σωφρόνιος,
1213 750 1407 808 πολλά
1460 749 1599 807 κατά
1652 747 1981 825 Ἡρακλείου

322 852 551 907 καὶτῶν
580 844 906 926 ὁμοφρόνων
965 842 1131 899 αὐτοῦ
1189 843 1420 919 Σεργίου
1472 842 1558 896 καὶ
1622 837 1837 915 [Ιύρρου
1867 840 1979 891 τῶν

328 937 734 1008 Μονοθελητῶν
762 932 1193 1010 ἀγωνισάμενος.
1252 930 1448 1004 Τούτῳ
1477 933 1558 1003 τῷ
1609 927 1716 984 ἔτει
1747 926 1979 983 ἀπολύει

322 1029 581 1102 Οῦμαρος
609 1030 700 1081 τὸν
723 1022 831 1083 Ἰὰδ
863 1022 939 1085 εἷς
993 1020 1209 1098 Συρίαν,
1264 1020 1351 1076 καὶ
1411 1018 1633 1089 ὑπέταξε
1661 1022 1834 1073 πᾶσαν
1859 1021 1977 1079 τοῖς

315 1122 679 1195 Σαρακηνοῖς.

389 1297 519 1372 Περὶ
551 1293 611 1351 δέ
635 1315 700 1371 γε
728 1300 828 1364 τῆς
850 1291 1006 1369 ἁγίας
1037 1294 1140 1373 γῆς
1196 1295 1225 1346 6
1264 1290 1542 1352 θεσπέσιος
1577 1287 1730 1364 ἔλεγε
1811 1293 1975 1342 Μωϋ-

313 1396 416 1458 σῆς
448 1385 585 1459 πρὸς
610 1385 702 1441 τὸν
735 1383 981 1459 Ἰσραήλ·
1006 1379 1147 1437 Ἰδοὺ
1183 1380 1375 1455 Κύριος
1437 1380 1465 1434 6
1523 1380 1655 1440 Θεός
1714 1398 1810 1431 σου
1868 1376 1977 1431 εἰσ-

317 1481 440 1549 άζει
466 1498 523 1531 σε
553 1475 629 1536 εἰς
660 1479 764 1551 γῆν
798 1475 1006 1549 ἀγαθὴν
1033 1472 1124 1527 καὶ
1154 1469 1397 1541 πολλὴν,
1420 1470 1488 1540 ἧς
1516 1467 1815 1544 χείμαρροι
1848 1464 1978 1521 ὑδά-

310 1589 420 1625 των
446 1566 538 1622 καὶ
577 1563 748 1640 πηγαὶ
791 1558 1028 1618 ἀϐύσσου
1088 1560 1512 1637 ἐκπορευόμεναι
1573 1556 1663 1613 διὰ
1715 1561 1824 1612 τῶν
1878 1576 1977 1610 πε-

315 1654 514 1713 διάδων
548 1654 639 1710 καὶ
667 1658 777 1709 τῶν
812 1652 1006 1727 ὀρέων.
1039 1656 1113 1719 Γῆ
1179 1654 1355 1725 πυροῦ
1417 1648 1509 1703 καὶ
1554 1654 1773 1723 κριθῆς,
1806 1644 1978 1719 ἄμπε-

317 1746 408 1803 λοι
433 1745 523 1800 καὶ
555 1748 716 1798 συκαῖ
742 1741 835 1797 καὶ
867 1740 1011 1816 ῥοιαὶ
1067 1740 1160 1795 καὶ
1218 1738 1482 1818 φοίνικες·
1546 1743 1618 1814 γῆ
1669 1735 1857 1791 ἐλαίου
1885 1734 1976 1789 καὶ

322 1834 564 1911 μέλιτος·
597 1840 670 1908 γῆ
704 1832 786 1906 ἐφ’
815 1830 884 1901 ἦν
916 1830 978 1885 ού
1015 1830 1148 1903 μετά
1207 1827 1490 1903 πτωχείας
1522 1827 1665 1906 φάγῃ
1689 1826 1783 1881 τὸν
1817 1822 1979 1898 ἄρτον

2086 752 2225 807 lotis
2257 756 2381 811 suis
2412 757 2692 826 vestibus,
2748 757 3097 829 patriarchas
3143 774 3281 813 suas
3327 757 3605 814 reddidit.
3662 762 3743 815 Ea

2085 847 2437 915 tempestate
2468 846 2628 902 diem
2662 863 2834 902 suum
2865 848 3014 903 obiit
3051 847 3439 919 Sophronius,
3471 864 3607 903 cum
3637 848 3740 904 diu

2083 934 2460 1007 multumque
2491 937 2772 992 adversus
2806 937 3160 1003 Heraclium,
3194 942 3253 992 et
3300 954 3435 993 cum
3483 954 3553 993 eo
3603 954 3740 993 sen-

2084 1022 2299 1079 tientes
2331 1026 2597 1098 Sergium
2628 1043 2697 1082 ac
2727 1028 3019 1100 Pyrrhum
3050 1026 3484 1083 monotheletas
3531 1027 3737 1084 decer-

2081 1117 2281 1168 tasset.
2318 1115 2438 1171 Hoc
2467 1131 2625 1170 anno
2660 1117 2910 1172 Umarus
2928 1117 3142 1172 Jadum
3174 1118 3234 1171 in
3266 1117 3495 1189 Syriam
3527 1118 3734 1186 mittit,

2080 1204 2385 1273 totamque
2417 1205 2478 1258 in
2514 1205 2977 1261 Sarracenorum
3011 1210 3366 1277 potestatem
3393 1205 3630 1278 redigit.

2155 1292 2300 1347 747
2357 1293 2649 1349 Caeterum
2709 1295 2783 1350 de
2835 1299 2993 1349 terra
3034 1300 3241 1350 sancta
3292 1297 3480 1350 Moses
3526 1295 3611 1350 ita
3655 1297 3739 1350 Is-

2079 1381 2307 1436 raelitis
2340 1388 2433 1436 est
2462 1383 2817 1439 vaticinatus
2850 1401 2862 1438 :
2894 1387 3041 1439 Ecce
3076 1384 3361 1441 Dominus
3401 1385 3556 1439 Deus
3599 1389 3741 1440 tuus

2080 1471 2419 1527 introducet
2464 1477 2519 1527 te
2582 1473 2645 1528 in
2703 1475 3010 1547 regionem
3062 1475 3283 1530 bonam
3337 1479 3396 1530 et
3451 1474 3736 1545 amplam,

2078 1562 2250 1632 cujus
2279 1579 2448 1634 aquae
2480 1569 2774 1620 torrentes
2806 1569 2861 1619 et
2912 1566 3108 1620 fontes
3158 1564 3353 1636 abyssi
3403 1569 3623 1620 exeunt
3666 1580 3735 1619 ex

2079 1650 2441 1721 planitiebus
2472 1658 2530 1709 et
2558 1654 2865 1709 montibus
2896 1671 2908 1707 :
2942 1660 3163 1710 terram
3193 1654 3390 1709 tritico
3422 1659 3481 1709 et
3512 1654 3736 1709 hordeo

2080 1740 2505 1810 abundantem,
2539 1743 2773 1811 vitibus,
2807 1743 3056 1810 ﬁcubus,
3090 1743 3265 1798 malis
3296 1743 3553 1815 piinicis,
3602 1742 3736 1815 pal-

2081 1828 2232 1895 mis:
2265 1836 2481 1887 terram
2531 1832 2662 1887 oleo
2716 1838 2775 1887 et
2833 1832 3011 1888 melle
3069 1832 3438 1901 afﬂuentem,
3497 1833 3560 1888 in
3616 1848 3738 1903 qua

317 1943 435 1980 σου·
462 1926 537 2001 γῆ
563 1924 631 1993 ἧς
663 1923 715 1977 οἱ
748 1922 898 1977 λίθοι
929 1917 1175 1995 σίδηρος,
1223 1918 1313 1973 καὶ
1368 1917 1428 1972 έκ
1484 1922 1592 1971 τῶν
1626 1916 1797 1990 ἀρέων
1866 1915 1969 1970 αὖ·

2082 1934 2236 1989 pane
2265 1924 2365 1975 tuo
2394 1919 2618 1991 absque
2644 1921 2898 1992 penuria
2926 1921 3183 1976 vescaris
3210 1936 3223 1976 :
3249 1925 3468 1976 terram
3500 1922 3595 1977 cui
3627 1938 3735 1992 pro

316 2018 417 2081 τῆς
453 2011 842 2088 μεταλλεύσεις
874 2009 1107 2086 χαλκόν·
1166 2015 1241 2084 γῆ
1302 2006 1498 2083 ῥέουσα
1529 2009 1615 2081 [Ρ.
1672 2009 1801 2080 427]
1829 2003 1974 2079 γάλα

313 2103 405 2160 καὶ
442 2102 590 2178 μέλι’
625 2109 695 2178 γῆ
729 2102 790 2171 ἢν
825 2100 1025 2175 Κύριος
1082 2099 1111 2153 6
1168 2100 1299 2160 Θεός
1358 2118 1454 2152 σου
1494 2097 1799 2162 ἐπισκοπεῖ,
1855 2096 1974 2164 ἣτις

322 2192 675 2267 εὐλογημένη
730 2189 842 2246 ἐστὶ
898 2191 989 2244 καὶ
1044 2189 1398 2264 καρποφόρος
1462 2187 1596 2262 ὑπὲρ
1647 2190 1819 2241 πᾶσαν
1873 2185 1973 2253 τήν

318 2289 448 2361 γῆν,
494 2280 582 2335 καὶ
651 2280 732 2350 τῷ
787 2274 1102 2354 παραδείσῳ
1154 2279 1257 2331 τοῦ
1323 2278 1456 2330 Θεοῦ
1511 2268 1972 2348 παρεικαζομένη.

323 2370 740 2444 Προσμαρτυρεῖ
770 2364 828 2420 δὲ
855 2364 1072 2424 τούτοις
1120 2363 1209 2417 καὶ
1268 2363 1297 2416 6
1356 2362 1673 2439 σοφώτατος
1728 2361 1973 2433 Ἀριστο-

320 2456 488 2528 τέλης
539 2456 738 2534 λέγων’
764 2455 865 2512 Καὶ
895 2454 998 2530 γὰρ
1032 2450 1469 2527 πολυάνθρωπός
1526 2446 1667 2505 ἔστιν
1695 2452 1731 2518 ἡ
1770 2455 1840 2525 γῆ
1873 2454 1974 2517 τῆς

318 2546 669 2626 ἐπαγγελίας,
700 2546 791 2601 καὶ
819 2545 1101 2605 παντοίοις
1132 2547 1363 2619 καρποῖς
1420 2541 1743 2612 εύθηνοῦσα,
1792 2538 1974 2613 ἀμπέ-

317 2638 429 2694 λων
451 2658 510 2692 τε
538 2636 629 2692 καὶ
660 2632 974 2710 ἀκροδρύων
1005 2633 1095 2687 καὶ
1128 2631 1388 2710 φοινίκων
1444 2630 1663 2699 πλῆθος
1717 2629 1973 2702 ἄπλετον,

315 2731 401 2785 καὶ
435 2730 610 2799 κτήνη
670 2723 979 2792 πάμπολλα
1032 2724 1121 2778 καὶ
1180 2720 1436 2799 διάφορα,
1495 2721 1586 2776 καὶ
1644 2718 1889 2794 δαψιλής
1935 2722 1970 2791 ἡ

317 2819 526 2876 τούτων
556 2817 702 2891 νομὴ
755 2814 825 2871 δι’
857 2813 992 2870 ὅλου
1045 2818 1143 2868 τοῦ
1201 2814 1411 2888 χρόνου
1468 2811 1673 2887 γίνεται
1733 2808 1822 2865 διὰ
1871 2811 1972 2877 τὴν

318 2908 539 2978 πολλὴν
590 2906 872 2977 εὐκρασίαν
956 2911 1057 2973 τῆς
1113 2909 1216 2979 γῆς
1266 2902 1356 2957 καὶ
1405 2900 1660 2971 πιότητα⁴
1711 2899 1858 2955 πιλὺ
1916 2898 1974 2955 δὲ

321 2998 535 3068 πλῆθος
589 2996 678 3051 καὶ
729 2999 839 3050 τῶν
909 2992 1217 3070 ἀρωμάτων
1266 2992 1357 3046 καὶ
1424 2989 1594 3054 λίθων
1649 2988 1972 3045 πολυτελῶν

318 3088 412 3144 καὶ
472 3089 680 3162 χρυσοῦ
762 3080 1284 3157 παρακομιζομένου
1343 3078 1432 3135 διά
1510 3083 1619 3134 τῶν
1701 3073 1972 3151 Ἀράϐων

324 3178 579 3238 Ωσαύτως
607 3176 696 3229 οῦν
727 3174 817 3229 καὶ
850 3175 1132 3244 Ἰώσηπος
1188 3168 1313 3249 ἔφη’
1376 3170 1672 3248 Πάμφορος
1711 3171 1813 3246 γὰρ
1845 3170 1977 3225 οῦσα

2082 2006 2381 2078 lapidibus
2413 2013 2501 2064 est
2548 2010 2796 2075 ferrum,
2853 2015 2911 2065 et
2961 2011 3131 2082 cujus
3185 2027 3255 2065 ex
3303 2010 3609 2065 montibus
3653 2027 3735 2065 ωε

2081 2095 2328 2151 effodias
2352 2112 2367 2150 :
2402 2102 2620 2153 terram
2643 2098 2797 2153 lacte
2820 2103 2878 2152 et
2896 2098 3076 2153 melle
3098 2102 3441 2153 manantem
3467 2113 3481 2152 :
3514 2103 3736 2152 terram

2081 2198 2260 2253 quam
2284 2186 2570 2241 Dominus
2601 2188 2757 2242 Deus
2788 2190 2926 2241 tuus
2956 2189 3257 2259 procurat,
3308 2186 3404 2241 cui
3453 2185 3737 2241 divinitus

2081 2277 2413 2349 properitas
2445 2282 2536 2333 est
2564 2278 2800 2345 collata,
2858 2283 2928 2333 ut
2981 2277 3284 2332 fertilitate
3332 2292 3542 2332 omnes
3589 2275 3738 2332 alias

2081 2371 2271 2422 terras
2303 2373 2566 2438 superet,
2597 2383 2666 2422 ac
2695 2366 2971 2439 paradiso
3003 2366 3105 2421 Dei
3138 2366 3214 2421 sit
3251 2366 3555 2422 assimilis.
3605 2364 3740 2420 Suf—

2082 2459 2347 2524 fragatur
2376 2456 2468 2511 his
2498 2456 2679 2512 etiam
2713 2456 3193 2527 sapientissimus
3239 2454 3589 2510 Aristoteles
3642 2454 3736 2510 his

2082 2546 2312 2602 verbis:
2364 2547 2509 2601 Nam
2560 2550 2718 2601 terra
2745 2545 3162 2617 promissionis
3205 2551 3265 2600 et
3311 2545 3624 2601 hominum
3672 2550 3733 2601 et

2081 2637 2352 2690 omnium
2404 2635 2870 2707 frugum'copia
2947 2633 3230 2690 abundat.
3296 2635 3597 2690 Immensa
3650 2633 3733 2689 ibi

2080 2723 2401 2779 multitudo
2453 2723 2683 2791 vitium,
2731 2722 3037 2795 glandium
3082 2727 3140 2777 et
3181 2721 3557 2794 palmarum:
3608 2728 3736 2779 tum

2082 2814 2279 2869 omnis
2300 2812 2532 2884 generis
2554 2828 2755 2882 pecus,
2781 2812 3065 2882 omnique
3078 2812 3222 2867 anni
3237 2816 3504 2884 tempore
3516 2827 3738 2883 pascua

2080 2903 2154 2957 iis
2184 2901 2422 2957 abunde
2465 2901 2929 2972 suppeditantia,
2998 2906 3239 2972 propter
3284 2901 3570 2973 optimam
3623 2902 3735 2957 soli

2082 2991 2433 3062 temperiem
2464 2996 2640 3061 atque
2694 2990 3119 3062 pinguedinem
3146 3006 3159 3043 :
3198 3005 3412 3062 magna
3443 2992 3620 3046 etiam
3652 2992 3735 3046 ibi

2081 3083 2400 3139 multitudo
2415 3089 2748 3139 aromatum
2760 3128 2773 3145 .
2792 3083 3057 3154 lapidum
3078 3083 3472 3153 pretiosorum
3486 3084 3736 3156 aurique

2081 3191 2153 3229 ex
2186 3174 2403 3229 Arabia
2433 3174 2908 3244 importatorum.
2946 3173 3010 3228 In
3039 3172 3198 3227 hunc
3229 3173 3474 3228 modum
3505 3175 3736 3229 etJose—

323 3263 396 3321 δι’
427 3266 683 3341 εὔκρατον
712 3264 842 3338 ἀέρα
872 3264 961 3318 καὶ
990 3261 1209 3332 πολλὴν
1242 3260 1479 3331 πιότητα
1525 3263 1800 3335 χειμῶνος
1857 3258 1969 3335 ὥρᾳ

2084 3264 2236 3333 phus
2263 3263 2382 3317 ait:
2416 3261 2864 3317 Fecundissima
2905 3261 3065 3316 enim
3114 3277 3251 3316 cum
3296 3262 3374 3316 sit
3421 3278 3491 3318 ea
3545 3263 3731 3336 regio,

315 3354 528 3434 ἐκφέρει
556 3354 724 3430 κάρυα
749 3354 836 3408 καὶ
863 3352 914 3408 ἐν
947 3351 1186 3425 καύματι
1233 3351 1505 3425 φοίνικας,
1564 3350 1651 3404 καὶ
1711 3349 1969 3405 πλεῖστον

310 3448 548 3523 γεωργεῖ
602 3438 807 3500 ἔλαιον.
863 3442 970 3499 Καὶ
1028 3440 1306 3521 σταφυλὴν
1366 3440 1461 3514 μὲν
1511 3440 1604 3494 καὶ
1687 3443 1822 3494 σῦκα
1879 3437 1971 3495 διά

315 3539 506 3609 μηνῶν
547 3531 673 3589 δέκα
732 3530 1002 3596 ἐσθίουσιν
1064 3531 1119 3585 οἱ
1189 3528 1383 3598 έκεῖσε,
1439 3528 1566 3591 τοὺς
1626 3525 1684 3583 δὲ
1737 3527 1967 3591 λοιποὺς

309 3622 554 3699 καρποὺς
607 3620 689 3685 δὶς
743 3625 843 3678 τοῦ
896 3618 1144 3676 ἐνιαυτοῦ
1178 3622 1438 3695 τρυγῶσι.
1486 3618 1565 3675 Τὸ
1625 3616 1683 3672 δὲ
1738 3616 1968 3694 μέγεθος

307 3718 419 3769 τῶν
481 3712 727 3787 βοτρύων
780 3717 882 3781 τῆς
956 3708 1238 3788 σταφυλῆς
1319 3706 1526 3777 έκείνης
1583 3704 1858 3777 ἐδήλωσεν
1927 3709 1963 3777 ἡ

312 3802 498 3880 Γραφῆ
540 3800 777 3877 λέγουσα
823 3799 950 3875 περὶ
1002 3801 1111 3852 τῶν
1160 3796 1516 3851 κατασκόπων
1575 3795 1649 3848 ὧν
1680 3793 1967 3851 ἀπέστειλε

315 3894 577 3961 Μωυσῆς,
610 3889 694 3945 ὅτι
727 3887 898 3959 ἦλθον
927 3884 1032 3949 ἕως
1092 3886 1375 3964 φάραγγος
1434 3884 1688 3961 βότρυος,
1718 3885 1804 3939 καὶ
1868 3885 1964 3938 κό-

312 3984 508 4055 ψαντες
565 3978 767 4044 ἐκεῖθεν
827 3977 1022 4050 κλῆμα
1081 3974 1172 4031 καὶ
1232 3974 1429 4050 βότρυν
1511 3972 1791 4047 σταφυλῆς
1846 3972 1961 4042 ⁷ὲνα,

308 4070 447 4142 ἦραν
482 4067 643 4124 αὺτὸν
674 4067 760 4124 ἐπ’
788 4066 1162 4145 ἀναφορεῦσιν·
1223 4062 1274 4118 ἐν
1334 4062 1482 4136 ξύλῳ
1538 4063 1643 4138 γάρ
1700 4062 1961 4137 ἐσχημα-

301 4157 546 4232 τισμένῳ
576 4155 833 4232 πλαγίως
868 4154 1029 4230 μέσον
1091 4153 1438 4231 κρεμασθεὶς,
1495 4152 1586 4206 καὶ
1651 4150 1736 4207 ἐπ’
1793 4152 1961 4224 ὥμων

307 4245 405 4304 δύο
432 4245 643 4323 ἀνδρῶν
704 4244 1123 4324 βασταζόμενος,
1203 4248 1366 4299 πᾶσιν
1424 4239 1630 4313 ἐδήλου
1655 4247 1756 4310 τῆς
1804 4240 1961 4318 ἁγίας

303 4343 409 4414 γῆς
469 4335 678 4406 ἐκείνης
729 4335 831 4406 τήν
886 4332 1199 4406 εὐκαρπίαν.
1271 4334 1349 4387 Δι’
1398 4332 1469 4401 ἧς
1523 4326 1884 4405 Ἀλέξανδρος
1935 4331 1964 4385 ὁ

313 4426 479 4504 μέγας
511 4424 996 4503 διαπορευόμενος,
1048 4424 1139 4479 καὶ
1198 4422 1336 4493 ξύλα
1392 4418 1735 4499 καρποφόρα,
1787 4419 1842 4475 έν
1872 4422 1963 4482 οἷς

307 4519 399 4574 καὶ
458 4520 700 4593 πήγανον
762 4516 1091 4589 θεασάμενος
1146 4514 1209 4569 τὸ
1266 4510 1402 4587 ὕψος
1458 4512 1549 4567 καὶ
1606 4510 1815 4574 πλάτος
1871 4510 1962 4591 ἐφ-

311 4605 553 4679 άμιλλον
584 4611 775 4675 συκῆς,
807 4603 1077 4676 ἐθαύμασε
1106 4599 1313 4679 σφόδρα
1340 4606 1441 4669 τῆς
1487 4606 1591 4677 γῆς
1620 4600 1831 4670 ἐκείνης
1863 4601 1963 4669 τήν

310 4694 608 4771 εὐκαρπίαν
664 4715 725 4749 τε
769 4695 860 4749 καὶ
918 4692 1174 4762 πιότητα.
1234 4688 1410 4748 Ἀλλά
1442 4691 1550 4763 μήν
1576 4688 1667 4745 καὶ
1725 4684 1971 4745 ὀποϐάλ-ι

314 4805 490 4859 σαμον
542 4788 774 4859 γεωργεῖ
827 4781 1105 4851 πλεῖστον,
1164 4781 1255 4836 καὶ
1305 4777 1460 4855 ἔτερα
1515 4777 1704 4835 πολλὰ
1759 4776 1961 4834 δυσπό-

314 4894 474 4950 ριστα
528 4873 620 4927 καὶ
684 4870 996 4947 ἀνθρώποις
1048 4869 1330 4945 έπέραστα.
1406 4868 1702 4931 Κάντεῦθεν
1755 4867 1958 4938 τοίνυν,

311 4964 388 5027 ὡς
470 4962 739 5039 ἐξαίρετον
812 4961 905 5017 καὶ
963 4957 1323 5039 διαφέρουσαν
1381 4956 1723 5034 ἀσυγκρίτως
1779 4958 1960 5027 πάσης

301 5059 409 5125 τῆς
440 5058 570 5128 γῆς,
604 5050 830 5113 εἰκότως
872 5046 1074 5105 ἔδωκεν
1126 5047 1297 5117 αὐτὴν
1360 5048 1389 5101 6
1447 5047 1575 5107 Θεὸς
1628 5049 1710 5117 τῷ
1737 5048 1963 5121 ἠγαπη-

310 5143 460 5218 μένῳ
490 5141 581 5196 καὶ
610 5139 951 5215 πρωτοτόκῳ
982 5138 1086 5210 υἱῷ
1129 5138 1299 5193 αὐτοῦ
1359 5136 1438 5200 εἷς
1494 5134 1872 5210 κληρονομίαν
1901 5157 1962 5192 τε

300 5234 393 5289 καὶ
453 5230 780 5288 ἀπόλαυσιν.
840 5228 1117 5304 Είσήγαγε
1198 5226 1305 5303 γὰρ
1360 5224 1580 5296 αὐτοὺς,
1639 5225 1827 5300 φησὶν,
1885 5226 1963 5289 είς

306 5323 438 5399 ὃρος
468 5321 806 5397 ἁγιάσματος
874 5316 1058 5386 αὐτοῦ,
1119 5311 1248 5389 ὅρος
1312 5319 1477 5372 τοῦτο
1528 5315 1559 5371 ὃ
1617 5313 1866 5371 έκτίσατο
1924 5318 1959 5385 ἡ

304 5411 453 5487 δεξιά
483 5410 667 5467 αὐτοῦ.
720 5411 1022 5486 Τοιγαροῦν
1082 5405 1135 5462 έν
1190 5409 1259 5481 τῇ
1318 5404 1444 5481 ἁγίᾳ
1493 5403 1663 5480 ταύτῃ
1710 5404 1801 5459 καὶ
1864 5426 1963 5480 μα-

302 5502 468 5576 καρίᾳ
495 5504 571 5576 γῇ
600 5499 689 5556 καὶ
720 5501 894 5575 ἀγαθῇ
951 5505 1050 5568 τῆς
1109 5495 1436 5572 ἐπαγγελίας
1489 5494 1825 5569 πολυμερῶς
1871 5498 1958 5552 καὶ

299 5591 670 5667 πολυτρόπως
724 5587 898 5644 πάλαι
957 5588 985 5643 6
1041 5586 1173 5649 Θεὸς
1241 5584 1422 5663 Λόγος
1495 5589 1613 5649 τοῖς
1649 5586 1963 5662 προφήταις

382 5765 428 5805 ιδ
454 5762 612 5822 Psal.
647 5777 853 5833 mm,
884 5762 973 5818 54.

2083 3358 2159 3414 ob
2189 3372 2387 3412 aerem
2419 3355 2569 3409 bene
2599 3358 3017 3424 temperatum,
3049 3369 3117 3407 ac
3146 3352 3397 3407 multam
3422 3352 3732 3425 pinguedi-

2076 3463 2237 3515 nem,
2270 3447 2463 3501 hieme
2490 3460 2674 3499 nuces
2703 3443 2949 3515 profert,
2982 3448 3131 3498 mstu
3180 3442 3466 3514 dactylos,
3509 3447 3569 3498 et
3594 3442 3730 3514 plu-

2074 3537 2295 3591 rimum
2325 3534 2407 3589 ibi
2438 3534 2551 3589 olei
2583 3533 2818 3588 colitur.
2851 3532 2961 3597 Qui
2991 3532 3073 3587 ibi
3099 3532 3315 3598 vivunt,
3347 3531 3552 3588 decem
3574 3532 3726 3587 inte-

2073 3643 2207 3700 gros
2239 3640 2481 3680 menses
2512 3624 2638 3679 uvis
2668 3639 2737 3677 ac
2774 3622 3004 3677 ficubus
3057 3626 3414 3678 vescuntur:
3462 3622 3727 3694 reliqua-

2072 3732 2205 3772 rum
2236 3715 2471 3787 frugum
2505 3718 2627 3768 toto
2658 3728 2815 3767 anno
2848 3716 2939 3766 est
2966 3711 3308 3767 collectura.
3340 3712 3467 3766 lam
3499 3711 3721 3784 magni-

2074 3806 2341 3862 tudinem
2383 3804 2689 3859 botrorum
2721 3802 2856 3857 vitis
2886 3803 3056 3857 istius
3087 3802 3390 3874 Scriptura
3426 3801 3721 3869 indicans,

2071 3897 2143 3951 de
2174 3913 2209 3951 a
2255 3898 2411 3950 Mose
2468 3894 2667 3948 missis
2728 3893 2878 3947 148
2937 3892 3311 3963 exploratum
3367 3898 3570 3948 narrat
3622 3908 3725 3948 eos

2069 4001 2259 4056 usque
2281 3984 2356 4040 ad
2378 3983 2593 4039 vallem
2616 3997 2861 4037 uvarum
2894 3982 3255 4053 pervenisse,
3288 3980 3491 4052 ibique
3512 3981 3724 4054 palmi-

2070 4079 2189 4129 tem
2222 4089 2357 4128 cum
2379 4072 2555 4127 unica
2570 4086 2682 4125 uva
2706 4075 3002 4126 resectum
3027 4070 3176 4125 vecti
3208 4070 3555 4141 impositum
3586 4087 3723 4142 por-

2070 4169 2227 4219 tasse
2253 4179 2266 4217 :
2300 4162 2520 4233 quippe
2551 4160 2623 4215 de
2655 4158 2812 4232 ligno
2843 4159 3093 4231 ﬁgurato
3124 4157 3357 4214 medius
3396 4175 3724 4231 suspensus

2070 4253 2172 4308 ille
2203 4267 2494 4319 racemus,
2527 4267 2595 4305 ac
2622 4249 2875 4305 duorum
2908 4249 3167 4304 virorum
3209 4248 3476 4303 humeris
3528 4253 3725 4322 gesta-

2073 4348 2186 4407 tus,
2219 4340 2550 4395 ubertatem
2582 4355 2765 4393 sacras
2787 4337 2959 4393 istius
2982 4342 3154 4392 terrea
3175 4336 3453 4393 omnibus
3482 4336 3725 4393 demon-

2072 4431 2295 4487 stravit.
2338 4431 2450 4484 Per
2478 4429 2631 4483 hanc
2661 4427 2775 4481 iter
2803 4426 3029 4482 faciens
3061 4424 3415 4493 Alexander,
3447 4426 3725 4482 arbores-

2071 4536 2186 4593 que
2237 4519 2444 4574 videns
2494 4517 2825 4589 frugiferas,
2886 4521 3063 4588 atque
3142 4516 3302 4571 inter
3356 4515 3474 4571 alia
3530 4521 3724 4571 rutam

2076 4609 2390 4666 altitudine
2404 4624 2473 4664 ac
2483 4605 2875 4678 amplitudine
2892 4605 3029 4661 {icui
3041 4605 3730 4674 mmulam,vehementer

2003 4667 2047 4731 D
2081 4700 2192 4755 soli
2250 4698 2405 4754 illius
2456 4667 2832 4752 fertilitatem
2887 4700 3066 4766 atque
3132 4667 3557 4767 pinguedinem
3616 4700 3728 4764 est,

2070 4788 2397 4845 admiratus
2451 4789 2745 4841 Praeterea
2773 4785 3068 4856 plurimus
3107 4783 3187 4840 ibi
3220 4785 3589 4857 opobalsami
3640 4795 3732 4845 est

2072 4895 2140 4934 ex
2172 4877 2405 4932 cultura
2434 4879 2775 4946 proventus.
2809 4874 3181 4945 aliorumque
3237 4874 3561 4931 multorum
3593 4892 3727 4947 quas

2070 4959 2281 5041 paratu
2305 4963 2593 5031 difﬁcilia,
2626 4963 2969 5019 hominibus
2998 4968 3145 5019 sunt
3164 4963 3536 5021 charissima.
3564 4966 3729 5020 Hanc

2070 5057 2270 5127 itaque
2301 5059 2543 5119 terram,
2583 5058 2650 5108 ut
2677 5053 2958 5109 eximiam
2990 5057 3049 5108 et
3112 5052 3206 5109 cui
3256 5052 3509 5108 conferri
3558 5054 3725 5111 nulla

2071 5144 2189 5202 alia
2209 5147 2530 5211 mereatur,
2554 5141 2976 5197 convenienter
2994 5142 3149 5196 Deus
3169 5139 3387 5198 dilecto
3419 5158 3525 5198 suo
3547 5146 3728 5213 atque

2070 5231 2465 5306 primogenita
2511 5230 2635 5286 filio
2692 5229 3059 5285 haareditatis
3115 5227 3247 5285 loco
3305 5229 3727 5301 possidendam

2069 5321 2505 5391 fruendamque
2535 5318 2716 5374 dedit.
2768 5316 3103 5374 Introduxit
3148 5318 3311 5374 enim
3360 5335 3484 5389 eos,
3529 5320 3730 5392 inquit

2074 5411 2397 5482 Scriptura,
2447 5409 2506 5463 in’
2559 5424 2696 5463 eum
2743 5410 3010 5462 montem
3061 5421 3239 5476 quem
3283 5407 3491 5464 dextra
3537 5409 3725 5481 ipsius

2073 5499 2423 5554 condiderat
2444 5498 2507 5552 ίδ.
2541 5498 2746 5567 Itaque
2777 5511 2915 5567 ergo
2946 5493 3007 5549 in
3053 5500 3261 5551 sancta
3289 5496 3400 5551 hac
3447 5502 3506 5552 et
3552 5498 3727 5556 beata

2070 5589 2347 5663 bonaque
2380 5595 2539 5644 terra
2565 5585 2987 5659 promissionis
3016 5582 3403 5641 multifariam
3436 5602 3505 5643 ac
3548 5588 3723 5646 variis
