4120 6424
364 416 486 479 819

1687 415 2092 479 GEORGIGII
2134 414 2447 477 CEDREN
2453 416 2481 475 Ι

3687 408 3813 471 820

369 551 566 610 modis
594 552 738 609 olim
771 553 926 608 Deus
956 552 1211 609 Verbum
1244 552 1475 608 vatibus
1525 568 1654 608 sese
1702 551 2024 607 videndum

2140 546 2380 620 ὁραθεὶς,
2410 547 2724 619 θεοπρεπῶς
2771 565 2829 600 τε
2892 546 2990 606 τάς
3047 544 3334 620 θεοφανίας
3394 545 3791 617 ποιησάμενος,

374 641 667 711 exhibuit,
693 658 932 713 suisque
955 643 1226 697 essentiae
1247 641 1670 697 convenienter
1694 641 2001 714 apparitio
2018 670 2033 682 -

380 749 491 789 nes
522 732 647 798 Dei,
680 737 979 803 operatus,
1012 733 1093 787 ita
1108 731 1287 786 dixit:
1322 734 1438 805 Ego
1459 733 1864 804 apparitiones
1880 732 2037 787 mul-

385 821 668 894 tiplicavi,
700 827 758 876 et
787 821 943 876 inter
978 837 1193 877 manus
1242 827 1438 876 vatum
1486 822 1756 878 initiatus
1801 839 1931 877 sum
1968 821 2033 876 η.

378 913 545 969 Idem
574 912 648 968 ad
680 916 1009 966 extremum
1036 928 1275 967 carnem
1306 916 1563 984 gestans,
1589 913 1745 967 inter
1764 913 2036 968 homines

381 1001 694 1075 perspicue
724 1004 817 1055 est
844 1005 1127 1056 versatus.
1161 999 1221 1055 id
1271 1017 1510 1073 quoque
1563 1002 1869 1057 oraculum
1921 1002 2036 1057 im-

379 1090 797 1162 plcnszMater
845 1089 1005 1155 Sion,
1064 1089 1223 1144 dicet
1271 1089 1471 1158 homo,
1517 1096 1575 1145 et
1620 1091 1800 1145 homo
1850 1091 1912 1145 in
1965 1108 2035 1146 ea

377 1184 555 1236 natus
585 1183 694 1234 est.
729 1178 859 1251 Ipse
886 1178 1227 1234 Altissimus
1256 1178 1647 1235 fundamenta
1693 1180 1824 1252 ejus
1874 1180 2036 1236 loca-

377 1267 543 1326 vit".
574 1267 794 1325 Eadem
825 1268 887 1323 in
918 1267 1159 1341 regione
1182 1268 1443 1324 salutare
1471 1268 1621 1324 obiit
1649 1269 2033 1340 supplicium,

379 1374 570 1431 eoque
592 1358 702 1415 toti
722 1357 950 1414 mundo
970 1357 1226 1414 salutem
1248 1358 1491 1429 paravit.
1507 1360 1641 1431 Ipse
1661 1359 1808 1415 adeo
1837 1359 2038 1415 Domi—

376 1465 494 1505 nus
524 1446 937 1519 Hierosolyma
964 1463 1068 1501 cor
1099 1448 1251 1504 749
1284 1452 1454 1503 terra;
1512 1448 1851 1520 appellavit,
1899 1466 2035 1506 cum

380 1538 609 1594 diceret
634 1553 647 1590 :
677 1536 841 1592 Sicut
869 1535 1028 1591 enim
1058 1538 1235 1593 Jonas
1266 1537 1326 1592 in
1358 1542 1559 1593 ventre
1589 1538 1704 1593 ceti
1751 1537 1865 1595 fuit
1917 1543 2035 1597 tres

382 1626 514 1683 dies
542 1625 910 1697 totidemque
943 1629 1168 1695 noctes,
1214 1627 1298 1682 sic
1338 1631 1397 1682 et
1439 1627 1622 1683 Filius
1668 1628 1930 1684 hominis
1973 1629 2035 1684 in

383 1720 588 1771 ventre
620 1719 795 1771 teme
823 1713 1195 1770 tantumdem
1253 1716 1539 1788 temporis
1586 1717 1919 1773 morabitur
1965 1716 2032 1773 ‘7.

382 1804 527 1860 Inde
558 1809 618 1861 et
646 1804 815 1859 divus
845 1804 1298 1876 Chrysostomus
1328 1806 1453 1861 hazc
1483 1805 1660 1862 verba
1708 1807 2030 1879 explicans,

2141 629 2347 709 ἔλεγεν·
2383 635 2530 710 Ἐγὼ
2561 635 2775 710 ὁράσεις
2817 631 3099 705 έπλήθυνα
3155 635 3248 689 καὶ
3303 634 3356 689 έν
3390 634 3550 713 χερσὶ
3581 655 3804 713 προφη-

2138 729 2244 779 τῶν
2309 722 2580 797 ἐμυήθην.
2639 724 2757 781 Ἐπ’
2815 722 3062 800 έσχάτων
3123 722 3179 780 δὲ
3248 723 3588 800 σαρκοφόρος
3636 722 3797 801 ὤφθη

2139 813 2228 868 καὶ
2265 818 2383 875 τοῖς
2412 813 2724 887 ἀνθρώποις
2757 812 3185 890 συνανεστράφη,
3217 811 3519 889 πληρώσας
3575 815 3664 869 καὶ
3710 815 3800 884 τὸ,

2138 904 2341 977 Μήτηρ
2373 903 2534 975 Σιὼν,
2567 901 2680 978 ἐρεῖ
2710 899 3016 977 ἅνθρωπος,
3049 903 3138 956 καὶ
3197 900 3485 976 ἄνθρωπος
3528 901 3798 975 ἐγεννήθη

2138 990 2191 1046 ἐν
2213 993 2372 1067 αὐτῇ,
2421 993 2512 1047 καὶ
2552 991 2713 1054 αὐτὸς
2782 991 3146 1066 ἐθεμελίωσεν
3204 994 3377 1063 αὐτὴν
3438 992 3465 1046 6
3517 993 3799 1066 Ὓψιστος.

2139 1083 2228 1137 ’Ev
2333 1082 2420 1136 καὶ
2481 1082 2545 1137 τὸ
2606 1083 2878 1157 σωτήριον
2937 1081 3229 1155 ὑπομείνας
3279 1083 3449 1145 πάθος
3505 1083 3604 1149 τὴν
3659 1103 3805 1159 παγ-

2136 1172 2370 1243 κόσμιον
2420 1169 2711 1249 εἶ’ργάσατο
2771 1170 3066 1246 σωτηρίαν.
3135 1170 3300 1232 Αὐτὸς
3353 1171 3460 1245 γάρ
3517 1171 3545 1225 ὁ
3604 1170 3806 1245 Κύριος

2137 1256 2358 1334 καρδίαν
2408 1267 2510 1330 τῆς
2559 1266 2661 1335 γῆς
2721 1258 2944 1315 ἐκάλεσε
2999 1260 3099 1329 τήν
3155 1258 3539 1334 Ἰερουσαλήμ·
3594 1261 3801 1335 ’Ὠσπερ

2137 1351 2224 1422 [Ρ.
2257 1353 2386 1426 428]
2416 1351 2521 1426 γὰρ
2552 1353 2618 1420 ἦν
2652 1351 2839 1411 Ἰωνᾶς
2859 1349 2912 1405 ἐν
2940 1349 3216 1422 τῇκοιλίᾳ
3234 1354 3331 1405 τοῦ
3361 1352 3562 1421 κήτους
3588 1349 3803 1426 ἡμέρας

2136 1446 2281 1517 τρεῖς
2307 1441 2398 1496 καὶ
2426 1447 2574 1517 τρεῖς
2603 1441 2819 1514 νύκτας,
2846 1440 3020 1506 οὕτως
3048 1436 3195 1496 ἔσται
3224 1441 3314 1496 καὶ
3367 1442 3395 1496 6
3427 1442 3552 1505 Υἱὸς
3577 1446 3675 1498 τοῦ
3705 1442 3802 1497 άν-

2137 1530 2359 1606 θρώπου
2390 1530 2441 1586 ἐν
2473 1535 2542 1606 τῇ
2572 1528 2761 1603 κοιλίᾳ
2797 1538 2895 1601 τῆς
2926 1538 3030 1606 γῆς
3063 1536 3208 1605 τρεῖς
3276 1530 3487 1605 ἡμέρας
3532 1532 3622 1586 καὶ
3651 1537 3802 1607 τρεῖς

2145 1619 2362 1683 νύκτας.
2393 1621 2551 1677 Ὅθεν
2582 1621 2673 1674 καὶ
2731 1621 2760 1675 6
2816 1622 2960 1682 θεῖος
3016 1620 3409 1694 Χρυσόστομος
3460 1621 3538 1682 εἷς
3594 1621 3657 1675 τὸ
3688 1620 3797 1700 φά-

2145 1728 2272 1763 σκον
2308 1708 2494 1785 ῥητὸν,
2525 1710 2624 1766 Ἐκ
2681 1709 2825 1764 Σιὼν
2855 1711 2892 1779 ἡ
2953 1707 3243 1784 εὐπρέπεια
3292 1716 3394 1779 τῆς
3451 1706 3798 1785 ὡραιότητος

2138 1798 2327 1869 αὐτοῦ,
2359 1798 2513 1878 φησί·
2544 1799 2648 1856 Καὶ
2671 1799 2772 1876 γάρ
2831 1797 2919 1854 ἐπὶ
2971 1807 3075 1870 τῆς
3106 1799 3343 1862 παλαιᾶς
3391 1799 3591 1856 ἒκεῖθεν
3626 1801 3800 1876 γέγο-

380 1897 471 1951 Ea:
498 1895 664 1951 Sione
691 1895 854 1951 decor
879 1896 1181 1950 venustatis
1203 1895 1345 1965 ejus,
1377 1895 1459 1951 ita
1489 1896 1730 1952 scribit:
1788 1898 1935 1953 Nam
1974 1904 2031 1955 et

2137 1909 2218 1943 νεν
2247 1890 2282 1959 ἡ
2312 1893 2410 1944 τοῦ
2441 1893 2576 1945 Θεοῦ
2606 1889 2919 1966 εὐπρέπεια,
2972 1890 3089 1945 οἶον
3148 1890 3178 1945 6
3237 1889 3452 1965 βωμὸς,
3483 1890 3551 1946 τᾶ
3578 1892 3648 1946 ’Ἀ
3711 1911 3800 1945 ια-

380 1989 575 2039 vetere
597 1983 849 2040 durante
874 1982 1093 2039 fuadere
1115 1983 1252 2039 inde
1275 1984 1456 2040 decus
1476 1986 1579 2040 Dei
1598 2002 1727 2042 sese
1746 1988 2028 2057 exseruit,

376 2078 443 2130 ut
467 2089 591 2140 ara,
612 2078 680 2129 ut
699 2072 1007 2144 penetrale
1036 2073 1361 2130 sacrarium
1397 2091 1726 2146 omnesque
1757 2092 2031 2133 cairemo-

374 2163 493 2219 nia)
523 2167 583 2218 et
608 2162 870 2234 antiquas
900 2161 1047 2234 legis
1077 2161 1536 2231 administratio,
1565 2168 1692 2219 tum
1714 2164 2034 2222 multitudo

379 2250 776 2315 sacerdotum,
809 2250 1190 2316 sacrificium,
1225 2250 1415 2307 solida
1443 2252 1657 2318 hostia,
1700 2269 1867 2309 sacra
1907 2271 2031 2310 car-

378 2340 563 2408 mina,
589 2340 897 2396 cautiones
929 2339 1314 2411 psalmorum.
1348 2341 1499 2406 Quin
1532 2347 1592 2397 et
1648 2342 1846 2398 futura
1875 2360 2029 2414 quaa-

383 2445 618 2501 cunque
650 2433 869 2498 essent,
904 2428 1042 2484 inde
1073 2431 1405 2502 perscripta
1445 2437 1584 2487 sunt
1630 2435 1909 2491 oraculis.
1960 2438 2031 2491 At

378 2523 696 2591 postquam
753 2517 1181 2590 promissorum
1239 2521 1455 2576 veritas
1506 2522 1772 2577 exhiberi
1831 2526 2026 2597 coepit,

380 2608 509 2680 ejus
539 2624 775 2679 quoque
800 2607 885 2663 rei
920 2608 1093 2664 initia
1122 2608 1201 2663 ibi
1233 2610 1491 2665 fuerunt.
1526 2611 1668 2666 Inde
1698 2630 1840 2669 crux
1864 2616 2031 2671 efful-

382 2699 480 2768 sit,
535 2697 675 2754 inde
732 2697 1051 2753 innumera
1102 2698 1209 2755 illa
1272 2700 1680 2770 pulcherrima
1742 2702 2027 2762 facinora.

379 2787 605 2863 Idcirco
655 2792 714 2842 et
770 2787 845 2842 de
902 2787 1230 2857 posteriore
1285 2789 1501 2845 Christi
1559 2790 1755 2863 legum
1810 2793 2029 2851 latione

378 2892 630 2949 magnus
656 2874 758 2930 ille
783 2875 966 2931 lsaias
987 2876 1072 2931 sic
1096 2876 1283 2932 fatur:
1310 2879 1393 2932 Ex
1416 2878 1590 2936 Sione
1621 2880 1717 2936 lex
1747 2884 2028 2954 prodibit,

382 2971 442 3022 et
471 2980 668 3020 sermo
697 2962 800 3018 Dei
834 2979 903 3018 ex
944 2964 1386 3036 Hierosolymis,
1426 2984 1494 3023 ac
1532 2968 1829 3039 judicium
1877 2973 2034 3029 inter

378 3059 587 3128 gentes
604 3051 759 3109 feret
785 3051 1051 3108 '3.Sionis
1066 3054 1229 3110 enim
1250 3056 1492 3111 nomine
1516 3056 1596 3112 ibi
1613 3062 1796 3115 totam
1818 3061 2037 3119 intelli-

379 3143 465 3217 git
492 3141 795 3215 regionem
828 3158 896 3197 ac
921 3142 976 3197 ei
1005 3142 1377 3212 adjacentem
1425 3146 1640 3203 Judazae
1684 3149 2033 3221 primariam

374 3230 608 3287 urbem.
639 3229 806 3298 Inde,
839 3230 1016 3287 veluti
1056 3233 1395 3289 carceribus
1426 3235 1499 3290 ad
1540 3252 1778 3293 cursum
1828 3239 2029 3296 idonei

376 3326 557 3393 atque
585 3320 777 3393 parati
809 3320 1051 3392 quidam
1112 3323 1273 3393 equi,
1318 3324 1379 3378 in
1433 3325 1776 3383 universum
1823 3329 2026 3385 orbem

376 3409 581 3466 emissi
626 3414 767 3465 sunt
814 3410 1116 3481 apostoli:
1179 3411 1316 3467 inde
1379 3414 1669 3470 miracula
1724 3424 2032 3489 creperunt

376 3498 577 3557 edere.
628 3497 715 3554 lbi
763 3497 1038 3555 salutaris
1093 3501 1420 3572 perpessio,
1463 3506 1821 3561 resurrectio
1869 3512 1930 3562 et
1969 3508 2030 3562 in

384 3587 600 3644 malum
630 3586 958 3658 assumptio
989 3586 1250 3658 fuerunt,
1281 3589 1359 3644 ibi
1414 3591 1655 3647 exordia
1701 3598 1762 3648 et
1806 3595 2031 3665 princi-

381 3676 551 3748 pium
597 3678 817 3729 nostris
874 3674 1118 3741 salutis;
1178 3677 1261 3732 ibi
1318 3683 1573 3750 emptum
1620 3686 1711 3737 est
1751 3699 2030 3741 arcanam

381 3762 715 3820 doctrinam
747 3764 1162 3837 promulgare;
1195 3766 1273 3822 ibi
1305 3767 1565 3838 primum
1588 3772 1916 3842 patefactus
1943 3780 2033 3829 est

376 3856 572 3922 Pater,
605 3857 665 3908 et
692 3852 954 3909 innotuit
982 3854 1323 3926 unigenitus
1361 3857 1566 3920 Filius.
1602 3865 1883 3933 tantaque
1902 3864 2030 3936 Spi-

376 3943 533 3998 ritus
558 3941 748 3998 sancti
777 3942 969 4015 gratia
1000 3943 1256 4011 donata;
1308 3946 1390 4001 ibi
1440 3946 1512 4003 de
1562 3950 1715 4007 πθ
1760 3951 2030 4024 incorpo-

370 4033 492 4088 reis
520 4031 700 4087 rebus
731 4038 1127 4088 exercuerunt
1156 4033 1651 4107 disputationem,
1681 4056 1750 4095 ac
1775 4042 2029 4112 promis-

369 4121 568 4176 siones
599 4119 673 4175 de
694 4120 890 4189 donis,
914 4120 1296 4177 facultatibus
1328 4130 1388 4179 et
1417 4124 1631 4182 futuris
1664 4126 1835 4184 bonis
1860 4147 1872 4196 ;
1898 4147 2029 4201 quas

369 4211 575 4266 omnia
602 4215 943 4266 venustates
975 4212 1076 4266 Dei
1107 4213 1387 4285 appellat.
1423 4215 1813 4273 Pulchritudo
1867 4220 2029 4275 enim

369 4300 475 4355 Dei
504 4304 561 4356 et
601 4306 897 4368 venustas,
929 4301 1163 4356 bonitas
1197 4302 1328 4372 ejus
1368 4308 1459 4359 est
1508 4310 1566 4360 et
1598 4306 1941 4363 humanitas
1973 4314 2031 4363 et

371 4404 510 4461 erga
538 4389 846 4444 universos
877 4388 1297 4447 beneficentia.
1344 4392 1432 4448 lbi
1477 4394 1656 4466 igitur
1705 4401 1764 4449 et
1819 4397 2027 4452 Adami

369 4494 574 4534 casum
605 4477 883 4545 correxit,
916 4483 976 4533 et
995 4478 1374 4536 celerrimum
1397 4497 1466 4537 ac
1488 4484 1656 4553 quasi
1678 4501 1812 4540 cum
1832 4487 2030 4543 volatu

368 4566 641 4621 futurum
695 4571 1050 4621 conventum
1109 4574 1474 4639 sanctorum,
1535 4572 1646 4626 sibi
1700 4575 2030 4630 secundum

370 4652 709 4707 advenienti
786 4670 1195 4719 occursurum,
1299 4663 1789 4727 praamonstrans,

372 4740 591 4811 inquit,
649 4741 920 4807 cadaver,
980 4741 1061 4797 ibi
1112 4745 1628 4820 congregabuntur
1679 4750 1915 4818 aquilae.
1963 4752 2029 4805 In

371 4830 533 4885 hunc
550 4828 795 4884 modum
814 4830 992 4886 etiam
1008 4848 1259 4905 magnus
1281 4833 1640 4890 Athanasius
1654 4837 1725 4892 de
1739 4840 2029 4911 supplicio

374 4917 593 4974 Christi
623 4916 923 4990 loquitur:
962 4919 1206 4985 Idcirco,
1240 4920 1342 4988 ait,
1367 4937 1490 4977 non
1507 4923 1649 4979 alibi
1671 4927 2026 4999 supplicium

376 5008 536 5066 subit
563 5008 855 5076 Christus,
886 5026 1081 5080 neque
1111 5009 1227 5065 alio
1261 5010 1321 5064 in
1350 5010 1479 5066 loco
1512 5013 1573 5068 in
1623 5018 1859 5072 crucem
1908 5019 2027 5090 agi-

375 5103 491 5167 tur,
526 5114 707 5171 quam
738 5097 800 5153 in
820 5098 951 5155 loco
979 5099 1198 5164 Cranii,
1232 5098 1333 5154 ubi
1355 5099 1627 5158 doctores
1649 5104 2030 5163 Hebraeorum

373 5188 584 5246 Adami
645 5187 986 5260 sepulcrum
1041 5204 1170 5243 esse
1230 5187 1454 5257 dicunt,
1523 5192 1890 5251 afﬁrmantes
1950 5196 2030 5251 ibi

371 5297 537 5349 eum,
562 5284 877 5352 postquam
901 5294 1037 5333 eum
1057 5283 1396 5334 exsecratus
1420 5282 1692 5347 estDeus,
1719 5282 2029 5341 humatum

370 5369 575 5425 fuisse.
610 5370 933 5439 Propterea
964 5367 1076 5422 loci
1109 5367 1529 5439 proprietatem
1565 5371 1769 5429 miror.
1796 5374 2035 5444 Oporte-

371 5453 473 5510 bat
501 5457 789 5515 nimirum
824 5456 1166 5523 Dominum,
1200 5473 1336 5512 cum
1368 5458 1416 5512 is
1446 5476 1731 5515 renovare
1772 5462 2031 5532 primum

372 5541 677 5599 hominem
706 5545 905 5615 vellet,
964 5544 1043 5600 ibi
1092 5550 1343 5602 mortem
1391 5547 1577 5603 obire.
1630 5550 1699 5604 Et
1746 5551 2030 5620 quoniam

2136 1983 2244 2034 τῶν
2277 1978 2468 2053 ἁγίων,
2498 1982 2533 2050 ἡ
2569 1979 2795 2055 λατρεία
2822 1984 2967 2036 πᾶσα
2997 1980 3088 2036 καὶ
3146 1982 3179 2050 ἡ
3221 1979 3475 2036 πολιτεία
3529 1982 3628 2051 τῆς
3682 2001 3801 2035 πα-

2138 2065 2298 2128 λαιᾶς
2330 2067 2672 2142 νομοθεσίας,
2703 2067 2794 2123 καὶ
2854 2067 3042 2143 ἱερέων
3099 2067 3313 2137 πλῆθος
3370 2068 3460 2123 καὶ
3522 2067 3679 2133 θυσία
3707 2070 3804 2123 καὶ

2138 2155 2513 2219 όλοκαύτωσις
2570 2157 2661 2212 καὶ
2722 2157 2885 2231 ὕμνοι
2961 2156 3102 2231 ἰεροὶ
3184 2158 3275 2211 καὶ
3334 2155 3658 2231 ψαλμῳδίαι
3706 2157 3803 2213 καὶ

2132 2246 2308 2301 πάντα
2334 2246 2402 2300 τά
2429 2245 2652 2316 ἐκεῖθεν,
2700 2247 2788 2301 καὶ
2846 2247 2914 2301 τὰ
2968 2245 3248 2320 μέλλοντα
3298 2246 3798 2323 προδιεγέγραπτο.

2133 2331 2357 2403 Ἐπειδὴ
2393 2332 2569 2389 δὲκαὶ
2612 2336 2647 2404 ἡ
2708 2334 2939 2405 ἀλήθεια
2990 2334 3378 2412 παραγέγονεν,
3436 2336 3634 2393 ἐκεῖθεν
3690 2339 3798 2408 τὴν

2132 2422 2312 2498 ἀρχὴν
2359 2418 2580 2496 ἔλαϐεν,
2643 2421 2841 2488 ἐκεῖθεν
2899 2425 2927 2479 6
2980 2427 3208 2500 σταυρὸς
3268 2423 3533 2500 ἔλαμψεν,
3589 2425 3797 2483 ἐκεῖθεν

2129 2511 2197 2566 τὰ
2231 2511 2401 2586 μυρία
2427 2513 2850 2585 κατορθώματα.
2892 2513 2989 2567 Διὰ
3048 2509 3115 2582 δὴ
3174 2518 3336 2571 τοῦτο
3393 2516 3480 2569 καὶ
3513 2516 3637 2589 περὶ
3691 2524 3797 2586 τῆς

2129 2603 2227 2657 τοῦ
2277 2603 2520 2675 Χριστοῦ
2578 2597 2826 2676 δευτέρας
2893 2602 3219 2675 νομοθεσίας
3279 2604 3306 2658 6
3357 2602 3522 2680 μέγας
3565 2605 3793 2670 Ἦσαῗας

2133 2690 2300 2765 λέγει’
2335 2691 2430 2747 Ἐκ
2464 2691 2604 2745 Σιὼν
2636 2687 2969 2760 ἐξελεύσεται
3021 2690 3210 2765 νόμος,
3242 2691 3331 2747 καὶ
3386 2690 3555 2769 λόγος
3584 2695 3790 2770 Κυρίου

2133 2779 2185 2850 ἐξ
2209 2778 2594 2853 Ἱερουσαλήμ,
2627 2779 2715 2835 καὶ
2748 2785 2923 2855 κρινεῖ
2954 2781 3050 2834 ἀνά
3083 2782 3244 2854 μέσον
3272 2786 3380 2837 τῶν
3409 2782 3593 2848 ἐθνῶν.
3638 2786 3789 2841 Σιὼν

2132 2872 2234 2945 γάρ
2276 2870 2501 2927 ἐνταῦθα
2521 2870 2833 2947 ὁλόκληρον
2864 2870 3010 2947 λέγει
3035 2872 3097 2928 τὸ
3130 2873 3338 2949 χωρίον
3370 2876 3457 2931 καὶ
3490 2876 3589 2945 τὴν
3612 2898 3796 2952 παρα-

2134 2959 2388 3033 κειμένην
2420 2961 2574 3033 αὐτῷ
2632 2960 2977 3035 μητρόπολιν
3035 2967 3143 3017 τῶν
3192 2960 3494 3022 Ἰουδαίων.
3556 2969 3798 3032 Ἐκεῖθεν

2134 3049 2341 3119 τοίνυν,
2371 3048 2554 3124 ὥσπερ
2570 3050 2629 3105 ἐκ
2653 3046 2916 3125 βαλϐῖδός
2948 3073 3091 3114 τινος
3106 3050 3365 3128 εὕδρομοι
3388 3056 3474 3110 καὶ
3510 3056 3795 3120 εὐσταλεῖς

2131 3135 2320 3206 ἵπποι,
2362 3138 2438 3201 είς
2466 3140 2566 3206 τήν
2601 3138 2925 3212 οἰκουμένην
2991 3141 3196 3196 ἅπασαν
3284 3144 3335 3197 oi
3383 3144 3682 3202 ἀπόστολοι
3714 3146 3796 3217 ἐξ·

2142 3228 2516 3303 επέμφθησαν,
2548 3226 2748 3291 ἐκεῖθεν
2778 3227 2844 3283 τὰ
2875 3234 3080 3301 σημεῖα
3142 3235 3320 3285 ποιεῖν
3375 3229 3631 3306 ἤρξαντο’
3684 3233 3803 3291 ἐκεῖ

2140 3316 2325 3391 γέγονε
2358 3318 2421 3372 τὸ
2475 3318 2746 3391 σωτήριον
2808 3319 2979 3379 πάθος
3033 3319 3123 3373 καὶ
3178 3319 3212 3388 ἠ
3273 3320 3559 3385 ἀνάστασις
3612 3323 3702 3379 καὶ
3758 3327 3796 3395 ἡ

2140 3405 2432 3480 ἀνάληψις,
2465 3406 2577 3462 ἐκεῖ
2604 3406 2671 3461 τὰ
2698 3407 2972 3483 προοίμια
3010 3409 3100 3463 καὶ
3153 3411 3187 3479 ἡ
3221 3408 3368 3484 ἀρχή
3398 3419 3500 3483 τῆς
3522 3415 3796 3490 ἡμετέρας

2140 3494 2438 3570 σωτηρίας.
2469 3497 2616 3552 Ἐκεῖ
2656 3496 2723 3550 τὰ
2789 3495 3073 3572 άπόρρητα
3129 3496 3376 3575 δόγματα
3431 3503 3795 3577 κηρύττεσθαι

2138 3584 2238 3652 τήν
2267 3583 2447 3658 ἀρχὴν
2476 3580 2685 3642 ἔλαϐεν.
2739 3586 2890 3641 Ἐκεῖ
2935 3590 3152 3660 πρῶτον
3212 3588 3566 3669 ἀπεκαλύφθη
3603 3596 3794 3671 ΙΙατήρ

2137 3673 2227 3727 καὶ
2288 3671 2580 3748 ἐγνωρίσθη
2644 3675 2941 3751 μονογενὴς
3000 3676 3124 3740 Υἱὸς
3179 3678 3269 3732 καὶ
3328 3675 3488 3751 ἐδόθη
3550 3682 3791 3755 τοσαύτη

2142 3761 2455 3836 Πνεύματος
2486 3762 2643 3837 ἁγίου
2676 3763 2860 3838 χάρις.
2914 3764 3011 3819 Καὶ
3067 3765 3160 3820 τὸν
3215 3767 3341 3843 περὶ
3397 3773 3506 3824 τῶν
3562 3770 3796 3846 ἀσωμάει

2137 3873 2245 3907 των
2317 3851 2478 3925 λόγον
2537 3852 2648 3907 ἐκεῖ
2700 3852 3021 3927 ἐγύμναζον,
3069 3855 3159 3909 καὶ
3217 3852 3435 3933 δωρεῶν
3485 3860 3574 3914 καὶ
3633 3859 3794 3917 δυνά-

2143 3962 2287 4014 μεων
2320 3939 2409 3995 καὶ
2439 3946 2548 3996 τῶν
2603 3940 2921 4015 μελλόντων
2998 3942 3217 4017 ἀγαθῶν
3276 3945 3369 4009 τὰς
3435 3945 3792 4026 ἐπαγγελίας,

2139 4030 2273 4103 ἅπερ
2306 4030 2511 4086 ἅπαντα
2536 4026 2879 4104 ὡραιότητας
2910 4037 3007 4086 τοῦ
3039 4037 3171 4087 Θεοῦ
3212 4032 3381 4111 λέγει·
3439 4036 3624 4110 κάλλη
3683 4042 3794 4116 γάρ

2139 4123 2274 4173 Θεοῦ
2302 4120 2391 4175 καὶ
2427 4120 2702 4194 ὡραιότης
2734 4121 2769 4189 ἠ
2819 4120 3086 4197 ἀγαθότης
3139 4124 3225 4179 καὶ
3289 4124 3670 4202 φιλανθρωπία
3700 4131 3797 4186 καὶ

2138 4208 2173 4276 ἡ
2217 4207 2290 4269 εἷς
2325 4208 2526 4269 πάντας
2554 4206 2854 4284 εὐεργεσία.
2907 4210 3055 4266 Ἐκεῖ
3104 4210 3287 4267 τοίνυν
3333 4214 3422 4269 καὶ
3477 4217 3542 4271 τὸ
3592 4223 3799 4292 πτῶμα

2139 4296 2225 4351 καὶ
2258 4302 2501 4370 πταῖσμα
2561 4301 2658 4353 τοῦ
2727 4296 2903 4372 Ἀδὰμ
2956 4301 3306 4374 θεραπεύσας,
3340 4305 3427 4359 καὶ
3487 4307 3585 4377 τήν
3630 4309 3797 4384 ταχί-

2140 4408 2293 4458 στην,
2337 4385 2517 4454 ὥσπερ
2572 4387 2664 4442 καὶ
2726 4386 3055 4464 ὑπόπτερον,
3106 4395 3212 4446 τῶν
3270 4393 3435 4468 ἁγίων
3485 4392 3799 4455 συνέλευσιν

2137 4477 2228 4530 καὶ
2261 4476 2557 4547 ὑπάντησιν
2618 4475 2668 4530 έν
2728 4480 2796 4550 τῇ
2855 4475 3077 4553 δευτέρᾳ
3134 4480 3299 4537 αὐτοῦ
3356 4486 3623 4560 παρουσίᾳ
3651 4508 3797 4563 προ-

2140 4565 2511 4642 ϋπεμιραίνων,
2540 4562 2745 4642 ἔλεγεν·
2789 4568 2968 4623 ’Ὀπου
3017 4569 3080 4623 16
3129 4574 3350 4642 πτῶμα,
3381 4570 3493 4628 ἐκεῖ
3521 4562 3799 4652 συναχθή-

1898 4663 2025 4731 Ubi,
2059 4663 2105 4727 Π
2136 4674 2319 4708 σονται
2351 4656 2405 4709 οἱ
2436 4653 2602 4714 ἀετοί,
2656 4654 2929 4716 Ὡσαύτως
2990 4654 3044 4711 δὲ
3102 4659 3192 4713 καὶ
3249 4661 3277 4714 δ
3338 4661 3509 4739 μέγας
3569 4667 3795 4722 Ἀθανά“

2138 4763 2254 4806 σιος
2286 4743 2361 4805 εἰς
2390 4744 2452 4798 τὸ
2503 4743 2675 4807 πάθος
2734 4747 2831 4798 τοῦ
2878 4745 3117 4821 Χριστοῦ
3203 4745 3373 4823 λέγει·
3436 4750 3635 4827 Διόπερ
3694 4754 3795 4810 οὐκ

2138 4832 2421 4890 ἀλλαχόσε
2450 4837 2653 4910 πάσχει
2683 4836 2916 4908 Χριστὸς
2973 4835 3095 4893 οὕτε
3154 4840 3262 4913 μὴν
3318 4841 3394 4906 εἰς
3427 4840 3598 4901 ἃλλον
3631 4866 3795 4903 amo-

2144 4928 2328 4998 ροῦται
2356 4923 2523 4979 τόπον
2551 4926 2586 4994 ἢ
2610 4925 2686 4987 εἰς
2716 4928 2814 4980 τοῦ
2855 4927 3087 5000 Κρανίου
3116 4930 3305 5003 τόπον,
3364 4932 3416 4986 έν
3464 4933 3510 5006 ᾧ
3569 4933 3636 5005 δὴ
3680 4942 3793 4993 τῶν

2138 5008 2493 5089 Ἑϐραίωνοὶ
2555 5010 2877 5070 διδάσκαλοί
2934 5037 3060 5091 φασι
3114 5022 3210 5073 τοῦ
3269 5018 3447 5095 Ἀδάμ
3508 5027 3646 5080 εἶναι
3702 5028 3797 5083 τὸν

2137 5102 2327 5180 τάφον·
2362 5100 2473 5159 ἓκεῖ
2512 5102 2614 5180 γάρ
2674 5102 2832 5159 αὐτὸν
2905 5105 3037 5178 μετᾶ
3092 5110 3192 5178 τήν
3247 5111 3480 5187 κατάραν
3532 5116 3797 5195 τεθάφθαι

2141 5187 2600 5249 διαϐεϐαιοῦνται.
2664 5193 2761 5249 Διὰ
2815 5197 2978 5249 τοῦτο
3024 5198 3286 5272 θαυμάζω
3333 5205 3430 5256 τοῦ
3488 5187 3793 5275 τόπουπὴν

2175 5281 2189 5303 ο
2284 5281 2310 5337 ό
2506 5284 2528 5302 ν
2732 5281 2747 5303 \
2858 5284 2872 5301 ι
2994 5285 3041 5303 vl
3228 5289 3241 5301 ς
3383 5295 3411 5306 η,

2140 5303 2276 5337 οικει
2315 5304 2474 5352 τητα.
2532 5280 2655 5340 Εδει
2687 5304 2788 5358 γορ
2821 5303 2913 5337 τον
2969 5287 3166 5360 Κυριον
3216 5309 3514 5347 ανανεωσαι
3569 5294 3800 5352 θέλοντα

2139 5372 2231 5427 τὸν
2263 5378 2480 5445 πρῶτον
2513 5371 2818 5448 ἄνθρωπον,
2876 5371 2928 5427 ἦν
2985 5374 3174 5448 ἐκείνῳ
3228 5385 3420 5443 παθεῖν
3477 5387 3558 5455 τῷ
3612 5386 3793 5458 τόπῳ.

2142 5460 2245 5518 Καὶ
2277 5459 2725 5531 ἐπειδὴ-ἤκουσεν
2762 5457 2959 5535 Ἀδάμ·
3020 5469 3096 5533 Γῆ
3157 5466 3208 5520 εἶ
3261 5469 3349 5523 καὶ
3400 5469 3476 5532 εἰς
3533 5479 3637 5547 γῆν
3669 5457 3801 5529 άπε-

2143 5549 2330 5623 λεύσῃ,
2360 5550 2528 5625 ταύτῃ
2558 5552 2643 5627 [Ρ.
2676 5551 2802 5623 429]
2832 5548 2998 5606 πάλιν
3062 5552 3173 5609 ἐκεῖ
3226 5558 3480 5628 τέθειται,
3532 5559 3628 5616 ⁸ίνα
3661 5561 3715 5618 ἐν
3747 5563 3796 5636 ᾦ

446 5738 490 5773 ⁸⁵
518 5738 652 5795 Osc.
684 5754 782 5809 xu,
818 5743 904 5797 10.
981 5743 1028 5784 ιθ
1060 5745 1150 5800 lsa
1177 5762 1292 5815 XIV,
1323 5749 1412 5805 32.
1490 5749 1534 5786 "
1563 5750 1765 5810 Matth.
1798 5768 1904 5824 xu,
1936 5754 2024 5809 40.

2137 5751 2151 5789 ³
2178 5755 2292 5811 lsa.
2324 5770 2386 5824 ιι,
2418 5756 2470 5812 3.
