4120 6414
344 427 458 488 821

1488 422 2044 488 HISTORIARUM
2091 410 2604 498 rOMbENDIUM

3650 441 3772 500 822

343 582 500 635 τοπῳ
528 560 631 630 τήν
662 560 899 635 κατάραν
932 553 1145 630 ἔλαϐεν,
1178 558 1289 615 ἐκεῖ
1339 559 1431 615 καὶ
1480 559 1582 629 τήν
1611 555 1767 613 λῦσιν
1798 555 1987 629 ταύτης

2116 565 2343 622 dictum
2374 573 2466 623 est
2490 569 2737 635 Adamo,
2769 571 2949 624 Terra
2978 585 3062 637 es,
3091 573 3151 623 et
3179 568 3240 624 in
3272 574 3491 626 terram
3522 572 3767 639 redibis,

346 648 589 723 δέξηται.

411 922 564 978 Ὃντι
624 916 681 974 δὲ
736 923 815 991 τῷ
870 916 1088 994 βασιλεῖ
1132 917 1439 993 Ἡρακλείῳ
1490 917 1543 973 ἐν
1600 921 1669 992 τῇ
1723 914 1996 991 Ἀνατολῇ

339 1009 605 1086 ἐγεννήθη
638 1008 790 1082 αὐτῷ
821 1008 936 1071 υἱὸς
968 1008 995 1062 ὁ
1028 1002 1222 1066 Δαϐἱδ.
1263 1010 1349 1081 Τῇ
1406 1007 1542 1081 αὐτῇ
1574 1007 1758 1080 ἡμέρᾳ
1786 1004 1986 1081 ἐτέχθη

338 1099 431 1154 καὶ
483 1096 873 1171 Κωνσταντίνῳ
937 1101 1016 1169 τῷ
1083 1098 1186 1171 υἱῷ
1255 1094 1601 1173 Ἡράκλειος,
1654 1092 1998 1170 Ἡράκλειος,

340 1189 402 1250 ’ὀς
458 1182 754 1258 ἐϐαπτίσθη
816 1187 920 1241 ὑπὸ
978 1186 1212 1262 Σεργίου
1268 1189 1366 1241 τοῦ
1423 1184 1793 1263 πατριάρχου.
1835 1187 1924 1256 Τῷ
1950 1180 1997 1237 δ’

340 1276 490 1350 αὖτῷ
548 1274 656 1332 ἔτει
717 1275 1081 1346 ἐπανέστησαν
1142 1276 1194 1331 οἱ
1273 1274 1471 1347 Πέρσαι
1528 1274 1648 1329 κατ’
1703 1271 1995 1345 ἀλλήλων,

338 1366 430 1422 καὶ
471 1364 680 1421 πολλοὶ
713 1362 1097 1443 διεφθάρησαν.
1129 1364 1263 1419 Τότε
1311 1363 1339 1418 6
1392 1361 1651 1439 βασιλεὺς
1676 1366 1782 1417 τῶν
1816 1357 1998 1419 Ἰνδῶν

337 1452 541 1529 πέμπει
572 1455 851 1534 συγχάρια
883 1452 963 1528 τῷ
1014 1451 1258 1529 βασιλεῖ,
1319 1451 1654 1529 μαργαρίτας
1684 1450 1774 1505 καὶ
1808 1448 1995 1512 λίθους

335 1544 557 1619 τιμίους
588 1541 855 1607 πολλούς.
905 1544 1007 1600 Ἦν
1056 1539 1114 1597 δὶ
1170 1543 1199 1597 6
1256 1539 1502 1617 Μωάμεδ
1532 1539 1993 1618 προτελευτῆσας,

337 1631 397 1694 ὅς
429 1631 620 1704 ἔστησε
655 1633 919 1708 τέσσαρας
951 1629 1240 1709 ἀμηράδας
1272 1630 1539 1704 πολεμεῖν
1569 1636 1684 1692 τοῖς
1731 1627 1784 1701 ἒξ
1836 1628 1989 1706 Ἀρά-

337 1718 449 1777 ϐων
506 1722 818 1797 γενομένοις
874 1723 1246 1798 Χριστιανοῖς.
1320 1720 1423 1778 Καὶ
1479 1718 1653 1791 ἦλθον
1710 1720 1990 1774 κατέναντι

336 1809 623 1886 Θεοδώρου
660 1807 1147 1889 κουϐικουλαρίου,
1193 1811 1283 1866 καὶ
1341 1805 1718 1884 συμϐαλόντες
1750 1808 1994 1884 πόλεμον

2110 655 2191 710 ibi
2224 656 2272 711 is
2302 659 2648 713 reconditus
2675 658 2807 726 fuit,
2838 665 2905 714 ut
2939 676 3055 729 quo
3088 657 3149 713 in
3202 657 3331 714 loco
3361 658 3766 717 damnationis

2108 748 2469 802 sententiam
2499 748 2785 820 percepit,
2820 765 2888 803 eo
2916 754 2976 804 et
3004 747 3444 805 absolutionem
3475 749 3767 823 adipisce-

2108 840 2273 892 retur
2303 833 2368 891 ‘9.

2180 924 2446 981 Heraclio
2479 926 2539 981 in
2570 926 2808 982 Oriente
2840 926 3074 999 degenti
3111 926 3269 981 illius
3299 927 3567 983 nascitur
3599 927 3765 984 Davi-

2104 1013 2235 1069 dus.
2264 1015 2595 1086 Eademque
2628 1016 2723 1070 die
2750 1015 3133 1072 Constantino
3155 1017 3403 1072 Heraclii
3427 1017 3551 1072 ﬁlio
3574 1016 3763 1073 nasci-

2104 1108 2201 1159 tur
2228 1105 2550 1173 lleraclius,
2582 1122 2760 1177 quem
2792 1105 3027 1177 Sergius
3059 1105 3396 1177 patriarcha
3424 1105 3759 1179 baptizavit.

2103 1194 2325 1250 Eodem
2364 1211 2520 1250 anno
2568 1196 2783 1263 Persas,
2845 1195 3002 1250 inter
3057 1211 3188 1251 sese
3235 1201 3399 1252 mota
3442 1196 3759 1267 seditione,

2103 1298 2381 1354 magnam
2415 1282 2527 1337 sibi
2556 1282 2702 1354 ipsis
2724 1281 2955 1338 cladem
2979 1282 3331 1339 intulerunt.
3353 1285 3499 1339 Tum
3532 1288 3761 1357 tempo-

2100 1370 2183 1427 ris
2214 1371 2497 1427 Indorum
2520 1389 2623 1427 rex
2643 1388 2893 1428 munera
2914 1372 3329 1445 gratulationis
3351 1390 3489 1445 erga
3510 1373 3763 1446 impera-

2101 1462 2214 1515 tori
2233 1460 2674 1527 misit,uniones
2692 1466 2750 1516 et
2764 1478 3029 1534 gemmas
3046 1462 3638 1519 multas.Decesserat
3643 1463 3761 1535 jam

2104 1551 2245 1608 ’151
2279 1556 2403 1607 tum
2424 1551 3131 1621 Moamedus,constitutis
3153 1557 3409 1623 quatuor
3433 1552 3752 1625 ameradis,

2100 1641 2199 1713 qui
2232 1641 2524 1696 Arabibus
2545 1641 2941 1698 Christianam
2972 1642 3324 1714 religionem
3345 1644 3758 1715 complecten-

2098 1730 2258 1785 tibus
2304 1730 2530 1786 bellum
2590 1730 2875 1786 facerent.
2938 1731 3005 1786 Hi
3065 1729 3346 1787 adversus
3376 1733 3750 1789 Theodorum

2098 1821 2530 1877 cubicularium
2563 1822 2809 1893 profecti
2839 1838 3094 1893 cumque
3116 1838 3186 1877 eo
3209 1823 3416 1895 prmlio
3448 1824 3755 1897 congressi

335 1901 679 1977 ἀναιροῦνται
738 1902 793 1955 οἱ
849 1906 996 1977 τρεῖς
1054 1898 1335 1976 ἀμηράδες
1386 1899 1477 1954 καὶ
1526 1898 1740 1969 πλῆθος
1766 1897 1911 2003 πολὺ
1940 1896 1987 1970 ἐξ

2104 1914 2255 1966 sunt.
2290 1910 2402 1966 Sed
2433 1928 2502 1965 eo
2534 1911 2594 1965 in
2626 1911 2830 1983 praalio
2891 1915 3008 1967 tres
3065 1911 3377 1968 amerades
3420 1896 3755 1985 magnaque

334 1991 535 2047 αὐτῶν.
570 1989 797 2061 Ἐεῆλθε
844 1987 901 2046 δὲ
958 1990 1049 2046 καὶ
1107 1991 1135 2045 6
1193 1989 1271 2054 εἷς
1324 1990 1541 2062 ἅμηρᾶς
1570 1989 1598 2043 6
1627 1982 1895 2059 Χάλεϐος,
1928 1986 1987 2042 δν

336 2080 587 2156 λέγουσιν
653 2079 927 2155 μάχαιραν
984 2083 1081 2135 τοῦ
1139 2082 1291 2136 Θεοῦ.
1350 2082 1521 2136 Ἦσαν
1581 2075 1638 2133 δέ
1692 2098 1834 2140 τινες
1880 2080 1990 2132 τῶν

333 2167 573 2239 πλησίον
634 2166 880 2243 Ἀράϐων
968 2163 1342 2242 λαμϐάνοντες
1417 2168 1564 2243 παρὰ
1623 2171 1703 2239 τῷ
1773 2166 1994 2242 βασιλεῖ

328 2257 618 2331 Ῥωμαίων
651 2257 814 2335 ῥόγάν
869 2260 984 2332 (74)
1044 2258 1178 2333 πρὸς
1228 2257 1293 2313 τὸ
1349 2255 1639 2336 φυλάττειν
1687 2255 1755 2310 τὰ
1786 2255 1989 2327 στόμια

322 2351 426 2414 τῆς
473 2348 706 2423 ἐρήμου.
770 2350 858 2406 Ἐν
915 2348 1068 2419 αὐτῷ
1121 2345 1179 2402 δὲ
1234 2351 1313 2420 τῷ
1359 2351 1536 2420 καιρῷ
1588 2344 1835 2407 ἐλθόντες
1886 2346 1990 2401 οὐκ

324 2431 524 2493 ἔλαϐον
570 2438 671 2507 τήν
731 2436 922 2514 ῥόγαν,
982 2435 1109 2492 ἆΛλ’
1151 2434 1521 2511 ἐδιώχθησαν.
1556 2434 1896 2506 Λυπηθέντες
1929 2431 1988 2489 δὲ

321 2526 572 2597 ἀπῆλθον
604 2527 741 2603 πρὸς
772 2525 899 2589 τοὺς
928 2524 1273 2601 ὁμοφύλους,
1322 2525 1412 2580 καὶ
1462 2524 1758 2601 ὡδήγησαν
1792 2522 1985 2587 αὐτοὺς

330 2615 420 2671 ἐπὶ
469 2618 569 2688 τήν
630 2615 820 2695 χώραν
872 2618 1069 2688 Γάζης,
1129 2617 1358 2688 στόμιον
1406 2614 1565 2670 οὖσαν
1622 2621 1724 2684 τῆς
1774 2614 1986 2689 ἐρήμου

328 2705 465 2762 κατᾶ
492 2706 555 2761 τὸ
587 2706 805 2761 Σίναιον
838 2704 988 2779 ὄρος,
1018 2704 1287 2760 πλουσίαν
1318 2703 1545 2784 σφόδρα.
1597 2702 1660 2757 Ο⁹ί
1712 2704 1800 2757 καὶ
1845 2724 1989 2777 παρ-

334 2790 535 2851 έλαϐον
560 2797 661 2865 τήν
689 2796 859 2872 Ἦραν
884 2795 973 2850 καὶ
997 2800 1169 2850 πᾶσαν
1193 2797 1294 2865 τήν
1327 2795 1514 2870 χώραν
1542 2795 1740 2864 Γάζης.
1774 2791 1983 2848 Ἐλθὼν

339 2880 397 2938 δὲ
454 2884 674 2960 Σέργιος
728 2884 837 2939 ἀπὸ
896 2884 1214 2955 Καισαρείας
1286 2890 1388 2953 τῆς
1461 2880 1826 2952 Παλαιστίνης
1891 2885 1983 2936 σὺν

344 2970 559 3048 ὀλίγοις
590 2974 943 3051 στρατιώταις
975 2974 1234 3030 κτείνεται
1260 2978 1477 3049 πρῶτος
1511 2973 1603 3027 σὺν
1638 2976 1720 3044 τῷ
1750 2974 1983 3047 στρατῷ.

338 3064 407 3120 Οἱ
465 3059 524 3118 δὲ
581 3059 843 3128 λαϐόντες
890 3061 1282 3143 αἰχμαλωσίαν
1338 3060 1557 3131 πολλὴν
1631 3059 1982 3136 ὑπέστρεψαν.

402 3335 501 3407 Τῷ
530 3334 607 3403 κζ’
637 3330 741 3389 ἔτει
772 3331 936 3405 ἦλθεν
984 3332 1240 3404 Ἰώαννης
1299 3333 1328 3388 6
1391 3335 1634 3402 Κατζᾶς,
1690 3331 1982 3409 ἐπίτροπος

330 3423 656 3498 Ὀσροηνῆς,
709 3424 847 3500 πρὸς
918 3420 1031 3481 Ἰὰδ
1112 3422 1188 3484 είς
1248 3420 1600 3494 Χαλκηδόνα,
1659 3423 1750 3477 καὶ
1808 3421 1985 3477 έστοί-

327 3530 470 3587 χησε
499 3510 708 3568 διδόναι
740 3513 886 3586 αὐτῷ
928 3511 1054 3568 δέκα
1115 3509 1380 3589 μυριάδας
1439 3512 1796 3586 νομισμάτων
1846 3511 1983 3587 πρὸς

323 3603 387 3658 τὸ
420 3604 497 3675 μή
541 3606 770 3676 περᾶσαι
820 3602 915 3658 τὸν
970 3599 1258 3679 Εὒφράτην
1324 3603 1463 3675 μήτε
1521 3600 1813 3675 εἰρηνικῶς
1846 3604 1985 3675 μήτε

326 3689 672 3765 πολεμικῶς.
730 3690 1060 3766 Ἡράκλειος
1129 3688 1185 3746 δὲ
1264 3695 1427 3746 τοῦτο
1491 3691 1678 3764 μαθὼν
1728 3691 1803 3753 ὡς
1859 3693 1984 3746 ἄνευ

328 3777 589 3853 είδήσεως
664 3779 829 3836 αὐτοῦ
894 3785 1061 3835 τοῦτο
1134 3780 1421 3852 πεποίηκε,
1497 3783 1687 3835 τοῦτον
1764 3778 1984 3857 ἐξώρισε

329 3871 419 3926 καὶ
450 3869 565 3925 ἀντ’
589 3869 753 3925 αὐτοῦ
786 3867 1132 3944 Πτολεμαῖον
1162 3870 1465 3945 στρατηγὸν
1500 3867 1729 3945 ἔπεμψε.

398 4055 490 4123 Τῷ
518 4071 589 4121 κη
659 4046 766 4104 ἔτει
828 4043 1140 4125 παρέλαϐον
1202 4049 1255 4102 οἱ
1317 4042 1550 4123 Ἄραϐες
1592 4048 1693 4117 τήν
1758 4048 1981 4103 Ἀντιό-

324 4160 506 4216 χειαν,
567 4139 661 4194 καὶ
716 4138 965 4220 ἐπέμφθη
1023 4133 1237 4201 Μαϐίας
1295 4138 1399 4193 ὑπὸ
1456 4136 1719 4212 Οδμάρου
1782 4157 1980 4213 στρατ-

325 4229 458 4307 ηγὸς
488 4230 576 4285 καὶ
620 4228 840 4304 ἀμηρᾶς
888 4228 1066 4299 πάσης
1121 4234 1222 4299 τῆς
1280 4227 1384 4283 ὑπὸ
1439 4227 1570 4289 τοὺς
1625 4227 1980 4302 Σαρακηνοὺς

329 4323 516 4397 χώρας
548 4320 654 4376 ἀπὸ
685 4319 965 4397 Αἱγόπτου
988 4319 1094 4383 ἓως
1123 4319 1432 4399 Εὐφράτου.

396 4414 491 4483 Τῷ
518 4411 597 4466 κθ’
627 4408 731 4465 ἔτει
761 4404 1179 4487 παραλαμϐάνει
1210 4406 1320 4465 Ἰἆδ
1363 4410 1465 4479 τὴν
1508 4406 1733 4464 Ἔδεσαν
1762 4407 1982 4486 λόγοις,

322 4504 423 4570 τὴν
458 4498 515 4556 δὲ
550 4500 948 4558 Κωνστάντειαν
1000 4499 1256 4573 πολέμῳ,
1312 4497 1520 4572 ὁμοίως
1569 4498 1659 4553 καὶ
1688 4499 1750 4553 τὸ
1782 4498 1980 4573 Δαρᾶς,

2103 2018 2237 2056 cum
2263 2000 2357 2055 his
2390 1999 2708 2056 multitudo
2752 2000 3178 2056 occubuerunt.
3226 2001 3416 2056 Exivit
3447 2002 3626 2058 etiam
3659 2019 3759 2057 re-

2101 2090 2302 2161 liqnus
2332 2106 2585 2158 ameras,
2617 2089 2912 2144 Chalebus
2959 2090 3224 2158 nomine,
3258 2091 3359 2162 qui
3389 2090 3620 2164 gladius
3652 2091 3757 2147 Dei

2099 2179 2529 2252 appellabatur.
2576 2180 2758 2234 Erant
2813 2179 3056 2250 quidam
3114 2179 3292 2235 vicini
3350 2181 3591 2248 Arabes,
3654 2180 3756 2252 qui

2099 2266 2171 2322 ab
2204 2268 2560 2339 imperatore
2592 2270 2851 2322 Romano
2880 2267 3242 2339 stipendium
3268 2269 3626 2324 tuendarum
3659 2286 3757 2324 so-

2098 2357 2371 2412 litudinis
2403 2358 2661 2412 faucium
2684 2373 2863 2413 causa
2882 2358 3151 2429 accipere
3172 2357 3595 2414 solebantﬂoc
3618 2375 3755 2415 cum

2100 2444 2196 2499 isti
2230 2444 2289 2498 id
2324 2444 2607 2516 temporis
2630 2444 2883 2515 petitum
2910 2445 3234 2513 venissent,
3270 2444 3569 2516 repulsam
3591 2446 3750 2517 passi

2098 2534 2393 2605 ejectique
2426 2539 2582 2588 sunt.
2624 2533 2790 2599 Quod
2841 2533 3085 2607 indigne
3143 2533 3404 2589 ferentes
3429 2533 3748 2607 gentilibus
3812 2574 3825 2581 -

2097 2639 2159 2677 se
2193 2622 2315 2678 suis
2346 2623 2806 2695 conjunxerunt,
2830 2622 3036 2693 eisque
3059 2621 3136 2676 ad
3157 2623 3417 2677 Gazaaam
3448 2622 3755 2696 regionem

2097 2711 2277 2767 duces
2307 2711 2539 2766 itineris
2569 2728 2631 2765 se
2663 2711 3069 2783 prmbuerunt,
3094 2727 3227 2783 quae
3248 2710 3475 2766 aditum
3501 2714 3666 2766 tenet
3684 2711 3749 2766 in

2097 2801 2481 2856 solitudinem
2506 2802 2679 2874 juxta
2708 2801 2968 2856 Sinasum
2994 2804 3278 2869 montem,
3309 2805 3517 2871 estque
3546 2798 3753 2855 admo-

2096 2891 2237 2947 dum
2271 2891 2454 2948 dives.
2507 2891 2627 2945 Hoc
2675 2889 2850 2945 modo
2899 2890 2973 2945 ab
3003 2890 3075 2945 iis
3102 2891 3215 2945 Era
3243 2890 3556 2960 omnisque
3590 2891 3750 2946 Gaza

2095 2980 2241 3036 ditio
2273 2986 2443 3052 capta
2473 2983 2581 3033 est.
2613 2979 2848 3051 Sergius
2893 2983 3092 3033 autem
3121 2978 3388 3033 Cmsarea
3416 2978 3751 3034 Palaestinas

2094 3070 2339 3125 veniens
2368 3085 2502 3124 cum
2555 3069 2765 3141 exigua
2821 3067 3074 3123 militum
3127 3083 3330 3135 manu,
3362 3068 3593 3140 primus
3624 3068 3752 3140 ipse

2095 3177 2229 3215 cum
2270 3159 2535 3215 exercitu
2578 3158 2957 3214 interficitur.
3016 3157 3256 3213 Barbari
3306 3171 3520 3230 magna
3549 3157 3752 3229 prmda

2096 3249 2265 3322 potiti
2297 3248 2632 3304 discedunt.

2168 3341 2341 3394 Anno
2397 3341 2466 3391 27
2518 3337 2678 3392 venit
2730 3337 2986 3392 Joannes
3066 3341 3457 3409 cognomento
3522 3337 3748 3403 Catzas,

2089 3430 2367 3484 Osroenaa
2394 3428 2728 3499 praefectus,
2750 3426 3185 3482 Chalcedonem
3217 3426 3292 3480 ad
3320 3425 3551 3489 Jadum,
3576 3425 3749 3496 eique

2089 3524 2329 3574 centum
2363 3517 2552 3573 millia
2590 3517 3017 3572 numismatum
3067 3516 3345 3571 daturum
3377 3532 3438 3570 se
3469 3515 3749 3587 promisit

2089 3627 2157 3665 eo
2190 3615 2361 3682 pacto
2391 3626 2466 3664 ne
2501 3609 2551 3662 is
2596 3608 2685 3663 vel
2733 3606 2873 3662 belli
2920 3605 3009 3662 vel
3058 3605 3221 3677 pacis
3250 3605 3439 3677 gratia
3467 3604 3740 3676 Euphra-

2089 3704 2207 3753 tem
2258 3701 2541 3754 transeat.
2613 3695 2919 3751 Heraclius
2992 3711 3150 3763 vero,
3231 3694 3338 3749 ubi
3395 3693 3455 3747 id
3513 3692 3746 3749 Catzam

2089 3805 2151 3845 se
2218 3789 2406 3844 inscio
2472 3788 2767 3860 pepigisse
2835 3785 3158 3852 intellexit,
3227 3784 3535 3840 hominem
3593 3785 3752 3839 rele-

2086 3878 2254 3951 gavit,
2315 3878 2561 3950 ejusque
2619 3876 2752 3931 loco
2810 3875 3093 3930 exercitui
3153 3874 3544 3930 Ptolemaeum
3594 3890 3754 3946 prae-

2085 3966 2247 4021 fecit.

2159 4058 2329 4110 Anno
2373 4057 2442 4108 28
2501 4054 2725 4110 Arabes
2780 4053 3159 4109 Antiochiam
3192 4056 3502 4124 ceperunt.
3536 4051 3749 4107 Missus

2087 4160 2324 4215 quoque
2359 4143 2430 4198 ab
2462 4143 2679 4199 Umaro
2716 4143 2866 4200 752
2900 4146 2989 4196 est
3019 4141 3232 4196 Mavias
3262 4140 3474 4197 ductor
3494 4145 3554 4195 et
3580 4156 3750 4196 ame-

2085 4250 2181 4288 ras
2213 4232 2407 4287 omnis
2466 4247 2597 4302 quae
2657 4230 2995 4286 Sarracenis
3061 4229 3303 4285 suberat
3356 4227 3617 4301 regionis
3671 4228 3747 4284 ab

2085 4324 2327 4396 Egypto
2356 4336 2547 4392 usque
2578 4320 2653 4375 ad
2684 4320 3044 4392 Euphraten.

2159 4412 2329 4466 Anno
2368 4411 2437 4463 29
2467 4408 2645 4464 Jadus
2676 4408 2955 4465 Edessam
2985 4406 3306 4479 colloquio,
3337 4405 3746 4463 Constantiam

2086 4501 2138 4556 vi
2172 4500 2347 4572 capit,
2381 4500 2644 4571 itemque
2704 4501 2905 4565 Daras,
2964 4499 3027 4553 in
3079 4515 3197 4570 quo
3251 4497 3473 4555 multos
3502 4494 3748 4552 interfe-

324 4589 416 4646 καὶ
447 4587 695 4653 πολλοὺς
724 4587 777 4644 ἐν
804 4588 975 4664 ταύτῃ
1031 4584 1302 4644 ἀπώλεσε.
1338 4588 1434 4643 Καὶ
1469 4584 1644 4649 οὕτως
1674 4582 1975 4664 παρέλαϐεν

2104 4590 2188 4645 :it.
2243 4592 2435 4661 Atque
2492 4588 2578 4645 sic
2631 4587 2812 4645 Jadus
2868 4593 3056 4644 totam
3115 4587 3349 4661 subegit
3414 4587 3743 4660 Mesopota-

326 4677 435 4737 Ἰἆδ
467 4685 641 4735 πᾶσαν
662 4681 762 4749 τήν
799 4678 1252 4752 Μεσοποταμίαν.
2014 4659 2060 4724 D
2094 4679 2297 4734 miam.

397 4771 495 4843 Τῷ
538 4767 597 4825 δέ
651 4768 701 4826 λ’
753 4765 858 4825 ἔτει
916 4767 1335 4845 ἐπεστράτευσαν
1380 4767 1433 4822 οἳ
1491 4766 1801 4843 Σαρακηνοὶ
1844 4767 1980 4823 κατὰ

2162 4770 2333 4823 Anno
2384 4768 2456 4823 30
2513 4767 2786 4824 Saraceni
2845 4765 3072 4822 Persidi
3125 4765 3352 4821 bellum
3385 4765 3743 4836 intulerunt,

327 4855 616 4935 Περσίδος,
688 4858 779 4913 καὶ
851 4858 1166 4930 νικήσαντες
1254 4855 1459 4916 πάντας
1542 4855 1672 4917 τοὺς
1773 4853 1980 4932 Πέρσας

2104 4857 2391 4929 victosque
2422 4859 2634 4914 Persas
2664 4873 2873 4913 omnes
2903 4856 3016 4911 sibi
3040 4856 3452 4930 subjugarunt.
3480 4856 3743 4913 Hormis-

327 4949 611 5019 ὑπέταξαν.
671 4944 977 5024 Ὀρμίσδας
1039 4944 1093 5002 δὲ
1178 4946 1208 5001 6
1268 4942 1528 5020 βασιλεὺς
1587 4948 1697 4999 τῶν
1755 4948 1978 5019 Περσῶν

2104 4945 2197 5002 las
2226 4947 2543 5003 Persarum
2574 4963 2677 5002 rex
2733 4947 2871 5020 fuga
2900 4947 2975 5002 ad
3006 4947 3319 5004 interiores
3365 4947 3576 5001 Persas
3606 4962 3743 5002 eva-

324 5036 468 5117 φυγῇ
492 5038 844 5114 χρησάμενος
905 5036 994 5092 ἐπὶ
1051 5035 1177 5097 τοὺς
1230 5031 1495 5110 ἐνδοτέρω
1554 5033 1763 5109 Πέρσας
1811 5054 1981 5089 κατα-

2104 5036 2186 5092 sit.
2222 5035 2527 5091 Sarraceni
2578 5037 2857 5093 Chosrom
2915 5036 3072 5092 filias
3123 5035 3383 5108 captivas
3412 5050 3548 5089 cum
3579 5034 3743 5090 omni

399 5153 444 5191 ¹⁹
473 5156 614 5211 Gen.
648 5172 731 5211 III.
767 5158 848 5209 19.

600 5195 614 5210 .
648 5172 731 5211 ll.
767 5158 848 5209 19.

473 5156 595 5212 Gen
670 5174 683 5211 ι
1530 5250 1896 5308 XYLANDRI
1934 5251 2020 5306 ET
2057 5250 2273 5308 GOARI
2312 5251 2534 5307 NOTE.

390 5381 506 5450 (74)
536 5382 621 5435 Ex
650 5379 942 5435 Choniata
962 5376 1149 5450 didici
1181 5376 1293 5450 hoc
1314 5390 1448 5431 esse
1470 5373 1626 5446 quod
1658 5375 1841 5450 Graeci
1886 5395 1981 5445 μι-

2104 5374 2333 5450 ponitur
2361 5375 2600 5450 συνήθης
2658 5371 2895 5450 διανομὴ
2946 5376 3055 5426 τῶν
3075 5441 3091 5450 μ
3113 5371 3550 5450 στρατευμάτων.
3587 5378 3652 5450 Et
3679 5375 3743 5431 in

321 5441 446 5505 σθόν
476 5441 703 5509 dicunt.
737 5454 819 5508 Ac
851 5449 1043 5506 multo
1075 5448 1296 5521 clarius
1340 5463 1412 5521 ex
1458 5441 1671 5521 n'ostro
1694 5446 1755 5501 in
1788 5441 1980 5521 Leone

2104 5441 2494 5521 iineRomani
2516 5441 2722 5521 Argyri
2741 5441 3594 5521 ῥόγας-συγκλητικῶν-ίδθῖθιίυΐ
3620 5444 3745 5501 δια-

322 5524 719 5602 I_conomacbo
759 5522 869 5602 sub
888 5519 1618 5602 "finemaubiverbum‘est
1645 5516 1980 5602 ῥογεύὶσθαι.

2104 5517 2569 5602 iop‘d‘..Deniqu‘e
2600 5515 2838 5602 'S'uidas'
2861 5515 3040 5602 etiam
3073 5515 3261 5602 ,ῥόγαχ
3317 5517 3747 5602 interpretatur

326 5597 396 5650 Et
426 5612 548 5668 non
577 5595 785 5668 procul
816 5594 1000 5668 aiine
1049 5591 1363 5668 Nicephori
1411 5589 1519 5644 ἀπὸ
1560 5585 1985 5668 γενικῶν-δατε-

2104 5585 2368 5668 βάσιλέων
2398 5585 2800 5668 εὐσέϐειαν-καὶ.
2828 5585 3187 5668 φιλοτιμίαν.’
3221 5589 3400 5668 Paulo
3447 5585 3586 5668 ante
3616 5611 3747 5667 συγο

328 5667 461 5743 ceni
485 5658 1061 5743 stipendiamiljtum
1086 5658 1983 5743 in_t_ércipiunt,_cen_teuariorum

2104 5658 2269 5743 χάρια
2298 5663 2527 5734 conjeci
2566 5662 2712 5737 παρᾶ
2741 5661 2818 5743 τὸ.
2841 5658 3178 5743 ’συγχαίρειν
3211 5659 3390 5735 dicta,
3421 5658 3743 5734 gluckwwi-

331 5741 397 5793 f3
426 5732 648 5812 rogem.
680 5741 767 5795 Ac
794 5738 856 5793 in
884 5733 1274 5794 Constantino
1302 5732 1532 5790 'Leonis
1566 5734 1690 5789 ﬁlio
1721 5732 1855 5810 ῥόγα
1883 5750 1987 5790 ex-
2093 5732 2319 5806 schung,
2351 5732 2603 5791 munera
2628 5732 3037 5808 gratulatoria.
3067 5732 3207 5788 Χη.
