4120 6428
330 402 452 465 823

1696 385 2014 449 GEORGII
2058 381 2405 443 CEDltENl

3624 381 3746 442 824

329 534 495 607 regia
524 528 881 605 supellectili
911 528 985 585 ad
1017 531 1295 585 Umarum
1318 524 1714 581 abduxerunt.
1744 522 1823 575 Eo
1856 519 1987 590 ipso

2126 496 2341 588 ›εύγει.’
2379 513 2447 570 Ol
2516 508 2574 568 δὶ
2635 514 2943 586 Σαρακηνοὶ
3016 509 3413 588 αἰχμαλώτους
3499 510 3596 574 τὰς
3655 516 3757 567 τοῦ

332 630 600 696 tempore
630 622 882 677 Umarus
903 634 1145 674 censum
1172 616 1288 689 egit
1309 632 1414 686 per
1435 628 1642 669 omnes
1664 627 1801 666 suas
1825 608 1994 664 ditio-

336 730 465 778 nes,
496 712 832 777 hominum,
865 708 1098 781 pecoris
1128 711 1188 762 et
1219 705 1514 776 stirpium.

2102 604 2359 678 Χοσρόου
2435 604 2731 678 θυγατέρας
2808 604 2894 676 [Ρ.
2960 604 3089 676 430]
3179 602 3292 676 ἅμα
3355 602 3426 671 τῇ
3494 600 3757 677 βασιλικῇ

2102 692 2378 767 ἀποσκευῇ
2437 689 2631 768 ἄγουσι
2663 692 2797 763 πρὸς
2857 688 3126 766 Οὕμαρον.
3187 693 3284 763 Τῷ
3316 688 3363 746 δ’
3392 690 3540 764 αύτῷ
3570 692 3760 767 χρόνῳ

337 804 488 856 ποιεῖ
542 798 859 874 ἆναγραφὴν
888 795 1178 869 -Οὕμαρος
1234 793 1409 864 πάσης
1460 798 1563 859 τῆς
1617 791 1703 846 ὑπ’
1760 785 1921 842 αὐτὸν
1983 781 2334 856 οἰκουμένης,
2389 787 2498 836 τῶν
2557 802 2615 836 τε
2671 782 2974 857 ἀνθρώπων
3030 781 3118 837 καὶ
3176 803 3384 851 κτηνων
3434 782 3525 836 καὶ
3555 785 3758 858 φυτῶν.

408 894 574 948 Anno
606 892 668 945 31
705 887 1030 955 Heraclius,
1091 885 1186 940 die
1249 886 1309 938 11
1373 883 1562 938 Martii
1612 898 1680 935 ex
1726 879 1992 950 hydrope

338 982 610 1047 moritur,
641 994 776 1034 cum
806 977 1158 1047 imperasset
1191 990 1382 1029 annos
1408 974 1496 1041 30,
1524 986 1762 1025 menses
1798 967 1994 1022 lO.Hic

336 1071 410 1129 ab
443 1068 764 1125 Athanasio
820 1064 1220 1121 Jacobitarum
1282 1068 1342 1117 et
1393 1061 1594 1133 Sergio
1624 1061 1768 1131 Syro
1800 1055 1995 1129 Cpolis

336 1157 692 1235 patriarchis
723 1155 1025 1223 seductus,
1048 1153 1124 1209 ad
1153 1151 1431 1208 haeresim
1463 1147 1997 1206 Monotheletarum

336 1248 648 1307 devolutus
678 1246 808 1303 fuit.
842 1248 1053 1300 Postea
1096 1243 1159 1297 in
1211 1257 1379 1313 aquae
1411 1239 1691 1295 intecutis
1721 1235 1996 1292 morbum

341 1340 619 1410 delapsus
648 1336 750 1408 qui
783 1341 844 1390 et
884 1332 1117 1390 necavit
1149 1347 1287 1387 eum
1318 1335 1548 1386 atroces
1578 1343 1782 1401 pmnas
1815 1323 1995 1380 dedit.

341 1428 505 1485 Adeo
557 1426 717 1482 enim
764 1422 989 1480 malum
1022 1422 1289 1488 increvit,
1322 1425 1388 1476 ut
1416 1419 1627 1474 lotium
1657 1415 2000 1472 redditurus

340 1515 610 1574 inferiori
631 1515 822 1570 ventri
845 1513 1107 1569 tabulam
1129 1513 1438 1584 imponere
1460 1526 1608 1582 opus
1628 1506 1999 1573 habuerit,eo

343 1606 504 1680 quod
531 1610 828 1683 veretrum
883 1603 1068 1676 ipsius
1126 1603 1428 1657 inversum
1483 1599 1721 1655 urinam
1762 1611 2000 1652 sursum

338 1713 545 1753 versus
587 1693 801 1750 faciem
854 1692 1171 1748 emitteret.
1228 1692 1347 1746 Hoc
1396 1695 1525 1745 erat
1581 1692 2001 1761 argumentum

340 1784 574 1859 ﬂagitii,
608 1783 770 1856 quod
800 1782 1162 1855 perpetravit
1182 1781 1397 1853 juncta
1444 1779 1555 1835 sibi
1588 1774 2005 1833 incestissimis

343 1874 571 1945 nuptiis
602 1872 960 1929 consobrina
1019 1888 1125 1926 sua
1177 1870 1444 1926 Martina.
1496 1869 1721 1940 Corpus
1781 1866 1910 1938 ejus
1942 1865 2004 1919 in

2175 869 2268 944 Τῷ
2327 872 2408 925 Λα“
2461 869 2565 925 ἔτει
2624 869 2849 941 τελευτᾷ
2904 868 3222 947 Ἡράκλειος
3256 869 3509 946 βασιλεὺς
3542 869 3763 945 ὑδεριά-

2105 981 2221 1030 σας,
2282 961 2415 1033 μηνὶ
2477 960 2703 1035 Μαρτίῳ
2761 961 2847 1030 ια’,
2909 958 3238 1035 βασιλεύσας
3295 954 3387 1030 ἔτη
3457 957 3525 1031 λ“,
3582 966 3762 1032 μῆνας

2108 1051 2158 1104 ι’.
2191 1050 2362 1111 Οὗτος
2434 1049 2538 1104 ὑπὸ
2603 1048 2924 1104 Ἀθανασίου
2989 1049 3333 1125 πατριάρχου
3397 1053 3505 1105 τῶν
3572 1050 3765 1104 Ἰακω-

2106 1133 2274 1193 ϐιτῶν
2331 1138 2423 1193 καὶ
2484 1138 2709 1214 Σεργίου
2765 1142 2861 1194 τοῦ
2919 1138 3097 1216 Σύρου
3139 1133 3763 1200 Κωνσταντινουπόλεως

2107 1227 2403 1298 ἀπατηθεὶς
2457 1227 2534 1291 εἰς
2589 1228 2690 1297 τήν
2748 1227 2953 1303 αἳρεσιν
3003 1232 3113 1283 τῶν
3148 1227 3548 1299 Μονοθελητῶν
3580 1226 3765 1298 ἐξεκυ-

2108 1315 2295 1388 λίσθη,
2328 1318 2416 1372 καὶ
2449 1314 2516 1385 δὴ
2572 1317 2706 1391 μετᾶ
2759 1321 2927 1373 ταῦτα
2982 1318 3125 1391 νόσῳ
3177 1316 3484 1394 περιπεσὼν
3515 1314 3765 1392 ὒδερικῇ,

2111 1404 2184 1462 δι’
2212 1405 2277 1482 ᾗς
2321 1404 2412 1461 καὶ
2452 1406 2692 1476 τέθνηκε,
2753 1403 2944 1469 δεινῶς
3002 1408 3350 1483 ἐτιμωρεῖτο·
3384 1408 3473 1462 ἐπὶ
3502 1410 3766 1461 τοσοῦτον

2110 1496 2214 1573 γὰρ
2242 1496 2306 1550 τὸ
2336 1496 2506 1559 πάθος
2556 1496 2847 1567 ἐπεκτάθη,
2904 1496 2979 1559 ὠς
3032 1497 3199 1566 ἡνίκα
3250 1498 3506 1571 ἁπουρεῖν
3539 1492 3767 1570 ἔμελλε,

2113 1583 2302 1640 σανίδα
2356 1585 2598 1650 τίθεσθαι
2656 1586 2791 1640 χυτὰ
2846 1590 2942 1640 τοῦ
2999 1586 3172 1661 ἤτρου
3232 1584 3324 1641 διὰ
3351 1586 3414 1642 τὸ
3446 1587 3771 1665 στρέφεσθαι

2112 1675 2174 1731 τὸ
2204 1671 2411 1730 αἰδοῖον
2464 1674 2629 1729 αὐτοῦ
2683 1675 2773 1729 καὶ
2827 1675 2965 1735 κατᾶ
3014 1679 3111 1730 τοῦ
3165 1676 3466 1750 προσώπου
3510 1675 3572 1729 τὸ
3603 1673 3768 1749 οὖρον

2113 1762 2466 1837 ἀναπέμπειν.
2537 1764 2809 1839 Ἔλεγχος
2876 1761 2932 1819 δὲ
3005 1764 3072 1833 ἦν
3152 1768 3314 1820 τοῦτο
3371 1771 3472 1834 τῆς
3575 1765 3771 1819 ἑαυτοῦ

2116 1855 2463 1930 παρανομίας
2567 1853 2742 1912 ἕνεκεν
2818 1861 2915 1912 τοῦ
2983 1858 3061 1920 εἷς
3164 1859 3262 1927 τήν
3332 1855 3473 1912 ῗδίαν
3548 1858 3770 1931 ἀνεψιὰν

345 1980 544 2020 arcam
567 1962 894 2034 repositum
916 1977 1021 2033 per
1037 1963 1071 2015 4
1088 1959 1215 2015 dies
1239 1961 1389 2017 758
1414 1959 1543 2013 sine
1562 1958 1818 2029 tegmine
1844 1972 2004 2010 manc

2126 1950 2387 2021 Ηαρτῖναν
2483 1943 2953 2020 παρανομωτᾶτου
3034 1947 3239 2022 γάμου.
3327 1948 3513 2016 Ἐτέθη
3584 1944 3640 2001 δὲ
3705 1947 3771 2001 τὸ

347 2055 443 2111 sit.
478 2055 604 2109 Una
649 2052 883 2124 sepulta
937 2057 1029 2106 est
1083 2051 1259 2105 etiam
1310 2065 1494 2105 aurea
1525 2064 1763 2113 corona,
1799 2046 2001 2116 sicque

346 2147 538 2199 tectus
567 2142 700 2197 fuit.

422 2323 563 2375 Post
593 2334 731 2373 eum
778 2316 937 2372 filius
992 2315 1181 2387 ipsius
1237 2314 1662 2370 Constantinus
1692 2310 2007 2383 imperium

350 2409 533 2484 gessit
562 2423 669 2479 per
697 2421 934 2461 menses
973 2406 1026 2461 4.
1075 2405 1329 2476 Corpore
1387 2402 1500 2457 fuit
1528 2401 1830 2474 languido,
1864 2417 2007 2471 quo-

353 2498 498 2555 tidie
528 2494 961 2569 propemodum
1020 2498 1327 2566 aegrotans
1370 2493 1424 2547 ls
1455 2509 1489 2547 a
1520 2490 1873 2562 quibusdam
1905 2488 2012 2545 ad-

350 2587 614 2645 monitus
647 2601 951 2652 coronam,
985 2600 1103 2655 qua
1132 2600 1314 2655 regno
1362 2582 1749 2654 inauguratus
1798 2580 2011 2649 fuerat,

346 2693 483 2734 cum
514 2680 680 2748 patre
728 2690 858 2728 esse
921 2673 1237 2743 sepultam,
1298 2671 1587 2726 Callinico
1645 2670 2012 2726 cubiculario

347 2765 599 2823 mandat
627 2763 713 2818 uti
746 2779 877 2818 eam
914 2761 1026 2817 sibi
1060 2761 1287 2816 aﬂ'erat.
1322 2761 1456 2816 Abit
1496 2759 1616 2828 illc,
1651 2765 1710 2815 et
1740 2758 2012 2830 sepulcro

357 2855 592 2912 recluso
626 2850 876 2909 cadaver
906 2850 1159 2906 Heraclii
1217 2866 1385 2922 aquae
1446 2850 1634 2905 instar
1660 2849 2014 2921 dissipatum

359 2943 603 3017 reperit,
650 2958 1053 3012 coronamque
1102 2940 1280 3012 capiti
1311 2940 1837 2995 adhaerescentem.
1871 2941 2015 2994 Eam

360 3051 499 3091 cum
528 3032 792 3090 crinibus
823 3031 1052 3087 revellit
1082 3037 1325 3086 mmstus
1356 3036 1532 3101 atque
1569 3030 1926 3100 lamentans,
1960 3033 2019 3083 et

362 3122 750 3180 Constantino
777 3122 967 3177 aﬂ‘ert.
1001 3121 1055 3175 Is
1095 3120 1236 3175 solvi
1291 3136 1357 3175 ac
1404 3119 1687 3175 mstimari
1711 3118 1887 3191 jubet
1915 3134 2015 3173 co-

364 3228 596 3278 ronam,
626 3215 686 3266 et
738 3209 1024 3265 aestimata
1079 3214 1169 3264 est
1220 3207 1389 3263 libris
1429 3209 1821 3281 septuaginta.
1858 3211 2015 3262 Con-

364 3303 693 3360 stantinum
724 3301 884 3357 hunc
913 3299 1163 3355 Martina
1181 3315 1434 3354 noverca
1464 3302 1523 3353 et
1554 3298 1810 3369 Pyrrhus
1840 3296 2021 3367 patri-

359 3390 540 3448 archa
567 3406 793 3446 veneno
825 3391 1205 3455 necaverunt,
1229 3385 1593 3457 cadaverque
1626 3386 1756 3458 ejus
1788 3385 1849 3439 in
1882 3384 2016 3438 fano
2049 3357 2093 3423 C

357 3482 671 3537 Beatorum
720 3476 1136 3549 Apostolorum
1212 3478 1540 3547 repositum
1600 3480 1708 3531 est.
1763 3476 2015 3529 Uxorem

356 3568 566 3626 habuit
594 3566 989 3631 Anastasiam,
1021 3581 1153 3636 quas
1192 3568 1327 3636 post
1356 3569 1606 3618 mortem
1628 3564 1802 3634 juxta
1833 3562 2015 3616 mari-

362 3664 493 3713 tum
524 3662 613 3711 est
638 3655 896 3711 condita.

433 3744 758 3816 Imperium
784 3742 998 3799 deinde
1022 3742 1379 3798 Heraclonas
1399 3758 1534 3796 cum
1557 3746 1746 3796 matre
1770 3741 2017 3796 Martina

358 3834 553 3890 tenuit
583 3849 831 3889 menses
851 3835 903 3889 6.
958 3834 1011 3888 Is
1064 3832 1140 3886 ad
1200 3830 1490 3902 templum
1523 3831 1750 3886 Sanctae
1782 3830 2014 3901 Sophia;

358 3923 606 3996 protulit
632 3938 937 3990 coronam,
970 3938 1148 3992 quam
1190 3920 1610 3975 Constantinus
1642 3935 1708 3974 ex
1744 3919 2015 3990 sepulcro

358 4014 543 4086 patris
600 4011 948 4067 abstulerat.
1015 4011 1295 4082 Legatum
1354 4026 1587 4081 quoque
1639 4009 2014 4065 Constantini

355 4103 562 4159 fratris
594 4100 886 4156 militibus
908 4100 1124 4155 viritim
1157 4100 1270 4154 tria
1301 4099 1661 4155 nomismata
1690 4098 2011 4153 distribuit.

363 4195 483 4249 Hoc
539 4208 697 4248 anno
757 4190 978 4247 Mabias
1030 4191 1324 4246 Caesarem
1371 4189 1705 4245 Palmstinaa
1744 4194 2015 4260 occupat,

361 4286 589 4355 septem
619 4297 810 4336 annos
841 4284 1242 4352 oppugnatam
1268 4294 1282 4345 ;
1342 4295 1409 4334 ac
1440 4278 1502 4334 in
1549 4294 1618 4333 ea
1648 4284 1876 4350 septem
1904 4280 2016 4333 Ro-

359 4387 676 4428 manorum
707 4369 899 4425 millia
950 4368 1251 4423 interficit.
1312 4367 1527 4422 Eodem
1586 4384 1741 4423 anno
1776 4372 2017 4423 senatus

359 4461 749 4517 Heraclonam
776 4474 912 4514 cum
944 4462 1132 4512 matre
1164 4473 1272 4511 sua
1305 4457 1457 4513 754
1488 4461 1546 4511 et
1576 4457 1890 4512 Valentino
1921 4456 2018 4511 de-

354 4551 509 4624 jicit,
543 4554 601 4605 et
632 4548 942 4604 Martinam
969 4551 1204 4602 exsecta
1220 4544 1441 4615 lingua,
1467 4546 1851 4601 Heraclonam
1874 4563 2018 4601 naso

365 4639 706 4696 mutilatum
737 4640 1001 4691 extorres
1032 4634 1188 4706 agit:
1219 4635 1602 4689 Constantem
1647 4635 2018 4690 Constantini

2114 2039 2274 2108 σῶμα
2301 2035 2465 2089 αὐτοῦ
2522 2034 2573 2089 ἐν
2634 2033 2885 2109 λάρνακι,
2917 2036 3007 2091 καὶ
3061 2034 3268 2109 ἓμεινεν
3303 2036 3527 2097 ἀσκεπὲς
3555 2036 3768 2110 ἡμέρας

2115 2122 2177 2181 δ’,
2249 2123 2528 2202 Συνετάφη
2599 2122 2654 2180 δὲ
2720 2125 2870 2197 αύτῷ
2933 2125 3024 2180 καὶ
3089 2127 3308 2199 στέμμα
3374 2129 3610 2200 χρυσοῦν
3675 2126 3766 2180 καὶ

2116 2211 2289 2274 οὕτως
2319 2213 2642 2285 ἐσκεπάσθη.

3070 2305 3472 2365 Κωνσταντῖνος
3556 2304 3584 2358 ὁ
3659 2302 3778 2366 υἱὸς

2118 2392 2284 2447 αὐτοῦ
2353 2399 2551 2465 μῆνας,
2621 2390 2683 2448 δ’·
2751 2395 2849 2447 Ἦν
2920 2392 2977 2450 δὲ
3045 2395 3267 2465 ἀσθενὴς
3323 2395 3388 2451 τὸ
3445 2399 3624 2468 σῶμα,
3658 2396 3779 2450 καθ’

2118 2480 2367 2550 ἑκάστην,
2434 2482 2511 2546 ὡς
2570 2482 2765 2553 εἰπεῖν,
2832 2482 3288 2559 νοσηλευόμενος.
3382 2484 3571 2557 Τούτῳ
3634 2485 3774 2546 τινὶς

2120 2570 2393 2646 λέγουσιν,
2449 2572 2529 2626 ὅτι
2591 2573 2669 2629 Τὸ
2727 2572 2965 2647 στέμμα,
3021 2572 3072 2628 έν
3132 2575 3177 2646 ᾧ
3234 2572 3521 2650 ἐστέφθης,
3577 2572 3670 2629 σὺν
3697 2574 3778 2647 τῷ

2121 2660 2288 2734 πατρί
2343 2681 2438 2715 σου
2492 2659 2684 2740 ἐτάφή.
2746 2662 2843 2716 Καὶ
2898 2660 3147 2718 ἐκέλευσε
3210 2660 3521 2736 Καλλινίκῳ
3584 2657 3778 2719 κουϐι-

2121 2748 2402 2826 κουλαρίῳ
2447 2750 2674 2824 κομίσαι
2742 2747 2896 2808 αὐτό.
2960 2751 3241 2808 Ἀπελοὼν
3298 2752 3391 2808 οὗν
3446 2753 3539 2808 καὶ
3571 2750 3780 2823 ἀνοίξας

2122 2839 2244 2915 εὗρε
2296 2840 2357 2894 τὸ
2417 2843 2577 2914 σῶμα
2644 2836 2895 2905 διαλυθὲν
2957 2840 3085 2895 ὡσεὶ
3140 2838 3309 2915 ὕδωρ,
3364 2841 3427 2897 τὸ
3478 2838 3535 2897 δὲ
3564 2842 3781 2915 στέμμα

2124 2929 2404 3004 συμπαγὶν
2460 2932 2530 3003 τῇ
2580 2927 2815 3008 κεφαλῇ.
2876 2928 2980 2987 Καὶ
3038 2930 3327 2985 ἀνέσπασεν
3384 2931 3517 2986 αότὸ
3575 2929 3668 2985 σὺν
3708 2934 3779 3006 τῇ

2123 3018 2297 3093 κόμῃ,
2356 3021 2564 3081 πενθῶν
2615 3019 2706 3072 καὶ
2765 3016 3120 3092 ὀδυρόμενος,
3177 3021 3269 3075 καὶ
3327 3021 3580 3097 ἀπήγαγε
3616 3018 3779 3076 τοῦτο

2122 3112 2202 3179 τῷ
2259 3108 2674 3179 Κωνσταντίνῳ.
2735 3108 2796 3164 Ὀ
2855 3104 2912 3163 δὲ
2961 3107 3210 3164 ἐκέλευσε
3264 3110 3424 3164 τοῦτο
3457 3108 3781 3186 παραλυθῆ-

2125 3218 2213 3251 ναι
2279 3196 2369 3251 καὶ
2443 3198 2770 3268 τιμηθῆναι·
2842 3198 2872 3251 ὅ
2937 3196 3027 3252 καὶ
3091 3195 3385 3271 διετιμήθη
3454 3198 3649 3275 λίτρας
3713 3200 3783 3256 θ’.

2127 3285 2369 3355 Τελευτᾷ
2424 3281 2482 3339 δὲ
2540 3288 2939 3348 Κωνσταντῖνος
2990 3287 3386 3364 φαρμακευθεὶς
3438 3287 3542 3343 ὑπὸ
3574 3288 3787 3364 Μαρτί-

2129 3395 2226 3445 νης
2259 3381 2357 3444 τῆς
2386 3374 2551 3429 αύτοῦ
2586 3381 2856 3449 μητρυιᾶς
2901 3377 2991 3432 καὶ
3050 3377 3265 3455 Πύῤῥου
3295 3379 3662 3455 πατριάρχου·
3693 3378 3786 3433 καὶ

2128 3463 2333 3527 τίθεται
2393 3465 2456 3519 τὸ
2522 3468 2683 3538 σῶμα
2750 3464 2915 3520 αὐτοῦ
2983 3465 3034 3520 έν
3099 3470 3179 3539 τῷ
3243 3468 3417 3541 ἡρῴῳ
3446 3472 3555 3523 τῶν
3588 3468 3787 3544 Ἀγίων

2132 3553 2504 3610 Ἀποστὸλων.
2566 3555 2709 3622 Γυνή
2771 3550 2829 3608 δὲ
2886 3554 3078 3610 τούτον
3114 3557 3454 3630 Ἀναστασία,
3496 3556 3616 3627 ἤτις
3653 3558 3791 3632 μετᾶ

2128 3640 2390 3710 τελευτὴν
2420 3644 2683 3720 συνετάφη
2715 3644 2794 3715 τῷ
2827 3640 2952 3717 ἰδίῳ
2980 3642 3158 3721 ἀνδρί.

2205 3729 2489 3786 Βασιλεύει
2552 3729 2609 3787 δὲ
2671 3729 3025 3808 Ἡρακλωνᾶς
3102 3733 3194 3789 σὺν
3286 3736 3453 3809 μητρὶ
3540 3734 3786 3812 Μαρτίνῃ

2187 2300 2336 2355 Μετᾶ
2406 2305 2600 2355 τοῦτον
2698 2299 2973 2376 βασιλεύει

2136 3828 2310 3895 μῆνας
2341 3829 2404 3886 ς’.
2456 3822 2628 3883 Οὗτος
2680 3824 3030 3900 προσήγαγεν
3090 3823 3167 3887 εἷς
3224 3825 3325 3893 τὴν
3362 3823 3546 3900 Ἀγίαν
3581 3824 3789 3904 Σοφίαν

2130 3914 2194 3969 τὸ
2262 3911 2476 3985 στέμμα
2542 3911 2675 3988 ὅπερ
2760 3911 3014 3991 ἀφείλετο
3091 3917 3497 3977 Κωνσταντῖνος
3564 3913 3624 3969 ἐκ
3686 3920 3787 3971 τοῦ

2134 4001 2408 4076 μνημείου
2499 4005 2597 4056 τοῦ
2664 4002 2867 4075 πατρὸς
2961 4001 3150 4074 αὐτοῦ,
3227 4000 3353 4066 δοὺς
3417 4006 3507 4059 καὶ
3574 4006 3787 4079 ἑκάστῳ

2132 4092 2545 4169 στρατευομένῳ
2635 4089 2888 4167 λεγάτον,
2987 4092 3301 4165 νομίσματα
3399 4094 3546 4168 τρία,
3653 4095 3788 4170 ὑπὲρ

2135 4180 2545 4240 Κωνσταντίνου
2595 4177 2837 4257 ἀδελφοῦ
2894 4181 3083 4238 αὐτοῦ.
3141 4180 3335 4256 Τούτῳ
3358 4187 3440 4256 τῷ
3468 4181 3576 4239 ἔτει
3605 4204 3788 4259 παρα-

2133 4266 2402 4343 λαμϐάνει
2460 4264 2672 4331 Μαόίας
2732 4270 3058 4345 Καισάρειαν
3108 4278 3209 4342 τῆς
3255 4271 3623 4344 Παλαιστίνης
3658 4277 3794 4348 μετά

2131 4360 2267 4415 ἑπτὰ
2317 4356 2408 4429 ἔτη
2457 4365 2559 4427 τῆς
2614 4356 2940 4431 πολιορκίας
2993 4360 3188 4430 αὐτῆς,
3217 4361 3309 4416 καὶ
3340 4361 3534 4417 κτείνει
3565 4360 3620 4417 ἐν
3652 4361 3792 4437 αὐτῇ

2131 4448 2420 4523 Ῥωμαίων
2477 4446 2735 4524 χιλιάδας
2792 4449 2943 4505 ἑπτὰ.
3004 4449 3195 4523 Τούτῳ
3250 4456 3329 4523 τῷ
3379 4445 3484 4507 ἔτει
3532 4451 3792 4508 ἀπώσατο

2130 4541 2167 4610 ἡ
2227 4537 2539 4612 σύγκλητος
2593 4536 2941 4610 Ἡρακλωνᾶν
2998 4537 3111 4612 ἃμα
3182 4541 3425 4616 Μαρτίνῃ
3484 4546 3554 4616 τῇ
3622 4545 3793 4618 μητρὶ

2135 4628 2297 4684 αὐτοῦ
2355 4629 2443 4683 καὶ
2502 4626 2835 4700 Βαλεντίνῳ,
2886 4628 2976 4682 καὶ
3034 4627 3600 4704 γλωσσοκοπήσαντες
3636 4634 3791 4707 Μαρ-

366 4728 557 4783 ﬂlium
581 4724 835 4780 Heraclii
860 4728 1141 4794 nepotem
1163 4723 1414 4793 imperio
1440 4723 1791 4793 praaflciunt.
1815 4724 2011 4779 Tenuit

2129 4724 2278 4774 τῖναν
2352 4718 2444 4774 καὶ
2538 4718 2995 4793 ῥινοκοπήσαντες
3072 4718 3425 4794 Ἡρακλωνᾶν
3529 4721 3789 4798 ἐξώρισαν

363 4817 477 4871 hoc
510 4829 700 4869 annos
732 4815 820 4865 27.
854 4811 1146 4866 Caeterum
1178 4810 1538 4866 Heraclonas
1568 4829 1688 4867 non
1719 4817 1809 4867 est
1838 4814 2021 4885 impe-

363 4902 586 4960 ratoria
652 4899 961 4972 sepultura
1016 4899 1283 4969 affectus,
1343 4898 1446 4955 sed
1504 4916 1684 4972 regno
1751 4902 2015 4973 ejectus;

366 4992 773 5065 privatamque
807 5004 988 5061 agens
1018 4988 1220 5057 vitam,
1254 5004 1388 5043 cum
1421 4995 1609 5045 matre
1642 4991 1891 5046 Martina
1919 4991 2024 5046 hu-

374 5085 567 5137 matus
601 5081 690 5133 est
738 5076 799 5131 in
830 5073 1127 5131 dominico
1172 5076 1553 5131 monasterio.
1590 5077 1813 5149 Pyrrho
1846 5078 2025 5133 etiam

370 5169 682 5243 proﬂigato
710 5166 1046 5239 patriarcha
1066 5166 1265 5238 Cpolis
1286 5172 1521 5222 creatur
1541 5167 1757 5223 Paulus
1780 5167 2027 5240 presby-

294 5264 297 5267 ’
371 5264 461 5315 ter
518 5264 578 5314 et
632 5257 1025 5328 dispensator,
1086 5255 1185 5327 qui
1249 5255 1658 5328 episcopatum
1704 5258 1887 5330 gessit
1914 5274 2025 5312 an-

371 5363 500 5403 nos.
540 5347 627 5400 12.

2131 4807 2497 4883 ἀμφοτέρους.
2568 4806 2666 4862 Καὶ
2735 4802 3055 4863 ἂνεϐίόασαν
3122 4810 3445 4867 Κώνσταντα
3508 4813 3601 4867 τὸν
3669 4813 3786 4867 υἱὸν

2131 4898 2565 4965 Κωνσταντίνου,
2622 4893 2841 4974 ἔγγονον
2890 4896 3240 4973 Ἡρακλείου,
3300 4898 3388 4955 ἐπὶ
3426 4902 3526 4970 τήν
3580 4901 3790 4982 ἀρχὴν,

2136 4985 2195 5046 ’ὸς
2253 4984 2544 5061 ἐκράτησεν
2599 4986 2684 5059 [Ρ.
2717 4987 2842 5059 431]
2901 4983 2994 5056 ἔτη
3055 4987 3154 5055 κζ’.
3212 4992 3271 5045 Ὁ
3326 4984 3384 5042 δὲ
3440 4987 3792 5062 Ἠρακλωνᾶς

2136 5074 2236 5130 ούκ
2278 5074 2446 5152 ἐτάφη
2504 5075 2829 5150 βασιλικῶς,
2880 5074 3029 5132 ἀλλὰ
3080 5073 3340 5152 διωχθεὶς
3383 5076 3443 5132 ἐκ
3487 5082 3588 5144 τῆς
3643 5081 3796 5153 βασι-

2138 5164 2288 5229 λείας
2329 5166 2416 5219 καὶ
2479 5161 2779 5221 ἰδιωτεύων
2840 5165 3009 5245 ἐτάφη
3065 5164 3122 5220 έν
3176 5171 3257 5239 τῷ
3319 5171 3672 5244 μοναστηρίῳ
3704 5168 3796 5225 σὺν

2134 5257 2204 5329 τῇ
2241 5254 2408 5330 μητρὶ
2457 5256 2728 5330 Μαρτίνᾳ.
2771 5254 2988 5331 Πύῤῥου
3038 5254 3097 5311 δὲ
3143 5252 3507 5327 ἐκϐληθέντος
3538 5262 3804 5335 Χειροτο-

2139 5348 2311 5399 νεῖται
2405 5346 2754 5419 πατριάρχης
2858 5345 3482 5410 Κωνσταντινουπόλεως
3582 5348 3801 5412 Παῦλος

2141 5427 2507 5509 πρεσϐύτερος
2555 5433 2645 5488 καὶ
2695 5432 3010 5507 οἰκονόμος,
3057 5433 3430 5507 ἐπισκοπήσας
3461 5431 3554 5508 ἔτη
3591 5439 3639 5512 β’
3663 5442 3798 5512 (75).

1588 5550 1944 5605 XYLANDRI
1985 5551 2071 5605 ET
2109 5551 2323 5608 GOARI
2363 5552 2585 5607 ΝΟΤᾸΞ.

455 5644 571 5720 (Ἷξῆ)
601 5642 763 5720 idem
811 5651 901 5720 est
949 5646 1106 5720 apud
1150 5648 1443 5720 Zonarum
1474 5648 1886 5720 inConstante
1920 5650 2033 5704 He-

383 5716 555 5777 raclii
605 5716 670 5771 N.
699 5716 767 5769 In
811 5716 1205 5792 Chronologia
1248 5718 1561 5791 Nicephori
1604 5719 2034 5794 archiepiscopi

2145 5650 2438 5733 Cpolitani
2467 5649 2679 5733 legitur
2706 5651 2920 5733 anni}
2952 5650 3010 5706 d.
3061 5654 3150 5733 2_6.
3200 5652 3342 5709 Eam
3374 5654 3636 5733 Graecam
3666 5656 3793 5733 ipse

2145 5721 2268 5779 non
2326 5721 2480 5778 vidi:
2529 5721 2749 5781 Latine
2805 5721 2967 5782 edita
3020 5728 3132 5800 est,
3189 5741 3362 5785 versa
3399 5741 3435 5785 a
3462 5721 3794 5789 Germanias
