4120 6416
336 422 450 479 82⁸1

1655 409 1968 474 GEORGII
2014 412 2380 477 CEDRENI

3636 414 3756 477 828

340 552 639 625 signiﬁcat
669 553 801 609 Thes
832 554 944 608 alto
974 556 1155 607 nicum
1180 569 1192 606 :
1249 550 1427 606 Alteri
1485 550 1629 606 cede
1657 548 1990 605 victoriam.

2112 547 2209 612 Θὶς
2238 546 2398 624 ἄλλῳ
2426 553 2526 621 τήν
2582 554 2762 625 νίκην,
2823 553 3082 628 κρίνεται.
3143 554 3285 629 Πρὸς
3311 554 3403 608 τὸν
3432 550 3628 627 ἐχθρὸν
3661 571 3760 605 σου

338 646 595 701 Proinde
626 645 699 701 ad
733 647 933 701 hostes
966 645 1206 700 victoria
1234 643 1497 699 inclinat.
1522 645 1713 714 Atque
1746 643 1830 696 ita
1857 642 1989 712 qui-

343 735 479 790 dem
512 736 723 791 evenit.
762 737 840 790 Eo
875 735 1033 789 enim
1083 734 1285 806 prmlio
1343 732 1475 787 victi
1534 738 1674 787 sunt
1714 730 1989 799 Romani,

340 841 662 895 eorumque
696 825 935 896 sanguis
961 824 1108 877 mari
1141 822 1475 894 permistus.
1508 823 1836 892 Imperator
1866 825 1991 875 tum

338 914 521 969 alium
555 913 871 985 quemdam
906 914 1027 967 suis
1059 912 1322 966 vestibus
1345 910 1559 965 induit.
1585 910 1862 965 Insiliens
1890 926 1994 965 au-

337 1010 453 1058 tem
487 1004 547 1057 in
582 1003 776 1058 navim
808 1003 857 1056 is
890 1005 1062 1074 cujus
1086 1000 1256 1072 paulo
1280 1006 1415 1057 ante
1450 1001 1816 1055 mentionem
1848 998 1993 1053 feci-

337 1109 468 1147 mus
499 1092 899 1147 buccinatoris
920 1091 1099 1157 ﬁlius,
1128 1090 1441 1162 abreptum
1473 1090 1893 1161 imperatorem
1929 1088 1991 1142 in

339 1182 501 1238 aliud
557 1182 856 1253 navigium
925 1180 1227 1245 transfert,
1290 1184 1624 1250 praeterque
1680 1177 1990 1232 hominum

336 1272 679 1345 opinionem
706 1275 918 1326 servat.
944 1270 1071 1341 Ipse
1096 1267 1493 1339 imperatoriae
1524 1267 1655 1323 navi
1686 1268 1989 1334 insistens,

331 1362 657 1418 fortissime
688 1359 1031 1433 pugnando,
1065 1358 1272 1413 multis
1302 1357 1572 1428 dejectis,
1604 1356 1845 1412 tandem
1868 1358 1992 1429 ipse

334 1467 571 1523 quoque
603 1450 779 1505 cadit.
815 1450 1144 1520 Imperator
1191 1447 1286 1501 vix
1324 1462 1476 1518 aegre
1508 1446 1717 1503 salutis
1747 1462 1991 1517 compos

336 1557 469 1596 cum
504 1539 794 1594 dedecore
825 1537 1033 1609 Cpolin
1064 1535 1237 1592 redit.

408 1630 576 1685 Circa
604 1629 715 1683 hoc
746 1632 981 1698 tempus
1012 1625 1237 1681 exstitit
1267 1625 1691 1680 Constantinus
1723 1626 1989 1699 quidam,

340 1720 439 1792 qui
474 1724 533 1773 et
563 1717 777 1773 Silvani
837 1731 1053 1771 nomen
1114 1714 1456 1786 usurpabat,
1509 1715 1991 1773 Paulicianorum

339 1814 514 1866 secta)
545 1808 840 1880 princeps.
901 1805 1043 1877 Ejus
1100 1805 1396 1860 hmreseos
1426 1805 1552 1860 haec
1584 1810 1671 1861 est
1700 1805 1987 1864 historia:

2098 640 2133 709 ἡ
2187 638 2308 710 νίκη
2367 641 2643 716 τρέπεται.
2705 644 2807 701 Καὶ
2864 641 2930 714 δὴ
2989 647 3151 699 τοῦτο
3208 643 3299 698 καὶ
3343 637 3541 711 ἀπὲ6η’
3603 662 3754 714 συμ-

2098 723 2356 795 ϐαλόντες
2418 733 2521 808 γὰρ
2608 733 2856 808 πόλεμον
2960 736 3236 803 ἡττῶνται
3303 733 3593 805 Ῥωμαῖοι,
3660 730 3753 785 καὶ

2100 826 2450 894 συγκιρνᾶται
2509 824 2544 891 ἠ
2604 820 2847 878 θάλασσα
2898 826 2980 895 τῷ
3039 820 3228 896 α’ίματι
3285 825 3393 876 τῶν
3437 819 3754 892 Ῥωμαίων,

2098 905 2393 965 Ἐνδύειδὲ
2446 911 2474 965 6
2536 910 2791 986 βασιλεὺς
2852 907 2993 966 ἄλλο
3050 912 3150 980 τήν
3210 908 3410 978 ἐσθῆτα
3439 906 3750 979 αὐτοῦ,καῖ

2100 995 2435 1069 εἰσπηδήσας
2469 1000 2497 1053 6
2531 998 2862 1076 προλεχθεῖς
2922 1000 3037 1062 υἱὸς
3096 1003 3194 1055 τοῦ
3252 995 3603 1072 βυκινάτορος
3642 999 3753 1068 (77)

2097 1090 2188 1143 τὸν
2226 1088 2450 1162 βασιλέα
2481 1087 2785 1166 ἀφαρπάζει
2843 1091 2931 1145 καὶ
2989 1090 3065 1152 εἰς
3121 1086 3305 1164 ἕτερον
3356 1088 3561 1162 σκάφος
3593 1106 3757 1159 μετα-

2099 1173 2299 1234 ϐάλλει
2329 1180 2417 1234 καὶ
2478 1177 2797 1255 παραδόξως
2856 1176 3131 1249 διασώζει.
3193 1178 3367 1239 Αὐτὸς
3426 1173 3482 1232 δὲ
3537 1175 3759 1238 ἐπιστὰς

2097 1271 2166 1342 τῇ
2238 1267 2500 1343 βασιλικῇ
2575 1270 2665 1340 νηί
2730 1268 2977 1333 πολλοὺς
3036 1267 3242 1324 ἀνεῖλεν
3286 1268 3314 1323 ὁ
3351 1267 3760 1343 γενναιότατος,

2099 1356 2322 1435 ὕστερον
2382 1357 2440 1414 δὲ
2490 1359 2787 1436 ἀναιρεῖται
2842 1359 2931 1415 καὶ
3019 1357 3200 1422 αὐτός.
3264 1359 3326 1416 Ὀ
3384 1353 3441 1412 δὲ
3501 1354 3755 1431 βασιλεὺς

2101 1446 2265 1521 μόλις
2319 1445 2604 1512 διασωθεὶς
2657 1449 2956 1525 ὑπέστρεψε
3016 1451 3134 1523 μετ’
3189 1446 3458 1523 αἰσχύνης
3506 1444 3557 1500 ἐν
3600 1448 3758 1503 Κων-

2099 1537 2567 1599 σταντινουπόλει.

2170 1627 2287 1706 Ἐφ’
2316 1627 2391 1682 ὧν
2424 1627 2641 1707 χρόνων
2697 1628 2787 1683 καὶ
2819 1630 2847 1683 6
2877 1628 3125 1705 ἀρχηγὸς
3185 1630 3295 1683 τῶν
3364 1621 3757 1683 Παυλικιάνων

2098 1714 2332 1794 ἀνεφάνη
2402 1718 2827 1784 Κωνσταντῖνος,
2923 1717 2951 1771 6
3043 1715 3134 1771 καὶ
3222 1713 3525 1771 Σιλουανὸν
3589 1712 3755 1768 αὐτὸν

2098 1803 2389 1881 ὀνομάσας.
2451 1807 2608 1864 Ἐστι
2662 1804 2719 1861 δὲ
2776 1810 2811 1875 ἡ
2871 1804 3075 1880 α’ίρεσις
3132 1804 3309 1860 αὐτῶν
3367 1805 3562 1867 οὓτως·
3611 1808 3754 1857 Παυ-

337 1897 643 1954 Manichzei
666 1893 1144 1951 Paulicianorum
1167 1910 1388 1949 nomen
1414 1893 1525 1949 sibi
1550 1900 1936 1966 sumpserunt
1957 1913 1991 1951 a

2104 1895 2354 1966 λικιάνοι,
2414 1898 2465 1950 οἱ
2540 1896 2629 1952 καὶ
2706 1898 3033 1971 Μανιχαῖοι,
3112 1894 3615 1967 Μετωνομάσθησαν
3693 1889 3756 1948 δὲ

338 1988 518 2043 Paulo
548 1985 806 2058 quodam
837 1984 1244 2050 Samosateno,
1292 1984 1635 2039 Manicheam
1679 1984 1990 2056 cujusdam

336 2080 605 2136 mulieris
638 2077 949 2134 Callinices
980 2077 1222 2131 nomine
1273 2075 1413 2131 filio.
1465 2078 1546 2132 Ea
1575 2092 1709 2132 cum
1740 2078 1987 2134 haberet

336 2169 485 2225 duos
519 2168 695 2234 filios,
757 2166 1007 2222 Paulum
1064 2166 1292 2221 scilicet
1346 2171 1405 2220 et
1449 2166 1634 2221 alium
1677 2167 1992 2236 Joannem,

343 2259 489 2315 757
523 2255 846 2310 Μοηίοῐιευίι
875 2271 976 2309 eos
1006 2253 1218 2308 hmresi
1250 2253 1531 2321 instituit,
1555 2254 1995 2325 Samosatisque

340 2345 401 2400 in
436 2343 776 2399 Armeniam
806 2342 1025 2409 emisit,
1048 2342 1131 2397 uti
1159 2341 1236 2396 ibi
1260 2358 1391 2396 eam
1422 2341 1698 2396 hmresim
1730 2342 1995 2414 promul-

338 2439 566 2507 garent.
592 2431 655 2487 Id
677 2430 834 2502 quod
866 2430 905 2484 ii
936 2432 1207 2486 fecerunt
1228 2430 1289 2485 in
1314 2430 1438 2485 vico
1461 2430 1718 2500 quodam
1742 2430 1998 2486 Phanar-

338 2540 493 2578 ruam.
528 2520 753 2575 Exinde
783 2520 910 2574 vico
941 2518 1330 2590 Episparidis,
1365 2518 1757 2574 sectatoribus
1789 2519 1995 2575 Pauli-

341 2613 647 2667 cianorum
679 2625 899 2664 nomen
928 2608 1145 2663 factum
1180 2608 1307 2664 fuit.
1354 2608 1419 2662 Hi
1468 2607 1644 2681 longo
1675 2614 1807 2680 post
1837 2609 1996 2664 hunc

339 2700 590 2757 Paulum
649 2703 914 2769 tempore
976 2697 1324 2770 magistrum
1392 2696 1733 2752 habuerunt
1787 2696 1995 2764 alium,

337 2787 792 2845 Constantinum
825 2786 996 2841 illum
1020 2786 1118 2857 qui
1150 2791 1610 2858 cognomentum
1630 2786 1850 2842 Silvani
1873 2804 1998 2859 ges-

339 2881 434 2935 sit.
478 2880 646 2933 Hunc
702 2878 1032 2950 principem
1097 2893 1337 2932 suarum
1371 2877 1776 2933 doctrinarum
1808 2894 1991 2951 agno-

342 2974 536 3037 scunt,
569 2984 689 3021 non
723 2966 997 3021 Paulum.
1041 2967 1143 3021 Hic
1189 2967 1352 3020 enim
1402 2967 1475 3021 iis
1506 2967 1818 3038 opiniones
1850 2983 1998 3038 quas

341 3063 666 3126 sectantur,
690 3055 912 3127 absque
944 3055 1161 3127 scripto
1192 3072 1298 3127 per
1326 3054 1677 3111 traditiones
1707 3056 1995 3125 exhibuit,

340 3145 720 3219 Evangelium
740 3144 981 3217 quidem
1000 3161 1067 3200 ex
1089 3144 1781 3217 traditione.Apostolum
1799 3150 1996 3200 autem

341 3236 580 3309 scripto.
614 3234 879 3290 Tradidit
924 3240 1123 3289 autem
1179 3234 1261 3290 ita
1310 3239 1373 3288 ut
1411 3234 1561 3289 nihil
1610 3251 1645 3289 a
1691 3234 1998 3305 Scriptura

341 3327 651 3381 differrent
679 3323 836 3395 apud
867 3341 977 3378 nos
1010 3329 1267 3394 recepta,
1301 3322 1405 3378 sed
1438 3322 1672 3393 singula
1700 3324 1893 3393 capita
1922 3320 1999 3377 ad

342 3432 511 3471 suam
544 3414 793 3469 detorsit
822 3415 1099 3469 hmresin.
1152 3416 1295 3469 Nam
1337 3418 1396 3468 et
1445 3414 1597 3468 hanc
1636 3413 1781 3485 ipsis
1811 3413 2002 3485 legem

350 3505 568 3577 posuit,
603 3520 677 3557 ne
709 3502 1323 3575 praaterEvangelium
1353 3508 1413 3557 et
1434 3502 1782 3574 Apostolum
1812 3501 2003 3556 ullum

343 3595 527 3649 alium
545 3593 761 3647 librum
780 3591 1406 3663 legerentb‘ecundum
1425 3591 2005 3663 postConstantinum

350 3681 524 3735 illum
552 3680 856 3735 Silvanum
883 3680 1066 3734 alium
1090 3680 1429 3735 habuerunt
1452 3684 1897 3751 praeceptorem,
1921 3681 2005 3736 Si-

354 3785 629 3825 meonem
663 3768 923 3834 nomine,
959 3769 1063 3825 sed
1111 3769 1212 3840 qui
1245 3786 1308 3823 se
1338 3768 1711 3824 Timotheum
1744 3775 2001 3828 vocaret.

348 3862 632 3926 Quartum
662 3860 1003 3931 Josephum,
1037 3859 1135 3929 qui
1179 3859 1290 3914 sibi
1324 3858 1707 3930 Epaphroditi
1739 3859 1999 3932 appella-

348 3951 572 4005 tionem
606 3948 905 4021 imposuit.
934 3949 1019 4004 Ab
1052 3950 1163 4004 hoc
1193 3949 1556 4017 Zachariam,
1589 3965 1766 4020 quem
1803 3954 2000 4006 tamen

344 4040 522 4095 veluti
547 4039 980 4095 mercenarium
1004 4046 1061 4094 et
1077 4055 1197 4094 non
1218 4056 1420 4094 verum
1445 4044 1742 4110 pastorem
1766 4039 2000 4110 quidam

347 4132 610 4203 ipsorum
639 4130 974 4200 repudiant.
1010 4130 1249 4185 Sextum
1295 4131 1573 4199 Baanem,
1605 4135 1997 4201 cognomento

346 4220 680 4275 Sordidum.
718 4220 1045 4291 Septimum
1078 4219 1365 4291 Sergium.
1396 4218 1497 4290 qui
1523 4220 1840 4291 Tychicum
1868 4237 1997 4277 sese

346 4310 769 4366 denominavit.
804 4312 883 4364 Ac
918 4311 1207 4364 Manetem
1231 4308 1495 4380 quidem,
1520 4308 1791 4372 Paulum,
1825 4310 1997 4365 Joan-

346 4417 503 4464 nem,
525 4406 583 4455 et
603 4400 749 4455 alios
780 4398 1120 4469 quicunque
1142 4397 1287 4469 ipsis
1308 4398 2000 4469 proponantur,libenter

343 4489 383 4543 ii
406 4489 730 4544 damnant:
766 4487 1214 4542 Constantinum
1245 4491 1463 4555 autem,
1494 4487 1644 4544 758
1678 4487 1995 4556 Silvanum,

348 4579 687 4633 Simeonem
719 4577 818 4647 qui
851 4577 983 4644 Titi,
1016 4575 1333 4631 Genesium
1366 4576 1467 4646 qui
1501 4575 1813 4644 Timothei,
1839 4578 1995 4632 Iose-

2100 1985 2216 2041 ἀντὶ
2281 1984 2603 2062 Μανιχαίων
2674 1985 3033 2041 Παυλικιάνοι
3112 1984 3221 2039 ἀπὸ
3315 1982 3540 2039 Παύλου
3606 1983 3757 2045 τινὸς

2099 2074 2485 2148 Σαμοσατέως,
2549 2075 2669 2131 υἱοῦ
2729 2075 2985 2150 γυναικὸς
3054 2073 3361 2149 Μανιχαίας
3418 2071 3762 2143 Καλλινίκης

2095 2163 2361 2238 τοῦιομα,
2418 2163 2540 2233 ἥτις
2600 2162 2697 2220 δύο
2756 2164 2905 2227 υἱοὺς
2964 2158 3114 2240 ἔσχε,
3167 2168 3357 2218 τοῦτον
3416 2163 3508 2219 τὸν
3541 2160 3758 2217 Παῦλον

2098 2253 2189 2309 καὶ
2222 2253 2503 2324 Ἰωάννην.
2564 2253 2806 2316 Τούτους
2867 2253 2959 2308 οὗν
3011 2254 3112 2322 τήν
3173 2259 3521 2328 Μανιχαϊκῆν
3550 2251 3759 2325 αἳρεσιν

2101 2339 2358 2413 διδάξασα
2440 2341 2499 2398 ἐκ
2594 2347 2689 2398 τοῦ
2795 2344 3122 2417 Σαμοσάτου
3205 2342 3281 2404 εἷς
3364 2339 3761 2418 Ἀρμενιακοὺς

2101 2433 2342 2507 κήρυκας
2397 2435 2497 2497 τῆς
2575 2431 2833 2507 αἱρέσεως
2906 2430 3101 2494 αὐτοὺς
3168 2429 3505 2486 ἀπέστειλεν
3567 2429 3764 2490 οἳτινες

2102 2518 2349 2583 ἐλθόντες
2412 2520 2489 2585 εἷς
2542 2521 2738 2595 κώμην
2814 2520 2938 2575 τινὰ
3021 2528 3125 2591 τῆς
3183 2518 3527 2595 Φαναρῥοίας
3585 2517 3764 2574 ἐκεῖσε

2099 2611 2200 2680 τήν
2256 2611 2461 2666 ἑαυτῶν
2519 2610 2725 2686 αἳρεσιν
2788 2608 3117 2685 ἐνέσπειραν.
3176 2610 3401 2665 Ἐκτοτε
3458 2608 3551 2663 οὗν
3586 2610 3620 2677 ἡ
3659 2608 3758 2682 μὲν

2099 2702 2263 2775 κώμη
2357 2700 2756 2774 μετωνομάσθη
2836 2699 3186 2775 Ἐπίσπαρις,
3249 2700 3302 2754 οἱ
3389 2694 3446 2753 δὶ
3514 2699 3758 2771 μαθηταὶ

2102 2792 2281 2848 αὐτῶν
2318 2788 2677 2846 Παυλικιάνοι
2739 2788 3065 2861 ἐκλήθησαν.
3125 2790 3289 2847 Οὗτοι
3351 2789 3488 2863 μετὰ
3519 2789 3763 2864 χρόνους

2102 2879 2388 2957 προλλοὺς
2438 2889 2539 2952 τῆς
2603 2878 2872 2956 διαδοχῆς
2930 2878 3090 2936 τοῦδε
3147 2885 3245 2935 τοῦ
3304 2880 3526 2936 Παύλου
3579 2876 3767 2956 ἕτερον

2104 2970 2268 3047 ἔσχον
2323 2967 2651 3025 διδάσκαλον
2742 2972 3145 3026 Κωνσταντῖνον
3228 2968 3587 3042 καλούμενον,
3670 2969 3765 3024 τὸν

2105 3059 2447 3136 πορῥηθέντα
2534 3053 2821 3115 Σιλϐανόν.
2914 3061 3123 3116 Τοῦτον
3203 3055 3424 3133 ἔχουσιν
3512 3056 3768 3132 ἀρχηγὸν

2104 3153 2210 3203 τῶν
2241 3145 2608 3203 διδασκαλιῶν
2643 3145 2839 3218 αὐτῶν,
2871 3147 2963 3202 καὶ
3014 3146 3141 3223 οὐχὶ
3191 3146 3282 3202 τὸν
3321 3145 3555 3204 Παῦλον.
3591 3147 3771 3212 Οὗτος

2111 3239 2214 3315 γὰρ
2272 3238 2460 3300 αὐτοῖς
2518 3234 2802 3311 παρέδωκε
2856 3235 2951 3298 τὰς
3005 3237 3235 3312 αἱρέσεις
3291 3233 3457 3291 αὐτοῦ
3508 3236 3770 3314 ἀγράφως

2109 3326 2245 3382 κατὰ
2273 3323 2597 3400 παράδοστν,
2655 3325 2717 3380 τὸ
2776 3323 3110 3402 Εὖαγγὲλιον
3173 3325 3269 3399 μὲν
3325 3325 3463 3380 κατὰ
3521 3322 3773 3401 παράδο-

2108 3437 2216 3483 σιν,
2255 3416 2346 3471 τὸν
2394 3412 2451 3470 δὲ
2499 3413 2839 3470 ’Δπόστολον
2888 3412 3189 3491 ἐγγράφως,
3240 3411 3637 3489 ἀπαράλλακτα
3671 3416 3771 3488 μὲν

2107 3510 2176 3583 τῇ
2212 3509 2398 3585 Γραφῇ
2438 3506 2527 3561 καὶ
2561 3511 2677 3569 τοῖς
2708 3503 2905 3581 λόγοις
2939 3505 3014 3568 ὡς
3062 3505 3154 3561 καὶ
3201 3509 3267 3561 τὰ
3312 3507 3438 3580 παρ’
3468 3507 3604 3578 ἡμῖν
3639 3503 3769 3560 ὄντα

2108 3596 2403 3673 παραδοὺς,
2467 3592 2790 3671 διαπρέψας
2858 3593 2915 3651 δὲ
2969 3592 3194 3651 ἕκαστον
3254 3595 3550 3673 κεφάλαιον
3628 3595 3770 3670 πρὸς

2104 3688 2200 3749 τὰς
2277 3687 2470 3742 ἑαυτοῦ
2562 3685 2817 3760 αἳρὲσεις,
2911 3687 3286 3759 νομοθετήσας
3388 3683 3570 3745 αὐτοῖς
3670 3683 3770 3739 καὶ

2104 3780 2286 3845 τοῦτο,
2347 3777 2424 3848 μὴ
2484 3773 2594 3831 δεῖν
2646 3774 2831 3849 ὲτέραν
2894 3769 3086 3851 βίϐλον
3131 3775 3344 3829 οἲανοῦν
3374 3774 3767 3849 ἀναγινώσκειν

2107 3864 2151 3919 εἰ
2209 3865 2285 3937 μὴ
2345 3865 2407 3919 τὸ
2467 3862 2796 3940 Εὐαγγὲλιον
2855 3863 2947 3918 καὶ
3018 3864 3108 3918 τὸν
3195 3861 3555 3919 ’Λπόστολον.
3615 3864 3767 3919 Μετὰ

2105 3958 2192 4029 [Ρ.
2227 3957 2354 4029 433]
2386 3952 2443 4009 δὲ
2479 3957 2871 4011 Κωνσταντῖνον
2897 3952 2988 4009 καὶ
3018 3950 3286 4009 ΣιΛϐανὸν
3319 3950 3565 4030 δεύτερον
3596 3948 3769 4028 ἔσχον

2104 4042 2434 4100 διδάσκαλον
2465 4047 2727 4117 Συμεῶνα
2756 4047 2873 4115 (78)
2920 4042 3286 4118 καλούμενον,
3320 4043 3765 4117 μετονομάσαντα

2104 4132 2161 4190 δὲ
2219 4134 2404 4189 ἑαυτὸν
2463 4131 2752 4207 Τιμόθεον.
2813 4131 3081 4205 Τέταρτον
3143 4129 3201 4187 δὲ
3258 4132 3459 4212 Ἰωσὴφ
3528 4152 3764 4205 μετονο-

2106 4223 2346 4298 μάσαντα
2378 4223 2563 4278 ἑαυτὸν
2598 4218 3014 4301 Ἐπαφρόδιτον,
3046 4222 3135 4278 καὶ
3189 4221 3325 4297 μετᾶ
3351 4225 3541 4277 τοῦτον
3575 4227 3758 4296 Ζαχα-

2104 4312 2244 4386 ρίαν.
2266 4309 2441 4368 Ἀλλὰ
2460 4315 2654 4366 τοῦτον
2677 4310 2750 4373 ὡς
2775 4311 3050 4384 μισθωτὸν
3070 4312 3159 4366 καὶ
3193 4310 3292 4367 οὐκ
3315 4308 3501 4381 ἀληθῆ
3519 4308 3761 4383 ποιμένα

2102 4396 2514 4458 ἀποϐάλλονται
2558 4394 2687 4455 ἔνιοι
2747 4399 2797 4473 ἐξ
2856 4399 3051 4455 αὐτῶν.
3085 4400 3276 4457 Ἕκτον
3303 4400 3397 4455 τὸν
3431 4400 3638 4469 Βαάνην
3666 4398 3764 4456 τὸν

2103 4491 2362 4567 ῥυπαρὸν,
2422 4490 2512 4544 καὶ
2566 4485 2807 4562 ’ἕϐδομον
2863 4490 2954 4544 τὸν
3016 4489 3235 4567 Σέργιον
3271 4491 3362 4545 τὸν
3390 4490 3480 4545 καὶ
3513 4489 3760 4564 Τυχικὸν

2054 4638 2057 4645 ,
2102 4579 2291 4635 ἑαυτὸν
2350 4576 2814 4653 μετονομάταντα.
2874 4577 3123 4636 Μάνεντα
3179 4578 3356 4633 τοίνυν
3417 4578 3506 4633 καὶ
3544 4578 3759 4633 Παῦλον

348 4667 529 4738 phum
564 4666 663 4737 qui
696 4664 1101 4736 Epaphroditi,
1129 4665 1383 4720 Baanem
1417 4664 1752 4733 Sordidum,
1780 4673 1838 4720 et
1860 4667 1990 4721 Ser-

2104 4667 2189 4723 καῖ
2223 4666 2504 4736 Ἰωάννην,
2544 4666 2635 4721 καὶ
2689 4664 2900 4727 ἄλλους
2960 4665 3054 4728 οὕς
3110 4664 3199 4721 ἐάν
3262 4686 3347 4729 τις
3393 4664 3517 4738 εἳπῃ
3546 4665 3761 4735 αὐτοῖς⁹

268 4756 289 4774 ’
346 4756 505 4827 gium
539 4754 639 4825 qui
670 4753 905 4825 Tychici
940 4754 1109 4809 titulo
1140 4770 1202 4808 se
1242 4753 1585 4826 insignibat,
1620 4770 1997 4825 nequaquam

349 4846 655 4911 damnant,
690 4843 907 4915 quippe
936 4861 1039 4899 eos
1087 4860 1193 4915 pro
1240 4842 1364 4897 suis
1394 4849 1780 4915 agnoscentes
1813 4844 1996 4916 magi-

347 4935 525 4990 stris:
572 4933 675 4989 sed
725 4950 826 4988 eos
882 4932 1012 4988 loco
1070 4931 1477 5004 apostolorum
1507 4931 1721 4987 Christi
1753 4932 1996 4990 habent.

346 5025 669 5081 Nominant
701 5040 802 5078 sex
830 5022 1120 5079 Ecclesias
1152 5020 1213 5075 in
1246 5036 1354 5075 sua
1382 5020 1775 5092 confessione,
1808 5024 1998 5078 Mace-

345 5116 608 5183 doniam,
633 5132 764 5186 quze
787 5119 877 5170 est
897 5117 1159 5169 castrum
1186 5110 1456 5179 coloniaa,
1487 5111 1783 5181 Cibosam,
1816 5130 1997 5185 quam

2107 4755 2406 4832 προθύμως
2496 4752 2969 4827 ἀναθεματίζουσι·
3080 4755 3476 4810 Κωνσταντῖνον
3536 4749 3594 4807 δὲ
3665 4752 3760 4807 τὸν

2106 4845 2196 4899 καὶ
2269 4839 2538 4898 ΣιΛϐανὸν
2602 4840 2987 4913 ἐπικληθέντα,
3048 4841 3137 4897 καὶ
3202 4845 3466 4911 Συμεῶνα
3510 4842 3603 4896 τὸν
3670 4841 3766 4895 καὶ

2108 4935 2295 4999 Τῖτον,
2355 4932 2443 4987 καὶ
2505 4930 2746 4985 Γενέσιον
2804 4930 2896 4985 τὸν
2957 4931 3047 4985 καί
3104 4929 3395 5002 Τιμόθεον,
3436 4927 3525 4984 καὶ
3554 4930 3765 5007 Ἰωσὴφ

2104 5022 2197 5078 τὸν
2258 5020 2349 5076 καὶ
2416 5017 2832 5099 Ἐπαφρόδιτον,
2889 5017 2979 5075 καί
3054 5021 3267 5090 Βαάνην
3351 5019 3443 5074 τὸν
3525 5019 3766 5094 ῥυπαρον

2106 5111 2197 5167 καὶ
2255 5109 2483 5186 Σέργιον
2536 5109 2626 5165 καὶ
2692 5109 2937 5185 Τυγικὸν
3011 5107 3087 5171 ὡς
3164 5104 3527 5170 διδασκάλους
3582 5108 3763 5162 αὐτῶν

1559 5227 1924 5284 XYLANDRI
1962 5230 2048 5284 ET
2085 5229 2305 5285 GOARI
2344 5227 2567 5282 NOTE.

410 5350 521 5421 (‘77)
553 5345 790 5421 Βῦκινον
836 5348 941 5401 aut
999 5342 1247 5421 βούκινον
1309 5341 1539 5421 buccina
1586 5347 1698 5421 est_
1711 5359 2000 5421 corneum

345 5414 744 5474 et'recurvum
777 5414 1266 5476 instrumentum,
1288 5418 1461 5468 vento
1492 5414 1553 5468 in
1584 5414 1757 5469 bellis
1784 5414 2002 5469 inflan-

344 5491 525 5543 vium.
562 5489 767 5543 Dili‘ert
820 5506 855 5544 a
911 5488 1061 5553 tuba,
1118 5502 1263 5556 quae"
1308 5485 1505 5556 minor
1560 5490 1671 5553 est,
1705 5490 1763 5539 et
1821 5486 1998 5541 Leoni

344 5561 542 5631 Const.
596 5563 634 5631 77
695 5560 910 5615 dicitur
970 5554 1163 5631 μικρὸν
1242 5554 1514 5631 βοόκινον·
1578 5558 1806 5631 buccina
1860 5574 1999 5631 vero

339 5630 514 5698 juxta
543 5630 803 5686 Nicetam
837 5632 899 5685 in
933 5626 1197 5685 Manuele
1244 5626 1548 5684 Comneno
1580 5626 1860 5697 ἐπιμήκης
1892 5627 1998 5682 αὐ-

346 5647 514 5697 ,ιιχιίι
544 5647 803 5686 mcetam
837 5648 899 5685 m
934 5647 1197 5685 manuele
1245 5647 1548 5684 uomneno
1580 5647 1860 5697 επιμηκης
1892 5649 1994 5682 αυ-

346 5647 460 5755 λὼν
493 5706 611 5774 est1
637 5718 704 5755 ac
732 5702 865 5756 ideo
902 5699 1117 5774 Δμακρὸν
1149 5698 1297 5774 Δὡσεὶ
1348 5699 1570 5774 βούκινα
1603 5701 1843 5774 scripsit

348 5774 498 5829 Hinc
527 5769 808 5848 σάλπιγγα
864 5765 985 5828 sive
1027 5765 1238 5827 ’τοῦϐαν
1300 5765 1357 5830 δ’
1392 5771 1624 5829 buccina
1662 5765 1880 5847 saipius
1906 5772 2000 5831 di-

2112 5344 2391 5399 stinetam
2440 5342 2621 5415 legas,
2659 5339 2949 5415 quamvis
2982 5340 3109 5415 Leo
3152 5340 3367 5415 citatus
3399 5339 3575 5415 etiam
3607 5339 3765 5415 hanc

2110 5432 2245 5470 cum
2276 5415 2382 5485 illa
2414 5405 2762 5485 confundat,
2785 5411 3035 5485 cumﬂait
3066 5411 3299 5484 signum
3332 5411 3460 5467 ﬁeri
3491 5413 3560 5485 τῇ
3590 5405 3764 5482 τούϐᾳ

2110 5485 2177 5555 ἢν
2208 5488 2300 5561 νῦν
2328 5483 2561 5561 λέγουσι
2598 5481 2879 5561 βούκινονῂ
2913 5482 3087 5561 GOAR.

2177 5559 2295 5628 ('78)
2328 5553 2514 5628 Locus
2566 5553 2675 5628 est!
2711 5553 2983 5628 mutilus,
3040 5558 3194 5628 etut
3253 5569 3325 5609 ex
3376 5557 3768 5628 sequentibus

2112 5625 2316 5700 quuet,
2350 5629 2435 5683 sic
2466 5625 2787 5700 legendum
2814 5642 2827 5679 :
2859 5625 3196 5700 Simeonem
3226 5625 3490 5700 nomine,
3527 5628 3630 5682 sed
3662 5629 3765 5700 qui

2110 5696 2185 5755 se’
2204 5696 2403 5756 Titum
2435 5696 2776 5773 nuncupari
2797 5696 2993 5753 vellet.
3044 5698 3184 5773 Post
3236 5697 3393 5754 hunc
3425 5696 3767 5773 Genesium,

2108 5773 2225 5846 quae
2243 5774 2451 5832 tamen
2475 5787 2539 5830 se
2564 5767 2963 5841 Timotheum,
2995 5773 3105 5827 etc.
3138 5767 3280 5827 ΧΠ..
