4120 6420
344 451 466 514 829

344 581 603 657 οὐδαμῶς
687 581 1195 656 ἆναθεματίζουσιν,

1489 451 2025 517 HlSTOltlABUM
2073 439 2611 509 COMPENDIUM.

1287 582 1415 640 ἀλλ’
1499 579 1718 661 ἔχουσιν
1799 581 2000 645 αὐτοὺς

2128 580 2321 635 iocuit
2366 580 2813 648 Constantinus,
2869 580 3138 635 Silvanus
3196 587 3255 637 et
3302 583 3543 639 Simeon
3582 586 3768 655 Titus,

3648 451 3769 515 830

349 674 534 749 ὥσπερ
602 671 949 735 ἀποστόλους
1042 675 1299 748 Χριστοῦ.
1360 674 1590 751 Λέγουσι
1672 673 1729 730 δὲ
1805 671 1893 730 καί
1951 668 2004 743 ἔξ

2128 670 2416 739 \chaiam,
2482 670 2583 741 qui
2616 675 2705 725 est
2753 669 2918 726 vicus
2974 670 3443 740 Samosatorum,
3496 675 3773 743 Manalin,

345 761 675 832 Ἐκκλησίας
707 762 761 817 ἐν
788 765 857 836 τῇ
908 759 1186 839 ὁμολογίᾳ
1232 764 1433 835 αὐτῶν,
1487 766 1587 836 τὴν
1642 760 2006 834 Μακεδονίαν,

352 853 474 924 ἣτις
530 851 644 908 ἐστὶ
731 852 979 926 Κάστρον
1066 851 1390 924 κολωνείας,
1450 856 1550 925 τήν
1610 849 1881 924 Κίόωσαν,
1938 853 2004 924 ἢν

349 943 688 1017 ἐμαθήτευσε
738 944 1145 1005 Κωνσταντῖνος
1201 942 1229 997 6
1283 945 1370 998 καὶ
1434 939 1700 1007 Σιλϐανὸς
1755 944 1846 999 καὶ
1904 949 2004 998 Συ-

354 1033 502 1107 μεὼν
542 1031 571 1086 ὁ
625 1030 715 1084 καὶ
769 1032 956 1099 Τῖτος,
1014 1031 1113 1099 τὴν
1176 1033 1428 1107 Ἀχαῖαν,
1481 1033 1604 1103 ἥτις
1662 1032 1773 1089 ἐστὶ
1841 1032 2004 1104 κώμη

363 1119 715 1194 Σαμοσάτου,
755 1119 855 1187 τήν
921 1118 1182 1191 Μάναλιν,
1240 1118 1307 1190 ἤν
1375 1120 1711 1196 ἐμαθήτευσε
1767 1117 2006 1184 Γενέσιος

351 1213 381 1268 6
420 1211 512 1266 καί
539 1210 834 1282 Τιμόθεος,
868 1210 966 1279 τήν
1000 1212 1107 1264 τῶν
1142 1209 1562 1282 Φιλιππησίων,
1592 1210 1721 1274 τοὺς
1764 1211 2009 1283 μαθητὰς

353 1300 604 1377 λέγοντες
656 1299 860 1379 Ἰωσὴφ
918 1302 1017 1355 τοῦ
1073 1299 1163 1353 καὶ
1222 1298 1624 1380 Ἐπαφροδίτου
1670 1300 1761 1357 καὶ
1828 1305 2010 1377 Ζαχα-

349 1387 471 1467 ρίου
499 1392 597 1444 τοῦ
632 1391 912 1461 μισθωτοῦ
962 1387 1221 1462 ποιμένος
1278 1391 1409 1464 παρ’
1454 1390 1632 1446 αὐτῶν
1683 1388 2007 1467 λεγομένου,

346 1479 586 1549 τὴντῶν
626 1473 961 1546 Λαοδικέων,
1020 1475 1246 1551 λέγουσι
1301 1475 1361 1534 δὲ
1416 1479 1831 1555 Κυνοχωρίτας.
1893 1480 2008 1549 Τὴν

356 1568 542 1644 μέντοι
573 1571 681 1622 τῶν
711 1565 993 1644 Ἐφεσίων,
1022 1565 1151 1630 τοὺς
1195 1569 1251 1622 ἐν
1308 1569 1506 1643 Μόψου
1561 1568 1710 1641 ἑστίᾳ
1764 1569 1855 1625 καὶ
1906 1570 2007 1638 τὴν

352 1662 460 1713 τῶν
490 1654 846 1713 Κολοσσαέων
882 1653 1135 1732 λέγουσιν
1182 1656 1257 1721 ὡς
1295 1655 1527 1734 Σέργιος
1559 1657 1587 1711 6
1641 1657 1731 1713 καὶ
1778 1659 2012 1738 Τυχινὸς

350 1750 718 1823 ἀνεθεμάτισε.
776 1748 1013 1810 Τούτους
1074 1748 1166 1803 οὗν
1226 1748 1354 1811 τοὺς
1431 1747 1565 1805 ἑπτὰ
1648 1746 2009 1815 διδασκάλοτς

349 1839 533 1896 αὐτῶν
564 1838 655 1893 καὶ
694 1837 790 1900 τᾶς
843 1834 896 1907 ἓξ
955 1836 1285 1908 Ἐκκλησίας
1338 1835 1564 1918 ἔχουσιν
1613 1837 1864 1915 ἐντίμωςο
1916 1838 2009 1902 οὕς

2112 776 2286 830 quam
2317 759 2578 815 instituit
2609 760 2896 815 Genesius
2927 761 3778 835 Timotheus,Philippensem,

2111 848 2382 905 dicentes
2404 850 2465 904 in
2499 867 2566 904 ea
2600 866 2727 905 esse
2761 850 3084 923 discipulos
3104 852 3348 923 Iosephi
3380 852 3771 924 Epaphroditi

2112 943 2173 994 et
2221 939 2538 1006 Zachariae,
2581 956 2757 1009 quem
2816 939 2929 1010 ipsi
2984 941 3423 997 mercenarium
3473 948 3777 1014 pastorem

2116 1028 2893 1100 appellant,Laodicensem,
2913 1046 3061 1100 quos
3082 1031 3509 1102 Cynochoritas
3539 1038 3773 1089 vocant.

2113 1118 2283 1189 quasi
2316 1134 2352 1173 a
2383 1135 2598 1173 canum
2647 1119 2904 1191 regione.
2939 1119 3051 1173 Sed
3098 1121 3434 1192 Ephesiam,
3469 1138 3599 1177 eam
3642 1139 3773 1193 quae

2118 1210 2208 1261 est
2237 1207 2632 1278 Mopsuestia,
2666 1212 2724 1263 et
2749 1207 3161 1264 Colossensem
3193 1227 3227 1264 a
3272 1211 3472 1282 Sergio
3520 1211 3774 1283 Tychico

2112 1296 2424 1353 damnatas
2455 1296 2662 1353 dicunt
2703 1298 2817 1353 Hos
2849 1315 2985 1369 ergo
3013 1304 3239 1370 septem
3277 1301 3543 1372 ipsorum
3569 1301 3775 1357 docto-

2112 1402 2208 1441 res
2239 1392 2297 1441 et
2328 1403 2432 1443 sex
2462 1386 2756 1443 Ecclesias
2787 1387 2848 1442 in
2877 1388 3102 1443 honore
3136 1388 3356 1445 habent
3387 1408 3455 1446 ac
3486 1406 3773 1446 veneran-

2114 1480 2229 1543 tur,
2262 1476 2525 1549 reliquos
2573 1494 2800 1544 omnes,
2852 1496 3239 1551 quoscunque
3289 1480 3434 1552 ipsis
3474 1480 3772 1549 nomines,

2112 1565 2401 1621 damnant
2427 1570 2607 1638 atque
2659 1573 2968 1639 respuunt;
3004 1568 3252 1624 Servant
3300 1570 3557 1642 primam
3587 1569 3771 1625 Mani-

2114 1655 2412 1712 chaaorum
2444 1657 2723 1728 haaresin,
2768 1658 2884 1713 duo
2932 1659 3228 1731 principia
3276 1676 3414 1716 eum
3449 1661 3595 1732 ipsis
3624 1658 3782 1715 affir-

2112 1750 2363 1801 mantes.
2424 1747 2618 1802 Unum
2665 1752 2896 1803 tantum
2947 1763 3076 1803 esse
3129 1749 3317 1819 aiunt,
3356 1750 3515 1821 quod
3552 1746 3714 1822 ipsos
3744 1765 3779 1804 a

2112 1836 2376 1891 Romana
2406 1836 2669 1892 Ecclesia
2700 1836 3000 1910 disjungat
3030 1855 3043 1892 :
3069 1856 3131 1894 se
3155 1839 3318 1895 enim
3348 1840 3569 1895 sentire
3595 1839 3778 1895 alium

351 1930 442 1987 καὶ
500 1925 768 1988 σέϐονται.
846 1931 1053 1991 Πάντας
1130 1926 1187 1985 δὲ
1249 1931 1377 1993 τοὺς
1443 1928 1695 2003 λοιποὺς,
1761 1932 1858 1994 οὕς
1917 1930 2008 1987 ἐὰν

2128 1940 2247 1980 esse
2280 1925 2465 1980 Deum
2496 1927 2728 1981 Patrem
2761 1927 3082 1996 caelestem,
3116 1929 3216 1999 qui
3268 1929 3330 1984 in
3386 1930 3498 1984 hoc
3552 1927 3779 1983 mundo

356 2020 486 2097 εἲπῃ
546 2041 630 2082 τις
696 2018 902 2088 αὐτοῖς,
963 2020 1053 2074 καὶ
1112 2019 1557 2094 ἀναθεματίζουσι
1613 2020 1703 2075 καὶ
1761 2016 2010 2077 ἀποϐάλ-

361 2109 569 2166 λονται.
603 2109 837 2185 Ἔχουσι
868 2105 925 2164 δὲ
961 2109 1188 2185 πρώτην
1249 2106 1452 2181 α’ίρεσιν
1508 2111 1609 2179 τήν
1665 2114 1772 2165 τῶν
1833 2111 2007 2167 Mavi-

362 2200 562 2276 χαίων,
595 2195 692 2254 δόο
722 2199 898 2274 ἀρχὰς
931 2197 1331 2273 ὁμολογοῦντες
1365 2199 1439 2261 ὡς
1469 2199 1726 2257 κάκεῖνοι.
1780 2200 2012 2273 Λέγουσι

363 2287 421 2344 δὲ
451 2287 627 2357 οῦτοι,
655 2287 738 2343 ὅτι
769 2292 866 2346 ’Ἐν
898 2285 1009 2344 ἐστι
1059 2289 1219 2361 μόνον
1270 2289 1333 2343 τὸ
1375 2285 1707 2364 διαχωρίζον
1755 2291 1904 2362 ἡμᾶς
1954 2288 2016 2344 ἐκ

360 2384 469 2435 τῶν
496 2376 807 2452 Ῥωμαίων,
840 2378 924 2434 ’ὁτι
964 2378 1135 2451 ἡμοῐς
1199 2378 1294 2451 μὶν
1346 2377 1531 2455 ἓτερον
1588 2378 1716 2434 Θεὸν
1776 2376 2013 2453 λέγομεν

365 2467 631 2544 ὁπάρχειν
662 2467 753 2522 τὸν
796 2465 1004 2545 Πατέρα
1058 2467 1149 2521 τὸν
1211 2465 1551 2542 ἐπουράνιον,
1605 2467 1667 2530 ’ὀς
1726 2466 1778 2522 ἐν
1835 2468 2018 2541 τούτῳ

362 2562 444 2631 τῷ
472 2557 667 2630 κόσμῳ
697 2556 796 2612 οὐκ
826 2553 944 2632 ἔχει
1000 2553 1259 2626 ἒξουσέαν,
1315 2554 1443 2610 ἀλλ’
1493 2555 1544 2611 ἓν
1596 2555 1674 2629 τῷ
1734 2555 2018 2630 μέλλοντι,

366 2644 551 2724 ἕτερον
586 2645 645 2702 δὲ
675 2646 802 2702 Θεὸν
830 2647 921 2702 τὸν
960 2646 1171 2719 κόσμου
1203 2647 1460 2716 ποιητὴν,
1514 2642 1661 2709 ὅστις
1709 2644 1825 2722 ἔχει
1863 2643 2022 2702 τοῦδε

366 2740 464 2791 τοῦ
494 2734 764 2810 παρόντος
802 2741 902 2804 τῆν
963 2733 1231 2804 ἐξουσίαν·
1294 2734 1347 2788 οἱ
1387 2730 1445 2789 δὲ
1495 2734 1781 2808 Ῥωμαῖοι,
1841 2736 2021 2813 φασὶν,

366 2822 459 2881 ἕνα
488 2825 578 2879 καὶ
608 2824 698 2879 τὸν
731 2822 892 2878 αὐτὸν
926 2823 1054 2878 Θεὸν
1087 2821 1463 2898 ὁμολογοῦσιν
1503 2823 1637 2878 εἶναι
1669 2822 1758 2878 καὶ
1808 2824 2025 2899 Πατέρα

365 2914 458 2969 τὸν
493 2914 655 2969 αὐτὸν
687 2912 1014 2985 ἐπουράνιον
1040 2913 1131 2967 καὶ
1185 2917 1283 2968 τοῦ
1348 2913 1562 2987 κόσμου
1619 2913 1816 2975 παντὸς
1858 2934 2026 2984 ποιη-

364 3005 489 3075 τήν.
521 2999 766 3060 Καλοῦσι
804 2999 861 3058 δὲ
910 2999 1133 3065 ἑαυτοὺς
1197 3003 1292 3076 μὲν
1345 3002 1728 3077 Χριστιανοὺς,
1769 3004 1918 3075 ἡμᾶς
1969 2998 2028 3057 δὲ

366 3091 707 3164 Ῥωμαίους.
743 3090 973 3167 Λέγουσι
1004 3087 1063 3145 δὲ
1093 3092 1228 3163 πρὸς
1278 3092 1405 3153 τοὺς
1458 3090 1781 3166 ἀγνοοῦντας
1830 3090 2026 3153 αὐτοὺς

380 3180 701 3256 προθύμως.
789 3177 1120 3253 Ιιιστεόομεν
1203 3178 1281 3243 εἷς
1342 3176 1553 3254 Πατέρα
1608 3179 1698 3234 καὶ
1756 3179 1877 3234 Υἱὸν
1937 3179 2028 3234 καί

378 3270 536 3338 ἅγιον
573 3274 807 3345 Πνεῦμα,
835 3270 929 3326 τὸν
961 3269 1282 3345 ἐπουρᾶνιον
1334 3271 1570 3347 Πατέρα·
1619 3271 1709 3326 καὶ
1760 3270 2025 3344 ἆυάθεμα,

2119 2013 2271 2069 nihil
2303 2014 2519 2069 habeat
2569 2016 2898 2087 potestatis,
2930 2016 3145 2072 habeat
3190 2008 3390 2073 autem
3446 2019 3506 2073 in
3555 2018 3779 2075 futuro.

2120 2102 2306 2158 alium
2338 2104 2523 2159 Deum
2555 2104 2763 2160 mundi
2795 2106 3190 2173 conditorem,
3214 2108 3308 2163 cui
3342 2108 3402 2162 in
3424 2112 3781 2180 prmsentem

2121 2191 2415 2249 mundum
2448 2193 2551 2265 jus
2600 2195 2696 2261 sit,
2748 2197 3048 2251 Romanos
3101 2202 3299 2251 autem
3358 2196 3623 2269 proﬁteri
3653 2211 3780 2251 esse

2123 2298 2310 2338 unum
2345 2284 2957 2357 Deum,eumdcmque
2978 2289 3215 2343 Patrem
3247 2288 3546 2343 caelestem
3570 2292 3628 2342 et
3646 2286 3781 2341 uni-

2124 2373 2278 2429 versi
2310 2374 2612 2430 factorem.
2649 2376 2798 2431 759
2832 2376 2901 2431 Se
2933 2377 3322 2448 Christianos,
3354 2395 3462 2433 nos
3484 2381 3782 2433 Romanos

2124 2458 2451 2536 appellant.
2504 2464 2579 2519 lis
2610 2464 2826 2535 quibus
2857 2466 3041 2538 ignoti
3083 2473 3239 2535 sunt,
3274 2467 3551 2523 alacriter
3579 2467 3787 2523 dicunt

2130 2552 2371 2608 credere
2400 2570 2462 2608 se
2494 2554 2555 2608 in
2575 2555 3053 2619 Patrem,Filium
3082 2561 3140 2610 et
3170 2556 3453 2627 Spiritum
3488 2561 3788 2624 sanctum,

2131 2641 2432 2697 caelestem
2451 2636 2679 2698 Patrem
2703 2651 3231 2716 ;exsecranturque
3245 2645 3391 2700 adeo
3407 2662 3531 2700 eum
3550 2646 3650 2716 qui
3664 2662 3787 2701 non

2134 2732 2244 2785 hoc
2258 2731 2434 2786 modo
2450 2732 2790 2787 credat.Sed
2805 2733 2985 2788 nimis
2998 2734 3280 2790 meditate
3302 2752 3469 2790 suam
3493 2735 3786 2791 malitiam

2134 2825 2552 2876 consectantur
2606 2824 2749 2877 Cum
2783 2823 2941 2878 enim
2974 2824 3210 2879 Patrem
3254 2824 3551 2880 ccelestem
3594 2825 3791 2879 nomi-

2135 2914 2301 2977 nant,
2320 2927 2439 2965 non
2461 2910 2715 2966 addunt:
2741 2912 2941 2967 Solum
2968 2929 3169 2968 verum
3194 2914 3788 2979 Deum,Conditorem

2136 2999 2269 3055 cmli
2290 3005 2349 3053 et
2368 3003 2543 3055 terrae
2566 3006 2741 3071 atque
2762 3003 3029 3057 omnium
3055 3019 3183 3072 quae
3206 3004 3267 3058 in
3290 3004 3363 3059 iis
3393 3009 3550 3059 sunt.
3585 3004 3789 3058 Enim-

2133 3106 2273 3143 vero
2285 3088 2654 3159 Christianus
2671 3107 2807 3145 cum
2823 3092 3141 3147 Manichaeo
3157 3093 3467 3165 disputans
3488 3093 3792 3166 postulare

2137 3178 2211 3233 ab
2243 3194 2311 3232 eo
2344 3178 2522 3233 debet
2547 3184 2612 3234 ut
2641 3180 2974 3251 symbolum
3011 3182 3148 3237 fidei
3178 3183 3389 3237 recitet
3421 3184 3529 3239 hoc
3558 3200 3571 3236 :
3605 3184 3790 3237 Credo

2139 3267 2203 3321 in
2243 3283 2430 3321 unum
2484 3269 2663 3323 lleum
2696 3270 2929 3324 Patrem
2986 3271 3480 3342 omnipotentem,
3524 3272 3624 3343 qui
3656 3271 3796 3326 fecit

374 3359 528 3441 φασξ,
602 3365 683 3433 τῷ
711 3332 721 3345 1
749 3361 826 3432 μὴ
895 3359 1069 3422 οὕτως
1102 3332 1493 3429 ’πιστεύονται
1566 3356 2019 3434 μεμελετημένως

2139 3355 2349 3411 ccelum
2381 3362 2438 3411 et
2470 3361 2707 3423 terram,
2752 3359 2953 3415 omnia
3000 3376 3131 3430 quas
3162 3363 3222 3415 et
3250 3360 3523 3416 videntur
3572 3366 3631 3415 et
3668 3361 3797 3420 visu

373 3449 500 3506 λίαν
528 3451 627 3518 τήν
658 3450 861 3505 ἑαυτῶν
892 3449 1080 3505 κακίαν
1132 3445 1531 3523 μεθοδεύοντες.
1596 3447 1673 3507 Οὔ
1720 3448 1824 3525 γὰρ
1864 3468 2029 3523 προσ-

368 3538 630 3606 τιθέασι),
689 3538 781 3593 ’ὸτε
844 3536 1064 3611 λέγουσι
1120 3537 1212 3591 τὸν
1262 3538 1470 3612 Πατέρα
1541 3538 1633 3592 τὸν
1686 3537 2031 3612 ἐπουράνιον,

374 3628 462 3684 ὅτι
520 3629 631 3685 Τὸν
691 3628 854 3701 μόνον
910 3626 1172 3698 ἀληθινὸν
1246 3625 1376 3681 Θεὸν
1433 3627 1524 3682 τὸν
1584 3627 1890 3697 ποιήσαντα
1937 3627 2031 3682 τὸν

378 3717 604 3794 οὐρανὸν
635 3716 726 3772 καὶ
756 3718 857 3783 τὴν
900 3722 1005 3792 γῆν
1051 3715 1142 3770 καὶ
1191 3715 1364 3772 πάντα
1417 3716 1485 3770 τὰ
1542 3713 1594 3769 ἐν
1652 3714 1862 3777 αὐτοῖς.
1910 3715 2028 3788 Χρή

378 3805 435 3862 δὲ
457 3808 550 3863 τὸν
602 3802 1134 3882 προσδιαλεγόμενον
1198 3802 1486 3878 ὀρθόδοξον
1545 3804 1715 3858 αἰτεῖν
1769 3805 1859 3859 τὸν
1917 3805 2032 3860 Μα-

375 3901 594 3973 νιχαῖον
620 3900 718 3952 τοῦ
759 3896 932 3951 εἰπεῖν
988 3895 1051 3950 τὸ
1109 3888 1393 3968 σύμϐολον
1450 3896 1533 3966 [Ρ.
1592 3894 1719 3965 434]
1778 3899 1879 3961 τῆς
1937 3890 2030 3946 πί-

375 4006 571 4053 στεως,
635 3986 723 4054 τὸ,
783 3983 1026 4040 Πιστεύω
1089 3980 1184 4038 ἕνα
1240 3982 1394 4050 Θεὸν,
1453 3981 1666 4055 Πατέρα
1721 3978 2029 4055 παντοκρά-

371 4095 528 4150 τορα,
561 4076 800 4145 ποιητήν
841 4072 1074 4148 οὐρανοῦ
1131 4074 1221 4128 καὶ
1277 4078 1403 4147 γῆς,
1458 4072 1669 4148 ὁρατῶν
1720 4091 1781 4126 τε
1808 4068 2025 4125 πάντων

368 4166 459 4220 καὶ
492 4164 763 4238 ἀοράτων,
786 4163 877 4218 καὶ
916 4163 984 4219 τὰ
1030 4164 1175 4233 ἑξῆς.
1234 4163 1458 4219 Ἔπειτα
1517 4159 1575 4216 δὲ
1635 4159 2025 4237 βλασφημοῦσι

378 4254 472 4330 μὲν
530 4254 605 4317 εἰς
663 4254 762 4323 τὴν
821 4253 1083 4329 παναγίαν
1148 4252 1413 4308 Θεοτόκον
1494 4249 1721 4326 ἄμετρα·
1812 4247 1898 4303 ἐὰν
1968 4246 2027 4304 δὲ

378 4346 641 4420 βιασθῶσι
673 4348 799 4416 παρ’
824 4345 985 4415 ἡμῶν
1020 4339 1369 4418 ὁμολογῆσαι
1400 4340 1588 4412 αὐτὴν,
1628 4338 2022 4413 ἀλληγορικῶς

2140 3461 2260 3500 non
2293 3446 2844 3518 deprehenduntur,
2878 3454 2936 3503 et
2968 3455 3201 3504 caetera.
3249 3450 3473 3505 Deinde
3516 3451 3795 3507 immode-

2142 3540 2272 3590 rata
2308 3535 2702 3591 maledicendi
2754 3537 3057 3608 impietate
3098 3539 3489 3594 sanctissima:
3531 3541 3795 3611 Deiparaa

2144 3623 2498 3679 obtrectant.
2532 3626 2797 3696 Cumque
2829 3642 2864 3680 a
2902 3626 3075 3681 nobis
3106 3633 3397 3699 coguntur
3427 3644 3556 3683 eam
3600 3629 3796 3697 fateri,

2143 3713 2338 3768 verbis
2367 3713 2529 3769 aliud
2554 3714 3025 3786 signiﬁcantibus
3057 3716 3301 3771 dicunt:
3359 3719 3542 3773 Credo
3576 3718 3635 3773 in
3654 3736 3795 3774 san-

2141 3802 2469 3858 ctissimam
2519 3803 2854 3874 Deiparam,
2905 3804 2966 3859 in
3011 3823 3190 3876 quam
3223 3807 3463 3862 intravit
3489 3812 3547 3862 et
3575 3825 3644 3862 ex
3676 3826 3796 3878 qua

2139 3892 2316 3946 exivit
2349 3893 2657 3949 Dominus.
2713 3895 2809 3949 His
2841 3895 3034 3950 verbis
3080 3896 3310 3951 occulte
3351 3902 3561 3952 notant
3596 3898 3795 3953 Hiero-

2138 3980 2504 4051 solymorum
2536 3983 2745 4036 urbem
2777 3999 3120 4054 supernam,
3152 3985 3213 4039 in
3246 4003 3424 4057 quam
3464 4003 3800 4057 prwcursor

2137 4076 2325 4129 nostri
2373 4092 2549 4130 causa
2605 4077 2846 4131 intravit
2875 4078 3165 4145 Christus,
3205 4086 3271 4135 ut
3319 4082 3403 4136 ait
3457 4082 3796 4152 Apostolus.

2137 4164 2334 4234 Neque
2392 4180 2527 4217 vere
2601 4165 2906 4235 appellant
2960 4166 3193 4221 beatam
3273 4169 3512 4223 Mariam
3581 4170 3796 4241 Deipa-

2134 4268 2283 4319 ram,
2364 4269 2559 4324 neque
2617 4254 2935 4309 Dominum
2994 4273 3065 4309 ex
3109 4273 3178 4311 ea
3235 4273 3475 4312 carnem
3554 4275 3790 4313 assum-

2134 4358 2344 4411 ps1sse.

371 4432 618 4511 λέγουσι’
680 4431 925 4488 Πιστεύω
991 4430 1069 4493 εἷς
1124 4432 1224 4500 τὴν
1284 4432 1445 4508 ἁγίαν
1530 4428 1817 4497 Θεοτόκου,
1878 4426 1929 4482 ἐν
1985 4426 2271 4501 ᾕείσῆλθε
2325 4430 2415 4484 καὶ
2472 4427 2690 4502 ἐξῆλθεν
2751 4432 2778 4485 6
2840 4431 3054 4503 Κύριος.
3119 4432 3347 4506 Λέγουσι
3407 4431 3463 4487 δὲ
3517 4435 3616 4501 τὴν
3677 4433 3788 4489 ἄνω

372 4520 742 4596 Ῑερουσαλήμ,
805 4520 857 4576 ἐν
914 4519 951 4596 ᾖ
1010 4517 1329 4595 πρόδρομος
1392 4520 1523 4595 ὑπὲρ
1577 4520 1740 4590 ἡμῶν
1817 4514 2053 4599 εἰσῆλθέ
2110 4519 2366 4592 Χριστὸς,
2425 4520 2604 4583 καθώς
2668 4542 2832 4598 φησιν
2894 4521 3247 4585 Ἀπόστολος,
3307 4524 3396 4577 καὶ
3455 4524 3517 4578 οὐ
3571 4523 3795 4598 λέγουσι

370 4612 507 4668 κατὰ
537 4609 800 4683 ἀλήθειαν
828 4613 929 4681 τήν
961 4609 1118 4687 ἁγίαν
1154 4608 1363 4684 Μαρίαν
1397 4606 1686 4674 Θεοτόκον,
1719 4603 1843 4661 οὐδὲ
1872 4605 1923 4676 ἐξ
1953 4599 2125 4674 αὐτῆς
2159 4609 2499 4683 σαρκωθέντα
2528 4611 2620 4664 τὸν
2658 4610 2876 4684 Κύριον.

447 4699 846 4778 Βλασφημοῦσι
899 4696 956 4754 δὲ
1008 4698 1097 4753 καὶ
1164 4696 1240 4759 εἷς
1293 4697 1359 4752 τὰ
1419 4702 1536 4761 θεῖα
1592 4697 1867 4790 μυστήρια
1922 4700 2019 4763 τῆς

2205 4698 2388 4769 Impie
2420 4716 2656 4771 quoque
2689 4700 2760 4754 de
2792 4701 3008 4757 divinis
3043 4703 3341 4774 mysteriis
3372 4711 3591 4759 sanctas
3628 4722 3792 4790 com:

372 4790 534 4865 ἁγίας
592 4789 875 4850 κοινωνίας
929 4791 1028 4842 τοῦ
1081 4787 1270 4860 τιμίου
1322 4786 1575 4859 σώματος
1645 4784 1736 4840 καὶ
1792 4781 2028 4857 α’ίματος

370 4885 468 4935 τοῦ
500 4879 698 4954 Κυρίου
737 4880 901 4950 ἡμῶν
956 4877 1141 4949 Ἰησοῦ
1198 4877 1455 4951 Χριστοῦ,
1514 4874 1762 4950 λέγοντες
1819 4873 1904 4928 ’ὁτι
1961 4874 2028 4927 τὰ

371 4970 594 5044 ῥήματα
612 4966 785 5023 πύτοῦ
825 4967 854 5022 6
887 4966 1086 5042 Κύριος
1115 4962 1301 5028 διδοὺς
1341 4969 1458 5026 τοῖς
1486 4960 1819 5025 ἆποστόλοις
1848 4957 2022 5036 ἔλεγεν

372 5052 600 5127 Λάϐετε,
660 5054 854 5136 φάγετε
914 5054 1006 5110 καὶ
1083 5056 1258 5123 πίετε,
1334 5051 1432 5109 οὐκ
1491 5051 1650 5128 ἄρτον
1718 5052 1806 5106 καὶ
1861 5052 2025 5107 οἶνονο

370 5149 464 5203 καὶ
515 5148 577 5202 οὐ
654 5146 793 5220 χρὴ,
853 5143 1010 5222 φησὶ,
1069 5144 1432 5219 προσάγεσθαι
1487 5143 1649 5218 ἄρτον
1708 5141 1798 5197 καὶ
1856 5143 2024 5196 οἶνον·

370 5237 771 5314 Βλασφημοῦσι
806 5232 864 5291 δὲ
892 5235 981 5289 καὶ
1014 5233 1091 5296 εἷς
1138 5234 1229 5289 τὸν
1288 5233 1473 5307 τίμιον
1531 5233 1783 5308 σταυρὸν,
1834 5232 2027 5305 λέγον-

370 5349 460 5391 τες
489 5326 574 5383 ὅτι
606 5324 835 5400 σταυρὸς
865 5324 893 5378 6
926 5323 1158 5399 Χριστός
1190 5321 1354 5396 ἔστιν,
1397 5323 1459 5378 οὐ
1503 5324 1613 5398 χρὴ
1672 5319 1730 5376 δὲ
1777 5342 2027 5396 προσκυ-

367 5423 576 5480 νεῖσθαι
604 5416 669 5470 τὸ
718 5414 875 5485 ξύκον
944 5413 1021 5475 ὡς
1080 5413 1517 5484 κεκατηραμένον
1574 5407 1826 5487 ὄργανον.
1887 5409 2028 5472 Τοὺς

369 5505 427 5562 δὲ
483 5507 771 5585 προφήτας
824 5502 917 5557 καὶ
1005 5500 1239 5564 λοιποὺς
1314 5500 1500 5574 ἁγίους
1593 5494 2025 5557 ἀποϐάλλονται.

368 5594 579 5653 Ἔτιδὶ
606 5594 697 5649 τὸν
753 5587 905 5668 ἅγιον
960 5592 1188 5664 Πέτρον,
1246 5588 1339 5644 τὰν
1409 5590 1579 5665 μέγαν
1632 5588 2032 5663 πρωταπόστο-

372 5688 496 5757 λον,
527 5687 695 5743 πλέον
726 5684 943 5740 πάντων
970 5683 1063 5738 καὶ
1115 5680 1460 5762 δυσφημοῦσι
1518 5681 1609 5737 καὶ
1660 5682 2027 5759 ἀποστρέφον-

372 5797 492 5853 ταν,
519 5774 573 5853 ἐξ
601 5772 781 5833 αὐτῶν
814 5770 1023 5852 μηδένα
1048 5772 1175 5830 τινὰ
1223 5769 1275 5829 ἰν
1324 5770 1477 5849 μέρει
1529 5773 1638 5828 τῶν
1696 5768 2024 5846 σωζομένων

2136 4788 2439 4843 munionis
2469 4790 2713 4861 pretiosi
2769 4792 3033 4863 corporis
3081 4798 3139 4847 et
3186 4794 3492 4866 sanguinis
3555 4788 3791 4850 Domin1

2137 4877 2325 4932 nostri
2367 4879 2503 4934 Jesu
2550 4879 2763 4934 Christi
2813 4880 3104 4952 garriunt,
3156 4882 3422 4938 dicentes
3475 4885 3793 4939 Dominum

2136 4965 2314 5021 verba
2356 4983 2463 5022 sua
2511 4968 2799 5039 apostolis
2844 4969 3105 5038 dedisse,
3138 4989 3325 5044 eaque
3349 4973 3603 5043 jussisse
3635 4974 3790 5030 acci-

2137 5072 2296 5127 pere,
2335 5055 2509 5111 edere
2554 5061 2731 5129 atque
2780 5058 3007 5127 bibere,
3056 5078 3178 5116 non
3228 5077 3441 5133 panem
3475 5066 3533 5116 et
3564 5062 3793 5130 vinum,

2138 5162 2268 5216 qua)
2301 5145 2543 5216 quidem
2576 5146 2755 5203 etiam
2786 5147 3129 5205 adhibenda
3158 5158 3396 5224 negant.
3422 5151 3575 5216 Quin
3608 5157 3666 5205 et
3696 5168 3796 5207 ve-

2136 5235 2417 5290 nerandae
2456 5235 2616 5292 cruci
2641 5236 2927 5292 scelerate
2969 5238 3471 5304 detrahunt/360
3494 5241 3794 5296 Christum

2137 5340 2267 5381 esse
2313 5341 2550 5380 crucem
2611 5325 2897 5391 dicentes,
2959 5344 3153 5398 neque
3220 5329 3594 5386 adorandum
3665 5348 3794 5386 esse

2138 5414 2385 5487 lignum,
2439 5414 2950 5471 exsecrationibus
2998 5417 3265 5473 deditum
3300 5420 3789 5478 instrumentum.

2136 5507 2314 5559 Vates
2362 5521 2599 5576 quoque
2651 5505 2876 5560 divinos
2926 5510 2984 5559 et
3030 5505 3296 5577 reliquos
3326 5514 3562 5564 sanctos
3590 5510 3791 5580 explo-

2137 5592 2304 5648 dunt.
2341 5595 2584 5649 Beatum
2614 5595 3158 5666 Petrum,maguum
3189 5596 3357 5651 illum
3383 5599 3788 5669 apostolorum

2136 5686 2493 5758 principem,
2525 5686 2761 5758 gravius
2809 5686 3054 5757 reliquis
3098 5689 3375 5745 omnibus
3406 5698 3466 5744 et
3495 5689 3790 5747 infamant

2137 5778 2198 5832 et
2249 5786 2496 5849 prorsus
2526 5791 2562 5834 a
2589 5792 2653 5833 se
2681 5774 2985 5849 rejiciunt,
3017 5783 3304 5850 negantes
3333 5794 3471 5836 eum
3501 5776 3567 5835 in
3603 5779 3787 5838 ullam
