4120 6414
314 415 426 473 831

1674 391 1990 456 GEORGII
2035 392 2385 459 CEDRENI

3612 394 3731 457 832

316 546 527 603 salutis
557 547 788 616 partem
810 539 1028 596 venire.
1062 537 1322 594 Concilia
1352 553 1459 592 sua
1504 528 1829 590 Ecclesiam
1869 541 1969 581 ca-

2086 526 2225 583 εἶναι
2281 528 2548 605 λέγοντες.
2618 528 2932 597 Καθολικῆν
3012 527 3340 597 Ἐκκλησίαν
3408 528 3477 584 τὰ
3533 529 3738 584 ἱαυτῶν

319 635 604 692 tholicam
638 631 952 686 nominant
980 631 1039 683 in
1076 629 1199 683 suis
1219 627 1292 682 ad
1314 644 1423 681 nos
1450 621 1743 695 allegoriis
1769 635 1781 672 :
1814 618 1972 671 inter

320 741 382 781 se
429 723 589 779 enim
618 737 653 776 a
681 719 958 791 precibus
990 734 1055 771 ea
1087 715 1448 788 proseuchas
1500 709 1823 784 appellant.
1858 708 1969 759 Pro

320 813 614 884 baptismo
659 807 879 863 habent
928 807 1101 860 verba
1150 804 1468 876 Evangelii,
1517 801 1656 871 quia
1690 796 1971 852 Dominus

318 902 536 958 dixerit
566 917 627 954 se
660 915 788 952 esse
819 913 1031 967 aquam
1064 897 1109 929 9°
1141 896 1346 948 vivam.
1381 891 1593 948 Omnia
1628 890 1752 944 haac
1795 892 1973 954 atque

319 994 497 1048 etiam
529 990 720 1061 plura,
753 987 851 1042 ubi
880 984 1238 1057 deprehensi
1284 986 1587 1046 tenentur,
1619 977 1781 1033 aliud
1812 979 1973 1029 recte

318 1077 791 1152 signiﬁcantibus
840 1075 1033 1129 verbis
1081 1074 1164 1143 (id
1211 1072 1371 1127 enim
1415 1087 1558 1125 voco
1604 1063 1972 1138 allegoriam)

318 1170 638 1226 involvunt.
692 1168 939 1238 Oportet
989 1170 1188 1220 autem
1217 1167 1465 1218 atttente
1507 1165 1565 1215 et
1595 1158 1871 1213 distincte
1902 1155 1974 1209 de

319 1259 568 1332 Singulis
616 1263 825 1312 contra
869 1272 970 1310 eos
1001 1254 1325 1325 disputare.
1370 1253 1512 1306 Nam
1545 1254 1603 1304 et
1633 1245 1871 1302 mentiri
1904 1244 1975 1298 iis

320 1349 380 1403 in
411 1351 689 1420 promptu
721 1350 830 1410 est,
863 1345 946 1399 ita
978 1342 1305 1398 ferentibus
1336 1341 1602 1412 ipsorum
1634 1334 1885 1408 legibus,
1917 1337 1977 1387 et

317 1456 453 1493 cum
484 1438 631 1492 alias
681 1450 938 1505 semper,
1000 1438 1124 1488 tum
1182 1430 1481 1503 praecipue
1535 1427 1635 1483 ubi
1667 1427 1973 1497 urgentur,

318 1526 631 1582 mendacio
661 1522 1012 1594 interposito
1046 1521 1385 1587 elabuntur,
1417 1517 1785 1574 afﬁrmantes
1807 1511 1975 1585 quid-

319 1616 463 1687 quid
494 1616 838 1685 imperetur.
874 1614 1071 1683 Neque
1103 1610 1176 1666 ob
1210 1609 1324 1665 tale
1355 1605 1733 1664 mendacium
1765 1604 1828 1657 in
1872 1601 1977 1657 ali-

320 1721 437 1775 qua
468 1703 625 1774 apud
653 1719 790 1757 suos
822 1706 960 1755 sunt
1000 1699 1194 1770 culpa,
1241 1698 1381 1769 quia
1422 1695 1709 1751 nimirum
1757 1691 1868 1745 hoc
1895 1690 1975 1745 fe-

318 1794 401 1849 cit
434 1794 647 1847 Manes.
698 1793 752 1845 Is
783 1790 943 1846 enim
974 1789 1122 1844 dixit
1146 1805 1267 1843 non
1306 1804 1367 1842 se
1418 1786 1812 1840 inhumanum
1844 1796 1973 1835 esse

2077 615 2351 693 συνεδρεα,
2383 620 2521 695 πρὸς
2549 621 2698 693 ἡμᾶς
2729 619 2781 674 ἐν
2813 621 2882 693 τῇ
2932 618 3253 694 ἀλληγορίᾳ
3303 618 3479 673 αὐτῶν
3536 616 3739 692 λέγον-

2076 730 2185 773 τες’
2254 712 2392 787 πρὸς
2484 713 2709 775 ἑαυτοὺς
2797 711 2900 788 γὰρ
2986 709 3183 766 ἐκεῖνοι
3240 709 3553 786 προσευχὰς
3603 710 3743 765 αὐτά

2082 798 2322 875 Α’ἐγουσι.
2368 806 2658 875 Βάπτισμα
2712 800 2769 857 δὲ
2822 802 2888 856 τὰ
2945 803 3166 876 ῥήματα
3217 806 3314 855 τοῦ
3376 800 3739 875 Εὐαγγελίου,

2077 893 2256 954 καθώς
2288 914 2450 969 φησιν
2482 894 2509 946 6
2542 892 2762 967 Κύριος·
2812 893 2957 966 Ἐγώ
3002 891 3115 963 εἰμι
3162 891 3224 945 τὸ
3277 888 3424 963 ὓδωρ
3481 891 3544 944 τὸ
3603 896 3734 959 ζῶν.

2078 984 2259 1036 Ταῦτα
2315 981 2512 1053 πάντα,
2570 982 2657 1035 καὶ
2715 979 2893 1035 πλείω
2948 981 3177 1048 τοῦτων,
3236 981 3326 1034 ὅτε
3383 983 3738 1056 φωραθῶσιν,

2079 1068 2512 1146 ἀλληγοροῦσιν.
2549 1067 2724 1126 Ἀλλὰ
2754 1072 2867 1144 χρὴ
2900 1073 3177 1144 νουνεχῶς
3210 1069 3299 1123 καὶ
3357 1065 3739 1144 διωρισμένως

2081 1157 2266 1221 αὐτοῖς
2326 1158 2402 1221 είς
2498 1158 2674 1214 πάντα
2759 1155 3126 1232 διαλέγεσθαι.
3188 1157 3292 1214 Καὶ
3356 1158 3457 1232 γὰρ
3523 1157 3612 1211 καὶ
3668 1157 3733 1211 τὸ

2081 1245 2278 1322 ψεῦδος
2309 1246 2628 1327 προχείρως
2654 1241 2882 1325 ἔχουσιν
2915 1246 2992 1310 ὡς
3018 1250 3192 1319 νόμον
3238 1246 3463 1312 οἰκεῖον,
3512 1244 3746 1301 πάντοτε
3806 1248 3811 1255 ’

2085 1337 2203 1409 μὲν,
2238 1336 2479 1410 μάλιστα
2510 1334 2568 1391 δὲ
2624 1336 2749 1391 ὅταν
2817 1336 3108 1412 βιασθῶσι,
3167 1332 3588 1409 διαψευδόμενοι
3645 1335 3737 1389 καὶ

2083 1425 2331 1500 λέγοντες
2387 1426 2567 1489 καθὼς
2624 1427 2716 1481 έάν
2774 1427 3201 1502 προσταχθῶσιν
3260 1421 3296 1494 ἤ
3359 1429 3748 1500 προτραπῶσι,

2080 1515 2409 1593 ἀνέγκλητοι
2439 1512 2584 1578 ὄντες
2643 1518 2770 1592 παρ’
2826 1518 3061 1578 ἑαυτοῖς.
3125 1516 3316 1577 Οὖτως
3361 1516 3522 1591 γᾶρὸ
3553 1515 3744 1586 Μάνης

2081 1604 2266 1666 αὐτοῖς
2310 1604 2645 1679 παρέδωκεν,
2714 1603 2799 1660 ὅτι
2856 1604 2966 1659 Οὐκ
3024 1603 3139 1678 εἷμὶ
3202 1603 3308 1680 ἐγὼ
3365 1602 3743 1679 ἄσπλαγχνος,

2083 1695 2271 1771 φησὶν,
2306 1694 2380 1755 ὡς
2414 1694 2442 1748 6
2473 1695 2700 1769 Χριστὸς
2761 1694 2789 1747 6
2832 1692 3021 1748 εῗπών·
3077 1695 3265 1755 Ὅστις
3321 1713 3388 1766 με
3440 1692 3756 1767 ἀρνήσεται,

2082 1784 2391 1859 ἀρνήσομαι
2425 1780 2584 1837 αὐτὸν
2614 1783 2787 1859 κάγώ.
2824 1780 2983 1840 Ἀλλ’
3016 1780 3123 1858 ἐγὼ
3168 1782 3337 1858 λέγω,
3394 1785 3435 1838 Τ
3439 1786 3500 1836 οὗ
3546 1781 3749 1857 ἀρνου-

318 1885 512 1938 instar
553 1880 791 1948 Christi,
825 1880 1079 1935 dicentis
1128 1896 1189 1933 se
1233 1875 1493 1931 vicissim
1526 1890 1627 1929 eos
1658 1872 1973 1942 abnegatu-

2087 1877 2252 1946 μένου
2284 1894 2351 1945 με
2381 1866 2685 1947 ἔμπροσθεν
2746 1876 2857 1925 τῶν
2910 1871 3209 1946 ἀνθρώπων
3272 1869 3363 1925 καὶ
3418 1874 3498 1941 τῷ
3558 1867 3747 1944 ψεύδει

318 1988 452 2026 rum
484 1988 519 2027 a
547 1969 763 2042 quibus
794 1969 1005 2024 fuisset
1036 1971 1282 2040 negatus
1306 1966 1348 2000 ³⁸
1378 1982 1391 2019 :
1428 1981 1490 2019 se
1511 1980 1614 2019 eos
1644 1961 1744 2033 qui
1775 1961 1970 2033 ipsum

315 2077 512 2116 coram
547 2059 891 2115 hominibus
914 2057 1139 2113 diffessi
1162 2057 1417 2111 fuissent
1441 2069 1627 2124 eoque
1658 2050 1970 2107 mendacio

318 2151 431 2205 sibi
463 2151 717 2206 salutem
750 2148 1184 2220 quaesivissent,
1232 2150 1516 2215 tanquam
1548 2158 1670 2196 non
1699 2140 1972 2194 diffessos

318 2256 453 2295 cum
485 2238 699 2311 gaudio
729 2237 1017 2308 recipere,
1048 2234 1600 2302 revocationemque
1632 2236 1690 2284 et
1727 2228 1974 2284 menda-

323 2330 479 2384 cium
514 2344 634 2383 non
664 2327 850 2399 magis
899 2325 1140 2397 culpare
1170 2338 1351 2393 quam
1383 2321 1430 2375 si
1491 2321 1687 2391 ipsum
1722 2316 1973 2389 professi

319 2415 892 2473 fuissent.Similiter
915 2420 1112 2470 tamen
1154 2411 1420 2466 seniores
1449 2415 1506 2464 et
1527 2407 1864 2464 sacerdotes
1890 2422 1976 2460 re-

322 2508 522 2578 liquos
554 2510 850 2560 nostrates
881 2507 1249 2560 aversantur.
1286 2502 1434 2555 Suos
1475 2495 1975 2570 peregrinationis

323 2598 463 2651 70!
506 2612 627 2650 sua:
659 2593 851 2649 socios
883 2597 1092 2647 vocant
1132 2595 1190 2645 et
1228 2588 1530 2656 notarios;
1583 2587 1763 2657 hique
1794 2602 1830 2641 a
1859 2602 1976 2640 caa-

324 2687 467 2740 teris
498 2684 665 2740 nulla
694 2700 938 2755 prorsus
971 2699 1056 2751 re,
1108 2696 1227 2735 non
1260 2678 1487 2742 habitu,
1531 2692 1650 2731 non
1672 2676 1858 2730 victus
1881 2691 1973 2728 ra-

326 2776 507 2841 tione,
540 2790 658 2828 non
690 2772 923 2843 reliquo
955 2771 1087 2824 vitm
1116 2773 1404 2841 apparatu
1434 2766 1738 2821 differunt.
1762 2762 1976 2819 Omnia

318 2862 614 2935 Evangelii
650 2866 709 2915 et
736 2860 1002 2931 Apostoli
1034 2859 1193 2914 dicta
1222 2857 1444 2913 habent
1472 2870 1748 2927 perversa
1778 2858 1835 2906 et
1865 2869 1974 2907 no-

319 2953 457 3008 stris
509 2949 819 3007 sententiis
874 2948 1193 3014 contraria,
1246 2947 1319 3002 ab
1358 2946 1500 3017 ipsis
1534 2946 1615 3000 ita
1645 2943 1974 3016 composita

314 3048 375 3098 et
431 3042 532 3112 qui
580 3040 702 3095 suis
761 3056 831 3095 ea
880 3038 1180 3094 erroribus
1229 3034 1768 3092 accommodarent.
1824 3033 1971 3087 Nam

317 3132 616 3207 quomodo
650 3148 720 3187 ea
743 3132 963 3203 scripta
1016 3135 1156 3186 sunt
1200 3134 1378 3200 atque
1423 3131 1658 3196 sonant,
1693 3126 1775 3180 ita
1814 3122 1971 3195 apud

315 3225 475 3295 ipsos
526 3222 840 3289 habentur,
891 3220 1043 3275 nihil
1091 3234 1334 3291 prorsus
1364 3234 1399 3272 a
1428 3217 1648 3271 nostris
1699 3213 1965 3269 deﬂexa:
1996 3258 2045 3332 α

360 3331 367 3332 ,
402 3313 417 3332 ι
463 3312 780 3332 ,_-,.-__.:__
825 3313 1166 3332 _-_---_1___n.
1216 3310 1363 3332 _;....4
1399 3305 1531 3332 λιιι-,ζ
1569 3304 1803 3332 ...ιηεηι-ι.
1829 3308 1963 3332 ηαδ...

317 3313 421 3369 sed
454 3312 781 3368 sententias
824 3313 1188 3382 pervertunt,
1215 3310 1368 3363 sicut
1397 3305 1532 3361 alibi
1566 3304 1804 3376 copiose
1828 3308 1970 3357 esta

314 3422 408 3460 me
446 3405 517 3460 de
554 3409 677 3459 tota
710 3404 819 3458 hac
850 3418 913 3457 re
965 3401 1214 3456 dictum.
1263 3401 1543 3454 Nostrum
1591 3393 1973 3467 Evangelium

318 3493 574 3547 adorant
601 3490 701 3545 ubi
734 3489 967 3545 occasio
997 3489 1151 3556 tulit,
1200 3486 1470 3541 dicentes
1531 3499 1653 3540 non
1704 3482 1767 3536 in
1797 3496 1973 3537 cruce

317 3596 448 3636 esse
479 3578 697 3633 Christi
729 3576 1037 3644 verba,sed
1069 3576 1130 3629 in
1164 3574 1337 3639 tibro,
1371 3572 1622 3643 ideoque
1652 3570 1814 3625 hunc
1848 3586 1882 3624 a
1910 3584 1971 3624 se

319 3665 575 3722 adorari.
610 3665 861 3731 Quidam
893 3682 965 3719 ex
997 3664 1143 3733 ipsis
1172 3679 1306 3717 cum
1340 3660 1569 3716 morbis
1597 3657 1973 3714 doloribusve

318 3760 694 3827 premuntur,
740 3769 975 3809 crucem
1026 3752 1138 3806 sibi
1194 3752 1541 3821 imponunt;
1582 3747 1973 3817 eamdemque

316 3848 557 3915 recepta
589 3843 841 3898 sanitate
873 3838 1339 3912 confringunt,in
1373 3838 1567 3910 ignem
1599 3836 1975 3908 abjiciuntac

319 3937 608 4001 cremant,
646 3937 749 3987 aut
780 3933 955 3986 etiam
988 3929 1357 3985 conculcant.
1391 3927 1539 3982 Sunt
1570 3926 1725 3981 inter
1741 3942 1841 3981 eos
1871 3924 1972 3996 qui

324 4022 584 4078 infantes
638 4039 777 4076 suos
826 4037 861 4075 a
900 4019 1121 4075 nostris
1169 4016 1532 4091 presbyteris
1563 4014 1843 4088 baptizari
1877 4031 1975 4070 cu-

325 4120 478 4169 rent.
527 4112 640 4168 Alii
692 4113 755 4167 in
807 4117 1074 4167 nostram
1142 4108 1605 4165 orthodoxorum
1650 4106 1974 4162 Ecclesiam

319 4220 454 4260 cum
488 4203 751 4269 veniunt,
787 4200 1016 4257 occulte
1048 4198 1513 4262 communicant.
1545 4203 1611 4252 ut
1641 4213 1710 4251 eo
1741 4196 1976 4252 facilius

320 4290 787 4363 simplicioribus
819 4290 1149 4361 imponant.
1186 4286 1535 4359 Hujusmodi
1567 4285 1794 4341 artibus
1820 4301 1888 4340 ac
1906 4284 1979 4339 si-

318 4380 744 4436 mulationibus
774 4379 812 4432 ii
836 4377 1337 4445 utentes,interim
1354 4376 1580 4445 absque
1611 4375 1736 4430 ullo
1775 4374 1981 4430 discri-

326 4470 490 4526 mine
520 4474 579 4525 et
601 4474 763 4523 metu
791 4467 988 4522 omnis
1008 4465 1244 4539 generis
1268 4463 1500 4519 libidini
1529 4468 1586 4517 et
1604 4462 1977 4519 obscaenitati

2080 1964 2182 2030 τὴν
2215 1962 2421 2017 οἰκείαν
2462 1960 2735 2037 σωτηρίαν
2768 1960 3186 2036 ποριζομένους,
3220 1959 3295 2022 ὡς
3348 1961 3425 2031 μή
3478 1958 3748 2033 ἀρνόυμέ-

2080 2073 2199 2125 νου,
2268 2052 2402 2124 μετὰ
2458 2055 2633 2126 χαρᾶς
2693 2048 2931 2128 δέχομαι
2990 2050 3079 2104 καὶ
3138 2050 3241 2118 τήν
3309 2046 3607 2119 ἀνάκλησιν
3645 2047 3739 2103 καὶ

2080 2142 2144 2196 τὸ
2174 2138 2371 2215 ψεῦδος
2401 2140 2477 2203 ὡς
2536 2142 2636 2211 τὴν
2692 2140 2831 2215 πρὸς
2888 2138 2987 2211 ἐμὲ
3052 2136 3358 2213 ὁμολογίαν
3415 2137 3738 2203 ἀνευθύνως.

2081 2229 2323 2304 Ὁμοίως
2355 2229 2542 2306 μέντοι
2599 2230 2689 2286 καὶ
2744 2229 2873 2291 τοὺς
2914 2225 3316 2305 πρεσϐυτέρους
3363 2230 3455 2283 καὶ
3511 2227 3743 2291 λοιποὺς

2082 2322 2248 2395 ἱερεῖς
2279 2327 2388 2376 τῶν
2419 2323 2546 2396 παρ’
2576 2324 2713 2395 ἡμῖν
2765 2316 3200 2377 ἀποϐάλλονται.
3260 2321 3491 2378 Ἐκεῖνοι
3544 2316 3602 2375 δὲ
3651 2320 3741 2375 καὶ

2081 2409 2211 2475 τοὺς
2259 2412 2425 2487 ἱερεῖς
2464 2409 2659 2473 αὐτοὺς
2718 2407 3096 2483 συνεκδήμους
3155 2409 3377 2487 λέγουσι
3437 2409 3527 2464 καὶ
3585 2430 3745 2465 νοτα-

2085 2501 2258 2576 ρίους,
2344 2497 2675 2578 ἀδιαφόρους
2762 2503 2925 2555 πᾶσιν
3008 2500 3199 2561 αὐτοῖς
3255 2494 3413 2562 ὄντας
3480 2498 3571 2554 καὶ
3626 2502 3751 2562 τοῖς

2084 2591 2336 2667 σχήμασι
2365 2589 2456 2644 καὶ
2484 2594 2605 2652 ταῖς
2634 2586 2867 2653 διαίταις
2893 2588 2985 2643 καὶ
3016 2590 3163 2664 πάσῃ
3212 2592 3283 2662 τῇ
3335 2590 3422 2663 [Ρ.
3476 2589 3603 2661 435]
3645 2592 3746 2643 τοῦ

2085 2677 2442 2753 λοιποῦβίου
2501 2681 2829 2751 κατασκευῇ.
2887 2680 3124 2753 Ἔχουσι
3175 2675 3233 2733 δὲ
3290 2677 3465 2733 πάντα
3518 2678 3587 2732 τὰ
3642 2680 3745 2732 τοῦ

2081 2765 2422 2844 Εὖαγγελίου
2477 2767 2569 2823 καὶ
2619 2771 2717 2822 τοῦ
2776 2765 3117 2824 ’Λποστόλου
3205 2766 3347 2841 ῥητὰ
3418 2764 3744 2845 διάστροφα,

2080 2857 2219 2932 πρὸς
2276 2856 2345 2912 τὰ
2394 2857 2522 2932 παρ’
2574 2858 2711 2929 ἡμῖν
2778 2853 2910 2911 ὄντα
2965 2854 3201 2923 ἐναντία,
3258 2856 3384 2930 παρ’
3445 2854 3623 2911 αὐτῶν
3683 2852 3742 2910 δὲ

2083 2945 2394 3002 συντεθέντα
2450 2947 2524 3009 ὡς
2584 2943 2746 3015 δῆθεν
2807 2947 3114 3019 ἁρμόζοντα
3169 2950 3289 3008 ταῖς
3350 2944 3575 3007 οἰκείαις
3639 2944 3743 2999 αὖ-

2080 3042 2191 3094 τῶν
2221 3038 2510 3114 αἱρέσεσιν.
2567 3038 2655 3100 Ὠς
2707 3036 2808 3112 γὰρ
2853 3034 3066 3110 εἴρηται
3238 3040 3424 3116 Γραφῇ
3477 3036 3569 3091 καὶ
3618 3041 3743 3099 τοῖς

2082 3125 2292 3201 λόγοις,
2328 3127 2501 3190 οὔτως
2544 3126 2676 3181 εἰσὶν
2711 3125 2788 3188 ὣς
2816 3125 2906 3181 καὶ
2945 3125 3011 3181 τὰ
3040 3127 3166 3203 παρ’
3223 3128 3361 3198 ἡμῖν
3413 3123 3738 3201 ἀπαράλλα-

2080 3237 2201 3289 κτα,
2267 3217 2336 3270 τὰ
2387 3213 2445 3271 δὶ
2508 3217 2760 3289 νοήματα
2827 3212 3205 3295 διαστρέφουσι
3276 3216 3457 3280 καθὼς
3517 3213 3569 3271 έν
3624 3220 3746 3276 τοῖς

2083 3303 2173 3361 διὰ
2202 3303 2409 3369 πλάτος
2435 3307 2551 3377 (79)
2586 3325 2680 3378 μοι
2740 3302 2993 3359 λέλεκται
3044 3304 3171 3379 περὶ
3221 3303 3431 3359 τούτων
3483 3303 3743 3381 σαφέστε-

2076 3412 2186 3468 ρον.
2252 3396 2625 3467 Προσκυνοῦσι
2683 3388 2741 3446 δὲ
2792 3391 2856 3447 τὸ
2937 3393 3064 3467 παρ’
3146 3394 3285 3465 ⁴ἡμῖν
3372 3391 3739 3468 Εὗαγγέλιον,

2074 3482 2170 3537 ’ὸτε
2195 3480 2361 3556 τύχῃ,
2394 3479 2495 3535 οὐκ
2533 3478 2585 3534 έν
2630 3484 2712 3552 τῷ
2763 3485 2999 3555 σταυρῷ,
3059 3478 3188 3536 ἀλλ’
3255 3479 3308 3536 έν
3362 3484 3444 3553 τῷ
3506 3476 3744 3556 βιϐλίῳ,

2083 3570 2360 3645 λέγοντες,
2401 3568 2484 3625 ὅτι
2519 3568 2684 3643 Λόγοι
2708 3570 2805 3625 τοῦ
2857 3573 3093 3644 Χριστοῦ
3147 3570 3250 3625 είσι
3307 3570 3399 3625 καὶ
3448 3566 3539 3625 διὰ
3578 3574 3743 3625 τοῦτο

2076 3658 2263 3721 αὐτοῖς
2318 3657 2748 3733 προσκυνοῦμεν.
2839 3659 2928 3715 ’Ev
3011 3658 3261 3729 ἀσθενείᾳ
3329 3655 3387 3714 δὲ
3436 3659 3528 3713 καὶ
3584 3658 3744 3731 πόνῳ

2074 3749 2216 3811 τινες
2249 3747 2299 3818 ἐξ
2331 3746 2509 3803 αὐτῶν
2557 3746 2649 3803 ὅτε
2714 3747 3073 3821 περιπέσωσι,
3128 3746 3220 3802 τὸν
3272 3748 3497 3822 σταυρὸν
3564 3746 3746 3803 ἐπιτι-

2076 3839 2251 3894 θέασιν
2321 3838 2556 3899 ἑαυτοῖςα
2632 3836 2723 3891 καὶ
2819 3836 3023 3911 ὑγιείας
3114 3836 3476 3915 τυγχάνοντες
3570 3835 3742 3892 πάλιν

2076 3926 2239 3983 αὐτὸν
2272 3930 2555 4002 συγκλῶσι
2585 3925 2677 3981 καὶ
2718 3926 2792 3986 εἰς
2844 3929 2951 4000 πῦρ
3013 3923 3281 3999 βάλλουσι
3344 3924 3433 3979 καὶ
3490 3926 3739 3981 καίουσιν

2076 4016 2111 4087 ἢ
2143 4020 2547 4073 καταπατοῦσιν
2585 4015 2769 4071 αὐτόν·
2834 4015 2985 4078 Τινὲς
3047 4012 3104 4069 δέ
3160 4013 3211 4085 έξ
3268 4015 3448 4071 αὐτῶν
3500 4016 3567 4070 τὰ
3620 4036 3746 4070 παι-

2079 4104 2168 4159 δία
2225 4106 2430 4161 ἑαυτῶν
2496 4102 2851 4177 βαπτίζουσιν
2912 4103 3016 4158 ὑπὸ
3079 4107 3192 4157 τῶν
3279 4102 3559 4177 ἡμετέρων
3615 4122 3743 4177 πρε-

2080 4187 2372 4269 σϐυτέρων.
2435 4197 2652 4268 ’Έτεροι
2712 4188 2771 4246 δὶ
2823 4190 3201 4267 εἰσερχόμενοι
3265 4190 3318 4247 έν
3377 4194 3445 4266 τῇ
3496 4191 3744 4266 ⁴ἡμετέρᾳ

2081 4280 2351 4353 ἐκκλησίᾳ
2435 4285 2544 4337 τῶν
2633 4277 2937 4356 ὀρθοδόξων
3014 4278 3329 4350 λεκηθότως
3391 4276 3749 4353 μεταλαμϐά-

2080 4392 2233 4426 νουσι
2265 4373 2379 4445 (80)
2407 4369 2544 4446 πρὸς
2603 4369 2835 4424 πλείονα
2894 4367 3219 4441 έξαπάτησιν
3272 4372 3381 4423 τῶν
3436 4366 3744 4424 ἀπλουστέ-

2083 4484 2210 4542 ρων.
2269 4465 2400 4523 Ταῖς
2475 4459 2753 4523 τοιαύταις
2832 4455 3136 4531 μεθοδείαις
3220 4457 3311 4513 καὶ
3419 4458 3746 4527 ὑποκρίσισι

320 4565 551 4624 vacant,
581 4557 917 4628 promiscue
968 4562 1288 4625 utrumque
1334 4568 1544 4609 sexum
1601 4551 1839 4608 lascivia
1873 4569 1973 4610 sua

2087 4552 2398 4629 χρώμενοι,
2458 4550 2602 4624 πάσῃ
2686 4546 2960 4605 ἀκολασία
3039 4548 3130 4602 καὶ
3192 4552 3422 4621 μιασμῷ
3488 4548 3741 4622 έκατέρας

318 4645 631 4712 fmdantes,
663 4642 900 4715 quando
921 4641 1197 4697 nonnulli
1229 4640 1300 4695 de
1331 4656 1536 4695 eorum
1568 4656 1814 4710 corpore
1847 4646 1974 4696 tan-

323 4740 448 4789 tum
480 4731 848 4804 parentibus,
884 4736 941 4785 et
965 4729 1204 4802 quidem
1237 4727 1514 4800 propriis,
1551 4726 1973 4786 abstinendum

328 4822 664 4896 perhibent.
1497 4817 1501 4821 ’

395 4915 568 4967 Anno
622 4915 686 4965 16
736 4911 1058 4981 imperator
1105 4910 1165 4964 in
1215 4907 1479 4963 Slavinos
1537 4907 1973 4978 expeditionem

321 5002 481 5069 fecit,
520 5001 844 5085 multisque
875 4998 1064 5071 captis
1092 5003 1149 5052 et
1178 4995 1428 5067 imperio
1460 5012 1565 5051 suo
1589 4994 1850 5053 subactis
1870 4998 1975 5054 do-

395 5101 443 5138 ²⁰
470 5104 639 5158 Joan.
672 5118 744 5173 ιν,
776 5103 861 5156 10.
938 5100 980 5135 ³⁸
1015 5097 1218 5153 Matth.
1252 5113 1305 5164 κ,
1337 5096 1427 5153 33.

2088 4641 2388 4716 ἀνθρώπων
2448 4639 2659 4718 φύσεως
2718 4634 3031 4715 ἀδιαφόρως
3086 4635 3175 4691 καὶ
3234 4634 3406 4699 ἀδεῶς
3472 4641 3740 4713 χρῶνται.

2088 4731 2240 4793 Τινὲς
2272 4728 2329 4785 δὲ
2367 4727 2420 4800 ἐξ
2443 4728 2618 4784 αὐτῶν
2660 4729 2798 4802 πρὸς
2845 4725 2975 4790 τοὺς
3026 4731 3202 4803 γονεῖς
3248 4726 3340 4781 καὶ
3398 4726 3561 4800 μόνον
3617 4727 3744 4782 έαυ-

2081 4826 2189 4877 τῶν
2224 4817 2567 4897 διαφέρεσθαι
2602 4817 2842 4893 λέγουσι.

2153 4913 2242 4982 Τῷ
2274 4915 2340 4973 ις’
2370 4906 2475 4964 ἔτει
2532 4906 2944 4983 ἐπεστράτευσεν
2990 4905 3019 4959 6
3068 4902 3325 4979 βασιλεὺς
3375 4904 3513 4959 κατὰ
3559 4901 3745 4959 Σκλα-

2086 4993 2250 5053 ὗίνων
2284 4999 2418 5072 (81),
2450 4997 2541 5052 καὶ
2602 4992 2858 5056 πολλοὺς
2915 4991 3338 5073 αἰχμαλωτίσας
3395 4991 3743 5068 ὑπέστρεψεν.

1516 5223 1880 5282 XYLANDRI
1926 5227 2013 5281 ET
2053 5226 2270 5284 GOAPJ
2313 5227 2535 5283 NOTAE.

395 5347 505 5415 (79)
546 5345 732 5402 Credo
764 5361 901 5401 eum
939 5345 1191 5397 innuere
1215 5339 1433 5415 librum
1466 5340 1728 5415 aliquem
1750 5342 1975 5397 theolo-

324 5411 512 5487 gicum
544 5434 579 5472 a
618 5435 679 5472 se
711 5416 1145 5487 conscriptum;
1177 5413 1281 5487 qui
1310 5411 1580 5487 fortassis
1612 5429 1732 5487 non
1757 5430 1977 5487 magna

320 5481 458 5560 cum
491 5506 688 5560 rerum
711 5481 1486 5560 jactura-intercidit.Quid
1526 5484 1574 5539 si
1606 5483 1721 5540 fuit
1761 5481 1975 5560 δογμα-

324 5558 450 5640 τι,κὴ
482 5546 778 5640 ampulla,
812 5565 1116 5640 armatura
1144 5556 1332 5629 (puto)
1357 5546 1574 5640 contra
1599 5574 1822 5640 pravas
1842 5546 1972 5640 ὀρί-

325 5629 537 5686 niones
570 5630 641 5684 de
672 5631 849 5685 rebus
879 5629 1084 5697 sacris,
1119 5628 1250 5699 quas
1282 5644 1481 5700 supra,
1512 5628 1619 5684 ubi
1653 5629 1725 5684 de
1774 5628 1975 5685 Matio-

328 5701 471 5757 meti
502 5700 730 5757 deliriis
755 5701 1047 5769 narrat,in
1069 5700 1334 5773 margine
1360 5700 1685 5774 citatur,ita
1705 5702 1972 5774 quidem.

2087 5349 2154 5400 ut
2184 5344 2355 5415 plura
2383 5344 2458 5398 iis
2487 5360 2620 5416 quea
2651 5342 2732 5398 ibi
2772 5340 3111 5396 referantur
3161 5340 3224 5395 in
3275 5340 3377 5396 illa
3425 5342 3506 5397 sis
3538 5343 3750 5401 inven-

2088 5420 2278 5472 turus.
2312 5415 2447 5471 XYL.

2157 5487 2269 5557 (80)
2300 5486 2605 5543 Accedunt
2633 5486 2708 5541 ad
2738 5501 3008 5557 mensam
3040 5482 3423 5541 dominicam.
3457 5487 3596 5541 ΧΠ..

2157 5559 2269 5631 (81)
2301 5559 2488 5631 Supra
2517 5559 2576 5631 in
2607 5556 2932 5631 Justiniani
2955 5572 3113 5631 anno
3141 5559 3201 5611 31
3256 5557 3542 5614 Sthlavini
3593 5560 3743 5615 scri-

2085 5627 2328 5702 buntur,
2359 5627 2417 5688 et
2445 5629 2662 5686 deinde
2688 5627 3027 5701 aliquoties.
3059 5627 3198 5683 XYL.
