4120 6428
399 396 519 462 833

1546 402 2084 469 HISTORIARUM
2131 408 2684 478 COMPENDIUM.

3697 417 3819 480 834

387 531 573 597 Οὗτος
604 535 634 590 6
667 530 929 622 Κώνστας
961 533 1038 608 μὴ
1072 529 1325 607 δυνηθεὶς
1350 536 1443 591 τὸν
1477 536 1633 612 ἅγιον
1675 537 1927 613 Μάξιμον
1977 538 2035 594 εἰε

2172 562 2336 603 mum
2366 548 2561 604 rediit.
2590 549 2753 606 Idem
2798 550 3088 606 Constans
3119 555 3322 607 sancto
3371 553 3642 622 Maximo,
3677 570 3813 610 cum

394 624 497 695 τήν
528 624 724 679 ἑαυτοῦ
772 620 1095 695 κακοδοξίαν
1138 632 1501 703 μετενεγκεῖν,
1539 629 1642 698 τήν
1691 648 1752 683 τε
1799 628 2053 704 γλῶσσαν

392 713 484 768 καί
513 713 615 782 τήν
648 717 812 791 χεῖρα
840 712 1006 767 αὐτοῦ
1035 712 1296 787 ἀπέκοψε.
1356 714 1454 770 Καὶ
1504 715 1599 772 τὸν
1654 716 1804 794 ἅγιον
1846 718 2061 791 Μαρτῖ-

392 823 482 858 νον
512 801 695 857 πάπαν
727 801 954 874 Ῥὡμης
988 801 1211 876 ἐξώρισε
1242 801 1333 859 διὰ
1369 804 1434 860 τὸ
1465 803 1791 883 ἐλέγχεσθαι
1844 806 1934 861 ὑπ’
1962 806 2058 861 αύ-

393 894 503 948 τῶν
534 891 597 946 τὸ
634 891 1006 964 μονοθέλητον
1039 892 1210 947 αὐτοῦ
1241 889 1441 969 δόγμα.

466 1074 557 1143 Τῷ
591 1072 656 1141 ιζ’
704 1064 808 1126 ἔτει
857 1064 1075 1134 Μαϐίας
1116 1073 1146 1127 6
1176 1076 1281 1127 τῶν
1325 1069 1574 1149 Ἀράϐων
1620 1075 1866 1151 ἀρχηγὸς
1916 1075 2051 1149 μετὰ

390 1165 562 1217 ταῦτα
592 1154 883 1235 ἐπρέσϐευε
939 1161 1064 1235 περῖ
1122 1161 1348 1237 εἰρήνης
1401 1164 1538 1237 πρὸς
1587 1164 1914 1219 Κώνσταντα
1962 1161 2053 1220 διὰ

397 1247 497 1317 τὴν
531 1246 609 1310 εἰς
641 1246 801 1303 αὐτὸν
833 1248 1138 1322 γενομένην
1172 1249 1278 1304 ύπὸ
1314 1253 1422 1305 τῶν
1455 1246 1703 1326 Ἀράϐων
1742 1249 2050 1327 ἀνταρσίαν,

396 1337 487 1392 καὶ
518 1334 602 1392 ἵνα
630 1334 863 1392 τελῶσιν
897 1336 1030 1411 ὑπὲρ
1062 1344 1163 1407 τῆς
1193 1338 1458 1410 τοιαύτης
1484 1339 1709 1414 εἰρήνης
1743 1346 1861 1403 τοῖς
1914 1344 2051 1399 Ῥω-

402 1424 584 1499 μαίοις
616 1426 668 1479 οἰ
696 1419 935 1500 Ἄραϐες
964 1427 1085 1490 καθ’
1124 1426 1334 1503 ἡμέραν
1377 1426 1693 1503 νομίσματα
1740 1428 1905 1508 χίλια
1955 1430 2045 1486 καὶ

390 1512 570 1570 ’ίππον
599 1513 690 1569 καὶ
722 1511 939 1572 δοῦλον.
970 1516 1031 1572 '0
1061 1512 1118 1570 δὲ
1148 1514 1246 1571 οὐκ
1275 1516 1516 1588 ἐπείσθη.

460 1606 560 1676 Τῷ
594 1604 664 1675 ιη’
693 1601 800 1658 ἔτει
839 1603 1022 1660 ἀνεῖλε
1072 1604 1329 1668 Κώνστας
1378 1606 1408 1660 6
1449 1607 1706 1681 βασιλεὺς
1757 1604 2045 1663 Θεοδόσιον

391 1692 484 1748 τὸν
526 1689 671 1748 ἴδιον
724 1691 981 1772 ἀδελφόν·
1039 1691 1536 1768 σκανδαλιζόμενος
1592 1697 1696 1772 γὰρ
1757 1696 1834 1760 εἰς
1882 1696 2045 1753 αὐτὸν

387 1778 561 1858 ἔκειρε
585 1781 848 1857 πρότερον
893 1782 1057 1839 αὐτὸν
1114 1780 1203 1838 διὰ
1255 1782 1473 1839 Παύλου
1529 1787 1878 1862 πατριάρχου
1933 1784 2046 1841 διά-

383 1890 568 1941 κονον,
600 1870 662 1933 ὅς
704 1871 796 1926 καὶ
859 1868 1132 1945 μετέδωκε
1184 1876 1265 1945 τῷ
1326 1871 1545 1950 βασιλεῖ
1584 1876 1693 1929 τῶν
1748 1872 2038 1951 ἀχράντων

385 1959 699 2036 μυστηρίων
731 1959 784 2015 έν
816 1961 959 2039 ἁγίῳ
989 1962 1263 2038 ποτηρίῳ.
1294 1966 1392 2024 "Oc
1453 1962 1588 2037 μετὰ
1634 1963 1734 2033 τὴν
1774 1962 2032 2031 τελευτὴν

379 2048 547 2105 αὐτοῦ
588 2052 709 2106 καθ’
739 2049 939 2114 ὕπνους
994 2056 1211 2127 συχνῶς
1269 2051 1517 2129 ἐφαίνετο
1573 2053 1739 2124 αὐτῷ,
1784 2048 2036 2107 διακόνου

380 2143 565 2217 φορῶν
592 2137 820 2208 στολὴν,
854 2140 946 2195 καὶ
978 2137 1256 2204 ἐπιδιδοὺς
1296 2143 1564 2218 ποτήριον
1590 2141 1826 2215 αἳματος
1856 2135 2032 2217 ἔλεγε·

378 2227 499 2298 Πίε,
526 2228 573 2282 ὦ
602 2226 822 2308 ἀδελφέ.
850 2230 1011 2294 ’Ὁθεν
1043 2229 1349 2302 έκκαγήσας
1380 2232 1409 2286 6
1446 2229 1656 2304 ἄθυμος
1698 2234 1865 2287 ταῦτα
1905 2232 2034 2307 ὁρᾷν

384 2315 649 2392 ἐσκέψατο
674 2316 957 2374 κατελθεῖν
989 2317 1043 2374 έν
1076 2317 1324 2390 Σικελίᾳ.
1358 2318 1685 2376 Καταλιπὼν
1741 2318 1835 2375 οὖν
1880 2318 1934 2375 ἐν
1964 2325 2033 2396 τῇ

382 2404 544 2462 πόλει
573 2408 675 2478 τήν
701 2428 760 2462 τε
788 2413 1017 2485 γυναῖκα
1041 2409 1131 2465 καί
1161 2409 1289 2474 τοὺς
1316 2415 1463 2485 τρεῖς
1503 2410 1679 2479 υἱοὺς,
1709 2409 1800 2464 καὶ
1854 2407 2033 2466 εἰσελ-

378 2494 487 2558 θὼν
520 2494 597 2559 εἰς
623 2492 714 2551 ἕνα
741 2501 854 2552 τῶν
894 2494 1202 2572 δρομώνων
1262 2498 1353 2553 καὶ
1399 2499 1722 2575 ἀναχωρῶν,
1777 2499 2031 2575 στραφεὶς

377 2586 628 2643 ένέπτυσε
656 2590 726 2660 τῇ
761 2585 1127 2663 βασιλευούσῃ
1181 2587 1368 2661 πόλει,
1415 2588 1506 2643 καὶ
1555 2587 1728 2650 οὕτως
1773 2587 2030 2648 ἀπέπλει.

379 2673 534 2734 Ἀλλ’
567 2672 695 2731 οὐδὲ
725 2678 813 2750 [Ρ.
847 2679 977 2750 436]
1009 2676 1064 2733 έν
1099 2674 1329 2749 Σικελίᾳ
1376 2672 1708 2752 διατρίϐοντι
1753 2676 1968 2747 ἀπέπτη
2002 2678 2031 2731 6

378 2764 585 2839 ὄνειρος
614 2765 707 2820 ἀπ’
739 2766 929 2824 αὐτοῦ.
982 2760 1324 2823 Καταλαϐὼν
1364 2764 1421 2821 δὲ
1471 2764 1818 2840 Συράκουσαν
1866 2766 2030 2822 πόλιν

374 2861 477 2925 τῆς
508 2853 764 2917 Σικελίας
796 2851 1059 2931 διέτριϐεν
1100 2856 1154 2911 ἐν
1180 2855 1341 2931 αὐτῇ,
1377 2855 1720 2930 βουλόμενος
1749 2853 1803 2911 ἐν
1835 2856 2027 2932 Ῥώμῃ

374 2946 478 3015 τήν
513 2943 792 3021 βασιλείαν
842 2953 1176 3021 μεταστῆσαι
1234 2944 1324 3001 διὰ
1377 2948 1443 3001 τὸ
1503 2952 1807 3020 μισηθῆναι
1862 2945 2026 3001 αὐτόν

378 3032 482 3087 ὑπὸ
511 3038 620 3088 τῶν
650 3034 956 3104 Βυζαντίων
989 3035 1066 3099 ὡς
1122 3035 1510 3106 Μονοθελήτην
1560 3035 1650 3090 καὶ
1710 3032 2026 3108 κακόδοξον.

377 3120 584 3196 Πέμπει
616 3120 709 3178 οὖν
732 3124 958 3202 ἀγαγεῖν
988 3126 1093 3195 τῆν
1140 3129 1367 3199 γυναῖκα
1415 3123 1508 3178 καὶ
1552 3123 1681 3188 τοὺς
1734 3123 1884 3186 υἱοὺς
1928 3123 2028 3180 αύ-

374 3215 490 3265 τοῦο
520 3212 573 3266 οἱ
603 3208 661 3266 δὲ
692 3214 972 3282 Βυζάντιοι
1004 3235 1109 3269 ουκ
1147 3212 1419 3270 ἀπέλυσαν
1446 3213 1665 3277 αύτούς.

439 3401 533 3472 Τῷ
558 3401 638 3465 κς“
666 3395 770 3457 ἔτει
801 3401 1039 3459 ἀπέλυσε
1078 3399 1304 3468 Μαϐίας
1332 3405 1425 3459 τὸν
1483 3404 1600 3458 υἱὸν
1647 3404 1818 3459 αὐτοῦ
1865 3401 2029 3473 Ἐζὴδ

382 3492 519 3565 μετὰ
548 3487 811 3569 Βαρϐάρω
852 3493 1082 3549 πολλῶν
1130 3494 1267 3550 κατὰ
1321 3494 1633 3568 Ῥωμαίων·
1691 3495 1781 3550 καὶ
1836 3493 2031 3559 ἐλθόν-

371 3602 462 3645 τες
491 3582 571 3643 εῗς
603 3582 942 3655 Χαλκηδόνα
970 3583 1416 3661 ᾐχμαλώτευσαν
1445 3583 1720 3647 πολλούς.
1782 3582 2030 3661 ΙΙαρέλα-

373 3666 469 3725 ϐον
499 3669 557 3726 δὲ
585 3672 676 3727 καὶ
712 3674 776 3728 τὸ
803 3674 863 3729 Ἀ
876 3674 1084 3749 μώριον
1114 3681 1215 3744 τῆς
1256 3674 1524 3750 Φρυγίας,
1556 3675 1646 3729 καὶ
1705 3674 1925 3752 ἀφέντες
1956 3674 2031 3736 εἰς

2159 652 2294 691 eum
2325 637 2399 692 ad
2430 655 2622 709 pravas
2654 640 2967 695 sententias
2998 640 3344 696 societatem
3368 642 3690 713 perducere
3714 660 3815 698 ne-

2155 725 2372 793 quiret,
2431 726 2699 799 linguam
2760 728 2909 784 762
2968 734 3027 783 et
3082 744 3325 784 manum
3383 729 3676 797 abscidit;
3746 747 3814 785 ac

2154 818 2424 869 sanctum
2477 816 2790 871 Martinum
2842 819 3041 873 Romae
3090 818 3436 889 episcopum
3506 818 3810 891 relegavit.

2154 901 2342 958 Causa
2372 903 2795 977 indignationis
2835 906 2898 961 in
2944 911 3264 978 utrumque
3312 905 3424 962 fuit
3479 906 3814 978 improbata

2155 992 2705 1062 Monotheletarum,
2739 996 2831 1050 cui
2861 996 2986 1068 ipse
3018 995 3267 1065 favebat,
3296 996 3612 1051 sententia.

2225 1083 2395 1137 Anno
2429 1087 2494 1137 17
2544 1084 2781 1154 Mabias,
2814 1085 3076 1140 Arabum
3125 1086 3400 1157 princeps
3434 1101 3676 1141 suorum
3710 1102 3806 1141 se-

2154 1169 2378 1227 ditione
2408 1174 2774 1245 compulsus,
2807 1174 2880 1229 de
2911 1191 3054 1246 pace
3104 1174 3365 1231 ineunda
3392 1174 3466 1229 ad
3514 1176 3803 1229 Constan-

2151 1263 2270 1314 tem
2321 1260 2503 1329 misit,
2555 1263 2686 1334 ejus
2733 1263 2894 1334 pacis
2940 1264 3180 1317 nomine
3232 1264 3295 1318 in
3343 1263 3610 1335 singulos
3676 1262 3805 1318 dies

2149 1347 2222 1402 ab
2253 1349 2543 1406 Arabibus
2576 1351 2742 1407 mille
2783 1367 3064 1407 nummos
3089 1352 3419 1423 depensum
3448 1352 3521 1405 iri
3555 1352 3804 1423 promit-

2149 1440 2303 1506 tens,
2333 1442 2392 1492 et
2428 1455 2647 1509 equum
2695 1457 2950 1496 servum.
3017 1441 3225 1495 Verum
3255 1439 3314 1493 id
3344 1440 3631 1495 Constans
3680 1456 3803 1495 non

2153 1525 2419 1582 admisit.

2218 1619 2389 1672 Anno
2447 1619 2514 1673 18
2561 1617 2853 1674 Constans
2908 1635 3259 1691 germanum
3318 1634 3493 1674 suum
3558 1617 3803 1673 fratrem

2146 1705 2539 1762 Theodosium
2572 1706 2891 1773 interfecit,
2926 1725 3060 1763 cum
3095 1707 3335 1778 quidem
3369 1712 3504 1762 ante
3538 1707 3802 1762 offensus

2146 1792 2219 1850 ab
2250 1810 2319 1849 eo
2351 1811 2532 1866 opera
2561 1797 2727 1852 Pauli
2746 1796 3099 1868 patriarchae
3133 1801 3373 1851 tonsum
3408 1795 3643 1851 diaconi
3677 1813 3804 1851 mu-

2147 1900 2289 1938 nere
2365 1885 2682 1951 aﬁ'ecisset,
2731 1886 2804 1941 ab
2868 1901 3057 1957 eoque
3131 1885 3258 1957 ipse
3318 1891 3521 1940 sancto
3589 1884 3804 1957 poculo

2147 1974 2540 2030 sacrosanctis
2571 1975 2871 2048 mysteriis
2911 1975 3251 2047 impertitus
3300 1974 3529 2029 fuisset.
3581 1974 3634 2027 Is
3665 1989 3803 2046 ergo

2144 2064 2509 2120 Theodosius
2565 2081 2601 2120 a
2656 2070 2848 2121 morte
2906 2081 3014 2121 sua
3062 2065 3365 2121 Constanti
3431 2065 3640 2121 crebro
3697 2080 3804 2135 per

2146 2154 2410 2225 quietem
2440 2153 2600 2209 visus
2655 2160 2765 2224 est,
2798 2154 3004 2210 habitu
3050 2154 3308 2219 diaconi,
3358 2154 3639 2225 poculum
3670 2169 3802 2208 san-

2144 2243 2322 2314 guine
2347 2243 2591 2315 plenum
2610 2244 2919 2315 porrigens
2935 2249 3116 2314 atque
3138 2242 3378 2311 dicens;
3427 2242 3801 2312 Bibe,frater,

2144 2333 2287 2405 Ejus
2315 2333 2422 2388 visi
2453 2333 2773 2389 acerbitate
2793 2334 2981 2389 victus
3013 2332 3222 2388 infelix
3250 2333 3575 2404 imperator
3596 2332 3805 2388 statuit

2144 2422 2207 2477 in
2233 2421 2495 2479 Siciliam
2516 2422 2701 2478 abire.
2728 2424 2932 2493 Itaque
2949 2422 3011 2478 in
3024 2422 3169 2478 urbe
3188 2421 3535 2493 relinquens
3557 2436 3801 2476 uxorem

2144 2518 2203 2567 et
2232 2517 2351 2567 tres
2382 2510 2539 2566 ﬁlios
2568 2512 2829 2568 celocem
2861 2511 3252 2579 conscendit;
3304 2527 3559 2581 cumque
3600 2509 3801 2564 solvis-

2150 2606 2592 2670 set,conversus
2605 2605 2764 2656 retro
2780 2602 2990 2656 urbem
3009 2600 3244 2673 imperii
3267 2599 3473 2655 cedem
3495 2598 3791 2669 conspuit,

2143 2689 2255 2745 Sed
2286 2707 2361 2746 ne
2393 2690 2455 2745 in
2494 2689 2696 2746 Sicilia
2724 2690 2967 2761 quidem
2997 2690 3363 2745 insomnium
3406 2688 3551 2743 illud
3585 2704 3797 2744 vexare

2140 2780 2523 2834 Constantem
2553 2779 2749 2833 desiit.
2784 2780 3104 2850 Syracusas
3138 2779 3248 2833 sibi
3297 2777 3535 2849 delegit,
3579 2777 3679 2831 ubi
3711 2777 3798 2831 vi-

2138 2873 2261 2922 tam
2292 2874 2508 2941 ageret.
2540 2868 2757 2923 Statuit
2813 2869 3130 2940 imperium
3163 2870 3410 2923 Romam
3442 2866 3789 2931 transferre,

2140 2972 2276 3011 cum
2309 2955 2534 3010 invisus
2589 2956 2880 3026 Byzantiis
2927 2962 3081 3011 esset
3134 2956 3207 3009 ob
3258 2954 3792 3009 Monotheletarum

2140 3048 2395 3102 heresin
2425 3049 2692 3120 aliasque
2746 3040 2954 3120 pravas
2984 3050 3056 3104 de
3101 3048 3388 3119 religione
3442 3047 3791 3102 sententias.

2140 3137 2294 3191 Misit
2351 3152 2487 3209 ergo
2543 3139 2694 3193 768
2753 3138 2854 3208 qui
2911 3153 3157 3193 uxorem
3211 3143 3270 3191 et
3334 3135 3555 3191 liberos
3603 3135 3794 3189 abdu-

2137 3231 2341 3280 cerent
2373 3241 2386 3280 :
2421 3227 2526 3281 sed
2583 3226 2737 3282 hanc
2776 3243 2913 3281 cum
2970 3226 3176 3281 liberis
3209 3226 3467 3297 Byzantii
3528 3223 3795 3279 detinue-

2055 3286 2099 3353 C
2137 3320 2299 3369 runt.

2210 3405 2379 3458 Anno
2409 3406 2477 3459 26
2508 3404 2729 3459 Mabias
2777 3404 2968 3459 ﬁlium
3026 3421 3199 3459 suum
3232 3404 3465 3459 lzedum
3498 3419 3635 3458 cum
3674 3418 3802 3457 ma-

2140 3493 2269 3564 gnis
2301 3493 2621 3548 barbarum
2678 3494 2866 3565 cepiis
2920 3494 3204 3549 adversus
3262 3496 3564 3548 Romanus
3607 3491 3791 3546 misit.

2141 3584 2209 3637 Hi
2241 3600 2376 3639 cum
2407 3584 2708 3639 venissent
2732 3583 3189 3651 Chalcedonem,
3250 3584 3473 3639 multos
3532 3583 3794 3653 captivos

2140 3672 2535 3728 abduxerunt.
2567 3673 2743 3727 Potiti
2767 3673 2946 3728 etiam
2975 3679 3114 3728 sunt
3142 3674 3382 3727 Amorio
3400 3672 3668 3744 Phrygiae
3690 3688 3792 3725 ur-

2139 3761 2213 3817 be
2242 3779 2257 3828 ;
2290 3763 2493 3834 ibique
2522 3778 2626 3833 pro
2657 3763 2934 3834 praesidio
2964 3762 3188 3818 relictis
3219 3765 3323 3817 600
3383 3761 3628 3816 armatis
3659 3760 3799 3815 viris

2142 3852 2204 3905 in
2234 3851 2463 3923 Syriam
2495 3850 2820 3907 redierunt.
2858 3852 3061 3906 Hieme
3100 3852 3255 3906 facta
3314 3852 3637 3921 imperator
3684 3852 3797 3903 An-

375 3762 627 3836 φυλακήν
652 3762 820 3817 αὐτοῦ
851 3761 1115 3839 χιλιάδας
1155 3764 1316 3819 πέντε
1371 3760 1573 3836 ἄνδρας
1624 3762 1893 3826 ἐνόπλους
1945 3763 2033 3818 ἀν-

378 3849 626 3924 έκαμψαν
659 3851 735 3913 εἰς
767 3852 985 3928 Συρίαν.
1017 3854 1293 3925 Χειμῶνος
1328 3848 1385 3906 δὲ
1416 3853 1710 3928 γενομένου
1758 3851 1964 3925 πέμπει
2003 3854 2032 3907 6

380 3937 636 4012 βασιλεὺς
667 3940 761 3994 τὸν
818 3936 1280 4016 κουϐικουλάριον
1339 3937 1610 4013 Ἀνδρέαν.
1664 3941 1766 3997 Καὶ
1811 3940 2033 4011 πολλῆς

2147 3939 2344 3994 dream
2407 3939 2836 3995 cubicularium
2900 3941 3104 4007 mittit,
3165 3957 3301 3995 cum
3361 3940 3461 3994 nix
3539 3939 3801 4010 plurima

374 4025 542 4098 οὔσης
575 4028 767 4104 χιόνος
787 4029 842 4084 ἐν
873 4029 1025 4085 νυκτί
1080 4025 1517 4103 καταλαμϐάνει,
1569 4029 1658 4084 καὶ
1716 4027 1807 4084 διὰ
1855 4029 2030 4100 ξύλων

2147 4028 2383 4099 iaceret.
2444 4029 2501 4082 ls
2560 4034 2742 4083 noctu
2808 4046 2913 4100 per
2968 4028 3126 4101 ligna
3185 4030 3244 4083 in
3304 4045 3543 4083 murum
3605 4028 3799 4083 evadit

371 4116 661 4193 ἀνέρχεται
702 4117 790 4174 ἐπὶ
817 4120 882 4175 τὸ
912 4125 1130 4195 τεῖχος,
1161 4120 1249 4174 καὶ
1285 4119 1593 4195 εἰσέρχεται
1626 4118 1702 4181 εἰς
1731 4121 1794 4174 τὸ
1838 4119 2032 4192 Ἀμώ-

2147 4117 2387 4178 Amorii.
2419 4117 2751 4188 urbemque
2781 4134 3077 4188 occupans
3109 4117 3418 4172 occidione
3448 4117 3795 4188 praesidium

376 4226 514 4281 ριον,
546 4207 637 4263 καὶ
666 4207 860 4264 κτείνει
891 4209 989 4272 τὰς
1020 4210 1185 4265 πέντε
1215 4206 1481 4284 χελιάδας
1506 4213 1618 4263 τῶν
1674 4202 1925 4285 Ἀράϐων
1955 4209 2031 4273 ὡς

2147 4206 2446 4277 interﬁcit,
2479 4222 2554 4260 ne
2584 4223 2703 4262 uno
2748 4206 2988 4277 quidem
3022 4207 3094 4261 de
3126 4210 3229 4261 600
3260 4207 3391 4261 istis
3450 4206 3791 4277 superstite.

378 4296 455 4368 μή
496 4296 902 4375 ὑπολειφθῆναι
930 4295 1025 4354 ένα
1058 4297 1109 4370 ἐξ
1136 4298 1338 4356 αὐτῶν.

443 4386 537 4459 Τῷ
560 4387 642 4455 κζ’
669 4383 774 4442 ἔτει
819 4385 1202 4465 ἐδολοφονήθη
1262 4389 1291 4442 ὁ
1355 4385 1614 4457 βασιλεὺς
1670 4387 1925 4451 Κώνστας
1980 4386 2035 4444 ἔν

2213 4392 2382 4445 Anno
2426 4393 2493 4443 27
2544 4390 2868 4461 imperator
2914 4392 3204 4445 Constans
3234 4389 3538 4460 Syracusis
3578 4388 3640 4443 in
3672 4388 3795 4443 bal-

374 4476 694 4551 Συρακούσῃ
724 4484 826 4547 τῆς
860 4474 1144 4546 Σικελίας,
1175 4477 1232 4532 ἐν
1283 4481 1366 4550 τῷ
1412 4476 1684 4552 βαλανείῳ
1741 4478 1770 4532 ὃ
1814 4475 2032 4555 λέγεται

2147 4497 2275 4549 nec,
2307 4480 2403 4535 cui
2430 4480 2671 4551 Daphne
2698 4496 2939 4547 nomen,
2974 4479 3329 4534 interﬁcitur
3358 4477 3514 4533 dolo.
3544 4478 3794 4543 Quidam

374 4564 582 4644 Δάφνη.
617 4568 951 4637 Συνεισῆλθε
989 4568 1091 4644 γάρ
1149 4588 1232 4629 τις
1290 4567 1441 4639 αύτῷ
1501 4563 1776 4641 Ἀνδρέας,
1818 4568 1909 4622 καί
1958 4567 2033 4629 ὡς

2147 4570 2303 4625 enim
2316 4568 2583 4624 Andreas
2596 4568 2878 4624 balneum
2894 4569 3329 4641 unaingressus
3344 4569 3788 4639 imperatorem,

372 4652 575 4728 ἤρξατο
620 4657 935 4732 σμήχεσθαι
992 4657 1021 4711 6
1079 4654 1354 4733 βασιλεὺς,
1404 4652 1634 4711 δέδωκεν
1683 4656 1846 4712 αύτὸν
1896 4656 2033 4730 μετά

2147 4659 2281 4714 dum
2316 4659 2365 4713 is
2396 4676 2459 4714 se
2493 4664 2718 4730 tergere
2767 4658 2998 4729 incipit,
3029 4659 3174 4714 cado
3205 4658 3460 4731 graviter
3490 4657 3669 4729 capiti
3692 4657 3790 4711 in-

369 4745 470 4797 τοῦ
498 4740 705 4800 κάδδου
733 4746 873 4801 κατᾶ
908 4752 1009 4815 τῆς
1048 4748 1291 4825 κορυφῆς
1320 4745 1413 4801 καί
1466 4744 1762 4802 ἀπέκτεινε.
1811 4746 1917 4804 Τὸν
1973 4743 2033 4801 δὲ

369 4831 596 4888 θάνατον
631 4833 798 4889 αὐτοῦ
828 4834 1139 4910 αὐθημερὸν
1171 4834 1409 4905 ἤκουσαν
1465 4834 1517 4889 έν
1572 4839 1641 4909 τῇ
1691 4836 1874 4904 πόλει,
1924 4857 2033 4913 φω-

367 4927 463 4991 νῆς
495 4921 555 4977 ἐκ
584 4928 684 4978 τοῦ
745 4924 902 4997 ἀέρος
959 4925 1295 5000 ἐνεχθείσης.
1358 4924 1466 4980 Καὶ
1523 4920 1933 5000 προϐάλλονται
1974 4926 2029 4980 οἱ

371 5010 736 5086 Συρακούσιοι
766 5014 1023 5084 Μιζίζιον
1057 5013 1344 5090 Ἀρμένιον
1401 5013 1650 5090 βασιλέα,
1705 5015 2027 5088 βιασάμενοι

366 5101 553 5171 αὐτὸν,
588 5100 718 5159 ὄντα
760 5102 879 5159 λίαν
909 5103 1149 5181 εὐπρεπῆ
1210 5104 1301 5160 καὶ
1355 5103 1712 5180 ὡραιότατον.
1763 5103 2031 5170 Ἀκούσας

366 5185 424 5243 δὲ
483 5193 895 5257 Κωνσταντῖνος
948 5194 1048 5262 τήν
1104 5197 1202 5248 τοῦ
1256 5193 1464 5267 πατρὸς
1528 5187 1833 5248 ἀποϐίωσιν
1893 5194 2030 5266 μετὰ

363 5273 630 5348 πλείστης
660 5280 988 5343 ναυστολίας
1016 5275 1425 5355 καταλαμϐάνει
1464 5281 1562 5349 τήν
1611 5277 1888 5353 Σικελίαν,
1935 5280 2026 5337 καὶ

363 5366 621 5436 Μιζίζιον
653 5369 862 5445 ἀναιρεῖ
891 5368 986 5424 σὺν
1020 5375 1099 5442 τῷ
1128 5376 1284 5449 φονεῖ
1309 5374 1408 5425 τοῦ
1459 5368 1602 5425 ἰδίου
1647 5370 1875 5443 πατρός.
1921 5371 2025 5428 Καὶ

361 5459 708 5528 καταστήσας
739 5458 804 5515 τὰ
856 5459 1112 5535 Ἐσπέρια
1162 5458 1252 5515 ἐπὶ
1313 5456 1887 5516 Κωνσταντινούπολιν
1936 5456 2024 5533 ἔρ-

361 5565 543 5623 χεται,
574 5546 925 5622 ἀποκομίσας
955 5548 1047 5605 καὶ
1103 5549 1194 5604 τὸν
1239 5549 1424 5623 νεκρὸν
1463 5553 1562 5604 τοῦ
1612 5546 1755 5604 ἰδίου
1794 5550 2020 5625 πατρός.

362 5636 461 5690 Καὶ
488 5642 684 5692 τοῦτον
723 5639 818 5712 μὲν
845 5638 899 5693 ἐν
932 5645 1012 5713 τῷ
1067 5644 1183 5711 ναῷ
1239 5643 1349 5693 τῶν
1401 5639 1606 5714 Ἀγίων
1667 5639 2022 5697 ’Λποστόλων

366 5725 508 5800 μετά
542 5729 953 5785 Κωνσταντίνου
1004 5732 1103 5785 τοῦ
1158 5729 1361 5804 πατρὸς
1419 5728 1586 5785 αὐτοῦ
1643 5729 2039 5801 κατατίθησιν,-

2140 4747 2301 4803 ﬂicto
2347 4753 2541 4803 necat.
2576 4749 2655 4802 De
2713 4753 2905 4803 morte
2957 4749 3313 4819 Constantis,
3373 4764 3443 4804 ea
3500 4747 3630 4819 ipsa
3669 4763 3788 4818 qua

2139 4836 2466 4892 exstinctus
2505 4843 2595 4891 est
2624 4837 2738 4905 die,
2775 4838 2833 4892 in
2860 4838 3007 4894 urbe
3055 4839 3358 4912 cognitum
3406 4843 3499 4893 est
3541 4854 3679 4893 voce
3713 4853 3787 4891 ex

2139 4943 2275 4982 aere
2306 4926 2522 4982 delata.
2557 4928 2913 4999 Syracusani
2946 4930 3229 4985 Mizizium
3282 4929 3629 4984 Armenium
3676 4927 3790 4981 im-

2138 5021 2473 5087 peratorem
2504 5020 2731 5083 creant,
2789 5017 3037 5073 invitum
3096 5017 3338 5091 quidem
3399 5022 3459 5071 et
3512 5033 3619 5087 per
3647 5016 3787 5069 vim.

2139 5105 2275 5160 Fuis
2308 5104 2358 5160 is
2387 5104 2564 5159 homo
2594 5104 2767 5178 longe
2814 5108 3342 5178 praestantissimus
3396 5106 3605 5160 forma.
3639 5104 3791 5159 Con-

2139 5194 2436 5250 stantinus
2484 5200 2677 5250 morte
2707 5197 2892 5267 patris
2937 5198 3027 5251 sui
3059 5195 3291 5269 cognita
3348 5210 3483 5250 cum
3530 5193 3793 5249 maxima

2137 5284 2327 5340 classe
2384 5284 2648 5339 Siciliam
2707 5274 2985 5357 occupat,
3009 5285 3290 5339 Mizizium
3322 5289 3380 5339 et
3442 5282 3629 5355 patris
3667 5299 3792 5339 una

2136 5390 2547 5445 percussorem
2580 5373 2879 5445 interﬁcit,
2915 5374 3211 5446 rebusque
3260 5372 3594 5430 Occidentis
3644 5388 3788 5427 con-

2136 5463 2358 5519 stitutis
2388 5462 2728 5534 Byzantium
2759 5463 2934 5531 redit,
2957 5463 3136 5519 allato
3168 5479 3370 5519 secum
3400 5462 3586 5534 patris
3618 5461 3788 5518 cada-

2133 5568 2269 5607 vere
2293 5556 2505 5622 ;atque
2537 5551 2649 5607 hoc
2670 5553 2731 5607 in
2753 5552 2889 5608 fano
2911 5552 3327 5624 Apostolorum
3350 5553 3524 5625 juxta
3553 5558 3786 5625 patrem

2136 5642 2265 5713 ejus
2287 5639 2575 5697 condidit.
2600 5641 2890 5715 7641pse
2907 5643 3239 5698 Romanum
3264 5641 3581 5715 imperium
3604 5645 3789 5712 tenet,

2133 5731 2379 5802 collegis
2408 5728 2641 5787 Tiberio
2673 5737 2732 5788 et
2762 5732 3030 5789 Heraclio
3062 5732 3366 5789 fratribus.
3385 5732 3783 5790 Justinanum.
