4120 6424
350 382 469 444 835

1713 367 2029 432 GEORGII
2072 368 2409 433 CEDRENI

3651 374 3774 436 836

350 511 668 585 patricium
688 510 877 565 sancti
915 507 1193 563 Germani
1226 505 1577 579 patriarchae
1635 509 1865 578 patrem
1914 520 2007 558 ca-

2126 502 2277 568 ιύτὸς
2307 501 2364 560 δὲ
2396 504 2674 581 βασιλεύει
2706 506 3001 580 Ῥωμαίων
3032 505 3169 580 μετὰ
3197 498 3453 579 Τιϐερίου
3477 505 3569 562 καὶ
3601 508 3768 583 Ἠρα-

352 602 474 673 pite
507 599 799 655 truncavit
854 598 970 665 hic,
1004 602 1061 651 et
1091 597 1445 652 Germanum
1497 595 1752 650 ferocius
1811 611 1873 648 se
1903 610 2002 665 ge-

351 696 582 745 rentem
616 688 874 753 eviravit,
907 688 999 742 cui
1025 686 1305 758 Georgius
1335 686 1396 740 in
1422 684 1771 757 patriarchas
1796 684 2003 756 digna-

352 779 579 833 tionem
614 776 917 833 successit.

429 1044 846 1101 Constantinus
889 1044 1227 1098 Constantis
1260 1044 1416 1098 ﬁlius
1459 1051 1850 1118 cognomento
1881 1049 2001 1101 Po-

356 1140 623 1209 gonatns,
657 1132 812 1205 quod
844 1149 878 1187 a
898 1131 1082 1187 barba
1111 1139 1200 1187 est
1229 1131 1494 1198 ductum,
1516 1151 1665 1189 verm
1695 1136 2005 1209 religionis

355 1224 674 1303 professor,
707 1222 1020 1294 imperavit
1047 1238 1236 1277 annos
1270 1225 1353 1277 17.
1380 1225 1579 1278 Annos
1608 1224 1843 1296 imperii
1876 1228 2004 1299 ejus

352 1317 547 1388 primo
579 1314 856 1370 Saraceni
906 1312 1061 1368 bello
1095 1313 1298 1368 Africa:
1353 1313 1514 1369 illato
1571 1316 1639 1369 80
1694 1316 2005 1373 hominum

352 1405 547 1460 millia
576 1403 835 1475 captivos
882 1401 1281 1459 abduxerunt.
1311 1402 1420 1467 Qui
1453 1420 1587 1458 vero
1627 1405 2005 1462 orientalium

352 1494 714 1565 populorum
747 1491 1046 1562 principes
1067 1496 1259 1561 erant,
1284 1491 1322 1545 ii
1346 1492 1737 1565 Chrysopolin
1766 1497 2004 1552 venien-

354 1588 443 1638 tes
474 1580 773 1650 dicebant,
806 1580 948 1651 quia
1003 1581 1065 1634 in
1120 1580 1467 1637 Trinitatem
1501 1583 1832 1655 crederent,
1870 1585 2005 1641 ideo

356 1689 419 1728 se
452 1670 686 1726 duobus
718 1670 1000 1725 fratribus
1032 1672 1331 1742 Pogonato
1365 1670 1661 1742 adjunctis
1693 1678 1815 1733 tres
1856 1675 2005 1747 velle

357 1760 576 1816 habere
608 1761 1023 1832 impecatores.
1067 1761 1146 1813 Ea
1177 1776 1269 1815 res
1327 1762 1782 1820 Constantinum
1814 1771 2010 1837 petir-

2110 591 2296 648 κλείου
2327 598 2436 648 τῶν
2493 592 2647 650 ἲδίων
2704 591 2969 675 ἀδελφῶν.
3023 595 3291 669 ’Λπὲτεμε
3322 592 3379 651 δὲ
3415 597 3506 651 καὶ
3537 597 3769 656 Ἰουστι-

2110 681 2290 736 νιανὸν
2320 683 2412 737 τὸν
2447 685 2750 761 πατρίκιον,
2780 686 2873 740 τὸν
2931 683 3136 758 πατὲρα
3166 688 3261 741 τοῦ
3287 684 3449 763 ἁγίου
3482 691 3767 762 Γερμανοῦ

2109 775 2207 826 τοῦ
2238 773 2605 849 πατριάρχου.
2665 773 2774 830 Τὸν
2835 770 2892 830 δὶ
2945 774 3220 848 Γερμανὸν
3264 776 3599 851 τραχύτερον
3633 776 3766 832 ’ὀντα

2109 860 2416 941 εὐνούχισε·
2449 863 2541 918 τὸν
2575 860 2633 919 δὲ
2660 870 2760 934 τῆς
2819 863 3216 939 πατριαρχείας
3268 865 3460 940 θρόνον
3492 866 3766 943 Γεώργιος

2109 953 2246 1009 εἴγε.

2202 973 2246 1009 ε.

2159 971 2584 1107 χΚωνσταντῖνος
2616 1044 2646 1097 ὁ
2676 1043 2792 1104 υἱὸς
2816 1041 3161 1104 Κιόνσταντος
3195 1044 3223 1098 ὁ
3256 1045 3591 1119 Πωγωνάτος
3623 1050 3763 1122 (82),

2110 1130 2417 1209 ὀρθόδοξος,
2452 1126 2794 1188 ἐϐασίλευσεν
2828 1127 2922 1202 ἔτη
2987 1134 3067 1201 ιζ’.
3108 1133 3320 1189 Τούτου
3348 1139 3428 1205 τῷ
3457 1136 3505 1189 α’
3534 1132 3639 1190 ἔτει
3671 1136 3764 1193 ἐπ-

2112 1222 2459 1297 εστράτευσαν
2520 1219 2831 1296 Σαρακηνοὶ
2889 1222 2988 1290 τὴν
3050 1221 3335 1298 Ἀφρικὴν,
3369 1223 3459 1277 καὶ
3490 1222 3772 1300 ᾐχμαλώ-

2110 1332 2298 1368 τευσαν
2333 1307 2595 1390 χιλιάδας
2626 1312 2699 1369 π’.
2730 1312 2797 1368 Οἱ
2839 1307 2897 1365 δὲ
2943 1313 3042 1365 τοῦ
3070 1312 3302 1384 θὲματος
3334 1316 3442 1367 τῶν
3477 1313 3771 1371 ’Δνατολι-

2110 1404 2219 1457 κῶν
2268 1397 2439 1468 ἦλθον
2493 1398 2544 1454 ἐν
2601 1396 2948 1477 Χρυσοπόλει
3010 1397 3286 1474 λέγοντες,
3319 1401 3402 1455 ’ὁτι
3439 1400 3530 1463 Εἰς
3560 1401 3772 1477 Τριὰδα

2110 1488 2459 1562 πιστεύομεν,
2490 1487 2619 1550 τοὺς
2650 1493 2798 1565 τρεῖς
2842 1486 3149 1562 στέφωμεν.
3185 1488 3498 1566 Ἐταράχθη
3532 1488 3591 1546 δὲ
3623 1498 3769 1548 Κων-

2114 1582 2414 1638 σταντῖνος·
2480 1576 2648 1651 μόνος
2701 1576 2806 1651 γὰρ
2864 1575 3026 1638 αὐτὸς
3080 1577 3148 1646 ἦν
3210 1575 3562 1652 ἐστεμμένος,
3597 1580 3649 1635 οἱ
3710 1578 3771 1637 δὶ

2111 1664 2341 1746 ἀδελφοὶ
2382 1663 2549 1722 αὐτοῦ
2594 1660 2847 1740 Τιϐέριος
2899 1665 2989 1721 καὶ
3041 1664 3365 1741 Ἡράκλειος
3397 1667 3653 1745 οὐδεμίαν
3688 1670 3770 1727 εἰ-

2113 1777 2214 1834 χον
2250 1756 2420 1827 ἀξίαν.
2489 1755 2589 1810 Καὶ
2656 1753 2986 1816 ἀποστείλας
3041 1755 3305 1831 ἐκράτησε
3365 1759 3451 1830 [Ρ.
3484 1761 3611 1833 437]
3641 1760 3772 1823 τοὺς

357 1850 535 1917 bavit,
569 1866 702 1904 cum
760 1849 921 1904 solus
980 1849 1107 1920 ipse
1164 1856 1482 1906 coronatus
1521 1852 1754 1919 fuisset,
1811 1871 2004 1925 neque

2126 1850 2366 1923 πρώτους
2400 1846 2599 1916 αὐτῶν,
2646 1846 2736 1903 καὶ
2793 1843 3113 1923 ἐφούλκισεν
3170 1849 3283 1922 (85)
3338 1846 3391 1903 ἐν
3450 1854 3668 1910 Συκαῖς·
3711 1850 3771 1904 οἱ

354 1939 602 1994 fratrum
627 1939 757 2011 ejus
784 1938 1001 1993 Tiberii
1035 1944 1091 1992 et
1112 1938 1357 1995 lleraclii
1390 1940 1514 1996 ulla
1544 1948 1701 1997 esset
1721 1942 1998 2017 dignitas.

359 2029 547 2084 Missis
588 2028 765 2099 igitur
809 2027 1099 2083 ministris
1155 2028 1445 2098 primores
1476 2047 1682 2086 eorum
1735 2050 2002 2107 compre-

2116 1939 2173 1996 δὲ
2206 1937 2393 1995 λοιποὶ
2432 1934 2652 2017 ἔφυγον.
2684 1937 2745 1993 Ὀ
2786 1933 2843 1990 δὲ
2871 1935 3127 2011 βασιλεὺς
3158 1938 3284 2000 τοὺς
3315 1935 3584 2017 ἀδελφοὺς
3618 1936 3770 2015 ἐρῥι-

2115 2030 2413 2100 νοκόπησε.

357 2117 696 2189 prehendit,
732 2133 799 2171 ac
830 2117 892 2171 in
947 2117 1114 2187 Sycis
1180 2118 1373 2188 (Ficus
1432 2118 1674 2189 dixeris,
1724 2123 2074 2181 suburbium
2123 2129 2212 2179 est
2263 2119 2541 2193 Byzantii)
2594 2116 2886 2189 supplicio
2917 2117 3163 2172 affecit:
3225 2108 3295 2173 ea
3351 2135 3447 2173 res
3506 2119 3775 2192 reliquos

354 2206 590 2274 terruit,
624 2205 785 2274 iique
818 2205 1016 2276 fugam
1046 2206 1333 2262 fecerunt.
1363 2207 1663 2263 Fratribus
1694 2226 1869 2280 porro
1901 2229 2079 2269 nasos
2110 2210 2400 2284 praecidit.

428 2334 599 2387 Anno
622 2331 882 2387 secundo
912 2331 1128 2387 hiemis
1160 2334 1535 2391 vehementia
1566 2338 1785 2394 multos
1816 2338 2011 2395 homi-

360 2437 467 2476 nes
497 2426 555 2476 et
584 2421 759 2476 bruta
787 2421 1068 2476 animalia
1098 2422 1423 2479 interemit.

432 2515 605 2564 Anno
627 2512 660 2565 4
688 2510 793 2565 iris
825 2510 885 2565 in
918 2510 1064 2565 cwlo
1120 2512 1257 2567 talis
1305 2515 1583 2585 apparuit
1610 2522 1677 2571 ut
1724 2517 1894 2588 vulgo
1922 2518 2012 2573 di-

356 2605 591 2656 ceretur
621 2599 756 2654 linis
788 2600 993 2655 mundi
1018 2601 1257 2657 instare.
1287 2603 1594 2659 Sarraceni
1628 2612 1824 2662 autem
1850 2623 2008 2679 mag~

356 2706 435 2746 na
490 2690 778 2745 instructa
835 2690 1024 2746 classe
1084 2692 1147 2746 in
1190 2692 1456 2749 Ciliciam
1507 2695 1686 2752 delati
1747 2698 2011 2769 Smyrnm

358 2781 787 2836 hiemaverunt.

426 2874 598 2926 Anno
630 2871 784 2926 5illa
824 2873 924 2927 Dei
984 2873 1457 2931 adversariorum
1489 2877 1700 2933 classis
1731 2878 1805 2934 ad
1858 2880 2009 2935 fines

356 2960 619 3015 Thracias
651 2961 901 3033 appulit,
933 2969 1221 3035 occupato
1251 2966 1410 3037 quod
1467 2967 1539 3022 ab
1571 2968 1873 3023 Hebdomo
1924 2974 2015 3024 est

355 3065 546 3121 usque
577 3051 653 3105 ad
674 3051 1016 3123 Cyclobium
1061 3055 1272 3125 spatio.
1306 3056 1565 3127 Singulis
1600 3059 1744 3116 185
1801 3059 2011 3115 diebus

353 3145 671 3210 pugnatum
683 3145 817 3195 esta
830 3140 1092 3197 diluculo
1106 3160 1295 3214 usque
1307 3144 1381 3200 ad
1397 3147 2013 3218 vesperam,abAure£e

356 3234 544 3299 porta:
576 3229 905 3286 brachiolio
925 3249 1113 3302 usque
1134 3234 1209 3289 ad
1231 3235 1595 3306 Cyclobium,
1615 3237 1883 3309 abAprili
1910 3255 2010 3293 us-

353 3334 467 3388 que
481 3318 945 3391 adSeptembrem
965 3324 1394 3379 n.ensem.lnde
1407 3324 1640 3381 barbari
1656 3333 2016 3383 revertentes

2192 2340 2287 2409 Τῷ
2348 2336 2393 2409 β’
2449 2330 2555 2389 ἔτει
2613 2333 2835 2410 χειμὼν
2889 2332 3096 2410 ἇγένετο
3156 2333 3326 2409 μέγας
3375 2332 3450 2396 ὡς
3482 2332 3771 2391 ἀποθανεῖν

2120 2421 2369 2484 πολλοὺς
2401 2419 2715 2493 ἀνθρώπους
2745 2418 2836 2474 καὶ
2866 2418 3053 2494 θηρία.

2190 2514 2284 2584 Τῷ
2314 2507 2342 2565 δ
2388 2507 2497 2565 ἔτει
2551 2507 2713 2579 ἐσάνη
2772 2508 2885 2583 ἶρις
2946 2508 2998 2563 ἐν
3051 2513 3135 2581 τῷ
3189 2510 3406 2586 οὐρανῷ
3437 2510 3667 2578 τοιαύτη
3698 2511 3778 2574 ὥς

2122 2601 2295 2678 λέγειν
2326 2600 2529 2660 πάντας
2586 2597 2669 2653 ὅτι
2737 2596 3019 2655 συντέλειά
3075 2597 3238 2660 ἐστιν.
3270 2598 3339 2657 Οἱ
3370 2596 3427 2655 δὲ
3464 2600 3778 2675 Σαρακηνοὶ

2125 2692 2290 2767 μὲγαν
2320 2688 2515 2745 στόλον
2575 2688 2983 2763 ἐξαρτήσαντες,
3038 2688 3129 2744 καὶ
3188 2686 3665 2765 παραπλεύσαντες
3697 2687 3780 2752 είς

2121 2780 2401 2851 Κιλικίαν,
2434 2778 2845 2855 παρεχείμασαν
2873 2777 2952 2839 εἲς
2983 2778 3256 2855 Σμύρνην.

2192 2870 2289 2945 Τῷ
2321 2869 2378 2926 δὶ
2406 2873 2444 2926 ε’
2475 2868 2604 2941 ἔτει,
2653 2873 2762 2924 τῶν
2823 2869 3116 2945 θεομάχων
3170 2868 3368 2931 στόλος
3399 2868 3578 2935 ἐλθὼν
3606 2889 3777 2946 προσ-

2123 2963 2380 3037 ώρμησεν
2440 2960 2493 3015 ἰν
2559 2964 2671 3021 τοῖς
2709 2959 2991 3034 Θρᾳκῷοις
3054 2957 3273 3036 μιρεσιν
3306 2959 3412 3016 ἀπό
3442 2981 3499 3016 τε
3525 2964 3625 3016 τοῦ
3655 2954 3781 3016 Ἐϐ-

2121 3049 2297 3125 δόμου
2359 3048 2528 3125 μέχρι
2581 3052 2680 3103 τοῦ
2738 3043 3051 3105 Κυκλοόίου
3108 3051 3243 3122 (84),
3302 3050 3393 3106 καὶ
3441 3052 3581 3105 κατᾶ
3610 3053 3785 3104 πᾶσαν

2122 3140 2332 3216 ἡμέραν
2364 3136 2616 3213 πόλεμος
2669 3135 2945 3212 ἐκροτεῖτο
3005 3136 3113 3193 ἀπὸ
3172 3138 3321 3212 πρωΐ
3375 3134 3481 3200 ἔως
3534 3136 3785 3213 ἑσπέρας,

2123 3229 2230 3284 ἀπὸ
2260 3234 2357 3284 τοῦ
2393 3225 2724 3304 βραχιολίου
2769 3232 2869 3296 τῆς
2915 3231 3137 3301 Χρυσῆς
3165 3228 3374 3302 πόρτης
3408 3229 3522 3300 (85)
3550 3223 3656 3288 ἕως
3684 3230 3785 3282 τοῦ

2125 3313 2453 3389 Κυκλοείου,
2508 3317 2615 3372 ἀπὸ
2676 3315 2848 3389 μηνὸς
2909 3314 3242 3391 Ἀπριλλίου
3272 3315 3351 3380 εἰς
3385 3310 3785 3391 Σεπτὲμόριον.

353 3406 627 3479 Cyzicum
645 3418 1103 3481 occupaverunt,
1120 3418 1297 3484 atque
1314 3413 1395 3468 ibi
1408 3415 1779 3482 hiemarunl;
1804 3422 2005 3472 etvere

2126 3407 2228 3465 Καὶ
2286 3404 2713 3481 ὑποστρέψαντες
2769 3403 2822 3458 ὲν
2884 3405 3106 3478 Κυζίκῳ
3161 3405 3365 3477 ταύτην
3415 3399 3786 3480 παραλαμϐά-

350 3513 590 3552 rursum
636 3497 989 3556 Christianis
1050 3499 1271 3557 bellum
1323 3502 1612 3559 fecerunt.
1666 3494 1783 3561 Hoc
1830 3505 2007 3561 modo

348 3591 580 3657 septem
617 3604 807 3645 annos
839 3607 901 3645 se
931 3608 1193 3662 gessere.
1220 3593 1480 3648 Tandem
1516 3596 1616 3650 Dei
1647 3602 1705 3650 ct
1745 3596 2008 3667 Deiparm

349 3675 575 3729 auxilio
598 3679 1105 3750 nostrosjuvante,
1139 3698 1352 3752 magna
1366 3701 1607 3739 suorum
1627 3685 2009 3741 multitudine

353 3764 833 3836 amissa,ingenti
851 3784 984 3823 cum
1010 3769 1295 3825 dedecore
1311 3772 1553 3828 domum
1583 3775 2006 3833 discesserunt.

352 3853 424 3906 Et
453 3852 663 3908 classis
695 3855 807 3909 ista
841 3873 974 3911 cum
1007 3858 1080 3912 ad
1114 3859 1368 3929 Sylmum
1400 3862 1725 3933 trajiceret,
1760 3864 2008 3919 hiberno

353 3947 503 3997 testu
534 3948 593 3998 et
622 3945 903 4015 procellis
934 3946 1158 4003 afﬂicta
1188 3954 1311 4005 tota
1368 3951 1543 4022 periit
1597 3953 1780 4008 Porro
1809 3959 2007 4009 autem

351 4033 713 4103 Suphanius,
745 4035 894 4107 Aphi
937 4036 1095 4092 filius
1150 4056 1283 4094 cum
1316 4041 1488 4096 Floro
1520 4043 1777 4097 Petrona
1807 4049 1866 4098 et
1894 4044 2004 4115 Cy-

346 4122 556 4192 priano
614 4124 698 4195 (hi
746 4127 1043 4182 Romanas
1102 4135 1304 4201 copias
1370 4131 1691 4203 ducebant)
1749 4149 2007 4205 pugnam

344 4213 665 4280 commisit,
700 4213 761 4268 in
794 4231 910 4286 qua
943 4217 1182 4288 triginta
1213 4220 1472 4275 Arabum
1505 4220 1673 4276 milia
1712 4221 2007 4277 occubue-

345 4306 507 4357 runt.
533 4303 614 4357 Eo
650 4309 916 4376 tempore
948 4306 1271 4363 Callinicus
1320 4310 1675 4367 architectus
1709 4311 1779 4366 ab
1814 4312 1980 4366 Helio

347 4390 469 4462 poli
502 4393 730 4464 Egypti
762 4393 910 4448 urbe
932 4411 1067 4450 cum
1101 4396 1175 4452 ad
1214 4400 1510 4456 Romanos
1569 4401 2001 4471 transfugisset,

350 4479 550 4551 ignem
580 4481 949 4538 maritimum
979 4487 1223 4556 paravit,
1258 4505 1446 4559 eoque
1483 4506 1763 4545 accensas
1795 4489 2003 4544 barba-

350 4584 559 4623 rorum
592 4570 748 4642 apud
795 4572 1064 4645 Cyzicum
1116 4593 1292 4633 naves
1323 4596 1442 4635 una
1494 4596 1628 4634 cum
1660 4578 2005 4633 hominibus

2118 3519 2291 3567 νουσι,
2345 3497 2435 3552 καὶ
2498 3494 2855 3572 χειμάζουσιν
2913 3492 3045 3550 ἐκεῖ.
3108 3494 3211 3552 Καὶ
3264 3496 3401 3552 κατὰ
3443 3494 3538 3570 ἔαρ
3569 3494 3782 3569 ὁμοίως

2121 3584 2431 3659 ἐπολέμουν
2495 3583 2631 3659 μετά
2685 3587 2796 3639 τῶν
2854 3583 3194 3658 Χριστιανῶν
3251 3582 3339 3639 ἰπὶ
3388 3584 3523 3640 ἑπτὰ
3553 3580 3671 3655 ἔτη.
3704 3587 3787 3658 Τῇ

2123 3675 2350 3754 βοηθείᾳ
2378 3673 2438 3731 δὲ
2462 3678 2560 3730 τοῦ
2589 3678 2724 3729 Θεοῦ
2780 3671 2872 3728 καὶ
2928 3680 3029 3744 τῆς
3087 3672 3360 3730 Θεοτόιιου
3383 3672 3602 3744 πλῆθος
3633 3670 3788 3729 πολὺ

2118 3762 2489 3827 ἀποϐαλόντες
2524 3764 2640 3837 μετ’
2669 3761 2941 3837 αἰσχύνης
2976 3761 3225 3837 μεγάλης
3255 3763 3613 3838 ὑπὲστρεψαν.
3646 3764 3779 3821 Ἐκ-

2116 3855 2357 3932 πορίζων
2382 3857 2497 3928 (86)
2528 3851 2586 3908 δὶ
2643 3853 2674 3907 ὁ
2730 3858 2982 3915 τοιοῦτος
3041 3851 3237 3908 στόλος
3270 3851 3361 3909 ἐπι
3408 3856 3475 3909 τά
3508 3852 3647 3927 μέρη
3678 3855 3782 3908 τοῦ

2119 3946 2381 4014 Συλαίου,
2417 3944 2521 3999 ὑπὸ
2552 3941 2843 4018 χειμερίου
2878 3941 3051 4013 ζάλης
3100 3943 3190 3998 καὶ
3224 3941 3542 4021 καταιγίδος
3568 3963 3783 4019 συντρι-

2116 4031 2233 4098 ϐεὶς
2264 4031 2594 4108 ὁλοκλήρως
2619 4030 2818 4089 ὤλετο.
2843 4030 3081 4108 Σουφίαν
3112 4028 3170 4087 δὶ
3191 4033 3220 4087 ὁ
3241 4032 3360 4095 υἱὸς
3380 4036 3480 4088 τοῦ
3514 4038 3625 4111 Ἅφ
3661 4053 3787 4087 συν-

2116 4119 2282 4181 έϐαλε
2310 4121 2556 4194 πόλεμον
2620 4119 2755 4193 μετά
2809 4118 3050 4193 Φλώρου
3106 4120 3195 4175 καὶ
3258 4125 3513 4197 Πετρωνᾶ
3541 4126 3635 4177 καί
3667 4122 3785 4178 Κυ-

2114 4217 2346 4289 πριανοῦ
2386 4210 2626 4287 ἆχόντων
2682 4206 2912 4284 δύναμιν
2971 4210 3315 4283 Ῥωμαϊκὴν,
3347 4211 3438 4267 καὶ
3469 4210 3782 4267 κτείνονται

2115 4306 2173 4360 Ἀ
2187 4297 2343 4379 ραὸες
2369 4297 2621 4377 χιλιάδες
2654 4300 2724 4357 λ’.
2757 4299 2897 4357 Τότε
2926 4296 3260 4363 Καλλίνικος
3290 4301 3629 4377 ἀρχιτέκτων
3667 4299 3782 4356 ἀπὸ

2118 4393 2312 4450 Ἠλίου
2368 4388 2586 4451 πόλεως
2640 4394 2743 4459 τῆς
2798 4387 3081 4466 Αἰγύπτου
3139 4391 3471 4468 προσφυγὼν
3529 4396 3650 4455 τοῖς
3694 4393 3787 4446 Ῥ-

2120 4482 2325 4558 μαίοις,
2383 4484 2492 4556 πῦρ
2547 4480 2844 4536 Θαλάσσιυν
2901 4479 3299 4543 κατασκευάσας
3357 4481 3425 4537 τὰ
3475 4486 3585 4536 τῶν
3616 4481 3780 4558 Ἀρά-

2117 4569 2228 4627 ϐων
2285 4571 2463 4645 σκάφη
2524 4565 2861 4643 ωτέπρησεν
2920 4567 2974 4624 ἐν
3035 4569 3275 4642 Κυζίκῳ,
3319 4569 3585 4646 σύμψυχα
3613 4592 3782 4627 κατα-

350 4655 653 4714 demersit.
691 4660 793 4716 Hic
823 4668 912 4717 est
945 4680 1083 4734 ergo
1111 4664 1262 4738 ignis
1294 4668 1577 4723 maritimi
1612 4669 1902 4722 inventor.
1921 4666 2007 4721 Ab

2126 4660 2370 4722 ποντίσας
2402 4657 2563 4718 αὐτὰ.
2621 4656 2801 4722 Αὐτὸς
2857 4657 2952 4712 οὖν
3002 4656 3143 4713 ἐστιν
3177 4659 3207 4713 ὁ
3235 4658 3298 4715 τὸ
3344 4657 3638 4725 θαλάσσιον
3668 4664 3779 4734 πῦρ

1503 4827 1506 4832 ’
1568 4820 1931 4877 XYLANDRI
1972 4820 2056 4874 ET
2093 4817 2313 4874 GOARI
2351 4814 2575 4869 ΝΟΤίΕ.

430 4934 947 5017 (82)A_promissa
1004 4942 1213 5017 barba,
1269 4963 1449 5017 quam
1483 4963 1513 5001 e
1564 4945 1767 5002 Sicilia
1827 4945 2017 5002 redux

360 5008 688 5091 Cpolitanis
757 5016 1091 5091 ostentavit,
1150 5008 1305 5071 cum-
1345 5035 1417 5091 ex
1474 5019 1623 5074 urbe
1680 5018 2018 5091 digressuro

359 5081 556 5155 primo
588 5081 805 5155 lanugo
830 5086 987 5141 circa
1008 5081 1190 5155 genas
1222 5089 1572 5146 exoriretur.
1607 5081 1783 5146 om:

436 5154 547 5234 (ϐξ)
579 5154 757 5234 Firmi
785 5154 1536 5234 suSpendioquedarnnavit,
1568 5168 1795 5234 mutato
1831 5179 1859 5234 ρ
1891 5164 1951 5217 in
1984 5157 2016 5214 λ

364 5222 470 5296 pro
503 5222 995 5304 ἐφτιύρκικενχῇοη
1036 5222 1108 5304 in:
1129 5222 1534 5304 suburbio,ut
1564 5222 1900 5304 Xylande'r,
1923 5249 2017 5304 ve—

360 5313 493 5351 rum
528 5302 592 5376 ut
614 5299 892 5376 Strabo}.
948 5318 1041 5376 vn.
1092 5300 1179 5355 ἐπὶ
1222 5301 1313 5355 τὸν
1362 5299 1466 5357 ὑπὸ
1515 5307 1585 5376 τῇ
1616 5299 1767 5376 ’συκῇ
1817 5300 2021 5376 καλού-

363 5386 521 5489 μενον
573 5364 795 5440 λιμένα,
829 5373 887 5425 in
945 5374 1104 5442 Syres
1152 5382 1343 5444 portu,
1400 5376 1501 5446 qui
1562 5364 2017 5445 'nunc'iGalatze,

386 5454 542 5489 IOAR.

386 5454 542 5491 iOAR.

433 5508 510 5588 (ιδ)
536 5508 773 5590 Septem
806 5515 1005 5590 itaque
1025 5517 1290 5590 millibus
1302 5536 1608 5590 passuum.
1628 5519 1700 5575 ab
1718 5518 2020 5575 Hebdomo

484 5584 576 5663 est
597 5586 885 5653 septimus
898 5584 970 5663 ab
993 5589 1138 5663 urbe
1163 5584 1333 5662 lapis,
1357 5591 1431 5647 ad
1452 5591 2021 5663 Cyclobiumportus

368 5645 454 5701 ΟΡ
482 5645 700 5722 locum,
755 5658 1187 5717 extendebatur
1221 5645 1478 5719 navium,
1497 5645 2022 5720 vSaracenicarum

2277 4985 2287 4996 .
2327 4957 2505 4996 (iOAR.

2128 4943 2668 5086 or?8%)%:in.:&urea
2705 5016 2878 5086 porta
2905 5014 3513 5086 versusiﬂlacheinas
3560 5016 3622 5072 in
3662 5017 3782 5071 imo

2130 5078 2265 5143 sinu
2290 5078 2387 5140 τοῦ
2442 5078 2914 5159 κέρατοςι-,ᾠιιιε
2944 5084 3074 5159 _CP_.
3120 5083 3465 5159 Βραχιόλιον
3493 5094 3582 5142 est
3610 5092 3785 5159 ﬂeam

2224 5275 2235 5285 .
2267 5243 2533 5284 extrema
2556 5243 2694 5286 pars
2723 5243 2927 5281 versus
2959 5243 3428 5286 neuesnontum.
3464 5243 3641 5286 ῌΟΑΒ.

2199 5243 2235 5285 ³.
2267 5243 2533 5284 extrema
2556 5243 2694 5298 pars
2723 5243 2927 5281 Versus
2959 5243 3428 5302 uelleSpontum.
3464 5243 3641 5286 (έοΑῃ⁸

2199 5301 2316 5373 (86)
2348 5301 2626 5373 Ζθωὲνδδν
2674 5294 2970 5373 γενομένου
3024 5302 3126 5373 τοῦ
3182 5299 3383 5354 στόλου
3422 5302 3559 5356 κατά
3584 5302 3647 5355 τὸ
3683 5299 3787 5354 Σύ-

2199 5316 2316 5373 (δῧ)
2348 5316 2626 5365 tonaras,
2674 5316 2970 5423 ΐνομενου
3024 5318 3126 5352 του
3182 5316 3383 5354 στολου
3422 5321 3559 5356 κατα
3584 5316 3647 5355 το
3683 5316 3786 5354 Σύ·

2130 5370 2308 5445 λαςον.
2370 5370 2627 5445 Verbum
2710 5367 3013 5445 κπορίζειν-
3039 5371 3151 5445 hoc
3207 5373 3382 5429 modo
3430 5379 3786 5445 usurpatum

2129 5444 2265 5501 alibi
2298 5459 2420 5514 non
2450 5441 2770 5514 observavi.
2827 5443 2935 5514 Pro
2985 5443 3172 5514 Sylmo
3218 5441 3633 5501 Melanchthon
3664 5448 3789 5503 Ma-

2133 5517 2271 5589 leam
2300 5513 2499 5589 habet.
2531 5513 2651 5567 Χγι.
2701 5544 2767 5553 —-
2800 5512 3053 5583 Syleeum
3106 5516 3382 5571 secundm
3425 5516 3789 5589 Pamphylia:

2131 5587 2291 5645 urbs.
2327 5588 2503 5641 ΟοΑιι.
