4120 6418
380 406 499 467 837

1520 394 2057 464 HISTORIABUM
2104 392 2658 459 COMPENDIUM.

3680 408 3800 468 838

366 539 647 615 .Ξφευρών.
682 538 777 596 Ἐκ
804 537 1002 593 τούτου
1039 536 1331 613 κατάγεται
1362 538 1398 606 ἡ
1430 536 1587 612 γενεᾶ
1614 538 1711 590 τοῦ
1768 533 2038 606 Λαμπροῦ

2173 548 2263 587 ιοο
2291 548 2478 604 genus
2509 533 2673 589 ducit
2702 534 3008 607 Lamprus,
3040 537 3091 592 is
3122 538 3223 610 qui
3255 538 3551 611 hodieque
3598 541 3799 614 ignem

381 633 482 685 τοῦ
512 628 630 683 νυνὶ
659 628 724 683 τὸ
754 631 861 703 πῦρ
905 623 1171 702 ἐντέχνως
1219 629 1730 695 κατασκευάζοντος.
1783 625 1870 680 'Ev
1915 619 2046 676 ταύ-

383 738 510 780 ταις
541 722 662 780 ταῖς
702 715 938 791 ἡμέραις
968 716 1035 785 ἧν
1085 717 1174 772 καὶ
1231 716 1259 771 6
1308 715 1723 793 φρονιμώτατος
1765 712 2047 788 ἅνθρωπος

390 807 647 878 Ἰωάννης
676 807 704 861 6
742 812 780 860 ll
793 803 1128 876 ιτζικαύδης.

464 919 555 988 Τῷ
584 915 635 986 η’
664 913 754 969 καὶ
786 915 830 969 θ’
885 906 992 968 ἔτει
1053 911 1309 983 εἱσῆλθον
1352 915 1404 968 οἱ
1462 909 1775 985 Μαρδαῖται
1830 909 1913 972 εἰς
1959 906 2055 963 τὸν

394 1000 653 1073 Λίϐανον,
684 1003 775 1059 καὶ
807 1002 1106 1079 ἐκράτησαν
1166 1002 1273 1057 ἀπὸ
1327 1006 1427 1058 τοῦ
1464 1001 1691 1076 Μαύρου
1739 996 1901 1076 ὅρους
1946 997 2052 1060 ’ἔως

396 1102 499 1164 τῆς
532 1094 689 1170 ἁγίας
726 1089 970 1162 πόλεως,
1005 1091 1092 1147 καὶ
1124 1091 1491 1168 ἐχειρώσαντο
1520 1091 1619 1153 τὰς
1672 1094 1771 1145 τοῦ
1819 1084 2053 1144 Λιϐάνου

393 1183 694 1259 περιωπάς
733 1181 835 1237 Καὶ
869 1178 1081 1236 πολλοὶ
1110 1178 1305 1236 δοῦλοι
1334 1181 1424 1236 καὶ
1456 1177 1813 1256 αἰχμάλωτοι
1843 1177 1933 1233 καὶ
1964 1174 2056 1233 αὒ-

392 1274 660 1349 τόχθονες
685 1270 824 1345 πρὸς
853 1269 1048 1333 αὐτοὺς
1078 1269 1391 1349 ἐχώρησαν,
1425 1268 1564 1325 ὣστε
1594 1266 1667 1324 δι’
1695 1266 1885 1345 ὀλίγου
1915 1266 2057 1345 χρό-

392 1384 487 1419 νου
518 1360 597 1424 ιῖς
644 1356 861 1422 πολλὰς
921 1357 1184 1434 χιλιάδας
1237 1360 1505 1434 γενέσθαι.
1563 1360 1745 1415 Ταῦτα
1809 1356 1993 1430 μαθὼν
2026 1356 2055 1410 6

404 1445 626 1513 Μειδίας
656 1449 748 1505 καὶ
774 1450 827 1504 οἳ.
858 1449 950 1503 σὺν
982 1449 1136 1521 αὐτῷ
1165 1443 1538 1528 ἐφοϐήθησαν,
1583 1446 1675 1502 καὶ
1723 1444 2059 1521 συλλογισά-

402 1561 558 1617 μενοι
596 1540 671 1602 ὡς
708 1539 770 1594 τὸ
800 1542 909 1594 τῶν
937 1539 1230 1611 Ῥωμαίων
1271 1537 1550 1613 βασίλειον
1583 1536 1687 1592 ὑπὸ
1720 1539 1855 1592 Θεοῦ
1885 1555 2054 1613 φρου-

407 1637 603 1707 ρεῖται,
661 1629 938 1702 πέμπουσι
997 1623 1252 1703 πρέσϐεις
1310 1626 1446 1703 πρὸς
1530 1626 1621 1681 τὸν
1682 1624 2058 1701 αὐτοκράτορα

403 1724 810 1776 Κωνσταντῖνον
854 1717 986 1794 ὑπὲρ
1046 1716 1289 1793 εἰρήνης.
1343 1719 1408 1775 Ὀ
1467 1715 1525 1772 δὲ
1580 1714 1909 1772 ἀποστέλλει
1961 1715 2056 1770 τὸν

2151 619 2472 676 artiﬁciose
2503 624 2695 678 struit.
2730 625 2889 680 Tunc
2919 626 3100 682 etiam
3131 627 3276 683 vixit
3306 630 3803 701 prudentissimus

2155 710 2354 776 homo,
2385 715 2646 767 Joannes
2677 712 3032 771 Pitzicauda.

2228 914 2413 969 Annis
2462 919 2666 971 octavo
2717 923 2775 972 et
2821 935 2980 974 nono
3028 920 3328 975 Mardaitaa
3375 922 3660 977 Libanum
3716 923 3811 978 in-

2156 1004 2341 1075 gressi
2374 1013 2811 1077 occupaverunt
2841 1008 3130 1079 quidquid
3160 1026 3194 1065 a
3226 1012 3423 1065 Mauro
3466 1018 3670 1067 monte
3723 1018 3813 1068 est

2158 1112 2346 1167 usque
2378 1099 2450 1153 ad
2482 1116 2709 1156 sacram
2741 1102 2971 1171 urbem,
3004 1109 3063 1159 et
3092 1105 3363 1176 speculas
3395 1107 3571 1161 etiam
3606 1107 3811 1163 Libani

2158 1185 2492 1243 obtinuere.
2514 1188 2679 1244 Multi
2704 1191 2777 1246 ad
2795 1208 2896 1248 eos
2926 1210 2988 1247 se
3012 1194 3575 1263 contuleruntservi,
3599 1196 3813 1267 captivi

2159 1280 2338 1347 atque
2369 1276 2681 1350 indigena},
2719 1280 2865 1336 adeo
2896 1286 2963 1336 ut
2994 1282 3204 1354 exiguo
3232 1289 3496 1356 tempore
3528 1285 3602 1340 ad
3629 1286 3818 1341 multa

2160 1367 2530 1421 excreverint
2557 1368 2770 1424 millia.
2804 1370 2939 1427 Haec
2972 1372 3122 1427 766
3155 1373 3398 1427 Maviam
3430 1380 3488 1427 et
3529 1374 3631 1444 qui
3680 1391 3815 1429 cum

2160 1471 2230 1510 eo
2262 1463 2432 1511 erant
2464 1461 2822 1525 terruerunt,
2859 1459 2941 1515 ita
2970 1459 3211 1531 quidem
3242 1466 3309 1515 ut
3347 1463 3670 1533 cogitantes
3703 1466 3820 1518 Ro-

2162 1561 2406 1601 manum
2438 1547 2755 1619 imperium
2788 1549 2989 1605 divino
3022 1550 3298 1622 praesidio
3330 1551 3566 1606 defendi
3594 1552 3819 1625 legatos

2161 1633 2237 1689 ad
2265 1634 2722 1692 Constantinum
2755 1638 2920 1709 pacis
2971 1638 3246 1710 petendas
3295 1657 3474 1697 causa
3521 1642 3817 1697 miserint.

2160 1724 2216 1777 Is
2246 1723 2645 1781 Pitzicaudam
2673 1726 2747 1781 ad
2778 1728 3103 1783 Saracenos
3153 1728 3354 1797 mittit,
3405 1746 3630 1801 perque
3680 1747 3816 1786 eum

406 1806 795 1880 Πιτζικαύδην,
825 1806 915 1863 καὶ
945 1812 1097 1862 ποιεῖ
1151 1805 1438 1885 ἐγγράφως
1485 1806 1705 1883 εἰρήνην
1761 1803 1897 1879 μετᾶ
1946 1807 2055 1861 τῶν

2173 1829 2369 1884 pacem
2403 1831 2537 1869 cum
2569 1815 2655 1870 eis
2686 1817 2993 1887 componit
3020 1834 3088 1873 ac
3120 1817 3338 1873 tabulis
3370 1819 3700 1891 consignat,
3752 1835 3822 1874 ea

406 1902 763 1974 Σαρακηνῶν,
795 1896 1027 1968 ἐτησίως
1057 1896 1316 1972 παρέχειν
1346 1895 1541 1958 αὐτοὺς
1597 1896 1734 1971 πρὸς
1761 1893 1889 1956 τοὺς
1919 1894 2054 1947 Ῥω-

2173 1903 2506 1959 conditione
2531 1910 2597 1959 ut
2624 1921 2730 1976 per
2754 1886 2943 1960 annos
2976 1906 3217 1979 triginta
3245 1886 3568 1977 quotannis
3612 1908 3821 1965 Sarra-

405 1987 600 2064 μαίους
627 1986 859 2064 χρυσίου
889 1982 1148 2061 χιλιάδας
1184 1986 1215 2039 ι’
1244 1986 1357 2059 (87)
1388 1985 1479 2040 καὶ
1509 1982 1707 2061 ἄνδρας
1746 1982 2055 2059 αἰχμαλώ-

399 2098 529 2140 τους
561 2078 605 2151 ρ⁶
635 2076 724 2131 καὶ
750 2073 957 2140 ’ίππους
1012 2075 1245 2152 εὐγενεῖς
1273 2077 1317 2130 ν’
1345 2073 1434 2129 ἐπὶ
1481 2076 1706 2151 χρόνοις
1759 2072 1827 2132 λ’.
1878 2077 2058 2129 Ταῦτα

405 2166 666 2241 μαθόντες
697 2166 749 2220 οἱ
801 2166 870 2220 τὰ
919 2163 1173 2239 Ἐσπὲρια
1230 2165 1508 2227 οἰκοῦντες
1550 2161 1700 2240 δῶρα
1748 2160 2055 2225 στείλαντες

403 2259 490 2331 [Ρ.
532 2256 662 2328 438]
693 2259 775 2328 τῷ
806 2252 1028 2330 βασιλεῖ
1056 2254 1280 2330 εΐρήνην
1327 2253 1558 2328 ᾔτησαν*
1610 2257 1694 2318 οἷς
1723 2251 1864 2324 εἷ’ξας
1896 2253 1924 2308 6
1959 2252 2054 2328 βα-

403 2347 588 2410 σιλεὺς
645 2346 884 2422 ἐκύρωσε
938 2345 1163 2417 ταύτην,
1223 2345 1313 2400 καὶ
1369 2345 1558 2422 γέγονε
1608 2342 1907 2419 ἀμεριμνία
1969 2363 2059 2417 με·

400 2435 545 2516 γάλη
578 2434 633 2492 ἔν
662 2456 721 2491 τε
747 2438 818 2509 τῇ
846 2432 1110 2508 ’Λνατολῇ
1143 2434 1234 2489 καὶ
1271 2437 1342 2509 τῇ
1384 2434 1563 2491 Δύσει.

470 2550 565 2620 Τῷ
596 2548 626 2602 ι’
665 2539 772 2602 ἔτει
830 2546 881 2601 οἱ
934 2543 1242 2623 Βούλγαροι
1300 2542 1544 2615 ἐπῆλθον
1587 2546 1656 2618 τῇ
1709 2542 1915 2618 Θρᾴκῃ,
1965 2540 2057 2597 καὶ

398 2641 498 2694 τοῦ
556 2634 829 2711 βασιλέως
890 2639 1006 2689 κατ’
1074 2632 1250 2688 αὐτῶν
1306 2631 1727 2711 στρατεύσαντος
1785 2632 2058 2700 ἡττῶνται

395 2726 673 2800 Ῥωμαῖοι
704 2725 796 2780 καὶ
824 2720 1033 2780 πολλοὶ
1072 2722 1354 2781 πίπτουσι.
1407 2719 1759 2795 Βουλόμενος
1808 2717 1866 2775 δὲ
1896 2720 1924 2775 6
1959 2720 2061 2796 βα-

405 2815 592 2879 σιλεὺς
628 2808 776 2890 ἔχειν
837 2813 1055 2889 εὶρήνην
1129 2814 1264 2885 μετὰ
1320 2810 1531 2867 πάντων
1588 2814 1804 2885 στοιχεῖ
1857 2808 2058 2879 πάκτα,

401 2906 496 2962 καὶ
529 2906 815 2981 ὑποχωρεῖ
843 2903 919 2965 εἷς
972 2901 1246 2981 αἰσχύνην
1300 2901 1369 2956 τὰ
1423 2904 1531 2956 τῶν
1588 2901 1923 2977 Χριστιανῶν
1987 2901 2057 2973 τῇ

403 2993 602 3049 τούτου
632 2988 953 3068 ἀϐελτηρὶᾳ.

472 3101 533 3158 Ἦ
569 3097 626 3155 δὲ
664 3096 793 3174 ἁγία
823 3098 914 3165 καὶ
971 3096 1322 3171 οἱκουμενικῆ
1364 3097 1410 3160 ς’
1458 3091 1684 3159 σύνυδος
1737 3093 1948 3171 γέγονεν
2007 3092 2062 3150 ἰν

407 3185 1001 3255 Κωνσταντινουπόλει,
1059 3185 1423 3241 συνελθόντων
1485 3187 1604 3249 οπθ¹
1654 3183 1821 3262 ἁγίων
1890 3183 2062 3241 Πατέ-

2166 1993 2298 2047 ceni
2315 1994 2598 2048 Romanis
2624 1993 2958 2065 penderent
2986 1995 3113 2050 auri
3137 1995 3327 2050 millia
3349 1999 3435 2061 10,
3468 2013 3666 2051 servos
3695 1997 3818 2067 100,

2166 2098 2350 2152 equos
2380 2099 2701 2154 generosos
2726 2086 2814 2139 50.
2852 2085 2984 2138 Hzec
3032 2083 3131 2138 ubi
3184 2090 3578 2156 perceperunt
3623 2085 3663 2139 ii
3713 2085 3815 2156 qui

2165 2171 2449 2226 Occasum
2478 2171 2840 2242 incolebant,
2873 2173 3074 2229 missis
3104 2173 3174 2229 ad
3200 2174 3617 2246 imperatorem
3643 2173 3816 2230 donis

2165 2276 2371 2331 pacem
2404 2261 2757 2332 petiverunt.
2792 2263 2979 2327 Quam
3010 2262 3057 2317 is
3080 2279 3284 2318 eorum
3306 2263 3642 2319 concedens
3672 2264 3822 2335 peti-

2164 2349 2313 2405 tioni
2374 2350 2593 2405 sanxit.
2644 2352 2731 2405 Ita
2774 2356 2835 2405 et
2881 2350 2943 2406 in
2987 2351 3228 2407 Oriente
3285 2356 3346 2408 et
3391 2352 3453 2407 in
3503 2352 3820 2409 Occidente

2169 2454 2384 2510 magna
2411 2438 2525 2493 fuit
2553 2438 2742 2509 quies.

2237 2547 2407 2600 Anno
2427 2545 2667 2624 decimo
2684 2546 2917 2619 Bulgari
2939 2548 3245 2603 Thraciam
3277 2548 3824 2603 invaserunt.Cum-

2167 2651 2282 2706 que
2322 2634 2632 2691 adversum
2692 2652 2793 2691 eos
2852 2637 3178 2709 imperator
3232 2637 3519 2705 duxisset,
3572 2637 3822 2693 Romani

2165 2724 2300 2779 victi
2333 2729 2492 2793 sunt,
2523 2725 2817 2796 multique
2847 2725 3186 2782 desiderati.
3247 2728 3393 2782 Cum
3443 2728 3515 2781 iis
3564 2727 3821 2798 impera-

2168 2819 2261 2869 tor
2305 2818 2544 2886 pactum
2594 2814 2717 2884 icit,
2752 2815 2955 2871 omnia
3002 2816 3247 2887 cupiens
3297 2815 3517 2871 habere
3564 2821 3818 2887 pacata;

2167 2904 2416 2977 ejusque
2446 2904 2768 2960 stoliditate
2817 2922 2911 2960 res
2954 2905 3290 2961 Christiana
3345 2905 3604 2961 dedecus
3653 2923 3820 2962 acce-

2169 2994 2276 3065 pit.

2238 3103 2412 3156 Anno
2445 3101 2815 3156 Constantini
2847 3101 3047 3174 hujus,
3080 3102 3180 3173 qui
3238 3102 3426 3157 ﬁlium
3477 3101 3687 3157 habuit
3724 3102 3822 3157 Ju-

2173 3190 2522 3259 stinianum,
2556 3207 2738 3263 supra
2775 3190 3074 3245 decimum
3110 3191 3302 3260 tertio,
3335 3197 3502 3246 sexta
3531 3195 3735 3246 sancta
3767 3197 3828 3246 et

410 3298 546 3355 ρων,
579 3275 630 3332 ἐν
662 3277 739 3349 τῷ
772 3277 835 3353 ιγ’
864 3273 968 3332 ἔτει
1008 3281 1106 3349 τῆς
1168 3273 1451 3350 βασιλείας
1502 3275 1911 3331 Κωνσταντίνου
1963 3277 2059 3330 τοῦ

2175 3255 2528 3335 universalis
2577 3255 2840 3352 synodus
2888 3280 3049 3352 Cpoli
3100 3280 3230 3346 fuit,
3283 3255 3548 3335 collectis
3605 3297 3673 3335 eo
3716 3282 3823 3335 289

406 3367 613 3443 πατρὸς
644 3368 1049 3424 Ἰουστινιανοῦ’
1078 3366 1147 3435 ἦς
1187 3367 1420 3440 ἡγοῦντο
1476 3365 1855 3441 τοποτηρηταὶ
1903 3364 2063 3441 Ἀγά-

405 3468 580 3521 θωνος
610 3453 765 3510 πάπα
789 3455 1014 3528 Ῥώμης
1047 3452 1329 3530 Θεόδωρος
1360 3453 1449 3509 καὶ
1500 3454 1774 3530 Γεώργιος
1823 3448 2058 3529 πρεσϐύ-

391 3564 546 3620 τεροι
608 3543 698 3600 καὶ
758 3543 1013 3612 Ἰωάννης
1072 3540 1348 3612 διάκονος,
1415 3541 1851 3622 ἀρχιεπίσκοπος
1912 3549 2060 3598 Κων-

408 3631 910 3695 σταντινουπόλεως
1002 3632 1291 3707 Γεώργιος,
1364 3632 1638 3709 Θεοφάνης
1692 3632 2060 3706 Ἀντιοχείας,

414 3724 501 3778 ὑπ’
532 3723 701 3793 αὐτῆς
730 3723 1140 3800 χειροτονηθεὶς
1168 3728 1269 3792 τῆς
1303 3718 1532 3776 συνόδου
1564 3719 1654 3776 διὰ
1683 3722 1746 3778 τὸ
1775 3721 1868 3777 τὸν
1921 3742 2059 3798 προ-

412 3812 754 3889 ηγησάμενον
785 3811 1060 3888 Μακάριον
1117 3812 1501 3886 καθαιρεθῆναι
1552 3810 1677 3867 τότε
1721 3811 1796 3875 ὡς
1853 3813 2059 3867 ἂντενε-

409 3904 608 3977 χθέντα
652 3908 769 3965 τοῖς
830 3903 920 3958 ὑπ’
979 3902 1150 3973 αὐτῆς
1212 3897 1484 3976 ὀρθδόξως
1552 3898 2059 3979 δογματιζομένοις,

405 3998 521 4061 Τῆς
554 3989 612 4047 δὲ
635 3988 958 4063 διοικήσεως
986 3988 1394 4065 Ἀλεξανδρείας
1429 3990 1627 4066 Πέτρος
1658 3992 1903 4066 μοναχὸς
1926 3994 2062 4065 (88),

402 4086 503 4150 τῆς
534 4077 592 4136 δὲ
622 4085 730 4135 τῶν
762 4078 1167 4157 Ἰεροσολύμων
1201 4077 1377 4142 οὐδεὶς
1410 4075 1499 4135 διὰ
1543 4079 1606 4135 τὸ
1657 4081 1782 4142 τοὺς
1838 4080 2061 4155 θρόνους

406 4169 674 4245 χηρεύειν
730 4174 1087 4246 πατριαρχῶν
1130 4169 1559 4245 κατασχεθέντας
1606 4169 1905 4241 τηνικαῦτα
1957 4170 2063 4227 ὑπὸ

405 4265 760 4336 Σαρακηνῶν.
823 4261 1293 4336 Συνηθροίσθησαν
1351 4258 1407 4316 δὲ
1454 4260 1590 4316 κατᾶ
1640 4259 1926 4337 Θεοδώρου
1966 4266 2063 4318 τοῦ

403 4356 506 4419 τῆς
534 4350 720 4425 Φαρὰν
740 4348 1062 4423 ἐπισκόπου,
1093 4350 1361 4420 Ὀνωρίου
1392 4350 1640 4424 Ῥώμης,
1670 4350 1846 4427 Κύρου
1875 4348 2062 4422 Ἀλεξ-

406 4435 681 4513 ανδρείας,
714 4440 941 4517 Σεργίου
1011 4436 1069 4495 δὲ
1127 4439 1215 4494 καὶ
1277 4438 1492 4517 Ιιύῤῥου
1548 4441 1636 4495 καὶ
1694 4439 1914 4496 Παύλου
1970 4442 2067 4497 καὶ·

410 4525 617 4602 Πέτρου
674 4526 986 4584 ἐπισκόπων
1043 4527 1671 4591 Κωνσταντινουπόλεως
1728 4528 2060 4604 γεγονότων,

2171 3370 2392 3425 sanctis
2414 3369 2706 3425 Patribus.
2730 3368 3037 3441 Principes
3058 3370 3297 3424 fuerunt
3311 3370 3632 3442 Agathonis
3655 3385 3824 3441 papa:

2172 3459 2419 3515 Romani
2451 3459 2647 3514 locum
2690 3463 2981 3526 tenentes,
3035 3458 3376 3513 Theodorus
3425 3475 3493 3514 ac
3543 3458 3825 3530 Georgius

2170 3550 2499 3622 presbyteri
2523 3551 2854 3604 etJoannes
2878 3549 3183 3612 diaconus,
3212 3554 3335 3604 tum
3362 3548 3644 3621 Georgius
3674 3548 3828 3620 Cpo—

2170 3640 2391 3695 litanus
2433 3645 2490 3694 et
2535 3639 2923 3711 Theophanes
2980 3639 3309 3694 Antiochiae
3368 3638 3824 3711 archiepiscopi,

2170 3730 2268 3785 hic
2300 3730 2484 3801 ipsius
2515 3734 2642 3784 tum
2683 3729 2923 3784 concilii
2978 3729 3275 3801 suffragiis
3326 3728 3618 3794 delectus,
3665 3733 3826 3783 moto

2171 3819 2457 3888 dignitate
2479 3818 2752 3888 Macario,
2776 3816 2933 3889 quod
2958 3818 3087 3887 ejus
3116 3835 3178 3872 se
3207 3834 3367 3873 sanae
3396 3817 3668 3891 religioni
3689 3835 3829 3873 con-

2169 3907 2518 3981 gruentibus
2569 3906 2824 3962 decretis
2869 3911 3215 3978 Opponeret.
3268 3905 3643 3961 Gubernabat
3699 3912 3825 3961 tum

2169 3998 2631 4053 Alexandrinam
2666 3996 2810 4050 187
2846 3994 3171 4050 Ecclesium
3214 3996 3421 4049 Petrus
3470 3996 3823 4065 monachus,

2170 4085 2717 4158 Hierosolymorum
2750 4100 2948 4152 nemo,
2983 4083 3144 4137 soliis
3176 4083 3648 4155 patriarcharum
3699 4100 3830 4138 ses-

2172 4193 2303 4233 sore
2329 4180 2455 4231 tum
2484 4174 2851 4242 vacantibus,
2889 4173 3046 4245 quod
3085 4177 3256 4228 erant
3285 4190 3319 4228 a
3349 4172 3688 4227 Sarracenis
3720 4190 3825 4227 oc-

2170 4273 2403 4340 cupata.
2446 4267 2724 4321 Coactum
2756 4265 2869 4319 fuit
2897 4265 3007 4319 hoc
3038 4263 3357 4318 concilium
3389 4267 3597 4317 contra
3634 4263 3825 4317 Theo-

2170 4356 2381 4413 dorum
2421 4354 2731 4421 Pharanis,
2776 4353 3098 4408 Honorium
3156 4354 3379 4417 Romze,
3428 4353 3645 4423 Cyrum
3696 4351 3830 4407 Ale-

2170 4444 2436 4500 xandriai
2467 4444 2800 4517 episcopos,
2835 4446 2895 4498 et
2913 4442 3202 4514 Sergium,
3228 4441 3543 4513 Pyrrhum,
3571 4441 3824 4497 Paulum

2170 4551 2238 4590 ac
2266 4536 2530 4602 Petrum,
2563 4533 2661 4604 qui
2694 4532 3017 4605 Cpolitanze
3040 4532 3317 4587 Ecclesiae
3342 4531 3579 4587 fuerant
3597 4531 3831 4603 episco-

405 4612 485 4671 ἔτι
516 4614 572 4672 δὲ
600 4616 691 4673 καὶ
721 4618 861 4674 κατᾶ
888 4621 996 4673 τῶν
1026 4616 1477 4673 ἆνακαινισάντων
1523 4618 1622 4687 τήν
1674 4616 1879 4693 αἳρεσιν
1931 4619 2059 4673 τού-

2173 4624 2255 4696 pi,
2310 4623 2574 4694 itemque
2631 4622 2913 4678 adversus
2972 4637 3076 4676 eos
3132 4621 3233 4693 qui
3295 4622 3508 4677 horum
3566 4621 3823 4676 haeresin

402 4726 535 4774 των,
569 4708 851 4782 Μακαρίου
907 4710 1006 4762 τοῦ
1064 4704 1461 4780 ὀνομασθέντος
1519 4706 1859 4783 Ἀντιοχείας
1918 4727 2058 4781 προ-

404 4792 587 4870 έδρου,
618 4794 896 4872 Στεφάνου
932 4798 1179 4870 μαθητοῦ
1209 4794 1375 4852 αὐτοῦ
1404 4795 1495 4850 καὶ
1527 4793 1914 4872 Πολυχρονίου
1945 4801 2058 4874 (89)

402 4888 503 4938 τοῦ
533 4885 910 4963 νηπιόφρονος
947 4886 1219 4962 γέροντος,
1278 4882 1550 4961 λεγόντων
1602 4881 1655 4940 ἔν
1706 4886 1925 4962 θέλημα
1967 4889 2060 4944 καὶ

2171 4712 2556 4780 renovabant,
2590 4728 2842 4783 quorum
2872 4710 2985 4765 fuit
3013 4710 3298 4766 Macarius
3328 4711 3573 4766 nomine
3611 4711 3826 4765 Antio-

2171 4801 2318 4857 chiae
2348 4818 2591 4872 praeses,
2623 4801 2957 4871 Stephanus
2991 4800 3120 4872 ejus
3151 4798 3501 4871 discipulus,
3547 4804 3608 4853 et
3660 4798 3829 4871 Poly-

2170 4891 2451 4947 chronius
2481 4889 2694 4963 puerili
2755 4890 3027 4945 fatuitate
3078 4908 3281 4946 senex.
3332 4888 3724 4944 Afﬁrmabant
3769 4889 3829 4943 hi

1589 5057 1956 5118 XYLANDRI
2009 5065 2097 5118 ET
2153 5064 2370 5119 GOARI
2424 5061 2648 5116 NOTAE.

479 5200 593 5277 (81)
624 5201 880 5277 Zonaras
912 5201 1089 5277 habet
1118 5203 1443 5277 tria.iNotaa
1476 5216 1864 5277 numerorum
1901 5204 1931 5258 ι’
1961 5222 2066 5277 pro

407 5272 457 5399 ξ’
489 5272 705 5399 algae)?
728 5273 953 5331 habent
982 5274 1221 5343 ﬁguras.
1246 5276 1453 5330 Servos
1476 5289 1713 5344 quoque
1741 5276 1917 5331 habet
1945 5272 2069 5334 tan-

439 5360 538 5398 um
612 5386 624 5398 .
712 5362 796 5399 YL.

439 5360 538 5398 um
571 5360 624 5398 δ.
659 5360 796 5400 ᾸΥῙ..

484 5414 597 5487 (88)
630 5416 886 5472 Verbum
920 5418 977 5473 in
1009 5418 1207 5473 Graeco
1239 5417 1481 5484 deﬁcit;
1517 5422 1573 5470 et
1621 5432 1760 5472 vero
1811 5418 2067 5477 Zonaras

411 5485 633 5564 diserte
683 5489 889 5564 scribit
946 5488 1401 5564 Alexandriam“
1426 5495 1568 5543 tunc
1591 5488 2068 5564 _archiepiscopo

410 5558 698 5634 caruisse,
730 5576 766 5634 a
795 5561 1124 5634 Saracenis,
1157 5565 1223 5615 ut
1249 5566 1307 5616 et
1338 5559 1767 5634 Hierosolyma,
1815 5558 2072 5634 occup'a-

407 5633 552 5715 tam:
588 5630 702 5712 sed
838 5633 998 5715 Actis
1033 5634 1213 5715 hujus
1245 5630 1479 5715 synodi,
1522 5630 1654 5703 qua;
1704 5638 1763 5689 et
1809 5630 2071 5715 citantur

405 5702 681 5758 centuria
741 5704 1012 5760 Historiae
1072 5702 1499 5760 ECclesiastica)
1566 5719 1731 5759 novae
1792 5705 2067 5778 septima,

2179 5209 2371 5262 exstat
2398 5207 2641 5277 Petrum
2668 5204 3081 5277 presbyterum
3123 5210 3201 5277 et,
3230 5205 3591 5262 monachum
3633 5205 3830 5259 locum

2179 5278 2444 5333 tenuisse
2476 5275 2905 5347 archiepiscopi
2941 5276 3348 5332 Alexandrini.
3378 5279 3515 5333 XYL.

2252 5349 2364 5420 (89)
2412 5349 2638 5403 Nomen
2690 5348 2986 5413 monachi,
3038 5347 3140 5420 qui
3200 5350 3485 5404 mentitus
3542 5348 3829 5403 visionem

2177 5419 2458 5487 divinam,
2493 5420 2767 5474 haeresim
2801 5436 2967 5474 suam
3000 5426 3066 5473 ut
3104 5419 3471 5488 defenderet,
3526 5425 3832 5475 mortuum

2177 5509 2307 5548 sese
2329 5493 2392 5547 in
2414 5492 2594 5546 vitam
2619 5496 3030 5564 revocaturum
3055 5490 3275 5564 scheda
3297 5508 3420 5546 suae
3442 5491 3832 5564 professionis

2177 5564 2458 5636 imposita
2475 5562 2760 5636 jactavit;
2794 5568 2852 5617 et
2879 5579 3013 5618 cum
3062 5562 3137 5617 ad
3185 5578 3319 5636 rem
3363 5562 3613 5636 ventum
3654 5569 3832 5636 esset.

2177 5633 2431 5707 turpiter
2461 5633 2590 5707 sese
2618 5633 2802 5707 dedit,
2827 5651 3021 5706 neque
3046 5640 3243 5690 tamen
3268 5633 3341 5689 ab
3365 5651 3563 5691 errore
3583 5634 3831 5695 destitit.

2178 5704 2324 5763 Acta
2352 5705 2593 5778 Synodi.
2629 5704 2766 5760 XrL.
