  <div class='ocr_page' id='page_1' title='image "/cluster/home/n/w/nwhite01/storage/ocr_20150623/121:no.1/coo.31924054870260/431.png"; bbox 0 0 4120 6436; ppageno 0'>
   <div class='ocr_carea' id='block_1_1' title="bbox 358 422 478 483">
    <p class='ocr_par' dir='ltr' id='par_1_1' title="bbox 358 422 478 483">
     <span class='ocr_line' id='line_1_1' title="bbox 358 422 478 483; baseline 0 0"><span class='ocrx_word' id='word_1_1' title='bbox 358 422 478 483; x_wconf 89' lang='lat'>839</span> 
     </span>
    </p>
   </div>
   <div class='ocr_carea' id='block_1_2' title="bbox 1722 421 2441 487">
    <p class='ocr_par' dir='ltr' id='par_1_2' title="bbox 1722 421 2441 487">
     <span class='ocr_line' id='line_1_2' title="bbox 1722 421 2441 487; baseline 0.003 -4"><span class='ocrx_word' id='word_1_2' title='bbox 1722 421 2046 484; x_wconf 80' lang='lat' dir='ltr'>GEORGII</span> <span class='ocrx_word' id='word_1_3' title='bbox 2088 422 2441 487; x_wconf 84' lang='lat' dir='ltr'>CEDRENI</span> 
     </span>
    </p>
   </div>
   <div class='ocr_carea' id='block_1_3' title="bbox 3664 421 3788 484">
    <p class='ocr_par' dir='ltr' id='par_1_3' title="bbox 3664 421 3788 484">
     <span class='ocr_line' id='line_1_3' title="bbox 3664 421 3788 484; baseline -0.008 0"><span class='ocrx_word' id='word_1_4' title='bbox 3664 421 3788 484; x_wconf 66' lang='lat'>840</span> 
     </span>
    </p>
   </div>
   <div class='ocr_carea' id='block_1_4' title="bbox 360 553 1993 633">
    <p class='ocr_par' dir='ltr' id='par_1_4' title="bbox 360 556 1993 614">
     <span class='ocr_line' id='line_1_4' title="bbox 360 556 1993 614; baseline -0.001 -2"><span class='ocrx_word' id='word_1_5' title='bbox 360 557 601 614; x_wconf 90' lang='lat' dir='ltr'>unicam</span> <span class='ocrx_word' id='word_1_6' title='bbox 631 557 773 613; x_wconf 89' lang='lat' dir='ltr'>Jesu</span> <span class='ocrx_word' id='word_1_7' title='bbox 812 556 1028 613; x_wconf 80' lang='lat' dir='ltr'>Christi</span> <span class='ocrx_word' id='word_1_8' title='bbox 1086 572 1215 613; x_wconf 90' lang='lat' dir='ltr'>esse</span> <span class='ocrx_word' id='word_1_9' title='bbox 1274 573 1408 612; x_wconf 91' lang='lat' dir='ltr'>cum</span> <span class='ocrx_word' id='word_1_10' title='bbox 1464 556 1829 612; x_wconf 76' lang='lat' dir='ltr'>voluntatem</span> <span class='ocrx_word' id='word_1_11' title='bbox 1884 561 1993 612; x_wconf 75' lang='lat' dir='ltr'>tun</span> 
     </span>
    </p>
   </div>
   <div class='ocr_carea' id='block_1_5' title="bbox 2104 553 3790 633">
    <p class='ocr_par' dir='ltr' id='par_1_5' title="bbox 2130 553 3790 633">
     <span class='ocr_line' id='line_1_5' title="bbox 2130 553 3790 633; baseline -0.001 -24"><span class='ocrx_word' id='word_1_12' title='bbox 2130 553 2258 629; x_wconf 87' lang='grc' dir='ltr'>μίαν</span> <span class='ocrx_word' id='word_1_13' title='bbox 2287 553 2551 633; x_wconf 71' lang='grc' dir='ltr'>ἐνέργειαν</span> <span class='ocrx_word' id='word_1_14' title='bbox 2580 554 2672 611; x_wconf 75' lang='grc' dir='ltr'>ἐπὶ</span> <span class='ocrx_word' id='word_1_15' title='bbox 2697 558 2795 611; x_wconf 90' lang='grc' dir='ltr'>τοῦ</span> <span class='ocrx_word' id='word_1_16' title='bbox 2820 555 3031 629; x_wconf 79' lang='grc' dir='ltr'>Κυρίου</span> <span class='ocrx_word' id='word_1_17' title='bbox 3072 555 3108 624; x_wconf 82' lang='grc' dir='ltr'><strong>ἡ</strong></span> <span class='ocrx_word' id='word_1_18' title='bbox 3119 558 3237 626; x_wconf 85' lang='grc' dir='ltr'>μῶν</span> <span class='ocrx_word' id='word_1_19' title='bbox 3294 556 3478 624; x_wconf 87' lang='grc' dir='ltr'>Ἰησοῦ</span> <span class='ocrx_word' id='word_1_20' title='bbox 3526 556 3790 629; x_wconf 85' lang='grc' dir='ltr'>Χριστοῦ.</span> 
     </span>
    </p>
   </div>
   <div class='ocr_carea' id='block_1_6' title="bbox 359 646 2020 718">
    <p class='ocr_par' dir='ltr' id='par_1_6' title="bbox 359 646 2020 718">
     <span class='ocr_line' id='line_1_6' title="bbox 359 646 2020 718; baseline -0.001 -17"><span class='ocrx_word' id='word_1_21' title='bbox 359 646 573 718; x_wconf 79' lang='lat' dir='ltr'>agendi</span> <span class='ocrx_word' id='word_1_22' title='bbox 604 646 740 701; x_wconf 89' lang='lat' dir='ltr'>vim.</span> <span class='ocrx_word' id='word_1_23' title='bbox 777 647 932 712; x_wconf 90' lang='lat' dir='ltr'>Quos</span> <span class='ocrx_word' id='word_1_24' title='bbox 964 646 1227 718; x_wconf 86' lang='lat' dir='ltr'>synodus</span> <span class='ocrx_word' id='word_1_25' title='bbox 1254 646 1563 708; x_wconf 86' lang='lat' dir='ltr'>damnans,</span> <span class='ocrx_word' id='word_1_26' title='bbox 1614 646 2020 718; x_wconf 81' lang='lat' dir='ltr'>pronuntiavit</span> 
     </span>
    </p>
   </div>
   <div class='ocr_carea' id='block_1_7' title="bbox 362 735 2018 806">
    <p class='ocr_par' dir='ltr' id='par_1_7' title="bbox 362 735 2018 806">
     <span class='ocr_line' id='line_1_7' title="bbox 362 735 2018 806; baseline 0 -16"><span class='ocrx_word' id='word_1_27' title='bbox 362 735 511 790; x_wconf 84' lang='lat' dir='ltr'>duas</span> <span class='ocrx_word' id='word_1_28' title='bbox 540 735 844 790; x_wconf 78' lang='lat' dir='ltr'>naturales</span> <span class='ocrx_word' id='word_1_29' title='bbox 902 736 1237 790; x_wconf 80' lang='lat' dir='ltr'>voluntates</span> <span class='ocrx_word' id='word_1_30' title='bbox 1292 735 1659 806; x_wconf 88' lang='lat' dir='ltr'>totidemque</span> <span class='ocrx_word' id='word_1_31' title='bbox 1712 736 2018 791; x_wconf 89' lang='lat' dir='ltr'>naturales</span> 
     </span>
    </p>
   </div>
   <div class='ocr_carea' id='block_1_8' title="bbox 362 822 2017 895">
    <p class='ocr_par' dir='ltr' id='par_1_8' title="bbox 362 822 2017 895">
     <span class='ocr_line' id='line_1_8' title="bbox 362 822 2017 895; baseline 0 -18"><span class='ocrx_word' id='word_1_32' title='bbox 362 823 573 895; x_wconf 89' lang='lat' dir='ltr'>agendi</span> <span class='ocrx_word' id='word_1_33' title='bbox 599 822 910 879; x_wconf 87' lang='lat' dir='ltr'>facultates</span> <span class='ocrx_word' id='word_1_34' title='bbox 942 841 1004 879; x_wconf 94' lang='lat' dir='ltr'>se</span> <span class='ocrx_word' id='word_1_35' title='bbox 1035 841 1153 878; x_wconf 89' lang='lat' dir='ltr'>uno</span> <span class='ocrx_word' id='word_1_36' title='bbox 1184 825 1435 880; x_wconf 90' lang='lat' dir='ltr'>Domino</span> <span class='ocrx_word' id='word_1_37' title='bbox 1457 830 1662 879; x_wconf 90' lang='lat' dir='ltr'>nostro</span> <span class='ocrx_word' id='word_1_38' title='bbox 1690 826 1828 879; x_wconf 83' lang='lat' dir='ltr'>Jesu</span> <span class='ocrx_word' id='word_1_39' title='bbox 1857 824 2017 880; x_wconf 85' lang='lat' dir='ltr'>Chri-</span> 
     </span>
    </p>
   </div>
   <div class='ocr_carea' id='block_1_9' title="bbox 362 913 2015 970">
    <p class='ocr_par' dir='ltr' id='par_1_9' title="bbox 362 913 2015 970">
     <span class='ocr_line' id='line_1_9' title="bbox 362 913 2015 970; baseline 0.001 -4"><span class='ocrx_word' id='word_1_40' title='bbox 362 918 453 967; x_wconf 93' lang='lat' dir='ltr'>sto</span> <span class='ocrx_word' id='word_1_41' title='bbox 485 913 898 970; x_wconf 86' lang='lat' dir='ltr'>demonstrari.</span> <span class='ocrx_word' id='word_1_42' title='bbox 931 914 1221 969; x_wconf 85' lang='lat' dir='ltr'>Similiter</span> <span class='ocrx_word' id='word_1_43' title='bbox 1242 914 1313 969; x_wconf 90' lang='lat' dir='ltr'>de</span> <span class='ocrx_word' id='word_1_44' title='bbox 1338 915 1520 969; x_wconf 87' lang='lat' dir='ltr'>sacris</span> <span class='ocrx_word' id='word_1_45' title='bbox 1558 915 1792 969; x_wconf 90' lang='lat' dir='ltr'>Domini</span> <span class='ocrx_word' id='word_1_46' title='bbox 1825 913 2015 969; x_wconf 84' lang='lat' dir='ltr'>nostri</span> 
     </span>
    </p>
   </div>
   <div class='ocr_carea' id='block_1_10' title="bbox 361 1002 2016 1076">
    <p class='ocr_par' dir='ltr' id='par_1_10' title="bbox 361 1002 2016 1076">
     <span class='ocr_line' id='line_1_10' title="bbox 361 1002 2016 1076; baseline 0.001 -21"><span class='ocrx_word' id='word_1_47' title='bbox 361 1002 422 1055; x_wconf 90' lang='lat' dir='ltr'>in</span> <span class='ocrx_word' id='word_1_48' title='bbox 457 1018 635 1057; x_wconf 88' lang='lat' dir='ltr'>carne</span> <span class='ocrx_word' id='word_1_49' title='bbox 666 1002 1205 1058; x_wconf 85' lang='lat' dir='ltr'>administrationis</span> <span class='ocrx_word' id='word_1_50' title='bbox 1236 1003 1523 1076; x_wconf 81' lang='lat' dir='ltr'>symbolis</span> <span class='ocrx_word' id='word_1_51' title='bbox 1562 1004 1644 1058; x_wconf 90' lang='lat' dir='ltr'>ita</span> <span class='ocrx_word' id='word_1_52' title='bbox 1674 1003 1913 1058; x_wconf 87' lang='lat' dir='ltr'>statuit:</span> <span class='ocrx_word' id='word_1_53' title='bbox 1948 1004 2016 1057; x_wconf 91' lang='lat' dir='ltr'>In</span> 
     </span>
    </p>
   </div>
   <div class='ocr_carea' id='block_1_11' title="bbox 358 1090 2015 1165">
    <p class='ocr_par' dir='ltr' id='par_1_11' title="bbox 358 1090 2015 1165">
     <span class='ocr_line' id='line_1_11' title="bbox 358 1090 2015 1165; baseline 0 -20"><span class='ocrx_word' id='word_1_54' title='bbox 358 1090 715 1161; x_wconf 87' lang='lat' dir='ltr'>quibusdam</span> <span class='ocrx_word' id='word_1_55' title='bbox 731 1092 1206 1147; x_wconf 86' lang='lat' dir='ltr'>venerandarum</span> <span class='ocrx_word' id='word_1_56' title='bbox 1223 1093 1546 1165; x_wconf 78' lang='lat' dir='ltr'>imaginum</span> <span class='ocrx_word' id='word_1_57' title='bbox 1568 1092 1814 1163; x_wconf 89' lang='lat' dir='ltr'>picturis</span> <span class='ocrx_word' id='word_1_58' title='bbox 1827 1107 2015 1163; x_wconf 89' lang='lat' dir='ltr'>agnus</span> 
     </span>
    </p>
   </div>
   <div class='ocr_carea' id='block_1_12' title="bbox 358 1179 2014 1253">
    <p class='ocr_par' dir='ltr' id='par_1_12' title="bbox 358 1179 2014 1253">
     <span class='ocr_line' id='line_1_12' title="bbox 358 1179 2014 1253; baseline -0.001 -18"><span class='ocrx_word' id='word_1_59' title='bbox 358 1179 732 1251; x_wconf 84' lang='lat' dir='ltr'>exprimitur,</span> <span class='ocrx_word' id='word_1_60' title='bbox 787 1180 969 1253; x_wconf 77' lang='lat' dir='ltr'>digito</span> <span class='ocrx_word' id='word_1_61' title='bbox 1005 1182 1398 1237; x_wconf 68' lang='lat' dir='ltr'>Praecursoris</span> <span class='ocrx_word' id='word_1_62' title='bbox 1447 1187 1858 1248; x_wconf 85' lang='lat' dir='ltr'>monstratus;</span> <span class='ocrx_word' id='word_1_63' title='bbox 1912 1179 2014 1251; x_wconf 90' lang='lat' dir='ltr'>qui</span> 
     </span>
    </p>
   </div>
   <div class='ocr_carea' id='block_1_13' title="bbox 353 1270 2014 1343">
    <p class='ocr_par' dir='ltr' id='par_1_13' title="bbox 353 1270 2014 1343">
     <span class='ocr_line' id='line_1_13' title="bbox 353 1270 2014 1343; baseline 0.001 -20"><span class='ocrx_word' id='word_1_64' title='bbox 353 1275 412 1324; x_wconf 90' lang='lat' dir='ltr'>et</span> <span class='ocrx_word' id='word_1_65' title='bbox 432 1287 537 1340; x_wconf 88' lang='lat' dir='ltr'>pro</span> <span class='ocrx_word' id='word_1_66' title='bbox 560 1270 885 1341; x_wconf 85' lang='lat' dir='ltr'>exemplari</span> <span class='ocrx_word' id='word_1_67' title='bbox 905 1271 1109 1343; x_wconf 73' lang='lat' dir='ltr'>gratim</span> <span class='ocrx_word' id='word_1_68' title='bbox 1132 1277 1411 1342; x_wconf 89' lang='lat' dir='ltr'>acceptus</span> <span class='ocrx_word' id='word_1_69' title='bbox 1436 1274 2014 1342; x_wconf 74' lang='lat' dir='ltr'>est,prwmonstrans</span> 
     </span>
    </p>
   </div>
   <div class='ocr_carea' id='block_1_14' title="bbox 352 1359 2013 1433">
    <p class='ocr_par' dir='ltr' id='par_1_14' title="bbox 352 1359 2013 1433">
     <span class='ocr_line' id='line_1_14' title="bbox 352 1359 2013 1433; baseline 0.001 -19"><span class='ocrx_word' id='word_1_70' title='bbox 352 1376 460 1431; x_wconf 86' lang='lat' dir='ltr'>per</span> <span class='ocrx_word' id='word_1_71' title='bbox 489 1359 682 1433; x_wconf 80' lang='lat' dir='ltr'>legem</span> <span class='ocrx_word' id='word_1_72' title='bbox 712 1360 885 1415; x_wconf 90' lang='lat' dir='ltr'>nobis</span> <span class='ocrx_word' id='word_1_73' title='bbox 915 1377 1123 1416; x_wconf 88' lang='lat' dir='ltr'>verum</span> <span class='ocrx_word' id='word_1_74' title='bbox 1174 1368 1405 1433; x_wconf 83' lang='lat' dir='ltr'>Agnum</span> <span class='ocrx_word' id='word_1_75' title='bbox 1444 1360 1769 1416; x_wconf 88' lang='lat' dir='ltr'>Christum.</span> <span class='ocrx_word' id='word_1_76' title='bbox 1809 1361 2013 1430; x_wconf 89' lang='lat' dir='ltr'>Itaque</span> 
     </span>
    </p>
   </div>
   <div class='ocr_carea' id='block_1_15' title="bbox 354 1449 2011 1520">
    <p class='ocr_par' dir='ltr' id='par_1_15' title="bbox 354 1449 2011 1520">
     <span class='ocr_line' id='line_1_15' title="bbox 354 1449 2011 1520; baseline 0.001 -17"><span class='ocrx_word' id='word_1_77' title='bbox 354 1455 553 1504; x_wconf 86' lang='lat' dir='ltr'>vetera</span> <span class='ocrx_word' id='word_1_78' title='bbox 583 1449 906 1505; x_wconf 90' lang='lat' dir='ltr'>simulacra</span> <span class='ocrx_word' id='word_1_79' title='bbox 935 1456 996 1506; x_wconf 90' lang='lat' dir='ltr'>et</span> <span class='ocrx_word' id='word_1_80' title='bbox 1023 1450 1287 1520; x_wconf 88' lang='lat' dir='ltr'>umbras,</span> <span class='ocrx_word' id='word_1_81' title='bbox 1318 1451 1405 1506; x_wconf 91' lang='lat' dir='ltr'>uti</span> <span class='ocrx_word' id='word_1_82' title='bbox 1457 1451 1717 1506; x_wconf 89' lang='lat' dir='ltr'>veritatis</span> <span class='ocrx_word' id='word_1_83' title='bbox 1756 1455 2011 1505; x_wconf 89' lang='lat' dir='ltr'>tesseras</span> 
     </span>
    </p>
   </div>
   <div class='ocr_carea' id='block_1_16' title="bbox 353 1539 2008 1613">
    <p class='ocr_par' dir='ltr' id='par_1_16' title="bbox 353 1539 2008 1613">
     <span class='ocr_line' id='line_1_16' title="bbox 353 1539 2008 1613; baseline 0.002 -21"><span class='ocrx_word' id='word_1_84' title='bbox 353 1554 421 1593; x_wconf 92' lang='lat' dir='ltr'>ac</span> <span class='ocrx_word' id='word_1_85' title='bbox 446 1539 782 1610; x_wconf 85' lang='lat' dir='ltr'>propositas</span> <span class='ocrx_word' id='word_1_86' title='bbox 813 1539 1001 1594; x_wconf 91' lang='lat' dir='ltr'>multo</span> <span class='ocrx_word' id='word_1_87' title='bbox 1028 1546 1165 1595; x_wconf 88' lang='lat' dir='ltr'>ante</span> <span class='ocrx_word' id='word_1_88' title='bbox 1194 1540 1440 1613; x_wconf 80' lang='lat' dir='ltr'>efﬁgies.</span> <span class='ocrx_word' id='word_1_89' title='bbox 1466 1539 1709 1596; x_wconf 88' lang='lat' dir='ltr'>traditas</span> <span class='ocrx_word' id='word_1_90' title='bbox 1731 1539 2008 1595; x_wconf 74' lang='lat' dir='ltr'>Ecclesiaa</span> 
     </span>
    </p>
   </div>
   <div class='ocr_carea' id='block_1_17' title="bbox 353 1626 2005 1702">
    <p class='ocr_par' dir='ltr' id='par_1_17' title="bbox 353 1626 2005 1702">
     <span class='ocr_line' id='line_1_17' title="bbox 353 1626 2005 1702; baseline -0.001 -19"><span class='ocrx_word' id='word_1_91' title='bbox 353 1626 802 1699; x_wconf 89' lang='lat' dir='ltr'>amplectentes,</span> <span class='ocrx_word' id='word_1_92' title='bbox 827 1628 921 1683; x_wconf 89' lang='lat' dir='ltr'>his</span> <span class='ocrx_word' id='word_1_93' title='bbox 954 1634 1154 1683; x_wconf 89' lang='lat' dir='ltr'>tamen</span> <span class='ocrx_word' id='word_1_94' title='bbox 1178 1628 1548 1700; x_wconf 71' lang='lat' dir='ltr'>praaferimus</span> <span class='ocrx_word' id='word_1_95' title='bbox 1561 1629 1810 1702; x_wconf 82' lang='lat' dir='ltr'>gratiam</span> <span class='ocrx_word' id='word_1_96' title='bbox 1828 1632 2005 1698; x_wconf 90' lang='lat' dir='ltr'>atque</span> 
     </span>
    </p>
   </div>
   <div class='ocr_carea' id='block_1_18' title="bbox 350 1716 2003 1790">
    <p class='ocr_par' dir='ltr' id='par_1_18' title="bbox 350 1716 2003 1790">
     <span class='ocr_line' id='line_1_18' title="bbox 350 1716 2003 1790; baseline 0.001 -22"><span class='ocrx_word' id='word_1_97' title='bbox 350 1716 679 1785; x_wconf 87' lang='lat' dir='ltr'>veritatem,</span> <span class='ocrx_word' id='word_1_98' title='bbox 711 1733 889 1786; x_wconf 91' lang='lat' dir='ltr'>quam</span> <span class='ocrx_word' id='word_1_99' title='bbox 920 1722 985 1772; x_wconf 92' lang='lat' dir='ltr'>ut</span> <span class='ocrx_word' id='word_1_100' title='bbox 1013 1716 1155 1789; x_wconf 81' lang='lat' dir='ltr'>legis</span> <span class='ocrx_word' id='word_1_101' title='bbox 1180 1717 1624 1790; x_wconf 87' lang='lat' dir='ltr'>implectionem</span> <span class='ocrx_word' id='word_1_102' title='bbox 1645 1716 2003 1788; x_wconf 85' lang='lat' dir='ltr'>accepimus.</span> 
     </span>
    </p>
   </div>
   <div class='ocr_carea' id='block_1_19' title="bbox 351 1804 2007 1878">
    <p class='ocr_par' dir='ltr' id='par_1_19' title="bbox 351 1804 2007 1878">
     <span class='ocr_line' id='line_1_19' title="bbox 351 1804 2007 1878; baseline 0.001 -20"><span class='ocrx_word' id='word_1_103' title='bbox 351 1804 608 1865; x_wconf 85' lang='lat' dir='ltr'>Proinde</span> <span class='ocrx_word' id='word_1_104' title='bbox 627 1810 692 1859; x_wconf 91' lang='lat' dir='ltr'>ut</span> <span class='ocrx_word' id='word_1_105' title='bbox 719 1806 1050 1876; x_wconf 85' lang='lat' dir='ltr'>perfectum</span> <span class='ocrx_word' id='word_1_106' title='bbox 1074 1807 1152 1861; x_wconf 90' lang='lat' dir='ltr'>sit</span> <span class='ocrx_word' id='word_1_107' title='bbox 1181 1806 1239 1861; x_wconf 90' lang='lat' dir='ltr'>id</span> <span class='ocrx_word' id='word_1_108' title='bbox 1262 1806 1420 1878; x_wconf 90' lang='lat' dir='ltr'>quod</span> <span class='ocrx_word' id='word_1_109' title='bbox 1443 1808 1623 1861; x_wconf 89' lang='lat' dir='ltr'>etiam</span> <span class='ocrx_word' id='word_1_110' title='bbox 1649 1806 1713 1861; x_wconf 92' lang='lat' dir='ltr'>in</span> <span class='ocrx_word' id='word_1_111' title='bbox 1739 1805 2007 1860; x_wconf 89' lang='lat' dir='ltr'>colorum</span> 
     </span>
    </p>
   </div>
   <div class='ocr_carea' id='block_1_20' title="bbox 2127 641 3788 723">
    <p class='ocr_par' dir='ltr' id='par_1_20' title="bbox 2127 641 3788 723">
     <span class='ocr_line' id='line_1_20' title="bbox 2127 641 3788 723; baseline -0.002 -23"><span class='ocrx_word' id='word_1_112' title='bbox 2127 644 2230 709; x_wconf 75' lang='grc' dir='ltr'>Οῧς</span> <span class='ocrx_word' id='word_1_113' title='bbox 2262 645 2695 719; x_wconf 82' lang='grc' dir='ltr'>ἆναθεματίσασα</span> <span class='ocrx_word' id='word_1_114' title='bbox 2742 644 3045 723; x_wconf 71' lang='grc' dir='ltr'>έξεφώνησε</span> <span class='ocrx_word' id='word_1_115' title='bbox 3101 641 3196 698; x_wconf 90' lang='grc' dir='ltr'>δύο</span> <span class='ocrx_word' id='word_1_116' title='bbox 3247 641 3534 715; x_wconf 83' lang='grc' dir='ltr'>θελήματα</span> <span class='ocrx_word' id='word_1_117' title='bbox 3585 642 3788 721; x_wconf 79' lang='grc' dir='ltr'>φυσικὰ</span> 
     </span>
    </p>
   </div>
   <div class='ocr_carea' id='block_1_21' title="bbox 2122 731 3788 808">
    <p class='ocr_par' dir='ltr' id='par_1_21' title="bbox 2122 731 3788 808">
     <span class='ocr_line' id='line_1_21' title="bbox 2122 731 3788 808; baseline -0.001 -20"><span class='ocrx_word' id='word_1_118' title='bbox 2122 735 2291 808; x_wconf 84' lang='grc' dir='ltr'>ἣγουν</span> <span class='ocrx_word' id='word_1_119' title='bbox 2323 734 2577 806; x_wconf 77' lang='grc' dir='ltr'>θελήσεις</span> <span class='ocrx_word' id='word_1_120' title='bbox 2633 734 2726 789; x_wconf 83' lang='grc' dir='ltr'>καὶ</span> <span class='ocrx_word' id='word_1_121' title='bbox 2766 731 2863 789; x_wconf 86' lang='grc' dir='ltr'>δύο</span> <span class='ocrx_word' id='word_1_122' title='bbox 2922 733 3150 795; x_wconf 68' lang='grc' dir='ltr'>φυσικὰς</span> <span class='ocrx_word' id='word_1_123' title='bbox 3211 732 3482 807; x_wconf 76' lang='grc' dir='ltr'>ἐνεργείας</span> <span class='ocrx_word' id='word_1_124' title='bbox 3541 731 3629 787; x_wconf 75' lang='grc' dir='ltr'>ἐπὶ</span> <span class='ocrx_word' id='word_1_125' title='bbox 3687 734 3788 788; x_wconf 90' lang='grc' dir='ltr'>τοῦ</span> 
     </span>
    </p>
   </div>
   <div class='ocr_carea' id='block_1_22' title="bbox 2124 820 3785 897">
    <p class='ocr_par' dir='ltr' id='par_1_22' title="bbox 2124 820 3785 897">
     <span class='ocr_line' id='line_1_22' title="bbox 2124 820 3785 897; baseline -0.002 -20"><span class='ocrx_word' id='word_1_126' title='bbox 2124 823 2242 885; x_wconf 75' lang='grc' dir='ltr'>ἐνὸς</span> <span class='ocrx_word' id='word_1_127' title='bbox 2274 820 2579 887; x_wconf 81' lang='grc' dir='ltr'>δείκνυσθαι</span> <span class='ocrx_word' id='word_1_128' title='bbox 2623 825 2862 897; x_wconf 77' lang='grc' dir='ltr'><strong>Χριστοῦ</strong></span> <span class='ocrx_word' id='word_1_129' title='bbox 2916 826 3015 877; x_wconf 90' lang='grc' dir='ltr'>τοῦ</span> <span class='ocrx_word' id='word_1_130' title='bbox 3075 824 3211 876; x_wconf 87' lang='grc' dir='ltr'>Θεοῦ</span> <span class='ocrx_word' id='word_1_131' title='bbox 3267 822 3445 893; x_wconf 75' lang='grc' dir='ltr'>ἡμῶν.</span> <span class='ocrx_word' id='word_1_132' title='bbox 3507 820 3785 883; x_wconf 78' lang='grc' dir='ltr'>Ὡσαύτως</span> 
     </span>
    </p>
   </div>
   <div class='ocr_carea' id='block_1_23' title="bbox 2120 910 3786 988">
    <p class='ocr_par' dir='ltr' id='par_1_23' title="bbox 2120 910 3786 988">
     <span class='ocr_line' id='line_1_23' title="bbox 2120 910 3786 988; baseline -0.001 -23"><span class='ocrx_word' id='word_1_133' title='bbox 2120 910 2209 965; x_wconf 88' lang='grc' dir='ltr'>καὶ</span> <span class='ocrx_word' id='word_1_134' title='bbox 2243 913 2366 987; x_wconf 88' lang='grc' dir='ltr'>περὶ</span> <span class='ocrx_word' id='word_1_135' title='bbox 2396 919 2504 968; x_wconf 82' lang='grc' dir='ltr'>τῶν</span> <span class='ocrx_word' id='word_1_136' title='bbox 2533 914 2695 988; x_wconf 76' lang='grc' dir='ltr'>ἱερῶν</span> <span class='ocrx_word' id='word_1_137' title='bbox 2725 918 2824 980; x_wconf 85' lang='grc' dir='ltr'>τῆς</span> <span class='ocrx_word' id='word_1_138' title='bbox 2878 914 3124 987; x_wconf 79' lang='grc' dir='ltr'>Χριστοῦ</span> <span class='ocrx_word' id='word_1_139' title='bbox 3165 913 3265 965; x_wconf 90' lang='grc' dir='ltr'>τοῦ</span> <span class='ocrx_word' id='word_1_140' title='bbox 3314 913 3450 964; x_wconf 89' lang='grc' dir='ltr'>Θεοῦ</span> <span class='ocrx_word' id='word_1_141' title='bbox 3511 911 3666 982; x_wconf 68' lang='grc' dir='ltr'>ἡμῶν</span> <span class='ocrx_word' id='word_1_142' title='bbox 3699 910 3786 963; x_wconf 72' lang='grc' dir='ltr'>οἱ-</span> 
     </span>
    </p>
   </div>
   <div class='ocr_carea' id='block_1_24' title="bbox 2120 998 3784 1076">
    <p class='ocr_par' dir='ltr' id='par_1_24' title="bbox 2120 998 3784 1076">
     <span class='ocr_line' id='line_1_24' title="bbox 2120 998 3784 1076; baseline -0.001 -20"><span class='ocrx_word' id='word_1_143' title='bbox 2120 1000 2387 1075; x_wconf 83' lang='grc' dir='ltr'>κονομίας</span> <span class='ocrx_word' id='word_1_144' title='bbox 2421 998 2717 1076; x_wconf 80' lang='grc' dir='ltr'>συμϐόλων</span> <span class='ocrx_word' id='word_1_145' title='bbox 2746 1000 2952 1072; x_wconf 76' lang='grc' dir='ltr'>ἐξέθετο</span> <span class='ocrx_word' id='word_1_146' title='bbox 2991 1000 3191 1061; x_wconf 73' lang='grc' dir='ltr'>οὕτως·</span> <span class='ocrx_word' id='word_1_147' title='bbox 3245 1000 3342 1056; x_wconf 86' lang='grc' dir='ltr'>Ἔν</span> <span class='ocrx_word' id='word_1_148' title='bbox 3391 1020 3498 1055; x_wconf 88' lang='grc' dir='ltr'>τισι</span> <span class='ocrx_word' id='word_1_149' title='bbox 3544 1004 3652 1054; x_wconf 85' lang='grc' dir='ltr'>τῶν</span> <span class='ocrx_word' id='word_1_150' title='bbox 3696 1020 3784 1055; x_wconf 84' lang='grc' dir='ltr'>σε·</span> 
     </span>
    </p>
   </div>
   <div class='ocr_carea' id='block_1_25' title="bbox 2121 1086 3784 1171">
    <p class='ocr_par' dir='ltr' id='par_1_25' title="bbox 2121 1086 3784 1171">
     <span class='ocr_line' id='line_1_25' title="bbox 2121 1086 3784 1171; baseline 0.001 -26"><span class='ocrx_word' id='word_1_151' title='bbox 2121 1096 2271 1146; x_wconf 83' lang='grc' dir='ltr'>πτῶν</span> <span class='ocrx_word' id='word_1_152' title='bbox 2300 1092 2523 1148; x_wconf 76' lang='grc' dir='ltr'>εἰκόνων</span> <span class='ocrx_word' id='word_1_153' title='bbox 2551 1097 2781 1171; x_wconf 81' lang='grc' dir='ltr'>γραφαῖς</span> <span class='ocrx_word' id='word_1_154' title='bbox 2826 1091 3001 1165; x_wconf 83' lang='grc' dir='ltr'>ἀμνὸς</span> <span class='ocrx_word' id='word_1_155' title='bbox 3035 1087 3289 1164; x_wconf 79' lang='grc' dir='ltr'>δακτύλῳ</span> <span class='ocrx_word' id='word_1_156' title='bbox 3323 1094 3421 1145; x_wconf 89' lang='grc' dir='ltr'>τοῦ</span> <span class='ocrx_word' id='word_1_157' title='bbox 3452 1086 3784 1165; x_wconf 84' lang='grc' dir='ltr'>Προδρόμου</span> 
     </span>
    </p>
   </div>
   <div class='ocr_carea' id='block_1_26' title="bbox 2121 1176 3785 1261">
    <p class='ocr_par' dir='ltr' id='par_1_26' title="bbox 2121 1176 3785 1261">
     <span class='ocr_line' id='line_1_26' title="bbox 2121 1176 3785 1261; baseline -0.001 -26"><span class='ocrx_word' id='word_1_158' title='bbox 2121 1176 2469 1255; x_wconf 72' lang='grc' dir='ltr'>δεικνύμενος</span> <span class='ocrx_word' id='word_1_159' title='bbox 2508 1180 2927 1261; x_wconf 85' lang='grc' dir='ltr'>έγχαράττεται·</span> <span class='ocrx_word' id='word_1_160' title='bbox 2961 1179 3020 1241; x_wconf 81' lang='grc' dir='ltr'>ὅς</span> <span class='ocrx_word' id='word_1_161' title='bbox 3052 1181 3140 1235; x_wconf 85' lang='grc' dir='ltr'>καὶ</span> <span class='ocrx_word' id='word_1_162' title='bbox 3192 1178 3269 1242; x_wconf 81' lang='grc' dir='ltr'>είς</span> <span class='ocrx_word' id='word_1_163' title='bbox 3316 1178 3486 1234; x_wconf 81' lang='grc' dir='ltr'>τύπον</span> <span class='ocrx_word' id='word_1_164' title='bbox 3543 1177 3785 1254; x_wconf 71' lang='grc' dir='ltr'>παρελή-</span> 
     </span>
    </p>
   </div>
   <div class='ocr_carea' id='block_1_27' title="bbox 2119 1266 3782 1348">
    <p class='ocr_par' dir='ltr' id='par_1_27' title="bbox 2119 1266 3782 1348">
     <span class='ocr_line' id='line_1_27' title="bbox 2119 1266 3782 1348; baseline -0.002 -21"><span class='ocrx_word' id='word_1_165' title='bbox 2119 1282 2227 1348; x_wconf 79' lang='grc' dir='ltr'>φθη</span> <span class='ocrx_word' id='word_1_166' title='bbox 2254 1278 2355 1341; x_wconf 84' lang='grc' dir='ltr'>τῆς</span> <span class='ocrx_word' id='word_1_167' title='bbox 2385 1272 2637 1347; x_wconf 81' lang='grc' dir='ltr'>χάριτος,</span> <span class='ocrx_word' id='word_1_168' title='bbox 2672 1273 2765 1326; x_wconf 89' lang='grc' dir='ltr'>τὸν</span> <span class='ocrx_word' id='word_1_169' title='bbox 2797 1268 3059 1343; x_wconf 82' lang='grc' dir='ltr'>ἀληθινὸν</span> <span class='ocrx_word' id='word_1_170' title='bbox 3094 1272 3231 1343; x_wconf 76' lang='grc' dir='ltr'>ἡμῖν</span> <span class='ocrx_word' id='word_1_171' title='bbox 3282 1266 3372 1324; x_wconf 81' lang='grc' dir='ltr'>διὰ</span> <span class='ocrx_word' id='word_1_172' title='bbox 3420 1269 3594 1343; x_wconf 87' lang='grc' dir='ltr'>νόμου</span> <span class='ocrx_word' id='word_1_173' title='bbox 3643 1289 3782 1343; x_wconf 89' lang='grc' dir='ltr'>προ-</span> 
     </span>
    </p>
   </div>
   <div class='ocr_carea' id='block_1_28' title="bbox 2119 1356 3780 1439">
    <p class='ocr_par' dir='ltr' id='par_1_28' title="bbox 2119 1356 3780 1439">
     <span class='ocr_line' id='line_1_28' title="bbox 2119 1356 3780 1439; baseline -0.001 -24"><span class='ocrx_word' id='word_1_174' title='bbox 2119 1360 2475 1439; x_wconf 74' lang='grc' dir='ltr'>ϋπεμφαίνων</span> <span class='ocrx_word' id='word_1_175' title='bbox 2506 1362 2710 1435; x_wconf 86' lang='grc' dir='ltr'>Ἀμνὸν</span> <span class='ocrx_word' id='word_1_176' title='bbox 2745 1361 2979 1435; x_wconf 84' lang='grc' dir='ltr'>Χριστὸν</span> <span class='ocrx_word' id='word_1_177' title='bbox 3010 1361 3105 1416; x_wconf 87' lang='grc' dir='ltr'>τὸν</span> <span class='ocrx_word' id='word_1_178' title='bbox 3137 1359 3265 1415; x_wconf 86' lang='grc' dir='ltr'>Θεὸν</span> <span class='ocrx_word' id='word_1_179' title='bbox 3297 1360 3481 1433; x_wconf 84' lang='grc' dir='ltr'>ἡμῶν.</span> <span class='ocrx_word' id='word_1_180' title='bbox 3512 1356 3652 1420; x_wconf 81' lang='grc' dir='ltr'>Τοὺς</span> <span class='ocrx_word' id='word_1_181' title='bbox 3685 1358 3780 1414; x_wconf 83' lang='grc' dir='ltr'>οῦν</span> 
     </span>
    </p>
   </div>
   <div class='ocr_carea' id='block_1_29' title="bbox 2115 1446 3781 1521">
    <p class='ocr_par' dir='ltr' id='par_1_29' title="bbox 2115 1446 3781 1521">
     <span class='ocr_line' id='line_1_29' title="bbox 2115 1446 3781 1521; baseline -0.002 -17"><span class='ocrx_word' id='word_1_182' title='bbox 2115 1447 2387 1512; x_wconf 78' lang='grc' dir='ltr'>παλαιοὺς</span> <span class='ocrx_word' id='word_1_183' title='bbox 2415 1450 2621 1515; x_wconf 78' lang='grc' dir='ltr'>τύπους</span> <span class='ocrx_word' id='word_1_184' title='bbox 2648 1450 2740 1506; x_wconf 85' lang='grc' dir='ltr'>καὶ</span> <span class='ocrx_word' id='word_1_185' title='bbox 2792 1449 2989 1521; x_wconf 80' lang='grc' dir='ltr'>σκηνὰς</span> <span class='ocrx_word' id='word_1_186' title='bbox 3039 1450 3114 1510; x_wconf 84' lang='grc' dir='ltr'>ὡς</span> <span class='ocrx_word' id='word_1_187' title='bbox 3160 1455 3261 1519; x_wconf 86' lang='grc' dir='ltr'>τῆς</span> <span class='ocrx_word' id='word_1_188' title='bbox 3317 1446 3578 1519; x_wconf 80' lang='grc' dir='ltr'>ἀληθείας</span> <span class='ocrx_word' id='word_1_189' title='bbox 3635 1447 3781 1521; x_wconf 78' lang='grc' dir='ltr'>σύμ·</span> 
     </span>
    </p>
   </div>
   <div class='ocr_carea' id='block_1_30' title="bbox 2116 1532 3784 1616">
    <p class='ocr_par' dir='ltr' id='par_1_30' title="bbox 2116 1532 3784 1616">
     <span class='ocr_line' id='line_1_30' title="bbox 2116 1532 3784 1616; baseline 0 -24"><span class='ocrx_word' id='word_1_190' title='bbox 2116 1532 2260 1593; x_wconf 75' lang='grc' dir='ltr'>ϐολά</span> <span class='ocrx_word' id='word_1_191' title='bbox 2288 1559 2349 1593; x_wconf 80' lang='grc' dir='ltr'>τε</span> <span class='ocrx_word' id='word_1_192' title='bbox 2376 1539 2466 1593; x_wconf 79' lang='grc' dir='ltr'>καὶ</span> <span class='ocrx_word' id='word_1_193' title='bbox 2514 1540 2957 1616; x_wconf 88' lang='grc' dir='ltr'>προχαράγματα</span> <span class='ocrx_word' id='word_1_194' title='bbox 3003 1541 3074 1611; x_wconf 79' lang='grc' dir='ltr'>τῇ</span> <span class='ocrx_word' id='word_1_195' title='bbox 3123 1535 3425 1608; x_wconf 74' lang='grc' dir='ltr'>Ἐκκλησία</span> <span class='ocrx_word' id='word_1_196' title='bbox 3473 1533 3784 1613; x_wconf 83' lang='grc' dir='ltr'>παραδεδο-</span> 
     </span>
    </p>
   </div>
   <div class='ocr_carea' id='block_1_31' title="bbox 2118 1622 3784 1699">
    <p class='ocr_par' dir='ltr' id='par_1_31' title="bbox 2118 1622 3784 1699">
     <span class='ocr_line' id='line_1_31' title="bbox 2118 1622 3784 1699; baseline 0 -21"><span class='ocrx_word' id='word_1_197' title='bbox 2118 1624 2309 1697; x_wconf 87' lang='grc' dir='ltr'>μένους</span> <span class='ocrx_word' id='word_1_198' title='bbox 2338 1626 2648 1694; x_wconf 89' lang='grc' dir='ltr'>κατασπαζό</span> <span class='ocrx_word' id='word_1_199' title='bbox 2659 1645 2808 1698; x_wconf 91' lang='grc' dir='ltr'>μενοι</span> <span class='ocrx_word' id='word_1_200' title='bbox 2836 1625 2937 1695; x_wconf 84' lang='grc' dir='ltr'>τὴν</span> <span class='ocrx_word' id='word_1_201' title='bbox 2974 1625 3137 1699; x_wconf 84' lang='grc' dir='ltr'>χάριν</span> <span class='ocrx_word' id='word_1_202' title='bbox 3179 1623 3537 1698; x_wconf 83' lang='grc' dir='ltr'>προτιμῶμεν</span> <span class='ocrx_word' id='word_1_203' title='bbox 3562 1622 3653 1676; x_wconf 84' lang='grc' dir='ltr'>καὶ</span> <span class='ocrx_word' id='word_1_204' title='bbox 3679 1624 3784 1693; x_wconf 77' lang='grc' dir='ltr'>τὴν</span> 
     </span>
    </p>
   </div>
   <div class='ocr_carea' id='block_1_32' title="bbox 2114 1707 3785 1788">
    <p class='ocr_par' dir='ltr' id='par_1_32' title="bbox 2114 1707 3785 1788">
     <span class='ocr_line' id='line_1_32' title="bbox 2114 1707 3785 1788; baseline -0.001 -22"><span class='ocrx_word' id='word_1_205' title='bbox 2114 1711 2400 1783; x_wconf 69' lang='grc' dir='ltr'>ἀληθειαν,</span> <span class='ocrx_word' id='word_1_206' title='bbox 2442 1714 2516 1776; x_wconf 87' lang='grc' dir='ltr'>ὡς</span> <span class='ocrx_word' id='word_1_207' title='bbox 2549 1715 2701 1786; x_wconf 80' lang='grc'>[439]</span> <span class='ocrx_word' id='word_1_208' title='bbox 2732 1710 3019 1788; x_wconf 81' lang='grc' dir='ltr'>πλήρωμα</span> <span class='ocrx_word' id='word_1_209' title='bbox 3048 1713 3225 1785; x_wconf 91' lang='grc' dir='ltr'>νόμου</span> <span class='ocrx_word' id='word_1_210' title='bbox 3254 1711 3460 1782; x_wconf 87' lang='grc' dir='ltr'>ταύτην</span> <span class='ocrx_word' id='word_1_211' title='bbox 3517 1707 3785 1780; x_wconf 81' lang='grc' dir='ltr'>ὑποδεξά-</span> 
     </span>
    </p>
   </div>
   <div class='ocr_carea' id='block_1_33' title="bbox 2120 1799 3780 1877">
    <p class='ocr_par' dir='ltr' id='par_1_33' title="bbox 2120 1799 3780 1877">
     <span class='ocr_line' id='line_1_33' title="bbox 2120 1799 3780 1877; baseline -0.001 -21"><span class='ocrx_word' id='word_1_212' title='bbox 2120 1822 2294 1875; x_wconf 86' lang='grc' dir='ltr'>μενοι.</span> <span class='ocrx_word' id='word_1_213' title='bbox 2328 1803 2416 1866; x_wconf 74' lang='grc' dir='ltr'>Ὠς</span> <span class='ocrx_word' id='word_1_214' title='bbox 2448 1800 2508 1858; x_wconf 72' lang='grc' dir='ltr'>ἄν</span> <span class='ocrx_word' id='word_1_215' title='bbox 2544 1803 2638 1858; x_wconf 81' lang='grc' dir='ltr'>οὗν</span> <span class='ocrx_word' id='word_1_216' title='bbox 2664 1804 2727 1858; x_wconf 88' lang='grc' dir='ltr'>τὸ</span> <span class='ocrx_word' id='word_1_217' title='bbox 2755 1802 2965 1857; x_wconf 87' lang='grc' dir='ltr'>τέλειον</span> <span class='ocrx_word' id='word_1_218' title='bbox 2993 1803 3091 1857; x_wconf 74' lang='grc' dir='ltr'>κᾶν</span> <span class='ocrx_word' id='word_1_219' title='bbox 3120 1807 3241 1866; x_wconf 84' lang='grc' dir='ltr'>ταῖς</span> <span class='ocrx_word' id='word_1_220' title='bbox 3284 1799 3780 1877; x_wconf 78' lang='grc' dir='ltr'>’χρωματουργίαις</span> 
     </span>
    </p>
   </div>
   <div class='ocr_carea' id='block_1_34' title="bbox 355 1887 1993 1996">
    <p class='ocr_par' dir='ltr' id='par_1_34' title="bbox 355 1894 1993 1967">
     <span class='ocr_line' id='line_1_34' title="bbox 355 1894 1993 1967; baseline 0.001 -21"><span class='ocrx_word' id='word_1_221' title='bbox 355 1894 605 1965; x_wconf 87' lang='lat' dir='ltr'>picturis</span> <span class='ocrx_word' id='word_1_222' title='bbox 617 1895 886 1949; x_wconf 87' lang='lat' dir='ltr'>omnium</span> <span class='ocrx_word' id='word_1_223' title='bbox 911 1896 1255 1967; x_wconf 90' lang='lat' dir='ltr'>conspectui</span> <span class='ocrx_word' id='word_1_224' title='bbox 1271 1895 1931 1967; x_wconf 82' lang='lat' dir='ltr'>exponitur,statuimus</span> <span class='ocrx_word' id='word_1_225' title='bbox 1944 1900 1993 1949; x_wconf 75' lang='lat' dir='ltr'>ut</span> 
     </span>
    </p>
   </div>
   <div class='ocr_carea' id='block_1_35' title="bbox 2104 1887 3782 1996">
    <p class='ocr_par' dir='ltr' id='par_1_35' title="bbox 2118 1887 3782 1996">
     <span class='ocr_line' id='line_1_35' title="bbox 2118 1887 3782 1970; baseline -0.002 -24"><span class='ocrx_word' id='word_1_226' title='bbox 2118 1889 2171 1945; x_wconf 81' lang='grc' dir='ltr'>ἐν</span> <span class='ocrx_word' id='word_1_227' title='bbox 2200 1896 2317 1953; x_wconf 88' lang='grc' dir='ltr'>ταῖς</span> <span class='ocrx_word' id='word_1_228' title='bbox 2345 1891 2597 1946; x_wconf 81' lang='grc' dir='ltr'>ἁπάντων</span> <span class='ocrx_word' id='word_1_229' title='bbox 2628 1887 2812 1966; x_wconf 77' lang='grc' dir='ltr'>ὄψεσιν</span> <span class='ocrx_word' id='word_1_230' title='bbox 2862 1890 3270 1970; x_wconf 78' lang='grc' dir='ltr'>ὑπογράφηται,</span> <span class='ocrx_word' id='word_1_231' title='bbox 3312 1888 3405 1944; x_wconf 85' lang='grc' dir='ltr'>τὸν</span> <span class='ocrx_word' id='word_1_232' title='bbox 3456 1894 3553 1945; x_wconf 89' lang='grc' dir='ltr'>τοῦ</span> <span class='ocrx_word' id='word_1_233' title='bbox 3597 1888 3782 1964; x_wconf 78' lang='grc' dir='ltr'>αἴρον-</span> 
     </span>
     <span class='ocr_line' id='line_1_36' title="bbox 2279 1976 3770 1996; baseline -0.001 0"><span class='ocrx_word' id='word_1_234' title='bbox 2279 1982 2291 1996; x_wconf 85' lang='grc'>.</span> <span class='ocrx_word' id='word_1_235' title='bbox 2376 1982 2389 1996; x_wconf 91' lang='grc'>.</span> <span class='ocrx_word' id='word_1_236' title='bbox 2555 1981 2567 1996; x_wconf 88' lang='grc'>.</span> <span class='ocrx_word' id='word_1_237' title='bbox 2733 1984 2757 1995; x_wconf 80' lang='lat'>-</span> <span class='ocrx_word' id='word_1_238' title='bbox 2843 1976 2854 1996; x_wconf 77' lang='grc' dir='ltr'><strong><em>Ι</em></strong></span> <span class='ocrx_word' id='word_1_239' title='bbox 3025 1981 3069 1996; x_wconf 86' lang='grc'>..</span> <span class='ocrx_word' id='word_1_240' title='bbox 3198 1983 3225 1994; x_wconf 63' lang='grc' dir='ltr'>ρ.</span> <span class='ocrx_word' id='word_1_241' title='bbox 3260 1982 3298 1996; x_wconf 74' lang='grc' dir='ltr'><strong><em>υ</em></strong></span> <span class='ocrx_word' id='word_1_242' title='bbox 3464 1982 3490 1994; x_wconf 79' lang='grc'>-</span> <span class='ocrx_word' id='word_1_243' title='bbox 3589 1983 3610 1994; x_wconf 82' lang='grc'>-</span> <span class='ocrx_word' id='word_1_244' title='bbox 3639 1984 3673 1996; x_wconf 64' lang='grc' dir='ltr'><strong>Α</strong></span> <span class='ocrx_word' id='word_1_245' title='bbox 3740 1983 3770 1995; x_wconf 89' lang='grc'>..</span> 
     </span>
    </p>
   </div>
   <div class='ocr_carea' id='block_1_36' title="bbox 353 1983 2003 2057">
    <p class='ocr_par' dir='ltr' id='par_1_36' title="bbox 353 1983 2003 2057">
     <span class='ocr_line' id='line_1_37' title="bbox 353 1983 2003 2057; baseline 0 -20"><span class='ocrx_word' id='word_1_246' title='bbox 353 1997 530 2054; x_wconf 90' lang='lat' dir='ltr'>porro</span> <span class='ocrx_word' id='word_1_247' title='bbox 565 1983 692 2038; x_wconf 89' lang='lat' dir='ltr'>loco</span> <span class='ocrx_word' id='word_1_248' title='bbox 726 1984 939 2039; x_wconf 88' lang='lat' dir='ltr'>veteris</span> <span class='ocrx_word' id='word_1_249' title='bbox 970 1985 1107 2057; x_wconf 89' lang='lat' dir='ltr'>agni</span> <span class='ocrx_word' id='word_1_250' title='bbox 1134 1986 1397 2040; x_wconf 89' lang='lat' dir='ltr'>humana</span> <span class='ocrx_word' id='word_1_251' title='bbox 1421 1984 1772 2055; x_wconf 88' lang='lat' dir='ltr'>Christi,qui</span> <span class='ocrx_word' id='word_1_252' title='bbox 1803 1986 2003 2056; x_wconf 84' lang='lat' dir='ltr'>Agnus</span> 
     </span>
    </p>
   </div>
   <div class='ocr_carea' id='block_1_37' title="bbox 350 2072 2001 2145">
    <p class='ocr_par' dir='ltr' id='par_1_37' title="bbox 350 2072 2001 2145">
     <span class='ocr_line' id='line_1_38' title="bbox 350 2072 2001 2145; baseline 0.001 -19"><span class='ocrx_word' id='word_1_253' title='bbox 350 2072 556 2127; x_wconf 92' lang='lat' dir='ltr'>mundi</span> <span class='ocrx_word' id='word_1_254' title='bbox 588 2079 830 2143; x_wconf 86' lang='lat' dir='ltr'>peccata</span> <span class='ocrx_word' id='word_1_255' title='bbox 861 2074 1121 2139; x_wconf 88' lang='lat' dir='ltr'>sustulit,</span> <span class='ocrx_word' id='word_1_256' title='bbox 1156 2074 1379 2145; x_wconf 82' lang='lat' dir='ltr'>efﬁgies</span> <span class='ocrx_word' id='word_1_257' title='bbox 1414 2074 1474 2128; x_wconf 92' lang='lat' dir='ltr'>in</span> <span class='ocrx_word' id='word_1_258' title='bbox 1527 2073 1677 2128; x_wconf 75' lang='lat'>768</span> <span class='ocrx_word' id='word_1_259' title='bbox 1726 2072 2001 2144; x_wconf 82' lang='lat' dir='ltr'>imagini-</span> 
     </span>
    </p>
   </div>
   <div class='ocr_carea' id='block_1_38' title="bbox 347 2161 2001 2235">
    <p class='ocr_par' dir='ltr' id='par_1_38' title="bbox 347 2161 2001 2235">
     <span class='ocr_line' id='line_1_39' title="bbox 347 2161 2001 2235; baseline 0.001 -18"><span class='ocrx_word' id='word_1_260' title='bbox 347 2161 460 2217; x_wconf 90' lang='lat' dir='ltr'>bus</span> <span class='ocrx_word' id='word_1_261' title='bbox 490 2169 767 2234; x_wconf 87' lang='lat' dir='ltr'>ponatur,‘</span> <span class='ocrx_word' id='word_1_262' title='bbox 801 2180 872 2217; x_wconf 85' lang='lat' dir='ltr'>ex</span> <span class='ocrx_word' id='word_1_263' title='bbox 902 2165 1033 2235; x_wconf 90' lang='lat' dir='ltr'>ipsa</span> <span class='ocrx_word' id='word_1_264' title='bbox 1061 2164 1395 2219; x_wconf 89' lang='lat' dir='ltr'>humilitate</span> <span class='ocrx_word' id='word_1_265' title='bbox 1427 2163 1805 2218; x_wconf 86' lang='lat' dir='ltr'>altitudinem</span> <span class='ocrx_word' id='word_1_266' title='bbox 1831 2163 2001 2218; x_wconf 89' lang='lat' dir='ltr'>Verbi</span> 
     </span>
    </p>
   </div>
   <div class='ocr_carea' id='block_1_39' title="bbox 347 2247 2001 2320">
    <p class='ocr_par' dir='ltr' id='par_1_39' title="bbox 347 2247 2001 2320">
     <span class='ocr_line' id='line_1_40' title="bbox 347 2247 2001 2320; baseline 0.002 -19"><span class='ocrx_word' id='word_1_267' title='bbox 347 2248 771 2319; x_wconf 88' lang='lat' dir='ltr'>intelligentes,</span> <span class='ocrx_word' id='word_1_268' title='bbox 804 2254 931 2303; x_wconf 91' lang='lat' dir='ltr'>tum</span> <span class='ocrx_word' id='word_1_269' title='bbox 961 2249 1037 2303; x_wconf 91' lang='lat' dir='ltr'>ad</span> <span class='ocrx_word' id='word_1_270' title='bbox 1067 2250 1152 2302; x_wconf 86' lang='lat' dir='ltr'>rei</span> <span class='ocrx_word' id='word_1_271' title='bbox 1187 2250 1248 2304; x_wconf 92' lang='lat' dir='ltr'>in</span> <span class='ocrx_word' id='word_1_272' title='bbox 1280 2266 1458 2305; x_wconf 90' lang='lat' dir='ltr'>carne</span> <span class='ocrx_word' id='word_1_273' title='bbox 1488 2266 1522 2304; x_wconf 91' lang='lat' dir='ltr'>a</span> <span class='ocrx_word' id='word_1_274' title='bbox 1560 2247 1805 2303; x_wconf 89' lang='lat' dir='ltr'>Domino</span> <span class='ocrx_word' id='word_1_275' title='bbox 1823 2254 2001 2320; x_wconf 72' lang='lat' dir='ltr'>gestae</span> 
     </span>
    </p>
   </div>
   <div class='ocr_carea' id='block_1_40' title="bbox 349 2337 2003 2407">
    <p class='ocr_par' dir='ltr' id='par_1_40' title="bbox 349 2337 2003 2407">
     <span class='ocr_line' id='line_1_41' title="bbox 349 2337 2003 2407; baseline 0.001 -17"><span class='ocrx_word' id='word_1_276' title='bbox 349 2337 747 2407; x_wconf 89' lang='lat' dir='ltr'>suppliciique</span> <span class='ocrx_word' id='word_1_277' title='bbox 789 2337 862 2392; x_wconf 88' lang='lat' dir='ltr'>ab</span> <span class='ocrx_word' id='word_1_278' title='bbox 896 2354 963 2392; x_wconf 90' lang='lat' dir='ltr'>eo</span> <span class='ocrx_word' id='word_1_279' title='bbox 997 2338 1230 2393; x_wconf 87' lang='lat' dir='ltr'>tolerati</span> <span class='ocrx_word' id='word_1_280' title='bbox 1263 2344 1322 2393; x_wconf 91' lang='lat' dir='ltr'>et</span> <span class='ocrx_word' id='word_1_281' title='bbox 1350 2337 1628 2393; x_wconf 90' lang='lat' dir='ltr'>salutaris</span> <span class='ocrx_word' id='word_1_282' title='bbox 1687 2337 1895 2391; x_wconf 88' lang='lat' dir='ltr'>mortis</span> <span class='ocrx_word' id='word_1_283' title='bbox 1944 2343 2003 2392; x_wconf 92' lang='lat' dir='ltr'>et</span> 
     </span>
    </p>
   </div>
   <div class='ocr_carea' id='block_1_41' title="bbox 344 2424 2000 2496">
    <p class='ocr_par' dir='ltr' id='par_1_41' title="bbox 344 2424 2000 2496">
     <span class='ocr_line' id='line_1_42' title="bbox 344 2424 2000 2496; baseline 0.001 -18"><span class='ocrx_word' id='word_1_284' title='bbox 344 2424 581 2479; x_wconf 84' lang='lat' dir='ltr'>liberati</span> <span class='ocrx_word' id='word_1_285' title='bbox 612 2441 719 2496; x_wconf 91' lang='lat' dir='ltr'>per</span> <span class='ocrx_word' id='word_1_286' title='bbox 750 2425 903 2480; x_wconf 87' lang='lat' dir='ltr'>hanc</span> <span class='ocrx_word' id='word_1_287' title='bbox 933 2424 1140 2480; x_wconf 91' lang='lat' dir='ltr'>mundi</span> <span class='ocrx_word' id='word_1_288' title='bbox 1165 2426 1515 2481; x_wconf 88' lang='lat' dir='ltr'>memoriam</span> <span class='ocrx_word' id='word_1_289' title='bbox 1540 2430 1605 2479; x_wconf 91' lang='lat' dir='ltr'>ut</span> <span class='ocrx_word' id='word_1_290' title='bbox 1625 2425 1793 2494; x_wconf 87' lang='lat' dir='ltr'>quasi</span> <span class='ocrx_word' id='word_1_291' title='bbox 1821 2440 2000 2479; x_wconf 91' lang='lat' dir='ltr'>manu</span> 
     </span>
    </p>
   </div>
   <div class='ocr_carea' id='block_1_42' title="bbox 346 2514 653 2571">
    <p class='ocr_par' dir='ltr' id='par_1_42' title="bbox 346 2514 653 2571">
     <span class='ocr_line' id='line_1_43' title="bbox 346 2514 653 2571; baseline -0.003 0"><span class='ocrx_word' id='word_1_292' title='bbox 346 2514 653 2571; x_wconf 89' lang='lat' dir='ltr'>ducamur.</span> 
     </span>
    </p>
   </div>
   <div class='ocr_carea' id='block_1_43' title="bbox 413 2696 1998 2753">
    <p class='ocr_par' dir='ltr' id='par_1_43' title="bbox 413 2696 1998 2753">
     <span class='ocr_line' id='line_1_44' title="bbox 413 2696 1998 2753; baseline 0 -2"><span class='ocrx_word' id='word_1_293' title='bbox 413 2697 759 2752; x_wconf 91' lang='lat' dir='ltr'>Tenendum</span> <span class='ocrx_word' id='word_1_294' title='bbox 790 2702 880 2753; x_wconf 83' lang='lat' dir='ltr'>est</span> <span class='ocrx_word' id='word_1_295' title='bbox 910 2698 1090 2752; x_wconf 90' lang='lat' dir='ltr'>etiam</span> <span class='ocrx_word' id='word_1_296' title='bbox 1121 2696 1268 2752; x_wconf 88' lang='lat' dir='ltr'>alias</span> <span class='ocrx_word' id='word_1_297' title='bbox 1298 2697 1479 2752; x_wconf 86' lang='lat' dir='ltr'>fuisse</span> <span class='ocrx_word' id='word_1_298' title='bbox 1512 2697 1685 2753; x_wconf 88' lang='lat' dir='ltr'>certis</span> <span class='ocrx_word' id='word_1_299' title='bbox 1738 2696 1798 2752; x_wconf 89' lang='lat' dir='ltr'>in</span> <span class='ocrx_word' id='word_1_300' title='bbox 1851 2696 1998 2751; x_wconf 92' lang='lat' dir='ltr'>locis</span> 
     </span>
    </p>
   </div>
   <div class='ocr_carea' id='block_1_44' title="bbox 342 2785 1993 2859">
    <p class='ocr_par' dir='ltr' id='par_1_44' title="bbox 342 2785 1993 2859">
     <span class='ocr_line' id='line_1_45' title="bbox 342 2785 1993 2859; baseline -0.001 -17"><span class='ocrx_word' id='word_1_301' title='bbox 342 2787 622 2858; x_wconf 84' lang='lat' dir='ltr'>synodos,</span> <span class='ocrx_word' id='word_1_302' title='bbox 655 2803 904 2859; x_wconf 90' lang='lat' dir='ltr'>quarum</span> <span class='ocrx_word' id='word_1_303' title='bbox 937 2788 1175 2842; x_wconf 89' lang='lat' dir='ltr'>decreta</span> <span class='ocrx_word' id='word_1_304' title='bbox 1206 2786 1517 2856; x_wconf 89' lang='lat' dir='ltr'>habemus,</span> <span class='ocrx_word' id='word_1_305' title='bbox 1553 2787 1783 2842; x_wconf 84' lang='lat' dir='ltr'>tametsi</span> <span class='ocrx_word' id='word_1_306' title='bbox 1818 2804 1901 2841; x_wconf 65' lang='lat' dir='ltr'>ea)</span> <span class='ocrx_word' id='word_1_307' title='bbox 1934 2785 1993 2840; x_wconf 89' lang='lat' dir='ltr'>in</span> 
     </span>
    </p>
   </div>
   <div class='ocr_carea' id='block_1_45' title="bbox 338 2877 1991 2933">
    <p class='ocr_par' dir='ltr' id='par_1_45' title="bbox 338 2877 1991 2933">
     <span class='ocr_line' id='line_1_46' title="bbox 338 2877 1991 2933; baseline -0.001 -2"><span class='ocrx_word' id='word_1_308' title='bbox 338 2894 587 2933; x_wconf 89' lang='lat' dir='ltr'>numero</span> <span class='ocrx_word' id='word_1_309' title='bbox 649 2895 751 2933; x_wconf 83' lang='lat' dir='ltr'>sex</span> <span class='ocrx_word' id='word_1_310' title='bbox 804 2879 1053 2933; x_wconf 84' lang='lat' dir='ltr'>istoran</span> <span class='ocrx_word' id='word_1_311' title='bbox 1112 2877 1502 2932; x_wconf 90' lang='lat' dir='ltr'>conciliorum</span> <span class='ocrx_word' id='word_1_312' title='bbox 1561 2894 1682 2932; x_wconf 88' lang='lat' dir='ltr'>non</span> <span class='ocrx_word' id='word_1_313' title='bbox 1739 2881 1991 2932; x_wconf 83' lang='lat' dir='ltr'>exstant.</span> 
     </span>
    </p>
   </div>
   <div class='ocr_carea' id='block_1_46' title="bbox 336 2966 1994 3038">
    <p class='ocr_par' dir='ltr' id='par_1_46' title="bbox 336 2966 1994 3038">
     <span class='ocr_line' id='line_1_47' title="bbox 336 2966 1994 3038; baseline 0 -18"><span class='ocrx_word' id='word_1_314' title='bbox 336 2966 471 3021; x_wconf 88' lang='lat' dir='ltr'>Tale</span> <span class='ocrx_word' id='word_1_315' title='bbox 504 2966 616 3021; x_wconf 84' lang='lat' dir='ltr'>fuit</span> <span class='ocrx_word' id='word_1_316' title='bbox 649 2966 805 3038; x_wconf 89' lang='lat' dir='ltr'>quod</span> <span class='ocrx_word' id='word_1_317' title='bbox 835 2970 1083 3038; x_wconf 70' lang='lat' dir='ltr'>Ancyrae</span> <span class='ocrx_word' id='word_1_318' title='bbox 1114 2973 1311 3021; x_wconf 89' lang='lat' dir='ltr'>actum</span> <span class='ocrx_word' id='word_1_319' title='bbox 1345 2972 1453 3034; x_wconf 89' lang='lat' dir='ltr'>est,</span> <span class='ocrx_word' id='word_1_320' title='bbox 1488 2967 1630 3021; x_wconf 89' lang='lat' dir='ltr'>item</span> <span class='ocrx_word' id='word_1_321' title='bbox 1688 2968 1994 3021; x_wconf 77' lang='lat' dir='ltr'>Neocmsa—</span> 
     </span>
    </p>
   </div>
   <div class='ocr_carea' id='block_1_47' title="bbox 335 3055 1994 3125">
    <p class='ocr_par' dir='ltr' id='par_1_47' title="bbox 335 3055 1994 3125">
     <span class='ocr_line' id='line_1_48' title="bbox 335 3055 1994 3125; baseline 0.001 -17"><span class='ocrx_word' id='word_1_322' title='bbox 335 3072 478 3123; x_wconf 71' lang='lat' dir='ltr'>rem,</span> <span class='ocrx_word' id='word_1_323' title='bbox 511 3055 776 3125; x_wconf 83' lang='lat' dir='ltr'>Gangris,</span> <span class='ocrx_word' id='word_1_324' title='bbox 808 3056 1158 3124; x_wconf 80' lang='lat' dir='ltr'>Antiochiae,</span> <span class='ocrx_word' id='word_1_325' title='bbox 1192 3055 1518 3125; x_wconf 71' lang='lat' dir='ltr'>Laodiceaa,</span> <span class='ocrx_word' id='word_1_326' title='bbox 1541 3055 1818 3123; x_wconf 76' lang='lat' dir='ltr'>Sardicw,</span> <span class='ocrx_word' id='word_1_327' title='bbox 1852 3056 1994 3111; x_wconf 87' lang='lat' dir='ltr'>Car-</span> 
     </span>
    </p>
   </div>
   <div class='ocr_carea' id='block_1_48' title="bbox 338 3144 1990 3217">
    <p class='ocr_par' dir='ltr' id='par_1_48' title="bbox 338 3144 1990 3217">
     <span class='ocr_line' id='line_1_49' title="bbox 338 3144 1990 3217; baseline 0.001 -18"><span class='ocrx_word' id='word_1_328' title='bbox 338 3144 596 3217; x_wconf 88' lang='lat' dir='ltr'>thagine.</span> <span class='ocrx_word' id='word_1_329' title='bbox 623 3146 755 3201; x_wconf 61' lang='lat' dir='ltr'>Haec</span> <span class='ocrx_word' id='word_1_330' title='bbox 785 3146 944 3201; x_wconf 85' lang='lat' dir='ltr'>enim</span> <span class='ocrx_word' id='word_1_331' title='bbox 967 3152 1170 3201; x_wconf 80' lang='lat' dir='ltr'>coacta</span> <span class='ocrx_word' id='word_1_332' title='bbox 1204 3152 1342 3201; x_wconf 91' lang='lat' dir='ltr'>sunt</span> <span class='ocrx_word' id='word_1_333' title='bbox 1371 3146 1445 3201; x_wconf 91' lang='lat' dir='ltr'>ob</span> <span class='ocrx_word' id='word_1_334' title='bbox 1472 3146 1833 3217; x_wconf 67' lang='lat' dir='ltr'>quaastiones</span> <span class='ocrx_word' id='word_1_335' title='bbox 1864 3162 1990 3200; x_wconf 91' lang='lat' dir='ltr'>cer-</span> 
     </span>
    </p>
   </div>
   <div class='ocr_carea' id='block_1_49' title="bbox 333 3236 1991 3310">
    <p class='ocr_par' dir='ltr' id='par_1_49' title="bbox 333 3236 1991 3310">
     <span class='ocr_line' id='line_1_50' title="bbox 333 3236 1991 3310; baseline 0.001 -20"><span class='ocrx_word' id='word_1_336' title='bbox 333 3236 409 3291; x_wconf 86' lang='lat' dir='ltr'>tis</span> <span class='ocrx_word' id='word_1_337' title='bbox 440 3236 587 3292; x_wconf 92' lang='lat' dir='ltr'>locis</span> <span class='ocrx_word' id='word_1_338' title='bbox 619 3236 877 3306; x_wconf 88' lang='lat' dir='ltr'>obortas,</span> <span class='ocrx_word' id='word_1_339' title='bbox 911 3254 1104 3309; x_wconf 85' lang='lat' dir='ltr'>neque</span> <span class='ocrx_word' id='word_1_340' title='bbox 1123 3238 1298 3310; x_wconf 90' lang='lat' dir='ltr'>jussu</span> <span class='ocrx_word' id='word_1_341' title='bbox 1323 3237 1770 3309; x_wconf 86' lang='lat' dir='ltr'>imperatorum,</span> <span class='ocrx_word' id='word_1_342' title='bbox 1797 3254 1991 3308; x_wconf 89' lang='lat' dir='ltr'>neque</span> 
     </span>
    </p>
   </div>
   <div class='ocr_carea' id='block_1_50' title="bbox 2112 1976 3774 2057">
    <p class='ocr_par' dir='ltr' id='par_1_50' title="bbox 2112 1976 3774 2057">
     <span class='ocr_line' id='line_1_51' title="bbox 2112 1976 3774 2057; baseline -0.001 -22"><span class='ocrx_word' id='word_1_343' title='bbox 2112 2001 2206 2044; x_wconf 90' lang='grc' dir='ltr'>τος</span> <span class='ocrx_word' id='word_1_344' title='bbox 2233 1982 2334 2051; x_wconf 84' lang='grc' dir='ltr'>τήν</span> <span class='ocrx_word' id='word_1_345' title='bbox 2365 1981 2633 2057; x_wconf 79' lang='grc' dir='ltr'>ἁμαρτίαν</span> <span class='ocrx_word' id='word_1_346' title='bbox 2663 1984 2761 2035; x_wconf 89' lang='grc' dir='ltr'>τοῦ</span> <span class='ocrx_word' id='word_1_347' title='bbox 2789 1976 3003 2054; x_wconf 83' lang='grc' dir='ltr'>κόσμου</span> <span class='ocrx_word' id='word_1_348' title='bbox 3024 1981 3230 2053; x_wconf 87' lang='grc' dir='ltr'>Ἀμνοῦ</span> <span class='ocrx_word' id='word_1_349' title='bbox 3259 1982 3494 2055; x_wconf 83' lang='grc' dir='ltr'>Χριστοῦ</span> <span class='ocrx_word' id='word_1_350' title='bbox 3513 1983 3614 2033; x_wconf 87' lang='grc' dir='ltr'>τοῦ</span> <span class='ocrx_word' id='word_1_351' title='bbox 3637 1983 3774 2034; x_wconf 87' lang='grc' dir='ltr'>Θεοῦ</span> 
     </span>
    </p>
   </div>
   <div class='ocr_carea' id='block_1_51' title="bbox 2109 2066 3773 2145">
    <p class='ocr_par' dir='ltr' id='par_1_51' title="bbox 2109 2066 3773 2145">
     <span class='ocr_line' id='line_1_52' title="bbox 2109 2066 3773 2145; baseline -0.001 -20"><span class='ocrx_word' id='word_1_352' title='bbox 2109 2071 2273 2141; x_wconf 75' lang='grc' dir='ltr'>ἡμῶν</span> <span class='ocrx_word' id='word_1_353' title='bbox 2305 2071 2437 2125; x_wconf 80' lang='grc' dir='ltr'>κατὰ</span> <span class='ocrx_word' id='word_1_354' title='bbox 2462 2071 2527 2125; x_wconf 89' lang='grc' dir='ltr'>τὸ</span> <span class='ocrx_word' id='word_1_355' title='bbox 2566 2071 2904 2143; x_wconf 83' lang='grc' dir='ltr'>ἀνθρώπινον</span> <span class='ocrx_word' id='word_1_356' title='bbox 2964 2075 3290 2145; x_wconf 84' lang='grc' dir='ltr'>χαρακτῆρα</span> <span class='ocrx_word' id='word_1_357' title='bbox 3317 2069 3406 2123; x_wconf 81' lang='grc' dir='ltr'>καὶ</span> <span class='ocrx_word' id='word_1_358' title='bbox 3440 2069 3494 2124; x_wconf 80' lang='grc' dir='ltr'>ἐν</span> <span class='ocrx_word' id='word_1_359' title='bbox 3524 2072 3643 2130; x_wconf 84' lang='grc' dir='ltr'>ταῖς</span> <span class='ocrx_word' id='word_1_360' title='bbox 3696 2066 3773 2123; x_wconf 72' lang='grc' dir='ltr'>εἴ·</span> 
     </span>
    </p>
   </div>
   <div class='ocr_carea' id='block_1_52' title="bbox 2108 2157 3767 2230">
    <p class='ocr_par' dir='ltr' id='par_1_52' title="bbox 2108 2157 3767 2230">
     <span class='ocr_line' id='line_1_53' title="bbox 2108 2157 3767 2230; baseline -0.001 -17"><span class='ocrx_word' id='word_1_361' title='bbox 2108 2158 2259 2213; x_wconf 91' lang='grc' dir='ltr'>κόσιν</span> <span class='ocrx_word' id='word_1_362' title='bbox 2290 2159 2396 2215; x_wconf 87' lang='grc' dir='ltr'>ἀπὸ</span> <span class='ocrx_word' id='word_1_363' title='bbox 2421 2163 2520 2215; x_wconf 88' lang='grc' dir='ltr'>τοῦ</span> <span class='ocrx_word' id='word_1_364' title='bbox 2549 2163 2636 2214; x_wconf 87' lang='grc' dir='ltr'>νῦν</span> <span class='ocrx_word' id='word_1_365' title='bbox 2692 2160 2807 2215; x_wconf 85' lang='grc' dir='ltr'>ἀντὶ</span> <span class='ocrx_word' id='word_1_366' title='bbox 2864 2163 2962 2214; x_wconf 89' lang='grc' dir='ltr'>τοῦ</span> <span class='ocrx_word' id='word_1_367' title='bbox 3011 2158 3250 2213; x_wconf 83' lang='grc' dir='ltr'>παλαιοῦ</span> <span class='ocrx_word' id='word_1_368' title='bbox 3304 2157 3482 2230; x_wconf 83' lang='grc' dir='ltr'>ἀμνοῦ</span> <span class='ocrx_word' id='word_1_369' title='bbox 3532 2157 3767 2228; x_wconf 86' lang='grc' dir='ltr'>ἀναστη-</span> 
     </span>
    </p>
   </div>
   <div class='ocr_carea' id='block_1_53' title="bbox 2109 2245 3763 2325">
    <p class='ocr_par' dir='ltr' id='par_1_53' title="bbox 2109 2245 3763 2325">
     <span class='ocr_line' id='line_1_54' title="bbox 2109 2245 3763 2325; baseline 0 -24"><span class='ocrx_word' id='word_1_370' title='bbox 2109 2247 2332 2304; x_wconf 86' lang='grc' dir='ltr'>λοῦσθαι</span> <span class='ocrx_word' id='word_1_371' title='bbox 2364 2249 2643 2325; x_wconf 82' lang='grc' dir='ltr'>ὁρίζομεν,</span> <span class='ocrx_word' id='word_1_372' title='bbox 2674 2245 2746 2304; x_wconf 86' lang='grc' dir='ltr'>δι’</span> <span class='ocrx_word' id='word_1_373' title='bbox 2775 2249 2943 2304; x_wconf 84' lang='grc' dir='ltr'>αὐτοῦ</span> <span class='ocrx_word' id='word_1_374' title='bbox 2974 2248 3037 2303; x_wconf 82' lang='grc' dir='ltr'>τὸ</span> <span class='ocrx_word' id='word_1_375' title='bbox 3065 2254 3167 2318; x_wconf 88' lang='grc' dir='ltr'>τῆς</span> <span class='ocrx_word' id='word_1_376' title='bbox 3197 2249 3570 2310; x_wconf 84' lang='grc' dir='ltr'>ταπεινώσεως</span> <span class='ocrx_word' id='word_1_377' title='bbox 3624 2245 3763 2321; x_wconf 71' lang='grc' dir='ltr'>ὕψος</span> 
     </span>
    </p>
   </div>
   <div class='ocr_carea' id='block_1_54' title="bbox 2104 2336 3764 2416">
    <p class='ocr_par' dir='ltr' id='par_1_54' title="bbox 2104 2336 3764 2416">
     <span class='ocr_line' id='line_1_55' title="bbox 2104 2336 3764 2416; baseline 0 -26"><span class='ocrx_word' id='word_1_378' title='bbox 2104 2340 2202 2391; x_wconf 89' lang='grc' dir='ltr'>τοῦ</span> <span class='ocrx_word' id='word_1_379' title='bbox 2231 2342 2365 2392; x_wconf 87' lang='grc' dir='ltr'>Θεοῦ</span> <span class='ocrx_word' id='word_1_380' title='bbox 2397 2337 2582 2416; x_wconf 79' lang='grc' dir='ltr'>Λόγου</span> <span class='ocrx_word' id='word_1_381' title='bbox 2611 2342 3020 2406; x_wconf 85' lang='grc' dir='ltr'>κατανοοῦντες,</span> <span class='ocrx_word' id='word_1_382' title='bbox 3053 2336 3146 2392; x_wconf 85' lang='grc' dir='ltr'>καὶ</span> <span class='ocrx_word' id='word_1_383' title='bbox 3194 2337 3329 2411; x_wconf 85' lang='grc' dir='ltr'>πρὸς</span> <span class='ocrx_word' id='word_1_384' title='bbox 3386 2337 3611 2411; x_wconf 78' lang='grc' dir='ltr'>μνήμην</span> <span class='ocrx_word' id='word_1_385' title='bbox 3659 2342 3764 2405; x_wconf 84' lang='grc' dir='ltr'>τῆς</span> 
     </span>
    </p>
   </div>
   <div class='ocr_carea' id='block_1_55' title="bbox 2106 2424 3765 2503">
    <p class='ocr_par' dir='ltr' id='par_1_55' title="bbox 2106 2424 3765 2503">
     <span class='ocr_line' id='line_1_56' title="bbox 2106 2424 3765 2503; baseline -0.001 -22"><span class='ocrx_word' id='word_1_386' title='bbox 2106 2424 2161 2482; x_wconf 83' lang='grc' dir='ltr'>ἐν</span> <span class='ocrx_word' id='word_1_387' title='bbox 2194 2428 2350 2503; x_wconf 86' lang='grc' dir='ltr'>σαρκὶ</span> <span class='ocrx_word' id='word_1_388' title='bbox 2380 2428 2662 2492; x_wconf 84' lang='grc' dir='ltr'>πολιτείας</span> <span class='ocrx_word' id='word_1_389' title='bbox 2691 2430 2792 2485; x_wconf 81' lang='grc' dir='ltr'>τοῦ</span> <span class='ocrx_word' id='word_1_390' title='bbox 2821 2450 2880 2484; x_wconf 85' lang='grc' dir='ltr'>τε</span> <span class='ocrx_word' id='word_1_391' title='bbox 2909 2427 3113 2492; x_wconf 85' lang='grc' dir='ltr'>πάθους</span> <span class='ocrx_word' id='word_1_392' title='bbox 3145 2426 3310 2483; x_wconf 77' lang='grc' dir='ltr'>ὁὶύτοῦ</span> <span class='ocrx_word' id='word_1_393' title='bbox 3365 2427 3454 2482; x_wconf 85' lang='grc' dir='ltr'>καὶ</span> <span class='ocrx_word' id='word_1_394' title='bbox 3502 2430 3601 2481; x_wconf 90' lang='grc' dir='ltr'>τοῦ</span> <span class='ocrx_word' id='word_1_395' title='bbox 3649 2446 3765 2481; x_wconf 83' lang='grc' dir='ltr'>σω-</span> 
     </span>
    </p>
   </div>
   <div class='ocr_carea' id='block_1_56' title="bbox 2102 2515 3769 2595">
    <p class='ocr_par' dir='ltr' id='par_1_56' title="bbox 2102 2515 3769 2595">
     <span class='ocr_line' id='line_1_57' title="bbox 2102 2515 3769 2595; baseline -0.001 -23"><span class='ocrx_word' id='word_1_396' title='bbox 2102 2516 2301 2592; x_wconf 90' lang='grc' dir='ltr'>τηρίου</span> <span class='ocrx_word' id='word_1_397' title='bbox 2359 2519 2590 2581; x_wconf 87' lang='grc' dir='ltr'>θανάτου</span> <span class='ocrx_word' id='word_1_398' title='bbox 2646 2518 3154 2595; x_wconf 81' lang='grc' dir='ltr'>χειραγωγούμενοι</span> <span class='ocrx_word' id='word_1_399' title='bbox 3211 2515 3303 2572; x_wconf 82' lang='grc' dir='ltr'>καὶ</span> <span class='ocrx_word' id='word_1_400' title='bbox 3366 2523 3468 2587; x_wconf 82' lang='grc' dir='ltr'>τῆς</span> <span class='ocrx_word' id='word_1_401' title='bbox 3525 2515 3769 2579; x_wconf 79' lang='grc' dir='ltr'>ἐντεῦθεν</span> 
     </span>
    </p>
   </div>
   <div class='ocr_carea' id='block_1_57' title="bbox 2102 2606 3217 2682">
    <p class='ocr_par' dir='ltr' id='par_1_57' title="bbox 2102 2606 3217 2682">
     <span class='ocr_line' id='line_1_58' title="bbox 2102 2606 3217 2682; baseline 0.001 -22"><span class='ocrx_word' id='word_1_402' title='bbox 2102 2607 2395 2682; x_wconf 77' lang='grc' dir='ltr'>γινομένης</span> <span class='ocrx_word' id='word_1_403' title='bbox 2420 2610 2502 2679; x_wconf 84' lang='grc' dir='ltr'>τῷ</span> <span class='ocrx_word' id='word_1_404' title='bbox 2531 2607 2728 2680; x_wconf 88' lang='grc' dir='ltr'>κόσμῳ</span> <span class='ocrx_word' id='word_1_405' title='bbox 2761 2606 3217 2680; x_wconf 88' lang='grc' dir='ltr'>ἀπολυτρώσεως.</span> 
     </span>
    </p>
   </div>
   <div class='ocr_carea' id='block_1_58' title="bbox 2176 2692 3764 2772">
    <p class='ocr_par' dir='ltr' id='par_1_58' title="bbox 2176 2692 3764 2772">
     <span class='ocr_line' id='line_1_59' title="bbox 2176 2692 3764 2772; baseline -0.003 -19"><span class='ocrx_word' id='word_1_406' title='bbox 2176 2694 2370 2753; x_wconf 76' lang='grc' dir='ltr'>’ἰστέον</span> <span class='ocrx_word' id='word_1_407' title='bbox 2401 2692 2458 2750; x_wconf 74' lang='grc' dir='ltr'>δὲ</span> <span class='ocrx_word' id='word_1_408' title='bbox 2488 2696 2561 2758; x_wconf 89' lang='grc' dir='ltr'>ὡς</span> <span class='ocrx_word' id='word_1_409' title='bbox 2584 2696 2674 2751; x_wconf 78' lang='grc' dir='ltr'>καὶ</span> <span class='ocrx_word' id='word_1_410' title='bbox 2731 2692 2907 2771; x_wconf 75' lang='grc' dir='ltr'>ἕτεραι</span> <span class='ocrx_word' id='word_1_411' title='bbox 2955 2694 3205 2772; x_wconf 83' lang='grc' dir='ltr'>γεγόνασι</span> <span class='ocrx_word' id='word_1_412' title='bbox 3268 2694 3430 2749; x_wconf 88' lang='grc' dir='ltr'>τόποι</span> <span class='ocrx_word' id='word_1_413' title='bbox 3488 2695 3576 2751; x_wconf 82' lang='grc' dir='ltr'>καὶ</span> <span class='ocrx_word' id='word_1_414' title='bbox 3639 2694 3764 2749; x_wconf 83' lang='grc' dir='ltr'>σύν-</span> 
     </span>
    </p>
   </div>
   <div class='ocr_carea' id='block_1_59' title="bbox 2104 2782 3759 2861">
    <p class='ocr_par' dir='ltr' id='par_1_59' title="bbox 2104 2782 3759 2861">
     <span class='ocr_line' id='line_1_60' title="bbox 2104 2782 3759 2861; baseline -0.001 -22"><span class='ocrx_word' id='word_1_415' title='bbox 2104 2782 2361 2854; x_wconf 89' lang='grc' dir='ltr'>οδοι,καί</span> <span class='ocrx_word' id='word_1_416' title='bbox 2390 2784 2611 2848; x_wconf 77' lang='grc' dir='ltr'>κανόνας</span> <span class='ocrx_word' id='word_1_417' title='bbox 2659 2786 2864 2840; x_wconf 87' lang='grc' dir='ltr'>τούτων</span> <span class='ocrx_word' id='word_1_418' title='bbox 2914 2787 3248 2861; x_wconf 82' lang='grc' dir='ltr'>κατέχομεν,</span> <span class='ocrx_word' id='word_1_419' title='bbox 3299 2784 3345 2839; x_wconf 86' lang='grc' dir='ltr'>εἱ</span> <span class='ocrx_word' id='word_1_420' title='bbox 3391 2783 3481 2839; x_wconf 82' lang='grc' dir='ltr'>καὶ</span> <span class='ocrx_word' id='word_1_421' title='bbox 3535 2785 3611 2857; x_wconf 81' lang='grc' dir='ltr'>μὴ</span> <span class='ocrx_word' id='word_1_422' title='bbox 3659 2804 3759 2838; x_wconf 81' lang='grc' dir='ltr'>κυ·</span> 
     </span>
    </p>
   </div>
   <div class='ocr_carea' id='block_1_60' title="bbox 2103 2869 3758 2951">
    <p class='ocr_par' dir='ltr' id='par_1_60' title="bbox 2103 2869 3758 2951">
     <span class='ocr_line' id='line_1_61' title="bbox 2103 2869 3758 2951; baseline 0.001 -22"><span class='ocrx_word' id='word_1_423' title='bbox 2103 2875 2234 2951; x_wconf 81' lang='grc' dir='ltr'>ρίως</span> <span class='ocrx_word' id='word_1_424' title='bbox 2265 2875 2355 2930; x_wconf 84' lang='grc' dir='ltr'>καὶ</span> <span class='ocrx_word' id='word_1_425' title='bbox 2386 2879 2465 2947; x_wconf 86' lang='grc' dir='ltr'>τῷ</span> <span class='ocrx_word' id='word_1_426' title='bbox 2506 2876 2725 2949; x_wconf 78' lang='grc' dir='ltr'>ἀριθμῷ</span> <span class='ocrx_word' id='word_1_427' title='bbox 2770 2878 2889 2931; x_wconf 87' lang='grc' dir='ltr'>τῶν.</span> <span class='ocrx_word' id='word_1_428' title='bbox 2926 2869 2976 2947; x_wconf 78' lang='grc' dir='ltr'>ἔξ</span> <span class='ocrx_word' id='word_1_429' title='bbox 3021 2876 3374 2949; x_wconf 83' lang='grc' dir='ltr'>ἀριθμοῦνται</span> <span class='ocrx_word' id='word_1_430' title='bbox 3426 2871 3687 2930; x_wconf 82' lang='grc' dir='ltr'>συνόδων⁶</span> <span class='ocrx_word' id='word_1_431' title='bbox 3721 2876 3758 2943; x_wconf 80' lang='grc' dir='ltr'><strong>ἡ</strong></span> 
     </span>
    </p>
   </div>
   <div class='ocr_carea' id='block_1_61' title="bbox 2101 2962 3751 3040">
    <p class='ocr_par' dir='ltr' id='par_1_61' title="bbox 2101 2962 3751 3040">
     <span class='ocr_line' id='line_1_62' title="bbox 2101 2962 3751 3040; baseline 0 -22"><span class='ocrx_word' id='word_1_432' title='bbox 2101 2962 2156 3018; x_wconf 86' lang='grc' dir='ltr'>ἐν</span> <span class='ocrx_word' id='word_1_433' title='bbox 2188 2964 2447 3040; x_wconf 75' lang='grc' dir='ltr'>Ἀγκύρᾳ,</span> <span class='ocrx_word' id='word_1_434' title='bbox 2474 2967 2509 3034; x_wconf 80' lang='grc' dir='ltr'>ἡ</span> <span class='ocrx_word' id='word_1_435' title='bbox 2536 2965 2587 3020; x_wconf 77' lang='grc' dir='ltr'>ἐν</span> <span class='ocrx_word' id='word_1_436' title='bbox 2642 2963 3056 3038; x_wconf 76' lang='grc' dir='ltr'>Νεοκαισαρείᾳ..</span> <span class='ocrx_word' id='word_1_437' title='bbox 3111 2965 3146 3031; x_wconf 87' lang='grc' dir='ltr'>ἡ</span> <span class='ocrx_word' id='word_1_438' title='bbox 3196 2962 3249 3016; x_wconf 85' lang='grc' dir='ltr'>ἐν</span> <span class='ocrx_word' id='word_1_439' title='bbox 3296 2964 3584 3040; x_wconf 85' lang='grc' dir='ltr'>Γάγγραις,</span> <span class='ocrx_word' id='word_1_440' title='bbox 3629 2965 3663 3033; x_wconf 77' lang='grc' dir='ltr'>ἡ</span> <span class='ocrx_word' id='word_1_441' title='bbox 3698 2963 3751 3018; x_wconf 80' lang='grc' dir='ltr'>ἐν</span> 
     </span>
    </p>
   </div>
   <div class='ocr_carea' id='block_1_62' title="bbox 2102 3051 3761 3131">
    <p class='ocr_par' dir='ltr' id='par_1_62' title="bbox 2102 3051 3761 3131">
     <span class='ocr_line' id='line_1_63' title="bbox 2102 3051 3761 3131; baseline -0.001 -20"><span class='ocrx_word' id='word_1_442' title='bbox 2102 3056 2433 3131; x_wconf 81' lang='grc' dir='ltr'>Ἀντιοχείᾳ,</span> <span class='ocrx_word' id='word_1_443' title='bbox 2456 3058 2491 3125; x_wconf 85' lang='grc' dir='ltr'>ἡ</span> <span class='ocrx_word' id='word_1_444' title='bbox 2520 3054 2576 3111; x_wconf 86' lang='grc' dir='ltr'>ἒν</span> <span class='ocrx_word' id='word_1_445' title='bbox 2631 3052 2942 3127; x_wconf 77' lang='grc' dir='ltr'>Λαοδικείᾳ,</span> <span class='ocrx_word' id='word_1_446' title='bbox 2975 3058 3010 3124; x_wconf 80' lang='grc' dir='ltr'>ἡ</span> <span class='ocrx_word' id='word_1_447' title='bbox 3060 3055 3112 3110; x_wconf 84' lang='grc' dir='ltr'>έν</span> <span class='ocrx_word' id='word_1_448' title='bbox 3148 3051 3413 3130; x_wconf 80' lang='grc' dir='ltr'>Σαρδικῇ,</span> <span class='ocrx_word' id='word_1_449' title='bbox 3447 3056 3481 3124; x_wconf 81' lang='grc' dir='ltr'><strong>ἡ</strong></span> <span class='ocrx_word' id='word_1_450' title='bbox 3523 3057 3577 3111; x_wconf 81' lang='grc' dir='ltr'>ἐν</span> <span class='ocrx_word' id='word_1_451' title='bbox 3620 3056 3761 3129; x_wconf 75' lang='grc' dir='ltr'>Καρ-</span> 
     </span>
    </p>
   </div>
   <div class='ocr_carea' id='block_1_63' title="bbox 2098 3143 3758 3220">
    <p class='ocr_par' dir='ltr' id='par_1_63' title="bbox 2098 3143 3758 3220">
     <span class='ocr_line' id='line_1_64' title="bbox 2098 3143 3758 3220; baseline 0.001 -22"><span class='ocrx_word' id='word_1_452' title='bbox 2098 3143 2312 3220; x_wconf 74' lang='grc' dir='ltr'>ταγένῃ.</span> <span class='ocrx_word' id='word_1_453' title='bbox 2350 3145 2417 3199; x_wconf 81' lang='grc' dir='ltr'><strong>Αἰ</strong></span> <span class='ocrx_word' id='word_1_454' title='bbox 2475 3144 2568 3218; x_wconf 75' lang='grc' dir='ltr'>μὲν</span> <span class='ocrx_word' id='word_1_455' title='bbox 2627 3144 2729 3220; x_wconf 82' lang='grc' dir='ltr'>γὰρ</span> <span class='ocrx_word' id='word_1_456' title='bbox 2786 3148 3029 3199; x_wconf 76' lang='grc' dir='ltr'>τοπικῶν</span> <span class='ocrx_word' id='word_1_457' title='bbox 3088 3145 3367 3214; x_wconf 78' lang='grc' dir='ltr'>ζητήσεων</span> <span class='ocrx_word' id='word_1_458' title='bbox 3421 3143 3577 3198; x_wconf 84' lang='grc' dir='ltr'>ἓνεκα</span> <span class='ocrx_word' id='word_1_459' title='bbox 3634 3165 3758 3199; x_wconf 87' lang='grc' dir='ltr'>συν-</span> 
     </span>
    </p>
   </div>
   <div class='ocr_carea' id='block_1_64' title="bbox 2101 3228 3759 3309">
    <p class='ocr_par' dir='ltr' id='par_1_64' title="bbox 2101 3228 3759 3309">
     <span class='ocr_line' id='line_1_65' title="bbox 2101 3228 3759 3309; baseline 0.001 -21"><span class='ocrx_word' id='word_1_460' title='bbox 2101 3232 2353 3304; x_wconf 86' lang='grc' dir='ltr'>έστησαν,</span> <span class='ocrx_word' id='word_1_461' title='bbox 2390 3234 2529 3307; x_wconf 72' lang='grc' dir='ltr'>μήτε</span> <span class='ocrx_word' id='word_1_462' title='bbox 2563 3229 2831 3309; x_wconf 82' lang='grc' dir='ltr'>βασιλέων</span> <span class='ocrx_word' id='word_1_463' title='bbox 2862 3228 3323 3307; x_wconf 85' lang='grc' dir='ltr'>συνεδρετσάντων</span> <span class='ocrx_word' id='word_1_464' title='bbox 3378 3232 3564 3295; x_wconf 82' lang='grc' dir='ltr'>αὐταῖς</span> <span class='ocrx_word' id='word_1_465' title='bbox 3618 3235 3759 3307; x_wconf 75' lang='grc' dir='ltr'>μήτε</span> 
     </span>
    </p>
   </div>
   <div class='ocr_carea' id='block_1_65' title="bbox 333 3297 1993 3399">
    <p class='ocr_par' dir='ltr' id='par_1_65' title="bbox 333 3297 1992 3399">
     <span class='ocr_line' id='line_1_66' title="bbox 333 3297 1992 3399; baseline 0.002 -20"><span class='ocrx_word' id='word_1_466' title='bbox 333 3326 408 3380; x_wconf 89' lang='lat' dir='ltr'>iis</span> <span class='ocrx_word' id='word_1_467' title='bbox 432 3327 827 3397; x_wconf 66' lang='lat' dir='ltr'>praesentibus</span> <span class='ocrx_word' id='word_1_468' title='bbox 849 3297 1030 3399; x_wconf 37' lang='lat' dir='ltr'>:Iquin</span> <span class='ocrx_word' id='word_1_469' title='bbox 1057 3297 1233 3381; x_wconf 64' lang='lat' dir='ltr'>etiam</span> <span class='ocrx_word' id='word_1_470' title='bbox 1260 3297 1471 3382; x_wconf 75' lang='lat' dir='ltr'>horum</span> <span class='ocrx_word' id='word_1_471' title='bbox 1495 3297 1769 3398; x_wconf 76' lang='lat' dir='ltr'>quaedam</span> <span class='ocrx_word' id='word_1_472' title='bbox 1791 3297 1992 3382; x_wconf 70' lang='lat' dir='ltr'>habita</span> 
     </span>
    </p>
   </div>
   <div class='ocr_carea' id='block_1_66' title="bbox 2104 3297 3756 3399">
    <p class='ocr_par' dir='ltr' id='par_1_66' title="bbox 2104 3320 3756 3399">
     <span class='ocr_line' id='line_1_67' title="bbox 2104 3320 3756 3399; baseline 0 -20"><span class='ocrx_word' id='word_1_473' title='bbox 2104 3323 2538 3398; x_wconf 79' lang='grc' dir='ltr'>προσταξάντων,</span> <span class='ocrx_word' id='word_1_474' title='bbox 2575 3327 2739 3378; x_wconf 88' lang='grc' dir='ltr'>τινῶν</span> <span class='ocrx_word' id='word_1_475' title='bbox 2782 3320 2838 3377; x_wconf 76' lang='grc' dir='ltr'>δὲ</span> <span class='ocrx_word' id='word_1_476' title='bbox 2886 3323 3065 3378; x_wconf 78' lang='grc' dir='ltr'>αὐτῶν</span> <span class='ocrx_word' id='word_1_477' title='bbox 3120 3322 3212 3378; x_wconf 79' lang='grc' dir='ltr'>καὶ</span> <span class='ocrx_word' id='word_1_478' title='bbox 3270 3323 3376 3399; x_wconf 90' lang='grc' dir='ltr'>πρὸ</span> <span class='ocrx_word' id='word_1_479' title='bbox 3432 3330 3533 3394; x_wconf 83' lang='grc' dir='ltr'>τῆς</span> <span class='ocrx_word' id='word_1_480' title='bbox 3593 3344 3756 3380; x_wconf 87' lang='grc' dir='ltr'>κατα-</span> 
     </span>
    </p>
   </div>
   <div class='ocr_carea' id='block_1_67' title="bbox 338 3416 1990 3487">
    <p class='ocr_par' dir='ltr' id='par_1_67' title="bbox 338 3416 1990 3487">
     <span class='ocr_line' id='line_1_68' title="bbox 338 3416 1990 3487; baseline 0.001 -18"><span class='ocrx_word' id='word_1_481' title='bbox 338 3420 478 3469; x_wconf 88' lang='lat' dir='ltr'>sunt</span> <span class='ocrx_word' id='word_1_482' title='bbox 502 3416 851 3487; x_wconf 87' lang='lat' dir='ltr'>priusquam</span> <span class='ocrx_word' id='word_1_483' title='bbox 870 3416 1185 3471; x_wconf 76' lang='lat' dir='ltr'>Christiani</span> <span class='ocrx_word' id='word_1_484' title='bbox 1213 3416 1990 3487; x_wconf 83' lang='lat' dir='ltr'>exsisterentimperatores.</span> 
     </span>
    </p>
   </div>
   <div class='ocr_carea' id='block_1_68' title="bbox 332 3506 1995 3576">
    <p class='ocr_par' dir='ltr' id='par_1_68' title="bbox 332 3506 1995 3576">
     <span class='ocr_line' id='line_1_69' title="bbox 332 3506 1995 3576; baseline 0.001 -16"><span class='ocrx_word' id='word_1_485' title='bbox 332 3506 625 3560; x_wconf 64' lang='lat' dir='ltr'>Caaterum</span> <span class='ocrx_word' id='word_1_486' title='bbox 658 3506 777 3560; x_wconf 67' lang='lat' dir='ltr'>illae</span> <span class='ocrx_word' id='word_1_487' title='bbox 807 3507 1189 3561; x_wconf 73' lang='lat' dir='ltr'>mcumeuicae</span> <span class='ocrx_word' id='word_1_488' title='bbox 1221 3506 1481 3573; x_wconf 79' lang='lat' dir='ltr'>fuerunt,</span> <span class='ocrx_word' id='word_1_489' title='bbox 1513 3506 1597 3560; x_wconf 90' lang='lat' dir='ltr'>sic</span> <span class='ocrx_word' id='word_1_490' title='bbox 1627 3506 1820 3574; x_wconf 64' lang='lat' dir='ltr'>dictae,</span> <span class='ocrx_word' id='word_1_491' title='bbox 1854 3506 1995 3576; x_wconf 84' lang='lat' dir='ltr'>quia</span> 
     </span>
    </p>
   </div>
   <div class='ocr_carea' id='block_1_69' title="bbox 327 3594 1993 3667">
    <p class='ocr_par' dir='ltr' id='par_1_69' title="bbox 327 3594 1993 3667">
     <span class='ocr_line' id='line_1_70' title="bbox 327 3594 1993 3667; baseline 0.002 -19"><span class='ocrx_word' id='word_1_492' title='bbox 327 3594 503 3666; x_wconf 89' lang='lat' dir='ltr'>jussu</span> <span class='ocrx_word' id='word_1_493' title='bbox 534 3594 962 3665; x_wconf 87' lang='lat' dir='ltr'>imperatorum</span> <span class='ocrx_word' id='word_1_494' title='bbox 988 3595 1202 3649; x_wconf 86' lang='lat' dir='ltr'>summi</span> <span class='ocrx_word' id='word_1_495' title='bbox 1220 3595 1556 3666; x_wconf 82' lang='lat' dir='ltr'>pontiﬁces,</span> <span class='ocrx_word' id='word_1_496' title='bbox 1576 3599 1869 3666; x_wconf 85' lang='lat' dir='ltr'>quotquot</span> <span class='ocrx_word' id='word_1_497' title='bbox 1888 3613 1993 3667; x_wconf 87' lang='lat' dir='ltr'>per</span> 
     </span>
    </p>
   </div>
   <div class='ocr_carea' id='block_1_70' title="bbox 334 3683 1994 3756">
    <p class='ocr_par' dir='ltr' id='par_1_70' title="bbox 334 3683 1994 3756">
     <span class='ocr_line' id='line_1_71' title="bbox 334 3683 1994 3756; baseline 0.002 -20"><span class='ocrx_word' id='word_1_498' title='bbox 334 3683 654 3753; x_wconf 90' lang='lat' dir='ltr'>imperium</span> <span class='ocrx_word' id='word_1_499' title='bbox 686 3686 1019 3739; x_wconf 80' lang='lat' dir='ltr'>Romanum</span> <span class='ocrx_word' id='word_1_500' title='bbox 1054 3689 1243 3752; x_wconf 88' lang='lat' dir='ltr'>erant,</span> <span class='ocrx_word' id='word_1_501' title='bbox 1278 3689 1826 3751; x_wconf 83' lang='lat' dir='ltr'>convocarentur,et</span> <span class='ocrx_word' id='word_1_502' title='bbox 1852 3685 1994 3756; x_wconf 88' lang='lat' dir='ltr'>quia</span> 
     </span>
    </p>
   </div>
   <div class='ocr_carea' id='block_1_71' title="bbox 334 3771 1993 3845">
    <p class='ocr_par' dir='ltr' id='par_1_71' title="bbox 334 3771 1993 3845">
     <span class='ocr_line' id='line_1_72' title="bbox 334 3771 1993 3845; baseline 0.003 -21"><span class='ocrx_word' id='word_1_503' title='bbox 334 3771 393 3825; x_wconf 90' lang='lat' dir='ltr'>in</span> <span class='ocrx_word' id='word_1_504' title='bbox 422 3771 627 3842; x_wconf 87' lang='lat' dir='ltr'>quavis</span> <span class='ocrx_word' id='word_1_505' title='bbox 651 3775 1215 3845; x_wconf 72' lang='lat' dir='ltr'>earum,przesertim</span> <span class='ocrx_word' id='word_1_506' title='bbox 1233 3791 1365 3827; x_wconf 89' lang='lat' dir='ltr'>vero</span> <span class='ocrx_word' id='word_1_507' title='bbox 1386 3773 1727 3838; x_wconf 81' lang='lat' dir='ltr'>sexistis,de</span> <span class='ocrx_word' id='word_1_508' title='bbox 1753 3775 1867 3830; x_wconf 80' lang='lat' dir='ltr'>[ide</span> <span class='ocrx_word' id='word_1_509' title='bbox 1880 3773 1993 3830; x_wconf 82' lang='lat' dir='ltr'>fuit</span> 
     </span>
    </p>
   </div>
   <div class='ocr_carea' id='block_1_72' title="bbox 332 3862 1989 3935">
    <p class='ocr_par' dir='ltr' id='par_1_72' title="bbox 332 3862 1989 3935">
     <span class='ocr_line' id='line_1_73' title="bbox 332 3862 1989 3935; baseline 0.002 -18"><span class='ocrx_word' id='word_1_510' title='bbox 332 3862 651 3933; x_wconf 71' lang='lat' dir='ltr'>quaesitum</span> <span class='ocrx_word' id='word_1_511' title='bbox 664 3864 1080 3935; x_wconf 70' lang='lat' dir='ltr'>suffragiisque</span> <span class='ocrx_word' id='word_1_512' title='bbox 1095 3870 1288 3919; x_wconf 88' lang='lat' dir='ltr'>actum</span> <span class='ocrx_word' id='word_1_513' title='bbox 1307 3864 1754 3919; x_wconf 84' lang='lat' dir='ltr'>etdetinitiones</span> <span class='ocrx_word' id='word_1_514' title='bbox 1771 3882 1875 3921; x_wconf 90' lang='lat' dir='ltr'>seu</span> <span class='ocrx_word' id='word_1_515' title='bbox 1892 3866 1989 3921; x_wconf 91' lang='lat' dir='ltr'>de-</span> 
     </span>
    </p>
   </div>
   <div class='ocr_carea' id='block_1_73' title="bbox 330 3950 1987 4009">
    <p class='ocr_par' dir='ltr' id='par_1_73' title="bbox 330 3950 1987 4009">
     <span class='ocr_line' id='line_1_74' title="bbox 330 3950 1987 4009; baseline 0.003 -5"><span class='ocrx_word' id='word_1_516' title='bbox 330 3956 493 4005; x_wconf 89' lang='lat' dir='ltr'>creta</span> <span class='ocrx_word' id='word_1_517' title='bbox 523 3950 704 4006; x_wconf 92' lang='lat' dir='ltr'>edita.</span> <span class='ocrx_word' id='word_1_518' title='bbox 741 3951 938 4006; x_wconf 88' lang='lat' dir='ltr'>Prima</span> <span class='ocrx_word' id='word_1_519' title='bbox 961 3953 1179 4007; x_wconf 87' lang='lat' dir='ltr'>etenim</span> <span class='ocrx_word' id='word_1_520' title='bbox 1212 3969 1345 4008; x_wconf 85' lang='lat' dir='ltr'>cum</span> <span class='ocrx_word' id='word_1_521' title='bbox 1378 3952 1742 4008; x_wconf 84' lang='lat' dir='ltr'>deﬁnivisset</span> <span class='ocrx_word' id='word_1_522' title='bbox 1774 3954 1987 4009; x_wconf 88' lang='lat' dir='ltr'>Filium</span> 
     </span>
    </p>
   </div>
   <div class='ocr_carea' id='block_1_74' title="bbox 327 4039 1986 4111">
    <p class='ocr_par' dir='ltr' id='par_1_74' title="bbox 327 4039 1986 4111">
     <span class='ocr_line' id='line_1_75' title="bbox 327 4039 1986 4111; baseline 0.003 -18"><span class='ocrx_word' id='word_1_523' title='bbox 327 4039 483 4094; x_wconf 89' lang='lat' dir='ltr'>Patri</span> <span class='ocrx_word' id='word_1_524' title='bbox 508 4057 637 4095; x_wconf 88' lang='lat' dir='ltr'>esse</span> <span class='ocrx_word' id='word_1_525' title='bbox 660 4041 946 4111; x_wconf 72' lang='lat' dir='ltr'>aequalem</span> <span class='ocrx_word' id='word_1_526' title='bbox 962 4058 1135 4097; x_wconf 90' lang='lat' dir='ltr'>essen</span> <span class='ocrx_word' id='word_1_527' title='bbox 1146 4042 1429 4109; x_wconf 87' lang='lat' dir='ltr'>tia,simul</span> <span class='ocrx_word' id='word_1_528' title='bbox 1446 4042 1623 4096; x_wconf 89' lang='lat' dir='ltr'>etiam</span> <span class='ocrx_word' id='word_1_529' title='bbox 1640 4042 1699 4097; x_wconf 90' lang='lat' dir='ltr'>iu</span> <span class='ocrx_word' id='word_1_530' title='bbox 1715 4049 1986 4098; x_wconf 88' lang='lat' dir='ltr'>sanctum</span> 
     </span>
    </p>
   </div>
   <div class='ocr_carea' id='block_1_75' title="bbox 328 4129 1986 4204">
    <p class='ocr_par' dir='ltr' id='par_1_75' title="bbox 328 4129 1986 4204">
     <span class='ocr_line' id='line_1_76' title="bbox 328 4129 1986 4204; baseline 0.003 -21"><span class='ocrx_word' id='word_1_531' title='bbox 328 4129 610 4200; x_wconf 89' lang='lat' dir='ltr'>Spiritum</span> <span class='ocrx_word' id='word_1_532' title='bbox 643 4130 800 4185; x_wconf 87' lang='lat' dir='ltr'>credi</span> <span class='ocrx_word' id='word_1_533' title='bbox 841 4130 1040 4201; x_wconf 85' lang='lat' dir='ltr'>jussit.</span> <span class='ocrx_word' id='word_1_534' title='bbox 1077 4130 1349 4187; x_wconf 90' lang='lat' dir='ltr'>Secunda</span> <span class='ocrx_word' id='word_1_535' title='bbox 1380 4131 1662 4202; x_wconf 91' lang='lat' dir='ltr'>Spiritum</span> <span class='ocrx_word' id='word_1_536' title='bbox 1714 4132 1986 4204; x_wconf 86' lang='lat' dir='ltr'>ejusdem</span> 
     </span>
    </p>
   </div>
   <div class='ocr_carea' id='block_1_76' title="bbox 325 4219 1983 4293">
    <p class='ocr_par' dir='ltr' id='par_1_76' title="bbox 325 4219 1983 4293">
     <span class='ocr_line' id='line_1_77' title="bbox 325 4219 1983 4293; baseline 0.004 -20"><span class='ocrx_word' id='word_1_537' title='bbox 325 4234 460 4273; x_wconf 89' lang='lat' dir='ltr'>cum</span> <span class='ocrx_word' id='word_1_538' title='bbox 479 4220 650 4274; x_wconf 89' lang='lat' dir='ltr'>Patre</span> <span class='ocrx_word' id='word_1_539' title='bbox 666 4219 880 4275; x_wconf 89' lang='lat' dir='ltr'>etFilio</span> <span class='ocrx_word' id='word_1_540' title='bbox 903 4226 1129 4275; x_wconf 72' lang='lat' dir='ltr'>natura:</span> <span class='ocrx_word' id='word_1_541' title='bbox 1154 4238 1281 4276; x_wconf 89' lang='lat' dir='ltr'>esse</span> <span class='ocrx_word' id='word_1_542' title='bbox 1301 4222 1613 4293; x_wconf 87' lang='lat' dir='ltr'>perspicue</span> <span class='ocrx_word' id='word_1_543' title='bbox 1630 4222 1983 4292; x_wconf 86' lang='lat' dir='ltr'>decernens,</span> 
     </span>
    </p>
   </div>
   <div class='ocr_carea' id='block_1_77' title="bbox 327 4306 1982 4379">
    <p class='ocr_par' dir='ltr' id='par_1_77' title="bbox 327 4306 1982 4379">
     <span class='ocr_line' id='line_1_78' title="bbox 327 4306 1982 4379; baseline 0.004 -18"><span class='ocrx_word' id='word_1_544' title='bbox 327 4306 604 4362; x_wconf 90' lang='lat' dir='ltr'>eumdem</span> <span class='ocrx_word' id='word_1_545' title='bbox 644 4308 817 4379; x_wconf 87' lang='lat' dir='ltr'>juxta</span> <span class='ocrx_word' id='word_1_546' title='bbox 872 4309 1108 4364; x_wconf 87' lang='lat' dir='ltr'>adorari</span> <span class='ocrx_word' id='word_1_547' title='bbox 1165 4310 1362 4365; x_wconf 87' lang='lat' dir='ltr'>voluit.</span> <span class='ocrx_word' id='word_1_548' title='bbox 1418 4311 1612 4366; x_wconf 88' lang='lat' dir='ltr'>Tertia</span> <span class='ocrx_word' id='word_1_549' title='bbox 1668 4312 1982 4367; x_wconf 90' lang='lat' dir='ltr'>Dominum</span> 
     </span>
    </p>
   </div>
   <div class='ocr_carea' id='block_1_78' title="bbox 327 4398 1985 4471">
    <p class='ocr_par' dir='ltr' id='par_1_78' title="bbox 327 4398 1985 4471">
     <span class='ocr_line' id='line_1_79' title="bbox 327 4398 1985 4471; baseline 0.004 -20"><span class='ocrx_word' id='word_1_550' title='bbox 327 4402 600 4452; x_wconf 90' lang='lat' dir='ltr'>nostrum</span> <span class='ocrx_word' id='word_1_551' title='bbox 655 4398 857 4453; x_wconf 74' lang='lat' dir='ltr'>Iesum</span> <span class='ocrx_word' id='word_1_552' title='bbox 914 4398 1178 4453; x_wconf 85' lang='lat' dir='ltr'>Cbistum</span> <span class='ocrx_word' id='word_1_553' title='bbox 1240 4399 1499 4471; x_wconf 81' lang='lat' dir='ltr'>perfecta</span> <span class='ocrx_word' id='word_1_554' title='bbox 1573 4418 1711 4456; x_wconf 90' lang='lat' dir='ltr'>cum</span> <span class='ocrx_word' id='word_1_555' title='bbox 1787 4400 1985 4457; x_wconf 88' lang='lat' dir='ltr'>divina</span> 
     </span>
    </p>
   </div>
   <div class='ocr_carea' id='block_1_79' title="bbox 329 4487 1984 4561">
    <p class='ocr_par' dir='ltr' id='par_1_79' title="bbox 329 4487 1984 4561">
     <span class='ocr_line' id='line_1_80' title="bbox 329 4487 1984 4561; baseline 0.003 -21"><span class='ocrx_word' id='word_1_556' title='bbox 329 4492 453 4543; x_wconf 88' lang='lat' dir='ltr'>tum</span> <span class='ocrx_word' id='word_1_557' title='bbox 484 4487 747 4543; x_wconf 88' lang='lat' dir='ltr'>humana</span> <span class='ocrx_word' id='word_1_558' title='bbox 773 4488 1092 4559; x_wconf 61' lang='lat' dir='ltr'>praeditum</span> <span class='ocrx_word' id='word_1_559' title='bbox 1115 4495 1328 4545; x_wconf 88' lang='lat' dir='ltr'>natura</span> <span class='ocrx_word' id='word_1_560' title='bbox 1354 4490 1774 4561; x_wconf 87' lang='lat' dir='ltr'>pronuntians,</span> <span class='ocrx_word' id='word_1_561' title='bbox 1796 4508 1984 4547; x_wconf 91' lang='lat' dir='ltr'>unum</span> 
     </span>
    </p>
   </div>
   <div class='ocr_carea' id='block_1_80' title="bbox 336 4577 1983 4653">
    <p class='ocr_par' dir='ltr' id='par_1_80' title="bbox 336 4577 1983 4653">
     <span class='ocr_line' id='line_1_81' title="bbox 336 4577 1983 4653; baseline 0.004 -24"><span class='ocrx_word' id='word_1_562' title='bbox 336 4582 396 4629; x_wconf 90' lang='lat' dir='ltr'>et</span> <span class='ocrx_word' id='word_1_563' title='bbox 425 4592 547 4653; x_wconf 87' lang='lat' dir='ltr'>non</span> <span class='ocrx_word' id='word_1_564' title='bbox 581 4577 729 4632; x_wconf 91' lang='lat' dir='ltr'>duos</span> <span class='ocrx_word' id='word_1_565' title='bbox 760 4577 940 4632; x_wconf 89' lang='lat' dir='ltr'>Filios</span> <span class='ocrx_word' id='word_1_566' title='bbox 968 4594 1097 4633; x_wconf 88' lang='lat' dir='ltr'>esse</span> <span class='ocrx_word' id='word_1_567' title='bbox 1146 4580 1371 4634; x_wconf 85' lang='lat' dir='ltr'>statuit.</span> <span class='ocrx_word' id='word_1_568' title='bbox 1405 4580 1622 4644; x_wconf 88' lang='lat' dir='ltr'>Quarta</span> <span class='ocrx_word' id='word_1_569' title='bbox 1668 4581 1983 4652; x_wconf 64' lang='lat' dir='ltr'>praedictas</span> 
     </span>
    </p>
   </div>
   <div class='ocr_carea' id='block_1_81' title="bbox 2101 3409 3755 3490">
    <p class='ocr_par' dir='ltr' id='par_1_81' title="bbox 2101 3409 3755 3490">
     <span class='ocr_line' id='line_1_82' title="bbox 2101 3409 3755 3490; baseline 0.001 -22"><span class='ocrx_word' id='word_1_570' title='bbox 2101 3411 2336 3474; x_wconf 79' lang='grc' dir='ltr'>στάσεως</span> <span class='ocrx_word' id='word_1_571' title='bbox 2375 3416 2481 3467; x_wconf 86' lang='grc' dir='ltr'>τῶν</span> <span class='ocrx_word' id='word_1_572' title='bbox 2512 3415 2858 3487; x_wconf 77' lang='grc' dir='ltr'>Χριστιανῶν</span> <span class='ocrx_word' id='word_1_573' title='bbox 2893 3409 3165 3487; x_wconf 84' lang='grc' dir='ltr'>βασιλέων</span> <span class='ocrx_word' id='word_1_574' title='bbox 3222 3412 3628 3490; x_wconf 79' lang='grc' dir='ltr'>γεγενημένων.</span> <span class='ocrx_word' id='word_1_575' title='bbox 3685 3415 3755 3471; x_wconf 78' lang='grc' dir='ltr'>Αἱ</span> 
     </span>
    </p>
   </div>
   <div class='ocr_carea' id='block_1_82' title="bbox 2104 3498 3761 3577">
    <p class='ocr_par' dir='ltr' id='par_1_82' title="bbox 2104 3498 3761 3577">
     <span class='ocr_line' id='line_1_83' title="bbox 2104 3498 3761 3577; baseline -0.001 -21"><span class='ocrx_word' id='word_1_576' title='bbox 2104 3499 2161 3556; x_wconf 74' lang='grc' dir='ltr'>δὲ</span> <span class='ocrx_word' id='word_1_577' title='bbox 2186 3501 2562 3575; x_wconf 81' lang='grc' dir='ltr'>οἷκουμενικαὶ</span> <span class='ocrx_word' id='word_1_578' title='bbox 2593 3501 2900 3577; x_wconf 88' lang='grc' dir='ltr'>γεγόνασιν.</span> <span class='ocrx_word' id='word_1_579' title='bbox 2953 3499 3299 3573; x_wconf 75' lang='grc' dir='ltr'>Ἐκλήθησαν</span> <span class='ocrx_word' id='word_1_580' title='bbox 3345 3498 3402 3557; x_wconf 61' lang='grc' dir='ltr'>δέ</span> <span class='ocrx_word' id='word_1_581' title='bbox 3449 3502 3761 3577; x_wconf 86' lang='grc' dir='ltr'>οἷκουμενι-</span> 
     </span>
    </p>
   </div>
   <div class='ocr_carea' id='block_1_83' title="bbox 2099 3588 3758 3665">
    <p class='ocr_par' dir='ltr' id='par_1_83' title="bbox 2099 3588 3758 3665">
     <span class='ocr_line' id='line_1_84' title="bbox 2099 3588 3758 3665; baseline 0 -18"><span class='ocrx_word' id='word_1_582' title='bbox 2099 3592 2211 3661; x_wconf 72' lang='grc' dir='ltr'>καὶ,</span> <span class='ocrx_word' id='word_1_583' title='bbox 2247 3588 2387 3646; x_wconf 83' lang='grc' dir='ltr'>διότι</span> <span class='ocrx_word' id='word_1_584' title='bbox 2445 3589 2505 3645; x_wconf 75' lang='grc' dir='ltr'>ἐκ</span> <span class='ocrx_word' id='word_1_585' title='bbox 2559 3589 2855 3645; x_wconf 88' lang='grc' dir='ltr'>κελεύσεων</span> <span class='ocrx_word' id='word_1_586' title='bbox 2917 3588 3225 3665; x_wconf 84' lang='grc' dir='ltr'>βασιλικῶν</span> <span class='ocrx_word' id='word_1_587' title='bbox 3283 3591 3335 3646; x_wconf 77' lang='grc' dir='ltr'>οἱ</span> <span class='ocrx_word' id='word_1_588' title='bbox 3391 3590 3526 3647; x_wconf 80' lang='grc' dir='ltr'>κατὰ</span> <span class='ocrx_word' id='word_1_589' title='bbox 3581 3596 3758 3648; x_wconf 62' lang='grc' dir='ltr'>πᾶσαι</span> 
     </span>
    </p>
   </div>
   <div class='ocr_carea' id='block_1_84' title="bbox 2096 3678 3746 3756">
    <p class='ocr_par' dir='ltr' id='par_1_84' title="bbox 2096 3678 3746 3756">
     <span class='ocr_line' id='line_1_85' title="bbox 2096 3678 3746 3756; baseline 0 -20"><span class='ocrx_word' id='word_1_590' title='bbox 2096 3681 2194 3749; x_wconf 79' lang='grc' dir='ltr'>τήν</span> <span class='ocrx_word' id='word_1_591' title='bbox 2247 3680 2534 3753; x_wconf 79' lang='grc' dir='ltr'>Ῥωμαίων</span> <span class='ocrx_word' id='word_1_592' title='bbox 2601 3679 2884 3735; x_wconf 84' lang='grc' dir='ltr'>πολιτείαν</span> <span class='ocrx_word' id='word_1_593' title='bbox 2966 3679 3243 3756; x_wconf 82' lang='grc' dir='ltr'>ἀρχιερεῖς</span> <span class='ocrx_word' id='word_1_594' title='bbox 3307 3678 3746 3755; x_wconf 69' lang='grc' dir='ltr'>μετεκλτςθησαν,</span> 
     </span>
    </p>
   </div>
   <div class='ocr_carea' id='block_1_85' title="bbox 2096 3766 3757 3845">
    <p class='ocr_par' dir='ltr' id='par_1_85' title="bbox 2096 3766 3757 3845">
     <span class='ocr_line' id='line_1_86' title="bbox 2096 3766 3757 3845; baseline 0.001 -20"><span class='ocrx_word' id='word_1_595' title='bbox 2096 3772 2185 3825; x_wconf 78' lang='grc' dir='ltr'>καὶ</span> <span class='ocrx_word' id='word_1_596' title='bbox 2217 3769 2299 3825; x_wconf 81' lang='grc' dir='ltr'>ὅτι</span> <span class='ocrx_word' id='word_1_597' title='bbox 2331 3767 2383 3824; x_wconf 84' lang='grc' dir='ltr'>έν</span> <span class='ocrx_word' id='word_1_598' title='bbox 2418 3770 2635 3845; x_wconf 76' lang='grc' dir='ltr'>ἑκάστῃ,</span> <span class='ocrx_word' id='word_1_599' title='bbox 2665 3770 2755 3825; x_wconf 78' lang='grc' dir='ltr'>καὶ</span> <span class='ocrx_word' id='word_1_600' title='bbox 2791 3767 3030 3843; x_wconf 82' lang='grc' dir='ltr'>μάλιστα</span> <span class='ocrx_word' id='word_1_601' title='bbox 3089 3775 3196 3825; x_wconf 87' lang='grc' dir='ltr'>τῶν</span> <span class='ocrx_word' id='word_1_602' title='bbox 3254 3766 3307 3843; x_wconf 68' lang='grc' dir='ltr'>’ἐξ</span> <span class='ocrx_word' id='word_1_603' title='bbox 3365 3770 3574 3826; x_wconf 89' lang='grc' dir='ltr'>τούτων</span> <span class='ocrx_word' id='word_1_604' title='bbox 3628 3791 3757 3826; x_wconf 87' lang='grc' dir='ltr'>συν-</span> 
     </span>
    </p>
   </div>
   <div class='ocr_carea' id='block_1_86' title="bbox 2097 3858 3751 3936">
    <p class='ocr_par' dir='ltr' id='par_1_86' title="bbox 2097 3858 3751 3936">
     <span class='ocr_line' id='line_1_87' title="bbox 2097 3858 3751 3936; baseline -0.001 -20"><span class='ocrx_word' id='word_1_605' title='bbox 2097 3858 2261 3929; x_wconf 85' lang='grc' dir='ltr'>όδων,</span> <span class='ocrx_word' id='word_1_606' title='bbox 2299 3860 2421 3934; x_wconf 85' lang='grc' dir='ltr'>περὶ</span> <span class='ocrx_word' id='word_1_607' title='bbox 2453 3861 2687 3921; x_wconf 86' lang='grc' dir='ltr'>πίστεως</span> <span class='ocrx_word' id='word_1_608' title='bbox 2718 3864 2753 3930; x_wconf 79' lang='grc' dir='ltr'><strong>ἡ</strong></span> <span class='ocrx_word' id='word_1_609' title='bbox 2789 3861 3014 3931; x_wconf 73' lang='grc' dir='ltr'>ζήτησις</span> <span class='ocrx_word' id='word_1_610' title='bbox 3046 3860 3236 3936; x_wconf 87' lang='grc' dir='ltr'>γέγονε</span> <span class='ocrx_word' id='word_1_611' title='bbox 3264 3860 3356 3915; x_wconf 86' lang='grc' dir='ltr'>καὶ</span> <span class='ocrx_word' id='word_1_612' title='bbox 3388 3860 3572 3935; x_wconf 79' lang='grc' dir='ltr'>ψῆφος</span> <span class='ocrx_word' id='word_1_613' title='bbox 3621 3859 3751 3930; x_wconf 77' lang='grc' dir='ltr'>ἢτοι</span> 
     </span>
    </p>
   </div>
   <div class='ocr_carea' id='block_1_87' title="bbox 2094 3948 3751 4027">
    <p class='ocr_par' dir='ltr' id='par_1_87' title="bbox 2094 3948 3751 4027">
     <span class='ocr_line' id='line_1_88' title="bbox 2094 3948 3751 4027; baseline -0.003 -19"><span class='ocrx_word' id='word_1_614' title='bbox 2094 3952 2220 4026; x_wconf 77' lang='grc' dir='ltr'>’ὀρος</span> <span class='ocrx_word' id='word_1_615' title='bbox 2257 3948 2587 4027; x_wconf 83' lang='grc' dir='ltr'>δογματικὸς</span> <span class='ocrx_word' id='word_1_616' title='bbox 2624 3948 2953 4023; x_wconf 78' lang='grc' dir='ltr'>ἐξενήνεκτο.</span> <span class='ocrx_word' id='word_1_617' title='bbox 2985 3950 3048 4003; x_wconf 88' lang='grc' dir='ltr'>Ἱι</span> <span class='ocrx_word' id='word_1_618' title='bbox 3092 3949 3189 4021; x_wconf 78' lang='grc' dir='ltr'>μὶν</span> <span class='ocrx_word' id='word_1_619' title='bbox 3233 3950 3335 4025; x_wconf 75' lang='grc' dir='ltr'>γὰρ</span> <span class='ocrx_word' id='word_1_620' title='bbox 3382 3950 3574 4026; x_wconf 87' lang='grc' dir='ltr'>πρώτη</span> <span class='ocrx_word' id='word_1_621' title='bbox 3631 3949 3751 4023; x_wconf 82' lang='grc' dir='ltr'>ὁρί-</span> 
     </span>
    </p>
   </div>
   <div class='ocr_carea' id='block_1_88' title="bbox 2095 4038 3749 4116">
    <p class='ocr_par' dir='ltr' id='par_1_88' title="bbox 2095 4038 3749 4116">
     <span class='ocr_line' id='line_1_89' title="bbox 2095 4038 3749 4116; baseline -0.001 -22"><span class='ocrx_word' id='word_1_622' title='bbox 2095 4061 2228 4095; x_wconf 93' lang='grc' dir='ltr'>σασα</span> <span class='ocrx_word' id='word_1_623' title='bbox 2257 4039 2553 4114; x_wconf 85' lang='grc' dir='ltr'>ὁμοούσιον</span> <span class='ocrx_word' id='word_1_624' title='bbox 2582 4044 2661 4112; x_wconf 83' lang='grc' dir='ltr'>τῷ</span> <span class='ocrx_word' id='word_1_625' title='bbox 2693 4039 2867 4113; x_wconf 81' lang='grc' dir='ltr'>Πατρὶ</span> <span class='ocrx_word' id='word_1_626' title='bbox 2906 4038 2997 4093; x_wconf 88' lang='grc' dir='ltr'>τὸν</span> <span class='ocrx_word' id='word_1_627' title='bbox 3050 4039 3198 4107; x_wconf 75' lang='grc' dir='ltr'>Υίὸν,</span> <span class='ocrx_word' id='word_1_628' title='bbox 3254 4038 3606 4116; x_wconf 79' lang='grc' dir='ltr'>παρηγγύησε</span> <span class='ocrx_word' id='word_1_629' title='bbox 3656 4038 3749 4093; x_wconf 85' lang='grc' dir='ltr'>καὶ</span> 
     </span>
    </p>
   </div>
   <div class='ocr_carea' id='block_1_89' title="bbox 2093 4124 3751 4203">
    <p class='ocr_par' dir='ltr' id='par_1_89' title="bbox 2093 4124 3751 4203">
     <span class='ocr_line' id='line_1_90' title="bbox 2093 4124 3751 4203; baseline -0.001 -18"><span class='ocrx_word' id='word_1_630' title='bbox 2093 4131 2169 4192; x_wconf 81' lang='grc' dir='ltr'>είς</span> <span class='ocrx_word' id='word_1_631' title='bbox 2198 4131 2261 4184; x_wconf 90' lang='grc' dir='ltr'>τὸ</span> <span class='ocrx_word' id='word_1_632' title='bbox 2292 4133 2508 4203; x_wconf 84' lang='grc' dir='ltr'>ΙΙνεῦμα</span> <span class='ocrx_word' id='word_1_633' title='bbox 2532 4130 2594 4183; x_wconf 85' lang='grc' dir='ltr'>τὸ</span> <span class='ocrx_word' id='word_1_634' title='bbox 2651 4129 2807 4203; x_wconf 77' lang='grc' dir='ltr'>ἅγιον</span> <span class='ocrx_word' id='word_1_635' title='bbox 2845 4128 3138 4183; x_wconf 88' lang='grc' dir='ltr'>πιστεύειν·</span> <span class='ocrx_word' id='word_1_636' title='bbox 3165 4128 3202 4197; x_wconf 80' lang='grc' dir='ltr'><strong>ἡ</strong></span> <span class='ocrx_word' id='word_1_637' title='bbox 3234 4124 3292 4182; x_wconf 74' lang='grc' dir='ltr'>δὲ</span> <span class='ocrx_word' id='word_1_638' title='bbox 3336 4125 3559 4203; x_wconf 81' lang='grc' dir='ltr'>δευτέρα</span> <span class='ocrx_word' id='word_1_639' title='bbox 3616 4129 3751 4201; x_wconf 82' lang='grc' dir='ltr'>ὁμο-</span> 
     </span>
    </p>
   </div>
   <div class='ocr_carea' id='block_1_90' title="bbox 2093 4216 3747 4293">
    <p class='ocr_par' dir='ltr' id='par_1_90' title="bbox 2093 4216 3747 4293">
     <span class='ocr_line' id='line_1_91' title="bbox 2093 4216 3747 4293; baseline -0.001 -19"><span class='ocrx_word' id='word_1_640' title='bbox 2093 4220 2276 4274; x_wconf 83' lang='grc' dir='ltr'>ούσιον</span> <span class='ocrx_word' id='word_1_641' title='bbox 2305 4223 2403 4274; x_wconf 88' lang='grc' dir='ltr'>τοῦ</span> <span class='ocrx_word' id='word_1_642' title='bbox 2433 4218 2642 4293; x_wconf 86' lang='grc' dir='ltr'>Πατρὸς</span> <span class='ocrx_word' id='word_1_643' title='bbox 2675 4217 2765 4273; x_wconf 87' lang='grc' dir='ltr'>καὶ</span> <span class='ocrx_word' id='word_1_644' title='bbox 2802 4220 2900 4273; x_wconf 87' lang='grc' dir='ltr'>τοῦ</span> <span class='ocrx_word' id='word_1_645' title='bbox 2952 4218 3082 4272; x_wconf 78' lang='grc' dir='ltr'>Υἱοῦ</span> <span class='ocrx_word' id='word_1_646' title='bbox 3127 4216 3191 4272; x_wconf 88' lang='grc' dir='ltr'>τὸ</span> <span class='ocrx_word' id='word_1_647' title='bbox 3243 4222 3464 4290; x_wconf 87' lang='grc' dir='ltr'>Πνεῦμα</span> <span class='ocrx_word' id='word_1_648' title='bbox 3517 4217 3747 4291; x_wconf 81' lang='grc' dir='ltr'>ὁρίσασα</span> 
     </span>
    </p>
   </div>
   <div class='ocr_carea' id='block_1_91' title="bbox 2089 4303 3743 4383">
    <p class='ocr_par' dir='ltr' id='par_1_91' title="bbox 2089 4303 3743 4383">
     <span class='ocr_line' id='line_1_92' title="bbox 2089 4303 3743 4383; baseline 0 -21"><span class='ocrx_word' id='word_1_649' title='bbox 2089 4313 2300 4383; x_wconf 77' lang='grc' dir='ltr'>τρανῶς</span> <span class='ocrx_word' id='word_1_650' title='bbox 2334 4308 2863 4382; x_wconf 80' lang='grc' dir='ltr'>συμπροσκυνεῖσθαι</span> <span class='ocrx_word' id='word_1_651' title='bbox 2916 4305 3209 4371; x_wconf 83' lang='grc' dir='ltr'>έθεσπισεν·</span> <span class='ocrx_word' id='word_1_652' title='bbox 3265 4308 3300 4376; x_wconf 82' lang='grc' dir='ltr'>ἡ</span> <span class='ocrx_word' id='word_1_653' title='bbox 3361 4303 3417 4362; x_wconf 76' lang='grc' dir='ltr'>δὲ</span> <span class='ocrx_word' id='word_1_654' title='bbox 3472 4305 3627 4383; x_wconf 82' lang='grc' dir='ltr'>τρίτη</span> <span class='ocrx_word' id='word_1_655' title='bbox 3658 4305 3743 4362; x_wconf 78' lang='grc' dir='ltr'>τέ-</span> 
     </span>
    </p>
   </div>
   <div class='ocr_carea' id='block_1_92' title="bbox 2093 4389 3743 4468">
    <p class='ocr_par' dir='ltr' id='par_1_92' title="bbox 2093 4389 3743 4468">
     <span class='ocr_line' id='line_1_93' title="bbox 2093 4389 3743 4468; baseline -0.004 -15"><span class='ocrx_word' id='word_1_656' title='bbox 2093 4396 2240 4453; x_wconf 86' lang='grc' dir='ltr'>λειον</span> <span class='ocrx_word' id='word_1_657' title='bbox 2282 4395 2335 4450; x_wconf 77' lang='grc' dir='ltr'>έν</span> <span class='ocrx_word' id='word_1_658' title='bbox 2366 4396 2583 4465; x_wconf 87' lang='grc' dir='ltr'>θεότητι</span> <span class='ocrx_word' id='word_1_659' title='bbox 2612 4393 2701 4449; x_wconf 79' lang='grc' dir='ltr'>καὶ</span> <span class='ocrx_word' id='word_1_660' title='bbox 2730 4390 2941 4449; x_wconf 85' lang='grc' dir='ltr'>τέλειον</span> <span class='ocrx_word' id='word_1_661' title='bbox 2971 4391 3024 4449; x_wconf 77' lang='grc' dir='ltr'>έν</span> <span class='ocrx_word' id='word_1_662' title='bbox 3053 4389 3434 4468; x_wconf 82' lang='grc' dir='ltr'>ἀνθρωπότητι</span> <span class='ocrx_word' id='word_1_663' title='bbox 3484 4393 3574 4449; x_wconf 87' lang='grc' dir='ltr'>τὸν</span> <span class='ocrx_word' id='word_1_664' title='bbox 3628 4392 3743 4448; x_wconf 87' lang='grc' dir='ltr'>Κύ-</span> 
     </span>
    </p>
   </div>
   <div class='ocr_carea' id='block_1_93' title="bbox 2092 4480 3744 4563">
    <p class='ocr_par' dir='ltr' id='par_1_93' title="bbox 2092 4480 3744 4563">
     <span class='ocr_line' id='line_1_94' title="bbox 2092 4480 3744 4563; baseline -0.002 -20"><span class='ocrx_word' id='word_1_665' title='bbox 2092 4509 2210 4563; x_wconf 87' lang='grc' dir='ltr'>ριον</span> <span class='ocrx_word' id='word_1_666' title='bbox 2241 4488 2404 4560; x_wconf 84' lang='grc' dir='ltr'>ἡμῶν</span> <span class='ocrx_word' id='word_1_667' title='bbox 2465 4486 2676 4556; x_wconf 86' lang='grc' dir='ltr'>Ἰησοῦν</span> <span class='ocrx_word' id='word_1_668' title='bbox 2727 4484 2961 4562; x_wconf 87' lang='grc' dir='ltr'>Χριστὸν</span> <span class='ocrx_word' id='word_1_669' title='bbox 3005 4483 3251 4559; x_wconf 83' lang='grc' dir='ltr'>ὁρίσασα,</span> <span class='ocrx_word' id='word_1_670' title='bbox 3291 4480 3386 4540; x_wconf 72' lang='grc' dir='ltr'>ἕνα</span> <span class='ocrx_word' id='word_1_671' title='bbox 3408 4485 3500 4539; x_wconf 84' lang='grc' dir='ltr'>καὶ</span> <span class='ocrx_word' id='word_1_672' title='bbox 3531 4484 3597 4538; x_wconf 84' lang='grc' dir='ltr'>οὐ</span> <span class='ocrx_word' id='word_1_673' title='bbox 3645 4480 3744 4539; x_wconf 86' lang='grc' dir='ltr'>δύο</span> 
     </span>
    </p>
   </div>
   <div class='ocr_carea' id='block_1_94' title="bbox 2089 4573 3744 4652">
    <p class='ocr_par' dir='ltr' id='par_1_94' title="bbox 2089 4573 3744 4652">
     <span class='ocr_line' id='line_1_95' title="bbox 2089 4573 3744 4652; baseline -0.002 -19"><span class='ocrx_word' id='word_1_674' title='bbox 2089 4577 2248 4639; x_wconf 73' lang='grc' dir='ltr'>Υἱοὺς</span> <span class='ocrx_word' id='word_1_675' title='bbox 2282 4576 2652 4652; x_wconf 76' lang='grc' dir='ltr'>ἐδογμάτισεν.</span> <span class='ocrx_word' id='word_1_676' title='bbox 2688 4577 2722 4645; x_wconf 80' lang='grc' dir='ltr'><strong>ἡ</strong></span> <span class='ocrx_word' id='word_1_677' title='bbox 2755 4573 2813 4630; x_wconf 76' lang='grc' dir='ltr'>δὲ</span> <span class='ocrx_word' id='word_1_678' title='bbox 2838 4575 3068 4651; x_wconf 81' lang='grc' dir='ltr'>τετάρτη</span> <span class='ocrx_word' id='word_1_679' title='bbox 3101 4576 3167 4631; x_wconf 84' lang='grc' dir='ltr'>τὰ</span> <span class='ocrx_word' id='word_1_680' title='bbox 3222 4573 3597 4651; x_wconf 82' lang='grc' dir='ltr'>προλεχθέντα</span> <span class='ocrx_word' id='word_1_681' title='bbox 3645 4595 3744 4630; x_wconf 78' lang='grc' dir='ltr'>κυ-</span> 
     </span>
    </p>
   </div>
   <div class='ocr_carea' id='block_1_95' title="bbox 325 4662 1993 4744">
    <p class='ocr_par' dir='ltr' id='par_1_95' title="bbox 325 4667 1982 4742">
     <span class='ocr_line' id='line_1_96' title="bbox 325 4667 1982 4742; baseline 0.002 -23"><span class='ocrx_word' id='word_1_682' title='bbox 325 4667 652 4721; x_wconf 84' lang='lat' dir='ltr'>sententias</span> <span class='ocrx_word' id='word_1_683' title='bbox 686 4668 835 4723; x_wconf 72' lang='lat'>789</span> <span class='ocrx_word' id='word_1_684' title='bbox 868 4674 1028 4723; x_wconf 89' lang='lat' dir='ltr'>ratas</span> <span class='ocrx_word' id='word_1_685' title='bbox 1049 4669 1293 4741; x_wconf 88' lang='lat' dir='ltr'>jubens,</span> <span class='ocrx_word' id='word_1_686' title='bbox 1354 4687 1628 4742; x_wconf 83' lang='lat' dir='ltr'>expresse</span> <span class='ocrx_word' id='word_1_687' title='bbox 1678 4672 1982 4727; x_wconf 87' lang='lat' dir='ltr'>mandavit</span> 
     </span>
    </p>
   </div>
   <div class='ocr_carea' id='block_1_96' title="bbox 2104 4662 3747 4744">
    <p class='ocr_par' dir='ltr' id='par_1_96' title="bbox 2104 4662 3747 4742">
     <span class='ocr_line' id='line_1_97' title="bbox 2104 4662 3747 4742; baseline -0.003 -20"><span class='ocrx_word' id='word_1_688' title='bbox 2104 4667 2328 4739; x_wconf 81' lang='grc' dir='ltr'>&gt;ώσασα,</span> <span class='ocrx_word' id='word_1_689' title='bbox 2361 4663 2459 4720; x_wconf 79' lang='grc' dir='ltr'>δύο</span> <span class='ocrx_word' id='word_1_690' title='bbox 2491 4663 2675 4742; x_wconf 73' lang='grc' dir='ltr'>φύσεις</span> <span class='ocrx_word' id='word_1_691' title='bbox 2721 4662 2774 4719; x_wconf 80' lang='grc' dir='ltr'>ἐν</span> <span class='ocrx_word' id='word_1_692' title='bbox 2825 4663 2974 4737; x_wconf 79' lang='grc' dir='ltr'>αὐτῷ</span> <span class='ocrx_word' id='word_1_693' title='bbox 3021 4664 3375 4741; x_wconf 82' lang='grc' dir='ltr'>γνωρίζεσθαι</span> <span class='ocrx_word' id='word_1_694' title='bbox 3423 4662 3747 4741; x_wconf 88' lang='grc' dir='ltr'>ἀσυγχύτως</span> 
     </span>
    </p>
   </div>
   <div class='ocr_carea' id='block_1_97' title="bbox 318 4754 1969 4830">
    <p class='ocr_par' dir='ltr' id='par_1_97' title="bbox 318 4754 1969 4830">
     <span class='ocr_line' id='line_1_98' title="bbox 318 4754 1969 4830; baseline 0.005 -22"><span class='ocrx_word' id='word_1_695' title='bbox 318 4755 382 4810; x_wconf 87' lang='lat' dir='ltr'>in</span> <span class='ocrx_word' id='word_1_696' title='bbox 412 4754 558 4809; x_wconf 90' lang='lat' dir='ltr'>Filio</span> <span class='ocrx_word' id='word_1_697' title='bbox 591 4754 737 4812; x_wconf 90' lang='lat' dir='ltr'>duas</span> <span class='ocrx_word' id='word_1_698' title='bbox 770 4763 1014 4814; x_wconf 89' lang='lat' dir='ltr'>naturas</span> <span class='ocrx_word' id='word_1_699' title='bbox 1046 4758 1271 4830; x_wconf 90' lang='lat' dir='ltr'>absque</span> <span class='ocrx_word' id='word_1_700' title='bbox 1301 4758 1650 4830; x_wconf 86' lang='lat' dir='ltr'>confusione</span> <span class='ocrx_word' id='word_1_701' title='bbox 1684 4766 1741 4814; x_wconf 84' lang='lat' dir='ltr'>et</span> <span class='ocrx_word' id='word_1_702' title='bbox 1779 4761 1969 4817; x_wconf 86' lang='lat' dir='ltr'>divul-</span> 
     </span>
    </p>
   </div>
   <div class='ocr_carea' id='block_1_98' title="bbox 2078 4749 3740 4830">
    <p class='ocr_par' dir='ltr' id='par_1_98' title="bbox 2078 4749 3740 4830">
     <span class='ocr_line' id='line_1_99' title="bbox 2078 4749 3740 4830; baseline -0.003 -17"><span class='ocrx_word' id='word_1_703' title='bbox 2078 4757 2169 4813; x_wconf 77' lang='grc' dir='ltr'>καὶ</span> <span class='ocrx_word' id='word_1_704' title='bbox 2228 4753 2546 4829; x_wconf 84' lang='grc' dir='ltr'>ἀδιαιρέτως</span> <span class='ocrx_word' id='word_1_705' title='bbox 2599 4758 2811 4830; x_wconf 89' lang='grc' dir='ltr'>τρανῶς</span> <span class='ocrx_word' id='word_1_706' title='bbox 2868 4749 3238 4828; x_wconf 83' lang='grc' dir='ltr'>διηγόρευσεν·</span> <span class='ocrx_word' id='word_1_707' title='bbox 3301 4756 3337 4824; x_wconf 74' lang='grc' dir='ltr'>ἡ</span> <span class='ocrx_word' id='word_1_708' title='bbox 3396 4750 3455 4809; x_wconf 75' lang='grc' dir='ltr'>δὲ</span> <span class='ocrx_word' id='word_1_709' title='bbox 3510 4755 3740 4827; x_wconf 88' lang='grc' dir='ltr'>πέμπτη</span> 
     </span>
    </p>
   </div>
   <div class='ocr_carea' id='block_1_99' title="bbox 316 4839 1993 4922">
    <p class='ocr_par' dir='ltr' id='par_1_99' title="bbox 316 4842 1973 4915">
     <span class='ocr_line' id='line_1_100' title="bbox 316 4842 1973 4915; baseline 0.005 -18"><span class='ocrx_word' id='word_1_710' title='bbox 316 4842 485 4900; x_wconf 91' lang='lat' dir='ltr'>sione</span> <span class='ocrx_word' id='word_1_711' title='bbox 517 4846 698 4900; x_wconf 89' lang='lat' dir='ltr'>credi.</span> <span class='ocrx_word' id='word_1_712' title='bbox 732 4846 949 4912; x_wconf 88' lang='lat' dir='ltr'>Quinta</span> <span class='ocrx_word' id='word_1_713' title='bbox 980 4848 1186 4903; x_wconf 89' lang='lat' dir='ltr'>eadem</span> <span class='ocrx_word' id='word_1_714' title='bbox 1218 4848 1345 4903; x_wconf 63' lang='lat' dir='ltr'>haec</span> <span class='ocrx_word' id='word_1_715' title='bbox 1386 4850 1768 4915; x_wconf 82' lang='lat' dir='ltr'>conﬁrmans,</span> <span class='ocrx_word' id='word_1_716' title='bbox 1804 4851 1973 4905; x_wconf 80' lang='lat' dir='ltr'>Chri-</span> 
     </span>
    </p>
   </div>
   <div class='ocr_carea' id='block_1_100' title="bbox 2104 4839 3740 4922">
    <p class='ocr_par' dir='ltr' id='par_1_100' title="bbox 2104 4839 3740 4922">
     <span class='ocr_line' id='line_1_101' title="bbox 2104 4839 3740 4922; baseline -0.002 -24"><span class='ocrx_word' id='word_1_717' title='bbox 2104 4850 2246 4902; x_wconf 72' lang='lat' dir='ltr'>:aBta</span> <span class='ocrx_word' id='word_1_718' title='bbox 2297 4839 2667 4921; x_wconf 78' lang='grc' dir='ltr'>βεϐαιώσασα,</span> <span class='ocrx_word' id='word_1_719' title='bbox 2724 4844 2845 4908; x_wconf 88' lang='grc' dir='ltr'>καθ’</span> <span class='ocrx_word' id='word_1_720' title='bbox 2895 4844 3146 4919; x_wconf 72' lang='grc' dir='ltr'>ἑκατέραν</span> <span class='ocrx_word' id='word_1_721' title='bbox 3233 4843 3391 4922; x_wconf 82' lang='grc' dir='ltr'>φύσιν</span> <span class='ocrx_word' id='word_1_722' title='bbox 3448 4841 3740 4914; x_wconf 80' lang='grc' dir='ltr'>θελητικόν</span> 
     </span>
    </p>
   </div>
   <div class='ocr_carea' id='block_1_101' title="bbox 319 4935 1976 5008">
    <p class='ocr_par' dir='ltr' id='par_1_101' title="bbox 319 4935 1976 5008">
     <span class='ocr_line' id='line_1_102' title="bbox 319 4935 1976 5008; baseline 0.004 -20"><span class='ocrx_word' id='word_1_723' title='bbox 319 4939 474 4989; x_wconf 89' lang='lat' dir='ltr'>stum</span> <span class='ocrx_word' id='word_1_724' title='bbox 508 4935 838 4992; x_wconf 89' lang='lat' dir='ltr'>secundum</span> <span class='ocrx_word' id='word_1_725' title='bbox 886 4943 1200 5008; x_wconf 86' lang='lat' dir='ltr'>utramque</span> <span class='ocrx_word' id='word_1_726' title='bbox 1251 4943 1525 4993; x_wconf 84' lang='lat' dir='ltr'>naturam</span> <span class='ocrx_word' id='word_1_727' title='bbox 1564 4938 1867 4995; x_wconf 90' lang='lat' dir='ltr'>voluntate</span> <span class='ocrx_word' id='word_1_728' title='bbox 1916 4946 1976 4995; x_wconf 91' lang='lat' dir='ltr'>et</span> 
     </span>
    </p>
   </div>
   <div class='ocr_carea' id='block_1_102' title="bbox 317 5024 1975 5099">
    <p class='ocr_par' dir='ltr' id='par_1_102' title="bbox 317 5024 1975 5099">
     <span class='ocr_line' id='line_1_103' title="bbox 317 5024 1975 5099; baseline 0.003 -20"><span class='ocrx_word' id='word_1_729' title='bbox 317 5024 669 5081; x_wconf 83' lang='lat' dir='ltr'>efficacitate</span> <span class='ocrx_word' id='word_1_730' title='bbox 702 5026 1017 5098; x_wconf 75' lang='lat' dir='ltr'>prmditum</span> <span class='ocrx_word' id='word_1_731' title='bbox 1049 5026 1287 5099; x_wconf 85' lang='lat' dir='ltr'>agnosci</span> <span class='ocrx_word' id='word_1_732' title='bbox 1320 5028 1621 5099; x_wconf 78' lang='lat' dir='ltr'>prmcepit.</span> <span class='ocrx_word' id='word_1_733' title='bbox 1655 5028 1827 5085; x_wconf 82' lang='lat' dir='ltr'>Sexta</span> <span class='ocrx_word' id='word_1_734' title='bbox 1853 5046 1975 5084; x_wconf 88' lang='lat' dir='ltr'>om-</span> 
     </span>
    </p>
   </div>
   <div class='ocr_carea' id='block_1_103' title="bbox 315 5114 1970 5193">
    <p class='ocr_par' dir='ltr' id='par_1_103' title="bbox 315 5114 1970 5193">
     <span class='ocr_line' id='line_1_104' title="bbox 315 5114 1970 5193; baseline 0.004 -23"><span class='ocrx_word' id='word_1_735' title='bbox 315 5114 484 5171; x_wconf 89' lang='lat' dir='ltr'>nium</span> <span class='ocrx_word' id='word_1_736' title='bbox 515 5117 908 5173; x_wconf 87' lang='lat' dir='ltr'>conciliorum</span> <span class='ocrx_word' id='word_1_737' title='bbox 939 5117 1177 5172; x_wconf 87' lang='lat' dir='ltr'>decreta</span> <span class='ocrx_word' id='word_1_738' title='bbox 1207 5135 1525 5173; x_wconf 90' lang='lat' dir='ltr'>recensens</span> <span class='ocrx_word' id='word_1_739' title='bbox 1556 5125 1732 5190; x_wconf 88' lang='lat' dir='ltr'>atque</span> <span class='ocrx_word' id='word_1_740' title='bbox 1758 5138 1970 5193; x_wconf 87' lang='lat' dir='ltr'>appro-</span> 
     </span>
    </p>
   </div>
   <div class='ocr_carea' id='block_1_104' title="bbox 315 5203 1972 5278">
    <p class='ocr_par' dir='ltr' id='par_1_104' title="bbox 315 5203 1972 5278">
     <span class='ocr_line' id='line_1_105' title="bbox 315 5203 1972 5278; baseline 0.004 -19"><span class='ocrx_word' id='word_1_741' title='bbox 315 5203 484 5275; x_wconf 88' lang='lat' dir='ltr'>bans,</span> <span class='ocrx_word' id='word_1_742' title='bbox 520 5206 650 5277; x_wconf 88' lang='lat' dir='ltr'>ipsa</span> <span class='ocrx_word' id='word_1_743' title='bbox 681 5223 918 5277; x_wconf 89' lang='lat' dir='ltr'>quoque</span> <span class='ocrx_word' id='word_1_744' title='bbox 949 5207 1245 5261; x_wconf 89' lang='lat' dir='ltr'>Christum</span> <span class='ocrx_word' id='word_1_745' title='bbox 1302 5208 1627 5278; x_wconf 79' lang='lat' dir='ltr'>perfectum</span> <span class='ocrx_word' id='word_1_746' title='bbox 1680 5215 1738 5264; x_wconf 90' lang='lat' dir='ltr'>et</span> <span class='ocrx_word' id='word_1_747' title='bbox 1786 5211 1972 5265; x_wconf 89' lang='lat' dir='ltr'>Deum</span> 
     </span>
    </p>
   </div>
   <div class='ocr_carea' id='block_1_105' title="bbox 314 5296 1971 5370">
    <p class='ocr_par' dir='ltr' id='par_1_105' title="bbox 314 5296 1971 5370">
     <span class='ocr_line' id='line_1_106' title="bbox 314 5296 1971 5370; baseline 0.004 -23"><span class='ocrx_word' id='word_1_748' title='bbox 314 5299 371 5348; x_wconf 91' lang='lat' dir='ltr'>et</span> <span class='ocrx_word' id='word_1_749' title='bbox 403 5296 710 5350; x_wconf 88' lang='lat' dir='ltr'>hominem</span> <span class='ocrx_word' id='word_1_750' title='bbox 770 5313 899 5351; x_wconf 85' lang='lat' dir='ltr'>esse</span> <span class='ocrx_word' id='word_1_751' title='bbox 952 5296 1221 5368; x_wconf 84' lang='lat' dir='ltr'>professa</span> <span class='ocrx_word' id='word_1_752' title='bbox 1279 5301 1386 5351; x_wconf 88' lang='lat' dir='ltr'>est.</span> <span class='ocrx_word' id='word_1_753' title='bbox 1445 5298 1628 5352; x_wconf 91' lang='lat' dir='ltr'>Porro</span> <span class='ocrx_word' id='word_1_754' title='bbox 1688 5315 1723 5354; x_wconf 91' lang='lat' dir='ltr'>a</span> <span class='ocrx_word' id='word_1_755' title='bbox 1778 5299 1971 5370; x_wconf 90' lang='lat' dir='ltr'>primo</span> 
     </span>
    </p>
   </div>
   <div class='ocr_carea' id='block_1_106' title="bbox 316 5381 1975 5455">
    <p class='ocr_par' dir='ltr' id='par_1_106' title="bbox 316 5381 1975 5455">
     <span class='ocr_line' id='line_1_107' title="bbox 316 5381 1975 5455; baseline 0.004 -19"><span class='ocrx_word' id='word_1_756' title='bbox 316 5381 569 5438; x_wconf 91' lang='lat' dir='ltr'>concilio</span> <span class='ocrx_word' id='word_1_757' title='bbox 630 5402 818 5455; x_wconf 90' lang='lat' dir='ltr'>usque</span> <span class='ocrx_word' id='word_1_758' title='bbox 876 5386 951 5440; x_wconf 90' lang='lat' dir='ltr'>ad</span> <span class='ocrx_word' id='word_1_759' title='bbox 1028 5385 1358 5441; x_wconf 89' lang='lat' dir='ltr'>secundum</span> <span class='ocrx_word' id='word_1_760' title='bbox 1444 5387 1584 5441; x_wconf 89' lang='lat' dir='ltr'>anni</span> <span class='ocrx_word' id='word_1_761' title='bbox 1672 5388 1975 5443; x_wconf 81' lang='lat' dir='ltr'>ﬂuxerunt</span> 
     </span>
    </p>
   </div>
   <div class='ocr_carea' id='block_1_107' title="bbox 314 5471 1972 5541">
    <p class='ocr_par' dir='ltr' id='par_1_107' title="bbox 314 5471 1972 5541">
     <span class='ocr_line' id='line_1_108' title="bbox 314 5471 1972 5541; baseline 0.007 -20"><span class='ocrx_word' id='word_1_762' title='bbox 314 5471 764 5536; x_wconf 81' lang='lat' dir='ltr'>56,asecundo</span> <span class='ocrx_word' id='word_1_763' title='bbox 815 5474 1068 5530; x_wconf 90' lang='lat' dir='ltr'>concilio</span> <span class='ocrx_word' id='word_1_764' title='bbox 1127 5474 1201 5531; x_wconf 90' lang='lat' dir='ltr'>ad</span> <span class='ocrx_word' id='word_1_765' title='bbox 1262 5476 1502 5530; x_wconf 87' lang='lat' dir='ltr'>tertium</span> <span class='ocrx_word' id='word_1_766' title='bbox 1562 5479 1651 5541; x_wconf 83' lang='grc'>50,</span> <span class='ocrx_word' id='word_1_767' title='bbox 1707 5494 1741 5533; x_wconf 92' lang='lat' dir='ltr'>a</span> <span class='ocrx_word' id='word_1_768' title='bbox 1800 5478 1972 5533; x_wconf 89' lang='lat' dir='ltr'>tertio</span> 
     </span>
    </p>
   </div>
   <div class='ocr_carea' id='block_1_108' title="bbox 315 5556 1971 5639">
    <p class='ocr_par' dir='ltr' id='par_1_108' title="bbox 315 5556 1971 5639">
     <span class='ocr_line' id='line_1_109' title="bbox 315 5556 1971 5639; baseline 0.008 -28"><span class='ocrx_word' id='word_1_769' title='bbox 315 5556 389 5612; x_wconf 89' lang='lat' dir='ltr'>ad</span> <span class='ocrx_word' id='word_1_770' title='bbox 424 5566 703 5629; x_wconf 89' lang='lat' dir='ltr'>quartum</span> <span class='ocrx_word' id='word_1_771' title='bbox 733 5565 823 5629; x_wconf 89' lang='grc'>30,</span> <span class='ocrx_word' id='word_1_772' title='bbox 855 5581 891 5619; x_wconf 90' lang='lat' dir='ltr'>a</span> <span class='ocrx_word' id='word_1_773' title='bbox 920 5570 1131 5635; x_wconf 87' lang='lat' dir='ltr'>quarto</span> <span class='ocrx_word' id='word_1_774' title='bbox 1163 5564 1236 5619; x_wconf 91' lang='lat' dir='ltr'>ad</span> <span class='ocrx_word' id='word_1_775' title='bbox 1263 5565 1535 5635; x_wconf 89' lang='lat' dir='ltr'>quintum</span> <span class='ocrx_word' id='word_1_776' title='bbox 1562 5568 1682 5635; x_wconf 74' lang='lat'>102,</span> <span class='ocrx_word' id='word_1_777' title='bbox 1707 5585 1742 5622; x_wconf 91' lang='lat' dir='ltr'>a</span> <span class='ocrx_word' id='word_1_778' title='bbox 1764 5569 1971 5639; x_wconf 90' lang='lat' dir='ltr'>quinto</span> 
     </span>
    </p>
   </div>
   <div class='ocr_carea' id='block_1_109' title="bbox 309 5645 1686 5727">
    <p class='ocr_par' dir='ltr' id='par_1_109' title="bbox 309 5645 1686 5727">
     <span class='ocr_line' id='line_1_110' title="bbox 309 5645 1686 5727; baseline 0.009 -27"><span class='ocrx_word' id='word_1_779' title='bbox 309 5645 383 5701; x_wconf 86' lang='lat' dir='ltr'>ad</span> <span class='ocrx_word' id='word_1_780' title='bbox 415 5652 652 5704; x_wconf 84' lang='lat' dir='ltr'>sextum</span> <span class='ocrx_word' id='word_1_781' title='bbox 682 5654 804 5720; x_wconf 84' lang='grc'>129,</span> <span class='ocrx_word' id='word_1_782' title='bbox 836 5669 871 5708; x_wconf 89' lang='lat' dir='ltr'>a</span> <span class='ocrx_word' id='word_1_783' title='bbox 895 5658 1059 5709; x_wconf 86' lang='lat' dir='ltr'>sexto</span> <span class='ocrx_word' id='word_1_784' title='bbox 1090 5653 1169 5708; x_wconf 91' lang='lat' dir='ltr'>ad</span> <span class='ocrx_word' id='word_1_785' title='bbox 1201 5655 1522 5727; x_wconf 88' lang='lat' dir='ltr'>septimum</span> <span class='ocrx_word' id='word_1_786' title='bbox 1564 5657 1686 5713; x_wconf 82' lang='grc'>122.</span> 
     </span>
    </p>
   </div>
   <div class='ocr_carea' id='block_1_110' title="bbox 380 5738 1972 5813">
    <p class='ocr_par' dir='ltr' id='par_1_110' title="bbox 380 5738 1972 5813">
     <span class='ocr_line' id='line_1_111' title="bbox 380 5738 1972 5813; baseline 0.009 -23"><span class='ocrx_word' id='word_1_787' title='bbox 380 5738 460 5791; x_wconf 87' lang='lat' dir='ltr'>Ea</span> <span class='ocrx_word' id='word_1_788' title='bbox 495 5740 866 5809; x_wconf 87' lang='lat' dir='ltr'>tempestate,</span> <span class='ocrx_word' id='word_1_789' title='bbox 896 5759 1030 5797; x_wconf 90' lang='lat' dir='ltr'>cum</span> <span class='ocrx_word' id='word_1_790' title='bbox 1064 5742 1309 5813; x_wconf 86' lang='lat' dir='ltr'>quidam</span> <span class='ocrx_word' id='word_1_791' title='bbox 1346 5744 1530 5813; x_wconf 75' lang='lat' dir='ltr'>solus,</span> <span class='ocrx_word' id='word_1_792' title='bbox 1588 5762 1733 5801; x_wconf 89' lang='lat' dir='ltr'>cane</span> <span class='ocrx_word' id='word_1_793' title='bbox 1785 5749 1972 5804; x_wconf 90' lang='lat' dir='ltr'>comi-</span> 
     </span>
    </p>
   </div>
   <div class='ocr_carea' id='block_1_111' title="bbox 2082 4932 3739 5011">
    <p class='ocr_par' dir='ltr' id='par_1_111' title="bbox 2082 4932 3739 5011">
     <span class='ocr_line' id='line_1_112' title="bbox 2082 4932 3739 5011; baseline -0.002 -21"><span class='ocrx_word' id='word_1_794' title='bbox 2082 4936 2172 4990; x_wconf 81' lang='grc' dir='ltr'>καὶ</span> <span class='ocrx_word' id='word_1_795' title='bbox 2204 4934 2547 5011; x_wconf 74' lang='grc' dir='ltr'>ἐνεργητικὸν</span> <span class='ocrx_word' id='word_1_796' title='bbox 2581 4933 2744 4988; x_wconf 78' lang='grc' dir='ltr'>αὐτὸν</span> <span class='ocrx_word' id='word_1_797' title='bbox 2775 4932 2917 4987; x_wconf 82' lang='grc' dir='ltr'>εἶναί</span> <span class='ocrx_word' id='word_1_798' title='bbox 2963 4954 3022 4988; x_wconf 85' lang='grc' dir='ltr'>τε</span> <span class='ocrx_word' id='word_1_799' title='bbox 3078 4934 3167 4989; x_wconf 80' lang='grc' dir='ltr'>καὶ</span> <span class='ocrx_word' id='word_1_800' title='bbox 3225 4934 3586 5009; x_wconf 83' lang='grc' dir='ltr'>γνωρίζεσθαι</span> <span class='ocrx_word' id='word_1_801' title='bbox 3644 4953 3739 4987; x_wconf 85' lang='grc' dir='ltr'>σα-</span> 
     </span>
    </p>
   </div>
   <div class='ocr_carea' id='block_1_112' title="bbox 2082 5019 3741 5104">
    <p class='ocr_par' dir='ltr' id='par_1_112' title="bbox 2082 5019 3741 5104">
     <span class='ocr_line' id='line_1_113' title="bbox 2082 5019 3741 5104; baseline -0.004 -23"><span class='ocrx_word' id='word_1_802' title='bbox 2082 5030 2198 5104; x_wconf 82' lang='grc' dir='ltr'>φῶς</span> <span class='ocrx_word' id='word_1_803' title='bbox 2228 5026 2519 5097; x_wconf 78' lang='grc' dir='ltr'>ἀπέφηνενο</span> <span class='ocrx_word' id='word_1_804' title='bbox 2553 5023 2589 5092; x_wconf 75' lang='grc' dir='ltr'>ἡ</span> <span class='ocrx_word' id='word_1_805' title='bbox 2620 5020 2678 5077; x_wconf 69' lang='grc' dir='ltr'>δὲ</span> <span class='ocrx_word' id='word_1_806' title='bbox 2706 5019 2836 5093; x_wconf 72' lang='grc' dir='ltr'>ἕκτη</span> <span class='ocrx_word' id='word_1_807' title='bbox 2867 5022 2934 5077; x_wconf 83' lang='grc' dir='ltr'>τὰ</span> <span class='ocrx_word' id='word_1_808' title='bbox 2962 5027 3070 5078; x_wconf 90' lang='grc' dir='ltr'>τῶν</span> <span class='ocrx_word' id='word_1_809' title='bbox 3111 5021 3261 5079; x_wconf 80' lang='grc' dir='ltr'>’ὀλων</span> <span class='ocrx_word' id='word_1_810' title='bbox 3291 5019 3531 5078; x_wconf 88' lang='grc' dir='ltr'>συνόδων</span> <span class='ocrx_word' id='word_1_811' title='bbox 3591 5020 3741 5091; x_wconf 83' lang='grc' dir='ltr'>ἐπεξ-</span> 
     </span>
    </p>
   </div>
   <div class='ocr_carea' id='block_1_113' title="bbox 2081 5105 3735 5187">
    <p class='ocr_par' dir='ltr' id='par_1_113' title="bbox 2081 5105 3735 5187">
     <span class='ocr_line' id='line_1_114' title="bbox 2081 5105 3735 5187; baseline -0.004 -15"><span class='ocrx_word' id='word_1_812' title='bbox 2081 5114 2313 5172; x_wconf 87' lang='grc' dir='ltr'>ελθοῦσα</span> <span class='ocrx_word' id='word_1_813' title='bbox 2369 5111 2461 5167; x_wconf 84' lang='grc' dir='ltr'>καὶ</span> <span class='ocrx_word' id='word_1_814' title='bbox 2522 5105 2891 5187; x_wconf 76' lang='grc' dir='ltr'>βεϐαιώσασα,</span> <span class='ocrx_word' id='word_1_815' title='bbox 2974 5110 3189 5168; x_wconf 85' lang='grc' dir='ltr'>τέλειον</span> <span class='ocrx_word' id='word_1_816' title='bbox 3264 5113 3351 5167; x_wconf 84' lang='grc' dir='ltr'>καὶ</span> <span class='ocrx_word' id='word_1_817' title='bbox 3430 5111 3566 5182; x_wconf 87' lang='grc' dir='ltr'>αύτή</span> <span class='ocrx_word' id='word_1_818' title='bbox 3639 5111 3735 5166; x_wconf 89' lang='grc' dir='ltr'>τὸν</span> 
     </span>
    </p>
   </div>
   <div class='ocr_carea' id='block_1_114' title="bbox 2082 5200 3736 5281">
    <p class='ocr_par' dir='ltr' id='par_1_114' title="bbox 2082 5200 3736 5281">
     <span class='ocr_line' id='line_1_115' title="bbox 2082 5200 3736 5281; baseline -0.004 -19"><span class='ocrx_word' id='word_1_819' title='bbox 2082 5206 2278 5281; x_wconf 85' lang='grc' dir='ltr'>Κύριον</span> <span class='ocrx_word' id='word_1_820' title='bbox 2307 5206 2469 5277; x_wconf 83' lang='grc' dir='ltr'>ἡμῶν</span> <span class='ocrx_word' id='word_1_821' title='bbox 2497 5201 2712 5270; x_wconf 85' lang='grc' dir='ltr'>Ἰησοῦν</span> <span class='ocrx_word' id='word_1_822' title='bbox 2762 5200 2992 5276; x_wconf 88' lang='grc' dir='ltr'>Χριστὸν</span> <span class='ocrx_word' id='word_1_823' title='bbox 3039 5200 3095 5258; x_wconf 80' lang='grc' dir='ltr'>έν</span> <span class='ocrx_word' id='word_1_824' title='bbox 3148 5203 3366 5273; x_wconf 89' lang='grc' dir='ltr'>θεότητι</span> <span class='ocrx_word' id='word_1_825' title='bbox 3408 5201 3497 5256; x_wconf 82' lang='grc' dir='ltr'>καὶ</span> <span class='ocrx_word' id='word_1_826' title='bbox 3551 5200 3604 5256; x_wconf 82' lang='grc' dir='ltr'>ἐν</span> <span class='ocrx_word' id='word_1_827' title='bbox 3653 5200 3736 5255; x_wconf 83' lang='grc' dir='ltr'>ἀν-</span> 
     </span>
    </p>
   </div>
   <div class='ocr_carea' id='block_1_115' title="bbox 2083 5287 3734 5372">
    <p class='ocr_par' dir='ltr' id='par_1_115' title="bbox 2083 5287 3734 5372">
     <span class='ocr_line' id='line_1_116' title="bbox 2083 5287 3734 5372; baseline -0.003 -22"><span class='ocrx_word' id='word_1_828' title='bbox 2083 5294 2397 5372; x_wconf 85' lang='grc' dir='ltr'>θρωπότητι</span> <span class='ocrx_word' id='word_1_829' title='bbox 2425 5290 2776 5368; x_wconf 70' lang='grc' dir='ltr'>ἐξεφώνησεν.</span> <span class='ocrx_word' id='word_1_830' title='bbox 2811 5291 2943 5347; x_wconf 82' lang='grc' dir='ltr'>Ἀπὸ</span> <span class='ocrx_word' id='word_1_831' title='bbox 2971 5295 3099 5364; x_wconf 88' lang='grc' dir='ltr'>γοῦν</span> <span class='ocrx_word' id='word_1_832' title='bbox 3127 5298 3228 5361; x_wconf 79' lang='grc' dir='ltr'>τῆς</span> <span class='ocrx_word' id='word_1_833' title='bbox 3258 5292 3305 5346; x_wconf 75' lang='grc' dir='ltr'>α’</span> <span class='ocrx_word' id='word_1_834' title='bbox 3350 5289 3581 5346; x_wconf 89' lang='grc' dir='ltr'>συνόδου</span> <span class='ocrx_word' id='word_1_835' title='bbox 3627 5287 3734 5352; x_wconf 74' lang='grc' dir='ltr'>ἕως</span> 
     </span>
    </p>
   </div>
   <div class='ocr_carea' id='block_1_116' title="bbox 2085 5372 3740 5456">
    <p class='ocr_par' dir='ltr' id='par_1_116' title="bbox 2085 5372 3740 5456">
     <span class='ocr_line' id='line_1_117' title="bbox 2085 5372 3740 5456; baseline -0.005 -16"><span class='ocrx_word' id='word_1_836' title='bbox 2085 5391 2185 5454; x_wconf 79' lang='grc' dir='ltr'>τῆς</span> <span class='ocrx_word' id='word_1_837' title='bbox 2218 5380 2467 5456; x_wconf 87' lang='grc' dir='ltr'>δευτέρας</span> <span class='ocrx_word' id='word_1_838' title='bbox 2498 5372 2591 5449; x_wconf 74' lang='grc' dir='ltr'>ἔτη</span> <span class='ocrx_word' id='word_1_839' title='bbox 2622 5379 2722 5447; x_wconf 83' lang='grc' dir='ltr'>νς’,</span> <span class='ocrx_word' id='word_1_840' title='bbox 2755 5376 2861 5433; x_wconf 84' lang='grc' dir='ltr'>ἀπὸ</span> <span class='ocrx_word' id='word_1_841' title='bbox 2912 5385 3013 5449; x_wconf 80' lang='grc' dir='ltr'>τῆς</span> <span class='ocrx_word' id='word_1_842' title='bbox 3141 5379 3247 5443; x_wconf 79' lang='grc' dir='ltr'>ἓως</span> <span class='ocrx_word' id='word_1_843' title='bbox 3297 5387 3397 5449; x_wconf 78' lang='grc' dir='ltr'>τῆς</span> <span class='ocrx_word' id='word_1_844' title='bbox 3443 5381 3492 5455; x_wconf 89' lang='grc' dir='ltr'>γ’</span> <span class='ocrx_word' id='word_1_845' title='bbox 3535 5373 3629 5448; x_wconf 75' lang='grc' dir='ltr'>ἔτη</span> <span class='ocrx_word' id='word_1_846' title='bbox 3677 5380 3740 5449; x_wconf 89' lang='grc' dir='ltr'>ν’,</span> 
     </span>
    </p>
   </div>
   <div class='ocr_carea' id='block_1_117' title="bbox 2082 5461 3739 5544">
    <p class='ocr_par' dir='ltr' id='par_1_117' title="bbox 2082 5461 3739 5544">
     <span class='ocr_line' id='line_1_118' title="bbox 2082 5461 3739 5544; baseline -0.004 -17"><span class='ocrx_word' id='word_1_847' title='bbox 2082 5472 2189 5529; x_wconf 86' lang='grc' dir='ltr'>ἀπὸ</span> <span class='ocrx_word' id='word_1_848' title='bbox 2219 5478 2318 5542; x_wconf 83' lang='grc' dir='ltr'>τῆς</span> <span class='ocrx_word' id='word_1_849' title='bbox 2343 5471 2389 5544; x_wconf 91' lang='grc' dir='ltr'>γ’</span> <span class='ocrx_word' id='word_1_850' title='bbox 2416 5465 2522 5529; x_wconf 69' lang='grc' dir='ltr'>ἕως</span> <span class='ocrx_word' id='word_1_851' title='bbox 2551 5470 2651 5533; x_wconf 78' lang='grc' dir='ltr'>τῆς</span> <span class='ocrx_word' id='word_1_852' title='bbox 2686 5463 2730 5521; x_wconf 80' lang='grc' dir='ltr'>δ’</span> <span class='ocrx_word' id='word_1_853' title='bbox 2760 5461 2853 5537; x_wconf 79' lang='grc' dir='ltr'>ἔτη</span> <span class='ocrx_word' id='word_1_854' title='bbox 2888 5466 2960 5538; x_wconf 77' lang='grc' dir='ltr'>λ’,</span> <span class='ocrx_word' id='word_1_855' title='bbox 2993 5469 3098 5523; x_wconf 82' lang='grc' dir='ltr'>ἀπὸ</span> <span class='ocrx_word' id='word_1_856' title='bbox 3127 5476 3227 5539; x_wconf 80' lang='grc' dir='ltr'>τῆς</span> <span class='ocrx_word' id='word_1_857' title='bbox 3254 5467 3296 5524; x_wconf 77' lang='grc' dir='ltr'>δ’</span> <span class='ocrx_word' id='word_1_858' title='bbox 3323 5465 3430 5531; x_wconf 79' lang='grc' dir='ltr'>ἓως</span> <span class='ocrx_word' id='word_1_859' title='bbox 3466 5474 3567 5536; x_wconf 81' lang='grc' dir='ltr'>τῆς</span> <span class='ocrx_word' id='word_1_860' title='bbox 3590 5469 3628 5522; x_wconf 85' lang='grc' dir='ltr'>ε’</span> <span class='ocrx_word' id='word_1_861' title='bbox 3646 5464 3739 5539; x_wconf 85' lang='grc' dir='ltr'>ἔτη</span> 
     </span>
    </p>
   </div>
   <div class='ocr_carea' id='block_1_118' title="bbox 2083 5553 3744 5638">
    <p class='ocr_par' dir='ltr' id='par_1_118' title="bbox 2083 5553 3744 5638">
     <span class='ocr_line' id='line_1_119' title="bbox 2083 5553 3744 5638; baseline -0.002 -22"><span class='ocrx_word' id='word_1_862' title='bbox 2083 5566 2187 5638; x_wconf 77' lang='grc' dir='ltr'>ρβ’,</span> <span class='ocrx_word' id='word_1_863' title='bbox 2219 5561 2327 5616; x_wconf 84' lang='grc' dir='ltr'>ἀπὸ</span> <span class='ocrx_word' id='word_1_864' title='bbox 2353 5565 2455 5628; x_wconf 84' lang='grc' dir='ltr'>τῆς</span> <span class='ocrx_word' id='word_1_865' title='bbox 2486 5562 2522 5612; x_wconf 72' lang='grc' dir='ltr'>ε’</span> <span class='ocrx_word' id='word_1_866' title='bbox 2549 5554 2658 5621; x_wconf 69' lang='grc' dir='ltr'>ἕως</span> <span class='ocrx_word' id='word_1_867' title='bbox 2682 5562 2782 5626; x_wconf 83' lang='grc' dir='ltr'>τῆς</span> <span class='ocrx_word' id='word_1_868' title='bbox 2818 5558 2858 5627; x_wconf 85' lang='grc' dir='ltr'>ζ’</span> <span class='ocrx_word' id='word_1_869' title='bbox 2887 5555 2979 5629; x_wconf 82' lang='grc' dir='ltr'>ἔτη</span> <span class='ocrx_word' id='word_1_870' title='bbox 3018 5559 3151 5633; x_wconf 77' lang='grc' dir='ltr'>ρκθ“,</span> <span class='ocrx_word' id='word_1_871' title='bbox 3184 5559 3271 5614; x_wconf 87' lang='grc' dir='ltr'>καὶ</span> <span class='ocrx_word' id='word_1_872' title='bbox 3305 5560 3411 5614; x_wconf 87' lang='grc' dir='ltr'>ἀπὸ</span> <span class='ocrx_word' id='word_1_873' title='bbox 3442 5560 3541 5627; x_wconf 74' lang='grc' dir='ltr'>τῆς</span> <span class='ocrx_word' id='word_1_874' title='bbox 3573 5558 3615 5627; x_wconf 83' lang='grc' dir='ltr'>ζ’</span> <span class='ocrx_word' id='word_1_875' title='bbox 3636 5553 3744 5620; x_wconf 76' lang='grc' dir='ltr'>ἓως</span> 
     </span>
    </p>
   </div>
   <div class='ocr_carea' id='block_1_119' title="bbox 2081 5649 2549 5728">
    <p class='ocr_par' dir='ltr' id='par_1_119' title="bbox 2081 5649 2549 5728">
     <span class='ocr_line' id='line_1_120' title="bbox 2081 5649 2549 5728; baseline -0.002 -2"><span class='ocrx_word' id='word_1_876' title='bbox 2081 5662 2184 5726; x_wconf 81' lang='grc' dir='ltr'>τῆς</span> <span class='ocrx_word' id='word_1_877' title='bbox 2211 5655 2251 5724; x_wconf 84' lang='grc' dir='ltr'>ζ’</span> <span class='ocrx_word' id='word_1_878' title='bbox 2280 5649 2373 5723; x_wconf 81' lang='grc' dir='ltr'>ἔτη</span> <span class='ocrx_word' id='word_1_879' title='bbox 2409 5650 2549 5728; x_wconf 71' lang='grc' dir='ltr'>Ρκβὀ</span> 
     </span>
    </p>
   </div>
   <div class='ocr_carea' id='block_1_120' title="bbox 2154 5736 3738 5815">
    <p class='ocr_par' dir='ltr' id='par_1_120' title="bbox 2154 5736 3738 5815">
     <span class='ocr_line' id='line_1_121' title="bbox 2154 5736 3738 5815; baseline -0.004 -16"><span class='ocrx_word' id='word_1_880' title='bbox 2154 5747 2242 5803; x_wconf 84' lang='grc' dir='ltr'>Ἐν</span> <span class='ocrx_word' id='word_1_881' title='bbox 2270 5740 2487 5803; x_wconf 86' lang='grc' dir='ltr'>τούτοις</span> <span class='ocrx_word' id='word_1_882' title='bbox 2532 5740 2649 5798; x_wconf 83' lang='grc' dir='ltr'>τοῖς</span> <span class='ocrx_word' id='word_1_883' title='bbox 2707 5736 2935 5813; x_wconf 82' lang='grc' dir='ltr'>χρόνοις</span> <span class='ocrx_word' id='word_1_884' title='bbox 2993 5737 3265 5815; x_wconf 83' lang='grc' dir='ltr'>ἀνθρώπῳ</span> <span class='ocrx_word' id='word_1_885' title='bbox 3321 5739 3432 5794; x_wconf 83' lang='grc' dir='ltr'>τινὶ</span> <span class='ocrx_word' id='word_1_886' title='bbox 3492 5737 3738 5795; x_wconf 82' lang='grc' dir='ltr'>ὁδεύοντι</span> 
     </span>
    </p>
   </div>
  </div>
