4120 6416
369 372 479 435 ειι

1494 371 2042 434 HISTORIARUM
2089 371 2640 434 COMPENDIUM.

3672 377 3795 438 842

365 505 516 581 μόνῳ
544 503 690 560 κύων
721 501 1041 574 ἠκολούθει,
1082 501 1305 577 Λῃστής
1347 498 1405 558 δὲ
1433 499 1643 565 ἐνόδιος
1672 502 1764 559 τὸν
1814 502 2012 579 ἄνθρω-

2139 508 2323 569 tante,
2355 505 2470 561 iter
2497 505 2741 572 faceret,
2799 509 2891 561 est
2936 520 2973 561 a
3022 505 3274 576 latrone,
3322 508 3531 579 quales
3579 510 3797 569 itinera

358 617 465 653 πον
525 593 854 654 ἀποκτείνας
912 588 1202 667 ἀπὲδρασε,
1262 596 1362 647 τοῦ
1418 592 1582 657 κυνὸς
1641 591 1927 666 μείναντος
1981 591 2033 648 ἐν

356 691 438 759 τῷ
468 686 631 758 τόπῳ
659 683 751 739 καὶ
784 682 1161 760 φυλάσσοντος
1193 681 1256 736 τὸ
1289 686 1451 755 σῶμα
1480 685 1579 737 τοῦ
1611 678 1878 738 δεσπότου
1929 682 2032 738 αὐ-

356 781 484 835 τοῦ.
537 777 763 848 Ἕτερος
817 768 875 826 δέ
931 790 1014 832 τις
1065 769 1351 846 ἅνθρωπος
1400 771 1537 826 κατά
1590 771 1881 848 συγκυρίαν
1937 770 2035 826 ἀ·δά

354 869 461 937 τὴν
496 860 623 920 ὁδὸν
657 859 868 931 ἐκείνην
922 857 1303 934 διερχόμενος,
1350 860 1413 914 τὸ
1470 864 1630 934 σῶμα
1663 858 1792 916 ἰδὼν
1842 861 2026 936 νεκρὸν

360 957 689 1035 ἐρριμμένον
722 952 813 1009 καί
845 950 1295 1031 σπλαγχνισθεὶς,
1329 951 1520 1026 ὀρύξαι·
1551 949 1740 1017 ἔθαψεν
1795 953 1928 1008 αὐτὸ
1976 951 2029 1006 ἐν

358 1051 428 1121 τῇ
457 1049 551 1122 γῇ.
587 1048 774 1103 Τοῦτο
806 1039 936 1097 ἰδὼν
967 1041 995 1096 6
1025 1041 1171 1095 κύων
1189 1039 1280 1096 καὶ
1309 1038 1708 1115 ἀποδεξάμενος
1732 1040 2029 1113 ἠκολούθει

358 1142 439 1210 τῷ
471 1138 718 1209 θάψαντι,
766 1132 1017 1200 εὐνοϊκὴν
1048 1127 1303 1187 δουλείαν
1332 1129 1701 1204 ἀποπληρῶν.
1733 1136 1831 1187 Ἦν
1864 1129 1923 1187 δὲ
1963 1131 2026 1185 τὸ

360 1220 712 1296 ἐπιτήδευμα
738 1224 836 1276 τοῦ
869 1220 1162 1295 ἀνθρώπου
1201 1219 1475 1291 κάπηλος,
1528 1222 1731 1283 πάντας
1786 1223 1869 1295 [Ρ.
1902 1223 2028 1294 440]

361 1312 418 1371 δὲ
444 1314 575 1378 τοὺς
599 1312 869 1373 εἰσιόντας
924 1310 1020 1365 καὶ
1079 1308 1316 1380 ἐξιόντας
1368 1307 1570 1365 ἔσαινεν
1601 1310 1629 1364 6
1660 1308 1827 1367 κύων.
1885 1309 2028 1385 Χρό-

360 1402 553 1461 νουδέ
582 1402 991 1479 παρῳχηκότος
1022 1395 1220 1473 συνέϐη
1263 1402 1354 1457 καί
1404 1401 1496 1456 τὸν
1553 1402 1719 1481 φονέα
1765 1400 2026 1466 εἰσελθεῖν

355 1500 455 1550 τοῦ
488 1499 629 1549 πιεῖν
655 1491 730 1553 εἷς
756 1491 819 1547 τὸ
847 1489 1179 1561 καπηλεῖον,
1212 1488 1269 1545 ὅν
1299 1488 1564 1567 ἐπιγνοὺς
1590 1491 1618 1545 6
1641 1489 1783 1546 κύων
1806 1489 2024 1547 ὑλάκτει

358 1584 452 1638 καὶ
485 1578 730 1651 ἐπεπήδα
759 1581 835 1643 εἰς
867 1581 931 1636 τὸ
963 1578 1261 1655 πρόσωπον
1320 1579 1505 1635 αὐτοῦ.
1557 1583 1729 1634 Τοῦτο
1781 1576 1838 1635 δὲ
1885 1579 2024 1634 πολ-

358 1670 518 1728 λάκις
546 1670 830 1746 γινόμενον
869 1668 958 1733 εἷς
990 1668 1224 1744 ὑποψίαν
1285 1665 1534 1729 πολλοὺς
1582 1668 1715 1741 θείῳ
1762 1669 2025 1741 κινήματι

356 1763 555 1839 ἤγαγε,
600 1761 692 1816 καὶ
752 1759 1036 1835 συσχεθεὶς
1092 1759 1171 1821 εἷς
1232 1759 1413 1832 κρίσιν
1472 1754 1774 1832 παρεδόθη,
1833 1757 1925 1811 καὶ
1962 1757 2025 1812 τὸ

359 1853 607 1927 πραχθὲν
648 1847 1009 1950 ὁμολογήσας
1044 1848 1180 1922 μετὰ
1226 1846 1405 1950 πάσης
1447 1844 1708 1918 ἀληθείας
1762 1843 2021 1920 ἀνῃρέθη,
2052 1884 2101 1950 Β

353 1948 457 2011 τῆς
486 1937 635 2005 θείας
669 1936 825 2008 δίκης
853 1937 1207 2012 ἀμυναμένης
1237 1936 1422 1995 αὐτόν,

428 2032 605 2100 Τῷια⁶
636 2024 766 2096 ἔτει,
807 2027 871 2082 τὸ
924 2031 1035 2081 τῶν
1095 2026 1425 2101 Βουλγάρων
1481 2020 1635 2089 ἔθνος
1690 2023 2015 2100 διαπερᾶσαν

351 2118 445 2174 τὸν
489 2112 778 2187 Δάνουὸιν,
810 2117 899 2171 καὶ
932 2115 1315 2195 ἀποχωρλισθὲν
1346 2119 1455 2171 τῶν
1486 2113 1794 2193 ὁμοφύλων
1826 2116 2016 2190 αὐτοῦ,

354 2208 654 2278 ἐσκήνωσεν
688 2204 739 2261 ἐν
776 2206 1005 2280 Βάρναις
1035 2198 1087 2260 ἔν
1120 2226 1235 2261 τισι
1296 2204 1503 2280 όχμαῖς
1555 2204 1647 2260 καὶ
1701 2200 1872 2280 ὄρεσι.
1912 2209 2017 2259 Τοῦ

354 2293 412 2352 δὲ
465 2293 741 2373 βασιλέως
772 2292 1081 2364 ἐξελθόντος
1135 2294 1227 2348 σὺν
1285 2294 1441 2348 ναυσὶ
1495 2293 1586 2348 καὶ
1637 2297 1873 2367 στρατῷ,
1925 2293 2016 2348 καὶ

353 2386 419 2460 δή
454 2390 545 2444 καὶ
576 2385 902 2449 ἐπελθόντος
949 2387 1066 2442 κατ’
1121 2385 1321 2454 αὐτῶν,
1382 2386 1435 2442 οἱ
1493 2383 1804 2461 Βούλγαροι
1851 2390 2015 2442 τοῦτο

348 2477 566 2552 ἀθρόως
600 2477 943 2549 θεασάμενοι,
973 2478 1074 2546 τήν
1134 2475 1347 2531 ἑαυτῶν
1408 2475 1786 2551 ἀπεγνωκότες
1830 2496 2014 2547 σωτη-

349 2569 491 2645 ρίαν,
526 2567 608 2630 εἷς
662 2588 716 2622 τι
774 2565 1050 2645 ὀχύρωμα
1107 2566 1510 2642 καταφεύγουσι
1548 2565 1640 2621 καὶ
1688 2564 1910 2628 ἑαυτοὺς
1943 2566 2014 2620 ἀ-

348 2656 724 2734 σφαλίζονται.
758 2660 880 2711 Τῶν
918 2652 977 2711 δὲ
1007 2653 1296 2729 Ῥωμαίων
1333 2656 1409 2724 μή
1438 2651 1751 2727 δυναμένων
1782 2657 2014 2728 συνάψαι

349 2746 599 2820 πόλεμον
632 2744 724 2802 διά
753 2767 812 2802 τε
840 2746 908 2801 τὰ
935 2744 1200 2818 πάλματα
1248 2748 1357 2817 (90)
1404 2745 1494 2799 καὶ
1542 2746 1641 2814 τήν
1691 2748 1790 2801 τοῦ
1839 2745 2012 2800 τόπου

349 2834 667 2913 δυσχωρίαν
697 2833 996 2910 ἔθρασύνθη
1027 2834 1092 2889 τὸ
1123 2835 1317 2908 μιαρὸν
1350 2827 1526 2898 ἔθνος.
1560 2830 1773 2905 Συνέϐη
1809 2831 1889 2890 δὲ.
1935 2876 1949 2891 .
1994 2877 2009 2891 .

349 2926 441 2980 καὶ
470 2926 562 2981 τὸν
597 2923 821 3001 βασιλέα
876 2923 1092 3001 φεύγειν
1154 2921 1585 3003 διαφημίσαντες
1639 2925 1782 3001 φυγῇ
1834 2920 2009 3001 ἐχρή·

349 3035 514 3070 σαντο
549 3010 783 3087 μηδενὸς
810 3010 1128 3075 διώκαντος.
1161 3014 1333 3087 Ὅπερ
1394 3012 1716 3087 θεασάμενοι
1749 3013 1800 3067 οἱ
1835 3011 2013 3068 Βούλ-

346 3125 507 3181 γαροι
541 3101 762 3175 ἐδίωξαν
802 3102 1021 3168 ὄπισθεν
1077 3103 1253 3158 αύτῶν
1316 3102 1406 3158 καὶ
1461 3101 1710 3165 πολλοὺς
1765 3100 2007 3162 ἀνεῖλον.

351 3194 454 3251 Καὶ
509 3192 694 3248 ἔκτοτε
750 3191 1169 3268 διαπεράσαντες
1227 3194 1422 3255 πάντες
1476 3193 1567 3247 καὶ
1625 3194 2007 3267 θρασυνθέντες

350 3285 438 3339 καὶ
474 3281 934 3356 ἐμπλατυνθὲντες
966 3284 1065 3353 τὴν
1111 3284 1428 3356 Ῥωμαϊκὴν
1476 3283 1664 3358 χώραν
1721 3281 2004 3358 ᾐχμαλώ-

343 3377 515 3442 τιζον.
548 3373 709 3429 Ὅθεν
753 3371 847 3427 καὶ
912 3372 1268 3449 ἀναγκασθεὶς
1323 3373 1352 3427 6
1417 3370 1675 3447 βασιλεὺς
1734 3373 2008 3447 εἰρήνευσε

347 3462 462 3535 μετ’
492 3461 696 3529 αὐτῶν,
730 3462 807 3524 ὡς
865 3459 1145 3522 λέλεκται.
1201 3462 1516 3537 Ἤρεμήσας
1576 3458 1633 3516 δὲ
1674 3459 1734 3516 ἐκ
1785 3459 2004 3517 πάντων

338 3552 522 3621 ἣνωσε
552 3550 649 3614 τὰς
682 3547 1038 3622 Ἐκκλησίας,
1091 3550 1182 3605 καὶ
1239 3551 1340 3620 τὴν
1396 3548 1798 3626 προλεχθεῖσαν
1849 3551 2005 3625 ἁγίαν

340 3635 503 3709 ἕκτην
532 3636 760 3695 σύνοδον
791 3637 1143 3716 συναθροίσας
1191 3638 1245 3695 ἒν
1289 3637 1864 3696 Κωνσταντινουπόλει
1903 3641 2005 3710 τὴν

342 3735 453 3785 τῶν
487 3729 890 3801 Μονοθελητῶν
921 3729 1125 3805 αἳρεσιν
1156 3729 1527 3804 ἀνεθεμάτισε.

413 3822 505 3891 Τῷ
535 3814 595 3873 δὲ
623 3826 686 3895 ιγ’
725 3814 831 3875 ἔτει
885 3818 1145 3875 ἀπώσατο
1185 3816 1327 3880 τοὺς·
1363 3815 1634 3897 ἀδελφοὺς
1684 3818 1856 3874 αὐτοῦ
1903 3825 2005 3888 τῆς

345 3905 652 3983 βασιλείας,
705 3910 797 3965 καὶ
858 3909 1022 3984 μόνος
1078 3902 1393 3964 ἐϐασίλευσε
1477 3907 1574 3962 σὺν
1632 3909 2005 3981 Ἰουστινιανῷ

347 4000 429 4068 τῷ
459 3998 561 4069 υίῷ
589 3996 779 4054 αὐτοῦ.

416 4088 509 4159 Τῷ
543 4089 606 4158 ιζ’
634 4081 740 4142 ἔτει
787 4085 1134 4159 ἐτελεύτησεν
1196 4087 1225 4141 6
1271 4081 1501 4157 εὐσεϐὴς
1570 4090 2001 4156 Κωνσταντῖνος,

342 4178 615 4249 κρατήσας
673 4172 767 4249 ἔτη
832 4179 919 4248 ιζ’,
975 4178 1065 4233 καὶ
1122 4171 1467 4233 ἐϐασίλευσεν
1526 4176 1912 4239 Ἰουστινιανὸς
1975 4176 2003 4231 6

343 4266 462 4329 υἱὸς
489 4265 681 4323 αὐτοῦ.

411 4356 791 4418 Ἰουστινιανὸς
822 4357 851 4412 6
881 4358 1001 4421 υἱὸς
1026 4361 1128 4413 τοῦ
1179 4357 1544 4432 Πωγωνάτου,
1579 4357 1607 4412 6
1640 4355 2000 4433 ρινότμητος,

338 4439 687 4500 ἐϐασίλευσεν
732 4443 826 4518 ἔτη
893 4447 941 4503 ι’.
1002 4443 1177 4509 Οὗτος
1233 4447 1303 4517 ἦν
1360 4444 1649 4522 ἄνθρωπος
1708 4445 2002 4510 ἀκάθεκτος

336 4536 438 4605 τὴν
472 4535 651 4610 ὁρμὴν
679 4536 770 4591 καὶ
799 4533 1208 4613 ἀσυλλόγιστος
1241 4535 1294 4591 ἐν
1326 4535 1485 4592 παντὶ
1517 4536 1820 4613 πράγματι.

410 4714 603 4789 Τούτῳ
639 4720 723 4788 τῷ
778 4713 885 4773 ἔτει
936 4718 1050 4792 (91)
1099 4713 1438 4773 ἀποστέλλει
1492 4711 1801 4796 Ἀϐιμέλεχ
1865 4717 2001 4791 πρὸς

338 4804 499 4860 αὐτὸν
564 4799 862 4879 βεϐαιῶσαι
928 4808 1032 4877 τὴν
1089 4806 1328 4881 εἰρήνην.
1398 4806 1488 4860 καὶ
1547 4805 1850 4885 ἐστοιχήθη
1906 4802 2001 4860 ’ίνα

337 4896 521 4972 παύσῃ
555 4895 583 4949 6
619 4895 876 4972 βασιλεὺς
908 4898 971 4954 τὸ
1002 4901 1111 4953 τῶν
1158 4892 1488 4972 Μαρδαϊτῶν
1540 4899 1655 4970 (t2)
1706 4895 1893 4973 τάγμα
1939 4895 1999 4952 ἐκ

332 4996 432 5047 τοῦ
458 4987 698 5049 Λιϐάνου
726 4988 819 5045 καὶ
864 4986 1091 5062 κωλύσῃ
1148 4986 1246 5048 τὰς
1303 4982 1604 5061 ἐπιδρομὰς
1656 4984 1846 5055 αὐτοῦ,
1906 4985 1997 5042 καὶ

335 5080 553 5161 παρέχῃ
579 5080 700 5135 καθ’
759 5077 990 5148 ἑκάστην
1035 5076 1246 5153 ἡμέραν
1304 5074 1646 5161 νομίσματα⁸
1677 5074 1842 5150 χίλια
1904 5075 1996 5131 καὶ

2141 595 2336 651 solent
2363 595 2645 662 insidere,
2670 595 3037 651 interfectus.
3066 597 3315 653 Latrone
3336 596 3473 670 fuga
3494 617 3554 656 se
3577 602 3796 658 subdu-

2141 691 2333 750 cente,
2365 684 2531 740 canis
2561 701 2630 739 eo
2662 684 2724 740 in
2755 684 2885 741 loco
2916 686 3244 756 permansit
3273 686 3501 743 domini
3546 690 3797 747 cadaver

2139 773 2498 830 custodiens.
2532 774 2705 829 Forte
2735 774 2889 829 alius
2921 774 3164 847 quidam
3197 791 3266 832 ea
3293 793 3547 850 pergens
3588 796 3794 852 super-

2138 865 2318 926 venit,
2352 863 2716 934 cadaverque
2741 864 3072 937 projectum
3106 881 3379 931 cernens,
3405 872 3602 923 motus
3624 870 3797 927 mise-

2137 953 2415 1022 ricordia,
2447 952 2660 1008 tellure
2691 954 2906 1010 eﬁ'ossa
2936 954 3190 1026 sepeliit.
3224 956 3401 1012 Canis
3441 957 3502 1014 id
3524 958 3792 1017 ofﬁcium

2140 1047 2480 1116 pergratum
2509 1041 2736 1108 habuit,
2770 1059 2951 1113 seque
2980 1043 3136 1100 ultro
3167 1044 3395 1101 homini
3416 1048 3695 1105 comitem
3722 1066 3793 1107 ac

2140 1148 2374 1187 servum
2406 1131 2697 1203 adjunxit.
2730 1132 2870 1187 Erat
2897 1138 3096 1188 autem
3128 1133 3180 1188 is
3218 1135 3393 1191 homo
3448 1138 3791 1196 conditione

2136 1237 2346 1292 caupo,
2379 1226 2439 1276 et
2467 1220 2697 1276 solebat
2725 1221 2890 1277 canis
2921 1221 2995 1277 iis
3017 1222 3119 1294 qui
3144 1239 3473 1296 cauponam
3496 1227 3793 1285 intrarent

2135 1311 2487 1381 exirentque
2517 1309 2769 1365 adulari.
2805 1312 2944 1366 Post
2978 1311 3351 1383 aliquantum
3400 1317 3687 1388 temporis
3738 1319 3790 1375 is

2135 1400 2317 1456 etiam
2350 1400 2524 1470 latro,
2556 1401 2728 1472 cujus
2759 1400 3167 1470 meminimus,
3201 1403 3264 1459 in
3295 1420 3425 1460 eam
3457 1422 3790 1477 cauponam

2131 1489 2375 1545 bibendi
2408 1506 2586 1547 causa
2615 1490 2871 1547 intravit.
2905 1492 3088 1557 Quem
3120 1494 3287 1549 canis
3326 1511 3654 1567 agnoscens
3701 1499 3787 1555 al-

2132 1578 2386 1644 latravit,
2416 1578 2615 1650 inquit
2653 1580 2782 1651 ejus
2835 1580 3050 1637 faciem
3100 1581 3348 1638 insiluit.
3400 1586 3520 1641 Hoc
3568 1589 3786 1661 smpius

2129 1667 2350 1722 factum
2385 1667 2485 1723 Dei
2543 1667 2833 1723 instinctu
2894 1670 3053 1741 apud
3109 1671 3331 1728 multos
3382 1674 3785 1746 suspicionem

2132 1756 2441 1823 excitavit;
2476 1757 3061 1829 comprehensusque
3097 1758 3248 1816 latro
3281 1765 3340 1816 et
3366 1778 3567 1820 coram
3581 1764 3784 1839 judice

2135 1846 2514 1911 constitutus,
2547 1863 2681 1902 cum
2714 1847 2943 1904 facinus
2974 1849 3058 1904 uti
3092 1856 3220 1906 erat
3248 1850 3322 1907 ab
3353 1869 3422 1908 eo
3479 1862 3788 1927 perpetra-

2129 1938 2255 1990 tum
2287 1935 2691 2001 conﬁteretur,
2725 1936 2937 1992 divina:
2968 1938 3243 1995 vindictae
3276 1958 3480 2012 premas
3510 1943 3694 2002 dedit.

2198 2026 2370 2079 Anno
2400 2029 2459 2080 11
2494 2025 3026 2098 Bulgari,Danubio
3054 2029 3367 2101 trajecto,a
3388 2032 3509 2088 suis
3530 2034 3786 2106 popula-

2123 2111 2314 2180 ribus,
2347 2113 2627 2184 separati,
2663 2113 2723 2168 in
2755 2114 2964 2170 Barnis
2984 2116 3419 2187 habitaverunt,
3447 2120 3508 2175 in
3530 2122 3781 2179 saltibus

2123 2202 2481 2272 quibusdam
2524 2208 2583 2257 et
2646 2203 2970 2259 montibus.
3026 2206 3244 2263 Contra
3298 2208 3407 2263 hos
3459 2210 3784 2284 imperator

2123 2291 2376 2347 classem
2410 2292 2855 2364 exercitumque
2887 2293 3074 2350 duxit.
3135 2297 3250 2353 Sed
3297 2297 3531 2371 Bulgari
3585 2303 3776 2373 primo

2124 2384 2531 2439 Romanorum
2564 2382 2791 2453 impetu
2821 2401 2922 2439 sua
2968 2384 3158 2441 salute
3190 2386 3505 2459 desperata
3534 2391 3596 2445 in
3655 2409 3781 2448 mu-

2123 2471 2418 2526 nitionem
2452 2469 2772 2542 quamdam
2800 2480 3196 2537 recesserunt,
3231 2476 3432 2546 ibique
3463 2494 3526 2533 se
3557 2479 3618 2534 in
3654 2485 3779 2535 tuto

2123 2560 2495 2615 collocarunt
2522 2576 2535 2626 ;
2567 2576 2820 2632 cumque
2854 2577 2953 2617 eos
2983 2561 3202 2618 adoriri
3235 2566 3484 2621 Romani
3535 2568 3608 2623 ob
3662 2569 3781 2624 ini—

2123 2649 2411 2720 quitatem
2444 2647 2710 2704 locorum
2768 2666 2889 2705 non
2945 2658 3208 2721 possent,
3264 2653 3585 2712 ferociores
3636 2657 3779 2715 facti

2123 2743 2278 2793 sunt.
2316 2738 2546 2793 Accidit
2573 2743 2840 2794 autem...
2873 2744 2935 2794 et
2962 2756 3170 2812 sparso
3200 2758 3438 2799 rumore
3462 2744 3780 2818 imperato-

2120 2844 2248 2883 rem
2279 2827 2518 2899 fugisse,
2558 2829 2801 2882 nemine
2831 2836 3076 2901 urgente
3108 2830 3305 2904 fugam
3330 2832 3622 2891 fecerunt.
3657 2838 3777 2893 Hoc

2122 2917 2661 2973 animadvertentes
2683 2917 2967 2990 Bulgaria
2996 2924 3158 2992 tergo
3193 2938 3292 2977 eos
3325 2922 3577 2980 insecuti
3610 2932 3773 2993 sunt,

2118 3007 2460 3078 multosque
2490 3006 2855 3063 occiderunt.
2882 3008 3027 3064 Inde
3058 3014 3232 3066 aucta
3263 3011 3482 3068 fiducia
3509 3015 3773 3072 universi

2122 3096 2183 3150 in
2214 3098 2509 3151 Romanas
2538 3096 2873 3167 provincias
2902 3098 3073 3153 effusi
3103 3104 3348 3171 magnas
3379 3102 3611 3173 praedas
3637 3121 3769 3173 ege-

2117 3191 2276 3241 runt.
2310 3187 2516 3256 Itaque
2542 3184 2867 3257 imperator
2894 3192 3135 3243 coactus
3167 3194 3257 3244 est
3284 3207 3419 3246 cum
3444 3191 3518 3246 iis
3541 3209 3771 3263 pacem,

2118 3276 2205 3331 uti
2238 3275 2519 3340 diximus,
2562 3292 2942 3348 componere.
2991 3278 3220 3333 Pacatis
3269 3279 3446 3337 rebus
3495 3283 3774 3339 omnibus

2112 3365 2514 3420 Ecclesiarum
2543 3364 2922 3421 concordiam
2954 3368 3281 3424 constituit.
3306 3368 3651 3443 dictumque
3684 3389 3773 3429 sa-

2112 3471 2280 3510 crum
2313 3461 2545 3511 sextum
2577 3455 2895 3511 concilium
2924 3456 3136 3528 Cpolin
3165 3474 3382 3532 cogens
3408 3461 3773 3518 Monothele-

2113 3551 2307 3601 tarum
2346 3546 2603 3603 haeresin
2635 3546 2958 3615 damnavit,

2180 3828 2353 3880 Anno
2386 3827 2450 3880 t3
2478 3825 2691 3881 fratres
2722 3842 2862 3883 suos
2892 3827 3146 3900 imperio
3177 3828 3450 3900 detrusit,
3485 3831 3771 3906 solusque

2108 3930 2245 3971 cum
2278 3913 2400 3969 ﬁlio
2433 3930 2540 3970 suo
2568 3916 2905 3973 Iustiniano
2945 3917 3277 3990 imperavit.

2175 4085 2346 4140 Anno
2384 4086 2447 4138 17
2478 4088 2748 4139 mortuus
2808 4089 2897 4139 est
2946 4088 3370 4144 Constantinus
3417 4090 3578 4159 Pius,
3630 4108 3766 4149 cum

2108 4174 2175 4230 17
2206 4189 2395 4229 annos
2428 4172 2801 4245 imperasset.
2833 4174 3132 4231 Successit
3170 4177 3224 4232 ei
3270 4178 3431 4234 ﬁlius
3478 4180 3765 4238 Iustinia-

2107 4281 2242 4320 nus.

2181 4355 2219 4409 7
2235 4354 2325 4409 71
2362 4352 2727 4409 Justinianus
2756 4354 3040 4424 Pogonati
3073 4355 3254 4425 ﬁlius,
3298 4357 3348 4413 is
3381 4358 3483 4430 qui
3532 4375 3568 4415 a
3609 4377 3765 4432 prae-

2106 4445 2229 4501 ciso
2260 4459 2405 4499 naso
2439 4442 2654 4498 deinde
2694 4442 3069 4501 Rinotmetus
3127 4446 3240 4503 fuit
3288 4450 3764 4522 cognominatus,

2105 4534 2419 4607 imperavit
2438 4549 2629 4589 annos
2643 4532 2869 4590 decem.
2896 4535 3083 4591 Homo
3107 4536 3220 4594 fuit
3238 4536 3538 4611 impotens
3553 4540 3766 4612 animi,

2028 4628 2073 4693 Ι)
2106 4624 2452 4696 nulliusque
2483 4622 2609 4678 ulla
2637 4622 2701 4678 in
2734 4640 2798 4679 re
2828 4624 3088 4681 consilii.

2181 4714 2383 4772 Primo
2415 4714 2465 4783 ej
2479 4730 2549 4769 us
2581 4729 2740 4768 anno
2774 4712 3196 4775 Abimelechus
3226 4716 3299 4773 ad
3329 4734 3468 4777 eum
3528 4723 3774 4797 nuntios

2109 4805 2295 4862 mittit
2325 4803 2750 4861 confirmandae
2779 4806 2943 4876 pacis
2975 4822 3154 4863 causa
3181 4825 3196 4875 ;
3259 4812 3655 4884 convenitque
3704 4820 3772 4871 ut

2111 4895 2438 4965 imperator
2516 4891 2938 4949 Mardaitarum
3024 4911 3236 4969 agmen
3321 4906 3623 4957 coerceret
3704 4903 3769 4958 in

2111 4984 2330 5042 Libano
2362 4982 2614 5056 ejusque
2645 4982 3074 5054 impressiones
3105 4995 3531 5059 compesceret,
3579 5007 3771 5064 eoque

2108 5072 2354 5132 nomine
2378 5070 2603 5128 Arabes
2623 5072 2904 5129 Romanis
2926 5072 3042 5145 (93)
3069 5075 3401 5146 penderent
3420 5078 3482 5135 in
3507 5079 3775 5155 singulos

1535 5178 1900 5234 XYLANDRI
1941 5179 2028 5234 ET
2067 5174 2296 5234 GOARI
2336 5172 2561 5228 ΝΟΤᾹΞ.

410 5280 524 5354 (90)
558 5277 1018 5354 Ildlnataquid
1078 5276 1220 5347 sint,
1242 5276 1506 5354 “nescio.
1565 5277 1654 5354 Et_
1691 5281 1827 5354 post
1883 5293 2001 5328 συν-

335 5344 434 5421 έϐη
470 5344 640 5409 deest
669 5344 911 5421 aliquid
930 5351 1072 5404 ΧΠ..
1115 5344 1214 5392 -’
1238 5344 1530 5421 Πάλματα,
1569 5344 1827 5417 salebrae,
1883 5364 2004 5405 sco-

330 5427 594 5497 pulorum
626 5425 921 5494 asperitas.
953 5422 1132 5497 Cosa.

408 5498 520 5579 (91)
555 5488 702 5551 Nota
732 5493 967 5550 numeri
1000 5491 1223 5579 omissa
1253 5508 1267 5558 ;
1301 5491 1406 5579 sed
1436 5496 1635 5579 actum
1668 5489 1781 5579 hoc
1805 5488 1999 5579 fuisse

334 5563 529 5641 primo
551 5584 749 5641 anno,
782 5583 852 5641 ei;
907 5563 1297 5641 sequentibus
1330 5564 1554 5641 _lique_t.
1589 5594 1657 5603 —
1704 5564 1999 5641 Caeterum

331 5634 756 5700 Abimelechus
785 5637 885 5694 hic
941 5634 1204 5697 arabum
1259 5634 1374 5693 fuit
1413 5634 1729 5712 "princeps,
1787 5634 1995 5692 Manim

330 5727 664 5784 successor.
696 5712 845 5773 ΧΠ..

621 5833 869 5888 Ριιπιοῑ..
911 5825 1015 5886 Gs.
1059 5822 1261 5887 CXXI.

2182 5268 2639 5346 (92)‘Mardaitm_
2657 5274 2796 5346 sunt
2826 5286 2860 5346 ξι
2889 5269 3017 5346 lege
3060 5272 3416 5346 Saracenica
3464 5283 3769 5346 apostataa,

2113 5341 2603 5418 ipsis.:S_aracenis
2626 5341 3033 5418 infensissimi.
3055 5344 3323 5418 Nominis
3346 5366 3480 5405 cum
3503 5341 3773 5408 Hebrum;

2111 5412 2246 5474 rum
2276 5413 2531 5470 Maranis
2559 5412 2896 5471 communis
2947 5418 3038 5470 est
3088 5416 3276 5473 radix.
3333 5421 3767 5491 (Leunclaviusl

2110 5492 2301 5633 ὦ(θῇ
2328 5557 2541 5633 Hoc_i_n
2574 5558 2770 5614 Graeco
2802 5557 3080 5616 mutilum
3111 5565 3220 5618 est.
3262 5561 3375 5619 Sed
3422 5581 3496 5622 ex
3540 5566 3768 5626 Zonara

2109 5630 2422 5706 complevi.
2456 5630 2597 5686 Χγι..

3409 5823 3482 5879 2³7
