4120 6428
323 422 442 482 845

1470 412 2025 478 HISTORIARUM
2066 415 2580 480 COMPENDIUM

3626 420 3753 483 846

318 579 419 627 την
452 555 542 612 ἐπὶ
574 552 932 627 φλαμουλίου
979 555 1057 628 (1)
1099 551 1462 626 κρεμάσαντες
1509 551 1600 607 καὶ
1654 550 1983 627 προάγοντες

2101 552 2436 624 pharetram
2485 553 2842 609 nomismate
2875 552 3155 609 refertam
3199 553 3385 622 misit,
3417 557 3745 630 multisque

320 648 457 704 κατᾶ
509 650 621 701 τῶν
679 644 973 717 Ῥωμαίων
1043 642 1332 717 ὥρμησαν,
1391 639 1632 715 Μωαὶμεδ
1683 639 1984 715 στρατηγὸν

323 733 565 813 ἔχοντες.
600 734 706 792 Καὶ
736 734 799 789 τὸ
833 733 931 806 μὶν
984 737 1202 808 πρῶτον
1241 734 1554 803 ἡττήθησαν
1583 725 1839 807 Ἄραϐες,
1874 730 1902 784 ὁ
1934 725 1993 783 δὲ

324 823 566 901 Μωπὶμεδ
597 830 675 898 τῷ
708 828 1000 899 στρατηγῷ
1033 827 1139 878 τῶν
1169 818 1436 887 Σθλάϐων
1462 824 1561 896 (1⁸)
1582 820 1884 896 κοῦκουρον
1915 820 1991 893 (2)

326 919 566 997 γέμοντα
598 914 958 988 νομισμάτων
987 915 1230 989 πέμψας,
1265 913 1354 968 καὶ
1387 912 1627 976 πολλαῖς
1662 912 1989 987 ὑποσχέσεσι

324 1011 514 1063 τοῦτον
566 1005 873 1076 ἀπατήσας,
929 1004 1104 1059 πείθει
1159 1007 1495 1081 προσφυγεῖν
1551 1002 1703 1074 αὑτῷ
1746 1001 1883 1075 μετᾶ
1912 997 1990 1054 5":-

322 1118 443 1152 κοσι
500 1093 779 1173 χιλιάδων
840 1088 1128 1157 Σθλπὶϐων.
1170 1091 1260 1147 καὶ
1330 1091 1476 1147 οὕτω
1535 1090 1835 1164 Ῥωμαίοις
1891 1089 1991 1157 τὴν

2100 641 2342 697 inducto
2392 642 2890 715 promissionihus
2948 644 3246 715 persuasit
3282 645 3369 699 uti
3419 647 3493 702 ad
3526 664 3589 702 se
3620 664 3756 703 cum

2101 731 2470 789 Slavinorum
2500 731 2705 805 viginti
2735 731 3000 787 millibus
3052 734 3467 805 transfugeret.
3502 737 3625 800 Quo
3672 736 3756 791 fa-

2101 826 2194 876 cto
2227 822 2476 878 Romani
2518 821 2651 875 victi
2693 820 2967 892 pulsique
3028 829 3188 878 sunt.
3222 823 3305 879 Ob
3339 823 3450 879 hoc
3478 824 3758 881 Justinia—

2100 927 2235 975 nus,
2270 910 2560 982 quidquid
2595 909 2962 966 Slavinorum
2987 911 3287 983 reliquum
3314 913 3445 979 fuit,
3468 930 3590 970 una
3620 931 3755 971 cum

2100 1001 2453 1057 mulieribus
2488 1005 2545 1056 et
2590 1000 2793 1056 liberis
2840 1001 3140 1057 interfecit
3170 1002 3232 1058 in
3265 1003 3551 1061 Leucacta
3581 1006 3755 1061 Nico-

2103 1088 2334 1144 medim.

322 1187 540 1261 τροπήν
572 1179 1028 1259 περιεποιήσατο.
1060 1183 1214 1239 Ὅθεν
1246 1182 1633 1243 Ἰουστινιανὸς
1664 1182 1728 1236 τὸ
1757 1178 1965 1234 τούτων
2022 1175 2435 1253 ἐγκατάλειμμα
2496 1174 2673 1232 ἀνεῖλε
2712 1176 2807 1232 σὺν
2838 1177 3047 1253 γυναιξὶ
3074 1178 3163 1234 καὶ
3194 1178 3400 1242 τέκνοις
3430 1179 3482 1236 ἐν
3510 1185 3590 1255 τῷ
3621 1183 3758 1258 πρὸς

324 1272 701 1348 Νικομήδειαν
736 1273 1047 1347 Λευκάκτῃ.

397 1369 493 1438 Τῷ
523 1366 574 1435 η’
604 1359 734 1434 ἔτει,
770 1357 1074 1425 Σαϐϐατιος
1120 1364 1197 1436 (3)
1255 1363 1283 1417 ὁ
1343 1362 1635 1436 Ἀρμένιος
1670 1358 1855 1434 μαθὼν
1885 1358 1983 1426 τὴν

322 1457 431 1511 τῶν
462 1452 750 1527 Ῥωμαίων
798 1453 990 1522 ἧτταν,
1049 1453 1150 1521 τὴν
1210 1450 1501 1527 Ἀρμενίαν
1559 1448 1839 1524 παρέδωκε
1868 1453 1984 1511 τοῖς

324 1546 581 1619 Ἄραψιν.
643 1541 907 1616 ’Υπετάγη
969 1538 1027 1596 δὲ
1084 1540 1272 1603 αὐτοῖς
1325 1540 1415 1595 καὶ
1473 1542 1509 1609 ἡ
1568 1535 1674 1594 ἔσω
1717 1537 1909 1614 Περσὶς
1949 1539 1985 1607 ἡ

328 1632 605 1709 λεγομένη
639 1630 905 1704 Χοροσάν.

398 1725 481 1797 [Ρ.
514 1722 641 1794 442]
672 1721 767 1794 Τῷ
802 1725 844 1784 θ’
874 1713 978 1775 ἔτει
1009 1718 1229 1797 γέγονεν
1259 1712 1502 1794 ἔκλειψις
1534 1717 1700 1789 ἡλίου
1731 1718 1806 1781 ὠς
1838 1717 1987 1772 ἆστέ-

2166 1358 2337 1412 Αηῐιο
2368 1358 2399 1411 8
2432 1355 2748 1412 Sabbatius
2796 1358 3114 1414 Armenius
3167 1360 3402 1432 cognita
3460 1364 3756 1419 Romano-

2095 1463 2228 1501 rum
2277 1446 2445 1502 clade
2502 1446 2758 1502 Arabius
2809 1449 3153 1503 Armeniam
3210 1450 3474 1507 tradidit.
3513 1452 3758 1510 Subdita

2094 1538 2275 1593 etiam
2309 1536 2382 1591 iis
2443 1542 2533 1592 est
2591 1536 2842 1593 interior
2895 1538 3112 1606 Persis,
3149 1540 3241 1595 cui
3274 1557 3494 1598 nomen
3533 1543 3756 1599 Choro-

2095 1646 2199 1685 san
2211 1670 2222 1682 .

2166 1720 2337 1773 Anno
2368 1721 2399 1772 9
2431 1722 2631 1773 tantus
2662 1716 2777 1772 fuit
2827 1717 2967 1773 solis
3016 1718 3283 1776 defectus
3330 1725 3398 1776 ut
3448 1727 3609 1778 astra
3638 1723 3760 1779 visa

326 1833 421 1890 ρας
480 1818 732 1891 φανῆναι.
796 1812 893 1883 Τῷ
947 1807 1094 1882 αυτῷ
1152 1804 1257 1865 ἔτει
1311 1808 1697 1885 ἐπεστράτευσε
1746 1805 1986 1883 Μωάμεδ

2101 1806 2333 1863 fuerint.
2368 1807 2586 1862 Eodem
2631 1824 2786 1862 anno
2838 1809 3179 1864 Moamedus
3230 1811 3633 1867 Romanorum
3669 1814 3758 1868 di-

323 1905 390 1975 τῇ
422 1898 715 1970 Ῥωμαίων
754 1901 850 1975 γῇ,
897 1892 1043 1973 ἔχων
1107 1899 1225 1971 μεθ’
1281 1899 1479 1953 ἑαυτοῦ
1508 1898 1634 1961 τοὺς
1665 1896 1984 1976 πρόσφογας

322 1984 605 2054 Σολάϐους
637 1987 714 2050 ὡς
742 1986 1037 2061 ἐμπείρους
1084 1994 1186 2055 τῆς
1235 1987 1445 2062 Χώρας,
1477 1987 1567 2042 καὶ
1599 1985 1845 2048 πολλοὺς
1875 1986 1985 2066 ᾗχ-

328 2078 697 2153 μαλώτευσεν.
741 2077 1115 2139 Ἰουστινιανὸς
1166 2073 1223 2131 δὲ
1269 2081 1376 2131 τῶν
1426 2077 1739 2150 κτισμάτων
1788 2069 1983 2151 ἔπιμε-

327 2168 595 2242 λούμενος
642 2168 815 2237 κτίζει
874 2167 938 2221 τὸ
995 2167 1379 2225 Ἰουστινιανοῦ
1419 2164 1721 2241 λεγόμενον
1769 2165 1980 2242 τρικλί-

328 2278 443 2312 νιον
477 2257 563 2312 καὶ
594 2258 660 2313 τὰ
695 2259 792 2312 τοῦ
845 2254 1118 2312 παλατίου
1174 2256 1652 2335 περιτειχίσματα.
1687 2257 1982 2325 Ἐπὲστησε

330 2346 386 2402 δὲ
418 2347 632 2408 τούτοις
690 2340 956 2425 Στέφανον
1015 2345 1106 2400 τὸν
1163 2347 1395 2421 Πέρσην,
1457 2345 1819 2420 σακελλάριον
1852 2344 1981 2401 ὅντα

312 2434 403 2489 καὶ
460 2436 905 2509 πρωτε·)νοῦχον,
968 2433 1153 2508 κύριον
1216 2433 1305 2487 καὶ
1347 2432 1695 2503 ἔξουσιαστήν
1729 2436 1822 2507 (4),
1858 2431 1980 2487 λίαν

313 2522 438 2579 ὄντα
469 2518 771 2597 αἱμοόόρον
799 2524 887 2577 καὶ
922 2523 1131 2592 ἀπηνῆ,
1171 2523 1265 2577 καὶ
1316 2521 1565 2591 ἀνηλεῶς
1616 2519 1808 2579 ἔτυπτε
1853 2524 1980 2585 τοὺς

312 2607 651 2688 ἐργολάϐους
680 2611 769 2665 καὶ
820 2606 1156 2667 ἐλιθοϐὁλει.
1206 2615 1316 2667 Τοὖ
1363 2609 1419 2666 δὲ
1465 2610 1735 2687 βασιλέως
1768 2609 1982 2683 ἀποδη-

313 2706 594 2775 μήσαντος
652 2701 743 2756 καὶ
800 2702 899 2768 τήν
966 2705 1176 2776 μητερα
1247 2699 1411 2756 αὐτοῦ
1471 2701 1819 2758 Ἀναστασίαν
1874 2704 1975 2772 τήν

312 2794 635 2869 Αὖγοῦσταν
696 2788 767 2846 δι’
815 2785 1033 2861 ἀὸηνων
1086 2797 1165 2861 (5)
1218 2789 1610 2866 ἐμαστίγωσεν.
1643 2791 1887 2864 Ὁμοίως
1920 2790 1979 2847 δὲ

314 2883 407 2938 καὶ
439 2885 468 2937 ὁ
500 2876 671 2945 ἇϐϐἆς
700 2877 964 2942 Θεόδοτος
1014 2885 1092 2954 (6)
1150 2882 1179 2934 δ
1238 2901 1370 2935 ποτε
1401 2875 1735 2955 ἕγκλειστος,
1766 2882 1980 2958 γενικὸς

319 2967 624 3045 λογοθέτης
680 2965 1058 3036 κατασταθεὶς,
1111 2964 1360 3028 πολλοὺς
1419 2972 1529 3022 τῶν
1586 2965 1841 3044 ἐμφανῶν
1879 2968 1979 3042 ἆρ-

2092 1899 2316 1953 tionem
2348 1896 2505 1952 bello
2538 1898 2728 1968 petiit,
2780 1898 3096 1953 comitatus
3147 1899 3472 1973 transfugis
3506 1901 3756 1958 Slavinis

2088 1993 2156 2042 ut
2184 1987 2493 2059 regionum
2527 1985 2755 2058 peritis,
2788 1985 3128 2057 multosque
3168 1989 3452 2044 mortales
3484 1990 3750 2049 abduxit.

2086 2076 2454 2133 Justinianus
2472 2092 2609 2129 vero
2632 2074 2902 2130 aediﬁciis
2922 2076 3187 2132 intentus
3204 2077 3410 2133 condit
3426 2079 3751 2137 triclinium

2088 2167 2160 2224 ab
2187 2168 2315 2238 ipso
2350 2166 2803 2221 denominatum
2837 2170 2895 2220 et
2925 2167 3143 2222 moenia
3166 2167 3391 2239 palatii.
3414 2171 3588 2241 Operi
3612 2172 3751 2229 huic

2089 2256 2354 2329 praefecit
2385 2254 2751 2326 Stephanum
2784 2260 3024 2310 Persam
3057 2272 3190 2310 cum
3224 2257 3402 2328 plena
3432 2266 3751 2330 potestate,

2088 2344 2460 2401 sacellarium
2495 2349 2554 2399 et
2597 2343 3007 2399 eunuchorum
3058 2344 3413 2417 principem.
3442 2347 3745 2405 hominem

2086 2435 2264 2490 nimis
2295 2450 2473 2505 quam
2502 2433 2947 2506 sanguinarium
2972 2438 3032 2489 et
3052 2435 3374 2501 crudelem,
3399 2437 3499 2509 qui
3521 2438 3748 2510 absque

2086 2524 2213 2578 ulta
2244 2522 2656 2578 misericordia
2714 2523 3018 2593 operarios
3075 2523 3423 2580 verberabat
3453 2532 3629 2597 atque
3663 2528 3753 2582 la-

2087 2613 2548 2685 pidabat.Atque
2580 2611 2728 2666 adeo
2779 2612 3141 2682 imperatore
3191 2630 3456 2687 peraegre
3486 2616 3751 2686 profecto

2087 2709 2338 2758 matrem
2374 2702 2505 2773 ejus
2537 2701 2914 2756 Anastasiam
2963 2704 3283 2774 Augustam
3311 2703 3455 2759 loris
3486 2704 3752 2777 flagella-

2088 2793 2188 2847 vit.
2248 2791 2477 2845 Itidem'
2518 2794 2577 2845 et
2629 2789 2971 2845 Theodotus
3026 2792 3378 2854 monachus,
3421 2793 3653 2864 pridem
3688 2796 3750 2850 in

2085 2881 2345 2937 claustro
2402 2880 2582 2934 vitam
2634 2878 2875 2950 degens,
2932 2884 3056 2934 tum
3103 2880 3400 2953 generalis
3451 2881 3757 2954 logotheta

2088 2969 2467 3037 constitutus,
2502 2968 2724 3022 multos
2750 2984 3063 3039 procerum
3094 2969 3262 3024 nulla
3288 2969 3553 3040 ipsorum
3577 2973 3757 3045 culpa

316 3058 528 3114 χόντων
574 3057 828 3119 ἀναιτίως
884 3052 1211 3131 ἕτιμωρεῖτο
1264 3055 1353 3110 καὶ
1405 3054 1667 3129 δημεύσει
1700 3053 1978 3115 ὑπέϐαλλε

2101 3058 2395 3131 suppliciis
2424 3058 2648 3123 affecit,
2686 3056 2845 3112 bona
2874 3073 3080 3112 eorum
3114 3058 3456 3130 publicavit,
3487 3062 3640 3116 774
3670 3062 3760 3116 fu-

319 3148 409 3203 καὶ
439 3147 707 3223 σχοινίοις
738 3150 955 3223 κρεμῶν
1005 3148 1140 3201 κατὰ
1186 3144 1435 3222 κεφαλῆς
1482 3146 1716 3222 ἀχύροις
1756 3147 1975 3203 ἐκάπνι-

2101 3148 2385 3219 aibusque
2411 3148 2494 3201 ita
2517 3162 2839 3218 suspensos
2852 3152 2920 3202 ut
2941 3147 3137 3218 capita
3160 3147 3436 3203 deorsum
3458 3155 3758 3206 verterent

327 3242 432 3306 ζεν.
487 3234 663 3293 ’Λλλᾶ
716 3236 804 3291 καὶ
865 3237 892 3292 ὁ
949 3233 1194 3311 ἔπαρχος
1258 3233 1522 3312 βασιλικῇ
1553 3235 1797 3293 κελεύσει
1829 3237 1983 3294 πλεί-

325 3343 484 3388 στους
540 3322 992 3386 ἐναποκλείστους
1040 3322 1239 3383 ἔποίει.
1299 3327 1483 3383 Ταῦτα
1550 3325 1722 3381 πάντα
1779 3325 1984 3399 ηὔξησε

319 3416 383 3472 τὸ
414 3415 553 3490 πρὸς
582 3415 671 3469 τὸν
699 3412 926 3490 βασιλέα
977 3419 1136 3487 μῖσον
1166 3418 1267 3468 τοῦ
1322 3412 1482 3470 λαοῦ.
1518 3413 1761 3487 Πλησίον
1801 3414 1859 3472 δὲ
1886 3422 1984 3474 τοῦ

320 3502 592 3561 παλατίου
657 3502 996 3578 βουλόμενος
1056 3503 1230 3579 βάθρα
1280 3507 1391 3559 τῶν
1452 3506 1693 3560 Βενὲτων
1735 3507 1826 3561 καὶ
1859 3506 1983 3586 cpti-

321 3592 425 3664 λην
463 3599 537 3666 (7}
576 3591 756 3649 κτίσαι
816 3591 893 3654 εἷς
950 3592 1012 3647 τὸ
1070 3589 1344 3647 τελεῖσθαι
1403 3592 1518 3648 ἐκεῖ
1571 3594 1636 3649 τὸ
1694 3593 1984 3668 σαξιμοδὲη

2090 3238 2398 3310 palearum
2422 3236 2584 3290 fumo
2607 3235 2851 3291 vexavit.
2881 3236 2993 3290 Sed
3020 3241 3077 3291 et
3100 3237 3266 3292 urbis
3291 3238 3602 3309 praefectus
3624 3240 3756 3312 plu-

2090 3328 2277 3383 rimos
2310 3326 2589 3381 mandato
2619 3326 2999 3396 imperatoris
3023 3326 3083 3381 in
3108 3342 3405 3381 carcerem
3439 3330 3753 3402 compegit.

2090 3415 2312 3483 Quibus
2340 3414 2621 3469 omnibus
2655 3414 2793 3470 odia
2823 3414 3027 3486 pOpuli
3060 3415 3121 3469 in
3155 3416 3577 3486 imperatorem
3629 3434 3761 3474 cre-

2090 3510 2320 3561 verunt.
2354 3506 2495 3560 Erat
2526 3504 2719 3560 vicina
2749 3504 2970 3576 palatio
3003 3503 3160 3559 aedes
3192 3504 3455 3577 Deiparaa
3486 3507 3759 3579 Virginis,

2090 3595 2547 3669 MetrOpolitana
2606 3595 2803 3650 dicta:
2864 3611 2995 3651 eam
3055 3594 3331 3651 demoliri
3394 3597 3763 3654 Justinianus

1536 3692 1903 3752 XYLANDRI
1944 3698 2029 3751 ET
2057 3697 2273 3752 GOARI
2314 3695 2535 3751 NOTAE.

399 3791 474 3863 (At)
504 3793 757 3846 Zonaras
789 3786 1001 3859 δόρατι.
1036 3790 1227 3863 Apud
1257 3792 1522 3863 Nicetam
1567 3792 1862 3863 significat
1894 3813 1994 3862 ση-

334 3861 517 3936 μαίαν.
552 3863 779 3936 Hastile
800 3879 947 3936 ergo
978 3862 1174 3936 vexilli
1205 3861 1338 3925 fuit,
1374 3867 1433 3916 et
1462 3879 1568 3933 pro
1614 3861 1781 3936 signo
1837 3861 1993 3936 mili-

330 3933 459 4006 tari
487 3935 723 3990 fmderis
768 3933 999 3990 litteras
1030 3934 1250 3989 Arabes
1271 3939 1595 4006 gestarant.
1630 3933 1995 3989 ΧΥι.-Φλαο

337 4004 593 4080 μουλίου.
614 4008 694 4080 _ln
725 4006 1087 4080 ipso_conto,
1119 4004 1556 4080 unde/tumulo,
1589 4007 1994 4080 praeliantium

330 4076 549 4149 Signum
572 4078 701 4151 sive
722 4076 1001 4151 uexillum
1053 4077 1445 4149 dependebat.
1478 4079 1557 4133 De
1597 4079 1826 4147 ﬂamula
1856 4079 1992 4151 plu-

334 4153 488 4207 rima
517 4149 825 4207 Rinaltius.
862 4149 1039 4204 ϐολῇ.

409 4223 512 4295 (t')
548 4214 830 4295 Σλαβίνων
854 4221 985 4293 lege
1010 4221 1111 4295 hic
1144 4225 1204 4277 et
1232 4220 1408 4276 infra.

408 4288 686 4364 (‘2)'Apud
715 4288 979 4349 Nicetafn
1010 4292 1121 4365 hoc
1179 4310 1286 4364 pro
1318 4288 1564 4365 γωρυτός
1589 4293 1848 4365 positum
1878 4298 1988 4349 est.

334 4366 479 4421 Inde
508 4371 782 4437 nostrum
812 4364 1201 4419 Teutonicum
1248 4364 1480 4425 kochér;
1521 4370 1621 4419 aut
1654 4364 1852 4437 potius
1882 4367 1994 4421 hoc

335 4456 370 4494 ει
397 4443 601 4493 nostro
633 4436 1035 4507 desumptum.
1071 4437 1209 4491 XYL.

405 4511 483 4579 (3)
513 4509 706 4635 Sizbbis
729 4510 1025 4578 patricius,
1077 4513 1136 4563 et
1188 4509 1390 4565 Cerasa
1447 4512 1536 4563 est
1582 4508 1739 4581 apud
1785 4510 1994 4564 Diaco-

405 4597 500 4635 lm.
586 4596 672 4635 YL.

334 4597 500 4636 num.
536 4596 672 4636 AYL.

403 4651 652 4724 (4)7Quze
682 4649 841 4724 infra
866 4651 927 4724 i_n
959 4650 1171 4706 Basilio
1194 4722 1201 4724 Α
1221 4656 1280 4706 et
1327 4651 1712 4707 Constantino
1743 4651 1995 4707 Romani

334 4725 419 4780 FF
465 4720 706 4797 dicetur
745 4720 1053 4791 Ἐπεέκτης,
1105 4722 1206 4794 qui
1264 4729 1483 4794 prwest
1539 4724 1757 4797 operis,
1791 4730 1850 4779 et
1896 4740 1995 4779 eas

337 4801 528 4868 urget.
554 4795 730 4868 ϐολῇ.

408 4864 778 4940 (5)_Habenis
837 4870 980 4940 puto
1038 4864 1236 4940 Apud
1293 4865 1545 4940 Suidam‘
1596 4872 1688 4922 est
1729 4865 1998 4940 μάστιγας

337 4934 476 5010 αὐτῇ
507 4934 857 5011 ἐνηρχήματῖ
894 4935 978 5011 ,ὡς
1037 4937 1090 4990 οἱ
1117 4934 1551 5011 ”γραμματισταὶ
1599 4934 1784 4991 παισὶν
1814 4934 1997 5000 ἐπιδέ-

344 5027 527 5078 μενος.
560 5009 700 5068 Χχι..
748 5040 822 5082 έ-
874 5009 1382 5082 δοαιίοἰελίφιειιοε
1414 5015 1551 5082 sunt
1572 5027 1883 5082 equorum,
1906 5011 2002 5082 ζια-

344 5076 526 5207 benzf'
546 5081 835 5136 Meursius
866 5080 938 5136 de
969 5081 1086 5137 illis
1117 5076 1287 5136 docte
1316 5076 1710 5137 νει-ὺοάϐίναι
1740 5083 1835 5137 vel
1863 5076 2004 5149 ἀϐἦ-

344 5172 454 5207 ναι.
506 5168 667 5207 ιΟΑΒ.

342 5172 454 5210 ναι.
486 5154 667 5208 GOAR.

416 5226 495 5307 (6]
526 5224 618 5279 Sic
650 5228 711 5279 et
733 5239 911 5307 supra
941 5222 1015 5278 de
1040 5223 1337 5306 monacho
1362 5224 2001 5307 _qui._ltt_aho_metis.Ga-

343 5295 601 5351 brielum
624 5312 730 5350 suo
752 5296 1092 5350 testimonio
1113 5296 1615 5367 comprobavit.Et
1634 5298 1782 5352 alias
1799 5298 2001 5352 etiam.

342 5369 422 5424 De
446 5367 711 5441 generali
746 5368 1048 5439 logotheta
1070 5383 1258 5441 supra
1284 5368 1483 5425 adnot.
1512 5373 1562 5424 1.
1596 5370 1734 5441 va.

413 5439 492 5509 (7)
525 5439 796 5493 Phialam
856 5445 998 5511 puto
1051 5439 1249 5494 dicere
1305 5456 1464 5506 eum,
1520 5440 1680 5511 quod
1728 5439 1876 5495 alias
1917 5443 2009 5495 est

340 5511 872 5583 amphitheatrum,
906 5510 965 5564 in
1000 5527 1116 5583 quo
1141 5511 1358 5583 sedens
1388 5510 1644 5582 populus
1675 5511 1847 5583 ludos
1880 5526 2007 5583 spe-

339 5580 548 5653 ctaret.
582 5581 794 5637 Suidas
845 5599 967 5637 non
1016 5580 1249 5636 videtur
1305 5580 1589 5640 abludere
1616 5584 1677 5637 in
1708 5580 2007 5653 ἀμφίθετος

338 5652 539 5729 φιάλη.
576 5654 814 5729 Diacon.
852 5655 892 5729 l_.
926 5672 1021 5709 xix
1055 5654 1138 5708 ait
1169 5653 1595 5729 phialamgideo
1619 5652 2005 5729 exstructam,

339 5725 407 5781 ut
438 5725 521 5780 ibi
561 5725 816 5799 populus
860 5726 1285 5799 imperatorem
1327 5726 1840 5799 exciperet;quos
1870 5727 2011 5799 huic

343 5796 664 5860 sententias
689 5814 812 5858 non
842 5796 1152 5872 repugnat.
1172 5798 1321 5856 Nam
1343 5796 1723 5873 σαξιμοδὲξιον
1743 5797 1889 5871 quid
1911 5799 2009 5866 sit,

2106 3793 2306 3864 sciunt
2344 3791 2600 3864 (opinor)
2655 3791 2912 3848 barbari.
2975 3791 3117 3850 XYL.
3152 3824 3220 3834 —
3253 3790 3495 3862 Πλησίον
3555 3789 3613 3847 δὲ
3662 3797 3763 3848 τοῦ

2103 3861 2422 3921 παλατίουί
2457 3865 2539 3918 Ex
2584 3861 2769 3935 regias
2828 3865 2934 3918 CP.
2995 3864 3418 3935 descriptione,
3451 3870 3764 3936 penetrata

2104 3936 2260 3990 obvii
2292 3936 2552 4006 primum
2604 3935 2758 3990 muri
2816 3939 3005 4005 porta,
3065 3935 3503 4006 amplissimum
3542 3937 3760 3993 atrium

2105 4006 2453 4062 fidelissimo
2486 4006 2767 4061 satellitio
2812 4007 3107 4061 munitum
3154 4007 3541 4078 popularibus
3572 4009 3761 4065 turbis

2102 4079 2366 4150 pervium
2415 4081 2474 4150 et
2521 4092 2872 4150 concessum
2921 4079 3249 4150 occurrisse
3291 4077 3497 4148 liquet.
3532 4079 3616 4134 lbi
3653 4081 3759 4134 Ve-

2102 4148 2254 4204 neta
2280 4148 2451 4221 parti,
2470 4148 2563 4202 cui
2587 4148 2940 4221 propensius
2954 4148 3151 4203 affecti
3174 4154 3344 4203 erant
3366 4150 3443 4203 im
3451 4154 3759 4221 peratores

2103 4222 2176 4277 ob
2208 4218 2578 4292 rebelliones
2618 4236 2651 4273 a
2702 4218 2951 4292 Prasina
3011 4236 3121 4292 ceu
3180 4218 3511 4292 potentiore
3543 4222 3758 4292 saepius

2102 4294 2405 4357 excitatas,
2438 4291 2806 4363 Iustinianus
2853 4290 2949 4345 hic
2996 4291 3170 4346 Sedes
3220 4291 3507 4363 lapideas,
3542 4290 3759 4363 quibus

2104 4382 2233 4420 sese
2267 4364 2614 4418 redeuntem
2646 4362 2734 4417 vel
2756 4379 3130 4429 egressurum
3153 4362 3361 4417 faustis
3382 4362 3759 4419 acclamatio-

2027 4443 2073 4507 υ
2103 4437 2279 4491 nibus
2311 4439 2631 4507 exceptura
2650 4435 3025 4507 consisteret.
3051 4440 3354 4507 exstruere
3379 4436 3759 4491 moliebatur.

2107 4508 2293 4563 Vicini
2328 4506 2720 4579 nihilominus
2753 4506 2958 4579 templi
2989 4506 3276 4579 religione
3309 4507 3650 4567 deterritus.
3683 4525 3759 4563 ne

2102 4597 2164 4635 se
2196 4578 2398 4650 populi
2433 4577 2694 4649 querelis
2748 4578 3053 4650 objiceret,
3108 4577 3461 4649 patriarchas
3492 4580 3761 4637 Callinici

2100 4649 2234 4707 vota
2263 4649 2469 4723 ereptis
2502 4649 3084 4723 auxiliariexpetiit.
3124 4650 3222 4704 tlte
3255 4666 3375 4705 non
3408 4650 3764 4723 dejiciendis

2103 4723 2207 4779 sed
2238 4720 2587 4777 dedicandis
2630 4721 2869 4792 templis
2902 4720 3059 4776 cum
3115 4737 3322 4793 preces
3366 4724 3440 4779 ab
3480 4720 3766 4779 'Ecclesia

2103 4800 2354 4851 statutas
2387 4794 2579 4866 primo
2608 4793 3035 4866 respondisset,
3068 4810 3208 4849 mox
3258 4794 3637 4866 imperatoris
3669 4812 3770 4851 au-

2104 4867 2375 4923 ctoritate
2406 4865 2614 4929 victus,
2648 4865 2765 4919 vim
2796 4865 3015 4921 factam
3038 4871 3099 4920 et
3127 4865 3443 4922 assensum
3474 4868 3768 4924 violenter

2106 4943 2581 5008 extortumnovo
2613 4936 2716 5008 Dei
2750 4937 3045 5008 praeconio
3075 4938 3393 4995 adinvento
3424 4939 3765 4994 manifesta-

2104 5011 2187 5064 vit
2239 5007 2503 5080 apertius
2589 5006 2765 5077 Βςὶθρα
2824 5026 3000 5079 porro
3058 5012 3168 5061 τῶν
3230 5010 3468 5063 Βενὲτων
3527 5010 3763 5079 lapidem

2105 5084 2251 5137 sedes
2278 5086 2446 5136 erant
2482 5081 2704 5135 Veneta:
2731 5083 2969 5148 factioni
2994 5081 3281 5149 parandae.
3306 5087 3385 5139 et.
3407 5087 3476 5137 ut
3501 5080 3768 5151 loquitur

2106 5152 2326 5209 Paulus
2358 5152 2668 5208 Diaconus.
2704 5151 2851 5207 bases
2878 5152 3077 5222 papuli
3105 5154 3507 5222 comtmendse.
3543 5159 3604 5205 ut
3647 5151 3765 5205 illic

2106 5229 2496 5294 imperatorem
2523 5221 2892 5292 susciperent.
2912 5225 3056 5278 Nam
3101 5230 3159 5277 et.
3210 5221 3433 5277 ibidem
3480 5222 3570 5276 vel
3594 5222 3770 5294 juxta

2109 5293 2446 5353 constitisse
2497 5295 2793 5363 Prasinos,
2818 5294 3030 5366 colligo
3057 5309 3128 5366 ex
3149 5294 3352 5366 Leonte
3372 5293 3768 5366 Grammatico

2110 5370 2174 5438 in
2229 5366 2551 5438 Theophilo
2633 5360 3123 5438 scribente.'__-rc‘¢<
3182 5360 3489 5438 ᾅναϐᾴθρας
3539 5362 3658 5418 ἔνθα
3717 5363 3772 5416 οἱ

2115 5437 2287 5508 δῆμοι
2316 5435 2586 5510 ἳσταγται.
2607 5437 2817 5510 -ΑίΙίιιιη
2875 5435 3063 5510 nihilo
3105 5436 3298 5492 secius
3332 5435 3528 5510 locum
3559 5452 3595 5492 a
3624 5439 3776 5491 Pra-

2114 5507 2264 5569 sinis
2297 5507 2547 5565 Venetos
2589 5508 2878 5582 delegisse
2930 5507 3281 5582 Simocatta,_
3302 5508 3403 5563 ubi
3435 5509 3507 5582 de
3539 5525 3784 5582 corona-

2114 5584 2277 5662 tione
2302 5582 2574 5662 Leontize
2595 5579 2808 5662 Phocze
2844 5580 3082 5651 tyranni
3116 5579 3340 5662 nitoris,
3373 5581 3583 5636 scribit
3608 5584 3781 5662 vm,2.

2113 5655 2229 5720 Τὴν
2258 5652 2501 5730 erilem;
2526 5652 2831 5730 Machina,
2863 5667 2982 5722 qna
3040 5668 3075 5730 _e_
3130 5653 3341 5730 statuis
3402 5652 3780 5730 marmoreis,

2118 5722 2439 5782 metallicis
2470 5722 2688 5796 fistulis
2744 5723 2838 5778 vel
2864 5723 3114 5796 apertis
3175 5723 3353 5793 tubis
3381 5724 3784 5796 profunditur,

2116 5798 2437 5872 spargitur,
2469 5796 2531 5852 in
2561 5795 2748 5861 altum
2770 5795 3087 5865 evihratur,
3110 5811 3179 5852 ac
3204 5802 3331 5859 tum
3352 5795 3663 5879 oculorum
3684 5810 3783 5853 cu-
