4120 6428
366 404 479 464 851

1740 401 2056 466 GEORGII
2102 400 2445 463 CEDRENI

3678 398 3803 457 852

361 538 437 590 At
468 539 533 590 ut
562 534 707 591 urbe
739 535 870 593 lues
913 534 1219 590 bubonum
1267 540 1532 608 grassata
1562 542 1820 607 quatuor
1851 553 2014 591 men-

2148 531 2481 609 Βπάργοντα,
2542 525 2793 605 Τιϐἐριον
2853 530 3098 603 [Ρ,444ι]
3162 527 3317 582 αὐτὸν
3384 526 3793 600 μετονομάσας.

365 624 521 679 sium
556 626 701 679 777
742 625 931 696 spatio
964 642 1239 697 magnam
1270 626 1386 680 vim
1419 626 1729 682 hominum
1762 627 2026 682 sustulit.

367 714 711 785 Apsimarus
744 714 984 769 interim
1034 731 1169 769 cum
1223 732 1331 771 sua
1381 715 1572 771 classe
1614 716 1687 772 ad
1720 717 1897 786 Sycas
1928 730 2033 769 seu

366 803 538 859 Ficus
559 803 839 874 appellit;
866 804 1005 858 etin
1032 804 1238 859 urbem
1266 822 1372 877 per
1394 805 1795 876 proditionem
1819 804 2040 860 admis-

374 908 475 946 sus
510 893 841 959 Leontium,
876 892 1124 964 praeciso
1148 910 1315 963 naso,
1337 894 1395 949 in
1423 895 1706 950 Dalmatas
1736 900 2037 950 monaste-

368 980 457 1035 rio
475 980 1313 1053 asservarijubet,amicosque
1338 984 1468 1055 ejus
1488 983 1804 1056 publicatis
1827 998 2033 1038 eorum

372 1070 546 1124 bonis
578 1069 820 1143 relegat.
852 1072 994 1125 Tum
1019 1088 1369 1143 germanum
1388 1090 1560 1128 suum
1585 1072 1829 1127 fratrem
1862 1073 2036 1126 Hera-

370 1158 551 1214 clium
581 1160 861 1215 omnibus
892 1160 1273 1231 pedestribus
1320 1162 1815 1233 equestribusque
1847 1160 2034 1231 copiis

368 1248 618 1318 praeﬁcit
648 1249 843 1304 solum
875 1255 942 1304 ut
980 1250 1067 1305 rei
1112 1250 1387 1323 gerendaa
1439 1251 1696 1306 maxime
1728 1250 2030 1317 idoneum,

368 1334 669 1409 mittitque
691 1344 757 1395 ut
779 1345 978 1410 partes
1000 1340 1387 1411 Cappadocia:
1421 1346 1479 1395 et
1509 1341 1770 1396 claustra
1796 1356 2031 1412 percur-

367 1433 479 1499 rat,
512 1444 580 1483 ac
611 1428 756 1500 quid
788 1430 976 1485 hostis
1008 1430 1289 1485 moliatur
1318 1430 1609 1487 observet.

2139 623 2229 678 Ἐν
2288 618 2344 675 δὲ
2398 623 2466 694 τῇ
2526 618 2687 675 πόλει
2745 622 2780 690 ἡ
2836 623 2934 673 τοῦ
2995 613 3280 693 βουϐῶνος
3314 615 3467 689 λύμη
3510 615 3796 688 ἐνέσκηψε,

2142 710 2233 765 καὶ
2267 709 2318 763 ἐν
2348 710 2602 784 τέσσαρσι
2638 708 2802 782 μησὶν
2860 705 3116 762 ἀπώλετο
3172 704 3388 772 πλῆθος
3417 702 3583 761 πολύ.
3616 709 3800 761 Κατα-

2145 796 2412 876 λαμϐἀνει
2445 799 2503 856 δὲ
2535 801 2838 876 Ἀψίμαρος
2888 799 3001 874 ’ἅμα
3046 804 3128 873 τῷ
3171 799 3377 853 συνόντι
3413 798 3559 871 αὐτῷ
3591 796 3797 868 στόλῳ,

2142 892 2233 946 καὶ
2290 892 2692 966 προσώρμησεν
2764 889 2816 945 ἐν
2896 895 3095 952 Συκαῖς
3155 892 3286 962 (22),
3349 888 3436 943 καὶ
3495 885 3799 961 προδοσιας

2143 980 2441 1054 γενομένης
2500 978 2745 1048 εἰσῆλθεν
2820 979 2896 1041 εἰς
2971 980 3069 1048 τήν
3143 977 3329 1034 πόλιν.
3389 977 3493 1033 Καὶ
3550 976 3642 1030 τὸν
3705 977 3802 1050 μὲν

2144 1071 2397 1124 Λεόντιον
2454 1069 2821 1143 ῥινοκοπὴσας
2898 1066 2950 1123 ἐν
3008 1070 3077 1142 τῇ
3153 1071 3251 1121 τοῦ
3311 1065 3600 1139 Δαλμάτου
3660 1068 3799 1140 μονῇ

2143 1156 2506 1235 φυλάσσεσθαι
2608 1157 2922 1233 προσέταξε,
3026 1156 3153 1219 τοὺς
3231 1154 3289 1211 δὲ
3365 1154 3559 1233 φίλους
3632 1153 3799 1209 αὐτοῦ

2142 1247 2421 1323 δημεύσας
2496 1250 2765 1325 ἐξώρισεν.
2842 1242 3165 1323 Ἡράκλειόν
3240 1267 3300 1302 τε
3374 1246 3465 1302 τὸν

2140 1336 2306 1392 αὐτοῦ
2373 1336 2630 1416 ἀδελφὸν,
2705 1339 2778 1401 ὡς
2868 1336 2988 1393 λίαν
3065 1337 3422 1405 ἱκανώτατον,
3496 1334 3799 1409 μονοστρά·

2139 1449 2310 1504 τηγον
2378 1429 2492 1502 (23)
2560 1426 2770 1483 πᾶντων
2836 1430 2945 1482 τῶν
3012 1424 3112 1494 ἔξω
3186 1418 3611 1498 καϐαλλαρικῶν
3679 1426 3801 1496 (24)

3570 1247 3798 1323 γνήσιον

370 1516 620 1588 θεμάτων
676 1510 1121 1589 προϐαλόμενος,
1183 1516 1275 1572 ἐπὶ
1329 1517 1394 1572 τα
1462 1518 1600 1593 μέρη
1663 1514 2048 1580 Καππαδοκίας
2107 1517 2195 1572 καὶ
2251 1521 2358 1572 τῶν
2412 1516 2752 1593 κλεισουρῶν
2813 1512 3122 1593 διατρὲχειν
3181 1513 3271 1568 καὶ
3304 1514 3401 1582 τὴν
3429 1513 3545 1568 κατ’
3578 1511 3795 1589 ἐχθρῶν

368 1600 582 1679 ἐχθρῶν
616 1607 891 1667 ποιεῖσθαι
924 1601 1186 1681 φροντίδα
1215 1602 1550 1664 ἀπέστειλεν.

438 1694 807 1765 Apsimarus,
843 1697 943 1767 qui
976 1702 1034 1752 et
1065 1695 1352 1761 Tiberius,
1386 1697 1699 1768 imperavit
1746 1715 1935 1753 annos
1965 1700 2019 1753 7.
2053 1707 2100 1772 Β

366 1783 566 1838 Primo
626 1783 755 1856 ejus
805 1801 962 1841 anno
1016 1785 1494 1855 Abderachman,
1531 1792 1693 1843 mota
1735 1788 2031 1843 seditione

371 1873 432 1927 in
469 1873 728 1946 Perside,
780 1891 1029 1945 regnum
1079 1876 1142 1931 in
1204 1892 1275 1932 ea
1329 1877 1605 1949 Chagano
1665 1877 1855 1950 ejecto
1887 1876 2035 1932 obti-

375 1963 529 2020 nuit.

441 2055 614 2109 Anno
646 2055 907 2111 secundo
967 2055 1152 2127 pestis
1209 2055 1340 2111 fuit.
1401 2058 1472 2112 Et
1522 2056 1863 2113 Moamedus
1894 2073 2030 2112 cum

376 2143 633 2199 Arabum
665 2144 852 2217 copiis
893 2144 1120 2200 bellum
1167 2145 1643 2201 Abderachmani
1672 2146 1829 2201 facit.
1866 2148 2032 2201 Com-

377 2249 493 2304 que
540 2234 843 2306 ingressus
889 2234 1197 2290 Persidem
1248 2240 1425 2303 esset,
1475 2251 1613 2290 cum
1664 2236 1934 2307 Chagano
1969 2251 2029 2290 se

376 2321 706 2395 conjungit.
740 2324 819 2377 Eo
851 2322 1006 2378 bello
1037 2323 1489 2378 Abderachman
1530 2340 1716 2379 caesus
1750 2330 1807 2378 et
1835 2323 2031 2378 Persis

380 2412 653 2484 Chagano
685 2412 960 2468 restituta
1012 2418 1119 2468 est.
1166 2414 1413 2469 Romani
1463 2419 1661 2469 autem
1695 2413 1924 2485 Syriam
1955 2412 2030 2467 ad

376 2499 682 2556 Samosata
711 2517 899 2572 usque
927 2501 1244 2575 pervagati,
1267 2502 1607 2573 vicinasque
1640 2501 1910 2574 regiones
1932 2518 2031 2573 po-

370 2590 583 2662 pulati,
616 2590 689 2646 ad
718 2591 927 2658 millia,
962 2597 1029 2646 ut
1051 2591 1259 2662 fertur,
1284 2593 1543 2648 ducenta
1561 2591 1821 2647 Arabum
1853 2591 2028 2646 inter-

369 2678 680 2745 fecerunt;
716 2680 1041 2752 spoliisque
1083 2686 1142 2736 et
1190 2681 1390 2752 praeda
1438 2681 1825 2752 amplissimis
1854 2680 2025 2752 potiti

370 2783 584 2843 magno
618 2769 710 2825 sui
743 2775 907 2827 metu
938 2771 1192 2826 excitato
1223 2776 1612 2827 reverterunt.

446 3035 638 3093 Tertio
695 3053 851 3093 anno
910 3037 1166 3094 Abdelas
1223 3041 1520 3095 Romanos
1569 3038 1726 3093 bello
1759 3038 2022 3105 adortus,

2200 1692 2504 1770 Ἀψίμαρος
2540 1694 2566 1749 ὁ
2597 1694 2686 1749 καὶ
2719 1687 2979 1769 Τιϐέριος
3012 1684 3108 1762 ἔτη
3164 1695 3220 1760 ζ’.
3257 1688 3471 1747 Τούτου
3500 1692 3581 1761 τῷ
3613 1689 3658 1743 α’
3689 1686 3799 1743 ἔτει

2138 1782 2446 1840 ἐστασίασεν
2504 1778 2891 1862 Ἀϐδεραχμὰν
2943 1782 2994 1837 ἐν
3048 1778 3293 1853 Περσίδι,
3353 1778 3443 1835 καὶ
3496 1777 3803 1856 ἐκυρίευσεν

2139 1874 2334 1944 αὐτῆς,
2368 1873 2459 1929 καὶ
2492 1871 2677 1943 ἐδίωξε
2705 1873 2796 1929 τὸν
2826 1871 3077 1947 Χαγάνον
3112 1869 3204 1927 ἀπ’
3234 1868 3423 1939 αὐτῆς.

2213 2049 2305 2120 Τῷ
2353 2047 2401 2122 β’
2453 2043 2581 2116 ἔτει,
2641 2044 2834 2123 γέγονε
2894 2044 3178 2109 eamme»
3216 2041 3371 2118 μέγα.
3406 2040 3510 2098 Καὶ
3544 2039 3804 2113 ἐπεστρά-

2133 2155 2285 2190 τευσε
2343 2132 2589 2207 Μωάμεδ
2650 2136 2742 2189 σὺν
2800 2138 2878 2206 τῷ
2935 2133 3136 2203 πλήθει
3193 2136 3298 2186 τῶν
3359 2124 3611 2206 Ἀράϐων
3659 2128 3802 2185 κατᾶ

2134 2227 2231 2278 τοῦ
2317 2219 2724 2299 Ἀϐδεραχμάν.
2812 2223 2916 2280 Καὶ
2979 2218 3304 2277 καταλαϐὼν
3372 2221 3472 2289 τήν
3558 2216 3799 2293 Περσίδα

2135 2312 2345 2367 ἑνοῦται
2374 2318 2454 2386 τῷ
2485 2314 2744 2389 Χαγάνῳ,
2803 2313 2895 2367 καὶ
2952 2310 3369 2384 πολεμήσαντες
3411 2313 3492 2380 τῷ
3524 2303 3795 2382 Ἀϐδερα-

2135 2404 2284 2483 χμᾶν
2345 2406 2641 2460 κτείνουσιν
2699 2403 2884 2473 αὐτὸν,
2942 2403 3031 2458 καὶ
3089 2402 3255 2457 πάλιν
3306 2405 3385 2474 τῷ
3426 2401 3667 2473 Χαγάνῳ
3693 2401 3796 2468 τήν

2134 2496 2404 2569 Περσικὴν
2443 2495 2621 2568 ἀρχὴν
2670 2493 3097 2568 ἐκχειρίζουσιν.
3147 2492 3210 2547 0i
3255 2487 3314 2547 δὲ
3360 2491 3628 2563 Ῥωμαῖοι
3660 2509 3794 2543 χατ-

2132 2582 2367 2658 ἐδραμον
2403 2584 2603 2656 Συρίας
2659 2581 2766 2645 ἓως
2826 2584 3169 2656 Σαμοσάτου,
3201 2581 3292 2636 καὶ
3323 2578 3789 2657 προνομεύσαντες

2132 2677 2230 2743 τήν
2261 2673 2412 2749 πέριξ
2445 2675 2637 2748 χώραν
2668 2671 3004 2743 ἀπέκτειναν,
3059 2671 3131 2732 ὥς
3180 2692 3331 2750 φασι,
3377 2667 3636 2745 χιλιάδας
3671 2665 3792 2722 δια-

2130 2763 2318 2826 κοσίας
2348 2757 2624 2838 Ἀράϐων,
2658 2761 2891 2817 πλεῖστά
2920 2783 2975 2817 τε
3026 2759 3200 2816 σκῦλα
3254 2760 3345 2815 καὶ
3402 2756 3793 2834 αἰχμαλωσίαν

2133 2851 2353 2923 πολλὴν
2389 2847 2650 2915 λαϐόντες
2706 2852 3065 2927 ὑπέστρεψαν,
3122 2845 3293 2929 φόϐον
3352 2850 3521 2925 μεγαν
3552 2847 3792 2921 ἐμποιή-

2136 2964 2322 3006 σαντες
2354 2943 2562 3005 αὐτοῖς.

2208 3035 2303 3105 Τῷ
2365 3040 2413 3109 γ’
2478 3027 2582 3087 ἔτει
2650 3031 3068 3107 ἐπεστράτευσεν
3150 3024 3416 3091 Ἀϐδελᾶς
3486 3030 3595 3102 (25)
3658 3026 3797 3082 κατὰ

376 3127 677 3181 Antarado
736 3128 958 3182 frustra
1018 3135 1408 3200 oppugnatas,
1471 3144 1534 3183 re
1592 3128 1813 3184 infecta
1865 3091 2030 3192 abiit’,

2278 3091 2287 3105 .
2379 3091 2389 3109 .
2817 3091 2826 3107 .
3491 3091 3501 3102 .

2148 3122 2388 3195 Ῥώμης,
2450 3120 2559 3184 καὶ,
2607 3123 2988 3195 πολιορκήσας
3063 3115 3388 3195 Ἀντάραδον
3454 3117 3545 3173 καὶ
3627 3113 3798 3191 μηδὲν

379 3221 437 3272 et
482 3217 901 3288 Mopsuestiam
962 3217 1251 3289 condidit,
1301 3217 1703 3290 imposuitque
1736 3218 1787 3272 ei
1828 3215 2033 3288 praesi-

378 3306 564 3362 dium.

450 3396 601 3453 778
632 3403 800 3454 Anno
831 3400 863 3452 4
896 3399 1141 3461 Baanes,
1167 3396 1519 3470 cognomine
1551 3396 1976 3467 Heptadaemon
2003 3410 2038 3449 a

376 3492 605 3557 septem
638 3486 1027 3549 daemonibus,
1063 3492 1335 3557 quartam
1370 3485 1712 3541 Armeniam
1744 3483 2035 3539 Arabibus

375 3575 637 3630 tradidit.
695 3576 1039 3647 Apsimarus
1090 3575 1485 3647 Philippicum
1518 3574 1831 3646 patricium
1867 3575 2032 3629 Nice-

375 3664 527 3735 plori
561 3664 750 3720 filium
784 3665 1082 3737 relegavit,
1116 3663 1348 3736 quodis
1382 3681 1450 3719 ex
1485 3665 1784 3719 insomnio
1815 3663 2036 3733 (aiebat

368 3754 528 3811 enim
562 3771 669 3826 per
699 3753 963 3825 quietem
1014 3759 1072 3810 et
1116 3754 1504 3827 imaginatum
1547 3760 1722 3825 caput
1752 3770 1925 3809 suum
1958 3754 2030 3810 ab

368 3843 571 3914 aquila
602 3843 965 3911 obumbrari)
1000 3843 1331 3914 rmperium
1363 3843 1475 3898 sibi
1507 3848 1792 3915 speraret.

436 3934 652 3999 Quinto
686 3950 845 3989 anno
879 3933 1181 4005 principes
1231 3933 1552 3999 Armeniaz,
1587 3932 1887 3987 concitata
1917 3931 2030 3987 ad-

364 4041 570 4079 versus
628 4024 984 4080 Sarracenos
1046 4023 1362 4087 seditione,
1421 4022 1492 4077 iis
1552 4022 1904 4087 interfectis,
1955 4022 2028 4077 ab

363 4114 677 4185 Apsimaro
737 4112 940 4169 missis
1000 4112 1211 4185 legatis
1269 4112 1555 4167 auxilium
1621 4117 1851 4183 petunt.
1915 4110 2028 4165 Sed

366 4205 707 4261 Moamedus
738 4205 893 4260 facta
926 4204 1323 4275 expeditione,
1359 4204 1567 4259 multis
1593 4202 1783 4270 exesis,
1816 4204 2025 4257 Arme-

362 4297 526 4352 niam
548 4312 784 4352 rursum
811 4296 1149 4351 Sarracmis
1174 4295 1393 4355 subdit,
1418 4310 1811 4366 proceresque
1830 4295 2027 4347 Arme-

364 4388 498 4442 nios
529 4403 736 4442 omnes
766 4402 887 4441 uno
923 4385 982 4440 in
1013 4385 1141 4441 loco
1176 4386 1331 4439 vivos
1363 4389 1587 4440 cremat
1614 4384 1836 4439 Eodem
1867 4399 2025 4438 anno

2142 3211 2332 3273 ἀνύσας
2393 3210 2711 3284 ὑπέστρεψε,
2769 3211 2859 3265 καὶ
2920 3206 3196 3283 ᾠκοδόμει
3256 3210 3355 3279 τὴν
3393 3205 3797 3282 Μοψουεστίαν,

2139 3299 2229 3355 καὶ
2256 3299 2405 3364 ἔθετο
2439 3299 2491 3354 ἐν
2526 3300 2663 3372 αὐτῇ
2702 3298 2970 3377 φυλακήν.

2207 3391 2301 3460 Τῷ
2353 3388 2396 3444 δ’
2455 3387 2561 3443 ἔτει
2621 3389 2826 3457 Βαςξνην
2888 3388 2916 3442 ὁ
2968 3384 3350 3460 Ἐπταδαίμων
3398 3387 3499 3457 τὴν
3529 3387 3803 3460 τετάρτην

2141 3479 2425 3552 Ἀρμενίαν
2458 3484 2575 3539 τοῖς
2608 3478 2865 3552 Ἀραψιν,
2928 3477 3201 3551 ὒπέταξεν,
3256 3475 3561 3552 Ἀψίμαρος
3597 3474 3653 3531 δὲ
3692 3481 3795 3529 Φι-

2139 3565 2401 3626 λιππικὸν
2475 3569 2567 3622 τὸν
2622 3566 2737 3620 υἱὸν
2816 3566 3136 3646 Νικηφόρου
3207 3566 3491 3638 πατρίκιον
3541 3563 3793 3638 ἐξώρισεν

2112 3657 2213 3720 ⁷ώς
2257 3655 2781 3732 ὀνειροπολούμενον
2836 3655 3174 3734 βασιλεῦσαι·
3226 3652 3421 3734 ἔφασκε
3469 3655 3573 3731 γὰρ
3622 3655 3798 3730 ἑωρα-

2137 3751 2281 3805 κέναι
2311 3750 2428 3805 κατ’
2479 3744 2604 3824 ὄναρ
2664 3748 2747 3804 ὅτι
2806 3751 2839 3818 ἡ
2908 3746 3121 3829 κεφαλή
3185 3747 3348 3803 αὐτοῦ
3379 3745 3656 3816 ἒσκιᾶζετο
3690 3745 3795 3800 ὑπὸ

2137 3838 2317 3896 ἀετοῦ.

2207 3934 2293 4002 Τῷ
2353 3931 2391 3984 ε’
2460 3926 2566 3985 ἔτει
2627 3929 2944 3984 ἐστασίασαν
3024 3928 3076 3982 οἱ
3150 3927 3419 4007 ἄρχοντες
3506 3927 3801 4003 Ἀρμενίας

2134 4020 2270 4075 κατὰ
2328 4024 2435 4074 τῶν
2497 4022 2850 4095 Σαρακτ,νῶν,
2905 4019 2994 4073 καὶ
3054 4017 3180 4079 τοὺς
3216 4016 3267 4071 ἐν
3300 4015 3568 4091 Ἀρμενίᾳ
3624 4023 3798 4090 Σαρα-

2134 4110 2332 4180 κτενοὺς
2407 4108 2745 4164 ἀπέκτειναν.
2852 4109 2949 4161 Καὶ
3040 4107 3194 4167 αὖθις
3269 4106 3406 4182 πρὸς
3483 4104 3798 4180 Ἀψίμαρον

2133 4197 2413 4271 πέμπουσι
2462 4195 2552 4253 καὶ
2598 4195 2904 4269 Ῥωμαίους
2959 4195 3034 4257 εἷς
3086 4196 3186 4265 τήν
3237 4193 3414 4249 αὐτῶν
3466 4194 3656 4272 χώραν
3702 4193 3799 4270 φέ-

2134 4308 2341 4363 ρουσιν.
2403 4289 2463 4344 ’U
2522 4285 2579 4341 3‘s
2636 4282 2878 4357 Μωάμεδ
2955 4284 3376 4359 ἐπιστρατεύσας
3452 4285 3572 4339 κατ’
3621 4282 3801 4338 αὐτῶν

2132 4376 2382 4441 πολλοὺς
2409 4377 2629 4444 κτείνει,
2659 4375 2749 4430 καὶ
2799 4375 2897 4443 τήν
2949 4375 3241 4450 Ἀρμενίαν
3278 4377 3622 4449 Σαρακηνοῖς
3656 4372 3801 4427 ὑπο-

364 4480 513 4531 Azar
541 4477 746 4532 decem
795 4475 960 4530 milia
1007 4474 1233 4530 ducens
1266 4474 1521 4530 Cililiam
1565 4473 1807 4528 invadit.
1841 4474 2026 4538 Quem

2148 4471 2338 4539 τάσσει,
2389 4469 2519 4532 τοὺς
2570 4466 2625 4523 δὲ
2676 4471 2997 4544 μεγιστᾶνας
3047 4471 3156 4522 τῶν
3208 4467 3516 4541 ’Λρμενίων
3548 4463 3798 4536 ζωοκαύ-

363 4567 606 4623 adortus
638 4565 1017 4637 imperatoris
1049 4565 1231 4620 frater
1262 4565 1568 4621 Heraclius
1590 4563 1881 4635 majorem
1913 4563 2021 4617 ho-

2133 4580 2291 4621 στους
2344 4558 2397 4614 ἐν
2439 4558 2516 4614 ὲνὶ
2573 4558 2727 4631 τόπῳ
2786 4557 3033 4628 ἐποίησε.
3068 4556 3258 4630 Τούτῳ
3288 4555 3367 4630 τῷ
3400 4553 3505 4612 ἔτει
3536 4555 3800 4630 ἐπεςτρά-

1576 4718 1937 4774 XYLANDRI
1977 4719 2064 4773 ET
2103 4718 2315 4775 GOARI
2354 4718 2578 4775 NOTIE.

368 4881 583 4939 magna
613 4864 885 4939 Straboni
910 4864 949 4918 l.
976 4868 1330 4939 xm_vocata.
1366 4864 1469 4939 cui
1498 4864 1814 4934 ptznl‘ectus
1842 4858 2032 4939 δρουγ-

373 4936 565 5015 γᾴρῖος
606 4937 800 4991 dictus
846 4936 1197 5015 imperabat.
1251 4938 1557 5015 Δχοῦγγσς
1590 4943 1789 5015 autem
1849 4936 2026 5015 totius

370 5006 581 5067 classis
636 5016 764 5064 erat
820 5006 955 5079 pars
1015 5008 1187 5063 tertia
1222 5008 1333 5081 ⁸ναι
1393 5006 1622 5078 quarta.
1667 5006 2023 5081 spumam;

371 5083 712 5169 huiusmodi
741 5078 984 5169 militum
1019 5081 1171 5169 glpbi
1204 5078 1613 5169 duotprnllinc
1645 5078 2023 5169 εἰοιηδρρῦγ-

326 5154 331 5159 ⁷
369 5151 466 5229 γος
500 5153 1053 5229 scribitVMauricius
1088 5152 1118 5229 l_
1162 5169 1179 5205 1
1209 5153 1646 5229 Strategicorum
1689 5151 2021 5229 μὲροςέστῖ,

368 5222 430 5281 τὸ
498 5227 557 5281 ἐκ
621 5228 785 5299 τριῷν
865 5224 1235 5299 συγκειμένων
1305 5222 1600 5299 ὀιθρςιισμα,
1670 5223 2023 5299 drungarios

370 5301 618 5355 totidem
651 5294 834 5352 fuisse
868 5294 1156 5367 sequitur.
1184 5295 1295 5350 Leo
1320 5294 1383 5349 in
1412 5294 1894 5367 Naumachicis’oi
1914 5299 2020 5348 τῶν

370 5369 557 5442 ἄλλων
637 5368 883 5442 θεμάτων
951 5364 1234 5442 Ῑπλώϊμοι
1286 5364 1583 5442 στρατηγοί
1667 5364 2022 5442 δρουγγάριοι

373 5383 557 5424 ἄλλων
637 5383 883 5438 θεματων
956 5383 1208 5438 πλώιμοι
1286 5385 1583 5441 στρατηγοι
1667 5383 2022 5491 ορουγγαίιοι

373 5439 673 5515 ἐκαλοῦντό
699 5459 831 5515 ποτε
858 5443 975 5515 τοῖς
997 5436 1108 5492 ἅνω
1129 5440 1782 5515 χρόνοιςΤξιθορωίὶηθε
1810 5458 1901 5515 oro
1947 5458 2023 5491 ων

373 5515 481 5584 τῶν
512 5506 935 5584 Κιϐυρῥαιωτῶν
969 5506 1261 5567 memorat
1308 5511 1369 5565 in
1400 5506 1809 5584 iCopronymo.
1845 5512 2020 5566 Gom.

448 5582 561 5651 (22)
594 5582 660 5635 ιη
719 5582 844 5637 loco
903 5584 1108 5639 Galam
1165 5599 1323 5638 nunc
1382 5582 1559 5647 dicto,
1620 5582 1692 5636 de
1748 5599 1863 5653 quo
1895 5589 2027 5638 Ste-

375 5653 850 5725 plianustSycae,
885 5654 1096 5725 inquit,
1131 5662 1210 5709 est
1265 5654 1461 5710 civitas
1515 5671 1542 5709 θ
1594 5656 1817 5724 regione
1871 5670 2024 5710 nova

374 5721 574 5778 Roma.
608 5721 771 5776 Idem
807 5721 985 5779 habet
1011 5727 1279 5782 Socrates
1308 5743 1369 5795 ιι,
1402 5729 1489 5781 30.
1525 5721 1699 5782 (ὶολιί.

2198 4866 2308 4934 (23)
2341 4864 2445 4918 Hic
2476 4862 2795 4935 drungario
2856 4861 3197 4933 opponitur,
3257 4862 3357 4932 qui
3413 4861 3578 4917 solus
3638 4860 3795 4918 aciel

2140 4937 2412 5007 imperat.
2450 4936 2626 4990 GOAB.

2209 5004 2329 5077 (24)
2357 5009 2439 5061 Ex
2470 5010 2695 5062 Zonara
2725 5005 2958 5077 videtur
2979 5004 3333 5077 legendum,
3367 5004 3525 5076 quod
3557 5010 3797 5062 secutus

2138 5071 2292 5142 suin,
2312 5071 2432 5131 ’τῶν
2462 5082 2638 5145 πεζῶν
2673 5078 2764 5131 καὶ
2790 5071 3032 5145 καϐαλλ.
3053 5071 3202 5132 ’Χγιμ

2208 5153 2321 5223 (25)
2354 5143 2590 5223 Legitur
2618 5155 2677 5205 et
2706 5143 3010 5223 Ἀϐδερόις,Δ
3036 5148 3345 5223 _Se_d__illud
3372 5148 3627 5223 praetuli,
3661 5165 3790 5204 cum

2136 5219 2439 5278 Diaconus'
2496 5222 2654 5276 hunc
2736 5219 2902 5275 vocet
2984 5219 3297 5274 Abdallam
3366 5221 3796 5276 Saracenorum

2135 5296 2367 5358 ducem,
2425 5294 2602 5348 1.20.
2673 5292 2785 5347 Sed
2853 5292 3011 5363 quod
3081 5291 3159 5345 ibi
3229 5291 3445 5363 legitur
3474 5293 3793 5347 Tarentum

2135 5367 2462 5434 obsedisse,
2496 5364 2806 5437 perspicue
2838 5369 2928 5418 est
2958 5363 3334 5437 mendosum,
3361 5363 3799 5437 legendumque

2134 5445 2199 5493 ut
2231 5440 2438 5492 Noster
2466 5434 2626 5492 recte
2654 5435 2849 5499 habet.
2900 5440 2957 5490 et
2993 5436 3150 5505 apud
3181 5435 3338 5489 hunc
3370 5434 3437 5489 et
3455 5434 3612 5506 apud
3645 5436 3798 5492 alios

2132 5508 2524 5577 Autaradum,
2558 5525 2690 5578 qua;
2738 5506 2931 5562 insula
2978 5513 3069 5561 est
3114 5507 3268 5561 inter
3304 5511 3558 5578 Cyprum
3592 5508 3707 5562 sita
3739 5513 3801 5563 et

2134 5582 2383 5651 Syriam.
2410 5580 2521 5635 Sed
2554 5586 2612 5634 et
2642 5579 2871 5651 reliqua
2898 5581 3104 5634 Noster
3124 5578 3378 5651 plenius,
3403 5578 3633 5633 utiliter
3654 5594 3794 5635 eum

2135 5600 2168 5635 ὃ
2216 5600 2383 5635 ἰΊᾶῐΠ.
2411 5600 2521 5635 δρα
2554 5600 2612 5634 (ξι
2642 5600 2871 5649 reliqua
2898 5600 2921 5633 l‘

2133 5600 2266 5708 aliis
2295 5650 2750 5725 comparandus.
2781 5652 2921 5706 XYL.
