4120 6414
325 392 445 461 853

329 551 511 590 τευσεν
578 529 747 606 Ἀζᾶρ

331 621 423 676 καὶ
455 621 768 697 περιτυχὼν
818 621 1007 686 αὖτοῖς
1054 621 1378 694 Ἡράκλειος
1419 623 1446 678 ὁ
1489 621 1722 701 ἀδελφὸς
1753 628 1852 680 τοῦ
1887 625 1996 698 βα-

333 708 532 773 σιλέως
563 710 692 772 τοὺς
724 709 981 772 πλεῖοτας
1012 711 1314 778 ἀπέκτεινε,
1365 710 1497 777 τοὺς
1526 709 1584 768 δὲ
1617 711 1878 785 λοιποὺς,
1910 709 2000 767 ’δε-

334 797 530 871 σμίους
560 801 640 867 τῷ
675 795 896 872 βασιλεῖ
926 796 1288 868 ἐξαπέστειλε.

404 889 502 959 Τῷ
542 888 586 952 ς’
613 881 718 942 ἔτει
762 884 993 957 ’Ἂζιδας
1032 889 1061 943 ὁ
1099 894 1197 944 τοῦ
1258 891 1460 947 Χουνὲϊ
1519 888 1870 958 ἐπεστράτευε
1897 892 1997 945 τ’ὶν

1413 935 1433 945 "
1954 932 1965 961 Α

336 975 615 1045 Κιλικίαν,
657 976 748 1031 καὶ
806 975 1185 1051 πολιορκήσας
1242 980 1303 1034 τὸ
1365 979 1546 1034 Σῖσιον
1605 984 1835 1054 καστρον
1868 1000 1998 1035 κατ-

337 1059 551 1121 έϐαλεν·
605 1065 665 1120 ὃν
734 1064 1037 1146 ἐπιφθᾶσας
1098 1069 1253 1123 ὁτοῦ
1289 1067 1557 1142 βασιλέως
1614 1066 1850 1133 ἀδελφὸς
1907 1068 1995 1122 καὶ

335 1153 661 1230 πολεμήσας
719 1157 917 1210 κτείνει
982 1153 1193 1213 δώδεκα
1250 1156 1514 1234 χιλιάδας
1572 1153 1850 1234 ³Αράϐω·ι.
1884 1161 1997 1215 Τοῦ

333 1244 717 1299 ’Ῑουστινιανοῦ
750 1242 808 1300 δὲ
862 1245 912 1300 ἐν
970 1251 1210 1309 Χερσῶνι
1280 1244 1562 1324 διάγοντος
1617 1249 1706 1302 καὶ
1742 1247 1998 1323 Λέγοντος

335 1330 503 1387 πάλιν
536 1335 624 1408 [Ρ.
660 1335 788 1408 44ὅ]
820 1334 1009 1390 ἑαυτὸν
1047 1335 1372 1410 βασιλεύειν,
1406 1338 1459 1392 οἱ
1488 1342 1597 1392 τῶν
1628 1337 1799 1393 ἐκεῖσε
1839 1338 2001 1408 οἰκτί-

342 1444 494 1494 τορες
529 1423 619 1478 τὸν
661 1422 722 1478 ἐκ
750 1428 847 1479 τοῦ
890 1424 1162 1499 βασιλέως
1197 1424 1445 1482 κίνδυνον
1476 1422 1803 1505 φοϐηθέντες
1835 1423 2001 1483 ἐϐου-

333 1512 592 1569 λεύσαντο
651 1518 841 1569 τοῦτον
898 1518 1109 1571 ἀνελεῖν
1142 1516 1176 1586 ἢ
1210 1522 1290 1589 τῷ
1357 1517 1577 1592 βασιλεῖ
1623 1518 1995 1594 περιπέμψαι.

339 1601 515 1665 Αὐτὸς
578 1600 637 1657 δὲ
691 1607 851 1659 τοῦτο
909 1601 1221 1682 διεγνωκὼς
1276 1604 1521 1678 ἠδυνήθη
1584 1606 1859 1686 ἐκφυγεῖν,
1908 1609 1999 1663 καὶ

334 1689 412 1754 εἲς
435 1692 497 1747 τὸ
530 1693 704 1767 Δαρᾶς
745 1690 918 1757 ἐλθὼν
981 1695 1225 1769 ᾐτήσατο
1276 1697 1366 1751 τὸν
1418 1702 1526 1752 τῶν
1585 1698 1845 1773 Χαζαρων
1881 1701 2000 1770 (‘36)

338 1780 583 1852 Χαγανον
633 1776 788 1835 ἰδεῖν.
845 1782 946 1836 Καὶ
1004 1781 1062 1844 ’ὀς
1120 1780 1333 1853 ἐδέξατο
1393 1784 1553 1840 αὐτὸν
1618 1786 1751 1856 μετά
1802 1792 1998 1856 τιμῆς,

1460 402 2005 466 lllS'l‘uRlAliU\l
2055 400 2590 468 COMPENDIUM.

842 532 943 600 τήν
1000 531 1254 590 Κιλικιαν
1314 533 1448 608 μετὰ
1505 531 1778 608 χιλιάδων
1840 531 1989 603 δέκα,

2108 537 2286 593 stium
2317 547 2548 612 partem
2578 539 2772 606 credit,
2819 537 3084 611 reliquos
3133 537 3363 593 vinctos
3418 538 3765 610 imperatori

3643 406 3763 466 εει

2104 630 2311 685 mittit.

2175 898 2342 951 Anno
2373 901 2537 953 sexto
2567 896 2778 951 Azidas
2809 894 3035 950 Chunei
3077 894 3234 949 ﬁlius
3288 892 3508 949 Cilicia;
3539 890 3762 947 bellum

2103 984 2284 1039 infert
2298 991 2676 1055 castrumque
2695 985 2911 1039 Sisium
2934 988 3333 1055 expugnatum
3359 980 3765 1036 evertit.Hunc

2103 1080 2412 1130 assecutus
2433 1075 2750 1129 Heraclitus.
2772 1080 2829 1128 et
2850 1088 3045 1144 pugna
3066 1067 3762 1143 congressus.duodecim

2102 1163 2292 1218 millia
2305 1164 2563 1219 Arabum
2579 1162 3062 1218 occiditJnterim
3077 1160 3448 1216 Justinianus
3461 1159 3762 1214 Chersone

2102 1253 2322 1324 degens
2345 1272 2479 1310 cum
2504 1271 2566 1309 se
2590 1254 2907 1324 imperium
2928 1259 3307 1323 recepturum
3333 1248 3758 1320 diceret.oppi-

2103 1342 2238 1397 dani
2268 1343 2377 1398 sibi
2406 1343 2478 1397 ab
2523 1343 2878 1414 imperatore
2915 1359 2984 1397 eo
3016 1341 3256 1396 nomine
3306 1343 3641 1393 metuentes
3671 1336 3764 1391 vel

2104 1433 2441 1488 interﬁcere
2465 1432 2630 1487 illum
2653 1433 2741 1488 vel
2766 1431 3111 1504 imperatori
3142 1430 3378 1485 mittere
3401 1432 3759 1483 statuerunt.

2103 1523 2227 1587 Quo
2257 1522 2668 1578 animadverso
2698 1521 3067 1576 Justinianus
3096 1520 3236 1591 fuga
3280 1517 3391 1574 sibi
3424 1515 3759 1583 consuluit;

2102 1628 2356 1682 cumque
2397 1612 2578 1667 Daras
2611 1611 2996 1683 pervenisset,
3056 1608 3313 1681 Chagani
3370 1608 3761 1662 Chazarorum

2102 1702 2289 1773 reguli
2318 1718 2694 1773 congressum
2739 1701 2929 1772 petiit.
2962 1700 3017 1754 Is
3051 1698 3201 1753 779
3263 1713 3398 1753 eum
3430 1694 3758 1751 honoriﬁce

2102 1791 2498 1862 excepit,data
2518 1791 2577 1845 in
2601 1789 3050 1846 matrimonium
3069 1804 3273 1843 sorore
3293 1802 3398 1841 sua
3413 1784 3718 1840 Theodore
3744 1799 3757 1850 ;

330 1866 419 1921 καὶ
455 1863 667 1936 ἐξέδοτο
727 1865 876 1939 αὐτῷ
932 1868 1008 1931 εἷς
1064 1877 1295 1944 γυναῖκα
1354 1869 1635 1948 Θεοδώραν
1691 1874 1791 1941 τήν
1826 1870 1986 1928 ἀδελ-

2102 1881 2399 1951 pauloque
2428 1886 2561 1952 post
2594 1879 2886 1952 persuasit
2906 1883 2972 1933 ut
3003 1894 3138 1933 cum
3187 1874 3495 1932 Theodora
3524 1874 3761 1929 Phana-

334 1956 444 2027 φῆν
475 1955 662 2012 αὐτοῦ.
696 1956 799 2012 Καὶ
858 1959 973 2029 μετ’
1030 1958 1223 2035 ὀλίγον
1282 1960 1481 2036 χρόνον
1551 1968 1839 2038 προτροπῇ
1895 1967 1992 2016 τοῦ

337 2045 593 2119 Χαγᾶνου
668 2042 940 2114 κατῆλθεν
1025 2047 1103 2110 εἷς
1186 2051 1560 2124 Φαναγουρίαν
1623 2054 1777 2127 ('27),
1838 2057 1993 2106 καὶκεῖ

338 2127 576 2207 διέτριϐε
625 2133 759 2206 μετά
816 2134 1118 2211 Θεοδώρας.
1167 2139 1349 2194 Ταῦτα
1401 2139 1632 2202 ἀκούσας
1684 2141 1989 2213 Ἀψέμαρος

333 2218 535 2293 πέμπει
567 2222 703 2299 πρὸς
762 2226 854 2279 τὸν
911 2226 1154 2303 Χαγάνον
1214 2227 1600 2305 ὑποσχόμενος
1662 2231 1809 2301 αὐτῷ
1840 2227 1991 2303 δῶρα

331 2309 538 2377 πολλὰ,
567 2310 612 2367 εἰ
640 2314 735 2368 τὸν
786 2315 1167 2371 Ἰουστινιανὸν
1200 2322 1372 2387 ζῶντα
1430 2318 1579 2392 αὖτῷ
1609 2318 1987 2395 παραπέμψει,

325 2401 360 2472 ἢ
388 2400 485 2456 xii-1
518 2402 620 2471 τήν
657 2404 906 2481 κεφαλὴν
946 2406 1132 2461 αὐτοῦ.
1199 2404 1451 2476 Εῗξαντος
1484 2405 1543 2463 δὲ
1580 2414 1679 2464 τοῦ
1712 2409 1986 2485 Χαγάνουν

333 2489 733 2566 παραφυλακήν
767 2491 913 2565 αὐτῷ
946 2491 1103 2563 δῆθεν
1136 2493 1347 2569 ἔπεμψε
1405 2494 1496 2552 διὰ
1540 2498 1604 2553 τὸ
1638 2522 1715 2573 μη
1750 2499 1852 2555 ὑπὸ
1880 2504 1988 2555 τῶν

334 2579 637 2658 ὁμοφύλων
678 2576 1159 2654 ἐπιϐουλευθῆναι,
1219 2584 1596 2659 ἐντειλάμενος
1655 2594 1770 2651 τοῖς
1819 2589 1987 2645 αὐτοῦ

321 2668 394 2724 ἵν’
449 2669 574 2725 ὅταν
658 2668 890 2747 δηλωθῇ
979 2673 1185 2738 αὐτοῖς,
1265 2675 1532 2731 ἀνέλωσιν
1581 2678 1984 2736 Ἰουστινιανόν.

327 2760 548 2819 Τοῦτων
606 2758 661 2817 δὲ
720 2758 791 2817 δι’
848 2761 1060 2819 οἰκέτου
1119 2770 1219 2821 τοῦ
1276 2768 1524 2842 Χαγάνου
1582 2772 1650 2842 τῇ
1732 2768 1987 2842 Θεοδώρῳ

336 2849 681 2924 μηνυθέντων
715 2852 806 2907 καὶ
867 2857 945 2925 τῷ
1001 2855 1370 2929 Ἰουστινιανῷ
1426 2859 1790 2932 γνωσθέντων,
1824 2881 1987 2934 προσ-

332 2938 704 3014 καλεσάμενος
786 2940 914 3004 τοὺς
998 2941 1057 2998 ἐκ
1132 2945 1382 3019 Χαγάνου
1461 2944 1706 3023 φύλακας
1759 2949 1990 3016 τούτους

331 3027 633 3102 ἐφόνευσεν.
681 3030 896 3093 Εὐθέως
955 3028 1013 3087 δὲ
1068 3032 1398 3091 ἀποστέλλει
1455 3034 1740 3111 Θεοδώραν
1769 3038 1844 3098 εἷς
1877 3043 1985 3097 Χα-

334 3116 573 3190 ζαρίαν.’
617 3119 753 3176 Ἀπὸ
835 3118 892 3175 δὲ
949 3123 1325 3197 Φαναγουρίας
1399 3126 1561 3188 αὐτὸς
1623 3128 1984 3199 δραπετεύσας

333 3206 411 3269 εἷς
437 3208 500 3262 τὸ
531 3207 755 3281 στόμιον
810 3213 1075 3280 κατῆλθε,
1146 3212 1236 3268 καὶ
1270 3212 1451 3286 πλοίῳ
1509 3210 1702 3280 ἐπιϐὰς
1760 3211 1983 3293 ἔρχεται

334 3296 505 3370 μέχρι
538 3292 852 3369 Συμϐόλου,
882 3298 1121 3371 πλησίον
1154 3303 1480 3375 ίΧερσῶνος,
1532 3305 1623 3360 καὶ
1653 3292 1978 3370 ἀποστείλας

327 3382 381 3439 ἐν
413 3384 563 3470 αὖτῷ
616 3392 867 3461 κρυπτῶς
917 3385 1356 3462 ἀναλαμϐάνεται
1419 3388 1827 3470 Βασϐακοῦριον
1887 3396 1979 3451 καὶ

323 3473 419 3528 τὸν
448 3469 684 3553 ἀδελφὸν
713 3473 879 3531 αἰ.»τοῦ
910 3477 999 3532 καὶ
1030 3477 1124 3534 τὸν
1159 3478 1429 3554 Στέφανον
1462 3482 1553 3537 καὶ
1605 3469 1721 3539 τὸν
1758 3485 1981 3557 Μητρό-

329 3570 561 3661 παυλον’
593 3572 684 3628 καὶ
718 3574 810 3628 σὺν
843 3574 1030 3638 αὐτοῖς
1072 3576 1421 3643 ἀποπλεύσας
1481 3575 1637 3653 διέϐη
1688 3584 1779 3639 τὸν
1813 3584 1982 3661 φάρον

332 3660 619 3735 Χερσῶνος
651 3663 826 3718 καὶτὰ
860 3666 1187 3739 Νεκρὸπυ).α
1225 3666 1287 3722 τὸ
1319 3669 1543 3743 στόμιόν
1577 3692 1636 3726 τε
1690 3692 1788 3726 του
1821 3673 1987 3728 Δάνα-

332 3769 433 3824 πρι
469 3751 561 3805 καὶ
592 3756 688 3807 τοῦ
719 3752 1005 3829 Δάναστρι.
1041 3756 1141 3813 Καὶ
1199 3755 1478 3822 κλύδωνος
1534 3762 1822 3836 γεγονότος
1879 3762 1985 3817 ἀπ·-

334 3836 570 3916 ἑγνωσαν
601 3840 791 3905 πάντες
822 3844 921 3913 τήν
953 3844 1155 3900 ἑαυτῶν
1194 3847 1488 3919 σωτηρίαν.
1525 3849 1759 3918 Μυέκης
1789 3848 1845 3905 δὲ
1867 3851 1987 3905 ὁοὶ-

333 3929 551 3991 κειακός
588 3930 756 3987 αὐτοῦ
814 3930 1101 4008 ἄνθρωπος
1133 3933 1232 4010 ἔφη
1270 3936 1439 4007 αὐτῷ·
1475 3934 1612 3992 Ἰδοὺ
1643 3938 1985 4010 ἀποθνήσκο-

336 4038 453 4091 μεν.
482 4014 732 4080 δέσποτα.
786 4021 953 4092 Τάξαι
990 4028 1068 4096 τῷ
1098 4029 1215 4096 Θεῷ
1258 4026 1380 4101 περὶ
1420 4033 1519 4097 τῆς
1562 4028 1833 4103 σωτηρίας
1864 4050 1981 4099 σου,

326 4103 441 4173 ἵνα,
466 4107 556 4164 ἐὰν
589 4110 617 4164 ὁ
647 4110 776 4173 Θεὸς
802 4111 1072 4169 ἀποδώσει
1106 4135 1191 4169 σοι
1212 4115 1310 4185 τήν
1347 4115 1626 4191 βασιλείαν
1660 4138 1777 4187 σου,
1811 4116 1982 4192 μηδὲν

330 4196 514 4273 ἀμύνῃ
553 4203 631 4272 τῷ
669 4198 855 4275 ἐχθρῴ
886 4222 1003 4261 σου.
1039 4205 1100 4261 Ὀ
1157 4202 1214 4260 δὲ
1273 4206 1594 4280 ἀποκριθεὶς
1656 4208 1804 4281 αὖτῷ
1836 4207 1983 4285 λέγει

330 4285 383 4341 ἐν
417 4288 597 4361 Ουμῷ·
634 4289 755 4347 Ἐὰν
792 4290 1068 4365 φείσωμαί
1127 4315 1271 4355 τινος
1330 4293 1378 4365 ἐξ
1437 4293 1637 4363 αὐτῶν,
1671 4299 1699 4355 ὁ
1729 4300 1857 4360 Θεὸς
1899 4297 1981 4354 ἐν-

329 4379 499 4433 ταῦθά
549 4399 616 4450 με
672 4382 1059 4456 καταποντίσῃ.
1123 4385 1223 4441 Καὶ
1283 4385 1541 4450 εἰσελθὼν
1592 4389 1669 4452 εἰς
1724 4391 1819 4445 τὸν
1880 4390 1983 4447 Δά-

328 4462 510 4523 νευϐιν
544 4472 792 4544 ποταμὸν
835 4472 1164 4531 ἀποστέλλει
1224 4479 1494 4556 Στέφανον
1554 4483 1690 4555 πρὸς
1720 4478 1982 4557 Τέρὸελιν

1280 4567 1432 4587 να...

330 4560 422 4615 τὸν
457 4565 699 4638 ἄρχοντα
740 4566 1079 4643 Βουλγαρίας
1111 4567 1199 4623 ἐπὶ
1229 4570 1307 4642 τῷ
1339 4567 1526 4626 δοῦναι
1584 4571 1730 4644 αὐτῷ
1789 4574 1982 4650 σῦναρ-

333 4670 442 4718 σιν,
474 4650 629 4716 ὅπως
656 4656 903 4730 κρατήσῃ
938 4663 1037 4725 τῆς
1086 4666 1423 4734 προγονικῆς
1485 4660 1649 4717 αὐτοῦ
1684 4636 1986 4738 βασιλείας,
2020 4636 2064 4700 D

338 4737 724 4829 ὑποσχόμενος
757 4738 907 4816 δῶρα
937 4742 1130 4801 πολλὰ
1183 4747 1273 4802 καὶ
1331 4751 1431 4817 τὴν
1484 4737 1692 4806 ἑαυτοῦ
1730 4752 1990 4829 Θυγατέρα

334 4826 413 4889 εἷς
452 4835 702 4906 γυναῖκα.
737 4830 916 4889 Αὐτοῦ
949 4830 1006 4889 δὲ
1031 4834 1205 4892 πάντα
1261 4843 1437 4893 ποιεῖν
1492 4842 1608 4912 μεθ’
1639 4826 1815 4915 ὅρκων
1854 4826 1989 4899 ὑπο-

336 4919 635 5009 σχομένου,
668 4930 911 4999 συγκινεῖ
954 4926 1128 4982 πάντα
1181 4928 1274 4983 τὸν
1317 4928 1448 4985 λαὸν
1493 4935 1600 4986 τῶν
1652 4930 1989 5009 Βουλγάρων

329 5010 422 5064 καὶ
452 5006 737 5083 Σθλάϐων,
779 5015 870 5069 καὶ
919 5015 1271 5081 ὁπλισθέντες
1331 5018 1421 5074 ἐπὶ
1475 5021 1576 5089 τὴν
1613 5006 1991 5099 βασιλίδαὲρ-

332 5117 529 5175 χονται
582 5102 699 5175 ᾇμα
764 5108 842 5172 τῷ
900 5105 1266 5179 Ἰουστινιανῷ
1349 5107 1736 5181 Ἢπλήκευσαν
1799 5110 1857 5168 δὲ
1915 5112 1993 5178 εἷς

482 5189 724 5265 Χαρσίου
780 5192 983 5269 πόρταν
1040 5195 1131 5251 καὶ
1187 5191 1292 5259 ἕως
1356 5201 1466 5254 τῶν
1501 5198 1855 5280 Βλαχερνῶν.
1889 5203 1989 5258 Καὶ

323 5275 415 5332 ἐπὶ
469 5281 643 5355 τρισὶν
703 5278 941 5358 ἡμέραις
1028 5283 1363 5360 προσλαλῶν
1427 5294 1545 5353 τοῖς
1604 5275 1661 5346 ἐν
1697 5275 1772 5367 τῇ
1826 5290 1991 5348 πόλει

2100 1987 2353 2043 gormam
2380 1988 2442 2026 se
2465 1970 2760 2026 conferret
2781 1969 2981 2041 ibique
3013 1967 3272 2041 degeret.
3294 1964 3460 2031 Quod
3496 1964 3760 2036 Apsima-

2100 2079 2203 2117 rus
2232 2068 2298 2116 ut
2329 2060 2615 2133 cognovit,
2660 2060 2842 2115 mittit
2897 2058 2972 2113 ad
3019 2059 3359 2130 Chaganum
3391 2055 3492 2126 qui
3528 2053 3759 2125 magnis

2101 2149 2635 2222 pollicitationibus
2666 2149 2720 2204 ei
2754 2146 3184 2220 persuaderent
3212 2150 3278 2200 ut
3305 2143 3397 2200 vel
3442 2143 3635 2197 vivum
3656 2142 3760 2196 Ju-

2100 2239 2428 2295 stinianum
2462 2239 2553 2294 vel
2610 2243 2788 2309 caput
2833 2237 2969 2292 euasi
3002 2234 3113 2291 sibi
3174 2234 3455 2289 mitteret.
3488 2230 3761 2288 Assensit

2098 2332 2429 2404 Chaganus.
2456 2330 2736 2401 misitque
2768 2328 3065 2387 custodes.
3098 2325 3185 2381 uti
3204 2324 3545 2385 simulabat,
3576 2322 3760 2378 Justi-

2099 2419 2301 2487 niano,
2334 2419 2434 2490 qui
2469 2435 2603 2474 eum
2635 2435 2671 2473 a
2702 2415 3089 2489 popularibus
3120 2414 3244 2469 suis
3275 2419 3466 2469 tutum
3500 2415 3756 2483 praesta-

2096 2515 2255 2564 rent.
2315 2506 2687 2563 Mandaverat
2716 2513 2915 2563 autem
2964 2505 3039 2560 iis
3070 2510 3138 2558 ut
3191 2502 3610 2559 Justinianum.
3636 2515 3755 2570 quo

2092 2604 2365 2671 tempore
2386 2596 2720 2669 idjuberet,
2746 2596 3150 2651 interﬁcerent
3191 2594 3325 2647 Hmc
3346 2607 3480 2646 cum
3493 2589 3752 2644 famulus

2096 2691 2355 2763 Chagani
2401 2688 2722 2744 Theodoraa
2759 2686 3111 2759 aperuisset,
3151 2683 3522 2740 Justinianus
3564 2679 3637 2736 ab
3683 2694 3756 2735 ea

2096 2780 2314 2835 certior
2353 2780 2542 2834 factus
2593 2776 2869 2832 custodes
2909 2791 2944 2829 a
2974 2775 3246 2846 Chagano
3298 2772 3510 2826 missos
3562 2767 3639 2824 ad
3687 2784 3751 2825 se

2094 2878 2264 2926 vocat
2308 2877 2485 2940 atque
2543 2866 2844 2935 interﬁcit,
2904 2866 3225 2936 statimque
3273 2862 3640 2919 Theodoram
3690 2860 3752 2915 in

2096 2961 2433 3016 Chazariam
2460 2959 2732 3015 remittit.
2747 2958 2872 3029 Ipse
2903 2956 3301 3027 Phanagorma
3319 2952 3661 3025 profugiens
3678 2950 3753 3005 ad

2094 3050 2319 3118 fauces,
2343 3056 2519 3121 atque
2543 3049 2680 3103 inde
2704 3062 3029 3103 conscenso
3053 3045 3283 3116 navigio
3307 3042 3380 3098 ad
3411 3039 3753 3114 Symbolum

2094 3140 2258 3195 venit
2286 3156 2468 3211 prope
2498 3139 2880 3194 Chersonem.
2924 3140 3106 3206 Atque
3137 3150 3205 3189 eo
3239 3131 3392 3188 clam
3414 3130 3612 3186 missis
3641 3128 3756 3184 mi-

2099 3231 2302 3285 nistris
2321 3228 2741 3285 Basbacurium
2765 3231 2824 3281 et
2843 3225 3086 3280 fratrem
3113 3224 3243 3294 ejus
3261 3220 3751 3292 Stephanumque

2096 3325 2150 3374 et
2175 3318 2603 3390 Metropaulum
2625 3316 2699 3373 ad
2722 3332 2783 3370 se
2808 3313 3083 3370 evocavit.
3104 3312 3249 3368 Cum
3275 3311 3366 3365 his
3391 3308 3752 3380 abnavigans

2094 3409 2397 3481 speculam
2429 3407 2924 3468 Chersonensem,
2946 3401 3269 3474 Necropyla
3298 3405 3359 3455 et
3387 3398 3540 3454 ostia
3559 3398 3747 3452 Dana—

2092 3500 2291 3570 prium
2321 3504 2497 3569 atque
2522 3496 2902 3552 Danastrium
2933 3492 3285 3549 evasit.0rta
3304 3495 3500 3546 autem
3527 3494 3641 3543 tem
3654 3504 3751 3558 pe-

2094 3594 2266 3654 state,
2308 3605 2444 3645 cum
2505 3586 2577 3642 de
2635 3586 2826 3641 salute
2886 3600 2993 3639 sua
3040 3597 3248 3637 omnes
3307 3578 3746 3650 desperassent,

2093 3679 2321 3748 Myaces
2366 3676 2788 3745 Justinianum,
2839 3673 3011 3745 cujus
3064 3674 3190 3726 erat
3237 3667 3618 3728 domesticus,
3672 3665 3757 3720 ita

2094 3767 2416 3839 compellat
2438 3783 2451 3821 :
2479 3764 3242 3834 Cernis,domine,mortem
3262 3757 3434 3814 nobis
3451 3754 3758 3828 impende-

2095 3860 2336 3914 re.Vove
2364 3858 2563 3927 itaque
2588 3857 2704 3911 Deo
2730 3859 2807 3922 te,
2831 3853 2880 3909 si
2912 3854 3067 3908 Deus
3098 3850 3204 3905 tibi
3243 3848 3520 3903 restituat
3561 3845 3757 3916 impe-

2094 3947 2270 4009 rium,
2332 3945 2561 4001 inimici
2608 3943 2858 4015 injurias
2905 3958 3029 3997 non
3075 3940 3366 3995 ulturum.
3430 3931 3758 4006 Respondit

2092 4035 2461 4091 Justinianus
2493 4034 2644 4088 irato
2671 4033 2874 4088 animo
2900 4048 2913 4084 :
2938 4030 3045 4085 Hic
3076 4045 3171 4083 me
3202 4028 3356 4082 Deus
3389 4024 3753 4096 submergat,

2094 4127 2143 4182 si
2176 4125 2283 4181 ulli
2306 4124 2683 4179 inimicorum
2711 4136 2996 4193 parsurus
3019 4114 3752 4183 sum.Proindeingressus

2094 4212 2756 4282 Danubium,Stephauo
2779 4209 2855 4265 ad
2873 4206 3148 4264 Terbelin
3184 4204 3570 4277 Bulgarorum
3597 4200 3751 4256 780

2094 4305 2428 4377 principem
2455 4303 2637 4357 misso
2657 4297 2943 4355 auxilium
2969 4296 3041 4353 ab
3073 4312 3142 4351 eo
3165 4292 3237 4349 ad
3270 4289 3749 4363 recuperandum

2095 4395 2314 4451 avitum
2338 4391 2655 4464 imperium
2682 4388 3123 4462 ﬁagitat,eoque
3146 4382 3390 4439 nomine
3407 4396 3538 4436 cum
3561 4378 3751 4434 multa

2095 4485 2292 4552 doma,
2329 4490 2450 4538 tum
2492 4481 2677 4536 ﬁliam
2711 4495 2878 4534 suam
2911 4494 2972 4532 se
3013 4475 3066 4531 ei
3099 4477 3349 4546 nuptum
3389 4469 3751 4525 traditurum

2096 4575 2427 4647 pollicetur.
2479 4570 2736 4627 Terbelis
2779 4567 2980 4624 omnia
3038 4582 3100 4622 se
3156 4565 3452 4620 facturum
3502 4558 3749 4633 juravit,

2096 4681 2391 4736 omneque
2439 4662 2822 4733 Bulgarorum
2856 4668 2915 4714 et
2952 4657 3258 4712 Slavorum
3303 4650 3751 4708 multitudinem

2094 4756 2363 4813 armavit.
2398 4755 2543 4809 Cum
2575 4753 2669 4808 his
2714 4749 3085 4806 Justinianus
3123 4744 3198 4802 ad
3242 4744 3450 4817 Cpolin
3470 4743 3649 4805 venit,
3683 4758 3753 4798 ac

2091 4853 2286 4903 castra
2315 4862 2350 4901 a
2369 4844 2594 4900 Charsii
2630 4846 2801 4914 porta
2828 4839 2903 4896 ad
2923 4837 3280 4894 Blachernas
3308 4849 3499 4906 usque
3530 4832 3749 4906 posuit.

2091 4936 2369 4993 Triduum
2390 4950 2528 4991 eum
2550 4929 2863 5004 oppidanis
2882 4928 3083 4983 habito
3117 4926 3439 4996 colloquio.
3470 4939 3606 4979 cum
3630 4938 3751 4977 ma-

2092 5027 2179 5099 gis
2206 5023 2511 5097 magisque
2541 5019 2919 5078 contumeliis
2947 5012 3541 5086 afﬁiceretur,paucis
3563 5012 3747 5081 stipa-

2092 5122 2186 5170 tus
2234 5112 2536 5177 Romanis,
2571 5126 2674 5183 per
2720 5108 3139 5181 aqua'ductum
3171 5105 3232 5160 in
3280 5102 3491 5158 urbem
3540 5099 3748 5167 evasit,

2092 5221 2281 5276 eoque
2300 5203 2566 5275 perfosso
2596 5218 2731 5256 mox
2758 5201 2819 5255 in
2844 5198 3062 5272 palatio
3098 5190 3521 5250 Blachernensi
3553 5194 3747 5244 tento-

2092 5294 2248 5350 rium
2295 5292 2512 5365 posuit.
2545 5292 2626 5346 Eo
2657 5289 2911 5361 cognito.
2954 5284 3300 5359 Apsimarus
3349 5294 3485 5336 cum
3534 5292 3752 5351 magna

1530 5418 1894 5475 XYLANDRI
1932 5421 2019 5476 ΕΤ
2059 5421 2278 5477 GOARl
2318 5420 2538 5475 ΝΟΤλΕ.

402 5523 514 5608 (ἐᾷ)
565 5529 805 5587 Chazari
862 5530 1068 5603 populi
1129 5537 1269 5608 sunt
1306 5535 1480 5605 juxta
1536 5536 1870 5593 Danubium
1930 5545 1988 5595 et

332 5598 696 5680 Patzinnacas.
723 5598 1016 5680 ΔᾳιιοιηιὶῐιΔ
1076 5598 1353 5680 princeps
1397 5608 1679 5674 rhaganus
1736 5617 1795 5665 et
1846 5612 1989 5680 pech

329 5669 682 5757 appellatur.
713 5669 1147 5757 genistantinus‘
1168 5669 1481 5757 Dejdmiu.
1503 5669 1650 5752 'i'mp.
1679 5699 1729 5738 ο.
1762 5669 1896 5741 XLIII.
1928 5682 1989 5739 Ὀ

332 5742 439 5816 γὰρ
468 5742 713 5817 Χαγάνος
742 5744 941 5807 ἐκεῖνος
971 5746 1062 5802 καὶ
1091 5746 1204 5823 πὶχ
1231 5749 1530 5825 Χαζαρίας.
1573 5742 1746 5810 Gen.

2166 5539 2280 5609 (27)
2312 5534 2639 5620 ‘bayoupi'zv.’
2688 5534 2845 5620 male
2876 5530 3196 5620 legebatur.
3228 5531 3288 5582 et
3328 5524 3552 5620 meliori:
3572 5522 3750 5620 lectio

2098 5596 2278 5693 supra
2308 5596 2529 5693 scripta
2560 5613 2668 5663 est.
2712 5606 2861 5662 Urbs
2891 5596 2981 5659 est
3010 5601 3083 5658 ad
3121 5601 3447 5672 Bosporum
3494 5596 3752 5651 Cimme-

2097 5680 2273 5738 rium.
2306 5680 2443 5739 XVL.
