4120 6418
339 414 458 474 855

1731 407 2050 472 GEORGII
2099 408 2442 471 CEDRENI

3649 409 3772 472 856

336 546 392 602 vi
424 548 692 619 pecuniaa
738 548 1232 622 Appolloniadem
1287 547 1565 620 profugit.
1625 547 1990 603 Justinianus

2111 541 2331 617 μᾶλλον
2393 536 2663 618 ὑϐρίζετο.
2721 544 2783 601 Ὁ
2832 541 2889 599 δὲ
2945 543 3325 609 Ἰουστινιανδς
3396 545 3513 619 μετ’
3551 543 3768 621 ὀλίγων

337 636 422 692 ita
450 637 769 710 imperium
801 639 1190 711 recuperavit,
1250 638 1587 709 patriarcha
1617 636 1782 692 urbis
1812 636 1991 692 Galli-

336 742 495 784 11100.

2099 633 2393 706 ⁸Ρωμαίων
2427 630 2518 688 διὰ
2559 637 2657 688 τοῦ
2710 634 2931 711 ἀγωγοῦ
2990 632 3256 705 εἰσῆλθεν
3296 636 3373 700 εἷς
3426 636 3527 705 τήν
3580 634 3766 704 πόλιν,

2101 719 2190 777 καί
2232 717 2465 797 θόρυϐον
2497 722 2807 800 ἀνασκαφῆς
2863 722 3049 798 βαλὼν
3105 726 3245 799 πρὸς
3304 723 3486 799 βραχὺ
3518 721 3768 794 ἐσκήνω-

334 780 425 868 σεν
561 820 641 889 τῷ
699 816 949 890 παλατίῳ
1002 780 1355 892 Βλιαχερνῶν.
1416 819 1592 891 Ὅπερ
1660 812 1849 889 μαθὼν
1903 812 2213 886 Ἀψίμαρος
2273 780 2450 889 αρυγάς
2516 810 2593 874 εἰς
2649 780 2828 870 Ἀπολ
2850 780 3101 868 λωνιάδα
3152 780 3269 887 Ι(ἓθ)
3306 780 3571 892 ιάφίέετο,
3618 780 3769 890 ἀγων

337 913 455 986 μεθ’
513 913 704 968 ἑαυτοῦ
764 916 1032 990 χρήματα
1090 913 1405 990 πάμπολλα
1439 956 1452 969 .
1512 910 1895 974 Ἰουστινιανὸς
1957 907 2014 965 δὲ
2073 905 2315 965 ἀπέλαϐε
2373 911 2473 980 τήν
2538 909 2849 987 βασιλείαν.
2910 913 3013 969 Τὸν
3075 909 3132 967 δὲ
3187 918 3289 983 τῆς
3356 912 3769 988 ἀρχιερωσύνης

333 1011 523 1084 θρόνον
551 1017 775 1087 κατεῖχε
805 1010 1161 1075 Καλλίνικος.

401 1103 1034 1176 Justinianus,recepto
1052 1105 1302 1178 imperio
1314 1104 1452 1177 ,poti
1464 1109 1554 1160 tus
1570 1108 1659 1159 est
1675 1119 1779 1176 per
1799 1117 1989 1158 annos

332 1195 384 1249 6.
417 1193 472 1248 Is
492 1192 786 1249 Terhelim
815 1194 990 1249 donis
1022 1194 1227 1250 multis
1248 1212 1317 1250 ac
1344 1195 1508 1266 regia
1544 1191 1913 1264 supellectile
1934 1195 1992 1244 et

330 1287 499 1355 parte
517 1282 760 1339 ditionis
782 1285 1084 1354 Romanae,
1111 1301 1179 1340 ea
1208 1284 1301 1339 cui
1320 1301 1483 1339 nunc
1509 1282 1751 1355 Zagoria
1772 1297 1989 1336 nomen

332 1378 865 1442 est,remuneratus
883 1374 1129 1445 pacifice
1152 1373 1395 1429 dimisit.
1420 1372 1768 1444 Apsimarus
1790 1375 1988 1425 autem

327 1462 720 1533 Apolloniade
754 1479 827 1517 ex
858 1462 994 1535 fuga
1052 1463 1125 1517 ad
1179 1463 1578 1519 Iustinianum
1639 1460 1987 1525 retrahitur,

327 1554 592 1623 itemque
611 1553 937 1608 exThracia
968 1552 1289 1620 Heraclius,
1314 1569 1448 1609 cum
1473 1552 1604 1607 aliis
1629 1548 1985 1622 quibusdam

327 1643 719 1715 principibus.
755 1644 869 1699 Hos
891 1660 1099 1699 omnes
1130 1644 1192 1699 in
1238 1660 1409 1700 muro
1442 1640 1733 1714 supplicio
1766 1639 1982 1695 aﬂ‘ecit.

2172 1100 2261 1168 [P.
2296 1099 2423 1172 446]
2483 1099 2864 1162 Ἰουστινιανὸς
2914 1100 2977 1155 τὸ
3038 1097 3286 1176 δεύτερον
3343 1098 3437 1171 ἔτη
3492 1106 3553 1165 ς’.
3587 1107 3768 1175 Παρα·

2102 1181 2289 1241 λαϐὼν
2322 1188 2420 1256 τήν
2464 1187 2769 1263 βασιλείαν,
2805 1186 2955 1264 δῶρα
2998 1188 3187 1246 πολλά
3225 1187 3351 1252 δοὺς
3397 1195 3476 1263 τῷ
3533 1184 3768 1265 Τέρϐελι

2098 1275 2190 1330 καὶ
2225 1275 2487 1351 βασιλικά
2544 1276 2707 1349 σκεύη
2768 1278 2857 1332 καὶ
2913 1279 3103 1354 χώραν
3164 1286 3267 1349 τῆς
3317 1280 3606 1352 Ῥωμαίων
3661 1287 3765 1354 γῆς

2097 1365 2272 1440 κόψας
2301 1365 2487 1421 τὰνῦν
2543 1364 2818 1442 λεγόμενα
2878 1370 3135 1444 Ζαγὸρια,
3190 1368 3455 1425 ἀπέλυσεν
3518 1368 3677 1424 αὑτὸν
3709 1369 3765 1424 ἐν

2099 1454 2310 1530 εἰρήνῃ,
2350 1454 2657 1533 Ἀψίμαρος
2691 1454 2748 1512 δὲ
2801 1457 2989 1536 φυγὼν
3021 1457 3096 1521 εἲς
3156 1456 3575 1516 Ἀπολλωνιάδα
3634 1456 3771 1514 συλ-

2099 1539 2439 1618 λαμϐάνεται
2472 1546 2560 1601 καὶ
2624 1548 2761 1622 πρὸς
2831 1548 3207 1604 Ἰουστινιανὸν
3266 1548 3474 1625 ἄγεται,
3509 1548 3770 1611 ὡσαύτως

2099 1629 2283 1688 δὲκαὶ
2337 1631 2665 1710 Ἡράκλειος
2722 1636 2833 1692 ἀπὸ
2889 1636 3103 1711 Θρᾷκης
3167 1638 3301 1711 μετά
3354 1660 3517 1694 τινων
3575 1639 3775 1713 ἑτέρων

328 1732 600 1787 Dimissis
631 1734 808 1788 etiam
839 1751 945 1806 per
963 1734 1401 1790 mediterranea
1420 1731 1710 1788 ministris
1731 1728 1987 1801 amplius

2103 1723 2400 1799 ἀρχόντων·
2434 1724 2525 1779 καὶ
2556 1723 2608 1779 ἐν
2645 1723 2724 1798 τῷ
2761 1726 2937 1802 τείχει
2994 1726 3197 1789 πάντας
3259 1725 3580 1806 ἰφοῦλκισεν
3622 1729 3764 1801 (29).

331 1822 611 1878 trecentis
642 1828 907 1895 repertos
950 1840 1157 1879 eorum
1226 1825 1417 1879 socios
1465 1838 1673 1877 omnes
1729 1818 1980 1875 necavit.

328 1912 732 1985 Apsimatrum
755 1930 890 1969 vero
914 1918 972 1967 et
993 1913 1297 1968 Leontium
1320 1913 1545 1967 vinctos
1563 1928 1669 1983 per
1688 1910 1897 1965 urbem
1921 1908 1981 1962 in

328 2018 548 2073 pompa
567 2001 766 2071 duxit;
828 2002 986 2073 iique
1046 2002 1204 2057 ludis
1255 2000 1634 2058 Circensibus
1682 1999 1860 2053 vincti
1909 1995 1983 2053 ad

328 2090 509 2162 pedes
540 2092 917 2165 imperatoris
947 2092 1197 2164 projecti
1230 2098 1386 2150 sunt.
1420 2093 1683 2156 Quorum
1715 2106 1849 2144 cum
1882 2087 1980 2142 hic

329 2181 585 2236 cervices
645 2183 922 2250 calcaret,
976 2181 1117 2237 781
1171 2182 1463 2252 tantisper
1520 2179 1661 2235 dum
1717 2179 1977 2250 primum

325 2269 528 2325 baium
560 2272 917 2336 mitteretur,
940 2270 1288 2326 acclamavit
1309 2268 1567 2342 populus
1591 2285 1603 2322 :
1624 2269 1812 2339 Super
1832 2266 1982 2338 aspi-

327 2359 463 2415 dem
498 2365 555 2414 et
577 2360 921 2416 basiliscum
940 2359 1295 2427 ambulabis,
1329 2375 1397 2415 ac
1428 2358 1679 2429 reliqua.
1714 2356 1857 2411 Inde
1882 2373 1980 2412 eos

324 2449 388 2504 in
419 2450 740 2522 Cynegium
764 2450 979 2505 missos
992 2450 1182 2521 capite
1208 2449 1467 2504 truncari
1484 2446 1981 2520 jussit.Callinico

326 2539 679 2612 patriarchae
710 2539 912 2595 oculos
947 2541 1125 2608 eruit,
1153 2556 1410 2611 eumque
1442 2539 1525 2594 ita
1553 2541 1801 2595 Romam
1826 2537 1981 2592 rele-

325 2629 498 2702 gavit.
540 2629 948 2684 Patriarcham
983 2645 1116 2684 vero
1150 2629 1347 2700 Cpolis
1404 2628 1713 2685 constituit
1742 2628 1980 2700 Cyrum,

328 2718 428 2788 qui
462 2718 523 2772 in
556 2719 908 2774 Amastridis
928 2719 1125 2775 insula
1143 2720 1470 2775 monachus
1488 2716 1864 2789 fuerat,quod
1886 2717 1981 2773 hic

325 2807 438 2862 sibi
471 2809 988 2880 recuperationem
1022 2808 1257 2880 imperii
1289 2808 1679 2880 praedixisset.
1701 2809 1983 2861 Innume-

320 2912 450 2951 ram
478 2913 652 2969 porro
685 2914 819 2952 cum
852 2897 1070 2952 civium
1095 2903 1221 2952 tum
1253 2897 1513 2952 militum
1533 2895 1981 2952 multitudinem

320 2984 655 3054 interfecit;
690 2986 1078 3057 quamobrem
1138 3002 1387 3059 magnus
1446 3003 1656 3041 omnes
1686 3001 1866 3057 pavor
1893 2984 1982 3039 in-

321 3073 473 3129 vasit
517 3074 671 3129 Misit
701 3075 879 3131 etiam
914 3074 1165 3131 classem
1223 3075 1296 3130 ad
1346 3075 1737 3131 revocandam
1770 3090 1799 3129 e
1832 3074 1982 3129 Cha-

324 3164 483 3219 zaria
541 3181 823 3232 uxorem;
875 3164 946 3220 de
997 3182 1114 3237 qua
1171 3165 1373 3220 multm
1430 3181 1611 3221 naves
1671 3180 1791 3219 una
1846 3180 1981 3219 cum

327 3253 664 3308 vectoribus
694 3254 1021 3325 perierunt.
1058 3253 1221 3320 Quod
1245 3270 1379 3310 cum
1411 3254 1810 3309 intellexisset
1838 3252 1990 3308 Cha-

330 3359 561 3417 ganus,
613 3344 737 3399 haec
794 3342 869 3399 ad
930 3360 1067 3399 eum
1131 3344 1457 3399 mandare:
1521 3345 1724 3411 Fatue,
1787 3358 1991 3396 nonne

330 3430 562 3487 duabus
593 3431 853 3487 tribusve
885 3431 1132 3487 navibus
1174 3432 1373 3487 missis
1404 3447 1651 3487 uxorem
1700 3436 1863 3485 tuam
1897 3445 1994 3483 re-

324 3526 527 3591 petere
559 3526 817 3591 poteras,
871 3526 1186 3591 tantarque
1234 3520 1638 3575 multitudinis
1682 3519 1861 3574 exitio
1897 3535 1993 3573 ca-

331 3625 467 3664 rere
498 3608 526 3662 ?
555 3610 709 3663 Num
742 3610 896 3663 hanc
928 3624 1164 3679 quoque
1201 3608 1355 3662 bello
1390 3615 1445 3663 te
1478 3608 1739 3679 recipere
1773 3614 1945 3678 putas
1968 3607 1997 3662 ‘I

332 3699 420 3752 En
454 3701 511 3752 et
536 3697 694 3751 filius
714 3696 820 3751 tibi
854 3702 1028 3751 natus
1061 3702 1167 3752 est.
1202 3698 1363 3751 Mitte
1393 3697 1494 3768 qui
1529 3713 1628 3753 eos
1661 3696 1992 3752 traducant.

336 3786 491 3842 Misit
523 3802 660 3858 ergo
718 3785 1088 3841 Justinianus
1147 3785 1471 3841 adductum
1528 3786 1896 3842 Theodoram
1938 3791 1996 3841 et

342 3876 530 3934 lilium
563 3876 690 3949 ejus
722 3876 1044 3945 Tiberium,
1078 3882 1255 3948 atque
1286 3876 1521 3948 utrique
1573 3892 1855 3933 coronam
1882 3877 1998 3932 im-

338 3966 557 4039 posuit.

406 4059 579 4114 Anno
622 4057 795 4113 tertio
841 4057 1212 4114 Justinianus
1257 4072 1463 4131 pacem
1497 4075 1628 4130 quas
1659 4062 1786 4113 erat
1842 4057 2000 4112 inter

339 4147 635 4202 Romanos
666 4162 733 4201 ac
766 4146 1049 4220 Bulgaros
1081 4147 1287 4219 rupit;
1314 4147 1697 4219 trajectisque
1729 4146 1790 4200 in
1821 4146 1998 4200 Thra-

342 4236 496 4291 ciam
536 4235 912 4308 equestribus
944 4237 1175 4308 copiiis,
1220 4237 1410 4292 classe
1440 4236 1618 4292 etiam
1652 4239 1898 4291 armata.
1934 4234 1997 4288 in

339 4325 634 4382 Terbelim
666 4327 966 4398 profectus
1024 4331 1132 4394 est,
1183 4332 1470 4398 occupata
1521 4325 1833 4381 Anchialo.
1865 4322 1997 4379 Bul—

341 4415 466 4487 gari
512 4421 712 4471 autem
760 4432 895 4470 cum
939 4416 1238 4471 Romanos
1269 4421 1460 4471 castra
1504 4416 1739 4471 incaute
1769 4414 1997 4469 locasse

2094 1813 2451 1878 Ἀποστείλας
2477 1812 2534 1869 δὲ
2564 1815 2653 1870 καὶ
2714 1816 2791 1879 εἷς
2848 1817 2914 1871 τὰ
2966 1817 3221 1893 μεσόγεια
3276 1817 3473 1887 πάντα,
3531 1816 3763 1881 πλείους

2091 1902 2144 1976 ἐξ
2177 1905 2350 1960 αὐτῶν
2402 1905 2577 1981 εὑρὼν
2635 1902 2741 1968 ἓως
2788 1908 3139 1982 τριακοσίων,
3197 1909 3396 1971 πάντας
3452 1909 3756 1970 ἀπέκτεινε.

2089 1995 2196 2052 Τὸν
2250 1992 2308 2050 δὲ
2357 1995 2661 2071 ’Δψίμαρον
2693 1996 2784 2052 καὶ
2848 1998 2942 2051 τὸν
3006 1997 3261 2053 Λεόντιον
3315 1999 3637 2073 πομπεύσας
3667 1995 3760 2055 δε-

2092 2081 2351 2157 δεμένους
2415 2083 2466 2138 ἐν
2527 2087 2595 2160 τῇ
2650 2084 2854 2157 πόλει,
2906 2086 3135 2143 ἱππικοῦ
3192 2089 3486 2165 γενομένου
3540 2087 3752 2167 ἤγαγον

2092 2170 2411 2247 δεδεμένους
2438 2174 2529 2229 καὶ
2588 2172 2811 2252 ἔρριψαν
2874 2178 2951 2240 εἰς
3008 2176 3137 2239 τοὺς
3189 2175 3361 2242 πόδας
3418 2177 3758 2235 (16106.net-

2088 2266 2355 2335 τήσαντος
2387 2262 2443 2320 δὲ
2495 2266 2572 2328 sic
2631 2266 2760 2329 τοὺς
2814 2270 3137 2343 τραχήλους
3204 2268 3381 2325 αὐτῶν
3414 2268 3580 2345 ἄχρις
3609 2271 3750 2324 ἀπο-

2093 2353 2305 2417 λύσεως
2335 2358 2431 2409 τοῦ
2458 2356 2681 2431 πρώτου
2733 2357 2891 2432 βαῖου
2955 2360 3067 2429 (30)
3098 2353 3302 2413 ἐπεϐόα
3333 2359 3361 2413 ὁ
3393 2356 3596 2432 δῆμος·
3630 2360 3760 2416 Ἐπὶ

2095 2439 2296 2497 ἀσπίδα
2352 2442 2442 2498 καὶ
2499 2442 2819 2519 βασιλίσκον
2875 2441 3141 2522 ἐπιϐήσῃ,
3174 2448 3262 2502 καὶ
3323 2448 3392 2502 τὰ
3448 2448 3591 2519 ἑξῆς.
3656 2448 3760 2505 Καὶ

2091 2530 2422 2595 ἀποστείλας
2485 2531 2683 2595 αὐτοὺς
2744 2530 2797 2588 ἔν
2875 2533 2954 2608 τῷ
3020 2535 3281 2612 Κυνηγίῳ
3368 2535 3761 2615 ἀπεκεφάλισε.

2093 2617 2424 2677 Καλλίνικον
2481 2618 2537 2677 δὲ
2595 2622 2689 2676 τὸν
2748 2623 3098 2703 πατριάρχης)
3160 2623 3516 2697 ἐκτυφλώσας
3581 2625 3633 2681 ἐν
3691 2630 3765 2691 τῆ

2090 2709 2282 2784 Ῥώμῃ
2345 2709 2614 2786 ἐξώρισεν.
2679 2713 2766 2767 Ἐν
2823 2714 3393 2771 Κιονσταντινουπόλει
3456 2712 3521 2770 δὲ
3579 2720 3761 2790 Κῦρον

2090 2799 2183 2854 τὸν
2217 2797 2271 2853 ἐν
2303 2803 2371 2874 τῇ
2427 2802 2579 2873 νήσῳ
2635 2800 2959 2875 Ἀμάστριδι
3020 2800 3351 2878 ἔγκλειστον,
3406 2803 3481 2867 ὠς
3548 2825 3763 2880 προση-

2095 2888 2334 2962 μάναντα
2366 2887 2514 2961 αὖτῷ
2570 2891 2671 2958 τήν
2730 2898 2830 2961 τῆς
2889 2888 3142 2967 δευτέρας
3206 2893 3485 2969 βασ;λείας
3546 2896 3763 2950 ἀποκα-

2088 2978 2367 3046 τάστασιν,
2426 2980 2777 3056 πατριάρχην
2839 2976 3202 3056 προεϐάλετο.
3266 2983 3666 3059 Ἀναρίθμητον
3700 2982 3760 3041 δὲ

2092 3067 2305 3138 πλῆθος
2352 3063 2412 3123 ἔκ
2462 3089 2519 3124 τε
2566 3073 2663 3124 τοῦ
2721 3068 3014 3126 πολιτικοῦ
3070 3071 3159 3127 καὶ
3206 3077 3304 3128 τοῦ
3363 3080 3759 3150 στρατιωτικοῦ

2095 3155 2407 3232 καταλόγου
2440 3155 2742 3214 ἀπώλεσεν.
2806 3158 3077 3214 Ἐντεῦθεν
3138 3154 3307 3238 φόϐος
3340 3159 3509 3237 μέγας
3543 3168 3762 3239 συνεῖχε

2094 3246 2315 3309 πάντας.
2354 3246 2669 3303 Ἀπέστειλε
2720 3245 2777 3302 δὲ
2836 3246 3036 3304 στόλον
3092 3250 3231 3323 πρὸς
3281 3252 3344 3306 τὸ
3403 3251 3625 3329 ἀγαγεῖν
3656 3256 3761 3324 τὴν

2096 3340 2327 3412 γυναῖκα
2356 3333 2520 3389 αὐτοῦ
2576 3333 2684 3390 ἀπὸ
2740 3336 3039 3411 Χαζαρίας,
3098 3338 3190 3393 καὶ
3248 3337 3436 3395 πολλὰ
3494 3340 3765 3417 σῦμψυχα

2097 3422 2407 3479 ἀπώλοντο.
2462 3423 2725 3486 ’Δκοῦσας
2760 3422 2816 3479 δὲ
2865 3429 3029 3480 τοῦτο
3090 3426 3333 3503 Χαγάνος
3393 3426 3560 3500 δηλοῖ
3590 3430 3761 3503 αὐτῷ·

2096 3517 2165 3567 Ὠ
2194 3512 2415 3583 ἀνόητε,
2449 3509 2549 3567 οὒκ
2578 3512 2644 3581 ἦν
2694 3510 2784 3568 διά
2837 3510 2933 3569 δῦο
2992 3514 3026 3584 ἢ
3082 3521 3250 3591 τριῶν
3306 3516 3519 3573 πλοίων
3576 3514 3767 3574 λαϐεῖν

2101 3623 2199 3657 σου
2228 3603 2327 3671 τήν
2360 3612 2607 3677 γυναῖκα·
2640 3603 2731 3657 καὶ
2766 3606 2842 3675 μὴ
2891 3602 3155 3660 ἀπολέσαι
3204 3612 3461 3662 τοσοῦτον
3497 3606 3711 3679 πλῆθος
3749 3629 3764 3679 ;

2101 3693 2172 3747 Ἦ
2204 3689 2382 3754 δοκεῖς
2427 3693 2511 3747 δτι
2562 3693 2651 3747 καὶ
2684 3693 2888 3765 ταύτην
2947 3684 3191 3769 πολέμῳ.
3237 3692 3537 3771 λαμϐανεις
3572 3719 3586 3768 ;
3621 3698 3765 3756 Ἰδοὺ

2102 3782 2303 3857 ἐτέχθη
2338 3802 2422 3836 σοι
2459 3782 2549 3837 καὶ
2578 3782 2715 3851 υἱὸς,
2748 3783 2836 3838 καὶ
2897 3781 3225 3839 ἀπόστειλον
3284 3782 3471 3843 λαϐεῖν
3540 3788 3764 3851 αὐτούς,

2102 3872 2204 3930 Καὶ
2257 3870 2581 3934 ἀποστείλας
2633 3870 2808 3949 ἤγαγε
2863 3875 2964 3944 τήν
3021 3872 3302 3951 Θεοδώραν
3362 3879 3454 3933 καὶ
3508 3873 3762 3956 Τιϐέριον

2102 3962 2194 4018 τὸν
2228 3961 2342 4016 υἱὸν
2373 3961 2562 4032 αὐτοῦ,
2595 3962 2684 4016 καὶ
2718 3961 2933 4036 ἔστεψεν
2966 3963 3181 4027 αὐτούς.

2172 4051 2255 4106 Τν-
2356 4051 2367 4067 ι
2434 4046 2458 4066 υ
2597 4055 2609 4077 ,
2923 4052 2937 4071 ε
3080 4054 3092 4071 ι
3382 4056 3392 4072 ι
3465 4059 3480 4076 ο
3707 4059 3719 4079 ι

2215 4073 2261 4124 ῳ
2319 4073 2353 4127 γ
2432 4071 2538 4106 ετει
2614 4055 2975 4114 Ιουστινιανος
3032 4074 3132 4123 την
3214 4057 3409 4129 μεταξυ
3482 4058 3766 4133 Ρωμαίων

2102 4140 2192 4196 καὶ
2254 4137 2584 4215 Βουλγάρων
2646 4139 2867 4216 εἰρήνην
2922 4139 3244 4219 διέστρεψε,
3295 4146 3383 4201 καὶ
3434 4147 3766 4226 διαπεράσας

2102 4232 2171 4287 τὰ
2199 4226 2588 4307 καϐαλλαρικᾶ
2640 4230 2848 4303 θέματα
2887 4230 2963 4295 εἷς
3019 4233 3118 4302 τὴν
3180 4235 3419 4310 Θρᾴκην,
3480 4235 3771 4308 ἐξοπλίσας

2103 4320 2193 4376 καὶ
2226 4318 2444 4389 στόλον,
2473 4319 2608 4375 κατὰ
2654 4323 2752 4373 τοῦ
2809 4316 3047 4389 Τέρϐελι
3100 4320 3375 4402 ἐχώρησε,
3433 4322 3768 4386 καταλαϐὼν

2104 4406 2558 4485 τὴν“Αγχιάλον.
2615 4408 2711 4463 Καὶ
2769 4406 3097 4487 ἂαυλάκτως
3145 4417 3241 4467 τοῦ
3300 4421 3532 4489 στρατοῦ
3591 4417 3772 4489 ἀπλη-

342 4504 631 4577 nulloque
662 4504 872 4559 ordine
907 4506 1159 4576 sparsim
1182 4505 1373 4577 vagari
1406 4509 1739 4574 cernerent,
1773 4504 1990 4575 impetu

2108 4500 2419 4566 κεῦσαντος,
2456 4498 2531 4559 ὡς
2565 4495 2703 4553 εἶδον
2747 4497 2906 4554 αὐτὸν
2954 4500 3007 4554 οἱ
3068 4500 3377 4579 Βούλγαροι
3427 4506 3774 4574 ἀσυντάκτως

342 4594 498 4650 facto
538 4611 811 4668 magnam
844 4594 1067 4651 caedem
1128 4594 1462 4663 ediderunt,
1512 4595 1853 4667 multosque
1902 4610 1997 4650 ca-

2110 4586 2651 4664 διασκορπιζόμενον,
2684 4586 3063 4665 ἐπιρῥίψαντες
3122 4591 3344 4665 πολλὴν
3381 4595 3768 4672 αἰχμαλωσίαν

1551 4710 1915 4766 XYLANDRI
1954 4709 2043 4766 ET
2084 4708 2303 4766 GOARI
2344 4708 2566 4764 NOTIE.

415 4837 774 4965 (2?)é1rhem
813 4837 875 4891 in
906 4838 1201 4893 Parnasso
1223 4837 1397 4910 juxta
1425 4838 1704 4911 Delphos.
1738 4839 2000 4912 (Stepha-

415 4927 477 4965 IS.
588 4926 715 4965 om.

344 4926 502 4966 nus.)
539 4926 715 4966 bOAR.

420 4927 477 4965 ιε.
539 4910 715 4966 GOAR.
1536 4910 1553 4911 ί
1863 4910 1881 4912 “

420 4910 531 5060 Ωέ)
561 4981 738 5060 Αριιᾲ
762 4982 1047 5060 Zonaratn
1078 4978 1129 5034 ἐν
1181 4978 1367 5060 ξύλοις
1425 4981 1572 5060 παρα
1628 4987 1724 5039 τοῦ
1760 4981 1998 5060 τείχεσιν

420 5001 531 5050 'ZU)
561 5001 732 5053 Αριια
762 5001 1047 5037 bonarum
1078 5001 1129 5034 εν
1181 5001 1367 5051 ζυΛοις
1425 5003 1571 5060 παρα
1628 5004 1724 5039 του
1760 5001 1863 5039 τει*
1892 5004 1995 5038 εσιν

345 5053 670 5134 ἀπῃώρησε.
704 5055 827 5119 Quo
872 5070 944 5108 ex
1003 5053 1131 5110 loco
1186 5056 1492 5134 conjicere
1540 5057 1731 5123 datur,
1766 5001 1995 5134 90:)ﬂids

348 5127 457 5195 ζειν
497 5143 627 5183 esse
657 5127 719 5181 in
750 5141 987 5181 crucem
1019 5142 1191 5198 agere
1221 5133 1323 5182 aut
1361 5128 1423 5182 in
1466 5129 1734 5186 furcam:
1778 5127 1855 5185 'id
1886 5134 1997 5198 est,

348 5199 505 5271 quod
537 5199 611 5254 de
640 5199 798 5271 ligno
830 5200 1216 5268 suspendere,
1249 5202 1507 5255 hencken.
1542 5203 1685 5256 XvL.

419 5271 532 5343 (30)
566 5271 700 5326 Βάϊα
749 5286 877 5325 esse
923 5287 1141 5343 ramos,
1191 5271 1281 5326 vel
1324 5287 1390 5326 ex
1449 5273 1513 5327 D.
1544 5274 1729 5343 Joan.
1784 5276 1998 5343 Evang.

348 5360 399 5417 ρ.
430 5342 746 5417 '_xu'notum
780 5348 888 5396 est.
910 5342 1068 5417 _Puto
1093 5342 1429 5417 signiﬁcari
1464 5342 1717 5416 primam
1772 5342 2001 5417 partem

347 5412 643 5485 ludorum,
676 5419 734 5469 et
763 5429 841 5469 an
876 5412 1169 5485 singulas
1200 5412 1585 5471 decursio'nes
1643 5412 2001 5472 certantium

349 5483 581 5563 signum
633 5489 815 5563 Ramo
877 5483 1080 5539 datum
1118 5485 1324 5563 fuisse.
1356 5487 1505 5563 ΧΠ..
1535 5518 1605 5529 —-
1635 5489 1795 5563 Finis
1826 5493 1885 5563 et
1915 5487 2000 5563 di-

352 5555 558 5643 missio
591 5561 999 5643 cuju‘scu'nque
1025 5558 1243 5628 operis,
1266 5564 1336 5643 et
1352 5560 1609 5643 maxime
1640 5559 2004 5642 celebritatis

352 5621 620 5683 ἀπόλυσις
653 5621 779 5681 est:
840 5621 989 5696 βα¹ιον
1033 5621 1240 5683 autem
1265 5630 1358 5685 hic
1415 5631 1605 5689 laurea
1636 5639 1742 5695 est,
1798 5631 2003 5687 victori

353 5696 699 5775 certaminis
721 5697 887 5775 data.
910 5700 1002 5754 Ad
1022 5703 1348 5775 completum
1370 5703 1548 5775 igitur
1572 5707 1816 5775 primum
1836 5720 2005 5775 usque

353 5772 637 5823 certamen
666 5767 892 5822 Leontii
923 5776 982 5825 et
1010 5767 1304 5842 Apsimari
1333 5767 1489 5833 colla
1528 5767 1780 5849 pedibus
1809 5767 2006 5837 calca-

2108 4835 2625 4893 batJustinianus.
2689 4836 3002 4910 Indignum
3061 4854 3260 4911 porro,
3293 4841 3395 4912 qui
3443 4860 3769 4917 purpuram

2111 4926 2395 4993 tulerant,
2428 4926 2946 5011 tulerant‘deinde
3003 4929 3361 5011 supplicium
3394 4933 3454 5011 i_n
3486 4935 3683 5011 Circo,
3710 4937 3771 5011 in

2114 5016 2230 5071 quo
2263 5016 2402 5072 non,
2431 5001 2580 5055 adeo
2615 4998 2821 5072 dilata
2872 4998 3220 5072 ignominia,
3282 5005 3538 5061 necdum
3595 4998 3775 5065 editis

2110 5070 2484 5152 spectaculis,
2507 5071 2788 5152 multatos
2810 5070 3111 5152 quondam
3132 5090 3330 5152 servos
3351 5076 3603 5152 legimus
3614 5081 3771 5152 apud

2109 5144 2338 5197 Livium
2372 5143 2411 5199 l.
2444 5159 2482 5197 ιι
2509 5158 2522 5196 :
2554 5145 2782 5216 Servum
2812 5144 3039 5216 quidam
3062 5143 3495 5216 paterfamilias,
3527 5143 3772 5208 nondum

2110 5216 2397 5294 commisso
2426 5214 2756 5294 spectaculo,
2786 5215 2884 5270 sub
2940 5218 3104 5294 fur_ca
3148 5234 3363 5294 cafsum
3420 5214 3602 5277 medio
3652 5242 3778 5294 ege-

2110 5295 2199 5367 rat
2232 5288 2406 5342 Circo.
2431 5286 2977 5367 Apud_Ciceronem
3011 5288 3087 5367 De
3124 5289 3297 5367 divin.
3331 5295 3357 5367 _l
3386 5307 3427 5367 :_
3454 5294 3653 5352 Servus
3677 5286 3782 5367 per

2114 5359 2334 5413 Circum
2383 5374 2507 5413 cum
2558 5359 2739 5433 virgis
2796 5358 3119 5433 caederetur.
3176 5362 3347 5433 Apud
3408 5358 3781 5424 Lactantium

2114 5446 2150 5495 ι,
2184 5433 2263 5508 7__:
2322 5431 2632 5508 {latronin
2677 5431 2955 5508 Μαςιξίηιυε
3011 5431 3420 5508 diverberatum
3465 5439 3573 5508 _sub
3614 5442 3781 5508 furca

2111 5501 2288 5556 medio
2314 5502 2471 5558 Circo
2511 5501 2585 5555 ad
2627 5500 2963 5570 supplicium
2991 5511 3199 5572 egerat.
3256 5506 3343 5561 Ad
3380 5505 3540 5560 Βαίον
3571 5500 3775 5568 redeo.

2119 5572 2369 5663 1ξδλεξιιίιιοῐι
2402 5588 2767 5663 anonymun}
2802 5572 2979 5660 bibl.~
3002 5575 3195 5663 Esaias
3245 5577 3598 5663 vocabulum
3647 5602 3776 5655 πρι-

2116 5636 2276 5711 ϐιςϊον
2302 5636 2645 5721 exponit
2670 5641 2801 5721 ᾧπερ
2831 5650 3013 5721 ξιμῆς
3047 5636 3511 5721 διδόμενονίᾳιιοιί
3549 5636 3776 5712 honoris

2115 5709 2280 5802 causa
2308 5709 2794 5802 dalui'ﬁpnagaiov'.
2825 5709 2979 5773 Sane
3009 5709 3227 5793 πρῶτον
3265 5709 3423 5796 βαῗδν
3447 5741 3568 5781 non
3600 5709 3778 5802 longe

2114 5786 2187 5844 ab
2219 5803 2288 5844 eo
2319 5786 2518 5845 distat.
2544 5786 2727 5847 'GOAa.
