4120 6414
384 422 498 482 857

1526 414 2082 483 HISTORIARUM
2126 415 2279 477 00M
2293 415 2666 480 PENDIUM.

3694 420 3814 480 858

383 555 470 611 καὶ
504 557 672 635 φόνον
712 555 995 628 ἐποίησαν.
1029 557 1091 615 Ὀ
1134 554 1192 613 δὲ
1247 558 1628 621 ’ἰουστινιανὸς
1677 557 1771 613 σὺν
1822 555 2033 628 ὀλίγοις

2154 554 2342 628 ptivos
2374 557 2769 614 abduxerunt.
2822 555 3193 612 Justinianus
3247 573 3383 613 cum
3433 558 3635 630 paucis
3685 561 3813 633 qui-

381 648 524 702 τισὶν
555 646 611 702 ἐν
668 652 750 719 τῷ
805 647 1026 721 κάστεῳ
1075 649 1396 729 καταφυγὼν
1455 649 1543 705 ἐπὶ
1585 648 1764 724 τρισὶν
1810 649 2045 722 ἡμέραις

381 735 670 793 ἀπέκλεισε
698 738 793 803 τὰς
835 738 1022 814 θύρας.
1058 740 1396 813 Θεασάμενος
1462 737 1520 796 δὶ
1555 742 1655 810 τὴν
1700 744 1810 795 τῶν
1864 737 2047 795 Βουλ-

381 826 564 902 γάρων
593 826 894 901 ἰπιμονήν,
939 828 1069 891 τοὺς
1124 826 1334 891 ’ίππους
1390 828 1558 886 αὐτοῦ
1610 830 2042 904 νευροκοπήσας,

382 912 470 971 διὰ
498 923 600 987 τῆς
642 916 834 981 νυκτὸς
892 923 1011 980 τοῖς
1047 916 1271 982 πλοίοις
1324 914 1516 981 ἐπιϐάς
1566 918 1839 994 λαθραίως
1880 911 2044 996 ἔφυγε

378 1009 469 1065 καὶ
504 1009 622 1081 μετ’
652 1008 919 1085 αἰσχύνης
968 1007 1020 1064 ἐν
1072 1014 1142 1085 τῇ
1198 1009 1358 1066 πόλει
1417 1010 1762 1086 παρεγένετο.
1822 1010 2044 1066 Ἰουστι-

378 1099 557 1160 νιανός
588 1096 646 1154 δὲ
676 1097 1031 1173 ἐπιμνησθεὶς
1077 1101 1179 1168 τὴν
1235 1102 1352 1156 κατ’
1409 1100 1577 1156 αότοῦ
1632 1105 1741 1156 τῶν
1796 1100 2041 1175 Χερσωνι

378 1193 488 1245 τῶν
518 1189 610 1244 καὶ
643 1192 1028 1262 Βοσποριανῶν
1077 1191 1168 1245 καί
1228 1189 1438 1246 λοιπῶν
1488 1185 1814 1260 ἐπιϐουλὴν,
1867 1194 2040 1245 πᾶσαν

376 1283 503 1335 ναῦν
535 1281 644 1336 ἀπὸ
676 1280 882 1355 μικροῦ
918 1278 1026 1343 ἓως
1079 1279 1326 1356 μεγάλης
1374 1281 1684 1349 ἀπέστειλε,
1738 1280 2043 1355 προστάξας

374 1369 583 1433 πάντας
609 1369 738 1431 τοὺς
768 1368 1055 1432 οἰκοῦντας
1096 1369 1148 1425 ἐν
1194 1368 1421 1433 ἐκείνοις
1476 1375 1595 1435 τοῖς
1651 1371 1843 1433 τόποις
1902 1370 2039 1447 ξίφει

375 1456 703 1533 ὀλοθρεῦσαι
751 1461 834 1530 [Ρ.
876 1462 1003 1531 44η
1044 1458 1135 1514 καὶ
1180 1457 1388 1533 μηδένα
1449 1460 1796 1537 ζωογονίσαι.
1858 1458 1928 1515 Οἱ
1982 1455 2041 1513 8t

375 1546 707 1625 πεμφθὲντες
751 1543 1175 1619 καταλαϐόντες,
1222 1549 1314 1604 καὶ
1364 1546 1600 1623 μηδενὸς
1649 1547 1840 1610 αὐτοῖς
1893 1547 2039 1604 ἀντι-

377 1637 620 1703 στάντος,
662 1638 865 1698 πάντας
892 1640 975 1710 τῷ
1015 1637 1152 1716 ξίφει
1211 1636 1453 1708 ἀνεῖλον,
1504 1642 1613 1694 τῶν
1673 1640 1884 1714 μικρῶν
1941 1654 2035 1707 νη-

374 1728 515 1781 πίων
547 1726 710 1799 μόνον
741 1726 1061 1801 φεισάμενοι
1111 1727 1187 1789 ὡς
1237 1728 1376 1802 πρὸς
1436 1725 1689 1783 δουλείαν
1738 1746 2036 1800 περιποιη-

373 1809 596 1869 6ἐντων.
650 1816 752 1871 Καὶ
809 1814 940 1877 τοὺς
1006 1815 1103 1887 μὲν
1161 1816 1547 1891 πρωτεύοντας
1585 1818 1877 1892 Χερσῶνος
1941 1803 2037 1891 μβ’

2155 645 2396 702 busdam
2426 649 2487 703 in
2520 655 2781 703 castrum
2814 648 3019 713 evasit,
3046 647 3248 719 ibique
3276 647 3536 703 triduum
3560 640 3811 720 objectis

2156 736 2344 805 portis
2372 752 2435 791 se
2466 736 2782 790 continuit.
2813 735 2929 791 Sed
2961 735 3244 809 Bulgaros
3274 736 3584 792 obsidendi
3633 752 3813 793 causa

2154 841 2532 897 perseverare
2570 826 2719 882 782
2752 825 2981 892 videns,
3016 842 3304 898 equorum
3338 842 3582 882 suorum
3613 828 3814 883 nervis

2154 913 2570 981 incisis,noctu
2593 915 2827 988 navigia
2850 915 3553 988 conseendit,furtimque
3574 915 3813 988 elapsus

2153 1020 2290 1060 cum
2325 1005 2617 1061 dedecore
2647 1005 2891 1061 domum
2924 1005 3121 1062 rediit.
3156 1005 3493 1061 Secundum
3526 1005 3653 1062 haec
3682 1022 3814 1062 me-

2151 1098 2344 1152 moria
2398 1098 2670 1154 recolens
2728 1097 2978 1154 insidias
3036 1098 3148 1154 sibi
3205 1115 3241 1154 a
3295 1098 3808 1154 Chersonensibus

2151 1186 2510 1258 Bosporanis
2560 1187 2815 1258 aliisque
2863 1188 3463 1260 paratas,ladversum
3497 1204 3599 1243 eos
3628 1204 3809 1244 naves

2152 1289 2290 1329 suas
2320 1291 2355 1329 a
2385 1274 2637 1330 minima
2664 1274 2737 1330 ad
2763 1276 3085 1331 maximam
3109 1291 3319 1330 omnes
3342 1275 3808 1337 misit.mandato

2149 1369 2216 1417 ut
2246 1364 2588 1434 quicunque
2622 1380 2690 1420 ea
2721 1364 2853 1420 loca
2899 1364 3258 1433 habitarent,
3305 1365 3563 1420 universi
3611 1365 3807 1433 gladio

2149 1452 2611 1520 trucidarentur,
2642 1468 2838 1526 neque
2871 1455 3006 1510 vitae
3037 1456 3393 1527 cujusquam
3443 1460 3807 1524 parceretur.

2150 1541 2312 1597 Missi
2346 1559 2414 1598 eo
2446 1544 2557 1598 hoc
2588 1544 2985 1615 perfecerunt,
3008 1545 3248 1599 nemine
3280 1543 3425 1613 ipsis
3447 1544 3760 1598 resistente
3791 1561 3806 1601 :

2149 1631 2339 1689 solum
2389 1632 2709 1689 infantium
2757 1634 2918 1690 caede
2976 1634 3417 1693 abstinuerunt.
3479 1633 3699 1705 quippe
3744 1633 3803 1688 in

2148 1722 2491 1777 servitutem
2516 1723 3266 1795 mancipandis.Principes
3278 1722 3805 1793 Chersonensium,

2143 1811 2319 1881 viros,
2351 1828 2603 1867 numero
2635 1815 2723 1875 42,
2758 1812 2960 1868 addita
2980 1812 3252 1868 custodia
3280 1811 3355 1867 ad
3377 1812 3802 1884 imperatorem

371 1899 533 2002 ξίντας
565 1901 888 1981 φαμιλικῶς
930 1906 1041 1976 (31)
1098 1905 1236 1979 πρὸς
1291 1908 1383 1960 τὸν
1444 1903 1674 1980 βασιλέα
1729 1903 2033 1959 ἐεαπέστει-

2144 1901 2455 1969 miserunt,
2488 1901 2638 1957 alios
2664 1907 2893 1973 septem
2948 1902 3166 1974 ligneis
3216 1901 3464 1957 sublicis
3504 1902 3567 1957 in
3615 1901 3802 1957 altum

371 1987 497 2063 λαν;
531 1990 750 2069 ἑτέρους
790 1991 849 2048 δὲ
904 1993 1038 2049 ἑπτὰ
1097 1992 1339 2063 ξυλίναιν
1403 1991 1666 2058 σοῦϐλαις
1722 2016 2032 2072 προσαναρ-

371 2083 635 2152 τήσαντες
669 2082 758 2138 ἰπὶ
789 2084 962 2157 πυρὸς
994 2080 1279 2155 ὤπτησαν,
1309 2084 1400 2139 καὶ
1432 2083 1638 2150 ἄλλους
1665 2088 1733 2159 τῇ
1783 2083 2027 2161 θαλάσσῃ

378 2168 753 2249 ἐναπῷῥιψανο
790 2173 983 2228 Μαθὼν
1040 2170 1098 2228 δὲ
1161 2179 1331 2229 ταῦτα
1385 2175 1763 2235 Ἰουστινιανὸς
1817 2174 1904 2230 ἐπὶ
1959 2180 2029 2250 τῇ

371 2264 481 2315 τῶν
507 2261 718 2332 νηπίων
778 2263 1025 2339 σωτηρίᾳ
1079 2262 1276 2337 ἐμάνη.
1333 2267 1447 2321 Τοῦ
1516 2262 1575 2321 δὲ
1633 2264 1836 2321 στόλου
1892 2267 2029 2341 πρὸς

372 2350 474 2419 τήν
502 2349 665 2407 πόλιν
696 2350 1063 2416 ἀναπλέοντος
1094 2354 1157 2410 τὸ
1187 2354 1390 2411 πλοῖον
1448 2353 1838 2412 ἐκινδύνευσεν.
1874 2358 2033 2431 Ἠρι-

373 2440 661 2511 ομήθησαν
691 2437 748 2496 δὲ
779 2443 831 2496 οἱ
887 2441 1271 2513 ἀποθανόντες,
1333 2444 1426 2499 καὶ
1479 2444 1772 2520 εὑρέθησαν
1831 2444 2027 2524 χιλιάο

372 2526 458 2591 ὂες
489 2530 591 2606 ογῆ
627 2532 739 2587 Τοῦ
770 2528 828 2586 δὲ
860 2533 1266 2601 ἰουστινιανοῦ,
1303 2531 1517 2605 μᾶλλον
1558 2532 1646 2589 ἐπὶ
1692 2534 1873 2606 τούτῳ
1922 2552 2028 2610 χα-

374 2616 787 2692 ροποιτ,θέντος,
821 2619 985 2675 πάλιν
1017 2619 1200 2695 ἓτερον
1234 2620 1497 2694 ἐκπέμπει
1532 2622 1747 2687 στόλον,
1772 2623 2027 2698 ἀροτριᾷν

370 2710 584 2765 ἅπαντα
636 2710 726 2765 καὶ
781 2708 1086 2782 exausta.»
1144 2713 1282 2786 (31)
1350 2712 1628 2781 θηλείαις,
1713 2714 1803 2769 καὶ
1860 2735 2019 2770 κατα-

371 2800 588 2874 σφάξειν
622 2799 862 2862 ἅπαντας
894 2796 999 2862 ἓως
1042 2800 1314 2873 οὖροῦντα
1369 2804 1506 2875 πρὸς
1565 2808 1781 2882 τοῖχον.
1841 2805 2025 2859 Ταῦτα

370 2886 692 2949 ἀκούσαντες
748 2889 800 2942 oi.
856 2892 963 2944 τῶν
1018 2889 1265 2963 κάστρων
1319 2888 1542 2946 ἐκείνων
1599 2892 1825 2953 ἑαυτοὺς
1891 2913 2018 2947 κατ⁴

370 2975 762 3056 ησιραλίσαντο,
794 2977 885 3032 καὶ
914 2980 1052 3053 πρὸς
1083 2977 1333 3052 Χαγάνον
1361 2979 1437 3041 εἷς
1470 2980 1745 3055 Χαζαρίαν
1777 2979 2025 3056 ἔπεμψαν

371 3065 582 3121 στείλαι
612 3065 743 3122 λαὸν
777 3066 853 3130 εἰς
907 3067 1160 3145 φυλακήν
1214 3073 1413 3128 αὐτῶν.
1478 3065 1910 3128 Καταλαὸόντων
1967 3070 2024 3127 δὲ

370 3159 479 3209 τῶν
508 3160 605 3210 τοῦ
644 3156 1025 3212 ’[ουστινιανοῦ
1079 3157 1271 3215 ἐκεῖνοι
1326 3160 1422 3222 τὰς
1477 3162 1570 3233 μὶν
1629 3159 1868 3238 κεφαλάς
1911 3162 2022 3235 (32)

374 3243 550 3298 αὐτῶν
579 3246 943 3318 κρατήσαντες
975 3244 1172 3311 ἔσωθεν
1231 3254 1339 3307 τῶν
1398 3250 1645 3323 κάστρων
1703 3249 2020 3306 ἀπέκτειναν

374 3333 427 3388 οἱ
460 3336 818 3407 Χερσωνῖται,
857 3336 949 3389 τὸν
994 3333 1052 3391 δὲ
1100 3335 1296 3393 λοιπὸν
1347 3338 1480 3393 λαὸν
1526 3337 1703 3394 αὐτῶν
1746 3346 1864 3403 τοῖς
1916 3343 2029 3398 Χα-

372 3422 558 3497 ζάροις
598 3420 940 3498 παρέδωκαν·
1009 3426 1077 3482 Οἱ
1136 3424 1194 3481 δὲ
1258 3434 1359 3497 τῆς
1422 3433 1702 3501 Χερσῶνος
1768 3428 1860 3484 καὶ
1923 3434 2032 3485 τῶν

372 3508 586 3566 λοιπῶν
635 3511 884 3586 κάστρων
939 3513 1033 3569 τὸν
1095 3514 1189 3587 μὲν
1248 3518 1631 3572 Ἰουστινιανὸν
1707 3516 2030 3591 ἀνέσκαψαν,

369 3600 461 3655 τὸν
491 3596 549 3655 δὲ
589 3599 760 3656 ἐκεῖσε
818 3600 1090 3671 ἐξόριστον
1153 3602 1429 3680 Βαρόάνην
1482 3607 1572 3661 τὸν
1610 3605 1702 3661 καὶ
1763 3605 2031 3679 Φιλιππι-

374 3691 470 3745 κὸν
505 3687 731 3764 βασιλέα
761 3690 1106 3766 εὐφήμησαν.
1161 3697 1344 3752 Ταῦτα
1405 3696 1595 3769 μαθὼν
1654 3698 2035 3762 Ἰσυστινιανὸς

373 3775 555 3853 ’ἕτερον
615 3778 813 3835 στόλον
853 3780 1142 3838 ἀπέστειλε
1202 3785 1337 3858 μετά
1389 3791 1810 3862 τειχομαχικῶν
1866 3785 2032 3863 ἔργα·-

376 3866 542 3924 λείων
569 3868 659 3925 καὶ
689 3876 885 3946 κριῶν.
951 3874 1055 3930 Καὶ
1113 3874 1188 3936 ὡς
1244 3874 1375 3937 τους
1431 3876 1741 3949 κρείττονας
1795 3876 2035 3951 πύργους

374 3958 664 4032 Χερσῶνος
703 3956 1026 4031 κατέϐαλον,
1084 3963 1442 4042 ἀταφανὲντες
1500 3965 1553 4020 οὶ
1612 3965 1852 4039 Χάξαροι
1901 3966 2034 4020 τού-

372 4067 500 4110 τους
558 4047 839 4105 ἒκώλυσαν
902 4056 1003 4107 τοῦ
1056 4052 1487 4130 ἐγχειρήματος,
1547 4055 1576 4109 ὁ
1641 4052 1921 4129 Βαρδάνης
1978 4051 2036 4110 δὲ

374 4134 624 4217 ἐκφυγὼν
683 4142 822 4215 πρὸς
880 4142 973 4197 τὸν
1033 4143 1282 4221 Χαγάνον
1341 4144 1546 4221 ᾤχετο.
1607 4144 1923 4220 Ἀπράκτου
1983 4142 2036 4201 δὶ

373 4228 658 4301 γεγονότος
711 4234 809 4286 τοῦ
868 4230 1090 4303 στόλου,
1148 4233 1240 4289 καὶ
1298 4234 1437 4311 πρὸς
1518 4235 1896 4292 Ἰουστινιανὸν
1958 4237 2033 4308 μή

373 4316 701 4390 τολμῶντος
750 4319 1069 4395 ἀνακάμψαι
1135 4318 1224 4377 διὰ
1280 4324 1343 4378 τὸ
1407 4322 1771 4399 ἀπάνθρωπον
1829 4322 2038 4380 ἐκείνου

376 4408 465 4461 καὶ
497 4406 669 4479 ὠμὸν,
702 4409 796 4465 τὸν
852 4410 949 4484 μὶν
1011 4413 1393 4469 Ἰουστινιανὸν
1450 4412 1774 4489 ἀνέσκαψαν,
1833 4415 1926 4472 τὸν
1981 4413 2040 4471 δὶ

376 4492 661 4571 Βαρδάνην
697 4497 928 4574 βασιλέα
959 4501 1316 4579 εὐφήμησαν,
1347 4504 1441 4559 τὸν
1499 4502 1559 4559 δὲ
1605 4504 1852 4580 Χαγάνον
1896 4504 2040 4580 ᾐτή-

378 4604 537 4640 σαντο
567 4582 795 4657 δοθῆναι
825 4589 1021 4654 αὐτοῖς
1056 4594 1269 4648 τοῦτον.
1312 4594 1427 4650 Τοῦ
1485 4589 1544 4648 δὶ
1589 4594 1837 4669 Χαγάνου
1873 4594 2040 4650 ἀπαι-

2138 2007 2459 2062 suspensos
2501 1990 2621 2063 igni
2685 1997 2983 2060 assarunt,
3033 1990 3186 2047 alios
3232 1991 3293 2046 in
3344 2006 3508 2046 mare
3565 1990 3805 2062 abjece-

2137 2086 2297 2134 runt.
2333 2080 2435 2135 His
2466 2080 2720 2153 cognitis
2750 2080 3122 2137 Justinianus
3151 2079 3226 2137 ob
3260 2086 3521 2136 servatos
3546 2080 3805 2135 infantes

2136 2168 2406 2225 insaniit.
2440 2170 2584 2224 Cum
2609 2170 2668 2223 in
2697 2168 2891 2225 reditu
2915 2170 3124 2225 classis
3143 2170 3271 2241 jam
3298 2170 3571 2242 Byzantio
3595 2186 3805 2241 appro-

2138 2261 2477 2329 pinquaret,
2509 2258 2845 2329 periclitata
2869 2265 2979 2314 est.
3005 2262 3367 2314 Mortuorum
3382 2275 3665 2315 nunterus
3695 2259 3808 2313 ini-

2136 2352 2252 2413 tus,
2281 2355 2673 2419 repertusque
2700 2348 2956 2406 millium
2982 2351 3067 2404 73.
3096 2349 3158 2403 id
3175 2349 3456 2421 gaudium
3480 2341 3801 2403 Iustiniani

2133 2437 2314 2492 auxit.
2350 2437 2625 2507 Misitque
2656 2437 2835 2493 aliam
2869 2438 3146 2507 classem,
3184 2455 3316 2509 quas
3345 2438 3547 2494 omnia
3576 2437 3704 2492 solo
3728 2453 3803 2490 ωε

2136 2532 2348 2597 quaret
2362 2526 2675 2597 solumque
2693 2534 2891 2584 aratro
2906 2528 3286 2599 procinderet
3314 2527 3805 2596 interﬁceretque

2134 2631 2344 2672 omnes
2366 2631 2559 2686 usque
2584 2616 2658 2671 ad
2678 2618 3045 2685 mingentem
3071 2617 3131 2672 in
3152 2617 3460 2689 parietem.
3483 2614 3647 2681 Quod
3666 2631 3801 2670 cum

2130 2705 2567 2762 intellexissent
2598 2705 2699 2776 qui
2733 2715 2930 2763 castra
2962 2708 3074 2763 ista
3104 2708 3475 2773 obtinebant,
3520 2707 3799 2763 munive-

2129 2803 2272 2853 runt
2300 2812 2453 2864 sese,
2493 2796 2819 2869 missisque
2851 2798 2911 2853 in
2943 2799 3283 2855 Chazariam
3337 2799 3411 2855 ad
3461 2800 3804 2870 Cbagan‘um

2129 2876 2340 2960 lagatis
2372 2885 2719 2956 praesidiun:
2752 2886 2865 2942 sibi
2897 2888 2972 2943 ab
3004 2905 3074 2944 eo
3108 2888 3235 2945 dari
3261 2889 3624 2962 flagitarunt.
3654 2889 3800 2943 Cum

2129 2978 2459 3049 appulisset
2484 2976 2800 3033 Iustiniani
2825 2978 3056 3048 classis,
3085 2981 3376 3051 primores
3397 2994 3602 3034 eorum
3628 2983 3765 3033 nact

2128 3069 2288 3123 intra
2317 3073 2516 3122 eastra
2542 3066 2989 3125 Chersonenses
3024 3069 3417 3133 trucidarunt,
3456 3068 3606 3125 188
3639 3067 3801 3123 reli-

2134 3173 2312 3231 quam
2346 3155 2798 3212 multitudinem
2830 3158 3102 3215 Chazaris
3135 3158 3525 3215 tradiderunt.
3550 3157 3805 3213 Proinde

2144 3247 2244 3319 qui
2276 3248 2638 3303 Ctiersonem
2674 3252 2733 3301 et
2764 3247 2995 3319 reliqua
3025 3254 3223 3304 castra
3268 3247 3574 3311 tenebant,
3624 3242 3802 3301 Justi-

2147 3342 2326 3397 niano
2368 3338 2687 3410 imperium
2746 3339 3054 3412 abrogant,
3114 3347 3174 3395 et
3227 3339 3647 3411 Philippicum.
3708 3335 3802 3391 cui

2142 3436 2201 3485 et
2252 3432 2548 3489 Bardanes
2608 3446 2829 3485 nomen
2883 3430 3012 3493 fuit,
3101 3430 3523 3501 imperatorem
3589 3426 3800 3482 faustis

2141 3520 2677 3578 acclamationibus
2709 3519 3027 3593 designant
3068 3519 3439 3574 Justinianus
3461 3518 3573 3573 hoc
3599 3532 3801 3589 perce-

2142 3616 2243 3683 pto
2275 3611 2456 3668 aliam
2517 3611 2771 3668 classem
2830 3610 3033 3669 mittit.
3094 3608 3380 3665 arietibus
3426 3607 3681 3677 aliisque
3727 3603 3801 3659 ad

2142 3702 2619 3775 oppugnationes
2646 3700 3007 3757 facientibus
3068 3699 3365 3755 machinis
3426 3698 3805 3753 instructam.

2143 3791 2326 3863 Cujus
2355 3793 2579 3847 milites
2612 3808 2747 3847 cum
2767 3792 2894 3863 jam
2928 3790 3189 3862 potiores
3244 3789 3562 3845 Chersonis
3612 3792 3804 3842 turres

2143 3882 2623 3953 prostravissent,
2683 3879 3238 3952 supervenientibus
3322 3877 3597 3934 Chazaris
3665 3880 3807 3932 sunt

2142 3971 2420 4041 repressi.
2456 3969 2756 4025 Bardanes
2784 3970 2924 4041 fuga
2944 3969 3019 4024 ad
3049 3969 3390 4039 Chaganum
3424 3966 3629 4023 evasit.
3688 3965 3803 4020 Sed

2145 4064 2204 4113 et
2232 4058 2520 4114 classiarii
2551 4073 2616 4111 re
2649 4056 2868 4112 infecta
2898 4073 3033 4111 cum
3065 4056 3139 4111 ad
3167 4056 3572 4111 Justinianum
3604 4052 3803 4109 redire

2144 4164 2265 4205 non
2298 4147 2608 4213 auderent,
2640 4151 2783 4202 nota
2812 4146 2958 4218 ipsis
2988 4145 3521 4217 hominisimmpni
3543 4143 3800 4200 crudeli-

2145 4244 2287 4304 tate,
2343 4237 2680 4293 Justiniano
2738 4236 3056 4309 imperium
3102 4236 3411 4309 abrogant,
3472 4233 3799 4290 Bardanem

2145 4328 2566 4401 imperatorem
2612 4329 2944 4393 nominant,
2996 4341 3253 4396 eumque
3303 4340 3339 4380 a
3383 4323 3655 4397 Chugano
3704 4338 3802 4379 re-

2145 4423 2417 4490 poscunt.
2451 4420 2559 4485 Qui
2593 4435 2728 4475 cum
2760 4416 3086 4490 postularet
3111 4414 3223 4470 sibi
3255 4414 3329 4470 de
3352 4430 3471 4470 non
3495 4412 3801 4486 prodendo

2146 4508 2219 4564 ab
2277 4509 2422 4581 ipsis
2470 4509 2802 4582 Philippico
2855 4506 3071 4573 caveri,
3127 4512 3186 4561 et
3232 4521 3268 4561 a
3322 4504 3573 4576 singulis
3610 4518 3797 4559 unum

2145 4599 2438 4655 nomisma
2466 4599 2669 4673 pendi,
2712 4597 2931 4653 milites
2986 4596 3241 4668 pecunia
3280 4595 3480 4651 statim
3538 4594 3802 4666 depensa

376 4676 641 4746 τήσαντος
667 4676 864 4740 αὐτοὺς
894 4676 1068 4756 λόγου
1094 4684 1192 4736 τοῦ
1222 4682 1298 4750 μὴ
1332 4679 1672 4758 προδοθῆναι
1728 4684 1821 4739 ὑπ’
1859 4683 2033 4740 αὐτῶν

2144 4689 2475 4745 Bardanem
2507 4688 2904 4763 Philippicum
2948 4702 3228 4759 recepere
3258 4686 3798 4757 imperatoremque

374 4763 602 4821 καὶτοῦ
639 4767 971 4841 κομίσασθαι
1027 4771 1167 4825 κατά
1221 4767 1391 4847 ἄνδρα
1444 4768 1688 4847 νόμιςμα
1739 4772 1819 4842 ἓν,
1875 4773 2036 4830 αὐτοὶ

375 4863 725 4935 παραχρῆμα
768 4862 937 4913 ταῦτα
995 4856 1178 4922 δόντες
1231 4858 1542 4936 παρέλαϐον
1604 4860 1885 4938 Βαρδάνην
1942 4864 2033 4919 τὸν

373 4944 466 4999 καὶ
498 4945 840 5003 Φιλιππικὸν
899 4946 1152 5023 βασιλέα.
1213 4951 1304 5005 Ἐν
1359 4949 1416 5006 δὲ
1471 4955 1550 5024 τῷ
1608 4953 1884 5028 χρονίζειν
1939 4954 2033 5010 τὸν

376 5030 572 5091 στόλον
609 5035 699 5091 καὶ
730 5037 1001 5116 ἀναφοράν
1047 5040 1123 5111 μή
1184 5034 1443 5119 ἔρχεσθαι
1502 5040 1838 5120 ἐστοχάσατυ
1896 5044 2036 5099 Ἰου-

373 5126 642 5188 στινιανὸς
672 5128 774 5196 τήν
805 5125 1006 5198 αἰτίαν,
1035 5127 1128 5183 καὶ
1180 5125 1368 5184 λαϐὼν
1428 5129 1522 5186 σὺν
1572 5130 1721 5204 αὐτῷ
1765 5132 1894 5195 τοὺς
1938 5120 2037 5189 τοῦ

376 5213 623 5289 Ὀψικίου
661 5214 753 5272 καὶ
786 5217 952 5293 μέρος
984 5217 1305 5294 Θρᾳκησίων
1338 5218 1572 5292 ἀνῆλθεν
1605 5218 1711 5284 ἕως
1753 5223 2034 5297 Σινώπης,

2146 4778 2500 4835 salutarunt.
2534 4780 2609 4835 At
2644 4778 3016 4834 Justinianus
3068 4793 3251 4832 morm
3305 4774 3511 4831 classis
3559 4789 3798 4832 causam

2146 4867 2494 4939 conjiciens,
2544 4883 2679 4923 cum
2733 4867 3027 4923 militibus
3090 4866 3423 4939 Opsicianis
3494 4881 3562 4921 ac
3632 4871 3799 4936 parte

2145 4957 2567 5014 Thracensium
2589 4958 2870 5030 Sinopem
2891 4973 3081 5028 usque
3102 4955 3374 5012 ascendit
3397 4971 3411 5009 :
3430 4969 3801 5024 cernensque

2147 5046 2399 5103 classem
2430 5063 2673 5103 cursum
2702 5062 2908 5104 versus
2938 5047 3148 5118 Cpolin
3198 5044 3549 5110 intendisse,
3600 5043 3801 5115 rugitu

2145 5135 2388 5193 leonino
2420 5136 2580 5194 edito
2610 5138 2737 5210 ipse
2769 5153 3008 5209 quoque
3040 5134 3249 5191 urbem
3279 5134 3451 5206 petiit
3478 5174 3492 5199 ,
3542 5147 3801 5203 cumque

2148 5244 2280 5285 eam
2310 5233 2754 5301 prmocupasset
2792 5227 2921 5299 jam
2951 5225 3339 5298 Philippicus,
3387 5223 3706 5294 Damatrya
3734 5237 3796 5278 se

1581 5313 1948 5373 XYLANDRI
1987 5318 2075 5373 ET
2115 5318 2334 5373 GOARI
2374 5318 2596 5374 ΝΟΤᾸΞ.

418 5403 558 5487 ,(31)
590 5403 950 5487 ιῐξξιμιλικῶςζ
977 5426 1112 5487 cum
1144 5410 1405 5478 famulis,
1439 5417 1605 5487 puto.
1639 5414 1730 5470 Sic
1779 5420 1837 5471 et
1889 5417 2037 5472 Cus-

375 5477 729 5546 pin._f.'199.
781 5477 1028 5534 Σοῦὸλαι
1076 5483 1228 5538 forte
1281 5477 1418 5539 sunt
1439 5477 1721 5541 'sublicaa.
1781 5487 1914 5542 XYL.
1966 5519 2035 5532 —

373 5544 626 5628 Σούϐλας
654 5569 819 5628 verga
848 5553 937 5609 vel
961 5553 1123 5628 palos
1154 5555 1351 5628 optius
1382 5573 1560 5628 quam
1581 5560 1817 5615 sublicas
1846 5559 2035 5615 inter-

376 5621 706 5710 pretabere.
744 5621 1072 5698 Hesychius
1098 5621 1263 5697 quasi
1308 5621 1698 5685 scholiastes:
1754 5628 2030 5757 Σκόλοὶιν

376 5709 451 5751 ως
482 5712 729 5757 οπτησιν·
768 5696 895 5757 τοὺς
953 5698 1057 5757 γάρ
1112 5696 1384 5757 παλαιοὺς
1441 5705 1878 5757 κακουργοῦντας
2007 5735 2030 5747 ο

376 5688 451 5751 ὧς
482 5688 729 5776 ὄπτησιν·
768 5688 895 5776 τους
953 5698 1057 5771 γάρ
1082 5688 1384 5776 ιπαλαεους
1407 5770 1419 5776 _
1441 5705 1878 5776 κακουργοῦντας
1938 5688 2031 5776 ἀνα

375 5762 736 5835 ισκολόπιζον
770 5762 1046 5838 ὀξόνοντες
1077 5766 1239 5839 ξύλον
1271 5765 1365 5826 διὰ
1391 5762 1730 5852 ῥάχεωξκαὶ
1774 5762 1873 5831 τοῦ
1920 5774 2031 5832 νώ-

2141 5435 2265 5482 του,
2329 5417 2571 5492 καθάπερ
2625 5417 2754 5475 τοὺς
2839 5414 3195 5488 ὀπτωμένους
3246 5411 3410 5492 ἰχθῦς
3463 5410 3553 5468 ἐπὶ
3606 5404 3793 5469 ὀϐελί-

2145 5506 2307 5543 σκων.
2345 5491 2518 5547 ΟοΑιι.

2215 5562 2369 5636 (31Ἷί
2390 5562 2629 5636 Rectius
2651 5556 2947 5636 _€61?l§6tv_.

2214 5630 2323 5703 (32)
2360 5634 2538 5689 Valde
2566 5630 2873 5688 dubito'de
2927 5630 3106 5699 hujus
3150 5630 3265 5687 loci
3315 5632 3629 5688 sententia.
3692 5632 3797 5688 Κε-

2141 5700 2318 5780 φαλάς
2347 5706 2710 5779 capitaneos,
2741 5711 2807 5760 ut
2836 5703 3121 5775 loquitur,
3154 5705 3442 5762 intellexi.
3476 5707 3618 5761 XYL.
