4112 6412
276 402 394 465 859

1646 399 1963 466 GEORGII
2006 397 2346 462 CEDRENI

3583 410 3705 472 860

274 538 547 594 contulit.
572 539 944 611 Philippicus
961 541 1273 596 confestim
1297 540 1486 598 Eliam
1512 538 1731 612 populo
1755 538 1934 609 stipa-

2061 533 2137 587 ιαὶ
2172 533 2362 610 βλέπει
2391 533 2483 590 τὸν
2516 534 2712 592 στόλον
2741 534 2830 592 ἐπὶ
2861 538 2961 608 τήν
3002 536 3171 615 πόλιγ
3223 538 3544 617 ἔσχόμενον.
3598 541 3702 600 Καὶ

271 633 400 682 tum
432 627 495 681 in
521 628 945 698 Justinianum,
981 636 1039 685 et
1069 632 1332 685 Maurum
1366 630 1681 701 patricium
1726 631 1934 682 contra

2047 622 2244 697 βρ·5ξας
2277 627 2351 684 ὡς
2383 622 2522 679 λέων
2551 625 2640 680 καὶ
2700 626 2863 685 αὐτὸς
2914 626 3003 684 ἐπὶ
3059 631 3160 699 τὴν
3223 629 3386 686 πόλιν
3451 631 3701 706 ὥρμησε.

269 715 573 772 Tiberium
610 718 849 772 emittit.
886 719 990 774 Hic
1038 718 1195 790 apud
1247 720 1608 774 Blachernas
1658 717 1719 771 in
1762 714 1933 770 Tibe-

2061 716 2147 766 Γοῦ
2179 708 2237 768 δὲ
2276 711 2622 770 Φιλιππικοῦ
2652 712 3032 791 προλαϐόντος
3061 718 3153 774 καὶ
3212 721 3310 787 τὴν
3359 718 3524 776 πόλιν
3574 741 3705 794 κρα-

272 806 428 860 rium
464 805 692 868 incidit.
725 807 1061 863 veneranda
1118 808 1279 881 ligna
1337 809 1531 864 crucis
1589 812 1648 862 et
1705 819 1933 860 saoram

274 910 542 949 mensam
581 895 942 965 amplexum.
970 897 1147 951 Extra
1163 896 1381 963 gradus
1403 895 1653 951 astabat.
1684 896 1936 948 Anasta-

276 983 386 1049 sia,
415 983 729 1037 Justiniani
763 984 912 1039 184
963 992 1175 1051 mater,
1226 984 1429 1040 multis
1478 984 1672 1039 verbis
1702 999 1737 1038 a
1770 980 1933 1037 cmde

276 1071 490 1126 Tiberii
548 1072 889 1129 dehortans.
960 1074 1313 1145 Supervenit
1368 1080 1569 1130 autem
1653 1074 1932 1135 Joannes,

276 1162 449 1232 vique
506 1178 542 1218 a
597 1163 880 1235 gradibus
941 1165 1212 1220 avulsum
1284 1165 1607 1220 uhazaricaa
1663 1161 1935 1219 mulieris

277 1250 467 1305 filium
522 1251 826 1307 Tiberium
886 1254 960 1309 ad
1020 1254 1375 1310 vestibulum
1435 1259 1620 1326 portaa
1668 1250 1936 1307 Callinici

279 1340 551 1406 extraxit,
581 1340 783 1411 ibique
816 1342 1007 1398 instar
1054 1342 1301 1415 pecudis
1352 1343 1625 1398 faucibus
1674 1340 1938 1413 praecisis

273 1430 524 1485 necavit.
560 1431 743 1493 Elias.
770 1438 835 1487 ut
866 1432 927 1487 in
961 1433 1328 1504 colloquium
1360 1449 1494 1487 cum
1522 1431 1814 1486 militibus
1845 1431 1939 1485 Ju-

279 1519 524 1573 stiniani
557 1520 738 1587 venit,
799 1537 901 1577 eos
958 1522 1253 1592 promissa
1302 1522 1619 1577 securitate
1677 1519 1752 1574 ad
1809 1534 1938 1574 sese

282 1608 580 1680 perduxit,
613 1609 1036 1682 desertumque
1092 1611 1164 1667 ab
1214 1609 1491 1666 omnibus
1537 1609 1939 1665 Justinianum

282 1697 565 1753 iracunde
593 1699 747 1755 collo
769 1700 1184 1771 apprehendit,
1211 1707 1269 1756 et
1285 1700 1501 1774 gladio,
1527 1716 1702 1771 quem
1727 1697 1941 1753 femori

2043 803 2335 872 τήσαντος,
2366 800 2526 866 αυτὸς
2558 803 2633 866 εἰς
2663 807 2756 861 τὸν
2825 808 3115 883 Δαματρία
3174 810 3289 882 (33)
3347 807 3600 878 ἀνῆλθεν.
3636 810 3700 867 Ὀ

2044 887 2102 945 δὲ
2159 888 2497 956 Φιλιππικὸς
2552 893 2705 957 εὐθὺς
2766 895 3095 952 ἀποστέλλει
3163 899 3256 953 τὸν
3317 898 3503 955 Η’λίαν
3564 898 3702 974 μετᾶ

2045 976 2182 1035 λαοῦ
2212 982 2348 1036 κατὰ
2409 982 2817 1052 Ἰουστινιανοῦ,
2873 987 3092 1061 Μαῦρον
3154 983 3211 1041 δὲ
3264 988 3356 1043 τὸν
3412 988 3702 1064 πατρέκεον

2043 1069 2180 1123 κατᾶ
2234 1064 2506 1144 Τιϐερίου.
2568 1072 2665 1135 “Oc
2723 1072 2775 1126 ἐν
2824 1069 3158 1150 Βλαχὲρναις
3245 1076 3527 1151 πορευθεὶς
3582 1078 3706 1149 εὗρε

2046 1153 2301 1233 Τιϐέριον
2347 1165 2647 1234 κραττῦντα
2704 1163 2770 1218 τὰ
2827 1163 2986 1235 τίμια
3041 1162 3177 1234 ξύλα
3233 1164 3324 1219 καὶ
3388 1167 3487 1234 τήν
3546 1166 3707 1241 ἁγίαν

2044 1246 2332 1321 τράπεζαν,
2364 1243 2553 1320 ἔξωθεν
2609 1248 2668 1305 δὲ
2719 1255 2819 1306 τοῦ
2879 1252 3134 1327 βήματος
3186 1254 3538 1309 Ἀναστασίαν
3599 1256 3701 1324 τὴν

2046 1340 2142 1390 τοῦ
2175 1338 2260 1410 [Ρ.
2293 1340 2421 1411 448]
2454 1341 2658 1414 πατρὸς
2688 1340 2857 1397 αὐτοῦ
2892 1342 3123 1418 μητέρα,
3156 1340 3279 1413 ἥτις
3310 1342 3497 1400 πολλὰ
3550 1341 3707 1399 ἐδυσ-

2049 1423 2187 1479 ώπει
2218 1424 2384 1481 αὐτὸν
2419 1429 2497 1499 μὴ
2532 1427 2740 1483 ἀνελεῖν
2768 1423 3037 1506 Τιϐέριον.
3103 1432 3192 1488 Ἐν
3247 1429 3463 1495 τούτοις
3523 1432 3713 1487 Ἰωάν-

2050 1535 2148 1583 νης
2181 1511 2359 1570 ἐλθὼν
2393 1514 2488 1589 βίᾳ
2523 1516 2826 1594 ἀφαρπάζει
2855 1523 2953 1573 τοῦ
3006 1520 3259 1595 βήματος
3304 1521 3396 1577 τὸν
3450 1520 3557 1576 ἀπὸ
3605 1529 3713 1592 τῆς

2052 1608 2304 1678 Χαζάρας
2337 1600 2610 1679 Τιϐέριον,
2641 1606 2732 1661 καὶ
2762 1606 2814 1662 ἐν
2847 1612 2925 1680 τῷ
2981 1616 3082 1672 τῆς
3135 1607 3471 1667 Καλλινίκου
3525 1632 3714 1685 παρα-

2049 1693 2402 1769 πορτίῳ(34)
2459 1690 2709 1751 ἐκϐαλὼν
2769 1694 2927 1769 δίκην
2989 1694 3266 1775 προϐάτου
3332 1698 3714 1775 ἐλαρυγγοτό-

281 1787 589 1860 alligatum
619 1789 910 1862 gestabat,
962 1795 1139 1862 caput
1186 1790 1529 1862 amputavit.
1590 1789 1817 1859 hocque
1866 1786 1941 1841 ad

2061 1804 2237 1854 μησεν.
2263 1783 2324 1841 Ὀ
2352 1781 2409 1838 δὲ
2447 1783 2635 1847 Ἠλίας
2668 1785 2744 1848 εἰς
2788 1784 2984 1860 λόγους
3046 1786 3220 1851 ἐλθὼν
3277 1793 3355 1861 τῷ
3416 1789 3551 1863 μετᾶ
3607 1792 3710 1843 τοῦ

280 1876 703 1950 Philippicum,
736 1880 905 1950 isque
935 1882 1179 1935 Romam
1212 1896 1398 1951 usque
1430 1879 1613 1935 misit.

2049 1874 2432 1929 Ἰουστινιανοῦ
2463 1879 2675 1948 στρατῷ
2723 1875 2813 1931 καὶ
2848 1874 3011 1952 λόγον
3069 1877 3325 1940 ἀπαθείας
3378 1876 3504 1941 δοὺς
3556 1877 3711 1950 αὐτῷ

280 1966 418 2037 πρὸς
461 1966 651 2021 ἑαυτὸν
706 1966 947 2023 ε”λκυσε.
1010 1968 1198 2024 Μόνου
1256 1965 1315 2022 δὲ
1372 1964 1798 2044 ὑπολειφθέντος
1859 1965 2264 2031 Ἰουστινιανοῦ,
2326 1962 2379 2018 ἐν
2439 1968 2598 2036 θυμῷ
2656 1961 2990 2039 δραξάμενος
3040 1970 3138 2021 τοῦ
3193 1966 3488 2046 τραχήλου
3544 1967 3715 2022 αὐτόῦ

280 2053 480 2120 Ἠλίας
507 2061 589 2128 τῷ
619 2056 961 2133 παραμηρίῳ
991 2058 1092 2127 τήν
1123 2056 1365 2136 κεφαλὴν
1395 2057 1566 2112 αὐτοῦ
1597 2054 1810 2129 ἐξέτεμε
1866 2052 1958 2108 καὶ
2016 2053 2155 2127 πρὸς
2216 2050 2559 2109 Φιλιππικὸν
2629 2053 2961 2115 ἀπέστειλεν.
3022 2056 3201 2120 Αὐτὸς
3261 2053 3319 2112 δὲ
3376 2055 3510 2134 ἄχρι
3567 2056 3714 2115 Ῥώ-

283 2168 393 2220 μης
421 2145 625 2217 ταύτην
655 2147 950 2222 ἐξέπεμψεν
962 2193 974 2204 .

355 2238 647 2293 Craterum
681 2238 730 2292 is
756 2238 826 2294 de
861 2256 978 2310 quo
1013 2243 1151 2294 ante
1204 2237 1462 2294 diximus
1517 2235 1949 2293 Callistraticus

288 2327 637 2394 monachus,
656 2328 970 2384 haereticus
984 2334 1042 2383 et
1064 2333 1605 2396 astronomus,cum
1620 2323 1947 2395 Philippica

280 2416 603 2487 imperium
634 2418 913 2473 vaticinio
948 2419 1341 2489 promitteret,
1380 2419 1488 2472 hoc
1506 2431 1746 2487 quoque
1771 2414 1844 2470 ab
1880 2431 1948 2471 eo

282 2505 601 2576 stipulatus
625 2507 840 2570 fuerat,
874 2514 941 2563 ut
971 2525 1038 2562 eo
1073 2508 1294 2578 potitus
1338 2512 1569 2562 sextam
1621 2504 1941 2577 synodum,

279 2595 498 2667 quippe
530 2613 707 2667 prave
766 2603 981 2666 actam,
1034 2596 1348 2653 aboleret:
1396 2597 1480 2651 ita
1523 2595 1842 2666 imperium
1892 2594 1947 2651 ei

281 2684 629 2740 diuturnum
697 2686 1080 2758 validumque
1174 2685 1323 2742 fore.
1413 2684 1638 2740 Juravit
1704 2684 1817 2739 hoc
1884 2699 1947 2739 se

286 2774 576 2830 facturum
636 2775 1026 2847 Philippicus,
1102 2781 1161 2831 et
1218 2774 1467 2847 imperio
1555 2774 1801 2844 potitus,
1860 2772 1947 2828 uti

277 2864 484 2935 jussus
516 2865 710 2920 fuerat
739 2865 812 2919 ab
846 2866 1169 2937 impostore
1199 2864 1514 2926 monacho,
1537 2864 1689 2918 falso
1721 2861 1949 2933 episco-

283 2969 497 3025 porum
530 2953 753 3009 indicto
802 2954 1078 3017 concilio,
1128 2959 1395 3009 sanctam
1446 2958 1505 3007 et
1551 2951 1947 3006 universalem

288 3049 517 3099 sextam
542 3046 836 3116 synodum
862 3046 1087 3102 irritam
1104 3045 1657 3117 pronuntiavit.Quo
1677 3048 1946 3115 tempore

285 3151 471 3190 vanus
503 3136 680 3191 homo
739 3138 917 3191 etiam
973 3142 1063 3191 est
1112 3141 1460 3191 excaecatus.
1507 3136 1656 3207 Cyro
1709 3149 1947 3204 quoque

283 3224 624 3296 patriarcha
684 3226 1018 3283 exturbato.
1072 3226 1362 3281 Joannem
1442 3241 1563 3280 suae
1622 3221 1948 3294 impietatis

286 3314 515 3370 socium
548 3315 601 3370 ei
638 3315 787 3371 solio
819 3316 1105 3387 praefecit.

360 3405 496 3460 Fuit
523 3405 619 3460 hic
652 3406 1042 3477 Philippicus,
1077 3409 1473 3478 cognomento
1532 3402 1853 3467 Bardanes,
1890 3400 1952 3454 in

288 3491 588 3561 colloquio
620 3492 913 3548 facundus
945 3498 1123 3563 atque
1157 3492 1416 3564 prudens
1448 3490 1705 3553 habitus,
1754 3488 1857 3544 sed
1892 3488 1951 3542 in

287 3580 624 3635 actionibus
656 3582 780 3635 suis
809 3581 1034 3652 absque
1064 3581 1346 3652 gravitate
1379 3587 1437 3636 et
1474 3579 1771 3634 industria
1827 3576 1954 3633 ulla

294 3684 575 3735 versans;
610 3671 979 3740 turpiterque
1018 3670 1217 3724 vivens
1243 3675 1571 3725 extremam
1630 3667 1743 3724 sibi
1803 3667 1954 3723 infa-

296 3756 479 3813 miam
513 3758 756 3827 paravit.
796 3758 941 3816 785
1007 3759 1247 3814 Insania
1296 3758 1552 3829 quadam
1604 3763 1813 3813 contra
1855 3774 1952 3812 sa-

296 3862 463 3903 crum
507 3853 742 3902 sextum
773 3848 1095 3904 concilium
1128 3848 1410 3903 incitatus
1442 3849 1501 3902 in
1549 3848 1610 3903 id
1657 3846 1948 3915 incubuit,

293 3940 360 3991 ut
386 3938 594 3993 omnia
624 3940 753 4011 ejus
784 3956 953 3995 sacra
995 3938 1235 3995 decreta
1286 3938 1571 4000 aboleret.
1619 3944 1828 3995 nactus
1874 3938 1951 3994 ad

295 4025 406 4081 hoc
436 4044 638 4085 secum
679 4030 1005 4085 sentientes
1050 4045 1185 4084 cum
1234 4029 1523 4085 Joannem
1572 4028 1755 4083 istum
1803 4045 1837 4083 a
1886 4045 1947 4083 se

294 4115 694 4186 patriarcham
726 4125 1015 4187 creatum,
1047 4123 1174 4174 tum
1206 4118 1356 4174 alios
1383 4117 1695 4190 quosdam,
1740 4118 1837 4187 qui
1892 4122 1951 4172 et

293 4203 568 4262 detestati
622 4209 844 4281 scripto
900 4209 1075 4265 istam
1132 4207 1426 4280 synodum
1510 4213 1668 4263 sunt.
1731 4207 1944 4263 Eodem

293 4299 561 4367 tempore
594 4298 847 4370 Bulgari,
879 4298 1027 4354 duce
1059 4297 1285 4363 Philea,
1317 4298 1547 4354 occulte
1590 4314 1698 4369 per
1747 4297 1946 4353 fauces

292 4384 545 4458 ingressi
566 4405 753 4459 usque
766 4389 840 4444 ad
856 4405 1099 4444 auream
1113 4388 1277 4443 urbis
1292 4394 1523 4460 portam
1541 4387 1945 4444 incursionem

291 4473 580 4531 fecerunt.
611 4479 906 4533 Numerus
934 4478 1268 4533 occisorum
1298 4476 1370 4532 ab
1404 4477 1476 4532 iis
1530 4482 1590 4533 et
1635 4483 1945 4547 captorum

294 4567 488 4633 major
517 4572 608 4621 est
629 4582 807 4638 quam
839 4567 1037 4622 etTerri
1058 4572 1125 4622 ut
1144 4565 1349 4638 possit.
1370 4566 1487 4637 lpsi
1512 4565 1683 4620 illaesi
1702 4564 1945 4621 domum

296 4652 623 4709 redierunt.

369 4745 542 4797 Anno
572 4742 833 4799 secundo
878 4742 1103 4814 placuit
1147 4741 1399 4798 Bardani
1447 4759 1587 4798 enm
1640 4743 1951 4799 nonnullis

297 4831 510 4887 civium
560 4831 876 4904 prandere.
940 4834 1229 4887 Casterum
1274 4831 1519 4888 sabbato
1572 4834 1953 4889 Pentecostes

295 4921 693 4995 Philippicum
752 4921 1170 4978 meridiantem
1228 4923 1434 4977 Ruﬂ‘us
1499 4922 1951 4995 Opsicianorum

292 5013 630 5084 prmfectus,
674 5029 809 5068 cum
862 5011 1182 5068 Thracibus
1227 5027 1376 5082 quos
1426 5028 1628 5068 secum
1677 5012 1951 5080 ducebat,

2125 2232 2185 2290 Ὀ
2218 2229 2274 2287 δὲ
2312 2231 2646 2310 προλεχθεῖς
2679 2237 2946 2311 μοναχὸς,
2977 2237 3005 2292 6
3037 2237 3310 2310 αἱρετικὸς
3362 2237 3453 2292 καὶ
3494 2237 3713 2309 ,ἀστρο-

2054 2319 2221 2395 νόμος
2253 2327 2361 2377 τῶν
2404 2323 2853 2400 Καλλιστράτων,
2914 2327 3021 2401 πρὸ
3074 2331 3170 2381 τοῦ
3229 2324 3553 2402 βασιλεῦσαι
3610 2333 3716 2381 Φι-

2056 2410 2319 2468 λιππικὸν
2377 2412 2785 2493 ἐχρησμοδότει
2846 2416 2993 2488 αὑτῷ
3050 2414 3248 2491 λέγων·
3310 2419 3459 2475 Ἐπεὶ
3514 2420 3549 2487 ἡ
3582 2415 3712 2488 ἕκτη

2056 2498 2285 2566 σῦνοδος
2321 2508 2503 2567 κακῶς
2531 2503 2763 2578 ἐγένετο,
2791 2505 2883 2561 ἐὰν
2918 2507 3264 2581 βασιλεοόσῃς,
3297 2508 3460 2582 ῥῖψον
3515 2506 3711 2577 αὐτὴν,

2054 2590 2142 2646 καῖ
2174 2593 2415 2669 γενέσθαι
2470 2614 2557 2648 σοι
2613 2589 2728 2669 ἔχει
2797 2597 2833 2665 ἡ
2889 2594 3138 2671 βασιλεία
3194 2596 3564 2676 πολυχρόνιος
3618 2596 3713 2651 καὶ

2053 2682 2303 2755 κραταιά,
2337 2682 2397 2740 Ὀ
2430 2680 2488 2738 δὲ
2529 2685 2776 2749 συνέθετο
2838 2687 2953 2759 μεθ’
3013 2686 3187 2761 ’ὀρκου
3243 2691 3405 2741 τοῦτο
3462 2692 3712 2755 ποιῆσαι.

2056 2768 2386 2834 Βασιλεύσας
2416 2768 2473 2827 δὲ
2503 2770 2730 2842 ἐποίησε
2773 2771 3171 2847 ψευδοσύνοδον
3222 2772 3533 2831 ἐπισκόπων
3577 2774 3717 2830 κατᾶ

2052 2859 2144 2914 τὸν
2175 2859 2343 2935 λόγον
2382 2864 2479 2916 τοῦ
2518 2857 2820 2935 ψευδαϐϐἇ,
2881 2863 2972 2917 καὶ
3029 2859 3217 2938 ἕρῥιψε
3262 2867 3362 2932 τήν
3417 2863 3570 2941 ἁγίαν
3623 2867 3716 2920 καὶ

2056 2948 2439 3023 οἷκουμενικήν
2498 2948 2657 3022 ἕκτην
2717 2949 2961 3009 σύνοδον.
3023 2954 3121 3010 Καὶ
3184 2958 3259 3027 εῷ
3307 2954 3455 3026 αὐτῷ
3528 2955 3718 3030 χρόνῳ

2056 3036 2346 3115 ἐτυφλώθη
2408 3041 2435 3095 ὁ
2497 3041 2747 3113 μάταιος.
2811 3046 2982 3118 Κῦρον
3054 3040 3112 3098 δὶ
3194 3044 3287 3099 τὸν
3369 3045 3718 3120 πατριάρχην

2054 3126 2330 3199 ἐξωθήσας
2359 3131 2844 3202 τῆςἘκκΑησίας.
2905 3134 3165 3202 Ἰωάννην
3212 3134 3302 3189 τὸν
3346 3133 3521 3191 αὐτῶν
3569 3155 3715 3209 συμ-

2060 3218 2269 3291 μύστην
2302 3218 2391 3274 καὶ
2426 3221 2796 3295 συναιρετικὸς
2825 3217 3189 3297 προεϐάλετο.

2137 3389 2308 3452 Οὗτος
2340 3390 2368 3444 6
2404 3390 2743 3454 Φιλιππικὸς
2776 3392 2804 3446 6
2843 3392 2933 3447 καὶ
2997 3392 3281 3468 Βαρδάνης
3340 3393 3392 3450 ἐν
3451 3394 3546 3467 μὲν
3602 3399 3723 3457 ταῖς

2066 3473 2382 3542 διαλαλιαῖς
2416 3480 2583 3535 αὐτοῦ
2616 3479 2808 3555 λόγιος
2837 3481 2927 3535 καὶ
2962 3480 3208 3562 ἐχέφρων
3242 3481 3548 3558 ἐλογίζετο,
3578 3482 3632 3539 ἐν
3663 3481 3723 3539 δὲ

2063 3573 2185 3630 ταῖς
2241 3567 2491 3644 πράξεσιν
2549 3570 2715 3625 αὐτοῦ
2775 3568 3021 3644 ἆσέμνως
3107 3572 3198 3628 καὶ
3294 3572 3553 3636 ἆνικάνως
3629 3574 3722 3629 καὶ

2065 3659 2311 3735 αἰσχρῶς
2346 3660 2437 3717 τὸν
2488 3662 2609 3737 βίον
2667 3662 2834 3717 αὐτοῦ
2893 3660 3158 3719 διατελῶν
3216 3666 3388 3736 πάντη
3453 3662 3720 3738 ἀδόκιμος

2066 3747 2359 3807 ἐδείκνυτο.
2404 3751 2701 3824 Ἐμμανῶς
2754 3751 2858 3826 γὰρ
2912 3752 3153 3823 κινηθεὶς
3211 3754 3348 3810 κατὰ
3401 3761 3500 3824 τῆς
3560 3756 3720 3829 ἁγίας

2066 3845 2109 3905 ς’
2140 3837 2368 3897 συνόδου
2397 3841 2710 3917 ἀνατρέπειν
2754 3840 2978 3899 ἔσπευδε
3032 3843 3100 3899 τά
3147 3844 3236 3899 ὑπ’
3277 3844 3449 3914 αὐτῆς
3506 3844 3722 3921 δογμα-

2061 3931 2309 3996 τισθὲντα
2339 3934 2458 3988 θεῖα
2497 3930 2765 4007 δόγματα.
2828 3932 2964 4001 Εὗρε
3016 3933 3117 4008 γὰρ
3179 3933 3491 4013 ὁμόφσονας
3548 3934 3715 3991 αὐτοῦ

2064 4021 2222 4077 αὐτόν
2249 4042 2309 4077 τε
2331 4022 2425 4077 τὸν
2465 4022 2747 4093 Ἰωάννην,
2801 4022 2861 4076 ’ὸν
2909 4020 3134 4091 ἐποίησε
3190 4024 3561 4099 πατριάρχην.
3618 4026 3712 4082 καὶ

2062 4107 2268 4174 ἄλλους
2302 4110 2614 4188 ὁμόφρονας
2668 4109 2853 4175 αὐτοῦ,
2910 4111 3000 4166 καὶ
3061 4110 3339 4188 ἐγγράφως
3393 4113 3712 4187 ἀνεθεμάτι-

2061 4220 2154 4255 σαν
2188 4199 2374 4270 αὖτήν.
2409 4203 2505 4272 Τῷ
2536 4197 2584 4255 δ’
2609 4200 2760 4273 αὐτῷ
2790 4201 2978 4279 χρόνῳ
3036 4201 3089 4256 οἱ
3136 4199 3443 4280 Βούλγαροι
3490 4200 3581 4258 διὰ
3613 4206 3713 4259 τοῦ

2063 4289 2237 4353 Φιλέα
2267 4293 2381 4362 (35)
2424 4288 2600 4364 λάθρα
2648 4294 2727 4361 τῷ
2781 4310 2945 4365 στενῳ
2999 4288 3384 4367 ἐπιρρίψαντες
3438 4290 3545 4355 ἕως
3608 4299 3712 4363 τῆς

2060 4385 2281 4456 Χρυσῆς
2308 4379 2516 4452 πόρτης
2550 4376 2861 4452 διέδραμον.
2894 4381 2998 4436 Τὸν
3036 4378 3093 4436 δὲ
3134 4380 3369 4457 ἀριθμὸν
3421 4388 3530 4438 τῶν
3580 4404 3716 4460 σφα-

2057 4471 2261 4546 γέντων
2300 4470 2390 4525 καὶ
2450 4467 3028 4545 αἰχμαλωτισθέντων,
3088 4472 3223 4547 ὑπὲρ
3276 4473 3506 4549 ἀριθμὸν
3566 4471 3718 4547 ὄντα,

2060 4554 2235 4634 λέγειν
2268 4555 2369 4611 οὐκ
2398 4553 2625 4633 ἔχομεν.
2660 4555 2830 4613 Αὐτοὶ
2862 4553 2920 4614 δὲ
2950 4551 3212 4622 ἀϐλαϐεῖς
3243 4558 3320 4622 εἰς
3367 4561 3467 4629 τήν
3520 4561 3712 4637 χώραν

1981 4668 2028 4734 D
2058 4646 2237 4702 αὐτῶν
2268 4645 2618 4734 ὑπέστρεψαν.

2131 4740 2228 4811 Τῷ
2337 4732 2444 4793 ἔτει
2474 4730 2622 4810 ἔδοξε
2651 4742 2731 4810 τῷ
2762 4738 3089 4809 Φιλιππικῷ
3154 4740 3290 4812 μετᾶ
3334 4761 3498 4795 τινων
3549 4740 3718 4797 πολι-

2058 4832 2167 4884 τῶν
2195 4828 2508 4905 ἀριστῆσαι.
2542 4829 2630 4885 Ἐν
2663 4824 2722 4883 δὲ
2758 4832 2840 4900 τῷ
2886 4823 3143 4902 σαϐϐάτῳ
3185 4836 3285 4899 τῆς
3335 4836 3714 4901 Πεντηκοστῆς

2067 4939 2202 4991 μεση
2214 4912 2517 4992 μὸριάζων,
2558 4915 2780 4988 ἐξάπινα
2807 4913 2899 4971 διὰ
2927 4924 3029 4987 τῆς
3065 4925 3279 4993 χρυσῆς
3309 4919 3521 4994 πόρτης
3543 4919 3718 4976 εἰσελο

2064 5008 2171 5073 θὼν
2233 5009 2463 5087 Ῥοῦφος
2541 5006 3044 5084 πρωτοστράτηγος
3107 5015 3205 5063 τοὶ
3264 5009 3539 5084 Ὀψικίου,
3601 5018 3719 5085 μεθ’

1500 5129 1860 5186 XYLANDBI
1900 5130 1987 5184 ET
2025 5128 2240 5185 GOARI
2280 5128 2504 5183 NOTAE.

367 5231 479 5304 (33)
513 5231 801 5304 Bithyniae
830 5228 1082 5304 urbem;
1116 5227 1189 5283 de
1218 5244 1336 5299 qua
1363 5228 1579 5283 iterum
1628 5234 1835 5284 auctor
1883 5228 1946 5282 in

293 5303 700 5361 Mmiomacho.
739 5321 794 5361 ι)-
829 5303 953 5357 643.
983 5303 1160 5355 Gom.

369 5378 480 5453 {39
514 5372 863 5453 Παραπύλιον
898 5372 1372 5453 scripsit_auctor
1397 5387 1456 5453 p.
1509 5372 1626 5453 ιβ,

292 5442 741 5513 videlicet,'sive
774 5442 1037 5513 minorem
1084 5443 1158 5499 ad
1202 5442 1444 5513 majoris
1495 5442 1741 5498 alterius
1792 5443 1947 5497 latus

287 5523 530 5587 portam.
566 5512 659 5588 Sic
707 5512 1112 5588 παρεκκλῆσιον
1170 5521 1262 5571 est
1315 5518 1496 5588 minor
1552 5515 1779 5571 ecclesza
1828 5512 1946 5569 sive

296 5584 512 5660 capella
542 5586 617 5641 ad
667 5584 953 5660 majorem
985 5587 1141 5660 _sita,
1193 5584 1565 5660 παραᾼλαῦριον
1593 5587 1804 5660 _minus_
1828 5599 1947 5638 mo-

292 5656 602 5714 ndsterium
657 5656 829 5729 juxta
879 5658 1095 5730 majus,
1179 5664 1239 5715 et
1272 5656 1366 5714 ab
1447 5656 1516 5713 eo
1576 5656 1943 5730 dependens.

296 5732 475 5788 Gon.

1674 5373 1947 5441 posticum

2126 5229 2242 5293 (35)
2269 5227 2385 5280 Aut
2406 5242 2509 5295 per
2537 5225 2805 5291 Phileam,
2839 5230 2906 5280 ut
2962 5224 3073 5281 loci
3114 5226 3192 5281 sit
3238 5243 3454 5284 nomen
3492 5244 3506 5283 :
3562 5227 3716 5285 nihil

2057 5298 2215 5352 enim
2250 5298 2439 5353 habeo
2486 5303 2736 5353 certum.
2791 5301 2960 5352 Certe
3014 5297 3221 5353 Suidas
3278 5299 3388 5355 loci
3441 5300 3717 5356 meminit

2056 5369 2170 5424 hoc
2201 5369 2444 5425 nomine
2472 5386 2485 5424 :
2519 5369 2621 5425 ubi
2652 5373 2852 5424 autem
2887 5369 3152 5425 locorum
3184 5370 3261 5426 sit
3290 5388 3411 5427 non
3440 5371 3713 5427 habetur.

2056 5439 2194 5516 Χγι..
2228 5473 2285 5516 ῖς
2341 5442 2578 5516 Locum,
2640 5456 2761 5495 non
2823 5441 3129 5516 hominem
3188 5442 3284 5498 hic
3334 5443 3717 5516 interpretari

2057 5512 2187 5583 ipsa
2217 5513 2498 5569 dictionis
2529 5512 2893 5568 constructio
2927 5513 3223 5584 postulat:
3258 5521 3350 5570 est
3379 5512 3581 5571 autem
3642 5515 3717 5571 ad

2057 5584 2212 5657 latus
2243 5584 2410 5640 urbis
2441 5585 2616 5657 regiae
2646 5584 2954 5657 oppidum,
2988 5584 3146 5640 inter
3194 5586 3385 5657 ipsam
3434 5594 3495 5643 et
3538 5587 3714 5643 Ponti

2054 5656 2264 5713 Euxini
2299 5655 2811 5714 lances—medium.
2854 5656 3031 5712 Gou.
