4112 6418
269 413 388 474 863

277 637 388 691 Leo
443 639 679 695 Isaurus
725 642 1115 698 Orientalium
1169 643 1310 710 dux,
1345 661 1450 716 pro
1503 642 1765 698 Artemio
1797 659 1931 713 pru-

273 742 566 797 pugnans,
617 730 941 786 Theodosio
1000 750 1118 787 non
1151 734 1369 804 paruit.
1424 733 1649 789 socium
1704 731 1930 786 habens

273 817 666 872 Artabasdum
724 822 1071 877 Armenium
1149 822 1360 878 ducem
1398 866 1412 889 ,
1473 823 1567 878 cui
1625 826 1682 876 et
1743 820 1926 875 filiam

272 913 523 977 nuptum
557 925 618 962 se
649 907 924 964 daturum
959 927 1126 966 suam
1161 912 1580 984 spoponderat.

1661 418 1981 482 GEORGII
2027 418 2362 480 CEDRENI

273 543 474 600 induit
505 551 562 602 et
589 547 1068 607 Thessalonicam
1101 558 1190 608 est
1221 553 1586 625 deportatus.
1637 553 1924 608 Caeterum
1959 560 2004 625 Α
2039 547 2318 624 ἀπήγαγον
2357 591 2370 606 .

3571 437 3691 498 864

2435 548 2545 638 ρ’ὖς
2628 553 2955 626 θεασάμενος
3041 557 3346 632 Ἀρτὲμιος,
3410 559 3578 638 λόγον
3633 588 3694 622 τε

2043 638 2305 700 ἀπαθείας
2337 632 2545 708 Λαϐὼν,
2575 639 2637 694 τὸ
2708 641 3000 716 μοναδικον
3051 643 3408 722 περιεϐάλετο
3471 632 3691 733 σχῆμα,

2039 728 2128 783 καὶ
2159 730 2234 790 είς
2258 727 2661 801 Θεσσαλονίκην
2721 733 3040 808 ἐξορίζεται.
3097 739 3246 793 Λέων
3301 739 3359 796 δὲ
3391 744 3418 798 6
3451 727 3692 820 Ἰσαυρος

2035 822 2143 874 τῶν
2221 817 2585 906 Ἀνατολικῶν
2667 824 2968 899 στρατηγὸς
3026 829 3142 900 (42)
3220 823 3313 900 ὤν,
3397 817 3692 906 Ἀρτεμίου

2037 906 2373 980 ὑπερμαχῶν
2403 905 2512 995 οὐχ
2542 907 2782 986 ὑπετάγη
2839 909 3134 986 Θεοδοσίῳ.
3196 912 3340 991 ἔχων
3398 905 3692 995 συναγωνι-

273 994 500 1066 ζόμενον
554 991 921 1070 Ἀρτάϐασδον
1001 996 1291 1074 ’Δρμένιον
1363 999 1664 1076 στρατηγὸν
1731 1003 1842 1053 τῶν
1909 998 2328 1072 Ἀρμενιακῶν,
2398 994 2444 1070 ᾧ
2499 997 2589 1052 καὶ
2679 996 2864 1056 δοῦναι
2949 1002 3194 1060 συνέθετο
3259 1008 3359 1077 τήν
3400 991 3550 1064 ἰδίαν-
3597 1023 3695 1075 θυ-

272 1083 488 1158 γατέρα.

343 1175 707 1233 Theodosius
729 1178 1044 1251 imperium
1070 1183 1402 1237 Romanum
1432 1180 1622 1236 tenuit
1651 1195 1840 1234 annos
1871 1182 1924 1234 2.

272 1267 350 1319 Eo
397 1266 727 1337 imperante
780 1270 1089 1325 Masalmas
1139 1272 1602 1326 Sarracenorum
1652 1270 1927 1340 princeps

275 1356 676 1411 Romanorum
725 1359 936 1412 ditioni
974 1360 1195 1414 bellum
1254 1360 1475 1417 intulit.
1535 1360 1800 1428 Cumque
1854 1357 1928 1412 ad

272 1447 574 1500 Amorium
611 1450 994 1518 pervenisset,
1028 1451 1203 1504 Leoni
1225 1451 1428 1505 Isauro
1461 1450 1521 1504 in
1554 1449 1707 1503 hanc
1738 1447 1922 1517 scrip;

271 1535 715 1592 sitsententiam
742 1538 856 1591 :Ad
877 1545 930 1593 te
947 1539 1202 1609 pertinet
1226 1542 1551 1595 Romanum
1575 1536 1920 1608 imperium:

266 1625 420 1689 veni,
463 1633 522 1679 et
551 1625 621 1680 de
656 1643 798 1698 pace
831 1629 1260 1699 colloquemur.
1319 1630 1472 1684 Misit
1503 1646 1641 1701 ergo
1675 1627 1749 1682 ad
1781 1643 1918 1681 eum

269 1714 492 1786 legatos
529 1717 638 1771 Leo
662 1733 987 1789 pacemque
1005 1719 1374 1790 composuit;
1399 1725 1457 1774 et
1486 1719 1810 1790 imperator
1832 1733 1922 1772 sa-

272 1805 493 1863 lutatus
527 1810 784 1864 maximo
815 1828 948 1866 cum
981 1813 1242 1867 exercitu
1273 1811 1346 1866 ad
1392 1811 1796 1868 Nicomediam
1828 1826 1926 1863 ve-

269 1897 394 1960 nit;
429 1898 630 1969 ibique
651 1899 960 1955 Theodosii
984 1901 1171 1956 tilium
1203 1902 1534 1967 offendens,
1559 1917 1754 1974 pugna
1783 1914 1923 1953 con-

268 2003 526 2059 gressus,
560 1990 718 2045 hunc
749 2008 883 2046 cum
910 1993 1071 2047 omni
1121 1993 1499 2065 imperatoris
1551 1994 1925 2064 supellectile

269 2093 336 2131 ac
375 2077 572 2149 palatii
608 2081 953 2152 proceribus
984 2083 1044 2138 in
1079 2099 1246 2138 suam
1280 2089 1631 2154 potestatem
1677 2083 1920 2155 redegit.

267 2167 408 2222 Inde
437 2169 828 2240 Chrysopolin
887 2172 1065 2226 venit.
1126 2172 1491 2227 Theodosius
1522 2178 1718 2227 autem
1754 2173 1826 2228 ab
1857 2189 1926 2228 eo

269 2257 380 2310 sibi
411 2259 790 2313 securitatem
841 2261 1160 2332 stipulatus
1190 2262 1440 2333 imperio
1473 2262 1673 2320 cessit.
1707 2262 1928 2317 factus-

271 2363 384 2416 que
415 2353 502 2402 est
540 2364 658 2403 una
680 2365 813 2402 cum
847 2349 968 2403 filio
1001 2349 1269 2405 clericus.
1305 2352 1437 2405 Fuit
1468 2351 1563 2404 hic
1587 2351 1765 2406 etiam
1798 2351 1927 2407 auri

273 2437 542 2507 scriptor.
579 2440 838 2492 Mortuus
871 2446 959 2493 est
989 2440 1223 2511 Ephesi.
1259 2446 1316 2496 et
1347 2441 1501 2495 infra
1533 2446 1751 2496 terram
1785 2458 1929 2496 con-

269 2525 426 2579 ditus
483 2527 539 2581 in
601 2527 739 2582 fano
801 2529 987 2584 sancti
1047 2530 1326 2600 Philippi.
1391 2530 1540 2585 788
1601 2531 1918 2604 Inscripsit

275 2633 380 2671 suo
413 2617 730 2687 sepulcro:
779 2619 1028 2675 Sam‘tas.
1087 2620 1336 2684 Quidam
1387 2620 1721 2676 incolarum
1765 2621 1932 2677 aiunt

275 2723 409 2762 eum
443 2708 728 2764 miracula
759 2708 1037 2766 edidisse.

345 2888 527 2942 Porro
562 2888 872 2944 Masalmas
904 2890 1253 2961 Pergamum
1287 2890 1528 2945 adortus
1574 2890 1748 2961 cepit.
1784 2895 1928 2946 Nam

275 2977 555 3047 oppidani
605 2979 755 3044 magi
810 2979 1121 3048 cujusdam
1179 2980 1466 3034 instinctu
1523 2987 1928 3052 praegnantem

279 3068 587 3123 mulierem
623 3070 1047 3130 dissecuerant.
1083 3071 1341 3142 fastuque
1374 3071 1430 3126 in
1466 3071 1680 3126 carabo
1712 3071 1929 3126 elixato

273 3165 566 3228 quotquot
625 3159 881 3215 militare
915 3161 1134 3214 vellent
1188 3161 1246 3215 in
1283 3161 1647 3216 exsecrando
1681 3161 1791 3216 hoc
1841 3178 1929 3216 sa-

268 3249 489 3304 crificio
551 3250 812 3306 manicas
872 3251 1219 3306 dextrarum
1275 3268 1516 3306 suarum
1566 3251 1924 3306 intexerant.

2108 1174 2394 1240 Θεοδόσιος
2451 1177 2708 1253 βασιλεὺς
2762 1182 3050 1256 Ῥωμαίων
3079 1181 3171 1254 ἔτη
3208 1187 3276 1260 β’,
3337 1186 3417 1259 ἐφ’
3474 1190 3534 1244 οὗ
3567 1191 3691 1247 Μαι

2037 1265 2251 1338 σαλμᾶς
2309 1269 2337 1322 6
2386 1273 2495 1323 τῶν
2569 1275 2900 1344 Σαρακηνῶν
2959 1272 3214 1349 ἀρχηγὸς
3309 1277 3693 1354 ἐπεστράτευσε

2035 1357 2170 1411 κατὰ
2217 1357 2530 1430 Ῥωμαίων.
2591 1359 2695 1414 Καὶ
2761 1362 2899 1433 πρὸς
2957 1363 3022 1416 τὰ
3083 1362 3222 1438 μέρη
3281 1371 3378 1422 τοῦ
3410 1368 3692 1444 Ἀμωρίου

2037 1446 2332 1523 γενόμενος
2391 1447 2583 1524 γράφει
2669 1451 2804 1521 πρὸς
2886 1450 3091 1508 Λέοντα
3155 1459 3264 1510 τῶν
3324 1457 3693 1514 Ἀνατολικὼν

2037 1535 2363 1609 στρατηγόν
2399 1539 2464 1590 Ἢ
2519 1535 2768 1610 βασιλεία
2817 1543 2922 1594 τῶν
2977 1543 3264 1614 Ῥωμαίων
3322 1566 3405 1600 σοι
3438 1547 3688 1621 ἁρμόζει,

2038 1624 2198 1688 Ἐλθὲ
2237 1629 2330 1680 οὖν
2363 1627 2449 1699 [Ρ.
2491 1629 2619 1700 450]
2677 1628 2765 1682 καὶ
2817 1626 3226 1704 λαλήσομεντᾶ
3258 1635 3396 1711 πρὸς
3453 1637 3690 1708 εἰρήνην.

2034 1715 2095 1771 Ὁ
2141 1713 2198 1768 δὶ
2255 1717 2392 1790 πρὸς
2449 1716 2610 1771 αὐτὸν
2670 1717 2994 1782 ἀποστείλας
3045 1721 3286 1786 ὑπάτους
3340 1727 3427 1780 καὶ
3492 1724 3693 1802 λόγους

2036 1804 2262 1894 εῗρήνης
2317 1807 2712 1879 ποιησάμενος,
2769 1809 2865 1865 καῗ
2917 1813 2994 1874 ὡς
3055 1814 3312 1888 βασιλεὺς
3373 1819 3689 1894 φημισθεῖς,

2034 1892 2119 1948 ἐπὶ
2145 1897 2244 1964 τήν
2278 1895 2654 1969 Νικομῂδειαν
2681 1896 2900 1974 ἔρχεται
2936 1902 3072 1972 μετὰ
3119 1892 3394 1960 πλείστου.
3439 1912 3691 1981 στρατοῦ.

2034 1983 2293 2059 Ἐνῇτῷ
2322 1991 2418 2040 τοῦ
2467 1985 2758 2042 Θεοδοσίου
2817 1991 2921 2061 υἱῷ
2979 1993 3290 2068 περιτυχὼν
3347 1995 3399 2049 ἐν
3458 1995 3695 2070 πολέμῳ

2030 2075 2120 2128 καὶ
2144 2075 2550 2150 χειρωσάμενος
2579 2077 2714 2149 μετὰ
2741 2085 2841 2147 τῆς
2874 2080 3165 2154 βασιλικῆς
3226 2084 3522 2161 ὑπηρεσίας
3577 2088 3692 2160 (43)

2032 2164 2211 2235 πάσης
2240 2166 2326 2220 καὶ
2361 2170 2468 2220 τῶν
2501 2165 2554 2220 ἒν
2581 2165 2727 2222 τέλει
2775 2173 2873 2223 τοῦ
2931 2169 3220 2241 παλατίου,
3270 2171 3693 2248 καταλαμϐάνει

2032 2253 2132 2320 τὴν
2184 2255 2555 2328 Χρυσόπολιν.
2617 2257 2676 2313 Ὀ
2729 2254 2784 2312 δὲ
2834 2257 3123 2322 Θεοδόσιος
3186 2262 3386 2336 λόγους
3434 2265 3692 2327 ἀπαθειας

2035 2348 2164 2416 παρ’
2194 2342 2361 2397 αὐτοῦ
2390 2339 2576 2399 λαϐὼν
2607 2348 3007 2422 παρεχώρησεν
3040 2349 3186 2421 αὐτῷ
3229 2359 3331 2420 τῆς
3387 2351 3692 2428 βασιλείας,

2036 2431 2303 2506 κληρικὸς
2337 2433 2430 2487 σὺν
2461 2438 2542 2506 τῷ
2572 2436 2674 2504 υἱῷ
2713 2437 3023 2511 γενόμενος,
3056 2437 3229 2501 οὗτος
3287 2442 3354 2511 ἦν
3409 2443 3499 2497 καὶ
3555 2463 3697 2518 χρυ..

2037 2522 2307 2596 σογράφος
2379 2524 2512 2596 (44).
2577 2524 2820 2596 Τελευτᾷ
2878 2525 2935 2582 δὲ
2979 2527 3032 2584 ἐν
3068 2533 3292 2606 Ἐφέσῳ,
3354 2533 3445 2586 καὶ
3488 2533 3692 2596 τίθεται

2036 2609 2087 2665 ἐν
2120 2616 2198 2683 τῷ
2228 2617 2342 2682 ναῷ
2365 2617 2461 2668 τοῦ
2497 2614 2553 2668 Ἀ
2572 2614 2684 2687 (ίου
2716 2613 3002 2673 Φιλίππου
3045 2617 3150 2673 ὐπὸ
3207 2628 3335 2698 γῆν,
3386 2623 3581 2700 γράφει
3636 2622 3694 2678 δὲ

2036 2699 2088 2756 ἐν
2146 2705 2224 2772 τῷ
2281 2701 2436 2781 τάφῳ
2484 2703 2671 2759 αὐτοῦ·
2731 2706 2925 2780 Ὑγεία.
2980 2707 3208 2786 Λέγουσι
3264 2708 3322 2765 δέ
3377 2699 3522 2774 τινες
3578 2716 3687 2767 τῶν

2037 2791 2298 2846 ἐντοπίων
2331 2800 2764 2871 θαυματουτγεῖν
2797 2796 2975 2857 αὐτόν.

2107 2879 2321 2945 Ἐλθὼν
2381 2879 2439 2937 δὲ
2494 2883 2801 2956 Μασαλμᾶς
2864 2887 2916 2940 ἐν
2973 2889 3242 2965 Περγάμῳ
3297 2890 3498 2962 ταύτην
3557 2912 3690 2964 mp-

2037 2966 2260 3026 ἐλαϐεν·
2305 2973 2619 3048 εἰσιγήσεσι
2681 2975 2785 3050 γάρ
2850 2997 3000 3040 τινος
3063 2982 3238 3056 μάγου
3295 2971 3602 3056 ἐνέγκαντες
3635 2983 3691 3036 οἱ

2034 3068 2134 3129 τῆς
2187 3059 2404 3123 πόλεως
2484 3060 2675 3137 ἔγκυον
2734 3071 2958 3140 γυναῖκα
3011 3067 3214 3140 ταῦτην
3285 3070 3541 3143 άνὲτεμον
3596 3071 3687 3127 καὶ

2034 3151 2098 3205 τὸ
2155 3151 2352 3228 βρέφος
2411 3151 2462 3206 ἐν
2517 3149 2741 3227 κακάϐῳ
2801 3155 3098 3230 ἑψήσαντες
3156 3157 3230 3220 εἷς
3275 3163 3377 3227 τήν
3429 3181 3688 3231 τοιαυτῃν

2038 3235 2426 3304 θεοϐδέλυκτον
2461 3245 2644 3305 θυσίαν
2684 3245 2878 3308 πάντες
2929 3247 2980 3301 οἱ
3037 3247 3299 3317 πολεμεῖν
3358 3249 3688 3326 βουλόμενοι

270 3341 593 3411 Eapropter
636 3343 798 3414 justo
854 3341 954 3397 Dei
1007 3341 1238 3413 judicio
1297 3341 1570 3397 hostibus
1619 3347 1758 3397 sunt
1815 3347 1923 3396 tra-

2043 3334 2110 3388 τά
2139 3333 2360 3406 μανίκια
2381 3340 2480 3400 τῆς
2511 3330 2684 3404 δεξιᾶς
2709 3336 2900 3414 χειρὸς
2946 3339 3125 3392 αὐτῶν
3176 3335 3400 3411 ἔϐαψαν.
3455 3341 3688 3398 Κάντεῦο

265 3430 393 3486 diti.

337 3611 506 3663 Anno
568 3609 773 3664 mundi
849 3612 1011 3673 6209,
1054 3609 1483 3664 incarnationis
1559 3609 1772 3665 divinaa
1818 3610 1923 3664 703

271 3700 381 3752 Leo
416 3700 672 3758 lsaurus.
708 3699 805 3769 qui
836 3705 894 3752 et
923 3700 1125 3753 Conon
1160 3705 1217 3753 et
1247 3699 1320 3754 ob
1353 3699 1614 3768 dejectas
1637 3699 1924 3769 imagines

267 3788 695 3842 Iconomachus
754 3788 1224 3854 cognominatur.
1276 3789 1592 3858 imperium
1653 3787 1804 3852 iniit,
1840 3795 1922 3843 te-

266 3876 513 3947 nuitque
547 3893 736 3931 annos
767 3879 855 3933 24.
894 3877 1100 3932 Paucis
1130 3884 1450 3948 antequam
1483 3877 1777 3948 imperare
1813 3878 1922 3932 Leo

266 3968 440 4039 cmpit
473 3969 666 4036 annis,
701 3968 926 4023 Hebraei
964 3968 1205 4039 quidam
1269 3968 1553 4024 Laodicea
1606 3969 1922 4024 Phoenicia)

265 4058 497 4114 oriundi
558 4059 823 4114 lzethum
901 4058 1155 4114 Arabum
1207 4059 1536 4132 principem
1591 4059 1920 4130 adiverunt,

266 4149 683 4220 promittentes
716 4149 768 4204 ei
820 4151 889 4203 40
941 4165 1128 4204 annos
1178 4148 1529 4204 duraturum
1589 4149 1649 4203 in
1699 4149 1922 4204 Arabas

265 4239 606 4309 imperium.
641 4239 688 4293 si
722 4237 1089 4294 venerandas
1122 4243 1179 4292 et
1210 4239 1267 4293 in
1296 4237 1533 4310 templis
1565 4238 1925 4294 Christiano-

266 4345 398 4382 rum
433 4329 657 4383 honore
686 4328 875 4383 cultas
907 4328 1198 4400 imagines
1230 4345 1336 4399 per
1365 4345 1604 4383 omnem
1639 4345 1803 4384 suam
1838 4327 1920 4382 di-

266 4417 488 4473 tionem
521 4417 842 4473 detrueret.
906 4419 1259 4472 Persuasum
1319 4418 1428 4472 hoc
1469 4423 1559 4472 est
1609 4417 1771 4472 fatuo
1806 4419 1917 4472 lze-

266 4507 363 4561 tho
411 4513 469 4562 et
520 4507 824 4562 decretum
883 4507 1212 4562 universale
1289 4513 1498 4562 contra
1555 4506 1920 4562 venerandas

264 4597 554 4663 imagines
581 4596 935 4667 composuit.
971 4595 1082 4650 Sed
1132 4596 1327 4651 favore
1390 4597 1490 4650 Dei
1543 4602 1602 4651 et
1637 4595 1917 4668 depreca-

2034 3436 2121 3488 θεν
2171 3421 2352 3495 δικαίᾳ
2415 3429 2514 3480 τοῦ
2563 3429 2698 3480 Θεοῦ
2763 3427 2936 3500 κρίσει
3013 3435 3132 3492 τοῖς
3189 3429 3412 3505 ἐχθροῖς
3463 3427 3692 3507 παρεδό-

2035 3515 2223 3584 θησαν.

2105 3603 2324 3672 Κόσμου
2392 3600 2511 3665 ἔτος
2586 3606 2756 3678 ,ςσθλ
2813 3613 2913 3674 τῆς
2965 3608 3112 3671 θείας
3169 3609 3503 3686 σαρχώσεως
3563 3613 3675 3686 ᾧτ’,

2035 3693 2184 3748 Λέων
2241 3694 2269 3747 6
2326 3692 2414 3747 καὶ
2487 3693 2687 3762 Κόνων,
2749 3696 2776 3750 6
2835 3697 3082 3772 Ἰσατρος
3145 3698 3238 3753 καὶ
3297 3698 3694 3774 ε’κονομάχος,

2035 3778 2385 3838 ἐϐασίλευσεν
2417 3781 2510 3852 ἔτη
2544 3781 2648 3842 κδ’.
2686 3787 2798 3858 Πρὸ
2849 3784 3057 3862 ὀλίγων
3111 3794 3274 3843 τινῶν
3331 3790 3544 3864 χρόνων
3593 3799 3694 3858 τῆς

2037 3871 2316 3948 βασιλείας
2357 3871 2592 3937 Λέοντος
2641 3869 2892 3950 Ἐϐραῖοί
2921 3898 3059 3940 τινες
3127 3876 3187 3934 ἐκ
3245 3875 3560 3940 Λαοδικείας
3591 3887 3692 3942 τῆς

2035 3963 2297 4033 Φοινίκης
2356 3962 2532 4033 ἦλθον
2581 3964 2719 4030 πρὸς
2781 3967 2926 4034 Ἰζ-ἓ,θ
2984 3967 3075 4022 τὸν
3144 3967 3390 4042 ἀρχηγὸν
3425 3963 3693 4053 Ἀράϐων,

2033 4052 2499 4128 ἐπαγγελλόμενοι
2533 4052 2679 4127 αὐτῷ
2708 4050 2802 4124 ἔτη
2848 4058 2907 4127 μ’
2953 4063 3220 4132 κρατῆσαι
3277 4061 3377 4126 τῆς
3435 4050 3685 4132 Ἀράϐων

2033 4145 2213 4218 ἀρχῆς
2270 4143 2318 4198 εἶ
2373 4144 2467 4206 τὰς
2519 4143 2569 4199 ἐν
2627 4149 2745 4206 ταῖς
2823 4143 3115 4217 ἐκκλησίας
3175 4152 3283 4203 τῶν
3339 4153 3687 4220 Χριστιανῶν

2029 4234 2346 4306 τιμωμένας
2374 4234 2569 4294 σεπτάς
2628 4233 2840 4297 εἰκόνας
2892 4234 2944 4290 ἐν
2995 4235 3140 4311 πάσῃ
3194 4235 3264 4310 τῇ
3315 4235 3463 4312 ἀρχῇ
3519 4238 3688 4293 αὐτοῦ

2029 4320 2323 4378 καταλύσει
2349 4366 2363 4380 .
2421 4321 2644 4383 Τούτοις
2701 4325 2940 4387 πεισθεὶς
2975 4325 3002 4380 6
3035 4326 3266 4396 ἀνόητος
3323 4327 3471 4396 Ἰζήθ
3504 4323 3688 4401 δόγμα

2029 4410 2324 4476 καθολικὸν
2371 4410 2679 4490 ἐψηφίσατο
2736 4414 2874 4468 κατᾶ
2937 4418 3046 4469 τῶν
3109 4415 3272 4490 ἁγίων
3329 4415 3418 4470 καὶ
3477 4421 3689 4471 σεπτῶν

2030 4498 2273 4554 εἰκόνων.
2319 4497 2491 4556 Ἀλλὰ
2520 4499 2708 4578 χάριτι
2764 4503 2999 4576 Χριστοῦ
3053 4503 3144 4558 καὶ
3192 4509 3310 4567 ταῖς
3369 4500 3686 4573 πρεσϐείαις

2029 4597 2127 4658 τῆς
2158 4587 2430 4664 πανάγνου
2463 4589 2732 4644 Θεοτόκου
2779 4591 2868 4645 καὶ
2927 4591 3138 4648 πάντων
3175 4599 3283 4649 τῶν
3349 4595 3520 4672 ἁγίων
3563 4616 3688 4650 συν-

266 4684 528 4738 tionibus
560 4685 823 4755 Deiparm
868 4684 1257 4755 omniumque
1317 4684 1587 4739 divorum
1645 4686 1919 4740 etTectum

2040 4678 2222 4751 τόμως
2243 4679 2520 4748 τεθνηκὼς
2547 4678 2610 4734 οὐ
2669 4678 2974 4755 διαπέμψαι
3041 4680 3172 4739 αὒτὸ
3202 4680 3446 4755 ἠδυνήθη
3480 4685 3556 4746 είς
3586 4687 3687 4754 τήν

269 4780 358 4828 est
388 4779 452 4827 ut
482 4773 657 4828 celeri
690 4780 877 4828 morte
901 4781 1234 4844 praeventus
1265 4774 1422 4844 {ante
1449 4774 1668 4831 exitum
1703 4775 1921 4847 quippe

268 4865 407 4918 anni
440 4863 638 4918 divina
667 4879 800 4918 eum
854 4862 1113 4918 vindicta
1164 4862 1376 4935 attigit)
1408 4863 1464 4917 id
1498 4881 1604 4936 per
1632 4881 1799 4920 suam
1831 4865 1920 4920 di-

266 4953 490 5008 tionem
507 4969 626 5008 non
646 4951 1186 5007 dimitteret.Filius
1199 4969 1380 5024 regno
1405 4955 1623 5024 potitus
1647 4954 1922 5010 Hebraeos

267 5043 546 5099 dimissos
579 5049 644 5098 ut
683 5043 1038 5114 impostores
1094 5058 1308 5098 necare
1361 5042 1583 5108 voluit;
1643 5044 1800 5114 quod
1832 5044 1919 5100 illi

271 5134 597 5190 sentientes
621 5132 848 5205 profugi
870 5133 929 5186 in
949 5132 1236 5188 Isauriam
1268 5130 1655 5187 deﬂexerun't.
1678 5133 1762 5187 lbi
1787 5150 1922 5188 cum

273 5239 334 5277 se
366 5222 438 5278 ad
484 5223 708 5279 fontem
769 5220 1088 5293 quemdam
1146 5221 1588 5294 refrigerarent,
1649 5222 1796 5277 789
1830 5241 1923 5277 su-

268 5314 534 5383 pervenit
588 5315 698 5369 Leo
730 5310 1214 5369 adolescentulus
1273 5311 1598 5367 etiamnum
1629 5311 1923 5368 formosus

2033 4767 2374 4841 ἐπικράτειαν
2459 4769 2646 4824 αὑτοῦ·
2727 4766 2881 4825 οὔπω
2965 4772 3070 4846 γάρ
3139 4769 3360 4839 διῆλθεν
3422 4771 3687 4842 ἐνιαυτὸς,

2033 4860 2121 4914 καὶ
2154 4861 2188 4928 ἡ
2223 4859 2338 4924 θεία
2365 4857 2488 4925 δίκη
2553 4859 2820 4934 μετῆλθεν
2880 4859 3061 4917 αὐτόν.
3123 4861 3197 4916 Οὗ
3228 4864 3256 4916 6
3287 4863 3402 4926 υἱὸς
3435 4865 3534 4933 τήν
3565 4867 3692 4942 ἡγε-

2037 4948 2226 5021 μονίαν
2261 4947 2545 5022 δεξάμενος
2597 4949 2671 5011 ὡς
2726 4947 3121 5024 ψευδομάντεις
3169 4951 3361 5015 αὐτοὺς
3409 4948 3688 5024 ἐϐουλήθη

2033 5043 2368 5098 ἀποκτεῖναι.
2454 5043 2625 5118 Ὂπερ
2712 5044 2976 5115 μαθόντες
3055 5044 3372 5120 ἀνέκαμψαν
3441 5043 3496 5101 ἐν
3576 5052 3694 5108 τοῖς

2033 5134 2357 5206 Ἰσαυρικοῖς
2389 5130 2626 5205 μέρεσιν.
2663 5132 2758 5191 Εἷς
2788 5134 2975 5207 πηγὴν
3017 5131 3075 5189 δέ
3129 5155 3251 5190 τινα
3298 5135 3695 5210 ἀναψυχόντων

2031 5221 2234 5291 αὐτῶν,
2268 5218 2392 5275 ῗόοὺ
2447 5219 2607 5285 οὗτος
2656 5223 2684 5278 6
2718 5222 2866 5276 Λέων
2927 5223 3204 5286 νεανίσκος
3260 5219 3339 5278 ἔτι
3398 5221 3491 5293 ὢν,
3524 5223 3692 5287 καλὸς

2029 5315 2110 5384 τῷ
2168 5307 2299 5366 εἷ’δει
2356 5313 2446 5366 καὶ
2505 5311 2755 5386 εὐμήκης
2810 5317 2888 5385 τῷ
2957 5313 3206 5389 σώματι,
3266 5314 3532 5390 βάναυσος
3585 5317 3687 5385 τὴν

1464 5437 1826 5494 XYLANDRI
1883 5439 1970 5494 ET
2001 5439 2218 5494 GOARI
2271 5439 2492 5495 ΝΟΤίΕ.

319 5566 458 5650 οίᾷἓ)
553 5568 752 5650 Nuper
847 5564 1145 5650 στρατηγὸς
1233 5564 1308 5650 εἷς
1391 5565 1460 5619 τά
1542 5557 1926 5650 καιξαλλσιρικά

274 5634 514 5714 dictus,
572 5634 764 5710 primo
823 5634 1121 5711 σπαθάριος
1157 5654 1171 5666 ·
1229 5635 1259 5690 6'
1318 5635 1723 5714 σωματοφύλας
1782 5634 1921 5692 ἐστίν

279 5709 459 5852 ϐοίῖὲ)
491 5783 744 5837 Zonaras
774 5778 1068 5852 ἀποσκευῇ.
1105 5781 1280 5838 chi.

2105 5568 2219 5643 (44)
2250 5567 2338 5643 Ad
2369 5568 2626 5643 verbum
2665 5567 2793 5623 hmo
2839 5567 3108 5624 obscura.
3169 5569 3422 5626 Zonaras
3453 5571 3693 5643 quidem

2034 5640 2412 5714 vectigalium
2469 5640 3231 5714 publicorumgexactorem
3305 5640 3690 5714 ante'impe-

2034 5711 2192 5838 rgum
2251 5713 2434 5769 fuisse
2471 5711 2483 5712 ί
2520 5712 2622 5769 ait.
2674 5711 2786 5769 Sed
2867 5712 2964 5770 hic
3020 5713 3197 5770 credo
3255 5715 3420 5771 aliud
3476 5711 3692 5776 notari.

2088 5798 2178 5840 τι.
