4112 6468
368 385 489 447 865

1493 372 2053 439 HISTORIABUM
2094 373 2634 443 GOMPENDIUM.

3667 392 3787 483 see

369 519 574 593 τεχνην
605 514 697 572 καί
728 513 780 587 ἒξ
836 513 1004 584 αὐτῆς
1056 513 1158 584 τήν
1219 511 1364 583 ζωήν
1402 509 1787 607 ποριζόμενος,
1817 510 1905 565 καὶ
1960 507 2025 607 ἐκ

2156 527 2203 568 ιο
2235 530 2483 586 procero
2513 534 2783 594 corpore,
2816 522 2918 594 qui
2950 541 3013 580 se
3044 525 3286 583 sordida
3314 534 3440 585 arte
3479 532 3695 605 alebat,
3727 542 3787 593 et
3834 600 3861 607 _

371 613 471 665 τοῦ
503 605 806 683 ὑποζυγίου
857 605 949 660 τὸν
1000 602 1201 683 φόρτον
1262 598 1655 676 περιελόμενος
1686 597 1899 664 ἐκάθισε
1938 599 2029 654 καὶ

2150 605 2481 674 prandendi
2514 610 2887 681 gralia'fonti
2921 615 3045 685 ipse
3094 633 3332 688 quoque
3379 622 3647 679 assidens
3686 625 3755 698 ju

375 697 537 758 αὐτὸς
595 694 685 751 ἐπὶ
740 697 808 768 τῇ
865 696 1024 769 πηγῇ
1076 692 1151 754 ὡς
1211 690 1544 767 ἀριστήσων.
1603 690 1747 747 Εἶτα
1805 689 1859 745 οἱ
1921 693 2033 744 τῶν

2156 698 2404 748 nentum
2438 712 2617 753 onere
2668 697 2838 755 levat.
2896 701 3041 757 Huic
3089 702 3177 758 illi
3226 706 3400 777 genio
3449 689 3789 770 vaticinium

374 784 826 864 ἐγγαστριμύθων
862 783 1060 856 μόσται
1101 784 1201 837 τοῦ
1259 780 1514 855 κατάρξαι
1556 786 1657 849 τῆς
1713 780 2033 853 Ῥωμαῖκῆς

381 874 663 955 βασιλείας
694 878 804 929 τῶν
834 874 1130 946 σκήπτρων
1159 870 1341 945 τούτῳ
1392 868 1753 944 προλέγουσι.
1807 871 1922 926 Τοῦ
1979 864 2037 923 Si

381 968 605 1030 Λέοντος
656 957 1135 1034 ἀναϐαλλομένου,
1193 960 1633 1037 πληροφορεῖται
1685 958 1775 1013 ὑπ’
1833 958 2034 1013 αὐτῶν.

381 1055 445 1112 ΟἹ
504 1054 596 1111 καὶ
644 1051 888 1109 α’τοῦσιν
954 1051 1141 1127 ὅρκον,
1200 1048 1247 1105 εί
1299 1049 1374 1112 εἰς
1452 1047 1618 1123 πέρας
1667 1043 1800 1122 ἔλθῃ
1851 1050 2035 1113 τοῦτο,

377 1146 510 1218 ὅπερ
545 1143 606 1200 ἅν
639 1142 970 1213 αἰτήσωνται
1023 1141 1296 1211 ποιήσειν.
1330 1140 1392 1213 [Ρ
1450 1139 1577 1212 451]
1635 1136 2038 1207 Πλησιάζοντος

379 1232 437 1292 δὶ
468 1234 640 1290 ἐκεῖσε
662 1235 792 1287 ναοῦ
820 1234 922 1287 τοῦ
980 1229 1142 1306 ἁγίου
1197 1223 1489 1302 Θεοδώρου
1540 1225 1768 1299 θμνυσιν
1823 1225 2037 1291 αὐτοῖς,

376 1324 893 1400 Ὗποχωρησάντων
927 1318 1020 1374 οὖν
1075 1316 1425 1398 ἀμφοτέρων,
1488 1317 1590 1372 ὑπὸ
1631 1316 1880 1371 Σισινίου
1937 1335 2042 1369 πα-

376 1417 591 1490 τρικίου
616 1408 1069 1487 στρατολογεῖται
1116 1408 1145 1463 ὁ
1198 1407 1368 1464 Λέων.
1435 1407 1537 1462 Καὶ
1591 1406 1644 1461 ἐν
1702 1403 1881 1481 ὀλίγῳ
1938 1403 2042 1459 ὑπὸ

376 1500 671 1560 ’ίουστίνου
700 1503 799 1555 τοῦ
826 1498 1190 1570 Ῥινοτμήτου
1252 1496 1551 1570 σπαθάριος
1578 1498 1694 1568 (45)
1744 1494 2041 1569 γενόμενος

377 1592 455 1654 εἷς
478 1592 548 1646 τα
573 1589 829 1665 Ἐσπέρια
859 1586 1158 1661 πέμπεται,
1215 1585 1308 1641 καὶ
1337 1587 1566 1656 νικήσας
1600 1583 1705 1639 ὑπὸ
1750 1580 2040 1639 Θεοδοσίου

379 1679 682 1755 στρατηγὸς
709 1674 1008 1745 Ἀνατολῆς
1040 1675 1275 1747 γίνεται,
1305 1672 1518 1743 καὶτῆς
1545 1671 1832 1761 βασιλείας
1855 1675 2042 1748 κρατεῖ

379 1773 465 1843 τῷ
499 1765 883 1842 προειρημένῳ
909 1765 1126 1839 τρόπῳ.

454 1861 550 1930 Τῷ
596 1859 642 1930 β’
672 1851 781 1913 ἔτει
809 1851 1076 1912 κατελαϐε
1132 1853 1442 1926 Σουλεῖμάν
1513 1853 1648 1926 μετὰ
1690 1850 1889 1907 στόλου
1946 1850 2033 1904 καὶ
2071 1872 2117 1938 Β

384 1944 711 2024 ἆμηρπῖδων,
742 1946 832 2001 καὶ
866 1943 1175 2021 διεπέρασεν
1232 1943 1283 2016 ἐξ
1350 1938 1584 1997 Ἀϐύδου
1616 1939 1667 1996 ἐν
1702 1943 1772 2014 τῇ
1830 1939 2035 2015 Θρᾴκῃ.

380 2036 460 2096 0'3
490 2034 917 2106 τελευτήσαντος
977 2033 1243 2108 ἀμηρεόει
1299 2031 1576 2104 Οῦμαςος.
1632 2034 1923 2103 Χειμῶνος
1984 2026 2042 2085 δὲ

386 2128 697 2203 βαρυτάτου
725 2125 1016 2202 γενομένου
1072 2122 1124 2178 ἐν
1179 2126 1249 2195 τῇ
1302 2130 1509 2197 Θρᾳκῃ,
1574 2120 1649 2182 ὡς
1691 2119 1779 2176 ἰπὶ
1831 2119 2041 2194 ἡμέρας

383 2215 571 2270 ἑκατὸν
635 2214 714 2285 μή
767 2218 999 2289 φανῆναι
1054 2217 1156 2287 γῆν
1218 2209 1279 2265 ἐκ
1355 2216 1457 2279 τῆς
1521 2205 2039 2281 κρυσταλλωθείσης

386 2302 597 2384 χιόνος,
628 2300 842 2371 πλῆθος
870 2298 1060 2356 ἵππων
1100 2321 1159 2355 τε
1213 2299 1303 2354 καὶ
1369 2298 1644 2371 καμήλων
1680 2297 1769 2351 καὶ
1829 2301 2039 2352 Λοιπῶν

388 2392 542 2462 ζώων
591 2396 700 2447 τῶν
767 2389 981 2470 ἐχθρῶν
1020 2391 1331 2460 τεθνήκασι.
1384 2393 1477 2458 Τῷ
1533 2384 1593 2442 δὲ
1640 2386 1837 2462 ἐαρινῷ
1865 2390 2041 2461 καιρῷ

385 2476 654 2538 κατέλαϐε
688 2484 940 2557 Σουφιάμ
974 2478 1111 2551 μετᾶ
1155 2499 1253 2534 του
1311 2475 1364 2533 ἐν
1420 2476 1677 2553 Λῖγῦπτῳ
1737 2477 2040 2537 κτισθέντος

384 2571 612 2637 στόλου,
635 2570 724 2626 καὶ
758 2571 1140 2644 προσώρμισεν
1192 2568 1270 2628 είς
1325 2567 1418 2622 τὸν
1473 2570 1571 2622 τοῦ
1623 2562 1812 2623 Καλοῦ
1842 2566 2042 2638 Ἀγλεοῦ

385 2658 608 2732 λιμένα.
643 2660 776 2717 Μετ’
807 2656 869 2714 οὔ
902 2656 1046 2714 πολὺ
1070 2657 1162 2712 καὶ
1226 2657 1372 2726 Ἰζήθ
1434 2655 1554 2729 μεθ’
1623 2655 1809 2729 ὲτέρου
1840 2653 2040 2709 στόλου

384 2750 698 2813 κτισθέντος
752 2747 807 2804 ἐν
866 2748 1102 2825 Ἀφρικῇ
1160 2745 1250 2800 καὶ
1308 2744 1472 2808 αὐτὸς
1528 2742 1911 2818 προσώρμισεν
1964 2742 2040 2805 εἷς

382 2836 473 2891 τὸν
507 2835 745 2910 Σάτυρον
776 2833 866 2890 καὶ
896 2834 987 2889 τὸν
1024 2831 1265 2907 Βρόαντα
1311 2829 1402 2885 καὶ
1457 2828 1561 2891 ἓως
1597 2829 1813 2905 Καρτου
1878 2825 2038 2901 λιμε-

384 2945 501 2988 νος.
535 2924 602 2984 Οἱ
646 2923 833 2998 μέντοι
885 2925 992 2976 τῶν
1055 2920 1153 2976 δύο
1208 2919 1416 2975 τούτων
1478 2916 1691 2972 στόλων
1748 2916 2042 2991 Αἰγύπτιοι

384 3015 500 3070 καθ’
540 3012 761 3075 ἑαυτοὺς
814 3009 1243 3089 βουλευσάμενοι
1299 3008 1493 3063 νυκεὸε
1550 3006 1807 3074 ε’σῆλθον
1864 3005 1920 3061 ἂν
1970 3010 2040 3080 τῇ

383 3101 547 3159 πόλει
574 3103 665 3157 τὸν
702 3100 932 3177 βασιλέα
962 3100 1341 3173 εὐφημοῦντες
1398 3100 1535 3169 (46),
1596 3094 1736 3151 ὣστε
1778 3095 1887 3150 ἀπὸ
1941 3102 2043 3165 τῆς

383 3192 605 3266 Ἱερείας
636 3189 800 3267 μέχρι
831 3198 932 3259 τῆς
983 3187 1200 3250 πόλεως
1257 3191 1370 3261 (47)
1429 3183 1697 3256 ὁλόξυλον
1755 3184 2033 3265 φαίνεσθαι

386 3281 488 3348 τήν
547 3277 838 3344 θάλασσαν.
895 3280 1166 3339 Ἕκαστος
1223 3273 1281 3332 δὲ
1336 3280 1444 3331 τῶν
1496 3275 1761 3330 τοιούτων
1823 3274 2035 3330 στόλων

387 3369 615 3445 στρατὸν
696 3371 846 3445 εἶχεν
933 3367 1300 3441 ἀναρίθμητον
1358 3365 1449 3420 καὶ
1516 3364 1689 3420 πλοῖα
1753 3363 1844 3418 καὶ
1899 3361 2047 3419 ὅπλα

382 3459 604 3534 ἀριθμῷ
635 3460 713 3533 μή
775 3453 1226 3531 ὑποδαλλόμενα.
1264 3456 1366 3513 Καὶ
1397 3459 1569 3511 ταῦτα
1621 3454 1796 3510 πάντα
1829 3451 1920 3508 διὰ
1947 3458 2049 3522 τῆς

387 3550 648 3625 βοηθείας
685 3553 784 3604 τοῦ
813 3546 1199 3627 εὐσπλαγχνου
1255 3549 1391 3602 Θεοῦ
1434 3544 1526 3600 καὶ
1582 3548 1693 3598 τῶν
1743 3537 2046 3613 πρεσϐειῶν

386 3644 488 3707 τῆς
537 3638 805 3693 Θεοτόκου
857 3639 995 3692 κατα
1049 3626 1141 3691 τὸν
1205 3635 1373 3691 τόπον
1429 3634 1499 3690 τὰ
1540 3636 1636 3707 μὲν
1688 3626 2047 3711 ἐϐυθίσθηταν

392 3723 499 3779 ὑπὸ
528 3722 766 3797 ἀνεμων,
814 3724 884 3780 τὰ
923 3721 980 3779 δὲ
1009 3722 1437 3797 ἐνεπρήσθησαν,
1495 3722 1588 3775 καὶ
1660 3718 1852 3782 πάντες
1911 3718 2047 3792 μετὰ

386 3817 497 3869 τῶν
553 3812 764 3868 πλοίων
819 3813 1000 3869 αὐτῶν
1057 3808 1231 3887 ἃρδην
1290 3808 1605 3881 ἀπώλοντο,
1674 3807 2049 3882 πολεμοῦντες

390 3902 492 3970 τήν
521 3900 685 3958 πόλιν
719 3901 809 3958 ἐπὶ
858 3895 953 3973 ἔτη
1015 3899 1134 3957 δύο.
1198 3897 1370 3955 Πάλιν
1401 3895 1460 3953 δὶ
1494 3902 1594 3953 τοῦ
1643 3894 1901 3972 Μερδασᾶ
1953 3896 2049 3951 σὺν

390 3994 472 4063 τῷ
504 3996 717 4067 στρατῷ
747 3990 914 4047 αὐτοῦ
964 3991 1070 4046 ἀπὸ
1121 3993 1231 4045 τῶν
1291 3987 1483 4044 πυλῶν
1533 3983 1639 4049 ἕως
1680 3985 1904 4048 Νικαίας
1960 3986 2050 4041 καὶ

390 4078 769 4154 Νικομηδείας
801 4080 1218 4156 ἀνατρέχοντος,
1271 4079 1322 4133 οἱ
1380 4076 1432 4133 ἐν
1490 4080 1569 4148 τῷ
1626 4070 1768 4131 Λίϐα
1822 4075 1914 4129 καὶ
1969 4078 2050 4147 τῷ

394 4170 618 4246 Σόφυινι
717 4166 872 4240 δίκην
931 4166 1264 4244 Μαρδαῖτῶν
1337 4166 1707 4242 κρυπτόμενοι
1779 4166 2052 4238 Ῥωμαῖοι

395 4257 652 4336 ἰξαίφνης
704 4257 936 4320 τούτους
990 4256 1404 4333 ἑπιρῥίπτοντες
1476 4254 1566 4310 καὶ
1649 4251 1823 4308 πολὺν
1890 4252 2053 4328 φόνον

393 4349 514 4404 καθ’
572 4347 802 4420 ἱκάστην
854 4350 1142 4409 ποιοῦντες
1200 4342 1524 4416 ἀπεδίωξαν.
1573 4340 1799 4406 Ἀλλως
1853 4361 1913 4397 τε
1961 4341 2053 4397 καὶ

395 4432 570 4509 λιμοῦ
610 4435 810 4499 αὐτοὺς
839 4430 1243 4498 καταλαϐόντος
1300 4430 1539 4513 σφοδροῦ
1595 4431 1774 4487 πάντα
1825 4429 1893 4487 τά
1922 4432 2058 4503 θνή-

397 4545 598 4581 σκοντα
689 4531 800 4597 ζῶα
879 4528 1200 4596 κατήσθιον.
1261 4524 1401 4579 Φασὶ
1455 4520 1514 4578 δὶ
1560 4523 1645 4578 ὃτι
1730 4519 2053 4596 ἀνθρώπους

2140 788 2488 853 suggerente
2518 786 2850 858 praedicunt
2879 789 3003 846 l‘ore
3035 798 3099 846 ut
3150 793 3551 853 Romanorum
3603 800 3794 873 impe-

2139 868 2229 923 rio
2262 871 2540 943 potiatur,
2565 878 2924 949 negantique
2948 896 3192 951 prorsus
3218 882 3395 939 {idem
3427 886 3511 941 rei
3544 868 3792 946 faciunt.

2139 958 2385 1016 Interim
2408 963 2752 1033 juramento
2781 984 2915 1023 eum
2937 969 3183 1044 adigunt
3228 973 3277 1027 si
3328 974 3487 1031 hunc
3519 984 3792 1035 eventum

2140 1064 2238 1103 res
2264 1050 2393 1120 ejus
2417 1052 2754 1125 habuerint,
2778 1057 3068 1114 factorum
3090 1062 3248 1132 quod
3268 1064 3342 1118 ab
3366 1081 3435 1119 eo
3458 1065 3570 1138 ipsi
3599 1076 3799 1138 postu-

2142 1139 2321 1196 laturi
2354 1150 2569 1199 essent.
2598 1147 2823 1203 .luravit
2851 1149 2935 1204 eis
2968 1150 3079 1207 hoc
3109 1152 3181 1208 ad
3211 1153 3415 1211 fanum
3438 1157 3595 1213 beati
3618 1160 3800 1217 Theo-

2142 1229 2294 1296 dori,
2330 1232 2488 1303 quod
2516 1242 2643 1292 erat
2701 1237 2761 1292 in
2816 1240 3104 1311 proximo.
3166 1242 3451 1316 Digressis
3499 1248 3572 1303 iis
3621 1249 3732 1304 Leo
3764 1266 3800 1306 a

2143 1320 2406 1378 Sisinnio
2438 1325 2685 1394 patricio
2746 1327 2805 1383 in
2854 1329 3176 1386 exercitum
3222 1333 3551 1404 asciscitur,
3602 1355 3797 1411 neque

2142 1409 2332 1465 multo
2360 1420 2492 1484 post
2521 1430 2555 1469 a
2582 1416 2916 1473 Justiniano
2950 1419 3286 1477 Rinotmeto
3317 1426 3655 1495 spatharius
3702 1409 3797 1484 lfa-

2142 1503 2293 1558 ctus.
2326 1503 2548 1572 potitus
2577 1505 2843 1569 victoria,
2877 1524 2912 1563 a
2940 1510 3265 1566 Theodosio
3295 1511 3511 1569 deinde
3540 1517 3799 1574 Orientis

2145 1588 2265 1643 dux
2295 1598 2547 1657 creatus,
2582 1593 2901 1667 imperium
2932 1614 3049 1669 quo
3079 1599 3340 1659 diximus
3372 1604 3545 1662 modo
3590 1623 3800 1663 conse-

2145 1685 2317 1734 cutus
2347 1684 2455 1736 est.

2216 1841 2388 1895 Anno
2421 1841 2682 1898 secundo
2713 1844 2994 1917 Solyman
3048 1866 3183 1906 cum
3231 1855 3490 1909 exercitu
3541 1862 3600 1911 et
3647 1875 3801 1930 prae-

2146 1927 2317 1984 fectis
2347 1930 2420 1986 ab
2453 1931 2658 2000 Abydo
2716 1934 2777 1989 in
2839 1936 3152 1994 Thraciam
3210 1954 3301 1995 est
3345 1927 3665 2014 profectus:
3720 1950 3799 2003 Eo

2146 2022 2381 2073 mortuo
2412 2034 2646 2077 ameras
2696 2022 2766 2086 (is
2802 2041 3051 2081 summm
3100 2028 3184 2083 rei
3233 2038 3469 2104 praeest)
3514 2037 3801 2091 successit

2147 2106 2418 2164 Umarus.
2477 2108 2622 2164 Cum
2684 2117 2880 2167 autem
2949 2116 3470 2176 vehementissima
3530 2128 3684 2179 esset
3742 2126 3802 2180 in

2147 2195 2394 2253 Thracia
2419 2197 2632 2257 hiems.
2655 2200 2739 2256 ita
2771 2207 2836 2257 ut
2868 2219 2987 2275 prm
3018 2205 3151 2261 nive
3183 2207 3242 2262 in
3293 2209 3544 2280 glaciem
3595 2211 3807 2271 durata

2148 2301 2257 2357 per
2293 2292 2535 2344 centum
2594 2289 2722 2345 dies
2783 2298 2939 2348 terra
2995 2295 3178 2351 videri
3235 2302 3534 2371 nequiret,
3595 2320 3808 2376 magna

2149 2375 2456 2431 hostilium
2481 2382 3165 2449 equorum,camelorum
3191 2386 3565 2462 aliorumque
3582 2393 3807 2449 anima-

2146 2462 2293 2518 lium
2322 2465 2642 2523 multitudo
2668 2468 2916 2527 interiit.
2945 2473 3135 2527 Verno
3156 2481 3422 2548 tempore
3446 2480 3805 2552 Supliiamus

2146 2570 2283 2610 cum
2316 2563 2522 2627 parata
2546 2557 2608 2644 in
2638 2560 2881 2632 Egypto
2913 2561 3105 2618 classo
3137 2565 3211 2620 ad
3261 2575 3495 2639 portum
3550 2572 3803 2644 appulit,

2147 2644 2249 2715 qui
2284 2646 2425 2700 Boni
2481 2642 2617 2719 Agri
2671 2649 2908 2706 dicitur.
2960 2654 3143 2708 Paulo
3198 2663 3332 2727 post
3380 2642 3799 2717 lzethusicum

2147 2732 2265 2789 alia
2294 2734 2483 2791 classe
2515 2736 2576 2791 in
2606 2738 2804 2794 Africa
2833 2740 3085 2797 collecta
3140 2744 3435 2817 Satyrum,
3485 2749 3800 2822 Bryantem

2147 2829 2208 2879 et
2234 2822 2364 2880 loca
2392 2841 2525 2893 qum
2556 2834 2694 2882 sunt
2723 2845 2911 2901 usque
2944 2831 3020 2887 ad
3070 2834 3222 2888 (iarti
3269 2842 3503 2907 portum
3553 2856 3802 2913 occupa-

2146 2914 2247 2968 vit.
2279 2915 2526 2987 }Egyptii
2570 2923 2768 2973 autem
2820 2920 2921 2990 qui
2977 2921 3037 2976 in
3082 2929 3335 2997 utraque
3384 2928 3572 2985 classe
3614 2936 3804 2999 erant,

2152 3004 2303 3059 790
2334 3005 2583 3061 seorsim
2617 3007 2762 3063 inito
2792 3010 3067 3078 consilio,
3101 3022 3284 3070 noctu
3325 3015 3398 3071 ad
3454 3017 3661 3074 urbem
3707 3035 3805 3075 ac-

2150 3101 2478 3159 cesserunt,
2513 3096 2934 3168 imperatorem
2975 3100 3186 3157 faustis
3231 3104 3594 3163 clamoribus
3643 3125 3810 3163 com-

2151 3183 2468 3254 pellanteo.
2502 3184 2651 3241 adeo
2684 3192 2746 3241 ut
2771 3204 2934 3244 mare
2956 3190 3028 3245 ab
3063 3191 3271 3248 Hierea
3295 3210 3480 3266 usque
3503 3196 3577 3250 ad
3601 3197 3807 3252 urbem

2156 3276 2343 3326 totum
2368 3271 2630 3344 ligneum
2656 3273 3239 3349 videreturﬂtraque
3253 3280 3460 3336 classis
3483 3283 3809 3339 exercitum

2155 3359 2405 3416 vehebat
2426 3361 2949 3433 innumerabilem,
2969 3382 3267 3438 navesque
3292 3376 3350 3424 et
3368 3387 3535 3427 arma
3557 3388 3809 3443 quorum

2156 3465 2391 3505 summa
2417 3450 2554 3505 iniri
2586 3468 2705 3507 non
2738 3460 2955 3524 posset.
2981 3458 3170 3527 Atque
3203 3458 3314 3514 hoc
3342 3461 3545 3515 omnia
3590 3462 3813 3517 auxilio

2157 3538 2560 3595 misericordis
2592 3541 2692 3596 Dei
2728 3548 2787 3597 et
2815 3542 3245 3602 intercessione
3285 3549 3552 3621 Deiparm
3602 3551 3813 3607 eodem

2154 3626 2286 3684 loco
2315 3629 2530 3700 partim
2562 3628 2834 3687 demersa
2857 3638 2995 3688 sunt
3024 3650 3058 3689 a
3078 3626 3508 3709 ventis'partim
3535 3639 3812 3696 incensa:

2158 3732 2485 3788 omnesque
2519 3734 2653 3774 cum
2687 3720 2811 3775 suis
2852 3722 3100 3779 navibus
3156 3726 3430 3796 protinus
3483 3731 3812 3801 perierunt,

2156 3823 2293 3863 cum
2314 3805 2624 3863 biennium
2658 3807 2862 3865 urbem
2895 3822 3356 3885 oppugnassent.
3408 3818 3634 3873 Rursus
3665 3820 3816 3874 Mcr-

2156 3895 2380 3951 dasane
2411 3912 2545 3950 cum
2580 3896 2703 3951 suis
2734 3899 2922 3971 copiis
2952 3918 2987 3956 a
3018 3902 3178 3974 Pylis
3206 3904 3466 3960 Nicaeam
3517 3922 3706 3977 usque
3760 3914 3819 3962 et

2158 3981 2560 4037 Nicomediam
2596 3983 3038 4043 incursionibus
3067 3998 3396 4059 grassante,
3430 3995 3678 4049 Romani
3714 3996 3815 4066 qui

2157 4070 2219 4126 in
2253 4070 2391 4125 Liba
2420 4076 2479 4126 et
2508 4072 2786 4143 Sophone
2817 4072 3234 4134 Mardaitarum
3270 4087 3439 4137 erant
3479 4083 3538 4138 in
3590 4099 3815 4139 morem

2157 4158 2515 4226 absconditi,
2547 4160 2744 4215 subito
2778 4176 2878 4217 eos
2909 4163 3255 4223 invadentes
3287 4186 3619 4243 magnaque
3667 4189 3816 4243 quo-

2159 4248 2302 4305 tidie
2332 4248 2499 4304 clade
2530 4249 2861 4307 afﬁcientes
2893 4252 3304 4327 proﬂigarunt.
3337 4260 3631 4315 Arabibus
3661 4278 3816 4333 prm-

2160 4345 2251 4396 ter
2280 4340 2405 4394 htBG
2457 4343 2622 4394 tanta
2660 4341 2837 4396 etiam
2860 4341 3048 4399 fames
3078 4346 3369 4419 incubuit,
3402 4354 3469 4405 ut
3498 4352 3701 4407 omnia
3730 4353 3814 4408 vi-

2158 4429 2360 4485 ventia
2408 4428 2694 4484 animalia
2742 4429 3102 4489 devorarint.
3152 4435 3298 4493 Sunt
3344 4438 3446 4510 qui
3500 4440 3814 4498 hominum

2162 4534 2400 4591 quoque
2448 4517 2734 4574 cadavera
2778 4537 3003 4592 suaque
3046 4523 3311 4597 ipsorum
3369 4535 3633 4588 stercora
3678 4549 3816 4590 cum

390 4617 686 4678 τεθνεῶτας
740 4615 833 4671 καὶ
862 4616 962 4685 τήν
1014 4616 1221 4672 ἑαυτῶν
1276 4615 1483 4688 κόπρον
1541 4612 1635 4667 σὺν
1683 4609 1856 4687 ῥίζαις
1892 4611 2046 4686 βοτα-

2166 4607 2468 4665 radicibus
2516 4607 2834 4664 herbarum
2897 4596 3083 4667 tritis,
3112 4616 3268 4673 elixa
3309 4635 3547 4676 vorasse
3591 4621 3814 4679 dicunt.

388 4709 499 4761 νῶν
531 4704 927 4780 τεθρυμμέναις
956 4701 1181 4780 ἕψοντες
1239 4701 1455 4772 ἤσθιον.
1523 4702 1821 4775 Ἐνέσκηψε
1849 4697 1908 4756 δὲ
1962 4700 2056 4756 αὖ·

393 4798 515 4856 τοῖς
540 4795 627 4849 καὶ
676 4792 915 4869 λοιμικὴ
965 4793 1145 4862 νόσος,
1195 4793 1286 4846 καὶ
1352 4791 1704 4865 ἀναρίθμητα
1759 4790 1950 4861 πλήθη
2003 4788 2055 4863 ἐξ

399 4882 577 4941 αὐτῶν
612 4880 807 4941 ὤλεσε.
851 4886 1107 4958 Συνῆψαν
1166 4879 1226 4938 δὲ
1278 4882 1416 4956 πρὸς
1445 4881 1640 4943 αὐτοὺς
1669 4878 1760 4935 καὶ
1792 4880 1848 4935 οἱ
1880 4876 2057 4937 Βούλ-

395 4994 559 5051 γαροι
590 4973 859 5048 πόλεμον,
915 4974 1007 5030 καὶ
1059 4973 1390 5050 κατέσφαξαν
1450 4968 1712 5048 χιλιάδας
1776 4967 2075 5027 είγοσιδόο⁴

2165 4700 2354 4756 Pestis
2384 4715 2621 4772 quoque
2654 4716 2754 4755 eos
2785 4702 3075 4775 corripuit
3103 4712 3161 4762 et
3180 4709 3631 4768 multitudinem
3652 4713 3824 4769 innu-

2164 4805 2392 4846 meram
2422 4788 2706 4861 pernidit.
2742 4789 2826 4844 Ad
2858 4791 2984 4848 haec
3016 4795 3245 4868 Bulgari
3277 4798 3435 4856 bello
3466 4810 3646 4863 moto.
3681 4814 3819 4859 Ara-

2165 4878 2305 4934 bum
2337 4881 2406 4934 22
2435 4877 2629 4934 millia
2652 4877 3101 4940 interfecerunt.
3132 4885 3330 4945 Multa)
3363 4906 3538 4962 porro
3569 4891 3699 4949 alia)
3730 4908 3823 4948 ca-

2164 4969 2464 5026 lamitates
2491 4967 2567 5025 iis
2595 4974 2939 5039 evenerunt,
2971 4980 3039 5029 ut
3085 4976 3228 5033 satis
3276 4977 3406 5054 ipsa
3452 4980 3823 5054 experientia

1579 5090 1946 5150 XYLANDRI
1999 5090 2087 5151 ET
2144 5086 2361 5147 COARI
2415 5085 2641 5144 NOTAE.

469 5210 588 5291 (ξδ’)
617 5210 721 5269 Hic
753 5227 875 5269 non
902 5210 1288 5291 armigerum.
1332 5207 1437 5291 sed
1494 5206 1841 5291 dignitatem
1875 5205 2055 5291 aliam

398 5282 813 5363 ordinemque
837 5278 1177 5363 militarem,
1209 5280 1541 5363 signiﬁcari
1564 5278 1857 5363 'apparet.
1909 5278 2056 5363 Nam

397 5359 459 5432 et
487 5355 1105 5432 protospatbariorum
1136 5359 1329 5432 exstat
1357 5355 1583 5432 mentio
1615 5366 1779 5432 smpe
1820 5355 2054 5432 iterata,

399 5430 457 5482 et
484 5420 745 5504 _S_e_rgius.
783 5426 885 5498 qui
917 5430 1125 5504 contra
1156 5425 1411 5504 Leonem
1449 5420 1826 5504 lsaurunihin
1858 5420 2057 5504 Sicilia

399 5493 754 5574 geditidnem
790 5493 992 5574 movit,
1047 5495 1563 5574 protospathurius
1619 5493 1838 5574 dicitur
1875 5493 2050 5574 infra.

399 5514 754 5553 seditionem
790 5514 991 5566 movit,
1095 5514 1563 5567 rorospatnurius
1619 5514 1838 5574 dicitur
1875 5514 2050 5549 lnll‘ﬂ.

399 5568 465 5622 Et
508 5568 569 5624 in
606 5570 913 5626 .Michaelo
963 5514 1143 5649 Barba
1199 5567 1317 5649 duo
1374 5564 1835 5649 protospatbarii
1893 5569 2053 5625 sunt.

396 5639 689 5697 Photinus
718 5658 787 5699 ac
818 5641 1157 5703 Damianus,
1186 5638 1406 5711 aliique
1453 5638 1619 5711 alibi.
1672 5639 1917 5692 Ameras
1947 5652 2053 5692 seu

390 5710 719 5771 Amerades
750 5713 1026 5772 videntur
1048 5711 1189 5784 dici,
1206 5709 1356 5785 quos
1388 5709 1683 5769 Vuaschas
1709 5722 1873 5770 nunc
1885 5722 2054 5792 usur-

2164 5208 2331 5278 pant,
2362 5201 2654 5278 prafecti.
2680 5205 2820 5260 XrL.

2236 5275 2571 5339 (46)’Locus
2602 5275 2910 5332 obscurus.
2970 5280 3051 5334 Ex
3100 5281 3267 5337 Pauli
3316 5282 3558 5340 Diaconi
3618 5284 3659 5339 ι.
3721 5303 3822 5344 xxx

2165 5347 2466 5439 cplligitur
2492 5346 2634 5439 quid
2670 5348 2780 5403 sibi
2813 5349 2971 5439 velit.
3010 5352 3249 5439 Isnenim
3282 5355 3488 5439 scribit
3526 5357 3822 5439 :Egyptias

2163 5418 2387 5499 classes
2409 5435 2545 5499 cum
2578 5418 2877 5499 frumento
2900 5424 3287 5497 transfugisse
3315 5428 3545 5499 Cpolin.
3582 5418 3823 5487 Videtur

2163 5488 2391 5557 aliquid
2422 5489 2593 5546 desse
2648 5489 2784 5555 XvL,

2232 5563 2348 5648 (4:1)
2380 5563 2841 5648 A.‘Propon_tidos‘
2870 5580 3049 5646 supra
3088 5567 3298 5648 urbem
3330 5569 3619 5648 faucibus.
3652 5572 3822 5648 Ἱερόν

2163 5632 2507 5709 Βιιιειθοῐιῌἶ
2540 5649 2619 5688 vn
2648 5640 2708 5689 et
2735 5632 2882 5708 ἱερὸν
2912 5632 3090 5707 σῖιόμα
3120 5639 3316 5699 dictis.
3351 5661 3455 5703 sex
3472 5632 3822 5709 milliarium

2162 5706 2356 5782 spatio
2384 5703 2461 5763 ad
2490 5703 2681 5781 ipsam
2711 5703 2902 5782 usque
2934 5703 3164 5772 urbem.
3197 5712 3374 5775 ϐου.
