4112 6426
351 373 467 436 871

1718 354 2042 419 GEORGII
2084 354 2438 418 GEDRENI

3644 353 3763 417 872

345 509 642 565 intentum
687 520 868 577 quam
926 502 1114 557 brutaa
1170 496 1474 554 voracitati
1533 497 1710 564 atque
1742 489 1992 563 poculis.

2112 487 2317 557 ἐζεσθαι
2366 488 2450 544 ἐπὶ
2503 488 2704 550 παντὸς
2758 491 2856 543 τοῦ
2913 485 3117 557 ἔθνους,
3170 485 3262 543 καὶ
3318 491 3641 562 προσκυνεῖν
3674 485 3775 543 a6-

343 597 632 655 Eumdem
682 596 831 652 Maio
883 607 1087 649 mense
1134 590 1196 645 in
1244 590 1566 658 conspectu
1600 582 1779 637 totius
1809 580 2003 653 gentis

346 688 691 761 praesidere,
723 690 1081 758 gentemque
1126 678 1395 743 adorare,
1429 678 1489 729 et
1542 672 1800 727 vicissim
1832 670 1906 726 ab
1937 684 2007 724 ea

348 757 606 843 adorari,
639 757 815 842 atque
863 772 1020 827 ultro
1071 776 1195 823 tum
1252 766 1324 822 de
1384 778 1548 819 more
1579 762 1845 831 citroque
1876 757 2004 814 dari

352 868 525 924 dona.
555 865 903 921 Prml‘ectum
927 860 1139 915 domus
1170 857 1292 912 sive
1316 854 1466 910 aulas
1498 852 1653 923 regis
1684 862 2004 919 rerumque

349 954 540 1029 gentis
571 954 620 1023 ej
672 969 699 1007 s
730 950 997 1006 omnium
1057 963 1260 1003 curam
1308 957 1534 1016 gerere.
1569 939 1675 1006 Qui
1709 955 1779 994 ea
1822 938 2005 1007 stirpe

348 1028 618 1117 prognati
668 1046 857 1102 erant,
908 1037 1132 1095 cristati
1195 1035 1570 1100 dicebantur,
1619 1028 1779 1101 quod
1809 1028 2005 1083 Grmce

346 1116 562 1189 dicitur
590 1128 1034 1195 trichorachati,
1058 1126 1198 1198 quia
1227 1126 1416 1179 instar
1446 1135 1762 1194 porcorum
1790 1134 1859 1173 ex
1888 1116 2006 1188 spi-

344 1238 422 1278 na
450 1220 610 1276 dorsi
644 1224 992 1275 enascentes
1025 1216 1177 1287 pilos
1208 1213 1523 1269 haberent.

417 1318 584 1366 Anno
614 1326 770 1364 nono
806 1309 916 1363 Leo
962 1304 1184 1375 impius
1234 1301 1413 1373 cmpit
1468 1298 1541 1355 de
1592 1296 1776 1353 sacris
1806 1295 2009 1368 imagi-

345 1402 523 1458 nibus
555 1398 887 1456 evertendis
934 1396 1301 1452 mentionem
1350 1391 1563 1447 facere.
1599 1389 1721 1453 Quo
1752 1387 2006 1459 cognito,

348 1491 663 1563 Gregorius
692 1491 891 1545 Roma)
923 1503 1076 1559 papa
1099 1485 1317 1539 tributo
1345 1482 1533 1537 Italia:
1561 1484 1619 1534 et
1650 1482 1847 1535 Romae
1872 1492 2007 1531 eum

343 1572 669 1654 prohibuit,
702 1580 888 1635 missa
919 1578 1102 1633 etiam
1134 1573 1413 1630 decretali
1458 1569 1711 1643 epistola
1756 1584 2007 1623 monens

343 1690 466 1729 non
497 1689 627 1728 esse
660 1669 1042 1742 imperatoris
1092 1668 1164 1722 de
1221 1665 1335 1721 ﬁde
1394 1669 1653 1719 statuere
1686 1667 1787 1718 aut
1812 1668 2010 1717 vetera

343 1762 623 1818 Ecclesia)
654 1760 894 1816 decreta
924 1774 956 1813 a
987 1756 1207 1813 sanctis
1258 1753 1531 1809 Patribus
1575 1751 1729 1807 facta
1770 1748 2008 1806 convel-

341 1852 488 1909 lere.
521 1850 741 1906 Eodem
772 1865 930 1905 anno
961 1847 1140 1901 etiam
1190 1850 1422 1899 torrens
1472 1843 1534 1898 in
1582 1840 1791 1897 urbem
1823 1839 1999 1894 Edes-
2035 1862 2083 1928 Β

349 1958 477 1999 sam
507 1938 816 1997 exundans
846 1937 1070 1994 multos
1100 1932 1423 1991 interemit.

416 2191 587 2245 Anno
619 2186 851 2243 decimo
883 2182 1196 2238 Masalmas
1245 2180 1575 2234 Cmsaream
1620 2174 2002 2246 Cappadociae

343 2275 719 2349 expugnavit.
744 2272 934 2329 Pestis
956 2286 1194 2341 quoque
1214 2270 1274 2323 in
1297 2267 1465 2339 Syria
1484 2266 1613 2320 fuit.
1634 2267 1852 2320 Estate
1877 2265 2005 2334 ejus

344 2368 487 2421 anni
516 2366 674 2420 inter
702 2364 951 2420 Theram
985 2366 1044 2416 et
1073 2357 1377 2413 Therasim
1404 2354 1631 2412 insulas
1651 2371 1757 2427 per
1777 2353 2007 2424 aliquot

342 2456 470 2511 dies
486 2472 552 2509 ex
570 2451 860 2526 profundo
878 2450 1055 2505 maris
1070 2463 1304 2503 sursum
1320 2462 1382 2500 se
1397 2442 2000 2515 extulitcaligo,qnasi

348 2546 493 2602 795
530 2543 602 2600 ab
634 2542 880 2599 ardente
928 2539 1169 2593 fornace
1226 2550 1510 2607 surgens:
1560 2550 1678 2604 qua
1718 2532 2000 2604 paulatim

342 2636 594 2691 densata
625 2634 808 2705 inque
841 2629 1099 2703 lapidem
1129 2632 1428 2691 concreta,
1458 2625 1626 2697 igniti
1659 2623 1915 2677 incendii
1950 2623 2000 2676 vi

343 2730 504 2780 totus
526 2729 585 2779 et
605 2723 769 2779 locus
794 2726 852 2776 et
873 2736 975 2775 aer
995 2719 1234 2791 igneum
1258 2720 1562 2785 aspectum
1589 2712 1998 2785 praetulerunt.

340 2815 404 2869 Ei
433 2814 506 2869 ob
539 2812 871 2870 crassitiem
927 2814 1135 2863 terreaa
1189 2804 1453 2861 materia:
1502 2802 1702 2874 magni
1736 2801 2001 2874 pumices

340 2904 604 2975 lapidum
630 2903 819 2957 instar
844 2917 949 2972 per
973 2904 1153 2953 totam
1182 2895 1375 2950 Asiam
1403 2891 1997 2961 minorem,Lesbum.

338 2993 729 3064 Abydumque
793 2996 852 3045 et
906 2986 1270 3044 maritimam
1332 2983 1733 3039 Macedoniam
1766 2981 2000 3053 disjecti

342 3089 502 3147 sunt,
536 3082 617 3136 ita
645 3087 710 3136 ut
740 3079 1019 3135 universa
1060 3076 1241 3131 facies
1294 3075 1423 3146 ejus
1453 3073 1636 3128 maris
1667 3070 2003 3144 pumicibus

343 3173 404 3228 in
439 3189 671 3228 summo
696 3169 1036 3243 jacentibus
1082 3172 1239 3223 tecta
1288 3164 1483 3220 fuerit.
1526 3165 1591 3219 ln
1622 3163 1820 3218 medio
1851 3161 2001 3235 ignis

2110 582 2227 639 τοῖς
2283 577 2374 632 καὶ
2431 578 2976 652 ἀντιπροσκυνεῖσθαι
3038 577 3128 632 ὑπ’
3187 575 3385 646 αὐτῶν,
3430 574 3773 656 ὃωροφορεῖ⁴

2114 665 2237 721 σθαί
2264 688 2324 722 τε
2353 668 2490 723 κατὰ
2520 669 2809 738 συνήθειαν
2865 668 2956 721 καὶ
3013 664 3343 721 ἂντιδιδόναι
3378 666 3589 736 αὐτοῖς,
3623 662 3776 741 ἔχειν

2114 754 2171 811 δὲ
2199 758 2462 821 πρόοικον
2516 759 2631 832 (58)
2681 757 2909 831 γνώμην
2962 755 3127 811 αὐτοῦ
3178 756 3269 811 καὶ
3320 760 3418 811 τοῦ
3463 753 3650 819 ἔθνους
3698 755 3777 818 είς

2111 846 2174 901 τὸ
2205 844 2430 901 διοικεῖν
2492 846 2665 901 πάντα
2722 847 2787 900 τδ.
2845 847 3164 921 πράγματα.
3217 842 3510 920 Ἐλέγοντο
3542 841 3599 899 δὲ
3630 845 3683 901 οἱ
3715 845 3776 901 ἐκ

2110 939 2209 990 τοῦ
2263 941 2452 1012 γένους
2504 935 2709 991 ἐκείνου
2766 936 3137 1009 καταγόμενοι
3192 936 3498 1010 κριστατοι,
3529 935 3559 990 ὃ
3590 935 3771 1011 ἑρμη-

2112 1023 2321 1080 νεύεται
2377 1026 2803 1101 αριχοραχάτοι·
2868 1027 3021 1099 εἶχον
3079 1025 3182 1099 γὰρ
3240 1024 3379 1079 κατᾶ
3423 1029 3523 1093 τῆς
3558 1024 3774 1100 ῥάχεως

2114 1114 2291 1172 αὐτῶν
2317 1116 2514 1192 τρίχας
2554 1114 2891 1191 ἐκφυομένας
2923 1116 2998 1178 ὡς
3030 1120 3243 1191 χοῖροι.

2185 1281 2279 1353 Τῷ
2306 1282 2349 1345 0'
2374 1279 2481 1336 ἔτει
2510 1280 2712 1351 ἤρξατο
2768 1280 2796 1335 6
2859 1273 3124 1347 δυσσεϐἡς
3165 1279 3313 1334 Λέων
3363 1278 3456 1334 τὸν
3488 1278 3626 1332 κατᾶ
3669 1284 3773 1348 τῆς

2114 1374 2221 1424 τῶν
2283 1371 2453 1447 ἁγίων
2511 1369 2737 1425 εἰκόνιον
2813 1370 3178 1432 καθαιρέσεως
3238 1368 3402 1445 λόγον
3470 1373 3771 1431 ποιεῖσθαι.

2113 1459 2420 1537 Γρηγόριος
2470 1456 2528 1515 δὲ
2585 1460 2614 1514 6
2663 1458 2842 1520 πάπας
2901 1460 3126 1531 Ῥώμης
3183 1462 3344 1514 τοῦτο
3405 1456 3588 1530 μαθὼν
3642 1456 3773 1520 τοὺς

2114 1549 2315 1627 φόρους
2344 1552 2443 1614 τῆς
2500 1548 2738 1610 ἰταΑίας
2794 1548 2885 1603 καὶ
2940 1547 3166 1619 Ῥώμης
3226 1544 3496 1612 ἐκώλυσε,
3552 1547 3773 1621 γράψας

2112 1638 2203 1693 καὶ
2235 1638 2372 1713 πρὸς
2418 1638 2623 1693 Λέοντα
2674 1635 2972 1704 ἐπιστολὴν
3021 1635 3381 1711 δογματικὴν.
3416 1635 3494 1708 μή
3528 1632 3638 1690 δεῖν
3674 1637 3773 1710 βα-

2114 1727 2269 1783 σιλέα
2299 1727 2459 1802 λόγον
2511 1727 2635 1782 πεσὶ
2689 1726 2923 1787 πίστεως
2975 1727 3250 1782 ποιεῖσθαι
3298 1726 3391 1781 καὶ
3422 1729 3774 1799 καινοτομεῖν

2110 1819 2178 1872 τὰ
2206 1817 2412 1897 ἀρχαῖα
2443 1820 2527 1891 [Ρ.
2561 1819 2687 1891 454]
2737 1814 2988 1891 δόγματα
3035 1818 3135 1883 τῆς
3191 1813 3523 1886 Ἐκκλησίας
3565 1815 3634 1870 τὰ
3667 1815 3773 1871 ὑπὸ

2110 1912 2218 1961 τῶν
2246 1907 2413 1981 ἁγίων
2449 1908 2701 1982 Ματέρων
2755 1904 3203 1980 δογ·ι.ατισθέιτα.
3261 1907 3359 1976 Τῷ
3408 1901 3455 1959 δ’
3485 1903 3635 1976 αὖτῷ
3666 1901 3774 1959 ἔτει

2111 1994 2220 2055 ἔτει
2250 1999 2339 2054 καὶ
2373 2000 2401 2054 6
2430 1997 2734 2074 χείμαρρος
2785 1999 2895 2071 (59)
2950 1995 3372 2072 πλημμυρήσας
3412 1993 3666 2065 εἲσῆλθεν
3696 1994 3774 2057 εἰς

2115 2087 2352 2158 Ἐδεσαν,
2384 2088 2473 2144 καὶ
2505 2090 2604 2158 τὴν
2633 2086 2797 2143 πόλιν
2829 2087 2919 2143 καὶ
2954 2084 3204 2148 πολλοὺς
3230 2086 3479 2162 ἠφάνισε.

2184 2182 2282 2252 Τῷ
2341 2179 2373 2233 ι’
2428 2172 2535 2234 ἔτει
2592 2178 2978 2253 ἐπεστράτευσε
3051 2175 3354 2249 Μασιλμᾶς
3407 2176 3509 2246 τήν
3570 2173 3771 2232 Καισά·

2116 2290 2260 2346 ρειαν
2318 2267 2702 2331 Καππαδοκίας
2788 2269 2878 2324 καὶ
2959 2264 3264 2344 παρέλαϐεν
3333 2266 3519 2335 αὐτὴν.
3579 2264 3774 2342 Γέγονε

2115 2357 2172 2415 δὲ
2200 2359 2289 2414 καὶ
2322 2360 2606 2415 θανατικὸν
2663 2359 2739 2420 είς
2796 2360 3015 2434 Συρίαν.
3061 2362 3152 2416 Ἐν
3212 2358 3358 2429 αὐτῷ
3389 2362 3467 2428 τῷ
3497 2353 3624 2424 ἔτει,
3657 2356 3776 2428 ὥρᾳ

2115 2449 2325 2522 θέρους,
2383 2449 2546 2523 ἀτμὶς
2600 2449 2832 2522 καμίνου
2891 2449 3061 2522 πυρὸς
3119 2442 3409 2520 ἀνέϐρασεν
3467 2446 3568 2500 ivi
3608 2444 3772 2517 μέσον

2114 2543 2294 2614 Θήρας
2321 2540 2412 2594 καὶ
2479 2540 2756 2615 Θηρασίας
2816 2543 2923 2593 τῶν
2975 2540 3157 2608 νήσων
3195 2534 3256 2592 ἐκ
3307 2540 3405 2593 τοῦ
3460 2537 3628 2612 βυθοῦ
3666 2541 3773 2603 τῆς

2114 2628 2391 2698 θαλάσσης
2423 2629 2509 2684 ἐπὶ
2543 2628 2752 2703 ἡμέρας
2785 2629 2956 2697 τινὰς,
3006 2627 3096 2682 καὶ
3146 2626 3283 2682 κατᾶ
3317 2626 3497 2701 αχυ
3528 2644 3775 2702 παχυνο-

2116 2721 2287 2794 μένης
2318 2720 2406 2775 καὶ
2439 2718 2882 2793 ἇπολίθουμένης
2939 2720 3010 2792 τῇ
3067 2714 3308 2790 πυρώδει
3359 2714 3606 2771 ἐκκαύσει
3642 2711 3776 2775 ’ὀλος

2113 2812 2141 2867 6
2193 2812 2363 2875 τόπος
2420 2810 2511 2865 καὶ
2545 2811 2573 2865 6
2602 2809 2709 2884 ἀήρ
2764 2810 3082 2889 πυροφανὴς
3140 2804 3435 2864 ἐδείκνυτο.
3467 2807 3550 2879 Τῇ
3583 2802 3639 2860 δὲ
3669 2824 3773 2858 πα-

2112 2901 2315 2981 χύτητι
2346 2907 2445 2969 τῆς
2474 2896 2716 2975 γεώδους
2759 2898 2943 2961 οὐσίας
2996 2897 3459 2972 πετροκισσήρους
3496 2891 3770 2971 μεγάλους

2113 2992 2188 3053 ὡς
2243 2988 2430 3053 λίθους
2483 2990 2631 3050 τινας
2685 2983 2996 3062 ἀναπέμψαι
3050 2987 3170 3042 καθ’
3224 2984 3362 3056 ὅλης
3418 2990 3516 3053 τῆς
3572 2987 3771 3062 μικρᾶς

2112 3079 2299 3141 Ἀσίας
2326 3080 2416 3134 καὶ
2450 3073 2658 3134 Λέσϐου
2706 3079 2796 3133 καὶ
2846 3073 3077 3135 Ἀϐύδου
3123 3075 3214 3131 καὶ
3268 3082 3370 3145 τῆς
3400 3075 3536 3151 πρὸς
3566 3056 3774 3129 θάλασ-

2112 3191 2205 3225 σαν
2238 3165 2597 3237 Μακεδονίας,
2657 3168 2733 3230 ὡς
2791 3168 2930 3223 ἅπαν
2987 3167 3049 3221 τὸ
3106 3165 3402 3238 πρόσωπον
3431 3170 3534 3233 τῆς
3566 3161 3769 3227 θαλάσ-

342 3262 520 3333 hujus
553 3262 747 3317 insula
768 3261 830 3315 in
854 3264 1073 3314 terram
1097 3255 1430 3326 constipata
1458 3253 1764 3324 Hiermque
1788 3251 1998 3306 insulas

2113 3280 2212 3329 σης
2270 3258 2471 3328 ταύτης
2526 3258 2806 3333 κισσήρων
2862 3256 3306 3325 ἐπιπολαζόντων
3351 3255 3562 3329 γέμειν.
3596 3252 3770 3308 Μέσον

339 3357 579 3425 aggesta
611 3356 735 3416 est;
769 3367 899 3421 qua:
922 3354 1059 3404 ante
1086 3359 1393 3415 nunquam
1418 3343 1551 3407 fuit,
1580 3342 1683 3397 sed
1707 3339 2003 3412 quomodo

339 3443 485 3497 olim
515 3442 705 3496 Thera
758 3445 819 3494 et
872 3436 1155 3493 Therasia
1211 3438 1558 3504 eruperunt,
1602 3431 1685 3487 ita
1714 3436 1773 3485 et
1802 3430 2006 3485 istheec

339 3535 513 3585 aetate
543 3530 661 3584 Deo
694 3527 924 3583 adversi
971 3524 1202 3579 Leonis.
1256 3523 1545 3576 Caeterum
1579 3520 1689 3574 Leo
1721 3524 2006 3590 quantam

338 3622 402 3676 in
444 3636 509 3675 se
543 3618 640 3673 Dei
671 3618 823 3673 iram
856 3614 1217 3670 concitasset
1257 3616 1565 3683 reputans,
1596 3608 2006 3680 impudentius

341 3705 697 3764 venerandis
730 3704 1090 3776 imaginibus
1118 3701 1345 3756 bellum
1372 3698 1572 3754 movit.
1598 3698 1788 3763 Quare
1821 3684 2007 3770 popu-

341 3798 437 3855 lus
469 3796 644 3869 regim
697 3794 865 3849 urbis
925 3789 1260 3846 vehementi
1318 3785 1519 3843 dolore
1572 3786 1833 3858 percitus
1869 3803 2005 3841 cum

339 3889 539 3960 ipsum
574 3886 829 3940 Leonem
863 3880 1071 3938 statuit
1092 3879 1390 3944 invadere,
1418 3882 1542 3933 tum
1569 3876 1786 3932 multos
1816 3876 2005 3949 ipsius

340 3975 699 4032 domesticos
728 3971 1061 4033 trucidavit,
1087 3976 1264 4040 atque
1291 3984 1392 4023 eos
1415 3966 1591 4022 etiam
1623 3965 1724 4037 qui
1760 3965 2004 4038 imposi-

338 4073 462 4123 tam
489 4081 715 4138 magna:
739 4079 907 4117 mrem
930 4065 1115 4133 portas
1138 4058 1458 4132 imaginem
1486 4055 1720 4111 Domini
1748 4056 2005 4112 abstule-

337 4163 493 4216 rant.
527 4158 650 4223 Quo
683 4154 906 4209 factum
939 4156 1030 4207 est
1071 4153 1136 4205 ut
1186 4145 1360 4204 multi
1394 4163 1499 4220 pro
1531 4146 1751 4218 pietate
1782 4163 2002 4218 propu-

334 4251 585 4323 gnantes
616 4242 926 4316 suppliciis
957 4240 1360 4303 afficerentur,
1384 4235 1481 4291 alii
1513 4234 1797 4291 membris
1829 4235 2004 4291 muti-

333 4338 461 4403 lati,
494 4335 597 4392 alii
630 4332 905 4405 flagellis.
935 4327 1159 4385 exsiliis
1208 4331 1268 4381 et
1315 4324 1519 4380 multis
1548 4324 1741 4396 puniti
1770 4340 1785 4391 ;
1817 4330 2000 4397 utque

333 4428 434 4501 pia
463 4423 798 4482 scholarum
824 4418 1095 4477 doctrina
1119 4419 1397 4472 cessaret.
1424 4415 1566 4468 Nam
1592 4412 1750 4485 apud
1774 4413 2000 4487 regiam

334 4517 657 4572 cisternam
689 4509 974 4583 palatium
1022 4510 1151 4562 erat
1197 4502 1560 4567 venerabile,
1594 4503 1657 4557 in
1688 4518 1804 4573 quo
1829 4501 2001 4574 juxta

2107 3346 2165 3403 δὲ
2192 3352 2289 3403 τοῦ
2334 3347 2669 3416 τηλικούτου
2726 3346 2899 3420 πυρὸς
2946 3345 3109 3413 νῆσος
3167 3346 3544 3422 ἀπογεωθεῖσα
3570 3345 3641 3415 τῇ
3675 3339 3771 3397 λε-

2103 3438 2308 3513 γομένῃ
2367 3437 2488 3509 ἱερᾷ
2540 3437 2690 3509 νήσῳ
2765 3436 3036 3512 συνήφθη,
3097 3436 3268 3507 μήπω
3315 3433 3378 3488 τὸ
3429 3432 3555 3507 πρὶν
3613 3428 3767 3495 οὖσα,

2105 3524 2233 3581 ἀλλ’
2264 3525 2341 3587 ὡς
2372 3526 2430 3582 αἱ
2460 3523 2861 3599 προῤῥηθεῖσαι
2909 3526 3060 3599 Θήρα
3107 3545 3167 3580 τε
3212 3523 3302 3579 καὶ
3350 3521 3594 3597 Θηρασία
3635 3520 3771 3575 ποτὶ

2104 3609 2521 3689 ἐξεϐράσθησαν,
2583 3609 2731 3669 οὕτω
2787 3613 2878 3669 καὶ
2932 3612 3068 3683 αὕτη
3122 3616 3214 3668 νῦν
3272 3610 3362 3667 ἐπὶ
3413 3614 3521 3667 τῶν
3553 3608 3768 3685 χρόνων

2103 3708 2201 3760 τοῦ
2259 3702 2542 3782 θεομάχου
2600 3703 2850 3765 Λέοντος.
2912 3704 3012 3764 Ὄς
3076 3703 3175 3770 τὴν
3234 3702 3355 3757 κατ’
3412 3697 3578 3755 αὓτυῦ
3627 3698 3773 3754 θείαν

2108 3793 2280 3868 ὀργὴν
2340 3794 2475 3869 ὑπὲρ
2528 3793 2694 3849 αὐτοῦ
2769 3791 3129 3870 λογισάμενος
3201 3788 3575 3865 ἀναιδέστερον
3633 3789 3774 3845 κατὰ

2104 3890 2213 3940 τῶν
2266 3885 2439 3960 ἁγίων
2490 3888 2702 3941 σεπτῶν
2752 3884 2975 3940 εἰκόνων
3015 3881 3202 3960 ἤγειρε
3230 3878 3502 3958 πόλεμον.
3537 3881 3607 3938 Ol.
3639 3878 3774 3953 μέν-

2104 3997 2189 4031 τοι
2223 3976 2360 4031 κατά
2386 3976 2485 4045 τήν
2523 3972 2779 4050 βασιλίδα
2817 3973 2981 4030 πόλιν
3032 3970 3200 4049 ὄχλοι
3234 3971 3442 4050 σφόδρα
3473 3969 3769 4043 λυπούμε-

2103 4085 2187 4120 νοι
2218 4064 2368 4138 αὐτῷ
2396 4085 2454 4119 τε
2485 4062 2722 4137 ἔμελλον
2753 4062 2998 4120 ἐπελθεῖν
3030 4064 3122 4118 καὶ
3151 4060 3399 4124 πολλοὺς
3448 4059 3602 4137 βασι)
3621 4060 3770 4121 ικοὺς

2105 4152 2426 4228 ἀνθρώπους
2458 4152 2699 4222 ἀνεῖλον,
2747 4152 2877 4215 τούς
2921 4173 2981 4208 τε
3027 4149 3355 4216 καθελόντας
3402 4150 3503 4219 τὴν
3543 4147 3632 4205 ἐπὶ
3671 4155 3773 4217 τῆς

2108 4241 2359 4320 μεγάλης
2389 4239 2610 4318 χαλκῆς
2644 4242 2829 4311 πύλης
2873 4246 2971 4298 τοῦ
3021 4241 3226 4316 Κυρίου
3256 4239 3460 4308 εἰκόνα,
3495 4239 3570 4301 ὡς
3616 4244 3769 4293 πολ-

2107 4331 2240 4394 λοὺς
2294 4332 2427 4407 ὑπὲρ
2466 4335 2570 4398 τῆς
2615 4326 2886 4394 εὐσεϐείας
2932 4333 3325 4406 τιμωρηθῆναι
3376 4327 3560 4404 μελῶν
3591 4348 3649 4383 τε
3681 4326 3772 4382 ἐκ-

2102 4425 2301 4485 κοπαῖς
2346 4418 2437 4476 καὶ
2486 4420 2702 4493 μάστιξι
2749 4420 2849 4499 ⁴καὶ
2907 4418 3142 4494 ἐξορίαις
3197 4419 3289 4474 καὶ
3333 4416 3591 4490 ζζημίσις
3630 4416 3768 4471 ὑπο·

2105 4504 2403 4579 ϐληθῆναι,
2452 4503 2742 4579 σϐεσθῆναί
2790 4529 2848 4564 τε
2887 4508 2997 4564 τῶν
3064 4504 3467 4583 παιδευτηρίων
3519 4506 3618 4575 τὴν
3680 4502 3772 4558 εὐ-

334 4604 645 4674 antiquam
677 4600 931 4655 formam
962 4594 1363 4653 cecumenicus
1414 4591 1698 4664 magister
1728 4591 1991 4660 sedebat,

2112 4599 2238 4664 σεϐῆ
2282 4600 2657 4660 διδασκαλίαν.
2711 4603 2853 4679 Πρὸς
2904 4603 3008 4678 γὰρ
3064 4605 3131 4675 τῇ
3180 4600 3449 4675 λεγομένῃ
3500 4596 3765 4673 βασιλικῇ

334 4692 651 4750 duodecim
683 4688 911 4745 habens
933 4684 1259 4757 discipulos
1286 4681 1623 4738 eruditione
1647 4686 1708 4735 et
1725 4681 1843 4736 vita
1860 4697 1996 4754 gra-

331 4800 450 4839 ves.
483 4782 528 4836 li
562 4795 698 4833 cum
730 4793 971 4833 omnem
1004 4774 1240 4831 dicendi
1265 4770 1575 4834 scientiam
1604 4769 1908 4826 celeritate
1940 4776 2000 4828 et

333 4868 730 4943 amplitudine
779 4865 1005 4939 ingenii
1057 4861 1488 4938 percepissent,
1533 4858 1997 4919 ecclesiasticam

333 4961 671 5020 divinarum
690 4972 892 5016 rerum
909 4952 1263 5027 sapientiam
1283 4948 1402 5005 acri
1424 4946 1619 5005 studio
1640 4950 1993 5009 tractabant:

2105 4691 2391 4768 κινστέρνῃ
2448 4692 2716 4747 παλάτιον
2775 4692 2842 4761 ἧν
2903 4692 3117 4765 σεμνὸν,
3186 4688 3240 4745 ἐν
3308 4689 3353 4761 ᾧ
3405 4689 3543 4743 κιτὰ
3597 4687 3767 4742 τύπον

2106 4783 2339 4858 ἀρχαῖον
2375 4781 2755 4855 οῗκουμενικὸς
2803 4782 2917 4855 (60)
2966 4779 3198 4849 ἐκάθητο
3230 4776 3581 4841 διδάσκαλος,
3615 4772 3765 4851 ἔχων

2110 4869 2356 4943 μαθητὰς
2390 4869 2541 4944 λόγῳ
2571 4870 2661 4923 καὶ
2711 4869 2817 4945 βίῳ
2876 4866 3105 4942 σεμνοὺς
3147 4868 3239 4922 τὸν
3267 4866 3500 4939 ἀριθμὸν
3532 4861 3764 4919 δώδεκα.

2106 4956 2274 5017 Οὗτοι
2304 4964 2477 5015 πᾶσαν
2530 4956 2766 5035 λογικήν
2811 4957 3123 5032 ἐπιστήμην
3171 4957 3331 5032 τάχει
3380 4976 3440 5011 τε
3477 4953 3566 5011 καὶ
3603 4953 3766 5029 μεγέ-

1539 5074 1903 5138 XYLANDRI
1940 5085 2028 5139 ET
2080 5086 2298 5147 GOAltI
2337 5087 2559 5145 ΝΟΓᾸ-Σ.

405 5212 512 5283 (58)
545 5211 746 5265 Domus
792 5207 959 5284 regis:
1007 5204 1275 5284 majorem
1316 5199 1475 5284 apud
1505 5202 1848 5284 Gregorium
1879 5208 1993 5284 Tu.

332 5273 680 5341 ronensem.
713 5273 870 5351 apud
900 5273 1149 5351 Paulum
1182 5273 1482 5351 {Emilium
1514 5275 1844 5351 magistrum
1886 5282 1991 5334 mi.

333 5355 491 5410 litum
521 5345 1081 5421 dictum'reperies;
1126 5347 1247 5421 cui_
1273 5360 1473 5421 parem
1505 5361 1626 5421 non
1659 5345 1858 5402 ofﬁcio
1890 5352 1994 5407 sed

331 5440 574 5480 nomine
606 5424 788 5479 Graeci
836 5415 1174 5476 habuerunt
1222 5415 1516 5490 ῥαῖκτιῖιρα.
1551 5419 1860 5490 Rectorem
1894 5438 1994 5478 eo-

332 5511 464 5549 mus
495 5501 663 5550 vocat
696 5491 1092 5565 Luitprandus
1126 5489 1317 5565 etult.
1356 5489 1498 5544 Hist.
1525 5489 1705 5565 901m.

404 5566 518 5637 (59)
556 5566 653 5619 Vel
687 5567 767 5621 sit
795 5561 1125 5635 proprium,
1167 5563 1473 5637 Chimarus.
1524 5561 1840 5637 Torrentes
1878 5581 1993 5623 au-

332 5631 464 5716 tem
478 5631 586 5693 sua
602 5631 1002 5716 eaund‘atione
1026 5650 1149 5691 non
1173 5633 1366 5716 parvis
1382 5636 1489 5715 aut
1511 5631 1667 5687 male
1687 5633 1995 5696 mdiﬂcatis

331 5707 522 5787 pagis,
555 5706 661 5770 sed
688 5706 939 5769 urbibus
968 5719 1208 5785 quoque
1248 5706 1501 5767 minimc
1535 5708 1996 5777 contemnendis

2104 5228 2350 5284 magnas
2382 5211 2583 5268 clades
2614 5210 2833 5268 inferre
2876 5211 2965 5267 vel
3016 5211 3249 5284 Basilea
3296 5210 3511 5284 docere
3541 5198 3765 5284 potest"

2106 5279 2455 5411 ὲὲιγὲῗαξξῗέν
2488 5300 2653 5356 papa)
2687 5284 3000 5356 epistolam
3033 5284 3106 5340 ad
3136 5283 3380 5340 verbum
3405 5279 3767 5338 decretalem

2104 5371 2249 5410 νενιι
2261 5399 2269 5408 .
2299 5371 2416 5410 λγι

2176 5430 2289 5510 (60.)
2349 5427 2820 5510 (Ecumenicum
2867 5427 3218 5510 magistrum
3304 5425 3528 5510 dictum

2106 5499 2277 5569 quasi
2310 5502 2483 5568 cujus
2513 5499 2785 5554 doctrina
2808 5494 3281 5554 totus'terrarum
3317 5498 3478 5553 orbis
3509 5494 3770 5569 illustra-

2104 5566 2290 5652 retur.
2325 5566 2645 5652 autcujus
2666 5586 2774 5642 per
2803 5587 3042 5627 omnem
3077 5570 3583 5626 Christianitatem
3615 5566 3769 5639 \ige-

2104 5647 2198 5699 ret
2227 5643 2570 5701 auctoritas.
2604 5643 2744 5699 Χγι..

3600 5427 3764 5494 puto,
