4112 6414
417 423 537 483 87"!

1562 409 2118 476 HISTORIARUM
2160 410 2733 478 COMPENDIUM.

3726 419 3847 480 878

424 555 640 632 σμὲνων
673 549 957 629 ἀριδήλως
1015 548 1259 626 ἐλίγχει.
1299 547 1388 605 Ἐν
1449 544 1507 601 δὶ
1682 544 1822 601 κατᾶ
1880 545 2108 619 Συρίαν¹

2221 548 2566 606 nathemate
2589 548 2767 613 feriit,
2790 547 3333 621 imperatoremque
3355 549 3559 607 multis
3580 554 3849 626 epistolis

426 630 700 720 Δαμασκῷ
725 642 998 713 Ἰωάννης
1036 638 1281 714 μοναχὸς
1308 637 1397 693 καὶ
1458 630 1846 711 πρεσϐύτερος,
1891 637 1918 691 ὁ
1951 638 2091 711 γρυ-

427 735 662 812 σορῥόας
687 736 801 806 (68)
833 733 861 788 6
905 734 1003 786 τοῦ
1063 727 1344 802 Μανσοὺρ,
1395 727 1425 782 ὅ
1474 726 1826 803 ἑρμηνεύεται
1869 727 2093 804 Λέντρα-

429 822 550 892 ϐος,
592 826 758 897 ὅνπερ
790 822 819 877 6
848 814 1114 890 δυσσεϐὴς
1144 819 1375 891 Μανζήρ
1428 813 1716 890 Ἰουδαῖκῷ
1774 819 2087 895 φρονήματι

432 914 835 991 μετωνόμασεν.
870 910 1045 973 Οὗτος
1077 910 1104 964 6
1139 905 1559 978 ΒσιοςἸωάννης
1582 907 1672 961 καὶ
1702 904 1952 980 μελῳδός
1974 909 2086 981 (69)

428 1003 730 1077 ὠνομάσθη
766 999 902 1074 μετὰ
956 1001 1152 1069 Κοσμᾶ
1191 994 1475 1068 ἐπισκόπῳ
1523 998 1621 1050 τοῦ
1679 999 1941 1067 Μαΐουμᾶ
1995 997 2086 1051 καὶ

433 1089 742 1171 Θεοφάνους
773 1083 1014 1163 ἀδελφοῦ
1045 1081 1332 1159 Θεοδώρου
1360 1085 1477 1171 τῶν,
1517 1087 1801 1171 γραπτῶν-
1829 1087 1965 1156 {70),
1999 1080 2088 1138 διὰ

429 1182 494 1238 τὸ
518 1169 715 1240 αὖτοὺς
753 1172 1075 1251 μελῳδῆσαι
1101 1172 1170 1228 τὰ
1197 1171 1252 1227 ἐν
1302 1176 1421 1234 ταῖς
1464 1169 1779 1243 ἐκκλησίαις
1812 1177 1920 1228 τῶν
1954 1173 2089 1247 Χρι-

433 1275 664 1327 στιανῶν
721 1264 1074 1339 τετυπωμὲνα
1156 1261 1480 1336 ψάλλεσθαι·
1539 1263 1606 1331 ἦν
1690 1263 1793 1337 γὰρ
1851 1262 1878 1317 6
1938 1263 2089 1337 ἅγιος

428 1361 692 1430 Ἰωάννης
721 1357 886 1417 οὗτος
916 1357 997 1427 τῷ
1023 1374 1083 1407 τε
1131 1352 1240 1428 βίῳ
1276 1353 1366 1406 καὶ
1417 1356 1498 1423 τῷ
1554 1349 1709 1427 λόγῳ
1760 1348 2091 1416 διδάσκαλος

426 1451 671 1530 ἄριστος,
725 1446 907 1518 πάσης
965 1446 1218 1519 γνώσεως
1267 1442 1415 1506 θείας
1468 1462 1527 1496 τε
1594 1442 1685 1496 καὶ
1743 1442 2091 1518 ἀνθρωπίνης

434 1536 914 1615 ἒμπεπλησμένος.
947 1532 1128 1593 Ἀλλᾶ
1156 1531 1437 1606 Γερμανὸν
1495 1532 1589 1605 μὶν
1644 1531 1718 1594 ὡς
1788 1531 1877 1586 ὑπ’
1928 1532 2086 1587 αὐτὸν

431 1629 562 1688 ὄντα
594 1632 622 1685 6
654 1628 804 1685 Λέων
837 1620 1098 1681 ἐκϐάλλει
1152 1627 1251 1679 τοῦ
1303 1623 1525 1696 θρόνου,
1584 1621 1643 1701 ὅς
1696 1623 1760 1678 τὸ
1791 1621 2085 1702 ὠμόφορον

431 1723 583 1796 ἐντῇ
634 1717 756 1796 ἁγίᾳ
811 1714 1053 1791 τραπέζῃ
1118 1720 1213 1783 τῆς
1273 1712 1539 1789 Μεγάλης
1603 1711 1932 1784 Ἐκκλησίας
1978 1713 2088 1779 θεὶς

434 1809 738 1880 ἀπετάξατο
768 1811 838 1881 τῇ
866 1802 1133 1881 ἱερωσύνῃ
1187 1800 1278 1857 καὶ
1328 1802 1708 1881 ὑπεχώρησεν.
1758 1803 1820 1860 Ὀ
1853 1799 1909 1857 δὲ
1966 1805 2087 1859 θεο-

2190 643 2249 693 et
2269 656 2302 694 a
2325 639 2531 695 multis
2559 638 2727 695 lectis
2758 638 3076 694 manifesto
3100 638 3424 712 redarguit.
3452 642 3719 699 Damasci
3750 645 3852 717 Sy-

2190 728 2294 783 rias
2324 728 2437 784 fuit
2465 730 2724 785 Joannes
2754 728 3084 784 monachus
3116 734 3176 784 et
3202 729 3534 802 presbyter,
3558 732 3850 805 Chrysor-

2193 819 2370 874 rhoas
2402 825 2818 892 cognomento,
2861 818 3149 873 Mansuris
3208 819 3388 884 filius,
3445 820 3606 891 quod
3649 821 3847 879 Graece

2193 914 2367 964 sonat
2386 908 2763 971 Lentrabum,
2789 922 2968 979 quem
2993 908 3212 980 impius
3230 908 3471 964 Judaico
3501 926 3678 966 sensu
3692 913 3846 969 Man-

2193 1014 2383 1053 zerem
2417 997 2752 1070 appellavit.
2787 998 2891 1052 Hic
2920 997 2977 1053 S.
3008 998 3287 1065 Joannes,
3315 1014 3438 1056 una
3466 1016 3602 1055 cum
3634 1001 3849 1058 Cosma

2195 1087 2546 1159 Majumensi
2578 1087 2854 1159 episcopo
2887 1091 2945 1141 et
2973 1086 3326 1158 Theophane
3351 1087 3532 1144 fratre
3556 1089 3845 1146 Theodori

2197 1177 2549 1248 Graptorum
2585 1174 2869 1248 episcopi,
2929 1174 3145 1230 melodi
3204 1176 3324 1231 sive
3379 1183 3650 1235 cantores
3708 1185 3849 1234 sunt

2198 1265 2585 1340 agnominati,
2618 1281 2687 1320 eo
2721 1264 2879 1336 quod
2928 1265 3205 1320 melodiis
3253 1267 3850 1339 comprehendissent

2199 1372 2298 1411 eas
2324 1354 2656 1410 cantilenas
2681 1371 2812 1426 quas
2860 1354 2920 1409 in
2960 1354 3228 1411 ecclesiis
3250 1356 3717 1413 Christianorum
3752 1375 3850 1415 ca-

2197 1451 2443 1512 nuntur,
2475 1450 2653 1517 prout
2678 1445 2750 1500 ab
2781 1444 2868 1499 eis
2899 1445 3244 1517 compositae
3273 1446 3659 1520 formataaque
3688 1455 3848 1507 sunt.

2198 1536 2337 1590 Erat
2367 1535 2527 1589 enim
2569 1535 2626 1590 S.
2660 1534 2755 1589 hic
2784 1534 3043 1589 Joannes
3074 1539 3133 1589 et
3161 1535 3281 1590 vita
3312 1542 3370 1590 et
3407 1538 3672 1595 oratione
3724 1556 3854 1596 ma-

2195 1624 2376 1696 gister
2404 1622 2684 1694 optimus,
2716 1623 2879 1677 omni
2902 1623 3100 1679 divina
3121 1625 3500 1697 humanaque
3518 1628 3855 1700 cognitione

2194 1712 2482 1785 repletus.
2515 1711 2627 1766 Sed
2656 1713 3017 1767 Germanum
3049 1712 3293 1782 quidem
3325 1714 3436 1770 Leo
3467 1720 3533 1771 ut
3577 1734 3699 1772 sum
3746 1735 3854 1788 po-

2196 1801 2393 1858 testati
2426 1800 2731 1857 subditum
2767 1800 3121 1872 patriarchae
3177 1803 3326 1857 solio
3376 1804 3614 1876 dejecit.
3676 1808 3851 1878 Isque

435 1902 617 1976 μάχος
642 1897 755 1952 ἀντ’
785 1895 950 1952 αὐτοῦ
973 1895 1283 1969 χειροτονεῖ
1334 1891 1688 1948 Ἀναστάσιον
1739 1893 1831 1948 τὸν
1883 1891 2085 1969 προλε-

708 1986 721 1996 .
842 1986 889 1996 ,.
1137 1983 1179 1996 κ.
1436 1978 1767 1996 -.._.
1842 1986 1936 1996 _..
2014 1985 2083 1996 ._

2221 1891 2506 1947 numerale
2526 1891 2589 1946 in
2621 1906 2787 1947 sacra
2819 1906 3026 1947 mensa
3064 1893 3251 1965 Magni
3282 1892 3507 1966 Templi
3541 1895 3850 1967 deponens

429 1992 632 2050 χθέντα
662 1986 993 2063 σόγκελλον,
1029 1983 1353 2059 συνθέμενον
1397 1986 1465 2058 τῇ
1500 1978 1681 2039 ἀσεϐεῖ
1709 1984 1873 2040 αὐτοῦ
1908 1985 2087 2060 βουλῇ

430 2081 524 2137 καὶ
556 2080 781 2156 αἰρέσει.
815 2076 877 2133 Ὀ
905 2071 964 2130 δὶ
1012 2073 1164 2134 ὅσιος
1222 2072 1495 2148 Γερμανὸς
1553 2072 1638 2146 [Ρ.
1697 2075 1825 2147 457]
1879 2070 2096 2149 ἐξερχὸ-

442 2190 599 2245 μενος
645 2167 763 2243 μεθ’
820 2163 1015 2241 ἐτέρων
1074 2158 1160 2217 διδ
1177 2158 1474 2217 ισκαλικῶν
1535 2158 1720 2236 λόγων
1782 2157 1906 2239 ἔιρη·
1967 2163 2093 2219 Ἐάν

438 2260 553 2333 εἶμι
585 2257 697 2333 ἰγὼ
728 2256 939 2325 Ἰωνᾶς,
974 2249 1211 2329 βάλλετί
1264 2271 1330 2323 με
1386 2249 1462 2311 είς
1517 2251 1618 2320 τήν
1650 2248 1942 2315 θάλασσαν’
1979 2270 2093 2327 χω.

440 2350 525 2424 ρὶς
557 2348 662 2424 γὰρ
722 2344 1108 2418 οἶκουμενικῆς
1158 2336 1386 2395 συνόδου
1435 2347 1836 2413 καινοτομῆσαι
1894 2341 2096 2414 πίστιν³

440 2439 485 2493 ὧ
548 2434 797 2513 βασιλεῖ’),
856 2430 1128 2487 ἀδυνατῶ.
1189 2428 1295 2485 Καὶ
1351 2426 1602 2492 ἀπελθὼν
1656 2427 1708 2484 ἐν
1756 2434 1837 2502 τῷ
1894 2434 2099 2506 γονικῷ

435 2527 601 2584 αὖτοῦ
635 2523 774 2597 οἴκῳ
803 2525 900 2578 τοῦ
932 2518 1234 2576 Πλατανίου
1265 2518 1563 2594 ἡσύχασεν,
1612 2518 1983 2596 ἀρχιερεῦσας.
2000 2515 2095 2593 ἔτη

441 2615 507 2673 ιδ’
542 2622 717 2692 μῆνας
750 2614 788 2669 ε’
810 2611 1020 2690 ἡμερας
1054 2610 1113 2681 ζ’.

508 2888 605 2959 Τῷ
640 2882 709 2940 ιδ’
740 2877 870 2951 ἔτει,
926 2879 1313 2956 ἐπεστράτευσε
1356 2877 1667 2953 Μάσαλμας
1696 2884 1765 2955 τῇ
1793 2880 2101 2953 Ῥωμανίᾳ,

442 2975 535 3033 καί
566 2973 743 3031 ἐλθὼν
778 2970 855 3036 sic;
888 2966 1279 3029 Καππαδοκίαν
1321 2963 1598 3046 παρέλαϐε
1642 2965 1793 3044 δόλῳ
1836 2970 1897 3026 τὸ
1952 2973 2101 3047 Χαρ-

449 3066 632 3122 σιανόν
651 3066 908 3139 κάστρον.

522 3248 611 3317 Τῷ
646 3247 713 3308 ις’
742 3239 848 3299 ἔτει
878 3240 1029 3297 Λέων
1080 3239 1109 3295 6
1153 3236 1411 3317 βασιλεὺς
1459 3239 1562 3308 τὴν
1619 3239 1885 3318 θυγατέρα
1937 3241 2105 3321 χαγά-

448 3356 545 3389 νου
571 3337 669 3389 toi}
696 3337 805 3387 τῶν
858 3332 1076 3387 Σκυθῶν
1127 3326 1389 3385 δυνάστου
1446 3332 1524 3403 τῷ
1579 3331 1683 3403 υἱῷ
1713 3331 2106 3405 Κωνσταντίνῳ

446 3421 835 3498 ὲνυμφεῦσατο,
868 3423 1105 3491 ποιήσας
1146 3420 1314 3490 αὐτὴν
1362 3423 1701 3496 Χριπιανήν
1745 3422 1836 3477 καὶ
1899 3421 2102 3495 ὀνομάο

453 3535 544 3577 σας
603 3512 858 3586 Ετρήνην·
920 3511 1043 3580 ἣτις
1113 3508 1424 3583 ἐκμαθοῦσα
1470 3510 1535 3565 τὰ
1614 3511 1734 3586 ἱερά
1802 3512 2107 3589 Γράμματα

451 3601 735 3677 διέπρεψεν
795 3600 848 3655 ἐν
931 3593 1194 3671 εὐσεϐείᾳ,
1253 3601 1353 3669 τήν
1398 3605 1507 3655 τῶν
1566 3599 1735 3655 ἀθέων
1795 3595 2105 3658 δυσσέϐειαν

451 3693 778 3768 ἐλέγχουσα.
814 3691 876 3747 Ὀ
909 3687 965 3744 δῖε
998 3686 1254 3765 βασιλεὺς
1301 3686 1554 3762 ἒμαίνετο
1613 3690 1750 3746 κατὰ
1801 3695 1897 3746 τοῦ
1954 3693 2109 3747 πάπα

449 3783 539 3838 καὶ
595 3788 696 3850 τῆς
742 3777 1094 3841 ἀποστάσεως
1132 3779 1362 3850 Ῥώμης
1418 3777 1512 3833 καὶ
1569 3778 1825 3850 Ἰταλίας,
1885 3781 1972 3835 καὶ
2025 3781 2107 3852 ἒξ-

452 3872 682 3934 οπλίσας
711 3867 910 3924 στόλον
945 3865 1110 3943 μέγαν
1144 3865 1428 3923 ἀπέστειλε
1458 3873 1575 3923 κατ’
1600 3867 1800 3927 αὐτῶν.
1829 3869 2106 3945 ᾛσχύνθη

457 3959 514 4019 δὲ
544 3962 572 4017 6
597 3961 824 4035 μάταιος
862 3956 1267 4032 ναυαγήσαντος
1299 3960 1396 4012 τοῦ
1456 3956 1657 4013 στόλου
1688 3957 1764 4021 εἷς
1789 3960 1851 4014 τὸ
1884 3957 2107 4035 Ἀδριαο

454 4053 606 4108 τικὸν
658 4047 918 4125 πέλαγος.
974 4047 1255 4121 Ἐκμανεῖς
1311 4047 1407 4103 οὗν
1463 4045 1550 4103 ἐπὶ
1620 4049 1801 4121 τούτῳ
1851 4047 2020 4106 πλέον
2081 4050 2110 4106 6

459 4140 743 4218 θεομάχος
776 4138 979 4217 φόρους
1005 4137 1319 4215 κεφαλικῶς
1348 4142 1427 4209 τῷ
1472 4137 1640 4213 τρίτῳ
1673 4137 1823 4212 μέρει
1858 4136 2114 4205 Σικελίας

456 4230 547 4288 καὶ
579 4224 899 4303 Καλαϐρέας
952 4231 1050 4283 τοῦ
1104 4231 1239 4282 Λαοῦ
1297 4226 1543 4297 ἐπέθηκε.
1604 4226 1685 4285 Τὰ
1735 4223 1792 4282 δὲ
1842 4226 2113 4302 λεγόμενα

457 4321 811 4396 πατριμώνια
839 4322 947 4374 τῶν
981 4316 1032 4373 ἐν
1069 4318 1258 4392 Ῥώμῃ
1317 4322 1459 4373 ναῶν
1514 4323 1621 4374 τῶν
1670 4315 1838 4393 ἁγίων
1869 4317 1957 4372 καὶ
2017 4338 2115 4373 κο-

459 4410 700 4491 ρυφαίων
758 4406 1085 4465 ἀποστόλων
1168 4402 1401 4465 ἔκπαλαι
1469 4406 1795 4481 τελούμενα,
1872 4408 2113 4466 τάλαντα

2200 1980 2519 2053 resignavit
2541 1996 2758 2036 munus
2776 1997 2949 2035 suum
2972 1986 3149 2052 atque
3180 1981 3470 2039 discessit.
3505 1984 3849 2057 Impiusque

2202 2072 2312 2126 Leo
2344 2071 2395 2125 ei
2429 2069 2663 2125 suffecit
2692 2069 3071 2124 Anastasium
3103 2071 3433 2141 syncellum
3456 2072 3638 2145 impio
3662 2075 3852 2146 ipsius

2202 2159 2448 2217 consilio
2478 2163 2537 2214 et
2567 2158 2779 2213 haeresi
2810 2160 3310 2215 consentientem.
3343 2161 3687 2234 Digrediens
3718 2181 3853 2220 vero

2204 2250 2532 2305 Germanus
2558 2246 2717 2301 inter
2731 2245 2848 2302 alia
2869 2246 2944 2302 ad
2970 2246 3307 2303 docendum
3330 2251 3660 2321 composita
3680 2252 3857 2308 verba

2203 2340 2313 2395 hoc
2341 2353 2579 2408 quoque
2599 2335 2748 2391 dixit
2773 2353 2786 2391 :
2813 2336 2870 2392 Si
2893 2352 2999 2409 ego
3022 2353 3154 2392 sum
3174 2337 3373 2402 Jonas,
3407 2339 3563 2395 800
3584 2340 3857 2413 projicite

2203 2444 2298 2485 me
2326 2428 2388 2482 in
2409 2442 2573 2481 mare
2599 2442 2612 2480 :
2642 2440 2782 2481 nam
2802 2431 2969 2481 extra
2989 2426 3386 2483 universalem
3414 2429 3706 2500 synodum
3721 2431 3858 2486 novi

2205 2515 2432 2589 aliquid
2463 2516 2537 2571 de
2570 2514 2688 2570 fide
2729 2521 2990 2571 statuere
3044 2531 3299 2587 nequeo,
3332 2533 3365 2572 o
3399 2517 3739 2590 imperator.
3774 2524 3856 2576 Ac

2206 2607 2506 2678 digressus
2536 2603 2787 2659 Platanii
2816 2604 2878 2659 in
2908 2604 3083 2660 domo
3117 2620 3224 2660 sua
3274 2607 3571 2678 gentilitia
3618 2609 3857 2681 quietus

2204 2695 2366 2763 vixit,
2400 2710 2534 2750 cum
2592 2693 2875 2765 gessisset
2930 2709 3231 2748 summum
3289 2696 3702 2767 pontificatum
3751 2714 3859 2754 an-

2204 2802 2316 2842 nos
2348 2786 2434 2852 14,
2467 2798 2703 2838 menses
2733 2785 2785 2851 5,
2818 2781 2946 2838 dies
2977 2786 3030 2838 7.

2278 2877 2449 2929 Anno
2484 2874 2551 2926 14
2580 2871 2892 2928 Masalmas
2924 2873 2986 2927 in
3017 2873 3344 2930 Romanam
3377 2875 3667 2932 ditionem
3696 2876 3854 2934 bello

2208 2965 2394 3029 illato,
2428 2978 2563 3019 cum
2592 2961 2655 3017 in
2687 2961 3120 3033 Cappadociam
3153 2962 3433 3033 venisset,
3467 2964 3857 3024 Charsianum

2209 3060 2471 3110 castrum
2500 3049 2711 3107 fraude
2741 3050 2921 3123 cepit.

2282 3254 2453 3309 Anno
2490 3251 2552 3305 16
2584 3249 2698 3305 Leo
2722 3247 2907 3305 filiam
2928 3247 3185 3322 Chagani
3210 3251 3560 3322 Scytharum
3578 3256 3866 3330 principis

2216 3343 2338 3400 filio
2368 3358 2474 3397 suo
2501 3339 2895 3395 Constantino
2927 3340 3138 3412 nuptui
3166 3340 3347 3410 dedit,
3390 3360 3524 3399 cum
3582 3345 3869 3403 Christia—

2214 3449 2355 3488 nam
2378 3445 2508 3485 eam
2530 3428 2770 3483 fecisset
2788 3428 3140 3500 Irenamque
3171 3430 3562 3488 nominasset.
3581 3434 3661 3490 Ea
3683 3435 3867 3491 sacris

2218 3520 2452 3577 Litteris
2470 3517 2731 3574 studiose
2762 3517 3013 3590 cognitis
3034 3517 3288 3575 illustris
3315 3520 3535 3593 pietate
3558 3522 3689 3593 fuit,
3712 3524 3870 3581 refu-

2218 3611 2479 3683 tavitque
2510 3626 2544 3663 a
2581 3609 2699 3663 Deo
2730 3607 3064 3663 alienorum
3104 3608 3493 3679 impietatem.
3539 3613 3870 3685 Imperator

2218 3707 2417 3757 autem
2449 3703 2657 3755 contra
2686 3698 2905 3770 Papam
2934 3698 3259 3771 Romaeque
3291 3704 3350 3755 et
3377 3701 3564 3757 Italia;
3593 3701 3870 3759 defectio-

2219 3807 2356 3846 nem
2389 3788 2659 3854 sazviens,
2689 3791 2897 3842 contra
2927 3803 3028 3842 eos
3061 3787 3365 3861 ingentem
3397 3790 3650 3847 classem
3681 3810 3870 3851 arma-

2218 3881 2301 3936 vit
2328 3884 2506 3949 atque
2538 3876 2757 3932 emisit.
2790 3875 2901 3931 Sed
2924 3878 3177 3948 turpiter
3199 3896 3261 3933 se
3285 3878 3449 3934 dedit
3469 3897 3653 3936 vanus
3674 3882 3876 3955 homo,

2221 3969 2408 4025 classe
2440 3967 2503 4021 in
2533 3965 2835 4020 Adriatico
2887 3966 3038 4021 mari
3088 3967 3397 4041 naufragio
3442 3971 3682 4027 amissa.
3733 3973 3878 4029 Inde

2220 4059 2419 4115 furore
2448 4055 2709 4127 percitus
2743 4054 2971 4127 majore
3001 4054 3179 4110 homo
3211 4056 3492 4113 adversus
3525 4059 3708 4116 Deum
3767 4079 3881 4135 pu-

2222 4162 2431 4220 gnans,
2466 4142 2656 4198 tertias
2689 4142 2870 4198 Siculi
2901 4159 2968 4198 ac
2998 4143 3227 4199 Calabri
3258 4146 3461 4218 populi
3501 4147 3653 4218 parti
3698 4149 3885 4208 tribu-

2226 4242 2351 4292 tum
2382 4235 2443 4289 in
2474 4229 2711 4305 singula
2741 4231 3055 4288 hominum
3097 4234 3293 4305 capita
3330 4235 3634 4307 imposuit.
3691 4239 3884 4295 Patri-

2224 4323 2427 4381 monia
2455 4337 2694 4395 quoque
2727 4320 3091 4393 templorum
3121 4323 3323 4379 Romae
3354 4324 3728 4398 principibus
3749 4345 3888 4400 apo-

2231 4413 2397 4470 stolis
2453 4416 2961 4479 consecratorum,
3019 4428 3152 4483 quas
3234 4412 3490 4485 pecunia
3561 4419 3886 4487 quotannis

456 4487 581 4576 τρία
611 4499 812 4573 ἣμισυ,
844 4502 926 4571 τῷ
948 4494 1204 4573 δημοσίῳ
1236 4495 1389 4576 λόγῳ
1446 4496 1721 4563 τελεῖσθαι
1778 4498 2108 4574 προσέταξεν,

2231 4500 2561 4573 antiquitus
2592 4496 2967 4570 pendebatur
2996 4498 3363 4559 talentorum
3388 4503 3567 4560 trium
3588 4505 3791 4575 semis,
3825 4505 3887 4563 in

1672 4626 2033 4685 XYLANDRI
2072 4629 2160 4684 ET
2207 4628 2423 4685 GOARI
2460 4625 2684 4682 nom.
3762 4594 3765 4597 ’

536 4747 653 4817 (68)
686 4748 843 4817 Auro
874 4744 1090 4811 ﬂuens,
1124 4742 1237 4817 hoc
1267 4746 1360 4817 est
1409 4759 1659 4817 aureum
1698 4743 1987 4817 orationis
2013 4743 2127 4817 flu-

469 4814 609 4873 men
650 4816 911 4874 fundens
937 4831 1146 4888 :quam
1180 4814 1418 4873 laudem
1453 4814 1752 4888 Aristoteli
1804 4815 2012 4888 tribuit
2042 4816 2132 4871 Ci-

468 4905 626 4945 cero.
659 4888 957 4945 Diaconus
987 4886 1378 4959 Chrysaoram
1400 4887 1598 4942 minus
1627 4893 1762 4959 apte
1794 4886 2133 4943 videturvo~

469 4976 626 5029 care,
660 4976 841 5016 aureo
873 4975 1017 5015 ense
1050 4957 1344 5016 armatum
1372 4975 1385 5015 :
1420 4960 1654 5015 tametsi
1672 4957 1761 5014 'ob
1792 4959 2129 5015 acremido-

466 5031 665 5088 lorum
694 5031 1104 5090 defensionem
1130 5030 1311 5087 videri
1337 5037 1517 5102 queat
1549 5030 1661 5085 hoc
1682 5030 1852 5102 titulo
1871 5031 2132 5086 cohone-

471 5108 680 5159 status.
713 5102 1043 5184 Lentrabus
1093 5108 1292 5158 autem
1560 5101 1794 5184 Graecis
1817 5102 2131 5184 signiticet,

468 5175 813 5256 non_magis
844 5174 1015 5256 video
1042 5190 1240 5256 quam
1276 5174 1420 5256 quid
1468 5176 1722 5256 hianziir.
1757 5174 1835 5228 De
1868 5190 1984 5244 quo
2023 5174 2136 5256 ali-

471 5245 615 5318 quid
648 5239 882 5318 poterat
919 5239 1160 5314 conjici,
1194 5245 1242 5300 si
1294 5239 1611 5315 λέντραϐος.
1643 5239 1911 5318 (ἑτεροιηῇ
1954 5250 2133 5318 esset.

474 5317 703 5374 Manzer
731 5320 982 5374 fortasse
997 5322 1087 5372 est
1116 5319 1366 5372 Momzer
1388 5326 1588 5385 1mm,
1612 5318 1766 5387 quod
1790 5322 1848 5371 et
1868 5317 1928 5370 in
1954 5317 2136 5373 sacris

474 5390 713 5445 Litteris
745 5396 804 5445 et
828 5390 890 5445 in
914 5390 1184 5461 Aramaaa
1215 5388 1418 5461 lingua
1444 5389 1741 5461 ‘spurium
1791 5387 2087 5459 signiﬁcat
2118 5404 2133 5456 ;

470 5468 653 5534 atque
686 5478 754 5517 ea
786 5478 896 5517 vox
927 5465 1018 5534 est
1042 5458 2140 5534 inllispanoidiomateretenta.Man:-

472 5530 631 5591 suris
664 5534 854 5589 filium
882 5532 1060 5588 credo
1091 5530 1247 5587 dici.‘
1278 5533 1343 5587 In
1375 5531 1521 5587 actis
1552 5530 1877 5603 Cpolitanaa
1927 5532 2139 5602 synodi

474 5611 563 5659 est
587 5605 772 5661 fuisse
808 5607 1141 5661 Manzurem
1198 5603 1539 5675 ignominiaa
1590 5619 1769 5659 causa
1799 5618 1835 5657 a
1864 5603 2139 5659 Patribus

474 5676 558 5732 ibi
592 5676 839 5733 dictum.
898 5678 1033 5733 ΧΠ..
1090 5676 1310 5732 Paulus
1362 5675 1689 5731 Diaconus:
1724 5680 1776 5729 et
1828 5690 1935 5745 pro
1986 5677 2143 5731 Man-

475 5758 593 5816 sur,
618 5746 782 5819 quod
806 5750 925 5821 ejus
948 5749 1157 5806 avitum
1180 5755 1377 5802 namen
1402 5752 1504 5820 ωε,
1544 5745 1800 5819 quodque
1830 5746 2143 5819 redemptus

2238 4747 2703 4817 interpretatur,__
2722 4756 2881 4795 sensu
2968 4742 3227 4817 Iudaico,
3295 4761 3603 4817 novumque
3658 4747 3894 4805 ecclesiae

2238 4816 2599 4890 magistrum.
2646 4814 2938 4890 ῌαπεετςοη
2999 4816 3292 4890 (εριινίιιω
3369 4814 3626 4890 expone)
3682 4826 3896 4877 mutato

2239 4883 2461 4961 nomine
2475 4883 3247 4961 pocifabqt._Chrysorrhoas
3278 4883 3466 4945 sacris
3487 4883 3627 4946 viris
3655 4890 3897 4961 dicitur,

2242 4959 2314 5086 ge
2326 4956 2569 5012 nomine
2589 4953 2752 5011 fluvii
2769 4953 3124 5014 Damascum
3140 4960 3395 5031 patriam
3414 4961 3671 5032 praeteri]
3681 4953 3894 5021 uentis.

2290 5045 2417 5085 om.

2290 5045 2417 5085 οΑιι.

2313 5102 2425 5171 (69)
2483 5099 2824 5177 Ηιίηιηονυηι
2893 5099 3382 5156 ecclesiastich
3464 5108 3658 5158 auctor
3740 5104 3898 5177 apud

2246 5175 2500 5228 Graecos.
2534 5171 2709 5233 GOAR,

2315 5246 2430 5318 (70)
2457 5240 2773 5318 P_r0pr_iu_n_1
2799 5242 3038 5318 putavi}
3063 5249 3122 5299 et
3141 5243 3527 5315 Graptensem
3550 5246 3901 5318 episcopum

2245 5311 2380 5389 feci,
2413 5311 2592 5368 valde
2625 5311 2862 5389 dubius.
2917 5313 3029 5370 Sed
3070 5332 3165 5372 res
3222 5311 3341 5370 non
3400 5311 3631 5389 magna.
3665 5350 3728 5360 κ-
3756 5311 3899 5376 ΧΠ..

2244 5387 2339 5463 Nil
2370 5400 2647 5457 magnum
2680 5384 2964 5463 equidem
2997 5391 3056 5463 et
3079 5393 3385 5463 momento
3408 5384 3653 5463 dignum
3683 5390 3902 5463 Xylan-

2248 5460 2419 5515 drum
2446 5455 2706 5530 errasse;
2732 5460 2791 5530 et
2810 5455 2966 5530 tituli
2990 5460 3387 5530 inscriptorum
3408 5455 3550 5530 vice,
3576 5461 3650 5517 ob
3673 5455 3904 5519 iambos

2248 5530 2558 5604 utriusque
2599 5526 2816 5604 fratris
2855 5527 2929 5583 ab
2986 5526 3171 5604 impio
3226 5526 3553 5604 Theophilo
3612 5534 3907 5591 frontibus

2250 5596 2589 5678 ξηεονίιῖιοευ
2621 5596 2995 5678 Τῒκὲοάρωφ
3054 5596 3748 5678 σζαρερτυηιῖρρίεοορυηι
3798 5624 3905 5678 pro.

2250 5668 2685 5751 ingenti-captu
2714 5668 3069 5751 instituisse.
3101 5668 3186 5728 De
3220 5671 3353 5731 dira
3370 5668 3487 5737 illa
3515 5668 3909 5751 inscriptiéne

2251 5740 2457 5803 au'ctor
2486 5742 2548 5798 in
2575 5740 2881 5814 Theopilo.
2915 5742 3090 5801 Con.
3700 5740 3721 5751 ⁸
3901 5740 3913 5763 ι
