4112 6458
304 408 423 471 879

1657 399 1979 465 GEORGII
2020 399 2372 461 CEDRENI

3608 391 3731 459 880

304 543 579 603 orarium
606 541 912 618 publicum
940 541 1200 600 conferri
1224 540 1431 613 jussit.
1462 542 1533 597 Et
1553 537 1855 595 mandavit
1876 537 1933 593 in

2083 531 2397 590 ἐποπτεύειν
2422 554 2482 589 τε
2508 533 2603 589 καὶ
2633 533 3025 612 ἀναγράφεσθαι
3085 532 3153 589 τὰ
3208 530 3502 605 τικτόμενα
3557 530 3732 610 βρέφη

303 636 451 709 spici
481 641 661 707 atque
692 633 947 690 describi
978 632 1233 688 infantes
1264 631 1365 702 qui
1426 629 1848 695 nascebantur,
1894 632 1961 683 ut

303 741 521 781 census
550 725 661 780 iste
693 723 764 779 de
796 723 1046 796 singulis
1104 720 1400 793 capitibus
1444 719 1958 795 {Cephaletionem

302 814 539 887 vocant)
579 813 730 886 exigi
764 816 982 884 posset.

379 903 564 960 Annis
598 905 681 972 18,
718 904 780 957 19
813 907 873 957 et
899 903 989 968 21,
1022 899 1325 956 Suleiman
1354 899 1531 959 Isami
1583 898 1742 955 filius
1789 899 1959 954 factis

305 993 367 1049 in
423 993 622 1051 Asiam
676 989 1117 1046 incursionibus
1204 989 1423 1044 multos
1503 988 1771 1060 captivus
1849 988 1956 1043 ab-

305 1080 493 1138 duxit.
529 1080 660 1136 Fuit
688 1079 845 1134 inter
876 1078 984 1133 hos
1014 1079 1195 1133 etiam
1223 1080 1627 1150 Pergamenus
1649 1077 1793 1132 θοι
1831 1076 1957 1148 qui-

304 1170 440 1227 dam
501 1168 603 1241 qui
660 1184 724 1223 se
784 1167 1019 1223 dicebat
1068 1167 1369 1223 Tiberium
1427 1182 1557 1222 esse
1635 1164 1955 1221 Iustiniani

305 1259 513 1316 lilium.
550 1259 716 1313 Hunc
745 1258 974 1314 Isamus
1005 1258 1066 1311 in
1110 1257 1399 1312 honorem
1450 1255 1558 1311 ﬁlii
1609 1256 1722 1323 sui,
1771 1260 1955 1326 utque

300 1354 588 1405 terrorem
613 1347 1074 1419 imperatoribus
1096 1346 1407 1417 oinceret,
1440 1345 1601 1419 regio
1634 1346 1694 1400 in
1728 1346 1954 1400 honore

300 1438 532 1508 habuit,
552 1438 838 1495 exercitui
860 1437 1146 1509 prastecit,
1167 1443 1350 1507 utque
1369 1436 1443 1492 ab
1474 1436 1753 1491 omnibus
1772 1436 1951 1491 videri

298 1526 937 1600 posset,Hierosolyma
957 1542 1091 1583 cum
1107 1543 1173 1582 ac
1195 1543 1301 1599 per
1321 1531 1504 1582 totam
1525 1526 1751 1597 Syriam
1772 1525 1949 1581 misit.

368 1617 535 1674 Idem
565 1615 891 1673 Suleimam
921 1632 1080 1672 anno
1111 1618 1178 1669 23
1211 1615 1446 1687 imperii
1486 1615 1700 1670 Leonis
1733 1615 1951 1671 exerci-

294 1713 424 1764 tum
444 1709 513 1761 90
533 1705 789 1762 millium
809 1705 870 1761 in
890 1708 1189 1763 Romanos
1203 1704 1400 1772 duxit;
1427 1705 1735 1778 captisque
1749 1703 1952 1760 multis

297 1802 358 1852 et
383 1794 620 1869 oppidis
650 1800 711 1851 et
740 1794 1106 1863 hominibus,
1149 1794 1344 1850 ferreo
1392 1794 1572 1850 etiam
1624 1800 1818 1850 castro
1869 1793 1954 1865 (id

299 1885 461 1940 enim
492 1889 581 1941 est
610 1883 1099 1953 Siderocastrum)
1129 1888 1376 1955 vastato,
1406 1881 1627 1940 illaasus
1646 1882 1828 1940 rediit
1847 1882 1954 1938 do-

295 1989 486 2031 mum.

365 2063 539 2120 Auno
571 2067 641 2125 24η
666 2063 744 2121 ab
769 2061 1084 2119 Hieracitis
1141 2061 1412 2118 tubernaa
1465 2066 1606 2117 sunt
1661 2061 1952 2131 incensas,

291 2153 586 2224 multique
615 2169 823 2209 eorum
851 2150 1147 2223 supplicio
1179 2152 1398 2207 affecti.
1431 2150 1538 2207 Die
1568 2150 1838 2207 Octobris
1860 2153 1949 2218 26,

292 2258 426 2314 quas
456 2243 520 2298 D.
556 2240 851 2297 Demetrio
884 2256 1053 2296 sacra
1081 2245 1191 2303 est,
1222 2239 1378 2295 feria
1407 2242 1463 2309 4,
1496 2239 1643 2295 hora
1669 2240 1724 2309 8,
1777 2246 1949 2295 terrm

292 2336 492 2386 motus
514 2329 723 2403 ingens
744 2335 922 2400 atque
938 2328 1223 2385 terribilis
1239 2328 1405 2401 Cpoli
1426 2328 1560 2397 fuit,
1585 2329 1685 2400 qui
1704 2328 1944 2400 templa,

286 2418 1017 2489 monasteria.domosque
1030 2419 1250 2473 multas
1271 2418 1948 2491 prostravit,multosque

290 2509 593 2566 homines.
628 2508 861 2565 Corruit
889 2508 1069 2563 etiam
1114 2507 1351 2565 Arcadii
1384 2513 1578 2564 statua
1611 2509 1668 2564 in
1702 2509 1949 2564 Xerolo-

288 2600 407 2673 pho
439 2604 499 2656 et
527 2598 659 2655 aliae
689 2597 916 2664 multae,
962 2603 1144 2669 atque
1198 2597 1352 2654 muri
1401 2599 1582 2654 etiam
1634 2605 1948 2655 terrestres

288 2688 472 2753 urbis.
508 2694 566 2743 et
595 2688 656 2745 in
686 2687 934 2745 Thracia
963 2687 1140 2743 urbes
1169 2693 1349 2759 atque
1387 2688 1653 2755 castella,
1686 2705 1797 2744 nec
1827 2706 1947 2745 non

287 2778 499 2837 Nicma.
534 2777 877 2832 Nicomedia
907 2780 966 2832 et
996 2779 1326 2843 Prtenetus,
1358 2777 1505 2847 quin
1537 2783 1597 2833 et
1628 2794 1788 2834 mare
1813 2780 1948 2850 qui-

288 2866 542 2927 busdam
573 2866 636 2923 in
666 2865 815 2921 locis
844 2882 881 2921 a
910 2865 1203 2921 limitibus
1232 2866 1355 2921 suis
1384 2866 1620 2938 refugit.
1681 2866 1949 2923 Obtinuit

290 2962 464 3011 terrm
492 2961 685 3011 motus
707 2955 818 3011 iste
849 2970 1087 3009 menses
1119 2957 1205 3010 li.
1252 2955 1580 3026 Imperator
1608 2956 1784 3013 ruina
1814 2974 1947 3012 mu-

289 3060 493 3100 rorum
525 3043 715 3114 cogita
745 3044 899 3099 cives
930 3043 1012 3099 ita
1071 3048 1160 3098 est
1207 3042 1543 3117 allocutus:
1596 3044 1710 3100 Vos
1760 3046 1944 3103 muris

285 3132 452 3187 urbis
484 3131 833 3186 reficiundis
864 3148 999 3186 cum
1032 3148 1151 3186 non
1185 3131 1314 3186 sitis
1335 3148 1529 3204 pares,
1562 3150 1670 3188 nos
1693 3140 1944 3204 quaesto-

281 3221 448 3279 ribus
477 3221 699 3277 nostris
730 3220 1032 3293 negotium
1056 3220 1332 3277 dedimus
1358 3226 1428 3277 ut
1456 3222 1615 3278 ultra
1645 3224 1931 3279 constitu-

280 3314 397 3362 tum
426 3307 718 3363 tributum
751 3307 813 3361 in
844 3307 1080 3380 singula.
1110 3308 1471 3363 nomismata
1500 3309 1797 3380 accipiant
1822 3310 1933 3365 mi-

270 3396 567 3453 liarisium
588 3396 981 3468 unum,idque
994 3395 1053 3450 in
1070 3397 1345 3451 aerarium
1361 3402 1614 3452 nostrum
1629 3399 1939 3455 conferant

283 3502 353 3543 ex
385 3502 502 3558 quo
533 3502 641 3541 nos
673 3502 877 3541 muros
911 3484 1253 3540 condamus.
1294 3486 1520 3540 Exinde
1565 3486 1823 3542 obtinuit
1874 3492 1938 3541 ut

282 3574 550 3631 dicerata
579 3592 683 3637 seu
708 3575 852 3630 bina
882 3575 1103 3630 ceratia
1125 3575 1520 3646 quaestoribus
1542 3575 1931 3633 solverentur.

285 3664 518 3720 Ceratia
547 3670 745 3720 autem
776 3663 1157 3736 appellantur
1191 3667 1254 3719 12
1285 3664 1458 3720 folles
1508 3664 1627 3719 sive
1677 3667 1930 3734 nummi,

277 3752 363 3809 sic
395 3751 817 3809 dictiaNuma
874 3754 1072 3807 Roma:
1124 3752 1278 3808 802
1322 3770 1481 3826 rege,
1544 3754 1643 3825 qui
1703 3756 1932 3826 primus

275 3840 483 3897 obolos
513 3858 619 3896 sua
648 3841 835 3913 ipsius
857 3840 1050 3913 efﬁgie
1080 3840 1348 3913 signavit,
1372 3841 1624 3913 ideoque
1652 3860 1931 3900 nummos

270 3929 343 3988 ‘de
376 3947 483 3986 suo
514 3931 760 3987 nomine
792 3931 1174 4002 nuncupavit.
1204 3930 1363 3985 Idem
1385 3936 1440 3986 et
1462 3931 1724 3987 ofﬁcium
1749 3935 1929 4004 quod-

269 4020 405 4077 dam
438 4021 767 4086 constituit,
794 4020 951 4093 quod
976 4020 1216 4091 quidam
1247 4020 1435 4092 ipsfus
1454 4021 1810 4078 famulorum
1836 4041 1929 4097 ge-

267 4127 407 4167 rens
429 4110 501 4166 ab
531 4111 862 4183 unoquovis
894 4126 1099 4166 eorum
1131 4109 1230 4181 qui
1265 4126 1300 4166 a
1321 4110 1536 4182 palatio
1559 4112 1925 4184 stipendium

272 4199 610 4269 sumebant,
633 4198 965 4272 accipiebat
986 4199 1158 4254 folles
1182 4201 1248 4253 12
1266 4215 1375 4255 ceu
1403 4216 1584 4255 unum
1611 4203 1920 4261 ceratium.

262 4290 470 4364 Itaque
502 4295 560 4345 et
585 4289 849 4346 ceration
880 4288 1211 4345 dicebatur.
1267 4288 1546 4344 Faciebat
1576 4291 1687 4346 hoc
1717 4292 1790 4346 ad
1831 4291 1922 4348 in-

266 4380 527 4436 eundum
558 4395 879 4437 numerum
912 4394 1119 4434 eorum
1142 4376 1362 4448 quibus
1383 4379 1683 4451 stipendia
1702 4380 1923 4438 daban-

258 4477 395 4529 tur:
428 4487 625 4544 neque
658 4469 818 4525 enim
855 4484 922 4524 eo
956 4473 1223 4541 tempore
1254 4484 1470 4523 census
1491 4470 1691 4526 Romae
1713 4471 1921 4543 ageba—

267 4563 382 4616 tur.
447 4559 601 4614 Vixit
655 4558 706 4613 is
750 4558 937 4612 Numa
1003 4572 1071 4611 eo
1131 4561 1401 4628 tempore
1480 4574 1597 4629 quo
1655 4560 1916 4630 primum

1981 1929 2031 1994 Β

2066 623 2202 701 πρὸς
2230 623 2293 679 τὸ
2324 622 2669 683 ἀπαιτεῖσθαι
2700 625 2794 681 τὸν
2826 622 3138 699 λεγόμενον
3184 622 3589 702 κεφαλητίωνα.

2137 897 2229 967 Τῷ
2288 896 2380 967 ιη’,
2440 896 2531 951 καὶ
2591 897 2678 966 ιθ’,
2735 896 2826 953 καὶ
2884 897 2966 952 κα¹
3022 892 3129 952 ἔτει
3189 893 3507 969 Σουλεΐμᾶν
3550 895 3578 949 ὁ
3620 893 3739 956 υἱὸς

2069 982 2229 1057 Ἰσὰμ
2258 985 2356 1054 τὴν
2391 984 2570 1042 Ἀσίαν
2620 982 2988 1061 καταδραμὼν
3050 983 3303 1048 πολλοὺς
3333 982 3735 1059 αἰχμαλώτους

2063 1070 2335 1145 ἐποίησεν.
2392 1072 2826 1150 ’ῌχμαλώτευσε
2882 1072 2939 1129 δὲ
3002 1075 3091 1130 καί
3146 1094 3268 1128 τινα
3346 1073 3728 1147 Περγαμηνὸν,

2066 1163 2123 1217 ὅς
2155 1160 2338 1237 ἔλεγεν
2385 1163 2572 1219 ἑαυτὸν
2633 1159 2889 1239 Τιϐέριον
2946 1163 3081 1219 εἶναι
3139 1164 3256 1218 υἱὸν
3316 1163 3727 1219 Ἰουστινιανιρῦ.

2065 1256 2266 1310 Τοῦτον
2310 1254 2467 1328 ἰσᾶμ
2523 1254 2599 1316 εἰς
2648 1255 2816 1326 τιμήν
2874 1259 2971 1309 τοῦ
3012 1250 3155 1310 ἰδίου
3214 1249 3411 1315 παιδὸς
3469 1252 3558 1307 καὶ
3616 1257 3728 1307 τῶν

2067 1341 2338 1417 βασιλέων
2372 1338 2667 1421 ἒκςρόϐησιν
2712 1345 2850 1418 μετὰ
2877 1350 3045 1417 τιμῆς
3082 1342 3375 1418 βασιλικῆς
3427 1342 3520 1398 καὶ
3564 1363 3729 1415 στρα-

2061 1433 2351 1504 τίυμάτων
2385 1433 2548 1508 εἶχεν·
2585 1434 2642 1487 ὃν
2673 1432 2945 1506 ἐκπέμπει
2996 1433 3073 1496 εἰς
3131 1430 3502 1508 Ἰερουσαλήμ
3529 1431 3619 1487 καὶ
3651 1430 3730 1495 εἰς

2063 1519 2203 1590 ὅλην
2233 1523 2331 1592 τὴν
2361 1522 2561 1577 Συοίαν
2588 1523 2726 1597 πρὸς
2758 1524 2884 1588 θέαν
2913 1525 3152 1579 πάντων.

2134 1613 2226 1682 Τῷ
2285 1612 2368 1686 κγ’
2426 1609 2534 1666 ἔτει
2589 1609 2981 1687 ἐπεστράτευσε
3034 1610 3343 1685 Σουλεΐμὰν
3395 1611 3534 1666 κατᾶ
3593 1610 3735 1667 Ῥω-

2084 1698 2279 1772 μαίων,
2313 1693 2459 1756 ἔχων
2506 1698 2782 1777 μυριάδας
2836 1701 2909 1780 ιε.
2970 1700 3069 1756 Καὶ
3124 1698 3346 1768 πολλὴν
3398 1698 3603 1756 ἅλωσιν
3642 1699 3734 1755 καὶ

2082 1786 2470 1862 αἰχμαλωσίαν
2503 1789 2897 1864 ποιησάμενος,
2924 1791 3203 1865 πορθήσας
3231 1788 3321 1844 καὶ
3378 1789 3441 1846 τὸ
3494 1785 3737 1866 Σιδηρό-

2084 1897 2340 1954 καστρον,
2370 1872 2620 1948 ἀϐλαϐὴς
2656 1879 2973 1955 ὑπέστρεψε.

2145 2059 2240 2128 Τῷ
2276 2054 2361 2113 κδ’
2389 2054 2496 2113 ἔτει
2526 2057 2827 2129 ἰκαῦθησαν
2884 2057 2940 2113 αἱ
2990 2058 3181 2134 ἆγοραῖ
3244 2056 3350 2113 ὑπὸ
3406 2061 3514 2114 τῶν
3570 2058 3734 2134 Ἱερα-

2060 2147 2229 2200 κιτῶν
2259 2147 2396 2221 (⁸71),
2429 2145 2518 2201 καὶ
2548 2143 2756 2202 πολλοί
2789 2145 2839 2216 ἐξ
2878 2144 3057 2202 αὐτῶν
3126 2144 3583 2220 ἐφουλκίσοησαν.
3650 2151 3729 2222 Τῇ

2062 2236 2145 2299 κς⁸
2192 2240 2290 2290 τοῦ
2347 2232 2690 2314 Ὀκτωϐρίου
2747 2237 2942 2310 πηγὸς,
2999 2241 3096 2292 τοῦ
3152 2235 3313 2312 ἁγίου
3376 2238 3721 2314 Δημητρίου,

2065 2321 2249 2398 ἡμέρᾳ
2280 2321 2321 2379 3'
2349 2322 2467 2399 ὥρᾳ
2508 2327 2582 2399 η’,
2614 2326 2837 2401 σεισμὸς
2872 2326 3041 2404 μέγας
3096 2325 3288 2402 γὲγονε
3343 2327 3432 2383 καὶ
3492 2324 3730 2408 φοϐερὸς

2059 2411 2112 2468 ἐν
2202 2414 2799 2485 Κωνσταντινουπόλει,
2856 2416 2945 2471 καὶ
3025 2415 3347 2484 ἑπτώθησαν
3429 2414 3721 2487 ἐκκλησίαι

2059 2501 2161 2571 καὶ⁸
2183 2506 2529 2578 μοναστήρια
2557 2504 2648 2559 καὶ
2694 2505 2863 2577 οἶκοι,
2922 2505 3010 2560 καὶ
3056 2504 3189 2568 λαὸς
3219 2504 3397 2567 πολὺς
3430 2505 3716 2570 ἀπέθανεν,

2056 2592 2253 2648 Ἐπεσε
2277 2589 2335 2649 δὲ
2362 2594 2450 2648 καὶ
2486 2596 2520 2663 ἡ
2548 2595 2725 2665 στήλη
2761 2593 3051 2671 Ἀρκαδίου
3081 2593 3133 2651 ἐν
3151 2601 3231 2655 τῶ
3251 2597 3574 2676 Ξηρολόφῳ
3603 2601 3719 2670 (72)

2054 2682 2145 2735 καὶ
2186 2679 2357 2738 ἄλλαι
2388 2680 2621 2753 πολλαί,
2661 2683 2752 2738 καὶ
2782 2686 2847 2737 τὰ
2877 2689 3112 2763 χερσαῖα
3151 2690 3254 2754 τῆς
3285 2682 3504 2750 πόλεως
3531 2685 3719 2762 τείχη,

2059 2771 2147 2825 καὶ
2187 2771 2378 2835 πόλεις
2418 2773 2507 2827 καὶ
2542 2775 2728 2848 χωρία
2758 2770 2808 2827 ἐν
2849 2778 2918 2847 τῇ
2986 2773 3188 2847 Θρᾴκῃ,
3236 2772 3271 2843 ἥ
3332 2775 3418 2849 [Ρ.
3477 2778 3605 2850 458]
3661 2796 3722 2831 τε

2059 2860 2263 2916 Νίκαια
2284 2862 2373 2915 καὶ
2411 2858 2759 2934 Νικομήδεια
2822 2862 2913 2917 καὶ
2964 2860 3278 2935 Ηραίγετος.
3340 2864 3610 2941 Ἀπὲφυγε
3657 2861 3716 2919 δὲ

2054 2949 2142 3007 καὶ
2174 2951 2208 3018 ἡ
2242 2949 2483 3006 θάλασσα
2512 2955 2622 3005 τῶν
2656 2947 2808 3007 ἷόίων
2840 2950 2981 3026 ὅρων
3011 2950 3063 3005 ἓν
3123 2971 3237 3007 τισι
3281 2951 3497 3013 τόποις.
3530 2953 3724 3029 Ἐκρά-

2051 3059 2131 3093 τει
2166 3035 2224 3093 δὲ
2255 3039 2346 3093 καὶ
2378 3060 2406 3094 ο
2438 3039 2659 3111 σεισμὸς
2695 3046 2870 3112 μῆνας
2933 3041 3016 3096 ια’.
3063 3037 3217 3098 Ἰδὼν
3251 3037 3308 3097 δὲ
3369 3040 3397 3098 ὀ
3457 3041 3716 3117 βασιλεὺς

2062 3126 2129 3183 τὰ
2157 3128 2318 3204 τείχη
2351 3134 2453 3198 τῆς
2483 3127 2699 3190 πόλεως
2730 3132 3032 3194 πτωθέντα,
3058 3127 3355 3200 διελάλησε
3383 3129 3714 3206 (73)λὲγων,

2048 3216 2155 3287 ὅτι,
2174 3218 2357 3291 Ὑμεῖς
2390 3218 2441 3274 οἱ
2469 3225 2569 3288 τῆς
2598 3214 2818 3280 πόλεως
2846 3216 3157 3276 ἀδυνατεῖτε
3184 3220 3251 3277 τὰ
3280 3219 3443 3300 τείχη
3485 3222 3711 3292 κτίζειν,

2050 3304 2195 3363 ἀλλᾶ
2224 3307 2629 3382 προσετάξαμεν
2684 3313 2803 3370 τοῖς
2864 3306 3169 3378 διοικηταῖς
3236 3313 3345 3378 (74)
3398 3314 3506 3366 τῶν
3540 3312 3712 3385 θεμά-

2047 3416 2155 3450 των
2187 3394 2432 3451 ἀπαιτεῖν
2474 3396 2550 3461 είς
2575 3396 2669 3452 τὸν
2719 3396 2919 3455 κανόνα
2982 3398 3119 3455 κατὰ
3173 3397 3419 3473 νόμισμα
3456 3398 3711 3475 μιλιαρί-

2048 3506 2161 3540 σιον
2192 3483 2392 3554 ἓν,καὶ
2449 3482 2721 3561 λαμϐάνει
2752 3486 2883 3542 αὐτὸ
2950 3490 2985 3557 ἡ
3048 3485 3324 3563 βασιλεία,
3383 3487 3475 3545 καὶ
3534 3490 3707 3559 κτίζει

2045 3575 2207 3632 αὐτά.
2271 3576 2561 3642 Κάντεῦθεν
2612 3576 2984 3651 ἆπεκράτησεν
3044 3578 3079 3646 ἡ
3137 3579 3395 3648 συνήθεια
3441 3580 3702 3654 παρέχειν

2044 3664 2110 3718 τὰ
2130 3661 2382 3739 δικὲρατα
2419 3671 2537 3728 τοῖς
2571 3662 2901 3735 διοικηταῖς.
2936 3668 3173 3738 Κεροὶτια
3238 3663 3298 3721 δὲ
3336 3667 3392 3720 αἱ
3464 3668 3533 3742 ιβ’
3563 3666 3705 3745 φὸλ-

2044 3752 2157 3817 λεις
2191 3754 2609 3828 ὠνομάσθησαν,
2668 3756 2795 3828 ἤτοι
2833 3760 3080 3828 νοῦμμοι
3136 3756 3244 3812 ἀπὸ
3298 3760 3497 3829 Νουμᾶ
3543 3757 3698 3833 βασι-

2042 3842 2181 3908 λεως
2237 3844 2478 3919 Ῥώμης,
2531 3845 2591 3909 ὃς
2647 3846 2739 3901 καὶ
2796 3849 3013 3921 πρῶτος
3045 3843 3175 3907 τοὺς
3210 3838 3449 3908 ὀϐολοὺς
3480 3847 3548 3919 τῇ
3582 3842 3696 3917 ίδία

2040 3933 2209 3989 εἰκόνι
2242 3933 2473 4009 ἐχάραξε
2501 3934 2588 3990 καὶ
2647 3935 2933 4009 νούμμους
2990 3932 3188 3996 αὐτοὺς
3246 3937 3385 3988 κατά
3441 3933 3503 3989 τὸ
3558 3930 3699 3989 ἴδιον

2039 4018 2213 4093 ὄνομα
2254 4022 2523 4080 ἐκάλεσεν.
2558 4024 2732 4084 Οὗτος
2761 4024 2851 4079 καὶ
2886 4023 3140 4101 ὀφφίκιον
3196 4020 3494 4091 ἒτύπωσεν,
3563 4022 3696 4097 ’ὅπερ

2037 4114 2116 4177 εἷς
2143 4117 2250 4167 τῶν
2280 4114 2584 4189 ἀνθρώπων
2617 4112 2783 4168 αὐτοῦ
2827 4110 2971 4168 ἔχων
3023 4107 3331 4185 ἐλάμϐανεν
3385 4111 3434 4182 ἐξ
3470 4111 3695 4168 ἑκάστου

2031 4205 2140 4256 τῶν
2174 4201 2280 4257 ἀπὸ
2318 4207 2414 4258 τοῦ
2445 4202 2714 4258 παλατίου
2773 4201 3148 4279 ῥογευομένων
3205 4198 3434 4279 φόλλεις
3467 4201 3538 4277 ιβ’
3567 4201 3692 4271 ἢτοι

2031 4291 2281 4367 κεράτιον
2305 4290 2384 4348 ’ἐκ
2435 4292 2528 4347 Διὸ
2584 4292 2670 4346 καὶ
2724 4290 2941 4367 ἐλέγετο
2981 4291 3012 4346 ὁ
3067 4289 3337 4365 κεράτιον.
3397 4293 3575 4348 Τοῦτο
3636 4287 3692 4344 δὲ

2030 4381 2097 4448 ἦν
2138 4380 2214 4444 ὡς
2243 4379 2297 4436 ὲν
2326 4379 2483 4454 τύπῳ
2515 4383 2704 4459 ψήφου
2732 4386 2839 4436 τῶν
2869 4380 3245 4456 ῥογευυμένων
3285 4379 3392 4434 ἀπὸ
3430 4383 3530 4436 τοῦ
3583 4400 3690 4435 πα-

2029 4465 2245 4524 λατίου’
2295 4467 2448 4525 οὕπω
2500 4470 2606 4547 γὰρ
2663 4470 2787 4525 τότε
2871 4469 3186 4550 ἀπογραφαί
3271 4471 3409 4526 κατᾶ
3462 4469 3687 4544 Ῥώμην

2027 4559 2185 4628 ἦσαν.
2227 4560 2317 4617 Ἐν
2381 4557 2438 4614 δὲ
2494 4565 2562 4634 τῇ
2622 4560 2816 4636 πρώτῃ
2876 4558 3238 4634 αἱχμαλωσίᾳ
3310 4562 3404 4613 τοῦ
3463 4557 3687 4633 Ἰσραὴλ

260 4648 517 4709 Israelus
574 4649 840 4720 captivus
898 4645 1188 4704 abductus
1235 4648 1368 4714 fuit,
1408 4648 1585 4703 annis
1631 4664 1666 4704 ε
1698 4651 1919 4708 mundo

2057 4649 2187 4711 ιῦτος
2218 4650 2249 4704 ὁ
2274 4654 2496 4725 Νουμᾶς
2528 4647 2759 4726 ἐγένετο,
2793 4648 2844 4705 ἐν
2899 4653 2979 4722 τῷ
3034 4647 3166 4723 δψπ⁹
3197 4646 3303 4704 ἔτει
3343 4653 3443 4717 τῆς
3473 4646 3687 4719 κόσμου

254 4745 457 4796 creato
488 4740 522 4793 4
536 4739 650 4795 ῖ80.

329 4826 442 4885 Leo
476 4829 730 4884 lsaurus.
765 4825 867 4899 qui
898 4830 960 4881 et
988 4825 1212 4883 Conon.
1242 4825 1563 4895 imperium
1591 4828 1778 4899 gessit
1807 4845 1912 4886 an-

247 4932 364 4975 nos
392 4919 484 4985 24,
518 4932 756 4972 menses
784 4919 840 4979 2,
870 4915 999 4971 dies
1027 4918 1116 4971 25.
1151 4915 1414 4972 Mortuus
1445 4922 1536 4971 est
1567 4933 1636 4971 ex
1669 4918 1912 4975 intesti-

249 5021 465 5067 norum
481 5006 714 5074 morbo,
737 5004 939 5062 anima
958 5020 1092 5060 cum
1111 5018 1358 5074 corpore
1382 5008 1910 5074 pereunteJnfelix

2020 4739 2268 4801 κτίσεως.

2096 4823 2482 4886 Ἐϐασίλευσεν
2515 4826 2610 4883 οὖν
2651 4829 2798 4884 Λέων
2847 4828 2876 4882 ὁ
2924 4828 3018 4883 καί
3077 4827 3290 4895 Κόνων,
3346 4826 3377 4881 ὁ
3408 4826 3683 4902 Ἲσαυρος,

2027 4915 2120 4988 ἔτη
2163 4915 2245 4973 κδ’
2307 4925 2481 4991 μῆνας
2513 4918 2801 4995 β’ἡμέρας
2856 4919 2951 4974 κε’.
3009 4918 3114 4978 Καὶ
3174 4918 3393 4987 θνήσκει
3453 4913 3548 4969 σὺν
3600 4918 3683 4987 τῷ

2025 5011 2326 5080 σωματικῷ
2381 5009 2471 5063 καὶ
2520 5007 2610 5063 τὸν
2661 5006 2898 5083 ψυχικὸν
2959 5014 3207 5075 θάνατον,
3266 5005 3412 5078 νόσῳ
3443 4999 3685 5063 δυσεντε-

1465 5099 1832 5163 XYLANDRI
1869 5110 1953 5165 ΕΤ
1992 5109 2211 5166 GOARI
2248 5108 2475 5164 NOTA‘I.

312 5206 425 5281 (7i)
457 5204 766 5281 Hieracitaa
790 5202 915 5281 _qu_i_
929 5200 1173 5266 fuerint,
1206 5198 1502 5281 Jnondum
1527 5203 1722 5281 βοίο.Δ
1749 5206 1890 5281 Novi

240 5270 686 5351 ea'tempestate
707 5276 770 5332 in
788 5270 1439 5351 Ιῐαιῖα-γυναυιοϊὲρακκε
1460 5272 1804 5351 fuisse._S_ed
1828 5278 1887 5334 hi

237 5350 386 5405 nihil
422 5341 554 5405 huc.
587 5348 705 5405 ΧΠ.
755 5345 915 5420 -Ϊὸ
947 5341 1110 5418 Ἱερόν
1154 5341 1355 5401 fauCes
1404 5345 1820 5420 Propontidos,
1861 5366 1897 5406 a

236 5421 452 5491 quibus
483 5420 811 5477 Hieracitm.
845 5418 1021 5491 ϐολῇ.

303 5489 419 5562 (72)
447 5492 739 5547 Columna
768 5495 858 5562 est
886 5488 1079 5562 qualis
1099 5489 1349 5562 Traiano
1370 5486 1458 5562 vel
1481 5489 1889 5548 Antoniniana

232 5558 454 5628 Romae,
486 5576 558 5615 ex
587 5578 707 5617 uno
737 5560 865 5617 solo
900 5558 1095 5633 lapide
1118 5577 1221 5633 Hac
1264 5558 1415 5633 ideo
1442 5558 1657 5616 incolis
1708 5565 1890 5633 μονό-

229 5647 399 5696 πετρα
429 5637 651 5704 vocata,
684 5646 723 5704 e_
746 5633 916 5701 cujus
945 5630 1246 5687 radicibus
1276 5630 1494 5704 gradus
1544 5630 1818 5704 cochlear
1839 5636 1889 5692 is

225 5716 336 5776 per
363 5699 631 5756 medium
654 5702 728 5757 ad
759 5699 889 5774 ejus
916 5718 1153 5759 summa
1197 5699 1486 5777 ascendit.
1532 5703 1872 5783 Ξηρολὸφος

2008 5563 2247 5626 Κάνονος
2281 5582 2389 5621 vox
2418 5567 2494 5620 ho

2005 5643 2182 5710 patur
2211 5638 2404 5710 vulgo,
2439 5655 2584 5710 qum
2622 5636 2844 5710 annua,
2882 5636 3156 5698 solvatur.
3200 5636 3333 5693 XLY.
3368 5664 3454 5710 ς·-
3488 5636 3677 5690 Troiu-

2008 5708 2128 5766 tum
2160 5708 2469 5791 capitatim
2492 5709 2692 5768 edicto
2713 5708 2915 5793 posito
2938 5710 3318 5788 pendendum.
3350 5708 3529 5775 GOAR.

2018 5206 2189 5281 quasi
2209 5207 2377 5281 riuales
2403 5205 2858 5281 arida‘vocatur.
2889 5203 3173 5265 Pluribus
3216 5204 3290 5263 de
3331 5203 3436 5261 illa
3464 5200 3679 5262 Suidas

2022 5277 2370 5354 e'tCodinus
2400 5280 2461 5354 in
2493 5278 2647 5354 Orig.
2683 5279 2790 5335 CP.
2814 5281 2990 5354 ϐολῇ.

2084 5353 2195 5423 (75)
2229 5348 2518 5405 Διαλαλεῖν
2551 5347 2671 5407 non
2703 5355 2793 5405 est
2848 5353 2990 5406 cives
3027 5348 3259 5422 alloqui,
3301 5362 3505 5423 verum
3554 5347 3678 5403 edi-

2016 5422 2163 5478 ctum
2188 5424 2566 5493 promulgare,
2600 5440 2726 5477 voce
2750 5425 3024 5494 pra’conis
3043 5424 3265 5494 jubere.
3300 5422 3437 5494 ΕΑΒ.

2086 5493 2319 5563 (71:)Qui
2349 5511 2383 5549 a
2414 5495 2662 5621 singulis
2689 5493 2998 5549 ordinibus
3033 5493 3315 5550 tributum
3350 5493 3674 5565 exigerent.

2086 5584 2247 5621 :vovo:
2281 5582 2389 5621 vox
2418 5567 2494 5620 ho
2543 5567 2715 5621 ieaue
2748 5582 2853 5621 nro
2885 5567 3207 5621 constituta
3227 5568 3482 5621 pecunia
3501 5579 3674 5618 usur-

2543 5567 2715 5637 ieque
2748 5582 2853 5638 pro
2885 5567 3207 5639 constituta
3227 5568 3675 5639 pecuniausnr-
