4112 6412
390 451 503 513 881

1497 449 2055 516 HISTORIARUM
2103 452 2648 522 COMPENDIUM.

3697 459 3817 522 882

393 583 513 659 ρίας
548 580 796 659 βληθείςο
859 581 948 638 καὶ
1003 582 1211 646 τίθεται
1258 583 1320 637 τὸ
1377 579 1636 652 δύστηνον
1697 582 1860 639 αὐτοῦ
1889 589 2026 658 σῶμε

2167 589 2294 661 ejus
2325 591 2575 648 cadaver
2603 593 2977 649 reconditum
3011 597 3100 648 est
3128 594 3190 648 in
3219 591 3359 648 fano
3382 591 3810 664 apostolorum.

389 672 441 729 ἐν
475 677 554 744 τῷ
587 678 695 744 ναῷ
735 676 841 728 τῶν
865 672 1067 748 Ἀγίων
1116 673 1494 729 Ἀποστόλων.
1527 674 1669 730 ’Όσα
1726 673 1783 728 δὲ
1813 675 1903 729 καῖ
1961 674 2048 729 οἶα

387 764 525 816 κατᾶ
565 763 733 837 Χριστ
762 767 906 816 ανῶν
942 757 1237 832 συνέϐησαν
1289 761 1342 815 ἐν
1395 767 1514 824 ταῖς
1574 762 1809 835 ἡμέραις
1851 763 2052 819 τούτου

389 856 488 907 τοῦ
521 847 943 907 δυσσεϐεστάτου
974 852 1061 906 καὶ
1098 852 1464 925 ἀπανθρώπου
1519 851 1767 917 Λέοντος,
1815 852 1938 923 περί
1995 873 2053 908 τε

390 943 491 1010 τήν
528 939 818 1018 ὀρθὸδοξον
847 943 1010 1014 ἡμῶν
1042 940 1220 996 πίστιν
1273 941 1363 995 καὶ
1423 942 1544 1016 περὶ
1604 942 1700 1002 τὰς
1749 946 1856 996 τῶν
1887 939 2052 996 πολι-

388 1036 556 1087 τικῶν
602 1028 905 1102 διοικήσεις
961 1030 1194 1106 αἰσχροῦ
1259 1027 1484 1102 κέρδους
1542 1031 1633 1084 καὶ
1695 1028 2051 1106 φιλαργυρίας

383 1119 604 1193 ἐπινοίᾳ
644 1143 658 1188 ;
691 1120 827 1176 κατά
853 1141 912 1176 τε
943 1121 1142 1184 παντὸς
1171 1121 1382 1192 κόσμου
1413 1120 1501 1174 καὶ
1549 1125 1657 1176 τῶν
1691 1121 2046 1193 Χριστιανῶν,

386 1210 601 1285 σεισμοὶ
624 1211 714 1265 καὶ
744 1209 901 1283 λιμοὶ
933 1210 1021 1264 καὶ
1057 1209 1248 1283 λοιμοὶ
1280 1211 1366 1264 καὶ
1429 1208 1596 1272 ἐθνῶν
1658 1208 2046 1272 ἐπαναστάσεις

383 1304 745 1372 καέθάνατοι,
782 1303 974 1378 ἀπορῶ
1036 1307 1426 1376 μνημονεῦσαι·
1489 1298 1873 1377 ὑπερϐαίνουσι
1941 1303 2043 1379 γὰρ

387 1393 559 1450 πάντα
590 1397 716 1448 νοῦν
745 1393 834 1448 καὶ
867 1391 1036 1466 λόγον
1066 1393 1155 1447 καὶ
1213 1391 1473 1447 διάνοιαν.
1507 1392 1688 1464 Ἄξιον
1731 1387 1789 1446 δὲ
1851 1391 2043 1447 λοιπὸν

388 1483 577 1560 ἑῳεξῆς
608 1483 824 1538 καὶτοῦ
866 1477 1289 1537 δυσσεϐεστάτου
1343 1482 1431 1536 καὶ
1491 1479 1794 1545 παναθλίου
1851 1477 2044 1543 παιδὸς

385 1575 551 1628 αὐτοῦ
583 1573 677 1636 τὰς
733 1572 1022 1646 ἀθεμίτους
1072 1569 1361 1642 διεξελθεῖν
1417 1572 1638 1646 πράξεις
1697 1571 2042 1648 ἀνοσιουργο-

378 1662 538 1738 τὲρας
569 1662 656 1717 καὶ
687 1663 1056 1734 θεομισήτους
1079 1660 1263 1722 οὔσας.

451 1754 537 1826 [Ρ.
570 1751 697 1824 459]
733 1750 960 1824 Κόσμου
986 1747 1106 1811 ἔτος
1141 1749 1323 1824 ,ςσλςᾌ
1355 1757 1457 1817 τῆς
1515 1747 1660 1814 θείας
1719 1750 2042 1823 σαρκώσεως

376 1835 496 1904 ἔτος
531 1839 681 1913 ψλθ“,
719 1841 1125 1902 Κωνσταντῖνος
1183 1839 1210 1893 6
1263 1833 1605 1900 Καϐαλλῖνος
1659 1839 2041 1914 Εἶκονομαχος

2160 679 2524 754 Subterl‘ugit
2568 685 2803 738 animus
2853 699 3320 738 commemorare
3354 699 3486 754 qum
3517 689 3575 736 et
3606 683 3812 754 quales

2159 769 2420 824 adversae
2453 788 2546 826 res
2581 773 2932 827 Christianis
2970 772 3275 827 evenerint
3305 772 3554 843 imperio
3586 771 3811 843 impiis-

2159 859 2292 913 simi
2328 867 2504 930 atque
2538 861 3019 917 inhumanissimi
3055 863 3231 930 hujus
3256 863 3482 917 Leonis.
3520 867 3808 933 quantum

2159 956 2218 1001 et
2255 956 2426 1004 rectm
2461 951 2595 1005 fidei
2629 952 2914 1008 effecerit.
2951 957 3009 1006 et
3052 951 3188 1006 Redi
3222 951 3370 1006 lucri
3405 951 3600 1005 studio
3633 956 3811 1021 atque

2157 1039 2405 1094 avaritia
2439 1042 2784 1110 excogitatis
2823 1049 3030 1096 contra
3076 1047 3261 1096 totum
3308 1038 3510 1095 orbem
3545 1046 3604 1095 et
3632 1040 3807 1095 Chri-

2158 1128 2382 1182 stianos
2435 1129 2742 1186 fraudibus
2776 1174 2790 1197 ,
2839 1131 3179 1202 reipublich
3229 1129 3808 1184 administrationem

2157 1216 2481 1283 detriverit,
2509 1227 2631 1274 tum
2656 1220 2796 1291 quid
2825 1227 2994 1275 terras
3017 1227 3307 1287 motuum,
3330 1218 3504 1273 famis
3527 1218 3808 1290 pestilen—

2157 1311 2276 1374 tiae,
2310 1307 2706 1364 rebellionum
2740 1325 2808 1365 ac
2853 1309 3116 1364 cladium
3162 1308 3496 1380 contigerit.
3531 1309 3676 1362 Nam
3702 1321 3807 1360 ne-

2156 1413 2270 1466 que
2303 1399 2446 1453 satis
2478 1399 2722 1471 cogitari
2773 1398 2888 1454 ista
2928 1415 3039 1454 nec
3077 1397 3362 1469 eXplicari
3391 1403 3659 1469 possunt.
3695 1399 3808 1452 Par

2155 1503 2284 1541 esse
2312 1487 2545 1543 videtur
2563 1495 2629 1544 ut
2661 1506 2836 1560 porro
2868 1487 3207 1559 impiissimi
3230 1503 3299 1542 ac
3328 1487 3648 1541 miserrimi
3673 1486 3804 1558 ejus

2155 1574 2260 1628 filii
2293 1576 2522 1632 nefaria
2552 1581 2703 1645 acta,
2752 1576 3138 1632 sceleratiora
3181 1575 3285 1630 illa
3332 1581 3393 1630 et
3445 1576 3560 1630 Deo
3594 1573 3802 1643 invisa,

2151 1680 2519 1721 recenseam.

2223 1753 2376 1810 808
2410 1757 2581 1810 Anno
2639 1755 2847 1810 mundi
2902 1755 3066 1824 6236,
3101 1755 3201 1826 qui
3262 1771 3330 1810 ac
3388 1753 3802 1810 incarnatione

2151 1842 2349 1898 divina
2379 1844 2490 1898 fuit
2521 1846 2644 1910 739,
2679 1845 2903 1916 potitus
2952 1845 3201 1916 imperio
3245 1844 3670 1900 Constantinus
3697 1845 3801 1899 Ca-

381 1927 728 1986 ἐὸασίλευσεν
763 1923 856 1998 ἔτη
893 1928 991 1998 λε’,
1025 1928 1084 1984 ἐκ
1114 1926 1424 1984 δεινοτάτου
1449 1927 1668 1990 λὲοντος
1700 1935 1884 2008 φανεῖς
1906 1950 2026 1983 ποι-

2151 1932 2406 1988 ballinus
2445 1935 2886 1992 lconomachus.
2921 1934 3159 2005 praefuit
3201 1934 3254 1988 ei
3300 1950 3491 1988 annos
3521 1935 3607 1988 35.
3642 1934 3695 1988 Is
3727 1948 3800 1988 ex

379 2016 712 2093 κιλότροπος
745 2015 1011 2093 πάρδαλις
1053 2018 1142 2073 καὶ
1203 2018 1264 2074 ἐκ
1313 2017 1622 2090 σπέρματος
1663 2018 1838 2096 ὄφεως
1871 2018 2032 2083 ἀσπὶς

369 2107 614 2188 καὶὅφις
661 2107 980 2180 πετόμενος.
1035 2106 1210 2169 Οὗτος
1267 2109 1368 2175 τὴν
1431 2108 1686 2180 πατρῴαν
1747 2107 2027 2183 βασιλείαν

369 2219 430 2252 τε
467 2200 554 2252 καὶ
620 2192 933 2252 δυσσέϐειαν
995 2193 1376 2269 διαδεξάμενος
1427 2195 1486 2251 ἐκ
1536 2200 1671 2252 Θεοῦ
1729 2201 1920 2251 πλεῖον
1953 2193 2031 2251 δι-

379 2288 558 2344 ίστατο
587 2287 675 2343 καὶ
706 2295 808 2358 τῆς
837 2289 1188 2362 Θεομὴτορος
1247 2287 1338 2342 καὶ
1394 2287 1609 2342 πάντων
1667 2291 1775 2342 τῶν
1836 2285 2026 2362 ἁγίων,

370 2377 651 2442 κάντεῦθεν
682 2377 876 2433 λοιπὸν
910 2375 1160 2451 μαγείαις
1204 2377 1295 2431 καὶ
1326 2375 1638 2449 ἀσελγείαις
1690 2377 1782 2432 καὶ
1830 2376 2032 2450 δαιμό-

368 2490 477 2522 νων
506 2465 823 2537 ἐπικλήσεσι
856 2467 943 2522 καὶ
979 2466 1314 2545 σπλάγχνων
1367 2466 1668 2540 ἀνατομαῖς
1700 2466 1792 2521 καὶ
1831 2463 2028 2528 ἄλλοις

366 2561 635 2630 πονηροῖς
723 2552 1118 2629 ἐπιτηδε-Ξμασι
1192 2556 1540 2631 κυνηγεσίαις
1590 2575 1649 2610 τε
1711 2554 1802 2609 καὶ
1859 2555 2026 2609 ἱππο-

370 2643 624 2721 δρομίαις
684 2643 977 2721 σχολάζων
1039 2640 1264 2720 ὄργανον
1318 2642 1634 2714 ἒπιτήδειον
1689 2647 1787 2699 τοῦ
1845 2645 2032 2698 Ἀντι-

368 2735 600 2812 χρίστου
627 2735 864 2811 γέγονεν,
895 2734 970 2797 ὡς
1029 2733 1118 2790 καὶ
1161 2735 1360 2808 θεσμὸν
1398 2731 1690 2797 καθολικὸν
1751 2730 2019 2802 ἐκθέσθαι,

367 2828 441 2900 μή
487 2823 739 2900 λέγεσθαί
808 2845 924 2878 τινα
983 2826 998 2859 ¹
1061 2827 1176 2894 (75)
1230 2825 1294 2878 1:6
1352 2824 1608 2898 παράπαν
1667 2823 1846 2898 ἅγιον,
1883 2820 2028 2879 ἀλλᾶ

362 2919 454 2972 καὶ
510 2918 576 2973 τὰ
623 2917 888 2990 λείψαντα
944 2915 1153 2971 τούτων
1227 2914 1585 2988 εὑρισκόμενα
1645 2910 2026 2985 διαπτῦεσθαι,

364 3007 454 3063 καὶ
525 3004 667 3082 μηδὲ
721 3001 1010 3080 πρεσϐείαν
1070 3005 1249 3060 αὐτῶν
1299 3005 1542 3077 ἐξαιτεῖν·
1599 3028 1628 3056 ‹‹
1678 3001 1850 3062 Οὐδὲν
1899 3003 2023 3079 γὰρ,

365 3096 873 3174 ἕλεγεν,ἱσχῦσυσι,
911 3122 937 3148 »ι
983 3096 1237 3170 προσθεὶς
1286 3095 1314 3150 6
1371 3095 1715 3170 παμμίαρος
1779 3119 1806 3148 ‹‹
1867 3091 2026 3166 Μηδὲ

369 3191 464 3256 τὴν
497 3195 594 3256 τῆς
630 3187 840 3262 Μαρίας
872 3186 1238 3242 ἐπικαλείσθω
1292 3205 1376 3247 τις
1436 3179 1744 3260 πρεσϐείαν·
1807 3183 1870 3239 οῦ
1918 3185 2024 3259 γὰρ

370 3273 588 3332 δτζρναταί
624 3298 699 3332 τι.
736 3301 763 3328 υ
796 3274 972 3333 Ἀλλὰ
1026 3273 1170 3348 μηδὲ
1208 3275 1476 3330 Θεοτόκον
1531 3273 1698 3342 αὐτὴν
1754 3273 2023 3345 ὀνομάζε-

367 3369 512 3424 σθαι.
548 3361 740 3422 Λαϐὼν
778 3367 882 3441 γὰρ
939 3365 995 3421 ἐν
1054 3365 1204 3440 χειρὶ
1259 3364 1473 3439 πλῆρες
1541 3363 1770 3438 χρυσίου
1813 3363 2024 3437 βαλάν-

361 3477 480 3511 τιον
531 3456 620 3511 καὶ
681 3453 964 3525 ὑποδείξας
1021 3455 1153 3510 αὐτὸ
1208 3460 1392 3525 πᾶσιν,
1450 3454 1615 3528 ἤρετο
1674 3451 1818 3513 τίνος
1880 3450 2024 3522 ἄξιόν

364 3543 498 3601 ἔστι⁸
531 3551 638 3600 τῶν
668 3542 744 3608 δὲ,
806 3569 835 3597 ‹‹
889 3543 1139 3611 Πολλοῦ,
1173 3568 1202 3595 ››
1261 3542 1545 3610 εἰπόντων,
1585 3543 1827 3603 κενώσας
1859 3541 2022 3596 πάλιν

357 3637 422 3690 τὸ
482 3635 710 3713 χρυσίον
769 3632 934 3704 ἤρετο
989 3634 1134 3694 τίνος
1199 3631 1342 3688 ἐστὶν
1394 3631 1564 3705 ἄξιον,
1604 3631 1695 3686 καὶ
1755 3629 2023 3706 λέγουσιν.

357 3751 384 3780 (ε
426 3723 750 3787 Οὐδενός.»
781 3757 852 3768 -
905 3753 924 3773 ι
980 3724 1191 3788 οὕτως,
1252 3717 1378 3802 ἔφη,
1429 3721 1521 3777 καὶ
1578 3723 1614 3790 ἠ
1667 3721 1869 3794 Μαρία,
1917 3717 2021 3782 ἓως

363 3817 461 3888 μὲν
497 3815 616 3890 εἶχε
675 3816 766 3869 τὸν
795 3814 1031 3888 Χριστὸν
1088 3811 1140 3867 ἐν
1199 3811 1363 3880 αὐτῇ,
1402 3809 1741 3883 τετιμημένη
1785 3812 1873 3878 ἦν,
1933 3809 2022 3888 ἀφ’

358 3905 421 3959 οὗ
456 3901 514 3960 δῖε
543 3909 735 3960 τοῦτον
779 3902 1058 3965 ἀπέτεκεν,
1093 3899 1248 3957 οὐδὲν
1307 3905 1416 3956 τῶν
1481 3901 1694 3956 λοιπῶν
1753 3903 2024 3975 γυναικῶν

356 3991 673 4069 διενήνοχε.
711 4021 733 4047 ι
770 3999 962 4047 Φεῖσαι
986 3994 1174 4065 ἡμῶν,
1207 3989 1373 4065 Κύριε
1405 3991 1540 4065 (76).
1605 3990 1700 4045 Ἐκ
1729 3990 1925 4044 τούτου
1958 3986 2020 4042 οῦ

358 4083 533 4159 μικρά
564 4103 646 4144 τις
672 4085 873 4156 ἀθυμία
903 4082 1031 4146 τοὺς
1088 4079 1446 4154 Χριστιανοὺς
1505 4073 1824 4147 κατέλαϐεν,
1881 4075 2020 4132 ὥστε

349 4174 501 4247 παρὰ
559 4173 774 4228 πάντων
833 4177 920 4243 [Ρ.
981 4173 1113 4244 460]
1149 4171 1450 4245 μισηθῆναι
1515 4169 1605 4224 καί
1665 4163 2019 4240 Ἀρταϐασδῳ

345 4260 747 4338 κουροπαλάτῃ
779 4261 870 4318 καὶ
904 4256 1144 4340 γαμϐρῷ
1201 4259 1284 4315 ἐπ’
1337 4255 1550 4339 ἀδελφῇ
1582 4259 1750 4314 αὐτοῦ
1788 4277 2017 4333 προστε-

351 4361 539 4425 θῆναι.

417 4621 692 4694 Ἐξελθὼν
721 4619 778 4678 δὲ
817 4622 846 4677 6
887 4624 1290 4683 Κωνσταντῖνος
1323 4619 1376 4676 ἒν
1435 4623 1552 4682 τοῖς
1612 4622 1710 4674 τοῦ
1763 4616 2013 4692 Ὀψικίου

2147 2022 2470 2077 saevissimo
2535 2023 2706 2078 leone
2738 2023 3149 2078 versutissima
3197 2022 3480 2094 pardalis.
3511 2027 3572 2077 et
3599 2038 3672 2077 ex
3704 2039 3800 2076 se-

2145 2113 2303 2167 mine
2337 2114 2631 2182 serpentis
2662 2114 2819 2186 aspis
2853 2121 2913 2169 et
2941 2114 3153 2184 anguis
3182 2113 3408 2179 volans,
3442 2117 3509 2168 ut
3539 2112 3801 2184 primum

2145 2201 2207 2255 in
2230 2203 2486 2272 patrium
2509 2219 2753 2275 regnum
2769 2203 3205 2274 etimpietatem
3237 2202 3544 2268 successit,
3569 2199 3803 2272 longius

2145 2291 2325 2345 etiam
2344 2308 2381 2346 δ,
2404 2292 2544 2355 Deo.
2576 2291 2822 2363 Deipara
2842 2291 3240 2362 omnibusque
3260 2292 3481 2346 sanctis
3503 2307 3564 2345 se
3587 2289 3805 2346 abalie-

2144 2381 2342 2447 navit;
2377 2398 2445 2436 ac
2476 2381 2759 2453 deinceps
2800 2381 3124 2445 veneﬁciis,
3159 2380 3532 2443 libidinibus,
3575 2379 3803 2435 daemo-

2145 2487 2288 2525 num
2306 2470 2782 2526 invocationibus
2794 2471 3085 2526 viscerum
3100 2469 3539 2526 exsectionibus
3551 2469 3805 2540 aliisque

2147 2559 2324 2615 malis
2361 2559 2596 2621 studiis.
2633 2567 2757 2616 tum
2790 2559 3206 2616 venationibus
3237 2566 3297 2614 et
3328 2559 3483 2614 ludis
3513 2558 3799 2614 circensiw

2141 2649 2252 2703 bus
2277 2647 2534 2715 deditus,
2560 2649 2843 2704 idoneum
2863 2666 2924 2704 se
2954 2648 3318 2704 Antichristo
3335 2648 3800 2703 instrumentum

2144 2740 2418 2810 praebuit.
2452 2744 2640 2812 Atque
2699 2740 2847 2797 adeo
2905 2740 3233 2796 universali
3267 2740 3460 2795 edicto
3493 2740 3676 2794 vetuit
3721 2755 3799 2794 ne

2144 2829 2278 2900 quis
2310 2831 2370 2883 in
2402 2830 2741 2884 universum
2777 2830 3011 2886 Domini
3043 2846 3351 2885 servorum
3402 2828 3589 2884 sancti
3622 2828 3794 2884 titulo

2140 2918 2668 2974 cohonestaretur:
2696 2919 2840 2990 quin
2870 2919 2988 2974 imo
3020 2919 3266 2990 conspui
3293 2935 3497 2973 eorum
3523 2919 3794 2974 inventas

2139 3006 2424 3078 reliquias
2457 3008 2660 3078 jussit,
2696 3007 3118 3080 prohibuitque
3152 3025 3358 3063 eorum
3411 3007 3794 3063 intercessio-

2138 3111 2277 3149 nem
2337 3095 2664 3167 postulari:
2724 3096 2883 3167 quod
2942 3113 3042 3151 eos
3100 3095 3252 3150 nihil
3310 3111 3482 3167 posse
3542 3095 3788 3151 diceret.

2138 3188 2330 3256 Atque
2361 3185 2588 3241 addidit
2618 3186 2905 3242 scelestus
2938 3187 3133 3242 Μαι-ἥτε
3161 3202 3396 3256 quoque
3433 3185 3683 3258 Virginis
3709 3185 3792 3240 in-

2101 3331 2106 3346 ί
2140 3276 2564 3331 tercessionem
2594 3293 2714 3331 non
2759 3293 2888 3331 esse
2934 3275 3412 3346 implorandam:
3445 3275 3596 3330 nihil
3627 3275 3790 3331 enim

2137 3382 2266 3420 eam
2302 3371 2580 3436 praestare
2615 3383 2803 3437 posse.
2843 3365 2996 3430 Quin
3045 3371 3104 3420 et
3135 3365 3449 3436 Deiparam
3498 3365 3652 3420 hanc
3679 3381 3792 3420 no-

2137 3453 2250 3508 luit
2276 3453 2586 3526 appellari.
2621 3454 2883 3526 Sumptis
2906 3453 3065 3509 enim
3098 3455 3157 3508 in
3189 3470 3401 3509 manus
3422 3471 3567 3510 auro
3596 3453 3788 3526 plenis

2135 3543 2372 3609 loculis,
2405 3561 2473 3599 ac
2507 3543 2900 3614 prmsentibus
2929 3543 3087 3598 804
3117 3543 3564 3604 demonstratis,
3596 3543 3790 3598 scisci-

2136 3638 2292 3688 tatus
2350 3638 2442 3688 est
2490 3634 2696 3703 quanti
2747 3649 2849 3688 eos
2902 3637 3180 3704 putarent
3235 3648 3364 3687 esse
3416 3632 3590 3704 pretii
3643 3633 3787 3688 Cum

2131 3739 2485 3793 responsum
2518 3729 2674 3777 esset
2705 3745 2734 3773 «
2764 3722 2972 3794 Magni,
3007 3743 3035 3772 »
3059 3727 3338 3777 evacuato
3372 3737 3519 3776 auro
3547 3736 3786 3777 rursum

2132 3811 2514 3884 interrogavit
2547 3813 2754 3882 quanti
2809 3810 3033 3867 loculos
3081 3812 3466 3867 aestimarent.
3518 3813 3784 3882 Cumque

2132 3918 2485 3972 responsum
2519 3909 2695 3958 esset.
2749 3924 2777 3952 «ι
2813 3901 3013 3962 Nihili.
3045 3922 3072 3954 ιι
3109 3931 3176 3942 -
3209 3922 3239 3951 ‹‹
3275 3902 3358 3957 Ita
3409 3901 3623 3971 inquit,
3655 3902 3779 3956 Ma.

2130 3990 2220 4045 ria
2252 4007 2488 4060 quoque
2520 3991 2660 4046 dum
2717 3990 3015 4045 Christum
3073 3989 3318 4061 gestavit
3348 3993 3540 4054 utero,
3575 3989 3635 4043 in
3669 3989 3779 4044 he-

2129 4095 2273 4134 nore
2306 4080 2448 4144 fuit;
2483 4087 2795 4150 postquam
2826 4096 2956 4135 eum
3007 4078 3253 4150 peperit,
3289 4077 3479 4132 nihilo
3529 4076 3777 4147 reliquis

2128 4169 2480 4224 mulieribus
2515 4171 2891 4240 prmstantior
2937 4175 3044 4223 est.
3083 4190 3106 4218 ι
3144 4169 3323 4222 Parce
3354 4166 3548 4234 nobis,
3580 4167 3781 4221 Domi-

2127 4274 2223 4313 ne.
2262 4258 2394 4312 Hmc
2415 4257 2782 4313 Christianos
2808 4259 2868 4313 in
2893 4274 3127 4320 gravem
3161 4257 3548 4328 conjecerunt
3577 4273 3780 4311 mmro-

2127 4363 2251 4402 rem
2279 4365 2294 4413 ;
2331 4363 2659 4418 omnesque
2691 4364 2826 4402 eum
2860 4348 3018 4403 exosi
3050 4345 3378 4402 Artabast
3421 4343 3782 4418 curopalatm

2124 4443 2413 4512 (sororem
2446 4440 2496 4494 is
2522 4438 2880 4510 Copronymi
2911 4437 3294 4494 matrimonio
3337 4435 3616 4507 habebat)
3649 4453 3779 4492 sese

2124 4530 2551 4602 adjunxerunt.

2194 4621 2427 4675 Interea
2458 4617 2884 4674 Constantinus
2927 4615 3210 4672 adversus
3245 4615 3467 4673 Arabes
3489 4615 3552 4672 in
3583 4617 3778 4690 regio-

351 4713 544 4788 μέρεσι
624 4711 760 4766 κατὰ
836 4714 944 4766 τῶν
1015 4703 1267 4784 Ἀράϐων
1357 4704 1694 4764 ῦπεϐλὲπετο
1771 4710 2015 4762 κακῶσαι

2139 4725 2261 4765 iem
2292 4708 2670 4780 Opsicianam
2700 4707 3021 4782 profectus,
3046 4706 3117 4761 de
3140 4705 3490 4775 Artabasdo,
3513 4707 3616 4779 qui
3650 4712 3775 4763 tum

349 4795 752 4878 Ἀρτάὄασδον,
812 4795 943 4855 ὄντα
995 4797 1048 4853 ἐν
1102 4801 1184 4870 τῷ
1241 4794 1548 4873 Δορυλαίῳ.
1609 4797 1670 4855 Ὀ
1729 4793 1786 4851 δὲ
1847 4800 2010 4852 τοῦτο

353 4892 518 4967 γνοὺς
549 4894 687 4944 κινεῖ
714 4890 831 4945 κατ’
862 4889 1056 4955 αὐτοῦ,
1112 4887 1201 4942 καὶ
1258 4886 1350 4942 τὸν
1387 4886 1480 4959 μὲν
1511 4887 1800 4961 πατρίκιον
1841 4884 2010 4956 Biar,-

351 5001 472 5055 ρον,
505 4978 600 5035 τὸν
630 4978 959 5054 συμμῦσττμ
993 4976 1423 5046 Κωνσταντίνου,
1484 4974 1732 5052 ῥομφαίᾳ
1771 4974 2007 5044 ἀνεῖλεν,

346 5072 375 5127 ὁ
409 5069 467 5127 δὲ
501 5069 876 5146 Κοπρώνυμος
909 5064 1200 5146 φοϐηθεῖς,
1259 5063 1456 5129 ἐπιϐὰς
1514 5065 1820 5140 παριππίου
1868 5069 2005 5140 (77),

2123 4797 2376 4870 Βοηιωὶ
2400 4795 2670 4870 degebat,
2705 4795 3096 4870 opprimendo
3140 4795 3485 4853 occasiones
3515 4794 3774 4852 circum-

2123 4889 2315 4961 spicit.
2349 4889 2472 4954 Qua
2520 4905 2580 4942 re
2639 4887 2873 4960 cognita
2928 4887 3293 4944 Artabasdus
3350 4903 3516 4942 arma
3567 4894 3774 4942 contra

2121 4979 2573 5035 Constantinum
2616 4977 2818 5042 sumit,
2853 4982 2912 5031 et
2941 4977 3254 5049 patricium
3317 4977 3607 5038 Biserum,
3641 4977 3772 5047 ejus

2122 5084 2428 5124 sacrorum
2469 5067 2718 5123 socium.
2779 5063 2936 5121 ferro
2993 5065 3328 5124 obtruncat.
3363 5070 3774 5140 Copronymus

1559 5222 1918 5278 XYLANDHI
1950 5223 2034 5278 ET
2075 5224 2289 5280 GOARI
2330 5223 2554 5279 NOTAE.

417 5357 525 5419 (‘75)
559 5356 726 5410 Hunc
757 5352 957 5408 locum
991 5367 1061 5405 ex
1095 5348 1296 5404 suidas
1318 5346 1574 5403 restitui.
1609 5348 1755 5404 XYL.

417 5428 530 5498 (76)
562 5425 1163 5498 Cedreniimmanem
1185 5419 1617 5498 blasphemiam
1642 5419 2001 5498 abominan-

340 5488 639 5554 tis‘vei-ba.
675 5498 788 5553 Sed
821 5495 884 5551 in
933 5494 1226 5565 margine‘
1249 5488 1890 5565 ascriptumlzgiEivh'dé
1918 5511 2001 5552 τις

384 5567 514 5642 ςόρον
569 5567 884 5642 πολΰτιμον
940 5565 1016 5619 εἰς
1054 5557 1427 5642 ,ναλαὸαστροῇ
1501 5557 2004 5642 ἐμϐάλῃκλοιρωζ

384 5589 514 5642 υρον
569 5589 882 5638 πθΛδτιμΟν
940 5589 1016 5619 εις
1087 5589 1427 5636 αΛαοαστρον
1501 5589 1746 5636 “unum.
1801 5589 2000 5634 ιωιρω-

336 5589 582 5706 Sis-tate,
616 5639 728 5693 εἶτα
755 5637 966 5708 κενώσῃ
1010 5634 1164 5701 αὐτὸ,
1212 5633 1273 5688 οῦ
1326 5633 1490 5688 πάλιν
1552 5636 1585 5702 ἡ
1647 5630 1847 5689 εὐωδία
1903 5637 2000 5687 τοῦ

343 5710 523 5786 μύρου
554 5709 632 5786 τίῷ
658 5711 867 5786 ,ἀγγείῳ
897 5708 1195 5786 πρρσμὲνει
1229 5725 1243 5776 ;
1278 5708 1416 5763 Χηο

438 5786 532 5855 7‘7)
565 5777 1188 5856 Q'uid'sit'na'pininov,
1238 5796 1358 5834 non
1411 5779 1554 5836 satis
1610 5779 1765 5836 novi.
1811 5777 1997 5834 Credo

2117 5348 2301 5403 fuisse
2322 5347 2568 5404 rhedam
2595 5351 2697 5402 aut
2718 5345 3050 5400 vehiculum
3074 5345 3273 5418 cursui
3300 5345 3769 5418 idoneum.quod

2116 5421 2334 5494 aliquis
2363 5439 2544 5494 eques
2575 5418 2980 5494 comitaretur.
3000 5417 3243 5494 _Quid_si
3277 5418 3524 5474 veredus
3566 5417 3649 5494 ita
3676 5438 3772 5494 ap-

2116 5488 2374 5563 pellatur
2397 5488 2430 5546 ’ἶ
2455 5492 2592 5546 XvL.
2643 5520 2712 5530 —
2741 5488 3090 5563 Pancirolus
3149 5489 3221 5543 de
3266 5503 3443 5543 cursu
3487 5488 3764 5561 publico':

2113 5559 2376 5618 Concessa
2406 5572 2681 5619 evectione
2710 5577 2850 5615 unus
2881 5567 2976 5614 aut
3004 5559 3148 5631 alter
3178 5576 3350 5631 equus
3369 5559 3626 5631 permitti
3642 5580 3765 5619 cen-

2110 5637 2336 5690 sebatur
2367 5652 2380 5690 :
2414 5652 2536 5690 cum
2567 5649 2694 5688 vero
2717 5635 2907 5705 tertius
2935 5629 3164 5686 veredus
3193 5629 3609 5705 tjidulgebatur,
3627 5652 3761 5705 par-

2107 5707 2309 5780 hippus
2339 5713 2438 5762 aut
2459 5704 2837 5780 paraueredus
2866 5704 3172 5780 dicebatur.
3203 5703 3305 5759 Est
3328 5704 3530 5776 itaque
3561 5703 3759 5780 parip-

2106 5775 2222 5850 pus
2243 5775 2702 5850 cursus—publici
2734 5793 2944 5849 equus.
2977 5775 3157 5834 Gesn.
