4112 6424
405 480 524 543 885

1531 478 2082 543 HISTORIARUM
2128 484 2674 552 COMPENDIUM.

3707 491 3827 554 886

405 615 484 678 εἰς
512 613 826 686 νομίσματα
862 612 932 684 ιβ’
959 611 1049 666 καὶ
1077 611 1144 667 τὰ
1175 611 1344 668 λοιπὰ
1376 612 1609 686 ὁμοίως.
1662 617 1780 673 Τοῦ
1833 612 1889 670 δὲ
1919 613 2051 670 λαοῦ

2176 621 2535 679 nomismata
2574 621 2950 689 venderetur,
3000 621 3328 695 eademque
3377 631 3534 682 esset
3578 627 3824 700 reliqum

411 709 738 774 θνήσκοντος
765 703 856 758 καὶ
887 700 1279 774 ἀπολλυμένου
1312 703 1630 780 ἠναγκάσθη
1684 700 2057 780 Ἀρτάϐασδιις

409 795 673 852 ἀπολύειν
731 794 892 848 αὐτλν
961 793 1052 847 καὶ
1109 794 1420 871 ἐξὲρχεσθαι
1493 794 1600 850 ἀπὸ
1655 803 1754 862 τῆς
1820 794 2058 857 πόλεως.

411 889 656 955 Νικήτας
685 881 743 938 δὲ
774 885 801 937 ὁ
833 883 950 944 υἱὸς
982 875 1355 956 Ἀρταὸάσδου
1398 883 1717 957 ἐπισυνάξας
1777 883 1908 939 λαὸν
1937 886 2062 938 ἱκα-

403 977 492 1031 νὸν
525 974 694 1043 ἦλθεν
749 969 854 1034 ἓως
915 969 1350 1044 Χρυσουπόλεως
1408 977 1542 1045 (81).
1595 975 1696 1030 Καὶ
1738 973 1972 1047 περάσας
2031 974 2059 1028 ὁ

404 1063 778 1138 Κοπρώνυμος
809 1060 1023 1132 ἐδίωξεν
1074 1062 1238 1117 αὐτὸν
1296 1062 1384 1116 καὶ
1439 1059 1765 1119 καταλαϐὼν
1825 1063 2061 1139 ἐχειρώ-

402 1175 551 1210 σατο.
585 1153 689 1209 Καὶ
720 1155 915 1208 τοῦτον
952 1147 1215 1221 πεδήσας,
1283 1150 1459 1206 ἐλθὼν
1517 1153 1606 1208 διὰ.
1660 1158 1757 1208 τοῦ
1811 1153 2057 1228 τείχους,

398 1251 476 1319 τῷ
531 1245 697 1320 πατρὶ
755 1239 1120 1299 ἐπεδείκνυσεν
1175 1244 1216 1300 ³.
1278 1248 1470 1322 ’Ἄφνω
1557 1242 1614 1300 δὲ
1677 1244 2062 1317 παραταξάμε-

397 1359 488 1399 νος
523 1336 612 1392 διὰ
642 1340 738 1393 τοῦ
788 1333 1047 1410 χερσαίου
1103 1332 1326 1408 τείχους
1382 1335 1480 1403 τήν
1539 1333 1702 1390 πόλιν
1758 1329 2055 1410 παρέλαϐε,

392 1428 483 1482 καὶ
519 1425 930 1503 χειρωσάμενος
962 1419 1336 1496 Ἀρταὸασδοι
1395 1425 1484 1479 καῖ
1543 1425 1671 1485 τοὺς
1731 1426 1822 1480 σὺν
1881 1426 2056 1494 αὐτῷ,

391 1522 590 1573 τοῦτον
627 1519 720 1590 μὶν
751 1515 844 1570 σὺν
876 1520 994 1578 τοῖς
1033 1511 1183 1568 δυσὶν
1213 1514 1380 1570 αὐτοῦ
1429 1515 1574 1578 υἱοῖς
1631 1513 1931 1594 ἐτύφλωσε,
1963 1516 2054 1570 «av

397 1607 456 1664 δὲ
488 1610 809 1682 Βάκταγμον
843 1606 1254 1681 χειροκοπήσας
1311 1603 1362 1658 ἐν
1423 1611 1502 1661 τῶ
1563 1607 1824 1682 Κυνηγῖῳ
1865 1607 2054 1661 ἀπεκε.

401 1697 620 1776 φάλισε,
688 1693 938 1755 πολλοὺς
999 1692 1056 1748 δὶ
1111 1695 1202 1749 καὶ
1262 1692 1470 1756 ἄλλους
1533 1700 1641 1750 τῶν
1698 1695 2056 1770 προύχόντων

401 1785 607 1853 ἀνεῖλε,
649 1785 739 1841 καὶ
795 1786 894 1846 τὰς
952 1783 1136 1846 οὐσίας
1196 1784 1372 1839 αὐτῶν
1434 1781 1748 1855 ἐδήμευσεν.
1811 1786 2054 1841 Ἱππικὸν

400 1875 458 1932 δὲ
484 1877 720 1945 ποιήσας
752 1873 1007 1948 ε’σήγαγε
1035 1873 1126 1927 τὸν
1161 1869 1530 1948 Ἀρτάϐασδον
1585 1874 1678 1930 σὺν
1735 1879 1855 1935 τοῖς
1913 1875 2056 1936 υἱοῖς

2170 731 2421 769 annonas
2455 716 2690 772 caritas.
2726 717 3007 772 Moriente
3031 733 3168 788 ergo
3193 723 3251 772 et
3272 724 3556 788 pereunte
3582 721 3821 790 populo,

2170 809 2409 859 coactus
2440 811 2529 859 est
2550 805 2912 860 Artabasdus
2938 822 3006 860 eo
3041 805 3286 861 dimisso
3319 806 3483 878 Cpoli
3516 808 3824 867 excedere.

2173 891 2284 946 Sed
2311 894 2468 949 [ilius
2490 895 2620 966 ejus
2641 895 2874 950 Nicetas
2892 895 3138 950 collecto
3161 911 3281 950 non
3305 895 3647 967 paenitendo
3663 914 3826 952 exer-

2171 979 2291 1035 citu
2319 999 2507 1053 usque
2565 982 2638 1038 ad
2697 982 3088 1054 ChrySOpolin
3147 985 3432 1054 pervenit.
3494 987 3563 1039 Et
3605 989 3826 1056 Copro-

2170 1086 2386 1140 nymus
2418 1072 2540 1126 suis
2571 1071 2756 1142 copiis
2789 1072 3050 1141 trajectis
3083 1089 3219 1128 eum
3249 1073 3602 1146 proﬂigavit,
3640 1075 3822 1145 inque

2169 1159 2306 1227 fuga
2335 1160 2492 1232 cepit
2523 1168 2579 1216 et
2610 1161 2998 1232 compedibus
3024 1162 3284 1218 vinctum
3329 1164 3405 1219 ad
3453 1180 3692 1220 murum
3725 1182 3822 1238 ag-

2169 1264 2408 1320 gressus
2435 1252 2588 1322 patri
2620 1252 2899 1307 ostendit.
2936 1251 3260 1324 Subitoque
3293 1270 3327 1308 a
3351 1254 3619 1309 terrestri
3650 1272 3822 1310 muro

2169 1337 2411 1394 adortus
2434 1340 2640 1394 urbem
2672 1341 2848 1412 cepit.
2882 1342 2968 1396 Ita
3009 1341 3336 1398 Artabasdo
3367 1343 3427 1398 in
3457 1360 3622 1399 suam
3656 1351 3824 1416 pote-

2169 1433 2382 1483 statem
2413 1431 2675 1492 redacto,
2709 1438 2768 1485 et
2799 1431 2872 1485 iis
2905 1432 3007 1502 qui
3042 1449 3179 1487 eum
3220 1433 3680 1501 comitabantur,
3710 1435 3822 1506 ipsi

2169 1517 2518 1590 duobusque
2552 1520 2680 1592 ejus
2717 1520 2854 1575 ﬁliis
2887 1521 3091 1576 oculos
3128 1521 3370 1589 effodit;
3422 1523 3822 1594 Bactagmum,

2169 1607 2447 1662 manibus
2479 1609 2643 1680 prius
2674 1611 3016 1680 amputatis,
3051 1611 3111 1665 in
3143 1612 3398 1682 Cynegio
3431 1612 3622 1684 capite
3663 1619 3827 1668 trun-

2171 1696 2344 1753 cavit.
2383 1698 2596 1752 Multos
2626 1715 2862 1770 quoque
2915 1717 3188 1771 proceres
3237 1717 3267 1756 e
3318 1702 3435 1756 vita
3483 1702 3725 1757 sustulit
3771 1708 3830 1757 et

2171 1805 2377 1842 eorum
2403 1789 2555 1844 bona
2578 1789 3070 1861 publicavitJnde
3097 1796 3406 1861 equestres
3431 1791 3601 1847 ludos
3624 1791 3827 1858 edens,

2171 1876 2566 1932 Artabasdum
2602 1877 2877 1948 ﬁliosque
2911 1884 2969 1932 et
2999 1879 3221 1934 amicos
3255 1879 3383 1950 ejus
3406 1879 3631 1934 vinctos
3651 1881 3829 1935 intro-

397 1967 562 2022 αὐτοῦ
592 1965 684 2020 καὶ
707 1969 825 2026 τοῖς
858 1963 1044 2040 φίλοις
1069 1959 1377 2036 δεδεμένοις
1407 1961 1519 2036 ἅμα
1585 1961 1929 2036 Ἀναστασίῳ
1966 1969 2048 2035 τῷ

2169 1964 2303 2020 duci
2329 1967 2533 2036 jussit,
2568 1984 2686 2022 una
2716 1983 2851 2022 cum
2881 1968 3211 2036 Anastasio,
3263 1968 3364 2039 qui
3417 1985 3478 2024 se
3528 1969 3676 2024 falso
3723 1986 3827 2040 pro

395 2053 741 2128 ψευδωνύμῳ
805 2053 1122 2127 πατριάρχη
1173 2053 1424 2130 τυφθέντι
1483 2050 1770 2126 δημοσίως
1824 2053 1914 2109 καὶ
1963 2051 2050 2108 ἐπὶ

402 2141 514 2217 ὄνῳ
566 2144 939 2222 ἀντιστρόφως
994 2142 1361 2216 καθεζομένῳ.
1458 2149 1592 2205 Τοῖς
1651 2141 1709 2198 δὲ
1765 2144 1856 2198 σὺν
1915 2143 2065 2198 αὐτῶ

404 2233 650 2290 ἐλθοῦσιν
709 2232 989 2306 ὲξωτικοῖς
1049 2229 1325 2288 ἐκέλευσεν
1413 2231 1730 2308 εἶσέρχεσθα
1805 2232 1880 2295 εἷς
1934 2232 2066 2294 τοὺς

408 2322 598 2386 οἴκους
625 2323 714 2377 καὶ
747 2319 1062 2398 διαρπάζειν
1093 2323 1187 2385 τὰς
1229 2321 1414 2386 οὐσίας
1459 2327 1570 2379 τῶν
1631 2321 1899 2379 πολιτῶν.
1958 2322 2064 2378 Τὸν

405 2411 460 2469 δὲ
495 2411 851 2486 ψευδώνυμον
887 2414 1238 2488 πατριάρχην
1272 2413 1348 2474 ὡς
1405 2413 1686 2491 ὁμόφρονα
1737 2412 1924 2480 αὐτοῦ,
1973 2410 2065 2466 ἐκ-

393 2498 640 2580 φοϐήσας
696 2501 788 2557 καὶ
849 2499 1156 2571 δουλώσας,
1214 2500 1380 2557 πάλιν
1446 2501 1499 2556 ἐν
1563 2507 1644 2575 τῷ
1721 2501 1897 2576 θρόνῳ
1957 2508 2058 2572 τῆς

395 2594 702 2666 ἱερωσύνης
737 2591 1076 2661 ἀποκατέστη
1086 2613 1162 2646 σε.

466 2683 560 2752 Τᾠ
593 2679 640 2736 δ’
696 2678 802 2736 ἔτει
858 2678 1021 2757 ἐφάνη
1053 2686 1314 2754 κομήτης
1376 2683 1544 2759 μὲγας
1601 2683 1737 2736 κατᾶ
1789 2683 1890 2752 τὴν
1950 2689 2056 2736 Συ·

396 2770 537 2841 ρίαν,
567 2770 657 2825 καί
689 2771 964 2841 Μαρουᾶμ
993 2775 1100 2826 τῶν
1163 2765 1410 2844 Ἀράϐων
1457 2768 1739 2844 ἐκράτησε,
1799 2770 1888 2824 καὶ
1947 2791 2054 2826 πα-

390 2860 801 2936 ρακλήσει-τῶν
860 2857 913 2912 ἐν
971 2864 1041 2934 τῇ
1103 2861 1252 2932 Ἑῴᾳ
1311 2863 1650 2932 Χριστιανῶν
1699 2859 2055 2934 συνεχώρησε

393 2952 856 3026 χειροτονηθῆναι
919 2949 1299 3024 Θεοφύλακτον
1355 2946 1720 3024 πρεσϐύτερον
1763 2947 2050 3020 Ἐδεσηνὸν

397 3038 744 3113 πατριάρχην
779 3038 1142 3112 Ἀντιοχείας,
1190 3036 1554 3112 κοιμηθὲνως
1617 3037 1910 3113 Στεφάνου.
1947 3038 2049 3094 Καὶ

395 3131 590 3183 τοῦτον
675 3127 965 3204 γράμμασι
1040 3125 1355 3191 καθολικῶς
1409 3129 1673 3200 τιμᾶσθαι
1753 3129 1898 3204 παρά
1939 3128 2045 3181 τῶν

394 3212 647 3288 Ἀράϐων
675 3216 984 3291 προσέταξε.

457 3307 550 3376 Τῷ
605 3305 642 3359 ε⁸
701 3300 804 3360 ἔτει
862 3304 1048 3362 ἄδειαν
1117 3307 1288 3381 εὑρὼν
1344 3307 1372 3361 ὁ
1425 3308 1802 3381 Κοπρώνυμος
1860 3306 1914 3362 ἐν
1970 3311 2040 3382 τῇ

383 3394 656 3468 Ἀνατολῇ
690 3396 764 3457 ὡς
795 3401 901 3450 τῶν
935 3391 1188 3469 Ἀράϐων
1239 3398 1377 3470 πρὸς
1437 3395 1727 3468 ἀλλήλους
1785 3397 2042 3473 μαχομέ-

384 3507 514 3555 νων,
555 3485 936 3561 Γερμανίκειαν
993 3490 1104 3558 (82)
1161 3481 1582 3562 παραλαμϐάνει
1639 3489 1730 3541 καί
1782 3486 2048 3562 ἐπιστρα-

382 3575 528 3629 τεύει
577 3572 849 3648 Δουλιχίᾳ
903 3577 1014 3647 (83)
1071 3576 1160 3629 καὶ
1209 3575 1490 3652 Ἀσσυρίᾳ,
1554 3573 1932 3650 Προσελάόετο
1995 3574 2050 3632 δὲ

385 3663 645 3726 καὶτοὺς
700 3664 838 3739 πρὸς
902 3665 1112 3738 μητρὸς
1171 3671 1465 3740 συγγενεῖς.
1505 3665 1596 3720 καὶ
1655 3666 1708 3720 ἐν
1767 3667 2049 3740 Βυζαντίῳ

395 3756 683 3828 μετῴκισε,
715 3755 807 3808 σὺν
836 3754 1020 3816 αὐτοῖς
1077 3753 1134 3809 δὲ
1189 3757 1275 3810 καὶ
1337 3752 1583 3816 πολλοὺς
1631 3756 1838 3829 Σύρους
1870 3758 2050 3812 Μονο-

392 3843 638 3915 φυσίτας.
675 3841 868 3918 Γέγονε
900 3842 956 3898 δὲ
986 3843 1094 3899 ἀπὸ
1128 3845 1159 3898 ι’
1207 3843 1524 3919 Αὐγούστου
1581 3840 1686 3906 ἓως
1730 3845 1786 3898 ιε’
1844 3846 2038 3907 σκέτος

389 3929 731 4008 ὁμιχλῶδες.

458 4025 541 4097 [Ρ.
576 4025 704 4096 462]
735 4027 825 4078 Τῶ
856 4025 900 4087 ς’
931 4019 1036 4080 ἔτει
1071 4024 1274 4100 ἐγένετο
1309 4023 1532 4096 σεισμὸς
1556 4025 1724 4099 μὲγας
1753 4022 1805 4078 ἐν
1839 4023 2046 4079 Παλαι-

395 4114 543 4187 στίνῃ
571 4114 662 4168 καὶ
693 4113 747 4167 ἐν
778 4117 859 4184 τῷ
892 4111 1141 4188 Ἰορδάνῃ
1174 4113 1262 4168 καὶ
1296 4112 1347 4168 ἐν
1378 4123 1523 4188 πασῃ
1557 4118 1626 4186 τῇ
1688 4113 1879 4190 Συρίᾳ,
1916 4111 2046 4188 μηνί

388 4204 709 4276 Ἰανουαρίῳ
748 4201 823 4264 εἰς
849 4205 950 4271 τήν
983 4210 1074 4271 ιη’,
1098 4201 1216 4276 ὥρᾳ
1256 4201 1322 4272 δ’,
1380 4204 1473 4258 καὶ
1530 4203 1900 4277 ἀναρίθμητοι
1947 4225 2046 4276 μυ-

394 4291 576 4368 ριάδες
605 4294 946 4361 τεθνήκασιν,
980 4291 1271 4362 ἐκκλησίαι
1328 4314 1387 4350 τε
1424 4293 1515 4349 καὶ
1576 4295 1915 4366 μοναστήρια
1954 4315 2046 4349 πε-

391 4383 663 4451 πτώκασι,
694 4383 785 4437 καὶ
834 4381 1070 4451 μάλιστα
1126 4385 1260 4438 κατᾶ
1315 4384 1416 4450 τὴν
1472 4377 1680 4456 ἔρημον
1736 4390 1837 4450 τῆς
1897 4382 2047 4458 άγίας

383 4470 625 4533 πόλεως.
659 4475 754 4542 Τῷ
791 4469 942 4544 αὐτῷ
972 4470 1075 4527 ἔτει
1114 4470 1408 4542 λοιμώδης
1466 4475 1692 4536 θάνατος
1752 4473 1858 4528 ἀπὸ
1893 4479 2049 4527 Σικε-

391 4560 513 4623 λίας
556 4561 652 4615 καὶ
696 4556 1015 4636 Καλαϐρίας
1056 4563 1353 4636 ἀρξάμενος
1411 4560 1526 4616 οἷόν
1594 4583 1648 4616 τι
1705 4565 1811 4637 πῦρ
1871 4561 2051 4617 ἐπινε-

399 4651 636 4725 μόμενον
666 4649 755 4706 ἐπὶ
785 4651 886 4720 τήν
921 4646 1301 4724 Μονεμὸασίαν
1356 4652 1445 4707 καὶ
1501 4649 1745 4709 Ἐλλάδα
1813 4651 1902 4706 καὶ
1954 4651 2049 4712 τὰς

2175 2047 2514 2118 patriarcha
2569 2047 2830 2118 gerebat,
2893 2054 2952 2102 et
2990 2053 3131 2103 tunc
3188 2048 3424 2120 publice
3483 2049 3828 2104 verberatus

2175 2137 2342 2192 asino
2394 2143 2755 2208 praepostere
2816 2138 3131 2209 impositus
3193 2139 3456 2194 sedebat.
3516 2140 3828 2195 Extraneis

2175 2242 2324 2296 quos
2355 2227 2504 2280 801
2545 2243 2747 2281 secum
2779 2227 3126 2294 adduxerat,
3161 2227 3461 2282 mandavit
3508 2233 3574 2283 ut
3620 2228 3829 2283 domos

2174 2315 2386 2369 civium
2403 2315 2750 2386 diriperent.
2777 2315 2888 2370 Sed
2912 2317 3307 2387 patriarcham
3323 2316 3489 2371 illum
3508 2316 3597 2372 sui
3612 2317 3832 2372 erroris

2175 2411 2552 2470 sectatorem,
2589 2405 2858 2460 territum
2901 2411 3078 2477 atque
3111 2405 3444 2476 subactum,
3493 2423 3731 2462 rursum
3764 2407 3826 2462 in

2172 2494 2425 2566 pristino
2467 2495 2615 2549 solio
2649 2494 2979 2550 collocavit.

2243 2693 2410 2741 Anno
2442 2686 2563 2741 Itin
2617 2685 2787 2756 Syria
2835 2701 3083 2756 magnus
3133 2691 3366 2742 cometa
3407 2686 3703 2758 apparuit,
3764 2691 3824 2744 et

2167 2777 2504 2831 Mamamus
2535 2776 2598 2830 in
2639 2775 2861 2830 Arabes
2913 2775 3229 2846 imperium
3277 2776 3453 2848 cepit.
3504 2776 3607 2832 Hic
3656 2777 3825 2832 Chri-

2166 2866 2498 2921 stianorum
2533 2864 2633 2936 qui
2669 2881 2775 2936 per
2805 2863 3106 2920 Orientem
3139 2871 3277 2920 sunt
3312 2866 3822 2922 cohortationibus

2160 2971 2504 3026 persuasus,
2537 2954 2835 3010 concessit
2863 2961 2929 3008 ut
2956 2954 3428 3026 Theophylactus
3485 2955 3822 3010 Edessenus

2159 3045 2469 3116 presbyter
2545 3043 2878 3099 Antiochiae
2963 3043 3377 3116 designaretur
3457 3044 3816 3117 patriarcha,

2156 3141 2391 3189 mortuo
2446 3139 2571 3189 turn
2628 3134 2949 3204 Stephano,
3011 3149 3267 3204 eumque
3324 3133 3560 3206 publico
3624 3135 3814 3191 edicto

2149 3225 2331 3295 jussit
2360 3223 2432 3279 ab
2469 3223 2762 3278 Arabibus
2794 3223 2855 3277 in
2885 3223 3110 3279 honore
3137 3223 3365 3279 haberi.

2233 3315 2404 3368 Anno
2439 3315 2469 3366 5
2503 3313 2911 3384 Copronymus
2941 3318 3151 3368 nactus
3194 3329 3570 3369 occasxonem
3622 3314 3706 3369 rei
3757 3314 3820 3370 in

2157 3405 2396 3460 Oriente
2427 3403 2719 3475 gerendaa,
2755 3404 2912 3458 inter
2941 3403 3164 3460 Arabes
3186 3405 3343 3459 civili
3375 3405 3604 3477 vigente
3634 3405 3815 3473 bello,

2159 3492 2591 3550 Germaniciam
2629 3492 2862 3564 recipit,
2896 3493 3343 3564 exercitumque
3375 3494 3448 3548 ad
3481 3494 3818 3550 Dulichiam

2159 3590 2218 3638 et
2248 3583 2308 3637 in
2345 3581 2642 3652 Assyriam
2676 3581 2858 3636 ducit.
2890 3581 3091 3637 Matris
3122 3599 3358 3654 quoque
3391 3600 3513 3638 sum
3536 3591 3818 3656 cognatos

2160 3669 2271 3724 sibi
2304 3668 2602 3733 adsciscit,
2646 3674 2704 3722 et
2734 3669 3072 3740 Byzantium
3107 3686 3209 3724 eos
3240 3669 3542 3738 transfert,
3573 3672 3818 3727 multos-

2159 3775 2273 3828 que
2305 3774 2441 3812 cum
2478 3757 2567 3812 his
2618 3757 2815 3829 Syros,
2870 3757 3103 3812 Christo
3158 3759 3400 3814 unicam
3457 3759 3812 3832 afﬁngentes

2155 3852 2432 3901 naturam
2489 3846 2588 3916 qui
2646 3845 2929 3901 dicuntur
2978 3847 3420 3920 Monophysitm.
3452 3850 3498 3904 Α
3533 3851 3598 3902 10
3628 3866 3816 3920 usque

2155 3934 2230 3989 ad
2264 3937 2328 3987 15
2361 3933 2516 3988 diem
2551 3934 2799 4004 Augusti
2833 3933 3091 3988 tenebrae
3123 3935 3365 3990 fuerunt
3392 3935 3753 4007 caliginosae.

2228 4023 2396 4075 Anno
2421 4026 2586 4075 sexto
2609 4037 2857 4093 magnus
2880 4022 2988 4075 fuit
3005 4023 3062 4076 in
3076 4021 3576 4078 Palaestinaterraa
3593 4029 3814 4095 motus,

2157 4118 2216 4168 et
2245 4112 2318 4168 ad
2368 4111 2683 4167 Iordanem
2743 4128 2965 4182 perque
3017 4113 3359 4168 universam
3399 4113 3652 4185 Syriam,
3714 4114 3809 4170 die

2155 4203 2380 4258 mensis
2401 4201 2662 4256 Januarii
2692 4202 2766 4266 18,
2791 4201 2939 4256 hora
2953 4203 3006 4265 4,
3037 4201 3474 4273 innumeraque
3495 4202 3811 4259 hominum

2155 4291 2466 4364 perierunt
2497 4287 2705 4354 millia,
2739 4296 3092 4345 corruerunt
3109 4291 3332 4361 templa
3351 4296 3409 4345 et
3426 4293 3811 4360 monasteria,

2157 4383 2416 4438 maxime
2440 4398 2545 4451 per
2564 4380 2948 4436 solitudinem
2966 4381 3131 4436 urbis
3163 4382 3630 4438 sanctaandem
3653 4399 3812 4438 anno

2157 4472 2364 4545 pestis.
2397 4471 2469 4526 ab
2502 4471 2702 4526 Sicilia
2737 4476 2794 4525 et
2823 4471 3095 4526 Calabria
3126 4476 3362 4543 sumpto
3394 4471 3586 4538 initio,
3631 4472 3814 4527 veluti

2159 4560 2310 4632 ignis
2345 4560 2617 4631 proxima
2647 4559 2975 4630 corripiens
3005 4560 3466 4616 Monembasiam
3522 4578 3711 4632 usque
3755 4566 3816 4617 et

2161 4650 2222 4704 in
2256 4650 2539 4705 Graeciam
2574 4664 2704 4704 sese
2735 4650 3077 4723 propagavit
3106 4650 3453 4722 insulasque
3493 4650 3816 4724 circumja-

393 4747 794 4815 παρακειμένας
822 4741 1022 4809 νήσους
1053 4738 1195 4808 ἦλθε
1225 4736 1294 4794 δι’
1328 4739 1468 4809 ὅλης
1498 4746 1596 4808 τῆς
1648 4737 1711 4794 ιδ’
1771 4737 2047 4795 ίνδικτιῶο

2169 4744 2382 4795 centes.
2416 4741 2527 4794 Per
2556 4745 2741 4795 totam
2772 4739 2926 4796 808
2959 4739 3348 4797 indictionem
3381 4741 3445 4795 14
3472 4747 3532 4797 et
3557 4741 3726 4797 initio
3750 4744 3812 4796 15

394 4853 508 4892 νος.
540 4833 623 4906 Τῇ
654 4828 711 4886 δὲ
770 4831 827 4886 ιε’
875 4829 1102 4904 ἤρξαντο
1135 4827 1186 4885 ἒν
1219 4833 1288 4904 τῇ
1346 4827 1584 4904 βασιλίδι
1633 4828 1794 4886 πόλει
1847 4828 2050 4908 α⁹ίφνης

396 4920 642 4994 ἀοράτως
673 4919 914 4996 γίνεσθαι
942 4917 998 4974 ἓν
1029 4940 1088 4974 τε
1117 4925 1234 4981 τοῖς
1283 4924 1394 4975 τῶν
1446 4919 1746 4993 ἀνθρώπων
1805 4920 2051 4992 ἱματίοις

389 5007 476 5062 καὶ
509 5007 563 5061 ἐν
594 5013 713 5070 τοῖς
769 5012 881 5062 τῶν
934 5006 1261 5078 ’ἐκκλησιῶν
1321 5005 1576 5067 ἐπίπλοις
1634 5009 1746 5080 (84)
1825 5007 2048 5079 σταυρία

387 5094 633 5169 ἐλαιώδη
665 5095 914 5153 πλεῖστα.
943 5094 1188 5174 Ἐγένετο
1221 5096 1313 5151 οὗν
1371 5095 1606 5152 ἐντεῦθεν
1661 5101 1778 5158 τοῖς
1836 5098 2045 5171 ἀνθρώ-

2162 4830 2326 4901 Cpoli
2359 4830 2554 4885 subito
2587 4835 2646 4886 et
2674 4831 2801 4887 visu
2838 4848 2959 4887 non
3009 4831 3360 4889 observante
3405 4833 3691 4890 exsistere
3749 4833 3812 4890 in

2159 4919 2472 4974 hominum
2525 4919 2785 4975 vestibus
2837 4926 2898 4975 et
2959 4921 3020 4975 in
3079 4923 3344 4978 ecclesia
3403 4923 3817 4994 suppellectile

2158 5008 2430 5080 plurimae
2464 5025 2693 5076 cruces,
2734 5011 2904 5080 quasi
2954 5027 3024 5065 ex
3073 5011 3200 5066 oleo
3247 5011 3438 5079 factm,
3487 5016 3840 5084 coeperunt;

2157 5099 2280 5164 Quo
2315 5098 2480 5170 signo
2513 5097 2656 5168 quid
2686 5098 3162 5170 portenderetur,
3212 5115 3348 5156 cum
3387 5099 3662 5156 homines
3692 5118 3814 5158 non

1575 5278 1940 5333 XYLANDRI
1978 5278 2064 5333 ET
2105 5279 2319 5334 GOARI
2360 5280 2585 5337 NOTAE.

455 5453 567 5525 (81)
601 5449 1005 5525 Chrysopolis,
1041 5447 1184 5525 urbs
1218 5447 1371 5525 Asiaa
1407 5452 1569 5525 tra_ns
1598 5449 2044 5525 Propontidem,

385 5541 415 5578 e
449 5521 692 5594 regione
724 5521 992 5594 Cpoleos,
1034 5522 1256 5575 Scutari
1278 5537 1446 5594 nunc
1469 5522 1680 5594 _Turcis
1710 5521 1888 5594 dicta,
1920 5538 2048 5592 per-

389 5591 593 5722 geram
620 5613 655 5650 a
686 5591 1047 5665 quibusdam
1066 5608 1200 5646 cum
1232 5591 1602 5647 Chalcedone
1634 5591 2044 5648 confunditur.

437 5684 564 5722 om.

489 5738 578 5809 82)
611 5735 1021 5809 Γερμανίκειαν,
1055 5735 1244 5809 Syriag
1269 5733 1497 5809 urbem.
1525 5735 1821 5809 (Ptolem.)
1870 5736 2044 5792 GGAB.

489 5740 578 5809 82)
611 5740 1021 5809 Γερμανίκειαν,
1055 5740 1237 5807 Syriae
1269 5740 1497 5790 urbem.
1528 5740 1821 5806 (Ptolem.)
1870 5740 2044 5792 GGAB.

465 5740 580 5883 (83)
637 5807 904 5866 Δουλιχία
969 5809 1158 5865 altera
1214 5806 1398 5879 Syrias
1449 5807 1591 5864 urbs
1649 5815 1758 5880 est,
1831 5809 2048 5864 Doliche

2154 5448 2470 5504 Ptolemaao
2502 5449 2679 5505 dicta.
2713 5451 2888 5505 Goxn.

2226 5522 2334 5587 (84)
2370 5518 2685 5588 Ἐπίπλοις,
2708 5523 2891 5592 peplis
2916 5527 2974 5592 et
2998 5524 3130 5578 velis
3160 5524 3349 5578 sacris.
3381 5522 3617 5582 Simeon
3639 5525 3810 5583 These

2158 5592 2266 5672 sal.
2324 5592 2397 5649 de
2456 5587 2878 5672 ιεῐῃριρἿερὸν
2947 5587 3180 5649 ἔπιπλον
3246 5597 3347 5672 τῆς
3404 5596 3556 5671 ἁγίας
3610 5596 3811 5672 τραπέο

2158 5667 2256 5790 ἕης
2288 5673 2456 5721 vocat
2503 5666 2709 5722 altaris
2766 5665 3207 5739 indumentum,
3263 5667 3324 5724 id
3382 5665 3473 5725 est
3527 5665 3805 5743 mappam.

2205 5751 2333 5790 om.

2205 5751 2333 5792 OAR.
