4112 6444
323 499 439 558 887

1680 488 2002 556 GEORGII
2046 485 2389 553 CEDRENI

3623 486 3745 552 888

324 632 813 700 assequerentur,
846 630 907 684 in
932 644 1209 699 magnum
1232 642 1546 684 mmrorem
1569 630 1747 697 atque
1767 623 1971 680 sollici-

2093 641 2219 684 ποις
2250 618 2399 692 λύπη
2450 618 2539 676 καὶ
2571 619 2776 692 ἀθυμία
2804 615 2994 688 πολλὴ
3053 618 3122 693 τῇ
3175 620 3271 673 τοῦ
3328 622 3585 675 τοιοῦτου
3650 640 3757 691 ση-

324 716 598 772 tudinem
653 717 1011 774 inciderunt.
1068 716 1177 771 Sed
1224 720 1280 771 et
1330 715 1493 771 varia
1539 714 1697 770 mala
1747 713 1845 768 Dei
1896 712 1987 768 ira

325 806 596 861 immissa
626 806 912 878 populum
944 804 1259 861 confertim
1292 804 1707 873 absumebant,
1758 818 1879 857 non
1921 802 1985 858 in

326 896 474 950 urbe
510 895 706 962 modo,
741 894 846 950 sed
876 895 937 949 in
971 893 1246 950 universa
1276 894 1510 950 vicinia.
1567 895 1700 949 Visa
1748 907 1985 964 quoque

324 984 669 1039 hominibus
683 983 881 1039 oblata
906 1001 1015 1039 sun
1027 985 1158 1055 t,ita
1179 990 1243 1040 ut
1267 984 1439 1039 multi
1458 985 1766 1039 hominum
1782 985 1983 1037 mente

324 1074 642 1130 abalienati
674 1080 960 1146 putarent
992 1092 1054 1131 se
1088 1091 1221 1131 cum
1254 1074 1585 1148 peregrinis
1626 1072 1984 1144 quibusdam

324 1170 383 1219 et
411 1162 664 1219 terribili
697 1165 861 1220 vultu
902 1165 1169 1237 praditis
1208 1165 1552 1221 hominibus
1601 1165 1718 1218 iter
1767 1162 1983 1231 facere,

320 1252 421 1326 qui
439 1259 822 1310 occurrentes
849 1254 967 1310 sibi
994 1261 1282 1326 tanquam
1306 1255 1530 1310 amicos
1552 1252 1987 1325 compellarent

317 1350 492 1418 atque
525 1363 660 1402 cum
684 1345 761 1402 iis
784 1346 1320 1418 colloquerentur;
1349 1363 1417 1403 ac
1438 1362 1573 1402 cum
1599 1347 1986 1401 annotassent

317 1452 450 1508 quas
475 1435 550 1491 ab
585 1436 660 1491 iis
693 1434 1068 1505 dicebantur,
1108 1442 1233 1492 tum
1280 1434 1523 1493 demum
1571 1438 1982 1500 narraverunt,

318 1543 455 1583 cum
479 1543 551 1583 ea
571 1527 700 1598 jam
740 1527 933 1583 exitus
966 1527 1429 1600 comprobasset.
1465 1526 1755 1582 Videbant
1785 1531 1982 1581 autem

320 1633 424 1672 eos
453 1618 516 1672 in
546 1617 707 1672 uades
769 1617 1017 1683 intrare,
1065 1617 1336 1689 aliosque
1383 1617 1547 1673 intus
1595 1615 1981 1687 suspendere,

322 1706 473 1762 alios
504 1706 697 1779 gladio
730 1707 928 1762 ferire.
962 1708 1217 1763 Eventus
1248 1706 1531 1779 pleraque
1559 1707 1631 1762 ab
1657 1706 1803 1777 ipsis
1825 1704 1985 1759 dicta

322 1812 462 1853 vera
496 1796 776 1852 ostendit.
832 1794 1023 1852 Verno
1076 1802 1343 1869 tempore
1392 1797 1600 1869 primae
1640 1794 1983 1851 indictionis

323 1886 542 1941 malum
602 1886 790 1959 magis
845 1902 974 1941 sese
1033 1886 1310 1951 intendit,
1342 1902 1707 1959 prorsusque
1765 1882 1983 1939 exarsit

320 1982 543 2041 aestate,
576 1976 722 2032 adeo
755 1980 819 2032 ut
850 1983 910 2032 et
941 1982 1076 2032 totze
1111 1977 1322 2033 domus
1366 1977 1888 2041 concluderentur,
1923 1979 1982 2030 et

2095 711 2253 784 μείου
2294 708 2519 786 ἀπορίᾳ.
2581 708 2828 785 Ἐγένετο
2882 706 2939 764 δὲ
2981 708 3072 763 καὶ
3130 707 3398 779 θεομηνία
3479 707 3752 764 ποικίλων

2089 802 2298 872 παθῶν,
2348 797 2586 874 ἀφειδῶς
2614 800 2743 862 τοὺς
2799 797 2967 860 λαοὺς
3026 796 3416 872 όλοθρεύουσα,
3459 797 3520 852 οὐ
3582 799 3748 871 μόνον

2095 888 2223 951 τοὺς
2255 887 2308 944 ἐν
2338 893 2408 963 τῇ
2435 887 2625 957 πόλει,
2658 884 2806 943 ἀλλά
2833 887 2922 942 καὶ
2951 886 3095 961 πάσῃ
3150 890 3219 961 τῇ
3251 886 3572 965 περιχώρῳ.
3604 886 3750 963 Ἐγε-

2094 999 2251 1034 νοντο
2286 976 2344 1034 δὲ
2375 978 2465 1033 καὶ
2522 977 2834 1057 φαντασίαι,
2866 977 2940 1038 ὡς
2970 974 3220 1039 πολλοὺς
3277 981 3386 1031 τῶν
3443 976 3747 1051 ἀνθρώπων

2097 1066 2151 1123 ἐν
2179 1067 2421 1124 ἐκστάσει
2450 1070 2768 1145 γινομένους
2798 1067 3042 1141 νομίζειν
3071 1065 3239 1136 ξένοις
3279 1065 3391 1121 τισὶ
3445 1067 3535 1122 καὶ
3589 1069 3748 1142 βρια·

2090 1162 2208 1231 ροῖς
2257 1158 2581 1234 προσώποις
2639 1153 2969 1227 συνοδεύειν,
3030 1156 3122 1211 καὶ
3205 1155 3335 1218 τοὺς
3397 1156 3749 1219 ἀπαντῶντας

2098 1250 2284 1313 αὐτοῖς
2315 1251 2391 1314 ὡς
2422 1248 2585 1322 δῆθεν
2612 1250 2809 1327 φίλους
2857 1249 3365 1326 προσαγορεύοντας
3422 1250 3514 1305 καὶ
3565 1246 3748 1305 διαλε·

2094 1341 2382 1415 γομένους.
2443 1339 2842 1413 Σημειούμενοι
2901 1335 2961 1394 δὲ
3025 1339 3093 1394 τὰ
3137 1340 3266 1413 παρ’
3313 1339 3492 1394 αὐτῶν
3548 1337 3751 1395 λαλού-

2095 1450 2226 1500 μενα
2256 1427 2491 1506 ἔσχατον
2561 1430 2847 1505 ἐξηγοῦντο
2902 1428 3181 1503 γινόμενα.
3244 1430 3467 1505 Ἐώρων
3507 1426 3564 1484 δὲ
3619 1427 3749 1492 τοὺς

2094 1518 2289 1582 αὐτοὺς
2373 1519 2450 1583 είς
2526 1519 2712 1582 οἲκους
2769 1519 3216 1595 ε’ςσερχομένους,
3295 1519 3388 1573 καὶ
3459 1519 3588 1582 τοὺς
3649 1521 3747 1594 μὲν

2092 1613 2194 1665 τοῦ
2246 1608 2398 1665 οἷ’κου
2454 1614 2795 1685 κρεμῶντας,
2851 1609 2978 1672 τοὺς
3024 1605 3083 1663 δὲ
3139 1607 3278 1686 ξίφει
3319 1609 3744 1684 τιτρώσκοντας.

2091 1694 2379 1755 Συνὲϐαινε
2410 1697 2468 1754 δὲ
2496 1699 2564 1754 τὰ
2590 1698 2821 1755 πλεῖστα
2849 1703 2955 1753 τῶν
3008 1699 3137 1774 παρ’
3197 1698 3375 1753 αὐτῶν
3430 1697 3743 1773 λεγομένων

2097 1788 2339 1865 γίνεσθαι
2372 1788 2547 1851 οὕτως
2574 1787 2756 1851 καθὼς
2786 1784 2940 1858 ᾖδον.
2965 1787 3054 1860 Τῷ
3085 1784 3144 1841 δὲ
3174 1786 3372 1861 ἐαρινῷ
3410 1792 3587 1861 καιρῷ
3644 1796 3746 1858 τῆς

2098 1876 2324 1951 πρώτης
2380 1874 2721 1941 ἰνδικτιῶνος
2774 1874 3006 1931 ἔπὲτεινε
3062 1876 3347 1950 μειζόνως.
3393 1877 3485 1947 Τῷ
3540 1873 3599 1931 δὲ
3657 1890 3737 1941 θε-

2097 1964 2232 2042 ρινῷ
2262 1965 2514 2039 ἐξεκαύθη
2546 1964 2789 2036 είσάπαξ,
2850 1966 2989 2021 ὥστε
3038 1966 3127 2019 καὶ
3186 1964 3534 2041 ὁλοκλήρους
3563 1966 3749 2032 οἴκους

317 2065 596 2121 deessent
634 2065 737 2137 qui
796 2066 1083 2122 cadavera
1151 2067 1491 2135 humarent,
1548 2082 1743 2136 neque
1794 2065 1971 2119 etiam

2092 2030 2411 2125 κλείσθῇναι
2442 2030 2870 2125 παντελῶςξκαὶ
2923 2056 3000 2130 μὴ
3059 2054 3194 2110 εἶναι
3240 2030 3747 2135 τοὺς-’ὀφείλοντας

322 2156 465 2210 satis
526 2161 683 2211 esset
737 2154 1117 2228 grabatorum
1172 2155 1247 2211 ad
1328 2172 1397 2211 ea
1481 2153 1802 2221 efferenda,
1871 2151 1975 2207 sed

315 2244 592 2315 jumenta
623 2243 698 2298 ad
728 2244 840 2299 hoc
873 2250 932 2298 et
975 2244 1247 2300 vehicula
1301 2244 1750 2312 adhiberentur,
1802 2247 1980 2313 atque

318 2332 425 2388 illa
454 2332 515 2388 in
547 2333 1032 2406 propugnaculis,
1067 2332 1388 2400 suburbiis,
1418 2333 1694 2389 cisternis
1741 2332 1979 2387 siccatis

325 2438 394 2477 ac
424 2420 672 2478 lacubus
719 2422 1158 2494 sepelirentur;
1206 2422 1422 2495 quibus
1479 2421 1742 2495 impletis
1788 2421 1974 2477 vineae

319 2528 556 2583 quoque
589 2516 649 2566 et
676 2510 830 2566 horti
864 2514 1063 2568 effossi
1095 2512 1189 2568 vix
1219 2512 1571 2585 obtegendis
1592 2511 1978 2568 cadaveribus

325 2600 689 2657 suffecerint.
712 2602 956 2657 Interim
984 2603 1411 2675 Copronymus,
1436 2602 1713 2659 omnibus
1739 2608 1981 2674 propter

315 2688 508 2761 ipsius
537 2689 902 2761 impietatem
934 2690 1179 2747 familiis
1212 2691 1511 2756 evastatis,
1545 2707 1752 2746 omnes
1796 2690 1977 2762 Oppi-

320 2777 611 2834 danorum
641 2779 954 2836 facultates
987 2779 1139 2836 809
1174 2781 1425 2837 corrasit
1454 2781 1636 2852 inque
1687 2780 1976 2851 palatium

316 2868 633 2940 congessit.
656 2870 1061 2941 Agarenorum
1094 2885 1328 2941 quoque
1349 2887 1418 2926 ea
1438 2874 1789 2941 tempestate
1816 2868 1975 2924 clas-

321 2957 403 3011 sis
434 2956 508 3013 ad
560 2958 815 3029 Cyprum
862 2958 1110 3031 appulit.
1160 2961 1297 3016 Erat
1345 2960 1427 3015 ibi
1486 2962 1752 3016 Romana
1797 2958 1975 3014 etiam

317 3044 547 3115 classis,
584 3047 758 3118 cujus
810 3047 1023 3103 ductor
1079 3054 1283 3120 portus
1341 3047 1615 3104 faucibus
1673 3048 1976 3119 occupatis

311 3133 508 3189 subito
567 3135 808 3192 adortus
864 3136 1064 3193 hostes
1123 3138 1432 3195 occidione
1487 3137 1723 3206 delevit,
1784 3136 1974 3192 tribus

313 3227 547 3279 tantum
581 3224 845 3281 dimissis
877 3226 979 3298 qui
1007 3226 1296 3284 indicium
1326 3227 1683 3300 perferrent.

2106 2146 2472 2210 θάπτειντοὺς
2497 2145 2744 2223 νεκροὺς,
2805 2142 2948 2201 ὥστε
3001 2146 3076 2218 μὴ
3138 2143 3376 2221 ἐξαρκεῖν
3428 2149 3555 2209 τοὺς
3580 2142 3749 2223 κραϐ-

2100 2229 2299 2298 ϐάτους
2359 2234 2436 2297 εἷς
2490 2238 2592 2305 τὴν
2646 2235 2857 2291 τούτων
2929 2232 3252 2307 ἐκκομιδὴν,
3310 2232 3458 2291 ἀλλὰ
3511 2236 3603 2291 καὶ
3661 2234 3753 2293 διὰ

2095 2322 2316 2401 ἀλόγων
2370 2325 2460 2381 καὶ
2528 2323 2620 2381 διὰ
2673 2324 2894 2399 ἁμαξῶν
2954 2323 3197 2405 ἰκφέρειν
3252 2326 3380 2388 τοὺς
3428 2328 3747 2401 τεθνεῶτας,

2088 2416 2256 2471 καὶέν
2283 2420 2402 2477 τοῖς
2451 2415 2884 2491 προτειχίσμασι
2940 2415 3031 2470 καὶ
3085 2415 3436 2489 προαστείοις
3494 2417 3585 2472 καὶ
3634 2438 3747 2472 κιν-

2093 2506 2339 2581 στέρναις
2396 2503 2651 2578 ἀνύδροις
2717 2505 2807 2561 καὶ
2883 2504 3109 2568 λάκκοις
3165 2506 3456 2569 θάπτεσθαι
3523 2506 3745 2579 αὐτοὺς,

2094 2596 2167 2650 ὧν
2221 2593 2626 2671 πληρωθέντων
2684 2596 2815 2657 τοὺς
2871 2593 3203 2670 ἀμπελῶνας
3253 2595 3344 2650 καὶ
3402 2597 3614 2665 κήπους
3671 2595 3749 2652 δι-

2088 2685 2375 2755 ἐσκαπτον,
2428 2684 2518 2739 καὶ
2579 2684 2742 2759 μόλις
2796 2684 3024 2747 τούτους
3100 2683 3331 2761 ἴσχυσαν
3390 2682 3745 2760 ἒπικαλύψαι.

2097 2779 2299 2839 Παντὸς
2333 2773 2389 2831 δὲ
2419 2775 2573 2832 οἴκου
2606 2773 2992 2849 διαφθαριντος
3042 2774 3132 2832 διὰ
3189 2778 3288 2845 τήν
3340 2770 3585 2833 ἀσέϐειαν
3639 2782 3743 2833 τοῦ

2097 2864 2505 2940 Κοπρωνύμου,
2563 2867 2734 2921 πάντα
2784 2865 2877 2921 τὸν
2961 2864 3203 2921 πλοῦτον
3260 2870 3368 2920 τῶν
3435 2866 3741 2942 οἰκητόρων

2095 2962 2198 3023 τῆς
2230 2954 2448 3019 πόλεως
2477 2954 2796 3027 εἰσκομίσας
2827 2953 2878 3009 ἐν
2908 2958 2988 3027 τῷ
3022 2952 3275 3028 παλατίῳ
3300 2955 3550 3012 ἀπέθετο.
3596 2963 3744 3012 Κατ-

2100 3040 2264 3101 ἔλαϐε
2294 3041 2352 3099 δὲ
2378 3044 2469 3100 καὶ
2501 3044 2530 3099 ὀ
2596 3048 2708 3099 τῶν
2761 3044 3079 3118 Ἀγαρηνῶν
3134 3042 3330 3106 στόλος
3394 3044 3502 3100 ἀπὸ
3557 3043 3749 3116 Ἀλεξο

2095 3130 2343 3208 ανδρείας
2408 3132 2483 3195 εἰς
2538 3131 2778 3208 Κύπρον,
2830 3131 2955 3188 ἔνθα
3018 3132 3088 3202 ἦν
3165 3134 3194 3188 6
3251 3135 3562 3208 Ῥωμαϊκὸς
3626 3135 3747 3190 στό-

2087 3221 2211 3285 λοςο
2247 3221 2514 3277 ἐπιπεσὼν
2545 3219 2602 3277 δὲ
2633 3220 2779 3296 αύτῷ
2811 3224 2841 3278 6
2891 3226 2999 3278 τῶν
3058 3223 3351 3296 Ῥωμαίων
3411 3226 3746 3302 στρατηγὸς,

314 3309 406 3365 καὶ
482 3311 546 3366 τὸ
605 3312 783 3386 στόμα
836 3317 936 3368 τοῦ
994 3311 1222 3388 λιμένος
1277 3316 1574 3392 κρατήσας,
1647 3309 1816 3391 ἄρδην
1876 3309 2130 3367 ἀπώλεσε
2188 3312 2412 3380 πάντας,
2478 3314 2628 3386 τρεῖς
2695 3313 2895 3384 μόνους
2943 3309 3310 3385 ἐλευθερώσας
3371 3310 3461 3368 διὰ
3514 3312 3578 3370 τὰ
3634 3317 3744 3389 μή·

316 3420 483 3473 νυμα.

389 3493 564 3547 Anno
594 3492 970 3549 Constantini
1009 3511 1167 3551 nono
1198 3496 1536 3551 Maruamus
1567 3510 1602 3550 a
1630 3494 1971 3565 Mauropho-

2152 3493 2246 3563 Τῷ
2278 3496 2320 3554 θ’
2352 3488 2457 3546 ἔτει
2513 3486 2910 3548 καταδιώκεται
2944 3492 3221 3568 Μαρουὰμ
3271 3492 3376 3549 ὑπὸ
3439 3498 3551 3550 τῶν
3581 3500 3735 3550 Mau-

318 3580 426 3647 ris,
460 3581 561 3651 qui
592 3587 649 3637 et
676 3583 1131 3654 Chrysaronitae,
1165 3584 1480 3651 invaditur,
1504 3584 1971 3657 gravissimaque

321 3670 644 3726 commissa
674 3687 870 3744 pugna
914 3674 1223 3730 occiditur.
1276 3673 1382 3730 Die
1434 3675 1715 3730 vicesima
1764 3673 1973 3745 quinta

317 3758 581 3814 Januarii
642 3762 867 3817 mensis
923 3763 1310 3819 Constantino
1369 3780 1436 3818 ex
1494 3765 1748 3819 Chazara
1806 3764 1972 3819 lrena

320 3847 476 3904 illius
496 3850 781 3919 nascitur,
804 3852 896 3908 cui
928 3853 1104 3909 Leoni
1137 3870 1356 3910 nomen
1386 3853 1546 3909 fecit.
1579 3854 1799 3909 Eodem
1832 3859 1971 3908 tem-

317 3955 459 4009 pore
485 3938 544 3994 in
576 3939 742 4012 Syria
762 3942 952 4015 gravis
983 3949 1157 3999 terra;
1190 3950 1384 4000 motus
1434 3943 1731 3999 terribiles
1784 3942 1970 3998 edidit

311 4028 536 4093 ruinas,
572 4031 927 4102 quibusdam
962 4032 1209 4089 urbibus
1232 4050 1497 4106 prorsus,
1523 4032 1965 4104 quibusdamad

309 4118 567 4174 mediam
590 4127 819 4192 partem
844 4125 1176 4194 prostratis,
1210 4123 1521 4180 nonnullis
1542 4124 1720 4179 etiam
1744 4141 1777 4179 a
1796 4140 1963 4177 mon-

309 4207 466 4263 tanis
498 4208 559 4263 in
591 4209 889 4280 subjectas
919 4211 1201 4283 planities
1230 4229 1365 4269 cum
1395 4213 1583 4268 muris
1610 4218 1667 4267 et
1696 4210 1965 4267 aadillciis

304 4296 531 4368 absque
553 4298 677 4354 ullo
700 4297 918 4356 damno
941 4299 1208 4373 trajectis
1229 4319 1419 4374 usque
1439 4302 1513 4357 ad
1535 4319 1637 4358 sex
1662 4301 1962 4357 milliaria.

304 4384 488 4442 Porro
518 4387 581 4442 in
630 4390 1057 4462 Mesopotamia
1115 4395 1272 4446 terra
1317 4391 1379 4447 in
1428 4392 1671 4465 longum
1721 4390 1795 4446 ad
1844 4390 1960 4446 duo

304 4476 496 4532 millia
526 4492 810 4548 passuum
843 4485 1019 4552 rupta
1066 4482 1174 4548 est,
1219 4494 1407 4554 exque
1454 4483 1584 4554 ejus
1632 4482 1752 4537 imo
1802 4485 1962 4537 terra

304 4564 615 4623 albissima
644 4573 822 4641 atque
855 4586 1106 4626 arenosa
1158 4578 1375 4644 egesta,
1428 4570 1500 4628 de
1545 4572 1715 4643 cujus
1759 4570 1956 4627 medio

302 4653 527 4709 animal
554 4657 696 4711 muli
722 4658 912 4714 forma
933 4659 1225 4730 ascendit,
1249 4660 1513 4717 humana
1542 4676 1678 4716 voce
1706 4660 1958 4731 loquens

301 4748 361 4798 et
418 4743 747 4813 praedicens
804 4748 1092 4820 populum
1174 4750 1493 4821 quemdam
1543 4766 1575 4806 e
1631 4747 1954 4805 solitudine

2081 3580 2332 3656 ροφόρων
2362 3583 2472 3635 τῶν
2516 3580 2830 3659 λεγομένων
2859 3582 3296 3658 Χρυσαρωνιτῶν
3325 3586 3463 3657 (85),
3493 3582 3583 3639 καὶ
3637 3585 3735 3660 βαε-

2083 3668 2315 3744 ρυτάτου
2353 3666 2606 3743 πολέμου
2662 3672 3019 3744 κροτηθέντος
3067 3673 3355 3728 κτείνεται.
3414 3676 3493 3746 Τῇ
3544 3670 3601 3727 δὲ
3657 3672 3741 3728 κε’

2077 3757 2175 3812 τοῦ
2206 3757 2542 3834 Ἰανουαρίου
2578 3758 2751 3832 μηνὸς
2780 3765 3029 3835 γεννᾶται
3069 3764 3148 3832 τῲ
3205 3755 3389 3815 ἀσεϐεῖ
3444 3764 3731 3818 Κωνσταν-

2076 3846 2207 3920 τίνῳ
2238 3848 2356 3911 υἱὸς
2385 3846 2444 3903 ἐκ
2471 3855 2572 3918 τῆς
2628 3849 2880 3924 Χαζάρας
2939 3848 3199 3926 Εἰρήνης,
3258 3850 3318 3904 6'v
3375 3847 3734 3925 ἐπωνόμασαν

2078 3934 2296 3992 Λέοντα.
2341 3939 2429 4011 [Ρ.
2478 3940 2605 4011 ⁴Ηῧ3]
2661 3941 2751 4009 Τῷ
2801 3938 2950 3993 αὐτῶ
3011 3939 3204 4016 χρόνῳ
3262 3938 3455 4017 γέγονε
3510 3941 3735 4013 σεισμὸς

2076 4022 2129 4080 ἐν
2159 4024 2333 4098 Συρίᾳ
2359 4027 2449 4082 καὶ
2485 4025 2703 4102 μεγάλη
2736 4028 2829 4082 καὶ
2887 4022 3094 4106 φοϐερὰ
3124 4032 3352 4101 πτῶσις,
3385 4028 3508 4084 ὅθεν
3538 4029 3594 4083 αἱ
3639 4029 3735 4101 μὲν

2072 4120 2182 4170 τῶν
2242 4115 2460 4171 πόλεων
2515 4113 2848 4192 ὁλοκλήρως
2899 4117 3294 4195 ἠφανίσθησαν,
3346 4119 3400 4173 αἱ
3450 4115 3508 4174 δὶ
3532 4118 3731 4192 μέσως.

2070 4207 2289 4279 Ἓτεραι
2347 4204 2454 4260 ἀπὸ
2496 4209 2606 4261 τῶν
2668 4206 2893 4282 ὀρεινῶν
2952 4205 3029 4269 εἷς
3078 4206 3146 4262 τὰ
3205 4207 3540 4276 ὑποκείμενα
3566 4206 3731 4263 πεδία

2072 4294 2168 4348 σὺν
2200 4299 2321 4358 τοῖς
2344 4292 2551 4370 τείχεσι
2579 4293 2674 4350 καί
2727 4301 2848 4357 τοῖς
2904 4295 3204 4370 οἰκήμασιν
3257 4294 3567 4371 ὁλόκληροι
3593 4301 3731 4352 σῶαί

2074 4383 2405 4457 μετέστησαν
2439 4384 2515 4448 ὡς
2544 4384 2650 4440 ἀπὸ
2699 4382 2904 4460 μιλίων
2961 4381 3036 4457 ἓξ.
3096 4387 3184 4443 ’Ev
3241 4386 3644 4461 Μεσοποταμίᾳ
3673 4384 3732 4442 δὶ

2068 4473 2147 4535 είς
2172 4480 2350 4546 μῆκος
2387 4472 2547 4547 μίλια
2576 4470 2676 4529 δύο
2707 4472 2912 4551 ἐῤῥάγη
2942 4476 2977 4545 ἠ
3011 4481 3109 4552 γῆ,
3159 4475 3252 4531 καὶ
3314 4474 3376 4531 ἐκ
3426 4479 3526 4532 τοῦ
3561 4476 3729 4551 βυθοῦ

2066 4561 2236 4632 αὐτῆς
2286 4562 2507 4639 ἀνήχθη
2567 4562 2637 4641 γῆ
2698 4561 3002 4636 λευκοτάτη
3063 4565 3155 4620 καὶ
3213 4562 3511 4639 άμμώδης,
3570 4564 3730 4636 ἦςίκ

2069 4651 2236 4728 μέσου
2267 4651 2474 4723 ἀνῆλθε
2504 4658 2646 4722 ζῶον
2674 4652 2941 4726 μουλικὸν
2973 4653 3226 4721 ἄσπιλον,
3286 4653 3494 4711 λαλοῦν
3524 4654 3731 4731 ἀνθρω-

2064 4738 2193 4816 πίνῃ
2222 4745 2399 4819 φωνῇ,
2430 4742 2757 4819 προμηνύον
2774 4738 2961 4807 ἔθνους
2984 4741 3368 4820 ἐπιδρομήνὲκ
3388 4751 3491 4816 τῆς
3515 4743 3727 4821 ἐρήμου

299 4831 361 4886 in
396 4832 618 4890 Arabas
678 4834 1083 4894 incursionem
1140 4838 1481 4894 facturum:
1543 4827 1702 4909 quod
1755 4842 1813 4894 et
1870 4838 1954 4895 sic

2087 4831 2202 4886 ιατὰ
2229 4835 2336 4886 τῶν
2367 4825 2639 4906 Ἀράϐων·
2674 4833 2704 4887 6'
2733 4834 2823 4887 καὶ
2851 4831 3064 4909 γέγονε.

304 4922 518 4979 evenit.

370 5016 542 5070 Anno
571 5017 866 5088 sequenti,
903 5023 1130 5090 quartae
1161 5016 1506 5074 indictionis
1555 5019 1683 5092 ipso
1736 5020 1952 5078 Pente~

296 5109 475 5161 costas
508 5107 656 5163 festo
690 5106 807 5172 die,
838 5108 1179 5165 Caballinus
1238 5108 1426 5165 filium
1472 5126 1644 5167 suum
1697 5108 1951 5167 Leonem

296 5194 550 5268 imperio
583 5197 973 5273 inauguravit,
1008 5216 1289 5256 coronam
1321 5200 1372 5256 ei
1404 5201 1747 5272 imponente
1792 5204 1950 5260 Ana—
2002 5262 2005 5265 γ

295 5287 499 5358 stasio,
529 5288 681 5344 falso
711 5289 1047 5361 patriarcha
1087 5294 1146 5345 et
1174 5289 1334 5346 socio
1365 5291 1690 5362 impietatis
1728 5293 1877 5365 ejus.

364 5450 521 5509 810
553 5454 721 5508 Anno
752 5457 816 5510 10
848 5452 1006 5508 diem
1040 5470 1214 5510 suum
1255 5455 1406 5510 obiit
1455 5453 1951 5529 TheOphylactus,

294 5546 709 5602 sanctissimus
738 5544 1069 5601 Antiochia:
1095 5546 1455 5619 patriarcha.

1983 4884 2030 4949 D

2133 5009 2229 5083 Τῷ
2269 5007 2327 5066 δὲ
2358 5010 2609 5085 ἑπομένῳ
2637 5011 2824 5087 χρόνῳ
2855 5017 2954 5082 τῆς
2988 5009 3033 5068 δ’
3084 5009 3428 5076 ἲνδικτιῶνος
3458 5017 3526 5088 τῇ
3556 5014 3721 5089 ἑορτῇ

2058 5105 2160 5170 τῆς
2221 5106 2624 5171 Πεντηκοστῆς,
2683 5097 2901 5177 ἔστεψεν
2961 5103 2989 5157 6
3045 5098 3317 5170 δυσσεϐὴς
3368 5098 3723 5168 Καϐαλλῖνος

2059 5192 2154 5244 τὸν
2182 5189 2297 5245 υἱὸν
2336 5189 2501 5246 αὐτοῦ
2540 5192 2746 5247 Λέοντα
2799 5191 2877 5254 εἰς
2940 5191 3165 5267 βασιλέα
3224 5190 3315 5247 διὰ
3370 5191 3722 5251 Ἀναστασίου

2059 5282 2158 5334 τοῦ
2213 5274 2572 5355 ψευδωνύμου
2654 5281 3002 5357 πατριάρχου
3087 5283 3176 5338 καὶ
3248 5285 3561 5359 σύμφρονος
3623 5284 3727 5340 αύ-

2059 5388 2178 5427 του.

2136 5458 2234 5530 Τῷ
2269 5458 2301 5513 ι’
2329 5456 2435 5514 ἔτει
2496 5459 2771 5533 ἰκοιμήθη
2804 5460 3185 5542 Θεοφύλακτος
3230 5462 3259 5518 6
3289 5460 3596 5541 ἁγιώτατος
3624 5485 3726 5522 πα-

2061 5546 2340 5625 τριάρχης
2372 5548 2735 5626 Ἀντιοχείας.

1504 5671 1863 5728 XYLANDRI
1901 5674 1990 5729 ΕΤ
2026 5673 2244 5732 GOARI
2273 5676 2497 5732 ΝΟΤΛΕ.

366 5787 481 5863 (85)
515 5786 866 5845 Chrosanitas
893 5790 1188 5847 Diaconus
1215 5797 1385 5848 vocat
1405 5790 1444 5848 l.
1480 5808 1619 5861 χχιι,
1652 5792 1935 5866 populum
1968 5822 1971 5843 ι

2087 5794 2280 5853 ιηιειίε
2309 5795 2590 5855 Persidis.
2623 5796 2766 5857 ΧΠ..
