4112 6416
298 473 422 535 339
1447 455 1995 525 HISTORIARUM
2037 458 2603 525 COMPENDIUM.
2992 488 2993 491 ~
3606 440 3726 509 890

305 609 401 678 Τῷ
433 603 499 659 ια’
526 596 636 658 ἔτει
683 601 1089 659 Κωνσταντῖνος
1140 595 1243 665 τήν
1300 590 1761 651 Θεοδοσιούπολιν
1818 615 1950 670 παρ·

2139 596 2308 653 Anno
2346 599 2403 652 11
2440 593 2862 653 Constantinus
2889 583 3389 658 Theodosiopolin
3421 588 3479 640 et
3503 583 3725 678 M‘elite-

300 671 500 752 ἔλαϐεν
554 689 670 764 ἅμα
726 692 797 763 τῇ
875 686 1180 761 Μελιτηνῇ,
1254 682 1676 761 αἷχμαλωτὲσας
1761 685 1950 747 πάντας

2069 702 2204 741 nam
2237 686 2481 759 recepit,
2517 685 2705 757 captis
2737 678 3045 755 quotquod
3071 676 3150 733 ibi
3184 678 3357 732 erant
3403 671 3721 738 omnibus;

300 784 433 847 τοὺς
476 781 672 838 ἐκεῖσε.
735 777 835 835 Καὶ
888 776 1155 856 προφάσει
1210 780 1309 831 τοῦ
1365 779 1652 840 θανατικοῦ
1710 772 1950 849 προσλα-

2069 790 2331 849 ususque
2362 776 2546 847 pestis
2572 772 3018 847 praascriptione
3051 772 3332 840 cognatos
3349 776 3488 820 suos
3519 765 3725 818 Arme-

304 869 542 945 ϐόμὲνος
565 868 697 933 τοὺς
730 853 1022 946 συγγενεῖς
1044 867 1212 921 αὐτοῦ
1244 863 1568 940 Ἀρμενίους
1615 853 1712 920 ππιὲ¹
1752 863 1950 938 Σύρους

2069 865 2200 920 nios
2232 872 2290 922 et
2329 868 2503 939 Syros
2536 865 2846 921 haereticos
2876 861 2949 917 ad
2980 876 3041 916 se
3074 864 3343 929 receptos
3376 853 3638 950 Byaantii
3663 853 3730 950 .et

301 960 614 1039 αἱρετικοὺς
672 957 747 1021 ε’δς
802 976 863 1013 τε
917 956 982 1012 τὸ
1042 956 1332 1025 Βυζάντιον
1398 954 1667 1028 μετῴκισε
1730 952 1821 1009 καὶ
1861 954 1950 1023 τήν

2070 955 2131 1010 in
2163 956 2409 1012 Thracia
2440 954 2782 1020 Collocavit;
2814 952 2915 1024 qui
2945 951 3008 1006 in
3039 950 3198 1004 hunc
3230 960 3420 1017 usque
3451 942 3610 998 diem
3660 942 3721 993 in

307 1053 547 1130 Θρᾴκην·
582 1048 636 1107 ο’ί
669 1050 839 1129 μέχρι
864 1052 962 1103 τοῦ
1000 1051 1091 1103 νῦν
1146 1048 1251 1114 τήν
1298 1045 1503 1121 α”ρεσιν
1551 1050 1650 1102 τοῦ
1696 1045 1950 1120 τυράννου

2069 1044 2280 1099 haeresi
2302 1046 2537 1117 tyranni
2559 1044 2905 1117 persistunt.
2940 1040 3026 1096 Ab
3050 1037 3263 1094 iisdem
3296 1042 3354 1091 et
3372 1031 3719 1089 Pauliciana

305 1140 848 1220 διακρατοῦσιν.⁹Υφ’
879 1138 953 1193 ὧν
1000 1137 1091 1193 καὶ
1140 1134 1453 1208 έπλατῦνθη
1504 1138 1539 1207 ἡ
1595 1134 1801 1211 αἳρεσις
1848 1138 1956 1189 τῶν

304 1231 716 1290 Παυλικιανῶν.

377 1326 474 1395 Τῷ
516 1322 586 1397 ιβ’
642 1312 749 1376 ἔτει
807 1319 836 1374 6
893 1312 1162 1387 δυσσεϐὴς
1228 1317 1603 1384 Ἀναστάσιος,
1652 1314 1681 1371 6
1729 1313 1956 1390 ἆνίερος,

303 1411 535 1482 τέθνηκε
562 1408 656 1465 σὺν
681 1411 753 1484 τῇ
785 1411 943 1488 ψυχῇ
972 1406 1062 1463 καὶ
1092 1411 1172 1481 τῷ
1222 1407 1438 1480 σώματι
1493 1405 1748 1477 οἰκτίστῷ
1799 1404 1958 1470 πάθει

297 1505 383 1573 τῷ
412 1497 695 1575 λεγομένῳ
726 1493 1020 1578 χορόάψῳ,
1049 1497 1255 1572 κόπρον
1290 1492 1379 1551 διὰ
1412 1494 1689 1568 στόματος
1738 1493 1957 1569 ἐμέσας,

296 1590 447 1664 ἀξίαν
489 1588 641 1651 τίσας
698 1582 856 1656 δίκην
914 1586 1048 1661 ὑπὲρ
1076 1605 1133 1642 τε
1188 1593 1288 1656 τῆς
1345 1587 1484 1641 κατὶ
1542 1588 1679 1641 Θεοῦ
1710 1584 1802 1640 καὶ
1857 1589 1955 1640 τοῦ

295 1676 632 1736 διδασκάλου
662 1681 776 1751 (86)
805 1677 991 1751 τόλμη
1004 1698 1047 1739 ς.

373 1773 463 1842 Τῷ
525 1768 593 1847 ιγ’
648 1762 754 1823 ἔτει
812 1770 1215 1829 Κωνσταντῖνος
1270 1767 1298 1822 6
1330 1761 1596 1836 δυσσεϐὴς
1662 1767 1797 1822 κατὰ
1851 1769 1959 1822 τῶν

295 1858 467 1934 ἆγίων
525 1856 616 1913 καὶ
679 1862 891 1913 σεπτῶν
948 1856 1172 1912 εἰκόνων
1264 1856 1586 1930 παράνομον
1681 1853 1958 1925 συνέδριον

291 1947 419 2020 τλη⁸
447 1946 762 2045 ἐπισκόπων
802 1946 1072 2045 συνέλεξεν
1104 1946 1156 2002 ἐν
1185 1951 1265 2019 τῷ
1304 1953 1404 2016 τῆς
1456 1945 1657 2022 Συρίας
1703 1945 1956 2020 παλατίῳ
1990 1981 2033 2045 Β

299 2040 434 2113 (87),
502 2038 577 2093 ὧν
644 2033 849 2112 ἐξῆρχε
913 2032 1203 2099 Θεοδόσιος
1257 2038 1285 2092 6
1345 2037 1499 2100 utb¢~
1542 2036 1859 2111 Ἀψεμοὶρου
1928 2036 1956 2091 6

307 2129 534 2209 Ἐφέσου
589 2129 685 2186 καὶ
744 2126 1034 2198 Ιιαστηλᾶς
1067 2127 1366 2207 ὁΠέῑργηςτ
1427 2125 1499 2186 (Υἱ
1554 2129 1674 2191 καθ’
1732 2124 1955 2189 ἑαυτοὺς

305 2217 372 2273 τὰ
427 2215 654 2290 δόξαντα
721 2215 1169 2293 δογματίσαντες,
1259 2214 1494 2293 μηδενὸς
1576 2216 1848 2293 παρόντος
1901 2215 1961 2271 ἐκ

310 2312 422 2364 τῶν
486 2304 798 2363 καθολικῶν
883 2308 1090 2384 θρόνων
1166 2313 1188 2379 (
1216 2307 1439 2381 Ῥώμης
1475 2348 1490 2375 ,
1528 2307 1552 2331 '
1615 2306 1784 2387 φημὶ,
1867 2303 1958 2360 καὶ

300 2397 715 2473 Ἀλεξανδρείας
769 2399 860 2455 καὶ
917 2399 1262 2476 Ἀντιοχείας
1339 2400 1431 2455 καί
1511 2395 1956 2474 Ἱεροσολύμων),

302 2493 394 2548 καὶ
464 2490 572 2548 ἀπὸ
655 2492 687 2546 ι’
748 2494 851 2547 τοῦ
941 2486 1318 2567 Φεϐρουαρίου
1410 2489 1584 2564 μηνὸς
1667 2488 1957 2563 ἀρξάμενοι

302 2578 591 2657 διήρκεσαν
662 2579 766 2642 ἕως
835 2581 886 2652 η’
953 2580 1273 2658 Αὐγούστου
1360 2585 1463 2650 τῆς
1552 2578 1720 2649 αὐτῆς
1818 2574 1959 2632 ίνδι-

300 2674 552 2734 κτιῶνος.
595 2672 728 2728 Καθ’
791 2668 857 2738 ἤν
918 2668 973 2726 ἐν
1036 2669 1374 2745 Βλαχέρναις
1434 2667 1683 2731 ἐλθόντες
1745 2666 1798 2723 οἱ
1855 2669 1955 2737 τῆς

299 2758 567 2814 Θεοτόκου
638 2756 924 2832 πολέμιοι,
992 2755 1195 2827 ἀνῆλθε
1265 2757 1359 2812 καὶ
1456 2759 1860 2816 Κωνσταντῖνος
1926 2755 1955 2810 6

299 2844 640 2911 Καϐαλλῖνος
700 2847 753 2904 ἐν
822 2852 903 2921 τῷ
950 2843 1190 2921 ἄμϐωνι,
1276 2850 1491 2923 κρατῶν
1547 2847 1953 2904 Κωνσταντῖνον

305 2938 570 3014 μοναχὸν,
634 2924 933 2994 ἐπίσκοπον
993 2937 1287 3015 γενόμενον
1350 2941 1449 2992 τοῦ
1542 2935 1800 2993 Συλαίου·
1863 2936 1954 2991 καὶ

304 3026 668 3100 ἐπευξάμενος
722 3029 826 3106 ἐφη
890 3027 1101 3103 μεγάλῃ
1157 3029 1228 3101 τῇ
1287 3029 1463 3103 τρωθῇ·
1527 3050 1556 3079 ‹‹
1614 3025 1955 3083 Κωνσταντί-

299 3137 398 3172 νου
423 3116 808 3189 οἷκουμενικοῦ
854 3117 1201 3192 πατριάρχου
1258 3114 1446 3171 πολλᾶ
1500 3116 1569 3171 τὰ
1622 3109 1738 3186 ἔτη.
1770 3139 1798 3168 ››
1850 3113 1953 3172 Καὶ

310 3208 445 3278 μετὰ
501 3210 670 3262 ταῦτα
725 3203 962 3277 ἀνῆλθον
1030 3206 1332 3285 ἀμφότεροι
1390 3205 1443 3261 ἐν
1499 3211 1579 3279 τῷ
1631 3205 1806 3283 φόρῳ.
1862 3204 1952 3261 καὶ

300 3293 643 3368 ἐξεφώνησαν
692 3296 791 3365 τήν
844 3296 1016 3351 αὐτῶν
1075 3293 1371 3366 κακόδοεον
1437 3296 1642 3372 αἳρεσιν
1716 3297 1943 3351 ένῶπιον

297 3382 499 3447 παντὸς
554 3389 653 3441 τοῦ
707 3383 867 3457 λαοῦ,
944 3384 1430 3461 ἀναθεματίσαντες
1516 3387 1602 3458 [Ρ.
1670 3389 1798 3458 464]
1856 3387 1947 3441 τὸν

302 3474 608 3548 ἁγιώτατον
651 3475 922 3552 Γερμανὸν
968 3481 1061 3530 καὶ
1118 3474 1391 3554 Γεώργιον
1444 3475 1537 3531 τὸν
1577 3474 1802 3550 Κύπρου
1856 3474 1948 3530 καὶ

293 3565 553 3636 Ἰωάννην
588 3565 682 3620 τὸν
734 3566 1113 3639 Δαματκηνὸν,
1172 3564 1368 3641 ἄνδρας
1421 3564 1604 3642 ἁγίους
1652 3564 1743 3620 καὶ
1802 3562 1948 3620 αἰδε-

293 3653 490 3728 σίμους
550 3650 933 3718 διδασκαλους.
995 3655 1095 3729 Τῷ
1145 3651 1193 3710 δ’
1236 3655 1387 3728 αὐτῳ
1440 3652 1547 3711 ἔτει
1596 3652 1865 3725 ἐζήτησαν
1896 3654 1949 3709 οἱ

288 3741 609 3821 Βοόλγαροι
641 3744 819 3800 πάιιτα
867 3742 958 3799 διὰ
1003 3748 1070 3799 τα
1116 3742 1399 3800 κτισθέντα
1450 3744 1678 3819 κάστρα,
1723 3742 1813 3799 καὶ
1851 3746 1949 3799 τοῦ

293 3831 572 3907 βασιλέως
601 3833 966 3907 ἀτιμάσαντος
992 3833 1085 3889 τὸν
1143 3831 1557 3908 ἀποκρισιάριον
1610 3836 1722 3905 ι88)
1770 3832 1947 3887 αὐτῶν

291 3920 527 3991 ἐξῆλθον
556 3918 663 3984 ἕως
691 3926 799 3978 τῶν
831 3926 1052 3998 μακρῶν
1109 3925 1330 3998 τειχῶν,
1380 3921 1471 3976 καὶ
1520 3918 1736 3990 πολλὴν
1772 3919 1948 3995 αἰχμ-

286 4008 538 4067 αλωσίαν
567 4012 891 4082 ποιήσαντες
923 4009 1254 4087 ὑπέστρεψαν
1286 4005 1569 4073 ἀϐλαϐεῖς.

357 4103 457 4176 Τῷ
496 4101 563 4155 ιθ⁸
592 4097 702 4156 ἔτει
751 4102 781 4156 6
833 4098 1091 4177 βασιλεὺς
1136 4098 1519 4177 ἐπεστράτευσε
1567 4101 1705 4156 κατᾶ
1767 4099 1948 4157 Βουλ-

279 4190 499 4269 γάρων,
547 4190 638 4246 καὶ
697 4188 871 4256 ἐλθὼν
931 4190 1009 4254 εἷς
1072 4192 1173 4262 τὴν
1229 4190 1551 4266 κλείσουραν
1612 4186 1945 4269 Βερεγάϐαν,

277 4280 542 4343 πολλοὺς
574 4278 874 4350 ἀπολέσας,
906 4280 1206 4357 ὑπέστρεψε
1242 4282 1357 4356 μετ’
1387 4281 1678 4358 αἰσχύνης.

355 4372 453 4445 Τῷ
486 4370 537 4427 κ’
567 4369 677 4427 ἔτει
735 4366 959 4441 δοκίτης
1017 4369 1191 4446 ἀστῆρ
1243 4370 1411 4449 ἐφάνη
1461 4370 1597 4426 κατὰ
1634 4372 1736 4442 τήν
1785 4371 1944 4446 ἑῴαν,

285 4459 707 4538 λαμπρότατος,
750 4457 839 4514 ἐπὶ
895 4454 1106 4535 ἡμέρας
1167 4460 1221 4532 ι’,
1275 4460 1366 4517 καὶ
1410 4460 1564 4525 αὖθις
1604 4461 1749 4536 πρὸς
1793 4457 1944 4517 δύσιν

280 4554 317 4621 ἡ
329 4550 500 4628 μέρας
532 4549 637 4607 κα“.

2066 1133 2311 1190 haaresis
2343 1139 2432 1192 est
2460 1139 2803 1207 propagata.

2137 1300 2309 1353 Anno
2342 1300 2413 1352 12
2440 1298 2658 1370 impius
2681 1301 2741 1353 et
2758 1293 3043 1369 profanus
3065 1291 3166 1347 ille
3188 1288 3452 1363 pontifex
3474 1286 3721 1341 Anasta-

2067 1387 2190 1443 sius
2219 1388 2421 1445 anima
2449 1404 2586 1444 cum
2618 1400 2866 1460 corpore
2886 1387 3176 1458 pereunte
3208 1383 3480 1436 mortuus
3511 1379 3622 1442 est,
3647 1388 3717 1427 ex

2065 1477 2404 1535 miserrimo
2435 1478 2643 1534 morbo
2673 1477 2775 1550 qui
2806 1474 3179 1546 chordapsus
3209 1469 3447 1531 dicitur,
3492 1472 3720 1521 stercus

2064 1584 2173 1641 per
2201 1586 2267 1625 os
2314 1580 2583 1643 egerens,
2640 1567 2966 1641 dignasque
3017 1561 3183 1618 dedit
3224 1574 3430 1633 pmnas
3477 1571 3720 1612 suarum

2062 1657 2126 1712 in
2162 1658 2347 1713 Deum
2380 1661 2435 1712 et
2466 1662 2895 1728 prmeeptorem
2928 1650 3308 1723 injuriarum.

2134 1749 2303 1803 Anno
2337 1751 2402 1803 13
2433 1748 2857 1805 Constantinus
2887 1744 3138 1813 impium
3168 1740 3273 1795 338
3305 1738 3721 1809 episcoporum

2064 1840 2383 1895 concilium
2415 1838 2694 1894 adversus
2727 1852 2925 1892 sacras
2948 1832 3241 1905 imagines
3265 1827 3458 1899 coegit
3478 1827 3539 1880 in
3562 1826 3725 1897 pala-

2064 1929 2145 1983 tio
2177 1929 2378 1999 Syriae.
2432 1928 2737 2001 Principes
2794 1930 2966 1982 erant
3012 1919 3377 1978 Theodosius
3423 1914 3720 1988 Apsimari

2068 2020 2228 2076 ﬁlius
2253 2021 2468 2093 Ephesi
2503 2026 2562 2076 et
2590 2018 2852 2076 Pastelas
2880 2018 3084 2088 Perga:
3131 2010 3412 2085 episcopi.
3467 2007 3535 2062 Hi
3586 2021 3724 2061 suas

2067 2112 2394 2167 sententias
2425 2111 2667 2184 propria
2695 2109 3045 2167 auctoritate
3076 2109 3234 2161 ratas
3266 2118 3395 2159 esse
3420 2098 3726 2173 jubentcs,

2064 2201 2305 2257 nemine
2338 2218 2372 2258 a
2403 2201 2713 2257 catholicis
2745 2200 2913 2256 soliis
2943 2198 3211 2269 (Romam
3258 2192 3413 2256 dico,
3463 2189 3709 2245 Alexan‘

2064 2291 2280 2359 driam,
2330 2292 2709 2348 Antiochiam
2761 2296 2819 2346 et
2865 2286 3292 2358 Hierosolyma)
3340 2284 3655 2355 praesente,
3688 2293 3724 2332 ει

2064 2381 2300 2438 decima
2330 2381 2636 2439 Februarii
2671 2397 2862 2454 usque
2891 2379 2965 2436 ad
2998 2384 3261 2435 octavam
3294 2368 3717 2444 Augustidiem

2064 2470 2334 2545 ejusdem
2366 2474 2507 2529 anni
2540 2470 2840 2546 synodum
2872 2470 3321 2528 continuarunt.
3354 2464 3436 2519 Ea
3465 2461 3561 2516 die
3583 2474 3721 2515 cum

2062 2561 2124 2617 in
2159 2563 2595 2619 Blachernense
2627 2563 2830 2631 fanum
2865 2558 3284 2618 convenissent
3317 2552 3580 2625 Deiparae
3626 2547 3715 2602 illi

2060 2652 2401 2711 adversarii.
2434 2651 2785 2709 conscendit
2815 2649 3126 2707 ambonem
3155 2643 3519 2708 Caballinus,
3566 2638 3721 2694 Con-

2062 2743 2395 2798 stantinum
2450 2742 2812 2799 monachum
2863 2746 3096 2803 tenens,
3138 2736 3239 2809 qui
3298 2731 3472 2806 Sylzei
3521 2729 3718 2784 fuerat

2061 2832 2421 2904 episcopus:
2481 2837 2877 2904 precatusque
2932 2842 3146 2901 magna
3208 2839 3352 2880 voce
3404 2837 3418 2877 :
3470 2841 3497 2870 ‹‹
3549 2815 3713 2873 Multi

2061 2921 2204 2977 8|]
2246 2923 2385 2987 sint,
2442 2922 2659 2994 inquit,
2719 2921 2861 2978 anni
2921 2920 3053 2974 vitae
3111 2912 3497 2974 Constantino
3555 2922 3712 2964 mcu-

2060 3013 2294 3069 menico
2334 3013 2707 3085 patriarchze.
2742 3035 2772 3063 »
2821 3012 2922 3068 His
2969 3009 3149 3080 gestis
3198 3008 3523 3079 imperator
3576 3014 3713 3056 cum

2059 3118 2208 3158 novo
2240 3103 2579 3175 patriarcha
2608 3103 2670 3159 iu
2700 3102 2893 3159 forum
2915 3108 3005 3157 est
3027 3111 3395 3173 progressus,
3416 3110 3483 3149 ac
3510 3105 3709 3147 coram

2059 3192 2336 3248 universo
2366 3193 2587 3265 papulo
2620 3209 2860 3265 pravam
2884 3208 3053 3247 suam
3086 3187 3340 3244 heresin
3372 3181 3708 3257 proclama-

2058 3283 2289 3342 verunt,
2323 3283 2700 3335 anathemate
2733 3277 3015 3334 ferientes
3071 3272 3514 3331 sanctissimum
3564 3268 3708 3322 Ger-

1987 3342 2031 3410 (ἶ
2060 3384 2325 3437 manum,
2360 3368 2674 3442 Georgium
2704 3368 2879 3441 Cypri
2913 3367 3259 3439 episcopum
3317 3364 3376 3417 et
3421 3360 3708 3415 Joannem

2054 3456 2677 3527 Damascenum,viros
2698 3463 2934 3515 sanctos
2958 3461 3016 3512 et
3036 3450 3405 3511 venerabiles
3418 3448 3709 3505 doctores.

2055 3547 2177 3603 Hoc
2207 3547 2336 3620 ipso
2394 3564 2553 3604 anno
2601 3547 2837 3621 Bulgari
2897 3552 3141 3619 propter
3190 3540 3464 3614 quaedam
3516 3539 3710 3591 castra

2056 3642 2358 3693 exstructa
2397 3636 2705 3709 postulant
2750 3652 2901 3692 nova
2949 3640 3140 3708 pacta.
3196 3635 3463 3700 Cumque
3504 3637 3708 3680 eorum

2055 3725 2317 3800 legatum
2383 3727 2813 3784 Constantinus
2895 3722 3291 3800 ignominiose
3375 3718 3709 3779 tractasset,

2057 3817 2410 3872 excursione
2474 3832 2667 3890 usque
2749 3816 2823 3874 ad
2909 3816 3172 3887 Longum
3232 3825 3468 3867 murum
3534 3807 3711 3872 facta,

2055 3906 2282 3979 ingenti
2313 3906 2514 3977 praeda
2542 3908 2736 3978 potiti,
2769 3906 3100 3961 incolumes
3132 3903 3377 3957 domum
3435 3894 3710 3952 redeunt.

2129 4008 2299 4050 Anno
2344 3995 2407 4048 19
2461 3995 2790 4066 imperator
2838 3993 3279 4065 expeditionem
3320 3988 3383 4041 in
3430 3984 3712 4056 Bulgaros

2054 4085 2213 4142 fecit.
2245 4084 2510 4154 Cumque
2540 4085 2615 4140 ad
2637 4084 2943 4157 angustias
2964 4097 3152 4152 usque
3174 4078 3393 4150 quibus
3414 4071 3711 4144 Beregaba

2056 4188 2299 4242 nomen,
2331 4173 2610 4243 venisset,
2645 4173 2852 4229 multis
2886 4178 3132 4228 suorum
3180 4166 3415 4225 amissis
3464 4162 3708 4219 domum

2056 4280 2190 4321 eum
2223 4260 2513 4318 dedecore
2542 4265 2800 4321 revertit.

2125 4359 2300 4415 Anno
2329 4355 2399 4408 20
2436 4359 2689 4424 cometa,
2748 4353 2850 4426 qui
2906 4367 2941 4409 a
2998 4350 3185 4407 trabis
3240 4346 3433 4403 forma
3490 4338 3708 4399 Graecis

2054 4447 2280 4504 docites
2312 4447 2551 4514 dicitur,
2574 4442 3051 4518 fulgentissimus
3069 4436 3344 4513 apparuit
3364 4450 3471 4508 per
3499 4435 3564 4488 10
3579 4429 3708 4486 dies

2053 4535 2118 4594 in
2174 4543 2343 4611 parte
2401 4535 2700 4606 orientali,
2758 4547 3089 4604 rursusque
3166 4541 3444 4587 occasum
3501 4537 3708 4578 versus

2052 4627 2205 4684 alios
2233 4632 2325 4685 21.

348 4714 447 4786 Τῷ
474 4711 561 4768 ,ια’
589 4704 698 4766 ἔτει
726 4708 986 4782 ’Δνδρέαν
1046 4710 1139 4767 τὸν
1200 4709 1459 4787 ἀοίδιμον
1515 4714 1784 4794 μοναχὸν,
1845 4715 1938 4771 τὸν

2121 4717 2293 4772 Anno
2348 4719 2412 4772 21
2476 4716 2884 4788 Copronym‘us
2944 4708 3249 4768 Andream
3310 4707 3706 4779 cognomento

278 4800 589 4879 λεγόμενον
621 4796 952 4873 Καλυϐίτην,
1013 4799 1065 4857 ἐν
1110 4799 1448 4879 Βλαχέρναις
1491 4801 1790 4880 ἐλέγχοντα
1835 4804 1939 4862 αὖ·

281 4895 382 4946 τοῦ
412 4897 517 4962 τὴν
561 4884 808 4947 ἀσέϐειαν
866 4890 1144 4949 ἀπέκτεινε
1201 4888 1291 4947 διὰ
1341 4892 1613 4969 μαστίγων
1645 4893 1674 4950 6
1703 4893 1943 4971 Κοπρώ-

282 4999 485 5052 νυμος.

352 5073 451 5141 Τῷ
470 5068 561 5144 κγ’
618 5062 725 5124 ἔτει
781 5067 973 5145 γέγονε
1027 5071 1207 5146 ψῦχος
1268 5068 1405 5146 μέγα
1470 5071 1561 5126 καὶ
1616 5070 1944 5146 πικρότατον

279 5158 422 5214 κατὰ
461 5158 565 5226 τὴν
600 5154 854 5234 βασιλίδα
881 5157 973 5213 καὶ
1002 5158 1105 5227 τὴν
1160 5155 1437 5228 ἀνατολήν
1473 5159 1566 5214 καὶ
1613 5156 1809 5235 ἄρκτον
1853 5158 1944 5215 καὶ

282 5244 459 5315 δόσιν,
491 5243 634 5303 ὥστε
683 5248 784 5318 τὴν
842 5246 1087 5323 ἀρκτῴαν
1133 5251 1231 5304 τοῦ
1278 5246 1492 5305 Ηόντου
1538 5249 1807 5325 παραλίαν
1858 5248 1945 5325 ἐπὶ

281 5335 478 5394 ἑκατὸν
534 5330 694 5410 μίλια
746 5337 810 5393 τὸ
865 5333 1105 5412 πέλαγος
1157 5335 1577 5409 ἆπολιθωθῆναι
1620 5324 1722 5395 παὶ
1777 5339 1865 5395 ἐπὶ
1899 5324 1951 5397 λ⁸

276 5430 494 5503 πήχεις
557 5426 623 5483 τὸ
688 5426 862 5490 πάθος
961 5433 1230 5503 παγῆναι·
1320 5425 1490 5503 οὗπερ
1571 5427 1947 5503 χιονισθέντος

2053 4803 2384 4877 Calyhiten,
2436 4802 2736 4861 celebrem
2793 4801 2857 4858 in
2916 4798 3265 4856 Blachernis
3321 4793 3704 4857 monachum,

2054 4893 2257 4967 ﬂagris
2287 4892 2608 4965 interfecit,
2640 4891 2802 4966 quod
2829 4891 2882 4948 is
2902 4890 3091 4964 ipsius
3123 4887 3492 4960 impietatem
3516 4897 3710 4956 repre-

2051 4982 2383 5040 hendisset.

2126 5076 2299 5129 Anno
2328 5075 2397 5129 23
2426 5074 2637 5147 ingens
2666 5072 2781 5128 fuit
2806 5077 2867 5128 et
2886 5069 3277 5127 suavissimum
3297 5066 3482 5136 frigus
3521 5059 3708 5133 Cpoli,

2055 5179 2125 5219 ac
2151 5176 2355 5219 versus
2411 5168 2627 5235 ortum,
2682 5161 3153 5234 septentrionem
3199 5162 3258 5212 et
3298 5164 3597 5210 occasum.
3646 5148 3712 5204 Id

2055 5268 2221 5311 mare
2240 5252 2709 5326 septentrionale
2731 5269 2766 5308 α
2786 5256 2946 5307 terra
2974 5247 3049 5304 ad
3081 5244 3183 5302 100
3212 5260 3399 5316 usque
3430 5238 3711 5298 milliaria

2057 5341 2123 5399 in
2143 5341 2406 5415 lapidem
2431 5341 2683 5416 redegit,
2713 5339 2985 5398 crassitie
3007 5340 3078 5394 30
3093 5335 3452 5394 cubitorum.
3485 5334 3555 5384 Et
3576 5328 3710 5385 nive

2057 5431 2269 5504 glaciei
2298 5432 2613 5504 superfusa
2632 5436 2806 5487 aucta
2835 5434 2926 5486 est
2954 5425 3253 5485 crassities
3282 5423 3418 5480 aliis
3442 5421 3514 5477 20
3541 5419 3714 5476 cubi-

1465 5537 1839 5604 XYLANDRI
1877 5547 1965 5603 ET
2006 5547 2218 5604 GOAPJ
2256 5550 2482 5605 ΝΟΤΕ.

371 5663 474 5730 86)
500 5661 866 5735 germanum
896 5665 1061 5735 puto,
1094 5661 1265 5735 cujus
1294 5661 1409 5735 fuit
1435 5662 1759 5735 syncellus.
1792 5663 1934 5719 XYL.

371 5663 474 5730 86)
502 5662 866 5718 Germanum
896 5665 1061 5735 puto,
1094 5662 1265 5735 cujus
1294 5662 1409 5719 fuit
1435 5662 1759 5791 agncellus.
1792 5663 1934 5719 XrL.

346 5662 468 5818 ξφ)
498 5733 688 5818 Locus
714 5734 830 5818 fuit
847 5733 1007 5818 haud
1028 5732 1422 5818 dubieﬁpcli.
1500 5744 1595 5818 cta
1608 5735 1940 5818 hujuscon-

2049 5658 2277 5738 legunt.
2311 5664 2452 5738 XrL.

2122 5727 2237 5807 (88)
2271 5737 2497 5810 Latinis
2517 5748 2755 5810 quoque
2782 5748 2891 5810 vox
2920 5732 3058 5810 haec
3098 5727 3415 5810 familiaris
3465 5746 3579 5810 prp
3624 5729 3714 5785 le-

277 5802 422 5878 cilii,
449 5802 622 5877 quod
649 5820 723 5859 vn
769 5805 1143 5878 Cpolitanum
1191 5802 1427 5879 dicitur,
1467 5802 1710 5881 palatio'
1735 5810 1938 5865 Hieriae
2046 5802 2453 5881 gat0,'placita
2482 5802 2845 5885 réspohsave
2872 5808 3015 5866 hinc
3042 5806 3184 5865 inde
3222 5802 3487 5864 ferente:
3526 5802 3709 5860 Com.
