4112 6420
372 425 490 486 891

1700 423 2104 489 GEORGlGlI
2149 429 2495 499 CEDRENI

3679 442 3800 507 892

379 559 475 615 tis.
509 560 714 630 Itaque
747 575 910 615 mare
939 560 1213 631 protinus
1242 564 1411 615 terrm
1440 559 1593 616 812
1645 561 1873 632 aequale
1903 561 2037 629 fuit,

2162 563 2358 639 ηὐξήθη
2401 565 2489 625 ἐπὶ
2520 567 2697 634 ἃλλας
2743 573 2794 629 κ’
2843 572 3071 648 πήχεις,
3125 568 3268 629 ὥστε
3325 580 3803 653 συμμορφωθῆναι

380 647 763 721 pedestrique
788 649 983 703 itineri
1017 649 1345 718 hominum,
1369 649 1634 705 ferarum
1667 667 1734 706 ac
1756 650 2040 705 domesti-

384 754 588 793 corum
632 738 981 794 animalium
1036 738 1253 810 glacies
1300 740 1497 795 locum
1549 741 1736 809 dedit,
1771 758 1803 796 a
1831 742 2043 799 Zachia

386 844 575 897 usque
605 829 675 883 ad
713 829 1043 883 Danubium
1077 835 1135 883 et
1163 831 1427 902 Cupham
1453 831 1699 887 ﬂuvium
1719 848 1786 887 ac
1815 832 2040 887 Danas-

387 920 503 972 trin
535 923 591 973 et
627 918 924 989 Danaprin
957 926 1017 974 et
1042 920 1369 992 Necropyla
1407 923 1827 994 reliquumque
1875 923 2040 977 littus

384 1024 571 1078 usque
630 1008 704 1063 ad
762 1009 1174 1065 Mesembriam
1234 1018 1293 1066 et
1347 1013 1627 1067 Moesiam.
1719 1012 2038 1068 Februario

381 1113 585 1151 mense
615 1097 835 1169 glacies
865 1097 978 1153 ista
1012 1099 1109 1154 Dei
1136 1099 1312 1171 jussu
1344 1102 1404 1156 in
1438 1102 1698 1174 plurima
1743 1102 2037 1157 montium

378 1185 592 1241 similia
609 1186 832 1242 frustra
853 1188 1285 1260 discessit,quze
1308 1197 1614 1246 ventorum
1630 1192 1682 1246 vi
1707 1191 1780 1246 ad
1798 1191 2038 1246 Hierum

375 1276 600 1345 (fanum
638 1277 863 1350 Latine)
895 1278 1093 1335 delata
1123 1280 1262 1336 inde
1286 1298 1392 1354 per
1406 1283 1712 1354 angustias
1733 1281 1806 1337 ad
1827 1280 2035 1336 urbem

381 1365 772 1434 devenerunt,
791 1367 1078 1439 littusque
1108 1386 1283 1425 omne
1301 1372 1375 1427 ad
1400 1372 1825 1444 Propontidem
1846 1387 2037 1441 usque

380 1459 441 1509 et
463 1454 730 1527 Abydum
755 1462 814 1510 et
839 1456 1067 1513 insulas
1089 1458 1654 1515 obtexnrunt.Erant
1677 1460 1747 1515 iis
1765 1460 2038 1514 immixta

376 1544 638 1599 ferarum
668 1551 725 1601 et
753 1546 1050 1602 circurum
1083 1549 1436 1605 animalium
1469 1550 1772 1606 cadavera.
1801 1549 2038 1604 Licebat

378 1634 555 1688 veluti
608 1634 669 1689 in
732 1642 888 1691 terra
952 1638 1201 1708 pedibus
1258 1640 1373 1694 iter
1427 1638 2036 1710 facereaSOphianis

380 1741 572 1795 usque
604 1725 678 1780 ad
707 1726 915 1781 urbem
949 1734 1007 1782 et
1063 1744 1099 1783 a
1148 1729 1498 1802 Chrysopoli
1556 1747 1747 1801 usque
1804 1729 1878 1784 ad
1919 1729 2034 1785 divi

379 1814 690 1869 Mamantis
722 1821 780 1869 et
809 1816 1061 1872 Galatas.
1101 1819 1289 1875 Unum
1323 1819 1394 1875 de
1424 1820 1519 1875 his
1558 1819 1764 1875 frustis
1795 1819 2036 1874 allisum

380 1904 532 1958 arcis
565 1902 734 1959 scalas
794 1921 925 1961 eam
970 1908 1278 1980 confregit.
1338 1908 1518 1965 Aliud
1565 1926 1735 1965 muro
1787 1908 2033 1963 allisum

376 1994 759 2049 vehementer
778 2011 915 2050 eum
936 1998 1258 2067 concussit,
1289 1998 1687 2055 sentientibus
1709 2004 2031 2054 tremorem

376 2082 450 2137 iis
481 2083 660 2137 etiam
684 2084 783 2153 qui
824 2084 985 2141 intus
1013 2086 1382 2143 habitabant.
1408 2089 1547 2144 Inde
1569 2088 1631 2143 in
1650 2094 1771 2143 tres
1794 2093 2036 2159 ruptum

385 2176 584 2243 partes
615 2172 827 2229 urbem
859 2175 1062 2238 cinxit,
1097 2193 1132 2232 ο.
1159 2178 1462 2250 Manganis
1491 2193 1681 2248 usque
1705 2176 1780 2232 ad
1819 2181 2039 2247 Bospo-

382 2260 563 2326 rium,
607 2261 922 2319 altitudine
965 2282 1166 2320 muros
1216 2283 1525 2339 superans.
1577 2266 1784 2322 Martio
1834 2280 2039 2320 mense

387 2350 700 2406 confertim
734 2352 923 2407 stellae
954 2354 1027 2409 de
1057 2355 1204 2411 coelo
1235 2356 1601 2421 ceciderunt,
1629 2355 1712 2410 ita
1759 2359 1825 2409 ut
1868 2353 2040 2426 vulgo

390 2440 686 2495 diceretur
716 2441 853 2497 finis
885 2445 1090 2499 mundi
1123 2446 1444 2517 appetiisse
1480 2464 1493 2502 :
1546 2445 1894 2515 siccitasque
1931 2442 2044 2497 fuit

394 2531 627 2603 ingens,
661 2549 777 2603 qua
809 2540 867 2588 et
894 2534 1087 2591 fontes
1116 2542 1175 2591 et
1206 2537 1457 2593 ﬂumina
1488 2540 1866 2593 exaruerunt.
1901 2536 2041 2600 Quae

389 2620 612 2692 impius
644 2621 744 2677 ille
778 2640 1030 2679 cernens
1058 2632 1235 2697 atque
1259 2627 1598 2696 inaudiens,
1630 2642 1750 2681 non
1795 2625 1981 2680 sensit
2010 2639 2046 2679 a

388 2716 509 2766 Deo
542 2710 650 2766 has
680 2711 922 2768 immitti
954 2715 1156 2788 plagas
1187 2716 1375 2787 ipsius
1395 2716 1717 2789 aprofanis
1734 2713 2045 2770 conatibus

388 2802 689 2856 avertendi
726 2804 933 2874 gratia.
969 2806 1260 2870 Quinimo
1292 2813 1562 2862 vocatum
1594 2806 1667 2861 ad
1698 2822 1759 2860 se
1792 2804 2045 2876 patriar-

390 2890 563 2945 cham
598 2891 1014 2965 interrogavit:
1050 2917 1075 2943 ‹‹
1110 2895 1333 2967 Ecquid
1364 2896 1506 2951 mali
1539 2894 1710 2950 nobis
1742 2892 1882 2949 inde
1911 2892 2046 2960 erit,

393 2980 443 3034 si
476 2997 582 3050 pro
614 2981 866 3051 Deipara
894 2983 1313 3056 Lhristiparam
1348 2985 1618 3040 dicamus
1639 2983 1667 3039 ‘?
1697 3005 1726 3034 »
1760 2982 1913 3037 8l3
1943 2983 2050 3035 Pa-

398 3069 656 3125 triarcha
684 3070 1103 3143 imperatorem
1137 3075 1486 3147 amplexus:
1537 3097 1565 3125 «
1598 3075 1893 3141 Miserere,
1944 3073 2048 3138 ait:

394 3158 658 3228 domine,
692 3178 884 3232 neque
917 3162 1029 3219 hoc
1060 3163 1121 3218 in
1153 3165 1421 3220 animum
1459 3171 1625 3219 tuum
1644 3162 1845 3218 venire
1867 3160 2052 3232 patia-

2148 655 2250 723 τήν
2308 655 2582 720 θάλασσαν
2627 665 2698 736 τῇ
2739 658 2902 737 δηρᾷ,
2959 662 3049 717 καὶ
3100 667 3526 736 πεζοπορεῖσθαι
3574 658 3802 737 ὕπερθεν

2147 747 2243 798 τοῦ
2273 747 2472 819 κρύους
2498 750 2644 824 παρά
2670 771 2730 806 τε
2767 753 3067 824 ἀνθρώπων
3118 751 3210 808 καὶ
3269 750 3424 822 ζώων
3474 750 3699 826 ἡμέρων
3746 773 3807 809 τε

2148 836 2238 890 καὶ
2268 836 2469 911 ἀγρίων
2496 839 2560 894 τὸ
2591 840 2854 916 πέλαγος,
2887 841 2995 897 ἀπό
3024 863 3083 897 τε
3112 840 3337 918 Ζικχίας
3370 845 3485 914 (89)
3506 841 3674 917 μέχρι
3707 850 3809 898 Δα-

2149 920 2390 989 νούϐεως
2421 930 2638 985 καὶτοῦ
2673 931 2857 1010 Κούφη
2904 935 3160 1005 ποταμοῦ
3204 935 3302 987 τοῦ
3353 931 3701 1006 Δανάστρεώς
3746 951 3808 986 τε

2146 1015 2238 1069 καὶ
2271 1016 2595 1093 Δανάπρεως
2625 1020 2855 1076 καὶτῶν
2903 1019 3276 1096 Νεκροπύλων
3328 1021 3416 1077 καὶ
3456 1028 3555 1091 τῆς
3598 1021 3812 1087 λοιπῆς

2146 1102 2314 1175 ἀκτῆς
2403 1108 2573 1184 μέχρι
2658 1104 3021 1185 Μεσημϐρίας
3105 1110 3196 1166 καὶ
3283 1107 3544 1181 Μηδείας.
3603 1115 3691 1183 Τῷ
3748 1107 3807 1165 δὲ

2147 1191 2503 1271 Φεϐρουαρίῳ
2537 1198 2666 1272 μηνὶ
2697 1204 2795 1255 τοῦ
2845 1200 3100 1256 τοιούτου
3146 1200 3324 1277 πάγου
3368 1200 3505 1256 κατὰ
3554 1198 3804 1256 κέλευσιν

2146 1288 2280 1338 Θεοῦ
2347 1285 2422 1348 εἷς
2478 1287 2714 1345 πλεῖστα
2780 1288 3052 1368 ὄρεοφανῆ
3106 1290 3374 1364 τμήματα
3414 1287 3801 1365 διαιρεθέντος,

2143 1372 2235 1427 καὶ
2264 1377 2332 1448 τῇ
2363 1379 2474 1431 τῶν
2504 1377 2716 1452 ἀνεμων
2752 1378 2847 1453 βίᾳ
2885 1378 2974 1433 ἐπὶ
3024 1378 3087 1434 τὸ
3144 1379 3310 1454 Ἱερὸν
3357 1380 3803 1459 κατενεχθέντος,

2145 1459 2235 1518 διὰ
2264 1468 2362 1519 τοῦ
2392 1470 2579 1521 στενοῦ
2624 1468 2713 1524 επὶ
2774 1470 2875 1537 τὴν
2944 1466 3109 1523 πόλιν
3171 1462 3419 1548 ἔφθασεν,
3479 1468 3571 1524 καὶ
3631 1468 3804 1543 μὲγρι

2143 1554 2239 1623 τῆς
2275 1554 2647 1629 Προποντῖὸος
2672 1558 2761 1613 καὶ
2806 1561 2915 1612 τῶν
2967 1559 3148 1629 νήσων
3205 1557 3296 1613 καὶ
3347 1552 3587 1614 Ἀϐύδου
3626 1564 3803 1613 πᾶσαν

2143 1642 2244 1710 τὴν
2275 1643 2542 1719 παραλίαν
2600 1645 2953 1723 ἐπλήρωσαν,
3010 1647 3062 1702 ἐν
3125 1649 3208 1709 οἷς
3268 1647 3489 1723 ὑπῆρχε
3539 1646 3631 1701 καὶ
3691 1652 3805 1716 ζῶα

2144 1730 2304 1809 ἄγριά
2328 1756 2388 1791 τε
2417 1736 2509 1791 καὶ
2563 1734 2747 1814 ἥμερα
2803 1742 3091 1802 τεθνεῶτα.
3154 1742 3265 1801 Πᾶς
3313 1735 3370 1792 δὲ
3399 1738 3428 1793 ὁ
3464 1734 3803 1811 βουλόμενος

2145 1825 2250 1880 ἀπὸ
2284 1832 2558 1903 Σοφιανῶν
2599 1825 2705 1892 ἕως
2754 1836 2855 1899 τῆς
2911 1828 3131 1892 πόλεως
3180 1830 3267 1884 καὶ
3313 1828 3419 1884 ἀπὸ
3478 1829 3804 1903 Χρυσουπό-

2152 1911 2292 1976 λεως
2324 1913 2426 1978 ἕως
2456 1921 2554 1972 τοῦ
2584 1917 2771 1992 Ἀγίου
2803 1919 3093 1993 Μάμαντος
3124 1917 3217 1973 καὶ
3245 1922 3352 1972 τῶν
3389 1916 3646 1974 Γαλατῶν
3687 1921 3803 1991 (90)

2147 2001 2446 2067 ἀκωλύτως
2478 2006 2553 2069 ὡς
2596 2005 2684 2062 ἐπὶ
2733 2007 2900 2083 ξηρᾶς
2945 2002 3214 2077 ἐϐάδιζον.
3267 2007 3361 2064 Ἐν
3408 2002 3468 2062 δὶ
3515 2004 3565 2077 ἐξ
3615 2006 3797 2061 αὐτῶν

2143 2094 2457 2171 προσφάξαν
2488 2098 2557 2169 τῇ
2586 2102 2688 2165 τῆς
2715 2091 3073 2171 ἀκροπόλεως
3102 2095 3281 2168 σκάλᾳ
3323 2098 3434 2169 (91)
3483 2096 3798 2171 συνέτριψεν

2145 2182 2339 2254 αὐτήν.
2414 2185 2635 2260 Ἕτερον
2707 2182 2764 2241 δὲ
2828 2190 2908 2259 τῷ
2981 2185 3157 2261 τείχει
3248 2185 3554 2262 προσραγὶν
3634 2189 3800 2240 τοῦτο

2149 2271 2409 2349 μεγάλως
2457 2271 2728 2345 ἐδόνησεν,
2787 2275 2863 2337 ὡς
2917 2274 3007 2330 καὶ
3062 2274 3190 2337 τοὺς
3248 2272 3459 2330 ἔνδοθεν
3518 2274 3806 2337 οἰκοῦντας

2149 2369 2558 2439 συμμετασχεῖν
2607 2367 2704 2420 τοῦ
2762 2362 2957 2421 σάλου.
3015 2364 3110 2426 Εἰς
3155 2363 3283 2438 τρία
3325 2361 3386 2419 δὶ
3438 2363 3598 2440 ῥαγέν
3637 2361 3807 2434 ἔζωσε

2146 2455 2248 2524 τὴν
2276 2452 2439 2510 πόλιν
2474 2456 2579 2511 ἀπὸ
2635 2461 2744 2511 τῶν
2806 2454 3109 2532 Μαγγάνων
3164 2453 3271 2520 ἕως
3314 2459 3414 2519 τοῦ
3473 2454 3809 2527 Βοσπορίου,

2152 2544 2365 2606 οὗτινος
2438 2546 2501 2601 τὸ
2570 2546 2707 2621 ὕψος
2776 2546 3032 2622 ὑπερεῖχε
3097 2552 3198 2615 τῆς
3265 2544 3509 2609 πόλεως.
3586 2547 3683 2618 Τῷ
3751 2541 3813 2599 δὲ

2151 2633 2383 2708 Μαρτίῳ
2427 2636 2557 2709 μηνὶ
2614 2634 2831 2711 ἀστέρες
2881 2634 3094 2710 ἀθρόως
3148 2633 3209 2690 ἐκ
3261 2639 3358 2690 τοῦ
3412 2634 3641 2711 οὐρανοῦ
3685 2632 3813 2690 ἔπι-

2151 2744 2309 2793 πτον,
2343 2724 2417 2787 ὡς
2451 2723 2632 2801 λεγειν
2661 2726 2859 2787 πάντας
2896 2724 3201 2781 συντέλειαν
3260 2725 3422 2781 εἶναι.
3480 2722 3713 2802 Αὐχμός
3751 2744 3815 2779 τε

2152 2810 2328 2874 πολὺς
2358 2814 2577 2889 γέγονεν
2611 2814 2686 2875 ὡς
2743 2817 3076 2889 ξηρανθῆναι
3128 2814 3309 2888 πηγὰς
3365 2814 3453 2869 καὶ
3506 2811 3812 2887 ποταμούς.

2154 2905 2235 2978 [Ρ.
2270 2905 2397 2977 465]
2429 2910 2622 2961 ’Ἀτινα
2670 2903 2890 2981 βλέπων
2940 2906 3028 2960 καὶ
3083 2904 3297 2961 ἀκούων
3361 2906 3390 2960 ὁ
3437 2903 3652 2965 ἀνόσιος
3707 2904 3813 2959 οὐκ

2154 2993 2413 3069 ᾐσθάνετο
2449 2996 2710 3070 μάστιγας
2769 2994 2902 3050 εἶναι
2961 2998 3058 3051 τοῦ
3107 2998 3241 3050 Θεοῦ
3291 2994 3428 3067 πρὸς
3477 2992 3812 3071 ὶπιστροερὴν

2152 3087 2262 3137 τῶν
2320 3078 2579 3158 βεϐήλων
2633 3083 2798 3140 αὐτοῦ
2849 3083 2940 3139 καὶ
2997 3083 3298 3159 αἰσχίστων
3353 3083 3621 3158 πράξεων,
3679 3079 3810 3138 ἀλλ’

2159 3172 2375 3249 ἀγαγὼν
2413 3172 2628 3246 μᾶλλον
2686 3174 2778 3229 τὸν
2837 3174 3190 3250 πανριάρχην
3251 3171 3397 3249 λὲγει
3457 3171 3627 3245 αὐτῷ·
3685 3170 3813 3228 «Τί

393 3248 496 3304 ris.
532 3251 738 3306 Nonne
771 3253 931 3308 enim
979 3254 1138 3309 vides
1196 3255 1413 3325 quibus
1465 3250 1948 3309 damnationibus
1993 3252 2052 3304 et

2162 3248 2305 3335 ἡμᾶς
2344 3262 2601 3338 βλάπτει,
2659 3261 2748 3317 ἐὰν
2791 3248 3056 3337 λέγωμεν.
3253 3248 3520 3317 Θεοτᾶκου
3577 3262 3817 3336 Χριστο-

394 3342 874 3400 anathematibus
933 3345 1173 3401 infamis
1224 3346 1296 3401 ab
1358 3345 1627 3400 aniversu
1675 3342 1942 3399 Ecclesia
1975 3340 2052 3395 sit

2162 3328 2316 3406 τέκον
2389 3353 2448 3409 Ὀ
2493 3348 2552 3406 δὲ
2586 3328 3073 3424 ἠπεριπτυξάμίενος
3128 3328 3292 3407 αὐτὸν
3346 3349 3515 3425 λέγει’
3558 3376 3586 3403 ‹‹
3616 3328 3815 3420 ’Ἐλέη-

387 3431 580 3487 factus
630 3433 986 3489 Nestorius?
1015 3456 1045 3484 »
1105 3435 1256 3489 Tum
1305 3434 1731 3491 Constantinus
1779 3429 2048 3487 discendi

389 3538 570 3576 causa
602 3540 662 3577 se
687 3521 1031 3593 quaesivisse
1062 3524 1165 3592 ait,
1200 3524 1561 3594 mandatque
1594 3540 1670 3580 ne
1717 3522 1879 3576 hunc
1926 3536 2049 3574 ser-

396 3626 637 3666 monem
670 3611 773 3666 ulli
804 3612 1116 3667 hominum
1149 3614 1397 3684 aperiat.
1431 3612 1635 3684 Neque
1682 3611 1870 3667 multo
1917 3613 2053 3681 post

400 3699 640 3771 dignam
707 3716 743 3755 a
794 3718 857 3756 se
915 3702 1237 3759 constituto
1294 3703 1647 3773 patriarcle
1714 3698 2052 3756 mercedem

399 3789 696 3860 rependit,
728 3797 796 3846 ut
833 3790 1010 3862 paulo
1041 3790 1291 3848 inferius
1322 3792 1728 3848 ostendemus.

467 4068 639 4123 Anno
670 4071 738 4124 24-
768 4069 1197 4127 Constantinus
1226 4087 1370 4144 pace
1402 4086 1539 4126 cum
1571 4072 1805 4143 Pagauo
1839 4067 2056 4142 Bulga-

395 4173 599 4213 rorum
631 4159 901 4233 principe
925 4160 1078 4216 facta
1107 4162 1303 4217 subito
1332 4166 1423 4217 est
1452 4160 1523 4216 ab
1554 4160 1699 4215 urbe
1732 4175 1869 4214 cum
1893 4174 2058 4213 exer-

399 4247 521 4302 citu
552 4249 889 4320 profectus;
924 4251 1319 4324 claustrisque
1367 4250 1711 4307 custodibus
1741 4247 1818 4305 ob
1850 4263 2057 4320 pacem

402 4336 691 4393 nimirum
723 4339 897 4395 istam
929 4339 1372 4396 fraudulentam
1419 4339 1614 4397 vacuis
1663 4338 1944 4407 inventis,
1995 4337 2059 4392 in

406 4427 744 4500 Bulgariam
776 4430 1079 4486 Tumtzam
1112 4446 1301 4502 usque
1330 4445 1702 4503 progressus,
1727 4426 1978 4501 tuguriis
1997 4426 2061 4480 in

2159 3461 2275 3508 σον,
2337 3437 2600 3511 δέσποτα,
2663 3438 2807 3514 μηδὲ
2864 3440 2942 3503 είς
2980 3436 3187 3497 ἔννοιάν
3244 3462 3341 3497 σου
3399 3438 3533 3516 ἔλθῃ
3594 3441 3817 3504 οὗτοςὸ

2160 3527 2348 3603 λόγος.
2383 3530 2512 3605 Οὐχ
2555 3530 2684 3603 ὁρᾷς
2741 3530 2843 3585 ’ὀσα
2900 3530 3279 3601 στηλιτεύεται
3338 3528 3428 3585 καὶ
3487 3528 3822 3605 ἀναθεματί-

2164 3623 2309 3688 ζεται
2340 3617 2633 3691 Νεστόριος
2689 3617 2793 3673 ὑπὸ
2848 3617 3027 3687 πάσης
3082 3624 3184 3685 τῆς
3230 3615 3606 3689 Ἐκκλησίανς
3641 3641 3670 3670 ››
3712 3617 3818 3674 Καὶ

2162 3706 2191 3760 ὁ
2224 3703 2502 3781 βασιλεὺς,
2537 3729 2566 3761 ‹‹
2600 3705 2743 3779 Ἐγὼ
2814 3707 3001 3780 μαθεῖν
3060 3703 3237 3770 θέλων
3294 3704 3582 3779 ἠρώτησα,
3630 3703 3817 3784 φησὶν,

2160 3791 2264 3857 ἕως
2296 3792 2355 3849 δὲ
2386 3798 2483 3850 σοῦ
2521 3790 2660 3850 ἔστω
2706 3794 2734 3849 ὁ
2794 3791 2982 3871 λόγος.
3014 3817 3040 3848 ιι
3095 3793 3173 3853 Οὐ
3233 3792 3375 3850 πολὺ
3426 3794 3489 3849 τὸ
3533 3792 3585 3848 ἐν
3645 3790 3819 3867 μέσῳ,

2160 3883 2251 3937 καὶ
2311 3880 2432 3953 ἄξια
2488 3882 2565 3946 είς
2634 3883 2729 3938 τὸν
2804 3880 3258 3958 χειροτονηθέντα
3341 3882 3432 3938 ὑπ’
3496 3882 3665 3937 αὐτοῦ
3711 3902 3821 3936 πα-

2159 3972 2435 4048 τριάρχην
2466 3970 2805 4047 διεπράξατο,
2839 3969 2990 4027 ἅτινα
3023 3972 3137 4046 μετ’
3170 3970 3360 4049 ὀλίγον
3385 3969 3637 4045 ἐροῦμεν.

2235 4065 2333 4135 Τῷ
2362 4058 2445 4116 κδ’
2478 4058 2582 4117 ἔτει
2643 4061 2857 4135 ἀγάπην
2910 4059 3071 4130 δῆθεν
3118 4062 3355 4133 ποιήσας
3406 4061 3540 4136 μετὰ
3572 4061 3821 4138 Παγάνου

2164 4157 2262 4210 τοῦ
2292 4153 2484 4227 κυρίου
2543 4151 2904 4227 Βουλγάριυν,
2963 4150 3217 4228 ἐξαίφνης
3271 4148 3503 4226 ἐξελθὼν
3564 4157 3665 4221 τῆς
3719 4150 3827 4207 πό-

2168 4242 2310 4303 λεως
2342 4242 2431 4297 καὶ
2463 4240 2810 4319 ἀφυλάκτους
2858 4240 3031 4313 εὑρὼν
3082 4241 3178 4303 τὰς
3219 4241 3543 4315 κλεισούρας
3592 4238 3681 4296 διὰ
3722 4242 3822 4310 τὴν

2169 4332 2461 4402 ἆπατηλήν
2519 4329 2765 4403 εἰρήνην,
2834 4329 3083 4400 είσῆλθεν
3173 4329 3251 4394 εἷς
3316 4330 3659 4408 Βουλγαρίαν
3718 4327 3828 4393 ἓως

2169 4421 2453 4497 Τούμτζας
2523 4423 2657 4490 (92),
2722 4419 2815 4474 καὶ
2885 4417 3068 4493 βαλὼν
3128 4424 3238 4497 πῦρ
3331 4419 3405 4483 εἷς
3470 4421 3569 4483 τας
3658 4418 3828 4483 αὐλάς

1590 4525 1960 4584 XYLANDRI
1998 4524 2085 4578 ET
2123 4522 2342 4579 (ἰοΑΒί
2380 4522 2602 4578 NOTAE.

466 4625 574 4695 (89)
605 4627 865 4708 Apparet
887 4626 1051 4708 fluvii
1081 4644 1302 4684 nomen
1326 4623 1736 4708 εεεθ-Ζικχίας..
1772 4623 2056 4708 Entmulto
2088 4625 2135 4689 Ι)

402 4695 515 4781 hoc
542 4695 922 4781 emendatius
944 4699 1051 4781 legi
1078 4708 1231 4781 puto
1245 4715 1425 4781 quam
1456 4695 1687 4768 Lyciam
1712 4695 2054 4781 in‘piacono

408 4769 560 4822 hanc
592 4768 779 4840 ipsam
811 4766 1123 4826 historiam
1156 4766 1398 4826 totidem
1434 4766 1615 4840 prope
1673 4767 1867 4840 verbis
1906 4766 2063 4822 refe-

412 4845 578 4893 rente
614 4838 629 4893 Ι
688 4857 823 4895 xxu.
857 4843 1145 4898 Caeterum
1179 4858 1251 4897 ex
1281 4843 1392 4896 hoc
1423 4838 1561 4895 loco
1582 4839 1770 4894 lector
1821 4838 1881 4892 in
1930 4855 2067 4910 per-

412 4911 735 4967 multorum
753 4914 1130 4984 propriorum
1145 4914 1455 4984 nominum
1473 4910 1743 4966 notitiam
1760 4910 2066 4982 pervenire

413 4988 626 5056 potest,
660 4983 881 5055 quibus
912 4986 1042 5041 loca
1070 4986 1234 5056 Lpoli
1268 4983 1459 5038 vicina
1488 4990 1791 5056 notantur,
1824 4989 1892 5056 et
1935 4997 2067 5056 quas

414 5055 475 5128 in
502 5055 597 5111 his
628 5054 892 5111 historiis
925 5054 1145 5128 passim
1176 5062 1515 5111 occurrunt.
1550 5054 1712 5110 ldem
1734 5071 1839 5125 pro
1865 5054 2071 5128 Cupha

415 5126 592 5182 habet
622 5126 941 5199 Euphraml
974 5128 1281 5184 Danastris
1313 5133 1371 5182 et
1404 5128 1688 5197 Uanapris
1719 5127 1944 5199 mentio
1970 5140 2070 5199 su-

414 5216 520 5270 pra
548 5196 823 5255 facla_est
858 5201 915 5254 in
949 5200 1370 5255 Rhinotmeto:
1416 5215 1536 5253 non
1569 5196 1794 5269 procul
1844 5198 2069 5270 Euxino

413 5268 601 5326 Ponto
634 5272 816 5326 fuisse
848 5272 987 5326 inde
1019 5272 1223 5342 liquet.
1256 5270 1498 5325 Masiam
1524 5268 1875 5324 ex’Diacono
1905 5268 2073 5342 vicis-

414 5343 527 5467 ἔξω
560 5343 810 5414 sumpsi,
853 5359 989 5399 cum
1015 5334 1184 5398 meus
1242 5342 1460 5397 habeat
1510 5342 1783 5407 Mediam,
1832 5334 2067 5408 Μηδίας.

473 5429 558 5467 γι..

473 5429 558 5468 YL.

487 5487 600 5554 (90)
626 5486 820 5543 Galata
851 5486 992 5542 urbs
1025 5484 1506 5541 nominatissima
1536 5501 1603 5540 ex
1654 5482 1898 5539 adverso
1934 5499 2074 5553 por—

423 5558 517 5629 tus
533 5559 624 5629 CP
680 5575 751 5613 ex
783 5576 952 5627 ClljllS
982 5565 1147 5629 parte
1179 5564 1348 5614 erant
1396 5557 1617 5628 palatia
1666 5554 1983 5629 Sophiana,
2006 5559 2076 5629 et

530 5628 603 5683 iis
631 5629 763 5702 gelu
795 5625 946 5686 mari
976 5625 1306 5702 compacto,
1340 5625 1494 5685 sicut
1522 5644 1591 5682 ex
1619 5625 1892 5702 opposita
1920 5625 2074 5702 Asia)

424 5698 1331 5781 ChrysopolL_transitus't‘acilis
1360 5706 1509 5781 erat,
1538 5698 1729 5781 usque
1760 5698 1834 5755 ad
1867 5699 1930 5755 D.
1957 5699 2073 5754 Ma-

425 5769 626 5845 nantis
653 5769 719 5825 in
748 5773 855 5827 ΟΡ.
885 5772 1096 5829 intimo
1127 5788 1313 5830 cornu
1339 5773 1541 5830 situm.
1575 5769 1749 5826 Gesn.

2236 4621 2349 4693 (91)
2383 4615 2572 4674 Σκάλα
2598 4620 2880 4694 climacem
2910 4619 3154 4694 quidem
3187 4624 3253 4694 et,
3275 4619 3494 4694 gradus
3520 4635 3830 4694 quoscun-

2167 4709 2282 4765 que
2332 4691 2763 4767 nonnunquam
2812 4691 3150 4767 sigdiﬁcat:
3196 4691 3301 4748 hic
3336 4696 3619 4767 anteme
3649 4691 3825 4747 scalae

2175 4763 2354 4820 sensu
2379 4763 2749 4820 deturbanda
2769 4770 2859 4819 est
2872 4763 3080 4829 dictio,
3103 4768 3164 4819 et
3182 4763 3375 4820 navali
3406 4780 3511 4820 seu
3532 4763 3586 4819 ei
3618 4769 3826 4835 portus

2176 4840 2305 4891 loco
2318 4835 2392 4890 ad
2407 4853 2582 4907 quem
2608 4853 2637 4891 e
2658 4835 2903 4892 navibus
2922 4852 3154 4891 morces
3168 4838 3500 4892 efferuntur
3513 4842 3572 4890 et
3587 4835 3830 4890 descen-

2175 4908 2325 4963 dunt
2353 4906 2549 4963 nautae
2580 4907 2897 4980 afﬁgende,
2944 4906 3155 4980 Ὀρμον
3203 4908 3465 4980 proprie_
3490 4912 3660 4980 vocat
3711 4908 3828 4980 Μοτ

2176 4981 2520 5068 εξὴοψιίυε,
2552 4974 2811 5068 τὸρμξρος
2844 4974 3221 5068 τοῦιλιμιέξιοςξ
3237 4974 3333 5068 ἵείςξ
3368 4978 3397 5032 ὅ
3423 4974 3721 5068 ἑλκέμεναι
3762 4977 3831 5068 ,αἱ

2175 5057 2299 5119 νῆες
2326 5046 2592 5119 δεόενται,
2625 5046 2658 5106 ὅ
2685 5046 2738 5104 οἳ
2776 5049 2958 5104 κοινοὶ
2990 5046 3211 5105 σκάλαν
3237 5046 3476 5123 λέγουσι.
3527 5046 3606 5106 De
3658 5049 3834 5123 scalis

2181 5123 2498 5180 maritimis
2529 5124 2635 5179 CP.
2672 5122 2938 5195 pluribus
2971 5121 3345 5180 Pancirollus
3392 5139 3575 5194 opusc
3650 5121 3723 5177 de
3772 5122 3839 5176 14

2179 5196 2344 5252 urbis
2375 5195 2644 5265 ejusdem
2674 5194 3037 5267 regionibus.
3083 5195 3257 5267 Goan.

2251 5269 2359 5331 (92:
2394 5263 2537 5323 Zitas
2566 5263 3092 5327 habet'Diaconus.
3130 5272 3198 5337 et
3254 5265 3382 5321 haec
3423 5263 3602 5337 paulo
3644 5263 3843 5337 fusius

2181 5338 2381 5395 refert.
2438 5338 2543 5394 Ubi
2588 5337 2746 5409 quod
2797 5338 3012 5402 legitur
3058 5336 3223 5393 misso
3278 5340 3409 5408 igne
3428 5336 3511 5392 fin
3570 5336 3838 5409 cohortes,

2182 5409 2471 5481 mendum
2502 5408 2633 5467 esti:
2669 5409 2811 5481 quid
2843 5410 3003 5466 enim
3035 5414 3128 5465 est
3154 5409 3351 5481 ignem
3384 5408 3734 5464 cohortibus
3756 5408 3846 5463 in-

2176 5480 2415 5608 iicere?
2454 5487 2646 5552 potest
2690 5488 2888 5537 autem
2931 5482 3168 5607 corrigi,
3229 5481 3279 5536 si
3336 5498 3443 5553 pro
3491 5480 3841 5536 cohortibus

2207 5570 2343 5608 ezas
2374 5560 2549 5608 certes
2569 5571 2587 5608 :
2630 5570 2766 5608 nam
2798 5555 3011 5608 Noster
3041 5551 3104 5606 αὐ
3150 5553 3211 5608 ai:
3243 5558 3432 5608 vocat.
3453 5569 3561 5608 nos
3583 5551 3838 5608 tuguria.

2184 5555 2343 5626 legas
2374 5560 2549 5608 certes
2569 5571 2587 5608 :
2630 5570 2766 5608 nam
2798 5555 3011 5609 Noster
3041 5555 3211 5613 αὐλάς
3243 5558 3432 5619 vocat,
3453 5569 3561 5608 nos
3583 5555 3838 5625 tuguria.

2184 5626 2550 5697 Stephanum
2584 5625 2943 5681 monachum
2965 5622 3087 5679 νέον
3112 5631 3302 5695 vocat,
3326 5624 3485 5697 quod
3508 5624 3838 5697 epithetum

2184 5696 2341 5770 apud
2371 5696 2523 5754 alios
2552 5697 2743 5754 abest.
2776 5697 2914 5754 Χγι..
