4112 6434
254 434 403 497 893~

1395 418 1933 485 HISTORIARUM
1978 417 2518 488 COMPENDIUM.

3555 425 3676 487 891

256 567 321 629 ἅς
380 564 524 640 εὗρε,
587 552 723 635 μετᾶ
779 550 953 637 φόϐου
1013 551 1331 631 ὑπέστρεψε,
1421 550 1591 628 μηδὲν
1668 556 1907 633 γενναῖον
1939 600 1950 622 ,

2060 573 2156 629 ure
2213 557 2516 617 incidebat
2577 557 2859 630 incensis,
2919 561 3195 615 metuens
3249 557 3362 613 sibi
3434 558 3677 614 domum

257 655 520 725 ποιήσας.

330 744 423 817 Τῷ
477 741 554 796 κε’
606 736 711 794 ἔτει
771 736 1013 811 ἐκμανὴς
1061 733 1359 813 γενόμενος
1391 735 1420 790 6
1467 729 1734 804 δυσσεϐὴς
1759 735 1922 809 βασι-

264 833 395 895 λεὺς
446 829 583 886 κατὰ
635 827 835 888 παντὸς
890 820 1234 903 φοϐουμένου
1284 826 1376 880 τὸν
1432 823 1586 890 Θεὸν,
1653 822 1919 891 Στέφανον

265 925 360 980 τὸν
390 938 508 976 νεον
540 916 823 992 αἰδέσιμον
856 912 981 971 ὄντα
1009 920 1126 977 τοῖς
1176 918 1307 969 πᾶσι
1375 913 1466 970 διὰ
1500 914 1565 969 τὸ
1621 911 1674 969 ἐν
1706 911 1923 983 ἀρεταῖς

266 1011 549 1071 ποικίλαις
583 1005 887 1080 ἐκλάμπειν
920 1003 1202 1078 (ἐξήκοντα
1240 1003 1343 1082 γὰρ
1403 1003 1634 1080 χρόνους
1664 1001 1921 1071 ἐποίησεν

263 1104 317 1160 ἐν
370 1107 449 1159 τῶ
530 1098 710 1176 βου-ιῶ
786 1098 883 1151 τοῦ
967 1095 1128 1170 ἁγίου
1217 1094 1508 1166 Λῦξεντίου
1588 1091 1923 1168 ἔγκλειστος)

268 1180 543 1253 ποικίλως
622 1185 1093 1261 τιμωρησάμενος
1175 1183 1472 1239 ἀπέκτεινε.
1558 1182 1793 1239 Πολλῶν
1869 1179 1929 1236 δὲ

272 1280 558 1359 ἀρχόντων
586 1278 677 1333 καὶ
739 1279 1087 1352 στρατιωτῶν
1142 1270 1548 1345 διαϐληθέντων
1604 1276 1924 1347 προσκυνεῖν

269 1373 367 1433 τὰς
396 1368 608 1431 εἰκόνας
662 1362 945 1441 διαφόροις
996 1362 1293 1439 τιμωρίαις
1342 1361 1570 1424 τούτους
1626 1359 1925 1419 ἀνάλωσεν.

268 1467 475 1539 ’Ὅρκον
536 1458 595 1515 δὶ
659 1456 955 1514 καθολικον
1002 1454 1204 1519 πάντας
1253 1454 1383 1520 τοὺς
1443 1454 1549 1510 ὑπὸ
1603 1455 1705 1523 τήν
1764 1452 1928 1509 αὐτοῦ

269 1550 554 1631 βασιλείαν
614 1544 772 1611 ὄντας
831 1545 1134 1622 ἀπῄτησεν,
1190 1544 1360 1601 εἰκόνι
1422 1546 1498 1619 μή
1556 1543 1929 1631 προσκυνῆσαί

274 1630 408 1701 τινι.
469 1641 602 1698 Μεθ’
653 1639 728 1692 ὧν
785 1636 877 1692 καὶ
938 1639 1341 1693 Κωνσταντῖνον
1396 1635 1490 1691 τὸν
1571 1630 1927 1709 ψευδώνυμον

279 1729 630 1808 πατριάρχην
665 1726 754 1783 ἐπὶ
794 1720 1053 1800 ἄμϐωνος
1084 1724 1327 1789 ἀνελθεῖν
1382 1724 1470 1780 καὶ
1518 1724 1808 1799 ὑψώσαντα
1863 1722 1932 1778 τά

276 1821 440 1895 τίμια
459 1817 595 1893 ξύλα
624 1817 823 1890 ὀμόσαι
854 1814 1154 1886 πεποίηκεν
1213 1815 1287 1877 ὡς
1337 1814 1435 1870 οὐκ
1485 1812 1597 1870 ἔστι
1628 1819 1736 1870 τῶν
1767 1832 1934 1889 προσ-

2026 649 2225 712 rediit,
2258 651 2426 706 nullo
2457 651 2743 724 praiclaro
2775 651 3040 708 facinore
3071 650 3250 706 edito.

2100 742 2269 796 Anno
2301 744 2367 796 25
2400 742 2637 798 insania
2665 747 2872 798 contra
2910 757 3119 796 omnes
3168 741 3355 796 Deum
3403 739 3683 795 timentes

2028 834 2310 904 percitus,
2332 832 3683 907 Stephanumjuniorem,omnibusobillustres

2027 925 2278 983 virtutes
2321 928 2550 983 cultum
2606 928 2939 1002 (sexaginta
2978 928 3139 983 enim
3196 943 3383 983 annos
3422 925 3686 981 inclusus

2031 1014 2313 1078 claustro.
2347 1017 2506 1089 quod
2538 1023 2627 1073 est
2659 1018 2720 1073 in
2751 1019 2907 1073 colle
2939 1018 3127 1073 sancti
3149 1017 3449 1074 Auxentii.
3470 1031 3682 1086 exege-

2032 1106 2340 1174 rat),varie
2363 1107 2765 1163 excruciatum
2786 1114 2980 1163 necat.
3015 1107 3227 1162 Multos
3270 1106 3446 1161 etiam
3481 1121 3685 1176 proce-

2030 1210 2164 1249 rum
2206 1201 2386 1267 atque
2443 1197 2702 1252 militum
2760 1197 3069 1269 suppliciis
3127 1195 3377 1252 diversis
3425 1194 3685 1261 sustulit,

2031 1282 2263 1339 delatos
2288 1285 2447 1356 quod
2477 1285 2838 1358 imaginibus
2867 1287 3330 1358 supplicassent.
3364 1285 3687 1356 Exegitque

2033 1372 2106 1427 ab
2134 1373 2414 1429 omnibus
2448 1390 2555 1431 suo
2607 1375 2861 1447 imperio
2920 1374 3207 1447 subjectis
3250 1376 3684 1445 juramentum,

2036 1478 2153 1532 quo
2183 1463 2615 1521 confirmarent
2644 1465 2795 1521 nulli
2825 1481 2887 1520 se
2938 1464 3181 1537 imagini
3226 1463 3688 1535 supplicaturos.

2033 1552 2189 1617 Quos
2244 1554 2404 1609 inter
2456 1554 2600 1611 fecit
2655 1556 2833 1613 etiam
2900 1561 2966 1610 ut
3053 1554 3482 1611 Constantinus
3540 1552 3691 1607 falso

2033 1643 2374 1714 patriarcha
2403 1643 2599 1701 dictus
2629 1651 2968 1717 suggestum
3000 1643 3450 1712 conscenderet,
3503 1642 3692 1697 eleva-

2034 1733 2231 1805 tisque
2263 1734 2615 1792 venerandis
2645 1736 2839 1791 crucis
2871 1735 3047 1808 lignis
3073 1735 3447 1791 adoratorem
3479 1731 3693 1804 imagi-

2035 1839 2179 1878 num
2211 1840 2340 1881 sese
2361 1841 2492 1881 esse
2506 1825 2904 1897 jurejurando
2932 1825 3285 1897 interposito
3308 1823 3689 1879 difﬂteretur.

271 1911 582 1967 κυνούντων
641 1907 737 1970 τὰς
803 1905 1032 1968 εῗκὸνας·
1083 1904 1173 1961 καὶ
1256 1909 1447 1960 τοῦτον
1504 1905 1751 1980 παραυτὰ
1808 1923 1927 1958 στε-

2060 1913 2367 1985 itatimque
2396 1913 2551 1970 814
2599 1914 2739 1970 huic
2786 1914 3082 1987 persuasit
3134 1921 3201 1969 ut
3241 1928 3348 1985 pro
3396 1910 3692 1967 monacho

267 2000 501 2083 φανίτην
580 1999 695 2071 (93)
759 1994 898 2083 Δἀντὶ
958 1998 1208 2070 μοναχοῦ
1280 1990 1471 2083 ἔπεισεΔ
1538 1992 1783 2070 γενέσθαι
1839 1992 1929 2049 καὶ

278 2080 454 2166 κρεῶν
487 2080 923 2163 μεταλαμϐάνειν
955 2085 1046 2140 καὶ
1105 2081 1428 2161 κιθαρῳδῶν
1483 2086 1598 2159 (94)
1643 2083 1930 2160 ἀνέχεσθαι

280 2180 336 2236 ἐν
363 2182 433 2253 τῇ
464 2176 729 2254 βασιλικῇ
756 2173 996 2251 τραπέζῃ
1039 2176 1173 2248 (95).
1210 2172 1373 2232 Ἀλλ’
1428 2175 1528 2230 οὐκ
1585 2173 1662 2235 είς
1726 2174 1933 2249 μακρὰν

276 2273 314 2340 ἡ
349 2266 473 2338 δίκη
507 2271 696 2323 τοῦτον
726 2270 845 2327 ταῖς
898 2268 993 2319 τοῦ
1027 2263 1318 2343 μιαιφόνου
1349 2263 1507 2340 χερσὶ
1559 2260 1931 2339 παραδέδωκε.

285 2358 487 2422 Μαθὼν
509 2356 610 2432 γὰρ
668 2356 697 2410 6
746 2354 1001 2430 ἀλάστωρ
1062 2355 1145 2409 ὅτι
1206 2355 1235 2409 6
1291 2354 1643 2433 πατριάρχης
1688 2351 1935 2414 πολλοὺς

281 2445 737 2525 ἐπληροφόρησεν
770 2444 939 2499 εἰπεῖν
987 2444 1077 2499 τὸν
1142 2443 1369 2520 βασιλέα
1423 2446 1562 2520 πρὸς
1621 2442 1803 2514 αὐτὸν,
1854 2443 1937 2498 ὅτι

285 2537 402 2598 Οὐκ
432 2534 541 2592 ἔστι
571 2537 700 2598 Θεὸς
759 2535 787 2590 ὁ
844 2534 1097 2610 Χριστὸς,
1153 2534 1244 2590 καὶ
1303 2531 1393 2589 διὰ
1438 2537 1600 2589 τοῦτο
1659 2531 1785 2589 οὐδὲ
1838 2535 1939 2603 τήν

289 2630 502 2705 μητέρα
552 2626 717 2683 αὐτοῦ
775 2624 893 2702 ἔχω
946 2625 1233 2693 Θεοτόκον,
1301 2625 1530 2699 ἐξεμάνη
1590 2626 1709 2681 κατ’
1773 2624 1939 2680 αὐτοῦ

289 2719 365 2781 ὠς
393 2716 458 2773 τὸ
491 2718 795 2791 μυστήριον
850 2715 1017 2770 αὐτοῦ
1071 2708 1559 2790 θριαμϐεύσαντος.
1602 2712 1703 2772 Καὶ
1737 2712 1939 2775 ἐπιθεῖς

292 2806 439 2881 αὖτῷ
495 2804 715 2869 πολλὰς
773 2803 1000 2881 πληγὰς
1082 2799 1466 2880 ἐθριάμϐευσεν
1527 2802 1579 2859 ἐν
1637 2805 1717 2878 τῷ
1773 2805 1939 2860 ἱππο-

293 2895 487 2974 δρόμῳ
544 2895 924 2969 ἐμπτυόμενον
976 2895 1067 2950 καὶ
1118 2894 1435 2970 συρόμενον,
1523 2895 1661 2951 Εἶτα
1715 2892 1946 2973 ἀσφαλι-

293 2989 529 3061 σάμενος
546 2990 653 3058 (96)
673 2985 833 3041 αὐτὸν
863 2982 1194 3041 ἀποστέλλει
1225 2985 1359 3058 πρὸς
1392 2984 1554 3040 αὐτὸν
1598 2982 1942 3058 πατρικίους,

297 3076 387 3133 καί
416 3093 571 3154 φησι’
606 3099 635 3129 ‹‹
665 3075 728 3130 Τί
762 3072 937 3149 λέγεις
993 3072 1115 3149 ἄρτι
1165 3073 1290 3149 περὶ
1344 3081 1446 3143 τῆς
1503 3073 1733 3135 πίστεως
1785 3076 1945 3146 ἡμῶν

295 3167 384 3222 καὶ
422 3168 521 3235 τῆς
557 3162 783 3221 συνόδου
812 3165 880 3235 ἧς
910 3164 1247 3238 ἐποιήσαμεν
1282 3183 1296 3235 ;
1326 3190 1347 3215 ιι
1400 3165 1458 3218 Ὀ
1503 3160 1560 3219 δὲ
1613 3163 1943 3237 ματαιωθεῖς

289 3260 412 3317 ταῖς
486 3254 697 3332 φρεσὶν,
768 3254 1017 3328 οἰόμενος
1099 3254 1261 3309 αὐτὸν
1358 3252 1524 3309 πάλιν
1613 3252 1946 3327 ἐξευμενίσαο

289 3356 434 3413 σθαι,
463 3345 546 3418 [Ρ.
578 3346 707 3417 466]
763 3343 1076 3418 ἀποκριθεὶς
1133 3344 1274 3398 εἶπε·
1338 3366 1367 3396 ‹‹
1428 3341 1629 3407 Καλῶς
1686 3341 1948 3410 ἐποίησας

290 3436 393 3505 τὴν
427 3429 676 3503 σύνοδον,
708 3434 798 3488 καὶ
842 3432 1028 3495 καλῶς
1082 3432 1373 3495 πιστεύεις.
1439 3456 1467 3485 ι)
1525 3433 1588 3487 Οἱ
1647 3429 1706 3488 δὲ
1761 3432 1949 3508 Encyc—

297 3522 558 3585 Αάσαντες
588 3521 744 3577 εἶπον
802 3523 936 3597 πρὸς
981 3521 1164 3577 αὐτόν·
1225 3546 1253 3575 ι(
1301 3522 1495 3595 Ἡμεῖς
1558 3526 1723 3578 τοῦτο
1783 3523 1949 3596 μόνον

290 3612 565 3686 ἠθέλομεν
594 3613 821 3668 ἀκοῦσαι
871 3612 1019 3688 παρᾶ
1072 3617 1170 3673 τοῦ
1210 3617 1412 3688 μιαροῦ
1441 3634 1538 3669 σου
1572 3614 1865 3686 πόματος,
1923 3635 1953 3666 io

299 3703 393 3758 καὶ
445 3709 794 3779 παραχρῆμα
861 3702 1205 3780 ἐξαγαγόντες
1290 3702 1449 3759 αὐτὸν
1529 3702 1954 3782 ἀπεκεφάλισαν,

297 3790 392 3848 καὶ
444 3792 508 3847 τὸ
560 3796 721 3865 σῶμα
776 3792 946 3849 αὐτοῦ
995 3790 1221 3868 ἔρριψαν
1272 3791 1347 3854 εἰς
1404 3791 1468 3848 τὸ
1526 3790 1789 3866 πέλαγος,
1829 3786 1957 3847 ἔνθα

296 3885 521 3956 πρῶτον
567 3881 814 3957 ὑπῆρχεν
872 3882 900 3937 6
947 3883 1047 3951 τῆς
1092 3881 1283 3959 Ἀγίας
1337 3879 1609 3956 ΙΙελαγίας
1651 3884 1765 3956 (97)
1804 3880 1957 3954 ναὸς,

293 3971 359 4026 ’ὸν
438 3971 466 4025 6
532 3970 799 4045 θεομισής
847 3969 1190 4032 κατακλύσας
1247 3969 1339 4025 καὶ
1395 3970 1566 4048 τάφον
1649 3967 1956 4026 καταδίκων

300 4061 544 4131 ποιήσας
600 4057 823 4116 ἐκάλεσε
898 4059 962 4115 τὸ
1020 4058 1313 4137 Ιῐελάγιον.
1390 4060 1850 4136 Ἀντιχειροτονεῖ
1900 4056 1960 4115 δὶ

296 4150 652 4226 πατριάρχην
681 4152 919 4221 Νικήταν
954 4148 1220 4229 εὐνοῦχον
1275 4148 1367 4205 καὶ
1423 4145 1696 4208 Σθλάϐον.
1765 4149 1960 4206 Ὡσαύ-

298 4261 414 4303 τως
475 4237 535 4295 δὲ
578 4241 667 4296 καὶ
728 4241 929 4316 Πὲτρον
984 4240 1077 4296 τὸν
1153 4241 1297 4315 ἱερὸν
1381 4239 1475 4295 καὶ
1532 4240 1625 4295 τὸν
1700 4241 1963 4318 θεοφόρον

2040 2003 2379 2075 stephanita
2417 2003 2608 2073 ﬁeret,
2658 2020 2836 2059 carne
2886 2008 3245 2072 vesceretur,
3302 2001 3484 2072 inque
3533 2001 3696 2071 regia

2040 2108 2246 2148 mensa
2275 2092 2546 2149 ﬁdicines
2573 2093 2781 2149 audire
2811 2094 3154 2150 sustineret.
3188 2091 3300 2148 Sed
3330 2107 3451 2147 nou
3507 2089 3693 2145 multo

2040 2188 2175 2254 post
2203 2182 2403 2239 divina
2430 2183 2690 2239 vindicta
2716 2184 2878 2239 hunc
2908 2185 2970 2239 in
3001 2199 3215 2239 manus
3246 2180 3479 2238 cruenti
3510 2178 3706 2235 homi-

2040 2271 2189 2327 cidas
2219 2272 2485 2329 tradidit.
2519 2273 2753 2328 Etenim
2785 2273 3231 2332 Constantinus.
3272 2271 3489 2327 certior
3508 2269 3702 2324 factus

2042 2361 2440 2433 patriarcham
2465 2361 2667 2418 multis
2681 2361 3024 2418 hominibus
3038 2379 3144 2435 pro
3159 2367 3321 2417 certo
3335 2358 3704 2433 persuasisse

2044 2451 2468 2525 imperatorem
2499 2453 2611 2509 sibi
2642 2452 2886 2521 dixisse,
2916 2469 2978 2510 se
3008 2453 3309 2510 Christum
3359 2468 3466 2524 pro
3498 2451 3617 2505 Deo
3651 2453 3709 2504 et

2045 2543 2297 2614 proinde
2344 2546 2589 2600 Matrem
2647 2545 2779 2618 ejus
2840 2562 2947 2616 pro
3014 2545 3266 2617 Deipara
3323 2558 3705 2615 nequaquam

2047 2631 2289 2702 habere,
2349 2632 2546 2689 furore
2595 2633 2876 2692 adversus
2926 2650 3085 2697 eum,
3135 2638 3205 2689 ut
3251 2631 3353 2705 qui
3407 2637 3704 2687 secretum

2047 2721 2236 2793 ipsius
2260 2722 2625 2793 publicatum
2640 2722 3025 2785 traduxisset,
3054 2723 3332 2779 incensus
3356 2726 3461 2777 est.
3500 2722 3707 2792 Itaque

2048 2811 2256 2867 multis
2280 2811 2625 2868 verberibus
2656 2813 2974 2868 multatum
3006 2813 3069 2868 in
3101 2812 3402 2884 triumpho
3452 2827 3560 2884 per
3591 2811 3709 2865 cir-

2050 2917 2184 2956 cum
2211 2900 2345 2956 duci
2378 2902 2624 2967 curavit,
2647 2908 3003 2975 consputum
3030 2908 3208 2974 atque
3236 2899 3710 2973 raptatum.lnde

2051 3010 2188 3049 cum
2220 3010 2358 3048 eum
2389 2993 2451 3048 in
2487 2994 2819 3050 custodiam
2872 2994 3160 3061 dedisset,
3216 2993 3402 3049 mittit
3446 2992 3521 3048 ad
3575 3008 3713 3047 eum

2051 3083 2355 3155 patricios,
2388 3083 2490 3155 qui
2522 3084 2883 3140 scitarentur
2899 3084 3188 3156 qui'nam
3211 3083 3406 3139 adhuc
3428 3081 3501 3137 de
3523 3081 3714 3153 impe-

2052 3172 2268 3228 ratoris
2298 3171 2586 3245 religone
2614 3188 2683 3229 ac
2716 3173 2942 3245 synodo
2974 3173 3046 3227 ab
3075 3172 3205 3244 ipso
3243 3171 3543 3227 celebrata
3574 3186 3714 3226 sen—

2059 3261 2212 3316 tiret.
2250 3264 2324 3316 At
2350 3278 2536 3318 vanus
2573 3262 2759 3317 animi
2798 3262 2922 3329 ille,
2978 3278 3227 3333 sperans
3277 3262 3389 3316 hoc
3430 3265 3602 3332 pacto
3652 3274 3715 3314 se

2063 3350 2485 3422 imperatorem
2533 3350 2931 3423 placaturum,
2990 3349 3320 3422 respondit,
3374 3354 3533 3403 recte
3578 3364 3716 3403 eum

2058 3438 2432 3495 instituenda
2465 3439 2692 3512 synodo
2723 3439 2936 3513 egisse,
2968 3445 3247 3512 recteque
3288 3438 3361 3494 de
3411 3437 3526 3493 ﬁde
3579 3451 3717 3491 sen-

2064 3529 2197 3585 tire.
2230 3529 2337 3595 Qui
2365 3530 2530 3584 missi
2558 3535 2748 3598 erant,
2771 3529 3092 3586 irridentes
3116 3529 3451 3591 hominum,
3483 3527 3717 3597 hocque

2063 3636 2249 3676 unum
2281 3636 2344 3676 se
2377 3637 2445 3676 ex
2504 3620 2738 3693 impuro
2796 3620 2985 3693 ipsius
3041 3637 3141 3676 ore
3199 3618 3455 3675 voluisse
3515 3616 3722 3672 audire

2064 3708 2355 3776 dicentes,
2415 3710 2614 3765 statim
2673 3709 2951 3767 eductum
3010 3709 3204 3782 capite
3277 3711 3720 3772 truncaverunt,

2065 3798 2433 3870 cadaverque
2464 3799 2527 3873 in
2546 3799 2852 3873 Pelagium
2874 3799 3508 3871 projecerunt.Fanum
3532 3798 3727 3853 fuerat

2066 3894 2286 3943 sanctas
2317 3869 2568 3961 Pelagia)
2593 3907 2607 3944 :
2640 3869 3157 3944 id‘Cons—tan—tinus
3185 3888 3504 3944 demolitus
3524 3886 3725 3959 sepul-

2066 3981 2214 4031 turas
2262 3976 2474 4048 capitis
2530 3976 2949 4033 damnatorum
3003 3977 3331 4033 destinarat
3370 3975 3726 4048 Pelagioque

2068 4080 2288 4120 nomen
2316 4067 2558 4121 fecerat.
2594 4067 2660 4121 In
2691 4066 2821 4137 ejus
2852 4066 3051 4121 locum
3100 4066 3429 4137 imperator
3473 4065 3729 4137 patriar-

2069 4154 2242 4210 cham
2276 4153 2547 4227 designat
2599 4155 2866 4211 Nicetam
2920 4157 3290 4218 eunuchum,
3342 4169 3558 4227 genere
3604 4153 3730 4209 Sla-

2069 4260 2228 4301 vum.
2261 4245 2504 4300 Petrum
2534 4260 2773 4316 quoque
2827 4250 3100 4300 sanctum
3149 4244 3364 4314 virum,
3419 4251 3479 4301 et
3527 4242 3728 4299 divino

1505 4342 1869 4397 XYLANDRI
1904 4342 1993 4399 ET
2030 4343 2247 4399 GOARI
2285 4344 2507 4401 NOTAE.

378 4440 490 4511 (93)
516 4441 635 4514 Hoc
658 4440 802 4514 quid
838 4440 933 4510 sit,
962 4439 1184 4497 nescio.
1218 4441 1355 4495 XYL.
1389 4471 1459 4514 —-_-
1498 4440 1619 4495 Hoc
1672 4444 1782 4505 est,
1812 4456 1961 4514 nun-
1992 4441 2040 4507 D
2073 4442 2210 4496 dire.
2238 4439 2705 4514 (Lachonodraco
2736 4441 3060 4514 impietatis
3092 4442 3342 4497 mmulus
3365 4440 3439 4499 ad
3462 4441 3590 4514 ejus
3614 4457 3728 4496 nu-

304 4513 389 4568 tio
419 4512 738 4568 monachali
764 4515 890 4568 vita
920 4514 1146 4568 remisso
1168 4528 1397 4567 umorem
1415 4512 1612 4567 ducere
1638 4512 1960 4568 suasit.Ab-

306 4585 672 4641 horruerunt
689 4584 1097 4655 Theophanes,
1138 4584 1358 4639 Paulus
1415 4584 1731 4649 Diaconus,
1762 4591 1970 4640 auctor

313 4662 373 4711 et
402 4654 503 4711 alii
535 4673 572 4713 a
602 4662 721 4712 tam
743 4655 896 4711 foedo
921 4654 1144 4711 scelere
1190 4656 1386 4726 palam
1447 4655 1798 4726 evulgando,
1859 4672 1970 4711 nec

312 4727 428 4784 nisi
451 4726 1246 4800 metaphora,conjugiisque
1260 4726 1973 4800 honestioribusinsigni-

311 4800 424 4855 bus
454 4798 731 4861 velatum.
766 4798 1000 4855 edicere
1023 4798 1441 4855 decreverunt.
1475 4801 1619 4855 Nam
1675 4815 1811 4854 cum
1842 4798 1973 4855 sine

315 4872 552 4944 coronis
578 4872 883 4944 sponsalia
913 4871 1093 4926 (ἰτωεὶ
1125 4887 1247 4944 non
1296 4869 1619 4944 celebrent,
1665 4870 1823 4926 idem
1885 4876 1975 4944 est

317 4942 475 5014 apud
506 4942 889 4999 eos—coronari
917 4950 975 5014 et
1021 4943 1247 5014 nuptias
1269 4942 1612 5010 contrahere,
1640 4944 1862 5014 nuptiae
1893 4942 1974 4997 si-

318 5012 736 5093 quidemipsaa
767 5012 1113 5093 στεφάνωμα
1147 5018 1431 5093 vocantur
1464 5032 1480 5077 ;
1540 5012 1867 5093 earumque
1915 5019 1976 5069 et

316 5085 722 5143 coronationis
755 5085 1109 5158 sponsorum
1156 5086 1339 5140 ritum
1367 5085 1748 5157 perspicuum
1776 5085 1975 5142 Videre

320 5165 412 5215 est
433 5159 494 5240 in
524 5159 749 5214 recenti
782 5157 1163 5240 Euchologio:
1194 5162 1524 5240 coronatus
1554 5174 1691 5240 ergo
1724 5175 1828 5229 pro
1841 5174 1974 5239 ,ωο-

322 5231 513 5304 nacho
537 5247 672 5304 cum
700 5231 992 5304 processit
1008 5229 1810 5304 patriarchalsponsaliorum
1827 5229 1974 5304 jugo

323 5320 386 5359 se
414 5302 670 5359 subdere
700 5299 1232 5368 'commonstravit,
1277 5299 1769 5372 jejuniorumque
1816 5299 1978 5372 rigor

323 5374 504 5430 simul
526 5374 612 5430 illi
644 5375 944 5431 relaxatus
974 5379 1084 5441 est,
1114 5389 1227 5429 nec
1282 5371 1406 5428 ulla
1437 5371 1549 5428 fuit
1580 5373 1839 5444 amplius
1876 5371 1976 5428 Vo-

317 5446 515 5518 luptas
545 5464 580 5503 a
612 5464 730 5518 qua
760 5448 871 5518 sibi
904 5446 1147 5501 duceret
1175 5444 1597 5518 abstinendum
1654 5444 1980 5518 Confirmat

323 5516 758 5590 expositionem
794 5517 1032 5574 allatam
1078 5521 1295 5572 tetrum
1328 5516 1726 5587 imperatoris,
1758 5516 1831 5570 de
1860 5532 1976 5641 (ι’.υο

323 5598 627 5641 memorat
653 5596 882 5641 auctor.
916 5589 1185 5641 facinus:
1219 5604 1358 5641 nam
1382 5594 1442 5641 et
1472 5587 1859 5641 monachorum
1920 5604 1976 5641 a-

319 5587 627 5647 mémorat
653 5596 882 5653 auctor,
916 5589 1147 5644 facinus
1172 5604 1185 5643 :
1219 5604 1358 5643 nam
1382 5594 1442 5643 et
1472 5587 1859 5643 monachorum
1882 5587 1978 5642 ha-

330 5663 506 5719 bitum
530 5667 643 5718 sive
679 5663 919 5718 studium
946 5662 1311 5731 ignominiosa,
1340 5661 1614 5727 tradas-it,
1675 5665 1725 5714 et
1740 5659 1979 5731 publica?

326 5734 683 5791 contumeliae
703 5734 764 5789 in
793 5736 939 5789 circa
968 5733 1248 5805 exposuit,
1283 5730 1489 5805 jubens
1535 5730 1982 5805 unumquemque

327 5822 519 5863 eorum
548 5822 718 5862 manu
747 5802 1443 5863 ducentcm‘mulierculam
1473 5805 1532 5859 in
1570 5804 1809 5860 medium
1829 5818 1974 5875 pro-

2074 4517 2198 4568 tum
2231 4513 2293 4568 in
2328 4514 2630 4580 provincia
2647 4513 2762 4569 sibi
2780 4513 3138 4570 demandata
3162 4514 3366 4583 edixit,
3390 4520 3458 4569 ut
3475 4513 3729 4569 inferius

2069 4585 2251 4655 jacet,
2283 4588 2383 4656 qui
2411 4586 2553 4641 mihi
2579 4592 2632 4641 et
2651 4587 2975 4656 imperatori
2994 4586 3113 4641 vult
3134 4587 3378 4657 obsequi,
3405 4588 3453 4642 is
3468 4593 3728 4642 ornatum

2077 4657 2393 4784 saecularem
2423 4658 2651 4714 inducat
2681 4658 2888 4729 hacque
2918 4660 3041 4730 ipsa
3080 4659 3219 4714 hora
3264 4675 3492 4715 umorem
3541 4658 3728 4715 ducat.

2106 4743 2254 4783 IOAR.

2106 4743 2254 4783 iOAR.

2151 4800 2263 4869 (94)
2294 4799 2461 4865 Quod
2491 4800 2565 4858 ad
2623 4801 2980 4858 citharmdos
3037 4801 3269 4871 attinet,
3331 4802 3430 4858 alii
3488 4802 3731 4871 habent,

2080 4886 2183 4926 eos
2212 4877 2280 4946 ut
2307 4872 2620 4946 adhiberet
2646 4890 2767 4929 sua:
2789 4890 3012 4929 mensm
3034 4874 3362 4946 imperator
3390 4874 3734 4946 permisisse

2079 4943 2524 5018 patriarcham._
2544 4943 2656 5000 Sed
2687 4945 2989 5016 quomodo
3020 4943 3138 5018 ego
3157 4945 3321 5018 verti.
3347 4943 3431 5001 ita
3461 4946 3737 5018 videntur

2080 5015 2377 5086 postulare
2408 5015 2617 5083 verba;
2643 5015 3029 5072 etsententia
3058 5015 3148 5071 est
3165 5017 3398 5072 melior.
3424 5018 3547 5071 Non
3572 5017 3734 5071 enim

2080 5086 2435 5160 crediderim
2495 5087 2956 5160 imperatoribus
3012 5105 3126 5144 usu
3158 5088 3431 5160 musices
3477 5088 3732 5143 interdi-

2082 5164 2243 5212 ctum
2301 5158 2533 5213 fuisse:
2584 5158 2691 5216 sed
2740 5161 3036 5217 monacho
3093 5159 3384 5229 fidicines,
3443 5164 3509 5213 ut
3567 5160 3737 5214 luxu-

2080 5230 2231 5355 1’28!!!
2279 5238 2686 5301 provocantes,
2731 5233 2981 5301 scilicet,
3033 5247 3154 5287 non
3204 5237 3376 5288 erant
3430 5230 3734 5288 audiendi.

2134 5317 2218 5355 γι.

2134 5317 2218 5356 YL.

2155 5373 2267 5446 (95)
2297 5375 2811 5456 Exauctorationis
2840 5375 3295 5456 Qy_ril_li,_uuper
3324 5377 3429 5431 ΓΡ.
3485 5376 3736 5456 patriar-

2084 5445 2241 5519 chae,
2266 5462 2445 5503 causa
2474 5446 2726 5502 crimine
2756 5445 3100 5519 multis_fuit
3127 5445 3337 5519 unum,
3370 5445 3528 5519 quod
3559 5449 3736 5503 vetito

2084 5518 2355 5644 Earuium
2388 5535 2491 5576 esu
2521 5519 2947 5591 patriarchium
2964 5515 3293 5591 ἐμαγάρισεν
3317 5515 3734 5590 ἱηᾴιιίηςιυεναε.

2131 5605 2258 5644 osa.

2131 5605 2258 5644 οΑιι.

2156 5663 2269 5729 (96)
2297 5662 2423 5717 Non
2455 5661 2749 5718 dissimile
2792 5662 2943 5719 illud
3001 5662 3170 5717 Lucas
3227 5665 3355 5718 Act.
3419 5678 3550 5719 XVI:
3607 5661 3738 5725 τοὺς

2083 5728 2261 5809 πόδας.
2283 5730 2461 5809 αιξτῶν
2488 5731 2939 5809 ἠσφαλίσατο-είς
2968 5735 3032 5788 τὸ
3071 5729 3260 5809 ξύλονΖ
3298 5735 3441 5793 XYL.

2154 5804 2270 5878 (97)
2303 5806 2522 5863 Marem
2551 5804 2714 5865 hunc
2741 5805 2887 5865 facit
2911 5809 3187 5866 Zonaras.
3217 5806 3356 5867 ΧΠ..
