4112 6420
415 416 533 478 899

1741 397 2055 463 GEORGII
2101 396 2455 462 CEDRENI

3710 402 3845 466 900

417 538 844 599 ardentissima
890 534 1197 608 corripuit.
1255 534 1445 599 Quare
1501 530 1715 586 lectica
1771 527 1844 584 ab
1887 533 2066 583 Arca-

2202 526 2474 605 πυσχεθεῖς
2555 527 2695 583 κατὰ
2774 528 2875 597 τὴν
2959 524 3417 605 Ἀρκαδιούπολιν
3509 528 3847 607 ὑπέστρεψεν

418 627 645 701 diopoli
703 630 1042 697 reportatus
1128 620 1479 693 Selybriam,
1527 615 1785 687 indeque
1843 612 2076 686 navigio

421 734 614 789 usque
664 715 739 772 ad
825 713 1135 769 castellum
1193 709 1527 780 Strogylum
1585 712 1810 767 vectus,
1880 704 1960 758 ibi
2018 708 2080 758 et

428 810 644 865 animai
671 812 727 860 et
756 803 1021 875 corporis
1052 807 1305 855 mortem
1337 798 1503 865 obiit,
1536 795 1865 852 vociferans
1897 800 2076 864 atque

428 899 632 955 dicens
667 896 853 949 vivum
889 907 951 946 se
981 887 1447 962 inexstinguibili
1473 886 1592 957 igni
1628 884 1912 940 traditum
1945 899 2076 938 esse

426 992 668 1061 propter
696 981 936 1037 Mariam
970 979 1305 1050 Deiparam,
1329 976 1671 1049 jubensque
1702 990 1831 1029 eam
1864 970 2077 1061 exinde

434 1060 716 1132 honorari
757 1089 826 1127 ac
864 1068 1151 1125 celebrari
1185 1074 1251 1121 ut
1278 1081 1413 1122 vere
1444 1065 1776 1135 Deiparam.
1827 1060 2080 1115 Moriens

431 1180 718 1233 suamque
732 1160 1002 1216 ultimam
1024 1158 1389 1212 voluntatem
1412 1159 1687 1209 testatam
1710 1151 1934 1207 faciens
1955 1150 2081 1204 haec

431 1250 870 1326 pronuntiavit:
907 1270 935 1299 «
968 1248 1272 1303 Incolume
1305 1250 1431 1299 esto
1453 1258 1734 1315 magnum
1766 1240 2078 1310 templum,

430 1345 627 1399 divina
675 1340 931 1413 Sophia;
967 1336 1287 1393 incolumis
1319 1341 1443 1390 esto
1476 1333 1633 1388 aedes
1686 1331 2079 1387 sanctissimas

426 1435 692 1505 Deiparze
714 1432 777 1486 in
809 1427 1151 1486 Blachernis
1176 1442 1189 1481 :
1216 1425 1516 1481 incolume
1537 1428 1665 1477 esto
1698 1421 1901 1476 fanum
1929 1421 2082 1492 ejus-

427 1526 564 1580 dem
594 1523 656 1577 in
683 1517 1107 1590 Chalcopratiis
1132 1560 1145 1583 ,
1196 1513 1512 1570 incolumis
1536 1518 1662 1567 esto
1706 1510 1864 1565 mdes
1897 1510 2079 1565 Sanc-

431 1622 627 1671 torum
656 1610 1075 1684 Apostolorum
1101 1624 1114 1675 ;
1148 1605 1473 1661 incolumis
1502 1610 1627 1658 esto
1653 1601 1796 1657 urbs
1827 1607 1888 1655 et
1913 1617 2085 1656 sena-

434 1713 528 1761 tus
561 1720 575 1771 ;
618 1701 937 1757 incolumis
976 1704 1124 1764 esto,
1159 1695 1243 1751 fili
1303 1694 1383 1749 mi
1434 1693 1777 1763 imperator,
1810 1695 1987 1762 atque
2018 1696 2083 1746 tu

433 1796 681 1856 etiam.o
705 1789 1113 1862 Theophanes,
1143 1786 1236 1841 cui
1258 1798 1542 1855 magnum
1565 1797 1765 1836 meum
1796 1795 2082 1836 arcanum

2185 613 2501 692 ἐγκλίνιος.
2560 620 2647 691 [Ρ.
2707 622 2834 694 468]
2895 620 2999 677 Καὶ
3055 618 3231 675 ἐλθὼν
3291 618 3343 674 ἐν
3408 616 3695 696 Σηλυϐρίᾳ
3750 619 3852 675 καὶ

2187 702 2668 781 διαπλωῑσάμενος
2727 712 2897 785 μέχρι
2952 713 3051 765 τοῦ
3121 709 3475 787 Στρογγύλου
3532 710 3850 767 καστέλλου

2187 796 2408 864 θνήσκει
2439 800 2595 872 ψυχῇ
2634 799 2726 853 καὶ
2783 799 3020 871 σώματι,
3085 798 3234 874 βοῶν
3285 799 3376 854 καὶ
3411 797 3586 874 λέγων
3619 799 3703 856 ὅτι
3737 805 3851 871 ζῶν

2186 885 2315 958 πυρὶ
2351 886 2595 962 ἀσϐέστῳ
2636 886 2910 965 παρεδόθη
2973 887 3064 944 διὰ
3119 892 3220 959 τήν
3281 889 3545 945 Θεοτὸκον
3604 890 3846 966 Μαρίαν.

2187 976 2202 997 Ι
2337 977 2350 998 ν
2418 977 2433 995 9
2492 977 2505 995 ‘
2658 982 2685 993 ν
2780 982 2805 995 ν
3014 979 3025 998 Ι
3288 981 3302 999 \
3579 980 3592 1000 Ι
3780 982 3795 1002 ε

2205 972 2329 1031 Αλλ
2407 997 2514 1033 απο
2590 999 2689 1033 του
2746 1000 2837 1033 νυν
2893 992 3146 1053 τιμασθω
3218 1001 3304 1035 και
3366 978 3707 1054 ἆνυμνεισθω
3765 1001 3850 1043 ως

2188 1067 2452 1129 Θεοτὸκος
2480 1066 2693 1138 ἀληθὴς
2738 1068 2896 1124 οὗσα.
2957 1068 3237 1125 Τελευτῶν
3299 1067 3357 1125 δὲ
3404 1070 3494 1125 καὶ
3542 1067 3849 1126 διατυπού-

2191 1176 2348 1228 μενος
2407 1150 2556 1227 ἔλεξε
2611 1156 2759 1214 τάδε’
2820 1183 2846 1210 α
2882 1159 3070 1229 Σώζου
3131 1161 3242 1233 (10)
3291 1160 3320 1214 6
3372 1160 3501 1223 ναὸς
3533 1162 3562 1216 6
3604 1157 3773 1238 μέγας
3805 1163 3846 1231 ἢ

2187 1244 2345 1319 Ἀγία
2394 1246 2589 1324 Σοφία·
2654 1249 2831 1317 σώζου
2864 1249 2891 1303 6
2923 1249 3051 1310 ναὸς
3099 1256 3199 1319 τῆς
3261 1250 3517 1324 παναγίας
3573 1251 3847 1307 Θεοτόκου

2187 1340 2294 1391 τῶν
2326 1336 2677 1411 Βλαχερνῶν·
2738 1339 2916 1409 σώζου
2949 1340 2977 1394 6
3006 1340 3135 1402 ναὸς
3185 1346 3288 1409 τῆς
3347 1341 3612 1396 Θεοτόκου
3648 1339 3698 1396 ἐν
3724 1346 3851 1404 τοῖς

2189 1422 2639 1500 Χαλκοπρατίοις
2698 1429 2828 1500 (11)·
2916 1428 3095 1498 σώζου
3154 1429 3182 1484 6
3240 1430 3371 1491 ναὸς
3444 1434 3553 1485 τῶν
3638 1430 3849 1505 Ἀγίων

2188 1514 2565 1571 ’Λποστόλων·
2627 1515 2805 1586 σώζου
2861 1516 3024 1580 πόλις
3090 1518 3182 1573 καὶ
3242 1517 3576 1597 σύγκλητος·
3640 1521 3848 1591 σώζου,

2190 1603 2271 1659 υἱέ
2300 1626 2405 1678 μου
2465 1605 2713 1681 βασιλεῦ·
2773 1608 2951 1677 σώζου
3009 1609 3099 1664 καὶ
3161 1609 3245 1681 σὺ,
3296 1611 3579 1690 Θεόφανες,
3609 1612 3671 1666 τὸ
3705 1612 3851 1691 μέγα.

2195 1715 2299 1767 μου
2334 1697 2655 1769 μυστήριον.
2695 1721 2722 1748 ›ι
2756 1698 2905 1754 Μετὰ
2940 1702 3067 1774 γοῦν
3124 1700 3186 1754 τὸ
3233 1700 3523 1776 παρελθεῖν
3558 1702 3619 1756 τὸ
3649 1701 3851 1764 πένθος

2194 1782 2341 1860 λέγει
2399 1783 2538 1860 πρὸς
2595 1786 2871 1864 Θεοφάνην
2905 1789 2934 1844 6
2971 1788 3246 1863 βασιλεὺς·
3309 1814 3337 1842 ‹‹
3371 1791 3433 1845 Τί
3465 1789 3575 1846 ἐστι
3607 1791 3670 1847 τὸ
3706 1792 3852 1868 μέγα

432 1885 676 1944 credidi.
714 1904 738 1935 ο
798 1880 992 1937 Finito
1050 1878 1235 1944 luctu,
1281 1872 1777 1968 imperator‘Leo-
1803 1887 1875 1968 ei:
1906 1870 2063 1968 Theo

2202 1875 2500 1948 μυστήριον
2531 1878 2627 1931 τοῦ
2665 1878 2869 1951 πατρός
2926 1899 3053 1951 μου,
3087 1878 3117 1933 6'
3149 1878 3210 1934 σὺ
3246 1880 3415 1954 μόνος
3441 1880 3726 1957 γινώσκεις
3760 1898 3774 1949 ;
3816 1903 3849 1931 ››

428 1977 624 2050 phane
650 1970 920 2044 quasivit
941 1966 1242 2041 quodnam
1276 1968 1433 2019 esset
1460 1959 1685 2034 gvande
1717 1958 1863 2015 illud
1894 1958 2080 2031 patris

428 2071 746 2123 secretum.
781 2061 895 2133 ipsi
922 2058 1032 2114 soli
1065 2055 1388 2129 cognitum.
1421 2050 1749 2123 Respondit
1770 2050 1854 2104 is:
1891 2069 1919 2098 «
1951 2051 2082 2104 For.

2184 1967 2247 2023 Ὁ
2288 1963 2346 2020 δὲ
2403 1967 2544 2021 εἴπεο
2603 1988 2631 2014 α
2662 1965 2817 2045 Τάχα
2872 1967 2926 2024 ἐν
2989 1966 3287 2044 μεταμέλῳ
3343 1970 3561 2048 γέγονεν
3596 1970 3623 2024 6
3661 1971 3847 2047 πατήρ

2188 2076 2305 2125 σου,
2372 2054 2463 2111 καὶ
2521 2053 2610 2111 διὰ
2656 2061 2822 2113 τοῦτο
2879 2058 3017 2134 πρὸς
3075 2057 3173 2133 ἔμε
3234 2058 3547 2138 ἐξθὲγξατο,
3601 2060 3695 2114 ’Ξνα
3734 2080 3845 2139 φα-

430 2162 586 2210 tasse
617 2159 848 2225 patrem
887 2156 1053 2203 tuum
1100 2145 1230 2216 ejus
1286 2142 1371 2197 rei
1429 2140 1726 2213 paenituit,
1761 2155 1939 2209 quam
1972 2154 2081 2192 nos

2202 2148 2405 2219 ιερῶσω
2463 2145 2599 2220 ἆπερ
2670 2152 2947 2219 μυστικῶς
3001 2147 3360 2219 ἐποιήσαμεν·
3420 2150 3473 2228 φ’
3511 2149 3612 2224 γὰρ
3645 2144 3842 2219 κεντη-

433 2244 663 2300 occulte
722 2240 989 2312 egimus:
1049 2235 1303 2304 ideoque
1338 2248 1430 2287 me
1485 2230 1777 2285 allocutus
1836 2233 1945 2284 est.
1978 2230 2083 2282 500

2202 2232 2346 2308 ράρια
2377 2233 2670 2313 ἐχώσαμεν
2700 2233 2778 2298 εῗς
2807 2257 2929 2292 τινα
2987 2236 3180 2306 τόπον,
3241 2235 3394 2312 λόγῳ
3449 2243 3559 2293 τῶν
3591 2235 3847 2317 ἀδελφῶν

432 2335 593 2390 enim
625 2328 1002 2387 centenarios
1058 2322 1396 2379 defodimus
1450 2318 1708 2391 quodam
1767 2319 1829 2373 in
1862 2318 1990 2373 loco
2023 2317 2084 2372 in

430 2439 607 2479 usum
637 2421 890 2475 fratrum
952 2421 1189 2469 tuorum
1250 2411 1551 2466 Cassarum
1581 2414 1641 2463 et
1687 2406 2088 2463 nobilissimo-

433 2530 576 2569 rum.
613 2532 641 2560 »
674 2511 787 2564 Leo
822 2522 1001 2562 omne
1056 2502 1205 2557 illud
1264 2498 1499 2556 famulis
1559 2497 1758 2553 missis
1816 2496 2084 2561 abstulit,

433 2601 706 2671 nihilque
746 2595 1028 2653 fratribus
1073 2591 1374 2661 reliquum
1416 2587 1575 2643 fecit.
1609 2587 1836 2658 Corpus
1865 2586 2083 2657 Copro-

433 2690 596 2763 nymi
655 2686 956 2758 sepultum
988 2683 1047 2736 in
1079 2679 1202 2736 aede
1234 2681 1591 2735 Sanctorum
1651 2674 2086 2748 Apostolorum,

434 2782 768 2851 imperante
795 2772 1081 2831 Michaelo
1103 2766 1409 2840 Theophili
1441 2765 1564 2821 lilio
1603 2764 1930 2835 indejussu
1959 2763 2089 2818 hor-

434 2863 969 2939 tatuqueijsaris
1025 2866 1291 2916 amotum
1323 2856 1473 2929 etin
1531 2855 1659 2910 foro
1714 2852 2088 2908 Amastriano

434 2962 764 3016 crematum
797 2960 906 3010 est.
938 2949 1529 3021 Archiepiscopatum
1559 2944 1756 3016 Cpolis
1780 2948 2094 3017 gesserunt

434 3046 785 3105 Anastasius
815 3049 874 3099 et
903 3047 1037 3114 post
1093 3041 1253 3095 hunc
1296 3034 1746 3100 Constantinus,
1783 3033 1833 3088 is
1865 3033 1959 3089 cui
1993 3049 2090 3088 ca-

434 3142 540 3211 put
570 3134 811 3192 tandem
840 3132 954 3189 fuit
995 3134 1390 3202 amputatum,
1452 3134 1630 3196 atque
1662 3122 1735 3178 ab
1767 3138 1835 3179 eo
1868 3124 2087 3193 Niceta,

436 3228 698 3286 haeretici
731 3240 961 3281 omnes.

2192 2346 2310 2393 σου,
2341 2330 2449 2380 τῶν
2520 2326 2803 2401 Καισάρων
2861 2327 2952 2382 καὶ
3003 2322 3425 2401 νωϐελισσίμων
3486 2334 3616 2400 (12).
3654 2353 3680 2379 η
3738 2329 3837 2384 Καὶ

2192 2415 2517 2480 ἆποστειλας
2560 2418 2707 2471 Λὲων
2767 2411 2931 2472 ἔλαϐε
2986 2418 3179 2487 πάντα,
3242 2416 3414 2491 μηδὲν
3447 2418 3635 2483 αὐτοῖς
3663 2440 3842 2474 κατα-

2194 2505 2396 2564 λιπών.
2445 2507 2521 2564 Τὸ
2580 2504 2638 2562 δὲ
2698 2509 2856 2582 σῶμα
2914 2508 3081 2563 αὐτοῦ
3137 2510 3284 2564 τεθὲν
3345 2508 3398 2565 ἐν
3455 2514 3535 2583 τῷ
3591 2513 3703 2582 ναῷ
3740 2513 3849 2563 τῶν

2194 2597 2395 2671 Ἀγίων
2455 2595 2830 2665 Ἀποστόλων,
2898 2595 2948 2652 ἐν
2979 2602 3097 2660 ταῖς
3158 2600 3397 2676 ἡμὲραις
3458 2600 3689 2676 Μιχαήλ
3722 2600 3847 2654 υἱοῦ

2193 2685 2463 2761 Θεοφίλου
2549 2683 2732 2761 βουλῇ
2814 2686 2909 2742 καὶ
2985 2686 3292 2762 παραινέσει
3384 2692 3482 2742 τοῦ
3582 2687 3856 2761 Καίσαρος

2195 2777 2438 2852 ἀπαχθὲν
2494 2774 2547 2831 ἑν
2600 2780 2669 2851 τῇ
2725 2776 2895 2851 ἆγορᾷ
2946 2781 3047 2832 τοῦ
3129 2778 3533 2853 Ἀμαστριανοῢ
3614 2776 3842 2850 ἐκαύθη.

2196 2867 2304 2924 Τὸν
2361 2863 2420 2921 δὲ
2475 2872 2575 2935 τῆς
2633 2865 3050 2941 ἀρχιερωσύνης
3108 2866 3300 2941 θρόνον
3383 2873 3635 2944 κατεῖχεν
3692 2871 3858 2925 Ἀνα-

2197 2954 2415 3018 στάσιος
2447 3001 2461 3024 ,
2517 2956 2609 3011 καὶ
2671 2955 2806 3028 μετᾶ
2861 2960 3054 3011 τοῦτον
3117 2962 3530 3020 Κωνσταντῖνος
3577 2958 3607 3012 6
3649 2957 3850 3013 ἀποκε-

2198 3043 2505 3124 φαλισθεὶς,
2538 3044 2628 3101 καὶ
2665 3043 2850 3121 τρίτος
2892 3047 3158 3117 Νικήτας,
3191 3047 3384 3110 πάντες
3416 3046 3707 3123 αἴρετικοί.

507 3319 658 3376 819
694 3317 804 3371 Leo
836 3309 1191 3385 Copronymi
1238 3324 1308 3363 ex
1348 3307 1607 3362 Chazara
1638 3302 1795 3359 filius
1828 3303 2085 3374 impera-

2220 3383 2227 3385 _
2270 3299 2416 3354 Λὲων
2450 3299 2480 3354 6
2512 3298 2572 3354 ἐκ
2626 3305 2727 3368 τῆς
2785 3300 3043 3373 Χαζάρας
3099 3299 3218 3363 υἱὸς
3277 3299 3445 3355 αὐτοῦ
3498 3295 3849 3355 ἐϐασίλευσεν

432 3411 515 3465 vit
542 3423 732 3464 annos
752 3407 804 3459 5.
829 3402 1029 3458 Primo
1064 3396 1299 3470 imperii
1332 3410 1490 3451 anno
1519 3393 1844 3465 Tellerigus
1868 3394 2091 3463 Longo-

435 3498 757 3556 bardorum
789 3509 891 3547 rex
915 3489 990 3545 ad
1041 3505 1175 3543 eum
1208 3485 1417 3557 Cpolin
1471 3483 1772 3552 confugit;
1831 3498 2009 3552 quem
2041 3482 2091 3536 is

438 3590 784 3656 susceptum
832 3577 1177 3634 muneribus
1218 3574 1329 3629 sibi
1362 3572 1644 3629 devinxit.
1688 3571 1852 3626 Visus
1875 3575 1965 3625 est
1994 3569 2095 3626 ali-

440 3673 709 3749 quandiu
739 3670 1020 3742 pietatem
1054 3665 1274 3729 colore,
1300 3663 1680 3734 lieiparmque
1703 3666 1760 3715 et
1777 3661 2094 3716 monacho-

439 3781 574 3823 rum
606 3777 736 3817 esse
758 3758 985 3814 amicus
1014 3771 1027 3823 ;
1054 3755 1251 3825 itaque
1272 3753 1451 3808 etiam
1484 3751 1693 3822 primis
1725 3750 2092 3822 temporibus

443 3849 933 3923 metropolitanas
992 3844 1273 3900 ecclesias
1322 3841 1630 3897 monachis
1666 3839 1936 3896 credidit.
1979 3842 2094 3894 Po-

443 3943 703 4001 stulante
752 3937 1016 3994 exercitu
1067 3934 1260 3990 lilium
1310 3948 1483 3987 suum
1514 3931 1972 3987 Constantinum
2005 3945 2095 3987 co-

438 4037 632 4089 ronat.

514 4126 683 4177 Anno
739 4120 777 4172 2
832 4115 1160 4189 Pellerigus
1243 4111 1629 4186 Bulgarorum
1685 4111 1962 4184 princeps
2019 4109 2094 4166 ad

447 4215 703 4269 Leonem
755 4207 1064 4280 confugit,
1126 4203 1199 4259 ab
1258 4218 1448 4273 eoque
1508 4201 1790 4273 patricius
1835 4206 2091 4265 creatur,

432 4300 707 4356 tradente
757 4297 937 4354 etiam
997 4292 1218 4349 sororis
1273 4290 1476 4346 uxoris
1539 4306 1661 4344 sum
1712 4289 1895 4345 filiam
1945 4289 1999 4343 ei
2029 4288 2092 4344 in

433 4388 885 4447 matrimonium
913 4403 927 4451 ;
962 4389 1396 4453 susceptusque
1425 4379 1496 4436 ab
1539 4395 1608 4434 eo
1644 4396 1713 4434 ex
1745 4394 1912 4434 sacro
1945 4377 2095 4434 lava-

433 4498 533 4538 cro
567 4492 929 4552 magnopere
984 4474 1201 4529 charus
1252 4472 1700 4541 honoratusque
1733 4469 1785 4524 ei
1818 4469 2089 4525 habetur.

507 4577 681 4626 Anno
733 4567 764 4619 3
815 4567 1116 4621 Romanus
1175 4560 1471 4616 exercitus
1529 4558 1603 4613 ad
1660 4558 2094 4615 Germaniciam

2201 3383 2295 3459 ἔτη
2328 3388 2386 3445 ε’.
2429 3387 2636 3445 Τούτου
2691 3392 2771 3460 τῷ
2828 3391 2873 3443 α’
2930 3387 3035 3444 ἔτει
3101 3389 3407 3467 προσέφυγε
3461 3387 3795 3464 ΤελΛέριγος
3826 3390 3855 3444 6

2199 3482 2308 3532 τῶν
2342 3471 2757 3552 Λογγηϐάρδων
2783 3481 2899 3552 (13)
3089 3483 3171 3551 τῷ
3235 3476 3453 3555 βασιλεῖ
3481 3478 3536 3535 ἔα
3566 3483 3636 3554 τῇ
3666 3477 3851 3534 πόλει·

2201 3565 2259 3622 ὅν
2304 3564 2739 3640 προσδεξάμενος
2797 3567 3173 3640 ὲξευμενίσατο
3260 3566 3483 3644 δώροις.
3542 3566 3731 3639 Ἔδοξε
3797 3564 3857 3622 δὲ

2200 3655 2337 3730 πρὸς
2394 3653 2637 3724 ὀλίγονό
2672 3655 2929 3730 βασιλεὺς
2990 3651 3223 3711 εὐσεϐεῖν
3286 3656 3444 3734 φίλος
3501 3677 3560 3712 τε
3582 3657 3853 3721 εἷναιτῆς

2202 3751 2469 3801 Θεοτοκου
2517 3744 2607 3800 καὶ
2665 3746 2773 3799 τῶν
2808 3749 3091 3821 μοναχῶν·
3125 3744 3243 3809 ὅθεν
3275 3745 3371 3800 καὶ
3418 3744 3470 3801 ἐν
3524 3750 3642 3809 τοῖς
3698 3746 3858 3820 πρώ-

2202 3854 2319 3896 τοις
2371 3833 2599 3909 χρόνοις
2685 3833 2966 3909 μοναχοὺς
3040 3830 3421 3909 προεϐάλλετο
3501 3834 3853 3910 μητροπολί-

2201 3944 2295 3987 τας
2328 3928 2463 3998 (14).
2500 3922 2690 4002 Στὲφει
2740 3922 2798 3979 δὲ
2856 3929 3249 3979 Κωνσταντῖνον
3303 3924 3395 3980 τὸν
3426 3925 3542 3980 υἱὸν
3586 3925 3753 3980 αύτοῦ
3782 3928 3852 3999 τῇ

2202 4013 2414 4085 αἰτήσει
2444 4018 2541 4069 τοῦ
2574 4019 2827 4090 στρατοῦ.

2275 4106 2371 4174 Τῷ
2508 4098 2615 4158 ἔτει
2677 4102 2987 4178 προσέφυγε
3037 4100 3380 4180 Πελλὲριγος
3430 4104 3457 4159 6
3515 4103 3704 4178 κύριος
3746 4106 3856 4158 τῶν

2203 4190 2537 4267 Βουλγάρων
2577 4197 2658 4265 τῷ
2714 4189 2951 4261 βασιλεῖ.
3013 4193 3113 4250 Καὶ
3175 4195 3412 4264 ποιήσας
3468 4192 3626 4248 αὐτὸν
3657 4193 3853 4268 πατρί-

2201 4302 2320 4337 κιον
2384 4282 2633 4357 ζεύγνυσι
2690 4285 2758 4356 τῇ
2811 4288 2913 4350 τῆς
2964 4283 3219 4358 γυναικὸς
3276 4281 3439 4339 αὐτοῦ
3502 4282 3741 4357 Ε²’ρήνης
3772 4281 3858 4356 ἐξ-

2204 4369 2441 4450 ἆδὲλφῃ,
2471 4370 2562 4426 καὶ
2594 4367 2886 4446 δεξάμενος
2916 4370 3079 4427 αὐτὸν
3129 4371 3236 4427 ἀπὸ
3287 4377 3388 4440 τῆς
3419 4372 3579 4448 ἁγίας
3634 4370 3857 4445 κολυμ-

2205 4455 2411 4535 ϐήθρας
2447 4458 2698 4534 μεγάλως
2732 4459 2825 4515 καὶ
2856 4460 3113 4534 ἠγάπησε
3141 4461 3234 4516 καὶ
3263 4458 3501 4532 ἐδόξασε.

2274 4551 2365 4623 Τῷ
2421 4552 2474 4625 γ’
2520 4546 2626 4605 ἔτει
2658 4550 2686 4604 6
2718 4549 2944 4625 στρατὸς
3000 4555 3111 4607 τῶν
3167 4549 3460 4625 Ῥωμαίων
3520 4551 3597 4613 εἰς
3648 4557 3861 4627 Γερμα-

435 4657 739 4730 profectus
770 4652 1222 4710 multitudinem
1257 4665 1529 4722 magnam
1561 4648 1841 4719 Syrorum
1870 4648 2087 4705 Jacobi-

2202 4640 2405 4697 νίκειαν
2463 4640 2714 4696 ἀπελθὼν
2774 4640 3182 4717 ᾑχμαλώτευσε
3242 4641 3451 4716 Σύρους
3534 4637 3856 4704 Ἰαχωϐίτας

441 4754 637 4803 tarum
670 4744 932 4815 captivos
962 4740 1208 4797 abduxit
1239 4756 1254 4807 ;
1289 4754 1438 4810 quos
1468 4738 1794 4809 imperator
1821 4737 1881 4794 in
1907 4739 2091 4793 Thra-

439 4837 532 4892 cia
562 4831 897 4890 collocavit.
1598 4835 1602 4839 '

512 4927 684 4982 Anno
716 4924 747 4977 5
792 4919 1026 4977 Nicetas
1058 4934 1089 4974 e
1121 4916 1292 4973 Slavo
1340 4915 1692 4989 patriarchas
1741 4915 2093 4990 dignitatem

439 5014 690 5085 adeptus
724 5009 1034 5067 eunuchus
1059 5006 1331 5064 moritur.
1367 5004 1730 5079 Subrogatur
1759 5005 1813 5062 ei
1843 5021 2094 5062 venerao

437 5103 571 5159 bilis
605 5101 826 5159 Paulus
853 5101 1184 5171 anagnosta
1213 5094 1484 5168 Cyprius.
1510 5094 1701 5150 Media
1716 5094 2089 5166 Jejuniorum

2202 4729 2411 4795 πλῆθος
2482 4728 2647 4785 πολύ·
2708 4729 2806 4792 οὓς
2865 4728 3120 4803 ἐνῴκισεν
3179 4731 3206 4785 6
3279 4729 3532 4806 βασιλεὺς

2354 4842 2442 4875 ην.

2354 4842 2442 4875 τν.

2202 4821 2385 4983 Θρᾷξ»,
2428 4911 2465 4965 ε’
2524 4903 2631 4965 ἔτει
2687 4909 2917 4980 τέθνηκε
2992 4911 3236 4981 Νικήτας
3291 4911 3644 4987 πατριάρχης
3703 4912 3859 4968 Κων-

3618 4730 3696 4795 είς
3759 4732 3857 4802 τήν

2202 4998 2713 5063 σταντινόυπόλεως
2748 5043 2763 5068 ,
2820 5002 2848 5054 6
2908 5000 3015 5055 ἀπὸ
3095 4994 3364 5055 Σθλάϐων
3419 4999 3685 5075 εὐνοῦχος
3720 5043 3734 5068 ,
3773 4998 3859 5053 καὶ

2201 5088 2613 5169 προχειρίζεται
2653 5086 2875 5152 Παῦλος
2909 5090 2937 5145 6
2965 5088 3156 5164 τίμιος
3205 5090 3557 5167 ἀναγνώστης
3589 5088 3859 5165 Κύπριος.

1643 5209 2015 5266 XYLANDRI
2059 5208 2140 5266 ET
2179 5209 2399 5267 GOARI
2437 5207 2662 5265 ΝΟΤᾹΞ.

510 5349 625 5417 (10)
656 5341 992 5402 Correctius
1026 5338 1209 5395 reddo
1240 5339 1363 5394 vale
1402 5352 1581 5409 quam
1638 5333 1926 5391 incolumis
1956 5337 2085 5392 esto.

446 5420 621 5559 alii;
660 5488 769 5547 Ubi
804 5500 961 5541 terea
992 5500 1240 5556 qumque
1274 5479 1557 5553 suppelex
1589 5493 1807 5534 venum
1840 5495 2092 5550 expone-

441 5559 638 5614 batur.
664 5562 839 5617 ϐοη-

514 5634 625 5699 (l2)
686 5628 1201 5686 Nobilissimorum
1262 5622 1433 5699 titulo
1492 5620 1964 5699 exorn_abantur_
1991 5620 2094 5693 qui

443 5693 743 5771 (λέξει-θη)
768 5699 1234 5771 natu‘majqregu
1264 5696 1453 5771 lilium
1487 5693 1906 5771 sequebantur.
1930 5694 2099 5751 Dem-

447 5714 1300 5843 ;Ziiiﬁi'hn‘fiiiiilt‘iiiiif
1308 5714 1458 5823 ‘i‘é‘;
1471 5714 1831 5823 ἒιῗῖίῗθὲἓῖιξῖ

2270 5334 2383 5404 (13)
2411 5332 2649 5389 Falsum
2679 5348 2808 5387 esse
2843 5333 2955 5390 hoc
2986 5339 3154 5404 puto.
3184 5340 3243 5390 et
3272 5333 3640 5390 inculcatum
3668 5349 3703 5389 a
3734 5333 3867 5389 Bul-

2204 5422 2362 5480 garo.
2402 5405 2490 5480 de_
2507 5422 2622 5476 quo
2654 5404 2959 5480 sequitur:
2992 5404 3168 5477 longe
3217 5405 3335 5480 alio
3368 5406 3530 5480 enim
3582 5405 3711 5460 loco
3745 5411 3865 5480 tum

2200 5476 2315 5534 fuit
2344 5494 2438 5532 res
2473 5476 3120 5549 Longobardicaquam
3158 5482 3224 5531 ut
3257 5477 3516 5549 Byzantii
3559 5494 3735 5548 opem
3766 5477 3866 5531 iiu-

2204 5550 2528 5679 glorarent.
2563 5544 2707 5604 X’vL.
2743 5579 2809 5588 —
2841 5544 3021 5615 Infra,
3055 5565 3213 5606 anno
3243 5544 3680 5625 2,ἰ]ελλέριγῐ›ς.
3714 5550 3865 5605 Eun.

2255 5638 2451 5677 ATHOL.

2255 5638 2451 5677 ATHOL.

2279 5694 2394 5777 (id)
2543 5691 2805 5777 antiquo
2823 5692 3148 5777 monachos
3174 5693 3239 5750 in
3270 5693 3586 5765 pontiﬁces
3605 5693 3864 5757 evehunt

2209 5754 2421 5846 Graeci,
2446 5754 2969 5839 alids'ririuime.
3005 5754 3210 5838 Gya...
3270 5754 3290 5765 ’
3332 5822 3339 5833 _
3385 5824 3395 5833 ,
3566 5829 3579 5835 _
3664 5826 3679 5834 _
3771 5754 3779 5757 ⁷
3830 5754 3853 5828 ᾏ
