4112 6420
379 368 497 430 903

1744 331 2060 400 GEORGII
2102 330 2304 394 GEDR
2315 330 2445 394 ENI

3683 327 3813 391 904

452 504 624 560 Anno
648 498 681 553 2
699 499 874 554 Irena
892 490 967 551 ad
989 486 1262 547 Carolum
1292 484 1655 540 Francorum
1674 489 1875 548 regem
1896 471 2035 528 mis-

2165 557 2172 560 _
2219 472 2309 540 Τῷ
2426 464 2541 560 ἔτειΔ
2564 464 2876 524 ἀπέστειλεν
2908 464 3148 560 *δίρηνη-
3179 464 3318 541 πρὸς
3379 460 3658 538 Κάρουλον
3707 464 3806 520 τὸν

382 595 466 652 sis
496 590 705 663 legatis
738 587 921 642 ﬁliam
958 583 1085 653 ejus
1120 575 1359 633 nomine
1380 569 1628 642 Erythro
1651 561 2037 621 Constantino

385 685 509 741 filio
529 699 636 737 suo
654 681 716 735 in
738 671 1183 733 matrimonium
1205 660 1543 737 postulavit,
1572 655 1879 730 pactisque
1903 667 2041 707 cou-

380 774 572 831 ventis
603 776 662 827 et
682 760 1077 838 jurejurando
1112 752 1382 821 firmatis,
1431 749 1677 805 Eliszeus
1731 742 2039 798 eunuchus

383 872 443 921 et
473 831 739 919 notarius
770 831 925 926 apud
966 846 1241 905 Carolum
1295 838 1606 904 remansit,
1658 840 1727 891 ut
1770 831 2031 904 puellam

384 952 600 1011 Graecis
634 944 843 1003 litteris
891 958 958 997 ac
1013 949 1289 995 sermone
1348 936 1407 987 et
1463 926 1728 985 moribus
1784 920 2032 979 Romani

384 1038 622 1114 imperii
654 1032 1013 1092 institueret.

456 1207 626 1260 Anno
659 1202 689 1255 3
719 1197 887 1253 Irene
917 1208 1061 1266 pace
1111 1205 1247 1245 cum
1305 1182 1599 1242 Arabibus
1656 1179 1811 1235 facta
1866 1177 2036 1231 Slau-

383 1295 613 1352 racium
650 1286 968 1362 patricium
1001 1287 1060 1337 et
1099 1279 1461 1353 lngothetam
1512 1276 1721 1328 contra
1770 1265 2037 1327 Slavinos

380 1383 565 1442 mittit
595 1399 609 1448 ;
644 1355 745 1453 qui
780 1382 838 1432 et
868 1389 1079 1429 omnes
1113 1386 1215 1425 eos
1246 1364 1498 1438 imperio
1540 1364 1725 1417 Irenzn
1784 1355 2034 1428 subegit,

385 1480 563 1544 atque
582 1470 633 1526 ei
660 1481 933 1539 magnam
949 1480 1018 1518 ex
1031 1460 1440 1531 Peloponneso
1453 1450 1715 1525 pradam
1732 1445 2037 1517 multaque

387 1558 575 1632 spolia
602 1552 818 1611 attulit.

458 1741 611 1798 822
643 1740 814 1794 Anno
873 1736 905 1788 4
951 1728 1171 1789 Paulus
1227 1721 1642 1781 sanctissimus
1700 1713 2039 1790 patriarcha

2146 557 2289 633 ῥῆγα
2324 556 2627 632 Φρκγγιας,
2663 559 2748 631 [Ρ.
2800 557 2927 629 470]
2983 553 3074 609 καὶ
3131 553 3504 632 ἐνυμφεόσατο
3560 553 3660 621 τήν
3702 563 3805 616 θυ-

2145 644 2346 725 γατέρα
2375 644 2541 701 αὐτοῦ
2587 646 2834 721 Ἐρυθρὰ)
2892 642 3199 719 λεγομένην
3263 642 3660 715 Κωνσταντίνῳ
3717 645 3801 714 τῷ

2146 736 2250 805 υἱῷ
2279 735 2475 805 αὐτῆς.
2509 734 2613 791 Καὶ
2642 732 2944 811 γενομένων
2973 733 3277 812 συμφώνων
3307 731 3398 786 καὶ
3447 731 3622 807 ὅρκων
3668 751 3804 785 κατ-

2146 822 2370 902 ελείφθη
2426 821 2737 886 Ἐλισσαῖος
2778 824 2806 877 ὁ
2840 823 3108 898 εὐνοῦχος
3158 821 3249 877 καὶ
3296 820 3549 896 νητάριος
3606 820 3682 882 είς
3734 820 3801 875 τὸ

2145 910 2356 984 διδάξαι
2387 911 2553 982 αὐτὴν
2585 912 2651 967 τά
2678 932 2740 968 τε
2769 915 2876 966 τῶν
2916 915 3162 984 Γραικῶν
3207 909 3508 987 γράμματα
3558 909 3648 965 καὶ
3696 910 3797 980 τὴν

2144 1006 2422 1081 γλῶσσαν,
2480 1002 2569 1057 καὶ
2632 998 2917 1056 παιδεῦσαι
2970 998 3137 1069 αὐτὴν
3199 998 3264 1054 τὰ
3338 996 3449 1070 ἤθη
3506 1004 3606 1069 τῆς
3663 998 3802 1055 Ῥω-

2146 1092 2325 1166 μαίων
2359 1092 2664 1169 βασιλείας.

2215 1186 2310 1256 Τῷ
2341 1190 2390 1259 γ’
2419 1182 2524 1239 ἔτει
2556 1181 2910 1260 εἰρηνεῦσασα
2940 1180 3147 1256 Εῗρήνη
3203 1179 3336 1254 μετᾶ
3380 1182 3488 1235 τῶν
3542 1175 3794 1255 Ἀράϐων

2144 1271 2469 1329 ἀποστίλλει
2505 1272 2838 1349 Σταυράκιον
2868 1270 3152 1348 πατρίκιον
3182 1270 3273 1325 καὶ
3307 1267 3608 1346 λογοθέτην
3659 1267 3798 1323 κατὰ

2142 1367 2250 1418 τῶν
2309 1357 2650 1419 Σθλαῦίνων·
2711 1362 2770 1424 ὅς
2828 1361 2919 1417 καὶ
2977 1358 3256 1424 κατελθὼν
3309 1357 3535 1431 ὑπέταξε
3592 1357 3800 1423 πάντας

2146 1451 2235 1507 καὶ
2269 1451 2578 1533 ὑποφόρους
2613 1450 2837 1521 ἐποίησε
2864 1458 2965 1522 τῆς
3020 1445 3326 1525 βασιλίδος,
3373 1447 3587 1505 Ἐλθὼν
3638 1443 3694 1501 δὲ
3742 1446 3797 1501 ἐν

2146 1544 2548 1617 Πελοποννήσῳ
2576 1544 2667 1599 καὶ
2697 1540 2916 1611 πολλὴν
2954 1540 3344 1617 αἰχμαλωσίαν
3400 1539 3490 1596 καὶ
3549 1537 3798 1618 λάφυρα-

2146 1627 2333 1689 λαϐὼν
2364 1635 2539 1709 ἤγαγε
2566 1637 2634 1706 τῇ
2672 1629 2937 1709 βασιλίδι.

2218 1726 2312 1795 Τῷ
2359 1720 2403 1778 δ’
2456 1722 2565 1779 ἔτει
2619 1722 2834 1783 Παῦλος
2896 1723 2925 1777 ὁ
2984 1719 3133 1783 ὅσιος
3192 1719 3282 1775 καὶ
3342 1718 3643 1794 ἁγιώτατος
3697 1738 3805 1774 πα-

387 1831 594 1890 morbo
626 1830 873 1884 affectus
905 1822 1056 1878 solio
1086 1818 1289 1875 relicto
1323 1817 1499 1885 caput
1525 1809 1690 1877 rasit,
1741 1820 1923 1877 seque
1975 1803 2037 1857 in

698 1919 707 1921 —
850 1915 906 1921 —--
989 1912 1000 1921 -
1071 1911 1088 1921 -
1133 1908 1167 1921 α.
1194 1907 1253 1921 μ.
1313 1905 1331 1921 ς
1380 1920 1385 1921 ,
1455 1894 1867 1921 _,_L_:_.a_:-ct..
1906 1910 2034 1921 ...πω

2165 1813 2419 1889 τριάρχης
2451 1812 2751 1884 ἀσθενήσας
2782 1810 3043 1868 κατέλιπε
3098 1812 3188 1867 τὸν
3250 1810 3442 1886 θρόνον
3491 1809 3582 1865 καὶ
3639 1806 3692 1865 ἐν
3730 1811 3803 1883 τῇ

2265 1907 2292 1918 ο
2366 1908 2393 1920 ~
2472 1901 2540 1921 ἐκ
2580 1904 2590 1921 1
2750 1903 2763 1919 Ἰ
2895 1902 2906 1919 Ι
3068 1901 3209 1921 νηη,
3250 1919 3321 1921 ,ῌην
3391 1899 3472 1921 ᾲῬη
3534 1898 3663 1921 __!_
3720 1896 3773 1921 __,’

385 1919 818 1979 monasterium
850 1912 1004 1970 Flori
1035 1907 1280 1967 abdidit.
1313 1900 1665 1977 lmperatrix
1683 1894 1870 1952 tristis
1904 1910 2040 1948 eum

388 2009 686 2078 convenit,
744 2019 985 2063 causam
1042 1997 1182 2056 facti
1231 2008 1526 2068 quaerens.
1587 1988 1691 2045 Cui
1777 1984 2040 2041 Paulus:

392 2122 419 2155 α
449 2101 685 2157 Utinam
714 2112 874 2157 vero,
906 2091 1122 2163 inquit,
1156 2086 1305 2142 solio
1354 2078 1683 2156 pontificali
1734 2089 2043 2145 nunquam

386 2189 767 2249 insedissem,
799 2181 1066 2242 Ecclesia
1092 2177 1198 2233 Dei
1221 2192 1326 2248 per
1355 2168 1735 2244 tyrannidem
1761 2179 2045 2239 oppressa

386 2285 565 2351 atque
624 2276 698 2331 ab
759 2274 894 2330 aliis
953 2264 1262 2325 catholicis
1318 2260 1484 2317 soliis
1539 2257 1741 2312 avulsa
1797 2251 2046 2309 anathe-

391 2373 672 2437 matequo
706 2367 930 2419 notata.
964 2355 1133 2425 Quod
1163 2352 1278 2408 nisi
1320 2345 1685 2406 mcumenica
1717 2340 2047 2399 instituitur

393 2456 654 2530 synodus
686 2460 744 2509 et
776 2451 1064 2506 hactenus
1097 2449 1291 2499 errata
1320 2439 1717 2509 corriguntur,
1758 2431 1925 2489 nulla
1955 2434 2054 2485 est

388 2547 556 2603 vobis
586 2544 748 2600 salus
805 2564 833 2592 ››
867 2534 1165 2605 Quaerenti
1226 2528 1477 2587 ulterius
1520 2528 1705 2582 Irenae
1756 2540 1862 2578 cur
1909 2537 2046 2593 ergo

393 2634 733 2710 patriarcha
774 2628 1116 2696 designatus
1168 2617 1589 2691 subscripserit
1638 2630 1699 2669 se
1757 2612 2048 2684 imagines

397 2742 519 2781 non
578 2722 1012 2778 adoraturum:
1073 2737 1097 2763 «ι
1133 2713 1253 2767 Hoc
1310 2711 1506 2781 ipsum
1561 2710 1669 2764 est.
1724 2703 1827 2767 ait,
1888 2699 2047 2772 quod

397 2816 593 2889 lugeo,
627 2819 685 2868 et
714 2811 787 2868 ad
814 2804 1225 2882 paenitentiam
1258 2798 1556 2871 confugio,
1590 2797 1774 2851 Deum
1835 2792 2049 2864 depre-

395 2924 538 2963 cans
570 2921 645 2960 ne
680 2919 772 2958 me
803 2900 960 2954 velut
992 2894 1334 2969 pontiﬁcem
1369 2889 1597 2963 puniat,
1622 2886 1721 2958 qui
1741 2885 2047 2954 hucusque

394 2995 683 3052 tacuerim
727 2995 1006 3059 metuque
1065 2982 1283 3042 furoris
1341 2977 1519 3034 vestri
1580 2974 1841 3030 veritatis
1897 2989 2047 3044 prte-

393 3085 565 3142 conio
598 3078 1009 3138 abstinuerim.
1047 3097 1073 3125 ν
1109 3073 1208 3129 llis
1240 3072 1321 3126 ita
1347 3068 1493 3125 actis
1525 3064 1626 3120 ille
1683 3064 1861 3119 vitam
1908 3078 2045 3117 cum

392 3180 581 3232 morte
640 3170 897 3226 feliciter
947 3158 1352 3222 commutavit.
1442 3154 1665 3212 Exinde
1729 3152 1918 3207 libere
1975 3149 2048 3205 ab

392 3265 670 3324 omnibus
701 3262 879 3318 verba
909 3259 982 3315 de
1015 3255 1201 3312 sacris
1233 3246 1594 3322 imaginibus
1625 3243 1776 3301 fieri.

462 3462 636 3516 Anno
668 3460 699 3512 5
730 3457 900 3510 lrene
936 3453 1151 3509 senatu
1182 3442 1522 3517 populoque
1544 3435 1880 3494 convocatis
1911 3450 2049 3490 sen-

394 3548 643 3605 tentiam
675 3544 746 3599 de
778 3557 929 3597 novo
980 3533 1322 3610 patriarcha
1369 3528 1624 3585 creando
1669 3524 1914 3596 rogavit.
1966 3522 2048 3578 Ab

394 3636 674 3692 omnibus
705 3632 817 3686 sibi
850 3628 911 3684 id
944 3642 1165 3683 munus
1219 3621 1481 3677 delatum
1531 3615 1805 3671 Tarasius
1856 3629 2052 3668 secre-

394 3725 584 3780 tarius
617 3720 932 3785 recusavit,
978 3712 1338 3787 populorum
1370 3715 1428 3763 et
1465 3705 1863 3763 Ecclesiarum
1913 3718 2049 3758 cau-

398 3820 564 3870 satus
595 3808 1057 3871 dissensionem,
1090 3801 1531 3869 conciliumque
1563 3794 1687 3862 cogi
1722 3790 2045 3865 postulans.

396 3902 563 3969 Quod
596 3916 731 3958 cum
764 3897 1121 3956 annuissent
1150 3888 1498 3964 imperatrix
1540 3892 1598 3941 et
1636 3882 1913 3956 populus,
1969 3881 2054 3936 ita

398 3993 638 4049 demum
671 3992 911 4047 sanctus
942 3987 1115 4041 Pater
1142 3987 1348 4036 noster
1397 3974 1669 4033 Tarasius
1716 3970 2053 4043 patriarcha

393 4080 741 4153 Cpolitanus
779 4076 1131 4138 declaratur,
1196 4073 1262 4124 25
1323 4066 1418 4122 die
1476 4060 1838 4124 Decembris,
1900 4058 2051 4115 indi-

395 4149 590 4228 ctione
622 4171 674 4224 8.
710 4165 1018 4236 Missisque
1053 4164 1300 4217 Romam
1331 4157 1403 4212 de
1441 4152 1690 4211 concilio
1731 4149 1947 4206 litteris
1995 4153 2053 4202 et

393 4260 531 4317 ﬁdei
600 4276 720 4316 sum
805 4253 1202 4322 confessione,
1290 4253 1380 4305 est
1447 4245 1520 4303 ab
1578 4241 1839 4302 Adriano
1898 4256 2053 4314 papa

394 4349 779 4425 approbatus.

470 4528 624 4586 823
655 4528 824 4584 Anno
865 4527 919 4595 6,
973 4537 1109 4578 cum
1169 4521 1325 4575 esset
1379 4511 1701 4572 concilium
1760 4507 2053 4566 indictum

395 4620 458 4677 in
493 4619 683 4676 aedem
712 4615 1155 4692 Apostolorum,
1189 4610 1398 4668 eodem
1429 4604 1836 4662 convenerunt
1870 4600 2052 4656 etiam

397 4712 629 4767 Satanas
662 4704 1025 4773 administri,
1057 4701 1393 4774 gladiisque
1426 4694 1636 4750 armati
1664 4692 2051 4749 intraverunt.

397 4801 523 4871 Quo
562 4796 859 4868 perterriti
894 4794 1064 4851 alteri
1102 4790 1238 4847 inde
1264 4804 1328 4844 re
1360 4781 1951 4842 infectadiscessere.

470 4892 640 4945 Anno
675 4890 704 4941 7
737 4892 945 4958 aperta
987 4889 1080 4939 est
1128 4881 1323 4937 Nicaea
1372 4872 1684 4931 catholica.
1735 4872 1903 4928 Nona
1951 4870 2050 4928 Se-

400 4976 712 5054 ptembris,
746 4993 879 5049 quas
909 4974 1037 5029 dies
1083 4970 1197 5027 fuit
1243 4965 1594 5037 septimana:
1640 4961 1857 5036 prima,
1907 4960 2057 5021 hora

403 5052 637 5143 quinta,
668 5066 963 5122 maximus
995 5060 1140 5118 solis
1171 5056 1438 5113 defectus
1472 5052 1602 5109 fuit.

474 5162 647 5215 Anno
679 5158 711 5211 8
742 5154 1064 5227 septimum
1095 5143 1526 5204 meumenicum
1581 5139 1905 5198 concilium
1951 5139 2060 5201 Ni-

2154 1907 2296 1978 μονῇ
2328 1908 2435 1960 τῶν
2465 1901 2708 1979 Φλώρου
2741 1902 3009 1977 ἀπεκάρη.
3068 1901 3330 1975 Ἔρχεται
3381 1899 3474 1954 οὖν
3527 1898 3664 1972 πρὸς
3714 1896 3807 1952 αὖ·

2145 1994 2236 2049 τὸν
2301 1991 2593 2069 βασίλισσα
2649 1990 2993 2063 λυπουμένη,
3051 1989 3142 2046 καί
3211 2011 3367 2070 φησι.
3430 2012 3460 2042 ιι
3518 1988 3579 2043 Τί
3635 1992 3802 2043 τοῦτο

2148 2084 2448 2153 ἐποίησαςς
2483 2106 2511 2136 ››
2542 2083 2603 2140 Ὁ
2645 2079 2703 2137 δὲ
2756 2081 2891 2156 μετὰ
2942 2082 3160 2157 θρήνων
3219 2077 3344 2159 ἔφη·
3410 2102 3432 2130 ι
3465 2074 3593 2135 Eilis
3661 2074 3804 2150 μηδὲ

2150 2173 2370 2229 ἐκάθισα
2410 2172 2465 2228 iv
2491 2176 2570 2244 τῷ
2597 2179 2697 2241 τῆς
2727 2170 3036 2243 ἱερωσύνης
3069 2170 3269 2246 θρόνῳ,
3314 2175 3417 2238 τῆς
3470 2164 3799 2239 Ἐκκλησίας

2147 2267 2245 2318 τοῦ
2302 2266 2439 2320 Θεοῦ
2493 2259 2930 2335 τυραννουμένης
3008 2259 3100 2316 καὶ
3183 2257 3521 2335 ἑσχισμὲνης
3577 2256 3640 2314 ix
3690 2261 3800 2312 τῶν

2151 2352 2361 2410 λοιπῶν
2421 2350 2736 2417 καθαλικῶν
2794 2351 3000 2425 θρόνων
3086 2349 3176 2405 καὶ
3243 2345 3798 2421 ἀναθεματιζομένης.

2154 2443 2253 2499 Καδ
2288 2441 2376 2497 ἐὰν
2413 2442 2490 2516 μή
2532 2438 2756 2503 σόνοδες
2811 2437 3034 2515 γένηται
3073 2439 3429 2511 οἷκουμενικὴ
3487 2437 3577 2493 καὶ
3630 2437 3700 2493 τὰ
3745 2435 3799 2491 iv

2158 2532 2307 2609 μέσῳ
2360 2530 2654 2608 σφάλματα
2709 2527 3009 2604 διορθωθῇ,
3065 2528 3165 2584 οὐκ
3229 2525 3386 2603 ἔχετε
3440 2524 3734 2602 σωτηρίαν.
3770 2549 3800 2578 ››

2149 2627 2206 2679 'll
2244 2618 2302 2678 ’δὶ
2332 2621 2481 2677 εἶπεν
2540 2619 2706 2692 αὐτῷ·
2768 2644 2796 2671 ι.
2833 2618 2931 2675 Καὶ
2982 2618 3077 2673 ’ἱνα
3130 2616 3184 2673 τί
3233 2617 3547 2691 ὗπέγρτψας
3605 2613 3657 2670 ἐν
3723 2618 3805 2685 τῷ

2155 2716 2586 2789 χειροτονεῖσθαι
2620 2730 2676 2765 σε
2724 2714 2823 2764 τοῦ
2875 2710 2953 2783 μή
3012 2712 3328 2783 προσκυνεῖν
3383 2706 3634 2774 εἰκόνας;
3668 2728 3697 2757 ››
3745 2704 3809 2761 Ὀ

2155 2799 2213 2857 δὲ
2241 2800 2365 2879 ἔφη·
2396 2826 2423 2853 «
2462 2801 2565 2857 Καὶ
2597 2796 2687 2854 διὰ
2742 2802 2905 2854 τοῦτο
2955 2799 3143 2869 θρηνῶ
3180 2797 3272 2852 καὶ
3331 2795 3467 2870 πρὸς
3523 2794 3811 2868 μετάνοιαν

2152 2890 2496 2971 καταφεύγω,
2525 2886 2789 2963 δεόμενος
2842 2891 2940 2942 τοῦ
2988 2890 3124 2942 Θεοῦ
3158 2886 3252 2940 ἳνα
3298 2885 3374 2958 μὴ
3426 2885 3502 2946 ὡς
3545 2881 3692 2958 ἱερέα
3738 2903 3809 2956 με

2154 2981 2390 3055 κολάσῃ,
2423 2980 2722 3054 σιγήσαντα
2770 2974 2875 3039 ἕως
2922 2980 3020 3032 τοῦ
3070 2979 3158 3030 νῦν
3218 2973 3309 3029 καὶ
3367 2975 3444 3049 μὴ
3502 2972 3811 3048 κηρύξαντα

2153 3073 2253 3141 τήν
2301 3068 2560 3141 ἀλήθειαν
2620 3072 2702 3140 τῷ
2758 3062 2916 3145 φόϐῳ
2968 3071 3070 3134 τῆς
3125 3064 3321 3139 μανίας
3399 3063 3576 3136 ὑμῶν.
3639 3083 3670 3114 ιδ
3722 3062 3811 3118 Ἐν

2154 3161 2372 3223 τούτοις
2405 3158 2681 3231 ἐκοιμήθη
2709 3157 2761 3211 ἐν
2795 3156 3006 3231 εἰρήνῃ.
3038 3156 3266 3213 Ἐκτοτε
3316 3150 3407 3210 οὖν
3459 3151 3665 3228 ἤρξατο
3720 3151 3818 3209 λα-

2085 3226 2129 3295 c
2162 3252 2371 3309 λεῖσθαι
2402 3250 2432 3305 ὁ
2462 3226 2600 3322 περὶ.
2629 3226 2738 3304 τῶν
2799 3226 2972 3322 ἁγίων
3022 3244 3247 3300 εἰκόνων
3309 3242 3478 3320 λόγος
3505 3226 3511 3228 Ἴ
3534 3239 3817 3319 παρρησίᾳ

2165 3345 2271 3400 ὑπὸ
2303 3343 2541 3399 πάντων.

2234 3437 2325 3506 Τῷ
2357 3433 2395 3488 ε’
2425 3430 2533 3488 ἔτει
2566 3433 2942 3505 συναγαγοῦσα
2969 3429 3003 3497 ἡ
3045 3425 3264 3503 βασιλὶς
3291 3424 3495 3501 Εἰρήνη
3518 3428 3692 3478 πᾶσαν
3709 3423 3813 3491 τὴν

2163 3522 2474 3598 σύγκλητον
2511 3521 2601 3576 καὶ
2661 3519 2754 3575 τὸν
2816 3517 2947 3574 λαὸν
3006 3517 3184 3589 ἐζήτει
3251 3515 3334 3578 τίς
3387 3516 3671 3590 γενήσεται
3710 3533 3814 3567 πα-

2159 3612 2459 3689 τριάρχης,
2516 3611 2608 3665 καὶ
2674 3608 2865 3669 πάντες
2953 3607 3293 3683 ἐξεφώνησαν
3379 3605 3652 3676 Ταράσιον
3721 3602 3818 3656 τὸν

2158 3704 2479 3778 ἆσηκρῆτις.
2507 3702 2571 3757 Ὀ
2598 3697 2657 3756 δὶ
2687 3705 3006 3775 παρῃτεῖτο,
3064 3699 3164 3768 τήν
3206 3701 3319 3752 τῶν
3374 3693 3524 3751 λαῶν
3568 3691 3660 3748 καὶ
3704 3695 3814 3747 τῶν

2160 3792 2468 3861 ἐκκλησιῶν
2498 3786 2955 3863 προϐαλλόμενος
3014 3784 3387 3862 διχοστασίαν,
3440 3784 3534 3839 καὶ
3590 3778 3814 3836 σύνοδον

2158 3882 2383 3954 ἐξαιτῶν
2417 3881 2686 3955 γενέσθαι.
2737 3882 2849 3948 Τῆς
2898 3875 2954 3934 δὲ
3001 3874 3327 3953 βασιλίσσης
3378 3873 3470 3928 καὶ
3522 3875 3621 3928 τοῦ
3678 3870 3818 3927 λαοῦ

2157 3977 2320 4030 τοῦτο
2350 3971 2804 4034 κατανευσσὶντων,
2835 3973 2905 4042 τῇ
2963 3968 3036 4023 κε’
3084 3970 3183 4022 τοῦ
3240 3958 3578 4036 Δεκεμϐρίου
3644 3962 3816 4033 μηνὸς

2159 4071 2259 4133 τῆς
2285 4063 2338 4131 η’
2370 4059 2707 4124 ἰνδιντιῶνος
2757 4065 2866 4129 (17»
2926 4061 3325 4134 χειροτονεῖται
3363 4055 3393 4110 ὁ
3426 4053 3575 4114 ὅσιος
3625 4052 3812 4125 Πατὴρ

2160 4156 2320 4227 ἡμῶν
2380 4153 2651 4225 Ταράσιος
2714 4148 3067 4224 πατριάρχης
3158 4140 3811 4203 Κωνσταντινουπόλεως.

2161 4243 2267 4307 Καὶ
2334 4238 2665 4301 ἀποστείλας
2735 4236 2788 4293 iv
2855 4236 3043 4311 Ῥώμῃ
3110 4236 3178 4290 τὰ
3244 4231 3503 4289 συναδικὰ
3563 4231 3656 4287 καὶ
3721 4229 3814 4285 τὸν

2162 4328 2425 4390 λίϐιλλον
2480 4337 2582 4399 τῆς
2637 4329 2874 4389 πίστεως
2932 4325 3111 4382 αὐτῶν
3172 4320 3449 4399 ἀπεδέχθη
3510 4322 3658 4398 παρὰ
3719 4322 3819 4375 τοῦ

2162 4423 2316 4481 πάπα
2345 4418 2662 4497 ’Δὸριανοῦ.

2236 4517 2325 4584 Τῷ
2362 4512 2403 4581 ζ’
2451 4506 2580 4581 ἔτει,
2622 4503 2853 4563 συνόδου
2904 4504 3280 4581 κηρυχθείσης
3331 4501 3386 4558 iv
3442 4505 3522 4573 τῷ
3559 4503 3673 4572 ναξ»
3717 4502 3827 4553 τῶν

2162 4602 2365 4680 Ἀγῖων
2397 4597 2778 4666 ’Λποστόλων,
2809 4597 3279 4671 συνηθροίσθησαν
3312 4591 3406 4647 καὶ
3450 4591 3502 4646 oi
3552 4587 3820 4664 ὑπηρέται

2163 4697 2261 4749 τοῦ
2320 4684 2611 4753 διαϐόλου,
2677 4687 2769 4743 καὶ
2839 4685 2978 4759 μετὰ
3040 4686 3210 4762 ξιφῶν
3302 4679 3656 4739 εἰσελθόντων
3725 4676 3820 4732 σὺν

2164 4783 2318 4853 αὐτῷ
2348 4779 2727 4854 ἐταράχθησαν
2755 4776 2845 4832 καὶ
2878 4774 3238 4848 ὑπέστρεψαν.

2236 4873 2333 4943 Τῷ
2361 4871 2403 4939 ζ’
2444 4866 2549 4924 ἔτει
2598 4865 2836 4947 ἠνοίχθη
2898 4864 2950 4919 iv
3011 4862 3214 4935 Νικαίᾳ
3268 4864 3304 4932 ἡ
3360 4859 3651 4947 καθολικηγ
3687 4857 3822 4928 (18).

2165 4964 2246 5034 Τῇ
2305 4956 2364 5016 δὶ
2389 4960 2434 5013 θ’
2460 4961 2559 5014 τοῦ
2616 4945 3022 5031 Σεπτεμϐρίου,
3070 4951 3254 5028 ἡμέρᾳ
3290 4952 3336 5007 α’
3366 4948 3484 5026 ὢρᾳ
3513 4949 3550 5004 e‘
3581 4945 3826 5019 ἔκλειψις

2166 5052 2383 5127 γέγονεν
2409 5047 2576 5119 ἡλίου
2607 5045 2865 5123 μεγίστη.
2968 5076 2971 5079 λ

2241 5143 2330 5212 Τῷ
2388 5135 2448 5194 δὶ
2513 5139 2565 5209 η’
2621 5132 2752 5207 ἔτει,
2810 5133 3196 5212 παρελθόντων
3280 5129 3385 5187 ὰπὸ
3447 5135 3550 5199 τῆς
3608 5130 3651 5198 ζ’
3704 5144 3827 5181 συν-

1637 5261 2013 5321 XYLANDRI
2048 5263 2137 5323 ET
2175 5264 2393 5323 GOARI
2431 5263 2658 5321 NOTIE.

474 5401 590 5469 (1³1)
619 5392 936 5453 Indictione
964 5389 1018 5443 8.
1049 5386 1136 5441 Ita
1165 5384 1401 5469 sign-um
1428 5377 1578 5469 illud
1633 5377 1731 5433 hic
1779 5377 2064 5461 interpre-

405 5450 517 5531 tor,
548 5450 641 5524 de
658 5484 773 5539 quo
800 5476 1016 5539 supra:
1052 5472 1188 5539 n_am
1221 5450 1547 5539 ‘D‘iaconus.
1582 5466 1805 5539 annum
1856 5450 2064 5539 progi-

407 5520 763 5610 iﬁh‘mi'qiab’
781 5520 1043 5610 synodus
1070 5527 1335 5610 Byaantii
1365 5528 1592 5581 tentata
1620 5520 1753 5610 fqit.
1788 5520 2068 5610 indictio-

409 5593 551 5665 nem
583 5593 1078 5664 novam'videtur
1117 5593 1351 5674 liquido
1391 5609 1621 5674 vocare,
1671 5593 1710 5648 l.
1766 5609 1929 5674 xxiii.
1984 5595 2067 5649 De

412 5663 662 5740 armatis
692 5683 892 5735 autem
914 5691 1045 5732 eam
1066 5663 1449 5732 turbantibus
1465 5665 1633 5724 locus
1653 5669 1747 5721 est
1765 5663 1827 5721 in
1855 5665 2066 5727 Nostro

2173 5379 2444 5437 mutilus.
2477 5378 2617 5434 XvL.

2249 5451 2359 5523 (t8)
2391 5451 2693 5523 Templum
2725 5465 2804 5523 pq
2811 5452 2869 5503 to
2900 5446 3040 5523 dici,
3067 5445 3128 5501 in
3146 5442 3305 5523 quod
3322 5441 3744 5523 conveniretur
3762 5454 3828 5494 ac

2178 5513 2474 5596 synodum
2492 5513 3005 5596 celebrandamln
3025 5513 3247 5590 templo
3267 5515 3499 5590 Sophia;
3526 5513 3586 5571 id
3606 5513 3831 5569 factum

2178 5592 2310 5659 acta
2343 5596 2473 5675 ejus
2503 5592 2737 5658 docent.
2777 5592 2916 5657 Χηι.
