4112 6472
332 412 465 485 905⁵

1459 411 2004 478 HISTORIARUM
2046 411 2613 480 OOMPENDIUM.

3638 420 3758 482 906

334 554 465 613 ὁδου
495 554 717 632 χρόνων
776 553 897 630 ρκβ¹
951 553 1040 626 [Ρ.
1099 552 1229 628 471]
1282 550 1501 628 γέγὸνεν
1560 547 1614 606 ἐν
1668 547 1871 623 Νικαίᾳ
1901 549 1988 605 οἱ·

2128 567 2243 606 :aaas
2275 550 2405 622 fuit,
2457 550 2673 624 elapsis
2701 551 2776 609 ad
2805 551 2868 608 id
2896 569 2931 609 a
2960 556 3124 611 sexto
3173 554 3348 610 annis
3392 561 3631 613 centum
3662 557 3754 613 vi-

334 645 634 720 κουμενικὴ
697 645 741 715 ζ’
801 640 1029 704 σένοδος
1064 686 1078 712 ,
1137 641 1228 697 καὶ
1295 634 1565 697 ἀπέλαϐεν
1618 641 1654 711 ἡ
1712 639 1984 709 καθολικὴ

339 734 642 805 Ἐκκλησία
693 730 784 788 διὰ
864 731 1139 806 Ταρασίου
1202 733 1301 786 τοῦ
1353 728 1657 804 ἀγιωτατου
1721 728 1990 803 πατριάρσ

338 847 446 903 χου
477 828 572 881 τὸν
603 821 840 898 ἀρχαίον
906 820 1115 893 κόσμον
1176 819 1366 890 αὐτῆς,
1427 817 1791 875 συνελθόντων
1816 816 1992 875 Ηατέ·

344 937 452 990 ρων
485 914 537 971 ὲν
574 913 775 983 Νικαίᾳ
811 911 874 967 τὸ
935 908 1184 985 δεύτερον
1243 910 1337 978 τν“,
1401 910 1453 965 οἳ
1508 909 1604 971 τὰς
1663 907 1870 971 εῗκόνας
1902 907 1996 963 σὺν

339 1010 422 1079 τῷ
474 1007 690 1078 σταυρῷ
744 999 1081 1076 διορίσαντες
1138 1001 1578 1074 προσκυνεῖσθαι,
1630 996 1784 1053 οὐδὲν
1814 998 2000 1052 καινὸν

347 1091 772 1169 δογματίσαντες
828 1088 977 1145 ἀλλὰ
1051 1109 1109 1144 τε
1163 1092 1271 1144 τῶν
1329 1088 1498 1163 ἀγιων
1558 1087 1648 1143 καὶ
1722 1086 2002 1162 μακαρίων

348 1185 606 1259 Πατέρων
664 1178 912 1254 δόγματα
966 1177 1237 1234 ἀσάλευτα
1305 1176 1693 1255 φυλάττεσθαι,
1751 1177 1844 1232 καὶ
1899 1178 2003 1252 τὴν

345 1273 465 1328 νέαν
522 1266 732 1346 ανρεσιν
788 1266 1230 1342 ἀποκηρύξαντες
1265 1312 1280 1337 ,
1336 1267 1468 1329 τοὺς
1523 1270 1669 1343 τρεῖς
1724 1262 2005 1341 ψευδωνύ-

354 1382 492 1435 μους
549 1358 898 1435 πατριάρχας
958 1355 1370 1429 ἀνεθεμάτισαν,
1410 1356 1781 1424 Ἀναστάσιον,
1832 1354 2002 1435 φημὶ,

346 1452 437 1507 καὶ
498 1452 896 1506 Κοίνπαντῖνον
957 1445 1048 1502 καὶ
1096 1446 1189 1501 τὸν
1240 1447 1485 1517 Νικήταν
1549 1444 1834 1524 εὐνοῦχον.
1875 1445 2003 1501 Ύπ-

350 1543 549 1618 έργαψε
582 1537 641 1594 δὲ
667 1538 758 1594 καὶ
790 1538 817 1592 6
852 1534 1113 1613 βασιλεὺς
1160 1532 1251 1591 καί
1307 1536 1341 1606 ἠ
1406 1537 1590 1610 μήτηρ
1650 1535 1813 1590 αύτοῦ
1843 1533 1895 1589 έν
1926 1538 2005 1606 τῷ

350 1631 532 1705 τόμῳ,
597 1626 688 1684 καὶ
741 1625 1048 1701 εἷ’ρήνευσεν
1073 1628 1108 1695 ἡ
1137 1629 1235 1680 τοῦ
1291 1628 1425 1681 Θεοῦ
1481 1622 1804 1696 Ἐκκλησία,
1838 1622 2004 1679 εἶκαὶ

355 1723 383 1777 6
425 1718 623 1794 ἐχθρὸς
653 1717 720 1773 τὰ
780 1713 977 1772 ἑαυτοῦ
1036 1714 1246 1786 ζιζάνια
1285 1714 1337 1770 ἐν
1390 1719 1508 1777 τοῖς
1565 1712 1726 1777 ἰδίοις
1756 1712 2006 1790 ἐργάταις

2103 638 2251 713 ginti
2311 640 2561 698 duobus.
2621 643 2901 715 Tuncque
2967 643 3189 699 Tarasii
3248 645 3606 702 sanctissimi
3661 664 3763 719 pa-

2104 730 2380 786 triarchas
2412 747 2592 803 opera
2620 732 2940 804 pristinum
2979 749 3155 789 suum
3186 739 3466 790 ornatum
3506 738 3752 809 recepit.

2106 821 2524 876 Convenerunt
2580 837 2648 877 eo
2702 823 2906 877 Patres
2954 822 3080 887 350,
3142 824 3244 895 qui
3303 823 3594 896 imagines
3625 843 3763 883 cum

2109 924 2284 963 cruce
2341 908 2674 964 adorandas
2730 913 3088 974 statuerunt,
3142 911 3297 967 nihil
3329 911 3368 966 ii
3401 929 3622 969 novum
3653 914 3764 971 de-

2110 1005 2445 1066 cernentes,
2479 999 2583 1055 sed
2608 1004 2945 1055 sanctorum
2969 1002 3213 1057 Patrum
3245 1000 3486 1058 decreta
3517 1003 3766 1061 immota

2109 1085 2369 1157 relinqui
2394 1086 2699 1157 jubentes.
2759 1086 2966 1155 Iidem,
3019 1104 3174 1143 nova
3221 1089 3433 1145 hmresi
3465 1091 3764 1162 damnata,

2110 1176 2488 1231 anathemate
2522 1175 2795 1233 detestati
2830 1182 2968 1232 sunt
3020 1183 3138 1234 tres
3197 1178 3344 1234 istos
3398 1180 3551 1236 falso
3582 1182 3767 1253 patri-

2112 1265 2322 1321 archas
2354 1265 2609 1333 habitos,
2650 1267 3054 1337 Anastasium,
3089 1268 3547 1327 Constantinum
3578 1276 3637 1327 et
3667 1272 3769 1328 Ni-

2114 1360 2326 1411 cetam.
2379 1354 2877 1428 Subscripserunt
2928 1359 3090 1412 Actis
3147 1359 3386 1414 concilii
3442 1361 3767 1433 imperator

2115 1452 2425 1517 materque
2453 1446 2599 1518 ejus.
2633 1448 2809 1503 Juxta
2838 1464 2949 1520 pax
2991 1453 3120 1504 tum
3169 1450 3447 1505 Ecclesia:
3500 1452 3604 1506 Dei
3634 1452 3767 1520 fuit,

2114 1537 2351 1593 tametsi
2381 1535 2661 1592 inimicus
2710 1554 2819 1609 per
2865 1555 3005 1594 suos
3054 1539 3363 1594 ministros
3396 1541 3618 1596 zizania
3664 1558 3775 1597 sua

2117 1622 2316 1682 serere
2344 1642 2465 1681 non
2523 1630 2734 1681 cesset.
2770 1627 2966 1682 Vincit
3017 1630 3220 1684 tamen
3267 1644 3506 1702 semper
3533 1630 3635 1686 Dei
3667 1631 3775 1686 Ec-

2124 1714 2307 1771 clesia
2337 1715 2467 1787 ejus
2497 1714 2716 1770 favore.

353 1809 590 1886 σπείρειν
621 1806 684 1863 οὐ
722 1807 968 1861 παύεται.
1000 1803 1162 1863 Ἀλλ’
1188 1806 1223 1874 ἡ
1255 1808 1353 1860 τοῖ’)
1379 1808 1512 1861 Θεοῦ
1545 1803 1842 1876 Ἐκκλησία
1862 1808 1931 1879 τῇ
1962 1804 2128 1859 αὐτοῦ
2158 1804 2347 1884 χάριτι
2378 1804 2596 1865 πάντως
2626 1801 3021 1879 πολεμουμένῃ
3051 1810 3195 1878 νικᾷ.

426 1900 523 1970 Τῷ
551 1898 595 1953 θ’
623 1890 732 1953 ἔτει
763 1893 970 1951 λύσασα
998 1894 1033 1965 ἡ
1071 1890 1290 1970 βασιλὶς
1321 1892 1530 1969 Εῗρήνη
1561 1894 1662 1962 τὴν
1691 1892 1827 1967 πρὸς
1875 1892 2003 1954 τοὺς

2186 1898 2352 1950 Anno
2384 1897 2416 1949 9
2448 1894 2796 1966 imperatrix
2826 1902 2998 1968 pacto
3042 1914 3177 1954 cum
3234 1899 3475 1955 Francis
3517 1899 3772 1955 rescisso

356 1990 647 2064 Φράγγους
700 1984 1046 2061 συναλλαγήν
1121 1985 1291 2061 ἣγαγε
1374 1985 1544 2057 κόρην
1602 1982 1661 2039 ἐκ
1716 1986 1825 2038 τῶν
1884 1982 2007 2057 Ἀρ.

363 2081 633 2154 μενιακῶν
722 2073 828 2132 ἀπὸ
894 2075 1156 2148 Ἀμνείας
1190 2117 1206 2145 ,
1264 2073 1495 2148 ὀνόματι
1561 2077 1811 2147 Μαρῖναν
1844 2116 1861 2143 ,
1917 2072 2009 2127 καὶ

360 2164 566 2240 ἔζευξεν
622 2165 794 2235 αὐτὴν
851 2162 1236 2236 Κωνσταντίνῳ
1291 2160 1371 2236 τῷ
1437 2162 1540 2236 υἱῷ
1579 2161 1747 2233 αὐτῆς
1805 2162 1883 2236 μὴ
1925 2160 2010 2225 θέ.

364 2256 545 2324 λοντι,
572 2253 663 2311 καὶ
694 2252 921 2325 ἐποίησε
947 2251 1074 2317 τοὺς
1114 2252 1350 2328 γάμους.

432 2349 528 2419 Τῷ
563 2346 593 2400 ι’
624 2341 731 2401 ἔτει
783 2341 976 2420 γέγονε
1015 2341 1238 2416 σεισμὸς
1276 2336 1680 2420 φοϐερώτατος.
1730 2340 1927 2414 Φθόνῳ
1956 2337 2015 2396 δέ

361 2454 505 2499 τινες
547 2434 839 2514 φερόμενοι
900 2436 1007 2488 τῶν
1062 2434 1384 2509 προσφιλῶν
1441 2430 1704 2508 Εἰρήνης,
1757 2430 1849 2486 καὶ
1884 2431 2012 2505 βου-

364 2525 593 2600 λόμενοι
626 2524 785 2580 οὗτοι
812 2522 879 2578 τὰ
924 2522 1224 2600 πράγματα
1274 2516 1524 2591 διοικεῖν,
1556 2515 1882 2585 σςυνέϐαλον
1915 2520 2016 2591 τήν

368 2614 579 2690 μητέρα
607 2613 744 2669 κατὰ
771 2616 870 2668 τοῦ
916 2612 1060 2680 υἱοῦ,
1088 2610 1364 2673 πείσαντες
1394 2610 1587 2681 αὐτὴν.
1632 2610 1707 2673 ὡς
1737 2607 1850 2668 Οὐκ
1873 2605 2017 2665 ἔστιν

366 2700 671 2781 ὡρισμένον
698 2701 845 2775 παρὰ
874 2702 990 2774 Θεῷ
1038 2707 1304 2777 κρατῆσαι
1359 2701 1451 2756 τὸν
1513 2700 1629 2755 υἱὸν
1657 2717 1777 2754 σου”
1812 2700 1878 2770 σὴ
1910 2698 2017 2774 γάρ

365 2795 511 2851 ἐστιν
541 2794 577 2865 ἠ
605 2790 874 2870 βασιλεία.
926 2788 1078 2862 Αὕτη
1148 2788 1229 2861 δὲ,
1285 2791 1362 2854 ὡς
1416 2790 1509 2847 ἅτε
1543 2789 1703 2866 γυνή,
1745 2788 2017 2860 ἐξαπατη-

367 2887 540 2946 θεῖσα.
573 2883 874 2956 στέργουσα
905 2877 962 2936 δὲ
989 2879 1080 2935 καὶ
1132 2880 1195 2936 τὸ
1258 2878 1552 2958 φίλαρχον,
1608 2873 1913 2947 ἐϐεϐαιώθη
1938 2880 2018 2949 τῷ

366 2975 455 3029 νοῒ
485 2970 663 3036 οὕτως
699 2972 857 3028 εἶναι.
892 2971 954 3029 Ὀ
989 2975 1118 3047 γοῦν
1155 2967 1412 3046 βασιλεὺς
1477 2968 1791 3036 εἰκοσαετής
1822 2962 1897 3022 ὥν
1928 2966 2020 3022 καὶ

372 3060 815 3139 ῥωμαλεώτατος
871 3060 1011 3115 πάνυ
1065 3059 1157 3115 καὶ
1212 3059 1392 3122 ἱκανὸς
1470 3057 1523 3114 ἐν
1576 3064 1692 3120 τοῖς
1746 3056 2020 3130 πολέμοις

369 3151 626 3209 ἐλυπεῖτο
672 3146 901 3224 μηδενὸς
955 3147 1280 3219 ἐξουσιάζων
1327 3147 1419 3203 καὶ
1476 3144 1706 3221 ἐμελέτα
1761 3145 1899 3202 κατὰ
1919 3153 2022 3216 τῆς

2119 1999 2187 2039 ex
2220 1983 2501 2039 Armenia
2529 1984 2602 2039 ab
2641 1988 2862 2041 Amnea
2890 1986 3153 2058 puellam
3202 1989 3444 2045 nomine
3487 1989 3772 2045 Marinam

2119 2071 2286 2128 duxit
2314 2073 2557 2144 ﬁlioque
2590 2089 2695 2129 suo
2728 2076 3139 2145 Constantino,
3173 2076 3312 2134 licet
3343 2078 3549 2147 invito,
3601 2094 3776 2151 copu-

2118 2162 2279 2231 lavit,
2314 2168 2373 2219 et
2403 2162 2644 2235 nuptias
2674 2162 2950 2221 confecit.

2190 2342 2363 2397 Anno
2397 2344 2463 2396 10
2491 2346 2664 2398 terra;
2694 2347 2893 2399 motus
2918 2342 3032 2399 fuit
3076 2344 3295 2419 oppido
3344 2347 3646 2405 terribilis.
3683 2349 3780 2405 In-

2120 2431 2295 2487 terim
2325 2431 2571 2502 quidam
2603 2430 2676 2487 de
2704 2432 2915 2489 amicis
2947 2433 3135 2490 Irenaa
3167 2436 3393 2492 invidia
3423 2436 3607 2503 ducti,
3640 2441 3786 2494 etut

2123 2522 2235 2578 sibi
2255 2537 2455 2577 rerum
2473 2520 3060 2579 administrationem
3082 2525 3473 2596 vindicarent,
3498 2528 3654 2586 824
3674 2544 3784 2584 ma-

2122 2616 2273 2667 trem
2297 2626 2434 2666 cum
2465 2610 2590 2666 ﬁlio
2636 2612 3040 2681 committunt,
3100 2616 3531 2686 persuadentes
3592 2618 3780 2675 Irenm

2121 2700 2441 2771 Imperium
2462 2700 2651 2771 ipsius
2669 2701 2979 2773 proprium
3003 2718 3154 2769 esse,
3172 2721 3372 2775 neque
3394 2705 3453 2760 id
3474 2706 3644 2762 filioa
3659 2708 3779 2763 Deo

2123 2789 2504 2845 destinatum.
2530 2790 2656 2854 Quo
2685 2789 2822 2845 dolo
2853 2791 2979 2853 ilia.
3010 2798 3215 2864 utpote
3247 2795 3484 2865 mulier,
3510 2796 3778 2869 decepta,

2125 2879 2447 2951 cupiditate
2481 2880 2661 2935 etiam
2693 2880 3029 2951 imperandi
3079 2882 3349 2956 alioquin
3380 2892 3647 2959 urgente,
3699 2886 3783 2943 ita

2125 2985 2253 3023 rem
2284 2968 2503 3024 habere
2538 2968 2693 3040 apud
2724 2970 2994 3026 animum
3027 2988 3198 3027 suum
3232 2990 3339 3044 pro
3364 2980 3525 3030 certo
3556 2975 3783 3031 statuit.

2125 3063 2202 3114 At
2238 3058 2568 3129 imperator
2597 3073 2823 3114 annum
2849 3061 2978 3129 jam
3010 3077 3191 3134 agens
3238 3063 3612 3135 vigesimum,
3644 3065 3786 3120 viri-

2131 3146 2360 3219 busque
2388 3147 2830 3203 vaientissimus
2873 3155 2932 3203 et
2960 3151 3035 3205 ad
3066 3151 3225 3207 bella
3255 3152 3529 3217 idoneus,
3561 3155 3789 3212 nullius

377 3242 587 3317 μητρὸς
618 3240 805 3297 αὐτοῦ.
837 3240 899 3296 Ἡ
932 3237 990 3295 δὲ
1017 3242 1178 3293 τοῦτο
1214 3241 1459 3311 μαθοῦσα
1523 3236 1669 3313 παρᾶ
1713 3239 1811 3291 τοῦ
1845 3242 2018 3291 Σταυ-

2133 3254 2194 3293 se
2219 3237 2305 3293 rei
2324 3242 2683 3309 potestatem
2705 3237 2925 3293 habere
2951 3240 3193 3314 indigne
3226 3241 3469 3306 ferebat,
3497 3248 3555 3299 et
3580 3251 3789 3302 contra

377 3330 592 3408 ρακίου,
647 3329 780 3391 τοὺς
838 3330 932 3403 μὲν
980 3328 1213 3391 οἰκείους
1264 3326 1581 3403 ἀνθρώπους
1612 3326 1778 3382 αὐτοῦ
1818 3326 2018 3390 πάντας

369 3422 587 3497 τύψασα
644 3419 886 3492 ἐξώρισε,
937 3420 1028 3475 τὸν
1061 3416 1119 3474 δὲ
1152 3418 1448 3493 μάγιστρον
1485 3417 1575 3474 καὶ
1608 3416 1888 3494 Θεόδωρον
1916 3438 2021 3474 πα-

367 3512 582 3586 τρίκιον
611 3511 705 3566 τὸν
739 3507 1121 3584 Καμουλιανὸν
1152 3508 1240 3564 καὶ
1282 3507 1496 3584 ἑτέρους
1523 3513 1631 3563 τῶν
1679 3507 1731 3564 ἐν
1762 3507 1909 3565 τέλει
1942 3508 2026 3579 ἐξ·

372 3600 566 3676 ώρισεν
594 3599 648 3654 ἐν
672 3597 986 3673 Καϊστορίᾳ.
1019 3598 1125 3655 Τὸν
1147 3594 1204 3652 δὲ
1229 3597 1345 3652 υἱὸν
1364 3598 1536 3666 αὐτῆς
1550 3594 1736 3653 πολλὰ
1768 3593 2028 3672 Λοιδορή-

374 3709 511 3745 σασα
541 3689 804 3766 ἀπρόϊτον
842 3686 1102 3759 ’ἐποίησεν
1135 3686 1217 3767 ἐφ’
1246 3687 1459 3762 ἡμέρας
1495 3685 1698 3750 ῗκανάς.
1762 3687 1936 3744 Πάντα
1967 3684 2024 3743 δὲ

374 3781 465 3837 τὸν
494 3780 722 3855 στρατὸν
750 3778 842 3834 καί
891 3777 1091 3840 πάντας
1119 3777 1249 3841 τοὺς
1277 3774 1328 3831 ἐν
1360 3777 1508 3833 τέλει
1562 3777 1761 3850 ὀμόσαι
1792 3777 2030 3847 πεποίη-

372 3890 482 3940 κεν,
512 3870 598 3925 ὃτι
628 3871 777 3931 Ἕως
805 3863 868 3922 οὗ
899 3870 1020 3941 ζῇς,
1053 3866 1116 3922 οὐ
1173 3864 1574 3939 καταδεξόμεθα
1630 3865 1721 3922 τὸν
1782 3866 1899 3921 υἱόν
1931 3887 2030 3921 σου

375 3965 665 4028 κοατῆσαι.
703 3956 1059 4033 Ἀρμενιακοὶ
1087 3954 1145 4012 δὲ
1180 3954 1338 4028 μόνοι
1370 3959 1530 4012 τοῦτο
1557 3955 1619 4010 οὗ
1649 3953 2027 4026 κατεδέξαντο,

379 4044 528 4101 ἀλλὰ
558 4049 969 4103 Κωνσταντῖνον
1032 4043 1124 4099 καὶ
1182 4043 1420 4118 Εἰρήνην
1454 4043 1529 4105 ὡς
1562 4041 1611 4116 ἐξ
1644 4043 1827 4119 ἀρχῆς
1864 4043 2032 4120 εὖφή..

381 4155 548 4208 μουν,
607 4138 711 4191 τοῦι
762 4128 1035 4190 διαϐόλου
1106 4133 1206 4201 τήν
1264 4132 1521 4203 τοιαύτην
1605 4130 1885 4209 ἐπιορκίαν
1939 4132 2029 4187 καὶ

374 4225 600 4301 ἄρνησιν
658 4217 1075 4287 ὑποϐάλλοντος
1130 4227 1246 4285 τοῖς
1285 4223 1612 4299 ἀνθρώποις.
1655 4220 2030 4298 Συναχθέντες

375 4313 434 4371 δὲ
471 4315 525 4371 οἱ
557 4314 842 4388 θεματικοὶ
886 4311 939 4368 ἐν
989 4317 1069 4385 τῷ
1126 4312 1345 4388 Ἀτρώᾳ
1374 4311 1565 4374 πάντες
1622 4315 1781 4386 κοινῇ
1828 4312 2028 4388 γνώμῃ

376 4404 652 4476 ἐζήτησαν
702 4407 1114 4459 Κωνσταντῖνον
1194 4401 1442 4478 βασιλέα.
1515 4395 1831 4473 Φοϐηθεῖσα
1878 4398 1937 4458 δὲ
1991 4404 2028 4472 ἡ

371 4493 584 4567 Εἷρηνη
612 4492 675 4548 τὸ
708 4491 944 4568 ὅρμημα
992 4495 1090 4548 τοῦ
1157 4490 1315 4561 λαοῦ,
1377 4489 1647 4546 ἀπέλυσεν
1704 4490 1891 4550 αὐτόν.
1926 4491 2031 4549 Καὶ

371 4583 531 4639 αὐτοὶ
593 4583 686 4658 μὲν
748 4584 847 4651 τήν
909 4580 1121 4657 μητέρα
1181 4580 1383 4636 τούτου
1439 4580 1803 4654 ἀπεκήρυξαν,
1840 4587 1934 4636 τὸν
1966 4578 2026 4636 at

372 4676 783 4732 Κωνσταντῐνον
843 4669 1215 4747 αὐτοκράτορα
1267 4670 1618 4749 εὐφήμησαν.
1661 4671 1935 4727 Εἰσελθὼν
1966 4668 2024 4728 δὲ

372 4765 401 4820 6
436 4760 692 4836 βασιλεὺς
723 4761 776 4817 ἐν
802 4764 874 4836 τῇ
920 4758 1082 4816 πόλει
1139 4759 1343 4821 πάντας
1398 4761 1527 4822 τοὺς
1587 4758 1894 4823 οίκειακοὺς
1925 4766 2023 4818 τοῦ

371 4854 579 4930 πατρὸς
608 4855 723 4925 (19)
755 4850 949 4919 αὐτοῦ,
979 4848 1126 4906 ἀλλὰ
1182 4849 1274 4906 καὶ
1330 4850 1421 4907 τὸν
1485 4852 1821 4925 Σταυράκιον
1853 4850 2031 4928 δείρας

369 4941 463 4999 καὶ
491 4940 787 5019 κουρεύσας
843 4939 1087 5015 ἔξώρισε,
1146 4942 1228 5014 [Ρ’
1288 4942 1416 5016 472]
1455 4941 1556 5010 τήν
1607 4937 1665 4997 δὲ
1697 4940 1908 5017 μητέρα
1936 4940 2035 4996 αὐ-

370 5037 471 5088 τοῦ
507 5030 644 5107 μετᾶ
670 5037 774 5099 τῆς
828 5029 1086 5095 ἀπαθείας
1148 5027 1314 5100 αὐτῆς
1369 5028 1611 5085 ἐκάθισεν
1668 5029 1720 5085 έν
1748 5035 1827 5103 τῷ
1854 5028 2036 5086 παλα-

368 5122 478 5196 τίῳ
527 5126 639 5177 τῶν
673 5117 1049 5191 Ἐλευθερίου,
1088 5118 1117 5175 ὃ
1167 5119 1304 5190 αὗτή
1348 5116 1728 5193 ᾠκοδόμησεν,
1785 5122 1841 5176 ἓν
1897 5121 1944 5193 ᾧ
1973 5119 2040 5175 τὰ

374 5210 609 5268 πλεῖστα
666 5212 931 5286 χρήματα
987 5207 1341 5283 κατέκρυψεν,
1403 5209 1650 5285 Ἐγένετο
1705 5206 1763 5265 δὶ
1820 5207 2040 5286 ἐμπρη-

377 5301 538 5373 σμὸς,
580 5301 673 5355 καὶ
729 5297 930 5369 ἐκαύθη
964 5297 995 5354 6'
1017 5319 1077 5354 τε
1102 5297 1381 5373 τρίκλινος
1412 5301 1513 5353 τοῦ
1544 5297 1967 5375 πατριαρχείου,
2008 5301 2038 5355 6

378 5389 685 5468 λεγόμενος
723 5390 1042 5462 Θωμαῖτης,
1072 5388 1163 5443 καὶ
1186 5390 1242 5443 αἱ
1275 5386 1536 5473 ὑποκάτω
1567 5386 1734 5443 αὐτοῦ
1772 5388 2038 5464 καμάραι,

377 5474 503 5539 ἔνθα
560 5480 811 5537 ἀπέκειτο
855 5480 923 5535 τὰ
992 5473 1167 5554 σχέδη
1228 5478 1409 5548 πάσης
1465 5482 1712 5559 Γραφῆς,
1772 5475 1803 5532 ἃ
1842 5479 2040 5553 ἡρμή-

2133 3333 2382 3384 matrem
2417 3343 2587 3382 suam
2630 3327 2759 3399 jam
2794 3328 3067 3399 qumdam
3110 3332 3582 3388 machinabatur.
3616 3334 3786 3400 Quod

2129 3433 2263 3472 cum
2298 3433 2367 3471 ex
2400 3415 2703 3471 Stauracio
2761 3416 3159 3474 intellexisset
3187 3421 3378 3484 lrene,
3418 3422 3781 3479 domesticos

2130 3507 2237 3562 filii
2268 3521 2477 3561 omnes
2508 3505 2851 3562 verberibus
2897 3508 3181 3565 multatos
3237 3510 3555 3581 relegavit;
3588 3513 3782 3585 magi-

2130 3603 2320 3653 strum
2354 3602 2413 3650 et
2441 3595 2813 3651 Theodorum
2846 3598 3161 3668 patricium
3180 3601 3593 3658 Camulianum
3616 3603 3785 3659 alios-

2132 3703 2247 3758 que
2264 3701 2540 3758 proceres
2552 3686 2941 3751 Quaestoriam
2955 3687 3305 3760 deportavit.
3324 3691 3534 3747 Filium
3548 3710 3788 3765 quoque

2132 3775 2350 3832 acriter
2370 3774 2651 3831 conviciis
2678 3774 2972 3833 insectata
3001 3779 3335 3851 complures
3354 3780 3482 3837 dies
3505 3782 3567 3838 in
3598 3783 3790 3854 publi-

2133 3881 2269 3922 cum
2298 3863 2537 3936 prodire
2566 3865 2769 3920 vetuit.
2801 3867 3148 3923 Juramento
3180 3885 3417 3941 quoque
3465 3872 3791 3927 exercitum

2135 3961 2194 4013 et
2224 3960 2497 4011 senatum
2527 3954 2865 4022 obstrinxit,
2895 3973 2996 4012 eos
3027 3958 3158 4030 ipsa
3189 3959 3417 4016 vivente
3457 3961 3580 4016 ﬁlio
3607 3962 3792 4034 impe-

2132 4048 2289 4102 rium
2327 4062 2449 4101 non
2507 4044 2833 4100 delaturos.
2886 4046 3006 4102 Soli
3063 4050 3404 4111 Armeniaci
3468 4050 3689 4107 milites
3729 4052 3790 4108 id

2133 4138 2504 4196 recusarunt.
2523 4134 2975 4191 Constaatinum
2993 4142 3051 4191 et
3068 4138 3325 4207 Irenam,
3351 4140 3591 4196 sicutab
3615 4142 3788 4198 initio

2135 4227 2526 4297 imperatores
2565 4223 2913 4294 salutantes,
2947 4226 3106 4296 quod
3137 4232 3196 4282 et
3225 4227 3469 4300 reliquas
3526 4229 3791 4303 legiones

2135 4319 2275 4371 sunt
2289 4312 2846 4377 mmulataa,diabolo
2868 4314 2996 4371 haec
3010 4316 3274 4387 perjuria
3285 4323 3343 4373 et
3366 4318 3794 4391 abnegationes

2134 4403 2478 4460 hominibus
2532 4407 2903 4476 suggerente.
2961 4405 3181 4460 Omnes
3204 4405 3384 4479 igitur
3413 4406 3677 4481 legiones
3729 4409 3792 4465 in

2135 4497 2377 4549 Atroam
2426 4498 2791 4565 congregatae
2821 4508 2941 4548 uno
2989 4510 3288 4553 consensu
3333 4498 3790 4556 Constantinum

2141 4584 2563 4656 imperatorem
2586 4581 3045 4653 requisiverunt.
3070 4585 3273 4657 Itaque
3297 4593 3568 4644 metuens
3588 4588 3794 4645 multi-

2145 4672 2371 4728 tudinis
2403 4672 2691 4743 impctum
2723 4672 2915 4742 Irena,
2953 4673 3144 4730 ﬁlium
3187 4675 3454 4744 dimisit;
3500 4695 3680 4751 quem
3710 4676 3798 4735 illi

2147 4762 2346 4818 statim
2378 4760 2586 4817 faustis
2616 4760 3112 4818 acclamatinibus
3144 4764 3566 4838 imperatorem
3588 4767 3803 4824 saluta-

2141 4858 2302 4917 runt,
2327 4852 2607 4925 abrogato
2634 4851 2822 4908 Irenas
2855 4853 3130 4926 imperio.
3162 4857 3588 4915 Constantinus
3609 4860 3805 4931 impe-

2141 4947 2304 4998 rator
2321 4941 2380 4996 in
2401 4940 2612 4996 urbem
2633 4940 2868 4998 intrans
2888 4959 3098 5001 omnes
3119 4947 3305 5017 patris
3328 4948 3419 5004 sui
3443 4948 3803 5005 domesticos

2142 5037 2320 5103 atque
2378 5030 2576 5103 ipsum
2624 5029 2996 5088 Stauracium
3044 5033 3385 5093 verberatos
3428 5042 3608 5108 atque
3639 5053 3804 5095 rasos

2143 5119 2509 5194 deportavit;
2556 5125 2813 5176 matrem
2873 5120 2935 5178 in
2989 5121 3139 5181 825
3198 5124 3419 5197 palatio
3452 5125 3801 5194 Eleutherii,

2144 5210 2305 5284 quod
2334 5210 2465 5282 ipsa
2506 5215 2899 5278 exstruxerat,
2932 5214 3249 5270 securitate
3296 5216 3434 5272 data
3472 5215 3806 5285 collocavit,

2145 5316 2261 5372 quo
2293 5305 2354 5356 et
2378 5297 2709 5371 plurimum
2740 5317 2811 5356 ea
2832 5301 2961 5356 auri
2995 5301 3244 5357 abdidit.
3278 5305 3631 5360 Incendium
3654 5321 3806 5378 quo~

2146 5405 2262 5461 que
2286 5387 2614 5445 triclinium
2638 5389 2994 5461 patriarchas
3019 5390 3255 5456 domus,
3280 5394 3436 5465 quod
3467 5393 3808 5451 Thomaites

2150 5478 2589 5553 appellabatur,
2617 5484 2677 5535 et
2708 5478 2762 5533 ei
2796 5479 3096 5553 subjectas
3144 5497 3411 5541 cameras
3451 5483 3812 5561 absumpsit,

1601 5609 1968 5666 XYLANDRI
2006 5607 2094 5664 ET
2131 5607 2346 5665 GOABI
2386 5606 2608 5663 ΝΟΤιΕ.

462 5739 576 5815 (19)
602 5738 851 5799 Mallem.
870 5736 1304 5813 matris._Atraa
1330 5740 1393 5795 et
1416 5736 1755 5804 Quasstoria
1779 5736 1883 5811 qui
1910 5734 2026 5795 loci
2057 5734 2197 5807 sint,
2226 5732 2572 5793 videndum.
2602 5732 2749 5792 ΧΠ..

677 5854 949 5920 Parios.
999 5858 1113 5920 Gn.
1162 5854 1373 5920 CXXI.
