4112 6468
373 382 492 449 907

1695 375 2009 441 GEORGII
2051 377 2404 441 CEDBENI

3674 376 3800 440 908

375 517 478 577 ubi
514 517 792 590 repositaa
825 521 998 583 erant
1054 514 1287 572 schedaa
1332 513 1629 570 universa)
1687 512 2002 583 Scriptura

2142 528 2325 564 νευσεν
2383 510 2412 565 6
2451 507 2606 584 ἅγιος
2667 508 2923 579 Ἰωάννης
2961 510 2991 564 6
3020 506 3438 584 Χρυσόστημος.
3497 509 3596 565 Καὶ
3630 505 3796 579 διῆλ-

380 607 600 679 quibus
632 624 764 664 eam
805 613 1047 664 sanctus
1075 607 1331 661 Joannes
1357 604 1809 675 Chrysostomus
1840 601 2036 656 fuerat

375 696 1280 770 interpretatus;grassatumque
1299 699 1389 748 est
1408 708 1596 763 usque
1618 692 1689 747 ad
1707 692 2029 746 miliarium

381 792 443 843 et
473 787 881 859 quaestorium,
914 784 1189 840 omnibus
1212 800 1343 855 quas
1375 782 1433 839 in
1470 782 1664 837 medio
1699 788 1867 836 erant
1890 797 2033 836 exu-

378 878 505 934 stis.
544 878 869 948 imperator
883 891 1058 946 porro
1081 872 1455 944 expeditione
1481 872 1541 926 in
1568 871 1846 943 Bulgarus
1876 871 2031 926 facta

372 965 560 1021 victor
582 964 773 1019 rediit.
808 965 1048 1019 Tarsum
1074 979 1310 1033 quoque
1338 977 1550 1026 magno
1574 978 1731 1016 cmm
1764 960 2031 1016 exercitu

374 1056 655 1111 adversus
685 1053 906 1109 Arabas
939 1053 1241 1125 profectus
1296 1052 1502 1107 multis
1534 1051 1720 1123 captis
1750 1067 2027 1107 reversus

372 1149 482 1201 est.
516 1143 679 1199 Matri
730 1159 887 1208 vero,
951 1143 1080 1214 ejus
1132 1142 1547 1214 desperatione
1601 1147 1660 1195 et
1702 1141 2025 1196 multorum

371 1251 742 1292 summorum
773 1234 1030 1289 virorum
1065 1232 1495 1288 intercessione
1531 1237 1748 1287 motus.
1775 1231 2027 1302 impera-

374 1325 587 1379 toriam
621 1323 970 1397 dignitatem
1021 1322 1303 1382 reddidit.
1350 1338 1604 1393 eamque
1635 1326 1701 1377 ut
1747 1321 1819 1375 ab
1853 1319 2023 1375 initio

368 1413 814 1484 imperatricem
871 1412 1121 1467 salutari
1163 1412 1384 1483 jussit;
1439 1411 1534 1466 cui
1592 1410 1871 1466 mandato
1913 1410 2025 1465 soli

367 1505 706 1562 Armeniaci
748 1504 1031 1577 refragati
1082 1508 1244 1567 sunt,
1304 1508 1362 1558 et
1418 1503 1690 1558 Alexium
1740 1502 2021 1557 Mosolem

372 1595 871 1668 depOposcerunt.
898 1595 1084 1659 Quem
1113 1594 1223 1648 hac
1253 1593 1325 1648 de
1357 1609 1556 1659 causa,
1598 1609 1666 1648 ac
1696 1592 1837 1662 quia
1884 1608 2020 1647 eum

371 1683 615 1755 quidam
634 1682 906 1739 ferebant
934 1682 1187 1754 imperio
1220 1682 1567 1755 potiturum,
1599 1681 2021 1738 Constantinus

370 1772 748 1828 verberatum
780 1788 847 1828 ac
879 1788 1078 1827 rasum
1108 1771 1171 1826 in
1199 1771 1529 1827 custodiam
1562 1770 1749 1827 dedit.

2142 601 2296 669 θενὴ
2329 598 2463 678 φλοξ
2495 596 2599 662 ἕως
2651 604 2749 655 τοῦ
2810 597 3001 673 μιλίου
3061 599 3151 654 κπιὶ
3217 603 3315 654 τοῦ
3371 599 3793 674 κοιαιστωρείου

2139 687 2452 768 τανταχόσε
2510 687 2902 761 ἐπινεμομένη,
2959 687 3064 751 ἓως
3122 688 3184 743 οὗ
3243 687 3417 743 πάντα
3446 686 3793 746 κατέκαυσεν.

2133 777 2195 834 Ὁ
2236 774 2293 832 δὲ
2326 778 2584 853 βασιλεὺς
2615 777 2810 850 ἐξῆλθε
2860 778 2997 834 κατὰ
3057 775 3411 852 Βουλγάρων,
3441 788 3529 832 καὶ
3564 779 3795 842 τούτους

2134 868 2361 937 νικησάς
2419 869 2765 943 ὑπέστρεψεν.
2819 868 3093 930 Ὡσαύτως
3150 869 3240 923 καὶ
3298 867 3351 924 ἐν
3415 872 3607 943 Ταρσῷ
3657 871 3795 942 μετᾶ

2135 962 2368 1034 στρατοῦ
2427 956 2646 1014 πολλοῦ
2695 957 2909 1028 ἀπῆλθε
2965 961 3102 1013 κατὰ
3155 953 3427 1032 Ἀράϐων,
3462 958 3552 1014 καὶ
3610 959 3792 1034 αῗχμ-

2133 1045 2411 1110 αλωτίσας
2476 1046 2723 1110 πολλοὺς
2808 1048 3126 1121 ὑπέστρεψε.
3218 1045 3604 1122 Παρακληθεὶς
3645 1046 3701 1104 δὲ
3760 1050 3790 1104 6

2140 1134 2397 1211 βασιλεὺς
2441 1138 2545 1192 ὑπὸ
2573 1145 2675 1206 τῆς
2734 1135 2874 1201 ἰδίας
2933 1137 3146 1212 μητρὸς
3202 1136 3292 1191 καὶ
3328 1137 3552 1193 πολλῶν
3581 1143 3690 1193 τῶν
3731 1137 3786 1193 ἐν

2130 1225 2277 1281 τέλει
2310 1228 2462 1288 αὖθις
2493 1227 2810 1304 ἀναγορεύει
2868 1226 3064 1297 αὐτὴν,
3130 1227 3220 1282 καὶ
3276 1227 3640 1303 εὐφημεῖσθαι
3672 1233 3788 1297 (20)

2132 1318 2206 1378 ὡς
2238 1319 2289 1388 ἐξ
2322 1319 2503 1394 ἀρχῆς
2532 1315 2932 1374 διεκελεῦσατο·
2957 1317 3177 1375 Πάντων
3214 1315 3272 1373 δὲ
3327 1319 3782 1394 πειθαρχούντων

2133 1406 2293 1480 μόνοι
2333 1408 2387 1462 οἱ
2445 1408 2801 1482 ’Λρμενιακοὶ
2856 1407 3225 1477 στασιάζουσι,
3284 1408 3373 1462 καὶ
3431 1407 3787 1480 ἐπιζητοῦσιν

2130 1495 2383 1569 Ἀλὲξιον
2404 1497 2496 1551 τὸν
2554 1495 2819 1566 Μωσηλὲ.
2869 1500 3069 1552 Τοῦτον
3130 1501 3222 1552 οὖν
3286 1497 3378 1552 καὶ
3438 1494 3526 1552 διὰ
3583 1497 3787 1569 ταύτην

2126 1588 2225 1654 τήν
2258 1589 2507 1659 ζήτησιν.
2537 1588 2627 1643 καὶ
2665 1585 2755 1643 διὰ
2807 1588 2871 1643 τὸ
2903 1586 3083 1663 λέγειν
3136 1589 3290 1649 τινὰς
3339 1588 3415 1653 ὡς
3448 1586 3642 1663 μέλλει
3677 1590 3783 1665 βα-

2127 1674 2382 1749 σιλεύειν,
2415 1673 2596 1753 δείρας
2637 1678 2727 1733 καὶ
2753 1677 3049 1753 κουρεύσας
3078 1675 3391 1755 ἑφυλάκισε.

439 1863 610 1917 Anno
641 1865 673 1916 2
695 1862 757 1916 in
791 1860 1071 1934 Bulgaros
1102 1860 1428 1916 exercitum
1458 1860 1684 1916 ducens
1713 1859 2008 1916 Cardamaa

2194 1860 2287 1929 Τῷ
2340 1859 2372 1934 β
2431 1878 2536 1913 ετει
2595 1855 2964 1932 ἐπιστρατεύει
3048 1856 3185 1914 κατᾶ
3237 1856 3573 1934 Βουλγὰρῶν
3610 1901 3626 1926 ,
3685 1859 3785 1914 καὶ

372 1968 570 2008 corem
600 1951 843 2007 domino
873 1951 1134 2007 occurrit
1162 1971 1177 2017 ;
1204 1950 1546 2021 amissoque
1595 1949 1856 2005 militum
1887 1967 2018 2006 ma-

366 2056 481 2113 gno
514 2057 764 2097 numero
795 2044 855 2095 et
882 2040 1088 2096 multis
1132 2039 1383 2096 ducibus
1432 2039 1681 2111 ipsaque
1711 2039 1892 2095 etiam
1925 2056 2019 2095 co-

363 2130 535 2186 horte
566 2136 626 2187 et
654 2129 934 2186 omnibus
965 2129 1410 2201 impedimentis
1440 2134 1619 2200 atque
1650 2129 1840 2199 equis,
1865 2145 2016 2202 aegre

362 2219 504 2293 fuga
529 2219 592 2275 in
612 2219 821 2275 urbem
842 2219 1080 2291 elapsus
1102 2224 1211 2274 est.
1235 2219 1457 2274 Eodem
1480 2235 1687 2274 mense
1702 2219 2017 2274 calumniis

369 2308 767 2380 quorumdam
799 2307 1090 2363 adductus
1113 2307 1290 2364 exivit
1338 2308 1400 2363 in
1450 2308 1641 2363 aedem
1672 2308 1870 2363 Sancti
1900 2309 2015 2363 Ma-

370 2398 616 2465 mantis,
649 2398 852 2469 ibique
878 2397 1277 2469 Nicephorum
1309 2402 1367 2452 et
1396 2397 1885 2468 Christopliorum
1911 2413 2016 2468 pa~

368 2492 537 2553 truos
559 2505 697 2543 suos
719 2491 993 2543 excaecat.
1018 2486 1214 2542 Alium
1242 2487 1731 2558 ChristOphorum
1754 2487 2016 2542 Nicetam

371 2578 725 2636 Anthimum
759 2584 818 2634 et
837 2577 1226 2634 Eudocimum
1249 2577 1468 2650 linguis
1480 2577 1635 2635 826
1649 2578 1861 2634 excisis
1884 2595 2013 2633 mu-

360 2667 494 2724 tilat
524 2684 538 2735 ;
575 2667 779 2723 Alexio
811 2684 1068 2739 quoqum
1099 2667 1334 2723 Mosolaa
1366 2668 1571 2724 oculos
1603 2668 1780 2723 eruit.
1810 2668 2011 2739 Neque

361 2757 463 2814 diu
485 2757 700 2814 horum
725 2758 1013 2813 ultionem
1036 2757 1392 2830 Deijustitia
1410 2757 1661 2813 distulit.
1678 2761 1814 2814 Post
1837 2757 2017 2829 quin-

361 2849 694 2921 quennium
720 2849 883 2905 enim
909 2848 1117 2904 eodem
1166 2865 1373 2904 mense
1406 2866 1475 2904 ac
1528 2849 1624 2904 die
1674 2849 1803 2921 ipse
1834 2850 2013 2904 etiam

361 2940 784 2996 Constantinus
814 2939 1003 2995 oculis
1026 2939 1286 3011 privatus
1316 2944 1424 2995 est.
1459 2940 1826 2996 Armeniacis
1855 2939 2013 2995 bello

364 3029 649 3097 subactis,
673 3030 746 3084 de
780 3045 984 3085 eorum
1006 3028 1255 3084 ducibus
1285 3045 1490 3100 pennas
1521 3030 1793 3101 sumpsit,
1827 3029 2012 3103 nigris

360 3118 520 3174 notis
571 3118 745 3175 faciei
794 3119 1086 3190 cujusque
1141 3118 1469 3189 impressis,
1503 3135 1635 3190 quas
1667 3125 1873 3175 erant:
1907 3122 2011 3174 Ar-

355 3209 666 3264 meniacus
697 3208 1049 3271 insidiator;
1088 3232 1108 3255 ι
1145 3206 1507 3278 eosdemque
1556 3208 1618 3262 in
1666 3208 1928 3264 Siciliam
1954 3214 2013 3264 et

355 3296 753 3353 aliasiusulas
809 3295 1104 3369 relegavit.
1160 3295 1380 3351 Deinde
1419 3313 1555 3351 cum
1615 3297 1675 3351 in
1723 3298 2008 3354 Marinam

358 3388 674 3458 conjugem
725 3401 895 3441 suam
953 3385 1327 3456 concepisset
1355 3386 1557 3440 odium
1611 3387 1684 3441 ob
1742 3386 2015 3443 sinistras

358 3475 648 3546 quasdam
676 3474 749 3529 de
781 3490 850 3529 ea
876 3474 1271 3545 suspiciones,
1305 3475 1512 3529 matris
1544 3475 1850 3536 instinctu,
1881 3493 2012 3546 quas

356 3563 593 3634 imperii
624 3562 842 3634 cupida
897 3562 1087 3617 lilium
1145 3562 1399 3618 invisum
1461 3564 1713 3619 subditis
1763 3564 2013 3621 reddere

354 3650 609 3719 volebat,
642 3667 775 3706 eam
807 3651 869 3705 in
900 3652 1328 3706 monasterium
1363 3651 1635 3717 detrusit,
1668 3653 2009 3708 etTlieodo-

355 3745 504 3807 tam,
535 3739 744 3795 matris
785 3756 907 3794 suae
965 3738 1414 3807 cubiculariam,
1447 3740 1673 3795 illicitis
1712 3741 1824 3796 sibi
1858 3759 2009 3814 nup-

354 3830 455 3886 tiis
485 3830 772 3902 copulans
803 3830 1124 3896 coronavit,
1159 3831 1422 3901 Cumque
1452 3831 1724 3887 Tarasius
1755 3833 2011 3903 patriar-

352 3920 466 3977 cha
486 3935 549 3976 se
580 3925 929 3992 opponeret,
951 3919 1213 3977 minatus
1238 3920 1291 3975 ei
1317 3926 1407 3976 est
1436 3938 1520 3985 se,
1550 3921 1666 3976 nisi
1698 3921 1850 3978 hanc
1880 3939 2006 3978 rem

349 4009 684 4081 perﬁceret,
709 4008 1101 4082 profanorum
1126 4009 1585 4066 simulacrorum
1606 4011 1744 4067 fana
1772 4018 2004 4084 apertu-

346 4115 503 4154 rum.
534 4100 739 4169 Itaque
769 4099 1011 4154 territus
1048 4098 1386 4170 patriarcha
1414 4100 1728 4167 concessit,
1762 4101 1838 4156 ad
1859 4101 2005 4157 mul-

345 4194 435 4244 tos
463 4188 668 4245 dicens
695 4189 1113 4260 imperatorem
1147 4204 1523 4259 nequaquam
1555 4189 1783 4260 placide
1816 4190 1998 4245 mori-

342 4283 565 4335 turum.
601 4279 713 4333 Per
741 4278 1124 4350 quatriduum
1155 4279 1395 4350 nuptias
1422 4281 1541 4351 egit
1580 4280 1906 4350 imperator
1934 4281 1997 4336 in

347 4368 536 4423 sancti
568 4368 879 4423 Mamantis
917 4366 1156 4440 palatio.
1198 4367 1489 4423 Caeterum
1522 4368 1702 4440 hujus
1733 4370 1997 4442 coniugii

342 4470 521 4511 causa
569 4454 992 4509 communione
1021 4454 1371 4526 patriarchae
1403 4471 1532 4510 sese
1579 4454 1998 4513 abstinuerunt

332 4542 601 4599 Studiani
654 4543 882 4615 collegii
944 4543 1225 4615 princeps
1274 4549 1449 4615 atque
1482 4543 1601 4604 alii.
1636 4561 1784 4616 quos
1816 4545 1996 4618 impe-

331 4636 497 4686 rator
526 4633 681 4689 varie
714 4631 962 4693 vexavit,
998 4631 1345 4687 defensante
1380 4649 1482 4687 eos
1512 4633 1705 4689 Irena.

2128 1948 2456 2017 συναντήσας
2493 1944 2761 2023 Καρδάμῃ
2820 1950 2901 2019 τῷ
2949 1946 3122 2021 κυρίῳ
3181 1944 3533 2023 Βουλγάρων,
3565 1946 3785 2017 πλῆθος

2126 2035 2264 2092 λαοῦ
2304 2037 2395 2091 καὶ
2447 2035 2732 2112 ἆρ’χόντων
2791 2032 3089 2092 ἀποϐαλὼν
3158 2037 3251 2092 καὶ
3278 2038 3378 2104 τήν
3431 2038 3634 2111 κόρτην
3664 2040 3782 2108 (21)

2124 2125 2215 2181 καὶ
2260 2130 2431 2180 πᾶσαν
2485 2127 2586 2194 τήν
2645 2127 2947 2200 ὑπουργίαν
2994 2124 3085 2181 καὶ
3141 2127 3270 2189 τοὺς
3321 2126 3549 2195 ἵππους,
3613 2126 3782 2201 μόλις

2125 2213 2288 2277 αὐτὸς
2347 2213 2625 2294 διαφυγὼν
2692 2215 2941 2286 εἰσῆλθεν
2995 2213 3050 2271 ἐν
3099 2219 3167 2287 τῇ
3217 2215 3398 2271 πόλει.
3434 2220 3522 2287 Τῷ
3554 2214 3601 2269 δ’
3630 2216 3782 2289 αὐτῷ

2139 2304 2271 2377 μηνὶ
2329 2302 2390 2360 ἐκ
2444 2306 2807 2379 συκοφαντίας
2848 2309 3015 2360 τινῶν
3074 2302 3304 2377 ἐξελθὼν
3339 2306 3368 2360 6
3401 2304 3657 2369 ϐασιλεὺς
3716 2306 3770 2361 ἐν

2127 2396 2207 2464 τῷ
2235 2395 2412 2468 Ἀγίῳ
2448 2393 2694 2467 Μάμαντι
2742 2392 3008 2473 ἐκτυφλοῖ
3067 2394 3382 2471 Νικηφόρον
3431 2394 3521 2448 καὶ
3553 2396 3781 2467 Χριστο-

2127 2481 2292 2560 φόρον
2350 2483 2480 2546 τους
2536 2482 2713 2547 θείους
2759 2483 2948 2553 αὐτοϋ,
3006 2482 3158 2545 υἱοὺς
3210 2485 3621 2540 Κωνσταντίνου
3677 2488 3778 2540 τοῦ

2124 2574 2352 2627 πάππου
2382 2570 2570 2631 αὐτοῦ.
2613 2572 2994 2648 Χριστοφόρον
3052 2568 3109 2629 δὲ
3164 2572 3336 2628 ἄλλον
3386 2572 3476 2628 καί
3508 2575 3774 2644 Νικήταν,

2125 2664 2386 2735 Ἀνθιμον
2439 2666 2533 2720 καὶ
2580 2661 2891 2738 Εὐδόκιμον
2943 2663 3426 2743 ἆγλωσσοκόπησε.
3485 2666 3575 2722 καὶ
3624 2665 3778 2723 Ἀλε-

2125 2754 2236 2826 ξιον
2267 2754 2361 2810 τὸν
2397 2752 2639 2826 Μωσηλέ
2670 2752 3001 2832 ἐτύφλωσεν.
3062 2754 3218 2813 Ἀλλ’
3271 2755 3373 2811 οὐκ
3426 2754 3502 2811 είς
3562 2757 3776 2832 μακρὰν

2126 2846 2161 2913 ὴ
2200 2848 2297 2899 τοῦ
2349 2847 2482 2901 Θεοῦ
2541 2841 2667 2914 δίκη
2732 2841 3119 2915 ἆνεκδικήτους
3178 2843 3373 2908 αὐτοὺς
3430 2842 3593 2901 ε’ίπισε·
3640 2846 3781 2920 μετᾶ

2120 2935 2221 3011 γὰρ
2255 2936 2292 2991 ε’
2321 2931 2415 3007 ἔτη
2433 2940 2513 3008 τῷ
2541 2934 2690 3007 αὐτῷ
2715 2936 2847 3008 μηνὶ
2878 2936 2970 2991 καὶ
2996 2938 3066 3007 τῇ
3098 2934 3234 3010 αὐτῇ
3265 2938 3448 3011 ἡμέρᾳ
3474 2935 3779 3015 τυφλοῦται

2124 3026 2153 3080 6
2182 3023 2343 3086 αὐτὸς
2383 3030 2805 3086 Κωνσταντῖνος.
2859 3026 3151 3098 Ὑποτάξας
3210 3022 3276 3095 δῆ
3338 3024 3429 3080 καὶ
3474 3026 3602 3088 τοὺς
3635 3027 3774 3101 Ἀρ-

2125 3115 2410 3189 μενιακοὺς
2462 3115 2716 3187 πολέμῳ,
2765 3116 2890 3177 τοὺς
2944 3115 3217 3195 ἄρχοντας
3271 3114 3450 3171 αὐτῶν
3487 3113 3775 3172 ἐποινάλι-

2119 3225 2227 3271 σεν,
2262 3204 2566 3282 ἐπιγρίψας
2593 3204 2669 3267 εἷς
2737 3204 2800 3259 τὸ
2856 3205 3151 3279 πρόσωπον
3210 3205 3388 3260 αὐτῶν
3434 3206 3624 3280 μέλανι
3653 3226 3773 3261 κεν-

2050 3264 2289 3367 ρτητῷ·
2336 3264 2754 3367 ι‹.;Αρμενιακὸς
2795 3264 3110 3357 ἐπιὲουλος
3145 3318 3173 3347 ››
3232 3294 3324 3356 οὓς
3373 3264 3463 3349 καὶ
3519 3294 3771 3370 ἐξώρισεν

2118 3377 2172 3438 ἔν
2202 3404 2258 3438 τε
2298 3380 2524 3454 Σιγελίᾳ
2554 3383 2643 3437 καὶ
2699 3388 2821 3444 ταῖς
2881 3382 3102 3446 λοιπαῖς
3156 3386 3367 3455 νήσοις.
3434 3386 3686 3454 Μισήσας
3717 3383 3778 3441 δὲ

2117 3473 2146 3528 ὁ
2206 3471 2464 3548 βασιλεὺς
2523 3473 2621 3541 τήν
2670 3473 2861 3528 ἑαυτοῦ
2914 3478 3143 3548 γυναῖκα
3214 3476 3449 3548 Μαρῖναν
3515 3469 3770 3548 ὑποϐολῇ

2114 3568 2214 3630 τῆς
2266 3563 2460 3617 ἑαυτοῦ
2519 3562 2753 3637 μητρὸς,
2814 3562 3102 3634 ἐφιεμένης
3152 3570 3253 3633 τῆς
3304 3564 3484 3638 ἀρχῆς
3541 3564 3677 3636 πρὸς
3707 3566 3773 3620 τὸ

2119 3652 2415 3723 μισηθῆναι
2446 3650 2607 3706 αὐτόν
2666 3645 2819 3731 (ἔσχε
2862 3652 2967 3728 γὰρ
3001 3652 3029 3706 ὁ
3065 3650 3322 3727 βασιλεὺς
3355 3654 3597 3727 πονηρᾶς
3632 3654 3774 3710 ὑπο-

2114 3738 2312 3813 λήψεις
2391 3742 2528 3796 κατὰ
2570 3747 2673 3809 τῆς
2737 3742 3004 3815 Μαρίνης)
3061 3743 3230 3798 πείθει
3291 3743 3461 3810 αὐτὴν
3515 3739 3765 3817 γενέσθαι

2116 3832 2388 3905 μοναχὴν.
2440 3833 2673 3905 Ἔστεψε
2729 3828 2787 3886 δὶ
2842 3829 3113 3901 Θεοδότην
3169 3827 3627 3908 κουϐικουλαρίαν
3661 3840 3762 3903 τῆς

2113 3918 2323 3993 μητρὸς
2379 3917 2570 3989 αὐτοῦ,
2622 3916 2660 3992 ᾖ
2706 3918 2796 3974 καὶ
2854 3915 3194 3991 ἐμνηστεύθη
3254 3921 3605 3995 παρανόμως,
3637 3922 3763 3979 Ἐπὶ

2105 4005 2324 4070 τούτοις
2400 4012 2498 4063 τοῦ
2581 4009 2930 4085 πατριάρχου
3003 4010 3273 4083 Ταρασίου
3342 4012 3763 4076 ἀντιπίπτοντος

2109 4093 2277 4165 δηλοῖ
2306 4098 2455 4171 αὐτῷ
2514 4104 2936 4161 Κωνσταντῖνοςο
2995 4123 3025 4153 ι(
3056 4100 3122 4158 El
3192 4101 3268 4173 μή
3299 4105 3463 4157 τοῦτο
3512 4103 3761 4180 γένηται,

2102 4184 2230 4248 τοὺς
2260 4186 2421 4248 ναοὺς
2446 4191 2553 4241 τῶν
2587 4185 2836 4243 εἰδώλων
2866 4187 3093 4264 ἇνοίγω.
3130 4213 3152 4240 ι
3221 4191 3383 4253 ⁴Ὀθεν
3416 4192 3444 4247 6
3493 4192 3765 4265 πατριάρ-

2110 4295 2221 4350 χης
2275 4271 2535 4352 φοϐηθεές
2584 4274 2755 4331 εἀσεν
2809 4277 2970 4333 αὐτὸν
3006 4322 3019 4345 ,
3081 4277 3249 4335 εξπὼν
3312 4282 3449 4354 πρὸς
3506 4281 3757 4345 πολλοὺς

2104 4365 2186 4420 ὅτι
2217 4366 2283 4421 οὗ
2314 4365 2604 4422 καταλύσει
2654 4369 2746 4421 τὸν
2804 4368 2921 4441 βίον
2961 4367 3273 4443 ε’ρηνικῶς.
3330 4373 3415 4445 [Ρ.
3474 4375 3602 4444 473]
3658 4372 3757 4427 Καὶ

2104 4453 2331 4526 ἐποίησε
2358 4457 2452 4510 τὸν
2506 4456 2686 4530 γάμον
2739 4456 2904 4512 αὐτοῦ
2961 4458 2989 4512 6
3059 4456 3318 4533 βασιλεὺς
3366 4459 3419 4514 ἐν
3459 4465 3540 4532 τῷ
3574 4456 3756 4515 παλα-

2096 4564 2199 4615 τιῳ
2226 4548 2323 4597 τοῦ
2365 4542 2553 4621 ’Λγίου
2614 4546 2910 4615 Μιμσντος
2970 4546 3179 4618 ἡμέρας
3211 4543 3278 4603 δ’.
3334 4548 3662 4622 Ἀπὲσχισαν
3697 4545 3756 4603 δὲ

2098 4636 2195 4687 τοῦ
2278 4635 2628 4708 πατριάρχου
2709 4644 2811 4701 τῆς
2893 4635 3179 4697 κοινωνίας
3233 4636 3261 4692 6
3316 4640 3416 4691 τοῦ
3485 4635 3753 4693 Στουδίου

326 4716 633 4792 ἡγοῦμενος
674 4717 767 4772 καὶ
797 4715 985 4773 λοιποὶ
1017 4714 1106 4772 διὰ
1134 4719 1226 4773 τὸν
1260 4720 1573 4791 παράνομον
1606 4720 1785 4794 γάμον
1812 4725 1909 4777 τοῦ
1942 4718 2236 4797 βασιλέως.
2268 4722 2361 4786 ET:
2410 4721 2501 4785 οὕς
2540 4723 2628 4777 καὶ
2679 4721 2895 4787 πολλὰς
2953 4724 3169 4799 θλίψεις
3224 4725 3502 4801 ἐργάζετο
3533 4728 3562 4782 ὁ
3596 4728 3751 4802 βασι-

331 4804 484 4868 λεὺς·
517 4808 551 4876 ἡ
580 4802 637 4862 δὲ
672 4807 858 4880 μήτηρ
889 4802 1054 4860 αἱ)τοῦ
1085 4805 1483 4881 ὓπερησπίζετο
1516 4806 1714 4863 αὐτῶν.

396 4903 571 4955 Anno
593 4900 624 4954 6
645 4898 959 4955 Cardames
980 4896 1368 4971 Bulgarorum
1393 4897 1676 4972 princeps
1697 4899 1979 4958 Constan-

325 4985 446 5045 tino
470 4988 554 5045 ita
583 4987 824 5061 scripsit
847 5004 862 5043 :
889 5010 917 5039 ‹‹
941 4989 1057 5044 Aut
1072 4985 1340 5060 persolve
1373 4987 1522 5042 mihi
1555 4988 1714 5059 quod
1737 4996 1976 5061 pactum

320 5082 430 5147 est,
465 5082 566 5134 aut
598 5093 788 5151 usque
831 5076 907 5133 ad
960 5083 1215 5134 Auream
1249 5079 1483 5147 portam
1512 5078 1766 5134 veniam.
1802 5101 1831 5129 »
1862 5081 1977 5136 Re-

2126 4964 2129 4965 ν
2159 4903 2253 4973 Τῷ
2287 4908 2331 4966 ς’
2360 4898 2465 4957 ἔτει
2497 4900 2795 4976 Καρδάμης
2854 4903 2883 4959 ὁ
2937 4903 3127 4977 κύριος
3189 4905 3519 4981 Βουλγάρων
3548 4902 3751 4981 ἔγραψε

2084 4995 2165 5063 τῷ
2198 4990 2435 5067 βασιλεῖ’
2477 5016 2506 5045 ‹‹
2536 4994 2611 5048 Ἦ
2646 4990 2869 5049 τέλεσόν
2925 5013 3022 5066 μοι
3079 4994 3280 5064 πάκτα,
3306 4992 3342 5064 ἢ
3374 4990 3616 5069 ἔρχομαι
3642 4992 3750 5058 ἕως

2083 5086 2187 5150 τῆς
2243 5081 2464 5156 Χρυσῆς
2520 5080 2747 5157 πόρτης·
2784 5105 2812 5133 ››
2887 5082 2949 5140 Ὀ
2999 5079 3056 5138 δὶ
3107 5081 3367 5158 βασιλεὺς
3423 5082 3744 5140 ἀπέστειλεν

1523 5225 1890 5286 XYLANDRI
1927 5230 2017 5288 ΕΤ
2057 5231 2276 5289 GOARI
2314 5232 2538 5290 ΝΟΤΛΕ.

384 5358 501 5430 (20)
527 5354 602 5415 Ut
630 5354 852 5414 multos
884 5370 1076 5430 annos
1118 5353 1180 5430 ei
1211 5359 1694 5430 apprecarentur
1722 5361 1864 5430 tum
1909 5358 1971 5413 in

314 5425 704 5500 popularibus
734 5437 859 5484 tum
915 5428 977 5483 in
1011 5425 1430 5500 ecclesiasticis
1463 5426 1868 5500 conventibus.
1904 5445 1973 5486 ac

313 5498 536 5571 nomen
570 5505 700 5566 ejns
731 5501 952 5571 ubique
990 5516 1126 5554 cum
1159 5498 1267 5554 filii
1309 5498 1687 5570 imperatoris
1728 5500 1970 5558 nomine

311 5570 742 5626 celebraretur.
792 5570 970 5634 Com,

381 5644 491 5713 (21(
533 5641 749 5713 Κόρτην
785 5644 1096 5698 cohortem
1129 5656 1260 5697 esse
1292 5656 1362 5696 ex
1400 5638 1544 5713 aliis
1586 5637 1736 5696 locis
1766 5642 1968 5712 didici,

304 5716 373 5768 ut
392 5711 464 5768 in
487 5711 816 5783 Nicephoro
835 5713 909 5769 de
933 5713 1244 5770 Bardanio.
1269 5712 1456 5770 Credo
1476 5728 1615 5785 ergo
1628 5716 1968 5785 praetoriam

2081 5359 2178 5415 hic
2208 5365 2311 5414 aut
2339 5359 2519 5416 aliam
2554 5359 2812 5417 nobilem
2845 5361 3062 5419 notari.
3098 5362 3236 5418 XYL.
3269 5393 3338 5405 --
3368 5364 3479 5432 Τὴν
3516 5362 3742 5432 κόρτήν.

2082 5381 2178 5415 mc
2208 5381 2311 5414 aut
2339 5381 2519 5416 auam
2554 5381 2812 5417 nnnnem
2845 5381 3062 5419 nouam.
3099 5381 3236 5418 λη.
3269 5393 3338 5405 —-
3368 5381 3479 5432 Ἰἠν
3516 5381 3582 5417 κο
3621 5383 3739 5431 την.

2082 5434 2267 5489 Emat.
2305 5432 2402 5487 ubi
2446 5435 2794 5503 frequenter
2823 5435 3040 5489 alludit
3089 5434 3410 5506 interpres.
3446 5442 3505 5491 et
3532 5381 3739 5505 xix-qv

2080 5509 2431 5578 putatuesse
2490 5508 2765 5560 cohortem
2845 5506 3097 5578 Cori-igit
3153 5522 3417 5563 errorem
3477 5507 3742 5578 Codinus

2079 5574 2152 5629 de
2183 5574 2524 5652 O_llic.__Cur.
2550 5578 2657 5652 C_P.
2720 5579 2990 5652 scribens
3017 5574 3125 5638 ἐἰς
3156 5578 3255 5643 τήν
3305 5582 3402 5631 τοῦ
3463 5576 3738 5652 βασιλέως

2080 5646 2316 5723 σκηνὴνὶ
2358 5644 2482 5723 ἥτις
2533 5646 2701 5721 κόρτη
2738 5646 3088 5723 ὀνομάζεται.
3131 5644 3473 5723 Τειιῑοιοὶιιηι’
3507 5651 3735 5723 itaque,

2078 5734 2203 5777 non
2230 5718 2421 5790 cohors
2446 5717 2951 5794 impe'ratoris‘est
2973 5720 3168 5799 κόρτη.
3199 5722 3395 5780 ϐολιι..
