4112 6412
394 418 520 482 913

1562 416 1931 481 HISTORIA
1948 414 2113 479 RUM
2162 408 2711 481 COMPENDIUM.

3716 420 3836 483 9η

396 573 487 608 σιν
542 551 793 622 ποιήσω,
852 549 899 606 εἰ
952 551 1083 614 τοὺς
1144 549 1458 626 θησαυρούς
1509 572 1607 607 σου
1658 550 2025 626 καταμηνύσει

2134 596 2146 620 ι
2179 552 2557 624 promittens,
2590 552 2638 609 si
2670 551 2742 608 de
2772 550 3071 608 thesauris
3108 550 3233 608 suis
3288 553 3604 610 certiorem
3635 554 3833 628 ipsum

400 663 518 716 μοι.
553 665 582 694 ››
621 641 686 698 Ἡ
721 639 778 696 δὲ
819 644 1023 715 συνετῷ
1078 646 1158 715 τῷ
1209 642 1516 719 φρονήματι
1581 642 1718 718 πρὸς
1772 643 1864 697 τὸν
1926 641 2061 721 χθὲς

400 736 496 808 μὲν
528 731 728 789 δοῦλον
760 732 1037 808 ἐπίορκον,
1071 736 1312 808 σήμερον
1336 731 1393 789 δὲ
1413 734 1677 810 τύραννον
1709 732 1835 811 ἔφη·
1861 758 1888 785 (ι
1915 734 2061 807 Ἐγὼ

400 826 520 897 μὶν,
561 821 605 878 ὦ
638 824 911 897 ἄνθρωπε,
946 824 1076 878 Θεὸν
1106 823 1352 897 ἡγοῦμαι
1410 824 1502 879 τὸν
1566 820 1853 899 ὑψώσαντά
1886 844 1953 896 με
1984 821 2060 885 εἰς

391 913 724 986 ταύτηντὴν
754 909 1058 989 βασιλείαν.
1102 918 1222 974 ταῖς
1277 910 1323 967 δ’
1382 911 1544 987 ἐμαῖς
1608 914 1903 989 ἁμαρτίαις
1957 913 2057 981 τήν

392 1004 700 1081 καθαίρεσιν
787 1001 1030 1073 ἐμαυτῆς
1113 1002 1434 1080 προσάπτω’
1515 1004 1566 1058 ἐν
1627 1007 1758 1058 πᾶσι
1826 1000 1883 1057 εὶ
1931 1002 2058 1056 τού-

389 1114 506 1154 τοις
539 1091 623 1163 εἴη
683 1092 748 1148 τὸ
808 1089 987 1167 ὄνομα
1045 1092 1242 1164 Κυρίου
1283 1091 1679 1168 εὐλογημένον.
1715 1093 1794 1147 0'3
1822 1094 1934 1165 μὴν
1999 1088 2057 1146 δὲ

387 1181 606 1259 ἀγνοεῖς
633 1182 731 1245 τὰς
758 1184 898 1237 κατά
954 1185 1052 1236 σοῦ
1112 1182 1444 1256 μηνυθείσας
1504 1177 1828 1249 ἐπιϐουλὰς,
1873 1183 1959 1243 αἷς
2010 1179 2056 1236 εί

388 1272 772 1346 συνυπήχθην,
809 1268 1109 1333 ἀκωλύτως
1142 1270 1297 1346 εἶχον
1351 1275 1449 1325 τοῦ
1503 1269 1711 1327 ἀνελεῖν
1772 1291 1848 1326 σε.
1883 1267 2059 1327 Ἀλλά

382 1361 446 1416 τὸ
482 1362 575 1435 μὲν
608 1365 725 1422 τοῖς
760 1365 878 1422 σοῖς
930 1359 1118 1434 ὅρκοις
1166 1360 1499 1434 πειθομένη,
1558 1360 1621 1417 τὸ
1673 1357 1728 1415 δὲ
1760 1356 2052 1438 φειδομένῃ

386 1471 484 1506 σου
514 1451 687 1505 πάντα
734 1445 1217 1525 παρελογισάμην,
1263 1450 1343 1523 τῷ
1400 1453 1520 1524 Θεῷ
1576 1445 1918 1505 ἀποδιδοῦσά
1973 1470 2053 1517 σε,

386 1537 458 1595 δι’
515 1537 577 1595 οὗ
630 1538 878 1615 βασιλεῖς
928 1538 1284 1615 βασιλεῦουσι
1342 1540 1434 1595 καὶ
1490 1535 1747 1595 δυνάσται
1797 1538 2053 1609 κατεξου.

385 1629 650 1698 σιοὶζουσι.
686 1627 787 1686 Καὶ
818 1628 887 1683 τὰ
917 1631 1012 1682 νῦν
1044 1627 1119 1691 ὡς
1152 1623 1346 1699 εὐσεϐῆ
1407 1649 1466 1684 σε
1494 1628 1584 1682 καὶ
1631 1628 1691 1683 ἐκ
1730 1628 1864 1684 Θεοῦ
1903 1648 2051 1702 προ-

384 1714 657 1789 ϐληθέντα
729 1716 963 1793 βασιλέα
1016 1723 1334 1793 προσκυνῶ,
1392 1718 1484 1774 καὶ
1541 1717 1801 1792 αἰτοῦμαι
1863 1717 2048 1795 φείσα-

380 1806 503 1872 σθαί
544 1830 650 1882 μου
680 1814 781 1877 τῆς
836 1807 1119 1872 ἀσθενείας
1178 1807 1270 1863 καὶ
1327 1808 1691 1886 συγχωρῆσαί
1726 1829 1792 1882 με
1823 1807 1901 1872 εἰς
1956 1807 2050 1863 τὸν

2171 641 2468 711 redderet,
2493 642 2567 698 de
2600 659 2834 699 summa
2860 659 2923 698 se
2981 640 3036 697 ei
3087 642 3288 713 quiete
3345 651 3819 717 prospecturum.

2165 731 2271 786 llla
2300 739 2495 787 autem
2528 731 2819 804 prudente
2852 732 3054 788 animo
3086 748 3222 787 eum
3255 732 3355 804 qui
3390 733 3517 788 heri
3548 736 3827 807 perjurus

2167 838 2367 878 servus
2397 824 2611 891 fuerat,
2644 822 2821 880 hodie
2862 822 3237 895 tyrannidem
3268 824 3623 897 gerebat.sic
3652 827 3828 883 allata

2165 919 2293 968 est:
2330 938 2356 964 ιε
2377 915 2533 970 Heus
2549 919 2635 984 tu,
2661 916 2847 971 Deum
2879 931 2985 988 ego
3007 931 3264 987 agnosco
3295 914 3481 971 fuisse
3515 916 3616 988 qui
3640 917 3826 973 mead

2163 1001 2484 1073 imperium
2541 1004 2654 1060 hoc
2715 1006 2995 1072 evexerit,
3028 1021 3123 1061 me
3188 1022 3324 1061 vero
3380 1006 3533 1061 meis
3591 1005 3824 1063 delictis

2164 1093 2476 1157 meruisse,
2508 1099 2575 1148 ut
2605 1110 2673 1149 eo
2705 1094 3062 1150 exciderem.
3118 1095 3185 1150 In
3238 1094 3333 1150 his
3382 1095 3662 1151 omnibus
3694 1096 3826 1153 laus

2163 1180 2239 1235 sit
2271 1180 2467 1237 divino
2499 1181 2751 1239 nomini.
2781 1185 2985 1256 Neque
3008 1200 3142 1240 vero
3177 1190 3239 1240 tu
3269 1184 3467 1240 nescis
3523 1185 3722 1241 delata
3750 1186 3825 1242 ad

2162 1287 2257 1326 me
2288 1271 2470 1328 fuisse
2494 1271 2566 1329 de
2598 1272 2717 1329 tuis
2747 1274 2983 1331 insidiis
3008 1273 3252 1338 indicia,
3286 1273 3504 1345 quibus
3553 1276 3600 1331 si
3634 1275 3824 1332 credi-

2160 1361 2403 1432 dissem,
2434 1364 2679 1420 nemine
2713 1370 2946 1421 vetante
3004 1364 3341 1421 interficere
3392 1370 3451 1420 te
3502 1371 3768 1438 poteram
3806 1382 3820 1422 :

2159 1451 2263 1507 sed
2296 1453 2509 1525 partim
2533 1455 2896 1528 Juramentis
2926 1453 3044 1511 tuis
3076 1454 3254 1510 fidem
3286 1454 3820 1528 adhibens.partim

2159 1540 2266 1596 tibi
2301 1559 2574 1614 parcens,
2635 1544 2748 1600 ista
2795 1544 2999 1600 omnia
3054 1542 3307 1617 neglexi,
3351 1544 3471 1600 Deo
3529 1544 3587 1600 te
3634 1545 3820 1601 relin-

2157 1649 2367 1704 quens,
2400 1650 2518 1704 quo
2577 1640 2819 1690 auctore
2874 1650 3045 1707 reges
3095 1639 3347 1708 regnant
3401 1639 3461 1690 et
3516 1630 3817 1707 principes

2156 1720 2546 1778 dominantur
2596 1723 2763 1779 Nunc
2796 1723 2976 1779 etiam
2998 1723 3103 1778 tibi
3124 1729 3192 1779 ut
3219 1724 3317 1795 pio
3348 1728 3407 1779 et
3434 1739 3468 1780 a
3490 1724 3608 1779 Deo
3623 1723 3815 1780 adim-

2155 1812 2389 1883 perium
2422 1812 2989 1886 evectoimperatori
3022 1813 3316 1886 supplico,
3351 1817 3559 1885 petens
3589 1820 3813 1870 utmeas

379 1899 467 1955 ὑπ’
498 1899 636 1973 έμοῦ
665 1897 947 1955 κτισθέντα
979 1904 1091 1954 τῶν
1120 1898 1468 1973 Ἐλευθερίου
1525 1898 1706 1970 οἶκον,
1767 1898 1843 1961 εἷς
1894 1902 2025 1973 ψυχι

2156 1901 2578 1959 imbecillitatis
2599 1904 2894 1959 rationem
2926 1901 3429 1975 habens,patiaris
3460 1919 3554 1959 me
3578 1902 3816 1960 inhabi-

375 1991 623 2067 αγωγίαν
677 1997 778 2061 τῆς
847 1990 1172 2066 ἀσυγκρίτου
1232 2012 1336 2065 μου
1390 1995 1696 2066 συμφορᾶς.
1750 2014 1778 2043 ››
1836 1990 1894 2044 '0
1984 1987 2041 2045 δὲ

375 2079 500 2159 ἔφη·
538 2105 568 2134 ι(
602 2080 699 2135 Καὶ
732 2080 776 2136 εἰ
807 2084 968 2135 τοῦτο
1014 2080 1193 2144 θέλεις
1253 2102 1340 2136 σοι
1395 2078 1639 2157 γενέσθαι
1698 2079 1904 2155 δμοσόν
1940 2101 2036 2154 μοι

380 2172 457 2244 μὴ
489 2170 802 2245 ἀποκρύψαι
860 2191 912 2225 τι
976 2175 1085 2227 τῶν
1144 2173 1455 2248 θησαυρῶν,
1484 2170 1574 2226 καὶ
1613 2172 1787 2225 πᾶσαν
1819 2190 1915 2224 σου
1947 2171 2037 2225 θε-

378 2260 595 2336 ραπείαν
648 2265 812 2316 ποιῶ.
875 2285 903 2312 »ι
959 2262 1019 2318 'H
1080 2257 1138 2316 δὲ
1196 2259 1408 2334 ὤμοσεν
1479 2258 1655 2333 αὐτῷ,
1717 2256 2038 2331 ὑποδείξασα

370 2352 463 2406 καὶ
494 2350 732 2406 πλοῦτον
760 2349 871 2406 πολ
885 2350 955 2408 3v.
989 2351 1052 2405 ’0
1087 2347 1145 2405 δὲ
1172 2353 1272 2405 τοῦ
1303 2347 1647 2423 ποθουμένου
1676 2350 1865 2427 τυχὼν
1894 2370 2032 2422 παρ·

370 2440 497 2506 ευθϋ
530 2439 779 2514 ἐξώρισεν
824 2440 997 2508 αὐτὴν
1046 2438 1100 2496 ἂν
1159 2443 1229 2513 τῇ
1290 2441 1598 2515 [Ιριγκήπῳ
1652 2444 1780 2513 (28),
1840 2438 1919 2501 εἰς
2004 2440 2033 2495 ὃ

368 2529 503 2601 αὐτὴ
537 2526 869 2604 ᾠκοδόμησε
903 2530 1297 2604 μονασττςριον.
1364 2525 1518 2586 Ἰδὼν
1568 2526 1626 2584 δὲ
1669 2528 1873 2592 πάντας
1902 2529 2029 2593 τοὺς

366 2622 420 2677 ἐν
452 2620 602 2677 τέλει
627 2617 1009 2693 λυπουμένους
1038 2617 1122 2675 ἐπ’
1151 2619 1287 2692 αὐτῇ
1319 2616 1409 2675 διὰ
1438 2620 1538 2688 τήν
1569 2616 1876 2690 ἀπληστίαν
1930 2618 2028 2674 αὖ·

364 2727 489 2790 τοῦ,
520 2716 782 2802 φοϐηθεὶς
818 2722 895 2796 μή
931 2741 1065 2777 ποτε
1098 2722 1151 2776 οἱ
1178 2719 1303 2777 λαοὶ
1339 2717 1686 2796 μεμνημένοι
1720 2724 1827 2775 τῶν
1877 2718 2026 2797 εὔερ-

361 2817 557 2889 γεσιῶν
606 2811 776 2883 αὐτῆς
849 2809 1100 2886 μέλλωσι
1156 2810 1326 2867 πάλιν
1402 2811 1568 2882 αὐτὴν
1655 2810 2024 2886 ἀναγορεύειν,

361 2907 644 2983 χειμῶνος
676 2900 1029 2975 ἐπικειμένου
1093 2902 1397 2978 βαρυτάτου
1454 2900 1556 2957 οὐκ
1610 2900 1865 2975 ᾤκτειρεν
1922 2900 2025 2956 αὖ-

354 2995 478 3063 τήν,
504 2991 637 3049 ἀλλ’
668 2993 923 3067 ἐξώρισεν
978 2992 1056 3056 εἷς
1116 2991 1467 3065 Μιτυλήνην,
1528 2997 1883 3069 φρουρεῖσθαι
1930 2990 2023 3046 αὖ·

354 3083 455 3152 την
488 3081 809 3158 προστάξας.
865 3080 950 3156 Τῇ
1007 3078 1064 3137 δὶ
1110 3082 1158 3146 θ’
1210 3086 1308 3137 τοῦ
1356 3080 1679 3159 Αὐγούστου
1732 3081 1908 3155 μηνὸς
1961 3078 2023 3136 ἐκ

353 3171 537 3244 λύπης
576 3172 666 3228 καῖ
700 3170 927 3245 ἀθυμίας
958 3170 1305 3243 ἐτελεύτησεν
1364 3170 1416 3226 ἐν
1476 3174 1545 3245 τῇ
1605 3170 1743 3246 αὐτῇ
1802 3164 2021 3243 Λέσϐῳ.

356 3262 689 3336 Μετεκτέμισε
721 3257 779 3316 δὲ
806 3261 869 3318 τὸ
901 3266 1061 3332 σῶμα
1092 3261 1264 3330 αὐτῆς
1297 3260 1325 3316 ὁ
1361 3258 1617 3336 βασιλεὺς
1660 3258 1715 3316 ἑν
1768 3263 1837 3333 τῇ
1874 3266 2010 3334 μονῆ

353 3358 455 3421 τῆς
487 3354 830 3430 Πριγκήπου.
863 3351 932 3422 ἢν
966 3351 1099 3420 αὖτή
1143 3347 1495 3426 ᾠκοδόμησε.
1532 3347 1753 3427 Σφόδρα
1784 3349 1887 3426 γὰρ
1926 3348 2009 3405 εὖ·

356 3436 521 3509 σέϐης
552 3440 642 3496 καὶ
675 3439 964 3519 φιλάρετος
995 3438 1131 3495 οὖσα
1160 3436 1349 3496 πολλά
1403 3437 1722 3519 ξενοδοχεῖα
1760 3440 1851 3495 καὶ
1907 3462 2017 3517 γη-

359 3537 639 3610 ρωκομεῖα
694 3532 784 3587 καὶ
847 3533 1183 3606 μοναστήρια
1228 3531 1606 3596 κατεσκεύασε,
1688 3529 1780 3585 καὶ
1829 3530 2011 3611 φόρων

356 3622 695 3698 κουφισμοὺς
736 3622 827 3677 καὶ
884 3620 1031 3677 ἄλλα
1088 3618 1318 3676 πλεῖστα
1370 3620 1792 3695 κατωρθώσατο.
1855 3624 2015 3675 Κων-

352 3716 637 3766 σταντῖνον
672 3706 730 3765 δὲ
760 3709 851 3765 τὸν
885 3710 1000 3764 υἱὸν
1030 3710 1225 3779 αὐτῆς,
1258 3706 1596 3787 φιλαργυρίᾳ
1629 3706 1850 3780 μᾶλλον
1882 3706 2011 3781 ἀγό-

356 3820 511 3872 μενος
540 3795 577 3869 ἤ
611 3796 801 3872 οἷ’κτῳ,
868 3792 1245 3874 προσελάϐετο
1278 3796 1549 3851 συνέστιον
1596 3795 1766 3866 αὐτῷ,
1827 3794 2013 3868 οἰόμε-

346 3910 437 3953 νος
477 3889 715 3944 πλοῦτον
746 3888 1187 3965 ἐγκεκρυμμένον
1240 3887 1546 3964 φανερώσαι
1606 3886 1778 3957 αὐτῷ.
1835 3884 1895 3938 Ὀ
1953 3882 2011 3939 δὲ

346 3976 859 4059 φιλουρονοῦμενος
889 3979 980 4034 ὕπ’
1012 3977 1179 4033 αὐτοῦ
1211 3976 1510 4055 κουφότητι
1545 3977 1773 4050 γνώμης
1800 3970 2010 4029 ὑπέδει-

347 4072 429 4143 ξεν
457 4068 600 4142 αὖτῷ
624 4067 717 4125 τὸν
751 4066 804 4123 ἰν
836 4072 916 4140 τῷ
949 4066 1294 4141 ἡμικυκλίῳ,
1341 4065 1371 4121 ὅ
1425 4069 1514 4120 νῦν
1557 4061 1770 4140 λέγεται
1805 4063 2006 4140 Σίγμα,

346 4158 616 4234 θησαυρὸν
674 4157 1058 4214 ἀνακτισθέντα
1115 4153 1185 4213 δι’
1261 4155 1812 4229 ὁρθομαρμαρώσεως
1869 4157 2004 4227 (29).

346 4248 452 4305 Καὶ
480 4252 672 4304 τοῦτον
704 4246 1045 4325 ἀφελόμενος
1075 4245 1165 4301 καὶ
1222 4246 1386 4301 αὐτὸν
1445 4243 1656 4319 ὁμοίως
1699 4250 1769 4313 τῆ
1833 4241 2005 4318 μητρὶ

346 4337 512 4393 αὐτοῦ
543 4335 787 4413 παρεῖδε.
820 4338 904 4412 [Ρ.
935 4338 1064 4410 476]
1120 4342 1162 4392 Ν
1175 4337 1367 4407 ικήταν
1422 4354 1482 4390 τε
1533 4333 1625 4389 τὸν
1659 4329 2002 4413 Τριφῦλλιον

345 4428 513 4499 ἀξίως
541 4430 637 4495 τῆς
666 4428 859 4484 ἑαυτοῦ
916 4428 1146 4503 γνώμης
1205 4419 1593 4497 ἀμειϐόμενος,
1653 4422 1728 4485 ὡς
1758 4443 2005 4499 συναγω-

346 4518 591 4575 νισθέντα
620 4518 768 4590 αὖτῷ
797 4516 876 4582 εἷς
902 4515 966 4571 τὸ
994 4519 1290 4591 κατασχεῖν
1339 4515 1443 4584 τήν
1508 4509 1812 4590 βασιλείαν,
1865 4533 2001 4591 φαρ-

350 4607 509 4682 μάκῳ
543 4605 776 4679 ἀνεῖλεν,
810 4604 867 4662 εὖ
897 4626 961 4684 γε
986 4612 1087 4675 τῆς
1118 4604 1271 4676 ἀξίας
1301 4601 1712 4667 ἀνταποδιδούς.

2156 1996 2279 2047 tare
2311 1991 2554 2048 domum
2580 1991 3059 2049 Eleutherianam
3095 2009 3131 2049 a
3188 2008 3283 2048 me
3339 1991 3661 2059 conditam,
3695 2011 3812 2065 quo

2148 2079 2686 2153 incomparabilem
2720 2098 2913 2139 meam
2937 2082 3214 2138 consoler
3242 2080 3701 2138 calamitatem.»
3720 2081 3810 2138 Ad

2147 2169 2275 2226 haec
2334 2172 2701 2243 Nicephorus
2754 2171 3081 2244 respondit.
3144 2172 3384 2242 quando
3453 2171 3536 2227 ita
3588 2170 3809 2244 cupiat,

2146 2286 2208 2326 se
2242 2287 2351 2343 per
2380 2272 2585 2327 omnia
2614 2272 2667 2327 ei
2693 2270 3109 2328 liberalissime
3127 2270 3595 2344 gratiﬁcaturum
3616 2286 3629 2326 :
3654 2260 3804 2329 881

2132 2360 2372 2431 juraret
2418 2361 2594 2418 modo
2646 2360 2885 2418 nullum
2945 2378 3007 2418 se
3063 2362 3410 2418 thesaurum
3460 2361 3805 2419 celaturam.

2136 2450 2363 2507 Juravit
2396 2453 2588 2517 lrena,
2624 2458 2681 2507 et
2713 2468 2956 2526 magnas
2987 2452 3040 2507 ei
3093 2470 3238 2524 opes
3295 2455 3804 2512 commonstravit.

2140 2540 2253 2599 Sed
2285 2542 2653 2615 Nicephorus
2684 2543 2904 2615 optatis
2946 2544 3191 2615 potitus,
3225 2543 3425 2599 statim
3459 2560 3589 2600 eam
3645 2544 3802 2603 releo

2138 2631 2295 2705 gavit
2322 2630 2381 2686 in
2401 2632 2830 2688 monasterium
2848 2632 3005 2704 quod
3027 2632 3088 2687 in
3110 2630 3403 2705 Principis
3419 2624 3717 2705 appellata
3738 2634 3799 2690 in

2137 2721 2268 2778 sula
2298 2720 2428 2794 ipsa
2458 2720 2827 2778 condiderat.
2861 2722 3125 2778 Cernens
3146 2721 3361 2778 deinde
3393 2721 3797 2781 insatiabilem

2134 2828 2302 2867 suam
2327 2812 2633 2867 avaritiam
2649 2810 2928 2867 omnibus
2941 2811 3289 2884 proceribus
3312 2811 3627 2869 molestam
3642 2831 3796 2887 esse,

2086 2886 2101 2895 ’
2132 2902 2195 2957 in
2230 2907 2456 2957 metum
2519 2901 2677 2957 venit
2722 2919 2797 2958 ne
2849 2901 3108 2975 populus
3162 2900 3486 2974 aliquando
3535 2901 3795 2973 Irenam,

2132 2989 2424 3046 memoria
2453 2994 2836 3061 acceptorum
2867 2989 2940 3045 ab
2985 3006 3056 3047 ea
3112 2989 3543 3048 beneﬁciorum
3574 2998 3789 3064 motus,

2128 3076 2203 3133 ad
2230 3076 2548 3149 imperium
2580 3083 2925 3148 revocaret;
2959 3077 3181 3134 idcirco
3216 3096 3348 3136 eam
3380 3079 3606 3152 absque
3625 3081 3792 3137 omni

2127 3166 2513 3221 miseratione
2544 3165 2891 3240 Mitylenem
2939 3165 3249 3241 relegavit,
3309 3168 3659 3242 gravissima
3688 3168 3793 3223 im-

2127 3255 2396 3311 minente
2432 3261 2805 3328 tempestate.
2840 3259 3032 3328 Atque
3059 3256 3139 3312 ibi
3174 3257 3279 3314 illa
3308 3258 3369 3313 in
3388 3257 3789 3314 Lesboinsula

2125 3362 2198 3400 ex
2252 3345 2438 3402 animi
2506 3344 2856 3412 aegritudine
2914 3344 3192 3415 decessit,
3252 3350 3284 3401 9
3342 3346 3587 3414 Augusti
3663 3346 3783 3405 die.

2118 3436 2344 3507 Corpus
2375 3437 2505 3505 ejus
2536 3435 2862 3506 imperator
2890 3435 2953 3489 in
3012 3436 3438 3491 monasterium
3491 3436 3782 3508 Principis

2118 3524 2345 3591 retulit,
2379 3524 2538 3597 quod
2570 3523 2643 3579 ab
2675 3541 2746 3579 ea
2775 3524 2955 3580 fuisse
2996 3524 3353 3581 aedificatum
3383 3524 3776 3585 ostendimus.

2115 3615 2262 3671 Nam
2296 3632 2400 3687 pro
2430 3615 2647 3687 insigni
2679 3615 2898 3687 pietatc
2928 3631 2997 3671 ac
3045 3615 3257 3672 virtute
3287 3632 3394 3672 sua
3450 3616 3642 3672 multa
3671 3634 3776 3689 pro

2116 3703 2477 3778 recipiendis
2509 3704 2842 3776 peregrinis
2872 3711 2933 3759 et
2959 3704 3227 3761 fovendis
3240 3706 3483 3762 senibus
3499 3705 3770 3776 aedilicia,

2117 3794 2309 3851 multa
2339 3794 2702 3851 monasteria
2740 3790 3113 3858 condiderat,
3175 3787 3477 3853 annonam
3533 3813 3771 3869 quoque

2115 3884 2396 3939 leviorem
2430 3884 2758 3957 redegerat,
2791 3884 3029 3956 aliaque
3062 3885 3252 3941 multa
3299 3886 3587 3961 praeclara
3616 3886 3772 3943 facta

2114 3973 2402 4029 ediderat.
2438 3974 2621 4027 Porro
2652 3973 3016 4045 Nicephorus
3073 3970 3531 4032 Constantinum
3570 3977 3772 4033 lrenes

2114 4062 2330 4127 ﬁlium,
2355 4062 2602 4117 avaritia
2632 4061 2821 4133 magis
2846 4061 3061 4117 ductus
3105 4079 3284 4134 quam
3337 4064 3769 4135 misericordia,

2111 4155 2174 4210 in
2206 4169 2379 4208 suum
2414 4150 2874 4207 contubernium
2920 4152 3166 4224 recepit.
3199 4169 3305 4225 spe
3355 4152 3770 4211 thesaurorum

2110 4244 2183 4300 ab
2215 4260 2285 4299 eo
2318 4240 2685 4316 percipiendi
2711 4239 2933 4296 indicia
2956 4258 2969 4296 :
2991 4248 3048 4297 et
3072 4242 3313 4314 quidem
3337 4244 3587 4299 comiter
3610 4243 3682 4300 ab
3701 4261 3772 4301 eo

2108 4339 2397 4390 tractatus
2456 4330 2905 4399 Constantinus,
2964 4335 3033 4387 ut
3089 4338 3218 4388 erat
3290 4332 3448 4389 futili
3505 4330 3767 4409 ingenio,

2109 4421 2538 4481 demonstravit
2559 4421 2612 4476 ei
2642 4422 2990 4477 thesaurum
3039 4421 3103 4478 in
3132 4421 3516 4479 Semicirculo
3546 4420 3765 4500 (Sigma

2106 4514 2283 4570 hodie
2313 4510 2546 4584 vocant)
2581 4510 2872 4580 abditum,
2928 4510 3038 4568 sub
3084 4506 3300 4569 erectis
3364 4514 3763 4572 marmoribus

2108 4606 2447 4660 constructo
2469 4618 2640 4659 muro
2672 4619 2687 4671 ;
2721 4616 2900 4673 quem
2948 4604 3157 4658 nactus
3188 4602 3551 4678 Nicephorus
3582 4604 3763 4663 iStum

344 4715 467 4754 non
505 4713 677 4754 secus
706 4713 775 4753 ac
805 4702 1057 4752 matrem
1087 4694 1370 4767 neglexit.
1401 4695 1669 4751 Nicetam
1698 4710 1834 4752 vero
1863 4693 2280 4768 Triphyllium,
2313 4690 2487 4763 cujus
2516 4695 2761 4746 strenua
2789 4705 2971 4762 opera
3020 4691 3083 4747 in
3116 4692 3368 4766 imperio
3397 4692 3764 4769 acquirendo

345 4805 490 4844 usus
513 4787 727 4854 fuerat,
760 4786 1046 4860 praeclare
1078 4786 1307 4842 scilicet
1337 4785 1524 4842 relata
1552 4785 1760 4858 gratia,
1790 4801 2017 4841 veneno
2050 4782 2311 4840 sustulit.

418 4881 714 4960 Βαρδάνιος
745 4881 803 4940 δὲ
838 4890 939 4953 τῆς
975 4881 1279 4953 Ἀνατολῆς
1310 4881 1614 4958 στρατηγὸς
1642 4880 1716 4937 ὢν
1741 4883 1798 4937 ἒν
1822 4883 2000 4955 ἑαυτῷ

345 4972 621 5055 ἒφρόντιζε
653 4979 751 5044 τῆς
814 4969 1091 5049 βασιλείας
1142 4967 1519 5035 ἐπιλαϐέσθαι.
1574 4972 1685 5042 Τήν
1718 4966 2004 5048 διατριϐἡν

346 5061 404 5121 δὲ
462 5066 516 5121 ιν
560 5068 641 5138 τῷ
698 5062 1027 5137 Φιλομιλίῳ
1083 5062 1415 5135 ποιούμενος
1475 5066 1705 5138 μοναχῷ
1733 5083 1842 5117 τινι
1897 5064 2007 5117 τῶν

343 5154 710 5229 προγνώσεως
740 5149 1063 5227 ἠξιωμένων
1092 5152 1160 5207 τὰ
1187 5158 1288 5223 τῆς
1330 5147 1541 5228 βουλῆς
1601 5150 2000 5217 ἀνακοινοῦται,

345 5243 631 5318 συνίστορα
658 5240 804 5320 ἔχων
843 5240 1045 5298 Λέοντα
1108 5243 1201 5297 τὸν
1252 5241 1564 5317 Ἀρμένιον.
1618 5241 1887 5303 ’Λκοῦσας
1948 5239 2008 5296 δὲ

342 5333 503 5398 οὗτος
534 5335 564 5390 ὁ
595 5330 892 5411 Βαρδάνιος
924 5331 1071 5410 παρᾶ
1098 5335 1197 5388 τοῦ
1231 5336 1482 5408 μοναχοῦ
1540 5334 1641 5403 τὴν
1699 5339 1801 5402 τῆς
1831 5332 2006 5387 αὐτοῦ

2182 4880 2335 4937 882
2374 4881 2455 4935 Eo
2512 4884 2779 4953 tempore
2836 4874 3167 4938 Bardanius
3209 4882 3453 4956 quidam
3508 4884 3766 4943 Orientis

2118 4970 2255 5035 dux,
2289 4970 2360 5026 de
2414 4968 2667 5041 imperio
2715 4969 2827 5025 sibi
2880 4970 3235 5029 vindicando
3291 4976 3577 5048 cogitans,
3630 4994 3768 5034 cum

2117 5059 2360 5131 degeret
2388 5057 2744 5127 Philomelii,
2776 5060 3091 5117 consilium
3122 5078 3297 5116 suum
3331 5064 3622 5119 monacho
3647 5065 3773 5120 cui-

2118 5149 2277 5216 dam,
2310 5165 2487 5221 quem
2515 5146 2851 5205 futurorum
2884 5150 3261 5222 praescientia
3309 5150 3463 5208 Deus
3494 5151 3769 5221 dignatus

2116 5239 2331 5308 fuerat,
2362 5238 2827 5311 aperit.conscio
2858 5240 2943 5294 rei
2964 5239 3154 5295 Leone
3187 5241 3776 5299 Armenio.Pra:dixit

2119 5331 2172 5387 ei
2206 5332 2557 5396 monachus,
2605 5329 2655 5385 si
2714 5329 3030 5401 imperium
3087 5330 3412 5401 aﬂ‘ectaret,
3444 5337 3506 5389 et
3557 5332 3771 5405 Opibus

1518 5434 1896 5490 XYLANDRI
1938 5432 2024 5486 ET
2064 5429 2285 5485 GOARI
2323 5429 2550 5486 ΝΟΤᾸΞ.

416 5534 529 5607 (28)
557 5535 844 5607 Zonaram
878 5537 1116 5588 secutus
1108 5547 1292 5607 _sum,
1323 5532 1558 5607 tametsi
1582 5531 2002 5607 nostercrebro

342 5602 433 5663 ita
464 5602 743 5679 appellat.
774 5605 922 5679 va.
984 5634 1053 5679 --_
1107 5603 1190 5679 Tr]
1252 5605 1571 5679 ΙΙρι-μήπῳ.
1607 5602 2002 5679 Propontidos

341 5676 729 5735 insula—infra
756 5676 1004 5749 Cpolim,
1036 5677 1099 5731 in
1128 5676 1421 5749 Astaceno
1452 5677 1609 5745 sinu,
1633 5678 1806 5749 Gosn.

413 5754 527 5824 (29)
559 5753 737 5807 Arcus
783 5747 1006 5819 aediﬁcii
1052 5747 1494 5805 semicirculum
1552 5754 1612 5806 et
1685 5748 1999 5819 antiquum

2117 5524 2283 5600 σίγμα
2308 5526 2605 5600 ΟΑΓΘΪΘΓι,
2657 5531 2717 5600 et
2763 5523 2990 5597 junctis
3044 5526 3204 5583 inter
3252 5546 3314 5585 se
3369 5531 3767 5590 marmoribus

2111 5598 2498 5655 construitur.
2582 5599 2695 5655 Sub
2747 5601 2938 5653 erectis
3004 5602 3369 5660 marmoribus
3423 5612 3766 5662 constructus

2108 5688 2297 5729 murus
2326 5669 2698 5728 inconditum
2730 5676 2822 5726 est
2863 5668 3151 5743 Xylandri
3208 5672 3553 5739 editicium.
3585 5676 3763 5739 Con.“
