  <div class='ocr_page' id='page_1' title='image "/cluster/home/n/w/nwhite01/storage/ocr_20150623/121:no.1/coo.31924054870260/469.png"; bbox 0 0 4112 6420; ppageno 0'>
   <div class='ocr_carea' id='block_1_1' title="bbox 302 375 422 455">
    <p class='ocr_par' dir='ltr' id='par_1_1' title="bbox 302 375 422 455">
     <span class='ocr_line' id='line_1_1' title="bbox 302 375 422 455; baseline 0.008 -13"><span class='ocrx_word' id='word_1_1' title='bbox 302 375 422 455; x_wconf 11' lang='grc'>,915</span> 
     </span>
    </p>
   </div>
   <div class='ocr_carea' id='block_1_2' title="bbox 1654 366 2386 441">
    <p class='ocr_par' dir='ltr' id='par_1_2' title="bbox 1654 366 2386 441">
     <span class='ocr_line' id='line_1_2' title="bbox 1654 366 2386 441; baseline -0.011 0"><span class='ocrx_word' id='word_1_2' title='bbox 1654 371 1999 441; x_wconf 67' lang='lat' dir='ltr'>GEORGII</span> <span class='ocrx_word' id='word_1_3' title='bbox 2041 366 2386 437; x_wconf 81' lang='lat' dir='ltr'>CEDRENI</span> 
     </span>
    </p>
   </div>
   <div class='ocr_carea' id='block_1_3' title="bbox 3599 362 3721 430">
    <p class='ocr_par' dir='ltr' id='par_1_3' title="bbox 3599 362 3721 430">
     <span class='ocr_line' id='line_1_3' title="bbox 3599 362 3721 430; baseline 0.016 -2"><span class='ocrx_word' id='word_1_4' title='bbox 3599 362 3721 430; x_wconf 80' lang='lat'>916</span> 
     </span>
    </p>
   </div>
   <div class='ocr_carea' id='block_1_4' title="bbox 310 497 1977 588">
    <p class='ocr_par' dir='ltr' id='par_1_4' title="bbox 310 511 1959 588">
     <span class='ocr_line' id='line_1_4' title="bbox 310 511 1959 588; baseline -0.003 -17"><span class='ocrx_word' id='word_1_5' title='bbox 310 517 434 572; x_wconf 85' lang='lat' dir='ltr'>suis</span> <span class='ocrx_word' id='word_1_6' title='bbox 467 519 525 571; x_wconf 90' lang='lat' dir='ltr'>et</span> <span class='ocrx_word' id='word_1_7' title='bbox 557 514 743 572; x_wconf 89' lang='lat' dir='ltr'>oculis</span> <span class='ocrx_word' id='word_1_8' title='bbox 775 514 1093 588; x_wconf 83' lang='lat' dir='ltr'>spoliatum</span> <span class='ocrx_word' id='word_1_9' title='bbox 1122 512 1216 570; x_wconf 89' lang='lat' dir='ltr'>iri.</span> <span class='ocrx_word' id='word_1_10' title='bbox 1248 513 1392 571; x_wconf 87' lang='lat' dir='ltr'>Cum</span> <span class='ocrx_word' id='word_1_11' title='bbox 1423 512 1608 570; x_wconf 87' lang='lat' dir='ltr'>tristis</span> <span class='ocrx_word' id='word_1_12' title='bbox 1623 511 1959 569; x_wconf 90' lang='lat' dir='ltr'>discederet</span> 
     </span>
    </p>
   </div>
   <div class='ocr_carea' id='block_1_5' title="bbox 2091 497 3721 588">
    <p class='ocr_par' dir='ltr' id='par_1_5' title="bbox 2091 497 3721 583">
     <span class='ocr_line' id='line_1_5' title="bbox 2091 497 3721 583; baseline -0.004 -21"><span class='ocrx_word' id='word_1_13' title='bbox 2091 506 2386 583; x_wconf 80' lang='grc' dir='ltr'>τεριουσίας</span> <span class='ocrx_word' id='word_1_14' title='bbox 2416 502 2691 582; x_wconf 68' lang='grc' dir='ltr'>ἀφαίρεσιν</span> <span class='ocrx_word' id='word_1_15' title='bbox 2739 501 2830 558; x_wconf 81' lang='grc' dir='ltr'>καὶ</span> <span class='ocrx_word' id='word_1_16' title='bbox 2883 503 2991 557; x_wconf 78' lang='grc' dir='ltr'>τῶν</span> <span class='ocrx_word' id='word_1_17' title='bbox 3063 497 3362 579; x_wconf 71' lang='grc' dir='ltr'>ὀφθαλμῶν</span> <span class='ocrx_word' id='word_1_18' title='bbox 3387 499 3491 569; x_wconf 73' lang='grc' dir='ltr'>τὴν</span> <span class='ocrx_word' id='word_1_19' title='bbox 3524 502 3721 573; x_wconf 68' lang='grc' dir='ltr'>πήρω-</span> 
     </span>
    </p>
   </div>
   <div class='ocr_carea' id='block_1_6' title="bbox 310 602 1958 677">
    <p class='ocr_par' dir='ltr' id='par_1_6' title="bbox 310 602 1958 677">
     <span class='ocr_line' id='line_1_6' title="bbox 310 602 1958 677; baseline -0.002 -16"><span class='ocrx_word' id='word_1_20' title='bbox 310 606 642 662; x_wconf 87' lang='lat' dir='ltr'>Bardanius</span> <span class='ocrx_word' id='word_1_21' title='bbox 698 606 1026 677; x_wconf 84' lang='lat' dir='ltr'>famulique</span> <span class='ocrx_word' id='word_1_22' title='bbox 1075 621 1258 675; x_wconf 89' lang='lat' dir='ltr'>equos</span> <span class='ocrx_word' id='word_1_23' title='bbox 1310 602 1674 660; x_wconf 79' lang='lat' dir='ltr'>adducerent</span> <span class='ocrx_word' id='word_1_24' title='bbox 1729 603 1791 658; x_wconf 92' lang='lat' dir='ltr'>in</span> <span class='ocrx_word' id='word_1_25' title='bbox 1848 603 1958 658; x_wconf 88' lang='lat' dir='ltr'>hos</span> 
     </span>
    </p>
   </div>
   <div class='ocr_carea' id='block_1_7' title="bbox 311 691 1955 766">
    <p class='ocr_par' dir='ltr' id='par_1_7' title="bbox 311 691 1955 766">
     <span class='ocr_line' id='line_1_7' title="bbox 311 691 1955 766; baseline -0.003 -17"><span class='ocrx_word' id='word_1_26' title='bbox 311 694 562 751; x_wconf 85' lang='lat' dir='ltr'>intuitus</span> <span class='ocrx_word' id='word_1_27' title='bbox 587 696 917 751; x_wconf 82' lang='lat' dir='ltr'>monachus</span> <span class='ocrx_word' id='word_1_28' title='bbox 947 694 1159 750; x_wconf 82' lang='lat' dir='ltr'>reverti</span> <span class='ocrx_word' id='word_1_29' title='bbox 1190 694 1263 749; x_wconf 92' lang='lat' dir='ltr'>ad</span> <span class='ocrx_word' id='word_1_30' title='bbox 1296 710 1356 749; x_wconf 90' lang='lat' dir='ltr'>se</span> <span class='ocrx_word' id='word_1_31' title='bbox 1381 693 1734 750; x_wconf 89' lang='lat' dir='ltr'>Bardanium</span> <span class='ocrx_word' id='word_1_32' title='bbox 1751 691 1955 766; x_wconf 88' lang='lat' dir='ltr'>jussit,</span> 
     </span>
    </p>
   </div>
   <div class='ocr_carea' id='block_1_8' title="bbox 308 784 1959 858">
    <p class='ocr_par' dir='ltr' id='par_1_8' title="bbox 308 784 1959 858">
     <span class='ocr_line' id='line_1_8' title="bbox 308 784 1959 858; baseline -0.002 -18"><span class='ocrx_word' id='word_1_33' title='bbox 308 787 693 858; x_wconf 86' lang='lat' dir='ltr'>sperantique</span> <span class='ocrx_word' id='word_1_34' title='bbox 724 786 949 857; x_wconf 87' lang='lat' dir='ltr'>aliquid</span> <span class='ocrx_word' id='word_1_35' title='bbox 977 803 1038 842; x_wconf 82' lang='lat' dir='ltr'>se</span> <span class='ocrx_word' id='word_1_36' title='bbox 1057 802 1259 842; x_wconf 88' lang='lat' dir='ltr'>eorum</span> <span class='ocrx_word' id='word_1_37' title='bbox 1275 804 1406 858; x_wconf 71' lang='lat' dir='ltr'>qum</span> <span class='ocrx_word' id='word_1_38' title='bbox 1424 786 1700 858; x_wconf 91' lang='lat' dir='ltr'>cupiebat</span> <span class='ocrx_word' id='word_1_39' title='bbox 1720 784 1959 841; x_wconf 89' lang='lat' dir='ltr'>auditu-</span> 
     </span>
    </p>
   </div>
   <div class='ocr_carea' id='block_1_9' title="bbox 307 872 1958 948">
    <p class='ocr_par' dir='ltr' id='par_1_9' title="bbox 307 872 1958 948">
     <span class='ocr_line' id='line_1_9' title="bbox 307 872 1958 948; baseline -0.002 -18"><span class='ocrx_word' id='word_1_40' title='bbox 307 892 463 939; x_wconf 87' lang='lat' dir='ltr'>rum,</span> <span class='ocrx_word' id='word_1_41' title='bbox 517 876 711 931; x_wconf 88' lang='lat' dir='ltr'>denuo</span> <span class='ocrx_word' id='word_1_42' title='bbox 752 876 1036 947; x_wconf 68' lang='lat' dir='ltr'>praecepit</span> <span class='ocrx_word' id='word_1_43' title='bbox 1106 892 1181 932; x_wconf 90' lang='lat' dir='ltr'>ne</span> <span class='ocrx_word' id='word_1_44' title='bbox 1236 875 1308 931; x_wconf 91' lang='lat' dir='ltr'>de</span> <span class='ocrx_word' id='word_1_45' title='bbox 1372 875 1655 948; x_wconf 90' lang='lat' dir='ltr'>potiundo</span> <span class='ocrx_word' id='word_1_46' title='bbox 1706 872 1958 946; x_wconf 87' lang='lat' dir='ltr'>imperio</span> 
     </span>
    </p>
   </div>
   <div class='ocr_carea' id='block_1_10' title="bbox 307 962 1963 1037">
    <p class='ocr_par' dir='ltr' id='par_1_10' title="bbox 307 962 1963 1037">
     <span class='ocr_line' id='line_1_10' title="bbox 307 962 1963 1037; baseline -0.002 -18"><span class='ocrx_word' id='word_1_47' title='bbox 307 965 631 1036; x_wconf 85' lang='lat' dir='ltr'>quidquam</span> <span class='ocrx_word' id='word_1_48' title='bbox 665 965 950 1037; x_wconf 85' lang='lat' dir='ltr'>cogitaret</span> <span class='ocrx_word' id='word_1_49' title='bbox 982 980 996 1018; x_wconf 87' lang='lat'><strong>:</strong></span> <span class='ocrx_word' id='word_1_50' title='bbox 1028 981 1166 1020; x_wconf 88' lang='lat' dir='ltr'>nam</span> <span class='ocrx_word' id='word_1_51' title='bbox 1202 965 1323 1020; x_wconf 83' lang='lat' dir='ltr'>sive</span> <span class='ocrx_word' id='word_1_52' title='bbox 1356 964 1416 1020; x_wconf 90' lang='lat' dir='ltr'>id</span> <span class='ocrx_word' id='word_1_53' title='bbox 1445 965 1601 1020; x_wconf 88' lang='lat' dir='ltr'>ultro</span> <span class='ocrx_word' id='word_1_54' title='bbox 1635 964 1753 1019; x_wconf 87' lang='lat' dir='ltr'>sive</span> <span class='ocrx_word' id='word_1_55' title='bbox 1788 962 1963 1018; x_wconf 87' lang='lat' dir='ltr'>aliter</span> 
     </span>
    </p>
   </div>
   <div class='ocr_carea' id='block_1_11' title="bbox 305 1052 1959 1128">
    <p class='ocr_par' dir='ltr' id='par_1_11' title="bbox 305 1052 1959 1128">
     <span class='ocr_line' id='line_1_11' title="bbox 305 1052 1959 1128; baseline -0.002 -20"><span class='ocrx_word' id='word_1_56' title='bbox 305 1058 641 1109; x_wconf 83' lang='lat' dir='ltr'>tentaturus</span> <span class='ocrx_word' id='word_1_57' title='bbox 674 1058 846 1121; x_wconf 83' lang='lat' dir='ltr'>esset,</span> <span class='ocrx_word' id='word_1_58' title='bbox 866 1054 990 1109; x_wconf 89' lang='lat' dir='ltr'>fore</span> <span class='ocrx_word' id='word_1_59' title='bbox 1005 1059 1070 1109; x_wconf 88' lang='lat' dir='ltr'>ut</span> <span class='ocrx_word' id='word_1_60' title='bbox 1093 1071 1224 1110; x_wconf 91' lang='lat' dir='ltr'>cum</span> <span class='ocrx_word' id='word_1_61' title='bbox 1243 1056 1454 1128; x_wconf 91' lang='lat' dir='ltr'>opibus</span> <span class='ocrx_word' id='word_1_62' title='bbox 1476 1055 1680 1111; x_wconf 91' lang='lat' dir='ltr'>oculos</span> <span class='ocrx_word' id='word_1_63' title='bbox 1697 1052 1959 1119; x_wconf 88' lang='lat' dir='ltr'>amittat;</span> 
     </span>
    </p>
   </div>
   <div class='ocr_carea' id='block_1_12' title="bbox 308 1142 1966 1215">
    <p class='ocr_par' dir='ltr' id='par_1_12' title="bbox 308 1142 1966 1215">
     <span class='ocr_line' id='line_1_12' title="bbox 308 1142 1966 1215; baseline -0.002 -18"><span class='ocrx_word' id='word_1_64' title='bbox 308 1146 587 1197; x_wconf 82' lang='lat' dir='ltr'>caeterum</span> <span class='ocrx_word' id='word_1_65' title='bbox 616 1159 687 1197; x_wconf 86' lang='lat' dir='ltr'>ex</span> <span class='ocrx_word' id='word_1_66' title='bbox 720 1142 792 1198; x_wconf 89' lang='lat' dir='ltr'>iis</span> <span class='ocrx_word' id='word_1_67' title='bbox 824 1142 925 1213; x_wconf 94' lang='lat' dir='ltr'>qui</span> <span class='ocrx_word' id='word_1_68' title='bbox 956 1159 1143 1215; x_wconf 90' lang='lat' dir='ltr'>equos</span> <span class='ocrx_word' id='word_1_69' title='bbox 1170 1143 1579 1208; x_wconf 87' lang='lat' dir='ltr'>adduxissent,</span> <span class='ocrx_word' id='word_1_70' title='bbox 1611 1143 1875 1215; x_wconf 88' lang='lat' dir='ltr'>primum</span> <span class='ocrx_word' id='word_1_71' title='bbox 1907 1144 1966 1195; x_wconf 92' lang='lat' dir='ltr'>et</span> 
     </span>
    </p>
   </div>
   <div class='ocr_carea' id='block_1_13' title="bbox 309 1229 1963 1304">
    <p class='ocr_par' dir='ltr' id='par_1_13' title="bbox 309 1229 1963 1304">
     <span class='ocr_line' id='line_1_13' title="bbox 309 1229 1963 1304; baseline -0.002 -17"><span class='ocrx_word' id='word_1_72' title='bbox 309 1230 641 1287; x_wconf 88' lang='lat' dir='ltr'>secundum</span> <span class='ocrx_word' id='word_1_73' title='bbox 674 1229 1011 1287; x_wconf 88' lang='lat' dir='ltr'>diademate</span> <span class='ocrx_word' id='word_1_74' title='bbox 1044 1233 1376 1304; x_wconf 89' lang='lat' dir='ltr'>potituros:</span> <span class='ocrx_word' id='word_1_75' title='bbox 1426 1232 1670 1287; x_wconf 89' lang='lat' dir='ltr'>tertium</span> <span class='ocrx_word' id='word_1_76' title='bbox 1728 1245 1963 1302; x_wconf 90' lang='lat' dir='ltr'>quoque</span> 
     </span>
    </p>
   </div>
   <div class='ocr_carea' id='block_1_14' title="bbox 308 1320 1964 1393">
    <p class='ocr_par' dir='ltr' id='par_1_14' title="bbox 308 1320 1964 1393">
     <span class='ocr_line' id='line_1_14' title="bbox 308 1320 1964 1393; baseline -0.001 -18"><span class='ocrx_word' id='word_1_77' title='bbox 308 1320 733 1393; x_wconf 86' lang='lat' dir='ltr'>imperatorem</span> <span class='ocrx_word' id='word_1_78' title='bbox 756 1320 1120 1378; x_wconf 88' lang='lat' dir='ltr'>declaratum</span> <span class='ocrx_word' id='word_1_79' title='bbox 1151 1322 1355 1393; x_wconf 90' lang='lat' dir='ltr'>iri,sed</span> <span class='ocrx_word' id='word_1_80' title='bbox 1386 1322 1587 1377; x_wconf 87' lang='lat' dir='ltr'>statim</span> <span class='ocrx_word' id='word_1_81' title='bbox 1608 1320 1964 1393; x_wconf 88' lang='lat' dir='ltr'>periturum,</span> 
     </span>
    </p>
   </div>
   <div class='ocr_carea' id='block_1_15' title="bbox 310 1408 1966 1483">
    <p class='ocr_par' dir='ltr' id='par_1_15' title="bbox 310 1408 1966 1483">
     <span class='ocr_line' id='line_1_15' title="bbox 310 1408 1966 1483; baseline -0.002 -18"><span class='ocrx_word' id='word_1_82' title='bbox 310 1410 558 1465; x_wconf 89' lang='lat' dir='ltr'>minime</span> <span class='ocrx_word' id='word_1_83' title='bbox 597 1417 983 1467; x_wconf 87' lang='lat' dir='ltr'>consecutum</span> <span class='ocrx_word' id='word_1_84' title='bbox 1043 1411 1202 1483; x_wconf 91' lang='lat' dir='ltr'>quod</span> <span class='ocrx_word' id='word_1_85' title='bbox 1261 1411 1580 1483; x_wconf 86' lang='lat' dir='ltr'>cupiverat.</span> <span class='ocrx_word' id='word_1_86' title='bbox 1640 1408 1966 1465; x_wconf 89' lang='lat' dir='ltr'>Bardanius</span> 
     </span>
    </p>
   </div>
   <div class='ocr_carea' id='block_1_16' title="bbox 310 1498 1964 1572">
    <p class='ocr_par' dir='ltr' id='par_1_16' title="bbox 310 1498 1964 1572">
     <span class='ocr_line' id='line_1_16' title="bbox 310 1498 1964 1572; baseline -0.002 -17"><span class='ocrx_word' id='word_1_87' title='bbox 310 1499 422 1555; x_wconf 91' lang='lat' dir='ltr'>hoc</span> <span class='ocrx_word' id='word_1_88' title='bbox 452 1517 807 1572; x_wconf 88' lang='lat' dir='ltr'>responsum</span> <span class='ocrx_word' id='word_1_89' title='bbox 837 1500 1329 1570; x_wconf 86' lang='lat' dir='ltr'>Leoni,Michaelo</span> <span class='ocrx_word' id='word_1_90' title='bbox 1344 1501 1650 1556; x_wconf 74' lang='lat' dir='ltr'>etThomae</span> <span class='ocrx_word' id='word_1_91' title='bbox 1664 1498 1931 1555; x_wconf 86' lang='lat' dir='ltr'>recitavit</span> <span class='ocrx_word' id='word_1_92' title='bbox 1951 1514 1964 1551; x_wconf 92' lang='lat'>:</span> 
     </span>
    </p>
   </div>
   <div class='ocr_carea' id='block_1_17' title="bbox 311 1589 1969 1663">
    <p class='ocr_par' dir='ltr' id='par_1_17' title="bbox 311 1589 1969 1663">
     <span class='ocr_line' id='line_1_17' title="bbox 311 1589 1969 1663; baseline 0.001 -23"><span class='ocrx_word' id='word_1_93' title='bbox 311 1611 340 1640; x_wconf 83' lang='lat'><strong>«</strong></span> <span class='ocrx_word' id='word_1_94' title='bbox 368 1589 455 1644; x_wconf 89' lang='lat' dir='ltr'>Tu</span> <span class='ocrx_word' id='word_1_95' title='bbox 490 1590 755 1661; x_wconf 86' lang='lat' dir='ltr'>quidem,</span> <span class='ocrx_word' id='word_1_96' title='bbox 787 1607 820 1645; x_wconf 95' lang='lat' dir='ltr'>o</span> <span class='ocrx_word' id='word_1_97' title='bbox 849 1589 1969 1663; x_wconf 83' lang='lat' dir='ltr'>Leo,inquiens,imperator,etThomas</span> 
     </span>
    </p>
   </div>
   <div class='ocr_carea' id='block_1_18' title="bbox 315 1678 1967 1753">
    <p class='ocr_par' dir='ltr' id='par_1_18' title="bbox 315 1678 1967 1753">
     <span class='ocr_line' id='line_1_18' title="bbox 315 1678 1967 1753; baseline -0.001 -20"><span class='ocrx_word' id='word_1_98' title='bbox 315 1678 645 1751; x_wconf 87' lang='lat' dir='ltr'>imperator</span> <span class='ocrx_word' id='word_1_99' title='bbox 676 1681 1037 1753; x_wconf 84' lang='lat' dir='ltr'>designatus,</span> <span class='ocrx_word' id='word_1_100' title='bbox 1082 1697 1114 1736; x_wconf 89' lang='lat' dir='ltr'>a</span> <span class='ocrx_word' id='word_1_101' title='bbox 1164 1679 1445 1737; x_wconf 89' lang='lat' dir='ltr'>Michaelo</span> <span class='ocrx_word' id='word_1_102' title='bbox 1502 1678 1967 1747; x_wconf 82' lang='lat' dir='ltr'>interﬁciemini,</span> 
     </span>
    </p>
   </div>
   <div class='ocr_carea' id='block_1_19' title="bbox 321 1768 1971 1841">
    <p class='ocr_par' dir='ltr' id='par_1_19' title="bbox 321 1768 1971 1841">
     <span class='ocr_line' id='line_1_19' title="bbox 321 1768 1971 1841; baseline 0 -19"><span class='ocrx_word' id='word_1_103' title='bbox 321 1768 493 1840; x_wconf 89' lang='lat' dir='ltr'>isque</span> <span class='ocrx_word' id='word_1_104' title='bbox 518 1770 833 1841; x_wconf 90' lang='lat' dir='ltr'>imperium</span> <span class='ocrx_word' id='word_1_105' title='bbox 860 1770 1114 1825; x_wconf 80' lang='lat' dir='ltr'>tenebit:</span> <span class='ocrx_word' id='word_1_106' title='bbox 1150 1770 1234 1826; x_wconf 91' lang='lat' dir='ltr'>sic</span> <span class='ocrx_word' id='word_1_107' title='bbox 1261 1770 1421 1826; x_wconf 90' lang='lat' dir='ltr'>enim</span> <span class='ocrx_word' id='word_1_108' title='bbox 1452 1771 1599 1826; x_wconf 89' lang='lat' dir='ltr'>mihi</span> <span class='ocrx_word' id='word_1_109' title='bbox 1642 1769 1971 1825; x_wconf 80' lang='lat' dir='ltr'>monachus</span> 
     </span>
    </p>
   </div>
   <div class='ocr_carea' id='block_1_20' title="bbox 2065 587 3721 668">
    <p class='ocr_par' dir='ltr' id='par_1_20' title="bbox 2065 587 3721 668">
     <span class='ocr_line' id='line_1_20' title="bbox 2065 587 3721 668; baseline -0.005 -17"><span class='ocrx_word' id='word_1_110' title='bbox 2065 618 2174 668; x_wconf 85' lang='grc' dir='ltr'>σιν,</span> <span class='ocrx_word' id='word_1_111' title='bbox 2206 595 2252 651; x_wconf 79' lang='grc' dir='ltr'>εἰ</span> <span class='ocrx_word' id='word_1_112' title='bbox 2274 600 2435 651; x_wconf 77' lang='grc' dir='ltr'>τοῦτο</span> <span class='ocrx_word' id='word_1_113' title='bbox 2465 591 2937 667; x_wconf 73' lang='grc' dir='ltr'>κατατολμήσειεν</span> <span class='ocrx_word' id='word_1_114' title='bbox 2972 591 3394 661; x_wconf 77' lang='grc' dir='ltr'>ὑποστήσεσθαι,</span> <span class='ocrx_word' id='word_1_115' title='bbox 3449 590 3583 664; x_wconf 88' lang='grc' dir='ltr'>μετὰ</span> <span class='ocrx_word' id='word_1_116' title='bbox 3615 587 3721 644; x_wconf 73' lang='grc' dir='ltr'>λύ-</span> 
     </span>
    </p>
   </div>
   <div class='ocr_carea' id='block_1_21' title="bbox 2063 679 3722 760">
    <p class='ocr_par' dir='ltr' id='par_1_21' title="bbox 2063 679 3722 760">
     <span class='ocr_line' id='line_1_21' title="bbox 2063 679 3722 760; baseline -0.004 -19"><span class='ocrx_word' id='word_1_117' title='bbox 2063 706 2174 757; x_wconf 79' lang='grc' dir='ltr'>πης</span> <span class='ocrx_word' id='word_1_118' title='bbox 2216 686 2560 760; x_wconf 76' lang='grc' dir='ltr'>ὑπέστρεψεν.</span> <span class='ocrx_word' id='word_1_119' title='bbox 2593 685 2680 746; x_wconf 87' lang='grc' dir='ltr'>Ὧς</span> <span class='ocrx_word' id='word_1_120' title='bbox 2721 680 2779 738; x_wconf 69' lang='grc' dir='ltr'>δῖε</span> <span class='ocrx_word' id='word_1_121' title='bbox 2831 681 2959 745; x_wconf 78' lang='grc' dir='ltr'>τοὺς</span> <span class='ocrx_word' id='word_1_122' title='bbox 2986 679 3197 744; x_wconf 68' lang='grc' dir='ltr'>ἵππους</span> <span class='ocrx_word' id='word_1_123' title='bbox 3253 680 3400 753; x_wconf 80' lang='grc' dir='ltr'>αὐτῷ</span> <span class='ocrx_word' id='word_1_124' title='bbox 3456 680 3722 754; x_wconf 77' lang='grc' dir='ltr'>προσεκό-</span> 
     </span>
    </p>
   </div>
   <div class='ocr_carea' id='block_1_22' title="bbox 2068 769 3717 848">
    <p class='ocr_par' dir='ltr' id='par_1_22' title="bbox 2068 769 3717 848">
     <span class='ocr_line' id='line_1_22' title="bbox 2068 769 3717 848; baseline -0.004 -19"><span class='ocrx_word' id='word_1_125' title='bbox 2068 796 2230 848; x_wconf 91' lang='grc' dir='ltr'>μισαν</span> <span class='ocrx_word' id='word_1_126' title='bbox 2263 775 2315 830; x_wconf 79' lang='grc' dir='ltr'>οἱ</span> <span class='ocrx_word' id='word_1_127' title='bbox 2342 774 2523 848; x_wconf 75' lang='grc' dir='ltr'>τούτῳ</span> <span class='ocrx_word' id='word_1_128' title='bbox 2548 771 3063 848; x_wconf 74' lang='grc' dir='ltr'>ἐξυπηρετοῦμενοι,</span> <span class='ocrx_word' id='word_1_129' title='bbox 3114 770 3333 832; x_wconf 78' lang='grc' dir='ltr'>τούτοις</span> <span class='ocrx_word' id='word_1_130' title='bbox 3387 769 3415 824; x_wconf 89' lang='lat'>6</span> <span class='ocrx_word' id='word_1_131' title='bbox 3473 769 3717 845; x_wconf 87' lang='grc' dir='ltr'>μοναχὸς</span> 
     </span>
    </p>
   </div>
   <div class='ocr_carea' id='block_1_23' title="bbox 2066 856 3721 941">
    <p class='ocr_par' dir='ltr' id='par_1_23' title="bbox 2066 856 3721 941">
     <span class='ocr_line' id='line_1_23' title="bbox 2066 856 3721 941; baseline -0.003 -22"><span class='ocrx_word' id='word_1_132' title='bbox 2066 864 2370 928; x_wconf 78' lang='grc' dir='ltr'>ἔνατενίσας</span> <span class='ocrx_word' id='word_1_133' title='bbox 2428 863 2740 919; x_wconf 69' lang='grc' dir='ltr'>ὑπονοστεῖν</span> <span class='ocrx_word' id='word_1_134' title='bbox 2799 865 3114 941; x_wconf 77' lang='grc' dir='ltr'>προσφωνεῖ</span> <span class='ocrx_word' id='word_1_135' title='bbox 3154 860 3244 914; x_wconf 88' lang='grc' dir='ltr'>τὸν</span> <span class='ocrx_word' id='word_1_136' title='bbox 3274 856 3600 935; x_wconf 82' lang='grc' dir='ltr'>Βαρδάνιον.</span> <span class='ocrx_word' id='word_1_137' title='bbox 3656 860 3721 914; x_wconf 82' lang='grc' dir='ltr'><em>Ὅ</em></span> 
     </span>
    </p>
   </div>
   <div class='ocr_carea' id='block_1_24' title="bbox 2069 949 3722 1032">
    <p class='ocr_par' dir='ltr' id='par_1_24' title="bbox 2069 949 3722 1032">
     <span class='ocr_line' id='line_1_24' title="bbox 2069 949 3722 1032; baseline -0.004 -20"><span class='ocrx_word' id='word_1_138' title='bbox 2069 953 2126 1011; x_wconf 71' lang='grc' dir='ltr'>δὲ</span> <span class='ocrx_word' id='word_1_139' title='bbox 2181 952 2565 1032; x_wconf 72' lang='grc' dir='ltr'>προσδοκήσας</span> <span class='ocrx_word' id='word_1_140' title='bbox 2604 978 2657 1011; x_wconf 90' lang='grc' dir='ltr'>τι</span> <span class='ocrx_word' id='word_1_141' title='bbox 2712 958 2821 1009; x_wconf 82' lang='grc' dir='ltr'>τῶν</span> <span class='ocrx_word' id='word_1_142' title='bbox 2877 952 3023 1027; x_wconf 80' lang='grc' dir='ltr'>αὐτῷ</span> <span class='ocrx_word' id='word_1_143' title='bbox 3081 951 3434 1025; x_wconf 84' lang='grc' dir='ltr'>καταθυμίων</span> <span class='ocrx_word' id='word_1_144' title='bbox 3496 949 3722 1026; x_wconf 79' lang='grc' dir='ltr'>μέλλειν</span> 
     </span>
    </p>
   </div>
   <div class='ocr_carea' id='block_1_25' title="bbox 2070 1036 3730 1124">
    <p class='ocr_par' dir='ltr' id='par_1_25' title="bbox 2070 1036 3730 1124">
     <span class='ocr_line' id='line_1_25' title="bbox 2070 1036 3730 1124; baseline -0.003 -23"><span class='ocrx_word' id='word_1_145' title='bbox 2070 1046 2237 1101; x_wconf 81' lang='grc' dir='ltr'>εἰπεῖν</span> <span class='ocrx_word' id='word_1_146' title='bbox 2265 1047 2355 1101; x_wconf 85' lang='grc' dir='ltr'>τὸν</span> <span class='ocrx_word' id='word_1_147' title='bbox 2393 1046 2663 1124; x_wconf 83' lang='grc' dir='ltr'>μοναχὸν,</span> <span class='ocrx_word' id='word_1_148' title='bbox 2692 1041 2894 1114; x_wconf 72' lang='grc' dir='ltr'>ἤκουσε</span> <span class='ocrx_word' id='word_1_149' title='bbox 2923 1044 3049 1118; x_wconf 87' lang='grc' dir='ltr'>παρ’</span> <span class='ocrx_word' id='word_1_150' title='bbox 3106 1041 3272 1098; x_wconf 78' lang='grc' dir='ltr'>αὐτοῦ</span> <span class='ocrx_word' id='word_1_151' title='bbox 3303 1046 3422 1096; x_wconf 78' lang='grc' dir='ltr'>τοῦ·</span> <span class='ocrx_word' id='word_1_152' title='bbox 3459 1063 3485 1097; x_wconf 74' lang='grc' dir='ltr'>ι</span> <span class='ocrx_word' id='word_1_153' title='bbox 3545 1036 3730 1111; x_wconf 72' lang='grc' dir='ltr'>Μηδέν</span> 
     </span>
    </p>
   </div>
   <div class='ocr_carea' id='block_1_26' title="bbox 2070 1128 3731 1215">
    <p class='ocr_par' dir='ltr' id='par_1_26' title="bbox 2070 1128 3731 1215">
     <span class='ocr_line' id='line_1_26' title="bbox 2070 1128 3731 1215; baseline -0.004 -25"><span class='ocrx_word' id='word_1_154' title='bbox 2070 1156 2156 1190; x_wconf 90' lang='grc' dir='ltr'>σοι</span> <span class='ocrx_word' id='word_1_155' title='bbox 2192 1132 2661 1215; x_wconf 72' lang='grc' dir='ltr'>πεφροντισμένον</span> <span class='ocrx_word' id='word_1_156' title='bbox 2690 1131 2829 1188; x_wconf 80' lang='grc' dir='ltr'>ἔστω</span> <span class='ocrx_word' id='word_1_157' title='bbox 2857 1132 2982 1207; x_wconf 84' lang='grc' dir='ltr'>περὶ</span> <span class='ocrx_word' id='word_1_158' title='bbox 3036 1137 3137 1201; x_wconf 83' lang='grc' dir='ltr'>τῆς</span> <span class='ocrx_word' id='word_1_159' title='bbox 3170 1128 3470 1207; x_wconf 81' lang='grc' dir='ltr'>βασιλείας.</span> <span class='ocrx_word' id='word_1_160' title='bbox 3530 1131 3642 1187; x_wconf 73' lang='grc' dir='ltr'>Κᾶν</span> <span class='ocrx_word' id='word_1_161' title='bbox 3672 1149 3731 1185; x_wconf 86' lang='grc' dir='ltr'>τε</span> 
     </span>
    </p>
   </div>
   <div class='ocr_carea' id='block_1_27' title="bbox 2067 1218 3730 1301">
    <p class='ocr_par' dir='ltr' id='par_1_27' title="bbox 2067 1218 3730 1301">
     <span class='ocr_line' id='line_1_27' title="bbox 2067 1218 3730 1301; baseline -0.004 -22"><span class='ocrx_word' id='word_1_162' title='bbox 2067 1225 2170 1301; x_wconf 76' lang='grc' dir='ltr'>γὰρ</span> <span class='ocrx_word' id='word_1_163' title='bbox 2203 1224 2381 1281; x_wconf 80' lang='grc' dir='ltr'>ἑκοντὶ</span> <span class='ocrx_word' id='word_1_164' title='bbox 2425 1222 2523 1279; x_wconf 75' lang='grc' dir='ltr'>κᾶν</span> <span class='ocrx_word' id='word_1_165' title='bbox 2571 1245 2630 1281; x_wconf 83' lang='grc' dir='ltr'>τε</span> <span class='ocrx_word' id='word_1_166' title='bbox 2664 1224 2764 1297; x_wconf 79' lang='grc' dir='ltr'>μὴ,</span> <span class='ocrx_word' id='word_1_167' title='bbox 2828 1225 2904 1296; x_wconf 79' lang='grc' dir='ltr'>μή</span> <span class='ocrx_word' id='word_1_168' title='bbox 2954 1226 3116 1277; x_wconf 73' lang='grc' dir='ltr'>τοῦτο</span> <span class='ocrx_word' id='word_1_169' title='bbox 3164 1218 3627 1292; x_wconf 77' lang='grc' dir='ltr'>κατατολμήσεις.</span> <span class='ocrx_word' id='word_1_170' title='bbox 3660 1219 3730 1276; x_wconf 79' lang='lat' dir='ltr'>Ei</span> 
     </span>
    </p>
   </div>
   <div class='ocr_carea' id='block_1_28' title="bbox 2072 1303 3733 1390">
    <p class='ocr_par' dir='ltr' id='par_1_28' title="bbox 2072 1303 3733 1390">
     <span class='ocr_line' id='line_1_28' title="bbox 2072 1303 3733 1390; baseline -0.005 -19"><span class='ocrx_word' id='word_1_171' title='bbox 2072 1319 2234 1371; x_wconf 77' lang='grc' dir='ltr'>τοῦτο</span> <span class='ocrx_word' id='word_1_172' title='bbox 2266 1311 2325 1370; x_wconf 70' lang='grc' dir='ltr'>δὲ</span> <span class='ocrx_word' id='word_1_173' title='bbox 2364 1319 2650 1390; x_wconf 79' lang='grc' dir='ltr'>πειραθῇς,</span> <span class='ocrx_word' id='word_1_174' title='bbox 2697 1317 2806 1369; x_wconf 81' lang='grc' dir='ltr'>τῶν</span> <span class='ocrx_word' id='word_1_175' title='bbox 2837 1317 2943 1368; x_wconf 86' lang='grc' dir='ltr'>σῶν</span> <span class='ocrx_word' id='word_1_176' title='bbox 2977 1312 3266 1386; x_wconf 71' lang='grc' dir='ltr'>ὀμμάτων,</span> <span class='ocrx_word' id='word_1_177' title='bbox 3304 1310 3379 1374; x_wconf 85' lang='grc' dir='ltr'>ὡς</span> <span class='ocrx_word' id='word_1_178' title='bbox 3411 1303 3570 1386; x_wconf 74' lang='grc' dir='ltr'>ἔφην,</span> <span class='ocrx_word' id='word_1_179' title='bbox 3637 1308 3733 1364; x_wconf 83' lang='grc' dir='ltr'>καὶ</span> 
     </span>
    </p>
   </div>
   <div class='ocr_carea' id='block_1_29' title="bbox 2071 1398 3734 1481">
    <p class='ocr_par' dir='ltr' id='par_1_29' title="bbox 2071 1398 3734 1481">
     <span class='ocr_line' id='line_1_29' title="bbox 2071 1398 3734 1481; baseline -0.005 -20"><span class='ocrx_word' id='word_1_180' title='bbox 2071 1412 2172 1475; x_wconf 79' lang='grc' dir='ltr'>τῆς</span> <span class='ocrx_word' id='word_1_181' title='bbox 2206 1405 2484 1481; x_wconf 77' lang='grc' dir='ltr'>ὑπάρξεως</span> <span class='ocrx_word' id='word_1_182' title='bbox 2517 1403 2799 1477; x_wconf 71' lang='grc' dir='ltr'>ὑποστήσῃ</span> <span class='ocrx_word' id='word_1_183' title='bbox 2827 1402 2926 1471; x_wconf 73' lang='grc' dir='ltr'>τήν</span> <span class='ocrx_word' id='word_1_184' title='bbox 2987 1398 3382 1476; x_wconf 78' lang='grc' dir='ltr'>ἀλλοτρίωσιν.</span> <span class='ocrx_word' id='word_1_185' title='bbox 3416 1400 3484 1456; x_wconf 77' lang='grc' dir='ltr'><strong>Οἱ</strong></span> <span class='ocrx_word' id='word_1_186' title='bbox 3517 1398 3573 1454; x_wconf 74' lang='grc' dir='ltr'>δὲ</span> <span class='ocrx_word' id='word_1_187' title='bbox 3600 1398 3734 1460; x_wconf 73' lang='grc' dir='ltr'>τοὺς</span> 
     </span>
    </p>
   </div>
   <div class='ocr_carea' id='block_1_30' title="bbox 2070 1486 3737 1568">
    <p class='ocr_par' dir='ltr' id='par_1_30' title="bbox 2070 1486 3737 1568">
     <span class='ocr_line' id='line_1_30' title="bbox 2070 1486 3737 1568; baseline -0.005 -17"><span class='ocrx_word' id='word_1_188' title='bbox 2070 1494 2281 1556; x_wconf 70' lang='grc' dir='ltr'>ἵππους</span> <span class='ocrx_word' id='word_1_189' title='bbox 2313 1516 2408 1550; x_wconf 90' lang='grc' dir='ltr'>σου</span> <span class='ocrx_word' id='word_1_190' title='bbox 2450 1494 2796 1568; x_wconf 80' lang='grc' dir='ltr'>κομίσαντες,</span> <span class='ocrx_word' id='word_1_191' title='bbox 2834 1491 3039 1548; x_wconf 76' lang='grc' dir='ltr'>τούτων</span> <span class='ocrx_word' id='word_1_192' title='bbox 3070 1493 3097 1546; x_wconf 97' lang='lat'>6</span> <span class='ocrx_word' id='word_1_193' title='bbox 3129 1495 3348 1566; x_wconf 80' lang='grc' dir='ltr'>πρῶτος</span> <span class='ocrx_word' id='word_1_194' title='bbox 3405 1491 3498 1545; x_wconf 81' lang='grc' dir='ltr'>καὶ</span> <span class='ocrx_word' id='word_1_195' title='bbox 3530 1490 3557 1544; x_wconf 91' lang='lat'>6</span> <span class='ocrx_word' id='word_1_196' title='bbox 3616 1486 3737 1543; x_wconf 75' lang='grc' dir='ltr'>δεύ-</span> 
     </span>
    </p>
   </div>
   <div class='ocr_carea' id='block_1_31' title="bbox 2074 1576 3730 1661">
    <p class='ocr_par' dir='ltr' id='par_1_31' title="bbox 2074 1576 3730 1661">
     <span class='ocr_line' id='line_1_31' title="bbox 2074 1576 3730 1661; baseline -0.005 -21"><span class='ocrx_word' id='word_1_197' title='bbox 2074 1605 2227 1661; x_wconf 88' lang='grc' dir='ltr'>τερος</span> <span class='ocrx_word' id='word_1_198' title='bbox 2291 1580 2933 1661; x_wconf 71' lang='grc' dir='ltr'>διαδηματοφορήσουσι,</span> <span class='ocrx_word' id='word_1_199' title='bbox 2993 1581 3080 1636; x_wconf 81' lang='grc' dir='ltr'>καὶ</span> <span class='ocrx_word' id='word_1_200' title='bbox 3146 1580 3174 1635; x_wconf 85' lang='lat'>6</span> <span class='ocrx_word' id='word_1_201' title='bbox 3213 1578 3398 1652; x_wconf 79' lang='grc' dir='ltr'>τρίτος</span> <span class='ocrx_word' id='word_1_202' title='bbox 3438 1576 3730 1655; x_wconf 80' lang='grc' dir='ltr'>ἀναγορευ-</span> 
     </span>
    </p>
   </div>
   <div class='ocr_carea' id='block_1_32' title="bbox 2076 1668 3731 1752">
    <p class='ocr_par' dir='ltr' id='par_1_32' title="bbox 2076 1668 3731 1752">
     <span class='ocr_line' id='line_1_32' title="bbox 2076 1668 3731 1752; baseline -0.003 -22"><span class='ocrx_word' id='word_1_203' title='bbox 2076 1676 2185 1737; x_wconf 76' lang='grc' dir='ltr'>θεὶς</span> <span class='ocrx_word' id='word_1_204' title='bbox 2211 1674 2429 1752; x_wconf 82' lang='grc' dir='ltr'>ταχέως</span> <span class='ocrx_word' id='word_1_205' title='bbox 2460 1670 2769 1742; x_wconf 86' lang='grc' dir='ltr'>ἀπολεῖται,</span> <span class='ocrx_word' id='word_1_206' title='bbox 2834 1673 2909 1744; x_wconf 81' lang='grc' dir='ltr'>μὴ</span> <span class='ocrx_word' id='word_1_207' title='bbox 2973 1669 3159 1745; x_wconf 84' lang='grc' dir='ltr'>τυχὼν</span> <span class='ocrx_word' id='word_1_208' title='bbox 3221 1670 3295 1724; x_wconf 84' lang='grc' dir='ltr'>ὧν</span> <span class='ocrx_word' id='word_1_209' title='bbox 3325 1668 3547 1746; x_wconf 78' lang='grc' dir='ltr'>ἐφίεται.</span> <span class='ocrx_word' id='word_1_210' title='bbox 3584 1691 3606 1721; x_wconf 72' lang='grc' dir='ltr'><strong>ι</strong></span> <span class='ocrx_word' id='word_1_211' title='bbox 3667 1669 3731 1725; x_wconf 89' lang='grc' dir='ltr'>Ὁ</span> 
     </span>
    </p>
   </div>
   <div class='ocr_carea' id='block_1_33' title="bbox 2075 1761 3732 1841">
    <p class='ocr_par' dir='ltr' id='par_1_33' title="bbox 2075 1761 3732 1841">
     <span class='ocr_line' id='line_1_33' title="bbox 2075 1761 3732 1841; baseline -0.006 -18"><span class='ocrx_word' id='word_1_212' title='bbox 2075 1766 2255 1823; x_wconf 81' lang='grc' dir='ltr'>τοίνυν</span> <span class='ocrx_word' id='word_1_213' title='bbox 2289 1762 2581 1841; x_wconf 76' lang='grc' dir='ltr'>Βαρδάνιος</span> <span class='ocrx_word' id='word_1_214' title='bbox 2608 1763 2675 1819; x_wconf 84' lang='grc' dir='ltr'>τὰ</span> <span class='ocrx_word' id='word_1_215' title='bbox 2712 1768 2810 1818; x_wconf 73' lang='grc' dir='ltr'>τοῦ</span> <span class='ocrx_word' id='word_1_216' title='bbox 2834 1764 3115 1838; x_wconf 74' lang='grc' dir='ltr'>λογισμοῦ</span> <span class='ocrx_word' id='word_1_217' title='bbox 3145 1762 3292 1834; x_wconf 83' lang='grc' dir='ltr'>αὐτῷ</span> <span class='ocrx_word' id='word_1_218' title='bbox 3342 1782 3400 1816; x_wconf 86' lang='grc' dir='ltr'>τε</span> <span class='ocrx_word' id='word_1_219' title='bbox 3429 1765 3508 1834; x_wconf 82' lang='grc' dir='ltr'>τῷ</span> <span class='ocrx_word' id='word_1_220' title='bbox 3542 1761 3732 1815; x_wconf 81' lang='grc' dir='ltr'>Λέοντι</span> 
     </span>
    </p>
   </div>
   <div class='ocr_carea' id='block_1_34' title="bbox 315 1846 1977 1953">
    <p class='ocr_par' dir='ltr' id='par_1_34' title="bbox 315 1858 1975 1932">
     <span class='ocr_line' id='line_1_34' title="bbox 315 1858 1975 1932; baseline -0.001 -20"><span class='ocrx_word' id='word_1_221' title='bbox 315 1859 673 1916; x_wconf 84' lang='lat' dir='ltr'>vaticinatus</span> <span class='ocrx_word' id='word_1_222' title='bbox 703 1866 810 1916; x_wconf 90' lang='lat' dir='ltr'>est.</span> <span class='ocrx_word' id='word_1_223' title='bbox 846 1882 875 1910; x_wconf 83' lang='lat'>»</span> <span class='ocrx_word' id='word_1_224' title='bbox 905 1861 1033 1915; x_wconf 93' lang='lat' dir='ltr'>Non</span> <span class='ocrx_word' id='word_1_225' title='bbox 1066 1860 1249 1916; x_wconf 88' lang='lat' dir='ltr'>multo</span> <span class='ocrx_word' id='word_1_226' title='bbox 1281 1865 1417 1932; x_wconf 90' lang='lat' dir='ltr'>post</span> <span class='ocrx_word' id='word_1_227' title='bbox 1453 1866 1718 1932; x_wconf 86' lang='lat' dir='ltr'>tempore</span> <span class='ocrx_word' id='word_1_228' title='bbox 1744 1858 1975 1929; x_wconf 89' lang='lat' dir='ltr'>aliquot</span> 
     </span>
    </p>
   </div>
   <div class='ocr_carea' id='block_1_35' title="bbox 2091 1846 3734 1953">
    <p class='ocr_par' dir='ltr' id='par_1_35' title="bbox 2091 1846 3734 1929">
     <span class='ocr_line' id='line_1_35' title="bbox 2091 1846 3734 1929; baseline -0.006 -17"><span class='ocrx_word' id='word_1_229' title='bbox 2091 1855 2169 1912; x_wconf 63' lang='grc' dir='ltr'>καὶ</span> <span class='ocrx_word' id='word_1_230' title='bbox 2224 1851 2458 1929; x_wconf 72' lang='grc' dir='ltr'>Μιχαὴλ</span> <span class='ocrx_word' id='word_1_231' title='bbox 2488 1854 2579 1909; x_wconf 86' lang='grc' dir='ltr'>καὶ</span> <span class='ocrx_word' id='word_1_232' title='bbox 2632 1856 2804 1925; x_wconf 85' lang='grc' dir='ltr'>Θωμᾷ</span> <span class='ocrx_word' id='word_1_233' title='bbox 2851 1849 3190 1926; x_wconf 74' lang='grc' dir='ltr'>παρεδήλου,</span> <span class='ocrx_word' id='word_1_234' title='bbox 3247 1851 3465 1924; x_wconf 72' lang='grc' dir='ltr'>φάσκων</span> <span class='ocrx_word' id='word_1_235' title='bbox 3525 1846 3734 1904; x_wconf 78' lang='grc' dir='ltr'>τοιάδε·</span> 
     </span>
    </p>
   </div>
   <div class='ocr_carea' id='block_1_36' title="bbox 320 1946 1974 2021">
    <p class='ocr_par' dir='ltr' id='par_1_36' title="bbox 320 1946 1974 2021">
     <span class='ocr_line' id='line_1_36' title="bbox 320 1946 1974 2021; baseline -0.002 -17"><span class='ocrx_word' id='word_1_236' title='bbox 320 1950 614 2004; x_wconf 88' lang='lat' dir='ltr'>exercitus</span> <span class='ocrx_word' id='word_1_237' title='bbox 643 1949 866 2005; x_wconf 90' lang='lat' dir='ltr'>crebris</span> <span class='ocrx_word' id='word_1_238' title='bbox 895 1948 1211 2021; x_wconf 89' lang='lat' dir='ltr'>Nicephori</span> <span class='ocrx_word' id='word_1_239' title='bbox 1249 1950 1655 2005; x_wconf 83' lang='lat' dir='ltr'>exactionibus</span> <span class='ocrx_word' id='word_1_240' title='bbox 1685 1948 1871 2004; x_wconf 90' lang='lat' dir='ltr'>coacti</span> <span class='ocrx_word' id='word_1_241' title='bbox 1902 1946 1974 2002; x_wconf 90' lang='lat' dir='ltr'>ab</span> 
     </span>
    </p>
   </div>
   <div class='ocr_carea' id='block_1_37' title="bbox 315 2036 1977 2112">
    <p class='ocr_par' dir='ltr' id='par_1_37' title="bbox 315 2036 1977 2112">
     <span class='ocr_line' id='line_1_37' title="bbox 315 2036 1977 2112; baseline -0.001 -20"><span class='ocrx_word' id='word_1_242' title='bbox 315 2036 676 2110; x_wconf 87' lang='lat' dir='ltr'>imperatore</span> <span class='ocrx_word' id='word_1_243' title='bbox 689 2038 1575 2111; x_wconf 86' lang='lat' dir='ltr'>desciverunt,Bardaniumque</span> <span class='ocrx_word' id='word_1_244' title='bbox 1588 2042 1977 2112; x_wconf 84' lang='lat' dir='ltr'>cognomento</span> 
     </span>
    </p>
   </div>
   <div class='ocr_carea' id='block_1_38' title="bbox 319 2128 1978 2201">
    <p class='ocr_par' dir='ltr' id='par_1_38' title="bbox 319 2128 1978 2201">
     <span class='ocr_line' id='line_1_38' title="bbox 319 2128 1978 2201; baseline 0.001 -18"><span class='ocrx_word' id='word_1_245' title='bbox 319 2128 569 2184; x_wconf 90' lang='lat' dir='ltr'>Turcum</span> <span class='ocrx_word' id='word_1_246' title='bbox 603 2129 1026 2201; x_wconf 89' lang='lat' dir='ltr'>imperatorem</span> <span class='ocrx_word' id='word_1_247' title='bbox 1059 2136 1355 2186; x_wconf 87' lang='lat' dir='ltr'>crearunt.</span> <span class='ocrx_word' id='word_1_248' title='bbox 1390 2131 1499 2195; x_wconf 87' lang='lat' dir='ltr'>Qui</span> <span class='ocrx_word' id='word_1_249' title='bbox 1548 2130 1784 2186; x_wconf 84' lang='lat' dir='ltr'>tametsi</span> <span class='ocrx_word' id='word_1_250' title='bbox 1813 2135 1978 2185; x_wconf 89' lang='lat' dir='ltr'>metu</span> 
     </span>
    </p>
   </div>
   <div class='ocr_carea' id='block_1_39' title="bbox 317 2216 1977 2291">
    <p class='ocr_par' dir='ltr' id='par_1_39' title="bbox 317 2216 1977 2291">
     <span class='ocr_line' id='line_1_39' title="bbox 317 2216 1977 2291; baseline 0.001 -19"><span class='ocrx_word' id='word_1_251' title='bbox 317 2218 569 2289; x_wconf 90' lang='lat' dir='ltr'>periculi</span> <span class='ocrx_word' id='word_1_252' title='bbox 593 2217 705 2273; x_wconf 90' lang='lat' dir='ltr'>sibi</span> <span class='ocrx_word' id='word_1_253' title='bbox 733 2216 1068 2274; x_wconf 86' lang='lat' dir='ltr'>denuntiati</span> <span class='ocrx_word' id='word_1_254' title='bbox 1100 2219 1253 2275; x_wconf 74' lang='lat'>838</span> <span class='ocrx_word' id='word_1_255' title='bbox 1285 2225 1607 2283; x_wconf 85' lang='lat' dir='ltr'>recusaret,</span> <span class='ocrx_word' id='word_1_256' title='bbox 1633 2218 1977 2291; x_wconf 90' lang='lat' dir='ltr'>compulsus</span> 
     </span>
    </p>
   </div>
   <div class='ocr_carea' id='block_1_40' title="bbox 316 2307 1977 2380">
    <p class='ocr_par' dir='ltr' id='par_1_40' title="bbox 316 2307 1977 2380">
     <span class='ocr_line' id='line_1_40' title="bbox 316 2307 1977 2380; baseline 0 -19"><span class='ocrx_word' id='word_1_257' title='bbox 316 2311 518 2361; x_wconf 88' lang='lat' dir='ltr'>tamen</span> <span class='ocrx_word' id='word_1_258' title='bbox 537 2308 924 2380; x_wconf 81' lang='lat' dir='ltr'>etel‘l‘ugiendi</span> <span class='ocrx_word' id='word_1_259' title='bbox 956 2308 1233 2364; x_wconf 83' lang='lat' dir='ltr'>facultate</span> <span class='ocrx_word' id='word_1_260' title='bbox 1247 2308 1565 2364; x_wconf 91' lang='lat' dir='ltr'>destitutus</span> <span class='ocrx_word' id='word_1_261' title='bbox 1586 2307 1977 2380; x_wconf 87' lang='lat' dir='ltr'>Cbrysopolin</span> 
     </span>
    </p>
   </div>
   <div class='ocr_carea' id='block_1_41' title="bbox 314 2395 1975 2470">
    <p class='ocr_par' dir='ltr' id='par_1_41' title="bbox 314 2395 1975 2470">
     <span class='ocr_line' id='line_1_41' title="bbox 314 2395 1975 2470; baseline 0.002 -22"><span class='ocrx_word' id='word_1_262' title='bbox 314 2396 494 2463; x_wconf 83' lang='lat' dir='ltr'>venit,</span> <span class='ocrx_word' id='word_1_263' title='bbox 526 2396 728 2468; x_wconf 88' lang='lat' dir='ltr'>ibique</span> <span class='ocrx_word' id='word_1_264' title='bbox 758 2398 1048 2453; x_wconf 85' lang='lat' dir='ltr'>salutatus</span> <span class='ocrx_word' id='word_1_265' title='bbox 1105 2403 1197 2453; x_wconf 91' lang='lat' dir='ltr'>est</span> <span class='ocrx_word' id='word_1_266' title='bbox 1244 2397 1591 2470; x_wconf 87' lang='lat' dir='ltr'>imperator.</span> <span class='ocrx_word' id='word_1_267' title='bbox 1655 2398 1754 2453; x_wconf 86' lang='lat' dir='ltr'>His</span> <span class='ocrx_word' id='word_1_268' title='bbox 1784 2395 1975 2466; x_wconf 83' lang='lat' dir='ltr'>factis,</span> 
     </span>
    </p>
   </div>
   <div class='ocr_carea' id='block_1_42' title="bbox 319 2485 1975 2559">
    <p class='ocr_par' dir='ltr' id='par_1_42' title="bbox 319 2485 1975 2559">
     <span class='ocr_line' id='line_1_42' title="bbox 319 2485 1975 2559; baseline 0.001 -20"><span class='ocrx_word' id='word_1_269' title='bbox 319 2485 429 2540; x_wconf 86' lang='lat' dir='ltr'>Leo</span> <span class='ocrx_word' id='word_1_270' title='bbox 453 2490 511 2540; x_wconf 88' lang='lat' dir='ltr'>et</span> <span class='ocrx_word' id='word_1_271' title='bbox 539 2486 859 2542; x_wconf 88' lang='lat' dir='ltr'>Michaelus</span> <span class='ocrx_word' id='word_1_272' title='bbox 889 2487 962 2543; x_wconf 89' lang='lat' dir='ltr'>ad</span> <span class='ocrx_word' id='word_1_273' title='bbox 1002 2487 1400 2559; x_wconf 89' lang='lat' dir='ltr'>Nicephorum</span> <span class='ocrx_word' id='word_1_274' title='bbox 1435 2504 1497 2543; x_wconf 90' lang='lat' dir='ltr'>se</span> <span class='ocrx_word' id='word_1_275' title='bbox 1544 2486 1927 2543; x_wconf 87' lang='lat' dir='ltr'>contulerunt</span> <span class='ocrx_word' id='word_1_276' title='bbox 1960 2501 1975 2540; x_wconf 90' lang='lat'><strong><em>:</em></strong></span> 
     </span>
    </p>
   </div>
   <div class='ocr_carea' id='block_1_43' title="bbox 315 2573 1975 2644">
    <p class='ocr_par' dir='ltr' id='par_1_43' title="bbox 315 2573 1975 2644">
     <span class='ocr_line' id='line_1_43' title="bbox 315 2573 1975 2644; baseline 0 -15"><span class='ocrx_word' id='word_1_277' title='bbox 315 2575 530 2630; x_wconf 90' lang='lat' dir='ltr'>horum</span> <span class='ocrx_word' id='word_1_278' title='bbox 562 2576 715 2631; x_wconf 89' lang='lat' dir='ltr'>alter</span> <span class='ocrx_word' id='word_1_279' title='bbox 770 2576 1213 2644; x_wconf 73' lang='lat' dir='ltr'>fmderatorum,</span> <span class='ocrx_word' id='word_1_280' title='bbox 1274 2577 1426 2632; x_wconf 88' lang='lat' dir='ltr'>alter</span> <span class='ocrx_word' id='word_1_281' title='bbox 1465 2577 1699 2633; x_wconf 89' lang='lat' dir='ltr'>comitis</span> <span class='ocrx_word' id='word_1_282' title='bbox 1748 2573 1975 2632; x_wconf 88' lang='lat' dir='ltr'>cohorti</span> 
     </span>
    </p>
   </div>
   <div class='ocr_carea' id='block_1_44' title="bbox 315 2664 1976 2736">
    <p class='ocr_par' dir='ltr' id='par_1_44' title="bbox 315 2664 1976 2736">
     <span class='ocr_line' id='line_1_44' title="bbox 315 2664 1976 2736; baseline 0.001 -18"><span class='ocrx_word' id='word_1_283' title='bbox 315 2664 663 2736; x_wconf 70' lang='lat' dir='ltr'>praeficitur.</span> <span class='ocrx_word' id='word_1_284' title='bbox 696 2666 951 2721; x_wconf 86' lang='lat' dir='ltr'>Thomas</span> <span class='ocrx_word' id='word_1_285' title='bbox 981 2682 1117 2721; x_wconf 90' lang='lat' dir='ltr'>vero</span> <span class='ocrx_word' id='word_1_286' title='bbox 1147 2671 1213 2721; x_wconf 90' lang='lat' dir='ltr'>ut</span> <span class='ocrx_word' id='word_1_287' title='bbox 1244 2665 1422 2721; x_wconf 84' lang='lat' dir='ltr'>ﬁdem</span> <span class='ocrx_word' id='word_1_288' title='bbox 1455 2666 1697 2721; x_wconf 88' lang='lat' dir='ltr'>domino</span> <span class='ocrx_word' id='word_1_289' title='bbox 1726 2683 1832 2721; x_wconf 91' lang='lat' dir='ltr'>suo</span> <span class='ocrx_word' id='word_1_290' title='bbox 1859 2682 1976 2720; x_wconf 81' lang='lat' dir='ltr'>ser-</span> 
     </span>
    </p>
   </div>
   <div class='ocr_carea' id='block_1_45' title="bbox 317 2754 1971 2826">
    <p class='ocr_par' dir='ltr' id='par_1_45' title="bbox 317 2754 1971 2826">
     <span class='ocr_line' id='line_1_45' title="bbox 317 2754 1971 2826; baseline 0 -19"><span class='ocrx_word' id='word_1_291' title='bbox 317 2754 743 2819; x_wconf 84' lang='lat' dir='ltr'>varet,nullum</span> <span class='ocrx_word' id='word_1_292' title='bbox 774 2754 1105 2826; x_wconf 89' lang='lat' dir='ltr'>periculum</span> <span class='ocrx_word' id='word_1_293' title='bbox 1139 2755 1548 2810; x_wconf 82' lang='lat' dir='ltr'>reformidavit</span> <span class='ocrx_word' id='word_1_294' title='bbox 1572 2771 1585 2822; x_wconf 90' lang='lat'><strong>;</strong></span> <span class='ocrx_word' id='word_1_295' title='bbox 1613 2770 1748 2809; x_wconf 85' lang='lat' dir='ltr'>mox</span> <span class='ocrx_word' id='word_1_296' title='bbox 1773 2760 1971 2810; x_wconf 89' lang='lat' dir='ltr'>autem</span> 
     </span>
    </p>
   </div>
   <div class='ocr_carea' id='block_1_46' title="bbox 322 2841 1974 2913">
    <p class='ocr_par' dir='ltr' id='par_1_46' title="bbox 322 2841 1974 2913">
     <span class='ocr_line' id='line_1_46' title="bbox 322 2841 1974 2913; baseline -0.001 -16"><span class='ocrx_word' id='word_1_297' title='bbox 322 2841 671 2910; x_wconf 84' lang='lat' dir='ltr'>Bardanius,</span> <span class='ocrx_word' id='word_1_298' title='bbox 703 2848 769 2898; x_wconf 85' lang='lat' dir='ltr'>ut</span> <span class='ocrx_word' id='word_1_299' title='bbox 799 2850 927 2898; x_wconf 90' lang='lat' dir='ltr'>erat</span> <span class='ocrx_word' id='word_1_300' title='bbox 962 2843 1058 2898; x_wconf 85' lang='lat' dir='ltr'>Uei</span> <span class='ocrx_word' id='word_1_301' title='bbox 1103 2850 1399 2913; x_wconf 88' lang='lat' dir='ltr'>metuens,</span> <span class='ocrx_word' id='word_1_302' title='bbox 1431 2844 1654 2900; x_wconf 89' lang='lat' dir='ltr'>veritus</span> <span class='ocrx_word' id='word_1_303' title='bbox 1686 2860 1760 2899; x_wconf 91' lang='lat' dir='ltr'>ne</span> <span class='ocrx_word' id='word_1_304' title='bbox 1817 2843 1974 2898; x_wconf 88' lang='lat' dir='ltr'>civili</span> 
     </span>
    </p>
   </div>
   <div class='ocr_carea' id='block_1_47' title="bbox 324 2929 1975 3005">
    <p class='ocr_par' dir='ltr' id='par_1_47' title="bbox 324 2929 1975 3005">
     <span class='ocr_line' id='line_1_47' title="bbox 324 2929 1975 3005; baseline 0.001 -19"><span class='ocrx_word' id='word_1_305' title='bbox 324 2929 475 2986; x_wconf 91' lang='lat' dir='ltr'>bello</span> <span class='ocrx_word' id='word_1_306' title='bbox 498 2945 737 2988; x_wconf 86' lang='lat' dir='ltr'>causam</span> <span class='ocrx_word' id='word_1_307' title='bbox 773 2932 1083 3004; x_wconf 72' lang='lat' dir='ltr'>praeberet,</span> <span class='ocrx_word' id='word_1_308' title='bbox 1100 2934 1299 2989; x_wconf 90' lang='lat' dir='ltr'>missis</span> <span class='ocrx_word' id='word_1_309' title='bbox 1322 2932 1473 2989; x_wconf 90' lang='lat' dir='ltr'>clam</span> <span class='ocrx_word' id='word_1_310' title='bbox 1493 2933 1564 2989; x_wconf 88' lang='lat' dir='ltr'>ad</span> <span class='ocrx_word' id='word_1_311' title='bbox 1580 2934 1975 3005; x_wconf 76' lang='lat' dir='ltr'>Nicephorum</span> 
     </span>
    </p>
   </div>
   <div class='ocr_carea' id='block_1_48' title="bbox 325 3020 1979 3097">
    <p class='ocr_par' dir='ltr' id='par_1_48' title="bbox 325 3020 1979 3097">
     <span class='ocr_line' id='line_1_48' title="bbox 325 3020 1979 3097; baseline 0.001 -21"><span class='ocrx_word' id='word_1_312' title='bbox 325 3020 551 3076; x_wconf 90' lang='lat' dir='ltr'>nuntiis</span> <span class='ocrx_word' id='word_1_313' title='bbox 574 3022 989 3093; x_wconf 87' lang='lat' dir='ltr'>impunitatem</span> <span class='ocrx_word' id='word_1_314' title='bbox 1016 3023 1293 3095; x_wconf 80' lang='lat' dir='ltr'>postulat.</span> <span class='ocrx_word' id='word_1_315' title='bbox 1321 3040 1507 3094; x_wconf 89' lang='lat' dir='ltr'>eaque</span> <span class='ocrx_word' id='word_1_316' title='bbox 1530 3024 1848 3097; x_wconf 89' lang='lat' dir='ltr'>impetrata</span> <span class='ocrx_word' id='word_1_317' title='bbox 1872 3041 1979 3095; x_wconf 89' lang='lat' dir='ltr'>per</span> 
     </span>
    </p>
   </div>
   <div class='ocr_carea' id='block_1_49' title="bbox 323 3110 1976 3185">
    <p class='ocr_par' dir='ltr' id='par_1_49' title="bbox 323 3110 1976 3185">
     <span class='ocr_line' id='line_1_49' title="bbox 323 3110 1976 3185; baseline 0.002 -20"><span class='ocrx_word' id='word_1_318' title='bbox 323 3115 559 3165; x_wconf 88' lang='lat' dir='ltr'>noctem</span> <span class='ocrx_word' id='word_1_319' title='bbox 590 3110 820 3184; x_wconf 82' lang='lat' dir='ltr'>navigio</span> <span class='ocrx_word' id='word_1_320' title='bbox 851 3110 1133 3185; x_wconf 76' lang='lat' dir='ltr'>profugit,</span> <span class='ocrx_word' id='word_1_321' title='bbox 1166 3118 1223 3167; x_wconf 87' lang='lat' dir='ltr'>et</span> <span class='ocrx_word' id='word_1_322' title='bbox 1252 3112 1313 3167; x_wconf 91' lang='lat' dir='ltr'>in</span> <span class='ocrx_word' id='word_1_323' title='bbox 1336 3114 1765 3169; x_wconf 88' lang='lat' dir='ltr'>monasterium</span> <span class='ocrx_word' id='word_1_324' title='bbox 1794 3114 1976 3168; x_wconf 88' lang='lat' dir='ltr'>Hera-</span> 
     </span>
    </p>
   </div>
   <div class='ocr_carea' id='block_1_50' title="bbox 325 3200 1975 3271">
    <p class='ocr_par' dir='ltr' id='par_1_50' title="bbox 325 3200 1975 3271">
     <span class='ocr_line' id='line_1_50' title="bbox 325 3200 1975 3271; baseline 0.002 -16"><span class='ocrx_word' id='word_1_325' title='bbox 325 3200 446 3258; x_wconf 91' lang='lat' dir='ltr'>clii.</span> <span class='ocrx_word' id='word_1_326' title='bbox 481 3200 641 3271; x_wconf 91' lang='lat' dir='ltr'>quod</span> <span class='ocrx_word' id='word_1_327' title='bbox 675 3207 766 3256; x_wconf 90' lang='lat' dir='ltr'>est</span> <span class='ocrx_word' id='word_1_328' title='bbox 795 3200 855 3255; x_wconf 91' lang='lat' dir='ltr'>in</span> <span class='ocrx_word' id='word_1_329' title='bbox 888 3202 1213 3268; x_wconf 84' lang='lat' dir='ltr'>Catabolio,</span> <span class='ocrx_word' id='word_1_330' title='bbox 1257 3202 1488 3259; x_wconf 88' lang='lat' dir='ltr'>delatus</span> <span class='ocrx_word' id='word_1_331' title='bbox 1537 3204 1617 3257; x_wconf 92' lang='lat' dir='ltr'>ibi</span> <span class='ocrx_word' id='word_1_332' title='bbox 1647 3205 1975 3258; x_wconf 90' lang='lat' dir='ltr'>monachus</span> 
     </span>
    </p>
   </div>
   <div class='ocr_carea' id='block_1_51' title="bbox 324 3291 1979 3364">
    <p class='ocr_par' dir='ltr' id='par_1_51' title="bbox 324 3291 1979 3364">
     <span class='ocr_line' id='line_1_51' title="bbox 324 3291 1979 3364; baseline 0.001 -18"><span class='ocrx_word' id='word_1_333' title='bbox 324 3297 414 3346; x_wconf 89' lang='lat' dir='ltr'>est</span> <span class='ocrx_word' id='word_1_334' title='bbox 450 3292 660 3348; x_wconf 85' lang='lat' dir='ltr'>factus.</span> <span class='ocrx_word' id='word_1_335' title='bbox 693 3291 979 3364; x_wconf 92' lang='lat' dir='ltr'>Populus,</span> <span class='ocrx_word' id='word_1_336' title='bbox 1012 3292 1114 3363; x_wconf 92' lang='lat' dir='ltr'>qui</span> <span class='ocrx_word' id='word_1_337' title='bbox 1177 3291 1284 3347; x_wconf 89' lang='lat' dir='ltr'>sub</span> <span class='ocrx_word' id='word_1_338' title='bbox 1344 3309 1414 3348; x_wconf 89' lang='lat' dir='ltr'>eo</span> <span class='ocrx_word' id='word_1_339' title='bbox 1473 3293 1686 3360; x_wconf 84' lang='lat' dir='ltr'>fuerat,</span> <span class='ocrx_word' id='word_1_340' title='bbox 1738 3291 1979 3348; x_wconf 89' lang='lat' dir='ltr'>domum</span> 
     </span>
    </p>
   </div>
   <div class='ocr_carea' id='block_1_52' title="bbox 326 3380 1984 3453">
    <p class='ocr_par' dir='ltr' id='par_1_52' title="bbox 326 3380 1984 3453">
     <span class='ocr_line' id='line_1_52' title="bbox 326 3380 1984 3453; baseline 0.002 -18"><span class='ocrx_word' id='word_1_341' title='bbox 326 3380 616 3436; x_wconf 85' lang='lat' dir='ltr'>discessit.</span> <span class='ocrx_word' id='word_1_342' title='bbox 654 3385 730 3435; x_wconf 83' lang='lat' dir='ltr'>At</span> <span class='ocrx_word' id='word_1_343' title='bbox 758 3380 1084 3453; x_wconf 89' lang='lat' dir='ltr'>imperator</span> <span class='ocrx_word' id='word_1_344' title='bbox 1133 3381 1318 3438; x_wconf 88' lang='lat' dir='ltr'>missa</span> <span class='ocrx_word' id='word_1_345' title='bbox 1365 3381 1563 3438; x_wconf 90' lang='lat' dir='ltr'>celoce</span> <span class='ocrx_word' id='word_1_346' title='bbox 1622 3382 1865 3438; x_wconf 87' lang='lat' dir='ltr'>simulat</span> <span class='ocrx_word' id='word_1_347' title='bbox 1922 3398 1984 3438; x_wconf 91' lang='lat' dir='ltr'>se</span> 
     </span>
    </p>
   </div>
   <div class='ocr_carea' id='block_1_53' title="bbox 323 3469 1984 3543">
    <p class='ocr_par' dir='ltr' id='par_1_53' title="bbox 323 3469 1984 3543">
     <span class='ocr_line' id='line_1_53' title="bbox 323 3469 1984 3543; baseline 0.001 -19"><span class='ocrx_word' id='word_1_348' title='bbox 323 3469 683 3525; x_wconf 88' lang='lat' dir='ltr'>Bardanium</span> <span class='ocrx_word' id='word_1_349' title='bbox 713 3470 917 3541; x_wconf 89' lang='lat' dir='ltr'>Cpolin</span> <span class='ocrx_word' id='word_1_350' title='bbox 953 3487 1194 3526; x_wconf 82' lang='lat' dir='ltr'>evocare</span> <span class='ocrx_word' id='word_1_351' title='bbox 1229 3488 1242 3536; x_wconf 84' lang='lat'><strong>;</strong></span> <span class='ocrx_word' id='word_1_352' title='bbox 1271 3472 1372 3543; x_wconf 91' lang='lat' dir='ltr'>qui</span> <span class='ocrx_word' id='word_1_353' title='bbox 1430 3489 1564 3528; x_wconf 90' lang='lat' dir='ltr'>cum</span> <span class='ocrx_word' id='word_1_354' title='bbox 1620 3473 1883 3527; x_wconf 85' lang='lat' dir='ltr'>venisset</span> <span class='ocrx_word' id='word_1_355' title='bbox 1921 3472 1984 3526; x_wconf 92' lang='lat' dir='ltr'>in</span> 
     </span>
    </p>
   </div>
   <div class='ocr_carea' id='block_1_54' title="bbox 321 3558 1983 3632">
    <p class='ocr_par' dir='ltr' id='par_1_54' title="bbox 321 3558 1983 3632">
     <span class='ocr_line' id='line_1_54' title="bbox 321 3558 1983 3632; baseline -0.001 -17"><span class='ocrx_word' id='word_1_356' title='bbox 321 3562 561 3615; x_wconf 88' lang='lat' dir='ltr'>Protam</span> <span class='ocrx_word' id='word_1_357' title='bbox 600 3558 883 3624; x_wconf 89' lang='lat' dir='ltr'>insulam,</span> <span class='ocrx_word' id='word_1_358' title='bbox 946 3559 1020 3615; x_wconf 90' lang='lat' dir='ltr'>ad</span> <span class='ocrx_word' id='word_1_359' title='bbox 1069 3561 1506 3617; x_wconf 89' lang='lat' dir='ltr'>monasterium</span> <span class='ocrx_word' id='word_1_360' title='bbox 1556 3561 1715 3632; x_wconf 91' lang='lat' dir='ltr'>quod</span> <span class='ocrx_word' id='word_1_361' title='bbox 1767 3560 1848 3616; x_wconf 90' lang='lat' dir='ltr'>ibi</span> <span class='ocrx_word' id='word_1_362' title='bbox 1922 3560 1983 3615; x_wconf 92' lang='lat' dir='ltr'>in</span> 
     </span>
    </p>
   </div>
   <div class='ocr_carea' id='block_1_55' title="bbox 324 3649 1984 3722">
    <p class='ocr_par' dir='ltr' id='par_1_55' title="bbox 324 3649 1984 3722">
     <span class='ocr_line' id='line_1_55' title="bbox 324 3649 1984 3722; baseline 0.001 -17"><span class='ocrx_word' id='word_1_363' title='bbox 324 3649 670 3705; x_wconf 86' lang='lat' dir='ltr'>suburbano</span> <span class='ocrx_word' id='word_1_364' title='bbox 701 3656 1132 3719; x_wconf 84' lang='lat' dir='ltr'>construxerat,</span> <span class='ocrx_word' id='word_1_365' title='bbox 1182 3666 1257 3706; x_wconf 90' lang='lat' dir='ltr'>ex</span> <span class='ocrx_word' id='word_1_366' title='bbox 1313 3657 1513 3706; x_wconf 90' lang='lat' dir='ltr'>mente</span> <span class='ocrx_word' id='word_1_367' title='bbox 1562 3651 1984 3722; x_wconf 88' lang='lat' dir='ltr'>voluntateque</span> 
     </span>
    </p>
   </div>
   <div class='ocr_carea' id='block_1_56' title="bbox 325 3738 1984 3812">
    <p class='ocr_par' dir='ltr' id='par_1_56' title="bbox 325 3738 1984 3812">
     <span class='ocr_line' id='line_1_56' title="bbox 325 3738 1984 3812; baseline 0.002 -19"><span class='ocrx_word' id='word_1_368' title='bbox 325 3738 705 3810; x_wconf 88' lang='lat' dir='ltr'>imperatoris</span> <span class='ocrx_word' id='word_1_369' title='bbox 765 3739 920 3794; x_wconf 91' lang='lat' dir='ltr'>oculi</span> <span class='ocrx_word' id='word_1_370' title='bbox 971 3740 1023 3794; x_wconf 93' lang='lat' dir='ltr'>ei</span> <span class='ocrx_word' id='word_1_371' title='bbox 1084 3757 1118 3795; x_wconf 90' lang='lat' dir='ltr'>a</span> <span class='ocrx_word' id='word_1_372' title='bbox 1173 3741 1549 3812; x_wconf 80' lang='lat' dir='ltr'>Lycaonibus</span> <span class='ocrx_word' id='word_1_373' title='bbox 1626 3741 1984 3812; x_wconf 89' lang='lat' dir='ltr'>quibusdam</span> 
     </span>
    </p>
   </div>
   <div class='ocr_carea' id='block_1_57' title="bbox 328 3828 1984 3902">
    <p class='ocr_par' dir='ltr' id='par_1_57' title="bbox 328 3828 1984 3902">
     <span class='ocr_line' id='line_1_57' title="bbox 328 3828 1984 3902; baseline 0.001 -17"><span class='ocrx_word' id='word_1_374' title='bbox 328 3833 637 3885; x_wconf 88' lang='lat' dir='ltr'>eruuntur.</span> <span class='ocrx_word' id='word_1_375' title='bbox 687 3829 757 3883; x_wconf 91' lang='lat' dir='ltr'>Et</span> <span class='ocrx_word' id='word_1_376' title='bbox 807 3830 1172 3902; x_wconf 83' lang='lat' dir='ltr'>Nicephorus</span> <span class='ocrx_word' id='word_1_377' title='bbox 1220 3828 1281 3884; x_wconf 91' lang='lat' dir='ltr'>id</span> <span class='ocrx_word' id='word_1_378' title='bbox 1334 3829 1555 3885; x_wconf 83' lang='lat' dir='ltr'>factum</span> <span class='ocrx_word' id='word_1_379' title='bbox 1611 3830 1724 3885; x_wconf 90' lang='lat' dir='ltr'>sibi</span> <span class='ocrx_word' id='word_1_380' title='bbox 1782 3830 1984 3887; x_wconf 88' lang='lat' dir='ltr'>dolere</span> 
     </span>
    </p>
   </div>
   <div class='ocr_carea' id='block_1_58' title="bbox 326 3918 1983 3990">
    <p class='ocr_par' dir='ltr' id='par_1_58' title="bbox 326 3918 1983 3990">
     <span class='ocr_line' id='line_1_58' title="bbox 326 3918 1983 3990; baseline 0.002 -17"><span class='ocrx_word' id='word_1_381' title='bbox 326 3918 617 3974; x_wconf 90' lang='lat' dir='ltr'>simulans</span> <span class='ocrx_word' id='word_1_382' title='bbox 652 3918 993 3990; x_wconf 85' lang='lat' dir='ltr'>juramento</span> <span class='ocrx_word' id='word_1_383' title='bbox 1019 3918 1297 3974; x_wconf 91' lang='lat' dir='ltr'>omnibus</span> <span class='ocrx_word' id='word_1_384' title='bbox 1331 3919 1648 3975; x_wconf 85' lang='lat' dir='ltr'>confirmat</span> <span class='ocrx_word' id='word_1_385' title='bbox 1679 3937 1740 3976; x_wconf 91' lang='lat' dir='ltr'>se</span> <span class='ocrx_word' id='word_1_386' title='bbox 1772 3920 1833 3975; x_wconf 91' lang='lat' dir='ltr'>in</span> <span class='ocrx_word' id='word_1_387' title='bbox 1860 3922 1983 3977; x_wconf 87' lang='lat' dir='ltr'>cul-</span> 
     </span>
    </p>
   </div>
   <div class='ocr_carea' id='block_1_59' title="bbox 325 4007 1981 4083">
    <p class='ocr_par' dir='ltr' id='par_1_59' title="bbox 325 4007 1981 4083">
     <span class='ocr_line' id='line_1_59' title="bbox 325 4007 1981 4083; baseline 0.002 -19"><span class='ocrx_word' id='word_1_388' title='bbox 325 4022 402 4080; x_wconf 89' lang='lat' dir='ltr'>pa</span> <span class='ocrx_word' id='word_1_389' title='bbox 433 4009 562 4078; x_wconf 81' lang='lat' dir='ltr'>ejus</span> <span class='ocrx_word' id='word_1_390' title='bbox 588 4024 707 4063; x_wconf 91' lang='lat' dir='ltr'>non</span> <span class='ocrx_word' id='word_1_391' title='bbox 739 4024 891 4080; x_wconf 90' lang='lat' dir='ltr'>esse,</span> <span class='ocrx_word' id='word_1_392' title='bbox 923 4024 1058 4064; x_wconf 91' lang='lat' dir='ltr'>cum</span> <span class='ocrx_word' id='word_1_393' title='bbox 1109 4024 1186 4062; x_wconf 92' lang='lat' dir='ltr'>ne</span> <span class='ocrx_word' id='word_1_394' title='bbox 1240 4007 1389 4064; x_wconf 86' lang='lat' dir='ltr'>alias</span> <span class='ocrx_word' id='word_1_395' title='bbox 1447 4008 1685 4081; x_wconf 90' lang='lat' dir='ltr'>quidem</span> <span class='ocrx_word' id='word_1_396' title='bbox 1718 4026 1981 4083; x_wconf 88' lang='lat' dir='ltr'>unquam</span> 
     </span>
    </p>
   </div>
   <div class='ocr_carea' id='block_1_60' title="bbox 327 4098 838 4171">
    <p class='ocr_par' dir='ltr' id='par_1_60' title="bbox 327 4098 838 4171">
     <span class='ocr_line' id='line_1_60' title="bbox 327 4098 838 4171; baseline 0 -18"><span class='ocrx_word' id='word_1_397' title='bbox 327 4115 529 4154; x_wconf 83' lang='lat' dir='ltr'>verum</span> <span class='ocrx_word' id='word_1_398' title='bbox 552 4098 788 4171; x_wconf 86' lang='lat' dir='ltr'>jurasse</span> <span class='ocrx_word' id='word_1_399' title='bbox 798 4104 838 4153; x_wconf 89' lang='lat' dir='ltr'>t.</span> 
     </span>
    </p>
   </div>
   <div class='ocr_carea' id='block_1_61' title="bbox 2022 3253 2151 3350">
    <p class='ocr_par' dir='ltr' id='par_1_61' title="bbox 2022 3253 2151 3350">
     <span class='ocr_line' id='line_1_61' title="bbox 2022 3253 2151 3350; baseline 0.008 -1"><span class='ocrx_word' id='word_1_400' title='bbox 2022 3253 2151 3350; x_wconf 65' lang='grc' dir='ltr'>(³Ξέ</span> 
     </span>
    </p>
   </div>
   <div class='ocr_carea' id='block_1_62' title="bbox 2089 1939 3745 2019">
    <p class='ocr_par' dir='ltr' id='par_1_62' title="bbox 2089 1939 3745 2019">
     <span class='ocr_line' id='line_1_62' title="bbox 2089 1939 3745 2019; baseline -0.005 -19"><span class='ocrx_word' id='word_1_401' title='bbox 2089 1972 2118 2000; x_wconf 87' lang='grc'>‹‹</span> <span class='ocrx_word' id='word_1_402' title='bbox 2154 1945 2228 2001; x_wconf 75' lang='grc' dir='ltr'>Σὺ</span> <span class='ocrx_word' id='word_1_403' title='bbox 2274 1945 2391 2019; x_wconf 72' lang='grc' dir='ltr'>μὲν,</span> <span class='ocrx_word' id='word_1_404' title='bbox 2423 1945 2469 1999; x_wconf 84' lang='grc' dir='ltr'>ὧ</span> <span class='ocrx_word' id='word_1_405' title='bbox 2500 1944 2657 2003; x_wconf 88' lang='grc' dir='ltr'>Λέον,</span> <span class='ocrx_word' id='word_1_406' title='bbox 2695 1941 3039 2017; x_wconf 75' lang='grc' dir='ltr'>βασιλεύσας,</span> <span class='ocrx_word' id='word_1_407' title='bbox 3074 1941 3162 1995; x_wconf 77' lang='grc' dir='ltr'>καὶ</span> <span class='ocrx_word' id='word_1_408' title='bbox 3195 1942 3456 2014; x_wconf 71' lang='grc' dir='ltr'>ὁθωμᾶς</span> <span class='ocrx_word' id='word_1_409' title='bbox 3501 1939 3745 2015; x_wconf 75' lang='grc' dir='ltr'>ἀναῤῥη-</span> 
     </span>
    </p>
   </div>
   <div class='ocr_carea' id='block_1_63' title="bbox 2088 2030 3742 2112">
    <p class='ocr_par' dir='ltr' id='par_1_63' title="bbox 2088 2030 3742 2112">
     <span class='ocr_line' id='line_1_63' title="bbox 2088 2030 3742 2112; baseline -0.007 -19"><span class='ocrx_word' id='word_1_410' title='bbox 2088 2036 2220 2105; x_wconf 77' lang='grc' dir='ltr'>θεῖς,</span> <span class='ocrx_word' id='word_1_411' title='bbox 2254 2033 2400 2108; x_wconf 85' lang='grc' dir='ltr'>παρά</span> <span class='ocrx_word' id='word_1_412' title='bbox 2433 2032 2669 2108; x_wconf 75' lang='grc' dir='ltr'>Μιχαὴλ</span> <span class='ocrx_word' id='word_1_413' title='bbox 2701 2033 3096 2112; x_wconf 66' lang='grc' dir='ltr'>φονευθήσεσθε</span> <span class='ocrx_word' id='word_1_414' title='bbox 3125 2030 3293 2103; x_wconf 76' lang='grc' dir='ltr'>(οὓτω</span> <span class='ocrx_word' id='word_1_415' title='bbox 3350 2030 3456 2108; x_wconf 83' lang='grc' dir='ltr'>γάρ</span> <span class='ocrx_word' id='word_1_416' title='bbox 3513 2030 3541 2085; x_wconf 90' lang='lat'>6</span> <span class='ocrx_word' id='word_1_417' title='bbox 3575 2049 3742 2102; x_wconf 84' lang='grc' dir='ltr'>μονα--</span> 
     </span>
    </p>
   </div>
   <div class='ocr_carea' id='block_1_64' title="bbox 2088 2117 3742 2206">
    <p class='ocr_par' dir='ltr' id='par_1_64' title="bbox 2088 2117 3742 2206">
     <span class='ocr_line' id='line_1_64' title="bbox 2088 2117 3742 2206; baseline -0.003 -26"><span class='ocrx_word' id='word_1_418' title='bbox 2088 2126 2193 2206; x_wconf 85' lang='grc' dir='ltr'>χὸς</span> <span class='ocrx_word' id='word_1_419' title='bbox 2224 2123 2399 2198; x_wconf 80' lang='grc' dir='ltr'>ἐξεῖπέ</span> <span class='ocrx_word' id='word_1_420' title='bbox 2442 2128 2582 2196; x_wconf 88' lang='grc' dir='ltr'>μοι),</span> <span class='ocrx_word' id='word_1_421' title='bbox 2645 2122 2812 2195; x_wconf 82' lang='grc' dir='ltr'>μόνου</span> <span class='ocrx_word' id='word_1_422' title='bbox 2868 2125 2966 2177; x_wconf 70' lang='grc' dir='ltr'>τοῦ</span> <span class='ocrx_word' id='word_1_423' title='bbox 3010 2118 3242 2200; x_wconf 70' lang='grc' dir='ltr'>Μιχαὴλ</span> <span class='ocrx_word' id='word_1_424' title='bbox 3285 2117 3742 2200; x_wconf 65' lang='grc' dir='ltr'>διαφυλαχθιβο-</span> 
     </span>
    </p>
   </div>
   <div class='ocr_carea' id='block_1_65' title="bbox 2093 2208 3742 2288">
    <p class='ocr_par' dir='ltr' id='par_1_65' title="bbox 2093 2208 3742 2288">
     <span class='ocr_line' id='line_1_65' title="bbox 2093 2208 3742 2288; baseline -0.004 -18"><span class='ocrx_word' id='word_1_425' title='bbox 2093 2215 2255 2286; x_wconf 83' lang='grc' dir='ltr'>μένου</span> <span class='ocrx_word' id='word_1_426' title='bbox 2289 2213 2340 2269; x_wconf 74' lang='grc' dir='ltr'>ἐν</span> <span class='ocrx_word' id='word_1_427' title='bbox 2369 2214 2439 2285; x_wconf 77' lang='grc' dir='ltr'>τῇ</span> <span class='ocrx_word' id='word_1_428' title='bbox 2472 2209 2748 2288; x_wconf 81' lang='grc' dir='ltr'>βασιλείᾳ,</span> <span class='ocrx_word' id='word_1_429' title='bbox 2794 2235 2815 2262; x_wconf 75' lang='grc' dir='ltr'>ι</span> <span class='ocrx_word' id='word_1_430' title='bbox 2871 2211 2951 2269; x_wconf 82' lang='grc' dir='ltr'>Οὐ</span> <span class='ocrx_word' id='word_1_431' title='bbox 3003 2209 3148 2266; x_wconf 76' lang='grc' dir='ltr'>πολὺ</span> <span class='ocrx_word' id='word_1_432' title='bbox 3195 2211 3260 2265; x_wconf 86' lang='grc' dir='ltr'>τὸ</span> <span class='ocrx_word' id='word_1_433' title='bbox 3315 2209 3366 2265; x_wconf 82' lang='grc' dir='ltr'>ἐν</span> <span class='ocrx_word' id='word_1_434' title='bbox 3413 2208 3581 2283; x_wconf 78' lang='grc' dir='ltr'>μέσῳ,</span> <span class='ocrx_word' id='word_1_435' title='bbox 3648 2208 3742 2264; x_wconf 86' lang='grc' dir='ltr'>καὶ</span> 
     </span>
    </p>
   </div>
   <div class='ocr_carea' id='block_1_66' title="bbox 2088 2297 3745 2378">
    <p class='ocr_par' dir='ltr' id='par_1_66' title="bbox 2088 2297 3745 2378">
     <span class='ocr_line' id='line_1_66' title="bbox 2088 2297 3745 2378; baseline -0.005 -16"><span class='ocrx_word' id='word_1_436' title='bbox 2088 2311 2196 2362; x_wconf 83' lang='grc' dir='ltr'>τῶν</span> <span class='ocrx_word' id='word_1_437' title='bbox 2252 2305 2499 2378; x_wconf 74' lang='grc' dir='ltr'>θεμάτων</span> <span class='ocrx_word' id='word_1_438' title='bbox 2587 2308 2699 2376; x_wconf 88' lang='grc'>(30)</span> <span class='ocrx_word' id='word_1_439' title='bbox 2779 2300 2965 2357; x_wconf 86' lang='grc' dir='ltr'>πολλά</span> <span class='ocrx_word' id='word_1_440' title='bbox 3046 2300 3599 2377; x_wconf 82' lang='grc' dir='ltr'>καταναγκαζομένων</span> <span class='ocrx_word' id='word_1_441' title='bbox 3654 2297 3745 2355; x_wconf 79' lang='grc' dir='ltr'>διὶ</span> 
     </span>
    </p>
   </div>
   <div class='ocr_carea' id='block_1_67' title="bbox 2086 2391 3745 2469">
    <p class='ocr_par' dir='ltr' id='par_1_67' title="bbox 2086 2391 3745 2469">
     <span class='ocr_line' id='line_1_67' title="bbox 2086 2391 3745 2469; baseline -0.005 -16"><span class='ocrx_word' id='word_1_442' title='bbox 2086 2397 2183 2460; x_wconf 75' lang='grc' dir='ltr'>τὰς</span> <span class='ocrx_word' id='word_1_443' title='bbox 2228 2395 2560 2460; x_wconf 77' lang='grc' dir='ltr'>έπιτεθεῖσας</span> <span class='ocrx_word' id='word_1_444' title='bbox 2618 2392 2803 2455; x_wconf 76' lang='grc' dir='ltr'>αὐτοῖς</span> <span class='ocrx_word' id='word_1_445' title='bbox 2860 2393 3178 2464; x_wconf 68' lang='grc' dir='ltr'>ἀπαιτήσεις</span> <span class='ocrx_word' id='word_1_446' title='bbox 3225 2393 3370 2469; x_wconf 82' lang='grc' dir='ltr'>παρὰ</span> <span class='ocrx_word' id='word_1_447' title='bbox 3427 2391 3745 2469; x_wconf 66' lang='grc' dir='ltr'>Νικηφόρου</span> 
     </span>
    </p>
   </div>
   <div class='ocr_carea' id='block_1_68' title="bbox 2087 2478 3741 2562">
    <p class='ocr_par' dir='ltr' id='par_1_68' title="bbox 2087 2478 3741 2562">
     <span class='ocr_line' id='line_1_68' title="bbox 2087 2478 3741 2562; baseline -0.004 -20"><span class='ocrx_word' id='word_1_448' title='bbox 2087 2487 2583 2562; x_wconf 65' lang='grc' dir='ltr'>ἀποσκιρτήσαντες</span> <span class='ocrx_word' id='word_1_449' title='bbox 2669 2481 3039 2560; x_wconf 79' lang='grc' dir='ltr'>ἀνηγόρευσαν</span> <span class='ocrx_word' id='word_1_450' title='bbox 3128 2482 3356 2559; x_wconf 73' lang='grc' dir='ltr'>βασιλέα</span> <span class='ocrx_word' id='word_1_451' title='bbox 3428 2478 3741 2557; x_wconf 84' lang='grc' dir='ltr'>Βαρδάνιον,</span> 
     </span>
    </p>
   </div>
   <div class='ocr_carea' id='block_1_69' title="bbox 2087 2571 3743 2652">
    <p class='ocr_par' dir='ltr' id='par_1_69' title="bbox 2087 2571 3743 2652">
     <span class='ocr_line' id='line_1_69' title="bbox 2087 2571 3743 2652; baseline -0.003 -20"><span class='ocrx_word' id='word_1_452' title='bbox 2087 2576 2133 2652; x_wconf 83' lang='grc' dir='ltr'>ᾧ</span> <span class='ocrx_word' id='word_1_453' title='bbox 2165 2574 2395 2646; x_wconf 72' lang='grc' dir='ltr'>ἐπίκλην</span> <span class='ocrx_word' id='word_1_454' title='bbox 2416 2578 2658 2649; x_wconf 80' lang='grc' dir='ltr'>Τοῦρκος</span> <span class='ocrx_word' id='word_1_455' title='bbox 2709 2575 2806 2638; x_wconf 71' lang='grc' dir='ltr'>⁸ος</span> <span class='ocrx_word' id='word_1_456' title='bbox 2833 2595 2896 2650; x_wconf 88' lang='grc' dir='ltr'>γε</span> <span class='ocrx_word' id='word_1_457' title='bbox 2926 2571 3211 2651; x_wconf 72' lang='grc' dir='ltr'>δυσφορῶν</span> <span class='ocrx_word' id='word_1_458' title='bbox 3266 2571 3355 2628; x_wconf 83' lang='grc' dir='ltr'>ἐπὶ</span> <span class='ocrx_word' id='word_1_459' title='bbox 3384 2573 3563 2647; x_wconf 73' lang='grc' dir='ltr'>τούτῳ</span> <span class='ocrx_word' id='word_1_460' title='bbox 3612 2591 3743 2647; x_wconf 84' lang='grc' dir='ltr'>πσρ-</span> 
     </span>
    </p>
   </div>
   <div class='ocr_carea' id='block_1_70' title="bbox 2085 2661 3744 2742">
    <p class='ocr_par' dir='ltr' id='par_1_70' title="bbox 2085 2661 3744 2742">
     <span class='ocr_line' id='line_1_70' title="bbox 2085 2661 3744 2742; baseline -0.004 -20"><span class='ocrx_word' id='word_1_461' title='bbox 2085 2672 2290 2742; x_wconf 80' lang='grc' dir='ltr'>ῃτεῖτο,</span> <span class='ocrx_word' id='word_1_462' title='bbox 2353 2666 2428 2738; x_wconf 81' lang='grc' dir='ltr'>μή</span> <span class='ocrx_word' id='word_1_463' title='bbox 2483 2661 2731 2733; x_wconf 70' lang='grc' dir='ltr'>δυνηθεὶς</span> <span class='ocrx_word' id='word_1_464' title='bbox 2793 2661 2851 2719; x_wconf 76' lang='grc' dir='ltr'>δὲ</span> <span class='ocrx_word' id='word_1_465' title='bbox 2900 2661 3183 2738; x_wconf 78' lang='grc' dir='ltr'>διαδρᾶναι</span> <span class='ocrx_word' id='word_1_466' title='bbox 3270 2663 3593 2739; x_wconf 80' lang='grc' dir='ltr'>βιαζόμενος</span> <span class='ocrx_word' id='word_1_467' title='bbox 3653 2663 3744 2717; x_wconf 81' lang='grc' dir='ltr'>ὑπ’</span> 
     </span>
    </p>
   </div>
   <div class='ocr_carea' id='block_1_71' title="bbox 2088 2751 3743 2833">
    <p class='ocr_par' dir='ltr' id='par_1_71' title="bbox 2088 2751 3743 2833">
     <span class='ocr_line' id='line_1_71' title="bbox 2088 2751 3743 2833; baseline -0.001 -21"><span class='ocrx_word' id='word_1_468' title='bbox 2088 2756 2264 2812; x_wconf 80' lang='grc' dir='ltr'>αὐτῶν</span> <span class='ocrx_word' id='word_1_469' title='bbox 2349 2752 2622 2825; x_wconf 77' lang='grc' dir='ltr'>κατῆλθεν</span> <span class='ocrx_word' id='word_1_470' title='bbox 2700 2752 2753 2809; x_wconf 68' lang='grc' dir='ltr'>ἓν</span> <span class='ocrx_word' id='word_1_471' title='bbox 2827 2751 3217 2829; x_wconf 83' lang='grc' dir='ltr'>Χρυσουπόλει</span> <span class='ocrx_word' id='word_1_472' title='bbox 3295 2751 3743 2833; x_wconf 64' lang='grc' dir='ltr'>εὐφημούμενος.</span> 
     </span>
    </p>
   </div>
   <div class='ocr_carea' id='block_1_72' title="bbox 2091 2841 3748 2921">
    <p class='ocr_par' dir='ltr' id='par_1_72' title="bbox 2091 2841 3748 2921">
     <span class='ocr_line' id='line_1_72' title="bbox 2091 2841 3748 2921; baseline -0.004 -18"><span class='ocrx_word' id='word_1_473' title='bbox 2091 2845 2316 2904; x_wconf 73' lang='grc' dir='ltr'>Τούτων</span> <span class='ocrx_word' id='word_1_474' title='bbox 2350 2841 2407 2900; x_wconf 75' lang='grc' dir='ltr'>δὲ</span> <span class='ocrx_word' id='word_1_475' title='bbox 2433 2844 2757 2921; x_wconf 77' lang='grc' dir='ltr'>γενομένων,</span> <span class='ocrx_word' id='word_1_476' title='bbox 2794 2845 2944 2899; x_wconf 82' lang='grc' dir='ltr'>Λέων</span> <span class='ocrx_word' id='word_1_477' title='bbox 3000 2843 3090 2901; x_wconf 84' lang='grc' dir='ltr'>καὶ</span> <span class='ocrx_word' id='word_1_478' title='bbox 3132 2842 3363 2919; x_wconf 77' lang='grc' dir='ltr'>Μιχαὴλ</span> <span class='ocrx_word' id='word_1_479' title='bbox 3415 2847 3494 2915; x_wconf 81' lang='grc' dir='ltr'>τῷ</span> <span class='ocrx_word' id='word_1_480' title='bbox 3530 2841 3748 2917; x_wconf 80' lang='grc' dir='ltr'>βασιλεῖ</span> 
     </span>
    </p>
   </div>
   <div class='ocr_carea' id='block_1_73' title="bbox 2089 2929 3745 3012">
    <p class='ocr_par' dir='ltr' id='par_1_73' title="bbox 2089 2929 3745 3012">
     <span class='ocr_line' id='line_1_73' title="bbox 2089 2929 3745 3012; baseline -0.002 -21"><span class='ocrx_word' id='word_1_481' title='bbox 2089 2934 2527 3012; x_wconf 69' lang='grc' dir='ltr'>προσεῤῥύησαν,</span> <span class='ocrx_word' id='word_1_482' title='bbox 2561 2934 2692 2988; x_wconf 83' lang='grc' dir='ltr'>ὧνὸ</span> <span class='ocrx_word' id='word_1_483' title='bbox 2726 2933 2823 3006; x_wconf 72' lang='grc' dir='ltr'>μὶν</span> <span class='ocrx_word' id='word_1_484' title='bbox 2882 2940 2983 3003; x_wconf 79' lang='grc' dir='ltr'>τῆς</span> <span class='ocrx_word' id='word_1_485' title='bbox 3039 2936 3150 2989; x_wconf 83' lang='grc' dir='ltr'>τῶν</span> <span class='ocrx_word' id='word_1_486' title='bbox 3210 2929 3548 3011; x_wconf 76' lang='grc' dir='ltr'>φοιδεράτων</span> <span class='ocrx_word' id='word_1_487' title='bbox 3608 2933 3745 3005; x_wconf 88' lang='grc'>(31),</span> 
     </span>
    </p>
   </div>
   <div class='ocr_carea' id='block_1_74' title="bbox 2092 3019 3743 3098">
    <p class='ocr_par' dir='ltr' id='par_1_74' title="bbox 2092 3019 3743 3098">
     <span class='ocr_line' id='line_1_74' title="bbox 2092 3019 3743 3098; baseline -0.004 -18"><span class='ocrx_word' id='word_1_488' title='bbox 2092 3025 2119 3079; x_wconf 87' lang='grc' dir='ltr'>ὁ</span> <span class='ocrx_word' id='word_1_489' title='bbox 2151 3022 2210 3080; x_wconf 75' lang='grc' dir='ltr'>δὲ</span> <span class='ocrx_word' id='word_1_490' title='bbox 2237 3031 2336 3093; x_wconf 75' lang='grc' dir='ltr'>τῆς</span> <span class='ocrx_word' id='word_1_491' title='bbox 2376 3027 2472 3079; x_wconf 83' lang='grc' dir='ltr'>τοῦ</span> <span class='ocrx_word' id='word_1_492' title='bbox 2502 3023 2750 3097; x_wconf 78' lang='grc' dir='ltr'>κόμητος</span> <span class='ocrx_word' id='word_1_493' title='bbox 2781 3022 2984 3098; x_wconf 73' lang='grc' dir='ltr'>κόρτης</span> <span class='ocrx_word' id='word_1_494' title='bbox 3043 3026 3153 3096; x_wconf 83' lang='lat'>(32)</span> <span class='ocrx_word' id='word_1_495' title='bbox 3181 3023 3281 3091; x_wconf 80' lang='grc' dir='ltr'>τήν</span> <span class='ocrx_word' id='word_1_496' title='bbox 3314 3022 3491 3097; x_wconf 75' lang='grc' dir='ltr'>ἀρχὴν</span> <span class='ocrx_word' id='word_1_497' title='bbox 3553 3019 3743 3096; x_wconf 81' lang='grc' dir='ltr'>ἐγχει-</span> 
     </span>
    </p>
   </div>
   <div class='ocr_carea' id='block_1_75' title="bbox 2092 3109 3747 3191">
    <p class='ocr_par' dir='ltr' id='par_1_75' title="bbox 2092 3109 3747 3191">
     <span class='ocr_line' id='line_1_75' title="bbox 2092 3109 3747 3191; baseline -0.002 -21"><span class='ocrx_word' id='word_1_498' title='bbox 2092 3117 2357 3190; x_wconf 79' lang='grc' dir='ltr'>ρίζονται,</span> <span class='ocrx_word' id='word_1_499' title='bbox 2386 3119 2585 3189; x_wconf 79' lang='grc' dir='ltr'>Θωμᾶς</span> <span class='ocrx_word' id='word_1_500' title='bbox 2618 3112 2675 3169; x_wconf 72' lang='grc' dir='ltr'>δὲ</span> <span class='ocrx_word' id='word_1_501' title='bbox 2706 3113 2876 3191; x_wconf 80' lang='grc' dir='ltr'>μέχρι</span> <span class='ocrx_word' id='word_1_502' title='bbox 2907 3109 3171 3169; x_wconf 64' lang='grc' dir='ltr'>κίνδῦνων</span> <span class='ocrx_word' id='word_1_503' title='bbox 3227 3118 3306 3185; x_wconf 80' lang='grc' dir='ltr'>τῷ</span> <span class='ocrx_word' id='word_1_504' title='bbox 3354 3111 3477 3185; x_wconf 73' lang='grc' dir='ltr'>ἰδίῳ</span> <span class='ocrx_word' id='word_1_505' title='bbox 3509 3109 3747 3187; x_wconf 76' lang='grc' dir='ltr'>δεσπότῃ</span> 
     </span>
    </p>
   </div>
   <div class='ocr_carea' id='block_1_76' title="bbox 2094 3197 3752 3282">
    <p class='ocr_par' dir='ltr' id='par_1_76' title="bbox 2094 3197 3752 3282">
     <span class='ocr_line' id='line_1_76' title="bbox 2094 3197 3752 3282; baseline -0.002 -22"><span class='ocrx_word' id='word_1_506' title='bbox 2094 3207 2318 3280; x_wconf 76' lang='grc' dir='ltr'>ἀφοσιοῖ</span> <span class='ocrx_word' id='word_1_507' title='bbox 2339 3206 2405 3261; x_wconf 74' lang='grc' dir='ltr'>τὰ</span> <span class='ocrx_word' id='word_1_508' title='bbox 2433 3211 2533 3275; x_wconf 80' lang='grc' dir='ltr'>τῆς</span> <span class='ocrx_word' id='word_1_509' title='bbox 2576 3202 2830 3266; x_wconf 76' lang='grc' dir='ltr'>πίστεως.</span> <span class='ocrx_word' id='word_1_510' title='bbox 2896 3203 3027 3259; x_wconf 77' lang='grc' dir='ltr'>Εἶτα</span> <span class='ocrx_word' id='word_1_511' title='bbox 3082 3205 3173 3259; x_wconf 85' lang='grc' dir='ltr'>τὸν</span> <span class='ocrx_word' id='word_1_512' title='bbox 3230 3206 3328 3259; x_wconf 82' lang='grc' dir='ltr'>τοῦ</span> <span class='ocrx_word' id='word_1_513' title='bbox 3386 3206 3520 3259; x_wconf 79' lang='grc' dir='ltr'>Θεοῦ</span> <span class='ocrx_word' id='word_1_514' title='bbox 3577 3197 3752 3282; x_wconf 73' lang='grc' dir='ltr'>φοϐον</span> 
     </span>
    </p>
   </div>
   <div class='ocr_carea' id='block_1_77' title="bbox 2176 3288 3764 3368">
    <p class='ocr_par' dir='ltr' id='par_1_77' title="bbox 2176 3288 3764 3368">
     <span class='ocr_line' id='line_1_77' title="bbox 2176 3288 3764 3368; baseline -0.002 -19"><span class='ocrx_word' id='word_1_515' title='bbox 2176 3290 2375 3368; x_wconf 80' lang='grc' dir='ltr'>καρδίᾳ</span> <span class='ocrx_word' id='word_1_516' title='bbox 2402 3292 2736 3366; x_wconf 68' lang='grc' dir='ltr'>κεκτημένος</span> <span class='ocrx_word' id='word_1_517' title='bbox 2788 3294 2817 3348; x_wconf 90' lang='lat'>6</span> <span class='ocrx_word' id='word_1_518' title='bbox 2877 3290 3195 3367; x_wconf 84' lang='grc' dir='ltr'>Βαρδάνιος,</span> <span class='ocrx_word' id='word_1_519' title='bbox 3250 3292 3341 3347; x_wconf 80' lang='grc' dir='ltr'>καὶ</span> <span class='ocrx_word' id='word_1_520' title='bbox 3402 3288 3595 3356; x_wconf 84' lang='grc' dir='ltr'>δεδιὼς</span> <span class='ocrx_word' id='word_1_521' title='bbox 3655 3294 3764 3366; x_wconf 74' lang='grc' dir='ltr'>μή·</span> 
     </span>
    </p>
   </div>
   <div class='ocr_carea' id='block_1_78' title="bbox 2092 3379 3759 3459">
    <p class='ocr_par' dir='ltr' id='par_1_78' title="bbox 2092 3379 3759 3459">
     <span class='ocr_line' id='line_1_78' title="bbox 2092 3379 3759 3459; baseline -0.002 -20"><span class='ocrx_word' id='word_1_522' title='bbox 2092 3406 2211 3446; x_wconf 89' lang='grc' dir='ltr'>πως</span> <span class='ocrx_word' id='word_1_523' title='bbox 2266 3381 2336 3438; x_wconf 90' lang='grc' dir='ltr'>δι’</span> <span class='ocrx_word' id='word_1_524' title='bbox 2390 3382 2551 3438; x_wconf 80' lang='grc' dir='ltr'>αὐτὸν</span> <span class='ocrx_word' id='word_1_525' title='bbox 2615 3381 2886 3459; x_wconf 77' lang='grc' dir='ltr'>ἐμφύλιος</span> <span class='ocrx_word' id='word_1_526' title='bbox 2966 3383 3190 3459; x_wconf 78' lang='grc' dir='ltr'>γένηται</span> <span class='ocrx_word' id='word_1_527' title='bbox 3248 3379 3520 3455; x_wconf 87' lang='grc' dir='ltr'>πόλεμος,</span> <span class='ocrx_word' id='word_1_528' title='bbox 3579 3381 3759 3457; x_wconf 78' lang='grc' dir='ltr'>λάθρα</span> 
     </span>
    </p>
   </div>
   <div class='ocr_carea' id='block_1_79' title="bbox 2092 3472 3751 3549">
    <p class='ocr_par' dir='ltr' id='par_1_79' title="bbox 2092 3472 3751 3549">
     <span class='ocr_line' id='line_1_79' title="bbox 2092 3472 3751 3549; baseline -0.002 -20"><span class='ocrx_word' id='word_1_529' title='bbox 2092 3474 2232 3547; x_wconf 73' lang='grc' dir='ltr'>πρὸς</span> <span class='ocrx_word' id='word_1_530' title='bbox 2258 3475 2351 3529; x_wconf 84' lang='grc' dir='ltr'>τὸν</span> <span class='ocrx_word' id='word_1_531' title='bbox 2387 3472 2612 3549; x_wconf 83' lang='grc' dir='ltr'>βασιλέα</span> <span class='ocrx_word' id='word_1_532' title='bbox 2662 3473 2925 3548; x_wconf 73' lang='grc' dir='ltr'>ἐκπέμπει</span> <span class='ocrx_word' id='word_1_533' title='bbox 2987 3473 3184 3549; x_wconf 79' lang='grc' dir='ltr'>Λόγους</span> <span class='ocrx_word' id='word_1_534' title='bbox 3242 3472 3498 3535; x_wconf 75' lang='grc' dir='ltr'>ἀπαθείας</span> <span class='ocrx_word' id='word_1_535' title='bbox 3553 3476 3751 3542; x_wconf 80' lang='grc' dir='ltr'>ζητῶν·</span> 
     </span>
    </p>
   </div>
   <div class='ocr_carea' id='block_1_80' title="bbox 2092 3559 3755 3638">
    <p class='ocr_par' dir='ltr' id='par_1_80' title="bbox 2092 3559 3755 3638">
     <span class='ocr_line' id='line_1_80' title="bbox 2092 3559 3755 3638; baseline -0.001 -19"><span class='ocrx_word' id='word_1_536' title='bbox 2092 3564 2182 3619; x_wconf 83' lang='grc' dir='ltr'>καὶ</span> <span class='ocrx_word' id='word_1_537' title='bbox 2216 3559 2401 3620; x_wconf 72' lang='grc' dir='ltr'>λαϐὼν</span> <span class='ocrx_word' id='word_1_538' title='bbox 2458 3564 2787 3637; x_wconf 80' lang='grc' dir='ltr'>ναυσιπόρος</span> <span class='ocrx_word' id='word_1_539' title='bbox 2847 3560 3032 3638; x_wconf 85' lang='grc' dir='ltr'>διέδρα</span> <span class='ocrx_word' id='word_1_540' title='bbox 3079 3564 3291 3633; x_wconf 75' lang='grc' dir='ltr'>νυκτὸς,</span> <span class='ocrx_word' id='word_1_541' title='bbox 3352 3563 3441 3620; x_wconf 85' lang='grc' dir='ltr'>καὶ</span> <span class='ocrx_word' id='word_1_542' title='bbox 3500 3562 3755 3626; x_wconf 86' lang='grc' dir='ltr'>ἀπελθὼν</span> 
     </span>
    </p>
   </div>
   <div class='ocr_carea' id='block_1_81' title="bbox 2094 3648 3756 3728">
    <p class='ocr_par' dir='ltr' id='par_1_81' title="bbox 2094 3648 3756 3728">
     <span class='ocr_line' id='line_1_81' title="bbox 2094 3648 3756 3728; baseline -0.001 -20"><span class='ocrx_word' id='word_1_543' title='bbox 2094 3652 2146 3708; x_wconf 77' lang='grc' dir='ltr'>έν</span> <span class='ocrx_word' id='word_1_544' title='bbox 2233 3658 2313 3726; x_wconf 78' lang='grc' dir='ltr'>τῷ</span> <span class='ocrx_word' id='word_1_545' title='bbox 2395 3648 2724 3727; x_wconf 74' lang='grc' dir='ltr'>Καταϐολὲῳ</span> <span class='ocrx_word' id='word_1_546' title='bbox 2804 3656 2916 3728; x_wconf 89' lang='grc'>(33)</span> <span class='ocrx_word' id='word_1_547' title='bbox 2968 3652 3044 3718; x_wconf 74' lang='grc' dir='ltr'>εἷς</span> <span class='ocrx_word' id='word_1_548' title='bbox 3099 3653 3201 3724; x_wconf 71' lang='grc' dir='ltr'>τὴν</span> <span class='ocrx_word' id='word_1_549' title='bbox 3276 3658 3372 3709; x_wconf 80' lang='grc' dir='ltr'>τοῦ</span> <span class='ocrx_word' id='word_1_550' title='bbox 3429 3652 3756 3728; x_wconf 74' lang='grc' dir='ltr'>Ἡρακλείου</span> 
     </span>
    </p>
   </div>
   <div class='ocr_carea' id='block_1_82' title="bbox 2099 3740 3755 3819">
    <p class='ocr_par' dir='ltr' id='par_1_82' title="bbox 2099 3740 3755 3819">
     <span class='ocr_line' id='line_1_82' title="bbox 2099 3740 3755 3819; baseline 0 -21"><span class='ocrx_word' id='word_1_551' title='bbox 2099 3743 2275 3818; x_wconf 79' lang='grc' dir='ltr'>μονὴν</span> <span class='ocrx_word' id='word_1_552' title='bbox 2354 3741 2543 3819; x_wconf 83' lang='grc' dir='ltr'>γέγονε</span> <span class='ocrx_word' id='word_1_553' title='bbox 2613 3743 2874 3819; x_wconf 84' lang='grc' dir='ltr'>μοναχός.</span> <span class='ocrx_word' id='word_1_554' title='bbox 2933 3744 2991 3799; x_wconf 78' lang='grc' dir='ltr'><strong>Ὀ</strong></span> <span class='ocrx_word' id='word_1_555' title='bbox 3050 3741 3107 3799; x_wconf 72' lang='grc' dir='ltr'>δὲ</span> <span class='ocrx_word' id='word_1_556' title='bbox 3171 3745 3288 3817; x_wconf 83' lang='grc' dir='ltr'>μετ’</span> <span class='ocrx_word' id='word_1_557' title='bbox 3370 3740 3536 3798; x_wconf 68' lang='grc' dir='ltr'>αἱ)τοῦ</span> <span class='ocrx_word' id='word_1_558' title='bbox 3619 3742 3755 3805; x_wconf 81' lang='grc' dir='ltr'>λαὸς</span> 
     </span>
    </p>
   </div>
   <div class='ocr_carea' id='block_1_83' title="bbox 2096 3830 3754 3914">
    <p class='ocr_par' dir='ltr' id='par_1_83' title="bbox 2096 3830 3754 3914">
     <span class='ocr_line' id='line_1_83' title="bbox 2096 3830 3754 3914; baseline -0.001 -25"><span class='ocrx_word' id='word_1_559' title='bbox 2096 3830 2283 3889; x_wconf 73' lang='grc' dir='ltr'>οἷ’καδε</span> <span class='ocrx_word' id='word_1_560' title='bbox 2311 3832 2515 3914; x_wconf 77' lang='grc' dir='ltr'>ᾤχετο.</span> <span class='ocrx_word' id='word_1_561' title='bbox 2579 3832 3079 3909; x_wconf 79' lang='grc' dir='ltr'>Σχηματισάμενος</span> <span class='ocrx_word' id='word_1_562' title='bbox 3132 3831 3177 3888; x_wconf 89' lang='grc' dir='ltr'>δ’</span> <span class='ocrx_word' id='word_1_563' title='bbox 3235 3834 3263 3888; x_wconf 87' lang='lat'>6</span> <span class='ocrx_word' id='word_1_564' title='bbox 3299 3832 3557 3910; x_wconf 68' lang='grc' dir='ltr'>βασιλεὺς</span> <span class='ocrx_word' id='word_1_565' title='bbox 3616 3832 3754 3910; x_wconf 77' lang='grc' dir='ltr'>ἀγα-</span> 
     </span>
    </p>
   </div>
   <div class='ocr_carea' id='block_1_84' title="bbox 2095 3920 3751 4000">
    <p class='ocr_par' dir='ltr' id='par_1_84' title="bbox 2095 3920 3751 4000">
     <span class='ocr_line' id='line_1_84' title="bbox 2095 3920 3751 4000; baseline 0.001 -23"><span class='ocrx_word' id='word_1_566' title='bbox 2095 3928 2209 3997; x_wconf 79' lang='grc' dir='ltr'>γεῖν</span> <span class='ocrx_word' id='word_1_567' title='bbox 2268 3922 2359 3978; x_wconf 86' lang='grc' dir='ltr'>τὸν</span> <span class='ocrx_word' id='word_1_568' title='bbox 2422 3920 2721 4000; x_wconf 71' lang='grc' dir='ltr'>Βαρδάνιον</span> <span class='ocrx_word' id='word_1_569' title='bbox 2800 3922 2852 3978; x_wconf 79' lang='grc' dir='ltr'>ἐν</span> <span class='ocrx_word' id='word_1_570' title='bbox 2930 3926 3000 3998; x_wconf 76' lang='grc' dir='ltr'>τῇ</span> <span class='ocrx_word' id='word_1_571' title='bbox 3049 3921 3209 3979; x_wconf 81' lang='grc' dir='ltr'>πόλει</span> <span class='ocrx_word' id='word_1_572' title='bbox 3278 3921 3538 3998; x_wconf 84' lang='grc' dir='ltr'>δρόμωνα</span> <span class='ocrx_word' id='word_1_573' title='bbox 3589 3921 3751 3994; x_wconf 76' lang='grc' dir='ltr'>ἐξαπ-</span> 
     </span>
    </p>
   </div>
   <div class='ocr_carea' id='block_1_85' title="bbox 2095 4012 3752 4092">
    <p class='ocr_par' dir='ltr' id='par_1_85' title="bbox 2095 4012 3752 4092">
     <span class='ocr_line' id='line_1_85' title="bbox 2095 4012 3752 4092; baseline 0.001 -23"><span class='ocrx_word' id='word_1_574' title='bbox 2095 4012 2467 4075; x_wconf 83' lang='grc' dir='ltr'>έστειλε.Τοῦ</span> <span class='ocrx_word' id='word_1_575' title='bbox 2524 4012 2583 4070; x_wconf 71' lang='grc' dir='ltr'>δὲ</span> <span class='ocrx_word' id='word_1_576' title='bbox 2638 4016 3085 4091; x_wconf 80' lang='grc' dir='ltr'>παραγενομένου</span> <span class='ocrx_word' id='word_1_577' title='bbox 3142 4014 3192 4069; x_wconf 84' lang='grc' dir='ltr'>έν</span> <span class='ocrx_word' id='word_1_578' title='bbox 3248 4014 3317 4090; x_wconf 75' lang='grc' dir='ltr'>τῇ</span> <span class='ocrx_word' id='word_1_579' title='bbox 3381 4017 3576 4092; x_wconf 80' lang='grc' dir='ltr'>Πρώτη</span> <span class='ocrx_word' id='word_1_580' title='bbox 3638 4017 3752 4089; x_wconf 78' lang='grc'>(34)</span> 
     </span>
    </p>
   </div>
   <div class='ocr_carea' id='block_1_86' title="bbox 2093 4104 3756 4180">
    <p class='ocr_par' dir='ltr' id='par_1_86' title="bbox 2093 4104 3756 4180">
     <span class='ocr_line' id='line_1_86' title="bbox 2093 4104 3756 4180; baseline 0.001 -22"><span class='ocrx_word' id='word_1_581' title='bbox 2093 4105 2246 4178; x_wconf 72' lang='grc' dir='ltr'>νήσῳ</span> <span class='ocrx_word' id='word_1_582' title='bbox 2300 4104 2437 4177; x_wconf 87' lang='grc' dir='ltr'>πρὸς</span> <span class='ocrx_word' id='word_1_583' title='bbox 2489 4106 2588 4174; x_wconf 78' lang='grc' dir='ltr'>τὴν</span> <span class='ocrx_word' id='word_1_584' title='bbox 2657 4106 2830 4180; x_wconf 76' lang='grc' dir='ltr'>μονὴν</span> <span class='ocrx_word' id='word_1_585' title='bbox 2858 4105 2925 4175; x_wconf 78' lang='grc' dir='ltr'>ἢν</span> <span class='ocrx_word' id='word_1_586' title='bbox 2986 4104 3148 4167; x_wconf 80' lang='grc' dir='ltr'>αὐτὸς</span> <span class='ocrx_word' id='word_1_587' title='bbox 3205 4105 3579 4177; x_wconf 70' lang='grc' dir='ltr'>κατεσκεῦασε,</span> <span class='ocrx_word' id='word_1_588' title='bbox 3613 4126 3756 4180; x_wconf 84' lang='grc' dir='ltr'>προ-</span> 
     </span>
    </p>
   </div>
   <div class='ocr_carea' id='block_1_87' title="bbox 332 4184 3748 4271">
    <p class='ocr_par' dir='ltr' id='par_1_87' title="bbox 332 4184 3748 4271">
     <span class='ocr_line' id='line_1_87' title="bbox 332 4184 3748 4271; baseline 0.003 -30"><span class='ocrx_word' id='word_1_589' title='bbox 332 4186 546 4242; x_wconf 81' lang='grc' dir='ltr'>ἀστειον</span> <span class='ocrx_word' id='word_1_590' title='bbox 580 4186 741 4241; x_wconf 81' lang='grc' dir='ltr'>οὖσαν</span> <span class='ocrx_word' id='word_1_591' title='bbox 775 4185 965 4251; x_wconf 77' lang='grc' dir='ltr'>αὐτοῦ,</span> <span class='ocrx_word' id='word_1_592' title='bbox 1001 4184 1363 4260; x_wconf 78' lang='grc' dir='ltr'>ἐκτυφλοῢται</span> <span class='ocrx_word' id='word_1_593' title='bbox 1396 4187 1500 4244; x_wconf 84' lang='grc' dir='ltr'>ὑπὸ</span> <span class='ocrx_word' id='word_1_594' title='bbox 1524 4190 1813 4246; x_wconf 86' lang='grc' dir='ltr'>Λυκαόνων</span> <span class='ocrx_word' id='word_1_595' title='bbox 1840 4196 2006 4247; x_wconf 81' lang='grc' dir='ltr'>τινῶν</span> <span class='ocrx_word' id='word_1_596' title='bbox 2043 4194 2241 4269; x_wconf 76' lang='grc' dir='ltr'>γνώμῃ</span> <span class='ocrx_word' id='word_1_597' title='bbox 2300 4198 2397 4249; x_wconf 80' lang='grc' dir='ltr'>τοῦ</span> <span class='ocrx_word' id='word_1_598' title='bbox 2460 4193 2753 4266; x_wconf 85' lang='grc' dir='ltr'>βασιλέως.</span> <span class='ocrx_word' id='word_1_599' title='bbox 2809 4196 2895 4270; x_wconf 82' lang='grc' dir='ltr'>[Ρ.</span> <span class='ocrx_word' id='word_1_600' title='bbox 2952 4196 3080 4268; x_wconf 81' lang='grc'>477]</span> <span class='ocrx_word' id='word_1_601' title='bbox 3141 4195 3234 4250; x_wconf 80' lang='grc' dir='ltr'>Διὸ</span> <span class='ocrx_word' id='word_1_602' title='bbox 3286 4194 3375 4250; x_wconf 75' lang='grc' dir='ltr'>ἐπὶ</span> <span class='ocrx_word' id='word_1_603' title='bbox 3425 4199 3493 4270; x_wconf 70' lang='grc' dir='ltr'>τῇ</span> <span class='ocrx_word' id='word_1_604' title='bbox 3525 4196 3748 4271; x_wconf 77' lang='grc' dir='ltr'>τοιαύτῃ</span> 
     </span>
    </p>
   </div>
   <div class='ocr_carea' id='block_1_88' title="bbox 336 4272 3746 4361">
    <p class='ocr_par' dir='ltr' id='par_1_88' title="bbox 336 4272 3746 4361">
     <span class='ocr_line' id='line_1_88' title="bbox 336 4272 3746 4361; baseline 0.003 -31"><span class='ocrx_word' id='word_1_605' title='bbox 336 4273 614 4351; x_wconf 76' lang='grc' dir='ltr'>ὑποκρίσει</span> <span class='ocrx_word' id='word_1_606' title='bbox 648 4272 807 4345; x_wconf 79' lang='grc' dir='ltr'>δῆθεν</span> <span class='ocrx_word' id='word_1_607' title='bbox 841 4273 1132 4348; x_wconf 73' lang='grc' dir='ltr'>λυπηθεὶς,</span> <span class='ocrx_word' id='word_1_608' title='bbox 1159 4276 1364 4341; x_wconf 80' lang='grc' dir='ltr'>πάντας</span> <span class='ocrx_word' id='word_1_609' title='bbox 1399 4280 1516 4353; x_wconf 81' lang='grc' dir='ltr'>μεθ’</span> <span class='ocrx_word' id='word_1_610' title='bbox 1548 4281 1728 4357; x_wconf 85' lang='grc' dir='ltr'>δρκων</span> <span class='ocrx_word' id='word_1_611' title='bbox 1761 4279 2223 4361; x_wconf 75' lang='grc' dir='ltr'>ἐπληροφόρησεν</span> <span class='ocrx_word' id='word_1_612' title='bbox 2257 4284 2495 4340; x_wconf 81' lang='grc' dir='ltr'>ἀναίτιον</span> <span class='ocrx_word' id='word_1_613' title='bbox 2522 4284 2684 4340; x_wconf 75' lang='grc' dir='ltr'>αὐτὸν</span> <span class='ocrx_word' id='word_1_614' title='bbox 2740 4283 2878 4340; x_wconf 74' lang='grc' dir='ltr'>εἶναι</span> <span class='ocrx_word' id='word_1_615' title='bbox 2934 4288 3031 4340; x_wconf 80' lang='grc' dir='ltr'>τοῦ</span> <span class='ocrx_word' id='word_1_616' title='bbox 3086 4285 3343 4341; x_wconf 70' lang='grc' dir='ltr'>τοιούτου</span> <span class='ocrx_word' id='word_1_617' title='bbox 3383 4281 3662 4361; x_wconf 68' lang='grc' dir='ltr'>δράματος</span> <span class='ocrx_word' id='word_1_618' title='bbox 3717 4287 3746 4341; x_wconf 88' lang='lat'>6</span> 
     </span>
    </p>
   </div>
   <div class='ocr_carea' id='block_1_89' title="bbox 330 4363 960 4440">
    <p class='ocr_par' dir='ltr' id='par_1_89' title="bbox 330 4363 960 4440">
     <span class='ocr_line' id='line_1_89' title="bbox 330 4363 960 4440; baseline 0.002 -19"><span class='ocrx_word' id='word_1_619' title='bbox 330 4363 606 4440; x_wconf 84' lang='grc' dir='ltr'>μηδέποτε</span> <span class='ocrx_word' id='word_1_620' title='bbox 637 4364 835 4439; x_wconf 75' lang='grc' dir='ltr'>εὖορκή</span> <span class='ocrx_word' id='word_1_621' title='bbox 844 4384 960 4428; x_wconf 84' lang='grc' dir='ltr'>σας.</span> 
     </span>
    </p>
   </div>
   <div class='ocr_carea' id='block_1_90' title="bbox 398 4462 1977 4552">
    <p class='ocr_par' dir='ltr' id='par_1_90' title="bbox 398 4462 1977 4541">
     <span class='ocr_line' id='line_1_90' title="bbox 398 4462 1977 4541; baseline 0.003 -19"><span class='ocrx_word' id='word_1_622' title='bbox 398 4469 571 4522; x_wconf 84' lang='lat' dir='ltr'>Anno</span> <span class='ocrx_word' id='word_1_623' title='bbox 602 4466 637 4520; x_wconf 88' lang='lat'><strong>2</strong></span> <span class='ocrx_word' id='word_1_624' title='bbox 659 4463 1030 4522; x_wconf 88' lang='lat' dir='ltr'>Stauracium</span> <span class='ocrx_word' id='word_1_625' title='bbox 1061 4462 1253 4523; x_wconf 82' lang='lat' dir='ltr'>filium</span> <span class='ocrx_word' id='word_1_626' title='bbox 1284 4486 1457 4527; x_wconf 90' lang='lat' dir='ltr'>suum</span> <span class='ocrx_word' id='word_1_627' title='bbox 1489 4476 1756 4541; x_wconf 90' lang='lat' dir='ltr'>coronat,</span> <span class='ocrx_word' id='word_1_628' title='bbox 1783 4470 1977 4531; x_wconf 89' lang='lat' dir='ltr'>homi-</span> 
     </span>
    </p>
   </div>
   <div class='ocr_carea' id='block_1_91' title="bbox 2091 4462 3748 4552">
    <p class='ocr_par' dir='ltr' id='par_1_91' title="bbox 2157 4469 3748 4552">
     <span class='ocr_line' id='line_1_91' title="bbox 2157 4469 3748 4552; baseline 0.001 -21"><span class='ocrx_word' id='word_1_629' title='bbox 2157 4475 2251 4545; x_wconf 78' lang='grc' dir='ltr'>Τῷ</span> <span class='ocrx_word' id='word_1_630' title='bbox 2324 4472 2369 4547; x_wconf 89' lang='grc' dir='ltr'>β’</span> <span class='ocrx_word' id='word_1_631' title='bbox 2425 4469 2532 4529; x_wconf 79' lang='grc' dir='ltr'>ἔτει</span> <span class='ocrx_word' id='word_1_632' title='bbox 2591 4470 2781 4548; x_wconf 81' lang='grc' dir='ltr'>ἔστεψε</span> <span class='ocrx_word' id='word_1_633' title='bbox 2836 4470 2929 4529; x_wconf 83' lang='grc' dir='ltr'>τὸν</span> <span class='ocrx_word' id='word_1_634' title='bbox 2989 4473 3105 4528; x_wconf 67' lang='grc' dir='ltr'>υἱὸν</span> <span class='ocrx_word' id='word_1_635' title='bbox 3160 4471 3328 4530; x_wconf 77' lang='grc' dir='ltr'>αὐτοῦ</span> <span class='ocrx_word' id='word_1_636' title='bbox 3394 4478 3748 4552; x_wconf 79' lang='grc' dir='ltr'>Σταυρακιον,</span> 
     </span>
    </p>
   </div>
   <div class='ocr_carea' id='block_1_92' title="bbox 328 4554 1987 4633">
    <p class='ocr_par' dir='ltr' id='par_1_92' title="bbox 328 4554 1987 4633">
     <span class='ocr_line' id='line_1_92' title="bbox 328 4554 1987 4633; baseline 0.004 -21"><span class='ocrx_word' id='word_1_637' title='bbox 328 4573 467 4613; x_wconf 89' lang='lat' dir='ltr'>nem</span> <span class='ocrx_word' id='word_1_638' title='bbox 497 4572 694 4627; x_wconf 89' lang='lat' dir='ltr'>neque</span> <span class='ocrx_word' id='word_1_639' title='bbox 723 4554 915 4612; x_wconf 86' lang='lat' dir='ltr'>forma</span> <span class='ocrx_word' id='word_1_640' title='bbox 944 4573 1137 4627; x_wconf 90' lang='lat' dir='ltr'>neque</span> <span class='ocrx_word' id='word_1_641' title='bbox 1168 4558 1370 4615; x_wconf 91' lang='lat' dir='ltr'>animo</span> <span class='ocrx_word' id='word_1_642' title='bbox 1400 4577 1594 4633; x_wconf 89' lang='lat' dir='ltr'>neque</span> <span class='ocrx_word' id='word_1_643' title='bbox 1626 4561 1849 4618; x_wconf 89' lang='lat' dir='ltr'>viribus</span> <span class='ocrx_word' id='word_1_644' title='bbox 1882 4581 1987 4619; x_wconf 91' lang='lat' dir='ltr'>no-</span> 
     </span>
    </p>
   </div>
   <div class='ocr_carea' id='block_1_93' title="bbox 329 4644 1986 4719">
    <p class='ocr_par' dir='ltr' id='par_1_93' title="bbox 329 4644 1986 4719">
     <span class='ocr_line' id='line_1_93' title="bbox 329 4644 1986 4719; baseline 0.004 -17"><span class='ocrx_word' id='word_1_645' title='bbox 329 4645 536 4703; x_wconf 90' lang='lat' dir='ltr'>bilem.</span> <span class='ocrx_word' id='word_1_646' title='bbox 568 4644 789 4699; x_wconf 90' lang='lat' dir='ltr'>Eodem</span> <span class='ocrx_word' id='word_1_647' title='bbox 821 4662 974 4701; x_wconf 89' lang='lat' dir='ltr'>anno</span> <span class='ocrx_word' id='word_1_648' title='bbox 1008 4645 1069 4701; x_wconf 89' lang='lat' dir='ltr'>in</span> <span class='ocrx_word' id='word_1_649' title='bbox 1099 4648 1327 4704; x_wconf 85' lang='lat' dir='ltr'>Arabes</span> <span class='ocrx_word' id='word_1_650' title='bbox 1385 4650 1713 4706; x_wconf 83' lang='lat' dir='ltr'>exercitum</span> <span class='ocrx_word' id='word_1_651' title='bbox 1773 4650 1942 4708; x_wconf 83' lang='lat' dir='ltr'>duxit</span> <span class='ocrx_word' id='word_1_652' title='bbox 1971 4668 1986 4719; x_wconf 90' lang='lat'><strong>;</strong></span> 
     </span>
    </p>
   </div>
   <div class='ocr_carea' id='block_1_94' title="bbox 332 4735 1992 4813">
    <p class='ocr_par' dir='ltr' id='par_1_94' title="bbox 332 4735 1992 4813">
     <span class='ocr_line' id='line_1_94' title="bbox 332 4735 1992 4813; baseline 0.004 -23"><span class='ocrx_word' id='word_1_653' title='bbox 332 4735 640 4805; x_wconf 87' lang='lat' dir='ltr'>victusque</span> <span class='ocrx_word' id='word_1_654' title='bbox 662 4743 722 4788; x_wconf 88' lang='lat' dir='ltr'>et</span> <span class='ocrx_word' id='word_1_655' title='bbox 756 4735 1189 4805; x_wconf 88' lang='lat' dir='ltr'>propemodum</span> <span class='ocrx_word' id='word_1_656' title='bbox 1211 4737 1283 4793; x_wconf 88' lang='lat' dir='ltr'>ab</span> <span class='ocrx_word' id='word_1_657' title='bbox 1315 4738 1587 4795; x_wconf 86' lang='lat' dir='ltr'>hostibus</span> <span class='ocrx_word' id='word_1_658' title='bbox 1620 4741 1992 4813; x_wconf 88' lang='lat' dir='ltr'>captus(qui-</span> 
     </span>
    </p>
   </div>
   <div class='ocr_carea' id='block_1_95' title="bbox 333 4821 1987 4903">
    <p class='ocr_par' dir='ltr' id='par_1_95' title="bbox 333 4821 1987 4903">
     <span class='ocr_line' id='line_1_95' title="bbox 333 4821 1987 4903; baseline 0.004 -23"><span class='ocrx_word' id='word_1_659' title='bbox 333 4826 470 4881; x_wconf 88' lang='lat' dir='ltr'>dam</span> <span class='ocrx_word' id='word_1_660' title='bbox 502 4822 660 4878; x_wconf 90' lang='lat' dir='ltr'>enim</span> <span class='ocrx_word' id='word_1_661' title='bbox 691 4821 907 4878; x_wconf 90' lang='lat' dir='ltr'>ducum</span> <span class='ocrx_word' id='word_1_662' title='bbox 930 4823 1236 4881; x_wconf 87' lang='lat' dir='ltr'>fortissimi</span> <span class='ocrx_word' id='word_1_663' title='bbox 1269 4843 1424 4901; x_wconf 63' lang='lat' dir='ltr'>aegre</span> <span class='ocrx_word' id='word_1_664' title='bbox 1455 4821 1590 4884; x_wconf 87' lang='lat' dir='ltr'>eum</span> <span class='ocrx_word' id='word_1_665' title='bbox 1618 4830 1987 4903; x_wconf 88' lang='lat' dir='ltr'>eripuerunt)</span> 
     </span>
    </p>
   </div>
   <div class='ocr_carea' id='block_1_96' title="bbox 337 4912 1275 4975">
    <p class='ocr_par' dir='ltr' id='par_1_96' title="bbox 337 4912 1275 4975">
     <span class='ocr_line' id='line_1_96' title="bbox 337 4912 1275 4975; baseline 0 -3"><span class='ocrx_word' id='word_1_666' title='bbox 337 4929 474 4975; x_wconf 86' lang='lat' dir='ltr'>cum</span> <span class='ocrx_word' id='word_1_667' title='bbox 506 4912 796 4970; x_wconf 87' lang='lat' dir='ltr'>dedecore</span> <span class='ocrx_word' id='word_1_668' title='bbox 813 4912 1054 4970; x_wconf 90' lang='lat' dir='ltr'>domum</span> <span class='ocrx_word' id='word_1_669' title='bbox 1076 4915 1275 4972; x_wconf 86' lang='lat' dir='ltr'>rediit.</span> 
     </span>
    </p>
   </div>
   <div class='ocr_carea' id='block_1_97' title="bbox 2098 4557 3747 4641">
    <p class='ocr_par' dir='ltr' id='par_1_97' title="bbox 2098 4557 3747 4641">
     <span class='ocr_line' id='line_1_97' title="bbox 2098 4557 3747 4641; baseline 0.004 -24"><span class='ocrx_word' id='word_1_670' title='bbox 2098 4562 2365 4632; x_wconf 85' lang='grc' dir='ltr'>ἀποίητον</span> <span class='ocrx_word' id='word_1_671' title='bbox 2400 4565 2511 4635; x_wconf 81' lang='grc'>(35)</span> <span class='ocrx_word' id='word_1_672' title='bbox 2561 4557 2689 4618; x_wconf 73' lang='grc' dir='ltr'>ὅντα</span> <span class='ocrx_word' id='word_1_673' title='bbox 2744 4566 2813 4637; x_wconf 81' lang='grc' dir='ltr'>τῇ</span> <span class='ocrx_word' id='word_1_674' title='bbox 2840 4582 2900 4618; x_wconf 89' lang='grc' dir='ltr'>τε</span> <span class='ocrx_word' id='word_1_675' title='bbox 2957 4559 3070 4634; x_wconf 78' lang='grc' dir='ltr'>ἰδέᾳ</span> <span class='ocrx_word' id='word_1_676' title='bbox 3100 4563 3190 4618; x_wconf 84' lang='grc' dir='ltr'>καὶ</span> <span class='ocrx_word' id='word_1_677' title='bbox 3219 4564 3411 4640; x_wconf 74' lang='grc' dir='ltr'>γνώμῃ</span> <span class='ocrx_word' id='word_1_678' title='bbox 3437 4564 3526 4620; x_wconf 79' lang='grc' dir='ltr'>καὶ</span> <span class='ocrx_word' id='word_1_679' title='bbox 3558 4565 3747 4641; x_wconf 76' lang='grc' dir='ltr'>ῥώμῃ.</span> 
     </span>
    </p>
   </div>
   <div class='ocr_carea' id='block_1_98' title="bbox 2095 4647 3754 4729">
    <p class='ocr_par' dir='ltr' id='par_1_98' title="bbox 2095 4647 3754 4729">
     <span class='ocr_line' id='line_1_98' title="bbox 2095 4647 3754 4729; baseline 0.002 -24"><span class='ocrx_word' id='word_1_680' title='bbox 2095 4649 2281 4723; x_wconf 76' lang='grc' dir='ltr'>Τούτῳ</span> <span class='ocrx_word' id='word_1_681' title='bbox 2299 4655 2379 4723; x_wconf 79' lang='grc' dir='ltr'>τῷ</span> <span class='ocrx_word' id='word_1_682' title='bbox 2409 4649 2513 4707; x_wconf 81' lang='grc' dir='ltr'>ἔτει</span> <span class='ocrx_word' id='word_1_683' title='bbox 2536 4649 2726 4723; x_wconf 72' lang='grc' dir='ltr'>ἐξῆλθε</span> <span class='ocrx_word' id='word_1_684' title='bbox 2756 4652 2891 4708; x_wconf 82' lang='grc' dir='ltr'>κατά</span> <span class='ocrx_word' id='word_1_685' title='bbox 2920 4647 3187 4728; x_wconf 74' lang='grc' dir='ltr'>Ἀράϐων,</span> <span class='ocrx_word' id='word_1_686' title='bbox 3215 4654 3305 4709; x_wconf 84' lang='grc' dir='ltr'>καί</span> <span class='ocrx_word' id='word_1_687' title='bbox 3341 4655 3457 4726; x_wconf 81' lang='grc' dir='ltr'>μετ’</span> <span class='ocrx_word' id='word_1_688' title='bbox 3485 4652 3754 4729; x_wconf 74' lang='grc' dir='ltr'>αἰσχύνης</span> 
     </span>
    </p>
   </div>
   <div class='ocr_carea' id='block_1_99' title="bbox 2098 4738 3752 4818">
    <p class='ocr_par' dir='ltr' id='par_1_99' title="bbox 2098 4738 3752 4818">
     <span class='ocr_line' id='line_1_99' title="bbox 2098 4738 3752 4818; baseline 0.003 -24"><span class='ocrx_word' id='word_1_689' title='bbox 2098 4738 2352 4811; x_wconf 73' lang='grc' dir='ltr'>ἡττηθεὶς</span> <span class='ocrx_word' id='word_1_690' title='bbox 2386 4738 2701 4815; x_wconf 80' lang='grc' dir='ltr'>ὑπέστρεψε,</span> <span class='ocrx_word' id='word_1_691' title='bbox 2732 4741 2878 4816; x_wconf 86' lang='grc' dir='ltr'>παρὰ</span> <span class='ocrx_word' id='word_1_692' title='bbox 2913 4743 3109 4816; x_wconf 82' lang='grc' dir='ltr'>μικρὸν</span> <span class='ocrx_word' id='word_1_693' title='bbox 3139 4741 3422 4818; x_wconf 52' lang='grc' dir='ltr'>συσὴίεθεῗς</span> <span class='ocrx_word' id='word_1_694' title='bbox 3447 4743 3534 4799; x_wconf 83' lang='grc' dir='ltr'>καὶ</span> <span class='ocrx_word' id='word_1_695' title='bbox 3569 4743 3752 4817; x_wconf 81' lang='grc' dir='ltr'>αὐτὸς,</span> 
     </span>
    </p>
   </div>
   <div class='ocr_carea' id='block_1_100' title="bbox 2100 4827 3758 4908">
    <p class='ocr_par' dir='ltr' id='par_1_100' title="bbox 2100 4827 3758 4908">
     <span class='ocr_line' id='line_1_100' title="bbox 2100 4827 3758 4908; baseline 0.004 -25"><span class='ocrx_word' id='word_1_696' title='bbox 2100 4827 2149 4883; x_wconf 81' lang='grc' dir='ltr'>εἷ’</span> <span class='ocrx_word' id='word_1_697' title='bbox 2182 4829 2257 4902; x_wconf 77' lang='grc' dir='ltr'>μή</span> <span class='ocrx_word' id='word_1_698' title='bbox 2292 4849 2434 4891; x_wconf 83' lang='grc' dir='ltr'>τινες</span> <span class='ocrx_word' id='word_1_699' title='bbox 2465 4834 2571 4885; x_wconf 85' lang='grc' dir='ltr'>τῶν</span> <span class='ocrx_word' id='word_1_700' title='bbox 2603 4829 2888 4906; x_wconf 83' lang='grc' dir='ltr'>ἀρχόντων</span> <span class='ocrx_word' id='word_1_701' title='bbox 2917 4827 3290 4907; x_wconf 83' lang='grc' dir='ltr'>ἀνδρειότατοι</span> <span class='ocrx_word' id='word_1_702' title='bbox 3346 4828 3536 4889; x_wconf 70' lang='grc' dir='ltr'>τοῦτον</span> <span class='ocrx_word' id='word_1_703' title='bbox 3590 4833 3758 4908; x_wconf 89' lang='grc' dir='ltr'>μόλις</span> 
     </span>
    </p>
   </div>
   <div class='ocr_carea' id='block_1_101' title="bbox 2097 4918 2520 4994">
    <p class='ocr_par' dir='ltr' id='par_1_101' title="bbox 2097 4918 2520 4994">
     <span class='ocr_line' id='line_1_101' title="bbox 2097 4918 2520 4994; baseline 0.012 -22"><span class='ocrx_word' id='word_1_704' title='bbox 2097 4918 2520 4994; x_wconf 80' lang='grc' dir='ltr'>περιεσὼσαντο.</span> 
     </span>
    </p>
   </div>
   <div class='ocr_carea' id='block_1_102' title="bbox 1576 5016 2567 5078">
    <p class='ocr_par' dir='ltr' id='par_1_102' title="bbox 1576 5016 2567 5078">
     <span class='ocr_line' id='line_1_102' title="bbox 1576 5016 2567 5078; baseline 0.006 -6"><span class='ocrx_word' id='word_1_705' title='bbox 1576 5016 1945 5076; x_wconf 84' lang='lat' dir='ltr'>XYLANDRI</span> <span class='ocrx_word' id='word_1_706' title='bbox 1974 5020 2063 5075; x_wconf 89' lang='lat' dir='ltr'>ET</span> <span class='ocrx_word' id='word_1_707' title='bbox 2092 5020 2311 5076; x_wconf 81' lang='lat' dir='ltr'><strong>GOARI</strong></span> <span class='ocrx_word' id='word_1_708' title='bbox 2341 5022 2567 5078; x_wconf 68' lang='lat' dir='ltr'>NOTAE.</span> 
     </span>
    </p>
   </div>
   <div class='ocr_carea' id='block_1_103' title="bbox 411 5102 1999 5187">
    <p class='ocr_par' dir='ltr' id='par_1_103' title="bbox 411 5102 1999 5187">
     <span class='ocr_line' id='line_1_103' title="bbox 411 5102 1999 5187; baseline -0.001 -23"><span class='ocrx_word' id='word_1_709' title='bbox 411 5105 844 5187; x_wconf 51' lang='lat' dir='ltr'>(301Eirgrcitus</span> <span class='ocrx_word' id='word_1_710' title='bbox 900 5102 1425 5187; x_wconf 41' lang='lat' dir='ltr'>quod‘provjpcias</span> <span class='ocrx_word' id='word_1_711' title='bbox 1442 5104 1625 5187; x_wconf 70' lang='lat' dir='ltr'>etiam</span> <span class='ocrx_word' id='word_1_712' title='bbox 1659 5107 1807 5163; x_wconf 91' lang='lat' dir='ltr'>alias</span> <span class='ocrx_word' id='word_1_713' title='bbox 1842 5108 1999 5187; x_wconf 80' lang='lat' dir='ltr'>desi-</span> 
     </span>
    </p>
   </div>
   <div class='ocr_carea' id='block_1_104' title="bbox 336 5175 1992 5253">
    <p class='ocr_par' dir='ltr' id='par_1_104' title="bbox 336 5175 1992 5253">
     <span class='ocr_line' id='line_1_104' title="bbox 336 5175 1992 5253; baseline 0 -17"><span class='ocrx_word' id='word_1_714' title='bbox 336 5175 620 5253; x_wconf 70' lang='lat' dir='ltr'>gnat.Sed</span> <span class='ocrx_word' id='word_1_715' title='bbox 648 5179 903 5233; x_wconf 88' lang='lat' dir='ltr'>Zonaras</span> <span class='ocrx_word' id='word_1_716' title='bbox 918 5175 1145 5253; x_wconf 51' lang='lat' dir='ltr'>Scribit</span> <span class='ocrx_word' id='word_1_717' title='bbox 1187 5175 1333 5246; x_wconf 80' lang='grc' dir='ltr'>Ἑῷα</span> <span class='ocrx_word' id='word_1_718' title='bbox 1390 5176 1663 5253; x_wconf 58' lang='grc' dir='ltr'>τάγματα.</span> <span class='ocrx_word' id='word_1_719' title='bbox 1696 5181 1992 5236; x_wconf 88' lang='lat' dir='ltr'>exercitus</span> 
     </span>
    </p>
   </div>
   <div class='ocr_carea' id='block_1_105' title="bbox 339 5248 1707 5319">
    <p class='ocr_par' dir='ltr' id='par_1_105' title="bbox 339 5248 1707 5319">
     <span class='ocr_line' id='line_1_105' title="bbox 339 5248 1707 5319; baseline -0.007 -9"><span class='ocrx_word' id='word_1_720' title='bbox 339 5248 618 5313; x_wconf 76' lang='lat' dir='ltr'>Orientis,</span> <span class='ocrx_word' id='word_1_721' title='bbox 652 5266 788 5306; x_wconf 87' lang='lat' dir='ltr'>eum</span> <span class='ocrx_word' id='word_1_722' title='bbox 810 5264 1056 5319; x_wconf 27' lang='lat' dir='ltr'>‘creasse</span> <span class='ocrx_word' id='word_1_723' title='bbox 1091 5248 1536 5319; x_wconf 82' lang='lat' dir='ltr'>imperatorem.</span> <span class='ocrx_word' id='word_1_724' title='bbox 1571 5250 1707 5304; x_wconf 82' lang='lat' dir='ltr'>XvL.</span> 
     </span>
    </p>
   </div>
   <div class='ocr_carea' id='block_1_106' title="bbox 411 5316 1994 5395">
    <p class='ocr_par' dir='ltr' id='par_1_106' title="bbox 411 5316 1994 5395">
     <span class='ocr_line' id='line_1_106' title="bbox 411 5316 1994 5395; baseline -0.003 -14"><span class='ocrx_word' id='word_1_725' title='bbox 411 5328 523 5395; x_wconf 80' lang='grc' dir='ltr'>ι31)</span> <span class='ocrx_word' id='word_1_726' title='bbox 555 5327 667 5379; x_wconf 86' lang='lat' dir='ltr'>Pro</span> <span class='ocrx_word' id='word_1_727' title='bbox 700 5316 1062 5394; x_wconf 71' lang='grc' dir='ltr'>φοιϐεράτων,</span> <span class='ocrx_word' id='word_1_728' title='bbox 1095 5316 1255 5395; x_wconf 73' lang='lat' dir='ltr'>quod</span> <span class='ocrx_word' id='word_1_729' title='bbox 1285 5320 1434 5395; x_wconf 85' lang='lat' dir='ltr'>nihil</span> <span class='ocrx_word' id='word_1_730' title='bbox 1458 5322 1644 5393; x_wconf 87' lang='lat' dir='ltr'>(puto)</span> <span class='ocrx_word' id='word_1_731' title='bbox 1679 5322 1994 5394; x_wconf 84' lang='lat' dir='ltr'>signiﬁcat,</span> 
     </span>
    </p>
   </div>
   <div class='ocr_carea' id='block_1_107' title="bbox 343 5392 1997 5473">
    <p class='ocr_par' dir='ltr' id='par_1_107' title="bbox 343 5392 1997 5473">
     <span class='ocr_line' id='line_1_107' title="bbox 343 5392 1997 5473; baseline 0 -24"><span class='ocrx_word' id='word_1_732' title='bbox 343 5392 684 5473; x_wconf 58' lang='grc' dir='ltr'>φοιρερατων</span> <span class='ocrx_word' id='word_1_733' title='bbox 706 5392 778 5448; x_wconf 84' lang='lat' dir='ltr'>ex</span> <span class='ocrx_word' id='word_1_734' title='bbox 808 5392 1152 5473; x_wconf 52' lang='lat' dir='ltr'>conlectuara</span> <span class='ocrx_word' id='word_1_735' title='bbox 1186 5392 1354 5473; x_wconf 73' lang='lat' dir='ltr'>legi,_</span> <span class='ocrx_word' id='word_1_736' title='bbox 1388 5392 1997 5473; x_wconf 21' lang='lat' dir='ltr'>quanquaniirursus</span> 
     </span>
    </p>
   </div>
   <div class='ocr_carea' id='block_1_108' title="bbox 340 5456 1994 5540">
    <p class='ocr_par' dir='ltr' id='par_1_108' title="bbox 340 5456 1994 5540">
     <span class='ocr_line' id='line_1_108' title="bbox 340 5456 1994 5540; baseline -0.001 -17"><span class='ocrx_word' id='word_1_737' title='bbox 340 5456 406 5523; x_wconf 62' lang='lat' dir='ltr'>i&#39;n</span> <span class='ocrx_word' id='word_1_738' title='bbox 438 5456 629 5521; x_wconf 77' lang='lat' dir='ltr'>Leone</span> <span class='ocrx_word' id='word_1_739' title='bbox 659 5456 939 5540; x_wconf 46' lang='lat' dir='ltr'>{Armenii}</span> <span class='ocrx_word' id='word_1_740' title='bbox 970 5456 1588 5540; x_wconf 54' lang='grc' dir='ltr'>φοιϐερᾴτῶνἹεραιιιῐνῖ</span> <span class='ocrx_word' id='word_1_741' title='bbox 1622 5465 1734 5521; x_wconf 90' lang='lat' dir='ltr'>Sed</span> <span class='ocrx_word' id='word_1_742' title='bbox 1766 5465 1847 5520; x_wconf 90' lang='lat' dir='ltr'>ibi</span> <span class='ocrx_word' id='word_1_743' title='bbox 1886 5467 1994 5521; x_wconf 86' lang='lat' dir='ltr'>Zo-</span> 
     </span>
    </p>
   </div>
   <div class='ocr_carea' id='block_1_109' title="bbox 351 5534 1284 5611">
    <p class='ocr_par' dir='ltr' id='par_1_109' title="bbox 351 5534 1284 5611">
     <span class='ocr_line' id='line_1_109' title="bbox 351 5534 1284 5611; baseline -0.002 -17"><span class='ocrx_word' id='word_1_744' title='bbox 351 5555 529 5611; x_wconf 83' lang='lat' dir='ltr'>naras</span> <span class='ocrx_word' id='word_1_745' title='bbox 554 5534 890 5611; x_wconf 75' lang='grc' dir='ltr'>φοιδεράτων</span> <span class='ocrx_word' id='word_1_746' title='bbox 916 5534 1112 5611; x_wconf 63' lang='lat' dir='ltr'>habet.</span> <span class='ocrx_word' id='word_1_747' title='bbox 1136 5534 1284 5611; x_wconf 75' lang='lat' dir='ltr'>XYL.</span> 
     </span>
    </p>
   </div>
   <div class='ocr_carea' id='block_1_110' title="bbox 425 5608 1996 5680">
    <p class='ocr_par' dir='ltr' id='par_1_110' title="bbox 425 5608 1996 5680">
     <span class='ocr_line' id='line_1_110' title="bbox 425 5608 1996 5680; baseline 0.002 -18"><span class='ocrx_word' id='word_1_748' title='bbox 425 5609 540 5680; x_wconf 82' lang='lat'>(32)</span> <span class='ocrx_word' id='word_1_749' title='bbox 569 5608 688 5673; x_wconf 48' lang='lat' dir='ltr'>‘Qui</span> <span class='ocrx_word' id='word_1_750' title='bbox 718 5624 891 5680; x_wconf 73' lang='lat' dir='ltr'>comes</span> <span class='ocrx_word' id='word_1_751' title='bbox 920 5608 1345 5680; x_wconf 72' lang='lat' dir='ltr'>cortinqriorum</span> <span class='ocrx_word' id='word_1_752' title='bbox 1391 5623 1425 5663; x_wconf 91' lang='lat' dir='ltr'>a</span> <span class='ocrx_word' id='word_1_753' title='bbox 1474 5608 1700 5680; x_wconf 87' lang='lat' dir='ltr'>Codino</span> <span class='ocrx_word' id='word_1_754' title='bbox 1731 5609 1950 5680; x_wconf 88' lang='lat' dir='ltr'>dicitur</span> <span class='ocrx_word' id='word_1_755' title='bbox 1982 5625 1996 5665; x_wconf 91' lang='lat'><strong>:</strong></span> 
     </span>
    </p>
   </div>
   <div class='ocr_carea' id='block_1_111' title="bbox 362 5675 1999 5754">
    <p class='ocr_par' dir='ltr' id='par_1_111' title="bbox 362 5675 1999 5754">
     <span class='ocr_line' id='line_1_111' title="bbox 362 5675 1999 5754; baseline 0 -20"><span class='ocrx_word' id='word_1_756' title='bbox 362 5675 692 5754; x_wconf 47' lang='lat' dir='ltr'>6nﬁp§roni3z</span> <span class='ocrx_word' id='word_1_757' title='bbox 718 5675 780 5754; x_wconf 77' lang='grc' dir='ltr'>δὶ</span> <span class='ocrx_word' id='word_1_758' title='bbox 806 5678 860 5733; x_wconf 76' lang='grc' dir='ltr'>οἱ</span> <span class='ocrx_word' id='word_1_759' title='bbox 888 5677 1242 5754; x_wconf 26' lang='grc' dir='ltr'>κοριτᾼινάροι</span> <span class='ocrx_word' id='word_1_760' title='bbox 1298 5678 1374 5742; x_wconf 79' lang='grc' dir='ltr'>εἷς</span> <span class='ocrx_word' id='word_1_761' title='bbox 1435 5679 1536 5754; x_wconf 75' lang='grc' dir='ltr'>τῂν</span> <span class='ocrx_word' id='word_1_762' title='bbox 1598 5682 1697 5754; x_wconf 70' lang='grc' dir='ltr'>τοῦ</span> <span class='ocrx_word' id='word_1_763' title='bbox 1730 5678 1999 5754; x_wconf 75' lang='grc' dir='ltr'>βασιλέως</span> 
     </span>
    </p>
   </div>
   <div class='ocr_carea' id='block_1_112' title="bbox 355 5745 2002 5831">
    <p class='ocr_par' dir='ltr' id='par_1_112' title="bbox 355 5745 2002 5831">
     <span class='ocr_line' id='line_1_112' title="bbox 355 5745 2002 5831; baseline 0.001 -26"><span class='ocrx_word' id='word_1_764' title='bbox 355 5745 586 5820; x_wconf 68' lang='grc' dir='ltr'>σκηνήν.</span> <span class='ocrx_word' id='word_1_765' title='bbox 618 5750 689 5804; x_wconf 83' lang='grc' dir='ltr'>Ει</span> <span class='ocrx_word' id='word_1_766' title='bbox 715 5749 933 5807; x_wconf 77' lang='lat' dir='ltr'>iterum</span> <span class='ocrx_word' id='word_1_767' title='bbox 958 5745 981 5806; x_wconf 71' lang='grc' dir='ltr'>ἐ</span> <span class='ocrx_word' id='word_1_768' title='bbox 1013 5745 1236 5805; x_wconf 70' lang='grc' dir='ltr'>εἶσὶήὶ</span> <span class='ocrx_word' id='word_1_769' title='bbox 1265 5745 1601 5827; x_wconf 83' lang='grc' dir='ltr'>κορτινάριοι</span> <span class='ocrx_word' id='word_1_770' title='bbox 1631 5745 1851 5831; x_wconf 64' lang='grc' dir='ltr'>ἔχοντες</span> <span class='ocrx_word' id='word_1_771' title='bbox 1907 5751 2002 5807; x_wconf 81' lang='grc' dir='ltr'>καὶ</span> 
     </span>
    </p>
   </div>
   <div class='ocr_carea' id='block_1_113' title="bbox 2113 5101 3320 5187">
    <p class='ocr_par' dir='ltr' id='par_1_113' title="bbox 2113 5101 3320 5187">
     <span class='ocr_line' id='line_1_113' title="bbox 2113 5101 3320 5187; baseline 0.007 -26"><span class='ocrx_word' id='word_1_772' title='bbox 2113 5101 2513 5187; x_wconf 17' lang='grc' dir='ltr'>οὖτᾼοιὲἕνοχον,</span> <span class='ocrx_word' id='word_1_773' title='bbox 2542 5108 2602 5172; x_wconf 74' lang='grc' dir='ltr'>’ὸς</span> <span class='ocrx_word' id='word_1_774' title='bbox 2631 5110 2812 5187; x_wconf 67' lang='grc' dir='ltr'>κόμης</span> <span class='ocrx_word' id='word_1_775' title='bbox 2842 5108 3108 5167; x_wconf 79' lang='grc' dir='ltr'>καλεῖται.</span> <span class='ocrx_word' id='word_1_776' title='bbox 3145 5114 3320 5170; x_wconf 70' lang='grc' dir='ltr'><strong>ΟΟΑΒ.</strong></span> 
     </span>
    </p>
   </div>
   <div class='ocr_carea' id='block_1_114' title="bbox 2174 5181 3757 5256">
    <p class='ocr_par' dir='ltr' id='par_1_114' title="bbox 2174 5181 3757 5256">
     <span class='ocr_line' id='line_1_114' title="bbox 2174 5181 3757 5256; baseline 0.003 -20"><span class='ocrx_word' id='word_1_777' title='bbox 2174 5181 2288 5256; x_wconf 25' lang='grc'>(3.3)</span> <span class='ocrx_word' id='word_1_778' title='bbox 2322 5181 2534 5256; x_wconf 29' lang='grc' dir='ltr'>δί’,ἰιοῐι</span> <span class='ocrx_word' id='word_1_779' title='bbox 2573 5182 2906 5256; x_wconf 83' lang='lat' dir='ltr'>proprium,</span> <span class='ocrx_word' id='word_1_780' title='bbox 2967 5190 3205 5256; x_wconf 87' lang='lat' dir='ltr'>portum</span> <span class='ocrx_word' id='word_1_781' title='bbox 3264 5190 3365 5240; x_wconf 91' lang='lat' dir='ltr'>aut</span> <span class='ocrx_word' id='word_1_782' title='bbox 3438 5185 3757 5242; x_wconf 82' lang='lat' dir='ltr'>stationem</span> 
     </span>
    </p>
   </div>
   <div class='ocr_carea' id='block_1_115' title="bbox 2104 5253 3759 5316">
    <p class='ocr_par' dir='ltr' id='par_1_115' title="bbox 2104 5253 3759 5316">
     <span class='ocr_line' id='line_1_115' title="bbox 2104 5253 3759 5316; baseline 0.004 -8"><span class='ocrx_word' id='word_1_783' title='bbox 2104 5253 2344 5309; x_wconf 84' lang='lat' dir='ltr'>navium</span> <span class='ocrx_word' id='word_1_784' title='bbox 2377 5253 2661 5311; x_wconf 77' lang='lat' dir='ltr'>denotare</span> <span class='ocrx_word' id='word_1_785' title='bbox 2692 5253 2943 5311; x_wconf 85' lang='lat' dir='ltr'>videtur.</span> <span class='ocrx_word' id='word_1_786' title='bbox 2970 5253 3102 5312; x_wconf 74' lang='lat' dir='ltr'>XrL</span> <span class='ocrx_word' id='word_1_787' title='bbox 3141 5286 3206 5298; x_wconf 89' lang='lat'><strong>-</strong></span> <span class='ocrx_word' id='word_1_788' title='bbox 3234 5256 3453 5312; x_wconf 66' lang='lat' dir='ltr'>Cilicia)</span> <span class='ocrx_word' id='word_1_789' title='bbox 3478 5258 3620 5313; x_wconf 87' lang='lat' dir='ltr'>urbs</span> <span class='ocrx_word' id='word_1_790' title='bbox 3648 5265 3759 5316; x_wconf 85' lang='lat' dir='ltr'>est.</span> 
     </span>
    </p>
   </div>
   <div class='ocr_carea' id='block_1_116' title="bbox 2104 5327 2539 5384">
    <p class='ocr_par' dir='ltr' id='par_1_116' title="bbox 2104 5327 2539 5384">
     <span class='ocr_line' id='line_1_116' title="bbox 2104 5327 2539 5384; baseline 0.007 -4"><span class='ocrx_word' id='word_1_791' title='bbox 2104 5330 2320 5381; x_wconf 86' lang='lat' dir='ltr'>Anton.</span> <span class='ocrx_word' id='word_1_792' title='bbox 2364 5327 2539 5384; x_wconf 59' lang='lat' dir='ltr'>Goxa.</span> 
     </span>
    </p>
   </div>
   <div class='ocr_carea' id='block_1_117' title="bbox 2177 5398 3653 5471">
    <p class='ocr_par' dir='ltr' id='par_1_117' title="bbox 2177 5398 3653 5471">
     <span class='ocr_line' id='line_1_117' title="bbox 2177 5398 3653 5471; baseline 0.005 -19"><span class='ocrx_word' id='word_1_793' title='bbox 2177 5399 2290 5465; x_wconf 82' lang='grc'>(34)</span> <span class='ocrx_word' id='word_1_794' title='bbox 2322 5398 2498 5454; x_wconf 83' lang='lat' dir='ltr'>Juxta</span> <span class='ocrx_word' id='word_1_795' title='bbox 2534 5398 2767 5468; x_wconf 89' lang='lat' dir='ltr'>urbem,</span> <span class='ocrx_word' id='word_1_796' title='bbox 2801 5399 3201 5471; x_wconf 85' lang='lat' dir='ltr'>Propontidos</span> <span class='ocrx_word' id='word_1_797' title='bbox 3241 5401 3455 5457; x_wconf 90' lang='lat' dir='ltr'>insula.</span> <span class='ocrx_word' id='word_1_798' title='bbox 3478 5403 3653 5459; x_wconf 74' lang='lat' dir='ltr'>Gom.</span> 
     </span>
    </p>
   </div>
   <div class='ocr_carea' id='block_1_118' title="bbox 2175 5471 3765 5543">
    <p class='ocr_par' dir='ltr' id='par_1_118' title="bbox 2175 5471 3765 5543">
     <span class='ocr_line' id='line_1_118' title="bbox 2175 5471 3765 5543; baseline 0.003 -20"><span class='ocrx_word' id='word_1_799' title='bbox 2175 5471 2290 5538; x_wconf 78' lang='lat'>(35)</span> <span class='ocrx_word' id='word_1_800' title='bbox 2322 5471 2618 5542; x_wconf 87' lang='lat' dir='ltr'>Ineptum,</span> <span class='ocrx_word' id='word_1_801' title='bbox 2650 5471 2875 5525; x_wconf 83' lang='lat' dir='ltr'>nullius</span> <span class='ocrx_word' id='word_1_802' title='bbox 2907 5473 3102 5542; x_wconf 90' lang='lat' dir='ltr'>pretii,</span> <span class='ocrx_word' id='word_1_803' title='bbox 3126 5474 3455 5543; x_wconf 83' lang='lat' dir='ltr'>ungemacht</span> <span class='ocrx_word' id='word_1_804' title='bbox 3485 5474 3630 5529; x_wconf 87' lang='lat' dir='ltr'>oder</span> <span class='ocrx_word' id='word_1_805' title='bbox 3650 5489 3765 5528; x_wconf 86' lang='lat' dir='ltr'>un-</span> 
     </span>
    </p>
   </div>
   <div class='ocr_carea' id='block_1_119' title="bbox 2106 5543 3768 5616">
    <p class='ocr_par' dir='ltr' id='par_1_119' title="bbox 2106 5543 3768 5616">
     <span class='ocr_line' id='line_1_119' title="bbox 2106 5543 3768 5616; baseline 0.002 -21"><span class='ocrx_word' id='word_1_806' title='bbox 2106 5543 2440 5616; x_wconf 53' lang='lat' dir='ltr'>gescftaﬂ&#39;en,</span> <span class='ocrx_word' id='word_1_807' title='bbox 2464 5547 2530 5597; x_wconf 89' lang='lat' dir='ltr'>ut</span> <span class='ocrx_word' id='word_1_808' title='bbox 2558 5559 2670 5616; x_wconf 84' lang='lat' dir='ltr'>nos</span> <span class='ocrx_word' id='word_1_809' title='bbox 2702 5543 3020 5613; x_wconf 90' lang='lat' dir='ltr'>loquimur.</span> <span class='ocrx_word' id='word_1_810' title='bbox 3053 5546 3308 5600; x_wconf 88' lang='lat' dir='ltr'>Zonaras</span> <span class='ocrx_word' id='word_1_811' title='bbox 3341 5562 3465 5600; x_wconf 90' lang='lat' dir='ltr'>rem</span> <span class='ocrx_word' id='word_1_812' title='bbox 3499 5545 3768 5616; x_wconf 84' lang='lat' dir='ltr'>explica—</span> 
     </span>
    </p>
   </div>
   <div class='ocr_carea' id='block_1_120' title="bbox 2106 5612 3768 5689">
    <p class='ocr_par' dir='ltr' id='par_1_120' title="bbox 2106 5612 3768 5689">
     <span class='ocr_line' id='line_1_120' title="bbox 2106 5612 3768 5689; baseline 0.004 -24"><span class='ocrx_word' id='word_1_813' title='bbox 2106 5612 2516 5689; x_wconf 83' lang='lat' dir='ltr'>vit_disertius.</span> <span class='ocrx_word' id='word_1_814' title='bbox 2554 5615 2683 5668; x_wconf 77' lang='lat' dir='ltr'>XYL.</span> <span class='ocrx_word' id='word_1_815' title='bbox 2715 5612 2791 5654; x_wconf 28' lang='lat'>—’</span> <span class='ocrx_word' id='word_1_816' title='bbox 2823 5616 3064 5689; x_wconf 66' lang='lat' dir='ltr'>Fatuum</span> <span class='ocrx_word' id='word_1_817' title='bbox 3121 5623 3180 5671; x_wconf 87' lang='lat' dir='ltr'>et</span> <span class='ocrx_word' id='word_1_818' title='bbox 3236 5619 3491 5686; x_wconf 78' lang='lat' dir='ltr'>inertem,</span> <span class='ocrx_word' id='word_1_819' title='bbox 3552 5612 3655 5689; x_wconf 77' lang='lat' dir='ltr'>qui</span> <span class='ocrx_word' id='word_1_820' title='bbox 3689 5632 3768 5671; x_wconf 89' lang='lat' dir='ltr'>ne</span> 
     </span>
    </p>
   </div>
   <div class='ocr_carea' id='block_1_121' title="bbox 2109 5684 3458 5760">
    <p class='ocr_par' dir='ltr' id='par_1_121' title="bbox 2109 5684 3458 5760">
     <span class='ocr_line' id='line_1_121' title="bbox 2109 5684 3458 5760; baseline 0.004 -20"><span class='ocrx_word' id='word_1_821' title='bbox 2109 5684 2439 5757; x_wconf 87' lang='lat' dir='ltr'>quidquam</span> <span class='ocrx_word' id='word_1_822' title='bbox 2470 5701 2644 5759; x_wconf 81' lang='lat' dir='ltr'>agere</span> <span class='ocrx_word' id='word_1_823' title='bbox 2674 5691 2777 5742; x_wconf 87' lang='lat' dir='ltr'>aut</span> <span class='ocrx_word' id='word_1_824' title='bbox 2809 5687 3004 5742; x_wconf 89' lang='lat' dir='ltr'>moliri</span> <span class='ocrx_word' id='word_1_825' title='bbox 3036 5693 3251 5760; x_wconf 88' lang='lat' dir='ltr'>potest.</span> <span class='ocrx_word' id='word_1_826' title='bbox 3281 5688 3458 5747; x_wconf 64' lang='lat' dir='ltr'>Goxn.</span> 
     </span>
    </p>
   </div>
  </div>
