4112 6412
373 425 488 490 9H

1516 421 2064 491 HISTORIARUM
2108 421 2667 490 COMPENDIUM.

3688 434 3806 500 9l8

448 564 545 634 Τῷ
605 561 653 636 γ’
705 555 813 616 ἔτει
871 557 1041 631 εὖοών
1099 558 1294 634 μικρὰν
1351 558 1532 617 ἄδειαν
1589 558 1792 620 ἔκτισεν
1822 563 2015 638 Ἀγκυ·

2219 560 2374 618 834
2403 564 2573 620 Anno
2604 566 2656 629 3,
2689 563 3130 635 aliquantulum
3163 566 3268 622 otii
3327 573 3558 636 nactus,
3603 573 3805 646 Ancy-

381 675 478 729 ραν
510 651 781 712 Γαλατίας
813 651 903 704 καὶ
936 652 1037 718 τήν
1070 647 1388 722 Ἀνδρασὸν.

450 743 544 815 Τῷ
577 741 622 798 δ’
655 739 760 798 ἔτει
791 743 1062 816 Ταράσιος
1094 744 1120 797 6
1152 743 1456 814 άγιώτατος
1489 746 1840 823 πατριάρχης
1875 747 2034 800 Κων-

379 831 884 893 σταντινουπόλεως
943 827 1154 885 ἀπεὸῗω
1212 829 1447 903 ἔνδοξος,
1507 834 1598 888 καὶ
1668 839 1834 909 ετάφτ,
1869 834 1920 888 ὲν
1953 837 2035 904 τῷ

373 923 465 976 ὕπ’
490 921 661 975 αὖ)τοῦ
703 919 969 974 κτισθέντι
1036 921 1388 995 μοναττγ,ρίῳ
1444 922 1493 976 ἐν
1519 927 1599 994 τῷ
1630 927 1830 993 Στενῷ.
1862 923 1945 995 Τῇ
1979 918 2034 975 δ’

372 1018 471 1078 τῆς
504 1011 731 1085 πρώτης
765 1003 1070 1078 ἑϐδομάδος
1103 1014 1210 1064 τῶν
1244 1017 1523 1081 Νηστεῖῶν
1555 1015 1645 1066 καὶ
1697 1015 1766 1084 τῇ
1804 1008 2020 1087 μεγάλῃ

377 1103 620 1175 κυριακῇ
674 1097 1069 1174 ἐχειροτοντ,θη
1132 1101 1452 1174 Νικηφόρος
1514 1103 1542 1156 6
1585 1102 1891 1175 ἀγιώτατος
1926 1120 2026 1153 πα-

370 1192 643 1265 τριάρχης
701 1189 808 1242 ἀπὸ
866 1189 1211 1263 ἀσηκρῆτις,
1271 1192 1442 1268 ψήφῳ
1499 1191 1700 1252 παντὸς
1757 1187 1894 1244 λαοῦ
1935 1187 2023 1244 κα)

371 1283 468 1334 τοῦ
503 1277 774 1354 βαπιλέως
826 1278 918 1332 καὶ
972 1283 1081 1332 τῶν
1139 1280 1352 1353 ἱερέων.
1415 1279 1645 1336 Πλάτων
1688 1277 1745 1335 δὲ
1774 1279 1864 1334 καὶ
1897 1277 2024 1334 Θεό-

372 1367 548 1443 δωρος
588 1367 896 1445 ἡγο·5μενος
930 1373 1038 1423 τῶν
1074 1367 1336 1424 Στουδίου
1376 1370 1438 1425 οὗ
1497 1365 1912 1441 συνηυδόκησαν
1950 1373 2023 1442 τῇ

370 1460 688 1536 ’χειροτονίᾳ
730 1459 1072 1535 Νικηφόρου,
1132 1457 1279 1514 ἀλλά
1309 1460 1401 1515 καὶ
1463 1459 1676 1535 σχίσμα
1736 1459 2022 1526 ἐποίησαν,

373 1548 549 1603 αἰτίαν
583 1547 737 1616 δῆθεν
789 1547 1018 1624 εὔλογον
1061 1544 1282 1624 ἔχοντες
1311 1549 1375 1604 τὸ
1411 1552 1486 1621 μή
1521 1549 1630 1605 δεῖν
1671 1549 1776 1604 ἀπὸ
1809 1548 2020 1604 λαϊκῶν

373 1637 586 1712 ἀθροως
645 1638 719 1699 εἰς
778 1637 1069 1693 ἐπίσκοπον
1139 1638 1479 1713 ἀνατρέχειν·
1537 1637 1631 1700 οὓς
1684 1639 1712 1692 6
1766 1637 2022 1712 βασιλεὺς

371 1735 471 1795 τῆς
503 1725 718 1788 πόλεως
776 1726 1042 1782 ἀπελάσαι
1105 1727 1398 1800 βουληθεὶς
1440 1728 1711 1800 ἀνετράπη
1764 1728 1908 1802 παρά
1935 1749 2020 1782 τι-

371 1840 494 1876 νων.
529 1817 632 1873 Καί
675 1817 776 1872 οὐκ
804 1819 869 1884 ἦν
901 1817 962 1871 τὸ
1017 1821 1246 1892 πρᾶγμα
1304 1815 1449 1887 ξένον
1511 1815 1638 1872 οὐδὲ
1692 1820 2020 1891 προσράτως

371 1906 677 1977 ἐπινοηθὲν,
717 1904 865 1961 ἀλλά
918 1905 1008 1960 καὶ
1067 1903 1271 1960 πολλοὶ
1329 1904 1495 1961 αλλοι
1544 1906 1652 1960 ἀπὸ
1684 1905 1891 1961 λαϊκῶν
1925 1905 2014 1960 ἐπ·
2050 1929 2095 1993 Β

368 1996 698 2066 εσκόπησαν,
739 1993 903 2067 ἀξίως
959 1999 1041 2066 τῷ
1097 1999 1213 2066 Θεῷ
1260 1995 1683 2070 ἱερατεύσαντες.
1716 1995 1910 2066 Τούτῳ
1942 2000 2021 2066 τῷ

368 2083 473 2141 ἔτει
533 2084 746 2157 Ἀαρὼν
793 2088 902 2138 τῶν
997 2079 1243 2158 Ἀράϐων
1296 2083 1548 2161 ἀρχηγὸς
1633 2083 2020 2160 ἐπεστράτευσε

376 2175 514 2229 κατά
567 2174 875 2247 Ῥωμανίας
925 2174 1059 2246 μετά
1088 2170 1360 2249 χιλιάδων
1392 2176 1461 2241 τ’,
1491 2174 1582 2228 καὶ
1613 2173 1788 2238 ἐλθὼν
1848 2173 1922 2235 ei:
1951 2173 2018 2228 τά

372 2265 548 2322 Τύανα
605 2263 962 2339 ᾠκοδόμησεν
1031 2266 1183 2319 οἷκον
1240 2271 1341 2333 τῆς
1406 2265 1767 2340 βλασφημίας
1823 2264 2018 2330 αὑτοῦ,

364 2355 455 2410 καὶ
503 2349 782 2427 παρέλαϐε
841 2354 1046 2426 κάστρα
1112 2352 1325 2429 ἄπειρα.
1359 2353 1678 2410 Ἀπέστειλε
1737 2350 1795 2408 δὲ
1849 2357 2014 2427 κοῦρ-

365 2467 454 2502 σον
509 2450 620 2520 (36)
775 2441 1039 2524 χιλιάδας
1083 2441 1187 2507 ἓως
1251 2445 1546 2522 Ἀγκύρας,
1603 2445 1695 2500 καὶ
1755 2444 2016 2520 ἀιρανίσας

362 2538 536 2591 πάντα
605 2534 952 2608 ὑπέστρεψεν.
1010 2536 1238 2607 Ἱηξξῆλθε
1288 2531 1345 2590 δὲ
1393 2534 1485 2589 καὶ
1535 2535 1563 2588 6
1604 2533 1920 2612 Νικηφόρος
1961 2531 2014 2588 ἐν

363 2625 670 2700 ἀπογνώσει
721 2625 789 2679 τά
843 2629 1056 2699 γενναῖα
1104 2630 1204 2692 τῆς
1263 2623 1644 2695 ταλαιπωρίας
1705 2620 2012 2679 ἑπιδειιινύ-

365 2736 547 2785 μενος.
581 2714 673 2770 καὶ
714 2711 782 2783 δὴ
817 2713 1150 2786 σκεψάμενος
1207 2715 1411 2786 πέμπει
1467 2714 1604 2788 πρός
1661 2713 1825 2768 αὐτὸν
1859 2712 2015 2787 εἰρή-

359 2827 456 2876 νην
488 2806 746 2878 γενέσθαι,
804 2801 1062 2873 δηλώσας
1120 2803 1317 2863 οὕτως’
1374 2809 1537 2857 «Ἵνα
1593 2803 1644 2856 τί
1704 2801 2013 2875 ἐπιχαίρεις

357 2901 476 2956 ταῖς
515 2892 751 2954 ἀδικίαις
783 2892 872 2947 καὶ
902 2899 1020 2953 ταῖς
1051 2891 1525 2970 αἰματεκχυσίαις,
1563 2891 1638 2964 μή
1673 2889 2010 2966 ἀρκούμενος

359 2984 434 3046 εἰς
463 2984 530 3036 τά
561 2979 690 3044 ῗδα,
725 2982 870 3036 ἀλλά
892 2975 1247 3056 παραϐαίνεις
1267 2981 1465 3053 ὅρκους
1496 2979 1762 3054 ἀρχαίους
1792 2980 1881 3033 κεί
1914 2999 2011 3033 παι

354 3073 566 3146 τρῴους
602 3092 616 3139 ς
653 3078 812 3133 ποῖος
843 3071 949 3146 γάρ
989 3091 1077 3125 σοι
1112 3072 1402 3147 προφήτης
1454 3075 1601 3133 θεῖος
1631 3073 1802 3124 ταῦτα
1826 3074 2006 3124 ποιεῖν

358 3162 612 3236 ετ’ροι.κεν;
645 3163 789 3240 00χῖ
825 3162 1163 3239 Μουχούμετ
1205 3159 1234 3213 ὁ
1274 3160 1682 3237 προφήτηεσου
1714 3160 2009 3233 παρήγγει’

360 3253 452 3309 λεν
483 3251 562 3312 ὡς
603 3247 836 3329 ἀδελφὸν
867 3248 1014 3325 ἔχειν
1076 3249 1400 3323 Χριστιανὸν
1455 3251 1627 3304 πάντα
1655 3249 1744 3303 καὶ
1779 3247 1956 3323 λέγειν
1989 3268 2002 3314 ;

355 3344 449 3409 Μὴ
484 3341 588 3416 γάρ
614 3339 642 3393 ὁ
673 3339 888 3394 πάντων
922 3340 1074 3403 Θεὸς,
1117 3337 1144 3390 6
1178 3337 1525 3413 Δημιουργὸς
1572 3335 1660 3391 καῖ
1687 3338 2002 3409 προνοητής

349 3430 698 3508 ἀμνροτὲρων,
729 3427 953 3502 α’ῗμασιν
984 3426 1287 3504 ἀνθρώπων
1351 3424 1552 3489 ἀδίκως
1611 3425 2004 3502 ἐκχυνομένοις

352 3522 536 3599 χαίρεί
562 3541 576 3590 ;
611 3522 697 3590 Μὴ
722 3531 932 3596 γένοιτο
958 3521 970 3576 ί
996 3522 1066 3576 "H
1093 3519 1357 3594 ἀργυρίου
1385 3517 1476 3574 καὶ
1509 3518 1742 3594 χρυσίου
1771 3520 1862 3572 καὶ
1892 3523 2001 3573 τῶν

352 3613 565 3668 λοιπῶν
644 3610 1034 3685 ὑστερούμενος
1090 3606 1311 3677 ἐξῆλθες
1367 3605 1623 3677 ἀδικῆσαι
1659 3606 1788 3669 τοὺς
1837 3605 2004 3680 μηδὲν

353 3700 713 3772 ἀδικήσαντάς
741 3721 798 3754 σε
831 3718 845 3768 ;
879 3697 1070 3756 Καίτοι
1101 3719 1164 3774 γε
1191 3699 1258 3752 τά
1288 3695 1558 3752 κάλλιστα
1588 3697 1676 3752 καὶ
1711 3699 1846 3766 ἡμῖν
1877 3694 2002 3752 δυσ-

353 3792 584 3865 πόριστα
613 3790 704 3845 καὶ
754 3787 1017 3859 ἐπέραστα
1073 3793 1394 3860 κατακόρως
1449 3784 1616 3861 ἔχεις.
1677 3785 1737 3840 Εἰ
1771 3782 1827 3840 δέ
1857 3807 2002 3848 τινος

349 3888 460 3938 τῶν
517 3881 802 3955 ἡμετέρων
861 3876 1046 3948 ἐνδεὴς
1106 3879 1177 3944 εἴ,
1237 3875 1427 3932 αὐτίκα
1484 3877 1783 3949 παρέξομεν
1837 3875 2003 3954 φιλο-

351 3971 600 4047 στοργίας
635 3971 848 4044 τρόπῳ.
912 3971 997 4042 [Ρ.
1060 3969 1187 4039 478]
1249 3967 1340 4033 Μὴ
1387 3966 1566 4020 τοίνυν
1618 3964 1692 4026 ὠς
1753 3965 2003 4019 ἀθάνατοι

347 4061 438 4117 καὶ
507 4060 654 4115 ἄθεοι
705 4059 823 4113 κατ’
870 4055 1137 4128 ἀλλήλων
1200 4056 1646 4128 στρατευώμεθα,
1701 4053 1911 4108 καὶτὸν
1945 4052 2005 4109 ἐκ

350 4149 628 4223 δαιμόνων
673 4149 790 4203 κατ’
850 4147 1146 4217 ἀνθρώπων
1193 4147 1438 4218 πόλεμον
1472 4143 1528 4200 ὲυ
1578 4142 1776 4220 φθόνου
1811 4145 2001 4214 μιμώ-

355 4243 510 4315 μεθα,
534 4240 893 4314 γινώσκοντες
939 4238 1023 4291 ὅτι
1086 4235 1277 4309 μικρὸν
1333 4234 1552 4306 ὕστερον
1600 4231 2002 4303 τελευτήσομεν

351 4331 442 4386 καὶ
494 4331 631 4403 πρὸς
689 4330 882 4403 κριτὴν
942 4321 1232 4380 ἀδέκαστον
1287 4323 1719 4398 ἀπελευσόμεθα,
1759 4323 1817 4383 ὃς
1856 4322 2001 4378 ἀπο-

350 4421 512 4476 δώσει
570 4421 778 4492 ἑκάστῳ
837 4418 972 4473 κατά
1027 4417 1095 4471 τά
1156 4413 1284 4493 ἔργα
1341 4415 1529 4482 αὐτοῦ,
1581 4436 1611 4466 ››
1671 4417 1849 4470 Ταῦτα
1905 4418 2003 4468 τοῦ

353 4511 624 4590 βασιλέως
680 4509 1002 4589 Νικηφόρου
1049 4505 1454 4569 ἐπιστείλαντος
1507 4505 1642 4579 μετά
1689 4503 1882 4590 δώρων
1914 4525 2002 4560 τι-

2146 667 2272 706 ram
2305 653 2544 708 Galatia:
2574 655 2956 726 Thebanique
2989 661 3046 710 et
3068 655 3398 712 Andrasum
3425 660 3714 717 condidit.

2216 747 2387 798 Anno
2417 747 2450 798 4
2480 745 2755 799 Tarasius
2785 746 3199 801 sanctissimus
3231 748 3428 818 Cpolis
3459 752 3804 820 patriarcha

2144 833 2392 888 honeste
2411 834 2588 888 vitam
2615 833 2849 895 clausit.
2876 836 3263 908 sepultusque
3288 844 3378 892 est
3409 839 3470 894 in
3504 848 3808 897 monaste-

2142 922 2228 976 rio
2261 923 2419 992 quod
2457 924 2584 994 ipse
2617 930 2955 979 extruxerat
2990 925 3050 980 in
3097 927 3423 996 Angustiis.
3457 930 3678 994 Quarta
3705 931 3804 986 die

2142 1012 2346 1082 primm
2369 1013 2716 1083 septimana)
2736 1013 3130 1083 Jejuniorum,
3155 1020 3213 1069 et
3243 1032 3456 1088 magna
3490 1019 3798 1076 Dominica

2138 1101 2506 1171 Nicephorus
2538 1101 2893 1156 secretarius
2919 1110 3154 1158 creatur
3177 1105 3590 1162 sanctissimus
3617 1109 3799 1178 patri-

2139 1189 2336 1248 archa.
2395 1191 2576 1245 totius
2635 1191 2860 1262 populi,
2916 1192 3292 1262 imperatoris
3325 1200 3382 1249 et
3413 1197 3792 1252 sacerdotum

2137 1279 2451 1347 suffragiis.
2482 1279 2648 1334 Plato
2680 1287 2879 1335 autem
2911 1286 2969 1336 et
2997 1283 3338 1338 Theodorus
3360 1285 3629 1340 Studiani
3660 1287 3787 1341 col-

2136 1366 2269 1438 legii
2304 1369 2620 1439 prmfectus
2653 1386 2780 1424 eam
2816 1369 3167 1426 electionem
3208 1372 3695 1444 improbaverunt
3723 1381 3784 1432 et

2134 1457 2559 1513 discessionem
2592 1459 2884 1526 fecerunt,
2927 1461 3221 1530 probabili
3263 1463 3350 1516 usi
3412 1471 3784 1534 argumento,

2133 1564 2252 1602 non
2285 1547 2504 1603 debere
2527 1549 2752 1604 scilicet
2773 1550 2966 1604 subito
2998 1551 3260 1622 aliquem
3289 1552 3360 1608 de
3385 1553 3536 1608 laico
3568 1555 3791 1625 episco-

2131 1654 2272 1708 pum
2306 1637 2454 1692 tieri.
2489 1638 2644 1703 Quos
2677 1637 2998 1709 imperator
3027 1641 3172 1695 urbe
3200 1641 3614 1711 ejecisset.nisi
3650 1660 3787 1700 con-

2130 1727 2328 1781 silium
2361 1726 2490 1797 ejus
2515 1727 2759 1798 quidam
2785 1729 3331 1786 intlexissent.Sane
3363 1731 3423 1786 id
3446 1749 3641 1804 neque
3668 1750 3783 1788 no-

2128 1830 2262 1868 vum
2298 1831 2491 1885 neque
2522 1832 2731 1870 recens
2783 1817 3178 1887 excogitatum
3225 1818 3334 1873 fuit
3364 1820 3607 1885 factum,
3641 1837 3779 1876 cum

2130 1903 2300 1958 multi
2324 1904 2502 1958 etiam
2529 1905 2629 1958 alii
2652 1904 2725 1959 de
2750 1905 2914 1959 laicis
2937 1905 3193 1979 episcopi
3228 1908 3409 1963 creati
3442 1910 3560 1964 Deo
3579 1926 3787 1965 conve-

2128 1992 2366 2047 nienter
2395 2009 2456 2046 se
2502 1993 2562 2046 in
2599 2008 2666 2046 eo
2700 2009 2946 2048 munere
3009 1996 3407 2052 tractaverint.
3441 1997 3561 2053 Hoc
3617 2014 3776 2053 anno

2127 2087 2321 2138 Aaron
2342 2083 2600 2138 Arabum
2625 2083 2740 2138 dux
2758 2084 2818 2138 in
2841 2086 3165 2140 Romanam
3191 2086 3479 2142 ditionem
3505 2095 3773 2144 trecenta

2127 2173 2317 2227 millia
2347 2171 2534 2238 duxit,
2568 2189 2824 2243 cumque
2846 2174 3043 2244 Tyana
3065 2175 3452 2245 pervenisset,
3487 2176 3668 2232 aadem
3691 2176 3774 2231 ibi

2127 2282 2246 2320 suae
2278 2265 2567 2336 impietati
2600 2266 2814 2336 posuit.
2845 2266 3083 2321 Inﬁnita
3109 2273 3304 2322 castra
3333 2269 3520 2340 cepit;
3555 2269 3776 2324 emisit-

2125 2372 2238 2426 que
2273 2355 2577 2424 sexaginta
2607 2355 2814 2422 millia,
2841 2355 2941 2425 qui
2983 2356 3426 2412 incursionibus
3479 2361 3776 2430 Ancyram

2122 2461 2312 2515 usque
2344 2445 2530 2517 vagati
2579 2449 2738 2507 sunt,
2771 2445 3169 2516 evastatisque
3227 2446 3288 2501 in
3320 2463 3451 2518 qum
3482 2447 3777 2504 incideret

2122 2533 2422 2593 omnibus.
2454 2533 2699 2588 domum
2733 2533 2928 2588 rediit.
2962 2533 3175 2588 Eduxit
3205 2552 3346 2590 suos
3377 2535 3556 2590 etiam
3603 2536 3774 2591 Nice-

2120 2623 2362 2694 phorns,
2398 2622 2726 2694 desperatis
2743 2624 2870 2692 jam
2896 2623 3073 2677 rebus
3098 2639 3267 2678 suam
3283 2624 3556 2679 virtutem
3573 2631 3777 2680 osten-

2119 2713 2304 2778 dens;
2339 2711 2607 2783 initoque
2639 2712 2913 2771 consilio.
2946 2712 3020 2766 ad
3043 2713 3300 2768 Arabem
3359 2714 3519 2784 pacis
3573 2714 3764 2785 impe-

2120 2802 2345 2857 trandis
2379 2818 2558 2856 causa
2589 2802 2815 2856 litteras
2847 2803 3106 2872 scripsit,
3139 2819 3392 2872 quarum
3429 2804 3772 2875 exemplum

2117 2893 2388 2962 sequitur
2402 2893 2748 2956 :«Quorsum
2765 2891 2844 2962 inj
2855 2892 3402 2948 ustitiaetcaadibus
3417 2894 3636 2966 gaudes
3651 2911 3770 2948 non

2117 2990 2432 3038 contentus
2448 2982 2582 3046 tuis,
2609 2982 2877 3052 ﬁnesque
2896 2989 3121 3036 veteres
3144 2987 3495 3052 etpaternos
3513 2983 3730 3038 transis
3745 2983 3773 3037 Ἰ

2115 3071 2398 3137 Quisnam
2431 3071 2664 3126 divinus
2690 3078 2848 3126 vates
2881 3071 3007 3126 huic
3037 3077 3094 3126 te
3144 3072 3294 3128 835
3331 3088 3502 3145 agere
3528 3073 3712 3145 jussit
3742 3073 3770 3128 ‘2

2117 3164 2320 3216 Nonne
2342 3161 2552 3215 Muchu
2563 3166 2752 3214 metus
2773 3165 2911 3215 tuus
2929 3168 3088 3215 vates
3106 3176 3344 3216 omnem
3369 3162 3771 3217 Christianum

2122 3256 2177 3305 te
2206 3268 2310 3322 pro
2340 3250 2521 3304 fratre
2575 3249 2792 3304 habere
2823 3256 3001 3321 atque
3059 3266 3380 3322 agnoscere
3419 3250 3595 3322 jubet
3622 3251 3649 3306 ?
3677 3253 3771 3307 An

2121 3341 2388 3395 omnium
2419 3339 2638 3410 opifex,
2665 3340 2838 3406 Deus,
2876 3345 2935 3392 et
2955 3345 3274 3410 utrumque
3306 3356 3509 3395 curam
3532 3356 3772 3412 gerens,

2119 3428 2406 3500 sanguine
2437 3427 2751 3482 hominum
2785 3427 3003 3493 injuste
3053 3427 3183 3482 fuso
3212 3426 3587 3484 delectatur?
3645 3429 3769 3484 Ab-

2118 3518 2230 3572 sitl
2265 3525 2354 3571 An
2388 3517 2520 3572 ideo
2561 3517 2756 3571 exiisti
2787 3516 2986 3583 domo,
3021 3517 3241 3588 injuria
3295 3517 3572 3573 affectum
3602 3535 3704 3574 eos
3735 3535 3772 3575 a

2120 3609 2339 3678 quibus
2373 3607 2548 3662 luasus
2579 3623 2698 3661 non
2757 3622 2839 3672 es,
2875 3607 3015 3677 quia
3065 3623 3232 3674 auro,
3290 3614 3532 3679 argento
3563 3607 3769 3664 aliisve

2119 3699 2298 3753 rebus
2357 3697 2623 3769 indigeas
2654 3696 2682 3751 ?
2736 3697 2912 3768 Atqui
2954 3698 3389 3768 pretiosissima
3419 3716 3668 3771 qumque
3714 3705 3773 3755 et

2119 3787 2293 3843 nobis
2323 3788 2517 3860 magni
2549 3787 2842 3842 {estimata
2889 3795 3216 3860 paratuque
3243 3789 3510 3845 difticilia
3539 3789 3776 3846 abunde

2122 3875 2408 3948 possides.
2443 3875 2662 3940 Quodsi
2696 3892 2812 3946 qua
2844 3893 2905 3929 re
2934 3882 3138 3932 nostra
3172 3894 3320 3947 opus
3353 3878 3536 3933 babes
3567 3880 3768 3934 statim

2122 3979 2231 4017 nos
2279 3978 2407 4020 eam
2443 3963 2546 4016 tibi
2577 3968 2850 4016 amanter
2878 3962 3279 4033 prebebimus.
3314 3967 3439 4019 Non
3473 3981 3631 4036 ergo,
3665 3983 3769 4036 pe-

2119 4052 2288 4107 rinde
2317 4068 2384 4105 ac
2416 4051 2463 4105 si
2497 4050 2863 4104 immortales
2890 4067 3159 4106 essemus
3190 4052 3458 4123 nullique
3491 4055 3607 4108 Deo
3639 4055 3773 4110 sub-

2119 4143 2247 4206 diti,
2284 4143 2440 4196 inter
2469 4158 2577 4195 nos
2626 4141 3058 4212 depugnemus,
3100 4141 3390 4197 malorum
3425 4144 3765 4202 daemonum

2118 4232 2277 4286 bella
2307 4231 2586 4285 adversus
2606 4229 2879 4284 homines
2897 4229 3282 4295 imitati,cum
3309 4231 3566 4286 sciamus
3588 4233 3766 4304 paulo

2120 4327 2255 4392 post
2285 4337 2393 4374 nos
2426 4319 2767 4385 morituros,
2791 4324 2851 4372 et
2872 4319 3432 4390 coramjudice,qui
3463 4323 3769 4394 corrumpi

2121 4427 2182 4466 se
2215 4427 2335 4465 non
2368 4410 2608 4480 patitur,
2661 4408 3116 4479 comparituros,
3151 4408 3252 4480 qui
3312 4410 3497 4466 cuivis
3527 4411 3769 4479 dignam

2122 4517 2366 4556 suorum
2398 4501 2689 4554 factorum
2723 4498 3058 4553 mercedem
3077 4499 3306 4554 reddet.
3337 4521 3367 4550 »
3399 4501 3500 4556 His
3529 4501 3770 4570 litteris,

348 4587 480 4672 νῶν,
527 4601 556 4654 6
608 4601 790 4674 ’Ἄραψ
843 4587 1162 4671 ἀγαθυνθεὶς
1219 4594 1308 4648 καὶ
1374 4590 1800 4655 ἀνταποστείλας
1857 4589 2008 4668 δῶρα

2125 4590 2336 4662 quibus
2367 4595 2425 4645 et
2452 4587 2608 4644 dona
2655 4587 2927 4660 quendam
2979 4593 3150 4643 erant
3205 4589 3458 4662 adjecta,
3491 4590 3762 4664 placatus

349 4691 582 4747 πλεῖστά
639 4710 698 4745 τε
761 4688 850 4744 καὶ
907 4689 1180 4761 θαυμασια
1240 4685 1356 4757 μετ’
1415 4684 1634 4758 εἰρήνης
1686 4679 2004 4758 ὑπέστρεψε,

347 4787 447 4853 τήν
484 4783 803 4859 Νικηφόρου
837 4779 1046 4834 σύνεσιν
1100 4777 1554 4850 ὑπερθαυμάζων.
1616 4776 1716 4833 Καὶ
1770 4777 2007 4850 στοιχή·

352 4894 445 4935 σας
483 4873 597 4928 κατ’
653 4868 774 4930 ἓτος
827 4867 1102 4929 τελεῖσθαι
1151 4865 1338 4928 αὐτοῖς
1394 4864 1710 4936 νομίσματα
1743 4861 2002 4939 χιλιάδας

352 4964 424 5030 Λ’,
454 4961 546 5016 καὶ
575 4960 675 5016 ἀνά
702 4957 828 5032 τρία
857 4955 1168 5028 νομίσματα
1209 4954 1370 5008 αὐτὸν
1398 4953 1489 5007 τὸν
1535 4949 1764 5025 βασιλέα
1792 4953 1881 5006 καὶ
1910 4953 2001 5007 τὸν

350 5053 468 5107 υἱον
517 5051 709 5118 αὐτοῦ,
761 5047 812 5102 ἐν
844 5047 991 5117 ταξει
1019 5041 1434 5123 κεφαλητίωνος
1482 5045 1615 5115 (37).
1646 5041 1736 5096 καὶ
1768 5038 1908 5115 μηδὲ
1937 5042 2003 5096 τὰ

350 5138 780 5217 παραληφθέντα
829 5136 917 5190 ὑπ’
972 5133 1135 5188 αὑτοῦ
1185 5132 1390 5200 κάστρα
1453 5135 1760 5196 κτισθῆναι.
1813 5129 2001 5204 ἀπῄει.

349 5229 574 5290 Τοῦτων
630 5225 687 5282 δὲ
746 5224 1196 5300 ὑποστρεψάντων
1256 5222 1455 5282 εὐθέως
1488 5220 1516 5274 6
1554 5218 1809 5294 βασιλεὺς
1853 5220 2002 5275 ἒκτι-

348 5342 434 5376 σεν
489 5318 624 5374 αὐτά
679 5316 771 5372 καὶ
829 5314 1271 5389 κατωχόρωσεν.
1333 5312 1504 5380 Ὅπερ
1568 5311 1752 5382 μαθὼν
1808 5310 1836 5363 6
1893 5317 2002 5364 Λα-

351 5412 457 5488 ρὼν
492 5405 824 5468 ἀποστείλας
856 5403 1021 5458 πάλιν
1071 5403 1189 5457 εἷλε
1234 5402 1336 5470 τήν
1390 5395 1596 5470 Θήϐαν.
1629 5398 1719 5453 καὶ
1777 5399 1999 5472 πέμψας

347 5501 544 5560 στόλον
578 5498 655 5562 εἲς
708 5497 923 5571 Κύπρον
969 5493 1057 5566 τά,
1115 5511 1174 5546 τε
1229 5489 1525 5561 ἐκκηησίας
1557 5489 1880 5562 κατέστρεψε
1909 5489 1998 5543 καὶ

2114 4681 2299 4736 Arabs
2331 4680 2589 4752 plurima
2621 4685 2679 4734 et
2709 4678 3007 4733 mirabilia
3037 4695 3287 4736 munera
3311 4681 3567 4738 vicissim
3599 4685 3768 4741 Nice-

2117 4771 2304 4844 phoro
2337 4769 2518 4833 misit,
2542 4768 2870 4825 admiratus
2903 4769 3032 4839 ejus
3062 4785 3335 4834 acumen,
3361 4777 3420 4827 et
3437 4789 3581 4844 pace
3614 4773 3770 4832 facta

2116 4860 2411 4915 discessit.
2448 4862 2689 4914 Pactum
2719 4865 2918 4913 autem
2953 4859 3063 4914 fuit
3092 4865 3156 4914 ut
3188 4863 3433 4917 Romani
3476 4863 3769 4922 Arabibus

2117 4949 2438 5021 quotannis
2455 4949 2692 5018 triginta
2711 4947 2899 5002 millia
2917 4949 3340 5005 nomismatum
3355 4952 3774 5022 peuderent,et

2115 5046 2286 5094 terna
2308 5039 2433 5109 ipse
2456 5038 2782 5108 imperator
2803 5039 3052 5108 ejusque
3073 5038 3230 5093 illius
3253 5041 3769 5099 nomismataJoco

2115 5145 2327 5185 census
2354 5129 2413 5181 in
2449 5127 2661 5197 capita.
2697 5143 2841 5182 neve
2873 5127 3122 5182 Romani
3155 5133 3347 5182 castra
3368 5129 3440 5183 ab
3476 5130 3767 5187 Arabibus

2113 5226 2285 5291 capta
2318 5218 2649 5273 reficerent.
2686 5217 2993 5272 Enimvero
3025 5217 3312 5272 Arabibus
3343 5218 3623 5290 digressis
3655 5229 3766 5278 sta-

2115 5311 2222 5364 tim
2255 5325 2323 5363 ea
2352 5308 2719 5378 Nicepliorus
2750 5305 3101 5360 instauravit
3130 5313 3305 5376 atque
3367 5309 3602 5365 muniit.
3637 5312 3761 5376 Quo

2113 5399 2393 5470 cognitoA
2405 5413 2550 5452 aron
2566 5410 2804 5450 rursum
2831 5394 3010 5448 misso
3033 5395 3298 5449 exercitu
3313 5396 3570 5453 Thebam
3584 5400 3743 5472 cepit

2113 5489 2413 5558 missaque
2468 5486 2528 5540 in
2605 5486 2861 5556 Cyprum
2930 5482 3117 5539 classe
3178 5484 3401 5557 templa
3449 5490 3657 5545 evertit
3713 5495 3774 5549 et

1555 5589 1920 5645 XYLA'NDRI
1957 5589 2044 5642 ET
2081 5586 2298 5642 GOARI
2337 5585 2561 5640 LNOTA'I.

425 5704 515 5776 (36
571 5700 810 5771 Κοῦρσος
834 5695 1137 5767 piraticum
1164 5690 1381 5747 navale.
1415 5691 1592 5746 GOAR.

425 5702 540 5846 (πί
569 5769 849 5828 Videatur
877 5771 1084 5823 auctor
1112 5781 1170 5837 p.
1199 5765 1302 5818 467
1327 5778 1481 5818 anno
1513 5761 1586 5817 Le

423 5779 512 5849 (ετ

569 5759 854 5828 Videatuf
877 5771 1084 5823 auctor
1112 5781 1170 5837 p.
1199 5765 1302 5818 467
1327 5778 1481 5818 anno
1513 5760 1726 5818 Leonis
1749 5759 1937 5817 Isauri
1971 5760 2058 5817 16.
2090 5759 2268 5818 (ἰοΑιι.
