4112 6484
280 411 398 475 919

1625 405 1947 475 GEORGII
1990 407 2336 478 CEDRENI

3580 414 3701 476 920

284 523 528 619 Cyprios
569 545 816 619 pepulit,
862 562 1196 620 magnaque
1252 549 1422 619 parta
1468 545 1674 619 praeda
1724 562 1932 619 pacem

2072 549 2177 613 τοὺς
2208 548 2485 624 Κυπρίους
2531 548 2847 623 μετέστησε,
2879 546 2969 604 καὶ
3017 544 3238 616 πολλήν
3270 543 3479 604 ἅλωσιν
3532 548 3702 618 ποιή-

290 636 550 691 discidit.

359 727 515 783 836
538 731 709 784 Anno
761 734 923 784 sexto
956 727 1179 784 Arabes
1227 744 1363 784 cum
1419 727 1608 784 classe
1665 728 1939 784 Rhodum

288 818 666 890 appulerunt,
703 818 1022 889 multisque
1046 818 1234 890 captis
1253 818 1599 874 hominibus
1622 817 1939 875 castellum

288 924 577 979 occupare
610 907 1026 978 nequiverunt.
1060 909 1126 962 1n
1158 907 1355 963 reditu
1385 924 1520 964 cum
1554 909 1715 981 Myra
1742 906 1941 962 venis-

292 1002 442 1062 sent,
476 996 671 1051 conati
703 1012 933 1051 sacram
979 994 1099 1051 divi
1149 996 1373 1052 Nicolai
1430 996 1642 1052 cistam
1674 995 1942 1052 confrin-

285 1101 445 1158 gere,
475 1084 654 1140 aliam
684 1101 868 1157 prOpe
901 1085 1078 1141 sitam
1109 1086 1241 1158 ejus
1270 1087 1400 1143 loco
1431 1087 1938 1143 comminuerunt.

288 1174 615 1244 Statimque
655 1174 911 1230 classem
956 1192 1174 1248 magna
1219 1181 1533 1232 ventorum
1581 1175 1847 1248 procella
1888 1178 1946 1231 et

288 1262 729 1319 maritimorum
778 1263 1071 1320 ﬂuctuum
1120 1265 1381 1337 impetus
1409 1265 1862 1337 tonitruumque
1888 1268 1947 1319 et

289 1351 591 1425 fulgurum
621 1353 962 1425 promiscua
993 1360 1318 1426 tempestas
1348 1355 1580 1413 invasit.
1605 1355 1944 1424 multasque

291 1459 468 1499 naves
497 1444 793 1515 contrivit,
826 1444 910 1501 ita
942 1450 1009 1501 ut
1035 1445 1227 1502 sancti
1260 1445 1369 1500 viri
1412 1447 1745 1519 potentiam
1789 1444 1944 1500 mul-

192 1536 195 1540 ’
292 1533 484 1593 titudo
514 1534 883 1591 intellexerit
933 1539 991 1591 et
1019 1540 1238 1609 praeter
1268 1552 1436 1608 spem
1482 1536 1731 1592 exitium
1762 1534 1944 1590 evita-

296 1624 469 1682 verit.

369 1716 960 1773 Anno7Theedorus
1002 1716 1272 1773 Studiani
1339 1718 1573 1792 collegii
1634 1719 1950 1791 praefectus

299 1807 739 1878 ejusquefratcr
765 1808 1058 1878 Josephus
1087 1807 1518 1866 Thessalonicae
1551 1809 1953 1880 archiepisco-

2046 659 2139 701 σας
2167 638 2266 706 την
2297 637 2522 713 εἰρήνην
2569 633 2872 712 διέστρεψε.

2117 730 2213 799 Τῷ
2244 734 2287 792 ς¹
2316 724 2421 782 ἔτει
2453 728 2505 782 οἱ
2535 728 2593 785 Ἀ
2607 722 2764 804 ραϐες
2800 731 2936 801 μετᾶ
2973 725 3174 783 στόλου
3205 727 3303 796 τὴν
3336 722 3527 783 Ῥόδον
3571 745 3701 781 κατ-

2045 811 2268 886 ἐλαϐον,
2320 817 2410 872 καὶ
2466 815 2718 880 πολλοὺς
2778 815 3296 893 αἷχμαλωτίσαντες
3347 816 3411 870 τὸ
3441 815 3702 894 φεούριον

2046 913 2312 981 κρατῆσαι
2373 906 2473 962 οὐκ
2554 905 2806 982 ἴσχυσαν.
2897 909 2983 964 Ἐν
3058 903 3116 962 δὲ
3167 910 3250 979 τῷ
3305 904 3698 984 ἐπανέρχεσθαι

2046 998 2242 1059 αὐτοὺς
2273 996 2522 1062 ἐλθόντες
2568 996 2645 1060 εἷς
2702 996 2769 1053 τὰ
2821 996 3003 1068 Μύρα,
3054 999 3153 1068 τήν
3203 995 3352 1071 ἱεράν
3410 999 3508 1051 τοῦ
3540 994 3699 1070 ἁγίου

2049 1085 2326 1145 Νικολάου
2385 1086 2630 1161 λάρνακα
2710 1085 3056 1161 πειραθέντες
3142 1089 3452 1160 συντρῖψαι,
3520 1082 3702 1156 ἄλλην

2050 1177 2159 1233 ἀντ’
2215 1176 2427 1248 ἐκείνης
2483 1176 2723 1248 πλησίον
2779 1176 3033 1251 κειμένην
3103 1175 3446 1250 συνέτριψαν
3506 1173 3702 1231 αὐτίκα

2047 1288 2107 1322 τε
2154 1264 2342 1337 πολλή
2404 1266 2618 1342 ἀνέμων
2677 1265 2882 1323 θύελλα
2929 1266 3021 1321 καὶ
3076 1264 3378 1321 Θαλαττίων
3438 1264 3701 1339 κυμάτων

2051 1358 2193 1435 φορά
2226 1358 2467 1433 βροντῶν
2498 1379 2556 1414 τε
2584 1359 2675 1413 καὶ
2707 1357 2995 1432 ἀστραπῶν
3045 1355 3337 1429 ἀνωμαλία
3364 1356 3457 1412 τὸν
3503 1355 3701 1411 στόλον

2050 1442 2369 1518 κατέλαϐεν,
2436 1447 2511 1511 ὡς
2571 1445 2722 1502 ἷκανά
2777 1441 3131 1521 συντριϐῆναι
3165 1447 3372 1524 σκάφη,
3429 1443 3587 1501 αὐτόν
3646 1466 3707 1501 τε

2049 1539 2142 1595 τὸν
2200 1535 2334 1593 λαὸν
2392 1537 2689 1616 ἐπιγνῶναι
2745 1539 2848 1608 τὴν
2902 1535 2996 1593 τοῦ
3053 1537 3214 1615 ἁγίου
3274 1535 3502 1611 δύναμιν
3541 1581 3555 1608 ,
3605 1535 3698 1591 καὶ

2053 1628 2182 1700 παρ’
2208 1625 2406 1684 ἐλπίδα
2443 1630 2545 1699 την
2575 1629 2814 1684 κάκωσιν
2842 1628 3121 1705 ὶκφυγεῖν.

2125 1718 2213 1791 Τῷ
2247 1723 2288 1787 ζ’
2343 1711 2451 1774 ἔτει
2516 1714 2797 1793 Θεόδωρος
2852 1718 2881 1773 ὁ
2939 1717 3250 1794 ἡγούμενος
3302 1721 3413 1773 τῶν
3440 1713 3706 1773 Στουδίου

2054 1807 2143 1864 καὶ
2183 1808 2384 1885 Ἰωσήφ
2416 1808 2444 1863 ὁ
2484 1805 2824 1887 αὐτάδελφος
2885 1806 3051 1863 αὐτοῦ
3091 1805 3525 1885 ἀρχιεπὶσκοπος
3575 1812 3710 1861 Θεσ-

298 1912 430 1968 pus,
453 1912 587 1952 cum
609 1896 852 1952 Platone
875 1896 1107 1953 incluso
1130 1903 1190 1952 et
1207 1898 1455 1969 reliquis
1486 1899 1814 1964 monachis,
1833 1915 1896 1954 se
1913 1914 1947 1954 a

2072 1896 2378 1967 ταλονίκης,
2412 1897 2527 1972 ἅμα
2585 1897 2837 1953 Πλάτωνι
2892 1894 3190 1970 ἐγκλείστῳ
3219 1896 3310 1952 καὶ
3341 1901 3459 1958 τοῖς
3488 1896 3706 1957 λοιποῖς

298 1984 653 2041 commercio
677 1984 833 2042 beati
856 1986 1208 2057 patriarchae
1231 1986 1545 2060 Nicephori
1567 1988 1953 2044 absciderunt

297 2079 540 2146 propter
566 2074 887 2147 Josephum
937 2074 1436 2147 dispensatorem,
1480 2077 1638 2148 quod
1668 2078 1717 2132 is
1747 2081 1957 2133 contra

300 2164 459 2238 leges
480 2165 941 2221 Constantinum
965 2171 1024 2221 et
1051 2166 1416 2223 Theodotam
1450 2174 1816 2224 coronasset.
1849 2169 1959 2222 Im-

300 2260 541 2327 perator
552 2270 622 2311 ea
634 2260 870 2326 arrepta
882 2254 1432 2323 occasione,multis
1453 2256 1749 2328 episcopis
1771 2262 1831 2312 et
1847 2256 1959 2327 pri-

302 2344 509 2403 mariis
534 2345 677 2399 viris
708 2345 1066 2415 convocatis,
1094 2345 1291 2402 effecit
1319 2350 1386 2401 ut
1413 2352 1621 2403 contra
1648 2346 1785 2402 illos
1815 2363 1959 2402 con-

306 2435 512 2492 οἱιιιιιιι
544 2435 865 2491 haberetur
892 2451 906 2503 ;
931 2435 1093 2507 quod
1129 2453 1229 2492 eos
1260 2442 1316 2491 et
1338 2438 1701 2494 monasterio
1732 2442 1789 2492 et
1810 2436 1959 2492 urbe

310 2525 678 2597 ejecitatque
695 2525 994 2597 relegavit.
1020 2525 1241 2581 Eodem
1268 2543 1426 2583 anno
1458 2544 1592 2583 cum
1605 2528 1679 2583 ad
1702 2528 1962 2598 Strymo-

309 2633 447 2673 nem
470 2615 770 2686 stiprndia
795 2615 1165 2672 multitudini
1199 2616 1589 2684 solverentur,
1616 2618 1849 2690 Bulgari
1870 2635 1963 2673 su-

308 2707 430 2762 bito
460 2706 758 2762 irruentes
798 2723 869 2763 ea
923 2707 1388 2780 interceperunt,
1422 2709 1549 2764 auri
1583 2708 1765 2765 libras
1802 2710 1958 2777 1100,

309 2793 640 2867 ducemque
671 2812 803 2851 cum
838 2796 1101 2852 exercitu
1127 2797 1493 2866 occiderunt,
1524 2804 1581 2853 et
1605 2803 1772 2870 rapto
1797 2797 1960 2853 tuldo

309 2884 733 2940 discesserunt.
761 2886 840 2939 Eo
873 2886 1000 2957 ipso
1020 2892 1284 2958 tempore
1310 2890 1559 2943 Crumus
1580 2888 1961 2953 Bulgarorem

308 2974 588 3047 princeps
606 2974 907 3030 Sardicam
922 2976 1080 3047 cepit
1101 2982 1159 3030 et
1178 2993 1281 3031 sex
1302 2976 1493 3032 millia
1513 2976 1771 3032 militum
1784 2992 1964 3033 neca-

308 3062 785 3135 vit.Nicephorus
801 3071 1001 3121 autem
1029 3065 1400 3137 expeditione
1418 3071 1628 3123 contra
1648 3083 1783 3123 eum
1807 3067 1963 3123 facta

309 3168 588 3225 magnum
627 3158 688 3208 et
715 3153 1102 3210 memorabile
1155 3154 1308 3210 nihil
1338 3156 1476 3229 egit.
1508 3156 1659 3212 831
1716 3156 1962 3229 Elapsos

308 3243 551 3315 quidem
581 3244 719 3315 fuga
749 3243 928 3302 duces
972 3245 1207 3302 veniam
1238 3253 1571 3318 poscentes,
1605 3264 1676 3304 ea
1717 3264 1838 3303 non
1868 3248 1963 3303 di-

308 3349 520 3406 gnans,
554 3333 920 3408 transfugere
951 3335 1027 3392 ad
1045 3336 1247 3392 hostes
1277 3339 1486 3410 coegit.
1521 3337 1656 3391 Fuit
1685 3337 1844 3392 inter
1859 3353 1961 3392 eos

307 3424 661 3495 Euthymius
691 3425 1028 3495 spatharius
1060 3424 1467 3481 mechanicus.
1492 3426 1632 3481 Orta
1662 3431 1871 3481 contra
1901 3442 1963 3481 se

310 3513 621 3579 seditione,
645 3513 965 3585 plerosque
996 3512 1169 3568 donis
1201 3512 1480 3569 delinitos
1509 3513 1821 3585 postmodo
1852 3530 1964 3585 pu-

310 3602 735 3659 blicationibus
758 3602 1053 3659 bonorum
1076 3603 1372 3659 etexsiliis
1393 3604 1557 3659 ultus
1587 3610 1695 3660 est.
1720 3602 1881 3659 Idem
1902 3608 1970 3659 ut

315 3692 610 3748 exercitus
667 3692 1049 3761 deprimeret,
1103 3692 1262 3763 quod
1292 3709 1413 3749 non
1445 3693 1585 3749 mali
1616 3693 1969 3765 excogitavit

315 3783 598 3839 adversus
626 3780 991 3837 Christianos
1019 3782 1048 3837 ?
1076 3782 1276 3838 Primo
1306 3783 1466 3838 enim
1498 3783 1864 3839 Christianos
1895 3799 1965 3839 ex

316 3872 594 3929 omnibus
623 3871 969 3945 regionibus
992 3872 1054 3927 in
1067 3872 1390 3929 Slaviniam
1403 3873 1595 3947 coegit
1610 3872 1966 3947 demigrare,

317 3969 375 4019 et
395 3978 602 4019 eorum
625 3962 1026 4019 habitationes
1051 3962 1412 4032 divendidit;
1436 3980 1567 4035 quea
1588 3979 1686 4020 res
1708 3963 1863 4019 nihil
1893 3962 1967 4019 ab

313 4052 511 4110 hostili
539 4053 880 4126 captivitate
913 4052 1128 4125 abfuit,
1159 4053 1438 4110 omnibus
1469 4054 1531 4108 in
1563 4070 1829 4111 summas
1857 4070 1968 4110 an-

311 4146 534 4218 gustias
556 4144 863 4217 conjectis.
890 4143 1228 4202 Secundum
1247 4144 1633 4216 maleﬁcium,
1654 4144 1970 4219 imperavit

310 4240 376 4290 ut
402 4235 571 4308 egeni
594 4234 942 4303 militarent,
978 4234 1171 4306 iisque
1188 4251 1223 4291 a
1244 4234 1451 4291 vicinis
1475 4250 1642 4291 arma
1661 4241 1720 4291 et
1740 4236 1969 4306 stipen-

313 4323 412 4381 dia
433 4324 495 4380 in
520 4324 790 4397 singulos
814 4325 880 4379 18
902 4324 1332 4380 nomismatum
1355 4324 1736 4391 darentur,ac
1753 4340 1969 4381 census

2063 1993 2355 2064 μοναχοῖς,
2384 1994 2486 2058 τῆς
2523 1987 2811 2060 κοινῳνίας
2868 1986 3187 2062 Νίκηοόρου
3242 1989 3341 2041 τοῦ
3396 1985 3709 2063 ἀγιωτάτου

2059 2077 2406 2156 πατριάρχου
2488 2076 2788 2153 άπὲσχισαν
2854 2072 2946 2130 διὰ
3005 2076 3207 2155 Ἰωσῆφ
3261 2074 3356 2131 τὸν
3417 2073 3710 2149 οἶκονόμον

2062 2168 2137 2232 ὡς
2218 2167 2552 2243 παρανόμως
2640 2168 3052 2244 στεφανώσαντα
3137 2169 3532 2221 Κωνσταντῖνον
3616 2164 3710 2220 καὶ

2062 2254 2331 2329 Θεοδότην
2368 2258 2505 2331 (38).
2540 2256 2604 2313 Ὀ
2630 2253 2689 2312 δὲ
2715 2255 2970 2331 βασιλευς
3026 2255 3285 2329 ἀφορμῆς
3352 2251 3712 2331 δραξάμενος,

2063 2346 2393 2409 ἐπισκόπους
2423 2344 2673 2407 πολλοὺς
2715 2345 2805 2400 καὶ
2863 2343 3208 2422 ἡγουμένους
3272 2342 3552 2420 ἀθροίσας,
3585 2344 3713 2398 ούνο

2065 2433 2189 2492 οδον
2244 2436 2363 2491 κατ’
2412 2436 2582 2491 αὐτοῦ
2639 2441 2977 2511 κροτηθῆναι
3035 2432 3319 2505 ἐκέλευσε,
3377 2430 3445 2488 δι’
3501 2434 3570 2502 ἦς
3630 2432 3716 2505 ἐξ-

2065 2521 2376 2597 εϐλήθησαν
2407 2531 2508 2595 τῆς
2569 2532 2743 2599 μονῆς
2797 2524 2887 2580 καὶ
2943 2531 3042 2595 τῆς
3101 2523 3339 2589 πόλεως,
3397 2521 3582 2599 ἐξορῖᾳ
3610 2545 3720 2579 πα-

2068 2616 2492 2693 ραπεμφθέντες.
2553 2617 2650 2688 Τῷ
2709 2612 2756 2669 δ’
2814 2613 2962 2687 αὐτῷ
3026 2609 3135 2670 ἔτει
3195 2612 3364 2691 ῥόγας
3426 2611 3722 2687 διδομένης

2066 2710 2142 2778 τῷ
2199 2703 2321 2779 λαῷ
2377 2703 2430 2761 ἐν
2490 2704 2820 2780 Στρυμόνι,
2880 2703 3226 2767 ἐπιπεσόντες
3305 2703 3357 2758 οἱ
3413 2701 3721 2779 Βοῦλγαροι

2064 2794 2268 2865 ταύτην
2341 2791 2663 2873 ἀφείλοντο,
2722 2790 2953 2869 χρυσίου
3012 2791 3202 2868 λίτρας
3264 2791 3451 2868 χιλίας
3508 2792 3715 2862 ἑκατὸν,

2065 2884 2153 2941 καί
2209 2883 2302 2940 τὸν
2360 2883 2666 2962 στρατηγὸν
2721 2884 2855 2957 ἅμα,
2894 2887 2977 2957 τῷ
3043 2880 3163 2956 λαῷ
3212 2881 3568 2957 κατέσφαξαν,
3625 2883 3714 2938 καὶ

2067 2971 2330 3039 λαϐόντες
2384 2974 2448 3031 τὸ
2502 2971 2736 3031 τοῦλδον
2797 2972 3153 3048 ὑπέστρεψαν.
3210 2977 3298 3046 Τῷ
3353 2972 3500 3045 αὐτῷ
3528 2972 3715 3049 χρόνῳ

2066 3068 2323 3140 Κροῦμος
2356 3065 2384 3120 ὁ
2434 3068 2543 3120 τῶν
2603 3061 2942 3139 Βουλγάρων
2999 3061 3253 3141 ἀρχηγὸς
3312 3063 3409 3131 τήν
3441 3058 3710 3133 Σαρδικήν

2065 3149 2364 3231 παρέλαϐε,
2392 3153 2484 3209 καὶ
2540 3150 2803 3232 χιλιάδας
2861 3153 2907 3217 ς’
2964 3157 3310 3225 στρατιωτῶν
3368 3148 3712 3228 κατέσφαξεν.

2072 3246 2135 3303 Ὁ
2190 3242 2247 3299 δὲ
2299 3243 2618 3321 Νικηφόρος
2677 3239 2834 3311 δῆθεν
2891 3243 3010 3297 κατ’
3067 3241 3235 3296 αὐτοῦ
3300 3241 3534 3312 ὶξελθὼν
3565 3238 3718 3313 ἀξιό-

2075 3334 2240 3410 λογον
2304 3332 2399 3405 μὲν
2459 3327 2612 3385 οὐδὲν
2670 3329 2915 3398 ἐποίησε,
2972 3334 3090 3390 τοῖς
3141 3327 3198 3383 δὲ
3252 3333 3629 3402 περισιυθεῖσιν
3663 3328 3725 3385 ἐκ

2071 3429 2171 3492 τῆς
2227 3427 2405 3498 φυγῆς
2464 3417 2728 3495 ἄρχουσιν
2798 3417 3010 3473 αἰτοῦσι
3077 3414 3244 3491 λόγον
3308 3417 3580 3491 σωτηρίας
3643 3420 3720 3490 μή

2076 3509 2204 3573 δοὺς
2259 3515 2381 3574 τοῖς
2436 3507 2658 3584 ἐχθροῖς
2715 3512 3048 3585 προσφυγεῖν
3132 3501 3407 3577 ἐϐιάσατο,
3454 3504 3507 3561 ἐν
3543 3507 3624 3569 οἷς
3654 3508 3723 3577 ἧν

2077 3600 2354 3673 Εὐθῦμιος
2413 3596 2714 3673 σπάθάριος
2775 3595 3107 3671 μηχανικός,
3153 3597 3234 3668 [Ρ.
3292 3596 3421 3669 479]
3475 3593 3726 3659 Στάσεως

2078 3687 2136 3745 δὲ
2162 3686 2246 3745 ἐπ’
2275 3686 2422 3760 αὖτῷ
2468 3685 2790 3762 γινομένης,
2850 3683 3051 3761 δώροις
3107 3684 3235 3747 τοὺς
3298 3684 3556 3748 πλείονας
3590 3684 3724 3740 ὑπο·

2074 3777 2283 3854 κλέψας
2337 3776 2557 3853 ὕστερον
2641 3776 2881 3833 ἐκάκωσε
2960 3772 3257 3850 δημεύσεσι
3332 3774 3422 3830 καὶ
3492 3773 3727 3848 ἐξορίαις

2075 3863 2502 3926 καθυποϐαλὼν.
2565 3866 2913 3943 Σκεψάμενος
2969 3862 3025 3920 δὲ
3090 3868 3420 3921 ταπεινῶσαι
3448 3865 3515 3920 τά
3565 3885 3727 3941 στρα-

2073 3962 2338 4035 τεύματα,
2397 3964 2554 4016 ποῖον
2615 3956 2787 4014 δεινὸν
2838 3958 2975 4014 κατά
3029 3958 3401 4030 Χριστιανοῶν
3449 3957 3550 4013 οὒκ
3600 3954 3731 4012 ἐπε-

2075 4051 2240 4121 νόησε
2285 4051 2447 4124 (39);
2541 4047 2842 4124 Προσέταξε
2897 4048 3000 4123 γὰρ
3065 4045 3194 4110 τοὺς
3252 4046 3607 4121 Χριστιανοὺς
3668 4045 3728 4102 ἐκ

2076 4141 2277 4204 παντὸς
2317 4140 2549 4213 θεματος
2606 4135 2696 4193 ἒπὶ
2759 4137 2858 4200 τὰς
2911 4130 3238 4198 Σθλαϐινίας
3301 4136 3726 4207 μετοικίζεσθαι,

2077 4231 2172 4293 τὰς
2203 4227 2260 4286 δὲ
2287 4229 2496 4286 τούτων
2547 4228 2761 4291 στάσεις
2813 4225 3235 4302 πιπράσκεσθαι·
3294 4225 3385 4281 καὶ
3441 4227 3510 4296 ἦν
3547 4225 3729 4301 αἰχμο

2078 4319 2320 4383 αλωσίας
2348 4319 2452 4374 οὐκ
2479 4314 2707 4374 ἔλαττον
2735 4317 2799 4372 τὸ
2852 4319 3101 4393 πρᾶγμα·
3136 4316 3222 4372 Ἐν
3282 4313 3573 4394 ἀμηχανία
3598 4314 3728 4380 τοὺς

1509 4422 1871 4479 XYLANDRI
1909 4424 1996 4478 ET
2034 4422 2253 4478 GOARI
2290 4420 2514 4476 NOTAE.

391 4523 505 4593 (38)
536 4525 684 4578 Ante
712 4522 839 4577 haec
861 4521 1039 4577 verba
1068 4521 1228 4578 haud
1259 4522 1435 4578 dubie
1468 4521 1697 4593 aliquid
1728 4522 1963 4578 excidit.
2001 4526 2044 4590 ι)
2077 4522 2400 4579 Concaratae
2429 4517 2726 4593 monachus
2756 4524 2808 4593 et
2838 4516 3046 4593 abbas.
3084 4514 3631 4593 qui_iussu_Ta_ras_ii
3676 4515 3731 4593 vi

319 4597 464 4651 Nam
486 4610 682 4665 neque
701 4594 993 4666 Josephus
1010 4610 1353 4650 oeconomus
1380 4610 1573 4666 neque
1601 4596 1968 4666 Nicephorus

322 4665 1970 4757 astriessese}!assesiesssorﬂisrss“spe-iiancha

331 4736 682 4793 Theodotam
708 4753 742 4791 a
766 4737 1152 4792 Constantino
1175 4736 1713 4794 renudiataMarina
1731 4738 1968 4794 ductam

324 4810 648 4864 coronavit.
683 4808 796 4862 Sed
842 4808 970 4879 jam
1021 4814 1147 4862 tum
1203 4808 1511 4864 Platonem
1556 4812 1977 4865 communione

322 4882 542 4937 Tarasii
566 4879 866 4953 abstinere
896 4880 1145 4953 cmpissc
1168 4880 1393 4953 scribit,
1427 4898 1784 4953 rursumque
1804 4883 1976 4937 Nice-

320 4954 493 5025 phori
526 4951 1009 5025 subrogationem
1032 4950 1246 5025 deinde
1269 4952 1658 5023 improbasse,
1688 4950 1974 5009 nimirum

320 5021 646 5081 ambitione
678 5021 1002 5094 impulsum
1030 5039 1043 5089 ;
1077 5021 1236 5093 quod
1256 5021 1508 5081 Zonaras
1540 5042 1661 5081 non
1693 5027 1973 5082 dissimu-

319 5097 422 5153 lat.
464 5099 611 5170 Ergo
644 5096 987 5170 imperator.
1022 5095 1123 5166 qui
1172 5100 1309 5170 ante
1365 5096 1438 5151 ob
1496 5097 1811 5153 dissidium
1836 5115 1970 5154 cum

317 5167 565 5225 Tarasio'
616 5170 771 5222 hunc
831 5169 1138 5221 Platonem
1188 5167 1368 5221 sciret
1413 5184 1448 5222 a
1477 5171 1862 5225 Constantino
1908 5170 1970 5225 in

318 5257 616 5296 carcerem
650 5237 833 5309 ‘quod
871 5240 1173 5293 annotavit
1220 5237 1401 5308 idem)
1453 5242 1810 5310 conjectum,
1844 5248 1970 5297 tum

318 5329 553 5384 quoque
578 5313 651 5367 de
681 5329 751 5366 eo
782 5326 917 5366 cum
951 5311 1126 5384 sociis
1156 5310 1396 5365 tandem
1429 5311 1725 5382 ejiciendo
1756 5330 1862 5384 per
1882 5330 1973 5369 oc-

317 5382 619 5440 casionem
640 5384 784 5455 egit.
803 5382 1096 5454 Josephus
1128 5388 1327 5455 autem
1361 5399 1707 5455 mconomus
1729 5382 1871 5455 quid
1897 5384 1972 5440 ad

318 5471 448 5510 eam
479 5473 604 5511 rem
638 5453 1007 5527 conduxerit,
1032 5470 1152 5509 non
1178 5453 1382 5525 liquet.
1415 5454 1553 5510 XvL.
1578 5486 1645 5495 —
1676 5453 1919 5527 Proprie
1953 5472 1966 5510 :

318 5528 467 5596 quod
494 5530 559 5582 is.
585 5529 910 5582 adversante
930 5526 1109 5595 legum
1129 5542 1413 5580 sacrarum
1435 5527 1587 5595 jure.
1623 5526 1974 5597 nuptnlihus

317 5601 532 5668 coronis
564 5598 838 5667 impositis
868 5598 1288 5653 Constantinum
1319 5605 1370 5651 et
1403 5598 1743 5653 Theodotum
1773 5601 1970 5668 conju-

317 5667 411 5750 gio
444 5669 762 5750 copulasset.
786 5670 911 5750 ijlon
943 5669 1004 5750 is.
1025 5669 1151 5750 ipse
1183 5685 1319 5750 vero
1338 5669 1716 5750 .Nicephorus
1748 5667 1972 5742 nuptiis

316 5736 593 5813 interfuit
638 5744 740 5794 aut
793 5736 1120 5808 benedixit,
1170 5740 1274 5813 sed
1330 5736 1623 5813 Iosephus
1662 5736 1972 5799 asconomus

318 5810 391 5869 ab
448 5815 692 5867 auctore
771 5815 1012 5866 vocatus
1044 5852 1060 5881 ,
1119 5827 1155 5868 a
1208 5810 1569 5885 The0phane
1645 5816 1973 5872 monasterii

2078 4609 2113 4649 a
2141 4591 2528 4649 Constantino
2559 4590 2851 4662 compulsi
2882 4588 3173 4662 nuptialis
3197 4587 3632 4662 benedictionis
3659 4588 3734 4662 ri-

2079 4670 2205 4721 tum
2238 4669 2328 4721 est
2356 4660 2909 4729 exsecutus—Quem
2943 4661 3084 4731 quia
3112 4660 3478 4731 Nicephorus
3509 4660 3731 4715 Tarasii

2084 4752 2393 4792 successor
2433 4741 2491 4790 et
2547 4735 2743 4790 fautor
2798 4739 3255 4805 protegeretiac
3313 4732 3731 4805 ecclesiasticae

2084 4807 2524 4864 communionis
2581 4807 2807 4862 socium
2861 4804 3101 4871 faceret,
3156 4804 3322 4858 Plato
3374 4809 3433 4857 et
3485 4804 3731 4858 Studitaa

2081 4880 2383 4949 monachi,
2416 4879 2688 4934 nefandae
2718 4878 2881 4932 illius
2912 4876 3140 4949 copulae
3164 4874 3431 4949 perpetui
3455 4875 3732 4949 adversa-

2081 4952 2174 5015 rii,
2207 4947 2377 5007 velut
2405 4950 2789 5006 ecclesiastici
2814 4949 2971 5020 juris
3003 4947 3369 5020 violaturemg
3409 4947 3728 5012 habebant,

2080 5040 2190 5080 nec
2210 5023 2402 5078 ullum
2416 5023 2703 5093 deinceps
2735 5019 3088 5093 saeramenti
3116 5019 3480 5074 consortium
3503 5036 3636 5093 cum
3658 5034 3729 5073 eo

2080 5095 2172 5151 vel
2202 5112 2335 5151 cum
2365 5090 2695 5166 Nicephoro
2741 5092 2999 5166 retinere
3057 5090 3466 5166 decreverunt.
3503 5092 3606 5166 His
3632 5096 3730 5145 at-

2079 5168 2260 5223 tentis
2285 5162 2816 5233 cuncta'Xylandri
2863 5163 3177 5218 diluuntur
3232 5162 3430 5218 dubia.
3468 5163 3731 5233 quidque

2078 5241 2140 5294 in
2174 5256 2243 5294 eo
2273 5239 2548 5309 coniugio
2579 5234 2868 5308 Iosephus
2899 5235 3243 5309 praestiterit
3286 5234 3494 5309 liquet.
3513 5234 3732 5309 Modus

2079 5328 2257 5393 porro
2288 5307 2570 5393 loquendi
2606 5309 2677 5393 d‘e
2709 5307 2932 5393 nuptiis
2990 5307 3099 5362 sub
3157 5307 3558 5362 coronationis
3589 5320 3730 5360 voce

2081 5381 2297 5438 iterum
2326 5381 2748 5437 observandus.
2783 5383 2955 5436 GOAR'

2152 5457 2261 5525 (39)
2292 5455 2476 5509 Paulo
2509 5458 2660 5524 post,
2703 5470 2839 5508 cum
2872 5450 3175 5525 Cedrenus
3220 5449 3425 5505 decem
3470 5451 3733 5525 invectas

2081 5522 2331 5597 imperio
2358 5522 2726 5580 calamitates
2766 5542 2801 5580 a
2833 5524 3160 5597 Nicephoro
3193 5529 3505 5597 memorat,
3528 5522 3731 5597 ilibra-

2079 5594 2204 5652 rius
2235 5597 2545 5653 annotavit
2574 5597 2682 5653 sub
2703 5613 2773 5651 eo
2805 5612 3044 5666 quoque
3076 5594 3279 5649 decem
3306 5594 3506 5664 plagas
3527 5595 3732 5666 Roma:

2081 5686 2296 5724 norum
2330 5669 2581 5741 imperio
2612 5662 3317 5741 immissasﬂrespiciens‘
3338 5662 3623 5741 nimirum
3654 5662 3732 5741 ad

2079 5734 2435 5814 {Egyptiasf
2458 5739 2728 5814 "Qpa_xui
2786 5734 3269 5814 unohNtxﬂpdpou
3326 5739 3394 5811 τῇ
3454 5734 3734 5811 Ῥωμανίᾳ

2085 5809 2465 5887 ἐπενεχθεῖσαν
2505 5809 2873 5888 δεκάπληγον.
2903 5810 3050 5868 XYL.
