4112 6420
343 437 461 499 921

341 571 553 631 πάντας
605 569 924 645 γεγονότας,
1011 565 1262 646 δευτέραν
1335 569 1426 625 σὺν
1505 568 1675 646 ταύτῃ

352 656 647 737 προσέταξε
731 655 1111 734 στρατεύεσθαι
1196 659 1482 734 πτωχοὺς,
1561 659 1652 715 καὶ
1731 656 2015 729 ἐξοπλίζε-

350 762 478 815 σθαι
543 747 741 811 αὐτοὺς
806 748 953 824 παρᾶ
1017 754 1127 805 τῶν
1220 749 1560 824 ὁμοχώρων,
1654 749 2014 825 παρεχόντων

350 840 456 895 ἀντὶ
485 839 557 909 ιη’
585 837 899 912 νομῖσματα
938 837 1029 893 καὶ
1085 837 1224 913 πρὸς
1275 838 1370 894 τὸν
1430 835 1697 911 δκμὸσιον
1736 835 2014 911 ἇλληλεγ-

348 929 501 999 γύως
529 928 599 984 τὰ
629 926 874 1001 δημόσια
916 929 1117 985 αὐτῶν.
1178 929 1342 1004 Τρίτῃ
1403 929 1666 984 κακόνοεα
1721 926 2014 983 ἓποπτεόε-

350 1030 477 1084 σθαι
508 1018 736 1087 πάντας,
782 1018 873 1075 καὶ
933 1012 1349 1088 ἀνα6;ὅάζεσθαι
1386 1019 1456 1074 τὰ
1509 1019 1717 1074 τούτων
1775 1015 2017 1090 δημόσια

349 1108 518 1180 τέλη,
574 1110 920 1185 παρέχοντας
969 1109 1064 1164 καὶ
1119 1111 1482 1184 χαρτιατικοῦ
1541 1109 1652 1183 (40)
1705 1105 1862 1163 ’ἑνεκα
1916 1105 2019 1161 ἀνὰ

350 1200 580 1275 κεράτια
629 1197 748 1257 δύο.
818 1199 1065 1275 Τετάρτῃ
1154 1195 1375 1273 πληγὴ,
1463 1198 1591 1261 τοὺς
1675 1194 2018 1278 κουφισμοὺς

350 1291 558 1354 πάντας
599 1285 1024 1360 ἆναϐιϐάζεσθαι
1078 1290 1397 1367 προσέταξε.
1456 1291 1689 1364 Πέμπτη
1739 1287 2015 1368 συμφορὰ,

347 1382 480 1445 τοὺς
507 1384 619 1437 τῶν
647 1380 854 1457 εὗαγῶν
903 1375 1072 1435 οἴκων
1133 1378 1454 1455 παροίκους,
1512 1382 1612 1435 τοῦ
1667 1399 1726 1435 τε
1784 1378 2018 1455 ὀρφανο-

348 1472 639 1551 τροφείου,
670 1470 933 1541 ξενώνων,
987 1469 1413 1546 γηρωκομείων,
1463 1468 1796 1541 ἐκκλησιῶν,
1849 1488 2015 1542 μονα.

350 1559 617 1636 στηρίων,
680 1559 1006 1635 βασιλικῶν,
1065 1560 1132 1615 τὰ
1193 1559 1436 1616 καπνικᾶ
1491 1561 1605 1634 (41)
1674 1559 2014 1614 ἀπαιτεῖσθαι

352 1650 463 1707 ἀπὸ
492 1655 591 1706 τοῦ
616 1650 841 1726 πρώτου
869 1643 1025 1714 ἔτους
1061 1653 1163 1716 τῆς
1215 1648 1385 1706 αὐτοῦ
1445 1645 1788 1726 τυραλνίδος,
1838 1648 1905 1703 τά
1959 1643 2018 1703 δὲ

352 1738 638 1815 κρείττονα
663 1743 776 1794 τῶν
818 1740 1113 1811 γτημάτων
1169 1739 1246 1800 εἷς
1304 1741 1404 1807 τήν
1463 1737 1756 1815 βασιλικὴν
1814 1757 2015 1813 κουρα-

351 1827 582 1904 τωρείαν
616 1828 731 1903 (42)
765 1825 1134 1902 αἶ’ρισθαι,τὰ
1195 1824 1377 1901 μέντοι
1427 1826 1561 1898 τέλη
1614 1828 1794 1883 αὐτῶν
1843 1825 2016 1882 ἐπιτί-

1503 435 2042 501 HISTORIARUM
2090 434 2631 499 COMPENDIUM

1768 567 2005 625 κάκωσιν
2037 569 2091 639 Α
2118 574 2408 641 praeterea
2437 569 2711 643 publicus
2743 584 2950 626 eorum
2982 568 3227 626 nomine
3278 570 3657 642 penderetur.
3712 571 3776 628 Id

3653 438 3774 499 922

2123 659 2536 732 Allelengyum
2567 660 2907 730 vocabatur,
2935 660 3096 732 quod
3127 660 3295 715 alteri
3322 676 3427 731 pro
3449 661 3654 716 alteris
3681 661 3784 716 tri-

2122 748 2250 804 buti
2273 751 2517 805 nomine
2534 766 2855 821 sponsores
2876 753 3094 806 essent.
3118 750 3312 805 Tertio
3335 750 3782 806 omniumhona

2123 839 2338 911 inspici
2380 839 2637 912 indeque
2667 857 2913 897 censum
2946 840 3007 896 in
3040 840 3344 912 publicum
3378 839 3530 913 exigi
3574 840 3778 911 jussit,

2124 929 2370 985 nomine
2410 930 2743 986 chartialici
2790 936 3079 1003 praeterea
3128 930 3347 986 exactis
3399 930 3460 984 in
3510 929 3781 1003 singulos

2125 1018 2357 1075 duobus
2379 1020 2629 1075 ceratiis
2644 1021 2863 1085 Quarto
2885 1038 3095 1077 omnes
3117 1036 3364 1077 onerum
3382 1019 3780 1075 relexationes

2124 1109 2384 1166 sustulit.
2408 1109 2625 1175 Quinta
2653 1111 2981 1178 calamitas,
3010 1109 3168 1183 quod
3199 1110 3271 1166 ab
3292 1110 3571 1166 omnibus
3594 1109 3780 1165 sacris

2125 1199 2374 1267 aedibus,
2436 1200 2731 1271 paruaciis,
2790 1201 3033 1273 pupillis
3092 1200 3417 1257 educandis
3483 1199 3780 1255 destinata

2125 1289 2324 1359 domo,
2347 1289 2765 1361 hospitalibus,
2798 1291 2873 1346 ad
2902 1306 3075 1345 senes
3105 1289 3387 1346 fovendos
3419 1289 3589 1346 factis
3638 1288 3781 1343 aedi-

2125 1377 2263 1443 bus,
2294 1379 2616 1434 fumarium
2647 1378 2935 1435 tributum
2968 1382 3160 1453 exegit
3192 1378 3329 1434 inde
3360 1377 3432 1434 ab
3489 1378 3659 1434 initio
3689 1377 3781 1433 sui

2125 1468 2384 1541 imperii.
2422 1469 2664 1526 Meliora
2696 1470 2768 1526 de
2800 1487 3003 1527 eorum
3041 1470 3213 1526 bonis
3245 1470 3307 1526 in
3342 1470 3552 1526 fiscum
3602 1486 3777 1524 suum

2125 1558 2734 1632 transferrijubebat:
2759 1562 3152 1617 nihilominus
3174 1567 3373 1616 tamen
3397 1560 3686 1615 tributum
3708 1559 3778 1614 de

2126 1648 2220 1704 his
2252 1648 2632 1721 pendendum
2667 1651 2739 1707 iis
2770 1651 3190 1723 imponebatur
3211 1668 3340 1723 quae
3364 1651 3688 1722 reliquerat
3718 1650 3779 1704 in

2124 1740 2199 1797 iis
2230 1741 2373 1813 ipsis
2403 1743 2589 1798 sacris
2618 1743 2913 1807 domibus,
2950 1750 3016 1799 ut
3047 1744 3249 1799 multis
3272 1743 3559 1798 tributum
3583 1740 3782 1814 dupli-

2126 1838 2382 1902 caretur,
2415 1833 2656 1889 interim
2684 1833 3156 1889 habitationibus
3186 1834 3272 1889 ita
3323 1832 3664 1895 exinanitis,
3715 1836 3783 1887 ut

359 1919 542 1973 θεσθαι
590 1921 708 1979 τοῖς
766 1915 1183 1990 ἐναπομείνασιν
1240 1917 1319 1978 εἰς
1373 1917 1502 1980 τοὺς
1556 1914 1755 1978 αὐτοὺς
1807 1914 2015 1990 εὐαγεῖς

2133 1920 2265 1976 inde
2281 1922 2571 1996 emigrare
2593 1923 2746 1979 838
2764 1923 3387 1996 cogerentur.Sextum
3403 1921 3779 1995 tyrannicum

358 2005 564 2076 οἷ’κους,
597 2007 672 2070 ὡς
701 2003 1032 2063 διπλοῦσθαι
1076 2005 1310 2063 πολλῶν
1361 2008 1429 2062 τὰ
1481 2007 1641 2078 τὲλη,
1697 2011 1806 2062 τῶν
1858 2005 2012 2076 οἰκή-

359 2118 495 2153 σεων
551 2094 947 2171 στενουμένων,
1006 2097 1100 2154 καὶ
1153 2102 1261 2154 τῶν
1334 2098 1564 2177 χωρίων
1621 2098 1713 2153 καὶ
1765 2095 2010 2170 ἐξοικεῖν.

356 2187 527 2259 ’Βκτη
572 2186 848 2263 τυραννὶς,
906 2189 1226 2243 σκοπεῖσθαι
1282 2187 1428 2260 παρὰ
1482 2191 1590 2243 τῶν
1647 2185 2014 2262 στρατηγούνο

355 2300 468 2335 των
515 2279 642 2341 τοὺς
695 2278 909 2355 ἀθρόως
965 2278 1025 2334 ἐκ
1080 2285 1185 2349 τῆς
1243 2277 1526 2359 πτωχείας
1584 2279 2015 2348 ἀνακτισθέντας,

358 2368 455 2425 καὶ
514 2370 849 2426 ἀπαιτεῖσθαι
911 2371 1177 2446 χρήματα
1243 2369 1318 2433 ὡς
1408 2370 1625 2446 εὗρετᾶς
1705 2369 2015 2443 θησαυρῶν.

358 2453 602 2533 ⁹λειϐδόμη
645 2458 908 2530 κάκωσις,
965 2464 1094 2522 τοὺς
1149 2458 1257 2535 πρὸ
1315 2459 1363 2515 κ’
1435 2477 1655 2535 χρονων
1716 2457 2018 2535 εὑρηκότας

350 2550 445 2607 καὶ
502 2550 670 2626 μέχρι
727 2558 827 2621 τῆς
882 2547 1040 2626 δεῦρο
1108 2550 1266 2606 πίθον
1330 2547 1367 2620 ἤ
1427 2554 1620 2613 σκεῦος
1687 2550 1869 2605 ὁτιοῦν
1927 2547 2018 2603 καὶ

354 2640 551 2703 αὐτοὺς
636 2638 1092 2717 ἐξαργυρίζεσθαι.
1182 2636 1383 2716 Ὀγδὸη
1470 2637 1676 2712 ἀδικία,
1760 2639 1890 2701 τοὺς
1956 2638 2020 2692 ἒκ

355 2730 594 2787 πάππων
648 2730 682 2801 ἢ
742 2731 1093 2806 προπάππων
1147 2728 1676 2804 κληρονομήσαντας
1728 2725 2018 2803 διαιρεθὲν-

354 2842 456 2884 τας
488 2820 550 2877 ἐκ
585 2826 696 2877 τῶν
751 2819 928 2876 αὐτῶν
979 2827 1025 2876 κ’
1086 2821 1302 2896 χρόνων
1356 2815 1728 2891 ἐξαναδιδόναι
1780 2822 1861 2891 τῷ
1917 2814 2020 2889 δη-

364 2909 566 2987 μοσίῳ,
629 2911 722 2966 καὶ
783 2910 916 2975 τοὺς
1009 2907 1364 2985 ὠνησαμένου
1456 2903 1560 2980 ἔξω
1624 2915 1725 2979 τῆς
1777 2903 2019 2966 ’Δϐύδου

362 3003 591 3075 σώματα
640 3000 880 3057 οἰκετικὰ
930 3000 1028 3056 ἀνὰ
1074 2997 1170 3057 δύο
1216 3001 1530 3076 νομίσματα
1573 2998 1791 3056 τελέσαι
1848 3018 2016 3076 προσ-

364 3092 535 3161 έταξε,
589 3090 830 3165 μάλιστα
883 3088 1011 3152 τοὺς
1074 3090 1212 3148 κατᾶ
1275 3091 1378 3161 τήν
1435 3087 1821 3160 Δωδεκάνησον
1880 3090 2015 3162 (43).

368 3183 591 3252 Ἐννάτη
648 3180 941 3254 παράνοια,
1010 3179 1139 3244 τοὺς
1225 3179 1322 3243 τᾶς
1404 3177 1879 3255 παραθαλασσίους
1935 3178 2020 3232 oi-

368 3275 610 3343 κοῦντας,
657 3268 900 3344 μάλιστα
960 3276 1063 3340 τῆς
1117 3274 1315 3345 μικρᾶς
1381 3269 1595 3340 Ἀσίας,
1652 3266 2016 3343 ναυκλήρους,

370 3336 668 3435 μηδέποτε.
720 3364 1039 3437 γηπονικῶς
1119 3336 1421 3431 δήσαντας,
1490 3360 1720 3421 ἄκοντας
1777 3360 2024 3414 ὠνεῖσθαι
2056 3336 2099 3403 C

364 3449 430 3506 ἐκ
475 3455 583 3505 τῶν
636 3450 1096 3527 καθαρπαγέντων
1155 3451 1285 3526 παρ’
1343 3449 1511 3505 αὐτοῦ
1568 3448 1889 3523 κτημάτων,
1947 3447 2022 3511 ὡς

362 3540 427 3594 ἄν
469 3538 809 3613 ἐκτιμηθῶσι
866 3540 997 3615 παρ’
1052 3539 1251 3596 αὐτῶν.
1312 3539 1517 3609 Δεκάτη
1559 3538 1734 3610 ἆθεῒα,
1785 3536 1914 3602 τοὺς
1965 3535 2017 3593 ἐν

367 3625 946 3688 Κωνσταντινουπόλει
1006 3628 1315 3703 ἐπισήμους
1380 3626 1731 3704 ναυκλήρους
1788 3648 2021 3704 συναγα-

361 3720 481 3796 γὼν
540 3716 771 3775 δέδωκεν
831 3716 921 3774 ἐπὶ
978 3717 1129 3791 τόκῳ
1195 3718 1590 3794 σετρακεράτου
1655 3717 1718 3774 τὸ
1774 3719 2023 3791 νόμισμα

361 3811 464 3867 ἀνὰ
518 3809 748 3886 χρυσίου
807 3806 1003 3883 λίτρας
1082 3806 1317 3882 δώδεκα,
1402 3807 1698 3872 τελοῦντας
1781 3808 1875 3864 καὶ
1954 3807 2023 3864 τὰ

361 3903 575 3973 συνήθη
604 3898 920 3976 κομμὲρκια
1150 3901 1334 3958 Ταῦτα
1380 3897 1441 3955 ἑκ
1484 3903 1592 3956 τῶν
1653 3895 1886 3954 πολλῶν
1946 3896 2020 3961 ὡς

2126 2011 2654 2085 institutum,quod
2677 2028 2710 2067 a
2726 2011 3306 2085 prietoribusinspici
3322 2028 3417 2068 res
3440 2028 3643 2067 eorum
3652 2011 3782 2082 jus-

2126 2100 2203 2156 sit
2233 2101 2334 2172 qui
2366 2118 2439 2156 ex
2470 2103 2752 2175 pauperie
2781 2102 2977 2158 subito
3008 2101 3081 2158 ad
3104 2119 3245 2175 opes
3266 2099 3774 2173 pervenissent,ab

2125 2190 2339 2263 iisque,
2372 2192 2553 2248 veluti
2585 2194 2684 2264 qui
2714 2194 3028 2249 thesauros
3050 2192 3436 2259 invenissent,
3460 2189 3776 2264 pecuniam

2124 2281 2439 2353 postulari.
2496 2282 2849 2355 Septimum,
2908 2283 3068 2355 quod
3125 2282 3394 2338 emunxit
3442 2282 3621 2337 etiam
3670 2280 3779 2336 hos

2127 2370 2395 2443 pecunia.
2408 2371 2508 2442 qui
2531 2372 2788 2445 aviginti
2808 2378 2965 2427 retro
2987 2372 3160 2428 annis
3190 2371 3264 2428 ad
3296 2387 3557 2444 praesens
3590 2386 3778 2442 usque

2126 2466 2364 2532 tempus
2396 2461 2622 2516 dolium
2654 2466 2756 2517 aut
2786 2478 2884 2517 vas
2911 2461 3156 2533 aliquod
3187 2460 3509 2533 aliquando
3531 2459 3783 2532 reperis-

2128 2556 2281 2606 sent.
2311 2551 2613 2614 Octavum,
2637 2551 2739 2621 qui
2763 2550 2836 2606 ab
2863 2550 2985 2607 avis
3007 2550 3092 2606 vel
3117 2550 3350 2622 proavis
3372 2549 3781 2605 hmreditatem

2126 2639 2553 2711 percepissent,
2588 2639 2699 2695 etsi
2730 2636 2812 2696 ea
2845 2639 3032 2696 divisa
3068 2639 3200 2713 jam
3250 2639 3389 2695 inde
3420 2656 3455 2695 a
3485 2643 3552 2694 20
3605 2640 3780 2695 annis

2126 2735 2305 2799 esset,
2337 2745 2438 2785 eos
2464 2730 2816 2802 pensionem
2846 2730 2909 2785 in
2936 2729 3239 2802 publicum
3264 2730 3535 2786 conferre
3565 2731 3775 2803 coegit.

2128 2818 2317 2889 thue
2342 2818 2384 2873 ii
2414 2818 2517 2889 qui
2549 2824 2718 2875 extra
2744 2819 3018 2891 Abydum
3051 2820 3348 2891 mancipia
3377 2818 3675 2885 emebant,
3706 2819 3779 2875 de

2126 2908 2377 2980 singulis
2408 2907 2524 2964 duo
2554 2909 2917 2965 nomismata
2947 2910 3263 2976 solverent,
3296 2910 3554 2966 maxime
3586 2908 3780 2965 Dode-

2127 3013 2406 3054 canesum
2443 2998 2549 3070 (ita
2578 2998 2892 3055 duodecim
2923 2998 3262 3056 insularum
3292 2999 3499 3057 civitas
3519 2999 3787 3071 vocatur)

2127 3089 2475 3146 incolentes.
2499 3091 2753 3159 Nonum,
2772 3090 3087 3148 naucleros
3111 3092 3429 3161 maritima,
3449 3091 3783 3164 praesertim

2128 3178 2377 3234 minoris
2401 3179 2579 3248 Asiaa,
2611 3180 3039 3247 inhabitantes,
3059 3186 3119 3236 et
3139 3198 3445 3254 nunquam
3469 3181 3785 3254 agricultu-

2127 3286 2256 3325 ram
2280 3270 2799 3341 expertos,invitos
2822 3272 3017 3345 coegit
3039 3288 3236 3327 emere
3264 3271 3630 3343 prcediaquaa
3649 3270 3786 3326 aliis

2132 3360 2258 3432 ipse
2282 3359 2868 3433 eripuerat,indeque
2888 3361 3173 3417 tributum
3194 3361 3441 3417 solvere.
3456 3360 3783 3425 Decimum,

2130 3449 2396 3506 illustres
2420 3450 2584 3522 Cpoli
2614 3450 2929 3507 naucleros
2962 3452 3024 3507 in
3044 3468 3232 3507 unum
3264 3451 3567 3520 conduxit,
3592 3451 3783 3521 iisque

2130 3540 2445 3596 duodecim
2478 3541 2693 3612 cuique
2716 3540 2901 3597 libras
2923 3541 3051 3597 auri
3067 3541 3315 3597 tradidit
3345 3559 3414 3597 ea
3445 3541 3593 3614 lege,
3625 3547 3693 3596 ut
3721 3540 3785 3595 in

2133 3630 2368 3704 singula
2397 3630 2761 3688 nomismata
2791 3648 2990 3689 usurae
3022 3632 3266 3688 nomine
3290 3639 3545 3704 quatuor
3565 3631 3789 3687 ceratia

2132 3721 2449 3789 solverent,
2468 3738 2603 3778 cum
2627 3721 3020 3779 nihilominus
3032 3721 3267 3795 reliqua
3288 3722 3466 3778 etiam
3480 3721 3790 3795 vectigalia

2130 3810 2500 3883 navigiorum
2513 3810 2587 3867 ab
2603 3811 2681 3866 iis
2698 3811 3269 3883 penderentur,Haac
3291 3827 3362 3867 ex
3381 3812 3589 3868 multis
3603 3827 3791 3882 pauca

2131 3900 2486 3972 compendio
2518 3901 2819 3967 annotavi,
2851 3918 2923 3957 ex
2943 3900 3160 3973 quibus
3185 3901 3314 3973 ejus
3342 3900 3418 3957 ad
3439 3916 3616 3956 omne
3637 3900 3791 3957 lucri

1569 4026 1934 4084 XYLANDRI
1975 4027 2062 4082 ET
2102 4025 2317 4082 GOABI
2351 4026 2575 4082 ΝΟΤλΕ.

440 4154 551 4227 (40)
581 4152 1006 4227 Chartiaticum
1036 4152 1181 4225 quid
1210 4154 1305 4222 sit,
1333 4170 1478 4211 sane
1506 4151 1735 4227 ignoro.
1786 4154 2021 4209 Fortas-

362 4229 450 4286 sis
479 4225 706 4284 exactio
755 4225 870 4281 fuit
916 4225 991 4281 ad
1038 4225 1554 4284 sustentationem
1584 4226 1912 4282 scribarum
1964 4230 2024 4281 et

362 4298 763 4363 cancellariaa,
796 4303 862 4353 ut
890 4303 1120 4353 vocant.
1152 4298 1288 4354 XvL.

436 4375 546 4442 (41)
594 4370 918 4426 Fumarium
969 4372 1253 4442 tributum.
1304 4371 1693 4427 Rauchsteuer.
1744 4371 1892 4426 Puto
1946 4368 2019 4425 de

362 4441 621 4517 singulis
638 4442 785 4498 focis
812 4446 1083 4497 exactum
1101 4441 1304 4517 fuisse,
1329 4443 1391 4498 in
1410 4443 1626 4517 quibus
1651 4442 1805 4517 ignis
1827 4444 2017 4499 fieret.

362 4460 619 4517 singulis
638 4460 785 4498 Iocis
812 4460 1083 4497 exactum
1101 4460 1304 4507 ruisse,
1329 4460 1391 4498 in
1452 4460 1626 4499 uinus
1651 4461 1659 4497 ι

362 4516 581 4573 Omnia
609 4516 737 4570 haec
767 4529 910 4569 sane
942 4519 1082 4568 sunt
1111 4513 1381 4569 obscura.
1410 4460 1583 4580 (δηθά
1626 4532 1659 4570 a

364 4588 601 4651 attinet,
637 4586 722 4641 sic
754 4585 973 4649 divino,
1012 4585 1261 4641 voluisse
1294 4603 1429 4641 eum
1459 4593 1522 4641 ut
1552 4587 1744 4658 quivis
1792 4587 1883 4641 avi
1931 4585 2023 4640 sui

364 4667 474 4717 aut
502 4658 698 4731 proavi
732 4658 910 4731 modo
957 4664 1319 4731 censeretur.
1353 4675 1420 4714 ac
1447 4658 1820 4731 tantumdem
1854 4664 2030 4731 atque

364 4732 473 4787 ille
503 4728 778 4786 solvisset
809 4728 1012 4783 tributi
1050 4728 1349 4800 penderet.
1381 4730 1613 4786 etiamsi
1646 4746 1850 4785 eorum
1874 4730 2031 4784 bona

369 4804 531 4859 inter
552 4802 1246 4885 vario_shmredes1livisa
1269 4801 1520 4884 singulis
1545 4804 1716 4885 longe
1736 4803 2029 4885 minorem

364 4891 614 4932 censum
639 4873 1135 4943 reliquissent.Ex
1154 4873 1401 4927 historia
1419 4873 1718 4931 cerularii.
1734 4874 2028 4929 decimam

363 4947 460 5030 sui
481 4947 851 5035 auripartem
867 4944 1428 5035 ademptis-reliquis
1441 4946 1682 5035 domum
1710 4948 2027 5035 referente,

364 5020 414 5075 si
453 5035 587 5073 cum
616 5016 841 5073 Zonara
881 5023 1278 5086 comparetur,
1330 5017 1624 5073 videbitur
1670 5033 1887 5073 aureus
1935 5016 2030 5070 vel

366 5091 665 5147 nomisma
696 5104 944 5144 aureum
978 5087 1208 5160 decima
1238 5088 1405 5143 libras
1437 5106 1575 5160 pars
1604 5089 1825 5156 fuisse;
1869 5088 2028 5160 quod

364 5163 483 5218 fuit
506 5160 934 5218 annotandum.
959 5159 1070 5215 Sed
1103 5165 1161 5214 et
1193 5160 1254 5214 in
1301 5159 1525 5216 Joanne
1570 5161 1874 5224 Tzimisca,
1923 5159 2026 5214 ubi

368 5234 685 5306 capnicum
718 5233 792 5288 ab
819 5249 892 5306 eo
920 5231 1202 5286 scribitur
1221 5232 1533 5288 abolitum.
1553 5232 2027 5288 animadvertere

366 5303 510 5363 licet
540 5305 780 5361 obolum
813 5303 993 5358 fuisse
1020 5310 1390 5371 argenteum.
1435 5308 1730 5359 nomisma
1753 5318 2024 5360 aureum.

367 5379 756 5449 Περισπασμόν
808 5374 1272 5449 sollicitudinem
1331 5377 1522 5442 verti;
1581 5375 1740 5448 quod
1797 5375 2030 5431 scilicet

363 5448 840 5507 humanisSimus
875 5448 1193 5519 imperaior
1224 5464 1343 5503 non
1376 5449 1654 5519 ignorans
1687 5463 2024 5519 curasicum

361 5522 577 5595 opibus
608 5520 844 5595 augeri,
865 5526 922 5573 et
950 5517 1280 5595 locupletes
1311 5520 1370 5573 in
1396 5517 1616 5595 magna
1637 5518 2021 5595 esse__sollici-

362 5590 955 5651 tudinecerularium
981 5590 1159 5645 istum
1186 5591 1437 5646 voluerit
1459 5590 2023 5658 molestialiberare,

358 5668 656 5741 privatum
693 5670 808 5741 tam
843 5662 1016 5741 anxie
1049 5663 1610 5741 possidendo_auro.
1648 5664 1784 5719 XvL.

434 5740 549 5867 $42}
585 5737 692 5804 Τήν
754 5731 1066 5809 Baetim-hv—
1109 5734 1520 5809 κουρατωρείαν
1580 5751 1702 5791 non
1759 5735 2027 5790 aerarium

485 5814 675 5867 ﬁscum
731 5805 1202 5867 quomodolibet,
1255 5807 1358 5864 sed
1409 5810 1696 5867 privatum
1732 5805 2026 5867 principis

359 5805 454 5867 vel
483 5805 675 5882 ﬁsrum
731 5805 1228 5879 quomodolibet,'
1255 5805 1382 5864 sed
1402 5810 1696 5879 privatum
1732 5805 2026 5880 principis

1752 4524 2023 4570 octavum
2058 4503 2101 4568 Ι)

2120 4150 2409 4223 peculium
2426 4165 2495 4206 ac
2522 4151 2834 4206 dominium
2854 4151 3237 4223 interpretor.
3256 4150 3447 4223 Hujus
3470 4150 3785 4223 praefectus

2129 4220 2436 4297 κουράτωρ,
2489 4220 3201 4297 ᾳᾼυβω-Ηίιινωβιιοήρυίυε
3256 4220 3556 4297 λογοθὲτην
3616 4228 3786 4277 vocat

2133 4295 2204 4350 de
2234 4290 2352 4367 ζιυο
2385 4290 2657 4367 ᾏιζᾶίῒιὶἂε
2689 4293 2729 4349 l.
2782 4310 2811 4346 v
2842 4315 2856 4353 ;
2914 4290 3235 4367 Ἀνάτόλιον
3260 4366 3265 4367 γ
3294 4290 3455 4367 μὸνον
3512 4290 3784 4367 φθαρῆναι

2130 4365 2348 4439 ξυνέϐη,
2381 4365 2643 4439 ἅνδραλτῇ
2693 4383 2751 4418 τι
2788 4367 2897 4439 τῶν
2938 4365 3173 4439 ’ὑπάτων
3219 4365 3339 4439 ἀξία
3392 4365 3784 4439 τετιμημένον,

2132 4432 2223 4514 καὶ
2254 4432 2390 4514 πρός
2417 4432 2497 4514 γέ.
2516 4437 2580 4492 τὸ
2610 4432 2871 4514 ἑρροντίᾷα
2898 4435 3138 4501 τίθεσθαι
3306 4432 3621 4514 ἐπιμέλειαν
3671 4432 3781 4514 τῶν

2174 4507 2407 4573 ασιλέως
2432 4507 2605 4589 ὀἴκων
2623 4507 2704 4562 ’τε
2726 4507 2837 4589 ,καὶ
2894 4514 3189 4589 κτημάτων
3216 4582 3231 4589 Α
3250 4507 3430 4589 ἀρχὴν
3486 4509 3780 4583 εἰληχότα,

2188 4531 2407 4573 ισιΛεως
2439 4531 2605 4565 οικων
2645 4531 2704 4562 τε
2746 4531 2837 4562 και
2894 4531 3189 4638 κτηματων
3250 4531 3430 4590 αρχην
3486 4531 3780 4583 ειΛηχοτα.

2188 4584 2505 4659 ουράτωρας
2644 4578 2872 4659 τούτους
2931 4600 2997 4659 κα
3042 4582 3509 4659 οὖσι-Ῥωμαῖοι.
3570 4588 3651 4638 Ac
3709 4598 3785 4637 ne

2137 4657 2211 4712 ab
2243 4654 2484 4712 auctore
2516 4654 2933 4729 discedamus:
2967 4656 3093 4728 ipse
3134 4656 3477 4729 pinguiores
3528 4659 3791 4729 agroset

2138 4729 2446 4808 uberiores
2478 4724 3007 4808 monasteriorum:
3027 4724 3459 4800 possessiones,
3506 4724 3792 4808 τὰίκριίττ

2135 4818 2262 4853 τονα
2291 4804 2397 4852 τῶν
2425 4818 2745 4872 κτηματων,
2788 4800 2849 4854 in
2884 4800 3106 4872 regiam
3148 4818 3318 4857 suam
3367 4804 3705 4858 curatoriam
3735 4804 3795 4853 et

2138 4872 2470 4927 dominium
2506 4870 2907 4941 Nicephorum
2940 4870 3219 4928 retulisse
3262 4873 3520 4929 dilncide
3570 4877 3792 4927 nairat.

2137 4945 2426 4999 Memorat
2468 4958 2707 5014 quoque
2738 4942 3127 5015 Theophanes
3158 4946 3218 4998 in
3250 4945 3585 5015 Justiniano
3605 4941 3802 5014 κουρά-

2133 5032 2287 5090 τιωρᾲα
2321 5018 2430 5067 τῶν
2471 5016 2912 5090 κουρατωρειῶνῇ,
2963 5022 3021 5090 et
3078 5016 3139 5090 in
3197 5016 3479 5090 Mauricio
3539 5014 3795 5088 Ἀριστό-

2137 5082 2341 5141 ϐουλον
2375 5082 2699 5160 κουρᾷτωρα
2727 5082 2836 5160 τῶν
2875 5083 3179 5160 βασιλικῶν
3210 5083 3403 5160 οἴκων.
3437 5082 3612 5160 GQAR.

2208 5160 2318 5232 (43)
2355 5156 2492 5215 Ruit
2520 5158 2617 5213 hic
2647 5156 2830 5232 simul
2859 5156 2994 5232 cum
3027 5157 3623 5232 Xylandri_versione
3654 5158 3796 5232 duo-

2134 5224 2310 5286 decim
2338 5232 2648 5286 insularum
2696 5229 2836 5284 ﬁcta
2880 5224 3096 5285 muas‘
3122 5230 3169 5286 si
3228 5224 3608 5297 Δωδεκάνησον
3660 5230 3794 5283 duo-

2134 5303 2309 5358 decim
2332 5303 2592 5372 Cyclades
2620 5300 2832 5355 insulas
2859 5305 3128 5373 (quarum
3157 5318 3275 5356 una
3293 5307 3419 5356 erat
3439 5300 3794 5373 praefectura

2135 5381 2195 5430 et
2223 5374 2555 5446 dispositioi
2599 5372 3012 5442 interpreteris
3054 5390 3238 5446 _qua_s
3291 5372 3502 5446 Strabo
3550 5388 3790 5446 quoque

2134 5444 2501 5501 duodenario
2528 5459 2777 5499 numero
2806 5444 3284 5517 comprehendit,
3307 5444 3524 5517 quibus
3550 5449 3609 5499 et
3638 5444 3789 5500 alias

2132 5517 2454 5574 accessisse
2485 5520 2786 5572 asseverat
2815 5514 2852 5568 l.
2887 5531 2940 5569 ι.
2977 5515 3150 5573 ϐοΑιι.

2204 5591 2319 5655 (44)
2353 5589 2813 5647 Commerciorum
2842 5588 3157 5654 vectigalia,
3192 5592 3252 5643 et
3298 5589 3520 5645 tributa
3567 5588 3790 5659 qumvis

2132 5678 2239 5733 pro
2261 5661 2547 5716 mercium
2582 5659 2987 5733 asportatione
3016 5659 3161 5733 ﬁsco
3195 5661 3531 5733 pendentia.
3566 5664 3789 5733 Auctor

2134 5724 2315 5807 supra
2344 5733 2405 5807 in
2436 5733 2604 5807 Irene
2625 5724 2913 5786 ε”Αϐύόου
2941 5729 3033 5785 καὶ
3062 5734 3161 5786 τοὸ
3198 5724 3382 5806 ’Ἰεροῦ
3422 5733 3492 5788 τὰ
3537 5730 3790 5807 κομμέρ-

2130 5802 2225 5858 κιᾶ
2248 5802 2521 5882 ἐκούφισε.
2555 5803 2737 5860 ϐοΑιι.
