4112 6460
327 452 444 512 923

1693 442 2009 506 GEORGII
2055 443 2401 508 CEDRENI

3633 455 3754 515 924

326 600 511 655 genus
541 586 1019 640 commentorum
1050 579 1360 652 multipiex
1403 577 1654 635 varietas
1707 577 1971 647 cognosci

2098 575 2151 633 ἐν
2188 577 2471 655 κεφαλαίῳ
2532 576 2701 655 μικρᾶ
2759 602 2855 654 μοι
2913 579 3417 664 ἐπηλογράφηται,
3476 581 3753 656 δηλοῦντα

325 673 535 746 possit.
569 674 895 730 Omisimus
925 670 1084 727 enim
1118 687 1263 742 quas
1295 670 1354 724 in
1388 684 1549 741 reg'a
1569 668 1715 725 urbe
1738 668 1982 736 summi,

328 764 509 820 medii
544 771 605 820 et
634 764 823 819 infimi
857 761 967 817 loci
1000 768 1177 832 atque
1235 759 1596 816 conditionis
1639 758 1984 814 hominibus

328 853 531 908 intulit
562 851 831 922 injurias,
866 850 1065 920 plures
1096 864 1273 920 quam
1307 853 1371 903 ut
1403 847 1689 919 prescribi
1729 847 1980 919 possint.

326 945 506 1014 Cujus
537 941 771 1014 generis
804 952 962 1000 sunt.
997 940 1156 1010 quod
1187 939 1434 994 divitum
1468 955 1668 995 servos
1691 938 1983 993 suborna-

325 1034 420 1092 vit.
457 1031 556 1101 qui
591 1030 735 1085 falso
788 1046 925 1084 suos
985 1030 1261 1085 dominos
1311 1029 1561 1084 crimine
1610 1032 1981 1095 accusarent,

325 1119 814 1191 delatoribusque
846 1120 1136 1175 honorem
1161 1119 1385 1183 habuit,
1413 1118 1712 1174 calumnia
1735 1119 1984 1173 circum-

321 1216 527 1265 ventos
557 1216 804 1283 argento
863 1209 1147 1266 multans.
1197 1208 1349 1274 Quin
1401 1214 1460 1264 et
1513 1225 1582 1265 eo
1634 1208 1978 1280 rapinarum

318 1299 609 1374 processit
624 1305 687 1354 ut
707 1298 1026 1370 quemdam
1046 1299 1198 1354 889
1220 1298 1415 1354 mellis
1442 1314 1713 1369 ceraeque
1737 1297 1977 1352 instito-

318 1407 445 1446 rem
476 1390 537 1444 in
567 1389 695 1444 foro
727 1388 1064 1462 degentem.
1098 1389 1199 1460 qui
1231 1405 1337 1444 suo
1371 1387 1574 1443 labore
1605 1386 1979 1442 sufﬁcientes

317 1481 429 1537 sibi
457 1496 599 1551 opes
631 1485 958 1551 paraverat.
991 1479 1066 1534 ad
1083 1495 1145 1534 se
1169 1486 1441 1536 vocatum
1462 1480 1709 1551 jusserit
1734 1494 1978 1533 manum

321 1574 497 1645 capiti
515 1573 898 1645 imperatoris
916 1573 1725 1645 imponere,itaqucjuratum
1746 1571 1978 1627 edicere

320 1671 607 1735 quantum
644 1662 975 1734 possideret
998 1663 1147 1717 auri.
1185 1664 1450 1733 Cumque
1498 1662 1548 1717 is
1579 1668 1816 1718 centum
1849 1661 1977 1717 auri

320 1754 506 1809 libras
540 1752 652 1809 sibi
688 1769 816 1808 esse
857 1752 1165 1816 fateretur,
1217 1753 1415 1808 statim
1466 1757 1532 1806 ut
1582 1768 1681 1807 eas
1741 1753 1983 1807 afferret

320 1842 638 1898 mandavit.
675 1843 797 1907 Quo
828 1842 998 1911 facto,
1034 1865 1062 1892 «
1095 1843 1387 1908 Quorsum
1435 1840 1649 1912 inquit,
1680 1839 1784 1894 tibi
1812 1838 1980 1895 solli-

319 1934 582 1989 citudine
614 1933 727 1988 ista
756 1949 906 2005 opus
939 1932 1074 1988 est?
1109 1932 1334 1988 Prande
1387 1948 1642 2000 mecum,
1700 1937 1974 1986 centum-

317 2041 431 2095 que
455 2022 916 2079 nomismatibus
943 2028 1137 2078 tecum
1154 2022 1395 2078 domum
1419 2021 1634 2078 ablatis
1656 2025 1972 2076 contentus

317 2120 463 2169 esto.
500 2135 527 2163 »

387 2205 561 2257 Auno
589 2202 621 2256 9
654 2200 778 2256 suis
808 2204 1020 2256 contra
1049 2199 1415 2256 Christianos
1446 2198 1801 2254 commentis
1846 2212 1971 2253 ma-

316 2293 405 2365 gis
438 2293 786 2365 magnisque
819 2291 1110 2359 incubuit,
1134 2292 1350 2364 impias
1371 2308 1549 2363 opum
1570 2290 1973 2363 inspectiones

317 2381 1039 2454 exercens,coemptiones
1061 2383 1314 2452 injustas
1337 2382 1601 2437 omuium
1620 2380 1970 2437 animalium

323 2473 633 2528 brutorum
667 2478 725 2527 et
771 2472 1024 2543 pecoris,
1085 2471 1523 2544 publicationes
1571 2470 1864 2525 bonorum
1917 2473 1975 2524 et

320 2564 543 2620 multas
587 2579 923 2635 procerum.
982 2579 1194 2619 usuras
1250 2561 1323 2617 de
1376 2561 1627 2634 navigiis
1684 2565 1971 2632 captatas,

320 2672 455 2710 cum
473 2653 711 2709 interim
734 2669 796 2708 re
820 2652 1067 2708 fmnebri
1091 2651 1226 2707 aliis
1249 2650 1970 2717 omnibusinterdixisset,

319 2744 553 2815 aliaque
584 2742 817 2798 infinita
848 2742 1005 2798 mala
1027 2742 1388 2815 excogitans,
1424 2758 1556 2813 quas
1596 2739 1974 2811 cupientibus

317 2850 414 2890 res
446 2840 640 2905 gestas
663 2832 1017 2903 compendio
1050 2846 1404 2903 cognoscere
1438 2829 1735 2885 molestus
1757 2830 1835 2884 sit
1879 2828 1975 2884 fu-

310 2929 507 2989 turus,
552 2923 601 2978 si
661 2922 794 2993 quis
850 2922 992 2977 velit
1049 2921 1387 2993 singulatim
1446 2935 1780 2976 recensere.
1840 2918 1975 2974 Fuit

322 3013 502 3068 etiam
535 3029 769 3067 summo
802 3010 997 3067 studio
1057 3011 1290 3066 deditus
1346 3010 1686 3065 Manicbmis
1738 3009 1811 3063 iis
1870 3008 1972 3079 qui

320 3119 480 3158 nunc
510 3100 837 3158 Pauliciani
871 3108 930 3156 et
957 3101 1277 3173 Athingani
1313 3101 1597 3156 dicuntur
1648 3116 1756 3171 per
1785 3099 1974 3171 Phry-

317 3194 473 3266 giam
506 3198 564 3247 et
596 3191 947 3263 Lycaoniam
981 3190 1332 3264 degentibus
1362 3197 1417 3245 et
1437 3189 1548 3246 sibi
1579 3189 1787 3245 vicinis
1810 3188 1971 3261 (inde

319 3283 478 3339 enim
512 3286 679 3337 ortus
736 3285 904 3347 erat),
968 3280 1225 3336 oraculis
1283 3297 1489 3336 eorum
1549 3285 1608 3335 et
1658 3279 1970 3335 sacriﬁciis

316 3372 601 3445 gaudens.
638 3370 681 3425 li
714 3386 852 3443 ergo
898 3370 1026 3442 ipso
1072 3370 1404 3441 imperante
1455 3369 1759 3426 licentiam
1810 3370 1967 3424 nacti

316 3479 424 3517 suo
458 3477 619 3516 more
654 3459 883 3515 vivendi
918 3459 1136 3514 multos
1180 3459 1371 3514 futilis
1417 3458 1641 3532 ingenii
1690 3457 1966 3513 homines

313 3551 561 3606 nefariis
613 3549 737 3605 suis
795 3548 1177 3621 Opinionibus
1246 3549 1599 3605 infecerunt.
1650 3547 1783 3603 Fuit
1841 3553 1967 3602 tum

315 3640 381 3695 in
439 3638 713 3694 exteriori
776 3638 1097 3694 columella
1181 3638 1456 3694 Nicolaus
1511 3637 1755 3709 quidam
1815 3636 1966 3690 falso

319 3727 585 3784 eremitaa
616 3728 858 3784 nomine
894 3727 1201 3800 praeditus.
1263 3727 1364 3798 qui
1424 3743 1559 3782 cum
1615 3727 1740 3782 suis
1789 3724 1968 3780 sociis

314 3835 467 3874 veras
515 3816 788 3891 religioni
840 3823 900 3874 et
955 3816 1308 3873 venerandis
1365 3813 1727 3887 imaginibus
1782 3813 1967 3885 impie

316 3908 767 3980 obloquebatur.
800 3912 909 3963 Eos
941 3908 1268 3979 imperator
1296 3906 1667 3977 amplectens
1714 3904 1969 3977 patriar-

318 3999 489 4055 cham
521 3998 784 4069 aliosque
816 3998 945 4070 pios
973 3996 1238 4053 vexabat.
1273 3997 1478 4067 Itaque
1516 3995 1578 4050 in
1626 3994 1782 4050 840
1830 4011 1968 4050 eum

319 4106 474 4160 saepe
534 4086 1015 4161 indignabundus
1059 4085 1395 4158 patriarcha
1439 4083 1846 4141 invehebatur.
1895 4085 1973 4139 At

316 4177 681 4249 Nicephorus
706 4193 987 4249 magnum
1020 4191 1093 4230 ex
1141 4174 1365 4229 mutuis
1408 4173 1561 4229 odiis
1604 4172 1972 4246 percipiebat

317 4267 586 4340 gaudium
614 4283 628 4333 ;
661 4274 844 4338 utque
872 4271 999 4321 erat
1027 4264 1362 4320 divinorum
1394 4279 1633 4319 eversor
1657 4262 1973 4319 mandato-

315 4375 472 4425 rum,
506 4357 765 4413 ludibrio
812 4355 1071 4411 habebat
1129 4370 1339 4410 omnes
1396 4355 1736 4426 proximum
1795 4370 1970 4410 suum

318 4445 632 4521 diligentes
661 4445 1049 4501 Christianos.
1084 4445 1274 4500 Duces
1315 4461 1551 4517 quoque
1600 4444 1970 4503 exercituum

310 4536 494 4609 jussit
524 4534 819 4608 episcopis
851 4540 910 4589 et
935 4534 1175 4590 clericis
1208 4535 1643 4607 mancipiorum
1676 4536 1806 4592 loco
1856 4535 1967 4607 uti,

315 4642 422 4696 pro
456 4642 563 4680 sua
618 4623 970 4680 auctoritate
1019 4624 1081 4681 in
1133 4623 1360 4679 aedibus
1413 4624 1851 4697 episcopalibus
1913 4629 1972 4681 et

2086 667 2152 722 τὸ
2182 668 2318 743 πρὸς
2348 674 2453 723 πᾶν
2512 665 2658 732 εἶδος
2716 669 3032 743 πλεονεξίας
3088 673 3256 729 αὐτοῦ
3313 673 3745 751 πολυμήχανον.

2088 759 2171 831 [Ρ.
2204 759 2333 831 480]
2360 759 2438 812 Τὰ
2477 757 2582 834 γὰρ
2640 760 2777 815 κατὰ
2829 762 2929 830 τήν
2991 760 3254 837 βασιλίδα
3306 770 3423 826 τοῖς
3476 764 3528 818 ἐν
3595 763 3745 821 τέλει

2087 849 2179 900 καὶ
2243 848 2430 920 μέσοις
2487 847 2577 903 καὶ
2635 848 2908 906 εὐτελέσιν
2989 850 3323 927 ἐνδειχθέντα
3409 852 3559 910 δεινὰ
3613 857 3745 931 παρ’

2086 934 2254 990 αὐτοῦ
2311 935 2449 1008 πέρα
2506 942 2833 1014 συγγραφῶν
2891 939 3017 997 ὅντα
3100 941 3504 1017 παρελίπομεν,
3591 945 3744 1008 ’ὁπως

2083 1023 2212 1086 τοὺς
2243 1026 2519 1099 πονηροὺς
2547 1031 2654 1082 τῶν
2711 1029 2939 1085 οἷ’κετῶν
2988 1027 3335 1087 καθυπέϐαλε
3393 1040 3755 1110 συκοφαντεῖν

2083 1112 2217 1178 τοὺς
2277 1115 2482 1170 ἑαυτῶν
2539 1113 2823 1180 δεσπότας.
2907 1120 3031 1175 ὅσοι
3115 1117 3333 1192 δηλαδὴ
3410 1122 3462 1178 ἐν
3516 1123 3744 1199 εὐπορίᾳ

2085 1200 2307 1279 ἔτυχον,
2342 1204 2470 1267 τοὺς
2501 1206 2595 1279 μὲν
2630 1204 3032 1275 διαϐάλλοντας
3062 1218 3232 1284 τιμῆς
3280 1212 3464 1284 ἀξιῶν,
3510 1214 3640 1279 τοὺς
3686 1212 3745 1271 δὲ

2088 1287 2566 1369 διαϐαλλομένους
2633 1295 3026 1374 ἐζαργυρίζων.
3083 1302 3245 1357 ’Ώοτε
3296 1302 3388 1357 καί
3459 1324 3584 1359 τινα
3637 1324 3737 1373 κη-

2089 1383 2383 1459 ρουλάριον
2444 1381 2573 1441 ὄντα
2625 1385 2677 1441 ἐν
2741 1392 2822 1461 τῷ
2877 1389 3052 1467 φόρῳ,
3121 1388 3339 1461 ἆνενδεῆ
3397 1393 3741 1468 τυγχάνοντα

2084 1472 2143 1528 ἐκ
2233 1472 2418 1529 πόνων
2512 1473 2685 1546 ἰδίων,
2783 1478 3278 1553 μεταστειλάμενος
3343 1482 3372 1536 6
3438 1484 3741 1562 παμφάγος

2084 1562 2239 1640 φησί·
2276 1583 2301 1614 ι
2332 1563 2431 1620 Θὶς
2472 1566 2573 1634 τήν
2620 1569 2784 1643 χεῖρά
2841 1589 2938 1624 σου
2991 1569 3079 1624 ἐπὶ
3143 1571 3246 1640 τὴν
3301 1570 3547 1648 κεφαλήν
3607 1593 3734 1644 μου,

2081 1654 2169 1709 καὶ
2205 1652 2410 1724 ὄμοσον
2472 1656 2641 1721 πόσος
2690 1657 2897 1734 χρυσός
2947 1658 3032 1714 σοί
3079 1657 3242 1717 ἐστιν.
3278 1684 3307 1712 ››
3334 1661 3398 1718 '0
3430 1657 3488 1716 δὲ
3546 1659 3739 1735 λίτρας

2082 1743 2272 1799 ἑκατὸν
2302 1742 2507 1812 ἐξεῖπεν
2537 1739 2707 1820 ἔχειν.
2755 1748 2816 1807 Ὀ
2854 1746 2912 1803 δὲ
2958 1748 3182 1825 ἀγαγεῖν
3231 1748 3430 1812 ταύτας
3478 1750 3598 1805 κατ’
3644 1749 3743 1805 αύ-

2078 1834 2182 1902 τήν
2223 1833 2324 1901 τὴν
2362 1833 2507 1909 ὥραν
2555 1834 2680 1915 ἔφη.
2731 1839 2827 1892 Ὧν
2877 1836 3210 1913 ἐνεχθέντων
3267 1839 3431 1919 φησὶν
3464 1840 3492 1894 6
3525 1838 3741 1894 ἐσκοτι-

2084 1925 2301 2000 σμένος·
2358 1928 2494 1985 «Σὺ
2548 1930 2603 1984 τί
2664 1929 2854 2004 χρείαν
2908 1926 3057 2003 ἔχεις
3114 1935 3539 2004 περισπασμοῖη
3599 1938 3741 1987 Συν-

2083 2018 2373 2091 αρίστησόν
2408 2039 2525 2093 μοι,
2555 2017 2646 2073 καὶ
2693 2016 2825 2094 ἄρας
2881 2019 3202 2094 νομίσματα
3256 2021 3447 2077 ἑκατὸν
3498 2021 3740 2096 πορεύου

2078 2105 2415 2181 ἀρκούμενος
2447 2109 2657 2171 αὐτοῖς.
2695 2132 2725 2160 ››

2150 2199 2241 2269 Τῷ
2296 2198 2341 2253 θ’
2397 2191 2504 2253 ἔτει
2559 2198 2656 2260 τὰς
2706 2199 2842 2254 κατὰ
2914 2203 3258 2272 Χριστιανῶν
3322 2198 3560 2262 ἐπινοίας
3609 2197 3736 2256 ἐπέ-

2076 2307 2268 2357 τεινεν,
2299 2285 2532 2362 ἐποψίας
2564 2287 2773 2355 ἀθέους,
2808 2288 3230 2367 ἐπαγορασμοὺς
3271 2288 3548 2346 παντοίων
3600 2287 3735 2346 ἁλό-

2079 2399 2191 2453 γων
2229 2378 2595 2454 βοσκημάτων
2626 2398 2686 2433 τε
2724 2378 2813 2433 καὶ
2871 2384 3115 2452 καρπῶν,
3167 2376 3390 2444 ἀδίκους
3439 2377 3735 2454 δημεύσεις

2078 2467 2167 2523 καὶ
2239 2467 2441 2540 ζημίας
2495 2472 2604 2523 τῶν
2660 2467 2713 2522 ἐν
2769 2466 2939 2539 τέλει,
3021 2469 3323 2544 τοκισμοὺς
3378 2466 3433 2524 ἐν
3510 2466 3735 2533 πλοίοις

2079 2560 2109 2614 6
2141 2563 2273 2614 πᾶσι
2301 2563 2611 2631 νομνθετῶν
2642 2559 2705 2615 τὸ
2737 2560 2814 2633 μή
2864 2560 3120 2631 τοκίζειν,
3169 2559 3259 2615 καὶ
3309 2557 3485 2622 ἄλλας
3543 2560 3738 2635 μυρίας

2078 2653 2260 2704 κακῶν
2314 2646 2570 2719 ἐπινοίας,
2630 2649 2705 2704 ὧν
2743 2651 2778 2719 ἡ
2813 2647 2951 2705 κατᾶ
3000 2647 3165 2725 μέρος
3224 2650 3439 2726 ἱστορία
3496 2650 3732 2726 φορτική

2078 2746 2198 2803 τοῖς
2237 2739 2687 2815 ἐπιτετμημένως
2720 2744 2942 2811 ζητοῦσι
2987 2741 3270 2814 μανθάνειν
3325 2743 3395 2796 τὰ
3436 2746 3734 2815 πράγματα

2079 2833 2302 2912 πέφυκε.
2335 2834 2458 2890 Τῶν
2520 2829 2577 2888 δὲ
2635 2833 2985 2911 Μανιχαίων,
3043 2837 3150 2887 τῶν
3203 2836 3296 2887 νῦν
3356 2831 3730 2889 Παυλικιανῶν

2076 2922 2164 2977 καὶ
2220 2922 2580 2997 Ἀθιγκάνων,
2635 2926 2743 2978 τῶν
2797 2923 2935 2977 κατᾶ
2981 2922 3227 2998 Φρυγίαν
3281 2923 3371 2978 καὶ
3431 2925 3730 2979 Λυκαονίαν

2077 3010 2481 3090 ἀγχιγειτόνων
2516 3010 2663 3083 αὺτῷ
2711 3010 2936 3086 (ἐκεῖθεν
2989 3012 3093 3088 γὰρ
3141 3011 3401 3087 ἐγεγόνει)
3447 3010 3607 3090 φίλος
3659 3012 3728 3082 ἦν

2078 3098 2364 3177 διάπυρος,
2397 3106 2679 3177 χρησμοῖς
2718 3100 2811 3156 καὶ
2866 3100 3116 3164 τελεταῖς
3164 3103 3341 3157 αὐτῶν
3395 3099 3722 3177 ἐπιχαίρων.

2078 3191 2250 3249 Οὗτοι
2282 3191 2472 3266 χώραν
2503 3185 2705 3246 ἔλαϐον
2745 3188 2833 3246 ἐπὶ
2891 3197 2991 3258 τῆς
3054 3190 3335 3267 βασιλείας
3384 3189 3548 3247 αὐτοὺ
3594 3190 3728 3268 ἀφό-

2079 3275 2191 3343 ϐως
2222 3279 2623 3347 πολιτεύεσθαι,
2658 3279 2749 3334 καὶ
2787 3278 2993 3334 πολλοὶ
3047 3284 3157 3335 τῶν
3214 3279 3559 3357 κουφοτέρων
3609 3284 3727 3342 ταῖς

1998 3349 2042 3416 (ἶ
2074 3367 2357 3442 ἀθεμίτοις
2416 3368 2596 3422 αὑτῶν
2656 3363 3023 3441 διεφθάρησαν
3090 3363 3293 3436 δόξαις.
3331 3349 3341 3357 ’
3376 3349 3463 3422 Ἐν
3538 3364 3596 3423 δὲ
3651 3370 3732 3440 τῷ

2069 3455 2398 3530 Ἐξωκιονίῳ
2428 3458 2545 3528 (45)
2586 3452 3000 3531 ψευδερημίτης
3044 3456 3112 3523 ἦν
3163 3452 3436 3517 Νικόλαος
3483 3452 3735 3530 τοῦνομα

2069 3546 2127 3608 ὃς
2162 3544 2256 3600 σὺν
2285 3549 2406 3608 τοῖς
2435 3542 2528 3598 σὺν
2556 3542 2704 3614 αύτῷ
2732 3542 2872 3599 κατᾶ
2898 3546 2996 3598 τοῦ
3041 3542 3206 3618 ὀρθοῦ
3257 3540 3429 3620 λόγου
3486 3543 3577 3599 καὶ
3619 3548 3733 3601 τῶν

2070 3638 2281 3690 σεπτῶν
2334 3632 2555 3688 εἰκόνων
2617 3627 3036 3711 ἐϐλασφήμουν.
3094 3634 3192 3687 Ὥν
3269 3631 3729 3706 ἀντιποιούμενος

2071 3725 2099 3779 6
2158 3720 2416 3793 βασιλεὺς
2474 3721 2666 3779 ἐλύπει
2718 3723 2811 3779 τὸν
2874 3722 3135 3800 ἀρχιερέα
3192 3722 3283 3779 καὶ
3341 3722 3545 3788 πάντας
3596 3723 3727 3786 τοὺς

2068 3812 2205 3868 κατᾶ
2230 3814 2357 3868 Θεὸν
2393 3817 2619 3883 ζῶντας.
2672 3813 2950 3876 Πολλάκις
3011 3813 3117 3891 γὰρ
3173 3812 3292 3869 κατ’
3347 3811 3516 3868 αὐτοῦ
3573 3812 3730 3887 ἐγκα-

2071 3900 2182 3959 λῶν
2237 3905 2616 3980 ἠγανακτήθη,
2670 3909 2791 3966 τοῖς
2840 3904 2975 3978 πρὸς
3030 3901 3319 3971 ἆΑλήλους
3375 3901 3729 3982 ἐχθραίνουσι

2071 3991 2278 4073 σφόδρα
2336 3992 2675 4070 σνγχαίρων,
2732 3991 2823 4048 καὶ
2907 3992 3257 4063 ἐπιτωθάζων
3344 3991 3507 4048 παντὶ
3587 3993 3729 4067 Χρι-

2072 4086 2273 4154 στιανῷ
2314 4081 2565 4160 φιλοῦντι
2628 4084 2722 4138 τὸν
2780 4082 3018 4152 πλησίον
3078 4082 3154 4145 ὡς
3218 4080 3553 4158 ἆνατροπεὺς
3616 4085 3727 4136 τῶν

2073 4172 2229 4237 θείων
2264 4169 2521 4230 ἐντολῶν.
2554 4170 2694 4235 Τοὺς
2726 4170 3153 4246 στρατιωτικοὺς
3212 4169 3484 4246 ἄρχοντας
3534 4165 3730 4227 δουλι·

2072 4265 2183 4325 κῶς
2223 4268 2462 4337 χρῆσθαι
2493 4266 2612 4325 τοῖς
2641 4260 2960 4326 ἐπισκόποις
3003 4260 3095 4316 καὶ
3148 4258 3443 4333 κληρικοῖς
3493 4258 3730 4325 ἐκέλευε,

2077 4351 2485 4427 καταγομένους
2544 4348 2868 4415 αὺθεντικῶς
2923 4348 2977 4406 ἐν
3034 4355 3154 4414 τοῖς
3216 4348 3587 4410 ἐπισκοπείοις
3636 4348 3729 4405 καὶ

2082 4442 2490 4518 μοναστηρίοις,
2547 4439 2639 4497 καὶ
2722 4442 3098 4520 καταχρῆσθαι
3177 4439 3245 4496 τὰ
3326 4441 3531 4498 αὐτῶν.
3588 4440 3730 4501 Τοὺς

2074 4533 2167 4589 ἀπ’
2215 4531 2415 4594 αἰῶνος
2473 4529 2833 4604 ἀναθεμένους
2887 4534 2967 4603 τῷ
3022 4533 3139 4604 Θεῷ
3193 4535 3374 4606 χρυσᾶ
3430 4528 3467 4599 ἢ
3524 4529 3731 4605 ἀργυρᾶ

2076 4619 2240 4692 σκεύη
2273 4616 2451 4699 ἔψεγε,
2481 4621 2667 4677 καὶτὰ
2715 4624 2824 4677 τῶν
2870 4617 3179 4691 ἐκκλησιῶν
3241 4619 3361 4691 ἱερᾶ
3417 4620 3726 4675 κοινοῦσθαι

317 4713 692 4769 monasteriis
712 4712 1357 4785 divertere.eorumque
1375 4713 1554 4770 rebus
1575 4732 1681 4787 pro
1712 4713 1957 4772 arbitrio

2078 4712 2212 4781 ἱξιον
2254 4708 2596 4787 ἐδογμάτιζε.
2643 4711 2786 4773 Τοὺς
2842 4710 2949 4786 πρὸ
3015 4708 3192 4766 αὐτῶν
3250 4706 3495 4784 βασιλεῖς
3553 4702 3725 4764 ἃπαν-

313 4801 498 4856 abuti.
560 4799 941 4872 Vituperabat
987 4817 1088 4856 eos
1138 4801 1239 4872 qui
1289 4800 1363 4856 ab
1417 4801 1579 4856 omni
1628 4807 1799 4858 astate
1841 4802 1959 4857 Deo

311 4906 493 4946 aurea
548 4889 634 4945 vel
691 4896 970 4964 argentea
1025 4906 1163 4947 vasa
1218 4897 1690 4960 consecrassent,
1750 4897 1808 4947 et
1862 4908 1958 4946 res

310 4981 665 5054 templorum
700 4998 897 5039 sacras
940 4982 1002 5037 in
1046 4981 1328 5053 profanos
1377 4981 1593 5039 debere
1637 4998 1781 5039 usus
1824 4999 1962 5039 con-

306 5072 453 5128 verti
485 5071 802 5129 statuebat.
835 5073 1055 5129 Omnes
1085 5077 1222 5128 ante
1252 5072 1449 5144 ipsum
1475 5072 1867 5144 imperatores
1896 5076 1962 5128 ut

304 5161 675 5234 gubernandi
707 5163 944 5218 nescios
973 5161 1271 5233 culpabat,
1290 5161 1727 5217 Providentiam
1750 5163 1814 5217 in
1831 5162 1963 5217 uni-

301 5265 534 5308 versum
553 5252 798 5320 tollens,
822 5252 921 5308 afﬁ
933 5267 1253 5323 rmansque
1277 5250 1581 5306 neminem
1602 5251 1961 5323 imperatore

2067 4821 2162 4863 τας
2215 4800 2293 4864 ὡς
2353 4794 2721 4876 ἆκυϐερντςτας
2778 4797 3075 4879 ἐμέμφετο,
3134 4799 3374 4856 καθόλου
3429 4800 3529 4869 τὴν
3586 4801 3726 4875 Πρό-

2069 4911 2219 4945 νοιαν
2277 4889 2532 4964 ἀναιρῶν,
2609 4889 2699 4945 καὶ
2784 4887 2992 4963 μηδένα
3072 4889 3252 4964 λέγων
3328 4890 3566 4967 γίνεσθαι
3626 4893 3724 4945 τοῦ

2069 4983 2396 5055 κρατοῦντος
2453 4975 2843 5055 δυνατώτερον,
2904 4979 2949 5033 εἰ
3008 4977 3266 5053 βούλοιτο
3312 4979 3340 5034 6
3374 4984 3587 5054 κρατῶν
3639 4978 3729 5034 ἐν-

2068 5073 2287 5145 τρεχῶς
2342 5067 2553 5149 ἄρχειν.
2610 5070 2695 5142 [Ρ.
2759 5069 2889 5142 481]
2954 5067 3062 5125 Καὶ
3122 5065 3437 5142 ἐματαιώθη
3497 5067 3551 5125 ἐν
3606 5074 3726 5133 τοῖς

2072 5156 2455 5236 διαλογισμοῖς
2520 5157 2684 5213 αὐτοῦ
2741 5158 2771 5212 6
2827 5157 3061 5229 ἀνόητος
3118 5161 3210 5214 καὶ
3279 5161 3561 5232 θεομισής.
3630 5162 3727 5231 Τῷ

2071 5249 2175 5326 γὰρ
2201 5249 2407 5324 πρώτῳ
2437 5242 2698 5321 σαϐϐάτῳ
2740 5250 2849 5303 τῶν
2899 5252 3182 5319 Νηστειῶν
3229 5254 3331 5318 τῆς
3364 5244 3410 5302 δ’
3442 5244 3724 5304 ἰνδικτιῶ-

1497 5407 1862 5465 XYLANDRI
1914 5408 2001 5463 ET
2039 5406 2257 5464 GOARI
2298 5409 2521 5464 NOTAE.

376 5566 486 5629 (45)
517 5568 706 5642 Supra
723 5566 1139 5642 conjecturam
1188 5576 1382 5642 meam
1439 5559 1703 5642 erposui.
1747 5559 1874 5642 'Sed_
1901 5565 1961 5642 et

304 5631 418 5709 hoc
449 5631 737 5709 suspicari
759 5631 918 5704 licet,
937 5643 1101 5709 extra
1121 5635 1331 5709 urbem
1359 5633 1420 5709 in
1452 5631 1653 5709 aliquo
1672 5632 1956 5709 suburbio

303 5704 485 5774 hunc,
509 5703 790 5765 simulata
819 5727 854 5765 a
882 5707 1105 5764 mundo
1137 5704 1522 5769 discessione,
1578 5704 1642 5759 in
1681 5703 1959 5761 columna

302 5779 506 5851 aliqua
530 5779 889 5848 constitisse,
952 5778 1159 5848 quales
1217 5792 1399 5849 supra
1457 5774 1665 5832 Daniel
1719 5775 1957 5849 Stylites

2069 5558 2288 5637 aliique
2320 5565 2461 5616 sunt
2488 5560 2961 5637 commemorati,
2992 5562 3057 5617 In
3109 5565 3475 5637 autographa
3505 5562 3607 5634 ἐξω
3637 5572 3730 5623 est

2070 5632 2199 5687 sine
2229 5641 2500 5701 accentu,
2534 5637 2600 5687 ut
2627 5631 2796 5703 quasi
2847 5634 3147 5689 cohaarere
3199 5631 3279 5689 δι’
3312 5631 3605 5694 coaluisse
3662 5639 3727 5696 in

2067 5720 2250 5761 unam
2280 5720 2482 5784 vocem
2516 5720 2656 5784 cum_
2681 5703 2877 5784 κιονίερ
2898 5703 3182 5762 videatur.
3205 5706 3344 5772 Quae
3363 5717 3721 5784 sequuntur,

2068 5791 2314 5848 prorsus
2345 5780 2486 5834 sunt
2513 5775 2780 5833 confusa.
2811 5775 2951 5833 Χγι..
