4112 6412
312 423 432 490 925

1460 418 2001 483 HISTORIARUM
2047 418 2617 492 COMPENDIUM.

3628 422 3749 488 926

312 579 413 622 νος
456 554 849 625 ὑπαντήσαντες
909 549 1220 627 Σαρακηνοὶ
1279 549 1357 615 εἷς
1434 550 1502 608 τὰ
1557 551 1807 627 Εὖχάϊτα
1863 553 1974 626 (46)

2091 560 2487 630 potentiorem
2520 579 2671 629 esse,
2705 559 2882 618 modo
2915 559 3128 617 callide
3174 560 3224 616 is
3254 560 3595 631 imperaret.
3628 560 3743 616 Sed

315 644 526 703 Λέοντα
591 643 900 720 στρατηγὸν
959 647 1069 699 τῶν
1129 642 1503 717 Ἀρμενιακῶν
1557 640 1653 698 σὺν
1710 646 1780 708 τῆ
1848 642 1988 717 ρόγᾳ

311 741 415 793 τοῦ
444 733 702 810 θέματος,
753 731 962 804 ταύτην
1021 728 1311 810 ἀφείλοντο
1371 730 1466 787 σὺν
1523 728 1726 805 πολλῷ
1780 728 1985 799 πλήθει

314 825 481 895 λαοῦ,
537 822 867 899 κεντηνάρια
953 822 1017 895 ιγ’
1069 821 1256 878 οὖσαν.
1318 822 1445 879 Ἐπὶ
1527 822 1747 884 τούτοις
1798 818 1894 875 οὖν
1953 820 1982 876 6

311 916 436 981 νὲος
471 910 687 993 Ἀχαᾶιϐ
732 916 809 988 μή
868 910 1197 985 παιδευθεὶς,
1258 913 1284 967 6
1344 909 1662 988 Φαλάριδος
1720 911 1810 967 καὶ
1880 909 1982 969 Μί-

317 1002 423 1061 δου
507 1003 920 1079 ἆπληοτότερος
1010 1003 1148 1059 κατὰ
1204 1000 1535 1079 Βουλγάρων
1588 1005 1983 1077 παρατάττεται

313 1096 430 1169 ἅμα
489 1093 815 1171 Σταυρακίῳ
891 1097 973 1166 τῷ
1030 1093 1132 1163 υἱῷ
1190 1091 1376 1151 αὐτοῦ.
1460 1091 1560 1147 Καὶ
1629 1089 1828 1162 ἐξελὼν
1881 1097 1982 1159 τῆς

315 1181 611 1261 βασιλίδος
665 1180 915 1240 ἐκέλευσε
961 1183 1207 1253 Νικήταν
1259 1179 1546 1257 πατρίκιον
1603 1181 1696 1237 καὶ
1772 1181 1983 1256 γενικὸν

313 1273 614 1349 λογοθὲτην
670 1276 785 1348 (4-7)
842 1272 910 1328 τὰ
971 1269 1216 1346 δημόσια
1279 1269 1414 1344 τέλη
1474 1275 1584 1327 τῶν
1671 1270 1979 1341 ἐκκλησίῶν

313 1365 413 1421 καὶ
471 1362 851 1439 μοναστηρίων
908 1356 1254 1432 ἀναϐιϐάσαι,
1308 1363 1399 1417 καὶ
1457 1361 1603 1417 ὀκτὼ
1658 1359 1791 1417 ἐτῶν
1853 1359 1981 1415 6m-

309 1453 630 1519 σθοτέλειαν
697 1451 827 1516 τοὺς
872 1456 981 1507 τών
1032 1451 1320 1527 ἀρχόντων
1370 1451 1734 1521 ἀπαιτηθῆναι
1766 1448 1977 1513 οθκους.

308 1545 414 1603 Καὶ
464 1545 530 1614 ἦν
584 1550 783 1616 θρῆνος
855 1543 1026 1617 μέγας
1081 1540 1134 1596 ἐν
1216 1545 1287 1615 τῇ
1328 1539 1514 1599 πόλει.
1575 1542 1699 1597 Ἰιπὶ
1755 1541 1977 1605 τούτοις

310 1632 723 1708 ἐγκαλούμενος
810 1632 916 1687 ὑπὸ
998 1628 1292 1687 Θεοδοσίου
1351 1631 1645 1707 πατρικίου
1708 1634 1806 1686 τοῦ
1866 1636 1977 1685 Σα-

312 1719 539 1799 λιϐαρᾶ,
569 1727 666 1779 τοῦ
693 1720 923 1797 γνησίου
976 1721 1141 1778 αὐτοῦ
1200 1722 1554 1799 θεράποντος,
1586 1722 1672 1777 ’ὁτι
1706 1745 1734 1773 ιι
1776 1727 1977 1785 Παντες

312 1809 654 1870 καταϐοῶσιν
688 1815 875 1885 ἡμῶν,
935 1808 1190 1882 δέσποτα,
1243 1813 1336 1867 καὶ
1382 1811 1435 1867 ἐν
1464 1816 1640 1886 καιρῷ
1668 1816 1975 1886 πειρασμοῦ

314 1902 510 1966 πάντες
558 1902 994 1978 ἑπιχαρήσονται
1029 1906 1095 1977 τῇ
1149 1901 1353 1958 πτώσει
1412 1904 1597 1976 ἡμῶν,
1630 1924 1658 1953 ››
1693 1898 1794 1981 ἔφη
1837 1901 1974 1977 πρὸς
2006 1932 2053 1997 Β

316 1993 504 2049 αὐτόν·
564 2016 594 2047 ιι
682 1991 747 2050 Ei
813 1992 842 2047 6
897 1992 1028 2053 Θεὸς
1105 1989 1429 2065 σκληρύνων
1489 1989 1791 2066 ἐσκλήρυνε
1870 1992 1972 2059 τήν

316 2079 544 2153 καρδίαν
585 2102 692 2155 μου
758 2081 835 2142 ὡς
872 2085 970 2137 τοῦ
1028 2081 1253 2157 Φαραὼ,
1310 2080 1363 2136 τί
1418 2081 1620 2160 ἀγαθὸν
1659 2077 1808 2136 ἔσται
1859 2086 1976 2145 τοῖς

319 2172 428 2227 ὑπὸ
480 2170 643 2248 χεῖρά
702 2192 807 2244 μου
870 2171 1082 2246 ςυαρᾶ
1139 2170 1483 2249 Νικηφόρου,
1562 2167 1836 2240 Θεοδόσιε,
1899 2171 1975 2243 μὴ

320 2261 554 2339 ἒκδὲχου
636 2260 784 2331 πλην
841 2266 947 2318 τῶν
1002 2261 1297 2337 ὁρωμένων
1372 2283 1480 2318 σοι.
1538 2286 1567 2316 ››
1628 2262 1979 2335 Ἐπισυνᾶξας

319 2349 381 2408 δὲ
444 2353 510 2407 τὰ
591 2349 924 2427 στρατόπεδα
1003 2350 1306 2423 ’Λνατολῆς
1391 2350 1483 2407 καὶ
1568 2352 1804 2422 Δύσεως,
1886 2352 1978 2407 καὶ

313 2437 566 2503 πολλοὺς
639 2443 874 2511 πένητας
935 2439 1098 2504 ἰδίοις
1162 2442 1446 2515 ὀψωνίοις,
1519 2439 1835 2521 σφενδόναις
1887 2441 1977 2496 καὶ

314 2526 544 2607 ῥάϐδοις
637 2530 1048 2604 ὡπλισμένους,
1120 2529 1586 2607 βλασφημοῦντας
1674 2532 1788 2606 ἅμα
1860 2535 1979 2593 τοῖς

313 2620 737 2696 στρατεύμασιν,
825 2620 1002 2690 ἤλασε
1082 2622 1225 2676 κατὰ
1281 2617 1640 2696 Βουλγαρίας.
1720 2622 1976 2693 Κροῦμος

313 2706 374 2766 δὲ
412 2711 481 2767 τα
508 2710 701 2782 πλήθη
735 2707 1023 2785 φοϐηθείς,
1077 2707 1250 2767 ὅντων
1314 2710 1491 2766 αὐτῶν
1544 2709 1600 2766 ἐν
1650 2709 1977 2786 Μαρκέλλῃ,

309 2800 504 2876 ᾐτεῖτο
561 2801 805 2877 εἰρήνην.
867 2802 923 2855 Ὀ
1003 2798 1061 2857 δὲ
1124 2806 1245 2864 ταῖς
1305 2801 1532 2865 οἰκείαις
1578 2797 1973 2863 κακοϐουλίαις

308 2891 403 2946 καὶ
433 2894 554 2953 ταῖς
606 2894 716 2945 τῶν
772 2889 1100 2965 ὁμοφρόνων
1162 2888 1326 2945 αὐτοῦ
1385 2885 1717 2963 συμϐούλων
1777 2885 1975 2943 διεκω-

305 2980 477 3051 λύθη.
541 2980 864 3058 Είσέρχεται
906 2979 964 3037 δὲ
1047 2981 1125 3044 εἷς
1209 2981 1550 3055 Βουλγαρίαν
1628 2985 1698 3055 τῇ
1756 2981 1804 3035 κ’
1877 2983 1975 3035 τοῦ

305 3072 544 3128 Ἰουλίου
634 3071 830 3146 μηνός.
923 3071 1098 3135 Κυνὸς
1177 3074 1244 3141 ἦν
1282 3069 1515 3140 ἐπιτολή
1576 3068 1971 3146 πανωλὲοριος.

305 3163 408 3220 Καὶ
444 3161 729 3240 προλέγων
762 3163 864 3232 τὴν
918 3163 1089 3218 αὐτοῦ
1147 3161 1530 3236 πανωλεθρίαν
1593 3166 1812 3236 συχνῶς
1872 3159 1972 3216 ἐπ-

315 3252 639 3327 εφθέγγετοον
682 3277 711 3304 ιι
793 3252 888 3314 Τίς
975 3252 1264 3328 πορεύεται
1355 3252 1448 3307 καὶ
1523 3251 1792 3322 ἀπατήσει
1881 3251 1973 3305 τὸν

312 3335 524 3416 Ἀχαάὄ
558 3344 723 3412 ς”Οτι
753 3339 852 3397 κέν
876 3343 905 3397 6
947 3344 1097 3414 Θεὸς,
1150 3340 1246 3397 κξὶν
1279 3343 1308 3397 6
1369 3340 1763 3416 ἀντικείμενος,
1820 3336 1973 3395 ’ἐλκει

309 3450 379 3503 με
434 3426 653 3487 ἄκοντα.
716 3454 745 3482 ››
806 3431 959 3487 Μετὰ
1036 3435 1166 3504 γοῦν
1224 3430 1322 3491 τὰς
1412 3430 1633 3505 πρώτας
1690 3424 1976 3502 συμϐολὰς

301 3514 464 3588 δόξας
491 3516 933 3588 κατευοδοῦσθαι,
969 3517 1031 3573 ού
1076 3522 1158 3591 τῷ
1215 3522 1333 3590 Θεῷ
1372 3517 1440 3574 τὰ
1492 3520 1593 3587 τῆς
1637 3517 1794 3586 νίκης
1825 3514 1973 3571 ἀλλὰ

297 3610 373 3682 τῇ
432 3611 533 3662 τοῦ
615 3613 957 3683 Σταυρακιου
1026 3606 1254 3683 εὐτυχίᾳ
1311 3605 1594 3683 ἐκήρυττε.
1679 3607 1787 3663 Καὶ
1852 3612 1973 3670 τοῖς

297 3696 588 3754 κωλύουσι
628 3699 728 3770 τήν
762 3695 973 3754 εἷ’σοδον
1027 3699 1292 3774 ἄρχουσιν
1352 3697 1594 3768 ἠπείλει.
1678 3703 1856 3753 Πᾶσαν
1916 3696 1975 3753 δὶ

300 3785 554 3857 ἠλικίαν,
609 3786 715 3851 ἓως
771 3788 862 3844 καὶ
927 3788 1140 3865 βρεφῶν
1200 3786 1401 3855 αὐτῶν,
1460 3785 1708 3857 ἀνηλεῶς
1755 3788 1973 3862 φονεύε-

306 3880 432 3933 σθαι
465 3876 774 3953 προσέταξε.
837 3879 937 3933 Καὶ
996 3878 1062 3933 τὰ
1116 3881 1225 3933 τῶν
1283 3876 1583 3957 ὁμοφύλων
1640 3880 1751 3950 (48)
1810 3876 1973 3951 νεκρὰ

305 3969 541 4037 σώματα
569 3968 743 4046 ἄταφα
801 3966 907 4037 εἀ,
968 3966 1140 4041 μόνης
1200 3965 1638 4041 ἐπιμελούμενος
1697 3973 1800 4036 τῆς
1860 3971 1971 4022 τῶν

301 4058 529 4114 σκύλων
584 4055 886 4134 συλλογῆς.
948 4055 1190 4133 Κλεῖθρα
1239 4054 1296 4112 δὲ
1351 4057 1443 4112 καὶ
1501 4054 1803 4135 σφραγῖδας
1857 4062 1976 4122 τοῖς

295 4147 553 4221 ταμείοις
638 4152 749 4220 ι49)
838 4148 1101 4223 Κρούμου
1170 4147 1379 4212 ἐπιθεὶς
1461 4147 1536 4209 ὡς
1592 4144 1708 4202 ἴδια
1774 4145 1976 4203 λοιπὸν

297 4238 670 4309 ἠσφαλίσατο.
731 4243 866 4293 Ὦτα
922 4242 1055 4312 γοῦν
1138 4236 1232 4293 καί
1279 4235 1437 4313 ἓτερα
1509 4238 1655 4312 μέλη
1706 4240 1973 4310 Χριστια-

299 4333 417 4385 νῶν
494 4329 759 4403 ἀπέτεμεν
849 4323 1142 4403 ἁψαμένων
1227 4331 1338 4383 τῶν
1420 4325 1659 4383 σκύλων·
1718 4328 1807 4383 καί
1866 4328 1969 4397 τὴν

303 4416 618 4496 λεγομένην
686 4415 865 4487 αὐλὴν
924 4422 1023 4474 τοῦ
1079 4416 1343 4492 Κρούμου
1401 4414 1710 4493 ἐνέπρησεν,
1763 4415 1972 4474 ἐκείνου

303 4505 525 4589 σφόδρα
551 4506 1033 4582 τεταπεινωμένως
1066 4504 1392 4578 δηλοῦντος,
1426 4505 1510 4562 ὅτι
1544 4530 1573 4561 ιι
1631 4503 1772 4564 Ἰδοὺ
1829 4508 1971 4563 νενί·

299 4619 508 4670 κηκαςο
557 4594 695 4654 λάϐε
757 4596 813 4654 εἷ’
856 4599 913 4653 τί
971 4619 1056 4653 σοι
1115 4596 1342 4673 ἀρεστόν
1418 4596 1551 4668 ἔστι,
1626 4597 1717 4653 καὶ
1790 4592 1973 4669 ἔξελθε

2096 648 2349 705 stolidus
2381 668 2448 707 ac
2470 653 2589 707 Deo
2620 651 2849 707 invisus
2881 651 3059 705 homo
3082 650 3247 705 vanis
3289 649 3414 704 suis
3443 649 3751 720 cogitatio-

2095 738 2273 795 nibus
2289 739 2574 815 deceptus
2591 741 2905 798 est.Primo
2921 740 3464 813 enimJejuniorum
3485 738 3750 810 sabbato,

2095 834 2320 897 quartae
2352 829 2718 900 indictionis,
2752 828 3029 887 Saraceni
3081 829 3154 884 ad
3202 828 3489 884 Euchaita
3545 843 3754 898 pervc~

2094 922 2313 971 nerunt
2339 919 2679 991 ;adortique
2710 919 2964 973 Leonem
2997 916 3488 974 Armeniacorum
3514 915 3752 984 ducem,

2094 1006 2195 1076 qui
2229 1013 2352 1062 tum
2403 1008 2699 1065 militibus
2767 1014 2892 1065 erat
2948 1008 3245 1080 stipendia
3310 1004 3748 1078 persolutnius,

2093 1112 2332 1151 omnem
2355 1099 2691 1169 pecuniam,
2723 1099 3065 1155 centenaria
3091 1096 3375 1153 nimirum
3401 1097 3488 1165 13,
3520 1095 3749 1166 eripue-

2092 1191 2251 1242 runt.
2305 1186 2465 1242 haud
2522 1188 2729 1260 exigua
2788 1187 3051 1244 militum
3110 1184 3497 1242 multitudine
3554 1190 3746 1254 capta.

2092 1276 2191 1330 His
2213 1293 2397 1331 novus
2430 1277 2533 1333 ille
2572 1276 2885 1333 Achaabus
2933 1276 3085 1331 nihil
3132 1274 3501 1336 emendatus,
3534 1272 3750 1327 Phala-

2089 1366 2282 1421 ridem
2314 1373 2373 1422 et
2400 1368 2615 1424 Midam
2649 1368 2806 1439 inex}
2831 1368 2949 1423 leta
2978 1383 3266 1439 superans
3309 1364 3573 1430 avaritia,
3607 1381 3743 1419 cum

2088 1456 2393 1512 Stauracio
2453 1458 2576 1513 filio
2638 1458 2699 1512 in
2748 1459 3030 1531 Bulgaros
3079 1472 3142 1511 se
3196 1462 3405 1511 armat.
3482 1454 3746 1524 Cumque

2088 1546 2233 1602 urbe
2266 1547 2667 1619 egrederetur,
2688 1548 2950 1603 Nicetam
2984 1544 3295 1619 patricium
3321 1561 3388 1600 ac
3407 1541 3746 1616 generalem

2088 1635 2448 1707 logothetam
2477 1638 2661 1709 jussit
2692 1637 2964 1710 publicos
3001 1653 3214 1692 census
3266 1634 3653 1691 ecclesiarum
3688 1637 3750 1687 et

2086 1728 2588 1783 monasteriorum
2622 1729 2855 1789 atl‘erre.
2880 1732 2939 1783 et
2967 1728 3023 1781 in
3058 1734 3189 1781 octo
3213 1732 3531 1796 sequentes
3552 1740 3741 1779 annos

2088 1818 2437 1888 pensionem
2496 1834 2531 1874 a
2571 1834 2884 1890 procerum
2953 1816 3230 1871 domibus
3284 1815 3457 1884 exigi.
3516 1816 3598 1869 Ea
3644 1829 3741 1867 res

2088 1921 2331 1977 magnas
2362 1923 2469 1979 per
2485 1906 2692 1962 urbem
2729 1906 3085 1977 ejulationes
3121 1903 3414 1960 excitavit.
3467 1903 3585 1958 Hoc
3630 1918 3741 1957 no.

2082 1994 2242 2050 mine
2322 1996 2722 2068 reprehensus
2788 2012 2824 2051 a
2895 1997 3045 2051 841
3109 1991 3439 2049 Theodosio
3487 1989 3737 2063 patricio

2082 2084 2369 2154 Salibara,
2402 2086 2561 2142 fideli
2594 2103 2699 2141 suo
2732 2084 3109 2153 administro,
3155 2087 3436 2139 monente
3467 2080 3739 2136 omnium

2082 2191 2252 2231 voces
2283 2175 2475 2230 audiri
2509 2176 2581 2231 de
2612 2176 2740 2247 ipso
2773 2173 3288 2246 conquerentium.
3322 2187 3389 2226 ac
3420 2170 3545 2225 fore
3574 2175 3640 2225 ut
3666 2185 3741 2224 ex

2081 2263 2262 2319 rebus
2294 2264 2480 2336 ipsius
2493 2264 2812 2336 aliquando
2830 2263 3101 2319 tristibus
3121 2261 3404 2336 gaudium
3425 2263 3739 2331 caperent:

2082 2373 2112 2402 «
2148 2352 2226 2418 Si,
2261 2352 2639 2424 inquit,Deus
2662 2369 2860 2409 meum
2909 2369 3012 2409 cor
3058 2350 3384 2407 Pharaonis
3423 2349 3482 2404 in
3509 2364 3739 2404 morem

2082 2461 2327 2516 prorsus
2358 2446 2693 2506 obduravit.
2728 2444 2872 2517 quid
2915 2443 3051 2498 boni
3101 2443 3215 2499 erit
3251 2440 3502 2498 subditis
3532 2439 3684 2495 meis
3716 2437 3745 2494 Τ

2079 2534 2232 2599 Noli,
2264 2534 2574 2594 Theodosi.
2608 2535 2726 2590 alia
2755 2551 2789 2589 a
2815 2532 3145 2603 Nicephoro
3196 2537 3534 2603 exspectare
3561 2544 3741 2601 quam

2083 2638 2214 2695 quas
2244 2623 2429 2681 vides.
2466 2647 2494 2674 »
2521 2624 2707 2697 Igitur
2731 2623 2997 2679 collectis
3031 2606 3289 2678 Orientis
3320 2625 3379 2675 et
3408 2618 3744 2676 Occidentis

2085 2712 2467 2781 exercitibus,
2509 2713 2834 2784 multisque
2890 2710 3255 2783 pauperibus
3287 2725 3355 2764 eo
3398 2708 3622 2764 adactis
3680 2712 3749 2763 ut

2080 2802 2340 2874 propriis
2373 2802 2687 2875 stipendiis
2746 2800 3096 2867 militarent,
3154 2798 3358 2855 fundis
3416 2814 3483 2853 ac
3514 2797 3744 2852 baculis

2081 2893 2319 2951 armati.
2351 2892 2446 2948 his
2477 2899 2538 2948 et
2568 2891 2905 2964 legionibus
2963 2891 3157 2962 ipsum
3216 2887 3641 2944 devoventibus
3682 2887 3745 2941 in

2082 2982 2416 3052 Bulgariam
2452 2982 2939 3038 contendit.Cum
2971 2981 3167 3036 adhuc
3198 2978 3489 3035 Marcellas
3521 2983 3740 3033 essent.

2080 3073 2334 3129 Crumus
2370 3091 2405 3130 a
2435 3080 2601 3129 tanta
2632 3073 2744 3129 sibi
2787 3080 3060 3129 metuens
3111 3070 3501 3126 multitudine
3532 3085 3742 3142 pacem

2084 3164 2296 3235 petiit:
2321 3165 2421 3220 sed
2455 3166 2812 3237 imperatore
2837 3164 2961 3219 suis
2991 3168 3051 3218 et
3091 3178 3292 3219 secum
3351 3160 3735 3216 sentientium

2080 3254 2275 3325 pravis
2306 3254 2574 3310 consiliis
2603 3260 2808 3310 uteute
2841 3253 3138 3325 repulsam
3171 3268 3382 3324 passus
3413 3251 3741 3306 est.Perve—

2083 3344 2174 3399 nit
2230 3361 2367 3418 ergo
2424 3345 2487 3400 in
2536 3343 2869 3417 Bulgariam
2934 3342 3303 3414 Nicephorus
3361 3342 3431 3395 20
3477 3338 3571 3395 die
3602 3339 3743 3394 Julii

2082 3435 2446 3499 mensis,sub
2466 3441 2661 3491 ortum
2686 3433 2968 3491 caniculae
2991 3431 3591 3505 perniciosissimum.
3627 3428 3742 3484 Sed

2083 3531 2142 3581 et
2172 3525 2297 3597 ipse
2328 3541 2503 3581 suum
2536 3530 2594 3580 et
2621 3540 2867 3581 suorum
2894 3523 3140 3579 exitium
3167 3521 3502 3595 praedicens
3524 3519 3739 3574 identi-

2082 3615 2217 3671 dem
2256 3616 2384 3671 bam
2400 3614 2791 3688 loquebatur:
2823 3614 3013 3680 «Quis
3044 3612 3155 3667 ibit
3183 3617 3243 3667 et
3270 3610 3527 3683 decipiet
3547 3609 3740 3664 Acha-

2080 3705 2259 3761 abum
2281 3704 2453 3761 ‘ISive
2486 3721 2583 3761 me
2620 3705 2793 3771 Deus,
2826 3704 2944 3759 sive
2998 3704 3246 3760 Satanas
3277 3700 3476 3762 trahit.
3519 3699 3738 3754 invitus

2084 3795 2310 3851 trahor.
2345 3818 2374 3845 ι»
2412 3796 2621 3851 Primis
2644 3793 3062 3868 congressibus
3093 3791 3339 3848 victoria
3370 3789 3741 3862 potitus,non

2081 3884 2200 3939 Deo
2235 3884 2424 3952 illam,
2459 3884 2562 3940 sed
2593 3884 2882 3940 Stauracai
2922 3882 3191 3937 felicitati
3247 3886 3550 3951 acceptam
3583 3879 3739 3949 tulit,

2088 3973 2473 4044 minatusque
2507 3979 2598 4029 est
2625 3971 2997 4045 proceribus,
3030 3970 3130 4041 qui
3185 3977 3498 4042 penetrare
3524 3968 3734 4039 Bulga-

2080 4063 2230 4119 riam
2263 4061 2559 4118 vetabant.
2596 4062 2895 4118 Mandavit
2923 4067 3122 4117 autem
3178 4065 3245 4114 ut
3303 4058 3499 4113 omnis
3546 4057 3739 4112 astatis

2078 4153 2352 4208 homines
2410 4152 2643 4224 ipsique
2703 4152 2881 4207 etiam
2939 4151 3201 4206 infantes
3251 4147 3732 4213 trucidarentur;

2079 4257 2446 4313 corporaque
2479 4240 2863 4313 Bulgarorum
2886 4239 3198 4294 inhumata
3215 4234 3737 4306 relinquens,solis

2080 4331 2286 4405 spoliis
2317 4330 2585 4403 legendis
2616 4329 2881 4385 intentus
2910 4329 3043 4384 fuit.
3084 4326 3285 4382 Crumi
3334 4324 3638 4381 conclavia
3664 4329 3731 4377 ut

2081 4423 2207 4495 jam
2237 4437 2345 4477 sua
2372 4419 2649 4476 claustris
2679 4425 2738 4475 et
2765 4419 2976 4492 sigillis
3025 4418 3262 4483 muniit,
3297 4423 3357 4473 et
3384 4414 3738 4471 Christianis

2079 4511 2393 4568 manubias
2423 4514 2793 4567 contrectare
2823 4510 2984 4566 ausis
3014 4525 3187 4566 aures
3217 4508 3452 4579 aliaque
3470 4505 3741 4561 membra

2078 4600 2331 4658 abscidit
2361 4620 2375 4669 ;
2409 4601 2563 4658 842
2594 4600 2792 4657 aulam
2824 4617 3060 4673 quoque
3089 4600 3290 4657 Crumi
3320 4595 3609 4654 incendit.
3641 4596 3741 4650 ln-

297 4687 359 4745 ἐν
393 4686 611 4764 εἲρήνῃ,
648 4688 767 4746 »Ὀ
826 4684 884 4743 δὲ
940 4693 1041 4757 τῆς
1103 4686 1332 4761 είρήνης
1388 4684 1588 4765 ἐχθρὸς
1637 4688 1846 4759 ταύτην
1904 4688 1969 4743 οὐ

2086 4692 2259 4747 terim
2291 4691 2545 4747 Crumus
2576 4690 2871 4748 submisse
2897 4690 3217 4748 admodum
3258 4691 3477 4745 victum
3516 4703 3579 4743 se
3610 4702 3740 4742 esse

295 4779 641 4849 προσήκατο.
676 4779 760 4852 [Ρ.
790 4779 915 4850 482]
957 4777 1074 4855 Ἐφ’
1105 4777 1193 4839 οἷς
1251 4776 1575 4851 χαλεπήνας
1620 4777 1649 4831 6
1710 4782 1971 4853 Κροῦμος

292 4869 403 4929 τας
449 4873 549 4936 τῆς
610 4869 805 4943 χώρας
864 4862 1109 4928 εἲσόδους
1165 4865 1257 4920 καὶ
1316 4864 1534 4939 ἐξόδους
1619 4867 1968 4946 περιέφραξεν

298 4957 641 5034 ὀχυρώμασι
673 4955 927 5027 ξυλίνοις.
988 4955 1046 5011 '0
1106 4952 1165 5010 δὲ
1221 4950 1545 5031 Νικηφόρος
1608 4960 1771 5012 τοῦτο
1801 4957 1971 5035 γνοὺς

2083 4781 2402 4852 fatebatur,
2430 4780 2794 4854 rogabatque
2823 4787 2910 4845 ut,
2945 4781 3203 4853 acceptis
3234 4797 3367 4853 qua:
3397 4777 3590 4846 vellet,
3638 4793 3741 4849 pa-

2084 4876 2252 4926 catus
2282 4870 2553 4943 Bulgaria
2581 4872 2913 4941 excederet,
2947 4871 3059 4929 Sed
3093 4872 3459 4943 Nicephorus
3505 4883 3735 4941 pacem,

2084 4961 2257 5034 cujus
2279 4965 2409 5015 erat
2439 4960 2781 5033 impatiens,
2813 4979 2935 5018 non
2990 4962 3175 5018 dedit.
3232 4961 3437 5034 Itaque
3488 4961 3740 5016 Crumus

1522 5082 1890 5141 XYLANDRI
1929 5086 2014 5140 ΕΤ
2053 5086 2273 5143 GOARI
2308 5085 2536 5142 ΝΟΤΕ.

376 5211 490 5283 (46)
522 5208 904 5282 Helenopolis
933 5209 1200 5282 antiquis
1230 5208 1659 5283 dicta,demum
1689 5209 1962 5283 Theodo-

295 5281 546 5355 ropolis,
593 5300 626 5339 a
680 5281 1213 5355 Joanne_Zimisce
1270 5281 1344 5336 ob
1399 5298 1615 5354 corpus
1673 5282 1969 5355 Theodori

294 5353 582 5427 martyris
609 5355 671 5410 in
702 5371 772 5411 ea
802 5353 1109 5411 conditum
1138 5361 1434 5426 reparata,
1468 5353 1620 5410 Ksiae
1654 5353 1797 5409 urbs
1829 5361 1948 5414 est.

299 5429 482 5485 GOAR.

377 5500 490 5571 (47)
536 5500 621 5554 Ex
670 5496 953 5571 prassenti
1028 5497 1160 5571 loco
1241 5495 1457 5571 γενικὸν
1513 5498 1671 5553 hunc
1737 5493 1968 5571 λογοθεί⁴

294 5569 405 5640 την
441 5569 546 5643 pro
574 5588 642 5626 eo
672 5569 856 5642 quem
885 5570 1283 5643 cancellariurn
1324 5569 1588 5643 dicimus
1638 5570 1791 5625 sumi
1824 5569 1968 5643 ‘non

299 5636 480 5718 posse
511 5636 904 5718 liquet—10ml}
925 5641 1127 5718 potius
1154 5642 1220 5695 τὰ
1245 5636 1487 5718 δημόσια
1514 5640 1673 5718 τέλη,
1701 5640 1858 5718 qupd
1874 5642 1969 5718 hic

301 5707 674 5788 Exsequit'ur,
709 5707 1055 5788 ᾀναϐιϐαῗσαι,
1102 5707 1333 5788 etualia:
1388 5714 1531 5771 ﬁsco
1566 5707 1969 5788 obvenientia

303 5784 634 5861 ἀπαιτῆσαι,
666 5786 744 5843 ad
798 5787 991 5845 ararit
1039 5784 1261 5857 publici
1316 5784 1581 5861 (γενικοῦ)
1631 5788 1969 5857 praefectum

2072 5217 2320 5284 spectat.
2358 5211 2501 5267 Vide
2529 5218 2837 5269 auctorem
2869 5213 3026 5269 infra
3049 5230 3108 5285 p.
3163 5214 3289 5284 568,
3322 5210 3744 5285 Curopalatam

2081 5285 2156 5340 ad
2186 5285 2366 5341 calcis
2401 5289 2688 5340 extrema.
2713 5285 2890 5341 Goan.

2154 5357 2266 5428 (48)
2300 5360 2547 5427 Corpora
2581 5355 3143 5426 Bulgarorum.Quod
3176 5356 3225 5412 si
3266 5356 3341 5413 ad
3370 5355 3739 5428 Christianos

2079 5427 2327 5499 referas,
2358 5444 2570 5484 sensus
2602 5430 2713 5483 erit
2738 5444 2874 5483 eum
2923 5428 3071 5484 adeo
3130 5428 3331 5500 spoliis
3383 5427 3736 5500 colligendis

2078 5501 2262 5556 fuisse
2337 5500 2657 5572 intentum,
2709 5504 2773 5554 ut
2832 5515 2910 5554 ne
2949 5501 3073 5556 suis
3132 5500 3375 5572 quidem
3414 5500 3736 5556 humandis

2078 5579 2315 5644 tempus
2346 5571 2578 5628 dederit
2628 5572 2767 5644 Χγι..

2150 5642 2262 5715 (49»
2300 5647 2362 5699 In
2395 5644 2612 5715 quibus
2633 5642 2908 5698 videlicet
2937 5642 3097 5699 bona
3143 5645 3343 5700 Crumi
3401 5645 3732 5702 conderen-

2079 5714 2195 5773 tur.
2226 5717 2378 5843 ἐωξὶ
2405 5714 2696 5788 principis
2734 5715 3165 5773 habitationem
3214 5717 3523 5790 signiﬁcat.
3559 5719 3743 5774 Zona-

2079 5802 2195 5842 ras.
2281 5803 2369 5843 η.

2078 5802 2195 5842 1⁵88.
2230 5802 2369 5843 ᾸΥῐι.
