4112 6422
326 421 442 484 927

1689 396 2014 461 GEORGII
2055 396 2410 463 CEDRENI

3636 390 3758 455 928

330 554 598 611 irritatus
619 549 814 605 aditus
858 544 1168 615 exitusque
1186 554 1306 596 sum
1333 533 1575 592 ditionis
1606 532 1822 606 ligneis
1854 547 1989 588 mu-

2129 537 2219 594 oiq
2303 539 2524 590 συνοῦσι
2603 533 2674 591 τὰ
2743 537 2847 603 τῆς
2913 524 3207 615 ἀπωλείας
3275 521 3595 601 προέλεγεν,
3669 522 3757 580 ὅτι

334 641 662 699 nitionihus
714 634 982 694 occlusit.
1015 636 1084 688 Et
1111 627 1480 700 Nicephorus
1503 623 1735 680 cladem
1768 616 1992 694 praesa;

336 734 505 807 giens
531 731 655 788 suis
686 728 876 784 dixit:
905 748 931 775 ‹‹
958 726 1139 779 Nemo
1201 724 1469 773 nostrum
1515 712 1843 786 perniciem
1878 711 1993 766 evi-

339 803 512 889 tabit,
539 838 615 877 ne
647 819 695 874 si
726 817 992 873 volucres
1011 811 1248 883 quidem
1297 808 1532 863 ﬁamus.
1566 828 1593 855 ››
1627 803 1812 858 Biduo
1860 805 1996 872 post

344 912 635 969 Barbarus
667 905 883 979 populo
906 902 1154 958 collecto
1178 896 1500 954 tentorium
1547 890 1861 965 Nicephori
1893 906 1994 962 ag-

343 1017 578 1074 gressus
598 1004 704 1053 est.
742 995 824 1050 lbi
852 991 1216 1063 Nicephorus
1236 984 1657 1043 miserabiliter
1677 982 1997 1036 obtrunca-

346 1071 438 1145 tus
466 1096 573 1151 est,
606 1100 932 1154 omnesque
953 1097 1088 1137 cum
1113 1096 1180 1134 eo
1204 1077 1383 1133 duces
1414 1081 1472 1130 et
1494 1071 1998 1129 inﬁnitamilitum

346 1176 685 1244 multitudo,
719 1172 1118 1241 omnibusque
1155 1163 1602 1239 impedimentis
1658 1160 1827 1234 potiti
1861 1162 2001 1214 sunt

346 1267 600 1341 Bulgari.
648 1266 835 1337 Caput
856 1257 1170 1333 Nicephori
1202 1256 1518 1330 prsecisum
1545 1254 1797 1308 Crumus
1822 1255 2000 1306 conto

348 1338 604 1433 przr'ﬁxit
632 1352 1028 1421 omnibusque
1050 1338 2000 1404 demonstravit.Deindeoscranii

347 1427 636 1503 nudatum
670 1447 911 1516 argento
943 1437 1206 1502 inclusit,
1232 1435 1533 1507 jussitque
1555 1427 2006 1504 principesBul-

349 1551 625 1611 garorum
659 1550 731 1589 ex
762 1549 830 1588 eo
855 1529 1077 1595 bibere,
1126 1533 1303 1597 atque
1334 1523 1625 1580 insultare
1676 1518 2005 1590 Nicephoro

356 1607 420 1682 ἱιι
477 1620 881 1680 iuexsatiabili
940 1626 999 1675 et
1054 1631 1260 1690 pacem
1338 1610 1713 1670 delrectanti.
1763 1607 2004 1664 Nullum

355 1723 589 1788 tempus
639 1710 994 1768 Christianis
1046 1704 1451 1763 calamitosius
1509 1703 1622 1756 hoc
1690 1696 2007 1770 Nicepliori

352 1806 593 1879 imperio
641 1803 753 1858 fuit
795 1819 809 1858 :
868 1799 1016 1856 adeo
1064 1794 1511 1853 crudelissimos
1558 1805 1795 1863 quoque
1864 1804 2007 1844 suos

2095 644 2125 675 «
2208 621 2321 680 Κᾶίν
2404 624 2674 697 πτερωτοὶ
2757 621 3063 698 γενώμεθα,
3127 614 3305 679 οὐδεὶς
3361 614 3571 695 ἐκφύγῃ
3654 613 3750 670 τὸν

2099 710 2402 787 δλεθρον.»
2460 714 2565 772 Καὶ
2622 713 2738 785 μεθ’
2777 709 2987 786 ἡμέρας
3038 706 3136 764 δύο
3203 706 3556 780 συναθροίσας
3613 701 3749 759 λαὸν

2101 801 2129 855 6
2163 796 2442 878 Βάρϐαρος
2474 801 2681 873 ἐπῆλθε
2707 801 2847 857 κατά
2872 803 2976 866 τῆς
3003 802 3102 854 τοῦ
3150 794 3471 877 Νικηφόρου
3521 797 3750 865 σκηνῆς.

2102 891 2205 947 Καὶ
2247 896 2440 948 τοῦτον
2498 890 2809 967 ἀναιροῦσιν
2872 887 3108 963 οἰκτρῶς
3190 885 3283 943 καὶ
3365 885 3569 946 πάντας
3624 882 3761 948 τοὺς

2103 979 2196 1034 σὺν
2248 979 2394 1052 αὐτῷ
2439 978 2713 1061 ἄρχοντας
2769 980 2856 1035 καὶ
2919 981 3017 1034 τοῦ
3070 975 3208 1033 λαοῦ
3291 971 3482 1045 πλήθη
3540 974 3758 1049 ἄπειρα,

2103 1070 2190 1125 καὶ
2224 1074 2397 1125 πᾶσαν
2436 1071 2539 1138 τὴν
2596 1069 2903 1139 ἀποσκευὴν
2957 1060 3304 1124 ἀνελάόοντο.
3384 1065 3502 1132 Τὴν
3544 1058 3602 1119 δὲ
3671 1083 3761 1118 κε-

2106 1158 2285 1237 φαλὴν
2315 1164 2414 1216 τοῦ
2444 1161 2769 1235 Νικηφόρου
2803 1159 2831 1214 6
2877 1159 3133 1233 Κροῦμος
3190 1153 3423 1229 ἐκκόψας
3475 1150 3563 1208 ἐπὶ
3597 1150 3762 1223 ξύλου

2107 1249 2408 1325 ἀνήρτησεν
2441 1248 2518 1310 εἰς
2550 1246 2804 1320 ἐπίδειξιν
2828 1248 3069 1314 πάντων,
3100 1246 3202 1301 εἶθ’
3255 1243 3432 1306 οὕτως
3467 1240 3764 1320 γυμνώσας

2104 1338 2169 1395 τὸ
2202 1339 2391 1395 ὀστοῦν
2422 1341 2511 1396 καὶ
2535 1339 2989 1416 περιαργυρώσας
3006 1335 3157 1412 πέριξ
3180 1334 3349 1391 πίνειν
3370 1334 3445 1397 εἷς
3476 1332 3611 1389 αὐτὸ
3632 1329 3764 1394 τοὺς

2109 1427 2439 1506 Βουλγάρων
2468 1428 2742 1510 ἄρχοντας
2781 1428 3082 1495 ἐκέλευσεν,
3134 1424 3587 1502 ἐγκαυχωμένους
3637 1442 3763 1481 κατ.

2111 1525 2279 1577 αὐτοῦ
2309 1521 2385 1583 ὡς
2419 1518 2707 1591 ἀπλτίστου
2736 1520 2827 1575 καὶ
2857 1521 2959 1587 τὴν
2990 1517 3210 1591 εἰρήνην
3274 1517 3352 1591 μὴ
3423 1511 3758 1582 θελὴσαντος

2110 1610 2323 1669 Τούτου
2425 1615 2524 1668 τοῦ
2606 1610 2922 1689 Νικηφόρου
2992 1615 3095 1676 τῆς
3154 1608 3338 1683 ἀρχῆς
3437 1604 3765 1677 Χριστιανοὶ

2118 1700 2411 1777 βαρύτερον
2467 1699 2647 1756 οὐδενὶ
2678 1700 2869 1776 χρόνῳ
2908 1697 3217 1772 ἠτύχησαν·
3250 1696 3455 1759 πάντας
3501 1693 3605 1770 γὰρ
3637 1692 3766 1754 τοὺς

2115 1790 2222 1866 πρὸ
2251 1790 2420 1847 αὐτοῦ
2476 1790 2797 1866 ὠμοτάτους
2830 1787 3077 1865 βασιλεῖς
3101 1790 3171 1862 τῇ
3220 1783 3579 1859 ἀπανθρωπίᾳ
3612 1783 3771 1858 ὑπερ-

349 1903 759 1953 antecessores
790 1887 1227 1946 inhumanitate
1258 1880 1769 1956 superavit.Cujus
1791 1879 1839 1934 si
1870 1877 2005 1949 quis

2129 1882 2394 1954 ηκόντισεν
2428 1880 2609 1946 οὗτος,
2650 1881 2816 1956 οὗπερ
2849 1878 2899 1935 εἲ
2952 1877 3090 1935 κατὰ
3151 1875 3314 1951 μέρος
3370 1896 3454 1937 τις
3508 1870 3765 1950 βουληθῇ

350 1983 643 2042 maleﬁcia
673 1978 1017 2053 singulatim
1043 1975 1411 2050 perscribere
1441 1971 1600 2037 velit,
1635 1985 1829 2040 neque
1860 1973 2007 2022 tem-

348 2093 458 2148 pus
479 2070 735 2129 sufﬁciet
772 2076 829 2126 et
859 2085 1071 2125 manus
1101 2063 1463 2136 fatigabitur.
1500 2059 1612 2117 Sed
1643 2076 1712 2115 ex
1744 2058 1874 2132 ipsa
1902 2073 2007 2112 ora

356 2165 501 2222 satis
535 2167 733 2236 potest
761 2160 832 2216 de
864 2164 1023 2215 texto
1047 2153 1326 2230 judicari.

423 2339 846 2401 Gravissimum
888 2338 1066 2394 etiam
1114 2334 1326 2391 vulnus
1380 2329 1613 2403 accepit
1664 2326 2004 2386 Stauracius

352 2439 419 2493 In
449 2433 805 2500 vertebram,
840 2445 1112 2504 mgreque
1149 2445 1219 2483 ex
1267 2442 1464 2499 pugna
1492 2423 1652 2478 vivus
1684 2419 1891 2477 evasit.
1940 2420 2011 2474 Et

351 2544 485 2582 cum
521 2520 969 2593 Adrianopolim
1019 2516 1406 2591 pervenisset,
1457 2514 1782 2584 imperator
1830 2509 2009 2563 etiam

352 2616 565 2672 dictus.
618 2617 688 2669 Et
717 2611 856 2683 quia
885 2626 1038 2681 equo
1069 2607 1202 2663 vehi
1234 2622 1355 2661 non
1384 2608 1637 2677 poterat.
1667 2599 1880 2656 lectica
1922 2602 2014 2653 est

356 2707 416 2761 in
449 2705 659 2760 urbem
718 2701 990 2766 delatus;
1022 2698 1179 2754 843
1237 2702 1415 2767 atque
1464 2692 1537 2748 ob
1573 2690 1788 2746 vulnus
1815 2689 1879 2743 in
1911 2703 2013 2758 pu-

350 2795 576 2851 blicum
601 2791 839 2865 prodire
894 2804 1015 2844 non
1066 2786 1269 2843 valens
1320 2784 1380 2838 in
1432 2776 1652 2855 palatio
1704 2775 2008 2834 decubuit.

359 2886 657 2940 Statuerat
725 2878 1081 2936 Michaelum
1129 2872 1554 2946 curopalatam,
1605 2869 1827 2926 sororis
1892 2882 2012 2921 suae

356 2973 660 3037 maritum,
694 2968 883 3025 oculis
911 2966 1161 3039 privare,
1197 2962 1637 3035 imperiumque
1669 2956 1839 3013 uxori
1891 2971 2014 3010 sum

355 3058 777 3133 Theophanoni
834 3056 1197 3127 relinquere.
1257 3051 1371 3109 Sed
1425 3049 1746 3106 Michaelus
1776 3044 2013 3119 cognito

356 3152 607 3209 consilio
642 3148 838 3205 effecit
861 3153 927 3202 ut
956 3147 1082 3218 ipse
1114 3145 1313 3199 statim
1343 3142 1403 3197 in
1461 3140 1628 3196 Circo
1650 3155 1685 3194 a
1716 3142 1928 3193 senatu
1959 3139 2018 3190 et

2114 1969 2363 2042 διεξιέναι
2385 1971 2453 2025 τὰ
2481 1970 2695 2046 πονηρά
2722 1966 3153 2041 ἐπιτηδεύματα,
3185 1967 3215 2022 6
3262 1964 3459 2041 χρόνος
3492 1960 3766 2036 ἐπιλείψει

2110 2064 2200 2120 καὶ
2231 2065 2267 2134 ἡ
2297 2064 2423 2140 χεὶρ
2452 2062 2729 2134 ἆτονὴσει.
2761 2060 2915 2134 Πλὴν
2947 2059 3007 2117 ἐκ
3034 2063 3134 2117 τοῦ
3164 2054 3474 2135 κρασπέδου
3497 2055 3562 2112 τὸ
3592 2053 3766 2134 ὕφασ-

2115 2175 2191 2231 μα
2218 2151 2524 2231 πρόδηλον.

2186 2337 2562 2412 Τιτρώσκεται
2618 2332 2677 2392 δὲ
2732 2335 2824 2391 καὶ
2905 2332 3243 2409 Σταυράκιος
3318 2332 3349 2387 6
3405 2328 3522 2393 υἱὸς
3612 2327 3777 2384 αὐτοῦ

2112 2426 2342 2501 καιρίως
2371 2426 2509 2481 κατά
2535 2422 2634 2481 τοῖ’)
2666 2421 2999 2481 σπονδύλου.
3058 2422 3156 2478 Καὶ
3218 2418 3381 2495 μόλις
3423 2425 3526 2487 τῆς
3585 2418 3779 2497 μάχης

2116 2516 2308 2591 ἐξῆλθε
2368 2522 2496 2587 ζῶν,
2553 2515 2645 2572 καὶ
2717 2508 3042 2571 καταλαϐὼν
3124 2513 3227 2583 τὴν
3314 2505 3776 2585 Ἀδριανούπολιν

2115 2605 2519 2682 ἀναγορεύεται.
2575 2604 2675 2662 Καὶ
2735 2606 2811 2678 μὴ
2855 2602 3148 2676 δυνάμενος
3203 2599 3525 2679 ἐποχεῖσθαι
3570 2595 3777 2676 φορείῳ

2117 2699 2217 2768 τὴν
2249 2694 2415 2753 πόλιν
2477 2690 2799 2752 κατέλαϐεν.
2850 2695 2949 2756 Ὃς
3010 2690 3102 2749 διὰ
3157 2691 3256 2759 τὴν
3296 2688 3517 2762 πληγὴν
3578 2686 3629 2743 ἐν
3697 2690 3780 2759 τῷ

2117 2786 2379 2861 παλατίῳ
2454 2785 2707 2859 κείμενος
2759 2783 3024 2861 ἆπρόϊτος
3090 2784 3182 2853 ὴν,
3231 2774 3499 2836 ἐϐούλετο
3585 2774 3643 2832 δὲ
3687 2776 3780 2831 τὸν

2117 2875 2540 2954 κουροπαλατην
2571 2875 2804 2951 Μιχαὴλ
2845 2876 2941 2931 τὸν
2970 2867 3222 2949 γαμϐρὸν
3274 2870 3445 2927 αὐτοῦ
3497 2865 3785 2943 ἐκτυφλῶ-

2125 2952 2237 3036 σαι,
2267 2972 2337 3044 τῇ
2362 2964 2419 3023 δὲ
2473 2970 2691 3043 γαμετῇ
2747 2968 3017 3042 Θεοφανοῖ
3063 2962 3162 3031 τὴν
3220 2957 3498 3036 βασιλείαν
3552 2952 3783 3014 καταλι-

2120 3062 2260 3114 πεῖν.
2296 3042 2462 3120 Γνοὺς
2493 3053 2552 3112 δὲ
2587 3058 2754 3112 τοῦτο
2786 3054 2815 3110 6
2857 3051 3088 3130 Μιχαὴλ
3145 3048 3397 3128 ἐξαίφνης
3454 3042 3772 3121 ἀναγορεύει

2120 3168 2209 3203 ται
2243 3144 2501 3223 βασιλεὺς
2532 3144 2583 3201 ἐν
2615 3149 2695 3216 τῷ
2725 3140 3089 3218 ἱπποδρομίῳ
3118 3140 3266 3214 παρὰ
3303 3146 3409 3209 τῆς
3470 3133 3782 3211 συγκλὴτου

356 3240 715 3299 exercitibus
766 3238 1094 3310 imperator
1140 3233 1564 3297 declararetur,
1597 3227 1882 3283 nimirum
1914 3240 2016 3296 spe

2129 3237 2210 3293 καὶ
2240 3241 2350 3293 τῶν
2370 3234 2662 3309 ταγμάτων
2692 3232 2769 3295 ὡς
2824 3228 2934 3302 ἤδη
2995 3230 3417 3304 ἀπεγνωσμένου
3466 3229 3565 3282 τοῦ
3604 3230 3775 3279 Σταυ-

2234 3326 2246 3334 .
2391 3327 2449 3334 ..Α
2722 3324 2745 3334 ιι
2766 3322 2780 3334 ι
2894 3327 2929 3334 -
3093 3320 3103 3334 Ι
3392 3320 3418 3331 α
3583 3313 3606 3334 λ
3693 3312 3704 3334 Ι

355 3331 517 3388 omni
543 3329 670 3402 jam
704 3327 778 3383 de
837 3324 1138 3381 Stauracio
1198 3322 1448 3394 abjecta.
1506 3320 1623 3374 Hoc
1667 3323 1732 3371 ut
1778 3313 2014 3369 rescivit

354 3418 714 3478 Stauracius.
762 3415 983 3488 palatio
1047 3428 1320 3486 egressus
1350 3427 1413 3466 se
1463 3416 2014 3464 etuxoremmona-

356 3511 504 3567 stico
533 3509 742 3566 habitu
773 3505 987 3569 induit,
1012 3503 1196 3575 inque
1229 3500 1590 3557 monasterio
1643 3499 1825 3552 Braca
1852 3494 2012 3549 diem

357 3600 525 3669 obiit,
557 3604 765 3668 estque
809 3595 872 3650 in
921 3594 1110 3665 Satyri
1163 3590 1525 3649 monasterio
1558 3585 1844 3659 sepultus.
1903 3584 2016 3638 Pa-

356 3688 618 3746 triarcha
650 3694 773 3743 tum
792 3685 906 3742 fuit
934 3683 1347 3741 sanctissimus
1376 3679 1762 3752 Nicephorus.

435 3951 755 4010 Michaelus
786 3949 1178 4023 curopalates,
1232 3946 1634 4020 cognomento
1691 3934 2017 3997 Bancabes’

361 4061 545 4119 gener
574 4041 887 4114 Nicephori
914 4035 1316 4112 imperatoris,
1339 4052 1374 4091 a
1432 4038 1645 4089 senatu
1674 4029 2015 4104 populoque

367 4136 627 4193 delatum
644 4133 755 4190 sibi
771 4131 1089 4205 imperium
1106 4126 1397 4202 principio
1412 4123 2023 4194 recusavit.imparem

368 4244 430 4283 se
489 4231 667 4282 tanta)
716 4239 916 4279 rerum
963 4220 1108 4276 moli
1166 4215 1490 4273 tractandas
1531 4228 1805 4281 causans,
1840 4210 2023 4282 idque

370 4315 547 4372 Leoni
568 4313 842 4388 patricio,
874 4310 1116 4367 natione
1145 4306 1451 4374 Armenio,
1494 4302 1889 4361 Orientalium
1935 4316 2029 4355 co-

368 4407 602 4479 piarum
630 4403 766 4459 duci
789 4397 1255 4469 concedens,qui
1287 4395 1599 4452 animosus
1620 4393 2030 4448 virstrenuus-

373 4512 487 4567 que
517 4489 995 4551 habebatur.Sed
1026 4488 1138 4544 Leo
1165 4486 1382 4549 renuit,
1416 4481 1907 4557 quodindignum
1965 4496 2028 4537 se

373 4582 757 4657 imperatorio
788 4579 938 4636 solio
969 4577 1216 4641 diceret,
1238 4575 1417 4647 idque
1434 4573 1511 4630 ad
1533 4572 1883 4629 Michaelum
1897 4586 2034 4643 per-

2125 3326 2332 3402 ρακίου.
2390 3327 2563 3398 Ὂπερ
2641 3322 2830 3395 μαθὼν
2893 3320 3229 3394 Σταυράκιος
3323 3320 3422 3373 τοῦ
3504 3312 3777 3371 παλατίου

2119 3416 2374 3488 ἐξελθὼν,
2404 3413 2466 3468 τὸ
2528 3409 2816 3485 μοναδικὸν
2876 3407 3067 3463 αὐτίκα
3125 3407 3217 3461 σὺν
3276 3409 3346 3479 τῇ
3404 3403 3623 3477 γυναικὶ
3683 3400 3778 3457 αύ-

2118 3511 2214 3562 τοῦ
2263 3506 2530 3581 Θεοφανοῖ
2581 3498 2958 3575 περιθέμενος,
3015 3497 3094 3561 εἰς
3143 3495 3211 3551 τά
3268 3498 3449 3570 Βρακᾶ
3492 3513 3780 3567 μοναστη-

2123 3617 2241 3672 ριον
2261 3591 2600 3662 ἐτελεύτησε,
2631 3588 2721 3646 καὶ
2752 3587 2920 3670 ἐτάφη
2952 3585 3006 3643 ἐν
3050 3591 3121 3662 τῇ
3175 3588 3319 3660 μονῇ
3373 3587 3472 3640 τοῦ
3505 3583 3775 3655 Σατύρου.

2121 3687 2231 3745 Τὸν
2263 3681 2322 3740 δὲ
2344 3689 2445 3753 τῆς
2476 3678 2893 3762 ἀρχιερωσύνης
2915 3677 3105 3755 θρόνον
3138 3681 3389 3752 κατεῖχεν
3413 3676 3441 3731 ὁ
3471 3674 3780 3752 ἁγιώτατος

2122 3782 2171 3835 Ν
2180 3774 2465 3852 ικηφὸρος.

2201 3936 2438 4015 Μιχαὴλ
2490 3932 2548 3993 δὲ
2625 3936 2654 3992 6
2729 3930 3154 4008 κουροπαλάτης
3210 3929 3302 3987 καὶ
3376 3921 3632 4004 γαμϐρὸς
3681 3929 3782 3982 τοῦ

2134 4028 2405 4110 βασιλεως
2434 4024 2781 4107 Νικηφόρου,
2813 4025 2860 4098 ᾧ
2898 4016 3168 4110 Ῥαγκαϐὶ
3196 4022 3263 4090 ἦν
3325 4021 3361 4090 ἡ
3412 4017 3787 4094 προσηγορία,

2132 4106 2395 4198 ἐγκρατὴς
2445 4122 2554 4174 τῶν
2602 4106 2940 4190 νῬωμαϊκῶν
3007 4108 3097 4167 διὰ
3148 4113 3247 4165 τοῦ
3306 4106 3488 4182 δημου
3537 4107 3629 4163 καὶ
3685 4111 3789 4174 τῆς

2135 4209 2451 4288 συγκλητω
2536 4203 2902 4264 ἀναδείκνυται
2984 4221 3300 4276 σκηπτρων,
3392 4195 3789 4269 ἀπωθούμενος

2260 4301 2359 4371 τὴν
2410 4297 2609 4375 ἀρχὴν,
2669 4293 2760 4351 καὶ
2821 4294 2898 4365 μὴ
2957 4290 3145 4354 ἱκανὸς
3201 4289 3337 4345 εἶναι
3395 4285 3574 4366 λέγων
3622 4282 3788 4361 ὄγκον

2132 4390 2408 4450 τοσούτων
2481 4382 2815 4461 πραγμάτων
2897 4378 3438 4456 προσαναζώσατθαι’
3522 4380 3603 4449 τῷ
3687 4394 3794 4430 πα-

2135 4479 2333 4558 τρικίῳ
2363 4476 2421 4534 δὲ
2451 4471 2641 4533 Λέοντι
2697 4477 2778 4546 τῷ
2833 4470 2886 4543 ἐξ
2940 4468 3270 4558 Ἀρμενίων,
3330 4463 3485 4543 ἀνδρὶ
3515 4461 3799 4539 θυμοειδεῖ

2144 4569 2395 4628 δοκοῦντι
2423 4564 2516 4621 καὶ
2562 4559 2880 4635 δραστηρὶῳ
2928 4557 3021 4615 καὶ
3070 4561 3168 4615 τοῦ
3225 4555 3629 4634 στρατεύματος
3689 4557 3802 4610 τῶν

377 4675 588 4729 tinere.
622 4674 805 4737 Quem
856 4669 1197 4725 cohortatus
1227 4671 1319 4720 est
1345 4663 1421 4722 ad
1450 4661 1891 4735 suscipiendam
1939 4677 2018 4716 re

2145 4657 2518 4722 Ἀνατολικῶν
2564 4651 2796 4728 ἄρχοντι
2850 4654 3167 4721 τηνικαῦτα,
3226 4648 3543 4723 παρεχώρει
3586 4652 3689 4716 τῆς
3717 4644 3802 4718 ἐξ·

378 4778 509 4819 rum
542 4758 1056 4833 gubernationem,
1082 4755 1457 4827 promittens,
1484 4770 1554 4809 ac
1583 4751 1877 4825 promissa
1902 4767 2034 4824 gra-

379 4850 639 4907 vissimis
680 4847 1041 4921 juramentis
1090 4845 1366 4901 sanciens
1423 4837 1713 4900 famulum
1764 4840 2035 4914 seipsius

380 4959 485 5015 per
501 4937 947 4997 omnem'vitam
972 4934 1506 5006 ﬁdelissimumque
1530 4939 1588 4989 et
1617 4930 2036 4989 alacerrimum

383 5028 807 5086 adminislrum
860 5026 1007 5081 fore.
1042 5026 1129 5079 Ita
1164 5023 1484 5079 Michaelus
1514 5028 1720 5078 contra
1736 5018 1919 5076 animi
1946 5016 2035 5073 sui

384 5119 759 5192 prepositum
786 5115 1022 5188 imperii
1073 5113 1336 5170 habenas
1385 5111 1726 5169 tractandas
1755 5105 2036 5178 suscepit.

386 5215 460 5267 At
475 5211 728 5266 Crumus
747 5206 1116 5279 Bulgarorum
1131 5204 1429 5276 princeps.
1440 5200 1815 5258 successibus
1826 5196 2040 5264 elatus,

387 5316 522 5356 cum
556 5298 781 5353 videret
828 5295 952 5351 suis
1001 5308 1238 5365 quoque
1292 5291 1527 5347 animos
1584 5290 1740 5346 844
1813 5284 2040 5342 recenti

387 5390 633 5448 victoria
657 5394 885 5446 auctos,
920 5384 1215 5440 incendiis
1246 5389 1304 5438 et
1331 5379 1821 5455 populationibus
1873 5376 2040 5434 Occi-

392 5479 633 5536 dentem
668 5475 958 5532 vastabat.
984 5473 1128 5529 Huic
1176 5471 1335 5528 bello
1386 5468 1821 5526 occurrendum
1854 5466 2043 5539 repri-

394 5567 760 5635 mendasque
792 5565 922 5636 ejus
942 5569 1231 5634 quantum
1266 5560 1394 5614 ﬁeri
1443 5563 1646 5631 posset
1674 5557 2046 5614 incursiones

395 5655 715 5710 Michaelus
736 5652 1040 5725 judicans,
1098 5648 1372 5706 celeriter
1435 5648 1699 5704 dimissis
1746 5648 1809 5703 in
1840 5664 2049 5703 omnes

390 5748 595 5817 partes
653 5742 862 5798 edictis
918 5739 1212 5796 exercitus
1258 5737 1502 5811 colligit.
1555 5737 1671 5795 Sed
1696 5744 1756 5794 et
1799 5738 2051 5795 Crumus

402 5834 471 5890 de
498 5831 879 5905 imperatoris
923 5827 1300 5902 expeditione
1348 5828 1568 5886 certior
1642 5828 1853 5901 factus,
1913 5843 2051 5884 suos

2146 4749 2354 4813 ουσίας,
2383 4742 2480 4802 κάν
2523 4741 2721 4804 ἐκεῖνος
2752 4737 3046 4813 διδομένην
3105 4732 3292 4796 λαϐεῖν
3350 4736 3455 4793 ούκ
3508 4733 3806 4807 ἠθέλησεν,

2150 4838 2361 4909 ἀνάξιον
2424 4833 2612 4890 ἑαυτὸν
2700 4826 2997 4886 ἀποκαλῶν
3066 4831 3165 4884 τοῦ
3251 4824 3541 4902 βασιλικοῦ
3581 4823 3802 4896 θρόνου,

2152 4924 2527 5002 Ιιρούτρέπετο
2559 4918 2618 4977 δὲ
2649 4917 2868 4995 μᾶλλον
2928 4918 3021 4974 τὸν
3080 4915 3316 4991 Μιχαὴλ
3380 4915 3455 4979 ὡς
3501 4913 3649 4987 αότῷ
3675 4913 3806 4988 πρέ.

2149 5037 2250 5073 πον
2311 5009 2664 5084 ἀναδέξασθαι
2702 5009 2766 5065 τὸ
2822 5008 3045 5083 κράτος,
3112 5005 3204 5060 καὶ
3259 5004 3422 5065 αὖτις
3483 5003 3806 5081 ὑπισχνεῖτο

2152 5105 2373 5176 οἰκέτης
2408 5100 2617 5167 ἔσεσθαι
2651 5097 2741 5155 διδ.
2774 5098 2894 5175 βίου
2952 5096 3044 5152 καὶ
3101 5093 3423 5171 λειτουργὸς
3481 5091 3807 5155 πιστότατός

2150 5216 2211 5253 τε
2260 5193 2351 5251 καί
2418 5190 2880 5269 δραστικώτατος,
2938 5187 3028 5243 καὶ
3099 5184 3287 5260 ὅρκοις
3343 5180 3805 5260 φρικωδεστάτοις

2154 5282 2410 5342 ἆθεπέδου
2465 5282 2562 5345 τὰς
2617 5276 2963 5354 ὑποσχέσεις.
3025 5276 3112 5351 [Ρ.
3175 5276 3303 5349 483]
3352 5273 3512 5332 Οὕτω
3597 5271 3655 5327 δὲ
3711 5275 3814 5327 τοῦ

2156 5374 2388 5451 Μιχαὴλ
2442 5372 2533 5428 καὶ
2588 5369 2737 5445 παρά
2793 5367 2885 5423 τὸν
2972 5365 3172 5421 οἰκεῖον
3256 5364 3458 5419 σκοπὸν
3510 5364 3607 5426 τὰς
3656 5360 3813 5432 ἡνίας

2155 5452 2552 5537 ἀναδεξαμένου
2582 5466 2681 5530 τῆς
2716 5455 3024 5534 βασιλείας,
3062 5453 3316 5530 Κρούμου
3372 5475 3431 5510 τε
3486 5458 3586 5508 τοῦ
3647 5451 3815 5527 βουλ-

2156 5555 2336 5633 γάρων
2405 5551 2679 5627 ἄρχοντος
2748 5553 2867 5611 ταῖς
2951 5543 3258 5620 ἔμπροσθεν
3317 5542 3597 5619 εὐτυχίαις
3653 5541 3826 5618 ἐπαρ-

2160 5645 2363 5710 θέντος,
2406 5641 2498 5697 καὶ
2551 5644 2661 5694 τῶν
2701 5634 3033 5714 Βουλγσὶρων
3089 5633 3638 5714 φρονηματισθέντων
3694 5636 3820 5696 ταῖς

2158 5736 2355 5804 νίκαις,
2380 5732 2448 5789 τὰ
2470 5733 2570 5799 τῆς
2603 5728 2814 5793 Δύσεως
2842 5721 3188 5803 ἐπυρπόλουν
3237 5743 3297 5778 τε
3351 5721 3442 5779 καὶ
3499 5720 3817 5795 ἔληΐζοντο.

2162 5818 2382 5895 Ἔδοεεν
2422 5823 2514 5877 οῦν
2571 5823 2653 5892 τῷ
2708 5812 2931 5893 βασιλεῖ
2972 5810 3210 5894 Μιχαὴλ
3267 5811 3647 5888 ικστρατεῦσαι
3700 5814 3822 5870 κατ’
