4112 6424
309 405 437 472 929

1466 409 2007 473 HISTORIARUM
2052 407 2608 474 GOMPENDIUM.

3626 409 3748 471 930

308 545 494 601 αὐτῶν
525 542 615 598 καὶ
646 545 768 608 καθ’
799 542 927 600 ’ὸσον
962 542 1082 599 οἷόν
1120 564 1181 600 τε
1224 542 1473 622 ἐπισχεῖν
1505 543 1598 601 καὶ
1629 541 1969 622 ἀναχαιτίσαι

2093 561 2166 601 ex
2215 543 2683 618 prmdationibus
2726 548 3032 600 revocatos
3092 544 3155 599 in
3199 560 3387 600 unum
3444 545 3742 612 conducit,

305 636 407 697 τΞις
438 633 822 710 Βουλγαρικάς
854 638 1157 709 προνομάς.
1187 635 1338 712 Ταχῦ
1390 655 1451 691 τε
1496 632 1587 690 οὖν
1637 632 1985 710 διατάγματα

309 723 626 799 ἐπέμποντο
684 730 968 800 πανταχοῦ
1054 724 1146 781 καὶ
1220 725 1365 801 ταχὺ
1450 725 1518 780 τά
1605 725 1983 800 στρατεύματα

307 813 767 888 συνηθροίζοντο.
821 815 925 871 Καὶ
985 814 1014 870 6
1072 817 1327 889 Κροῦμος
1361 813 1418 871 δὲ
1446 816 1548 886 τήν
1580 814 1675 869 τοῦ
1709 815 1984 891 βασιλέως

307 905 629 981 πυθόμενος
659 905 897 977 κίνησιν,
929 905 1021 961 τὸν
1061 907 1254 963 ἑαυτοῦ
1309 904 1441 961 λαὸν
1472 905 1533 962 ἐκ
1560 910 1659 973 τῆς
1692 914 1981 982 προνομῆς

311 992 792 1069 ἀνακαλεσάμενος
850 996 940 1051 καὶ
1002 997 1091 1074 ὑφ’
1144 992 1202 1052 ’ἐν
1256 997 1633 1070 συναθροίσας,
1686 996 1981 1073 στρατόπε-

313 1083 411 1141 δόν
467 1105 524 1141 τε
583 1084 845 1159 καρτερὸν
910 1082 1063 1158 μάλα
1119 1085 1353 1156 ἐπήξατο
1410 1086 1499 1140 καὶ
1557 1081 1777 1141 ἐπιόντα
1809 1106 1981 1160 προσ-

311 1174 477 1248 έμενε
528 1172 623 1228 τὸν
683 1170 930 1249 βασιλέα.
989 1172 1080 1236 Ὦς
1139 1172 1197 1229 δὲ
1248 1174 1335 1229 καί
1392 1173 1551 1237 οὗτος
1610 1166 1833 1253 ἆὲρίκετο
1890 1173 1979 1230 καὶ

308 1258 885 1340 παρεστρατοπέδευσε
954 1267 1035 1336 τῷ
1123 1263 1367 1338 Κρούμῳ
1443 1263 1621 1339 ἀγχοῦ
1705 1285 1812 1319 που
1876 1272 1978 1334 τῆς

311 1352 827 1427 Ἀδριανουπόλεως
924 1351 1299 1426 αὐλιζομένῳ,
1380 1350 1785 1430 ἀκροϐολισμοὶ
1882 1356 1976 1428 μὲν

311 1443 561 1522 ἐγίνοντο
636 1447 882 1520 συνεχεῖς
957 1444 1047 1499 καὶ
1108 1443 1233 1499 ’ὀσον
1295 1441 1347 1500 ἐν
1409 1438 1730 1514 ἐκηδολίαις
1796 1444 1979 1521 μάχη,

311 1534 408 1589 καὶ
465 1531 519 1590 ἐν
571 1532 768 1595 πάσαις
825 1533 1017 1595 αὐταῖς
1095 1531 1512 1609 ἐπικρατέστερα
1563 1534 1631 1589 τὰ
1684 1534 1974 1609 Ῥωμαίων

313 1622 584 1705 ἐφαίνετο,
640 1623 716 1685 ὡς
770 1623 860 1678 καὶ
910 1624 1245 1701 φυσηθέντας
1305 1620 1398 1679 διά
1445 1628 1610 1680 τοῦτο
1656 1622 1783 1687 τοὺς
1814 1644 1974 1699 στρα-

311 1713 519 1775 τιώτας
577 1712 753 1787 ὁρμᾷν
810 1712 900 1767 καί
960 1709 1250 1792 σφαδάζειν
1307 1713 1444 1788 πρὸς
1503 1712 1831 1791 ἀγχέμαχον
1883 1712 1974 1769 καὶ

312 1799 621 1871 καθολικὴν
672 1800 1027 1875 συμπλοκήν.
1086 1800 1415 1882 Ἐπέχοντος
1466 1798 1523 1858 δὲ
1572 1807 1668 1858 τοῦ
1701 1800 1974 1875 βασιλέως

312 1891 407 1947 καὶ
469 1885 864 1966 διατρίϐοντος,
924 1888 1031 1946 εἴτε
1089 1887 1178 1946 διὰ
1237 1889 1467 1957 δειλίαν,
1511 1888 1696 1968 ὥσπερ
1727 1890 1965 1968 ἐλέγετο,

313 1978 427 2037 εἴτε
455 1979 543 2036 καὶ
575 1980 762 2054 καιρὸν
819 1981 1114 2052 ζήτοῦντος
1171 1980 1264 2036 τὸν
1323 1979 1656 2053 ἐπιτήδειον,
1709 1982 1784 2044 είς
1816 1983 1968 2036 ἀναι-

314 2069 576 2145 σχυντίαν
608 2070 670 2124 τὸ
700 2067 914 2140 πλῆθος
947 2067 1177 2146 ἐτράπη,
1233 2068 1324 2126 καὶ
1380 2065 1655 2125 κατεϐόων
1691 2070 1768 2133 είς
1799 2070 1970 2146 πρόσ-

313 2180 469 2214 ωπον
519 2156 617 2214 τοῦ
674 2157 969 2233 βασιλέως,
1026 2158 1117 2214 καὶ
1196 2157 1248 2214 εἶ
1319 2161 1396 2233 μή
1456 2158 1646 2231 ἐξάξει,
1704 2157 1971 2230 ἠπείλουν

305 2247 470 2304 αὖτοί
526 2268 584 2303 τε
640 2244 925 2325 διαρρῆξαι
980 2248 1073 2303 τὸν
1133 2247 1350 2324 χάρακα
1397 2250 1487 2304 καὶ
1541 2246 1796 2324 συῤῥάξαι
1852 2256 1972 2315 τοῖς

306 2335 595 2399 ἐναντίοις.
649 2336 879 2400 Τούτοις
938 2335 1334 2403 κατακλεισθεὶς
1393 2343 1513 2402 τοῖς
1571 2340 1766 2416 λόγοις
1808 2340 1836 2395 6
1870 2340 1968 2416 βα-

300 2427 495 2491 σιλεὺς
525 2426 795 2506 ἀνοίγνυσί
841 2449 899 2484 τε
956 2428 1055 2493 τὰς
1116 2426 1298 2492 πύλας
1353 2433 1452 2485 τοῦ
1483 2427 1850 2505 στρατοπέδου
1878 2430 1969 2486 καὶ

292 2518 440 2593 πρὸς
495 2517 793 2593 παράταξιν
851 2515 1072 2577 ἵστατο.
1133 2520 1214 2575 Τὸ
1268 2514 1315 2573 δ’
1374 2518 1507 2575 αὐτὸ
1573 2522 1735 2574 τοῦτο
1790 2519 1882 2575 καὶ
1939 2521 1967 2576 6

301 2611 563 2682 Κροῦμος
623 2606 936 2683 εἰργάσατο,
993 2607 1085 2663 καὶ
1143 2608 1234 2663 τὸν
1293 2609 1487 2665 ἐαυτοῦ
1545 2609 1800 2681 συντάξας
1832 2608 1964 2666 λαὸν

315 2703 332 2718 ν.
414 2694 492 2730 :9;
695 2693 719 2715 al
920 2701 948 2712 ι-
1238 2703 1262 2715 ..
1508 2699 1522 2718 ι
1626 2701 1639 2723 ,
1734 2699 1759 2716 ν-
1805 2697 1825 2714 ιο

304 2716 636 2774 αντιρροπος
693 2718 822 2767 εστη
881 2718 961 2770 τῳ
1039 2695 1280 2774 βασιλει.
1342 2695 1535 2754 Πολλα
1593 2695 1621 2754 δ
1697 2720 1854 2763 ουτος
1908 2721 1967 2755 τε

300 2792 554 2852 κάκεῖνος
595 2791 688 2848 τὸν
747 2792 939 2846 ἑαυτοῦ
993 2787 1221 2853 ἕκαστος
1277 2790 1658 2867 παρακαλέσας
1688 2790 1842 2863 λαὸν,
1874 2791 1964 2849 καὶ

303 2879 510 2960 λόγους
568 2879 894 2959 ἐπαγωγοὺς
943 2881 1034 2936 καὶ
1093 2883 1435 2957 παραινέσεις
1494 2881 1735 2944 εἰπόντες
1788 2903 1963 2957 παρα-

297 2972 530 3028 καλέσαι
584 2968 884 3044 δυναμένας
923 2970 1059 3047 πρὸς
1110 2971 1310 3042 ἀλκήν,
1359 2971 1521 3036 τέλος
1564 2974 1626 3027 τὸ
1655 2972 1960 3046 πολεμικὸν

298 3067 423 3124 ταῖς
482 3058 744 3138 σάλπιγξι
803 3061 1185 3136 σημηνάμενοι
1242 3060 1520 3133 ἀλλήλοις
1570 3061 1959 3139 προσέρῥαξαν.

301 3152 611 3228 Εὖρώστως
661 3148 720 3206 δὲ
761 3155 871 3206 τῶν
923 3150 1209 3223 Ῥωμαίων
1260 3150 1607 3207 ὑποστάντων
1638 3151 1766 3216 τοὺς
1794 3151 1964 3208 πολε-

310 3240 489 3314 μίους,
515 3243 777 3314 ἡρωϊκῶς
819 3261 879 3296 τε
927 3241 1016 3295 καὶ
1068 3238 1330 3316 ἀνδρείως
1362 3240 1804 3316 ἁγωνιζομένων,
1839 3237 1961 3296 ἐδα-

303 3336 504 3388 πανᾶτο
549 3333 617 3387 τά
672 3336 780 3387 τῶν
846 3330 1204 3407 Βουλγάρων,
1278 3331 1370 3386 καὶ
1446 3331 1523 3394 εἷς
1581 3329 1822 3404 παντελῆ
1900 3329 1960 3387 ἃν

297 3418 520 3476 ἀπεῖδεν
578 3422 885 3500 ὑπαγωγὴν
935 3419 1067 3496 (ἤδη
1129 3420 1235 3497 γάρ
1291 3419 1381 3477 καὶ
1439 3420 1603 3483 αὐτὸς
1644 3422 1672 3477 6
1710 3426 1960 3494 Κροῦμος

299 3510 580 3585 ἀπέκαμεν
613 3512 935 3587 άπανταχοῦ
993 3509 1421 3583 ἐξιππαζόμενος
1480 3510 1572 3567 καὶ
1603 3512 1670 3566 τά
1698 3517 1963 3568 πονοῦντα

295 3604 413 3655 τῶν
467 3599 888 3676 στρατευμάτων
971 3594 1420 3672 ἀναλαμϐάνων),
1491 3600 1536 3656 εί
1598 3602 1674 3673 μή
1737 3600 1887 3656 Λέων
1934 3601 1962 3656 ὁ

293 3692 411 3744 τῶν
453 3687 827 3745 Ἀνατολικῶν
858 3690 1165 3766 στρατηγὸς
1211 3695 1313 3759 τῆς
1373 3687 1653 3764 βασιλείας
1701 3687 1840 3765 ἐρῶν
1871 3689 1962 3746 καὶ

296 3779 368 3835 τά
426 3778 514 3834 ὑπ’
562 3778 720 3834 αὐτὸν
782 3775 1095 3856 διαφθείρας
1155 3776 1427 3855 τάγματα,
1485 3777 1579 3834 συν
1639 3778 1827 3841 αὐτοῖς
1858 3781 1958 3849 τήν

293 3869 450 3941 τάξιν
481 3866 773 3924 ἀπολιπὼν
833 3867 1014 3943 ᾤχετο
1073 3867 1287 3946 φεύγων
1346 3865 1523 3930 αἰτίας
1560 3865 1759 3947 χωρίς.
1787 3866 1974 3924 Τοῦτο.

303 3954 367 4012 δὲ
395 3957 486 4012 καὶ
528 3958 555 4013 6
588 3957 785 4020 λοιπὸς
843 3957 1071 4032 στρατὸς
1121 3954 1356 4013 κατιδών
1408 3956 1673 4032 ἐξεπλάγη
1732 3957 1822 4011 καὶ
1870 3958 1962 4012 τὸν

2090 637 2421 709 castrisque
2453 637 2681 709 egregie
2716 637 2962 691 munitis
2992 635 3310 691 adventum
3343 637 3473 707 ejus
3502 643 3744 708 prmsto-

2089 726 2270 781 latur.
2304 727 2376 782 Ut
2404 726 2564 781 venit
2593 725 2934 798 imperator.
2960 732 3276 798 castraque
3306 727 3503 781 Crulni
3534 727 3742 782 castris

2088 815 2371 889 opposuit
2398 815 2556 872 baud
2588 817 2789 888 procul
2824 816 3231 888 Adrianopoli,
3265 816 3492 872 levibus
3525 817 3748 888 prwliis

2090 903 2342 959 subinde
2373 910 2664 959 certatum
2708 909 2798 959 est
2845 905 3199 976 eminusque
3234 904 3364 960 telis
3395 912 3745 977 pugnatum.

2085 992 2309 1058 Quibus
2340 1009 2475 1048 cum
2508 1009 2746 1065 semper
2792 994 3065 1066 superior
3114 999 3269 1049 esset
3317 1011 3413 1049 res
3462 997 3749 1061 Romana,

2085 1081 2274 1137 inflati
2306 1082 2526 1138 milites
2548 1084 2778 1155 justum
2833 1084 3106 1156 praelium
3155 1084 3436 1140 ardenter
3464 1090 3744 1155 appetere

2083 1176 2261 1243 atque
2292 1172 2591 1244 postulare
2622 1180 2947 1245 coeperunt.
2981 1175 3246 1246 Cumque
3272 1173 3599 1246 imperator
3620 1173 3743 1228 sive

2085 1268 2268 1329 metu,
2295 1267 2363 1317 ut
2391 1262 2714 1329 ferebatur,
2764 1265 2883 1319 sive
2927 1265 3304 1319 occasionem
3337 1269 3584 1335 captans
3612 1263 3740 1317 ido-

2082 1366 2257 1406 neam
2287 1351 2589 1408 inhiberet
2618 1368 2968 1425 moramque
2998 1353 3291 1425 injiceret,
3314 1353 3388 1409 ad
3419 1352 3736 1424 impuden-

2085 1440 2226 1496 tiam
2260 1442 2545 1514 prolapsi,
2580 1443 2638 1497 in
2670 1443 2883 1498 faciem
2933 1443 3350 1515 imperatorem
3384 1442 3740 1515 importunis

2081 1531 2446 1587 clamoribus
2496 1532 2890 1606 objurgarunt
2939 1534 3058 1588 nisi
3090 1533 3390 1599 educeret,
3439 1538 3634 1588 castra
3677 1547 3740 1586 se

2084 1627 2364 1694 rupturos
2383 1624 2564 1695 inque
2577 1623 2811 1680 hostem
2829 1625 3116 1696 impetum
3137 1625 3398 1680 facturos
3413 1623 3737 1678 minantes.

2078 1712 2158 1766 Iis
2216 1711 2395 1768 minis
2454 1712 2676 1768 fractus
2752 1714 3101 1786 imperator,
3162 1714 3346 1786 portis
3405 1719 3736 1769 castrorum

2079 1801 2320 1874 apertis,
2353 1818 2493 1857 suos
2523 1803 2585 1857 in
2618 1803 2807 1858 aciem
2838 1804 3038 1859 educit
3077 1804 3436 1875 ordinesque
3468 1803 3738 1860 instruit.

2077 1890 2239 1945 Idem
2265 1896 2325 1946 et
2350 1892 2600 1947 Crumus
2646 1892 2809 1948 facit.
2855 1895 3000 1948 Cum
3046 1899 3301 1965 uterque
3346 1894 3552 1949 multis
3592 1909 3733 1948 suos

2078 1980 2153 2035 ad
2197 1980 2610 2037 fortitudinem
2669 1987 2826 2037 esset
2882 1984 3244 2046 exhortatus.
3297 1983 3539 2039 tandem
3579 1984 3735 2040 clas-

2077 2070 2266 2125 sicum
2298 2070 2451 2126 845
2503 2072 2683 2142 canit,
2743 2077 2803 2128 et
2856 2072 3087 2128 intestae
3135 2073 3294 2128 acies
3346 2079 3727 2129 concurrunt.

2074 2160 2321 2232 Jamque
2380 2160 2688 2233 Bulgarica
2740 2178 2839 2218 res
2893 2162 3258 2219 atterebatur
3303 2168 3361 2218 et
3417 2162 3494 2218 ad
3534 2163 3730 2235 fugam

2077 2250 2350 2323 protinus
2372 2250 2696 2322 spectabat,
2723 2252 2882 2324 quod
2912 2257 2970 2306 et
2998 2253 3250 2308 Romani
3280 2252 3512 2308 fortiter
3530 2253 3732 2308 hostes

2076 2340 2481 2397 subsistebant
2500 2346 2678 2412 atque
2696 2342 2935 2399 heroica
2949 2343 3163 2399 virtute
3180 2359 3438 2417 pugnam
3462 2343 3729 2412 obibant,

2075 2432 2134 2483 et
2162 2429 2289 2502 ipse
2326 2428 2454 2501 jam
2476 2430 2728 2486 Crumus
2758 2431 3022 2502 undique
3062 2430 3288 2487 circum
3318 2431 3641 2503 equitando
3674 2437 3735 2487 et

2073 2519 2314 2575 ordines
2344 2519 2688 2576 laborantes
2705 2521 3028 2577 reficiendo
3055 2521 3411 2594 defatigatus
3442 2527 3727 2587 erat,cum

2078 2610 2190 2665 Leo
2222 2608 2340 2665 dux
2370 2610 3051 2682 Orientalium..imperii
3087 2611 3358 2683 cupidus,
3392 2627 3531 2667 suos
3553 2611 3729 2667 dictis

2072 2705 2383 2771 corruptos
2413 2698 2486 2754 ab
2508 2700 2633 2755 acie
2656 2700 2888 2771 reliqua
2917 2700 3135 2768 avellit,
3163 2700 3448 2772 nultaque
3479 2706 3727 2773 urgente

2070 2789 2429 2845 necessitate
2476 2790 2673 2861 fugam
2723 2789 2884 2845 facit.
2945 2792 3061 2846 Hoc
3115 2791 3304 2846 visum
3356 2791 3728 2862 reliquorum

2070 2880 2303 2937 animos
2334 2880 2590 2952 perculit
2645 2880 3025 2953 vigoremque
3081 2880 3451 2938 fortitudinis
3480 2882 3723 2938 retudit.

2069 2973 2140 3026 Et
2169 2970 2425 3044 Bulgari,
2458 2972 2558 3043 qui
2590 2971 2846 3043 jamjam
2905 2973 2967 3028 in
3019 2973 3217 3046 fugam
3278 2989 3341 3029 se
3399 2975 3729 3046 conjecturi

2067 3060 2441 3127 videbantur,
2467 3061 2686 3116 animis
2717 3065 2971 3133 receptis
3001 3079 3069 3118 ac
3100 3064 3361 3118 elamore
3390 3069 3449 3117 et
3476 3064 3730 3135 strepitu

2069 3152 2303 3208 sublato
2336 3151 2397 3206 in
2442 3154 2740 3207 Romanos
2794 3152 3117 3210 irruerunt.
3152 3156 3239 3209 Ita
3266 3155 3513 3210 victoria
3542 3154 3600 3209 in
3634 3155 3732 3210 al-

2070 3248 2258 3298 teram
2292 3240 2529 3297 transiit
2574 3248 2825 3313 partem.
2878 3245 3023 3298 Nam
3072 3242 3322 3299 Romani
3363 3260 3606 3298 suorum
3639 3244 3730 3299 di-

2069 3335 2372 3391 scessione
2394 3335 2627 3390 animos
2648 3334 3179 3407 dejecti,impetum
3200 3336 3580 3409 Bulgarorum
3609 3353 3729 3391 non

2071 3426 2502 3493 sustinuerunt,
2537 3425 2641 3481 sed
2690 3426 2887 3482 statim
2923 3434 3087 3498 terga
3111 3426 3423 3482 dederunt.
3453 3427 3615 3481 Multi
3650 3425 3731 3481 ibi

2077 3516 2294 3572 milites
2325 3520 2382 3569 et
2411 3531 2531 3570 non
2564 3516 2735 3588 pauci
2766 3515 3044 3572 ductores
3074 3515 3438 3572 ceciderunt.
3471 3516 3731 3587 Impera-

2073 3609 2168 3660 tor
2196 3621 2348 3678 aegre
2380 3621 2514 3660 cum
2536 3611 2703 3677 parte
2725 3605 3020 3662 exercitus
3041 3606 3271 3676 integra
3298 3605 3732 3677 Adrianopolin

2074 3693 2361 3765 pervenit,
2393 3699 2570 3766 atque
2600 3693 2740 3749 inde
2770 3694 3329 3767 Constantinopolin
3360 3694 3556 3757 rediit,
3588 3695 3736 3750 Leo-

2075 3799 2212 3839 nem
2244 3799 2380 3839 cum
2410 3783 2535 3840 suis
2564 3783 2627 3838 in
2661 3784 2909 3841 Thracia
2956 3785 3327 3856 relinquens.
3360 3790 3426 3839 ut
3455 3785 3732 3856 praasidio

2073 3872 2301 3946 regioni
2352 3878 2509 3928 esset
2550 3872 3044 3946 incursionesque
3095 3875 3482 3947 Bulgarorum
3541 3874 3731 3946 repri-

2076 3966 2288 4017 meret.

300 4048 465 4104 τὸνον
492 4050 591 4114 τῆς
646 4043 865 4121 ἀνδρίας
915 4045 1209 4123 ἐχαύνωσε.
1270 4046 1368 4104 Καὶ
1425 4046 1478 4101 οἱ
1540 4045 1845 4123 Βοῦλγαροι
1905 4046 2048 4103 ὅσονι
2090 4045 2306 4104 οὐδέπω
2356 4053 2542 4124 φυγεῖν
2575 4047 2818 4123 ἐπίδοξοι
2849 4048 3019 4113 ὄντες,
3053 4048 3518 4126 ἀναθαῤῥτςσαντες
3550 4047 3729 4120 ἐπῆλ-

304 4146 405 4200 θον
438 4137 554 4208 μετ’
583 4134 917 4211 ἀλαλαγμοῦ
945 4139 1063 4200 τοῖς
1090 4134 1391 4210 Ῥωμαίοις
1446 4134 1536 4190 καὶ
1595 4133 1963 4211 πτλίντροπον
2021 4138 2120 4205 τὴν
2170 4135 2327 4208 νίκην
2367 4137 2703 4213 εἰργάσαντο.
2764 4141 2860 4208 Τῷ
2919 4134 3186 4211 συμϐάντι
3238 4141 3345 4216 γάρ
3376 4140 3428 4194 οἱ
3458 4140 3731 4212 Ῥωμαῖοι

296 4220 745 4297 καταϐληθέντες
802 4224 898 4287 τὰς
954 4225 1141 4305 ψυχὰς
1189 4225 1292 4296 τὴν
1340 4228 1448 4278 τῶν
1508 4221 1839 4301 Βουλγάρων
1895 4224 1995 4280 οὐκ
2047 4225 2290 4298 ἐδέξαντο
2346 4223 2690 4304 προσϐολὴν,
2749 4227 2878 4284 ἀλλ’
2939 4228 3097 4293 εὐθὺς
3150 4229 3287 4301 πρὸς
3346 4230 3525 4309 ιρυγὴν
3571 4228 3733 4302 ἐτρά-

295 4335 506 4385 πησαν.
561 4314 886 4374 ’Δπώλοντο
945 4314 1041 4387 μὶν
1101 4315 1193 4370 οὗν
1247 4312 1338 4369 καὶ
1396 4318 1505 4370 τῶν
1563 4319 1912 4387 στρατιωτῶν
1963 4313 2197 4386 πολλοὶ,
2246 4316 2507 4373 πίπτουσι
2571 4314 2628 4372 δὶ
2681 4317 2773 4372 καὶ
2828 4322 2937 4373 τῶν
2994 4321 3312 4395 στρατηγῶν
3369 4317 3470 4373 οὐκ
3518 4316 3729 4392 ὀλίγοι,

300 4403 358 4460 ἐν
429 4406 513 4467 οἷς
567 4405 659 4460 καὶ
733 4402 971 4480 Μιχαὴλ
1050 4402 1338 4480 μέγιστρος
1404 4402 1433 4458 6
1490 4400 1948 4478 Λακανοδράσιος.
2010 4407 2095 4479 [Ρ.
2154 4408 2281 4479 484]
2339 4407 2402 4464 Ὀ
2459 4402 2518 4461 δὲ
2577 4405 2835 4482 βασιλεὺς
2899 4406 3061 4481 μόλις
3133 4407 3270 4481 μετά
3327 4427 3470 4469 τινος
3532 4406 3732 4480 μέρους

302 4491 616 4569 ἀθραύστου
647 4493 724 4557 εἷς
757 4490 1217 4568 Ἀρκαδιοόπολιν
1257 4491 1616 4564 ἀνασώζεται,
1646 4491 1848 4548 ἐκεῖθέν
1890 4512 1949 4548 τε
1978 4494 2077 4563 τήν
2131 4490 2393 4570 βασιλίδα
2438 4489 2869 4569 καταλαμϐάνει,
2904 4497 2997 4552 τὸν
3029 4494 3321 4571 εἴρημένον
3358 4495 3558 4551 Λέοντα
3594 4496 3730 4571 μετὰ

298 4587 417 4639 τῶν
450 4582 586 4661 ἀμφ’
613 4582 778 4640 αὐτὸν
807 4581 861 4639 ἐν
888 4581 1072 4659 Θρᾴκῃ
1105 4579 1449 4652 καταλιπὼν,
1502 4576 1644 4638 ὥστε
1697 4583 2023 4656 προσμένειν
2080 4582 2169 4638 καὶ
2225 4584 2322 4648 τὰς
2381 4581 2680 4656 λεηλασίας
2708 4591 2816 4641 τῶν
2852 4584 3183 4662 Βουλγάρων
3209 4586 3299 4641 καὶ
3328 4587 3425 4648 τάς
3456 4582 3731 4663 ἐκδρομὰς

305 4672 653 4731 ἀνακόπτειν.

378 4773 443 4830 Ὁ
474 4769 532 4829 δὲ
574 4774 694 4829 καθ’
724 4772 915 4830 ἑαυτὸν
963 4769 1083 4848 ἄρτι
1131 4771 1448 4848 γενόμενος,
1488 4771 1554 4841 ἤν
1583 4768 1773 4828 ὢδινεν
1808 4772 1862 4828 ἐν
1887 4777 1968 4845 τῷ

2144 4776 2221 4831 At
2248 4776 2385 4841 Leo,
2431 4776 2694 4850 digresso
2743 4776 3126 4850 imperatore.
3162 4796 3338 4852 quam
3371 4779 3474 4838 diu
3504 4778 3735 4838 occulte

297 4865 556 4937 κρυπτῷ,
598 4861 679 4924 εἷς
737 4866 853 4940 φῶς
913 4861 1087 4937 ἐξάγει
1138 4861 1493 4918 ἀποστασίαν.
1552 4863 1962 4935 Κοινωσάμενος

299 4950 411 5028 γὰρ
468 4956 587 5016 τοῖς
643 4949 810 5007 αὖταῦ
893 4952 1207 5019 θιασώταις,
1263 4950 1352 5006 καὶ
1409 4950 1602 5027 καιρὸν
1655 4947 1965 5022 ἐπιτήδειον

303 5041 451 5097 εἶναι
481 5041 658 5117 φήσας
688 5040 766 5105 εἷς
785 5040 849 5096 τὸ
906 5039 1200 5115 πληρῶσαι
1258 5040 1323 5096 τὸ
1380 5036 1844 5113 σπουδαζόμενον,
1874 5039 1966 5096 καὶ

309 5128 386 5185 δι’
417 5129 597 5185 αὐτῶν
652 5127 854 5206 λόγους
902 5128 1238 5207 ὖποσπείρας
1295 5129 1488 5185 ἅπαντι
1535 5132 1614 5202 τῷ
1645 5134 1860 5206 στρατῷ
1890 5130 1965 5193 ὡς

299 5222 376 5293 τῇ
412 5216 636 5297 ἀφελείᾳ
689 5221 790 5275 τοῦ
844 5218 1121 5296 βασιλέως,
1173 5217 1266 5275 καὶ
1322 5221 1394 5294 τῇ
1451 5218 1587 5294 πρὸς
1640 5217 1739 5283 τὰς
1771 5239 1965 5294 στρατ-

301 5308 509 5384 ηγικάς
541 5306 774 5382 μελέτας
805 5308 1107 5381 ἀνασκησίᾳ
1147 5307 1216 5366 τά
1263 5327 1323 5364 τε
1375 5306 1658 5380 Ῥωμαϊκὰ
1688 5308 1963 5388 ἠφανίσθη

299 5397 499 5468 πλήθη
556 5399 647 5454 καὶ
708 5401 742 5468 ἡ
792 5397 1002 5455 παλαιά
1055 5395 1184 5472 δόξα
1239 5399 1331 5454 καὶ
1389 5396 1608 5452 εὔκλεια
1645 5395 1827 5475 ᾤχετο
1855 5403 1965 5455 τῶν

296 5486 621 5559 Ῥωμαίων,
680 5487 771 5543 καὶ
843 5486 987 5543 οὕτω
1047 5484 1362 5567 διαφθείρας
1423 5484 1552 5549 τοὺς
1639 5486 1968 5563 σέρατιώτας

302 5576 433 5653 ἄρτι
462 5573 740 5653 σποράδας
772 5575 832 5633 ἐκ
875 5584 977 5647 τῆς
1006 5584 1216 5653 τροπῆς
1270 5575 1744 5652 ἐπανερχομένους
1773 5578 1971 5648 πεζοὺς

296 5665 394 5722 καὶ
426 5664 673 5742 γυμνοὺς
722 5665 823 5723 καὶ·
873 5665 1236 5742 μιγνυμένους
1278 5670 1360 5740 τῷ
1408 5663 1502 5723 σὺν
1533 5664 1685 5740 αὐτῷ
1711 5667 1970 5743 στρατεύ-

304 5762 465 5831 ματι,
514 5752 690 5811 πείθει
759 5752 895 5833 πρδς
948 5753 1238 5835 ἄνταρἄ
1306 5746 1461 5814 ῑδεῖνι
1517 5753 1620 5817 Ἕκ
1680 5758 1812 5832 μιᾶς

2074 4865 2487 4937 parturiverat,
2512 4866 2904 4923 defectionem
2939 4869 2999 4924 in
3033 4868 3228 4925 lucem
3261 4869 3555 4926 ediditlle
3579 4870 3737 4925 enim

2076 4971 2212 5011 cum
2237 4955 2361 5012 suis
2409 4955 2766 5014 satellitibus
2814 4958 3275 5020 communicata.
3309 4957 3463 5015 846
3486 4959 3738 5031 jamque

2076 5050 2311 5117 tempus
2330 5048 2546 5119 optatae
2567 5045 2652 5100 rei
2680 5046 3070 5105 conﬁciendae
3091 5046 3410 5120 appetiisse
3431 5046 3735 5119 inquiens,

2077 5149 2283 5190 eorum
2313 5148 2494 5206 opera
2522 5149 2826 5191 rumorem
2876 5152 2982 5207 per
3027 5135 3368 5191 universum
3408 5135 3737 5191 exercitum

2076 5222 2318 5296 spargit,
2349 5223 2731 5295 imperatoris
2762 5224 3145 5297 simplicitate
3168 5230 3228 5280 et
3246 5222 3600 5280 bellicarum
3631 5240 3738 5280 cu-

2076 5328 2279 5369 rarum
2332 5311 2637 5385 imperitia
2686 5314 2984 5370 Romanas
3028 5314 3231 5386 capias
3278 5311 3525 5378 deletas,
3569 5319 3736 5368 vete-

2076 5418 2325 5475 remque
2355 5403 2548 5476 gentis
2578 5403 2829 5475 gloriam
2859 5409 3036 5475 atque
3067 5403 3286 5459 famam
3320 5403 3591 5476 periisse.
3617 5406 3738 5459 Hoc

2077 5492 2257 5549 modo
2287 5491 2506 5547 animis
2536 5492 2791 5549 militum
2822 5492 3135 5563 corruptis.
3172 5493 3377 5566 quiex
3406 5493 3543 5568 fuga
3573 5511 3739 5567 spar-

2079 5581 2193 5638 sim
2224 5581 2456 5654 pedites
2504 5581 2771 5653 nudique
2818 5581 3289 5653 revertebantur,
3321 5600 3429 5645 eos
3453 5584 3577 5651 suis
3607 5601 3740 5656 ρριι-

2078 5672 2355 5755 miscuit,
2376 5672 2793 5747 persuasitque
2839 5676 2914 5731 ut
2934 5689 2977 5733 at
2995 5672 3299 5749 Michaelo.
3312 5672 3737 5751 desciscerent.

2078 5746 2230 5834 meo
2257 5744 2486 5819 milites
2511 5770 2633 5819 uno
2676 5744 2887 5821 6mm
2914 5760 3143 5837 impetu
3171 5744 3498 5822 tentorium
3526 5761 3739 5821 Leonis
