4112 6442
40 198 53 445 ξ

40 476 51 551 ξ

40 580 51 747 Ξ

40 894 45 1047 l

39 1070 45 1157 I

40 1176 45 1321 ἑ

40 1324 43 1389 ἐ

393 392 507 454 931
1753 381 2070 448 GEORGII
2114 383 2266 445 CED
2276 383 2465 447 RENI
3697 384 3817 449 932

392 526 650 600 cingere,
683 528 887 598 turpes
916 529 974 581 et
1020 523 1395 597 impudentes
1426 522 1498 579 de
1530 522 1886 594 imperatore
1914 536 2033 576 ser-

2156 516 2335 593 ὁρμῆς
2367 518 2470 588 τὴν
2518 517 2725 589 σκηνὴν
2782 515 2980 574 τούτου
3034 518 3560 594 περιστοιχήσαντες
3617 515 3820 596 λόγους

391 634 603 677 mones
626 617 878 690 jactare,
913 616 1186 671 timidum
1236 631 1371 670 eum
1411 621 1471 668 et
1501 614 1908 669 effeminatum
1940 628 2045 683 ap-

391 707 641 781 pellare,
696 706 797 777 qui
854 723 961 761 sua
1010 705 1281 760 fatuitate
1342 706 1633 758 Romanos
1691 701 2049 774 perdidisset

395 797 693 853 exercitus
723 795 1155 867 pristinamque
1184 793 1422 865 imperii
1454 793 1702 865 gloriam
1734 794 2046 848 obscuras-r

396 895 506 958 set,
539 894 742 944 contra
775 888 1025 941 Leonem
1057 885 1247 957 palam
1279 885 1486 941 faustis
1516 883 2046 940 acclamationibus

392 978 809 1050 imperatorem
872 979 1272 1033 Romanorum
1346 975 1628 1033 salutare.
1686 976 2048 1030 Simulanler

390 1073 873 1140 tergiversantem
889 1065 1277 1137 etimperium
1289 1064 1713 1121 detrectantem
1728 1063 2046 1120 Michaelus

388 1157 626 1212 Amorio
656 1156 963 1216 oriundus.
994 1161 1387 1228 cognomento
1420 1155 1658 1221 Balbus,
1682 1154 1801 1210 dux
1832 1158 1890 1209 et
1921 1153 2045 1224 ipse

387 1246 694 1311 cujusdam
726 1247 1008 1301 Romanae
1039 1244 1310 1316 legionis,
1346 1245 1548 1300 stricto
1588 1243 1802 1316 gladio,
1828 1242 2043 1313 jussis-

387 1353 501 1408 que
534 1336 691 1390 idem
723 1336 916 1390 facere
949 1335 1180 1390 caeteris
1218 1334 1415 1401 sociis,
1448 1334 1710 1389 minatus
1741 1339 1831 1388 est
1861 1349 1922 1388 se
1956 1331 2045 1386 in-

384 1425 794 1487 terfecturum,
827 1425 941 1479 nisi
974 1425 1176 1479 volens
1237 1424 1550 1495 imperium
1583 1423 1928 1495 susciperet.
1963 1423 2048 1477 Ita

389 1532 527 1587 ergo
559 1515 672 1570 Leo
696 1513 973 1570 diadema
1002 1514 1187 1569 sumit
1208 1518 1266 1569 et
1294 1514 1616 1585 imperator
1642 1515 2045 1568 Romanorum

391 1603 747 1662 declaratur.
771 1606 1108 1674 Antequam
1130 1603 1257 1658 haec
1277 1603 1359 1658 ita
1378 1608 1748 1674 gererentur,
1771 1601 2045 1656 redeunti

396 1710 468 1750 ex
494 1693 633 1767 fuga
661 1692 947 1749 Michaelo
979 1692 1319 1764 imperatori
1347 1692 1594 1764 jamque
1627 1690 1789 1763 Cpoli
1847 1691 2044 1763 proxi-

388 1800 487 1840 mo
543 1785 798 1840 Joannes
856 1782 1180 1839 Exabulius
1231 1797 1575 1850 occurrens,
1633 1781 1866 1837 cladem
1905 1780 2044 1835 forti

2162 607 2260 679 μὲν
2317 607 2578 683 ἀπρεπεῖς
2662 612 2751 663 καί
2837 608 3229 681 ἀναισχύντους
3317 608 3681 687 ἀπερῥίπτουν
3742 611 3818 675 εἷς

2161 696 2414 774 βασιλέα,
2471 696 2657 754 δειλὸν
2716 698 2878 754 αὐτὸν
2948 697 3348 762 ἀποκαλοῦντες
3404 700 3494 755 καὶ
3550 699 3815 774 ἄνανδρον

2157 788 2328 857 καῖἐξ
2386 786 2643 862 ἀφελείας
2701 788 2767 843 τὰ
2822 809 2881 844 τε
2939 789 3226 862 Ῥωμαῖκᾶ
3283 787 3598 845 ἀπολλύντα
3658 810 3817 867 στρα-

2155 878 2394 951 τεύματα
2425 879 2514 934 καὶ
2569 879 2635 934 τὸ
2685 876 2845 941 κλέος
2876 878 2966 935 καὶ
3021 880 3121 948 τήν
3157 876 3314 951 δόξαν
3355 880 3685 955 ἀχρειοῦντα
3713 889 3818 953 τῆς

2162 966 2463 1043 βασιλείας,
2496 966 2655 1024 αὐτὸν
2710 965 2768 1024 δέ
2815 966 3116 1048 ἀναφανδὸν
3150 969 3429 1047 εὐφήμουν
3462 970 3551 1026 καὶ
3588 971 3818 1048 βασιλέα

2155 1057 2449 1130 Ῥωμαίων
2519 1056 2832 1133 ἐκήρυττον.
2909 1059 3297 1133 Θρυπτομένου
3357 1056 3416 1115 δὲ
3470 1080 3667 1115 τουτου
3723 1061 3818 1116 καὶ

2156 1148 2255 1215 τὴν
2306 1146 2485 1222 ἀρχὴν
2535 1147 2948 1220 ἀποσειομένου,
3016 1146 3253 1224 Μιχαὴλ
3296 1149 3324 1203 6
3366 1149 3414 1220 ἐξ
3469 1150 3751 1225 Ἀμωρίου
3785 1153 3815 1207 ὁ

2155 1234 2428 1309 Τραυλὸς,
2483 1236 2765 1313 τάγματος
2799 1258 2948 1300 τινος
3008 1238 3095 1292 καὶ
3146 1238 3308 1300 αὐτὸς
3365 1240 3681 1312 Ῥωμαϊκοῦ
3742 1240 3822 1314 ἐξ-

2156 1325 2486 1399 ηγούμενος,
2519 1327 2580 1381 τὸ
2623 1327 2775 1404 ξίφος
2824 1327 3186 1399 σπασάμενος,
3217 1332 3379 1383 τοῦτο
3411 1325 3468 1384 δέ
3497 1328 3585 1384 καὶ
3619 1328 3816 1394 ἄλλοις

2153 1419 2272 1478 τοῖς
2301 1418 2398 1470 τοῦ
2446 1411 2604 1490 ἔργου
2666 1414 2946 1492 μετόχοιέ
3002 1421 3179 1472 ποιεῖν
3232 1415 3546 1493 ἐπιτρέψας,
3590 1418 3818 1495 ἀναιρή-

2156 1525 2266 1559 σειν
2296 1503 2539 1576 ἠπείλει,
2571 1505 2617 1560 εἰ
2652 1507 2728 1577 μὴ
2765 1503 3029 1567 ἑκουσίως
3086 1504 3440 1581 προσδέξοιτο
3471 1508 3571 1577 τὴν
3605 1509 3815 1585 ἀρχὴν.

2156 1594 2259 1651 Καὶ
2320 1594 2480 1659 οὗτος
2540 1595 2637 1668 μὲν
2691 1594 2864 1658 οὕτως
2923 1592 3167 1669 διάδημά
3220 1617 3279 1651 τε
3330 1597 3663 1672 περιτίθεται
3719 1600 3815 1656 καὶ

2159 1682 2413 1760 βασιλεὺς
2470 1683 2762 1759 Ῥωμαίων
2816 1685 3219 1762 ἀναγορεύεται.
3283 1689 3417 1761 Πρὶν
3471 1687 3506 1757 ἢ
3562 1685 3816 1745 δὲταῦτα

2156 1773 2421 1848 γενέσθαι,
2480 1772 2540 1829 ἐκ
2602 1780 2703 1843 τῆς
2781 1781 2993 1850 τροπῆς
3070 1775 3400 1845 ἐπανήκοντι
3455 1781 3536 1850 τῷ
3599 1779 3819 1854 βασιλεῖ

388 1874 588 1929 animo
620 1880 686 1929 ut
715 1874 898 1929 ferret
923 1873 1191 1927 hortatus
1221 1877 1346 1939 est;
1397 1870 1695 1943 simulque
1726 1877 2033 1943 perconta-

2152 1863 2384 1937 Μιχαὴλ
2415 1862 2506 1917 καὶ
2557 1862 2833 1938 γενομένῳ
2886 1870 2988 1932 τῆς
3052 1862 3338 1940 βασιλίδος
3367 1862 3599 1942 ἄγχιστα
3631 1868 3816 1925 Ἰωάν-

386 1968 480 2019 tus
516 1978 692 2035 quem
750 1962 938 2034 copiis
994 1961 1341 2034 praefectum
1396 1962 1758 2034 reliquisset,
1787 1968 1846 2017 et
1885 1960 2033 2017 817

384 2052 743 2125 imperatore
803 2052 1059 2121 dicente,
1101 2069 1304 2107 curam
1361 2068 1490 2108 eam
1552 2068 1613 2107 se
1671 2050 2042 2107 commisisse

384 2143 564 2198 Leoni
585 2143 979 2199 Orientalium
1000 2142 1287 2199 duci.viro
1311 2142 1776 2213 prudentissimo
1809 2142 2043 2196 animo-

386 2249 499 2304 que
523 2233 661 2304 erga
681 2250 744 2288 se
766 2231 1366 2299 amico,Exabulius,«
1393 2230 2041 2303 Videris,inquit,mihi,

386 2340 419 2379 ο
443 2323 788 2394 imperator,
813 2322 1134 2377 admodum
1159 2321 1519 2390 fallijudicio
1553 2320 1625 2375 de
1651 2321 1823 2376 istius
1846 2320 2043 2376 homi-

382 2413 475 2469 nis
500 2413 819 2469 voluntate.
847 2435 874 2463 »
897 2413 1069 2468 Enim
1094 2430 1227 2467 vero
1251 2411 1517 2467 nondum
1540 2412 1762 2483 regiam
1792 2412 2041 2467 Michae-

380 2501 477 2557 lus
509 2503 852 2565 intraverat,
885 2518 1020 2557 cum
1064 2502 1115 2557 ei
1169 2502 1564 2557 annuntiatur
1613 2503 1868 2556 Leonem
1927 2501 2042 2556 im-

380 2596 718 2661 peratorem
745 2606 874 2646 esse
897 2590 1278 2646 declaratum.
1304 2591 1429 2655 Qua
1457 2590 1616 2646 fama
1636 2591 2039 2662 perterritum,

382 2684 438 2733 et
469 2678 613 2750 quid
641 2678 934 2751 agendum
970 2679 1123 2734 foret
1169 2678 1625 2747 deliberantem,
1659 2680 1876 2735 hortati
1908 2681 2037 2751 qui-

382 2766 519 2824 dam
578 2775 720 2824 sunt
775 2774 841 2824 ut
898 2769 1061 2823 omni
1119 2774 1337 2824 conatu
1383 2769 1700 2840 imperium
1734 2769 2039 2841 retineret,

380 2864 756 2931 tyrannoque
778 2875 884 2931 pro
913 2858 1065 2912 virili
1088 2875 1150 2913 se
1173 2864 1519 2930 opponeret.
1546 2860 1761 2914 Verum
1794 2860 2042 2915 Michae-

384 2946 500 3016 lus,
531 2954 600 3003 ut
629 2953 757 3003 erat
813 2947 1051 3019 ingenio
1110 2948 1272 3018 pacis
1328 2946 1614 3015 studioso,
1649 2947 1946 3019 conjicere
1978 2965 2039 3005 se

386 3035 446 3090 in
480 3036 804 3092 discrimen
830 3042 1009 3092 tanta:
1057 3037 1141 3091 rei
1190 3036 1419 3102 nolens,
1454 3037 1675 3092 acriter
1703 3054 1805 3093 eos
1835 3054 2040 3109 repre-

381 3126 607 3194 hendit,
642 3143 676 3181 a
705 3127 922 3199 quibus
979 3126 1052 3182 ad
1111 3126 1311 3181 civiles
1354 3126 1546 3182 caedes
1584 3127 2038 3183 committendas

2153 1974 2253 2023 νης
2299 1952 2327 2007 6
2378 1947 2737 2026 Ἐξαϐούλιος
2788 1955 3121 2024 συναντήσας
3177 1954 3326 2028 αὐτῷ
3356 1955 3417 2010 τό
3461 1976 3519 2011 τε
3549 1956 3815 2034 ἀτύχημα

2153 2041 2379 2118 εὐγενῶς
2464 2039 2643 2119 φέρειν
2727 2044 2819 2098 καὶ
2908 2042 3314 2120 μεγαλοψύχως
3395 2045 3651 2120 παρῄνει,
3720 2047 3813 2102 καὶ

2153 2130 2473 2187 ἐπυνθάνετο
2531 2132 2650 2187 τίνα
2709 2133 2793 2203 εἶή
2873 2132 3190 2189 καταλιπὼν
3249 2139 3347 2191 τοῦ
3409 2135 3810 2209 στρατεύματος

2153 2220 2528 2297 ἐξηγούμενον.
2578 2224 2638 2280 Ὁ
2695 2219 2752 2278 δὲ
2805 2219 3010 2279 Λέοντα
3066 2225 3204 2293 εἷπε,
3248 2224 3341 2279 τὸν
3372 2228 3674 2301 στρατηγὸν
3704 2232 3814 2282 τῶν

2152 2313 2543 2384 ’Λνατολικῶν,
2594 2312 2764 2389 ἄνδρα
2808 2336 2867 2370 τε
2914 2317 3338 2392 ἀγχινούστατον
3385 2319 3476 2373 καὶ
3521 2315 3708 2373 εὔνουν
3740 2322 3810 2393 τῇ

2156 2403 2429 2479 βασιλείᾳ.
2461 2405 2634 2480 ’Ὀπερ
2686 2405 2918 2467 ἀκούσας
2951 2406 2979 2459 ὁ
3013 2401 3385 2476 ἰκέεαϐούλιος,
3419 2433 3448 2462 ι(
3481 2407 3656 2480 Φαίνῃ
3692 2429 3808 2479 μοι,

2151 2494 2197 2549 ὦ
2236 2494 2482 2570 βασιλεῦ,
2543 2494 2670 2573 ἔφη,
2729 2494 2876 2552 πολὺ
2936 2493 3326 2571 διαμαρτάνειν
3356 2505 3456 2568 τῆς
3487 2504 3584 2554 τοῦ
3617 2496 3808 2574 ἀνδρὸς

2152 2581 2411 2647 διανοίας,
2448 2610 2475 2637 ››
2508 2586 2609 2642 Καὶ
2670 2587 2699 2642 6
2763 2588 2857 2658 μὲν
2917 2587 3036 2643 εἶπε
3090 2591 3277 2656 ταῦτα,
3322 2589 3477 2644 οὒπω
3510 2586 3566 2644 δὲ
3596 2591 3624 2645 6
3653 2592 3811 2666 βασι-

2150 2670 2277 2734 λεὺς
2307 2668 2439 2753 ἔφθη
2473 2680 2588 2736 τοῖς
2626 2674 2931 2750 βασιλείοις
2982 2670 3258 2744 ἐπιϐῆναι,
3306 2676 3396 2731 καὶ
3446 2679 3480 2746 ἡ
3511 2673 3619 2733 ’τοῦ
3652 2680 3812 2733 Λέον-

2145 2782 2239 2824 τος
2271 2761 2567 2840 ἀνάρῥησις
2594 2763 3036 2840 κατηγγέλλετο.
3094 2767 3559 2843 Διαταραχθέντος
3605 2766 3663 2823 δὲ
3710 2773 3809 2823 τοῦ

2148 2850 2550 2928 αὐτοκράτορος
2604 2854 2742 2929 πρὸς
2797 2853 3119 2924 τὸν“ἀκοὴν
3178 2853 3268 2910 καί
3329 2856 3708 2930 σκοπουμένου
3747 2857 3807 2912 τὸ

2146 2939 2434 3012 ποιητέον,
2487 2942 2630 3006 τινὶς
2683 2943 2780 3016 μὲν
2836 2944 3113 3018 παρῄνουν
3171 2951 3301 3001 πᾶσι
3332 2945 3558 3021 τρόποις
3588 2944 3804 3023 ἔχεσθαι

2145 3038 2247 3100 τῆς
2279 3031 2462 3111 ἀρχῆς
2492 3032 2583 3087 καὶ
2625 3037 2704 3106 τῷ
2731 3034 2972 3109 τυράννῳ
3028 3035 3102 3097 ὡς
3164 3034 3393 3092 ἀνυστὸν
3426 3036 3801 3092 ἀντικάθιπα-

2147 3133 2289 3186 σθαι·
2340 3123 2499 3185 οὗτος
2574 3120 2632 3179 δὲ
2705 3123 2975 3199 εἰρηνικός
3045 3146 3132 3189 τις
3210 3124 3491 3201 ἄνθρωπος
3552 3124 3647 3193 ὢν,
3709 3125 3799 3182 καὶ

380 3217 801 3292 instigaretur:
836 3222 893 3273 et
941 3233 1185 3273 suorum
1228 3217 1548 3288 quemdam
1580 3218 1927 3273 intimorum
1962 3219 2033 3274 ad

2146 3213 2462 3286 πράγμασιν
2493 3213 2678 3268 ἑαυτὸν
2720 3213 3001 3291 ἐπιρῥῖψαι
3065 3215 3142 3289 μὴ
3197 3214 3369 3279 θέλων
3400 3214 3606 3287 ἄδηλον
3639 3211 3805 3294 ἔχου-

380 3307 635 3362 Leonem
667 3325 801 3363 cum
834 3307 1188 3365 diademate.
1220 3323 1483 3378 purpura
1502 3323 1571 3362 ac
1600 3306 1815 3363 calceis
1847 3309 2034 3363 cocci-

379 3398 510 3453 neis
541 3397 692 3470 (hinc
723 3397 957 3469 imperii
991 3403 1130 3451 sunt
1160 3396 1437 3469 insignia!
1477 3395 1658 3454 misit.
1691 3396 1941 3469 imperio
1973 3415 2036 3453 se

372 3486 425 3541 ei
458 3486 668 3542 cedere
700 3486 997 3545 indicans.
1022 3485 1179 3556 quod
1202 3485 1291 3539 vel
1323 3485 1499 3540 vitam
1526 3484 1798 3540 amittere
1830 3486 2029 3557 potius

371 3583 643 3630 censeret
671 3592 848 3647 quam
881 3576 1174 3647 guttulam
1220 3591 1403 3630 unam
1446 3575 1760 3630 Christiani
1795 3576 2032 3647 sangui-

369 3664 465 3720 nis
497 3664 690 3720 fusam
718 3680 983 3721 cernere.
1010 3664 1351 3735 jubensque
1383 3680 1518 3719 eum
1551 3665 1680 3719 sine
1712 3663 1836 3719 ullo
1874 3670 2035 3719 metu

369 3758 473 3807 aut
527 3752 900 3807 dubitatione
960 3752 1159 3807 venire
1219 3758 1278 3808 et
1333 3753 1555 3823 regiam
1613 3768 1924 3825 occupare.
1960 3756 2033 3809 At

366 3842 655 3914 Procopia
687 3842 1069 3913 imperatoris
1102 3859 1250 3898 uxor
1278 3848 1486 3897 contra
1516 3842 1648 3911 niti,
1682 3842 2033 3898 immorien-

365 3930 627 4003 dumque
659 3932 912 4005 imperio
946 3930 1145 3987 dicere
1172 3947 1185 3998 ;
1231 3948 1486 4003 cumque
1521 3932 1802 3987 maritum
1833 3948 1868 3987 ο.
1899 3950 2032 4004 pro-

363 4022 556 4093 posito
587 4037 705 4076 non
740 4021 1081 4087 deduceret,
1104 4038 1230 4077 rem
1254 4021 1417 4076 omni
1452 4020 1804 4093 indignitate
1837 4022 2028 4097 indig-

368 4109 601 4164 niorem
660 4109 980 4173 afﬁrmare,
1040 4125 1089 4163 ει
1147 4108 1387 4180 tyranni
1443 4124 1594 4164 uxor
1639 4109 2025 4181 imperatorio

364 4198 624 4253 modiolo
649 4216 710 4253 se
734 4197 1019 4253 indutura
1042 4203 1219 4259 esset,
1244 4214 1421 4269 quam
1444 4203 1505 4252 et
1527 4198 1768 4253 Baream
1792 4199 2023 4254 nomini

363 4287 625 4343 illudens
655 4286 1028 4359 appellabat;
1058 4287 1259 4357 itaque
1317 4286 1590 4342 meditari
1622 4286 1767 4358 quid
1797 4286 1869 4342 de
1902 4288 2025 4343 suis

364 4377 543 4432 rebus
574 4381 926 4433 statuerent.
959 4375 1113 4430 848
1146 4376 1387 4431 Interim
1440 4376 1550 4431 Leo
1602 4382 1888 4447 tyrannus
1919 4392 2027 4448 per

320 4522 323 4526 .
362 4469 619 4522 Auream
642 4471 875 4537 portam
900 4465 1223 4538 ingressus,
1239 4465 1521 4521 exercitu.
1545 4466 1764 4539 populo
1790 4473 2020 4522 senatu-

366 4571 479 4626 que
499 4555 711 4610 faustis
735 4554 1270 4611 acclamationibus
1291 4562 1712 4626 prosoquente,
1730 4555 1805 4611 ad
1832 4556 2019 4612 aedem

2149 3322 2230 3356 σιν
2256 3299 2623 3374 ἀποτέλεσμα,
2653 3307 2772 3364 τοῖς
2807 3304 2902 3374 μὲν
2948 3303 3093 3358 οὕτω
3144 3302 3396 3378 λέγουσιν
3438 3304 3691 3379 ἐπετίμα,
3726 3309 3806 3380 μὴ

2143 3389 2401 3465 ἐρεθίζειν
2455 3392 2619 3446 αὐτὸν
2667 3393 2803 3467 πρὸς
2855 3390 3124 3470 ἐμφύλιον
3177 3396 3435 3467 χωρήσαι
3468 3395 3811 3475 μιαιφονίαν,

2146 3481 2228 3548 [Ρ.
2279 3482 2406 3553 483]
2464 3479 2584 3533 τινὰ
2645 3476 2704 3535 δὲ
2758 3484 2869 3534 τῶν
2930 3480 3280 3536 οἱκειοτάτων
3342 3480 3612 3557 ἐξέπεμψε
3668 3487 3813 3558 πρὸς

2140 3568 2234 3623 τὸν
2265 3567 2488 3636 Λέοντα,
2547 3567 2615 3622 τά
2667 3574 2770 3637 τῆς
2821 3567 3103 3644 βασιλείας
3145 3568 3487 3645 ἐπαγόμενον
3520 3570 3812 3646 σύμϐολα,

2135 3656 2199 3710 τὸ
2232 3652 2497 3726 διάδημα,
2526 3656 2625 3724 τήν
2660 3655 2964 3733 ἁλουργίδα
2993 3657 3085 3714 καὶ
3130 3659 3197 3714 τὰ
3226 3653 3543 3738 κοκκοϐαφῆ
3577 3660 3812 3734 πέδιλα,

2140 3746 2300 3809 αὐτὸς
2363 3747 2455 3821 μὲν
2514 3747 2954 3823 ὑπισχνούμενος
3010 3753 3417 3825 παραχωρῆσαι
3467 3749 3647 3825 τούτῳ
3704 3758 3813 3809 τοῦ

2136 3836 2351 3911 θρόνου,
2404 3836 2494 3892 καὶ
2558 3836 2777 3913 βέλτιον
2836 3839 2971 3894 εἶναι
3024 3841 3228 3915 κρίνων
3286 3840 3377 3895 καὶ
3442 3840 3608 3909 αὐτὴν
3664 3861 3811 3917 προ-

2137 3930 2369 4000 ήκασθαι
2402 3928 2502 3996 τήν
2556 3930 2702 3999 ζωήν
2758 3930 2793 3999 ἢ
2854 3929 3130 4006 χεομένην
3185 3927 3322 3985 ἰδεῖν
3381 3929 3573 4006 ῥανίδα
3606 3935 3812 4009 μικρὰν

2135 4015 2370 4089 αἶ’ματος
2437 4016 2845 4093 Χριστιανικοῦ,
2908 4017 3066 4073 αὐτὸν
3124 4014 3182 4073 δὲ
3235 4022 3407 4073 πᾶσαν
3463 4018 3811 4094 ἀποθέμενον

2132 4108 2327 4162 πτοίαν
2383 4106 2475 4162 καὶ
2530 4104 2832 4180 δεσταγμὸν
2892 4104 3071 4170 ἐλθεῖν
3129 4105 3218 4161 καὶ
3277 4104 3702 4183 παραλήψεσθαι
3730 4112 3809 4166 τὰ

2135 4194 2409 4272 βασίλεια.
2444 4195 2726 4271 Προκοπία
2775 4192 2832 4250 δέ
2881 4198 2916 4265 ἡ
2972 4193 3193 4270 βασιλὶς
3223 4196 3652 4271 ἀντιπράττουσα
3679 4204 3809 4263 τοῖς

2131 4282 2457 4360 δρωμένοις,
2521 4283 2608 4339 καί
2656 4283 2825 4340 καλὸν
2894 4283 3144 4364 ἐντάφιον
3199 4286 3300 4354 τήν
3356 4285 3639 4361 βασιλείαν
3705 4285 3806 4344 λέ-

2127 4396 2294 4449 γουσα
2352 4374 2508 4443 εἶναι,
2576 4367 2691 4428 ἐπεὶ
2765 4375 2839 4446 μὴ
2900 4367 3131 4444 ἔπειθεν,
3198 4372 3430 4451 ἐσχατον
3491 4370 3805 4435 ἕπειποῦσα

2129 4462 2292 4539 λόγον
2323 4464 2405 4519 ὅτι
2439 4464 2611 4519 δεινὸν
2641 4462 2732 4518 καὶ
2764 4462 2904 4539 πέρα
2932 4460 3108 4519 δεινοῦ
3139 4462 3290 4538 εἳπερ
3320 4467 3355 4535 ἡ
3395 4468 3493 4519 τοῦ
3524 4466 3801 4540 τυράννου

2129 4554 2360 4631 σύζυγος
2410 4548 2769 4627 περιϐάλοιτο
2812 4553 2906 4608 τὸν
2961 4553 3245 4630 βασιλικὸν
3321 4551 3584 4628 μοδίολον
3653 4559 3799 4630 (50))

360 4646 608 4701 Joannis
663 4646 938 4717 Baptism
998 4645 1345 4701 Studianam
1420 4643 1707 4716 pervenit,
1766 4645 2024 4718 indeque

2144 4645 2486 4716 ἐπισκώψασα
2513 4643 2602 4697 καὶ
2634 4644 2772 4718 πρὸς
2802 4644 2864 4698 τὸ
2893 4644 3099 4715 ταύτης
3123 4645 3298 4719 ύνομα
3318 4645 3410 4700 καὶ
3436 4646 3642 4722 Βάρκαν
3672 4651 3798 4722 (51)

366 4738 617 4809 stipatus
650 4737 712 4792 in
760 4738 987 4811 regiam
1037 4738 1279 4794 invadit.
1327 4737 1473 4793 Cum
1517 4743 1719 4796 autem
1747 4738 1808 4794 in
1837 4754 2018 4794 aureo

362 4826 625 4882 triclinio
679 4832 878 4883 votum
938 4844 1044 4900 pro
1101 4827 1261 4884 felici
1318 4827 1567 4884 introitu
1608 4826 1870 4884 reddere
1901 4830 2019 4884 Deo

2130 4734 2301 4799 αὐτὴν
2352 4730 2687 4804 ὀνομάσασα,
2765 4731 3053 4788 ἐσκέπτετο
3137 4738 3255 4795 πῶς
3312 4734 3372 4788 ἄν
3430 4730 3672 4788 διάθοιτο
3724 4737 3798 4791 τὰ

2128 4823 2250 4879 κατ’
2279 4820 2470 4891 αὐτήν.
2506 4821 2611 4878 Καὶ
2656 4821 2710 4877 οἱ
2761 4822 2856 4895 μὲν
2901 4821 3027 4897 περὶ
3078 4821 3171 4877 τὸν
3224 4820 3451 4898 βασιλέα
3492 4820 3544 4878 ἐν
3572 4823 3793 4888 τούτοις

1563 4927 1925 4986 XYLANDBI
1963 4928 2051 4983 ET
2090 4926 2307 4982 GOARI
2349 4923 2569 4981 ΝΟΤᾹΞ.

437 5026 551 5100 (50)
603 5026 885 5100 Mundum
932 5024 1611 5100 imperatricisapparet
1640 5026 1846 5100 fuisse.
1878 5027 2018 5100 Xrn.

360 5098 765 5155 -Μοάίοιιιηι
825 5098 1135 5155 muliebris
1194 5098 1583 5169 ejusdemque
1630 5098 2020 5170 regimivestis

363 5187 551 5241 genus
580 5187 726 5231 esse.
760 5177 826 5226 ut
854 5171 1166 5226 indubium
1217 5175 1411 5225 textus
1465 5170 1590 5240 ipse
1636 5169 2017 5235 manifestat;

364 5243 536 5314 cujus
589 5244 802 5312 forma,
850 5244 897 5297 si
947 5243 1097 5297 bene
1139 5242 1250 5297 sim
1283 5248 1590 5314 assecutus
1621 5257 1693 5295 ex
1722 5241 2019 5314 veteribus

360 5312 806 5385 imperatricum
845 5314 1068 5381 figuris,
1101 5331 1273 5370 sacco
1304 5312 1457 5368 virili
1488 5312 1871 5385 imperatorio
1896 5329 2018 5369 non

358 5383 472 5441 fuit
499 5387 795 5443 absimile.
847 5386 1180 5442 Distentum
1233 5385 1392 5440 enim
1444 5390 1572 5441 erat
1615 5383 2017 5455 undequaque

360 5456 817 5529 indumentum;
860 5463 917 5512 et
966 5458 1190 5529 absque
1240 5456 1471 5512 sinibus
1504 5455 1823 5529 rigidum,
1861 5457 2019 5513 circa

359 5526 597 5599 lumbos
627 5531 958 5585 astrictum.
1010 5526 1111 5584 ad'
1140 5528 1322 5597 pedes
1372 5527 1603 5583 nonihil
1646 5527 1924 5599 amplius,
1959 5535 2019 5584 et

361 5597 569 5655 forma:
600 5616 753 5670 pene
784 5601 1087 5657 deformis.
1124 5601 1203 5656 De
1236 5600 1486 5656 manicis
1516 5601 1598 5654 ita
1624 5597 1775 5654 laxis
1805 5606 1869 5654 ut
1896 5606 2015 5655 ter-

361 5684 486 5725 ram
519 5686 710 5744 usque
732 5673 1065 5744 deﬂuerent
1087 5679 1248 5729 taceo
1270 5690 1283 5728 :
1309 5671 1699 5744 satisiquippe
1733 5677 1825 5744 est
1851 5672 2014 5728 inve-

360 5744 603 5795 nustum
637 5741 784 5798 illud
813 5744 991 5816 quale
1019 5760 1254 5817 cunqne
1305 5741 1540 5801 vocasse
1582 5741 1903 5817 inbdiolum,
1936 5744 2011 5802 ad

2127 5023 2363 5078 modioli
2392 5022 2545 5077 vasis
2574 5023 2790 5093 potorii
2823 5022 2894 5077 ad
2944 5039 3247 5080 summum
3297 5023 3459 5092 elati,
3491 5028 3561 5079 ut
3591 5024 3789 5080 Vitru-

2127 5096 2257 5150 vius
2283 5093 2570 5164 loquitur,
2600 5100 2658 5148 et
2678 5111 2886 5150 rursus
2909 5094 2981 5150 ad
3003 5095 3190 5151 imum
3214 5095 3563 5150 revertentis
3596 5095 3793 5153 imita-

2130 5168 2351 5222 tionem
2376 5167 2793 5249 compositum.
2844 5171 2929 5249 nn
2980 5168 3120 5249 quia
3146 5167 3580 5249 modimperctor
3610 5184 3788 5249 voca-

2128 5245 2314 5305 retur,
2348 5238 2451 5308 qui
2481 5237 2640 5310 leges
2689 5238 2946 5293 convivis
3000 5237 3162 5293 inter
3196 5237 3410 5310 pocula
3438 5239 3685 5310 diceret,
3718 5257 3789 5296 ac

2126 5316 2444 5384 propterea
2474 5309 2670 5384 Graace
2689 5311 2766 5364 im
2777 5310 3098 5384 peratrices
3119 5309 3421 5365 modiolum
3447 5309 3785 5384 sibi_vindi-

2126 5381 2260 5439 care
2289 5381 2677 5469 decreverint,
2712 5382 2859 5469 mihi
2911 5383 3344 5469 incompertum
3376 5381 3631 5469 est.‘Alii
3667 5382 3781 5465 mi—

2126 5461 2277 5510 tram
2307 5459 2611 5523 exponunt
2634 5470 2647 5507 :
2667 5447 2741 5507 at
2771 5471 2903 5508 cum
2931 5447 3311 5524 περιϐάλλειν,
3335 5471 3455 5508 non
3486 5453 3558 5508 de
3589 5454 3782 5525 capite

2124 5528 2227 5583 sed
2254 5525 2325 5580 de
2357 5541 2603 5596 corpore
2634 5526 2933 5596 efferatur,
2961 5525 3034 5582 ab
3055 5526 3237 5582 allata
3261 5526 3334 5582 de
3361 5530 3517 5580 veste
3549 5532 3786 5580 senten~

2122 5601 2201 5655 tia
2235 5614 2354 5651 non
2383 5595 2643 5653 discedo.
2674 5597 2846 5652 Gem.

2195 5671 2309 5743 (51)
2336 5669 2766 5743 Jocum_autem
2790 5669 2852 5725 in
2873 5670 3118 5728 nomine
3141 5672 3321 5726 Barce
3344 5686 3464 5743 non
3487 5668 3778 5742 intelligo,

2120 5741 2239 5815 quo
2272 5756 2518 5798 uxorem
2549 5741 2761 5799 Leonis
2783 5744 3024 5802 notarit.
3059 5744 3198 5804 Χη.
3231 5773 3299 5787 α-
3329 5741 3553 5810 Quibus
3583 5741 3780 5799 scom-
