  <div class='ocr_page' id='page_1' title='image "/cluster/home/n/w/nwhite01/storage/ocr_20150623/121:no.1/coo.31924054870260/478.png"; bbox 0 0 4112 6430; ppageno 0'>
   <div class='ocr_carea' id='block_1_1' title="bbox 307 372 431 439">
    <p class='ocr_par' dir='ltr' id='par_1_1' title="bbox 307 372 431 439">
     <span class='ocr_line' id='line_1_1' title="bbox 307 372 431 439; baseline -0.008 0"><span class='ocrx_word' id='word_1_1' title='bbox 307 372 431 439; x_wconf 78' lang='lat'>933</span> 
     </span>
    </p>
   </div>
   <div class='ocr_carea' id='block_1_2' title="bbox 1467 362 2595 429">
    <p class='ocr_par' dir='ltr' id='par_1_2' title="bbox 1467 362 2595 429">
     <span class='ocr_line' id='line_1_2' title="bbox 1467 362 2595 429; baseline -0.001 0"><span class='ocrx_word' id='word_1_2' title='bbox 1467 362 2007 429; x_wconf 76' lang='lat' dir='ltr'>HISTORIARUM</span> <span class='ocrx_word' id='word_1_3' title='bbox 2051 363 2595 428; x_wconf 79' lang='lat' dir='ltr'>COMPENDIUM.</span> 
     </span>
    </p>
   </div>
   <div class='ocr_carea' id='block_1_3' title="bbox 3612 371 3735 434">
    <p class='ocr_par' dir='ltr' id='par_1_3' title="bbox 3612 371 3735 434">
     <span class='ocr_line' id='line_1_3' title="bbox 3612 371 3735 434; baseline -0.033 0"><span class='ocrx_word' id='word_1_4' title='bbox 3612 371 3735 434; x_wconf 71' lang='lat'>934</span> 
     </span>
    </p>
   </div>
   <div class='ocr_carea' id='block_1_4' title="bbox 303 497 1963 580">
    <p class='ocr_par' dir='ltr' id='par_1_4' title="bbox 303 497 1963 580">
     <span class='ocr_line' id='line_1_4' title="bbox 303 497 1963 580; baseline -0.005 -18"><span class='ocrx_word' id='word_1_5' title='bbox 303 507 470 580; x_wconf 80' lang='grc' dir='ltr'>ἦσαν,</span> <span class='ocrx_word' id='word_1_6' title='bbox 502 506 533 562; x_wconf 91' lang='lat'>6</span> <span class='ocrx_word' id='word_1_7' title='bbox 564 501 904 580; x_wconf 59' lang='grc' dir='ltr'>ἂτῦραννος</span> <span class='ocrx_word' id='word_1_8' title='bbox 952 500 1043 559; x_wconf 82' lang='grc' dir='ltr'>διὰ</span> <span class='ocrx_word' id='word_1_9' title='bbox 1092 508 1195 572; x_wconf 86' lang='grc' dir='ltr'>τῆς</span> <span class='ocrx_word' id='word_1_10' title='bbox 1253 503 1476 577; x_wconf 84' lang='grc' dir='ltr'>Χρυσῆς</span> <span class='ocrx_word' id='word_1_11' title='bbox 1529 500 1743 575; x_wconf 84' lang='grc' dir='ltr'>πόρτης</span> <span class='ocrx_word' id='word_1_12' title='bbox 1798 497 1963 576; x_wconf 74' lang='grc' dir='ltr'>εὐφη-</span> 
     </span>
    </p>
   </div>
   <div class='ocr_carea' id='block_1_5' title="bbox 2076 497 3735 580">
    <p class='ocr_par' dir='ltr' id='par_1_5' title="bbox 2078 498 3735 576">
     <span class='ocr_line' id='line_1_5' title="bbox 2078 498 3735 576; baseline 0.004 -22"><span class='ocrx_word' id='word_1_13' title='bbox 2078 498 2275 565; x_wconf 90' lang='lat' dir='ltr'>vellet,</span> <span class='ocrx_word' id='word_1_14' title='bbox 2306 505 2530 557; x_wconf 82' lang='lat' dir='ltr'>vestem</span> <span class='ocrx_word' id='word_1_15' title='bbox 2559 516 2677 572; x_wconf 88' lang='lat' dir='ltr'>qua</span> <span class='ocrx_word' id='word_1_16' title='bbox 2716 500 2869 557; x_wconf 84' lang='lat' dir='ltr'>forte</span> <span class='ocrx_word' id='word_1_17' title='bbox 2917 500 3169 557; x_wconf 87' lang='lat' dir='ltr'>indutus</span> <span class='ocrx_word' id='word_1_18' title='bbox 3223 506 3350 558; x_wconf 86' lang='lat' dir='ltr'>erat</span> <span class='ocrx_word' id='word_1_19' title='bbox 3405 503 3735 576; x_wconf 80' lang='lat' dir='ltr'>deponens,</span> 
     </span>
    </p>
   </div>
   <div class='ocr_carea' id='block_1_6' title="bbox 310 587 1970 673">
    <p class='ocr_par' dir='ltr' id='par_1_6' title="bbox 310 587 1970 673">
     <span class='ocr_line' id='line_1_6' title="bbox 310 587 1970 673; baseline -0.007 -19"><span class='ocrx_word' id='word_1_20' title='bbox 310 598 586 673; x_wconf 69' lang='grc' dir='ltr'>μοόμενος</span> <span class='ocrx_word' id='word_1_21' title='bbox 618 595 723 652; x_wconf 81' lang='grc' dir='ltr'>ὑπό</span> <span class='ocrx_word' id='word_1_22' title='bbox 751 617 812 652; x_wconf 89' lang='grc' dir='ltr'>τε</span> <span class='ocrx_word' id='word_1_23' title='bbox 838 599 936 651; x_wconf 70' lang='grc' dir='ltr'>τοῦ</span> <span class='ocrx_word' id='word_1_24' title='bbox 971 596 1205 670; x_wconf 78' lang='grc' dir='ltr'>στρατοῦ</span> <span class='ocrx_word' id='word_1_25' title='bbox 1234 590 1324 647; x_wconf 89' lang='grc' dir='ltr'>καί</span> <span class='ocrx_word' id='word_1_26' title='bbox 1352 594 1450 646; x_wconf 74' lang='grc' dir='ltr'>τοῦ</span> <span class='ocrx_word' id='word_1_27' title='bbox 1508 587 1691 663; x_wconf 75' lang='grc' dir='ltr'>δήμου</span> <span class='ocrx_word' id='word_1_28' title='bbox 1749 590 1837 645; x_wconf 86' lang='grc' dir='ltr'>καί</span> <span class='ocrx_word' id='word_1_29' title='bbox 1868 595 1970 658; x_wconf 77' lang='grc' dir='ltr'>τῆς</span> 
     </span>
    </p>
   </div>
   <div class='ocr_carea' id='block_1_7' title="bbox 304 678 1973 763">
    <p class='ocr_par' dir='ltr' id='par_1_7' title="bbox 304 678 1973 763">
     <span class='ocr_line' id='line_1_7' title="bbox 304 678 1973 763; baseline -0.006 -20"><span class='ocrx_word' id='word_1_30' title='bbox 304 687 624 763; x_wconf 76' lang='grc' dir='ltr'>συγκλήτου</span> <span class='ocrx_word' id='word_1_31' title='bbox 654 684 822 756; x_wconf 79' lang='grc' dir='ltr'>ἦλθεν</span> <span class='ocrx_word' id='word_1_32' title='bbox 842 684 919 747; x_wconf 82' lang='grc' dir='ltr'>εἰς</span> <span class='ocrx_word' id='word_1_33' title='bbox 948 685 1042 740; x_wconf 87' lang='grc' dir='ltr'>τὸν</span> <span class='ocrx_word' id='word_1_34' title='bbox 1074 684 1126 739; x_wconf 77' lang='grc' dir='ltr'>έν</span> <span class='ocrx_word' id='word_1_35' title='bbox 1171 687 1288 744; x_wconf 88' lang='grc' dir='ltr'>τοῖς</span> <span class='ocrx_word' id='word_1_36' title='bbox 1347 678 1617 737; x_wconf 85' lang='grc' dir='ltr'>Στουδίου</span> <span class='ocrx_word' id='word_1_37' title='bbox 1678 683 1777 736; x_wconf 76' lang='grc' dir='ltr'>τοῦ</span> <span class='ocrx_word' id='word_1_38' title='bbox 1837 685 1973 755; x_wconf 87' lang='grc' dir='ltr'>Προ-</span> 
     </span>
    </p>
   </div>
   <div class='ocr_carea' id='block_1_8' title="bbox 306 763 1974 853">
    <p class='ocr_par' dir='ltr' id='par_1_8' title="bbox 306 763 1974 853">
     <span class='ocr_line' id='line_1_8' title="bbox 306 763 1974 853; baseline -0.007 -19"><span class='ocrx_word' id='word_1_39' title='bbox 306 776 523 853; x_wconf 87' lang='grc' dir='ltr'>δρόμου</span> <span class='ocrx_word' id='word_1_40' title='bbox 550 776 699 845; x_wconf 83' lang='grc' dir='ltr'>ναὸν,</span> <span class='ocrx_word' id='word_1_41' title='bbox 748 774 993 837; x_wconf 72' lang='grc' dir='ltr'>κάκεῖθεν</span> <span class='ocrx_word' id='word_1_42' title='bbox 1043 769 1516 849; x_wconf 68' lang='grc' dir='ltr'>δορυφορούμενος</span> <span class='ocrx_word' id='word_1_43' title='bbox 1579 763 1850 825; x_wconf 86' lang='grc' dir='ltr'>κατέλαϐε</span> <span class='ocrx_word' id='word_1_44' title='bbox 1903 768 1974 823; x_wconf 74' lang='grc' dir='ltr'>τὰ</span> 
     </span>
    </p>
   </div>
   <div class='ocr_carea' id='block_1_9' title="bbox 308 856 1971 945">
    <p class='ocr_par' dir='ltr' id='par_1_9' title="bbox 308 856 1971 945">
     <span class='ocr_line' id='line_1_9' title="bbox 308 856 1971 945; baseline -0.007 -22"><span class='ocrx_word' id='word_1_45' title='bbox 308 866 588 945; x_wconf 80' lang='grc' dir='ltr'>βασίλεια.</span> <span class='ocrx_word' id='word_1_46' title='bbox 620 863 860 924; x_wconf 78' lang='grc' dir='ltr'>Μέλλων</span> <span class='ocrx_word' id='word_1_47' title='bbox 918 861 978 919; x_wconf 73' lang='grc' dir='ltr'>δὲ</span> <span class='ocrx_word' id='word_1_48' title='bbox 1028 857 1387 937; x_wconf 77' lang='grc' dir='ltr'>ἐπιϐατήριον</span> <span class='ocrx_word' id='word_1_49' title='bbox 1435 860 1606 936; x_wconf 78' lang='grc' dir='ltr'>εὐχὴν</span> <span class='ocrx_word' id='word_1_50' title='bbox 1637 864 1754 932; x_wconf 84' lang='grc'>(52)</span> <span class='ocrx_word' id='word_1_51' title='bbox 1811 856 1863 913; x_wconf 80' lang='grc' dir='ltr'>ἐν</span> <span class='ocrx_word' id='word_1_52' title='bbox 1890 861 1971 930; x_wconf 82' lang='grc' dir='ltr'>τῷ</span> 
     </span>
    </p>
   </div>
   <div class='ocr_carea' id='block_1_10' title="bbox 310 946 1971 1033">
    <p class='ocr_par' dir='ltr' id='par_1_10' title="bbox 310 946 1971 1033">
     <span class='ocr_line' id='line_1_10' title="bbox 310 946 1971 1033; baseline -0.007 -20"><span class='ocrx_word' id='word_1_53' title='bbox 310 958 507 1033; x_wconf 84' lang='grc' dir='ltr'>χρυσῷ</span> <span class='ocrx_word' id='word_1_54' title='bbox 537 954 804 1032; x_wconf 81' lang='grc' dir='ltr'>τρικλίνῳ</span> <span class='ocrx_word' id='word_1_55' title='bbox 837 950 1132 1009; x_wconf 73' lang='grc' dir='ltr'>ἀποδοῦναι</span> <span class='ocrx_word' id='word_1_56' title='bbox 1181 957 1263 1024; x_wconf 78' lang='grc' dir='ltr'>τῷ</span> <span class='ocrx_word' id='word_1_57' title='bbox 1311 955 1450 1023; x_wconf 77' lang='grc' dir='ltr'>Θεῷ,</span> <span class='ocrx_word' id='word_1_58' title='bbox 1509 946 1874 1022; x_wconf 73' lang='grc' dir='ltr'>ἐκδυσάμενος</span> <span class='ocrx_word' id='word_1_59' title='bbox 1902 946 1971 1017; x_wconf 69' lang='grc' dir='ltr'>ἢν</span> 
     </span>
    </p>
   </div>
   <div class='ocr_carea' id='block_1_11' title="bbox 306 1035 1971 1124">
    <p class='ocr_par' dir='ltr' id='par_1_11' title="bbox 306 1035 1971 1124">
     <span class='ocr_line' id='line_1_11' title="bbox 306 1035 1971 1124; baseline -0.008 -23"><span class='ocrx_word' id='word_1_60' title='bbox 306 1042 477 1122; x_wconf 76' lang='grc' dir='ltr'>ἔτυχε</span> <span class='ocrx_word' id='word_1_61' title='bbox 533 1049 716 1124; x_wconf 70' lang='grc' dir='ltr'>φορῶν</span> <span class='ocrx_word' id='word_1_62' title='bbox 766 1041 967 1106; x_wconf 69' lang='grc' dir='ltr'>ἐσθῆτα</span> <span class='ocrx_word' id='word_1_63' title='bbox 1020 1040 1326 1116; x_wconf 75' lang='grc' dir='ltr'>παρέσχετο</span> <span class='ocrx_word' id='word_1_64' title='bbox 1382 1043 1463 1112; x_wconf 75' lang='grc' dir='ltr'>τῷ</span> <span class='ocrx_word' id='word_1_65' title='bbox 1500 1044 1609 1094; x_wconf 81' lang='grc' dir='ltr'>τῶν</span> <span class='ocrx_word' id='word_1_66' title='bbox 1642 1035 1971 1109; x_wconf 79' lang='grc' dir='ltr'>ἱπποκόμων</span> 
     </span>
    </p>
   </div>
   <div class='ocr_carea' id='block_1_12' title="bbox 308 1125 1974 1208">
    <p class='ocr_par' dir='ltr' id='par_1_12' title="bbox 308 1125 1974 1208">
     <span class='ocr_line' id='line_1_12' title="bbox 308 1125 1974 1208; baseline -0.007 -17"><span class='ocrx_word' id='word_1_67' title='bbox 308 1134 659 1208; x_wconf 75' lang='grc' dir='ltr'>στρατεύοντι</span> <span class='ocrx_word' id='word_1_68' title='bbox 717 1131 973 1208; x_wconf 70' lang='grc' dir='ltr'>Μιχαήλ.</span> <span class='ocrx_word' id='word_1_69' title='bbox 1030 1132 1239 1190; x_wconf 69' lang='grc' dir='ltr'>Τούτου</span> <span class='ocrx_word' id='word_1_70' title='bbox 1308 1127 1366 1185; x_wconf 71' lang='grc' dir='ltr'>δὲ</span> <span class='ocrx_word' id='word_1_71' title='bbox 1420 1129 1592 1198; x_wconf 75' lang='grc' dir='ltr'>αὐτὴν</span> <span class='ocrx_word' id='word_1_72' title='bbox 1667 1128 1717 1198; x_wconf 79' lang='grc' dir='ltr'>ἐξ</span> <span class='ocrx_word' id='word_1_73' title='bbox 1804 1125 1974 1194; x_wconf 74' lang='grc' dir='ltr'>αὐτῆς</span> 
     </span>
    </p>
   </div>
   <div class='ocr_carea' id='block_1_13' title="bbox 310 1213 1974 1303">
    <p class='ocr_par' dir='ltr' id='par_1_13' title="bbox 310 1213 1974 1303">
     <span class='ocr_line' id='line_1_13' title="bbox 310 1213 1974 1303; baseline -0.007 -24"><span class='ocrx_word' id='word_1_74' title='bbox 310 1222 758 1303; x_wconf 65' lang='grc' dir='ltr'>ἀμφιασαμένου,</span> <span class='ocrx_word' id='word_1_75' title='bbox 787 1221 982 1284; x_wconf 84' lang='grc' dir='ltr'>οἰωνὸς</span> <span class='ocrx_word' id='word_1_76' title='bbox 1014 1213 1162 1290; x_wconf 78' lang='grc' dir='ltr'>ἔδοξε</span> <span class='ocrx_word' id='word_1_77' title='bbox 1215 1218 1279 1274; x_wconf 85' lang='grc' dir='ltr'>τὸ</span> <span class='ocrx_word' id='word_1_78' title='bbox 1335 1216 1561 1294; x_wconf 87' lang='grc' dir='ltr'>γεγονὸς</span> <span class='ocrx_word' id='word_1_79' title='bbox 1602 1221 1721 1279; x_wconf 88' lang='grc' dir='ltr'>τοῖς</span> <span class='ocrx_word' id='word_1_80' title='bbox 1781 1226 1974 1303; x_wconf 47' lang='lat' dir='ltr'>(jacea-</span> 
     </span>
    </p>
   </div>
   <div class='ocr_carea' id='block_1_14' title="bbox 2078 589 3736 666">
    <p class='ocr_par' dir='ltr' id='par_1_14' title="bbox 2078 589 3736 666">
     <span class='ocr_line' id='line_1_14' title="bbox 2078 589 3736 666; baseline 0.004 -22"><span class='ocrx_word' id='word_1_81' title='bbox 2078 589 2366 646; x_wconf 85' lang='lat' dir='ltr'>Michaelo</span> <span class='ocrx_word' id='word_1_82' title='bbox 2399 592 2754 662; x_wconf 88' lang='lat' dir='ltr'>equisonum</span> <span class='ocrx_word' id='word_1_83' title='bbox 2772 592 3050 664; x_wconf 71' lang='lat' dir='ltr'>praefecto</span> <span class='ocrx_word' id='word_1_84' title='bbox 3075 593 3349 660; x_wconf 75' lang='lat' dir='ltr'>tradidit;</span> <span class='ocrx_word' id='word_1_85' title='bbox 3371 596 3471 666; x_wconf 89' lang='lat' dir='ltr'>qui</span> <span class='ocrx_word' id='word_1_86' title='bbox 3504 597 3736 652; x_wconf 87' lang='lat' dir='ltr'>etillico</span> 
     </span>
    </p>
   </div>
   <div class='ocr_carea' id='block_1_15' title="bbox 2079 680 3737 757">
    <p class='ocr_par' dir='ltr' id='par_1_15' title="bbox 2079 680 3737 757">
     <span class='ocr_line' id='line_1_15' title="bbox 2079 680 3737 757; baseline 0.004 -22"><span class='ocrx_word' id='word_1_87' title='bbox 2079 695 2212 736; x_wconf 90' lang='lat' dir='ltr'>eam</span> <span class='ocrx_word' id='word_1_88' title='bbox 2238 680 2455 736; x_wconf 89' lang='lat' dir='ltr'>induit.</span> <span class='ocrx_word' id='word_1_89' title='bbox 2479 681 2643 747; x_wconf 90' lang='lat' dir='ltr'>Quod</span> <span class='ocrx_word' id='word_1_90' title='bbox 2667 682 2765 753; x_wconf 88' lang='lat' dir='ltr'>qui</span> <span class='ocrx_word' id='word_1_91' title='bbox 2800 681 3094 749; x_wconf 87' lang='lat' dir='ltr'>viderunt,</span> <span class='ocrx_word' id='word_1_92' title='bbox 3128 699 3303 739; x_wconf 89' lang='lat' dir='ltr'>omen</span> <span class='ocrx_word' id='word_1_93' title='bbox 3336 701 3464 740; x_wconf 91' lang='lat' dir='ltr'>esse</span> <span class='ocrx_word' id='word_1_94' title='bbox 3496 687 3737 757; x_wconf 82' lang='lat' dir='ltr'>gerendi</span> 
     </span>
    </p>
   </div>
   <div class='ocr_carea' id='block_1_16' title="bbox 2079 769 3741 844">
    <p class='ocr_par' dir='ltr' id='par_1_16' title="bbox 2079 769 3741 844">
     <span class='ocr_line' id='line_1_16' title="bbox 2079 769 3741 844; baseline 0.003 -20"><span class='ocrx_word' id='word_1_95' title='bbox 2079 775 2215 840; x_wconf 90' lang='lat' dir='ltr'>post</span> <span class='ocrx_word' id='word_1_96' title='bbox 2246 769 2500 826; x_wconf 86' lang='lat' dir='ltr'>Leonem</span> <span class='ocrx_word' id='word_1_97' title='bbox 2532 770 2817 825; x_wconf 86' lang='lat' dir='ltr'>Michaelo</span> <span class='ocrx_word' id='word_1_98' title='bbox 2848 771 3084 844; x_wconf 89' lang='lat' dir='ltr'>imperii</span> <span class='ocrx_word' id='word_1_99' title='bbox 3117 781 3499 830; x_wconf 84' lang='lat' dir='ltr'>censuerunt.</span> <span class='ocrx_word' id='word_1_100' title='bbox 3520 776 3741 830; x_wconf 87' lang='lat' dir='ltr'>Etcum</span> 
     </span>
    </p>
   </div>
   <div class='ocr_carea' id='block_1_17' title="bbox 2082 857 3744 935">
    <p class='ocr_par' dir='ltr' id='par_1_17' title="bbox 2082 857 3744 935">
     <span class='ocr_line' id='line_1_17' title="bbox 2082 857 3744 935; baseline 0.002 -22"><span class='ocrx_word' id='word_1_101' title='bbox 2082 857 2194 913; x_wconf 90' lang='lat' dir='ltr'>Leo</span> <span class='ocrx_word' id='word_1_102' title='bbox 2221 858 2339 914; x_wconf 90' lang='lat' dir='ltr'>alia</span> <span class='ocrx_word' id='word_1_103' title='bbox 2366 864 2526 913; x_wconf 84' lang='lat' dir='ltr'>veste</span> <span class='ocrx_word' id='word_1_104' title='bbox 2547 858 2800 915; x_wconf 90' lang='lat' dir='ltr'>amictus</span> <span class='ocrx_word' id='word_1_105' title='bbox 2831 859 2891 914; x_wconf 90' lang='lat' dir='ltr'>in</span> <span class='ocrx_word' id='word_1_106' title='bbox 2936 861 3221 933; x_wconf 85' lang='lat' dir='ltr'>templum</span> <span class='ocrx_word' id='word_1_107' title='bbox 3251 862 3586 917; x_wconf 87' lang='lat' dir='ltr'>Palatinum</span> <span class='ocrx_word' id='word_1_108' title='bbox 3607 879 3744 935; x_wconf 88' lang='lat' dir='ltr'>per-</span> 
     </span>
    </p>
   </div>
   <div class='ocr_carea' id='block_1_18' title="bbox 2081 949 3747 1022">
    <p class='ocr_par' dir='ltr' id='par_1_18' title="bbox 2081 949 3747 1022">
     <span class='ocr_line' id='line_1_18' title="bbox 2081 949 3747 1022; baseline 0.004 -21"><span class='ocrx_word' id='word_1_109' title='bbox 2081 953 2264 1021; x_wconf 81' lang='lat' dir='ltr'>geret,</span> <span class='ocrx_word' id='word_1_110' title='bbox 2297 964 2554 1020; x_wconf 87' lang='lat' dir='ltr'>sequens</span> <span class='ocrx_word' id='word_1_111' title='bbox 2585 964 2619 1003; x_wconf 88' lang='lat' dir='ltr'>a</span> <span class='ocrx_word' id='word_1_112' title='bbox 2655 954 2817 1021; x_wconf 83' lang='lat' dir='ltr'>tergo</span> <span class='ocrx_word' id='word_1_113' title='bbox 2877 949 3037 1005; x_wconf 90' lang='lat' dir='ltr'>idem</span> <span class='ocrx_word' id='word_1_114' title='bbox 3099 951 3439 1022; x_wconf 79' lang='lat' dir='ltr'>Micliaelus,</span> <span class='ocrx_word' id='word_1_115' title='bbox 3473 952 3616 1007; x_wconf 87' lang='lat' dir='ltr'>dum</span> <span class='ocrx_word' id='word_1_116' title='bbox 3662 952 3747 1007; x_wconf 89' lang='lat' dir='ltr'>in-</span> 
     </span>
    </p>
   </div>
   <div class='ocr_carea' id='block_1_19' title="bbox 2081 1038 3741 1114">
    <p class='ocr_par' dir='ltr' id='par_1_19' title="bbox 2081 1038 3741 1114">
     <span class='ocr_line' id='line_1_19' title="bbox 2081 1038 3741 1114; baseline 0.002 -21"><span class='ocrx_word' id='word_1_117' title='bbox 2081 1038 2315 1093; x_wconf 79' lang='lat' dir='ltr'>cautius</span> <span class='ocrx_word' id='word_1_118' title='bbox 2346 1046 2406 1093; x_wconf 91' lang='lat' dir='ltr'>et</span> <span class='ocrx_word' id='word_1_119' title='bbox 2438 1043 2658 1093; x_wconf 83' lang='lat' dir='ltr'>temere</span> <span class='ocrx_word' id='word_1_120' title='bbox 2689 1039 2974 1109; x_wconf 77' lang='lat' dir='ltr'>graditur,</span> <span class='ocrx_word' id='word_1_121' title='bbox 3009 1057 3173 1096; x_wconf 86' lang='lat' dir='ltr'>oram</span> <span class='ocrx_word' id='word_1_122' title='bbox 3220 1042 3620 1114; x_wconf 71' lang='lat' dir='ltr'>imperatoria:</span> <span class='ocrx_word' id='word_1_123' title='bbox 3645 1060 3741 1097; x_wconf 88' lang='lat' dir='ltr'>ve-</span> 
     </span>
    </p>
   </div>
   <div class='ocr_carea' id='block_1_20' title="bbox 2085 1126 3741 1204">
    <p class='ocr_par' dir='ltr' id='par_1_20' title="bbox 2085 1126 3741 1204">
     <span class='ocr_line' id='line_1_20' title="bbox 2085 1126 3741 1204; baseline 0.002 -22"><span class='ocrx_word' id='word_1_124' title='bbox 2085 1128 2192 1183; x_wconf 84' lang='lat' dir='ltr'>stis</span> <span class='ocrx_word' id='word_1_125' title='bbox 2226 1126 2490 1183; x_wconf 82' lang='lat' dir='ltr'>calcavit.</span> <span class='ocrx_word' id='word_1_126' title='bbox 2523 1127 2689 1193; x_wconf 91' lang='lat' dir='ltr'>Quod</span> <span class='ocrx_word' id='word_1_127' title='bbox 2719 1145 2826 1199; x_wconf 88' lang='lat' dir='ltr'>pro</span> <span class='ocrx_word' id='word_1_128' title='bbox 2858 1129 3101 1185; x_wconf 88' lang='lat' dir='ltr'>sinistro</span> <span class='ocrx_word' id='word_1_129' title='bbox 3133 1130 3331 1187; x_wconf 88' lang='lat' dir='ltr'>omine</span> <span class='ocrx_word' id='word_1_130' title='bbox 3355 1132 3463 1187; x_wconf 91' lang='lat' dir='ltr'>Leo</span> <span class='ocrx_word' id='word_1_131' title='bbox 3491 1134 3741 1204; x_wconf 88' lang='lat' dir='ltr'>accepit,</span> 
     </span>
    </p>
   </div>
   <div class='ocr_carea' id='block_1_21' title="bbox 2083 1216 3736 1293">
    <p class='ocr_par' dir='ltr' id='par_1_21' title="bbox 2083 1216 3736 1293">
     <span class='ocr_line' id='line_1_21' title="bbox 2083 1216 3736 1293; baseline 0.004 -22"><span class='ocrx_word' id='word_1_132' title='bbox 2083 1233 2265 1271; x_wconf 84' lang='lat' dir='ltr'>novas</span> <span class='ocrx_word' id='word_1_133' title='bbox 2296 1217 2455 1272; x_wconf 92' lang='lat' dir='ltr'>hunc</span> <span class='ocrx_word' id='word_1_134' title='bbox 2480 1216 2798 1288; x_wconf 85' lang='lat' dir='ltr'>aliquando</span> <span class='ocrx_word' id='word_1_135' title='bbox 2849 1234 2943 1273; x_wconf 91' lang='lat' dir='ltr'>res</span> <span class='ocrx_word' id='word_1_136' title='bbox 2975 1219 3321 1275; x_wconf 87' lang='lat' dir='ltr'>moliturum</span> <span class='ocrx_word' id='word_1_137' title='bbox 3353 1223 3736 1293; x_wconf 66' lang='lat' dir='ltr'>praesagiens.</span> 
     </span>
    </p>
   </div>
   <div class='ocr_carea' id='block_1_22' title="bbox 334 1300 3738 1388">
    <p class='ocr_par' dir='ltr' id='par_1_22' title="bbox 334 1300 3738 1388">
     <span class='ocr_line' id='line_1_22' title="bbox 334 1300 3738 1388; baseline -0.002 -19"><span class='ocrx_word' id='word_1_138' title='bbox 334 1300 517 1388; x_wconf 75' lang='grc' dir='ltr'>μένοις</span> <span class='ocrx_word' id='word_1_139' title='bbox 548 1313 623 1375; x_wconf 83' lang='grc' dir='ltr'>ὡς</span> <span class='ocrx_word' id='word_1_140' title='bbox 654 1312 792 1385; x_wconf 83' lang='grc' dir='ltr'>μετά</span> <span class='ocrx_word' id='word_1_141' title='bbox 823 1309 1023 1367; x_wconf 82' lang='grc' dir='ltr'>Λέοντα</span> <span class='ocrx_word' id='word_1_142' title='bbox 1049 1318 1152 1378; x_wconf 73' lang='grc' dir='ltr'>τῆς</span> <span class='ocrx_word' id='word_1_143' title='bbox 1185 1306 1463 1385; x_wconf 77' lang='grc' dir='ltr'>βασιλείας</span> <span class='ocrx_word' id='word_1_144' title='bbox 1499 1304 1663 1370; x_wconf 70' lang='grc' dir='ltr'>αυτὸς</span> <span class='ocrx_word' id='word_1_145' title='bbox 1691 1300 2031 1373; x_wconf 79' lang='grc' dir='ltr'>ἐπιϐησεται.</span> <span class='ocrx_word' id='word_1_146' title='bbox 2079 1304 2297 1378; x_wconf 71' lang='grc' dir='ltr'>Ἑτέραν</span> <span class='ocrx_word' id='word_1_147' title='bbox 2359 1301 2416 1360; x_wconf 72' lang='grc' dir='ltr'>δὲ</span> <span class='ocrx_word' id='word_1_148' title='bbox 2476 1300 2877 1377; x_wconf 82' lang='grc' dir='ltr'>μεταλαϐόντος</span> <span class='ocrx_word' id='word_1_149' title='bbox 2935 1306 3133 1376; x_wconf 78' lang='grc' dir='ltr'>ἐσθῆτα</span> <span class='ocrx_word' id='word_1_150' title='bbox 3187 1311 3284 1362; x_wconf 79' lang='grc' dir='ltr'>τοῦ</span> <span class='ocrx_word' id='word_1_151' title='bbox 3347 1308 3614 1384; x_wconf 81' lang='grc' dir='ltr'>βασιλέως</span> <span class='ocrx_word' id='word_1_152' title='bbox 3647 1308 3738 1364; x_wconf 89' lang='grc' dir='ltr'>καί</span> 
     </span>
    </p>
   </div>
   <div class='ocr_carea' id='block_1_23' title="bbox 322 1388 3739 1473">
    <p class='ocr_par' dir='ltr' id='par_1_23' title="bbox 322 1388 3739 1473">
     <span class='ocr_line' id='line_1_23' title="bbox 322 1388 3739 1473; baseline -0.001 -15"><span class='ocrx_word' id='word_1_153' title='bbox 322 1403 582 1465; x_wconf 76' lang='grc' dir='ltr'>ἀπιόντος</span> <span class='ocrx_word' id='word_1_154' title='bbox 606 1401 683 1464; x_wconf 90' lang='grc' dir='ltr'>εἰς</span> <span class='ocrx_word' id='word_1_155' title='bbox 710 1401 803 1457; x_wconf 88' lang='grc' dir='ltr'>τὸν</span> <span class='ocrx_word' id='word_1_156' title='bbox 835 1398 889 1456; x_wconf 84' lang='grc' dir='ltr'>ἐν</span> <span class='ocrx_word' id='word_1_157' title='bbox 914 1403 995 1472; x_wconf 79' lang='grc' dir='ltr'>τῷ</span> <span class='ocrx_word' id='word_1_158' title='bbox 1014 1396 1267 1466; x_wconf 78' lang='grc' dir='ltr'>παλατξῳ</span> <span class='ocrx_word' id='word_1_159' title='bbox 1295 1396 1451 1459; x_wconf 84' lang='grc' dir='ltr'>νεὼν,</span> <span class='ocrx_word' id='word_1_160' title='bbox 1484 1391 1700 1452; x_wconf 79' lang='grc' dir='ltr'>ὄπισθεν</span> <span class='ocrx_word' id='word_1_161' title='bbox 1730 1395 1758 1449; x_wconf 91' lang='lat'>6</span> <span class='ocrx_word' id='word_1_162' title='bbox 1790 1390 2029 1469; x_wconf 75' lang='grc' dir='ltr'>Μιχαὴλ</span> <span class='ocrx_word' id='word_1_163' title='bbox 2063 1394 2176 1466; x_wconf 80' lang='lat'>(53)</span> <span class='ocrx_word' id='word_1_164' title='bbox 2202 1388 2469 1468; x_wconf 70' lang='grc' dir='ltr'>ἑπόμενος</span> <span class='ocrx_word' id='word_1_165' title='bbox 2530 1394 2620 1449; x_wconf 83' lang='grc' dir='ltr'>καί</span> <span class='ocrx_word' id='word_1_166' title='bbox 2684 1393 3035 1470; x_wconf 82' lang='grc' dir='ltr'>ἀπροσέκτως</span> <span class='ocrx_word' id='word_1_167' title='bbox 3091 1396 3289 1472; x_wconf 87' lang='grc' dir='ltr'>βαίνων</span> <span class='ocrx_word' id='word_1_168' title='bbox 3332 1398 3422 1454; x_wconf 87' lang='grc' dir='ltr'>καὶ</span> <span class='ocrx_word' id='word_1_169' title='bbox 3454 1404 3739 1473; x_wconf 82' lang='grc' dir='ltr'>προπετῶς</span> 
     </span>
    </p>
   </div>
   <div class='ocr_carea' id='block_1_24' title="bbox 316 1481 3738 1568">
    <p class='ocr_par' dir='ltr' id='par_1_24' title="bbox 316 1481 3738 1568">
     <span class='ocr_line' id='line_1_24' title="bbox 316 1481 3738 1568; baseline -0.002 -21"><span class='ocrx_word' id='word_1_170' title='bbox 316 1493 385 1547; x_wconf 83' lang='grc' dir='ltr'>τὸ</span> <span class='ocrx_word' id='word_1_171' title='bbox 416 1492 581 1568; x_wconf 73' lang='grc' dir='ltr'>ἄκρον</span> <span class='ocrx_word' id='word_1_172' title='bbox 610 1496 711 1560; x_wconf 71' lang='grc' dir='ltr'>τῆς</span> <span class='ocrx_word' id='word_1_173' title='bbox 748 1485 1043 1564; x_wconf 78' lang='grc' dir='ltr'>βασιλικῆς</span> <span class='ocrx_word' id='word_1_174' title='bbox 1072 1487 1300 1557; x_wconf 72' lang='grc' dir='ltr'>ἐσθῆτος</span> <span class='ocrx_word' id='word_1_175' title='bbox 1344 1485 1601 1556; x_wconf 81' lang='grc' dir='ltr'>ὲπάτησε”</span> <span class='ocrx_word' id='word_1_176' title='bbox 1637 1487 1802 1539; x_wconf 80' lang='grc' dir='ltr'>τοῦτο</span> <span class='ocrx_word' id='word_1_177' title='bbox 1833 1484 1997 1538; x_wconf 82' lang='grc' dir='ltr'>κακὸν</span> <span class='ocrx_word' id='word_1_178' title='bbox 2032 1481 2224 1538; x_wconf 87' lang='grc' dir='ltr'>οἰωνὸν</span> <span class='ocrx_word' id='word_1_179' title='bbox 2275 1483 2303 1538; x_wconf 97' lang='lat'>6</span> <span class='ocrx_word' id='word_1_180' title='bbox 2353 1482 2502 1538; x_wconf 76' lang='grc' dir='ltr'>Λέων</span> <span class='ocrx_word' id='word_1_181' title='bbox 2559 1485 2832 1559; x_wconf 74' lang='grc' dir='ltr'>ἡγησατο,</span> <span class='ocrx_word' id='word_1_182' title='bbox 2887 1485 2978 1539; x_wconf 84' lang='grc' dir='ltr'>καὶ</span> <span class='ocrx_word' id='word_1_183' title='bbox 3034 1488 3395 1563; x_wconf 82' lang='grc' dir='ltr'>νεωτερισμὸν</span> <span class='ocrx_word' id='word_1_184' title='bbox 3448 1486 3658 1543; x_wconf 75' lang='grc' dir='ltr'>’ἐσεσθαι</span> <span class='ocrx_word' id='word_1_185' title='bbox 3688 1485 3738 1558; x_wconf 81' lang='grc' dir='ltr'>ἔξ</span> 
     </span>
    </p>
   </div>
   <div class='ocr_carea' id='block_1_25' title="bbox 316 1579 995 1644">
    <p class='ocr_par' dir='ltr' id='par_1_25' title="bbox 316 1579 995 1644">
     <span class='ocr_line' id='line_1_25' title="bbox 316 1579 995 1644; baseline -0.006 -8"><span class='ocrx_word' id='word_1_186' title='bbox 316 1580 487 1637; x_wconf 71' lang='grc' dir='ltr'>αὐτοῦ</span> <span class='ocrx_word' id='word_1_187' title='bbox 516 1579 968 1644; x_wconf 82' lang='grc' dir='ltr'>καθυπώπτευσεν</span> <span class='ocrx_word' id='word_1_188' title='bbox 980 1597 995 1612; x_wconf 90' lang='grc'><strong>·</strong></span> 
     </span>
    </p>
   </div>
   <div class='ocr_carea' id='block_1_26' title="bbox 384 1661 1968 1741">
    <p class='ocr_par' dir='ltr' id='par_1_26' title="bbox 384 1661 1968 1741">
     <span class='ocr_line' id='line_1_26' title="bbox 384 1661 1968 1741; baseline -0.004 -17"><span class='ocrx_word' id='word_1_189' title='bbox 384 1668 743 1731; x_wconf 81' lang='grc' dir='ltr'>Εἰσελθόντος</span> <span class='ocrx_word' id='word_1_190' title='bbox 774 1665 834 1723; x_wconf 75' lang='grc' dir='ltr'>δὲ</span> <span class='ocrx_word' id='word_1_191' title='bbox 864 1665 1016 1740; x_wconf 73' lang='grc' dir='ltr'>ὅμως</span> <span class='ocrx_word' id='word_1_192' title='bbox 1044 1669 1144 1722; x_wconf 80' lang='grc' dir='ltr'>τοῦ</span> <span class='ocrx_word' id='word_1_193' title='bbox 1179 1665 1441 1741; x_wconf 84' lang='grc' dir='ltr'>τυράννου</span> <span class='ocrx_word' id='word_1_194' title='bbox 1473 1663 1549 1725; x_wconf 82' lang='grc' dir='ltr'>εἷς</span> <span class='ocrx_word' id='word_1_195' title='bbox 1602 1663 1668 1718; x_wconf 83' lang='grc' dir='ltr'>τὰ</span> <span class='ocrx_word' id='word_1_196' title='bbox 1716 1661 1968 1738; x_wconf 87' lang='grc' dir='ltr'>βασίλεια</span> 
     </span>
    </p>
   </div>
   <div class='ocr_carea' id='block_1_27' title="bbox 300 1749 1968 1834">
    <p class='ocr_par' dir='ltr' id='par_1_27' title="bbox 300 1749 1968 1834">
     <span class='ocr_line' id='line_1_27' title="bbox 300 1749 1968 1834; baseline -0.005 -20"><span class='ocrx_word' id='word_1_197' title='bbox 300 1758 398 1815; x_wconf 84' lang='grc' dir='ltr'>καί</span> <span class='ocrx_word' id='word_1_198' title='bbox 425 1761 526 1828; x_wconf 74' lang='grc' dir='ltr'>τήν</span> <span class='ocrx_word' id='word_1_199' title='bbox 557 1755 928 1834; x_wconf 80' lang='grc' dir='ltr'>ἀπραγμόνως</span> <span class='ocrx_word' id='word_1_200' title='bbox 958 1752 1249 1829; x_wconf 70' lang='grc' dir='ltr'>διδομένην</span> <span class='ocrx_word' id='word_1_201' title='bbox 1307 1754 1459 1827; x_wconf 74' lang='grc' dir='ltr'>αὖτῷ</span> <span class='ocrx_word' id='word_1_202' title='bbox 1523 1749 1800 1829; x_wconf 84' lang='grc' dir='ltr'>βασιλείαν</span> <span class='ocrx_word' id='word_1_203' title='bbox 1833 1752 1968 1827; x_wconf 86' lang='grc' dir='ltr'>μετά</span> 
     </span>
    </p>
   </div>
   <div class='ocr_carea' id='block_1_28' title="bbox 302 1842 1966 1925">
    <p class='ocr_par' dir='ltr' id='par_1_28' title="bbox 302 1842 1966 1925">
     <span class='ocr_line' id='line_1_28' title="bbox 302 1842 1966 1925; baseline -0.005 -20"><span class='ocrx_word' id='word_1_204' title='bbox 302 1847 648 1925; x_wconf 80' lang='grc' dir='ltr'>πραγμάτων</span> <span class='ocrx_word' id='word_1_205' title='bbox 707 1846 799 1902; x_wconf 84' lang='grc' dir='ltr'>καί</span> <span class='ocrx_word' id='word_1_206' title='bbox 855 1851 1104 1922; x_wconf 80' lang='grc' dir='ltr'>ταραχῆς</span> <span class='ocrx_word' id='word_1_207' title='bbox 1172 1844 1233 1900; x_wconf 73' lang='grc' dir='ltr'>οὐ</span> <span class='ocrx_word' id='word_1_208' title='bbox 1288 1847 1485 1921; x_wconf 83' lang='grc' dir='ltr'>μικρᾶς</span> <span class='ocrx_word' id='word_1_209' title='bbox 1536 1842 1966 1918; x_wconf 79' lang='grc' dir='ltr'>κατεσχηκότος,</span> 
     </span>
    </p>
   </div>
   <div class='ocr_carea' id='block_1_29' title="bbox 305 1930 1969 2014">
    <p class='ocr_par' dir='ltr' id='par_1_29' title="bbox 305 1930 1969 2014">
     <span class='ocr_line' id='line_1_29' title="bbox 305 1930 1969 2014; baseline -0.005 -21"><span class='ocrx_word' id='word_1_210' title='bbox 305 1934 541 2014; x_wconf 75' lang='grc' dir='ltr'>Μιχαὴλ</span> <span class='ocrx_word' id='word_1_211' title='bbox 573 1940 602 1992; x_wconf 86' lang='grc' dir='ltr'>ὁ</span> <span class='ocrx_word' id='word_1_212' title='bbox 637 1934 894 2013; x_wconf 73' lang='grc' dir='ltr'>βασιλεὺς</span> <span class='ocrx_word' id='word_1_213' title='bbox 921 1936 1010 1990; x_wconf 80' lang='grc' dir='ltr'>καὶ</span> <span class='ocrx_word' id='word_1_214' title='bbox 1044 1938 1079 2004; x_wconf 78' lang='grc' dir='ltr'><strong>ὴ</strong></span> <span class='ocrx_word' id='word_1_215' title='bbox 1123 1934 1371 1996; x_wconf 71' lang='grc' dir='ltr'>σῦνευνος</span> <span class='ocrx_word' id='word_1_216' title='bbox 1420 1930 1700 2008; x_wconf 83' lang='grc' dir='ltr'>Ιιροκοπία</span> <span class='ocrx_word' id='word_1_217' title='bbox 1728 1930 1819 1986; x_wconf 79' lang='grc' dir='ltr'>σὺν</span> <span class='ocrx_word' id='word_1_218' title='bbox 1850 1935 1969 1993; x_wconf 89' lang='grc' dir='ltr'>τοῖς</span> 
     </span>
    </p>
   </div>
   <div class='ocr_carea' id='block_1_30' title="bbox 305 2020 1966 2107">
    <p class='ocr_par' dir='ltr' id='par_1_30' title="bbox 305 2020 1966 2107">
     <span class='ocr_line' id='line_1_30' title="bbox 305 2020 1966 2107; baseline -0.005 -24"><span class='ocrx_word' id='word_1_219' title='bbox 305 2030 588 2107; x_wconf 70' lang='grc' dir='ltr'>σφετέροις</span> <span class='ocrx_word' id='word_1_220' title='bbox 616 2026 804 2083; x_wconf 87' lang='grc' dir='ltr'>παισίν</span> <span class='ocrx_word' id='word_1_221' title='bbox 837 2025 914 2090; x_wconf 75' lang='grc' dir='ltr'>εἷς</span> <span class='ocrx_word' id='word_1_222' title='bbox 936 2025 1028 2081; x_wconf 78' lang='grc' dir='ltr'>τὸν</span> <span class='ocrx_word' id='word_1_223' title='bbox 1059 2031 1160 2095; x_wconf 77' lang='grc' dir='ltr'>τῆς</span> <span class='ocrx_word' id='word_1_224' title='bbox 1191 2022 1461 2081; x_wconf 80' lang='grc' dir='ltr'>θεοτόκου</span> <span class='ocrx_word' id='word_1_225' title='bbox 1524 2023 1650 2078; x_wconf 88' lang='grc' dir='ltr'>ναὸν</span> <span class='ocrx_word' id='word_1_226' title='bbox 1688 2023 1747 2085; x_wconf 80' lang='grc' dir='ltr'>ὅς</span> <span class='ocrx_word' id='word_1_227' title='bbox 1781 2020 1966 2096; x_wconf 87' lang='grc' dir='ltr'>Φάρος</span> 
     </span>
    </p>
   </div>
   <div class='ocr_carea' id='block_1_31' title="bbox 2151 1662 3739 1740">
    <p class='ocr_par' dir='ltr' id='par_1_31' title="bbox 2151 1662 3739 1740">
     <span class='ocr_line' id='line_1_31' title="bbox 2151 1662 3739 1740; baseline 0.004 -21"><span class='ocrx_word' id='word_1_228' title='bbox 2151 1664 2421 1737; x_wconf 83' lang='lat' dir='ltr'>Ingresso</span> <span class='ocrx_word' id='word_1_229' title='bbox 2454 1662 2516 1718; x_wconf 92' lang='lat' dir='ltr'>in</span> <span class='ocrx_word' id='word_1_230' title='bbox 2543 1664 2767 1737; x_wconf 84' lang='lat' dir='ltr'>regiam</span> <span class='ocrx_word' id='word_1_231' title='bbox 2802 1665 3016 1733; x_wconf 87' lang='lat' dir='ltr'>Leone,</span> <span class='ocrx_word' id='word_1_232' title='bbox 3049 1667 3282 1739; x_wconf 87' lang='lat' dir='ltr'>sibique</span> <span class='ocrx_word' id='word_1_233' title='bbox 3313 1667 3543 1740; x_wconf 86' lang='lat' dir='ltr'>placide</span> <span class='ocrx_word' id='word_1_234' title='bbox 3564 1669 3739 1726; x_wconf 91' lang='lat' dir='ltr'>obla-</span> 
     </span>
    </p>
   </div>
   <div class='ocr_carea' id='block_1_32' title="bbox 2077 1754 3743 1833">
    <p class='ocr_par' dir='ltr' id='par_1_32' title="bbox 2077 1754 3743 1833">
     <span class='ocr_line' id='line_1_32' title="bbox 2077 1754 3743 1833; baseline 0.005 -24"><span class='ocrx_word' id='word_1_235' title='bbox 2077 1754 2540 1827; x_wconf 89' lang='lat' dir='ltr'>tumimperium</span> <span class='ocrx_word' id='word_1_236' title='bbox 2570 1770 2690 1810; x_wconf 88' lang='lat' dir='ltr'>non</span> <span class='ocrx_word' id='word_1_237' title='bbox 2717 1755 2847 1811; x_wconf 89' lang='lat' dir='ltr'>sine</span> <span class='ocrx_word' id='word_1_238' title='bbox 2878 1757 3130 1827; x_wconf 78' lang='lat' dir='ltr'>negotiis</span> <span class='ocrx_word' id='word_1_239' title='bbox 3162 1764 3221 1813; x_wconf 92' lang='lat' dir='ltr'>et</span> <span class='ocrx_word' id='word_1_240' title='bbox 3250 1775 3462 1833; x_wconf 82' lang='lat' dir='ltr'>magno</span> <span class='ocrx_word' id='word_1_241' title='bbox 3488 1761 3743 1818; x_wconf 88' lang='lat' dir='ltr'>tumultu</span> 
     </span>
    </p>
   </div>
   <div class='ocr_carea' id='block_1_33' title="bbox 2077 1844 3739 1917">
    <p class='ocr_par' dir='ltr' id='par_1_33' title="bbox 2077 1844 3739 1917">
     <span class='ocr_line' id='line_1_33' title="bbox 2077 1844 3739 1917; baseline 0.004 -17"><span class='ocrx_word' id='word_1_242' title='bbox 2077 1850 2426 1917; x_wconf 87' lang='lat' dir='ltr'>occupante,</span> <span class='ocrx_word' id='word_1_243' title='bbox 2455 1844 2775 1901; x_wconf 82' lang='lat' dir='ltr'>Michaelus</span> <span class='ocrx_word' id='word_1_244' title='bbox 2806 1846 3110 1902; x_wconf 79' lang='lat' dir='ltr'>Rancabes</span> <span class='ocrx_word' id='word_1_245' title='bbox 3142 1864 3277 1903; x_wconf 90' lang='lat' dir='ltr'>cum</span> <span class='ocrx_word' id='word_1_246' title='bbox 3309 1865 3494 1905; x_wconf 84' lang='lat' dir='ltr'>uxore</span> <span class='ocrx_word' id='word_1_247' title='bbox 3526 1852 3739 1906; x_wconf 86' lang='lat' dir='ltr'>Proco-</span> 
     </span>
    </p>
   </div>
   <div class='ocr_carea' id='block_1_34' title="bbox 2077 1933 3742 2008">
    <p class='ocr_par' dir='ltr' id='par_1_34' title="bbox 2077 1933 3742 2008">
     <span class='ocr_line' id='line_1_34' title="bbox 2077 1933 3742 2008; baseline 0.004 -19"><span class='ocrx_word' id='word_1_248' title='bbox 2077 1935 2176 2007; x_wconf 90' lang='lat' dir='ltr'>pia</span> <span class='ocrx_word' id='word_1_249' title='bbox 2204 1940 2263 1989; x_wconf 89' lang='lat' dir='ltr'>et</span> <span class='ocrx_word' id='word_1_250' title='bbox 2292 1933 2496 1989; x_wconf 90' lang='lat' dir='ltr'>liberis</span> <span class='ocrx_word' id='word_1_251' title='bbox 2530 1934 2590 1989; x_wconf 91' lang='lat' dir='ltr'>in</span> <span class='ocrx_word' id='word_1_252' title='bbox 2620 1934 2828 1990; x_wconf 88' lang='lat' dir='ltr'>fanum</span> <span class='ocrx_word' id='word_1_253' title='bbox 2863 1935 3155 2007; x_wconf 70' lang='lat' dir='ltr'>Deiparaa.</span> <span class='ocrx_word' id='word_1_254' title='bbox 3208 1937 3366 2008; x_wconf 91' lang='lat' dir='ltr'>quod</span> <span class='ocrx_word' id='word_1_255' title='bbox 3391 1939 3617 1995; x_wconf 84' lang='lat' dir='ltr'>Pharus</span> <span class='ocrx_word' id='word_1_256' title='bbox 3649 1940 3742 1996; x_wconf 84' lang='lat' dir='ltr'>di-</span> 
     </span>
    </p>
   </div>
   <div class='ocr_carea' id='block_1_35' title="bbox 2079 2025 3736 2098">
    <p class='ocr_par' dir='ltr' id='par_1_35' title="bbox 2079 2025 3736 2098">
     <span class='ocr_line' id='line_1_35' title="bbox 2079 2025 3736 2098; baseline 0.004 -19"><span class='ocrx_word' id='word_1_257' title='bbox 2079 2025 2251 2087; x_wconf 87' lang='lat' dir='ltr'>citur.</span> <span class='ocrx_word' id='word_1_258' title='bbox 2282 2025 2660 2098; x_wconf 83' lang='lat' dir='ltr'>supplicandi</span> <span class='ocrx_word' id='word_1_259' title='bbox 2691 2042 2869 2081; x_wconf 88' lang='lat' dir='ltr'>causa</span> <span class='ocrx_word' id='word_1_260' title='bbox 2891 2042 2953 2081; x_wconf 92' lang='lat' dir='ltr'>se</span> <span class='ocrx_word' id='word_1_261' title='bbox 2980 2026 3382 2083; x_wconf 88' lang='lat' dir='ltr'>contulerunt.</span> <span class='ocrx_word' id='word_1_262' title='bbox 3409 2029 3564 2093; x_wconf 88' lang='lat' dir='ltr'>Quos</span> <span class='ocrx_word' id='word_1_263' title='bbox 3595 2029 3736 2085; x_wconf 89' lang='lat' dir='ltr'>inde</span> 
     </span>
    </p>
   </div>
   <div class='ocr_carea' id='block_1_36' title="bbox 318 2103 1963 2196">
    <p class='ocr_par' dir='ltr' id='par_1_36' title="bbox 318 2103 1962 2196">
     <span class='ocr_line' id='line_1_36' title="bbox 318 2103 1962 2196; baseline -0.005 -21"><span class='ocrx_word' id='word_1_264' title='bbox 318 2103 752 2191; x_wconf 62' lang='grc' dir='ltr'>κατονομάζεται</span> <span class='ocrx_word' id='word_1_265' title='bbox 804 2112 1209 2196; x_wconf 75' lang='grc' dir='ltr'>προσφυγόντες</span> <span class='ocrx_word' id='word_1_266' title='bbox 1283 2112 1455 2169; x_wconf 77' lang='grc' dir='ltr'>ἱκέται</span> <span class='ocrx_word' id='word_1_267' title='bbox 1523 2113 1792 2191; x_wconf 74' lang='grc' dir='ltr'>γίνονται.</span> <span class='ocrx_word' id='word_1_268' title='bbox 1853 2111 1962 2174; x_wconf 74' lang='grc' dir='ltr'>Οὓς</span> 
     </span>
    </p>
   </div>
   <div class='ocr_carea' id='block_1_37' title="bbox 2076 2103 3737 2196">
    <p class='ocr_par' dir='ltr' id='par_1_37' title="bbox 2076 2113 3737 2189">
     <span class='ocr_line' id='line_1_37' title="bbox 2076 2113 3737 2189; baseline 0.002 -18"><span class='ocrx_word' id='word_1_269' title='bbox 2076 2114 2310 2171; x_wconf 87' lang='lat' dir='ltr'>avulsos</span> <span class='ocrx_word' id='word_1_270' title='bbox 2342 2116 2454 2170; x_wconf 88' lang='lat' dir='ltr'>Leo</span> <span class='ocrx_word' id='word_1_271' title='bbox 2487 2113 2770 2187; x_wconf 84' lang='lat' dir='ltr'>sejunxit,</span> <span class='ocrx_word' id='word_1_272' title='bbox 2830 2131 2899 2170; x_wconf 90' lang='lat' dir='ltr'>ac</span> <span class='ocrx_word' id='word_1_273' title='bbox 2955 2116 3309 2172; x_wconf 86' lang='lat' dir='ltr'>Michaelum</span> <span class='ocrx_word' id='word_1_274' title='bbox 3370 2118 3614 2189; x_wconf 87' lang='lat' dir='ltr'>quidem</span> <span class='ocrx_word' id='word_1_275' title='bbox 3675 2120 3737 2174; x_wconf 91' lang='lat' dir='ltr'>in</span> 
     </span>
    </p>
   </div>
   <div class='ocr_carea' id='block_1_38' title="bbox 314 2199 1963 2280">
    <p class='ocr_par' dir='ltr' id='par_1_38' title="bbox 314 2199 1963 2280">
     <span class='ocr_line' id='line_1_38' title="bbox 314 2199 1963 2280; baseline -0.005 -17"><span class='ocrx_word' id='word_1_276' title='bbox 314 2209 516 2263; x_wconf 78' lang='grc' dir='ltr'>ἐκεῖθεν</span> <span class='ocrx_word' id='word_1_277' title='bbox 548 2206 862 2268; x_wconf 72' lang='grc' dir='ltr'>ἀποσπάσας</span> <span class='ocrx_word' id='word_1_278' title='bbox 893 2205 920 2260; x_wconf 87' lang='lat'>6</span> <span class='ocrx_word' id='word_1_279' title='bbox 952 2204 1209 2280; x_wconf 79' lang='grc' dir='ltr'>τύραννος</span> <span class='ocrx_word' id='word_1_280' title='bbox 1236 2203 1328 2259; x_wconf 81' lang='grc' dir='ltr'>ἀπ’</span> <span class='ocrx_word' id='word_1_281' title='bbox 1370 2201 1639 2273; x_wconf 82' lang='grc' dir='ltr'>ἀλλήλων</span> <span class='ocrx_word' id='word_1_282' title='bbox 1692 2199 1963 2272; x_wconf 79' lang='grc' dir='ltr'>διέστησε,</span> 
     </span>
    </p>
   </div>
   <div class='ocr_carea' id='block_1_39' title="bbox 308 2292 1961 2377">
    <p class='ocr_par' dir='ltr' id='par_1_39' title="bbox 308 2292 1961 2377">
     <span class='ocr_line' id='line_1_39' title="bbox 308 2292 1961 2377; baseline -0.005 -25"><span class='ocrx_word' id='word_1_283' title='bbox 308 2298 407 2352; x_wconf 80' lang='grc' dir='ltr'>καὶ</span> <span class='ocrx_word' id='word_1_284' title='bbox 442 2294 667 2377; x_wconf 69' lang='grc' dir='ltr'>Μιχαὴλ</span> <span class='ocrx_word' id='word_1_285' title='bbox 702 2298 800 2371; x_wconf 74' lang='grc' dir='ltr'>μὲν</span> <span class='ocrx_word' id='word_1_286' title='bbox 842 2295 1131 2371; x_wconf 77' lang='grc' dir='ltr'>ὑπερόριον</span> <span class='ocrx_word' id='word_1_287' title='bbox 1194 2293 1246 2349; x_wconf 82' lang='grc' dir='ltr'>ἐν</span> <span class='ocrx_word' id='word_1_288' title='bbox 1305 2297 1386 2366; x_wconf 76' lang='grc' dir='ltr'>τῷ</span> <span class='ocrx_word' id='word_1_289' title='bbox 1441 2292 1578 2348; x_wconf 83' lang='grc' dir='ltr'>κατὰ</span> <span class='ocrx_word' id='word_1_290' title='bbox 1638 2292 1738 2362; x_wconf 80' lang='grc' dir='ltr'>τήν</span> <span class='ocrx_word' id='word_1_291' title='bbox 1796 2297 1961 2360; x_wconf 77' lang='grc' dir='ltr'>νῆσον</span> 
     </span>
    </p>
   </div>
   <div class='ocr_carea' id='block_1_40' title="bbox 307 2381 1960 2459">
    <p class='ocr_par' dir='ltr' id='par_1_40' title="bbox 307 2381 1960 2459">
     <span class='ocr_line' id='line_1_40' title="bbox 307 2381 1960 2459; baseline -0.007 -17"><span class='ocrx_word' id='word_1_292' title='bbox 307 2384 542 2458; x_wconf 81' lang='grc' dir='ltr'>Πρώτην</span> <span class='ocrx_word' id='word_1_293' title='bbox 573 2383 921 2459; x_wconf 81' lang='grc' dir='ltr'>μοναστηρίφ</span> <span class='ocrx_word' id='word_1_294' title='bbox 954 2386 1277 2456; x_wconf 75' lang='grc' dir='ltr'>ἐποιήσατο,</span> <span class='ocrx_word' id='word_1_295' title='bbox 1337 2383 1390 2438; x_wconf 81' lang='grc' dir='ltr'>ἐν</span> <span class='ocrx_word' id='word_1_296' title='bbox 1424 2383 1471 2455; x_wconf 84' lang='grc' dir='ltr'>ᾧ</span> <span class='ocrx_word' id='word_1_297' title='bbox 1528 2383 1627 2450; x_wconf 75' lang='grc' dir='ltr'>τὴν</span> <span class='ocrx_word' id='word_1_298' title='bbox 1686 2381 1960 2453; x_wconf 74' lang='grc' dir='ltr'>κοσμικήν</span> 
     </span>
    </p>
   </div>
   <div class='ocr_carea' id='block_1_41' title="bbox 299 2467 1962 2555">
    <p class='ocr_par' dir='ltr' id='par_1_41' title="bbox 299 2467 1962 2555">
     <span class='ocr_line' id='line_1_41' title="bbox 299 2467 1962 2555; baseline -0.004 -23"><span class='ocrx_word' id='word_1_299' title='bbox 299 2476 635 2551; x_wconf 81' lang='grc' dir='ltr'>ἀποθέμενος</span> <span class='ocrx_word' id='word_1_300' title='bbox 691 2477 864 2555; x_wconf 86' lang='grc' dir='ltr'>τρίχα</span> <span class='ocrx_word' id='word_1_301' title='bbox 946 2474 1042 2531; x_wconf 78' lang='grc' dir='ltr'>τὸν</span> <span class='ocrx_word' id='word_1_302' title='bbox 1101 2472 1297 2530; x_wconf 78' lang='grc' dir='ltr'>λοιπὸν</span> <span class='ocrx_word' id='word_1_303' title='bbox 1368 2479 1470 2541; x_wconf 77' lang='grc' dir='ltr'>τῆς</span> <span class='ocrx_word' id='word_1_304' title='bbox 1542 2477 1689 2542; x_wconf 84' lang='grc' dir='ltr'>ζωῆς</span> <span class='ocrx_word' id='word_1_305' title='bbox 1744 2467 1962 2542; x_wconf 73' lang='grc' dir='ltr'>διήνυσε</span> 
     </span>
    </p>
   </div>
   <div class='ocr_carea' id='block_1_42' title="bbox 304 2556 1962 2644">
    <p class='ocr_par' dir='ltr' id='par_1_42' title="bbox 304 2556 1962 2644">
     <span class='ocr_line' id='line_1_42' title="bbox 304 2556 1962 2644; baseline -0.004 -25"><span class='ocrx_word' id='word_1_306' title='bbox 304 2565 529 2642; x_wconf 70' lang='grc' dir='ltr'>χρόνον,</span> <span class='ocrx_word' id='word_1_307' title='bbox 554 2563 932 2644; x_wconf 66' lang='grc' dir='ltr'>Θεοφῦλακτον</span> <span class='ocrx_word' id='word_1_308' title='bbox 971 2561 1029 2620; x_wconf 83' lang='grc' dir='ltr'>δὲ</span> <span class='ocrx_word' id='word_1_309' title='bbox 1083 2563 1175 2618; x_wconf 87' lang='grc' dir='ltr'>τὸν</span> <span class='ocrx_word' id='word_1_310' title='bbox 1220 2556 1586 2639; x_wconf 65' lang='grc' dir='ltr'>πρεσϐύτερον</span> <span class='ocrx_word' id='word_1_311' title='bbox 1626 2564 1738 2615; x_wconf 82' lang='grc' dir='ltr'>τῶν</span> <span class='ocrx_word' id='word_1_312' title='bbox 1764 2559 1962 2616; x_wconf 78' lang='grc' dir='ltr'>τούτου</span> 
     </span>
    </p>
   </div>
   <div class='ocr_carea' id='block_1_43' title="bbox 296 2645 1961 2729">
    <p class='ocr_par' dir='ltr' id='par_1_43' title="bbox 296 2645 1961 2729">
     <span class='ocr_line' id='line_1_43' title="bbox 296 2645 1961 2729; baseline -0.005 -19"><span class='ocrx_word' id='word_1_313' title='bbox 296 2658 435 2711; x_wconf 67' lang='grc' dir='ltr'>υἱῶν</span> <span class='ocrx_word' id='word_1_314' title='bbox 468 2653 711 2727; x_wconf 72' lang='grc' dir='ltr'>ἐκτεμὼν</span> <span class='ocrx_word' id='word_1_315' title='bbox 759 2653 970 2726; x_wconf 73' lang='grc' dir='ltr'>συνάμα</span> <span class='ocrx_word' id='word_1_316' title='bbox 1025 2656 1095 2727; x_wconf 76' lang='grc' dir='ltr'>τῇ</span> <span class='ocrx_word' id='word_1_317' title='bbox 1158 2653 1325 2723; x_wconf 80' lang='grc' dir='ltr'>μητρὶ</span> <span class='ocrx_word' id='word_1_318' title='bbox 1390 2650 1644 2711; x_wconf 85' lang='grc' dir='ltr'>καὶτοῖς</span> <span class='ocrx_word' id='word_1_319' title='bbox 1700 2645 1961 2729; x_wconf 74' lang='grc' dir='ltr'>ἀδελφοῖς</span> 
     </span>
    </p>
   </div>
   <div class='ocr_carea' id='block_1_44' title="bbox 294 2736 1962 2819">
    <p class='ocr_par' dir='ltr' id='par_1_44' title="bbox 294 2736 1962 2819">
     <span class='ocr_line' id='line_1_44' title="bbox 294 2736 1962 2819; baseline -0.005 -19"><span class='ocrx_word' id='word_1_320' title='bbox 294 2743 482 2819; x_wconf 75' lang='grc' dir='ltr'>έξορίᾳ</span> <span class='ocrx_word' id='word_1_321' title='bbox 510 2742 879 2818; x_wconf 77' lang='grc' dir='ltr'>παρέπεμψεν.</span> <span class='ocrx_word' id='word_1_322' title='bbox 913 2740 984 2798; x_wconf 83' lang='grc' dir='ltr'>Οὖ</span> <span class='ocrx_word' id='word_1_323' title='bbox 1034 2738 1310 2813; x_wconf 75' lang='grc' dir='ltr'>παρέλκον</span> <span class='ocrx_word' id='word_1_324' title='bbox 1370 2736 1429 2796; x_wconf 75' lang='grc' dir='ltr'>δὲ</span> <span class='ocrx_word' id='word_1_325' title='bbox 1480 2737 1613 2802; x_wconf 66' lang='grc' dir='ltr'>ἴσως</span> <span class='ocrx_word' id='word_1_326' title='bbox 1674 2738 1962 2812; x_wconf 80' lang='grc' dir='ltr'>ἱστορῆσαι</span> 
     </span>
    </p>
   </div>
   <div class='ocr_carea' id='block_1_45' title="bbox 291 2825 1962 2910">
    <p class='ocr_par' dir='ltr' id='par_1_45' title="bbox 291 2825 1962 2910">
     <span class='ocr_line' id='line_1_45' title="bbox 291 2825 1962 2910; baseline -0.006 -19"><span class='ocrx_word' id='word_1_327' title='bbox 291 2836 566 2892; x_wconf 77' lang='grc' dir='ltr'>καίὃπως</span> <span class='ocrx_word' id='word_1_328' title='bbox 596 2838 678 2907; x_wconf 77' lang='grc' dir='ltr'>τῷ</span> <span class='ocrx_word' id='word_1_329' title='bbox 719 2830 936 2910; x_wconf 86' lang='grc' dir='ltr'>βασιλεῖ</span> <span class='ocrx_word' id='word_1_330' title='bbox 993 2829 1232 2907; x_wconf 74' lang='grc' dir='ltr'>Μιχαὴλ</span> <span class='ocrx_word' id='word_1_331' title='bbox 1289 2825 1710 2905; x_wconf 78' lang='grc' dir='ltr'>προδεδήλωται</span> <span class='ocrx_word' id='word_1_332' title='bbox 1770 2830 1805 2899; x_wconf 81' lang='grc' dir='ltr'>ἡ</span> <span class='ocrx_word' id='word_1_333' title='bbox 1861 2833 1962 2897; x_wconf 82' lang='grc' dir='ltr'>τῆς</span> 
     </span>
    </p>
   </div>
   <div class='ocr_carea' id='block_1_46' title="bbox 300 2918 903 3003">
    <p class='ocr_par' dir='ltr' id='par_1_46' title="bbox 300 2918 903 3003">
     <span class='ocr_line' id='line_1_46' title="bbox 300 2918 903 3003; baseline -0.002 -23"><span class='ocrx_word' id='word_1_334' title='bbox 300 2924 588 3003; x_wconf 79' lang='grc' dir='ltr'>βασιλείας</span> <span class='ocrx_word' id='word_1_335' title='bbox 620 2918 878 2993; x_wconf 71' lang='grc' dir='ltr'>ἀποϐολή</span> <span class='ocrx_word' id='word_1_336' title='bbox 890 2965 903 2979; x_wconf 92' lang='grc'>.</span> 
     </span>
    </p>
   </div>
   <div class='ocr_carea' id='block_1_47' title="bbox 380 3005 1957 3088">
    <p class='ocr_par' dir='ltr' id='par_1_47' title="bbox 380 3005 1957 3088">
     <span class='ocr_line' id='line_1_47' title="bbox 380 3005 1957 3088; baseline -0.005 -19"><span class='ocrx_word' id='word_1_337' title='bbox 380 3009 648 3084; x_wconf 78' lang='grc' dir='ltr'>Παιδίσκη</span> <span class='ocrx_word' id='word_1_338' title='bbox 681 3032 766 3074; x_wconf 85' lang='grc' dir='ltr'>τις</span> <span class='ocrx_word' id='word_1_339' title='bbox 795 3012 861 3082; x_wconf 82' lang='grc' dir='ltr'>ἦν</span> <span class='ocrx_word' id='word_1_340' title='bbox 895 3009 1179 3086; x_wconf 74' lang='grc' dir='ltr'>οἰκογενὴς</span> <span class='ocrx_word' id='word_1_341' title='bbox 1208 3012 1290 3082; x_wconf 76' lang='grc' dir='ltr'>τῷ</span> <span class='ocrx_word' id='word_1_342' title='bbox 1346 3005 1600 3088; x_wconf 75' lang='grc' dir='ltr'>Μιχαῆλο</span> <span class='ocrx_word' id='word_1_343' title='bbox 1627 3007 1765 3077; x_wconf 74' lang='grc' dir='ltr'>αὓτη</span> <span class='ocrx_word' id='word_1_344' title='bbox 1821 3007 1957 3062; x_wconf 85' lang='grc' dir='ltr'>κατά</span> 
     </span>
    </p>
   </div>
   <div class='ocr_carea' id='block_1_48' title="bbox 301 3095 1959 3173">
    <p class='ocr_par' dir='ltr' id='par_1_48' title="bbox 301 3095 1959 3173">
     <span class='ocr_line' id='line_1_48' title="bbox 301 3095 1959 3173; baseline -0.005 -11"><span class='ocrx_word' id='word_1_345' title='bbox 301 3104 401 3167; x_wconf 70' lang='grc' dir='ltr'>τὰς</span> <span class='ocrx_word' id='word_1_346' title='bbox 462 3103 785 3173; x_wconf 70' lang='grc' dir='ltr'>σεληνιακίις</span> <span class='ocrx_word' id='word_1_347' title='bbox 844 3098 1100 3163; x_wconf 79' lang='grc' dir='ltr'>συνόδους</span> <span class='ocrx_word' id='word_1_348' title='bbox 1176 3101 1335 3154; x_wconf 85' lang='grc' dir='ltr'>παθει</span> <span class='ocrx_word' id='word_1_349' title='bbox 1389 3097 1620 3171; x_wconf 83' lang='grc' dir='ltr'>-μανίας</span> <span class='ocrx_word' id='word_1_350' title='bbox 1675 3095 1959 3167; x_wconf 74' lang='grc' dir='ltr'>ἡλίσκετο.</span> 
     </span>
    </p>
   </div>
   <div class='ocr_carea' id='block_1_49' title="bbox 315 3185 1960 3268">
    <p class='ocr_par' dir='ltr' id='par_1_49' title="bbox 315 3185 1960 3268">
     <span class='ocr_line' id='line_1_49' title="bbox 315 3185 1960 3268; baseline -0.006 -18"><span class='ocrx_word' id='word_1_351' title='bbox 315 3194 512 3251; x_wconf 85' lang='grc' dir='ltr'>ὐπότε</span> <span class='ocrx_word' id='word_1_352' title='bbox 566 3196 696 3268; x_wconf 77' lang='grc' dir='ltr'>γοῦν</span> <span class='ocrx_word' id='word_1_353' title='bbox 747 3190 906 3264; x_wconf 86' lang='grc' dir='ltr'>ἀλῴη</span> <span class='ocrx_word' id='word_1_354' title='bbox 961 3194 1043 3263; x_wconf 80' lang='grc' dir='ltr'>τῷ</span> <span class='ocrx_word' id='word_1_355' title='bbox 1090 3190 1269 3255; x_wconf 80' lang='grc' dir='ltr'>πάθει,</span> <span class='ocrx_word' id='word_1_356' title='bbox 1319 3187 1396 3250; x_wconf 86' lang='grc' dir='ltr'>εἰς</span> <span class='ocrx_word' id='word_1_357' title='bbox 1442 3187 1610 3243; x_wconf 85' lang='grc' dir='ltr'>τόπον</span> <span class='ocrx_word' id='word_1_358' title='bbox 1683 3185 1960 3264; x_wconf 82' lang='grc' dir='ltr'>ἐρχομένη</span> 
     </span>
    </p>
   </div>
   <div class='ocr_carea' id='block_1_50' title="bbox 314 3279 1959 3361">
    <p class='ocr_par' dir='ltr' id='par_1_50' title="bbox 314 3279 1959 3361">
     <span class='ocr_line' id='line_1_50' title="bbox 314 3279 1959 3361; baseline 0.002 -29"><span class='ocrx_word' id='word_1_359' title='bbox 314 3283 368 3341; x_wconf 76' lang='grc' dir='ltr'>ἐν</span> <span class='ocrx_word' id='word_1_360' title='bbox 400 3287 446 3359; x_wconf 80' lang='grc' dir='ltr'>ᾧ</span> <span class='ocrx_word' id='word_1_361' title='bbox 482 3286 611 3361; x_wconf 72' lang='grc' dir='ltr'>βοῦς</span> <span class='ocrx_word' id='word_1_362' title='bbox 633 3306 693 3341; x_wconf 89' lang='grc' dir='ltr'>τε</span> <span class='ocrx_word' id='word_1_363' title='bbox 718 3283 805 3340; x_wconf 69' lang='grc' dir='ltr'><strong>καῖ</strong></span> <span class='ocrx_word' id='word_1_364' title='bbox 842 3281 982 3339; x_wconf 87' lang='grc' dir='ltr'>λέων</span> <span class='ocrx_word' id='word_1_365' title='bbox 1014 3281 1263 3358; x_wconf 71' lang='grc' dir='ltr'>ἵδρυνται</span> <span class='ocrx_word' id='word_1_366' title='bbox 1322 3279 1526 3345; x_wconf 77' lang='grc' dir='ltr'>λίθινοι</span> <span class='ocrx_word' id='word_1_367' title='bbox 1577 3280 1705 3347; x_wconf 87' lang='grc' dir='ltr'>(κάκ</span> <span class='ocrx_word' id='word_1_368' title='bbox 1753 3280 1959 3336; x_wconf 72' lang='grc' dir='ltr'>τούτων</span> 
     </span>
    </p>
   </div>
   <div class='ocr_carea' id='block_1_51' title="bbox 306 3368 1963 3451">
    <p class='ocr_par' dir='ltr' id='par_1_51' title="bbox 306 3368 1963 3451">
     <span class='ocr_line' id='line_1_51' title="bbox 306 3368 1963 3451; baseline -0.004 -21"><span class='ocrx_word' id='word_1_369' title='bbox 306 3368 431 3449; x_wconf 81' lang='grc' dir='ltr'>ἔχει</span> <span class='ocrx_word' id='word_1_370' title='bbox 459 3377 555 3446; x_wconf 79' lang='grc' dir='ltr'>τήν</span> <span class='ocrx_word' id='word_1_371' title='bbox 583 3372 963 3451; x_wconf 81' lang='grc' dir='ltr'>προσηγορίαν</span> <span class='ocrx_word' id='word_1_372' title='bbox 1003 3373 1032 3428; x_wconf 89' lang='lat'>6</span> <span class='ocrx_word' id='word_1_373' title='bbox 1060 3372 1258 3440; x_wconf 82' lang='grc' dir='ltr'>τόπος,</span> <span class='ocrx_word' id='word_1_374' title='bbox 1310 3368 1630 3427; x_wconf 85' lang='grc' dir='ltr'>Βουκολέων</span> <span class='ocrx_word' id='word_1_375' title='bbox 1691 3368 1963 3443; x_wconf 80' lang='grc' dir='ltr'>ὀνομαζό-</span> 
     </span>
    </p>
   </div>
   <div class='ocr_carea' id='block_1_52' title="bbox 2070 2204 3738 2278">
    <p class='ocr_par' dir='ltr' id='par_1_52' title="bbox 2070 2204 3738 2278">
     <span class='ocr_line' id='line_1_52' title="bbox 2070 2204 3738 2278; baseline 0.002 -18"><span class='ocrx_word' id='word_1_376' title='bbox 2070 2207 2263 2260; x_wconf 69' lang='lat' dir='ltr'>Protaa</span> <span class='ocrx_word' id='word_1_377' title='bbox 2296 2204 2508 2260; x_wconf 69' lang='lat' dir='ltr'>insula</span> <span class='ocrx_word' id='word_1_378' title='bbox 2539 2206 2971 2260; x_wconf 85' lang='lat' dir='ltr'>monasterium</span> <span class='ocrx_word' id='word_1_379' title='bbox 3004 2205 3464 2278; x_wconf 64' lang='lat' dir='ltr'>deportavit.uhi</span> <span class='ocrx_word' id='word_1_380' title='bbox 3492 2208 3544 2262; x_wconf 89' lang='lat' dir='ltr'>is</span> <span class='ocrx_word' id='word_1_381' title='bbox 3566 2225 3738 2264; x_wconf 89' lang='lat' dir='ltr'>coma</span> 
     </span>
    </p>
   </div>
   <div class='ocr_carea' id='block_1_53' title="bbox 2073 2293 3742 2368">
    <p class='ocr_par' dir='ltr' id='par_1_53' title="bbox 2073 2293 3742 2368">
     <span class='ocr_line' id='line_1_53' title="bbox 2073 2293 3742 2368; baseline 0.002 -19"><span class='ocrx_word' id='word_1_382' title='bbox 2073 2311 2227 2362; x_wconf 88' lang='lat' dir='ltr'>rasa,</span> <span class='ocrx_word' id='word_1_383' title='bbox 2262 2294 2399 2350; x_wconf 84' lang='lat' dir='ltr'>huic</span> <span class='ocrx_word' id='word_1_384' title='bbox 2432 2294 2649 2350; x_wconf 70' lang='lat' dir='ltr'>saeculo</span> <span class='ocrx_word' id='word_1_385' title='bbox 2706 2293 3062 2362; x_wconf 87' lang='lat' dir='ltr'>valedicens,</span> <span class='ocrx_word' id='word_1_386' title='bbox 3092 2296 3385 2368; x_wconf 90' lang='lat' dir='ltr'>rsliquum</span> <span class='ocrx_word' id='word_1_387' title='bbox 3440 2297 3568 2353; x_wconf 60' lang='lat' dir='ltr'>vitae</span> <span class='ocrx_word' id='word_1_388' title='bbox 3613 2314 3742 2353; x_wconf 50' lang='lat' dir='ltr'>exe.</span> 
     </span>
    </p>
   </div>
   <div class='ocr_carea' id='block_1_54' title="bbox 2070 2385 3739 2459">
    <p class='ocr_par' dir='ltr' id='par_1_54' title="bbox 2070 2385 3739 2459">
     <span class='ocr_line' id='line_1_54' title="bbox 2070 2385 3739 2459; baseline 0.002 -20"><span class='ocrx_word' id='word_1_389' title='bbox 2070 2385 2739 2459; x_wconf 81' lang='lat' dir='ltr'>git;Theophylactum</span> <span class='ocrx_word' id='word_1_390' title='bbox 2799 2391 3002 2441; x_wconf 89' lang='lat' dir='ltr'>autem</span> <span class='ocrx_word' id='word_1_391' title='bbox 3061 2393 3207 2441; x_wconf 88' lang='lat' dir='ltr'>natu</span> <span class='ocrx_word' id='word_1_392' title='bbox 3265 2387 3559 2457; x_wconf 77' lang='lat' dir='ltr'>majorem</span> <span class='ocrx_word' id='word_1_393' title='bbox 3608 2387 3739 2459; x_wconf 84' lang='lat' dir='ltr'>ejus</span> 
     </span>
    </p>
   </div>
   <div class='ocr_carea' id='block_1_55' title="bbox 2072 2474 3727 2548">
    <p class='ocr_par' dir='ltr' id='par_1_55' title="bbox 2072 2474 3727 2548">
     <span class='ocr_line' id='line_1_55' title="bbox 2072 2474 3727 2548; baseline 0.001 -19"><span class='ocrx_word' id='word_1_394' title='bbox 2072 2474 2265 2529; x_wconf 85' lang='lat' dir='ltr'>tilium</span> <span class='ocrx_word' id='word_1_395' title='bbox 2289 2478 2611 2529; x_wconf 87' lang='lat' dir='ltr'>castratum</span> <span class='ocrx_word' id='word_1_396' title='bbox 2644 2489 2778 2530; x_wconf 90' lang='lat' dir='ltr'>cum</span> <span class='ocrx_word' id='word_1_397' title='bbox 2812 2480 3001 2529; x_wconf 88' lang='lat' dir='ltr'>matre</span> <span class='ocrx_word' id='word_1_398' title='bbox 3030 2479 3086 2528; x_wconf 92' lang='lat' dir='ltr'>et</span> <span class='ocrx_word' id='word_1_399' title='bbox 3116 2474 3399 2529; x_wconf 81' lang='lat' dir='ltr'>fratribus</span> <span class='ocrx_word' id='word_1_400' title='bbox 3431 2475 3727 2548; x_wconf 77' lang='lat' dir='ltr'>relegavit.</span> 
     </span>
    </p>
   </div>
   <div class='ocr_carea' id='block_1_56' title="bbox 2071 2563 3734 2634">
    <p class='ocr_par' dir='ltr' id='par_1_56' title="bbox 2071 2563 3734 2634">
     <span class='ocr_line' id='line_1_56' title="bbox 2071 2563 3734 2634; baseline 0.001 -16"><span class='ocrx_word' id='word_1_401' title='bbox 2071 2564 2225 2619; x_wconf 73' lang='lat'>849</span> <span class='ocrx_word' id='word_1_402' title='bbox 2266 2563 2557 2618; x_wconf 83' lang='lat' dir='ltr'>Fortassis</span> <span class='ocrx_word' id='word_1_403' title='bbox 2584 2579 3089 2634; x_wconf 88' lang='lat' dir='ltr'>supervacaneum</span> <span class='ocrx_word' id='word_1_404' title='bbox 3132 2580 3251 2619; x_wconf 91' lang='lat' dir='ltr'>non</span> <span class='ocrx_word' id='word_1_405' title='bbox 3284 2564 3463 2619; x_wconf 84' lang='lat' dir='ltr'>fuerit</span> <span class='ocrx_word' id='word_1_406' title='bbox 3490 2581 3734 2619; x_wconf 89' lang='lat' dir='ltr'>narrare</span> 
     </span>
    </p>
   </div>
   <div class='ocr_carea' id='block_1_57' title="bbox 2072 2651 3734 2727">
    <p class='ocr_par' dir='ltr' id='par_1_57' title="bbox 2072 2651 3734 2727">
     <span class='ocr_line' id='line_1_57' title="bbox 2072 2651 3734 2727; baseline -0.01 -2"><span class='ocrx_word' id='word_1_407' title='bbox 2072 2670 2187 2725; x_wconf 74' lang='lat' dir='ltr'>quo</span> <span class='ocrx_word' id='word_1_408' title='bbox 2212 2657 2381 2724; x_wconf 76' lang='lat' dir='ltr'>Paeto</span> <span class='ocrx_word' id='word_1_409' title='bbox 2414 2651 2705 2709; x_wconf 71' lang='lat' dir='ltr'>Rancaba)</span> <span class='ocrx_word' id='word_1_410' title='bbox 2738 2652 2979 2726; x_wconf 84' lang='lat' dir='ltr'>imperii</span> <span class='ocrx_word' id='word_1_411' title='bbox 3011 2652 3256 2709; x_wconf 88' lang='lat' dir='ltr'>amissio</span> <span class='ocrx_word' id='word_1_412' title='bbox 3306 2652 3488 2708; x_wconf 83' lang='lat' dir='ltr'>luerit</span> <span class='ocrx_word' id='word_1_413' title='bbox 3516 2654 3734 2727; x_wconf 79' lang='lat' dir='ltr'>praedi--</span> 
     </span>
    </p>
   </div>
   <div class='ocr_carea' id='block_1_58' title="bbox 2071 2747 2186 2799">
    <p class='ocr_par' dir='ltr' id='par_1_58' title="bbox 2071 2747 2186 2799">
     <span class='ocr_line' id='line_1_58' title="bbox 2071 2747 2186 2799; baseline 0 -1"><span class='ocrx_word' id='word_1_414' title='bbox 2071 2747 2186 2799; x_wconf 85' lang='lat' dir='ltr'>cta.</span> 
     </span>
    </p>
   </div>
   <div class='ocr_carea' id='block_1_59' title="bbox 2142 3013 3741 3087">
    <p class='ocr_par' dir='ltr' id='par_1_59' title="bbox 2142 3013 3741 3087">
     <span class='ocr_line' id='line_1_59' title="bbox 2142 3013 3741 3087; baseline 0.001 -18"><span class='ocrx_word' id='word_1_415' title='bbox 2142 3013 2661 3070; x_wconf 82' lang='lat' dir='ltr'>Habebatvernam</span> <span class='ocrx_word' id='word_1_416' title='bbox 2674 3013 2995 3085; x_wconf 82' lang='lat' dir='ltr'>quamdam</span> <span class='ocrx_word' id='word_1_417' title='bbox 3011 3014 3271 3087; x_wconf 88' lang='lat' dir='ltr'>puellam</span> <span class='ocrx_word' id='word_1_418' title='bbox 3284 3032 3436 3087; x_wconf 71' lang='lat' dir='ltr'>,quae</span> <span class='ocrx_word' id='word_1_419' title='bbox 3458 3014 3566 3070; x_wconf 89' lang='lat' dir='ltr'>sub</span> <span class='ocrx_word' id='word_1_420' title='bbox 3584 3014 3741 3071; x_wconf 62' lang='lat' dir='ltr'>lunai</span> 
     </span>
    </p>
   </div>
   <div class='ocr_carea' id='block_1_60' title="bbox 2071 3102 3739 3175">
    <p class='ocr_par' dir='ltr' id='par_1_60' title="bbox 2071 3102 3739 3175">
     <span class='ocr_line' id='line_1_60' title="bbox 2071 3102 3739 3175; baseline 0.001 -16"><span class='ocrx_word' id='word_1_421' title='bbox 2071 3121 2206 3161; x_wconf 90' lang='lat' dir='ltr'>cum</span> <span class='ocrx_word' id='word_1_422' title='bbox 2233 3103 2356 3159; x_wconf 89' lang='lat' dir='ltr'>sole</span> <span class='ocrx_word' id='word_1_423' title='bbox 2377 3103 2539 3159; x_wconf 89' lang='lat' dir='ltr'>coitu</span> <span class='ocrx_word' id='word_1_424' title='bbox 2554 3102 2750 3158; x_wconf 86' lang='lat' dir='ltr'>furore</span> <span class='ocrx_word' id='word_1_425' title='bbox 2769 3119 2834 3175; x_wconf 89' lang='lat' dir='ltr'>pe</span> <span class='ocrx_word' id='word_1_426' title='bbox 2847 3103 3296 3171; x_wconf 87' lang='lat' dir='ltr'>rciebatur.Quo</span> <span class='ocrx_word' id='word_1_427' title='bbox 3320 3105 3492 3160; x_wconf 70' lang='lat' dir='ltr'>modo</span> <span class='ocrx_word' id='word_1_428' title='bbox 3525 3106 3739 3160; x_wconf 64' lang='lat' dir='ltr'>affecta</span> 
     </span>
    </p>
   </div>
   <div class='ocr_carea' id='block_1_61' title="bbox 2073 3193 3737 3251">
    <p class='ocr_par' dir='ltr' id='par_1_61' title="bbox 2073 3193 3737 3251">
     <span class='ocr_line' id='line_1_61' title="bbox 2073 3193 3737 3251; baseline -0.001 -2"><span class='ocrx_word' id='word_1_429' title='bbox 2073 3194 2147 3249; x_wconf 89' lang='lat' dir='ltr'>ad</span> <span class='ocrx_word' id='word_1_430' title='bbox 2175 3193 2372 3249; x_wconf 90' lang='lat' dir='ltr'>locum</span> <span class='ocrx_word' id='word_1_431' title='bbox 2395 3193 2488 3249; x_wconf 89' lang='lat' dir='ltr'>cui</span> <span class='ocrx_word' id='word_1_432' title='bbox 2516 3193 2834 3249; x_wconf 89' lang='lat' dir='ltr'>Bucoleoni</span> <span class='ocrx_word' id='word_1_433' title='bbox 2855 3210 2889 3249; x_wconf 93' lang='lat' dir='ltr'>a</span> <span class='ocrx_word' id='word_1_434' title='bbox 2914 3193 3059 3249; x_wconf 83' lang='lat' dir='ltr'>bove</span> <span class='ocrx_word' id='word_1_435' title='bbox 3089 3194 3248 3251; x_wconf 76' lang='lat'>850</span> <span class='ocrx_word' id='word_1_436' title='bbox 3271 3201 3331 3249; x_wconf 90' lang='lat' dir='ltr'>et</span> <span class='ocrx_word' id='word_1_437' title='bbox 3355 3195 3525 3250; x_wconf 91' lang='lat' dir='ltr'>leone</span> <span class='ocrx_word' id='word_1_438' title='bbox 3542 3194 3737 3251; x_wconf 79' lang='lat' dir='ltr'>saxeis</span> 
     </span>
    </p>
   </div>
   <div class='ocr_carea' id='block_1_62' title="bbox 2072 3282 3737 3345">
    <p class='ocr_par' dir='ltr' id='par_1_62' title="bbox 2072 3282 3737 3345">
     <span class='ocr_line' id='line_1_62' title="bbox 2072 3282 3737 3345; baseline 0 -7"><span class='ocrx_word' id='word_1_439' title='bbox 2072 3284 2153 3339; x_wconf 90' lang='lat' dir='ltr'>ibi</span> <span class='ocrx_word' id='word_1_440' title='bbox 2183 3282 2474 3338; x_wconf 88' lang='lat' dir='ltr'>dedicatis</span> <span class='ocrx_word' id='word_1_441' title='bbox 2498 3299 2718 3338; x_wconf 91' lang='lat' dir='ltr'>nomen</span> <span class='ocrx_word' id='word_1_442' title='bbox 2742 3288 2921 3345; x_wconf 81' lang='lat' dir='ltr'>est,se</span> <span class='ocrx_word' id='word_1_443' title='bbox 2939 3284 3275 3343; x_wconf 76' lang='lat' dir='ltr'>conferens,</span> <span class='ocrx_word' id='word_1_444' title='bbox 3300 3290 3515 3339; x_wconf 85' lang='lat' dir='ltr'>conten</span> <span class='ocrx_word' id='word_1_445' title='bbox 3528 3292 3576 3337; x_wconf 84' lang='lat' dir='ltr'>tu</span> <span class='ocrx_word' id='word_1_446' title='bbox 3596 3300 3737 3338; x_wconf 89' lang='lat' dir='ltr'>voce</span> 
     </span>
    </p>
   </div>
   <div class='ocr_carea' id='block_1_63' title="bbox 2081 3371 3738 3445">
    <p class='ocr_par' dir='ltr' id='par_1_63' title="bbox 2081 3371 3738 3445">
     <span class='ocr_line' id='line_1_63' title="bbox 2081 3371 3738 3445; baseline 0 -18"><span class='ocrx_word' id='word_1_447' title='bbox 2081 3373 2153 3428; x_wconf 90' lang='lat' dir='ltr'>ad</span> <span class='ocrx_word' id='word_1_448' title='bbox 2176 3373 2598 3445; x_wconf 83' lang='lat' dir='ltr'>imperatorem</span> <span class='ocrx_word' id='word_1_449' title='bbox 2635 3371 2962 3428; x_wconf 86' lang='lat' dir='ltr'>clamabat:</span> <span class='ocrx_word' id='word_1_450' title='bbox 3000 3395 3026 3422; x_wconf 77' lang='grc' dir='ltr'>«ι</span> <span class='ocrx_word' id='word_1_451' title='bbox 3061 3371 3385 3440; x_wconf 80' lang='lat' dir='ltr'>Descende,</span> <span class='ocrx_word' id='word_1_452' title='bbox 3419 3372 3738 3439; x_wconf 62' lang='lat' dir='ltr'>descende,</span> 
     </span>
    </p>
   </div>
   <div class='ocr_carea' id='block_1_64' title="bbox 299 3458 1963 3552">
    <p class='ocr_par' dir='ltr' id='par_1_64' title="bbox 299 3458 1963 3542">
     <span class='ocr_line' id='line_1_64' title="bbox 299 3458 1963 3542; baseline -0.003 -23"><span class='ocrx_word' id='word_1_453' title='bbox 299 3467 487 3540; x_wconf 77' lang='grc' dir='ltr'>μενος)</span> <span class='ocrx_word' id='word_1_454' title='bbox 521 3460 650 3520; x_wconf 78' lang='grc' dir='ltr'>ἐϐόα</span> <span class='ocrx_word' id='word_1_455' title='bbox 671 3463 1015 3542; x_wconf 76' lang='grc' dir='ltr'>γεγωνοτέρᾳ</span> <span class='ocrx_word' id='word_1_456' title='bbox 1029 3467 1184 3540; x_wconf 72' lang='grc' dir='ltr'>φωνῇ</span> <span class='ocrx_word' id='word_1_457' title='bbox 1210 3462 1343 3536; x_wconf 76' lang='grc' dir='ltr'>πρὸς</span> <span class='ocrx_word' id='word_1_458' title='bbox 1374 3461 1467 3515; x_wconf 77' lang='grc' dir='ltr'>τὸν</span> <span class='ocrx_word' id='word_1_459' title='bbox 1497 3458 1744 3535; x_wconf 71' lang='grc' dir='ltr'>βασιλέα·</span> <span class='ocrx_word' id='word_1_460' title='bbox 1771 3485 1797 3511; x_wconf 85' lang='lat'><strong>«</strong></span> <span class='ocrx_word' id='word_1_461' title='bbox 1826 3461 1963 3518; x_wconf 76' lang='grc' dir='ltr'>Κάτ-</span> 
     </span>
    </p>
   </div>
   <div class='ocr_carea' id='block_1_65' title="bbox 2076 3458 3739 3552">
    <p class='ocr_par' dir='ltr' id='par_1_65' title="bbox 2078 3461 3739 3535">
     <span class='ocr_line' id='line_1_65' title="bbox 2078 3461 3739 3535; baseline -0.001 -17"><span class='ocrx_word' id='word_1_462' title='bbox 2078 3463 2223 3518; x_wconf 89' lang='lat' dir='ltr'>cede</span> <span class='ocrx_word' id='word_1_463' title='bbox 2249 3461 2464 3517; x_wconf 89' lang='lat' dir='ltr'>alienis</span> <span class='ocrx_word' id='word_1_464' title='bbox 2494 3486 2521 3510; x_wconf 80' lang='lat' dir='ltr'>n</span> <span class='ocrx_word' id='word_1_465' title='bbox 2547 3462 2666 3517; x_wconf 87' lang='lat' dir='ltr'>Hoc</span> <span class='ocrx_word' id='word_1_466' title='bbox 2699 3479 3108 3535; x_wconf 60' lang='lat' dir='ltr'>saepenumero</span> <span class='ocrx_word' id='word_1_467' title='bbox 3141 3463 3358 3517; x_wconf 82' lang='lat' dir='ltr'>tactum</span> <span class='ocrx_word' id='word_1_468' title='bbox 3393 3462 3739 3533; x_wconf 82' lang='lat' dir='ltr'>imperatori</span> 
     </span>
    </p>
   </div>
   <div class='ocr_carea' id='block_1_66' title="bbox 293 3546 1954 3627">
    <p class='ocr_par' dir='ltr' id='par_1_66' title="bbox 293 3546 1954 3627">
     <span class='ocr_line' id='line_1_66' title="bbox 293 3546 1954 3627; baseline -0.004 -19"><span class='ocrx_word' id='word_1_469' title='bbox 293 3553 444 3613; x_wconf 84' lang='grc' dir='ltr'>ελθε.</span> <span class='ocrx_word' id='word_1_470' title='bbox 475 3549 724 3620; x_wconf 78' lang='grc' dir='ltr'>κάτελοε,</span> <span class='ocrx_word' id='word_1_471' title='bbox 754 3550 1038 3627; x_wconf 73' lang='grc' dir='ltr'>ὑποχώρει</span> <span class='ocrx_word' id='word_1_472' title='bbox 1088 3553 1196 3604; x_wconf 80' lang='grc' dir='ltr'>τῶν</span> <span class='ocrx_word' id='word_1_473' title='bbox 1229 3551 1310 3622; x_wconf 85' lang='grc' dir='ltr'>[Ρ.</span> <span class='ocrx_word' id='word_1_474' title='bbox 1372 3550 1501 3622; x_wconf 81' lang='grc'>486]</span> <span class='ocrx_word' id='word_1_475' title='bbox 1561 3546 1893 3618; x_wconf 70' lang='grc' dir='ltr'>ἀλλοτρίων,</span> <span class='ocrx_word' id='word_1_476' title='bbox 1933 3571 1954 3601; x_wconf 72' lang='grc' dir='ltr'><strong><em>ι</em></strong></span> 
     </span>
    </p>
   </div>
   <div class='ocr_carea' id='block_1_67' title="bbox 290 3632 1962 3717">
    <p class='ocr_par' dir='ltr' id='par_1_67' title="bbox 290 3632 1962 3717">
     <span class='ocr_line' id='line_1_67' title="bbox 290 3632 1962 3717; baseline -0.005 -17"><span class='ocrx_word' id='word_1_477' title='bbox 290 3644 475 3700; x_wconf 71' lang='grc' dir='ltr'>Τοῦτο</span> <span class='ocrx_word' id='word_1_478' title='bbox 502 3640 777 3703; x_wconf 72' lang='grc' dir='ltr'>πολλάκις</span> <span class='ocrx_word' id='word_1_479' title='bbox 805 3639 1089 3717; x_wconf 87' lang='grc' dir='ltr'>γινόμενον</span> <span class='ocrx_word' id='word_1_480' title='bbox 1119 3632 1334 3710; x_wconf 62' lang='grc' dir='ltr'>θάμϐος</span> <span class='ocrx_word' id='word_1_481' title='bbox 1358 3636 1586 3692; x_wconf 72' lang='grc' dir='ltr'>ἐνεποίει</span> <span class='ocrx_word' id='word_1_482' title='bbox 1607 3641 1685 3709; x_wconf 81' lang='grc' dir='ltr'>τῷ</span> <span class='ocrx_word' id='word_1_483' title='bbox 1722 3635 1962 3713; x_wconf 77' lang='grc' dir='ltr'>βασιλεῖ,</span> 
     </span>
    </p>
   </div>
   <div class='ocr_carea' id='block_1_68' title="bbox 289 3722 1964 3809">
    <p class='ocr_par' dir='ltr' id='par_1_68' title="bbox 289 3722 1964 3809">
     <span class='ocr_line' id='line_1_68' title="bbox 289 3722 1964 3809; baseline -0.003 -23"><span class='ocrx_word' id='word_1_484' title='bbox 289 3732 384 3787; x_wconf 82' lang='grc' dir='ltr'>γαί</span> <span class='ocrx_word' id='word_1_485' title='bbox 419 3730 497 3793; x_wconf 75' lang='grc' dir='ltr'>εἰς</span> <span class='ocrx_word' id='word_1_486' title='bbox 529 3728 815 3809; x_wconf 66' lang='grc' dir='ltr'>φροντίδας</span> <span class='ocrx_word' id='word_1_487' title='bbox 849 3728 912 3784; x_wconf 72' lang='grc' dir='ltr'>οὗ</span> <span class='ocrx_word' id='word_1_488' title='bbox 943 3728 1038 3790; x_wconf 84' lang='grc' dir='ltr'>τὰς</span> <span class='ocrx_word' id='word_1_489' title='bbox 1097 3727 1373 3803; x_wconf 69' lang='grc' dir='ltr'>τυχούσας</span> <span class='ocrx_word' id='word_1_490' title='bbox 1431 3722 1673 3782; x_wconf 72' lang='grc' dir='ltr'>ἐνέϐαλε.</span> <span class='ocrx_word' id='word_1_491' title='bbox 1720 3726 1815 3781; x_wconf 85' lang='grc' dir='ltr'>Διὸ</span> <span class='ocrx_word' id='word_1_492' title='bbox 1872 3726 1964 3781; x_wconf 84' lang='grc' dir='ltr'>καί</span> 
     </span>
    </p>
   </div>
   <div class='ocr_carea' id='block_1_69' title="bbox 288 3815 1964 3895">
    <p class='ocr_par' dir='ltr' id='par_1_69' title="bbox 288 3815 1964 3895">
     <span class='ocr_line' id='line_1_69' title="bbox 288 3815 1964 3895; baseline -0.003 -20"><span class='ocrx_word' id='word_1_493' title='bbox 288 3817 708 3895; x_wconf 78' lang='grc' dir='ltr'>κσινολογεῖται</span> <span class='ocrx_word' id='word_1_494' title='bbox 742 3817 864 3893; x_wconf 88' lang='grc' dir='ltr'>περί</span> <span class='ocrx_word' id='word_1_495' title='bbox 897 3821 995 3873; x_wconf 80' lang='grc' dir='ltr'>τοῦ</span> <span class='ocrx_word' id='word_1_496' title='bbox 1025 3820 1352 3893; x_wconf 86' lang='grc' dir='ltr'>πράγματος</span> <span class='ocrx_word' id='word_1_497' title='bbox 1411 3819 1519 3870; x_wconf 76' lang='grc' dir='ltr'>τῶν</span> <span class='ocrx_word' id='word_1_498' title='bbox 1556 3815 1802 3885; x_wconf 77' lang='grc' dir='ltr'>συνηθων</span> <span class='ocrx_word' id='word_1_499' title='bbox 1859 3815 1964 3870; x_wconf 79' lang='grc' dir='ltr'>τινί</span> 
     </span>
    </p>
   </div>
   <div class='ocr_carea' id='block_1_70' title="bbox 288 3902 1964 3981">
    <p class='ocr_par' dir='ltr' id='par_1_70' title="bbox 288 3902 1964 3981">
     <span class='ocr_line' id='line_1_70' title="bbox 288 3902 1964 3981; baseline -0.004 -16"><span class='ocrx_word' id='word_1_500' title='bbox 288 3908 386 3965; x_wconf 83' lang='grc' dir='ltr'>καί</span> <span class='ocrx_word' id='word_1_501' title='bbox 419 3910 635 3965; x_wconf 77' lang='grc' dir='ltr'>οἰκείων</span> <span class='ocrx_word' id='word_1_502' title='bbox 664 3904 919 3981; x_wconf 81' lang='grc' dir='ltr'>Θεοδότῳ</span> <span class='ocrx_word' id='word_1_503' title='bbox 946 3911 1028 3979; x_wconf 80' lang='grc' dir='ltr'>τῷ</span> <span class='ocrx_word' id='word_1_504' title='bbox 1074 3907 1179 3978; x_wconf 77' lang='grc' dir='ltr'>υἱῷ</span> <span class='ocrx_word' id='word_1_505' title='bbox 1239 3903 1477 3979; x_wconf 73' lang='grc' dir='ltr'>Μιχαὴλ</span> <span class='ocrx_word' id='word_1_506' title='bbox 1521 3902 1811 3978; x_wconf 83' lang='grc' dir='ltr'>πατρικίου</span> <span class='ocrx_word' id='word_1_507' title='bbox 1865 3908 1964 3960; x_wconf 80' lang='grc' dir='ltr'>τοῦ</span> 
     </span>
    </p>
   </div>
   <div class='ocr_carea' id='block_1_71' title="bbox 294 3993 1964 4070">
    <p class='ocr_par' dir='ltr' id='par_1_71' title="bbox 294 3993 1964 4070">
     <span class='ocr_line' id='line_1_71' title="bbox 294 3993 1964 4070; baseline -0.005 -12"><span class='ocrx_word' id='word_1_508' title='bbox 294 3997 677 4070; x_wconf 76' lang='grc' dir='ltr'>Μελισσηνοῦ,</span> <span class='ocrx_word' id='word_1_509' title='bbox 726 3995 787 4053; x_wconf 83' lang='grc' dir='ltr'>ὅν</span> <span class='ocrx_word' id='word_1_510' title='bbox 853 3993 922 4066; x_wconf 78' lang='grc' dir='ltr'>δὴ</span> <span class='ocrx_word' id='word_1_511' title='bbox 995 3996 1086 4051; x_wconf 82' lang='grc' dir='ltr'>καί</span> <span class='ocrx_word' id='word_1_512' title='bbox 1157 3998 1495 4069; x_wconf 77' lang='grc' dir='ltr'>Κασσιτηρᾶν</span> <span class='ocrx_word' id='word_1_513' title='bbox 1556 3993 1964 4066; x_wconf 78' lang='grc' dir='ltr'>κατωνόμαζον,</span> 
     </span>
    </p>
   </div>
   <div class='ocr_carea' id='block_1_72' title="bbox 294 4076 1966 4161">
    <p class='ocr_par' dir='ltr' id='par_1_72' title="bbox 294 4076 1966 4161">
     <span class='ocr_line' id='line_1_72' title="bbox 294 4076 1966 4161; baseline -0.002 -18"><span class='ocrx_word' id='word_1_514' title='bbox 294 4089 393 4143; x_wconf 86' lang='grc' dir='ltr'>καί</span> <span class='ocrx_word' id='word_1_515' title='bbox 427 4083 706 4161; x_wconf 79' lang='grc' dir='ltr'>διάπειραν</span> <span class='ocrx_word' id='word_1_516' title='bbox 766 4084 993 4143; x_wconf 76' lang='grc' dir='ltr'>ἔσπευσε</span> <span class='ocrx_word' id='word_1_517' title='bbox 1048 4088 1157 4140; x_wconf 82' lang='grc' dir='ltr'>τῶν</span> <span class='ocrx_word' id='word_1_518' title='bbox 1192 4082 1503 4159; x_wconf 80' lang='grc' dir='ltr'>λεγομένων</span> <span class='ocrx_word' id='word_1_519' title='bbox 1552 4076 1757 4138; x_wconf 88' lang='grc' dir='ltr'>λαϐεῖν.</span> <span class='ocrx_word' id='word_1_520' title='bbox 1789 4083 1848 4137; x_wconf 81' lang='grc' dir='ltr'>Ὀ</span> <span class='ocrx_word' id='word_1_521' title='bbox 1908 4080 1966 4139; x_wconf 75' lang='grc' dir='ltr'>δὲ</span> 
     </span>
    </p>
   </div>
   <div class='ocr_carea' id='block_1_73' title="bbox 292 4170 1963 4257">
    <p class='ocr_par' dir='ltr' id='par_1_73' title="bbox 292 4170 1963 4257">
     <span class='ocr_line' id='line_1_73' title="bbox 292 4170 1963 4257; baseline -0.001 -26"><span class='ocrx_word' id='word_1_522' title='bbox 292 4177 529 4257; x_wconf 79' lang='grc' dir='ltr'>γνώμην</span> <span class='ocrx_word' id='word_1_523' title='bbox 585 4173 781 4233; x_wconf 78' lang='grc' dir='ltr'>δίδωσι</span> <span class='ocrx_word' id='word_1_524' title='bbox 836 4172 1074 4243; x_wconf 83' lang='grc' dir='ltr'>τοιάνδε,</span> <span class='ocrx_word' id='word_1_525' title='bbox 1154 4171 1229 4243; x_wconf 71' lang='grc' dir='ltr'>Ἰν,</span> <span class='ocrx_word' id='word_1_526' title='bbox 1290 4170 1506 4229; x_wconf 73' lang='grc' dir='ltr'>ἐπειδὰν</span> <span class='ocrx_word' id='word_1_527' title='bbox 1567 4172 1812 4249; x_wconf 85' lang='grc' dir='ltr'>κάτοχον</span> <span class='ocrx_word' id='word_1_528' title='bbox 1893 4177 1963 4249; x_wconf 82' lang='grc' dir='ltr'>τῇ</span> 
     </span>
    </p>
   </div>
   <div class='ocr_carea' id='block_1_74' title="bbox 297 4258 1963 4341">
    <p class='ocr_par' dir='ltr' id='par_1_74' title="bbox 297 4258 1963 4341">
     <span class='ocr_line' id='line_1_74' title="bbox 297 4258 1963 4341; baseline -0.002 -19"><span class='ocrx_word' id='word_1_529' title='bbox 297 4266 471 4340; x_wconf 77' lang='grc' dir='ltr'>μανίᾳ</span> <span class='ocrx_word' id='word_1_530' title='bbox 501 4266 724 4341; x_wconf 83' lang='grc' dir='ltr'>γένηται</span> <span class='ocrx_word' id='word_1_531' title='bbox 755 4265 820 4321; x_wconf 83' lang='grc' dir='ltr'>τὸ</span> <span class='ocrx_word' id='word_1_532' title='bbox 850 4264 1107 4341; x_wconf 87' lang='grc' dir='ltr'>κοράσιον</span> <span class='ocrx_word' id='word_1_533' title='bbox 1137 4266 1474 4338; x_wconf 73' lang='grc' dir='ltr'>κατασχεθῇ,</span> <span class='ocrx_word' id='word_1_534' title='bbox 1503 4265 1593 4317; x_wconf 84' lang='grc' dir='ltr'>καί</span> <span class='ocrx_word' id='word_1_535' title='bbox 1652 4258 1963 4337; x_wconf 78' lang='grc' dir='ltr'>διερωτηθῇ</span> 
     </span>
    </p>
   </div>
   <div class='ocr_carea' id='block_1_75' title="bbox 288 4350 1964 4430">
    <p class='ocr_par' dir='ltr' id='par_1_75' title="bbox 288 4350 1964 4430">
     <span class='ocr_line' id='line_1_75' title="bbox 288 4350 1964 4430; baseline -0.002 -19"><span class='ocrx_word' id='word_1_536' title='bbox 288 4357 401 4411; x_wconf 87' lang='grc' dir='ltr'>τίνι</span> <span class='ocrx_word' id='word_1_537' title='bbox 460 4359 814 4430; x_wconf 67' lang='grc' dir='ltr'>προσήκουσα</span> <span class='ocrx_word' id='word_1_538' title='bbox 870 4357 905 4426; x_wconf 78' lang='grc' dir='ltr'>ἡ</span> <span class='ocrx_word' id='word_1_539' title='bbox 968 4352 1116 4410; x_wconf 82' lang='grc' dir='ltr'>οἰκία</span> <span class='ocrx_word' id='word_1_540' title='bbox 1197 4356 1294 4409; x_wconf 83' lang='grc' dir='ltr'>τοῦ</span> <span class='ocrx_word' id='word_1_541' title='bbox 1353 4350 1626 4408; x_wconf 79' lang='grc' dir='ltr'>παλατίου</span> <span class='ocrx_word' id='word_1_542' title='bbox 1680 4350 1815 4423; x_wconf 74' lang='grc' dir='ltr'>ἐστὶ,</span> <span class='ocrx_word' id='word_1_543' title='bbox 1873 4353 1964 4408; x_wconf 85' lang='grc' dir='ltr'>καὶ</span> 
     </span>
    </p>
   </div>
   <div class='ocr_carea' id='block_1_76' title="bbox 295 4441 1965 4518">
    <p class='ocr_par' dir='ltr' id='par_1_76' title="bbox 295 4441 1965 4518">
     <span class='ocr_line' id='line_1_76' title="bbox 295 4441 1965 4518; baseline -0.002 -18"><span class='ocrx_word' id='word_1_544' title='bbox 295 4444 495 4500; x_wconf 79' lang='grc' dir='ltr'>ὁποῖον</span> <span class='ocrx_word' id='word_1_545' title='bbox 527 4442 613 4516; x_wconf 60' lang='grc' dir='ltr'>εἴη</span> <span class='ocrx_word' id='word_1_546' title='bbox 643 4445 824 4518; x_wconf 64' lang='grc' dir='ltr'>τοῦτῳ</span> <span class='ocrx_word' id='word_1_547' title='bbox 871 4444 934 4499; x_wconf 89' lang='grc' dir='ltr'>τὸ</span> <span class='ocrx_word' id='word_1_548' title='bbox 984 4444 1289 4517; x_wconf 70' lang='grc' dir='ltr'>γνώρισμα.</span> <span class='ocrx_word' id='word_1_549' title='bbox 1353 4441 1594 4516; x_wconf 84' lang='grc' dir='ltr'>Ἐγένετο</span> <span class='ocrx_word' id='word_1_550' title='bbox 1652 4444 1836 4510; x_wconf 75' lang='grc' dir='ltr'>τοῦτο,</span> <span class='ocrx_word' id='word_1_551' title='bbox 1868 4446 1965 4496; x_wconf 75' lang='grc' dir='ltr'>τοῦ</span> 
     </span>
    </p>
   </div>
   <div class='ocr_carea' id='block_1_77' title="bbox 292 4533 1964 4614">
    <p class='ocr_par' dir='ltr' id='par_1_77' title="bbox 292 4533 1964 4614">
     <span class='ocr_line' id='line_1_77' title="bbox 292 4533 1964 4614; baseline -0.004 -18"><span class='ocrx_word' id='word_1_552' title='bbox 292 4533 566 4596; x_wconf 81' lang='grc' dir='ltr'>Θεοδότου</span> <span class='ocrx_word' id='word_1_553' title='bbox 594 4542 664 4613; x_wconf 79' lang='grc' dir='ltr'>τῇ</span> <span class='ocrx_word' id='word_1_554' title='bbox 696 4541 883 4614; x_wconf 71' lang='grc' dir='ltr'>πράξει</span> <span class='ocrx_word' id='word_1_555' title='bbox 920 4538 1347 4607; x_wconf 77' lang='grc' dir='ltr'>ὑπηρετοῦντος.</span> <span class='ocrx_word' id='word_1_556' title='bbox 1381 4535 1484 4593; x_wconf 86' lang='grc' dir='ltr'>Καὶ</span> <span class='ocrx_word' id='word_1_557' title='bbox 1541 4535 1603 4590; x_wconf 84' lang='grc' dir='ltr'>τὸ</span> <span class='ocrx_word' id='word_1_558' title='bbox 1631 4539 1699 4609; x_wconf 78' lang='grc' dir='ltr'>τῇ</span> <span class='ocrx_word' id='word_1_559' title='bbox 1742 4539 1964 4610; x_wconf 81' lang='grc' dir='ltr'>κατοχῇ</span> 
     </span>
    </p>
   </div>
   <div class='ocr_carea' id='block_1_78' title="bbox 288 4622 1963 4707">
    <p class='ocr_par' dir='ltr' id='par_1_78' title="bbox 288 4622 1963 4707">
     <span class='ocr_line' id='line_1_78' title="bbox 288 4622 1963 4707; baseline -0.003 -23"><span class='ocrx_word' id='word_1_560' title='bbox 288 4628 632 4705; x_wconf 75' lang='grc' dir='ltr'>κατάσχετον</span> <span class='ocrx_word' id='word_1_561' title='bbox 664 4628 890 4707; x_wconf 75' lang='grc' dir='ltr'>γ·5ναιον</span> <span class='ocrx_word' id='word_1_562' title='bbox 922 4625 1192 4700; x_wconf 76' lang='grc' dir='ltr'>ἐρωτηθὲν</span> <span class='ocrx_word' id='word_1_563' title='bbox 1221 4626 1322 4693; x_wconf 77' lang='grc' dir='ltr'>τήν</span> <span class='ocrx_word' id='word_1_564' title='bbox 1366 4645 1422 4680; x_wconf 83' lang='grc' dir='ltr'>τε</span> <span class='ocrx_word' id='word_1_565' title='bbox 1475 4622 1675 4693; x_wconf 81' lang='grc' dir='ltr'>κλῆσιν</span> <span class='ocrx_word' id='word_1_566' title='bbox 1714 4623 1963 4703; x_wconf 68' lang='grc' dir='ltr'>ἐμφαίνει</span> 
     </span>
    </p>
   </div>
   <div class='ocr_carea' id='block_1_79' title="bbox 287 4715 1962 4793">
    <p class='ocr_par' dir='ltr' id='par_1_79' title="bbox 287 4715 1962 4793">
     <span class='ocr_line' id='line_1_79' title="bbox 287 4715 1962 4793; baseline -0.002 -19"><span class='ocrx_word' id='word_1_567' title='bbox 287 4723 394 4774; x_wconf 71' lang='grc' dir='ltr'>τοῦ</span> <span class='ocrx_word' id='word_1_568' title='bbox 434 4715 657 4782; x_wconf 63' lang='grc' dir='ltr'>λέοντος</span> <span class='ocrx_word' id='word_1_569' title='bbox 723 4717 814 4773; x_wconf 85' lang='grc' dir='ltr'>καί</span> <span class='ocrx_word' id='word_1_570' title='bbox 870 4717 963 4773; x_wconf 83' lang='grc' dir='ltr'>τὸν</span> <span class='ocrx_word' id='word_1_571' title='bbox 1023 4715 1351 4790; x_wconf 75' lang='grc' dir='ltr'>χαρακτῆρα</span> <span class='ocrx_word' id='word_1_572' title='bbox 1407 4715 1501 4769; x_wconf 83' lang='grc' dir='ltr'>καὶ</span> <span class='ocrx_word' id='word_1_573' title='bbox 1557 4716 1659 4783; x_wconf 81' lang='grc' dir='ltr'>τήν</span> <span class='ocrx_word' id='word_1_574' title='bbox 1722 4717 1962 4793; x_wconf 74' lang='grc' dir='ltr'>μορφῆν,</span> 
     </span>
    </p>
   </div>
   <div class='ocr_carea' id='block_1_80' title="bbox 293 4801 1962 4885">
    <p class='ocr_par' dir='ltr' id='par_1_80' title="bbox 293 4801 1962 4885">
     <span class='ocr_line' id='line_1_80' title="bbox 293 4801 1962 4885; baseline -0.005 -21"><span class='ocrx_word' id='word_1_575' title='bbox 293 4806 626 4885; x_wconf 82' lang='grc' dir='ltr'>προστίθησί</span> <span class='ocrx_word' id='word_1_576' title='bbox 670 4828 732 4864; x_wconf 86' lang='grc' dir='ltr'>τε</span> <span class='ocrx_word' id='word_1_577' title='bbox 759 4804 1018 4862; x_wconf 80' lang='grc' dir='ltr'>ἀπελθεῖν</span> <span class='ocrx_word' id='word_1_578' title='bbox 1051 4806 1186 4861; x_wconf 84' lang='grc' dir='ltr'>κατὰ</span> <span class='ocrx_word' id='word_1_579' title='bbox 1245 4805 1344 4874; x_wconf 83' lang='grc' dir='ltr'>τήν</span> <span class='ocrx_word' id='word_1_580' title='bbox 1403 4801 1731 4880; x_wconf 85' lang='grc' dir='ltr'>ἀκρόπολιν,</span> <span class='ocrx_word' id='word_1_581' title='bbox 1786 4803 1839 4859; x_wconf 73' lang='grc' dir='ltr'>ἐν</span> 
     </span>
    </p>
   </div>
   <div class='ocr_carea' id='block_1_81' title="bbox 293 4887 1961 4969">
    <p class='ocr_par' dir='ltr' id='par_1_81' title="bbox 293 4887 1961 4969">
     <span class='ocr_line' id='line_1_81' title="bbox 293 4887 1961 4969; baseline -0.002 -16"><span class='ocrx_word' id='word_1_582' title='bbox 293 4899 647 4968; x_wconf 69' lang='grc' dir='ltr'>συναντήσειε</span> <span class='ocrx_word' id='word_1_583' title='bbox 681 4894 832 4953; x_wconf 78' lang='grc' dir='ltr'>δυσὶν</span> <span class='ocrx_word' id='word_1_584' title='bbox 857 4892 1138 4969; x_wconf 77' lang='grc' dir='ltr'>ἀνδράσιν,</span> <span class='ocrx_word' id='word_1_585' title='bbox 1163 4894 1238 4949; x_wconf 85' lang='grc' dir='ltr'>ὧν</span> <span class='ocrx_word' id='word_1_586' title='bbox 1271 4892 1298 4949; x_wconf 85' lang='grc' dir='ltr'><strong>ὁ</strong></span> <span class='ocrx_word' id='word_1_587' title='bbox 1351 4896 1432 4965; x_wconf 78' lang='grc' dir='ltr'>τῷ</span> <span class='ocrx_word' id='word_1_588' title='bbox 1478 4887 1701 4966; x_wconf 77' lang='grc' dir='ltr'>ἡμιόνῳ</span> <span class='ocrx_word' id='word_1_589' title='bbox 1756 4892 1961 4969; x_wconf 84' lang='grc' dir='ltr'>ἔποχος</span> 
     </span>
    </p>
   </div>
   <div class='ocr_carea' id='block_1_82' title="bbox 294 4980 1963 5059">
    <p class='ocr_par' dir='ltr' id='par_1_82' title="bbox 294 4980 1963 5059">
     <span class='ocr_line' id='line_1_82' title="bbox 294 4980 1963 5059; baseline -0.002 -17"><span class='ocrx_word' id='word_1_590' title='bbox 294 4980 618 5058; x_wconf 73' lang='grc' dir='ltr'>ἰπιϐήσεται</span> <span class='ocrx_word' id='word_1_591' title='bbox 647 4986 867 5048; x_wconf 88' lang='grc' dir='ltr'>πάντως</span> <span class='ocrx_word' id='word_1_592' title='bbox 896 4991 999 5055; x_wconf 76' lang='grc' dir='ltr'>τῆς</span> <span class='ocrx_word' id='word_1_593' title='bbox 1034 4980 1332 5059; x_wconf 84' lang='grc' dir='ltr'>βασιλείας.</span> <span class='ocrx_word' id='word_1_594' title='bbox 1390 4981 1455 5037; x_wconf 88' lang='grc' dir='ltr'>ἹῙ</span> <span class='ocrx_word' id='word_1_595' title='bbox 1517 4983 1611 5055; x_wconf 70' lang='grc' dir='ltr'>μὲν</span> <span class='ocrx_word' id='word_1_596' title='bbox 1673 4982 1769 5037; x_wconf 77' lang='grc' dir='ltr'>οὖν</span> <span class='ocrx_word' id='word_1_597' title='bbox 1827 4982 1963 5051; x_wconf 74' lang='grc' dir='ltr'>εἶπε,</span> 
     </span>
    </p>
   </div>
   <div class='ocr_carea' id='block_1_83' title="bbox 2078 3546 3737 3624">
    <p class='ocr_par' dir='ltr' id='par_1_83' title="bbox 2078 3546 3737 3624">
     <span class='ocr_line' id='line_1_83' title="bbox 2078 3546 3737 3624; baseline -0.001 -17"><span class='ocrx_word' id='word_1_598' title='bbox 2078 3557 2306 3608; x_wconf 89' lang='lat' dir='ltr'>metum</span> <span class='ocrx_word' id='word_1_599' title='bbox 2339 3551 2927 3624; x_wconf 89' lang='lat' dir='ltr'>sollicitudinemque</span> <span class='ocrx_word' id='word_1_600' title='bbox 2952 3551 3108 3608; x_wconf 85' lang='lat' dir='ltr'>haud</span> <span class='ocrx_word' id='word_1_601' title='bbox 3134 3551 3493 3608; x_wconf 88' lang='lat' dir='ltr'>mediocrem</span> <span class='ocrx_word' id='word_1_602' title='bbox 3512 3546 3737 3621; x_wconf 80' lang='lat' dir='ltr'>injecit.</span> 
     </span>
    </p>
   </div>
   <div class='ocr_carea' id='block_1_84' title="bbox 2070 3641 3735 3714">
    <p class='ocr_par' dir='ltr' id='par_1_84' title="bbox 2070 3641 3735 3714">
     <span class='ocr_line' id='line_1_84' title="bbox 2070 3641 3735 3714; baseline 0 -17"><span class='ocrx_word' id='word_1_603' title='bbox 2070 3644 2279 3714; x_wconf 88' lang='lat' dir='ltr'>Itaque</span> <span class='ocrx_word' id='word_1_604' title='bbox 2313 3659 2443 3698; x_wconf 91' lang='lat' dir='ltr'>rem</span> <span class='ocrx_word' id='word_1_605' title='bbox 2474 3659 2607 3698; x_wconf 90' lang='lat' dir='ltr'>cum</span> <span class='ocrx_word' id='word_1_606' title='bbox 2631 3642 2911 3698; x_wconf 81' lang='lat' dir='ltr'>familiari</span> <span class='ocrx_word' id='word_1_607' title='bbox 2944 3659 3011 3698; x_wconf 89' lang='lat' dir='ltr'>ac</span> <span class='ocrx_word' id='word_1_608' title='bbox 3063 3641 3390 3698; x_wconf 89' lang='lat' dir='ltr'>domestico</span> <span class='ocrx_word' id='word_1_609' title='bbox 3450 3658 3555 3696; x_wconf 88' lang='lat' dir='ltr'>suo</span> <span class='ocrx_word' id='word_1_610' title='bbox 3590 3658 3735 3713; x_wconf 83' lang='lat' dir='ltr'>quo-</span> 
     </span>
    </p>
   </div>
   <div class='ocr_carea' id='block_1_85' title="bbox 2072 3730 3735 3803">
    <p class='ocr_par' dir='ltr' id='par_1_85' title="bbox 2072 3730 3735 3803">
     <span class='ocr_line' id='line_1_85' title="bbox 2072 3730 3735 3803; baseline -0.001 -17"><span class='ocrx_word' id='word_1_611' title='bbox 2072 3731 2208 3787; x_wconf 89' lang='lat' dir='ltr'>dam</span> <span class='ocrx_word' id='word_1_612' title='bbox 2258 3730 2562 3787; x_wconf 88' lang='lat' dir='ltr'>Theodoto</span> <span class='ocrx_word' id='word_1_613' title='bbox 2620 3731 2889 3786; x_wconf 75' lang='lat' dir='ltr'>Mirhaeli</span> <span class='ocrx_word' id='word_1_614' title='bbox 2950 3731 3072 3786; x_wconf 85' lang='lat' dir='ltr'>ﬁlio</span> <span class='ocrx_word' id='word_1_615' title='bbox 3124 3731 3357 3803; x_wconf 73' lang='lat' dir='ltr'>patricii</span> <span class='ocrx_word' id='word_1_616' title='bbox 3417 3731 3735 3800; x_wconf 75' lang='lat' dir='ltr'>Melisseni,</span> 
     </span>
    </p>
   </div>
   <div class='ocr_carea' id='block_1_86' title="bbox 2072 3820 3731 3891">
    <p class='ocr_par' dir='ltr' id='par_1_86' title="bbox 2072 3820 3731 3891">
     <span class='ocr_line' id='line_1_86' title="bbox 2072 3820 3731 3891; baseline -0.001 -16"><span class='ocrx_word' id='word_1_617' title='bbox 2072 3820 2163 3875; x_wconf 91' lang='lat' dir='ltr'>cui</span> <span class='ocrx_word' id='word_1_618' title='bbox 2197 3825 2256 3876; x_wconf 91' lang='lat' dir='ltr'>et</span> <span class='ocrx_word' id='word_1_619' title='bbox 2284 3820 2592 3876; x_wconf 70' lang='lat' dir='ltr'>Cassiteraa</span> <span class='ocrx_word' id='word_1_620' title='bbox 2629 3826 3091 3891; x_wconf 70' lang='lat' dir='ltr'>cognomentum</span> <span class='ocrx_word' id='word_1_621' title='bbox 3139 3820 3272 3890; x_wconf 81' lang='lat' dir='ltr'>fuit,</span> <span class='ocrx_word' id='word_1_622' title='bbox 3306 3822 3731 3890; x_wconf 86' lang='lat' dir='ltr'>communicat,</span> 
     </span>
    </p>
   </div>
   <div class='ocr_carea' id='block_1_87' title="bbox 2073 3909 3735 3982">
    <p class='ocr_par' dir='ltr' id='par_1_87' title="bbox 2073 3909 3735 3982">
     <span class='ocr_line' id='line_1_87' title="bbox 2073 3909 3735 3982; baseline 0.001 -18"><span class='ocrx_word' id='word_1_623' title='bbox 2073 3909 2323 3981; x_wconf 89' lang='lat' dir='ltr'>cupiens</span> <span class='ocrx_word' id='word_1_624' title='bbox 2382 3926 2590 3965; x_wconf 91' lang='lat' dir='ltr'>eorum</span> <span class='ocrx_word' id='word_1_625' title='bbox 2650 3926 2783 3979; x_wconf 72' lang='lat' dir='ltr'>quae</span> <span class='ocrx_word' id='word_1_626' title='bbox 2841 3909 3321 3980; x_wconf 72' lang='lat' dir='ltr'>praedicebantur</span> <span class='ocrx_word' id='word_1_627' title='bbox 3401 3911 3735 3982; x_wconf 89' lang='lat' dir='ltr'>periculum</span> 
     </span>
    </p>
   </div>
   <div class='ocr_carea' id='block_1_88' title="bbox 2069 3996 3743 4069">
    <p class='ocr_par' dir='ltr' id='par_1_88' title="bbox 2069 3996 3743 4069">
     <span class='ocr_line' id='line_1_88' title="bbox 2069 3996 3743 4069; baseline 0.001 -17"><span class='ocrx_word' id='word_1_628' title='bbox 2069 3996 2286 4054; x_wconf 86' lang='lat' dir='ltr'>facere.</span> <span class='ocrx_word' id='word_1_629' title='bbox 2310 3997 2362 4052; x_wconf 90' lang='lat' dir='ltr'>Is</span> <span class='ocrx_word' id='word_1_630' title='bbox 2392 3997 2537 4055; x_wconf 74' lang='lat'>85]</span> <span class='ocrx_word' id='word_1_631' title='bbox 2578 3997 2837 4052; x_wconf 75' lang='lat' dir='ltr'>consulit</span> <span class='ocrx_word' id='word_1_632' title='bbox 2875 4003 2939 4052; x_wconf 92' lang='lat' dir='ltr'>ut</span> <span class='ocrx_word' id='word_1_633' title='bbox 2971 3998 3190 4069; x_wconf 87' lang='lat' dir='ltr'>puella,</span> <span class='ocrx_word' id='word_1_634' title='bbox 3224 3998 3422 4054; x_wconf 90' lang='lat' dir='ltr'>furore</span> <span class='ocrx_word' id='word_1_635' title='bbox 3445 4000 3571 4067; x_wconf 88' lang='lat' dir='ltr'>jam</span> <span class='ocrx_word' id='word_1_636' title='bbox 3607 4017 3743 4054; x_wconf 83' lang='lat' dir='ltr'>cor-</span> 
     </span>
    </p>
   </div>
   <div class='ocr_carea' id='block_1_89' title="bbox 2071 4086 3740 4160">
    <p class='ocr_par' dir='ltr' id='par_1_89' title="bbox 2071 4086 3740 4160">
     <span class='ocr_line' id='line_1_89' title="bbox 2071 4086 3740 4160; baseline 0.001 -18"><span class='ocrx_word' id='word_1_637' title='bbox 2071 4086 3441 4160; x_wconf 77' lang='lat' dir='ltr'>ripiente,comprebendaturinterrogeturque</span> <span class='ocrx_word' id='word_1_638' title='bbox 3457 4089 3530 4145; x_wconf 90' lang='lat' dir='ltr'>ad</span> <span class='ocrx_word' id='word_1_639' title='bbox 3545 4106 3740 4159; x_wconf 76' lang='lat' dir='ltr'>quem-</span> 
     </span>
    </p>
   </div>
   <div class='ocr_carea' id='block_1_90' title="bbox 2070 4177 3737 4250">
    <p class='ocr_par' dir='ltr' id='par_1_90' title="bbox 2070 4177 3737 4250">
     <span class='ocr_line' id='line_1_90' title="bbox 2070 4177 3737 4250; baseline 0.002 -16"><span class='ocrx_word' id='word_1_640' title='bbox 2070 4195 2210 4234; x_wconf 89' lang='lat' dir='ltr'>nam</span> <span class='ocrx_word' id='word_1_641' title='bbox 2244 4177 2458 4234; x_wconf 91' lang='lat' dir='ltr'>domus</span> <span class='ocrx_word' id='word_1_642' title='bbox 2491 4177 2757 4250; x_wconf 88' lang='lat' dir='ltr'>palatina</span> <span class='ocrx_word' id='word_1_643' title='bbox 2786 4178 3102 4249; x_wconf 86' lang='lat' dir='ltr'>pertineat,</span> <span class='ocrx_word' id='word_1_644' title='bbox 3129 4178 3465 4250; x_wconf 89' lang='lat' dir='ltr'>quibusque</span> <span class='ocrx_word' id='word_1_645' title='bbox 3497 4179 3546 4235; x_wconf 90' lang='lat' dir='ltr'>is</span> <span class='ocrx_word' id='word_1_646' title='bbox 3578 4180 3737 4237; x_wconf 87' lang='lat' dir='ltr'>notis</span> 
     </span>
    </p>
   </div>
   <div class='ocr_carea' id='block_1_91' title="bbox 2072 4265 3739 4341">
    <p class='ocr_par' dir='ltr' id='par_1_91' title="bbox 2072 4265 3739 4341">
     <span class='ocr_line' id='line_1_91' title="bbox 2072 4265 3739 4341; baseline 0 -18"><span class='ocrx_word' id='word_1_647' title='bbox 2072 4267 2311 4341; x_wconf 78' lang='lat' dir='ltr'>agnosci</span> <span class='ocrx_word' id='word_1_648' title='bbox 2337 4267 2660 4338; x_wconf 87' lang='lat' dir='ltr'>queat.Hoc</span> <span class='ocrx_word' id='word_1_649' title='bbox 2692 4265 3010 4321; x_wconf 82' lang='lat' dir='ltr'>consilium</span> <span class='ocrx_word' id='word_1_650' title='bbox 3031 4266 3216 4339; x_wconf 89' lang='lat' dir='ltr'>ipsius</span> <span class='ocrx_word' id='word_1_651' title='bbox 3246 4267 3530 4322; x_wconf 85' lang='lat' dir='ltr'>Theodoti</span> <span class='ocrx_word' id='word_1_652' title='bbox 3556 4284 3739 4339; x_wconf 86' lang='lat' dir='ltr'>opera</span> 
     </span>
    </p>
   </div>
   <div class='ocr_carea' id='block_1_92' title="bbox 2071 4356 3739 4430">
    <p class='ocr_par' dir='ltr' id='par_1_92' title="bbox 2071 4356 3739 4430">
     <span class='ocr_line' id='line_1_92' title="bbox 2071 4356 3739 4430; baseline 0.002 -20"><span class='ocrx_word' id='word_1_653' title='bbox 2071 4357 2397 4430; x_wconf 88' lang='lat' dir='ltr'>imperator</span> <span class='ocrx_word' id='word_1_654' title='bbox 2426 4361 2515 4411; x_wconf 92' lang='lat' dir='ltr'>est</span> <span class='ocrx_word' id='word_1_655' title='bbox 2545 4362 2880 4412; x_wconf 84' lang='lat' dir='ltr'>exsecutus.</span> <span class='ocrx_word' id='word_1_656' title='bbox 2913 4357 3062 4428; x_wconf 82' lang='lat' dir='ltr'>Ergo</span> <span class='ocrx_word' id='word_1_657' title='bbox 3085 4356 3288 4427; x_wconf 88' lang='lat' dir='ltr'>puella</span> <span class='ocrx_word' id='word_1_658' title='bbox 3345 4373 3477 4412; x_wconf 90' lang='lat' dir='ltr'>cum</span> <span class='ocrx_word' id='word_1_659' title='bbox 3512 4357 3739 4413; x_wconf 82' lang='lat' dir='ltr'>fureret</span> 
     </span>
    </p>
   </div>
   <div class='ocr_carea' id='block_1_93' title="bbox 2077 4445 3733 4519">
    <p class='ocr_par' dir='ltr' id='par_1_93' title="bbox 2077 4445 3733 4519">
     <span class='ocr_line' id='line_1_93' title="bbox 2077 4445 3733 4519; baseline 0.001 -17"><span class='ocrx_word' id='word_1_660' title='bbox 2077 4447 2513 4519; x_wconf 89' lang='lat' dir='ltr'>comprehensa</span> <span class='ocrx_word' id='word_1_661' title='bbox 2545 4451 2603 4501; x_wconf 93' lang='lat' dir='ltr'>et</span> <span class='ocrx_word' id='word_1_662' title='bbox 2645 4445 3007 4511; x_wconf 70' lang='lat' dir='ltr'>interrogata</span> <span class='ocrx_word' id='word_1_663' title='bbox 3066 4446 3317 4502; x_wconf 88' lang='lat' dir='ltr'>Leonem</span> <span class='ocrx_word' id='word_1_664' title='bbox 3378 4447 3733 4503; x_wconf 86' lang='lat' dir='ltr'>nominatim</span> 
     </span>
    </p>
   </div>
   <div class='ocr_carea' id='block_1_94' title="bbox 2072 4535 3736 4608">
    <p class='ocr_par' dir='ltr' id='par_1_94' title="bbox 2072 4535 3736 4608">
     <span class='ocr_line' id='line_1_94' title="bbox 2072 4535 3736 4608; baseline 0.002 -19"><span class='ocrx_word' id='word_1_665' title='bbox 2072 4536 2358 4593; x_wconf 81' lang='lat' dir='ltr'>indicavit</span> <span class='ocrx_word' id='word_1_666' title='bbox 2379 4535 2627 4608; x_wconf 89' lang='lat' dir='ltr'>ejusque</span> <span class='ocrx_word' id='word_1_667' title='bbox 2660 4540 2831 4591; x_wconf 86' lang='lat' dir='ltr'>notas</span> <span class='ocrx_word' id='word_1_668' title='bbox 2852 4543 2911 4590; x_wconf 89' lang='lat' dir='ltr'>et</span> <span class='ocrx_word' id='word_1_669' title='bbox 2932 4535 3183 4591; x_wconf 82' lang='lat' dir='ltr'>formam</span> <span class='ocrx_word' id='word_1_670' title='bbox 3215 4535 3546 4607; x_wconf 87' lang='lat' dir='ltr'>descripsit.</span> <span class='ocrx_word' id='word_1_671' title='bbox 3582 4536 3736 4602; x_wconf 87' lang='lat' dir='ltr'>Quin</span> 
     </span>
    </p>
   </div>
   <div class='ocr_carea' id='block_1_95' title="bbox 2071 4624 3733 4700">
    <p class='ocr_par' dir='ltr' id='par_1_95' title="bbox 2071 4624 3733 4700">
     <span class='ocr_line' id='line_1_95' title="bbox 2071 4624 3733 4700; baseline 0 -17"><span class='ocrx_word' id='word_1_672' title='bbox 2071 4631 2131 4683; x_wconf 89' lang='lat' dir='ltr'>et</span> <span class='ocrx_word' id='word_1_673' title='bbox 2162 4632 2452 4698; x_wconf 66' lang='lat' dir='ltr'>praeterea</span> <span class='ocrx_word' id='word_1_674' title='bbox 2479 4624 2849 4681; x_wconf 84' lang='lat' dir='ltr'>Theodotum</span> <span class='ocrx_word' id='word_1_675' title='bbox 2880 4624 3245 4682; x_wconf 87' lang='lat' dir='ltr'>descendere</span> <span class='ocrx_word' id='word_1_676' title='bbox 3263 4626 3334 4681; x_wconf 90' lang='lat' dir='ltr'>ab</span> <span class='ocrx_word' id='word_1_677' title='bbox 3351 4642 3488 4683; x_wconf 89' lang='lat' dir='ltr'>arce</span> <span class='ocrx_word' id='word_1_678' title='bbox 3513 4627 3696 4700; x_wconf 83' lang='lat' dir='ltr'>jussit</span> <span class='ocrx_word' id='word_1_679' title='bbox 3720 4644 3733 4683; x_wconf 89' lang='lat'>:</span> 
     </span>
    </p>
   </div>
   <div class='ocr_carea' id='block_1_96' title="bbox 2071 4714 3735 4790">
    <p class='ocr_par' dir='ltr' id='par_1_96' title="bbox 2071 4714 3735 4790">
     <span class='ocr_line' id='line_1_96' title="bbox 2071 4714 3735 4790; baseline 0.002 -20"><span class='ocrx_word' id='word_1_680' title='bbox 2071 4716 2153 4771; x_wconf 91' lang='lat' dir='ltr'>ibi</span> <span class='ocrx_word' id='word_1_681' title='bbox 2213 4717 2266 4770; x_wconf 93' lang='lat' dir='ltr'>ei</span> <span class='ocrx_word' id='word_1_682' title='bbox 2341 4715 2490 4772; x_wconf 89' lang='lat' dir='ltr'>duos</span> <span class='ocrx_word' id='word_1_683' title='bbox 2555 4715 2710 4770; x_wconf 90' lang='lat' dir='ltr'>viros</span> <span class='ocrx_word' id='word_1_684' title='bbox 2828 4714 3058 4771; x_wconf 88' lang='lat' dir='ltr'>obviam</span> <span class='ocrx_word' id='word_1_685' title='bbox 3144 4715 3397 4784; x_wconf 79' lang='lat' dir='ltr'>futuros,</span> <span class='ocrx_word' id='word_1_686' title='bbox 3481 4733 3735 4790; x_wconf 87' lang='lat' dir='ltr'>quorum</span> 
     </span>
    </p>
   </div>
   <div class='ocr_carea' id='block_1_97' title="bbox 2072 4804 3732 4881">
    <p class='ocr_par' dir='ltr' id='par_1_97' title="bbox 2072 4804 3732 4881">
     <span class='ocr_line' id='line_1_97' title="bbox 2072 4804 3732 4881; baseline 0.001 -20"><span class='ocrx_word' id='word_1_687' title='bbox 2072 4804 2221 4862; x_wconf 90' lang='lat' dir='ltr'>alter</span> <span class='ocrx_word' id='word_1_688' title='bbox 2275 4805 2436 4863; x_wconf 89' lang='lat' dir='ltr'>mulo</span> <span class='ocrx_word' id='word_1_689' title='bbox 2498 4804 2765 4862; x_wconf 85' lang='lat' dir='ltr'>insidens</span> <span class='ocrx_word' id='word_1_690' title='bbox 2823 4805 3068 4861; x_wconf 90' lang='lat' dir='ltr'>omnino</span> <span class='ocrx_word' id='word_1_691' title='bbox 3117 4804 3189 4860; x_wconf 90' lang='lat' dir='ltr'>sit</span> <span class='ocrx_word' id='word_1_692' title='bbox 3253 4806 3504 4879; x_wconf 88' lang='lat' dir='ltr'>imperio</span> <span class='ocrx_word' id='word_1_693' title='bbox 3580 4808 3732 4881; x_wconf 89' lang='lat' dir='ltr'>poti-</span> 
     </span>
    </p>
   </div>
   <div class='ocr_carea' id='block_1_98' title="bbox 2071 4893 3735 4953">
    <p class='ocr_par' dir='ltr' id='par_1_98' title="bbox 2071 4893 3735 4953">
     <span class='ocr_line' id='line_1_98' title="bbox 2071 4893 3735 4953; baseline 0.001 -3"><span class='ocrx_word' id='word_1_694' title='bbox 2071 4899 2267 4951; x_wconf 88' lang='lat' dir='ltr'>turus.</span> <span class='ocrx_word' id='word_1_695' title='bbox 2306 4894 2643 4949; x_wconf 88' lang='lat' dir='ltr'>Theodotus</span> <span class='ocrx_word' id='word_1_696' title='bbox 2697 4893 2772 4949; x_wconf 88' lang='lat' dir='ltr'>ad</span> <span class='ocrx_word' id='word_1_697' title='bbox 2830 4894 3161 4952; x_wconf 90' lang='lat' dir='ltr'>indicatum</span> <span class='ocrx_word' id='word_1_698' title='bbox 3210 4895 3322 4953; x_wconf 87' lang='lat' dir='ltr'>sibi</span> <span class='ocrx_word' id='word_1_699' title='bbox 3380 4896 3579 4953; x_wconf 88' lang='lat' dir='ltr'>locum</span> <span class='ocrx_word' id='word_1_700' title='bbox 3627 4897 3735 4953; x_wconf 90' lang='lat' dir='ltr'>ivit</span> 
     </span>
    </p>
   </div>
   <div class='ocr_carea' id='block_1_99' title="bbox 2075 4981 3730 5059">
    <p class='ocr_par' dir='ltr' id='par_1_99' title="bbox 2075 4981 3730 5059">
     <span class='ocr_line' id='line_1_99' title="bbox 2075 4981 3730 5059; baseline 0.001 -18"><span class='ocrx_word' id='word_1_701' title='bbox 2075 4984 2163 5042; x_wconf 88' lang='lat' dir='ltr'>rei</span> <span class='ocrx_word' id='word_1_702' title='bbox 2187 4981 2567 5056; x_wconf 74' lang='lat' dir='ltr'>explorandae</span> <span class='ocrx_word' id='word_1_703' title='bbox 2599 4998 2800 5054; x_wconf 86' lang='lat' dir='ltr'>causa,</span> <span class='ocrx_word' id='word_1_704' title='bbox 2833 4983 3260 5059; x_wconf 87' lang='lat' dir='ltr'>hominemque</span> <span class='ocrx_word' id='word_1_705' title='bbox 3316 4984 3400 5042; x_wconf 89' lang='lat' dir='ltr'>ibi</span> <span class='ocrx_word' id='word_1_706' title='bbox 3458 4987 3531 5042; x_wconf 89' lang='lat' dir='ltr'>iis</span> <span class='ocrx_word' id='word_1_707' title='bbox 3580 5003 3730 5058; x_wconf 82' lang='lat' dir='ltr'>quas</span> 
     </span>
    </p>
   </div>
   <div class='ocr_carea' id='block_1_100' title="bbox 1506 5082 2514 5140">
    <p class='ocr_par' dir='ltr' id='par_1_100' title="bbox 1506 5082 2514 5140">
     <span class='ocr_line' id='line_1_100' title="bbox 1506 5082 2514 5140; baseline 0 -2"><span class='ocrx_word' id='word_1_708' title='bbox 1506 5082 1865 5138; x_wconf 80' lang='lat' dir='ltr'>XYLANDRI</span> <span class='ocrx_word' id='word_1_709' title='bbox 1903 5085 1990 5139; x_wconf 88' lang='lat' dir='ltr'>ET</span> <span class='ocrx_word' id='word_1_710' title='bbox 2028 5083 2245 5140; x_wconf 80' lang='lat' dir='ltr'>GOARI</span> <span class='ocrx_word' id='word_1_711' title='bbox 2287 5082 2514 5138; x_wconf 64' lang='lat' dir='ltr'>NOTzE.</span> 
     </span>
    </p>
   </div>
   <div class='ocr_carea' id='block_1_101' title="bbox 286 5179 1959 5254">
    <p class='ocr_par' dir='ltr' id='par_1_101' title="bbox 286 5179 1959 5254">
     <span class='ocr_line' id='line_1_101' title="bbox 286 5179 1959 5254; baseline -0.003 -11"><span class='ocrx_word' id='word_1_712' title='bbox 286 5186 471 5243; x_wconf 88' lang='lat' dir='ltr'>matis</span> <span class='ocrx_word' id='word_1_713' title='bbox 514 5186 724 5243; x_wconf 88' lang='lat' dir='ltr'>Leonis</span> <span class='ocrx_word' id='word_1_714' title='bbox 752 5199 1003 5242; x_wconf 84' lang='lat' dir='ltr'>uxorem</span> <span class='ocrx_word' id='word_1_715' title='bbox 1034 5183 1355 5254; x_wconf 88' lang='lat' dir='ltr'>impeteret</span> <span class='ocrx_word' id='word_1_716' title='bbox 1384 5180 1674 5254; x_wconf 82' lang='lat' dir='ltr'>Procopia</span> <span class='ocrx_word' id='word_1_717' title='bbox 1706 5179 1959 5254; x_wconf 83' lang='lat' dir='ltr'>impera-</span> 
     </span>
    </p>
   </div>
   <div class='ocr_carea' id='block_1_102' title="bbox 284 5251 1956 5329">
    <p class='ocr_par' dir='ltr' id='par_1_102' title="bbox 284 5251 1956 5329">
     <span class='ocr_line' id='line_1_102' title="bbox 284 5251 1956 5329; baseline -0.004 -15"><span class='ocrx_word' id='word_1_718' title='bbox 284 5260 434 5320; x_wconf 78' lang='lat' dir='ltr'>trix,</span> <span class='ocrx_word' id='word_1_719' title='bbox 466 5274 587 5315; x_wconf 87' lang='lat' dir='ltr'>non</span> <span class='ocrx_word' id='word_1_720' title='bbox 611 5257 857 5329; x_wconf 82' lang='lat' dir='ltr'>exponit</span> <span class='ocrx_word' id='word_1_721' title='bbox 883 5261 1091 5329; x_wconf 86' lang='lat' dir='ltr'>auctor</span> <span class='ocrx_word' id='word_1_722' title='bbox 1114 5251 1147 5329; x_wconf 50' lang='grc' dir='ltr'>εί</span> <span class='ocrx_word' id='word_1_723' title='bbox 1164 5259 1390 5329; x_wconf 71' lang='lat' dir='ltr'>tantum</span> <span class='ocrx_word' id='word_1_724' title='bbox 1413 5251 1810 5329; x_wconf 68' lang='lat' dir='ltr'>circanomen</span> <span class='ocrx_word' id='word_1_725' title='bbox 1825 5251 1956 5329; x_wconf 75' lang='lat' dir='ltr'>ejus</span> 
     </span>
    </p>
   </div>
   <div class='ocr_carea' id='block_1_103' title="bbox 286 5324 1955 5396">
    <p class='ocr_par' dir='ltr' id='par_1_103' title="bbox 286 5324 1955 5396">
     <span class='ocr_line' id='line_1_103' title="bbox 286 5324 1955 5396; baseline -0.004 -9"><span class='ocrx_word' id='word_1_726' title='bbox 286 5330 498 5387; x_wconf 87' lang='lat' dir='ltr'>multis</span> <span class='ocrx_word' id='word_1_727' title='bbox 551 5324 763 5386; x_wconf 76' lang='lat' dir='ltr'>lusisse</span> <span class='ocrx_word' id='word_1_728' title='bbox 822 5328 1039 5384; x_wconf 88' lang='lat' dir='ltr'>innuit.</span> <span class='ocrx_word' id='word_1_729' title='bbox 1104 5327 1222 5382; x_wconf 82' lang='lat' dir='ltr'>Nec</span> <span class='ocrx_word' id='word_1_730' title='bbox 1270 5324 1509 5396; x_wconf 79' lang='lat' dir='ltr'>difficili</span> <span class='ocrx_word' id='word_1_731' title='bbox 1559 5324 1955 5396; x_wconf 83' lang='lat' dir='ltr'>negotio;il|i</span> 
     </span>
    </p>
   </div>
   <div class='ocr_carea' id='block_1_104' title="bbox 282 5395 1956 5474">
    <p class='ocr_par' dir='ltr' id='par_1_104' title="bbox 282 5395 1956 5474">
     <span class='ocr_line' id='line_1_104' title="bbox 282 5395 1956 5474; baseline -0.004 -17"><span class='ocrx_word' id='word_1_732' title='bbox 282 5417 552 5473; x_wconf 88' lang='lat' dir='ltr'>namque</span> <span class='ocrx_word' id='word_1_733' title='bbox 582 5402 894 5474; x_wconf 89' lang='lat' dir='ltr'>proprium</span> <span class='ocrx_word' id='word_1_734' title='bbox 926 5415 1063 5455; x_wconf 89' lang='lat' dir='ltr'>cum</span> <span class='ocrx_word' id='word_1_735' title='bbox 1095 5395 1538 5474; x_wconf 81' lang='lat' dir='ltr'>barca_(navigii</span> <span class='ocrx_word' id='word_1_736' title='bbox 1565 5395 1752 5468; x_wconf 82' lang='lat' dir='ltr'>genus</span> <span class='ocrx_word' id='word_1_737' title='bbox 1779 5397 1956 5452; x_wconf 90' lang='lat' dir='ltr'>intel-</span> 
     </span>
    </p>
   </div>
   <div class='ocr_carea' id='block_1_105' title="bbox 280 5469 1667 5549">
    <p class='ocr_par' dir='ltr' id='par_1_105' title="bbox 280 5469 1667 5549">
     <span class='ocr_line' id='line_1_105' title="bbox 280 5469 1667 5549; baseline -0.006 -18"><span class='ocrx_word' id='word_1_738' title='bbox 280 5469 1213 5549; x_wconf 57' lang='lat' dir='ltr'>ligelnoiIieneratcommune.</span> <span class='ocrx_word' id='word_1_739' title='bbox 1249 5469 1425 5524; x_wconf 69' lang='lat' dir='ltr'>Gou.</span> <span class='ocrx_word' id='word_1_740' title='bbox 1480 5541 1500 5549; x_wconf 40' lang='grc' dir='ltr'><strong>Δ</strong></span> <span class='ocrx_word' id='word_1_741' title='bbox 1532 5538 1571 5549; x_wconf 51' lang='grc' dir='ltr'><em>Π</em></span> <span class='ocrx_word' id='word_1_742' title='bbox 1610 5541 1620 5549; x_wconf 85' lang='lat'>_</span> <span class='ocrx_word' id='word_1_743' title='bbox 1655 5537 1667 5549; x_wconf 44' lang='lat'><em>.</em></span> 
     </span>
    </p>
   </div>
   <div class='ocr_carea' id='block_1_106' title="bbox 358 5539 1954 5619">
    <p class='ocr_par' dir='ltr' id='par_1_106' title="bbox 358 5539 1954 5619">
     <span class='ocr_line' id='line_1_106' title="bbox 358 5539 1954 5619; baseline -0.002 -20"><span class='ocrx_word' id='word_1_744' title='bbox 358 5539 456 5613; x_wconf 79' lang='grc'>(52</span> <span class='ocrx_word' id='word_1_745' title='bbox 511 5545 732 5602; x_wconf 83' lang='lat' dir='ltr'>Scribit</span> <span class='ocrx_word' id='word_1_746' title='bbox 763 5542 1063 5615; x_wconf 87' lang='lat' dir='ltr'>Xylander</span> <span class='ocrx_word' id='word_1_747' title='bbox 1090 5546 1277 5619; x_wconf 63' lang='lat' dir='ltr'>votum</span> <span class='ocrx_word' id='word_1_748' title='bbox 1303 5556 1429 5619; x_wconf 83' lang='lat' dir='ltr'>pro_</span> <span class='ocrx_word' id='word_1_749' title='bbox 1465 5539 1623 5619; x_wconf 76' lang='grc' dir='ltr'>Ῑείίσί</span> <span class='ocrx_word' id='word_1_750' title='bbox 1653 5539 1715 5619; x_wconf 86' lang='lat' dir='ltr'>i_n</span> <span class='ocrx_word' id='word_1_751' title='bbox 1745 5539 1954 5619; x_wconf 77' lang='lat' dir='ltr'>urbem</span> 
     </span>
    </p>
   </div>
   <div class='ocr_carea' id='block_1_107' title="bbox 277 5610 1954 5689">
    <p class='ocr_par' dir='ltr' id='par_1_107' title="bbox 277 5610 1954 5689">
     <span class='ocr_line' id='line_1_107' title="bbox 277 5610 1954 5689; baseline -0.004 -16"><span class='ocrx_word' id='word_1_752' title='bbox 277 5610 549 5682; x_wconf 66' lang='lat' dir='ltr'>introitu,</span> <span class='ocrx_word' id='word_1_753' title='bbox 582 5633 762 5689; x_wconf 83' lang='lat' dir='ltr'>quam</span> <span class='ocrx_word' id='word_1_754' title='bbox 786 5610 892 5687; x_wconf 76' lang='lat' dir='ltr'>pro</span> <span class='ocrx_word' id='word_1_755' title='bbox 924 5610 1471 5689; x_wconf 69' lang='lat' dir='ltr'>susceptoimperio</span> <span class='ocrx_word' id='word_1_756' title='bbox 1487 5616 1547 5665; x_wconf 88' lang='lat' dir='ltr'>et</span> <span class='ocrx_word' id='word_1_757' title='bbox 1565 5610 1726 5683; x_wconf 72' lang='lat' dir='ltr'>regio</span> <span class='ocrx_word' id='word_1_758' title='bbox 1743 5611 1954 5689; x_wconf 77' lang='lat' dir='ltr'>throno</span> 
     </span>
    </p>
   </div>
   <div class='ocr_carea' id='block_1_108' title="bbox 278 5683 1954 5761">
    <p class='ocr_par' dir='ltr' id='par_1_108' title="bbox 278 5683 1954 5761">
     <span class='ocr_line' id='line_1_108' title="bbox 278 5683 1954 5761; baseline -0.004 -15"><span class='ocrx_word' id='word_1_759' title='bbox 278 5683 621 5747; x_wconf 78' lang='lat' dir='ltr'>conscenso</span> <span class='ocrx_word' id='word_1_760' title='bbox 652 5683 806 5746; x_wconf 72' lang='lat' dir='ltr'>fecit</span> <span class='ocrx_word' id='word_1_761' title='bbox 820 5683 1162 5761; x_wconf 82' lang='lat' dir='ltr'>patriarcha</span> <span class='ocrx_word' id='word_1_762' title='bbox 1196 5683 1563 5758; x_wconf 82' lang='lat' dir='ltr'>Nicephorus</span> <span class='ocrx_word' id='word_1_763' title='bbox 1593 5697 1852 5757; x_wconf 82' lang='lat' dir='ltr'>precem.</span> <span class='ocrx_word' id='word_1_764' title='bbox 1889 5685 1954 5740; x_wconf 89' lang='lat' dir='ltr'>In</span> 
     </span>
    </p>
   </div>
   <div class='ocr_carea' id='block_1_109' title="bbox 2066 5179 3724 5253">
    <p class='ocr_par' dir='ltr' id='par_1_109' title="bbox 2066 5179 3724 5253">
     <span class='ocr_line' id='line_1_109' title="bbox 2066 5179 3724 5253; baseline 0 -16"><span class='ocrx_word' id='word_1_765' title='bbox 2066 5179 2284 5237; x_wconf 89' lang='lat' dir='ltr'>malam</span> <span class='ocrx_word' id='word_1_766' title='bbox 2318 5186 2547 5253; x_wconf 85' lang='lat' dir='ltr'>partem</span> <span class='ocrx_word' id='word_1_767' title='bbox 2578 5179 2652 5236; x_wconf 90' lang='lat' dir='ltr'>de</span> <span class='ocrx_word' id='word_1_768' title='bbox 2711 5196 2780 5236; x_wconf 91' lang='lat' dir='ltr'>eo</span> <span class='ocrx_word' id='word_1_769' title='bbox 2832 5179 2934 5253; x_wconf 90' lang='lat' dir='ltr'>qui</span> <span class='ocrx_word' id='word_1_770' title='bbox 2972 5197 3121 5253; x_wconf 82' lang='lat' dir='ltr'>rem</span> <span class='ocrx_word' id='word_1_771' title='bbox 3160 5181 3419 5253; x_wconf 77' lang='lat' dir='ltr'>alienam</span> <span class='ocrx_word' id='word_1_772' title='bbox 3452 5186 3724 5253; x_wconf 89' lang='lat' dir='ltr'>occupat,</span> 
     </span>
    </p>
   </div>
   <div class='ocr_carea' id='block_1_110' title="bbox 2065 5248 3720 5326">
    <p class='ocr_par' dir='ltr' id='par_1_110' title="bbox 2065 5248 3720 5326">
     <span class='ocr_line' id='line_1_110' title="bbox 2065 5248 3720 5326; baseline -0.002 -17"><span class='ocrx_word' id='word_1_773' title='bbox 2065 5258 2261 5326; x_wconf 83' lang='lat' dir='ltr'>potest</span> <span class='ocrx_word' id='word_1_774' title='bbox 2320 5248 2385 5308; x_wconf 75' lang='lat' dir='ltr'>et</span> <span class='ocrx_word' id='word_1_775' title='bbox 2435 5251 2501 5307; x_wconf 90' lang='lat' dir='ltr'>in</span> <span class='ocrx_word' id='word_1_776' title='bbox 2549 5253 2765 5309; x_wconf 87' lang='lat' dir='ltr'>bonam</span> <span class='ocrx_word' id='word_1_777' title='bbox 2800 5248 3163 5326; x_wconf 19' lang='lat' dir='ltr'>As&#39;umiLSic</span> <span class='ocrx_word' id='word_1_778' title='bbox 3220 5248 3490 5326; x_wconf 52' lang='lat' dir='ltr'>inn-159m</span> <span class='ocrx_word' id='word_1_779' title='bbox 3541 5248 3720 5317; x_wconf 62' lang='grc' dir='ltr'>θῦσαι,</span> 
     </span>
    </p>
   </div>
   <div class='ocr_carea' id='block_1_111' title="bbox 2067 5323 3720 5396">
    <p class='ocr_par' dir='ltr' id='par_1_111' title="bbox 2067 5323 3720 5396">
     <span class='ocr_line' id='line_1_111' title="bbox 2067 5323 3720 5396; baseline 0 -16"><span class='ocrx_word' id='word_1_780' title='bbox 2067 5323 2167 5396; x_wconf 77' lang='lat' dir='ltr'>qui</span> <span class='ocrx_word' id='word_1_781' title='bbox 2197 5340 2374 5380; x_wconf 86' lang='lat' dir='ltr'>naves</span> <span class='ocrx_word' id='word_1_782' title='bbox 2426 5324 2812 5380; x_wconf 89' lang='lat' dir='ltr'>conscensuri</span> <span class='ocrx_word' id='word_1_783' title='bbox 2867 5323 3300 5382; x_wconf 78' lang='lat' dir='ltr'>sacrificabant.</span> <span class='ocrx_word' id='word_1_784' title='bbox 3348 5324 3720 5380; x_wconf 86' lang='lat' dir='ltr'>dicebantur.</span> 
     </span>
    </p>
   </div>
   <div class='ocr_carea' id='block_1_112' title="bbox 2068 5395 3723 5465">
    <p class='ocr_par' dir='ltr' id='par_1_112' title="bbox 2068 5395 3723 5465">
     <span class='ocr_line' id='line_1_112' title="bbox 2068 5395 3723 5465; baseline 0 -13"><span class='ocrx_word' id='word_1_785' title='bbox 2068 5395 2179 5452; x_wconf 86' lang='lat' dir='ltr'>Leo</span> <span class='ocrx_word' id='word_1_786' title='bbox 2210 5412 2370 5454; x_wconf 77' lang='lat' dir='ltr'>vero.</span> <span class='ocrx_word' id='word_1_787' title='bbox 2412 5396 2496 5450; x_wconf 86' lang='lat' dir='ltr'>ita</span> <span class='ocrx_word' id='word_1_788' title='bbox 2554 5395 2770 5451; x_wconf 86' lang='lat' dir='ltr'>Paulus</span> <span class='ocrx_word' id='word_1_789' title='bbox 2826 5396 3141 5456; x_wconf 85' lang='lat' dir='ltr'>Diaconus,</span> <span class='ocrx_word' id='word_1_790' title='bbox 3200 5397 3499 5465; x_wconf 79' lang='lat' dir='ltr'>scripserat</span> <span class='ocrx_word' id='word_1_791' title='bbox 3559 5399 3723 5452; x_wconf 85' lang='lat' dir='ltr'>Nice-</span> 
     </span>
    </p>
   </div>
   <div class='ocr_carea' id='block_1_113' title="bbox 2058 5468 3723 5540">
    <p class='ocr_par' dir='ltr' id='par_1_113' title="bbox 2058 5468 3723 5540">
     <span class='ocr_line' id='line_1_113' title="bbox 2058 5468 3723 5540; baseline 0.002 -18"><span class='ocrx_word' id='word_1_792' title='bbox 2058 5471 2239 5540; x_wconf 82' lang='lat' dir='ltr'>phoro</span> <span class='ocrx_word' id='word_1_793' title='bbox 2259 5471 2326 5523; x_wconf 80' lang='lat' dir='ltr'>de</span> <span class='ocrx_word' id='word_1_794' title='bbox 2352 5468 2460 5537; x_wconf 83' lang='lat' dir='ltr'>ﬁde</span> <span class='ocrx_word' id='word_1_795' title='bbox 2488 5484 2607 5522; x_wconf 85' lang='lat' dir='ltr'>sua.</span> <span class='ocrx_word' id='word_1_796' title='bbox 2639 5473 2827 5537; x_wconf 78' lang='lat' dir='ltr'>petens</span> <span class='ocrx_word' id='word_1_797' title='bbox 2874 5469 3044 5540; x_wconf 79' lang='lat' dir='ltr'>etiam</span> <span class='ocrx_word' id='word_1_798' title='bbox 3096 5474 3159 5521; x_wconf 83' lang='lat' dir='ltr'>ut</span> <span class='ocrx_word' id='word_1_799' title='bbox 3212 5484 3333 5523; x_wconf 84' lang='lat' dir='ltr'>cum</span> <span class='ocrx_word' id='word_1_800' title='bbox 3385 5471 3639 5539; x_wconf 68' lang='lat' dir='ltr'>oratione</span> <span class='ocrx_word' id='word_1_801' title='bbox 3668 5477 3723 5525; x_wconf 84' lang='lat' dir='ltr'>et</span> 
     </span>
    </p>
   </div>
   <div class='ocr_carea' id='block_1_114' title="bbox 2062 5539 3149 5610">
    <p class='ocr_par' dir='ltr' id='par_1_114' title="bbox 2062 5539 3149 5610">
     <span class='ocr_line' id='line_1_114' title="bbox 2062 5539 3149 5610; baseline -0.001 -15"><span class='ocrx_word' id='word_1_802' title='bbox 2062 5539 2206 5596; x_wconf 79' lang='lat' dir='ltr'>nutu</span> <span class='ocrx_word' id='word_1_803' title='bbox 2235 5540 2354 5610; x_wconf 82' lang='lat' dir='ltr'>ejus</span> <span class='ocrx_word' id='word_1_804' title='bbox 2376 5541 2666 5609; x_wconf 78' lang='lat' dir='ltr'>imperium</span> <span class='ocrx_word' id='word_1_805' title='bbox 2693 5544 2947 5610; x_wconf 68' lang='lat' dir='ltr'>sumeret.</span> <span class='ocrx_word' id='word_1_806' title='bbox 2974 5539 3149 5594; x_wconf 75' lang='lat' dir='ltr'>GOAR.</span> 
     </span>
    </p>
   </div>
   <div class='ocr_carea' id='block_1_115' title="bbox 2136 5609 3148 5684">
    <p class='ocr_par' dir='ltr' id='par_1_115' title="bbox 2136 5609 3148 5684">
     <span class='ocr_line' id='line_1_115' title="bbox 2136 5609 3148 5684; baseline -0.001 -18"><span class='ocrx_word' id='word_1_807' title='bbox 2136 5611 2248 5684; x_wconf 76' lang='lat'>(53)</span> <span class='ocrx_word' id='word_1_808' title='bbox 2279 5612 2334 5669; x_wconf 72' lang='grc' dir='ltr'>ιε</span> <span class='ocrx_word' id='word_1_809' title='bbox 2358 5617 2450 5667; x_wconf 89' lang='lat' dir='ltr'>est</span> <span class='ocrx_word' id='word_1_810' title='bbox 2470 5610 2719 5666; x_wconf 80' lang='lat' dir='ltr'>Michael</span> <span class='ocrx_word' id='word_1_811' title='bbox 2750 5609 2984 5666; x_wconf 85' lang='lat' dir='ltr'>Balbus.</span> <span class='ocrx_word' id='word_1_812' title='bbox 3011 5610 3148 5665; x_wconf 70' lang='lat' dir='ltr'>XvL.</span> 
     </span>
    </p>
   </div>
  </div>
