4112 6454
333 341 452 451 935

1660 373 1979 442 GEORGII
2024 372 2172 437 CED
2182 376 2370 441 BENI

3642 387 3763 451 936

338 523 541 599 puella
570 521 856 579 docuerat
883 538 955 577 ex
1008 520 1167 577 notis
1224 518 1477 592 agnovit,
1520 531 1771 588 eamque
1801 512 1985 571 sensit

2103 511 2193 567 καὶ
2222 510 2486 576 Θεόδοτος
2517 507 2868 589 ἠκριϐώσατο
2900 512 2976 579 είς
3010 513 3105 573 τὸν
3146 515 3440 593 είρημὲνον
3498 517 3763 579 ἀπελθὼν

333 618 583 674 minime
628 614 845 670 falsum
880 612 1223 685 praedicere.
1256 613 1457 683 Neque
1490 615 1690 665 tamen
1740 609 1993 678 impera-

336 708 447 763 tori
476 724 602 762 rem
635 703 999 778 aperuitsed
1031 701 1237 772 nugari
1273 700 1689 756 mulierculam
1720 714 1992 769 vanaque

335 799 463 869 ejus
496 796 673 852 verba
703 793 936 849 nullum
995 790 1257 846 veritatis
1312 790 1625 861 vestigium
1683 789 1990 844 continere

333 888 502 942 dixit.
536 887 665 957 Ipse
700 885 952 938 Leonem
984 896 1168 936 manu
1196 880 1641 952 apprehensum
1696 879 1759 933 in
1801 879 1990 933 tndem

334 977 448 1032 divi
479 973 646 1030 Pauli
678 971 832 1043 apud
865 969 1458 1042 orphanotropheum
1477 969 1585 1038 (sic
1616 974 1858 1024 vocatur
1886 968 1989 1023 do-

335 1082 466 1121 mus
497 1060 737 1135 pupillis
768 1058 1034 1115 fovendis
1066 1058 1384 1129 destinata)
1417 1057 1677 1124 deducit,
1732 1058 1988 1128 dataque

333 1159 391 1210 et
418 1158 660 1223 accepta
690 1150 827 1211 ﬁde.
846 1148 1062 1222 puellae
1095 1149 1345 1204 historia
1364 1148 1764 1217 dissimulata,
1791 1148 1991 1203 divina

332 1243 586 1314 quadam
619 1239 1014 1313 patefactione
1048 1255 1110 1294 se
1141 1243 1301 1294 certo
1329 1239 1676 1312 cognovisse
1733 1239 1817 1294 ait
1846 1238 1985 1294 Leo-

329 1352 466 1390 nem
502 1337 901 1390 Bomanorum
933 1332 1356 1403 imperatorem
1388 1332 1547 1387 haud
1593 1331 1771 1386 dubie
1816 1330 1940 1385 fore
1974 1346 1986 1397 ;

330 1426 594 1497 petitque
625 1430 691 1479 ut
722 1424 875 1478 hanc
932 1420 1383 1493 praedictionem
1443 1427 1656 1478 eventu
1713 1438 1987 1492 compro-

330 1514 529 1581 bante,
565 1530 627 1569 se
659 1512 839 1584 hujus
862 1517 981 1567 tam
1012 1511 1162 1566 ιωιω
1193 1511 1279 1565 rei
1328 1512 1608 1567 nuntium
1643 1527 1991 1567 remunera-

332 1607 532 1658 turum
580 1602 632 1656 is
681 1600 1054 1673 polliceatur.
1103 1598 1438 1670 Stipulatur
1496 1600 1632 1663 Leo,
1691 1598 1989 1670 siquidem

333 1693 525 1749 exitus
556 1690 650 1745 his
680 1688 874 1744 verbis
906 1688 982 1743 sit
1008 1704 1431 1759 responsurus,
1466 1688 1837 1745 Theodotum
1870 1705 1905 1744 a
1927 1706 1988 1744 se

330 1782 483 1838 nihil
512 1781 731 1836 frustra
761 1780 1105 1852 petiturum.
1136 1782 1326 1849 Atque
1384 1777 1468 1834 ita
1527 1779 1772 1850 quidem
1832 1780 1991 1835 inter

330 1874 439 1929 hos
462 1877 586 1927 tum
617 1878 856 1943 pactum
886 1874 993 1925 est.

398 2052 688 2106 Caeterum
717 2047 944 2104 bellum
975 2046 1132 2103 inter
1148 2047 1443 2103 Romanos
1475 2052 1534 2103 et
1557 2047 1983 2120 Bulgaros,quo

328 2139 559 2195 cladem
582 2155 789 2211 passos
802 2141 1039 2193 nostros
1060 2136 1393 2209 imperante
1416 2136 1569 2194 852
1598 2137 1870 2194 Bancaba
1882 2137 1987 2193 de-

328 2228 811 2295 monstravimus,
843 2244 979 2283 cum
1001 2226 1136 2282 aliis
1167 2226 1238 2282 de
1272 2227 1468 2282 causis
1502 2227 1830 2283 conflatum
1861 2228 1984 2283 fue-

328 2324 440 2388 rat,
474 2325 599 2374 tum
632 2334 761 2373 eam
790 2317 880 2372 vel
911 2316 1273 2389 praecipuam
1304 2316 1514 2372 habuit
1559 2334 1739 2388 quam
1764 2319 1986 2373 refere-

328 2427 482 2467 mus.
513 2408 822 2478 Bulgarica
877 2407 1151 2479 quaedam
1199 2422 1366 2479 gens,
1423 2406 1690 2477 paternis
1745 2406 1986 2463 sedibus

326 2498 568 2568 relictis,
608 2498 670 2553 in
702 2496 990 2552 ditionem
1023 2498 1352 2552 Romanam
1404 2495 1868 2570 immigraverat,
1918 2514 1986 2553 ac

326 2588 690 2646 concedente
721 2587 1079 2658 imperatore
1110 2585 1408 2653 Rancaba,
1458 2586 1597 2641 hinc
1626 2586 1767 2642 inde
1814 2585 1986 2642 sedes

325 2675 744 2751 posuerat.Sed
775 2682 835 2731 et
865 2678 1271 2732 Romanorum
1304 2674 1548 2747 quidam
1576 2677 1986 2748 superioribus

330 2770 506 2824 bellis
536 2766 848 2835 aBulgaris
880 2765 1034 2836 capti
1053 2765 1243 2837 ruptis
1260 2764 1512 2821 vinculis
1534 2764 1780 2822 domum
1801 2766 1988 2822 redie-

331 2864 484 2914 rant.
513 2860 627 2913 Eos
659 2855 966 2911 universos
989 2856 1240 2911 Crumus
1272 2854 1660 2927 Bulgarorum
1705 2857 1987 2929 princeps

332 2949 467 3003 dedi
497 2947 606 3002 sibi
631 2944 1129 3019 postulaveratJ'It
1157 2960 1299 3000 sane
1323 2944 1561 3016 quidam
1586 2947 1988 3003 Romanorum

330 3035 632 3092 dedendos
656 3035 1091 3107 judicaverant,
1124 3033 1186 3088 in
1218 3049 1470 3105 eamque
1524 3030 1886 3092 sententiam
1932 3042 1989 3093 et

327 3128 651 3199 imperator
680 3130 740 3181 et
768 3125 966 3197 magni
997 3124 1227 3194 aliquot
1255 3125 1519 3180 nominis
1552 3125 1830 3181 monachi
1848 3143 1987 3183 con-

2102 606 2295 673 τόπον,
2353 606 2447 662 τὸν
2506 605 2676 683 ἄνδρα
2732 628 2790 662 τε
2841 607 3217 688 κατεφώρασεν
3273 609 3333 665 ἐκ
3390 612 3509 666 τῶν
3563 634 3765 689 γνωρι-

2103 697 2348 770 σμάτων,
2403 697 2492 752 καὶ
2548 704 2662 753 κατ’
2741 695 2895 753 οὐδὲν
2992 697 3375 771 διαψεύδεσθαι
3455 697 3597 777 ἔγνω
3660 705 3765 774 τήν

2102 785 2405 861 ἄνθρωπον.
2438 789 2531 861 Τῷ
2565 788 2660 859 μὲν
2690 788 2781 843 οὖν
2818 787 3036 863 βασιλεῖ
3066 788 3373 866 ἀπήγγειλε
3427 795 3537 847 τῶν
3591 792 3764 869 ἐγνω-

2102 877 2314 949 σμένων
2346 874 2520 948 οὐδὲν,
2552 877 2875 956 κενολογίαν
2901 875 2957 933 δὲ
3009 880 3080 934 τὰ
3124 885 3223 947 τῆς
3283 882 3540 955 γυναικὸς
3578 882 3767 941 ἐκάλει

2103 967 2325 1041 ῥήματα
2354 966 2444 1021 καὶ
2476 964 2744 1044 φλυαρίαν
2773 965 2942 1041 μηδὲν
2973 966 3133 1047 ἴχνος
3165 969 3433 1047 φέρουσαν
3475 969 3763 1041 ἀληθείας.

2102 1056 2209 1113 Τὸν
2242 1056 2445 1112 Λέοντα
2476 1054 2532 1112 δὲ
2563 1051 2748 1113 λαϐὼν
2781 1064 2882 1127 τῆς
2941 1058 3152 1132 χειρὸς,
3210 1058 3302 1114 καὶ
3363 1060 3443 1125 εἷς
3495 1061 3590 1116 τὸν
3639 1064 3765 1119 ναὸν

2102 1144 2359 1202 εἰσελθὼν
2390 1145 2609 1202 Παύλου
2639 1151 2736 1203 τοῦ
2768 1146 3112 1204 Ἀποστόλου
3150 1150 3289 1204 κατὰ
3315 1149 3380 1205 τὸ
3429 1151 3764 1228 ὁρφανοτρο-

2101 1240 2275 1313 φεῖον,
2305 1235 2396 1291 καὶ
2427 1236 2637 1299 πίστεις
2680 1232 2807 1299 δοὺς
2866 1236 3015 1310 αὐτῷ
3070 1238 3163 1292 καὶ
3218 1234 3422 1310 λαϐὼν,
3482 1240 3761 1298 ἀνακαλύ-

2099 1346 2220 1382 πτει
2275 1327 2343 1382 τὰ
2403 1324 2628 1404 ἔκφορα,
2684 1328 2785 1396 τήν
2860 1327 2954 1402 μὲν
3029 1325 3287 1399 ἀληθειαν
3378 1328 3759 1407 ἀποκαλύψας,

2100 1415 2267 1472 εἰπὼν
2326 1413 2373 1471 δ’
2457 1415 2515 1471 ἐγ
2574 1416 2717 1480 θείας
2771 1416 3169 1493 ἀποκαλύψεως
3227 1418 3761 1500 πεπληροφορῆσθαι

2100 1507 2176 1568 ὡς
2207 1513 2308 1577 τῆς
2338 1506 2631 1579 Ῥωμαίων
2664 1508 2970 1584 ἡγεμονίας
3028 1508 3246 1570 παντως
3305 1509 3333 1564 6
3388 1507 3538 1565 Λέων
3595 1514 3758 1588 γενήα

2101 1617 2248 1652 σεται
2306 1595 2592 1672 ἐγκρατής.
2655 1592 3049 1668 Ἐκϐεϐηκυίας
3130 1595 3187 1653 δὲ
3235 1605 3336 1669 τῆς
3392 1598 3757 1676 προρρήσεως

2101 1687 2281 1759 ἐζήτει
2317 1688 2392 1760 μή
2425 1685 2659 1758 ἄμισθον
2684 1685 2831 1758 αὐτῷ
2859 1687 3103 1762 γενέσθαι
3156 1687 3220 1743 τὸ
3277 1687 3619 1767 εὐαγγέλιον.
3652 1693 3757 1748 Καὶ

2101 1775 2469 1843 ὁΛέων,εἶὸ
2503 1774 2669 1852 λόγος
2726 1776 2803 1839 εἴς
2861 1773 3024 1855 ἔργον
3082 1772 3298 1849 ἐκϐαίη,
3360 1777 3626 1856 ὑπέσχετο
3683 1782 3759 1837 ὧν
3820 1850 3833 1865 Ι

2012 1871 2060 1937 Β
2095 1865 2274 1923 δίοιτο
2309 1868 2386 1940 μή
2402 1868 2698 1947 ἀτυχήσειν
2730 1865 2913 1925 αὐτόν.
2946 1865 3123 1925 Ἀλλᾶ
3141 1872 3311 1924 ταῦτα
3334 1870 3432 1943 μὲν
3449 1869 3752 1937 συνετίθετο

2093 1958 2290 2020 οὕτως.

2164 2042 2369 2118 Συνέϐη
2405 2043 2462 2102 δὲ
2491 2046 2580 2103 καὶ
2612 2044 2685 2102 δι’
2742 2046 2918 2110 ἃλλας
2980 2047 3074 2122 μὲν
3128 2048 3303 2113 αἰτίας
3350 2050 3646 2126 Ῥωμαίοις
3695 2072 3756 2108 τε

2089 2138 2179 2193 καὶ
2266 2138 2607 2214 ΒουΛγάροις
2667 2135 3120 2214 ἆναρῥιπισθῆναι
3204 2140 3296 2194 τὸν
3372 2138 3755 2216 προρρηθέντα

2090 2227 2363 2301 πόλεμον,
2396 2226 2505 2303 οὐχ
2533 2228 2730 2297 ἣκιστα
2762 2226 2820 2283 δὲ
2868 2228 2958 2283 καὶ
2990 2224 3081 2283 διὰ
3106 2228 3205 2297 τὴν
3238 2229 3578 2304 ῥηθήσεσθαι
3614 2231 3747 2307 μὲλ-

2092 2316 2315 2374 λουσαν.
2381 2315 2689 2393 Βούλγαροί
2744 2337 2889 2378 τινες
2942 2316 2993 2388 ἐξ
3054 2318 3201 2388 ἠθῶν
3262 2318 3583 2384 ἀναστάντες
3636 2328 3746 2377 τῶν

2091 2408 2362 2482 πατρῴων
2419 2407 2520 2477 τήν
2578 2408 2870 2480 Ῥωμαίων
2937 2404 3420 2480 καταλαμϐάνουσι
3478 2414 3754 2487 παγγενεῖ,

2091 2497 2183 2553 καὶ
2223 2497 2369 2571 παρὰ
2425 2500 2523 2552 τοῦ
2558 2495 2832 2573 βασιλέως
2889 2494 3317 2573 προσδεχθέντες
3393 2500 3635 2581 Μιχαὴλ
3696 2502 3752 2557 ἐν

2094 2584 2379 2666 διαφόροις
2407 2585 2868 2663 ἐγκατοικίζονται
2899 2587 3132 2668 χώραις.
3165 2588 3267 2643 Καί
3296 2607 3441 2653 τινες
3499 2587 3556 2647 δὲ
3610 2594 3751 2649 Ῥωο

2105 2682 2261 2752 μαῖοι
2290 2680 2399 2732 τῶν
2433 2677 2487 2731 ἐν
2518 2680 2638 2739 τοῖς
2667 2678 3151 2753 προηγησαμένοις
3192 2677 3758 2754 αἰχμαλωτισθέντων

2092 2764 2364 2839 πολέμοις
2422 2765 2490 2821 τὰ
2547 2763 2719 2839 δεσμᾶ
2786 2764 3172 2843 διαρῥήξαντες
3232 2768 3310 2831 εἰς
3398 2768 3496 2832 τὰς
3554 2771 3758 2826 ἑαυτῶν

2092 2855 2362 2921 ἐπανῆκον
2400 2852 2684 2931 πατρίδας.
2717 2855 2955 2919 Τούτους
2988 2859 3227 2921 ἅπαντας
3278 2859 3307 2913 6
3362 2863 3472 2913 τῶν
3502 2857 3758 2936 Βουλγά-

2094 2965 2201 3019 ρων
2232 2946 2480 3022 ἀρχηρὸς
2510 2948 2759 3023 Κροῦμος
2792 2943 3085 3017 ἐκδοθῆναί
3144 2948 3197 3003 οἱ
3229 2946 3449 3023 ἀπῂτει.
3498 2951 3615 3006 Τισὶ
3655 2949 3754 3023 μὲν

2093 3035 2185 3090 οὗν
2217 3040 2325 3090 τῶν
2353 3035 2640 3108 Ῥωμαίων
2696 3035 2952 3106 ἐπαινετὴ
2986 3034 3160 3093 ἐδόκει
3220 3040 3254 3107 ἡ
3313 3031 3548 3106 ἔκδυσις,
3605 3038 3748 3113 ᾗτινι

2091 3125 2181 3180 καὶ
2233 3126 2261 3180 6
2314 3123 2574 3201 βασιλεὺς
2633 3125 2722 3181 καί
2776 3146 2921 3189 τινες
2978 3125 3263 3204 ἀξιόλογοι
3312 3127 3756 3203 συγκατετίθεντο·

326 3219 665 3272 cesserant:
700 3214 1078 3286 perfugarum
1106 3214 1267 3268 enim
1300 3212 1602 3269 deditione
1626 3231 1686 3270 se
1719 3214 1980 3272 barbari-

2096 3214 2350 3290 μοναχοίο
2383 3214 2556 3288 ᾢοντο
2588 3215 2691 3292 γὰρ
2747 3213 2840 3270 διὰ
2885 3221 2986 3285 τῆς
3040 3222 3151 3270 τῶν
3206 3217 3540 3296 προσφύγων
3597 3213 3749 3272 ἐκδό-

324 3307 409 3363 cis
447 3303 911 3378 praadationibus
966 3302 1283 3358 liberatum
1340 3301 1412 3356 iri
1471 3303 1811 3374 sperabant.
1869 3307 1983 3361 Alii

323 3405 522 3452 autem
556 3412 685 3451 eam
738 3393 1099 3449 sententiam
1158 3392 1656 3464 improbaverant,
1730 3412 1984 3466 quorum

322 3488 599 3560 princeps
659 3484 1025 3555 Nicephorus
1078 3482 1417 3554 patriarcha
1499 3489 1558 3539 et
1612 3484 1985 3542 Theoctistus

321 3576 624 3646 magister,
658 3590 766 3628 sua
795 3578 965 3627 astate
997 3570 1210 3626 virtute
1246 3576 1305 3626 et
1328 3570 1648 3642 prudentia
1691 3579 1984 3644 praestan-

324 3666 609 3727 tissimus,
642 3663 866 3734 aliique
890 3678 1010 3717 non
1023 3662 1368 3733 pauci.Nam
1397 3661 1455 3717 hi
1478 3663 1594 3717 Deo
1610 3664 1984 3720 committen-

324 3758 459 3812 dam
483 3769 651 3809 suam
679 3751 930 3807 salutem
936 3749 1258 3823 judicaban
1270 3756 1511 3821 t,neque
1538 3752 1983 3825 transfugarum

324 3844 623 3900 deditione
639 3842 1028 3897 Barbarorum
1047 3840 1398 3912 placandam
1414 3840 1754 3911 superbiam
1766 3844 1948 3911 ,onmi
1960 3875 1979 3885 -

321 3934 548 4008 potenti
589 3932 809 3989 auxilio
874 3930 976 3985 Dei
1029 3929 1393 4001 posthabito.
1454 3930 1709 3986 Proinde
1767 3932 1981 3989 Crumo

322 4024 625 4097 repulsam
675 4037 851 4095 passo
909 4019 1135 4075 bellum
1204 4018 1263 4073 id
1324 4020 1567 4087 exarsit,
1619 4038 1735 4092 quo
1768 4022 1980 4096 ingens

320 4120 721 4173 Romanorum
770 4113 986 4170 accidit
1013 4112 1235 4171 clades.
1294 4111 1458 4167 aliud
1514 4113 1801 4170 nimirum
1860 4116 1980 4171 Deo

311 4208 440 4283 jam
472 4213 600 4263 tum
632 4204 860 4277 aliquid
891 4203 1324 4275 praemoliente.

387 4391 461 4446 At
510 4388 623 4444 Leo
689 4382 944 4456 imperio
1002 4382 1227 4454 potitus
1275 4381 1584 4450 Thomam,
1667 4398 1856 4439 unum
1905 4400 1980 4440 ex

316 4478 508 4534 tribus
540 4476 612 4531 iis
644 4491 793 4546 quos
827 4471 1117 4528 Bardanio
1142 4470 1402 4526 adfuisse
1427 4471 1819 4537 narravimus,
1845 4489 1981 4529 cum

317 4568 368 4624 is
397 4564 737 4623 Philomelii
757 4562 1116 4618 monachum
1146 4560 1489 4617 consuleret
1510 4560 1792 4632 juvenem
1823 4562 1978 4620 853
2010 4589 2056 4657 ι)

318 4657 470 4715 acris
501 4655 706 4721 animi,
730 4660 940 4709 turmae
976 4651 1205 4708 ordinis
1235 4649 1657 4706 foederatorum
1689 4652 1977 4723 praeficit;

318 4744 673 4802 Michaelum
728 4758 864 4798 vero
927 4740 1194 4798 Balbum.
1242 4741 1401 4795 hunc
1463 4756 1699 4811 quoque
1753 4758 1824 4798 ex
1908 4742 1982 4800 iis

319 4835 507 4892 tribus
539 4848 746 4894 unum,
779 4832 951 4902 cujus
982 4830 1174 4886 filium
1206 4846 1279 4886 ex
1312 4845 1477 4884 sacro
1511 4829 1745 4885 lavacro
1788 4848 1985 4889 susce-

318 4930 508 4999 perat,
542 4922 859 4996 patricium
891 4926 1054 4976 creat
1084 4925 1144 4974 et
1174 4918 1454 4975 comitem
1502 4919 1721 4976 scholae
1749 4923 1982 4979 excubi-

319 5021 515 5074 torum
573 5011 736 5078 facit,
795 5010 1180 5083 reliquasque
1234 5008 1473 5079 imperii
1552 5026 1648 5066 res
1707 5028 1815 5083 pro
1873 5029 1979 5071 suo

317 5106 565 5163 arbitrio
592 5102 1165 5160 conslituit.lnterea
1182 5098 1417 5171 Bulgari
1451 5101 1674 5156 recenti
1699 5101 1893 5160 adhuc
1907 5103 1982 5160 de

321 5193 605 5252 Romanis
636 5190 885 5248 victoria
913 5189 1103 5246 inﬂati
1134 5188 1196 5243 in
1254 5187 1562 5245 Thraciam
1606 5189 1981 5250 incursiones

322 5283 642 5346 faciebant,
688 5287 747 5336 et
775 5279 946 5336 obvia
976 5293 1226 5351 quaeque
1257 5276 1659 5348 depraedando
1693 5281 1983 5352 populan-

320 5373 517 5448 doque
549 5369 1089 5430 vastabant.Visum
1121 5384 1257 5439 ergo
1280 5372 1371 5422 est
1400 5365 1741 5439 imperatori
1759 5368 1982 5437 legatos

322 5465 486 5534 pacis
516 5459 946 5537 componendae
972 5473 1152 5517 causa
1206 5456 1282 5514 ad
1335 5456 1649 5530 Bulgarum
1694 5458 1931 5517 mittere
1963 5476 1979 5516 :

2090 3324 2227 3367 σεως
2291 3310 2393 3374 τῆς
2455 3299 2802 3379 Βαρϐαρικῆς
2874 3302 3361 3378 ἀπαλλαγησεσθαι
3423 3305 3747 3375 λεηλασίας.

2088 3394 2236 3455 Τινὲς
2270 3390 2317 3447 δ’
2350 3392 2721 3467 ἂπηρέσκοντο
2768 3392 2906 3467 πρὸς
2950 3395 3049 3462 τήν
3081 3394 3334 3469 γνώμην,
3368 3398 3450 3467 [Ρ.
3483 3398 3609 3465 487]
3678 3396 3752 3450 ὧν

2088 3487 2386 3560 κορυφαῖος
2442 3480 2701 3557 ἐτύγχανε
2757 3481 3078 3556 Νικηφόρος
3145 3482 3173 3537 6
3256 3483 3610 3559 πατριάρχης
3663 3486 3757 3541 καὶ

2090 3572 2119 3627 6
2155 3572 2456 3646 μάγιστρος
2484 3571 2804 3633 Θεόκτιστος
2860 3569 2946 3627 ἐπ’
2999 3571 3168 3647 ἀρετῇ
3227 3571 3317 3627 καὶ
3372 3574 3577 3629 συνὲσει
3608 3595 3759 3649 πρω-

2087 3660 2258 3717 τεύων
2289 3665 2369 3734 τῷ
2396 3661 2542 3731 τότε,
2573 3662 2663 3716 καὶ
2695 3658 2867 3716 ἄλλοι
2891 3658 2949 3716 δὲ
2977 3660 3079 3717 οὐκ
3099 3660 3307 3737 ὀλίγοι,
3340 3661 3545 3742 ἐφεῖναι
3572 3661 3759 3739 λέγον-

2088 3772 2173 3814 τες
2211 3752 2278 3807 τὰ
2308 3752 2427 3816 καθ’
2458 3750 2682 3814 ἑαυτοὺς
2706 3750 2787 3824 τῷ
2818 3754 2959 3823 Θεῷ,
3019 3752 3109 3807 καὶ
3168 3752 3245 3827 μή
3306 3748 3398 3807 διὰ
3426 3752 3756 3830 προσφύγων

2091 3839 2354 3904 ἐκδόσεως
2384 3843 2485 3912 τήν
2514 3846 2611 3897 τοῦ
2646 3845 2781 3897 Θεοῦ
2821 3840 3239 3918 παραλιπόντας
3292 3841 3550 3913 παναλκῆ
3618 3844 3750 3918 βοη-

2091 3935 2237 3988 θειαν
2293 3932 2392 4001 τὴν
2445 3936 2544 3988 τοῦ
2605 3927 2885 4008 Βαρϐάρου
2938 3930 3365 4005 ἐξευμενίζεσθαι
3404 3930 3749 4002 ἀλαζονείαν,

2089 4020 2375 4096 Μηδαμῶς
2406 4018 2464 4078 δὲ
2495 4017 2781 4096 συμϐάσης
2836 4029 2936 4092 τῆς
2992 4022 3253 4091 τοιαύτης
3307 4021 3603 4086 ἐπιτάσεως
3649 4028 3749 4079 τοῦ

2090 4113 2368 4188 Κρούμου,
2402 4113 2430 4166 6
2463 4110 2793 4187 προλεχθεῖς
2848 4110 3202 4187 ἀνερριπίσθη
3258 4111 3528 4185 πόλεμος,
3562 4113 3648 4168 καὶ
3710 4116 3746 4185 ἠ

2087 4206 2265 4280 τροπὴ
2298 4205 2388 4259 καὶ
2419 4206 2448 4260 6
2479 4203 2655 4268 πολὺς
2675 4204 2878 4280 φθόρος
2910 4208 3017 4259 τῶν
3045 4202 3337 4276 Ῥωμαίων
3376 4204 3750 4275 ἐπηκοιούθη-

2089 4317 2194 4364 σεν,
2226 4294 2370 4352 ἄλλο
2395 4316 2447 4350 τι
2476 4298 2575 4350 τοῦ
2609 4298 2766 4358 Θεοῦ,
2800 4294 2877 4355 ὡς
2919 4288 3084 4361 ἔοικε,
3118 4300 3675 4371 προοικονομοῦντος.

2160 4385 2315 4445 Τέως
2367 4380 2424 4439 δὲ
2487 4384 2588 4451 τήν
2650 4380 2927 4458 βασίλειον
2988 4382 3169 4462 ἀρχὴν
3222 4383 3664 4458 περιζωσάμενος
3724 4385 3755 4440 6

2089 4472 2238 4530 Λέων
2269 4478 2468 4548 Θωμᾶν
2505 4474 2619 4546 μὲν,
2650 4469 2744 4527 ἕνα
2771 4476 2877 4526 τῶν
2936 4476 3107 4547 τριῶν
3160 4470 3286 4528 ὄντα
3345 4472 3439 4536 οὓς
3490 4475 3519 4529 6
3580 4474 3754 4553 λόγος

2088 4564 2346 4636 ἱστόρησε
2402 4564 2608 4641 φθάσας
2681 4566 2915 4617 συνεῖναι
2980 4566 3063 4634 τῷ
3146 4559 3432 4638 Βαρδανίῳ
3518 4563 3758 4632 ὁπηνίκα

2092 4654 2228 4727 πρὸς
2255 4652 2347 4708 τὸν
2373 4650 2619 4731 μοναχὸν
2659 4650 2710 4706 ἐν
2747 4655 2826 4723 τῷ
2857 4649 3182 4727 Φιλομιλίῳ
3240 4650 3551 4731 ἐφοίτησεν,
3584 4649 3758 4727 ἄνδρα

2090 4746 2212 4800 νὲον
2244 4742 2335 4799 καὶ
2366 4742 2638 4819 ὁρμητίαν
2664 4744 3030 4819 τουρμάρχην
3087 4740 3322 4814 ἀνέδειξε
3370 4747 3467 4798 τοῦ
3497 4740 3753 4823 φοιδερά-

2090 4857 2199 4891 των
2233 4837 2345 4908 (54)
2378 4832 2679 4908 τάγματος,
2714 4830 2946 4912 Μιχαὴλ
2973 4829 3029 4887 δὲ
3050 4833 3142 4887 τὸν
3166 4832 3443 4908 Τραυλὸν,
3475 4833 3562 4888 καὶ
3590 4833 3754 4888 αὐτὸν

2089 4923 2180 4979 ἕνα
2207 4929 2315 4979 τῶν
2347 4926 2514 4998 τριῶν
2543 4918 2693 4991 ὄντα,
2714 4922 2777 4977 οὗ
2806 4922 2901 4976 τὸν
2933 4921 3049 4976 υἱὸν
3111 4920 3172 4977 ἐκ
3222 4929 3323 4992 τῆς
3380 4923 3538 4997 ἁγίας
3569 4918 3751 4977 ἀνεδέ-

2091 5015 2216 5085 ξατο
2246 5007 2664 5087 κολυμϐηθρας,
2717 5009 3002 5086 πατρίκιον
3052 5010 3238 5067 ἀνεῖπε
3279 5010 3371 5067 καὶ
3399 5012 3623 5085 κόμητα
3650 5019 3754 5082 τῆς

2089 5107 2201 5159 τῶν
2231 5096 2555 5174 ἐξκουϐίτων
2587 5100 2827 5174 σχολῆς,
2851 5098 2941 5156 καὶ
2972 5098 3156 5157 τᾶλλα
3187 5098 3428 5158 διεπόνει
3456 5109 3560 5171 τῆς
3593 5103 3752 5179 βασι-

2093 5192 2243 5255 λείας
2287 5193 2579 5265 καθώσπερ
2624 5191 2693 5259 ἧν
2751 5190 2899 5262 αὖτῷ
2959 5189 3257 5267 βουλητόν.
3318 5192 3385 5249 Οἱ
3441 5189 3755 5267 Βούλγαροι

2093 5279 2151 5338 δὲ
2182 5279 2347 5337 πλέον
2385 5285 2454 5357 τῇ
2486 5280 2592 5356 πρὸ
2649 5284 2848 5355 μικροῦ
2890 5284 3000 5335 τῶν
3056 5279 3346 5354 Ῥωμαίων
3398 5279 3541 5356 ἥττῃ
3598 5280 3753 5357 ἐκφυ-

2092 5370 2337 5438 σηθέντες
2367 5373 2468 5441 τήν
2497 5376 2713 5444 Θρᾳκην
2743 5369 3072 5445 κατέτρεχον
3105 5370 3193 5424 καὶ
3226 5371 3294 5426 τὰ
3323 5369 3378 5426 ἐν
3417 5371 3579 5427 ποσὶν
3626 5366 3761 5439 ἐδη-

2092 5483 2185 5518 ουν
2216 5461 2305 5517 καὶ
2338 5458 2648 5533 ἐληίζοντο.
2680 5455 2901 5530 Ἔδοξεν
2934 5458 3032 5515 οὗν
3058 5464 3141 5534 τῷ
3197 5459 3417 5537 βασιλεῖ
3469 5454 3761 5537 πρεσϐείαν

1526 5582 1893 5645 XYLANDRI
1933 5590 2020 5647 ET
2061 5591 2279 5648 GOABI
2314 5590 2522 5647 NOTE

400 5708 519 5779 (54)
552 5701 895 5779 Φοιδεράτου
925 5702 1139 5779 Legepd

400 5722 519 5779 (54)
552 5722 895 5779 φοιοερατου
925 5722 944 5766 ι
1022 5722 1139 5777 ena
1277 5722 1355 5761 au
1402 5722 1466 5765 ιιι
1486 5722 1742 5775 pulit“:
1776 5722 1797 5761 Ῑ

334 5777 416 5837 de
447 5786 564 5853 quo
596 5778 802 5835 auctor
828 5777 889 5851 τι.
1057 5766 1104 5835 Π
1137 5722 1332 5833 mea
1352 5722 1595 5832 ίίήάεω.
1620 5775 1797 5834 cum.

1277 5701 1703 5790 aliqniputapt
1725 5720 1742 5764 :
1767 5707 1985 5790 retine:

2096 5703 2385 5786 ιιϐερατου,
2419 5707 2497 5766 de
2524 5707 2766 5783 agmine
2798 5707 3023 5768 dictum
3053 5724 3088 5766 a
3137 5708 3421 5781 federatis
3475 5708 3707 5767 diverso
3733 5726 3751 5780 ;
