4112 6416
322 440 439 502 93Ἳ

1453 435 2001 500 HISTORIARUM
2045 437 2607 504 COMPENDIUM.

3625 445 3750 503 938

321 572 538 630 στεῖλαι
594 570 940 646 καὶτλόγους
1000 576 1216 642 κινῆσαι
1268 572 1392 648 περὶ
1451 571 1694 647 εἰρηνης·
1754 574 1867 628 Τοῦ
1925 566 1981 624 δὲ

2096 573 2200 628 sed
2231 592 2300 630 eo
2339 575 2661 633 ferociente
2721 593 2789 632 ac
2846 593 3053 648 pacem
3110 575 3361 648 superbe
3409 584 3748 646 recusante,

324 660 658 738 Βουλγάρου
701 659 1079 737 φρυαξαμένου
1135 661 1224 716 καὶ
1283 663 1382 731 τήν
1445 661 1664 738 εἰρήνην
1722 681 1984 735 παρωσα·

329 751 516 825 μένου,
575 743 764 822 ἐδέησε
816 751 1006 824 μάχης
1067 750 1118 821 ἐξ
1179 752 1416 826 ἀνάγκης
1470 757 1550 824 τῷ
1612 750 1846 827 βασιλεῖ.
1880 750 1985 808 Καὶ

322 846 461 915 γοῦν
501 840 592 894 καὶ
649 840 1149 915 συναθροισθέντων
1203 845 1314 896 τῶν
1374 842 1792 916 στρατευμάτων
1831 840 1984 915 μάχη

326 931 556 998 συνέστη
613 930 871 1003 κρατερὰ,
930 929 1023 984 καὶ
1079 929 1246 985 πάλιν
1303 931 1514 1001 ἡττηθη
1573 930 1638 984 τὰ
1703 928 1990 1003 Ῥωμαϊκὰ

325 1016 726 1091 στρατεύματα.
782 1018 905 1073 Τῶν
963 1013 1021 1070 δὲ
1079 1015 1507 1093 Βουλγάρωντῇ
1571 1014 1752 1089 διώξει
1783 1015 1985 1070 ἐπικει-

331 1104 532 1178 μένων,
575 1103 603 1157 6
665 1101 920 1177 βασιλεὺς
980 1097 1032 1156 ἕν
1086 1123 1194 1158 τινι
1254 1100 1551 1176 ὑπερδεξίῳ
1605 1098 1760 1175 τόπῳ
1816 1101 1984 1163 ἑστὼς

325 1194 466 1267 μετὰ
493 1199 595 1263 τῆς
627 1193 749 1268 περὶ
810 1193 974 1247 αὐτὸν
1016 1193 1285 1268 ἑταιρείας
1350 1193 1670 1249 κατεσκόπει
1725 1193 1794 1247 τὰ
1851 1189 1988 1266 δρώ-

325 1302 480 1356 μενα.
541 1281 646 1338 Καὶ
697 1301 1037 1352 κατανοησας
1111 1283 1186 1345 ὡς
1247 1281 1569 1338 ἀσύντακτοι
1654 1282 1744 1337 καὶ
1816 1285 1988 1336 πᾶσαν

318 1371 471 1444 τάξιν
524 1369 919 1434 ἀπολείποντες
969 1371 1020 1426 οἱ
1079 1371 1388 1448 Βούλγαροι
1448 1370 1802 1427 ἐπιδιώκουσι
1857 1371 1987 1432 τοὺς

320 1459 644 1540 φεύγοντας,
677 1459 1060 1537 παρακαλέσας
1089 1459 1218 1522 τοὺς
1276 1462 1411 1535 ἄμφ’
1463 1460 1624 1516 αὐτὸν
1666 1461 1753 1516 καὶ
1789 1458 1986 1533 ἄνδρας

321 1548 563 1625 ἀγαθοὺς
645 1546 894 1624 γενέσθαι
951 1550 1333 1615 καθικετεύσας
1386 1551 1478 1606 καὶ
1541 1553 1616 1624 μὴ
1685 1555 1791 1605 τῶν
1849 1551 1988 1606 Ῥω-

330 1641 509 1713 μαίων
569 1637 817 1695 εὔκλειαν
872 1640 1142 1714 περιιδεῖν
1201 1645 1496 1717 χωροῦσαν
1565 1640 1642 1704 εἷς
1693 1641 1756 1694 τὸ
1790 1637 1984 1712 μηδὲν,

321 1729 623 1789 ἐπιτίθεται
657 1727 931 1804 ὀᾳγδαίως
989 1727 1194 1794 αὐτοῖς.
1254 1729 1360 1786 Καὶ
1418 1735 1500 1802 τῷ
1539 1727 1830 1806 παραδόξῳ
1885 1736 1986 1798 τῆς

321 1814 616 1879 ἐπιθέσεως
663 1819 1006 1893 τρεψάμενος
1091 1819 1219 1880 τοὺς
1275 1820 1717 1895 παρατυχόντας,
1774 1819 1864 1874 καὶ
1921 1820 1984 1875 τὸ

323 1906 524 1963 λοιπὸν
545 1913 653 1963 τῶν
685 1907 1018 1986 Βουλγάρων
1052 1909 1362 1984 στράτευμα
1415 1914 1493 1981 τῷ
1549 1906 1806 1987 αἰφνιδίῳ
1861 1930 1984 1964 κατ-
2013 1951 2059 2015 Β

325 1998 497 2015 .ς..
637 2001 652 2015 .
824 2001 901 2015 ς.-
1050 1997 1460 2015 .,ο,.,
1723 2001 1940 2015 ...-

318 1998 528 2071 έπληξε
564 2001 655 2056 καὶ
684 2001 936 2075 ταραχῆς
975 2001 1070 2056 καὶ
1099 1997 1273 2079 φόϐου
1313 2001 1600 2074 ἐνέπλησε,
1648 2003 1739 2056 καὶ
1800 2001 1975 2067 ἀλκῆς

321 2086 506 2153 οὐδεὶς
553 2088 851 2163 ἐμέμνητο.
907 2090 1127 2146 Τούτων
1181 2089 1370 2147 ἔπεσον
1436 2093 1530 2165 μὲν
1589 2090 1642 2146 ἐν
1708 2095 1775 2164 τῇ
1815 2112 1979 2167 προσ-

321 2174 472 2252 ϐολῇ
512 2177 738 2252 πολλοὶ,
769 2180 860 2234 καὶ
901 2180 1062 2243 αὐτὸς
1112 2181 1140 2234 ὀ
1187 2185 1294 2236 τῶν
1327 2179 1472 2236 ’ὀλων
1507 2180 1767 2256 ἀρχηγὸς,
1811 2181 1976 2236 εἶκαὶ

323 2267 543 2344 ταχέως
574 2269 675 2324 ὑπὸ
703 2275 811 2325 τῶν
841 2269 1058 2325 οἰκείων
1085 2268 1244 2344 ’ίππῳ
1298 2269 1494 2341 κέλητι
1543 2271 1800 2346 ἀναχθεὶς
1848 2268 1980 2344 δρα-

333 2361 463 2431 σμῷ
489 2359 587 2429 τήν
636 2360 906 2434 σωτηρίαν
957 2361 1458 2436 ἐπραγματεύσατο,
1500 2360 1744 2416 ἑάλωσαν
1802 2357 1859 2416 δὲ
1888 2363 1977 2416 καὶ

327 2451 442 2502 τῶν
481 2449 746 2504 πεσόντων
796 2447 996 2522 πολλῷ
1063 2448 1306 2514 πλείους.
1366 2455 1539 2506 Τοῦτο
1596 2453 1658 2506 τὸ
1697 2445 1850 2527 ἔργον
1911 2452 1980 2506 τὰ

2092 670 2326 720 coactus
2341 672 2430 722 est
2442 667 2600 722 bello
2615 668 3295 723 decernere.Commisso
3319 672 3514 722 autem
3538 667 3749 738 grandi

2090 755 2315 825 pra‘lio,
2348 773 2482 811 cum
2509 757 2703 812 denuo
2736 759 2984 814 Romani
3013 758 3309 813 exercitus
3369 757 3750 812 vincerentur

2091 843 2442 916 Bulgarique
2475 846 2547 900 iis
2589 847 3020 918 persequendis
3079 864 3141 902 se
3193 847 3423 914 darent,
3469 847 3580 902 Leo
3612 863 3749 902 cum

2092 949 2198 988 suo
2259 933 2531 989 sodalitio
2592 937 2880 990 eminenti
2938 935 3068 991 loco
3120 942 3283 991 stans
3331 935 3754 992 animadvertit

2092 1022 2371 1095 Bulgaros
2396 1024 2706 1080 ordinibus
2737 1025 2859 1080 suis
2891 1025 3100 1080 solutis
3132 1027 3314 1081 ell‘use
3346 1025 3748 1096 persecutioni

2093 1129 2155 1168 se
2188 1112 2444 1169 dedisse.
2482 1114 2565 1170 lbi
2599 1121 2726 1169 tum
2756 1117 3096 1171 cohortatus
3129 1115 3748 1185 suos,obtestatusque

2090 1207 2158 1257 ut
2186 1201 2368 1258 fortes
2400 1210 2458 1258 et
2487 1209 2761 1259 strenuos
2793 1221 2854 1260 se
2876 1205 3212 1277 praeberent
3233 1221 3425 1277 neque
3447 1207 3747 1260 Romano-

2091 1309 2223 1346 rum
2254 1293 2505 1364 gloriam
2545 1294 2618 1349 ad
2645 1295 2901 1351 nihilum
2931 1294 3115 1367 redigi
3149 1300 3513 1367 paterentur,
3532 1311 3748 1366 magno

2091 1398 2227 1437 cum
2259 1383 2486 1455 impetu
2519 1385 2721 1440 hostes
2741 1385 3046 1451 adoritur;
3081 1391 3140 1440 et
3167 1385 3369 1440 obvios
3429 1385 3750 1457 improvisa

2091 1471 2482 1542 impressione
2514 1473 2771 1545 pellens,
2797 1474 2992 1530 subita
3021 1491 3086 1529 re
3108 1474 3493 1547 Bulgarorum
3507 1490 3748 1529 omnem

2091 1561 2418 1617 exercitum
2449 1569 2760 1634 perterret,
2796 1579 3046 1634 eamque
3104 1563 3563 1635 trepidationem
3594 1564 3751 1618 inter

2093 1665 2193 1705 eos
2225 1651 2441 1706 excitat
2469 1657 2533 1706 ut
2557 1652 2745 1708 virtus
2768 1653 2962 1708 omnis
2986 1652 3201 1708 animis
3259 1669 3466 1708 eorum
3512 1652 3746 1707 abierit.

2091 1739 2446 1795 Ceciderunt
2475 1757 2543 1795 eo
2576 1741 2636 1795 in
2659 1741 2863 1812 praelio
2892 1742 3232 1812 complures
3282 1741 3537 1814 Bulgari,
3571 1747 3749 1813 atque

2092 1829 2218 1900 ipse
2250 1829 2429 1885 etiam
2462 1831 2823 1902 imperator:
2869 1831 2972 1886 sed
3031 1831 3081 1886 is
3139 1831 3417 1886 celeriter
3466 1847 3501 1885 a
3531 1831 3654 1886 suis
3685 1831 3750 1886 in

2092 1935 2311 1990 equum
2338 1919 2593 1974 liberum
2625 1921 2938 1991 impositus
2960 1920 3096 1992 fuga
3117 1920 3371 1975 salutem
3393 1925 3750 1975 consecutus

2089 2009 2385 2063 est.Multo
2418 2009 2620 2080 plures
2643 2010 2796 2081 capti
2830 2015 2971 2064 sunt
3000 2026 3178 2080 quam
3227 2009 3385 2066 854
3425 2007 3744 2063 interfecti.

2089 2098 2209 2152 Hoc
2242 2097 2592 2168 praclarum
2622 2099 2852 2154 facinus
2912 2099 3299 2171 Bulgarorum
3359 2097 3744 2153 insolentiam

2091 2185 2404 2257 depressit,
2440 2193 2497 2242 et
2527 2189 2760 2243 animos
2786 2190 3187 2243 Romanorum
3246 2188 3536 2243 demissos
3565 2192 3744 2257 atque
3783 2233 3788 2236 .

2091 2281 2418 2347 prostratos
2450 2277 2818 2332 confirmavit
2840 2283 2900 2332 et
2929 2278 3468 2349 erexit.lmperator
3496 2275 3745 2347 amplis-

2091 2365 2242 2420 simo
2275 2383 2410 2421 cum
2435 2368 2735 2438 triumpho
2786 2373 2844 2422 et
2875 2367 3082 2439 spoliis
3115 2368 3174 2421 in
3215 2366 3424 2423 urbem
3478 2382 3750 2422 reversus

2091 2454 2166 2510 ad
2197 2454 2308 2510 alia
2339 2457 2574 2529 negotia
2604 2457 2872 2512 animum
2905 2457 3142 2528 adjecit.

341 2538 443 2608 μὲν
470 2541 578 2592 τῶν
608 2539 942 2615 Βουλγάρων
971 2537 1294 2595 ἐταπείνωσε
1315 2561 1488 2618 φρονη
1501 2562 1664 2614 ματα,
1689 2541 1755 2596 τὰ
1783 2537 1841 2594 δὲ
1861 2545 1967 2595 τῶν
1997 2542 2320 2615 Ῥωμαϊκῶν
2353 2543 2622 2622 κεκυφότα
2652 2545 2743 2599 καὶ
2773 2545 2910 2618 πρὸς
2942 2551 3046 2619 γῆν
3078 2544 3303 2599 νεύοντα
3371 2543 3746 2620 ἀναθαρῥῆσαι

330 2627 651 2699 πεποίηκεν.
687 2629 742 2682 Ὀ
766 2625 823 2684 δὲ
857 2626 1114 2704 βασιλεὺς
1145 2632 1280 2704 μετᾶ
1311 2631 1582 2706 λαμπρῶν
1608 2635 1718 2686 τῶν
1749 2631 2026 2705 τροπαίων
2059 2631 2148 2686 καὶ
2181 2631 2334 2694 λείας
2366 2632 2450 2688 ὅτι
2475 2631 2699 2702 πολλῆς
2726 2635 2826 2702 τὴν
2862 2629 3117 2706 βασιλίδα
3163 2628 3491 2688 καταλαϐὼν
3546 2635 3660 2686 τῶν
3692 2630 3747 2686 ἐν

324 2716 516 2792 χερσὶν
550 2715 734 2793 εἴχετο
764 2720 1131 2796 πραγμάτων.

392 2809 553 2884 1Ἀρτι
633 2806 692 2863 δὲ
761 2808 853 2865 καὶ
908 2810 984 2872 εἰς
1047 2812 1271 2884 μνήμην
1358 2809 1530 2866 ἐλθὼν
1584 2815 1682 2865 τοῦ
1733 2811 1868 2865 κατὰ
1921 2812 1985 2866 τὸ

316 2896 662 2970 Φιλομίλιον
710 2903 982 2974 μοναχοῦ,
1042 2894 1184 2975 ἔγνω
1243 2897 1442 2975 δώροις
1501 2901 1591 2956 καὶ
1643 2902 1985 2975 ἀναθήμασιν

320 2986 486 3042 αὐτὸν
573 2994 674 3056 τῆς
754 2987 839 3043 ἐπ’
887 2989 1034 3061 αὐτῷ
1090 2989 1431 3069 προφητείας
1483 2990 1835 3064 ἀμείψασθαι.
1896 2994 1982 3063 [Ρ.

323 3078 450 3150 488]
494 3075 875 3147 Ἐξαπέστειλε
902 3081 1033 3154 γοῦν
1091 3099 1214 3134 τινα
1261 3083 1370 3134 τῶν
1427 3081 1793 3146 πιστοτάτων,
1854 3081 1985 3134 ἀνα-

324 3167 544 3239 θήματα
577 3167 654 3228 εἷς
684 3166 847 3222 αὐτὸν
906 3172 1212 3241 κομῑζοντα
1269 3169 1358 3224 καὶ
1414 3164 1622 3224 ἔπιπλα
1677 3169 1767 3224 καὶ
1815 3168 1979 3238 σκεύη

334 3259 537 3333 ἀργυρᾶ
591 3259 682 3314 καὶ
739 3260 945 3335 χρύσεα
999 3260 1088 3315 καὶ
1144 3257 1262 3332 εἷ’δη
1323 3258 1500 3332 εὐώδη
1560 3266 1669 3316 τῶν
1728 3261 1804 3324 εἰς
1835 3263 1983 3333 ἡμᾶς

2165 2813 2290 2878 Quo
2314 2817 2580 2885 tempore
2613 2814 2792 2869 etiam
2822 2813 3099 2869 monachi
3149 2812 3630 2868 Philomeliensis
3657 2829 3755 2868 re-

2094 2903 2858 2963 cordans.vaticinationem
2877 2903 3089 2975 ejusde
3123 2919 3185 2958 se
3217 2903 3750 2958 constituitmune-

2093 2992 2258 3046 ribus
2276 2997 2454 3062 atque
2467 2991 2732 3048 donariis
2747 2993 3328 3065 compensare.Mittit
3349 3009 3486 3065 ergo
3508 3007 3752 3048 suorum

2094 3081 2411 3151 quemdam
2426 3081 2822 3138 ﬁdelissimum
2837 3083 2936 3153 qui
2955 3083 3027 3138 ad
3045 3099 3180 3137 eum
3206 3081 3463 3138 deferret
3477 3082 3746 3152 donaria,

2093 3170 2549 3240 supellectilem,
2609 3189 2747 3227 vasa
2785 3177 3065 3243 argentea
3118 3177 3176 3225 et
3206 3187 3386 3226 aurea
3417 3187 3486 3226 ac
3517 3170 3746 3241 species

2092 3258 2389 3322 odoratas,
2442 3260 2648 3331 quales
2696 3261 2770 3315 ad
2820 3277 2928 3315 nos
2989 3276 3058 3314 ex
3141 3259 3306 3315 India
3390 3261 3744 3314 afferuntur.

332 3346 385 3416 ἕξ
417 3345 608 3412 Ἰνδίας
645 3351 1052 3423 κομιζομένων.
1107 3348 1269 3407 Ἀλλ’
1329 3349 1532 3413 ἐκεῖνος
1592 3351 1684 3423 μὲν
1737 3351 1764 3405 6
1822 3371 1982 3424 μονα-

2095 3349 2310 3403 Verum
2343 3349 2393 3403 is
2426 3350 2900 3421 monachusjam
2959 3354 3083 3404 tum
3132 3349 3311 3403 vitam
3370 3365 3505 3403 cum
3555 3353 3748 3402 morte

329 3437 436 3515 χὸς
460 3431 626 3512 ἔτυχε
653 3441 1076 3513 προαποθανεῖν,
1135 3439 1363 3510 κατέστη
1427 3437 1485 3494 δὲ
1547 3443 1616 3513 τῇ
1674 3438 1982 3514 κέλλῃ(55)

325 3527 498 3580 αὐτοῦ
529 3523 788 3590 διάδοχος
825 3529 1068 3604 μοναχός
1105 3549 1190 3591 τις
1222 3527 1416 3596 ἂλλος,
1448 3531 1549 3599 τὴν
1607 3528 1804 3598 κλῆσιν
1840 3523 1986 3583 Σαϐ-

327 3610 540 3686 ϐάτιος,
594 3619 697 3682 τῆς
758 3617 919 3680 ἀθέου
975 3622 1081 3672 τῶν
1133 3617 1513 3693 εἶκονομάχων
1555 3617 1817 3692 αἱρέσεως
1860 3617 1986 3672 ἀνά-

321 3702 508 3766 πλεως
557 3700 652 3760 ὥν.
710 3706 798 3768 Ἐς
855 3710 1046 3762 τοῦτον
1097 3705 1125 3760 ὂ
1186 3707 1332 3781 παρᾶ
1392 3706 1662 3781 βασιλέως
1719 3708 1984 3786 πεμφθεὶς

324 3793 660 3871 ἀφικόμενος
689 3797 756 3851 τά
810 3816 870 3851 τε
922 3795 1298 3870 ἀπεσταλμένα
1353 3801 1433 3868 τῷ
1491 3795 1655 3850 αὐτοῦ
1696 3799 1983 3872 καθηγητῇ

322 3884 472 3956 παρὰ
497 3884 768 3958 βασιλέως
801 3883 951 3961 δῶρα
1009 3883 1252 3956 δέξασθαι
1308 3885 1617 3962 παρηγγύα,
1658 3886 1748 3940 καὶ
1803 3885 1982 3959 γράμο

329 3993 460 4046 μασι
515 3974 606 4029 καὶ
663 3973 856 4049 εὐχαῖς
911 3975 1001 4030 τὸν
1064 3974 1353 4049 πέμψαντα
1410 3975 1863 4048 ἀνταμείψασθαι.
1921 3975 1982 4031 Ὀ

331 4059 390 4116 δὶ
428 4063 496 4116 τὰ
525 4064 619 4136 μὶν
659 4063 1038 4139 ἀπεσταλμένα
1097 4061 1285 4121 λαϐεῖν
1335 4064 1435 4120 οὐκ
1472 4063 1760 4134 ἠθέλησεν,
1819 4064 1984 4118 αὐτὸν

329 4148 388 4205 δὲ
474 4151 876 4226 ὀπισθόρμτιτον
961 4153 1175 4210 ἀπιέναι
1233 4153 1686 4230 παρεκελεύσατο,
1766 4153 1980 4224 ἀνάξιον

330 4243 472 4296 εἶναι
539 4241 716 4318 λέγων
772 4247 862 4300 καὶ
921 4247 1010 4301 τὸν
1074 4245 1306 4320 βασιλέα
1367 4252 1470 4315 τῆς
1526 4241 1850 4318 ἁλουργίδος
1909 4245 1985 4310 ὡς

330 4329 586 4395 εἰδώλοις
682 4335 1090 4411 προστετηκότα
1153 4335 1243 4391 καὶ
1303 4341 1420 4397 τοῖς
1475 4335 1661 4410 λόγοις
1719 4334 1984 4408 ἑπόμενον

329 4422 570 4496 Εἰρήνης
593 4430 692 4492 τῆς
721 4422 1006 4499 βασιλίδος
1039 4425 1129 4479 καὶ
1183 4424 1455 4500 Ταρασίου
1484 4429 1581 4480 τοῦ
1612 4423 1978 4500 πατριάρχου·

329 4512 406 4566 ὧν
437 4514 536 4582 τήν
573 4514 668 4586 μὲν
697 4511 890 4590 παρδὼ
919 4515 1010 4570 καὶ
1070 4512 1238 4580 θυαδα
1293 4517 1392 4584 τήν
1454 4516 1721 4590 Εἲρήνην,
1780 4516 1878 4570 τὸν
1925 4511 1983 4570 δὶ

324 4601 378 4656 ἐν
463 4603 832 4680 πατριάρχαις
917 4601 1172 4680 ἀοίδιμον
1254 4606 1518 4680 Ταράξιον
1599 4604 1983 4678 κατωνόμαζεν

2091 3446 2504 3506 commutarat,
2539 3446 3023 3512 successeratque
3075 3441 3128 3496 ei
3163 3440 3473 3495 Sabbatius
3505 3439 3750 3510 quidam

2093 3534 2249 3585 totus
2283 3531 2478 3602 impiae
2532 3531 3101 3604 imaginiperdarum
3159 3529 3375 3584 haeresi
3405 3530 3748 3584 immersus.

2090 3619 2179 3674 Ad
2203 3636 2338 3674 eum
2370 3637 2504 3674 cum
2535 3621 2795 3675 venisset
2825 3621 3053 3694 legatus
3076 3619 3750 3692 imperatoris,hortatus

2093 3713 2183 3764 est
2218 3714 2282 3763 ut
2313 3726 2566 3765 munera
2621 3711 2973 3783 praeceptori
3025 3728 3130 3766 suo
3191 3711 3376 3765 missa
3433 3709 3749 3781 acciperet,

2094 3798 2427 3869 litterisque
2443 3805 2500 3854 et
2512 3799 2784 3871 precibus
2800 3801 3220 3871 imperatorem
3244 3804 3751 3855 remuneraretur.

2089 3893 2160 3945 At
2191 3889 2502 3945 Sabbatius
2534 3907 2786 3946 munera
2815 3906 3117 3960 respuere,
3148 3891 3345 3960 ipsum
3395 3895 3554 3944 retro
3586 3889 3752 3944 abire

2082 3979 2316 4051 jubere,
2397 3980 2663 4049 adeoque
2726 3980 3146 4049 imperatorem
3214 3978 3556 4050 dignatione
3637 3978 3753 4034 ista

2092 4069 2401 4142 indignum
2430 4070 2648 4138 dicere,
2683 4070 3010 4140 imaginum
3039 4067 3220 4123 cultui
3251 4068 3517 4124 deditum
3551 4072 3609 4122 et
3634 4069 3750 4123 Ire-

2090 4176 2182 4214 nze
2207 4158 2603 4230 imperatricis
2624 4157 2964 4226 Tarasiique
2988 4157 3342 4228 patriarcha
3375 4157 3611 4212 statutis
3643 4156 3751 4212 ob-

2091 4253 2543 4319 temperantem.
2561 4249 2794 4302 Irenam
2808 4245 3248 4317 impurissimus
3263 4247 3438 4300 homo
3452 4245 3746 4317 pardalim

2093 4347 2150 4397 et
2179 4341 2482 4404 baccham,
2514 4339 2819 4394 Tarasium
2837 4353 2971 4392 vero
3018 4337 3281 4392 nobilem
3303 4338 3364 4392 in
3385 4337 3748 4408 patriarcha-

2089 4447 2221 4485 rum
2254 4428 2842 4493 numero,Taraxium
2868 4426 3038 4498 quasi
3065 4425 3451 4496 turbatorem,
3475 4425 3748 4480 denomi-

2092 4520 2291 4576 nabat.
2317 4519 2585 4574 Celerem
2620 4534 2857 4589 quoque
2912 4516 3146 4588 imperii
3192 4521 3249 4571 et
3304 4517 3439 4570 vitae
3472 4515 3748 4571 amissio-

2091 4627 2228 4665 nem
2261 4610 2409 4667 855
2447 4608 2626 4663 Leoni
2675 4607 2914 4675 minari,
2975 4605 3090 4661 nisi
3142 4605 3585 4677 quamprimum
3635 4603 3749 4659 sibi

323 4691 352 4746 6
412 4691 756 4768 παμμίαρος.
819 4691 1064 4750 Ἠπείλει
1125 4692 1182 4749 δὲ
1259 4695 1350 4749 καὶ
1427 4699 1651 4770 ταχεῖαν
1711 4689 1978 4750 ἔκπτωσιν

358 4778 1480 4797 ..ηκ,-η,.....,..
1902 4785 1915 4797 .

2092 4716 2309 4772 parens
2342 4715 2541 4754 sacras
2591 4697 2877 4769 dejiceret
2931 4696 3244 4767 imagines.
3294 4697 3623 4768 Imperator
3679 4695 3754 4750 iis

319 4786 424 4850 τῆς
465 4778 746 4854 βασιλείας
775 4785 856 4854 τῷ
890 4783 1107 4856 βασιλεῖ
1138 4783 1228 4838 καὶ
1269 4787 1366 4838 τοῦ
1428 4781 1550 4859 βίου
1580 4785 1978 4863 καταστροφὴν,

321 4865 369 4921 εἰ
405 4868 483 4940 μή
512 4872 702 4931 θᾶττον
761 4873 880 4935 τοῖς
915 4871 1082 4926 αὐτοῦ
1137 4870 1328 4946 λόγοις
1386 4871 1622 4934 πεισθεὶς
1678 4874 1774 4936 τὰς
1829 4871 1976 4937 θείας

321 4955 706 5034 καταστρέψειε
736 4957 1168 5038 στηλογραφίας.
1233 4961 1528 5035 Δεξάμενος
1584 4959 1641 5016 δὲ
1695 4962 1763 5016 τὰ
1802 4964 1978 5038 γράμ-

329 5068 472 5119 ματα
566 5049 594 5103 ὁ
653 5049 1027 5126 αὐτοκράτωρ,
1087 5053 1178 5108 καὶ
1235 5055 1380 5126 παρὰ
1438 5057 1536 5108 τοῦ
1621 5051 1854 5128 ἀγγέλου
1921 5049 1979 5106 δὶ

328 5139 517 5211 μαθὼν
548 5139 645 5195 ὅσα
667 5161 724 5195 τε
755 5141 783 5195 6
816 5143 1058 5222 μοναχὸς
1088 5143 1207 5199 εἶπε
1252 5145 1342 5198 καὶ
1396 5144 1494 5198 ὃσα
1535 5142 1694 5205 αὐτὸς
1752 5142 1976 5212 ἤκουσε,

321 5229 417 5283 καὶ
446 5234 694 5306 ταραχῆς
726 5230 1012 5294 ἀνάπλεως
1041 5231 1309 5309 γεγονὼς,
1370 5231 1633 5289 Θεόδοτον
1704 5234 1978 5308 μετεπέμ-

323 5324 463 5394 ψατο
496 5321 587 5376 τὸν
619 5321 966 5393 Μελισσηνόν
1024 5322 1114 5378 καὶ
1171 5323 1294 5398 περὶ
1350 5327 1452 5378 τοῦ
1509 5322 1822 5397 πέμματός
1882 5323 1979 5378 ἀν-

319 5415 600 5468 εκοινοῦτο
630 5412 698 5466 τὰ
728 5411 982 5482 ποιητέα.
1037 5414 1097 5471 Ὀ
1150 5410 1208 5468 δὲ
1258 5413 1349 5469 καὶ
1399 5412 1571 5469 πάλαι
1626 5416 1694 5487 τῇ
1752 5413 1978 5489 τοιαύτῃ

316 5501 522 5576 αἱρέσει
595 5502 1038 5579 κατεσχημένος,
1097 5504 1188 5559 καὶ
1239 5503 1427 5580 καιρὸν
1497 5507 1676 5574 ζητῶν
1762 5502 1977 5580 παρρη-

2092 4789 2308 4844 litteris
2339 4788 2621 4859 acceptis,
2653 4803 2786 4842 cum
2811 4802 2882 4840 ex
2925 4787 3115 4858 legato
3165 4786 3564 4842 intellexisset
3620 4801 3752 4856 quae

2093 4898 2160 4936 ex
2192 4879 2482 4934 monacho
2514 4876 3076 4945 audivisset,animo
3107 4876 3396 4947 majorem
3416 4877 3476 4931 in
3507 4875 3752 4931 modum

2088 4967 2432 5041 perturbato
2480 4965 2850 5021 Theodotum
2909 4965 3290 5020 Melissenum
3342 4964 3416 5020 ad
3467 4982 3527 5020 se
3560 4969 3750 5032 vocat,

2091 5073 2343 5128 cumque
2378 5071 2444 5110 eo
2477 5053 2620 5125 quid
2662 5052 2960 5126 agendum
3015 5054 3091 5108 sit
3148 5053 3458 5108 deliberat.
3492 5056 3564 5108 At
3614 5069 3752 5108 vero

2089 5147 2427 5203 Theodotus
2452 5144 2818 5216 jampridem
2851 5143 3062 5198 haeresi
3097 5142 3212 5198 ista
3270 5142 3547 5210 infectus,
3579 5158 3748 5197 occa-

2091 5237 2442 5307 sionemque
2456 5234 2652 5307 palam
2668 5233 3030 5305 impietatem
3043 5231 3361 5303 profitendi
3375 5230 3754 5302 praestolatus

2091 5328 2203 5382 hoc
2226 5324 2464 5382 consilii
2496 5324 2600 5380 dat
2639 5322 3004 5393 imperatori,
3042 5321 3104 5376 in
3161 5320 3489 5393 Dagistensi
3543 5336 3755 5377 mona-

2091 5417 2272 5472 sterio
2296 5415 2510 5487 degere
2536 5413 2892 5469 monachum
2914 5410 3235 5482 quemdam
3253 5408 3554 5465 mirabilia
3570 5409 3752 5468 eden-

2089 5511 2210 5562 tem
2241 5504 2508 5561 facinora
2533 5519 2545 5558 :
2563 5518 2697 5559 cum
2714 5501 2826 5556 hoc
2857 5516 2981 5556 rem
2999 5499 3556 5555 communicandam
3570 5501 3720 5572 ,ejus
3736 5528 3761 5543 -

1495 5599 1861 5654 XYLANDRI
1899 5599 1988 5655 ET
2029 5598 2245 5655 GOARI
2286 5595 2509 5652 NOTAE.

387 5688 446 5763 (_5
466 5686 505 5763 χ)
536 5687 714 5763 Cellae
745 5691 1086 5763 Graecorum
1116 5690 1549 5763 monachorum
1573 5695 1712 5746 sunt
1742 5690 1979 5763 tuguria

315 5760 434 5816 sibi
465 5759 722 5818 invicem
747 5761 981 5832 juncta,
1013 5763 1172 5819 circa
1201 5761 1463 5820 mediam
1494 5763 1786 5832 arcam,in
1814 5759 1990 5836 cujus

603 5861 877 5928 PA‘I'IOL.
925 5864 1038 5928 Gn.
1085 5863 1295 5928 CXXI.

2087 5690 2305 5744 iterum
2337 5683 2675 5742 meditullio
2709 5689 2799 5739 est
2855 5682 3128 5740 ecclesia.
3191 5683 3497 5738 Demortui
3549 5683 3749 5754 itaque

2100 5760 2348 5817 alterius
2379 5757 2592 5814 cellam
2624 5757 2720 5811 hic
2752 5755 3098 5828 occupabat.
3131 5755 3305 5812 Gem.

3511 5856 3592 5918 30
