4112 6442
349 422 472 481 939

1671 412 1982 473 GEORGU
2029 413 2382 481 CEDRENI

3659 424 3781 486 940

354 568 481 623 que
514 551 826 607 sententiae
886 547 1437 621 obtemperandum.
1490 546 1624 600 Haac
1662 562 1797 600 cum
1820 545 2010 599 Leone

2126 546 2412 612 σιάσασθαι
2441 549 2543 618 τὴν
2572 528 2845 618 ἀσέϐειαν,
2907 551 3198 623 ὑποτίθησι
3253 557 3333 625 τῷ
3404 551 3621 629 βασιλεῖ
3664 576 3780 610 τοι-

358 641 595 696 locutus
627 642 823 697 statim
858 640 928 696 ab
962 642 1071 695 hoc
1097 639 1168 693 ad
1199 636 1558 692 monachum
1592 652 1727 689 eum
1760 651 1821 689 se
1871 651 2015 689 con-

348 732 490 796 fert,
524 731 865 801 indicatque
900 730 1316 799 imperatorem
1350 726 1445 779 vili
1474 725 1682 779 habitu
1712 725 1785 779 ad
1818 724 2015 795 ipsum

353 821 627 892 proxima
660 824 830 874 nocte
864 824 1198 883 venturum,
1229 822 1286 869 et
1334 816 1404 869 de
1454 814 1742 886 religione
1775 812 2016 869 consul-

358 916 557 965 turum
595 908 843 978 aliisque
893 905 1255 979 gravissimis
1289 904 1562 976 negotiis.
1600 903 1858 957 Proinde
1889 919 2014 957 me-

356 1000 630 1055 minisset
656 999 709 1051 ei
730 995 1337 1069 praesentemimperii
1363 996 1611 1065 vitaeque
1632 993 2016 1049 amissionem

356 1088 732 1154 denuntiare,
766 1087 878 1141 nisi
911 1086 1067 1141 ultro
1114 1085 1326 1140 Leonis
1394 1084 1582 1140 Isauri
1639 1082 2016 1154 imperatoris

358 1177 664 1233 decretum
697 1176 1065 1246 amplectens
1098 1174 1258 1230 idola
1312 1174 1417 1244 (sic
1474 1189 1672 1229 sacras
1728 1171 2018 1243 imagines

353 1266 710 1338 appellabat)
764 1266 981 1320 divinis
1034 1264 1261 1320 aedibus
1336 1263 1722 1319 exturbaret:
1765 1262 1859 1317 sin
1907 1261 2019 1316 hoc

350 1355 766 1423 fecissetgfore
798 1354 1271 1410 dominationem
1306 1353 1603 1423 vitamque
1626 1350 1753 1422 ejus
1786 1349 2015 1405 diutur-

350 1461 488 1500 nam
517 1451 694 1515 atque
718 1445 972 1500 felicem.
1002 1446 1122 1499 Hoc
1153 1443 1328 1498 modo
1354 1443 1675 1497 subornato
1698 1440 2015 1497 monacho.

363 1540 420 1590 et
451 1551 580 1604 qua)
615 1551 750 1589 cum
809 1535 1135 1604 imperator
1192 1532 1355 1602 loqui
1406 1531 1650 1585 deberet
1703 1530 2015 1596 instructo,

360 1624 527 1679 abiit.
560 1624 742 1678 Paulo
802 1629 935 1695 post
976 1628 1153 1678 noctu
1214 1623 1633 1692 imperatorem
1661 1619 1758 1673 vili
1810 1619 2018 1674 habitu

353 1716 615 1771 velatum
680 1715 753 1769 ad
808 1714 1168 1769 monachum
1217 1712 1475 1767 adducit.
1563 1711 1649 1765 lbi
1692 1710 1846 1765 856
1888 1710 2018 1780 jam

355 1806 505 1860 inito
538 1804 858 1874 colloquio,
893 1802 1221 1857 monachus
1252 1801 1521 1871 proxime
1581 1800 1654 1854 ad
1696 1800 2015 1870 imperato-

2126 633 2250 692 άνδε
2306 638 2423 693 τινὰ
2480 634 2825 712 συμϐουλήν.
2883 642 3151 720 Μοναχόν
3205 663 3328 697 τινα
3393 645 3570 721 φήσας
3640 644 3783 700 εἶναι

2122 721 2291 802 ἔργων
2330 726 2650 803 παραδόξων
2697 729 3066 810 δημιουργὸν,
3128 731 3222 795 τὰς
3282 733 3525 804 οἰκήσεις
3579 734 3776 791 ποιού-

2128 838 2286 891 μενον
2316 818 2420 874 άνὰ
2447 821 2538 874 τὸν
2598 821 2879 894 Δαγιστέα,
2914 846 2942 875 ‹‹
3001 822 3189 894 Τούτῳ
3243 818 3345 893 δεῖ,
3406 823 3562 900 φησὶ,
3606 844 3776 900 προσ-

2123 909 2407 971 αναθέσθαι
2436 911 2538 979 τήν
2570 911 2782 985 πρᾶξιν,
2814 911 2904 967 καὶ
2936 910 3069 987 ὅπερ
3108 909 3170 967 ἄν
3228 911 3432 975 ἐκεῖνος
3493 913 3776 985 ὑπόθοιτο,

2123 1003 2284 1054 τοῦτο
2317 997 2401 1055 δεῖ
2427 1000 2517 1055 καὶ
2548 1009 2801 1070 ποιῆσαι.
2861 1028 2881 1055 ι
2947 1004 3042 1060 Καὶ
3101 1007 3270 1059 ταῦτα
3321 1004 3416 1076 μὲν
3473 1005 3590 1060 εἶπε
3638 1006 3777 1081 πρὸς

2122 1088 2216 1143 τὸν
2254 1088 2503 1164 βασιλέα,
2536 1089 2736 1146 ἐκεῖθεν
2770 1089 2828 1147 δὲ
2858 1090 3087 1162 ἐξελθὼν
3127 1090 3314 1148 ἃπεισε
3368 1094 3584 1168 ταχέως
3638 1096 3777 1170 πρὸς

2121 1180 2213 1233 τὸν
2251 1179 2574 1250 μονάζοντα,
2607 1180 2697 1235 καί
2729 1202 2864 1260 φησι
2894 1182 3032 1257 πρὸς
3061 1181 3243 1251 αὐτὸν,
3269 1182 3346 1245 ὡς
3379 1206 3409 1235 ‹‹
3439 1184 3523 1259 Τῇ
3555 1181 3779 1258 ἐπιούσῃ

2122 1269 2275 1324 νυκτὶ
2298 1267 2574 1325 ἐλεύσεταί
2601 1291 2689 1325 σοι
2749 1271 2778 1326 ὁ
2839 1270 3098 1345 βασιλεὺς
3144 1269 3196 1326 ἐν
3257 1270 3470 1328 εὐτελεῖ
3519 1276 3588 1347 τῇ
3619 1293 3777 1348 περι-

2123 1352 2291 1432 ϐολῇ,
2325 1356 2618 1431 ἐρωτήσων
2649 1361 2772 1435 περὶ
2804 1366 2906 1430 τῆς
2961 1359 3198 1424 πίστεως
3253 1361 3345 1417 καὶ
3396 1359 3584 1417 ἄλλων
3613 1362 3780 1437 ἀναγ-

2122 1447 2425 1503 καιοτάτων
2482 1449 2839 1524 πραγμάτων.
2930 1448 3005 1504 Σὺ
3064 1447 3122 1505 δὲ
3168 1448 3314 1506 ἀλλᾶ
3375 1449 3626 1524 μέμνησο
3680 1472 3780 1506 τα-

2124 1540 2277 1613 χεῖάν
2337 1560 2397 1594 τε
2451 1542 2552 1593 τοῦ
2614 1539 2737 1615 βίου
2793 1541 3170 1618 καταστροφὴν
3204 1541 3295 1596 καί
3350 1548 3453 1611 τῆς
3503 1540 3781 1618 βασιλείας

2124 1622 2391 1683 ἔκπτωσιν
2423 1627 2722 1697 ἀπειλῆσαι
2750 1629 2923 1702 αὐτῷ,
2951 1630 2997 1685 εἰ
3031 1633 3110 1703 μή
3143 1631 3281 1686 ἑκών
3334 1652 3396 1707 γε
3427 1632 3639 1706 αἱροῖτο
3696 1636 3777 1705 τῷ

2120 1722 2220 1772 τοῦ
2247 1716 2513 1793 βασιλέως
2547 1719 2777 1780 Λέοντος
2818 1723 2920 1774 τοῦ
2987 1718 3037 1789 ἐξ
3087 1719 3356 1797 Ἰσαυρίας
3415 1723 3779 1797 προστεθῆναι

2126 1804 2356 1880 δόγματι
2387 1806 2478 1862 καὶ
2521 1808 2590 1861 τὰ
2637 1805 2844 1863 εἴδωλα
2900 1813 3009 1864 τῶν
3066 1809 3223 1865 θείων
3286 1815 3469 1881 σηκῶν
3538 1809 3778 1886 ἐξορίσαι

352 1912 481 1949 rem
505 1894 816 1961 assistens,
844 1892 1019 1946 veluti
1048 1891 1148 1962 qui
1171 1890 1369 1946 divino
1420 1889 1709 1944 instinctu
1759 1887 2014 1958 impera-

2127 1897 2244 1969 (τὰς
2277 1895 2422 1957 Θείας
2455 1896 2665 1958 εἰκόνας
2727 1898 2873 1953 οὕτω
2912 1897 3189 1970 καλέσας),
3245 1898 3670 1976 επαγγείλασθαί
3724 1922 3783 1957 τε

354 1984 569 2037 toriam
616 1983 991 2055 majestatem
1059 1981 1267 2035 adesse
1313 1979 1608 2034 sentiret:
1646 1979 1770 2032 Non
1829 1981 2012 2043 recte,

355 2073 569 2143 inquit,
604 2071 708 2127 abs
762 2077 819 2125 te
876 2071 1099 2125 factum
1152 2075 1260 2139 est,
1295 2069 1639 2139 imperator,
1687 2065 1846 2136 quod
1902 2081 2014 2120 nos

355 2160 567 2235 privati
623 2161 831 2216 habitu
889 2159 1196 2230 decepisti,
1254 2160 1414 2213 intus
1485 2156 1793 2212 occultans
1850 2159 2014 2209 tuam

359 2267 699 2322 personam.
736 2250 850 2304 Sed
880 2264 1221 2321 quanquam
1252 2253 1311 2301 tu
1354 2247 1465 2302 hoc
1494 2247 1639 2317 agis,
1672 2262 1781 2300 nos
1815 2249 2014 2299 tamen

363 2342 556 2414 gratia
585 2340 766 2396 divini
798 2339 1048 2410 Spiritus
1080 2354 1197 2392 non
1253 2336 1476 2391 diutius
1536 2341 1627 2390 est
1673 2350 1847 2406 passa
1878 2351 1912 2389 a
1959 2339 2015 2388 te

362 2432 511 2486 falli.
548 2432 665 2486 Hoc
695 2436 762 2485 ut
791 2430 977 2484 audiit
998 2429 1342 2499 imperator,
1376 2442 1557 2498 seque
1588 2425 1809 2480 frustra
1838 2439 2014 2479 cona-

360 2528 487 2577 tum
518 2522 617 2575 vili
660 2521 863 2575 habitu
922 2518 1365 2589 imperatoriam
1424 2515 1770 2588 dignitatem
1820 2514 2015 2570 celare

357 2611 606 2683 putavit,
638 2610 907 2665 animum
941 2608 1250 2680 perculsus
1282 2611 1391 2673 est,
1446 2612 1512 2660 ut
1551 2622 1659 2677 par
1683 2609 1810 2659 erat
1844 2604 2015 2658 istius

356 2702 820 2757 machinationis
878 2700 1149 2771 ignarum
1178 2714 1193 2765 ς
1234 2696 1717 2766 monachumque
1748 2694 2015 2749 divinum

352 2795 665 2850 hominem
699 2809 831 2848 esse
863 2791 1076 2858 fassus,
1111 2792 1404 2862 imperata
1454 2788 1527 2844 ab
1559 2805 1627 2844 eo
1669 2787 2018 2843 obedienter

358 2889 417 2939 et
463 2885 591 2938 sine
651 2898 819 2938 mora
879 2898 940 2937 se
990 2881 1283 2936 facturum
1336 2878 1651 2951 promittit,
1710 2884 1886 2948 atque
1936 2877 2017 2931 ita

356 2975 783 3032 venerabilium
809 2974 1136 3045 imaginum
1157 2972 1229 3028 ab
1263 2990 1331 3027 eo
1354 2971 1697 3027 mandatam
1729 2969 2015 3043 dejectio-

359 3083 498 3121 nem
532 3083 637 3121 suo
670 3064 949 3135 suffragio
981 3063 1211 3134 probat.
1273 3062 1574 3133 Principio
1606 3060 1822 3115 deinde
1857 3059 2014 3130 cogi-

357 3155 501 3210 tavit
561 3172 676 3225 quo
735 3158 905 3224 pacto
966 3151 1260 3223 promissa
1317 3150 1546 3205 occulte
1596 3149 1890 3221 impleret,
1941 3164 2015 3203 ne

2116 1989 2213 2042 τοῦ
2244 1986 2536 2061 εἰρημένου
2571 1986 2697 2061 βίου
2725 1989 3002 2061 γενομένῳ
3034 1992 3181 2058 ζωῆς
3209 2009 3267 2045 τε
3321 1990 3531 2066 μακρὰν
3590 1991 3782 2067 βιοτὴν

2118 2071 2207 2127 καὶ
2239 2073 2340 2140 τῆς
2374 2071 2656 2145 βασιλείας
2697 2068 3025 2149 κυϐέρνησιν
3078 2075 3287 2151 εὐτυχῆ
3344 2096 3404 2130 τε
3452 2077 3544 2131 καί
3601 2074 3781 2133 πολυ-

2118 2160 2427 2239 χρόνιον.»
2455 2162 2613 2219 Οὕτω
2660 2160 3092 2240 παιδαγωγήσας
3146 2164 3241 2220 τὸν
3285 2167 3555 2240 μοναχὸν,
3610 2166 3701 2222 καὶ
3748 2168 3781 2222 ἃ

2122 2248 2316 2321 μέλλει
2350 2250 2530 2325 λέγειν
2558 2249 2611 2313 ἐς
2663 2249 2891 2327 βασιλέα
2939 2250 3257 2324 παιδεύσας,
3308 2252 3573 2312 ἐπάνεισι.
3631 2255 3777 2312 Μετὰ

2122 2339 2317 2413 μικρὸν
2351 2336 2408 2394 δὲ
2435 2340 2523 2396 καὶ
2592 2340 2683 2396 τὸν
2755 2340 2982 2417 βασιλέα
3044 2343 3235 2406 νυκτὸς
3285 2341 3339 2398 ἐν
3395 2348 3634 2416 ταπεινῷ
3689 2350 3770 2418 τῷ

2120 2428 2367 2501 σχήματι
2399 2424 2851 2504 προσλαϐόμενος
2880 2425 3100 2507 ἔρχεται
3156 2432 3294 2508 πρὸς
3348 2432 3443 2487 τὸν
3503 2434 3766 2509 μοναχὸν,

2118 2518 2209 2574 καὶ
2237 2525 2338 2588 τῆς
2382 2515 2669 2590 διαλέξεως
2717 2517 2826 2588 ἤδη
2887 2515 3280 2595 λαμϐανούσης
3314 2522 3495 2601 ἀρχὴν
3547 2516 3773 2597 ἔγχιστα

2118 2607 2209 2664 τὸν
2252 2606 2479 2684 βασιλέα
2542 2609 3027 2685 παραστησάμενος
3087 2611 3115 2666 ὁ
3173 2611 3420 2686 μοναχὸς
3476 2612 3551 2675 ὡς
3626 2614 3773 2688 τάχα

2119 2698 2483 2774 προεγνωκὼς
2515 2697 2574 2753 ἐκ
2628 2700 2773 2764 θείας
2821 2698 3106 2763 ἐπιπνοίας
3163 2700 3227 2756 τὸ
3289 2699 3573 2777 βασιλικὸν
3610 2701 3775 2773 ἀξίω-

2124 2808 2219 2862 μα·
2262 2809 2283 2837 α
2316 2787 2427 2842 Οὐκ
2466 2785 2692 2863 εὔλογα,
2724 2787 2852 2865 ἔφη,
2890 2795 3089 2861 ποιεῖς,
3145 2791 3191 2844 ὦ
3256 2789 3500 2866 βασιλεῖ’),
3534 2795 3621 2866 [Ρ.
3647 2793 3776 2865 489]

2120 2876 2628 2953 παραλογιζόμενος
2671 2879 2817 2950 ἡμᾶς
2867 2879 2938 2951 τῇ
2999 2876 3249 2954 ἰδιωτικῇ
3308 2879 3625 2955 ἀμπεχόνῃ,
3684 2880 3776 2935 καὶ

2118 2966 2210 3022 τὸν
2246 2963 2396 3023 ἔνδον
2430 2966 2598 3037 αὐτῆς
2644 2967 3020 3041 κρυπτόμενον
3076 2966 3461 3025 ἐπικαλύπτων
3525 2966 3774 3045 βασιλέα.

2124 3054 2282 3111 Ἀλλ’
2316 3055 2362 3110 εἰ
2389 3056 2481 3111 καὶ
2515 3056 2577 3111 σὺ
2612 3057 2706 3131 μὲν
2740 3055 2938 3125 οὕτως,
2974 3055 3102 3113 ἀλλ’
3159 3060 3194 3128 ἡ
3249 3062 3347 3115 τοῦ
3403 3058 3546 3114 θείου
3609 3055 3773 3112 Ηνεύ-

2125 3166 2292 3219 ματος
2324 3146 2486 3221 χάρις
2516 3148 2666 3220 ἡμᾶς
2699 3146 2798 3201 οὐκ
2826 3144 3000 3202 εἰάσεν
3052 3146 3140 3202 ἐπὶ
3206 3145 3373 3203 πλέον
3433 3148 3574 3203 οὕτω
3602 3166 3769 3202 κατα-

359 3258 537 3311 quam
569 3259 639 3297 ea
662 3258 754 3294 res
785 3239 845 3293 in
878 3238 1145 3293 Ecclesia
1174 3238 1456 3293 excitaret
1488 3236 1864 3292 seditionem.
1900 3233 2012 3290 Sed

2126 3237 2434 3313 σοφίζεσθαι
2469 3236 2572 3291 ὑπὸ
2603 3240 2719 3292 σοῦ.
2754 3260 2782 3289 ››
2814 3238 2989 3294 Τοῦτο
3021 3237 3097 3300 ὡς
3151 3234 3378 3306 ἤκουσεν
3436 3239 3466 3292 ὁ
3499 3235 3774 3308 βασιλεὺς,

357 3338 493 3403 post
521 3331 753 3403 publice
777 3346 1012 3401 quoque
1046 3328 1349 3383 decretum
1384 3343 1454 3382 ea
1484 3325 1555 3381 de
1587 3343 1649 3380 re
1681 3324 2013 3397 proposuit,

356 3421 704 3494 proceribus
736 3425 794 3475 et
833 3418 1252 3473 ecclesiasticis
1311 3416 1527 3487 partim
1584 3415 1738 3470 ultro
1797 3415 2013 3486 partim

359 3516 566 3566 contra
586 3511 923 3565 animorum
958 3523 1201 3561 suorum
1220 3505 1580 3561 sententiam
1605 3504 2015 3575 obtemperan-

358 3600 815 3671 tibus.Magnum
839 3613 1077 3667 quoque
1093 3601 1151 3651 et
1164 3596 1319 3651 inter
1336 3594 1702 3665 patriarchas
1720 3593 2017 3648 celebrem

361 3688 757 3759 Nicephorum
790 3702 998 3757 cogere
1032 3684 1213 3740 voluit
1245 3690 1308 3739 ut
1340 3684 1529 3738 edicto
1562 3683 1613 3736 ei
1676 3682 2016 3738 subscribe-

358 3784 471 3846 ret,
505 3776 788 3846 nulloque
826 3775 997 3829 modo
1041 3780 1350 3845 parentem
1395 3775 1839 3827 Proconnesum
1872 3772 2019 3827 rele-

359 3868 534 3942 gavit.
564 3866 745 3920 Multo
777 3869 915 3920 ante
950 3866 997 3919 is
1030 3864 1238 3919 Leonis
1295 3863 1744 3934 perversitatem
1765 3877 2021 3933 praesen.

374 3954 633 4021 serat,ab
654 3970 840 4023 eoque
872 3969 967 4007 res
986 3952 1263 4007 Ecclesiae
1283 3951 1563 4023 agitatum
1603 3950 2021 4020 turbatumque

360 4045 615 4107 Viri.l\’am
642 4060 757 4113 quo
785 4049 1051 4113 tempore
1075 4041 1349 4096 diadema
1377 4040 1553 4111 capiti
1573 4039 2020 4110 ejusimposuit,

364 4135 522 4189 visus
554 4134 702 4190 857
771 4133 881 4188 sibi
934 4133 1128 4186 fuerat
1178 4130 1367 4201 spinis
1417 4147 1484 4184 ac
1512 4128 1748 4184 tribulis
1778 4144 2022 4183 manum

368 4223 711 4295 compungi.
738 4221 915 4292 idque
944 4238 1119 4275 omen
1144 4236 1347 4274 eorum
1375 4236 1505 4290 qua:
1519 4224 1722 4289 postea
1741 4224 2027 4272 eventura

364 4310 890 4367 essentmalorum
927 4311 1353 4380 interpretatus
1400 4308 1614 4362 fuerat.
1656 4308 1796 4362 Cum
1826 4312 2023 4362 autem

360 4406 803 4458 Proconnesum
856 4400 1196 4464 abduceret,
1256 4398 1643 4468 Theophanes
1695 4396 2021 4458 confessor,

362 4490 927 4560 monasteriimagni
952 4490 1088 4554 Agri
1115 4488 1449 4558 prmfectus,
1476 4503 1607 4541 eum
1632 4487 1861 4558 navigio
1881 4503 2026 4556 pra)-

363 4583 587 4637 tervehi
608 4581 807 4635 divino
829 4580 1113 4634 instinctu
1127 4579 1545 4643 sentiens,cum
1560 4577 1617 4632 in
1638 4583 1801 4647 parte
1819 4576 2025 4648 pra'dii

361 4671 619 4742 quadam
644 4671 770 4741 ipse
792 4675 1011 4739 ageret,
1031 4668 1236 4722 sufﬁtu
1259 4672 1316 4722 et
1337 4666 1523 4721 cereis
1547 4672 1894 4737 prosecutus
1916 4671 2025 4723 est.

362 4758 475 4814 Sed
508 4763 563 4812 et
593 4758 959 4827 Nicephorus
980 4757 1226 4811 intentis
1248 4755 1525 4810 manibus
1553 4755 1809 4809 vicissim
1836 4754 2017 4810 Theo-

361 4849 621 4921 phanem
652 4845 1243 4915 salutavit,flexisque
1265 4844 1513 4916 genibus
1529 4834 1759 4898 summe
1780 4859 2020 4898 venera-

362 4944 456 4991 tus
481 4935 955 5003 benedixit,cum
990 4934 1231 5005 quidem
1263 4938 1476 4987 neuter
1498 4934 1749 4988 alterum
1774 4932 2019 5001 videret,

362 5028 465 5083 sed
500 5027 626 5081 acie
660 5025 905 5097 spiritus
940 5029 1143 5079 mutuo
1167 5040 1294 5079 sese
1313 5028 1627 5078 cernentes
1661 5023 1903 5095 dignum
1926 5023 2019 5077 in-

364 5118 552 5171 vicem
596 5116 884 5171 honorem
914 5113 1332 5168 exhibuerunt.
1366 5114 1435 5165 Et
1464 5129 1599 5166 cum
1630 5110 1874 5181 quidam
1904 5128 2024 5167 una

360 5207 764 5278 navigantium
793 5210 1441 5276 quaereretquemmam
1461 5203 1543 5258 ita
1565 5203 1915 5258 manibusin
1931 5219 2025 5259 suo

360 5298 544 5353 blime
569 5296 808 5352 elevatis
833 5296 1172 5361 salutaret,«
1195 5294 1668 5360 Sanctissimum,
1694 5294 2021 5365 respondit,

360 5388 779 5457 TheOphanem
806 5387 1208 5439 confessorem
1229 5389 1286 5438 et
1326 5382 1461 5455 Agri
1491 5382 1897 5453 praepositum,
1922 5385 2025 5455 qui

362 5495 470 5532 nos
494 5476 718 5531 facibus
743 5481 801 5529 et
821 5476 953 5530 sufﬁ
966 5482 1024 5530 tu
1047 5474 1537 5544 excepit.<«l\'eque
1558 5472 1744 5527 multo
1761 5478 1893 5543 post
1911 5475 2027 5529 exi-

366 5569 460 5619 tus
484 5580 679 5619 veram
728 5564 1039 5633 Nicephori
1074 5563 1522 5633 praedictionem
1568 5562 1847 5616 ostendit.
1883 5564 2028 5619 Nam

365 5668 503 5706 mox
526 5668 661 5706 cum
694 5651 898 5707 multis
924 5653 1056 5707 aliis
1078 5653 1468 5723 Theophanes
1500 5668 1736 5722 quoque
1768 5652 2031 5710 Ecclesia

374 5740 602 5810 ejectus
657 5738 1031 5810 inﬁnitisque
1088 5746 1329 5796 vexatus
1388 5740 1581 5796 modis
1632 5741 2026 5799 confessionis

2122 3325 2211 3380 καὶ
2244 3325 2319 3387 ὡς
2353 3324 2451 3381 οὐκ
2482 3324 2668 3380 ἔλαθεν
2707 3325 2757 3378 ἐν
2815 3324 3024 3380 εὐτελεῖ
3080 3328 3441 3401 προσχήματι
3496 3326 3559 3381 τὸ
3622 3326 3776 3400 βασι.

2123 3413 2275 3471 λικὸν
2300 3412 2555 3489 κρύπτων
2585 3414 2820 3485 ἀξίωμα,
2886 3411 3206 3488 κατεπλάγη
3265 3434 3343 3485 τε,
3404 3414 3479 3476 ὡς
3508 3417 3574 3484 ἦν
3610 3413 3779 3485 εἰκὸς,

2121 3504 2213 3559 τὸν
2241 3504 2303 3559 τὸ
2335 3503 2664 3576 σκαιώρημα
2688 3502 3001 3575 ἀγνοοῦντα,
3029 3502 3119 3558 καὶ
3152 3501 3243 3557 τόν
3299 3523 3359 3558 τε
3393 3502 3640 3579 μοναχὸν
3700 3502 3778 3566 ὡς

2126 3598 2267 3657 θεῖον
2324 3590 2492 3668 ἄνδρα
2545 3590 2826 3668 ἐγνώρισε,
2878 3592 2969 3647 καὶ
3025 3592 3093 3647 τὰ
3172 3591 3620 3666 προσταττόμενα
3669 3611 3780 3669 παρ

2125 3682 2289 3737 αὐτοῦ
2318 3680 2582 3745 εὐπειθῶς
2613 3680 2704 3735 καὶ
2767 3682 2902 3754 μετὰ
2948 3680 3260 3756 ταχύτητος
3324 3684 3574 3753 ποιήσειν
3604 3680 3783 3758 ἐπήγ-

2125 3771 2311 3847 γελτο,
2344 3770 2432 3825 καὶ
2478 3775 2585 3825 τῶν
2643 3765 2954 3844 σεϐασμίων
3007 3770 3229 3827 εἰκόνων
3284 3770 3610 3850 ἐπιψηφίζει
3662 3773 3781 3827 καθ’

2128 3862 2354 3936 αίρεσιν.
2391 3860 2489 3914 Καὶ
2528 3859 2793 3934 πρότερον
2832 3860 2924 3933 μὲν
2981 3860 3034 3916 ἐν
3092 3866 3173 3934 τῷ
3231 3859 3496 3932 λεληθότι
3557 3858 3783 3917 διεσκο-

2128 3950 2283 4005 πεῖτο
2310 3953 2428 4011 πῶς
2469 3947 2529 4004 ἄν
2589 3949 2768 4005 αὐτῶν
2818 3949 3108 4023 ἐκτελεσθῇ
3166 3951 3229 4005 τὸ
3288 3947 3632 4025 σπούδασμα,
3690 3952 3783 4006 καὶ

2131 4040 2210 4113 μὴ
2237 4060 2321 4101 τις
2353 4039 2537 4103 στάσις
2566 4038 2826 4114 ἀνεγερθῇ
2853 4039 2975 4113 περὶ
3017 4040 3120 4109 τὴν
3180 4037 3533 4111 Ἐκκλησίαν
3596 4037 3785 4096 ἔπειτα

2129 4130 2217 4185 καὶ
2249 4129 2325 4191 εἰς
2373 4128 2676 4208 τούμφανὶς
2735 4130 2798 4184 τὸ
2866 4125 3042 4205 δόγμα
3094 4128 3365 4204 ἐξήνεγκε,
3421 4129 3512 4185 καὶ
3559 4133 3667 4184 τῶν
3725 4125 3780 4184 ἐν

2127 4216 2272 4273 τέλει
2305 4218 2395 4273 καὶ
2425 4222 2533 4272 τῶν
2561 4216 3015 4288 τῆςῈκκλησίας
3065 4219 3115 4272 οἱ
3179 4220 3274 4293 μὶν
3328 4220 3544 4283 ἑκόντες
3605 4219 3656 4273 οἱ
3724 4214 3786 4274 δὶ

2130 4306 2348 4369 ἂκοντες
2438 4309 2743 4364 ύπὲκυπτον
2808 4313 2887 4381 τῷ
2962 4308 3359 4384 προστάγματι.
3417 4309 3786 4381 Ἠναγκάζετο

2134 4394 2191 4452 δὲ
2220 4397 2307 4452 καὶ
2339 4399 2367 4452 6
2404 4397 2573 4472 μέγας
2618 4395 2672 4452 ἐν
2723 4397 3093 4473 πατριάρχαις
3153 4394 3411 4471 ἀοίδιμος
3468 4396 3785 4475 Νικηφόρος

2132 4485 2184 4541 ἐν
2227 4490 2308 4558 τῷ
2360 4493 2457 4556 τῆς
2498 4485 2861 4561 καθαιρέσεως
2914 4491 3023 4542 τῶν
3077 4487 3241 4562 ἁγίων
3302 4486 3521 4542 εἰκόνων
3584 4486 3787 4555 ὑποση-

2060 4616 2104 4680 D
2139 4577 2410 4680 μήνασθαι
2450 4576 2627 4648 τόμῳ·
2680 4574 2736 4631 ὅν
2796 4573 3070 4650 μηδαμῶς
3125 4577 3566 4652 πειθαρχήσαντα
3624 4575 3787 4651 ὑπερ-

2140 4666 2288 4741 όριον
2319 4665 2421 4720 ἀνά
2448 4667 2545 4735 τὴν
2596 4666 2967 4737 Προικόνησον
3022 4666 3231 4738 τίθησι,
3284 4665 3458 4721 πάλαι
3488 4664 3791 4741 προαισθό-

2133 4777 2289 4831 μενον
2322 4757 2421 4825 τήν
2466 4759 2562 4811 τοῦ
2596 4756 2826 4820 Λέοντος
2883 4757 3290 4829 σκαιοτροπίαν,
3343 4756 3431 4812 καὶ
3488 4756 3566 4820 ὡς
3620 4755 3792 4824 κυκή,

2130 4865 2209 4900 σει
2241 4845 2402 4907 οὗτος
2432 4846 2524 4900 καὶ
2557 4845 2864 4921 συνταράξει
2918 4846 2986 4901 τὰ
3035 4853 3134 4916 τῆς
3192 4844 3551 4916 Ἐκκλησίας.
3596 4842 3792 4915 Ἔδοξε

2129 4935 2228 5008 γὰρ
2288 4939 2366 5007 τῷ
2431 4933 2699 5011 μακαρίτῃ
2762 4935 3086 5013 Νικηφόρῳ,
3136 4935 3373 5005 ὁπηνίκα
3417 4934 3482 4990 τὸ
3538 4930 3792 5006 διάδημα

2131 5022 2421 5098 περιετίθει
2478 5027 2547 5097 τῇ
2600 5028 2697 5079 τοῦ
2765 5026 2993 5087 Λέοντος
3062 5022 3301 5101 κεφαλῇ,
3381 5023 3642 5088 ἀκάνθαις
3696 5022 3791 5078 καὶ

2131 5106 2416 5187 τριϐόλοις
2455 5114 2555 5185 την
2613 5119 2777 5190 χεῖρα
2832 5116 3221 5189 περιπαρῆναι’
3283 5115 3580 5169 καὶτοῦτο
3640 5110 3790 5185 σύμ-

2136 5196 2304 5257 ϐολον
2336 5202 2427 5258 καὶ
2461 5202 2654 5258 οἰωνὸν
2722 5200 2871 5259 ἔθετο
2930 5207 3036 5258 τῶν
3094 5202 3230 5276 μετᾶ
3283 5207 3451 5259 ταῦτα
3508 5196 3793 5277 συμϐεϐη-

2133 5293 2310 5348 κότων
2342 5296 2547 5350 κακῶν.
2582 5290 2944 5368 Ἀπαγομὲνῳ
2976 5290 3033 5348 δὲ
3074 5297 3154 5365 τῷ
3213 5292 3443 5369 μεγάλῳ
3498 5292 3634 5367 πρὸς
3689 5292 3791 5361 τὴν

2138 5381 2429 5458 ὑπερορίαν
2462 5384 2489 5438 ὁ
2532 5380 2887 5459 ὁμολογητής
2945 5382 3223 5460 Θεοφάνης
3259 5385 3286 5439 6
3332 5390 3434 5453 τῆς
3463 5385 3560 5439 τοῦ
3615 5380 3796 5454 Μεγά-

2139 5468 2241 5527 λου
2322 5473 2515 5548 Ἀγροῦ
2606 5479 2778 5547 μονῆς
2845 5474 3291 5549 καθηγούμενος,
3349 5471 3668 5547 αἰσθόμενος
3744 5466 3797 5541 ἐξ

2139 5559 2422 5624 ἐπιπνοίας
2457 5564 2642 5629 Οεϊκῇς
2696 5563 2797 5631 τὴν
2858 5558 3125 5619 διέλευσιν
3179 5563 3399 5634 τούτου,
3454 5562 3572 5617 κατ’
3628 5562 3799 5635 ἄγρον

2137 5675 2258 5709 τινα
2286 5646 2667 5729 ἐνδιατρίϐων,
2700 5655 3007 5728 θυμιάμασι
3061 5654 3150 5709 καὶ
3204 5657 3400 5727 κηροῖς
3438 5649 3799 5727 προῦπεμπεν

2140 5742 2305 5799 αὐτὸν
2336 5742 2474 5817 μετὰ
2528 5748 2628 5814 τῆς
2686 5742 2814 5814 νηὸς
2873 5739 3102 5801 διιόντα.
3152 5742 3337 5806 Αύτος
3391 5737 3803 5817 τεὸπατριάρ-
