4112 6414
340 432 459 501 941
1501 428 2039 500 HlSTOltlARUM
2086 427 2630 490 COMPENDIUM.
3650 445 3773 506 952

344 580 458 639 χης
520 566 950 640 προσκυνήσεσιν
1003 564 1264 647 ἐσχάταις
1319 566 1589 639 ἐδεξιοῦτο
1653 567 1744 625 καὶ
1802 565 1999 623 ἐκτάσει

2125 578 2407 618 coronam
2438 563 2794 635 reportavit;
2827 581 3023 637 neque
3073 566 3128 622 ei
3174 568 3379 627 datum
3409 581 3499 630 est
3525 581 3778 648 patriar-

340 659 561 729 χειρῶν
614 655 706 710 καὶ
765 654 1050 734 εὐλογίαις
1108 657 1268 713 αὐτὸν
1326 659 1726 730 κατησπάζετο,
1761 658 1836 731 μή
1872 656 1999 720 Θεώ-

2120 655 2296 708 cham
2330 670 2506 725 porro
2539 653 2842 720 videre,ne
2863 655 2991 726 ejus
3013 656 3104 711 vel
3135 657 3324 716 hacin
3348 671 3515 733 parte
3541 667 3779 727 falleret

352 764 518 816 μενος
548 745 626 817 μή
659 746 953 819 θεώμενον,
1001 745 1148 801 ἀλλὰ
1202 753 1318 811 τοῖς
1374 753 1770 823 πνευματικοῖς
1800 744 1999 822 ὀφθαλ-

2121 743 2774 816 vaticinium.Relegato
2796 745 3125 816 Nicephoro
3149 748 3367 806 solium
3390 755 3783 827 archiepisco-

342 838 471 904 μοῖς
537 831 829 904 ἀλλήλους
892 832 1114 906 ἰδόντες,
1170 837 1261 891 καὶ
1325 838 1389 892 τὸ
1444 844 1727 914 προσῆκον
1784 835 1999 896 ’ἕκαστος

2119 830 2252 903 pale
2268 831 2505 903 indigne
2524 833 2871 888 conscendit
2885 835 3013 906 ipso
3027 837 3499 898 Resurrectionis
3518 845 3779 902 Domini-

343 919 557 995 ἑκάστῳ
629 922 1003 996 ἀπονέμοντες
1072 920 1254 988 σέϐας.
1331 932 1445 981 Τῶν
1508 924 1896 999 συμπλεόντων
1951 920 1999 978 δέ

2119 939 2200 976 cas
2232 922 2327 976 die
2361 921 2694 977 Theodotus
2725 924 3094 996 Melissenus,
3145 944 3323 998 quem
3356 937 3414 986 et
3440 933 3775 993 Cassiteran

343 1030 494 1073 τινος
553 1010 844 1085 εἰρηκότος
915 1018 996 1086 τῷ
1070 1015 1412 1090 πατριάρχῃ,
1474 1039 1502 1067 ‹‹
1562 1016 1706 1091 Πρὸς
1762 1015 1901 1082 τίνα,
1960 1012 1999 1066 ὦ

2118 1011 2345 1067 dictum
2378 1029 2558 1083 supra
2588 1014 2952 1069 monuimus.
2986 1017 3038 1071 Is
3089 1034 3156 1073 eo
3207 1027 3464 1089 evectus,
3497 1031 3554 1080 et
3585 1026 3774 1099 impe-

345 1097 612 1170 δέσποτα,
643 1101 738 1162 τὰς
785 1107 973 1178 χεῖρας
1032 1101 1200 1179 αἴρων
1260 1104 1335 1166 εἲς
1394 1102 1528 1179 ὕψος
1577 1106 1669 1160 τὸν
1719 1102 1999 1176 ἀσπασμὸν

2116 1101 2331 1155 ratoris
2382 1101 2709 1173 potentiam
2761 1103 2915 1160 858
2966 1105 3078 1161 sibi
3123 1108 3350 1166 habens
3402 1097 3769 1185 adjumento,

337 1190 533 1246 ianoiou
563 1209 576 1260 ;
601 1216 630 1243 »
666 1224 726 1235 με
748 1216 777 1245 ‹‹
812 1193 958 1266 Πρὸς
981 1194 1072 1249 τὸν
1094 1195 1414 1265 ὁσιώτατον,
1446 1191 1572 1272 ἔφη,
1603 1195 1693 1249 καὶ
1724 1192 1999 1268 ὁμολογη-

2115 1206 2234 1245 non
2261 1192 2388 1259 jam
2419 1192 2480 1245 in
2516 1191 2774 1247 tenebris
2805 1200 2863 1248 et
2893 1194 3120 1265 angulis
3153 1198 3256 1253 sed
3286 1201 3484 1271 palam
3515 1209 3573 1259 et
3593 1205 3771 1277 pleno

340 1280 446 1348 τήν
475 1280 775 1359 Θεοφάνην,
832 1282 925 1337 τὸν
954 1284 1275 1359 καθηγητὴν
1330 1288 1428 1338 τοῦ
1487 1285 1714 1359 Ἀγροῦ,
1749 1280 1999 1355 λαμπάσι

2114 1298 2217 1338 ore
2247 1279 2815 1353 imaginiperdarum
2843 1285 3240 1358 promulgavit
3268 1289 3565 1349 haaresim.

343 1368 440 1423 καί
474 1365 812 1443 θυμιάμασιν
846 1371 994 1442 ἡμᾶς
1053 1368 1414 1442 δεξιούμενον.
1448 1394 1478 1424 ››
1537 1370 1667 1428 Μετ’
1728 1368 1794 1424 οὐ
1843 1367 1988 1424 πολὺ
2046 1364 2105 1423 δὲ
2160 1367 2252 1423 καὶ
2309 1368 2344 1436 ἡ
2399 1370 2497 1421 τοῦ
2558 1366 2903 1444 πατριάρχου
2932 1365 3089 1441 ἐξέϐη
3123 1371 3200 1437 εἷς
3248 1367 3401 1451 ἔργον
3434 1377 3765 1455 πρόρρησις·

343 1455 483 1531 μετά
545 1455 784 1513 πολλῶν
847 1457 952 1533 γὰρ
1009 1459 1100 1514 καὶ
1166 1456 1355 1515 ἄλλων
1421 1458 1473 1514 ἐν
1542 1459 1605 1514 οὐ
1671 1462 1865 1535 μακρῷ
1944 1455 2046 1532 τῇς
2131 1455 2458 1526 Ἐκκλησίας
2527 1455 2840 1543 ἀφορισθεὶς
2904 1458 2997 1513 καὶ
3061 1458 3302 1526 πολλαῖς
3368 1469 3456 1520 καὶ
3524 1466 3774 1543 ἀπείροις

339 1545 653 1600 κακώσεσιν
717 1541 1057 1618 ὑποϐληθείς
1109 1548 1204 1603 τὸν
1258 1554 1358 1617 τῆς
1420 1546 1734 1625 ὁμολογίας
1793 1544 2089 1617 ἀνεδήσατο
2149 1545 2432 1623 στέφανον,
2496 1542 2709 1633 μηκέτι,
2756 1545 3044 1603 θεάσασθαι
3090 1554 3187 1605 τοῦ
3228 1551 3430 1608 λοιποῦ
3458 1556 3548 1611 τὸν
3582 1577 3776 1633 πατρι-

342 1635 536 1710 άρχην
584 1635 853 1707 ἀξιωθεὶς,
914 1633 998 1690 ἵνα
1057 1632 1192 1709 μηδ’
1249 1635 1301 1692 ἐν
1355 1634 1535 1709 τούτῳ
1597 1633 1826 1712 διαπέσῃ
1885 1638 1920 1706 ἡ
1978 1639 2075 1690 τοῦ
2132 1635 2482 1708 πατριάρχου
2539 1632 2863 1722 πρόρρησις.
2925 1636 3215 1714 ’Υπερορίᾳ
3271 1638 3329 1697 δὲ
3374 1648 3472 1699 τοῦ
3510 1632 3780 1722 πατριάρ-

346 1742 458 1798 χου
514 1725 1025 1802 παραπεμφθέντος,
1085 1726 1160 1789 ὡς
1217 1725 1464 1802 εἴπομεν,
1523 1725 1721 1784 ἄνεισιν
1778 1726 2005 1799 ἀναξίως
2062 1723 2138 1787 εἷς
2202 1724 2293 1779 τὸν
2372 1729 2470 1792 τῆς
2528 1721 2947 1798 ἀρχιερωσύνης
3004 1729 3216 1804 θρόνον,
3269 1733 3387 1787 κατ’
3443 1721 3629 1805 αὐτὴν
3671 1721 3772 1809 τὴν

340 1819 449 1882 τῆς
507 1812 876 1875 Ἀναστάσεως
930 1818 1029 1870 τοῦ
1083 1817 1295 1891 Κυρίου
1351 1817 1585 1893 ἡμέραν,
1649 1813 1911 1877 Θεόδοτος
1992 1814 2022 1868 6
2105 1811 2474 1900 Μελισσηνὸς,
2526 1809 2605 1900 ὅν⁸
2643 1812 2734 1867 καὶ
2788 1816 3132 1893 Κασσιτηρᾶν
3188 1823 3689 1900 προσαγορεύεσθαι
3741 1829 3771 1885 6

340 1899 516 1977 λόγος
575 1902 780 1978 φθάσας
838 1903 1164 1981 παρέστησε.
1227 1908 1313 1977 [Ρ.
1346 1909 1474 1980 490]
1530 1906 1634 1964 Καὶ
1696 1909 1794 1961 τοῦ
1854 1902 2051 1977 θρόνου
2108 1897 2323 1973 ἐπιϐάς,
2383 1899 2530 1977 ἔχων
2587 1897 2645 1956 δὲ
2700 1907 3182 1981 συνεπαρήγουσαν
3218 1911 3309 1965 καὶ
3341 1897 3449 1982 τήν.
3477 1914 3771 1988 βασιλικήν

347 1991 618 2065 ἐξουσίαν,
677 1993 778 2047 οὐκ
832 1991 886 2048 ἐν
945 1995 1125 2051 σκότει
1183 1997 1275 2052 καὶ
1334 1996 1556 2075 γωνίαις
1615 1989 1716 2069 ἔτι,
1778 1993 1907 2051 ἀλλ’
1961 1995 2018 2047 ἓν
2075 1991 2321 2066 ὑπαίθρῳ
2373 1989 2465 2046 καὶ
2514 1990 2794 2069 παρρησίᾳ
2840 1996 2941 2064 τήν
2981 1996 3182 2071 αἳρεσιν
3229 2004 3338 2056 τῶν
3368 2002 3768 2082 Εἷκονομάχων

350 2078 698 2153 ἆδημοσίευε.

422 2167 570 2224 Λέων
610 2166 665 2225 δὲ
720 2170 748 2226 6
816 2169 1074 2245 βασιλεὺς
1120 2176 1190 2247 τῇ
1271 2195 1329 2230 τε
1381 2173 1815 2249 προηγησαμένῃ
1855 2171 1994 2259 κατὰ

2175 2174 2251 2227 At
2280 2173 2492 2228 Leonis
2519 2171 2775 2244 impetus
2805 2176 2992 2231 animi
3024 2195 3267 2249 prorsus
3298 2189 3471 2239 erant
3490 2186 3766 2259 etfrenes,

355 2256 675 2332 Βουλγάρων
726 2258 848 2334 νίκῃ
899 2260 1314 2338 ἐξωγκωμένος,
1365 2264 1456 2319 καὶ
1501 2264 1639 2319 κατά
1684 2266 1793 2318 τῶν
1835 2258 2002 2335 Ἀρά-

352 2341 466 2401 ϐων
526 2344 583 2404 δὲ
639 2353 818 2424 μικρῷ
871 2349 1139 2426 πρότερον
1221 2352 1552 2428 εὐτυχήσας,
1622 2351 1999 2431 ἀκατάσχετος

337 2436 408 2505 ἦν
464 2437 526 2493 τὸ
578 2437 831 2513 φρόνημα
882 2441 973 2495 καὶ
1040 2442 1179 2518 πρὸς
1246 2443 1309 2498 τὸ
1369 2441 1611 2517 σκληρὸν
1646 2443 1880 2515 ,ἀπένευε
1910 2440 2000 2495 καὶ

337 2525 639 2601 ὠμότερον·
698 2530 1070 2605 ἀπαραίτητός
1124 2552 1183 2587 τε
1237 2532 1337 2606 γάρ
1395 2534 1494 2602 τὴν
1543 2532 1709 2607 ὀργὴν
1743 2530 1997 2607 ἐγεγόνει,

326 2615 420 2670 καὶ
500 2622 606 2672 τῶν
691 2618 1114 2693 άπαρτημάτων
1210 2619 1489 2691 κολαστὴς
1569 2620 1997 2695 αὐστηρότατος,

326 2709 446 2767 τοῖς
519 2726 578 2761 τε
659 2706 1006 2783 ἐντυγχάνειν
1085 2707 1363 2766 ἐθέλουσιν
1462 2709 1810 2772 ἀνέντευκτος
1906 2708 1998 2763 καὶ

329 2790 773 2870 δυσξεᾶμϐουλος,
831 2798 920 2854 ἐπί
975 2820 1035 2855 τε
1092 2805 1313 2876 μικροῖς
1361 2802 1717 2876 ἁμαρτήμασι
1753 2796 1999 2874 μεγάλας

338 2880 609 2961 ἐπιφέρων
639 2886 734 2949 τὰς
766 2884 1079 2957 καταδίκας,
1124 2889 1197 2943 ὧν
1251 2891 1345 2963 μὲν
1381 2895 1572 2964 χεῖρας
1598 2886 2000 2966 ἀφαιρούμενος

334 2973 411 3029 ὧν
447 2970 504 3028 δὲ
531 2972 704 3037 πόδας
735 2976 810 3030 ὧν
856 2973 915 3032 δὲ
961 2998 1084 3032 τινα
1131 2974 1289 3054 ἓτερα
1334 2982 1443 3034 τῶν
1490 2978 1868 3053 καιριωτάτων
1904 2995 1998 3049 με·

344 3062 482 3134 λῶν,
518 3065 650 3141 ἅπερ
683 3067 1080 3142 ἀποτέμνεσθαι
1134 3069 1569 3147 ἀποφαινόμενος
1597 3068 1699 3123 ἀνὰ
1724 3073 1826 3136 τὴν
1858 3065 2001 3123 λεω-

343 3152 509 3229 φόρον
591 3154 1041 3232 ἀνακρεμαννόειν
1139 3157 1414 3215 ἐκέλευσεν
1503 3158 1579 3221 εἰς
1658 3154 1997 3227 κατάπληξιν

346 3242 487 3321 τάχα
536 3248 648 3300 τῶν
704 3245 957 3320 ὁρώντων
1009 3247 1100 3302 καὶ
1158 3245 1299 3309 δέος,
1367 3248 1464 3304 Ἐκ
1514 3246 1708 3302 τούτον
1768 3244 1999 3319 μισητὸς

355 3331 575 3404 κατέστη
636 3338 716 3407 τῷ
779 3334 883 3390 ὑπὸ
935 3342 1098 3410 χείρα
1155 3335 1331 3391 παντί.
1396 3334 1568 3391 11λέον
1598 3332 1645 3389 δ’
1678 3332 1912 3390 ἐπέτεινε
1937 3334 1999 3389 τὸ

351 3424 512 3494 μῖσος
570 3422 639 3477 τὰ
700 3424 838 3479 πετᾶ
901 3429 1088 3480 ταῦτα’
1160 3424 1221 3480 οὐ
1294 3425 1457 3499 μόνον
1521 3426 1623 3501 γὰρ
1692 3424 1827 3479 κατὰ
1892 3426 2000 3478 τῶν

338 3508 788 3612 ὀμοτίμωητήν
846 3514 1003 3588 φύσιν
1073 3513 1370 3612 ἀνθρώπων
1433 3513 1785 3612 ἐπῆρτοηκαὶ.
1822 3513 1995 3588 ἠγρι-
2038 3546 2082 3612 C

335 3598 538 3665 αίνετο,
617 3599 763 3657 ἀλλά
834 3603 925 3658 καὶ
998 3605 1114 3660 κατ’
1216 3602 1382 3676 αὐτῆς
1469 3599 1822 3677 ἰκορυϐαντία
1895 3609 1997 3673 τῆς

339 3680 600 3751 εὐσεϐοῦς
657 3688 890 3753 πίστεως
940 3692 1030 3745 καὶ
1086 3696 1183 3746 τοῦ
1240 3696 1394 3748 Θεοῦ.
1453 3693 1716 3769 Ὀργανον
1777 3689 1823 3745 δ’
1881 3689 1998 3746 έπι-

334 3772 562 3845 τήδειον
590 3778 728 3854 πρὸς
758 3782 919 3833 τοῦτο
977 3772 1133 3856 ἔσχεν
1189 3777 1354 3857 ἄνδρα
1404 3780 1525 3837 τινὰ
1581 3775 1873 3852 διαϐόητον
1910 3779 1998 3843 ἐπὶ

336 3866 662 3942 πανουργίᾳ,
741 3872 840 3924 τοῦ
917 3870 1196 3944 τάγματος
1276 3876 1386 3926 τῶν
1470 3869 1521 3926 έν
1608 3875 1687 3943 τῷ
1744 3868 1999 3942 παλατίῳ

338 3953 669 4030 ψαλλόντων
704 3958 803 4027 τήν
837 3957 1015 4035 ἀρχὴν
1070 3956 1287 4036 ἔχοντα,
1341 3957 1533 4032 ἔξωθεν
1570 3960 1664 4034 μὲν
1699 3959 1997 4036 ἱεροπρεπῆ

337 4047 661 4125 φαινόμενον
720 4048 813 4103 καὶ
872 4044 1124 4119 θεοσεϐῆ,
1205 4044 1415 4106 ἔνδοθεν
1477 4048 1534 4105 δὲ
1599 4050 1676 4112 ὡς
1733 4049 1785 4105 ἐν
1845 4051 2001 4125 βαθεῖ

336 4131 526 4207 κωδίῳ
582 4136 673 4192 τὸν
731 4135 895 4192 λύκον
955 4137 1410 4197 ἐπικαλύπτοντα.
1470 4140 1645 4201 Οὗτος
1696 4140 1724 4194 ὁ
1758 4135 1997 4214 βέϐηλος

339 4225 532 4300 καιρὸν
587 4222 899 4297 ἐπιτήδειον
984 4227 1252 4302 εὑρηκὼς,
1307 4231 1422 4285 καθ’
1497 4229 1558 4284 ὅν
1626 4228 1701 4291 εἷς
1760 4227 1996 4299 ἐπήκοον

345 4312 399 4368 ἐν
453 4317 522 4387 τῇ
584 4313 888 4387 Ἐκκλησία
942 4315 1129 4382 ε’ἰωθεν
1189 4320 1224 4387 ἡ
1298 4322 1395 4374 τοῦ
1464 4315 2000 4396 μεγαλοφωνοτάτου

341 4403 567 4459 Ἠσαίου
691 4404 1059 4480 ἀναγινώσθαι
1189 4408 1499 4485 προφητεία
1599 4409 1633 4477 ἡ
1741 4406 1999 4485 λέγουσα,

344 4515 374 4544 ι(
416 4491 526 4547 Τίνι
604 4493 930 4566 ὡμοιώσατε
1012 4497 1257 4571 Κύριονς
1331 4498 1423 4552 καὶ
1494 4495 1602 4552 τίνι
1680 4498 2003 4554 ὡποιώσατε

340 4580 547 4652 αὐτόνς
609 4583 704 4653 Μὴ
763 4583 943 4641 εῗόιόνα
1001 4584 1223 4656 ἐποίησε
1304 4586 1532 4658 τέκτων,
1589 4586 1625 4657 ἢ
1684 4588 2002 4663 χρυσοχόος

336 4668 621 4748 χωνεύσας
681 4675 917 4748 χρυσίον
974 4675 1414 4752 περιεχρύσωσεν
1469 4675 1662 4750 αὐτὴν,
1714 4678 1748 4748 ἢ
1792 4677 2003 4751 ὁμοιώ-

344 4781 477 4834 ματι
534 4761 916 4819 κατεσκεύασεν
997 4764 1217 4836 αὖτήνς
1274 4788 1302 4817 ››
1372 4766 1462 4821 καὶ
1545 4766 1612 4821 τὰ
1668 4766 1839 4823 λοιπά
1903 4772 2004 4835 τῆς

2110 2263 2335 2317 recenti
2361 2261 2433 2318 de
2464 2262 2731 2336 Bulgaria
2761 2264 3006 2322 victoria
3037 2285 3105 2324 ac
3151 2271 3330 2342 paulo
3366 2279 3503 2331 ante
3533 2293 3597 2332 re
3628 2294 3771 2333 con-

2112 2354 2203 2406 tra
2233 2350 2457 2407 Arabes
2488 2351 2742 2408 feliciter
2762 2359 2929 2427 gesta
2950 2356 3165 2414 inﬂati.
3188 2361 3394 2433 Itaque
3424 2363 3631 2421 durior
3640 2366 3771 2438 jam

2110 2456 2239 2496 esse
2273 2446 2332 2497 et
2356 2440 2428 2496 ad
2461 2440 2876 2499 crudelitatem
2921 2446 3173 2517 prolabi,
3207 2449 3325 2506 iras
3364 2452 3767 2526 implacabile

2108 2545 2348 2602 genere,
2375 2535 2434 2586 et
2454 2530 2671 2586 delicta
2694 2535 3068 2590 severissime
3090 2540 3303 2609 punire
3328 2557 3341 2608 ;
3367 2545 3647 2616 congredi
3669 2552 3773 2603 aut

2108 2618 2418 2674 consulere
2476 2619 2817 2677 volentibus
2874 2622 3182 2681 difficilem
3217 2645 3281 2683 se
3320 2631 3625 2701 praebere!
3658 2652 3766 2707 pro

2109 2707 2302 2779 parvis
2361 2707 2598 2764 delictis
2654 2726 2857 2783 graves
2916 2712 3226 2786 imponere
3258 2736 3505 2790 pcenas;
3552 2740 3765 2781 manus

2108 2796 2445 2862 nonnullis,
2476 2796 2609 2852 aliis
2639 2799 2842 2869 pedes,
2867 2800 3000 2857 aliis
3032 2804 3150 2860 alia
3180 2809 3447 2879 corporis
3477 2818 3765 2883 praestan-

2108 2885 2261 2940 tiora
2280 2885 2549 2941 membra
2567 2889 2863 2959 amputari
2887 2907 3073 2962 eaque
3096 2894 3157 2948 in
3178 2896 3271 2952 via
3288 2898 3451 2970 regia
3480 2903 3767 2973 suspendi

2101 2972 2337 3045 jubere,
2363 2990 2479 3046 quo
2505 2980 2790 3033 terrorem
2812 2978 3150 3038 videntibus
3174 2991 3520 3059 metumque
3545 2972 3769 3048 incute-

2109 3068 2218 3118 ret.
2256 3064 2338 3117 Ob
2372 3064 2498 3119 hwc
2528 3064 2677 3119 nulli
2711 3082 2833 3122 non
2866 3069 3237 3129 subditorum
3263 3075 3506 3147 invisus,
3531 3080 3603 3136 iis
3634 3099 3766 3153 qum

2112 3151 2429 3208 subsecuta
2458 3158 2597 3209 sunt
2630 3154 2994 3214 facinoribus
3026 3160 3162 3217 odia
3209 3164 3271 3219 in
3319 3183 3380 3221 se
3425 3171 3607 3226 auxit.
3640 3151 3769 3228 Non

2111 3243 2271 3297 enim
2304 3248 2511 3299 contra
2543 3244 2813 3301 homines
2858 3252 3088 3305 tantum
3129 3252 3397 3324 ejusdem
3432 3274 3633 3314 secum
3664 3277 3771 3317 na-

2112 3337 2258 3388 turas
2290 3338 2348 3387 et
2377 3332 2683 3406 dignitatis
2715 3337 3075 3394 efferebatur
3117 3347 3297 3414 atque
3333 3347 3632 3416 saaviebat,
3666 3351 3772 3407 sed

2112 3420 2392 3477 adversus
2425 3423 2614 3493 ipsam
2647 3424 2826 3480 etiam
2856 3426 3140 3497 pietatem
3170 3431 3477 3505 Deumque
3509 3435 3768 3495 furebat.

2109 3511 2199 3566 Ad
2230 3512 2356 3566 haec
2389 3518 2598 3568 nactus
2642 3519 2732 3568 est
2774 3515 3152 3586 aptissimum
3188 3521 3655 3582 instrumentum
3685 3527 3769 3583 vi-

2112 3618 2245 3656 rum
2274 3601 2595 3672 quemdam
2618 3602 2840 3659 nobilis
2862 3608 3156 3677 versutiae,
3180 3612 3409 3667 cohorti
3436 3632 3642 3672 eorum
3665 3618 3767 3689 qui

2111 3691 2174 3745 in
2203 3690 2422 3762 palatio
2443 3690 2770 3762 psallerent
2790 3694 3137 3765 prmfectum
3157 3716 3170 3765 ;
3192 3700 3292 3771 qui
3316 3719 3437 3773 praa
3460 3721 3523 3760 se
3545 3707 3770 3762 sancti-

2113 3780 2375 3835 moniam
2394 3780 2594 3837 ferens
2610 3787 2786 3852 atque
2804 3784 3087 3855 pietatem
3110 3788 3273 3845 intus
3293 3791 3401 3847 sub
3424 3793 3608 3852 densa
3629 3796 3769 3854 lana

2110 3869 2319 3940 lupum
2375 3869 2643 3925 abditum
2698 3872 2984 3943 gestabat.
3043 3877 3318 3948 Impurus
3375 3881 3488 3938 iste
3534 3889 3772 3957 tempus

2109 3957 2359 4027 adeptus
2389 3964 2813 4029 opportunum,
2838 3979 2955 4032 quo
2977 3962 3052 4018 ad
3081 3980 3257 4023 aures
3287 3970 3566 4028 Ecclesia;
3596 3990 3766 4031 usur-

2108 4052 2316 4118 patum
2347 4051 2435 4101 est
2466 4048 2701 4103 recitari
2752 4052 3392 4122 magniloquentissimi
3422 4061 3588 4116 Isaias
3619 4065 3765 4119 vati-

2109 4137 2365 4192 cinium:
2399 4159 2426 4187 «
2454 4138 2555 4193 Cui
2577 4138 2983 4197 assimilabitis
3008 4144 3365 4205 Dominum?
3393 4150 3546 4207 859
3579 4169 3768 4210 unum

2110 4228 2306 4300 opifex
2338 4228 2595 4299 effigiem
2626 4227 2821 4299 faciet,
2864 4236 2969 4286 aut
3008 4235 3307 4292 aurifaber
3335 4240 3593 4297 conﬂato
3623 4259 3770 4300 auro

2112 4330 2243 4371 eam
2302 4314 2630 4386 integet?»
2693 4322 2829 4379 etc.,
2892 4323 3031 4375 tunc
3088 4338 3225 4395 ergo
3283 4325 3382 4383 ille
3423 4328 3769 4401 imperatori

2112 4412 2314 4462 astans
2336 4405 2398 4461 in
2420 4422 2661 4462 aurem:
2687 4430 2713 4458 ‹‹
2739 4408 3179 4481 Animadverte,
3204 4413 3420 4486 inquit,
3442 4418 3569 4475 haec
3589 4420 3772 4477 verba

2111 4501 2177 4551 ut
2201 4512 2273 4550 ne
2298 4500 2352 4550 te
2377 4496 2559 4550 lateat
2574 4496 2817 4551 veritas:
2839 4499 3199 4571 amplectere
3222 4504 3376 4562 hanc
3396 4506 3768 4581 religionem,

2113 4601 2294 4656 quam
2326 4583 2432 4640 tibi
2465 4589 2625 4640 vates
2655 4585 2857 4642 dictat.
2895 4609 2924 4638 »
2978 4589 3079 4645 His
3110 4591 3286 4649 dictis
3316 4613 3551 4654 vaasano
3580 4598 3768 4671 impe-

2112 4674 2298 4731 ratori
2328 4674 2522 4731 acrius
2553 4674 2797 4730 haaresis
2828 4694 3120 4736 venenum
3163 4681 3491 4754 instillavit,
3519 4688 3602 4744 ita
3628 4694 3696 4745 ut
3720 4689 3771 4745 is

2116 4779 2296 4836 quam
2328 4764 2491 4836 prius
2521 4763 2872 4837 religionem
2907 4785 3085 4840 parce
3106 4787 3174 4827 ac
3196 4772 3539 4834 dubitanter
3567 4778 3774 4850 prasdi-

341 4856 700 4926 προφητείας·
781 4854 1059 4928 παραστὰς
1121 4852 1212 4910 οῦν
1289 4857 1426 4931 πρὸς
1531 4856 1623 4918 οὓς
1702 4854 1851 4934 λέγει
1924 4860 1999 4929 τῷ

2115 4854 2237 4910 cari
2259 4853 2663 4920 mandaverat,
2672 4855 2801 4927 jam
2825 4864 3028 4929 aperte
3047 4861 3543 4939 impudenterque
3566 4885 3776 4926 omnes

346 4937 582 5015 βασιλεῖ·
619 4964 647 4995 ‹‹
682 4942 847 5005 Σύνες
892 4947 1009 5006 τοῖς
1059 4941 1407 5019 λεγομένοις,
1442 4942 1487 4999 ὦ
1522 4943 1767 5022 βασιλεῦ,
1798 4946 1889 5000 καὶ
1924 4946 1999 5018 μή

2113 4943 2394 5015 amplecti
2418 4942 2691 5014 jusserit,
2725 4944 2788 4999 ni
2819 4945 3104 5017 facerent,
3136 4953 3486 5023 gravissima
3513 4957 3776 5014 minatus

339 5023 483 5102 λάθῃ
545 5050 602 5084 σε
680 5031 743 5086 τὸ
800 5029 1026 5103 ἀληθὲς,
1083 5032 1176 5087 καὶ
1238 5034 1499 5104 τοιαύτης
1558 5030 1693 5113 ἔχου
1753 5031 1999 5108 λατρείας

2116 5032 2290 5088 mala.
2322 5032 2624 5103 Quotquot
2654 5049 2792 5105 ergo
2826 5036 3081 5093 mollitia
3126 5039 3263 5095 victi
3296 5047 3437 5098 tunc
3467 5046 3775 5102 veritatem

339 5118 530 5173 ὁποίαν
559 5141 644 5175 σοι
699 5121 1024 5193 ὑποτίθησιν
1078 5125 1107 5179 6
1159 5126 1473 5202 προφήτης,
1508 5147 1536 5176 ››
1567 5128 1800 5179 Τοιαῦτα
1833 5124 1999 5179 εἰπὼν

2113 5121 2526 5195 prodiderunt,
2565 5120 2639 5176 iis
2672 5123 2874 5179 omnia
2906 5130 3030 5181 tuta
3060 5133 3250 5184 erant.
3284 5131 3391 5196 Qui
3431 5137 3628 5189 autem
3661 5134 3772 5190 im-

336 5203 580 5278 ἐνέσταξε
635 5211 705 5284 τῇ
766 5207 980 5283 διανοίᾳ
1033 5215 1130 5266 τοῦ
1192 5210 1467 5288 βασιλέως
1525 5210 1753 5268 πλείονα
1791 5212 1876 5267 ἶὸν
1903 5218 1999 5275 τῆς

2113 5209 2384 5283 piissimo
2427 5208 2707 5266 mandato
2757 5228 2879 5267 non
2928 5221 3228 5287 parerent,
3282 5218 3343 5276 in
3393 5221 3774 5294 gravissimos

336 5295 619 5369 αἱρέσεως,
653 5297 726 5361 ὡς
764 5295 835 5369 ἤν
893 5301 1159 5375 πρότερον
1224 5302 1359 5375 μετὰ
1418 5298 1641 5380 φειδοῦς
1667 5301 1760 5357 καὶ
1792 5298 1999 5357 ἐνδοια-

2111 5301 2416 5357 cruciatus
2442 5317 2511 5357 ac
2543 5300 2912 5357 calamitates
2944 5303 3357 5365 deveniebant.

337 5388 485 5458 σμοῦ
514 5386 798 5461 κηρύττειν
830 5388 1088 5464 ἠπείγετο
1121 5387 1402 5467 λατρείαν,
1429 5390 1630 5461 ταύτην
1663 5388 2166 5465 ἀνακεκαλυμμένῳ
2210 5389 2498 5463 προσώπῳ
2552 5388 2641 5442 καὶ
2672 5384 2929 5459 ἀναιδῶς,
2962 5389 3133 5446 εἰπεῖν
3162 5391 3331 5450 πλέον
3369 5397 3505 5471 μετὰ
3532 5398 3775 5457 ἀπειλῶν

328 5475 422 5530 καὶ
506 5473 769 5533 κινδύνων
855 5479 1129 5554 αἱρεῖσθαι
1184 5481 1510 5559 ἠνάγκαζεν.
1558 5482 1718 5539 Ὅσοι
1774 5480 1870 5553 μέν
1926 5480 2024 5536 οὗν
2086 5477 2524 5554 μαλακιζόμενοι
2573 5474 2940 5551 προὺδιδοσαν
2995 5482 3098 5551 τήν
3151 5482 3437 5555 ἀλήθείαν,
3471 5486 3525 5544 ἐν
3571 5485 3782 5555 ἀδείαις

326 5564 492 5634 ἦσαν’
523 5565 575 5621 οἱ
609 5568 686 5641 μὴ
720 5570 1148 5645 πειθαρχοῦντες
1179 5567 1238 5626 δὶ
1264 5575 1345 5642 τῷ
1398 5571 1566 5627 αὐτοῦ
1629 5564 2036 5645 δυσσεϐεστάτῳ
2065 5568 2450 5647 προστάγματι
2506 5563 2827 5637 ἀνηκέστοις
2858 5567 3061 5633 αἰκίαις
3090 5571 3180 5627 καὶ
3217 5583 3527 5653 συμφοραῖς
3554 5574 3782 5655 παρεδί-

339 5650 525 5712 δοντο.

411 5745 621 5826 Καίπερ
689 5746 749 5806 δὲ
808 5745 987 5813 οὕτως
1044 5748 1190 5826 ἔχων
1248 5747 1560 5817 δυσσεϐείας
1615 5752 1707 5807 καὶ
1766 5771 1999 5827 παρανο-

2188 5754 2264 5809 At
2306 5749 2469 5807 enim
2521 5749 2654 5817 Leo,
2704 5765 3046 5824 quanquam
3091 5755 3433 5829 hujusmodi
3467 5761 3777 5835 impietate
