4112 6438
351 461 472 519 943

1715 449 2033 511 GEORGII
2079 448 2426 512 CEDRENI

3667 446 3791 510 9“

353 595 533 663 atque
566 589 864 663 injustitia
888 588 1098 656 fmdus,
1120 584 1608 659 vigilantissimus
1630 589 1831 639 tamen
1862 583 1923 638 in
1954 599 2012 638 re

2137 582 2288 654 μίας,
2322 578 2469 638 ἀλλὰ
2515 602 2578 660 γε
2622 581 2761 658 πρὸς
2817 584 2918 653 τὴν
2971 586 3079 638 τῶν
3136 578 3427 656 δημοσίων
3453 581 3795 658 πραγμάτων

353 681 593 752 publica
622 679 973 751 corrigenda
1028 678 1157 743 fuit,
1218 675 1487 746 nihilque
1519 674 1769 730 omnino
1800 689 2003 729 rerum

353 769 826 824 necessariarum
870 773 1048 837 atque
1100 764 1339 819 utilium
1372 764 1707 818 incuratum
1738 762 2002 833 reliquit.

354 862 434 914 Ac
466 859 653 913 fertur
678 876 745 912 eo
780 861 1009 911 mortuo
1039 854 1436 925 Nicephorum
1484 852 1884 924 patriarcham
1915 851 2005 906 di-

358 949 511 1003 xisse
544 945 973 1017 rempublicam
1006 947 1332 1000 Romanam
1392 943 1575 1014 impio
1607 941 2007 1014 quantumvis,

357 1053 570 1108 magno
599 1042 754 1089 certe
788 1034 1039 1105 prmside
1070 1033 1358 1089 orbatam.
1396 1035 1618 1087 Praeter
1648 1032 1881 1105 vigilem
1912 1047 2010 1086 ac-

354 1131 739 1195 curatamque
813 1124 1132 1195 republica:
1207 1122 1701 1195 gubernationem
1778 1137 2015 1178 summa

352 1214 467 1269 fuit
495 1213 557 1268 in
592 1230 659 1268 eo
690 1214 753 1267 in
782 1213 1107 1285 ﬂagitiosos
1140 1213 1462 1279 severitas;
1496 1212 1667 1283 cujus
1696 1212 1782 1267 rei
1815 1228 2013 1267 exem-

356 1303 520 1375 plum
539 1302 1154 1359 referam.Exeuntem
1176 1301 1498 1374 aliquando
1521 1302 1740 1374 palatio
1768 1301 2019 1357 accessit

358 1392 623 1464 quidam,
674 1409 932 1464 querens
984 1409 1152 1449 suam
1203 1392 1315 1448 sibi
1366 1409 1615 1448 uxorem
1663 1409 1697 1447 a
1746 1396 2020 1448 senatore

362 1482 623 1553 quodam
654 1487 908 1553 raptam,
940 1482 1118 1553 idque
1149 1481 1380 1537 facinus
1412 1498 1474 1537 se
1510 1481 1583 1537 ad
1615 1480 1779 1536 urbis
1810 1480 2024 1552 praefe-

359 1577 521 1627 ctum
547 1571 1056 1643 detulisse,neque
1080 1576 1279 1627 tamen
1302 1587 1475 1626 suum
1498 1570 1591 1641 ius
1613 1576 2023 1631 consecutum.

362 1661 521 1716 860
554 1661 668 1715 Leo
700 1661 901 1716 statim
934 1660 1245 1716 mandavit
1290 1665 1356 1714 ut
1403 1659 1677 1715 redeunti
1709 1659 1821 1714 sibi
1852 1659 2026 1713 siste-

2124 670 2427 746 ἀντίληψιν
2476 670 2891 749 ἀγρυπνότατος
2945 671 3035 745 ἦν,
3089 671 3165 733 ὡς
3227 669 3398 745 μηδὲν
3422 691 3476 726 τι
3506 674 3616 726 τῶν
3646 668 3807 726 δεόν-

2113 779 2221 814 των
2286 759 2381 814 καὶ
2440 760 2787 837 ὁνησιφόρων
2847 760 2935 831 ἐᾷν
2993 757 3375 835 ἀτημέλητον.
3434 760 3577 815 Φασί
3622 758 3683 834 γέ
3708 780 3801 816 τοι

2123 851 2261 924 μετὰ
2317 852 2411 906 τὸν
2479 851 2693 908 ἐκείνου
2752 852 2986 917 θάνατον
3046 850 3363 929 Νικηφόρον
3449 851 3620 906 εἰπεῖν
3701 851 3798 907 τὸν

2117 940 2469 1016 πατριάρχην
2533 941 2609 1005 ὡς
2664 944 2700 1010 ἡ
2769 939 3029 997 πολιτεία
3084 942 3383 1015 Ῥωμαῖων
3444 938 3571 1015 ἄρα,
3622 940 3793 996 εἶκαὶ

2121 1024 2380 1101 δυσσεϐῆ,
2439 1028 2587 1084 ἀλλὰ
2646 1050 2711 1106 γε
2772 1031 2940 1104 μέγαν
2998 1029 3308 1104 προστάτην
3337 1026 3609 1085 ἀπώλεσε.
3642 1029 3790 1105 Πρὸς

2120 1125 2206 1193 τῷ
2234 1119 2518 1194 ἐπιμελῶς
2561 1118 2619 1176 δὶ
2674 1122 2765 1177 καὶ
2796 1121 3091 1197 ἀγρύπνως
3146 1120 3214 1176 τὰ
3270 1118 3513 1195 δημόσια
3542 1117 3790 1191 διοικεῖν,

2123 1211 2213 1265 καὶ
2267 1216 2387 1273 τοῖς
2445 1207 2695 1266 ἀδικοῦσι
2759 1209 2884 1267 λίαν
2941 1208 3349 1286 ἐπαχθέστατος
3402 1209 3489 1279 ἧν.
3540 1212 3626 1285 [Ρ.
3658 1210 3790 1283 491]

2124 1295 2356 1373 Ἐξιόντι
2408 1305 2537 1375 γοῦν
2595 1320 2729 1357 ποτε
2772 1303 2870 1356 τοῦ
2926 1298 3199 1357 παλατίου
3228 1303 3308 1372 τῷ
3358 1298 3579 1374 βασιλεῖ
3605 1318 3792 1375 προσ-

2128 1390 2218 1465 ῄει
2274 1412 2359 1454 τις
2414 1388 2661 1468 ἐγκαλῶν
2723 1391 2801 1456 ὡς
2862 1390 2927 1446 τὸ
3006 1391 3176 1447 αὐτοῦ
3232 1390 3454 1467 γύναιον
3511 1390 3786 1467 ἃρπαγείη

2135 1480 2240 1535 ὑπό
2295 1499 2444 1542 τινος
2502 1484 2611 1535 τῶν
2685 1478 3092 1556 συγκλητικῶν·
3175 1501 3199 1529 α
3259 1478 3422 1552 Ἐμοὶ
3500 1476 3577 1548 δὲ,
3638 1480 3800 1558 φησί,

2131 1568 2223 1624 καὶ
2280 1573 2362 1642 τῷ
2416 1567 2646 1645 ἐπάρχῳ
2695 1575 2797 1640 τῆς
2849 1568 3069 1632 πόλεως
3127 1567 3252 1645 περὶ
3308 1567 3513 1624 τούτου
3568 1566 3805 1645 ἐγκαλι-

2136 1679 2284 1713 σαντι
2346 1655 2578 1731 οὐδεμία
2635 1656 3107 1730 ἐπηκολούθησεν,
3170 1654 3475 1728 ἐκδίκησις.
3511 1681 3541 1711 ››
3581 1658 3644 1716 Ὀ
3668 1661 3803 1732 γοῦν

364 1756 578 1804 rentur
627 1755 811 1817 actor,
866 1767 1004 1805 reus
1061 1755 1179 1805 tam
1229 1749 1445 1804 atrocis
1495 1748 1726 1821 ﬂagitii,
1758 1754 1817 1803 et
1862 1747 2012 1803 urbi:

2140 1743 2398 1823 βασιλεὺς
2450 1746 2544 1801 τόν
2589 1746 2685 1801 τοῦ
2743 1742 2938 1822 ἀνδρὸς
2996 1743 3161 1821 λόγον
3230 1742 3540 1807 ἐνωτισθεὶς
3599 1744 3803 1810 εὐθέως

362 1839 706 1910 praefectus.
750 1841 873 1904 Quo
933 1840 1086 1894 facto
1145 1844 1408 1895 actorem
1467 1854 1803 1911 proponere
1861 1854 2027 1893 suam

2140 1834 2463 1912 προσέταξεν
2566 1835 2643 1898 ὡς
2745 1834 3056 1911 παρασταίη
3161 1834 3436 1890 ἐπανιόντι
3503 1834 3656 1907 αύτῷ
3722 1835 3802 1899 είς

361 1944 606 1983 causam
631 1929 831 2000 jussit.
865 1929 973 1993 Qui
998 1946 1133 1984 cum
1162 1946 1290 1983 rem
1313 1928 1386 1984 ab
1410 1928 1581 1983 initio
1614 1927 1687 1983 ad
1720 1928 1900 1982 ﬁnem
1930 1944 2012 1982 us-

2141 1924 2435 1999 πρόσωπον
2505 1925 2533 1979 6
2600 1922 3001 2001 ἐγκαλούμενος
3079 1921 3472 1999 συγκλητικος.
3531 1920 3677 2021 ᾝδη
3740 1921 3802 1980 δὲ

365 2032 479 2087 quc
499 2018 892 2088 exposuisset,
918 2033 1055 2072 reus
1079 2018 1384 2073 convictus
1406 2015 2022 2088 probationibus,cum

363 2106 599 2161 nullum
630 2106 930 2162 inﬁtiandi
961 2106 1230 2161 criminis
1252 2106 1450 2161 locum
1480 2106 1794 2176 inveniret,
1826 2105 2022 2162 scelus

365 2195 670 2265 professus
721 2201 829 2251 est.
880 2196 952 2249 Et
1004 2194 1321 2267 praefectus
1350 2211 1590 2251 causam
1624 2196 2023 2267 interrogatus

364 2300 476 2339 cur
523 2284 811 2355 flagitium
862 2284 1039 2357 digna
1087 2301 1260 2356 paena
1290 2285 1451 2340 ultus
1481 2302 1600 2339 non
1638 2290 1815 2350 esset,
1850 2284 2021 2356 inops

365 2374 765 2429 excusationis
788 2373 1105 2429 obmutuit.
1125 2375 1294 2429 Hunc
1316 2391 1451 2445 ergo
1475 2375 1801 2447 imperator
1820 2375 2021 2430 statim

362 2478 611 2517 munere
639 2479 746 2518 suo
775 2463 957 2529 exuit,
984 2467 1040 2516 et
1061 2462 1398 2519 adulterum
1424 2479 1493 2518 ex
1524 2462 1753 2536 legibus
1774 2462 2024 2534 punien.

362 2554 507 2609 dum
538 2552 786 2611 dedidit.
820 2554 1181 2624 Plerumque
1238 2570 1528 2626 responsa
1570 2553 1750 2609 dabat
1778 2553 1840 2608 in
1870 2554 2021 2609 Lau-

361 2643 520 2697 siaco
555 2642 771 2698 sedens
804 2643 1083 2698 triclinio.
1136 2646 1326 2699 Duces
1374 2644 1763 2710 exercituum,
1796 2642 2020 2698 milites

358 2735 863 2805 magistratusque
895 2734 1037 2806 legit
1084 2735 1377 2806 optimum
1409 2750 1707 2806 quemque
1739 2738 1799 2789 et
1826 2750 1861 2789 a
1886 2749 2022 2789 mu-

356 2838 570 2879 nerum
597 2829 845 2895 captura
866 2824 1325 2891 alienissimum,
1353 2824 1622 2896 pecuniaa
1645 2828 2019 2895 contemptor

358 2914 486 2984 ipse
509 2930 799 2969 summus.
826 2913 1062 2969 Studuit
1085 2915 1262 2969 etiam
1295 2914 1451 2969 vocis
1479 2914 1807 2985 elegantias,
1829 2930 2017 2984 quan—

360 3018 541 3074 quam
573 3008 792 3059 natura
822 3003 892 3058 ad
928 3020 1055 3059 eam
1080 3020 1206 3058 rem
1229 3004 1466 3075 ineptus
1500 3019 1529 3057 e
1560 3020 1595 3059 a
1625 3004 1853 3058 musica
1883 3020 2019 3058 con—

361 3091 648 3146 cinnitate
680 3092 932 3148 alienus.
969 3092 1319 3163 Solebatque
1372 3093 1499 3164 ipse
1540 3098 1781 3148 cantum
1817 3091 2020 3164 auspi-

361 3181 508 3248 curi,
532 3197 666 3236 cum
688 3181 749 3235 in
772 3181 873 3235 Dei
899 3181 1343 3237 laudationibus
1365 3182 1578 3253 psalmi
1610 3186 2016 3252 cantarentur,

361 3270 620 3325 maxime
650 3287 785 3325 cum
815 3271 1085 3327 natalitio
1119 3271 1333 3326 Christi
1382 3272 1533 3326 festo
1565 3287 1826 3326 canones
1857 3270 2015 3343 psal-

358 3358 676 3415 lebanlur:
718 3365 861 3415 tunc
919 3360 1077 3415 enim
1134 3360 1448 3431 grandiore
1506 3377 1575 3415 ac
1631 3360 1845 3432 agresti
1879 3375 2016 3414 voce

356 3464 597 3503 carmen
645 3449 974 3505 intonabat.
1029 3450 1352 3520 Risumque
1400 3449 1774 3504 auditoribus
1814 3449 2013 3514 movit,

2135 2014 2225 2069 καὶ
2301 2012 2790 2091 ἐπαναζευγνύντος
2880 2018 2981 2068 τοῦ
3076 2010 3351 2089 βασιλέως
3450 2008 3799 2089 παρέστησαν

2134 2101 2367 2158 ἐνώπιον
2396 2103 2563 2158 αὗτοῦ
2616 2100 2647 2157 ὅ
2698 2123 2756 2157 τε
2805 2102 2993 2158 παθὼν
3047 2100 3136 2157 καὶ
3185 2103 3286 2172 τήν
3317 2097 3599 2173 ἐκδίκησιν
3630 2100 3795 2174 ἐκζη-

2132 2197 2241 2249 τῶν
2299 2195 2388 2248 καὶ
2447 2194 2476 2248 6
2536 2193 2597 2248 τὸ
2654 2190 2931 2269 ἐξάγιστον
2990 2188 3189 2266 δρασας
3236 2189 3395 2267 ἔργον
3445 2191 3536 2247 καὶ
3574 2190 3735 2254 αὐτὸς
3769 2191 3799 2248 6

2133 2276 2399 2357 ἔπαρχος,
2457 2282 2547 2336 καὶ
2604 2285 2702 2336 τοῦ
2765 2278 3037 2356 βασιλέως
3089 2278 3452 2344 κελεύσαντος
3505 2279 3793 2358 λέγειντῷ

2134 2366 2376 2445 δεομένῳ
2431 2370 2465 2427 ’ὰ
2515 2368 2793 2439 πεπόνθει,
2851 2371 2881 2425 6
2941 2370 3035 2444 μὶν
3097 2366 3297 2443 διεξῄει
3346 2371 3414 2425 τὰ
3466 2370 3558 2425 ἀπ’
3608 2370 3791 2445 ἀρχῆς

2134 2458 2266 2536 ἄχρι
2317 2458 2532 2529 τέλους,
2585 2461 2613 2515 6
2659 2457 2706 2514 δ’
2759 2456 2955 2535 ἔνογος
3000 2464 3082 2533 τῷ
3122 2458 3452 2536 ἐγκλήματι,
3487 2456 3672 2530 ἐπειδὴ
3709 2459 3789 2534 μὴ

2135 2548 2257 2612 οἷός
2305 2570 2365 2605 τε
2420 2550 2487 2619 ἦν
2544 2548 2673 2611 τοὺς
2729 2546 2996 2626 ἐλέγχους
3049 2546 3448 2624 διαδιδράσκειν
3499 2554 3620 2610 ταῖς
3659 2548 3794 2605 ἀπο-

2134 2636 2328 2709 δείξεσι
2420 2640 2681 2695 πάντοθεν
2780 2636 3238 2713 συνειλημμένος,
3325 2636 3667 2714 ὡμολόγησε
3730 2637 3795 2694 τὸ

2134 2728 2575 2805 ἀνοσιούργημα.
2636 2728 2939 2804 Ἐρομένου
2993 2725 3051 2783 δὲ
3109 2731 3207 2783 τοῦ
3270 2725 3543 2804 βασιλέως
3583 2727 3795 2784 καὶτὸν

2132 2811 2379 2894 ἔπαρχον
2434 2815 2525 2872 διὰ
2573 2816 2628 2872 τί
2678 2817 2754 2887 μὴ
2797 2817 3107 2892 πρέπουσαν
3163 2813 3441 2892 ἐπενέγκοι
3470 2819 3553 2890 τῷ
3582 2817 3796 2887 ἀτοπή-

2137 2927 2266 2981 ματι
2316 2907 2417 2975 τήν
2472 2903 2775 2977 ἐκδίκησιν,
2835 2904 2951 2962 ἐπεὶ
3004 2906 3093 2963 καὶ
3150 2906 3307 2968 οὗτος
3362 2905 3510 2969 ἐνεὸς
3555 2904 3798 2982 ἐγεγόνει

2130 2997 2267 3071 πρὸς
2352 2997 2453 3065 τήν
2516 2994 2848 3074 ἀπολογίαν,
2933 2999 3094 3051 τοῦον
3162 2996 3257 3069 μὶν
3323 2994 3614 3070 μετέστησε
3686 3001 3793 3066 τῆς

2131 3086 2331 3160 ἀρχῆς,
2383 3086 2476 3140 τὸν
2536 3082 2594 3141 δὶ
2654 3086 2854 3161 μοιχὸν
2912 3090 3033 3147 ταῖς
3089 3088 3186 3140 τοῦ
3223 3084 3399 3159 νόμου
3428 3080 3779 3159 παραδέδωκε

2126 3176 2443 3248 τιμωρίαις.
2511 3175 2891 3251 Ἐχρημάτιζε
2956 3172 3013 3231 δὲ
3071 3174 3139 3230 τὰ
3196 3172 3378 3231 πλείω
3447 3172 3538 3229 καὶ
3592 3171 3645 3228 ἐν
3701 3176 3786 3246 τῷ

2131 3271 2418 3339 Λαυσιακῷ
2487 3268 2799 3341 καθήμενος
2882 3263 3173 3342 τρικλίνῳ,
3262 3259 3642 3341 προεϐάλλετό
3721 3283 3781 3320 τε

2129 3356 2465 3432 στρατηγοὺς
2509 3357 2598 3411 καὶ
2649 3357 2982 3431 στρατιώτας
3029 3356 3119 3411 καὶ
3164 3352 3435 3431 ἄρχοντας
3481 3359 3593 3410 τῶν
3633 3353 3787 3427 ἀξιο-

2127 3445 2462 3524 λογωτάτων
2514 3447 2605 3501 καὶ
2662 3444 3047 3521 ἀδωροτάτων,
3102 3445 3411 3521 χρημάτων
3472 3442 3791 3519 ὑπερόπτης

355 3553 491 3591 cum
525 3538 842 3608 septimam
875 3536 1049 3593 odam
1083 3538 1397 3608 inciperet,
1421 3537 1481 3591 in
1510 3537 1682 3608 cujus
1715 3541 1905 3593 tractu
1928 3542 2012 3594 est

2125 3530 2199 3589 ὤν
2252 3534 2342 3590 καὶ
2399 3535 2561 3598 αὐτὸς
2620 3530 3027 3610 ἀκριϐέστατος.
3086 3532 3506 3612 Ἐφιλοτιμεῖτο
3580 3528 3641 3587 δὲ
3696 3532 3790 3588 καὶ

354 3626 485 3692 hoc,
518 3646 546 3675 ‹‹
581 3626 864 3697 Sprevere
915 3626 1131 3681 summi
1165 3631 1379 3682 cuncta
1406 3642 1608 3681 amore
1639 3626 1948 3697 principis,
1986 3649 2012 3677 η

2124 3624 2247 3699 περὶ
2276 3625 2375 3693 τὴν
2434 3625 2629 3681 ἑαυτοῦ
2688 3626 2899 3700 φωνὴν,
2959 3621 3229 3698 εὔρυθμός
3277 3643 3362 3686 τις
3405 3622 3542 3679 εἶναι
3579 3619 3785 3697 βουλό-

354 3730 491 3767 cum
524 3714 652 3784 ipse
681 3720 907 3769 metum
934 3715 1079 3770 86]
1114 3715 1214 3769 Dei
1239 3714 1524 3784 abjiceret
1554 3719 1612 3770 et
1644 3714 2012 3770 diabolorum

2126 3734 2310 3788 μενος,
2386 3713 2430 3768 εἰ
2517 3714 2608 3769 καὶ
2695 3717 2774 3789 μὴ
2822 3715 2923 3785 τὴν
3006 3714 3164 3794 φύσιν
3226 3710 3555 3785 συνᾴδουσαν
3614 3711 3783 3788 εἶχεν.

355 3804 415 3857 in
451 3808 650 3873 partes
680 3803 1035 3859 concederet
1076 3803 1604 3860 venerandissimis
1652 3804 2012 3877 imaginibus

2124 3800 2398 3879 ἅρῥυθμος
2458 3802 2562 3881 γὰρ
2616 3805 2685 3874 ἦν
2743 3804 2834 3860 καὶ
2911 3804 3050 3879 πρὸς
3106 3806 3174 3858 τὰ
3229 3800 3282 3858 ἐν
3340 3801 3575 3878 ἁρμονίᾳ
3636 3798 3783 3875 μέλη

356 3889 857 3963 tollendis.Atque
876 3893 988 3948 hoc
1007 3892 1174 3947 modo
1192 3893 2009 3964 resimperatorishabebant.

2124 3890 2517 3963 ἀνεπιτήδειος.
2604 3893 2799 3951 Εἰώθει
2875 3893 2977 3969 γὰρ
3050 3895 3149 3949 κὰν
3221 3896 3342 3953 ταῖς
3431 3887 3786 3967 ψαλμῳδίαις

355 3978 604 4056 ἐξάρχειν
661 3983 769 4034 τῶν
821 3978 1009 4049 αἲνων,
1069 3980 1158 4035 καὶ
1221 3977 1435 4053 μᾶλλον
1496 3980 1584 4035 ὅτε
1635 3979 1688 4034 ἐν
1750 3984 1818 4055 τῇ
1865 3985 1968 4036 τοῦ
2022 3985 2268 4057 Χριστοῦ
2324 3984 2580 4054 Γεννήσει
2638 3984 2691 4039 οἱ
2754 3990 2856 4055 τῆς
2913 3981 3108 4056 ἐορτῆς
3163 3981 3385 4044 κανόνες
3446 3979 3781 4056 ἐψάλλοντοο

351 4066 552 4142 ἐξῆρχε
582 4068 683 4142 γὰρ
715 4072 823 4123 τῶν
854 4066 1011 4141 ᾠδῶν
1064 4068 1344 4144 τορωτέρᾳ
1398 4068 1488 4124 καὶ
1546 4069 1709 4145 ἀγρίᾳ
1770 4073 1947 4146 φωνῇ,
2016 4072 2109 4126 καὶ
2176 4070 2266 4126 ὅτε
2334 4078 2435 4140 τῆς
2504 4076 2546 4141 ζ’
2614 4069 2765 4144 ᾠδῆς
2829 4073 3143 4146 κατήρχετο
3181 4068 3279 4126 τοῦ
3312 4069 3654 4145 εἰρμοῦ(56)
3682 4072 3784 4126 τοῦ

351 4154 629 4231 λέγοντος.
664 4182 691 4209 ‹‹
725 4162 813 4230 Τῷ
842 4158 1205 4220 παντάνακτος
1256 4157 1606 4236 ἐξεφαύλισαν
1666 4159 1841 4232 πόθῳ,
1878 4182 1905 4211 ››
1958 4165 2024 4239 ᾯ
2084 4160 2150 4229 δή
2211 4159 2301 4215 καὶ
2332 4159 2551 4236 γέλωτα
2582 4159 2897 4239 ὠφλίσκανε
2926 4160 3071 4235 παρὰ
3097 4164 3215 4222 τοῖς
3244 4159 3530 4226 ἀκούουσι,
3554 4158 3648 4213 τὸν
3680 4161 3784 4213 τοῦ

350 4250 484 4300 Θεοῦ
515 4240 685 4324 φόϐον
717 4244 1048 4322 ἐκφαυλίσας
1079 4247 1169 4302 καὶ
1202 4250 1271 4321 τῇ
1302 4252 1409 4303 τῶν
1447 4245 1721 4320 δαιμόνων
1787 4245 1970 4324 μερίδι
2030 4246 2400 4325 προσθέμενος
2464 4246 2555 4304 διὰ
2599 4256 2700 4320 τῆς
2731 4254 2839 4305 τῶν
2869 4250 3189 4306 πανσέπτων
3222 4246 3449 4304 εἰκόνων
3482 4246 3783 4324 ἀρνήσεως.

351 4334 455 4391 Καὶ
484 4335 552 4388 τὰ
584 4336 678 4407 μὲν
710 4340 807 4390 τοῦ
844 4334 1115 4412 βασιλέως
1148 4334 1200 4391 ἐν
1232 4334 1470 4399 τούτοις.

420 4428 496 4479 At
520 4425 842 4481 Michaelus
886 4427 1257 4481 Amoriensis
1306 4445 1440 4483 cum
1487 4443 1723 4499 semper
1752 4427 1825 4483 ad
1857 4428 2012 4484 ulte-

2191 4426 2425 4503 Μιχαὴλ
2481 4426 2538 4484 δὲ
2596 4430 2624 4484 ὁ
2675 4427 2725 4500 ἒξ
2788 4429 3073 4505 Ἀμωρίου
3136 4428 3217 4483 ἀεὶ
3287 4431 3405 4490 τοῖς
3473 4420 3781 4502 ἔμπροσθεν

346 4514 508 4569 riora
555 4531 623 4569 ac
681 4516 911 4586 majora
966 4521 1256 4587 pergeret,
1318 4516 1647 4587 majestatis
1674 4523 2007 4587 accusatus,

349 4619 485 4657 cum
519 4619 580 4657 se
614 4603 937 4659 difficulter
958 4604 1279 4660 admodum
1304 4613 1633 4678 purgasset,
1655 4607 1726 4662 ab
1758 4606 2012 4679 impera-

349 4697 475 4746 tore
505 4692 724 4747 missus
781 4698 872 4748 est
920 4700 989 4749 ut
1034 4695 1353 4767 disciplina
1403 4696 1681 4753 ordinum
1712 4699 2007 4755 exercitus

349 4780 707 4836 institueret.
740 4781 872 4836 Fuit
915 4781 965 4837 is
1017 4784 1193 4839 homo
1229 4801 1349 4839 non
1382 4784 1612 4840 caeteris
1642 4785 1820 4842 modo
1850 4787 2007 4842 vitiis

347 4870 724 4940 depravatus,
754 4870 857 4926 sed
912 4880 972 4926 et
1017 4872 1281 4945 linguam
1327 4873 1535 4929 habuit
1566 4875 1873 4944 effrenem,
1907 4893 2002 4933 ar-

346 4976 497 5015 cana
527 4958 720 5014 cordis
752 4959 1080 5017 identidem
1113 4961 1393 5017 ellutiens
1414 4963 1645 5033 etquod
1671 4964 1730 5019 in
1754 4964 2002 5022 buccam

2119 4515 2585 4591 ἐπεκτεινόμενος,
2626 4517 2715 4574 ἐπὶ
2770 4520 2833 4574 τὸ
2893 4523 3079 4594 μεῖζον
3134 4511 3471 4592 προϐαίνων,
3506 4510 3778 4586 διαϐολὴν

2119 4601 2248 4683 ἔσχε
2276 4607 2657 4672 κατοσιώσεως
2718 4610 2854 4684 (57)·
2917 4607 2977 4671 ὅς
3034 4607 3238 4678 ταύτην
3273 4605 3320 4661 εἰ
3349 4605 3440 4661 καὶ
3471 4602 3783 4684 δυσχερῶς,

2118 4695 2272 4769 ὅμως
2357 4697 2786 4773 ἀποσεισάμενος
2878 4698 3213 4774 ἐκπέμπεται
3288 4696 3434 4772 παρὰ
3504 4694 3779 4771 βασιλέως

2115 4788 2344 4843 τακτικᾶ
2401 4784 2672 4845 διδάσκειν
2730 4791 2821 4845 τὸν
2879 4788 2984 4845 ὕπὸ
3042 4793 3206 4865 χεῖρα
3265 4786 3424 4843 λαόν.
3477 4786 3577 4843 Ἢν
3634 4783 3693 4842 δὲ
3747 4784 3779 4840 6

2117 4874 2350 4955 Μιχαὴλ
2407 4876 2468 4932 οὐ
2526 4884 2647 4943 ταῖς
2695 4876 2895 4942 ἄλλαις
2953 4879 3151 4940 πάσαις
3208 4875 3424 4938 κακίαις
3476 4871 3778 4951 ἐπιῤῥεπής

2122 4965 2307 5039 μόνον,
2344 4963 2473 5021 ἀλλ’
2509 4965 2681 5023 ἐνόσει
2738 4968 2831 5025 καὶ
2888 4967 3150 5046 γλώσσης
3207 4963 3532 5034 ἀκολασίαν,
3588 4962 3779 5019 καὶτᾶ

1530 5081 1899 5145 XYLANDRI
1934 5084 2022 5137 ET
2060 5083 2278 5140 GOARI
2316 5085 2539 5141 ΝΟΤᾹΞ.

417 5175 529 5248 (56)
559 5176 820 5231 Ilabetur
865 5180 1085 5230 tractus
1135 5175 1236 5230 ille
1278 5170 1504 5248 iambis
1542 5180 1908 5248 compositus
1939 5183 2000 5236 in

343 5246 540 5301 ofﬁcio
576 5248 838 5302 Laudum
866 5248 1319 5311 matutinarum,
1341 5248 1436 5302 die
1468 5246 1762 5305 Natalitiis
1785 5253 2002 5309 Christi

340 5327 708 5375 consecrato.
744 5321 823 5373 De
857 5318 1051 5389 εἱρμοῦ
1102 5320 2003 5391 signiﬁcatione,ecclesiastico-

339 5404 472 5461 rum
500 5392 723 5446 rituum
758 5393 1124 5461 expositores
1145 5390 1460 5457 Arcudius,
1483 5390 1757 5461 Allatius,
1778 5397 2002 5453 Eucho-

343 5458 585 5523 legium.
623 5466 798 5517 GOAR.

387 5532 527 5649 σξη.)
555 5534 721 5597 Quod
752 5532 1105 5587 vocabulum
1164 5551 1231 5588 ex
1290 5534 1421 5589 aliis
1476 5533 1624 5589 locis
1684 5539 1997 5606 permultis

387 5615 399 5648 l
448 5616 517 5649 ιρι
553 5605 671 5649 sive
694 5604 1026 5649 maiestatis:
1055 5605 1173 5649 ςίνρ
1206 5606 1382 5649 ptinm
1418 5611 1775 5649 atrnnlnrnm
1813 5612 1997 5649 imnn-

344 5597 520 5683 didici
548 5605 671 5683 sive
686 5604 1026 5683 maiestatis
1055 5605 1173 5659 sive
1206 5606 1385 5660 etiam
1418 5597 1779 5683 s_tructaru_m
1812 5612 1997 5683 impe-

341 5672 900 5753 ratoriinsidiarum
924 5676 1149 5753 crimen
1173 5684 1401 5753 notare.
1426 5679 1494 5731 Et
1516 5679 1675 5753 quod
1696 5680 1767 5735 de
1790 5672 1994 5741 uxdris

342 5745 567 5810 nuptiis
599 5746 870 5816 sequitur
916 5748 1207 5805 minatum
1251 5745 1872 5822 Balbumfobscurum
1906 5762 1995 5813 est

2114 5183 2205 5239 vel
2236 5184 2311 5239 ob
2341 5184 2789 5256 ambiguitatem
2847 5185 2944 5238 τοῦ
2999 5182 3191 5256 αὐτοῦ.
3245 5180 3537 5256 Fortassis
3559 5177 3779 5256 statuit

2111 5249 2752 5332 Theodosiam'Leone
2779 5272 2963 5332 caeso_
2982 5253 3223 5332 ducere.
3256 5252 3525 5332 Quodde
3536 5249 3776 5332 linguae

2112 5328 2319 5383 morbo
2351 5327 2515 5396 dicit,
2548 5327 2762 5383 alludit
2792 5326 2865 5383 ad
2923 5328 3233 5383 Tantalum
3283 5324 3507 5396 orestis
3523 5323 3777 5396 Euripi-

2110 5397 2225 5454 dei.
2262 5400 2393 5477 Mox
2414 5391 2517 5477 ubi
2537 5399 2818 5477 scribitur
2838 5399 3136 5477 quomodo
3164 5395 3499 5477 Theodosia
3522 5391 3777 5477 Balbum

2109 5471 2404 5542 supplicio
2428 5472 2558 5543 jam
2591 5468 3265 5543 immineﬁtieripperit,
3287 5469 3353 5543 _i_n
3375 5468 3651 5543 margine
3682 5468 3779 5543 est

2107 5534 2498 5616 ann-qtaturﬁ:
2532 5543 2669 5616 Ὅρα
2719 5543 2837 5604 πῶς
2898 5541 2963 5596 οὐ
3023 5534 3202 5616 λέίπει
3235 5534 3463 5612 μέθοδος
3492 5534 3585 5592 τὶν
3618 5534 3776 5616 θεὸν,

2106 5612 2196 5666 ὅτε
2245 5611 2501 5689 βούλεται
2562 5607 2847 5689 συντηρεῖν
2893 5633 3033 5668 τινα.
3095 5615 3197 5669 Est
3236 5607 3393 5669 'sane
3425 5607 3776 5681 exemplum

2104 5684 2217 5742 hoc
2246 5685 2635 5744 memorabile
2664 5682 2971 5761 παραδόεον
3003 5681 3302 5761 σωτηρίας.
3339 5683 3477 5739 XYL.
