4112 6416
291 395 418 458 945

1428 397 1980 461 HISTORIAHUM
2023 399 2586 466 COMPENDIUM.

3609 411 3739 471 946

297 524 453 584 ἔνδον
485 531 586 598 τῆς
618 523 846 602 καρδίας
909 525 1252 605 ἐκφαυλίζειν
1311 525 1608 604 δυνάμενος
1665 532 1940 606 μυστήρια

2079 535 2309 592 veniret
2337 538 2669 608 proferens.
2704 540 2791 594 Ita
2830 543 2890 593 et
2936 540 3008 594 de
3058 540 3412 611 imperatore
3463 543 3732 614 quadam

294 615 522 676 Ἐλᾶλει
578 616 685 694 γὰρ
750 621 856 672 πᾶν
910 618 973 673 τὸ
1041 620 1441 695 παριστάμενον
1497 620 1572 682 εἰς
1627 621 1960 701 τούμφανὶς,

291 704 616 782 ἀπερῥίπτει
651 703 710 762 δὲ
738 707 830 761 καὶ
881 707 1000 762 κατ’
1057 707 1226 763 αὐτοῦ
1278 713 1374 764 τοῦ
1437 709 1707 784 βασιλέως
1763 709 1960 787 λόγους

287 796 393 852 οὐκ
444 797 760 870 εὐπρεπεῖς,
820 794 1071 852 ἀπειλῶν
1157 797 1309 869 αὐτῷ
1384 819 1443 854 τε
1496 799 1806 874 καθαίρεσιν
1859 803 1959 869 τῆς

293 884 582 962 βασιλείας
637 885 730 941 καὶ
785 887 856 959 τῇ
924 885 1088 941 αὐτοῦ
1169 887 1390 964 συζύγῳ
1460 888 1635 964 γάμον
1709 889 1957 945 ἐπισείων

287 974 526 1032 ἀνόσιον.
597 975 773 1050 Ἀπερ
832 975 861 1030 6
928 975 1196 1051 βασιλεὺς
1282 978 1678 1052 πυνθανόμενος
1741 985 1958 1055 πρῶτον

297 1067 397 1140 μὲν
456 1063 793 1140 εὐμηχάνως
853 1063 1107 1140 ἐπειρᾶτο
1191 1069 1790 1142 παραπροσποιούμενο
1854 1072 1955 1140 τήν

288 1157 516 1230 γνῶσιν,
577 1151 892 1222 ἀποστῆσαι
949 1158 1145 1210 τοῦτον
1200 1162 1302 1224 τῆς
1361 1155 1808 1232 ἀθυρογλωσσίας
1865 1159 1957 1213 καὶ

289 1247 403 1298 τῶν
486 1245 666 1297 κακῶν
757 1242 1160 1317 βουλευμάτων
1247 1243 1608 1320 βουλόμενος.
1671 1249 1766 1322 [Ρ.
1828 1251 1956 1322 492]

284 1330 573 1407 ᾜδειγὰρ
635 1333 802 1388 αὐτὸν
849 1333 1110 1409 αἰσχίστῃ
1169 1335 1317 1407 νόσῳ
1369 1334 1660 1409 ἀκολάστῳ
1722 1337 1952 1414 γλώσσῃ

289 1419 647 1477 δουλεύοντα.
705 1426 792 1484 Ὠς
849 1419 910 1478 δὲ
969 1425 1058 1478 καὶ
1144 1423 1488 1498 παραινέσεσι
1555 1427 1645 1481 καὶ
1702 1426 1956 1493 ἀπειλαῖς

283 1512 398 1582 ’ὀπη
458 1511 718 1587 παρείκοι
779 1512 1075 1586 χρώμενος
1159 1511 1314 1577 εῦθὺς
1401 1516 1498 1588 μὶν
1563 1515 1954 1591 ἐξαρνούμενον

287 1598 505 1675 εὕρισκε
556 1601 624 1657 τὰ
683 1599 974 1674 λεγόμενα,
1024 1597 1206 1665 ἀδείας
1267 1599 1323 1658 δὲ
1379 1602 1544 1658 πάλιν
1610 1607 1954 1679 τετυχηκότα

285 1693 397 1744 τῶν
429 1689 566 1744 κατὰ
615 1689 820 1744 σκοπὸν
879 1691 955 1762 μή
1011 1691 1396 1768 ἀφιστάμενον,
1455 1691 1746 1771 ἐπαφίησιν
1806 1695 1952 1768 αὖτῷ

290 1777 534 1840 σκοποὺς
591 1778 682 1834 καὶ
737 1776 1080 1842 ὠτακουστὰς
1145 1777 1487 1851 λεληθότως,
1561 1783 1753 1844 οἳτινες
1808 1783 1953 1839 πολ-

283 1863 447 1929 λάκις
507 1865 560 1921 ἐν
615 1865 878 1942 εὐωχίαις
936 1868 1027 1922 καὶ
1089 1867 1278 1942 μέθαις
1329 1871 1785 1944 μετακινούμενον
1842 1875 1948 1927 τῶν

285 1959 499 2034 φρενῶν
531 1955 637 2011 ὑπὸ
679 1960 777 2011 τοῦ
836 1954 984 2012 οἷ’νου
1042 1953 1445 2021 καταλαϐόντες
1485 1960 1574 2015 καὶ
1633 1966 1748 2022 τοῖς
1807 1983 1948 2035 προ-

276 2047 462 2121 τέροις
546 2043 704 2118 μάλα
783 2046 1088 2121 προθύμως
1170 2045 1543 2120 ἐπιτιθέμενον
1637 2048 1948 2120 κατάδηλον

279 2139 625 2206 ποιοῦσιτῷ
669 2133 908 2209 βασιλεῖ.
967 2135 1216 2211 Ἐγένετο
1261 2133 1319 2191 δὲ
1368 2139 1657 2212 προσθήκη
1717 2138 1948 2202 πίστεως

279 2229 397 2281 τῶν
454 2219 912 2298 διαϐαλλομένων
952 2229 1032 2298 τῷ
1088 2227 1322 2305 Μιχαὴλ
1384 2229 1474 2282 καὶ
1507 2230 1535 2284 6
1571 2227 1944 2301 Ἑξαϐούλιος,

281 2313 431 2387 ἀνὴρ
461 2315 733 2388 φρενήρης
767 2315 857 2369 καὶ
912 2317 1156 2386 συνήθης
1203 2320 1282 2388 τῷ
1330 2315 1570 2389 βασιλεῖ,
1613 2319 1716 2374 οὐκ
1766 2320 1948 2394 ἄγνω-

288 2423 423 2464 στος
455 2399 511 2458 δὲ
539 2423 622 2480 καί
669 2408 748 2476 τῷ
811 2402 1069 2481 Μιχαήλ.
1132 2407 1302 2467 Οὗτος
1359 2405 1635 2470 πολλάκις
1691 2410 1942 2488 ἐπισχεῖν

286 2492 457 2549 αὐτὸν
487 2499 586 2562 τῆς
637 2493 1043 2570 ἀθυροστομίας
1101 2492 1487 2571 ἐπιχειρήσας,
1539 2498 1628 2552 καὶ
1682 2501 1941 2570 παραινέ-

272 2604 375 2646 σας
409 2587 594 2659 σιγᾷν,
652 2584 746 2639 καὶ
808 2586 885 2658 μὴ
945 2583 1119 2648 οὕτως
1178 2585 1421 2661 ἀκαίρως
1477 2587 1943 2664 παρρησιάζεσθαι

271 2674 363 2728 καὶ
413 2672 492 2738 εἷς
547 2674 828 2747 προῦπτον
888 2674 1076 2730 ἑαυτὸν
1141 2681 1402 2741 συνωθεῖν
1459 2675 1710 2732 κίνδυνον
1767 2699 1944 2753 παρα-

279 2760 540 2835 καλέσας,
610 2759 800 2834 ἐπειδή
867 2765 942 2836 μὴ
998 2757 1198 2833 ἔπειθε,
1259 2763 1405 2834 δῆλα
1481 2765 1655 2822 πάντα
1704 2768 1770 2822 τὰ
1825 2757 1945 2823 κατ’

279 2851 446 2908 αὐτὸν
477 2852 662 2924 τίθησι
715 2856 795 2924 τῷ
836 2852 1074 2927 βασιλεῖ.
1126 2855 1234 2910 Καὶ
1284 2852 1350 2926 δὴ
1391 2856 1497 2931 πρὸ
1553 2860 1680 2930 μιᾶς
1729 2858 1942 2932 ἡμέρας

276 2949 384 3013 τῆς
415 2941 553 2998 κατά
583 2943 756 3019 σάρκα
794 2943 1028 3018 Χριστνῦ
1083 2948 1181 3000 τοῦ
1237 2949 1372 3001 Θεοῦ
1423 2947 1584 3016 ἡμῶν
1635 2949 1940 3024 γεννήσεως

282 3029 578 3105 δεξάμενος
605 3031 702 3092 τὰς
745 3031 1004 3105 μηνύσεις
1054 3033 1082 3088 6
1137 3031 1394 3108 βασιλεὺς
1446 3033 1535 3089 ἐπὶ
1591 3035 1840 3110 βήματός
1882 3057 1941 3092 τε

284 3119 342 3176 έν
398 3125 517 3181 τοῖς
601 3119 988 3196 ἀσηκρητείοις
1067 3123 1182 3196 (58)
1266 3121 1496 3190 ἐκάθισε,
1558 3124 1648 3180 καὶ
1705 3120 1938 3202 ἀκριϐὴς

287 3208 563 3278 ἐξεταστὴς
603 3214 714 3265 τῶν
783 3211 1126 3283 μηνυθέντων
1184 3211 1412 3289 ἐγίνετο.
1464 3212 1773 3270 Ἀλίσκεται
1826 3213 1941 3270 τοί-

289 3317 386 3353 νυν
438 3296 715 3372 τυρανίδος
850 3299 1112 3380 Μιχαὴλ,
1194 3279 1358 3364 αῦτὸς
1451 3304 1774 3368 καταθέσθαι
1831 3305 1935 3359 ὑπὸ
1976 3279 2020 3346 C

284 3392 390 3456 τῆς
422 3383 693 3463 ἐναργείας
730 3391 839 3443 τῶν
881 3387 1132 3466 ἐλέγχων
1192 3389 1570 3465 ἀναγκασθείς
1619 3391 1710 3446 καὶ
1759 3396 1941 3467 ψῆφος

283 3476 568 3552 ἐκφέρεται
613 3480 732 3533 κατ’
788 3480 956 3534 αὐτοῦ
1011 3481 1142 3556 πυρὶ
1199 3480 1562 3556 καταστρέψαι
1620 3483 1721 3551 τὴν
1779 3483 1942 3553 ξωήν,

282 3562 660 3641 ἐμϐληθέντος
718 3571 776 3624 ἓν
833 3572 902 3643 τῇ
957 3572 1177 3643 καμίνῳ
1231 3568 1332 3626 τοῦ
1391 3571 1444 3625 ἐν
1525 3576 1606 3645 τῷ
1689 3571 1944 3644 παλατίῳ

281 3655 550 3731 λουτροῦ,
581 3657 722 3712 εἶναι
755 3655 814 3712 δὲ
842 3661 933 3713 καί
965 3657 1128 3714 αὐτόν
1171 3659 1375 3736 θεωρὸν
1426 3662 1517 3714 τὸν
1573 3660 1802 3736 βασιλέα
1846 3666 1944 3716 τοῦ

279 3741 584 3820 δράματος.
616 3751 818 3824 ’ΊΙγετο
851 3749 947 3820 μὲν
991 3748 1083 3802 οὗν
1135 3750 1236 3818 τήν
1295 3747 1384 3803 ἐπὶ
1443 3750 1666 3813 θάνατον
1727 3747 1946 3824 δεσμώ-

279 3855 408 3904 της,
442 3833 628 3890 ε’ίπετο
655 3832 837 3891 δὲκαὶ
887 3839 916 3892 6
967 3835 1224 3913 βασιλεὺς
1285 3839 1481 3906 θεατὴς
1539 3839 1671 3893 εἶναι
1712 3839 1946 3914 ὀριγνώ-

283 3945 449 3998 μενος
488 3928 586 3981 τοῦ
645 3922 949 3999 δρωμένου,
1009 3927 1098 3984 Ἑν
1155 3925 1268 4000 ὅσῳ
1322 3924 1380 3982 δὲ
1431 3927 1495 3982 τὸ
1550 3928 1746 4000 μεταξὺ
1805 3947 1944 4002 παρ⁶

280 4008 522 4086 ήμειϐον
551 4011 853 4089 διάστημα,
882 4017 918 4085 ἡ
953 4014 1172 4089 βασιλὶς
1200 4014 1484 4082 Θεοδοσία,
1528 4017 1591 4072 τὸ
1620 4021 1717 4072 τοῦ
1748 4018 1944 4092 ’Δρσαο

283 4098 397 4179 ϐἠρ
431 4101 744 4180 θυγάτριον,
774 4107 1024 4177 μαθοῦσα
1051 4105 1112 4159 τὸ
1165 4104 1371 4178 μέλλον
1418 4111 1735 4180 πραχθῆναι
1787 4101 1946 4176 ἔξεισι

287 4191 428 4267 μετά
459 4189 701 4262 σπουδῆς
733 4191 816 4247 ὅτι
846 4191 1067 4262 πολλῆς
1120 4198 1218 4249 τοῦ
1267 4193 1540 4268 θαλάμου,
1587 4189 1944 4274 παράϐασχόν

279 4303 336 4336 τι
366 4281 456 4336 καὶ
513 4282 737 4354 μανικὸν
792 4283 1113 4356 κινουμένη,
1172 4282 1264 4338 τὸν
1327 4284 1558 4359 βασιλέα
1613 4305 1672 4338 τε
1711 4284 1947 4342 καταλα-

286 4365 463 4426 ϐοῦσα
492 4368 770 4442 ἀλάστορά
807 4391 866 4426 τε
921 4372 1014 4427 καὶ
1059 4371 1338 4447 θεομάχον
1387 4371 1648 4428 ἀπέκάλει
1697 4373 1778 4435 οἷς
1821 4372 1948 4430 οὐδὲ

281 4461 386 4528 τήν
439 4459 584 4514 θείαν
639 4459 850 4534 ἡμέραν
934 4459 1056 4534 ἄγει
1145 4458 1234 4516 διὰ
1337 4459 1579 4539 φειδοῦς,
1657 4467 1754 4518 τοῦ
1802 4463 1948 4518 θείου

290 4547 516 4623 μέλλων
550 4550 806 4622 σώματος
841 4555 1159 4628 μετασχεῖν,
1213 4550 1306 4605 καὶ
1364 4557 1464 4619 τῆς
1513 4553 1694 4627 ὁρμῆς
1757 4550 1948 4608 διεκώ-

289 4638 438 4695 λυεν.
463 4639 632 4700 Οὗτος
690 4634 751 4692 δὲ
805 4642 887 4710 τῷ
944 4643 1059 4710 Θεῷ
1113 4641 1188 4712 μὴ
1245 4644 1617 4714 προσκροῦσαι
1667 4639 1948 4704 δεδοικὼς.

285 4729 352 4784 τὸ
388 4729 487 4800 μὲν
516 4734 866 4804 παρα-χρῆμα
895 4727 1272 4804 παλίντροπον
1328 4729 1476 4803 αὐτῷ
1531 4733 1632 4801 τὴν
1680 4733 1953 4808 σωτηρίαν

285 4813 601 4891 ἰϐρᾶϐιυσε,
670 4814 896 4890 σίδηρον
967 4814 1025 4872 δὲ
1090 4823 1208 4882 τοῖς
1298 4821 1424 4874 ποσὶ
1517 4821 1758 4894 περιθεὶς
1851 4827 1948 4876 τοῦ

287 4905 551 4982 Μιχαὴλ,
580 4907 669 4962 καὶ
703 4913 804 4975 τῆς
856 4904 1075 4970 κλειδὸς
1133 4907 1310 4980 ἑαυτῷ
1369 4909 1468 4977 τὴν
1530 4911 1766 4987 φρουρὰν
1829 4909 1952 4965 ἐπι-

282 4998 512 5072 τρέψας,
569 5000 652 5069 τῷ
708 4997 888 5068 παπίᾳ
942 4999 1042 5066 τὴν
1102 4997 1269 5053 αὐτοῦ
1328 4997 1578 5074 φυλακὴν
1646 5001 1948 5071 ἀνατίθησι.

289 5089 434 5162 Πρὸς
467 5085 524 5144 δὲ
557 5090 660 5158 τήν
721 5088 952 5163 σύζυγον
990 5085 1338 5166 ἐπιστραφεὶς
1387 5083 1512 5166 ἔφη*
1569 5091 1773 5164 «Ἐγὼ
1834 5091 1951 5164 μὲν,

288 5177 547 5255 ὧγύναι,
592 5185 714 5242 ταῖς
769 5183 890 5240 σαῖς
941 5177 1232 5257 βακχείαις
1290 5179 1529 5244 πείσθείς
1588 5179 1821 5250 ἐποίησα
1877 5183 1952 5245 ὠς

283 5266 592 5330 ἐκέλευσας
653 5266 716 5322 σὺ
773 5264 830 5322 δὲ
876 5267 977 5322 οὐκ
1030 5267 1107 5329 είς
1194 5272 1402 5342 μακράν
1460 5268 1677 5344 ἐπόψεῑ,
1742 5269 1832 5324 καὶ
1886 5271 1954 5325 τὰ

280 5365 390 5428 τῆς
422 5356 561 5431 ἐμῆς
595 5355 800 5427 νηδύος
849 5355 1237 5432 βλαστήματα,
1297 5357 1364 5413 τὰ
1428 5353 1841 5432 ἀποϐησόμενα,
1905 5359 1952 5414 εἷ

1980 1913 2028 1978 Β

2077 637 2288 692 parum
2316 625 2566 680 honeste
2583 627 2837 690 dixerat,
2864 628 3102 682 minans
3127 628 3178 681 ei
3199 629 3435 698 imperii
3458 630 3730 700 privatio-

2075 727 2212 767 nem
2247 721 2304 769 et
2335 717 2504 770 uxori
2533 715 2768 771 illicitas
2798 719 3058 788 nuptias.
3094 719 3169 772 Ea
3221 735 3356 774 cum
3410 725 3609 774 essent
3655 722 3727 776 ad

2069 816 2133 854 se
2163 802 2365 865 allata,
2400 805 2726 875 imperator
2757 807 3050 876 principio
3098 808 3304 861 statuit
3357 814 3483 862 arte
3529 826 3662 863 eum
3696 825 3728 863 a

2066 887 2478 945 maledicentia
2511 909 2575 946 ac
2609 894 2800 962 pravis
2857 893 3123 947 consiliis
3161 895 3478 948 detrahere
3526 896 3726 964 (norat

2067 979 2224 1033 enim
2258 996 2382 1035 eum
2419 983 2765 1052 turpissimo
2799 983 3012 1053 lingua)
3047 985 3452 1038 immoderata:
3516 986 3721 1040 morbo

2063 1067 2382 1141 laborare),
2413 1071 2788 1126 dissimulata
2811 1090 3013 1127 eorum
3040 1091 3169 1143 quae
3197 1074 3255 1128 in
3283 1092 3343 1129 se
3372 1081 3541 1128 erant
3569 1076 3725 1130 dicta

2063 1159 2294 1213 notitia.
2329 1162 2472 1214 Cum
2493 1167 2691 1216 autem
2721 1162 3141 1217 interminatus
3163 1180 3424 1233 ususque
3449 1164 3520 1217 ad
3533 1167 3724 1218 moui-

2065 1247 2327 1303 tionibus
2351 1249 2824 1320 deprehenderet
2839 1267 2972 1306 eum
2996 1252 3055 1305 in
3071 1254 3388 1322 praesentia
3408 1253 3725 1308 maledicta

2063 1335 2330 1403 infitiari,
2367 1354 2692 1410 rursusque
2725 1345 2962 1395 nactum
2992 1339 3297 1394 licentiam
3329 1342 3400 1395 ab
3459 1342 3716 1412 ίῐιςωριο

2061 1441 2183 1479 non
2214 1425 2520 1493 desistere,
2555 1427 2855 1482 submittit
2883 1429 3112 1484 occulte
3135 1430 3588 1497 auscultatores,
3615 1433 3716 1502 qui

2060 1514 2442 1570 observarent
2463 1516 2790 1573 hominem.
2815 1519 2859 1572 Ii
2886 1535 3020 1573 cum
3045 1523 3358 1574 notassent
3378 1536 3513 1574 eum
3533 1537 3721 1590 saepe-

2059 1619 2309 1659 numero
2340 1604 2402 1658 in
2425 1606 2709 1660 conviviis
2732 1612 2910 1677 atque
2939 1608 3097 1661 inter
3119 1607 3333 1679 pocula
3355 1608 3487 1662 vino
3523 1613 3719 1663 mente

2059 1693 2315 1749 alienata
2344 1710 2558 1766 magno
2577 1701 2793 1752 conatu
2811 1697 3182 1768 propositum
3213 1713 3387 1751 suum
3415 1699 3715 1768 persequi,

2057 1799 2186 1839 rem
2217 1784 2560 1855 imperatori
2591 1785 2744 1842 862
2778 1790 3100 1856 exponunt.
3133 1785 3466 1840 Plurimum
3493 1787 3715 1843 delato-

2058 1873 2224 1929 ribus
2256 1874 2523 1929 Michaeli
2570 1875 2706 1929 fidei
2757 1875 3095 1930 conciliavit
3142 1875 3482 1942 Exabulius,
3535 1877 3710 1932 homo

2058 1964 2320 2037 prudens
2351 1965 2594 2036 regique
2625 1966 2940 2020 familiaris
2973 1966 3206 2037 ipsique
3251 1967 3536 2021 Michaelo
3587 1983 3706 2020 non

2056 2053 2309 2126 ignotus.
2345 2055 2528 2118 Quem
2559 2055 2606 2108 is
2638 2071 2772 2109 cum
2805 2071 2962 2125 saepe
2985 2055 3057 2109 ab
3107 2055 3427 2110 immodica
3471 2055 3709 2110 dicendi

2055 2141 2299 2198 licentia
2329 2149 2487 2198 esset
2515 2143 2880 2207 dehortatus,
2913 2145 3361 2214 monuissetque
3391 2151 3457 2199 ut
3489 2150 3712 2200 taceret

2056 2248 2250 2303 neque
2283 2237 2400 2286 tam
2429 2233 2848 2304 intempestiva
2879 2233 3155 2289 libertate
3187 2234 3306 2288 oris
3339 2235 3397 2288 in
3448 2251 3712 2305 praesens

2054 2322 2387 2393 periculum
2421 2339 2484 2376 se
2525 2323 2868 2394 conjiceret,
2930 2340 3064 2378 cum
3122 2340 3243 2378 non
3302 2323 3710 2394 persuaderet,

2057 2411 2259 2466 omnia
2288 2411 2418 2482 ejus
2477 2411 2676 2466 studia
2725 2412 3072 2484 imperatori
3122 2412 3462 2468 declaravit.
3519 2413 3717 2468 Pridie

2053 2501 2256 2570 itaque
2297 2500 2707 2556 natalitiorum
2771 2501 2988 2556 Christi
3042 2502 3368 2571 imperator
3415 2503 3718 2573 perceptis

2053 2588 2293 2645 indiciis
2323 2589 2385 2644 in
2417 2589 2655 2645 archivo
2688 2607 2794 2660 pro
2828 2589 3112 2645 tribunali
3145 2591 3413 2646 considet
3454 2592 3578 2661 ipse
3633 2592 3717 2646 de

2051 2679 2125 2734 iis
2157 2679 2571 2749 inquisiturus.
2606 2678 2690 2732 lbi
2717 2679 3038 2734 Michaelus
3068 2697 3130 2734 re
3171 2686 3444 2735 accurate
3495 2680 3706 2751 explo-

2049 2775 2179 2824 rata
2201 2769 2490 2824 affectatae
2513 2768 2848 2839 tyrannidis
2870 2785 3008 2824 reus
3025 2770 3345 2841 peragitur,
3371 2770 3498 2840 ipse
3527 2770 3706 2824 etiam

2050 2858 2320 2913 confiteri
2363 2857 2558 2913 scelus
2615 2857 2689 2912 ob
2748 2858 3166 2929 probationum
3219 2859 3704 2929 perspicuitatem

2049 2951 2288 3002 coactus
2314 2963 2326 3013 ;
2360 2945 2665 3016 ferturque
2697 2947 2758 3000 in
2790 2963 2923 3001 eum
2954 2947 3270 3015 sententia,
3305 2952 3370 3002 ut
3399 2948 3460 3001 in
3513 2947 3701 3002 cami—

2048 3052 2195 3091 num
2228 3035 2464 3102 lavacri,
2498 3035 2656 3104 quod
2687 3041 2778 3090 est
2807 3036 2868 3090 in
2899 3035 3141 3106 palatio,
3175 3037 3336 3091 vivus
3394 3035 3702 3105 conjectus

2049 3129 2366 3194 cremetur,
2400 3124 2754 3194 inspiciente
2787 3125 3164 3195 imperatore.
3201 3125 3343 3180 Cum
3383 3125 3511 3195 jam
3562 3125 3695 3178 vin-

2049 3219 2177 3270 ctus
2207 3213 2278 3267 ad
2333 3213 2690 3284 supplicium
2751 3212 3087 3280 duceretur,
3148 3213 3324 3285 idque
3374 3214 3699 3284 imperator

2050 3319 2250 3359 coram
2311 3318 2555 3357 cernere
2614 3303 2878 3374 gestiret,
2938 3303 3178 3356 interim
3233 3303 3374 3356 dum
3437 3303 3694 3373 spatium

2050 3409 2166 3464 quo
2233 3391 2307 3447 ad
2375 3391 2572 3446 locum
2639 3409 2826 3462 pcenm
2892 3392 3126 3446 venitur
3187 3392 3696 3463 perambularent,

2050 3483 2397 3555 imperatrix
2427 3483 2775 3549 Theodosia,
2824 3481 3100 3537 Arsaberi
3152 3482 3334 3537 ﬁliola
3382 3481 3509 3548 illa,
3558 3480 3702 3551 quid

2050 3573 2342 3646 agendum
2377 3577 2534 3628 esset
2581 3573 2836 3644 cognito,
2902 3572 3177 3626 celeriter
3236 3571 3498 3626 thalamo
3557 3571 3700 3636 exit,

2050 3663 2288 3719 bacchaa
2317 3662 2627 3734 cujusdam
2665 3663 2850 3717 instar
2882 3668 3045 3716 motu
3081 3663 3302 3716 furioso
3336 3679 3468 3716 sece
3499 3678 3702 3732 agens,

2053 3754 2593 3825 imperatoremque
2625 3753 3065 3824 apprehensum
3101 3751 3458 3824 flagitiosum
3491 3769 3556 3805 ac
3589 3753 3706 3804 Deo

2051 3842 2461 3897 adversantem
2495 3841 2778 3913 appellat,
2813 3841 2914 3911 qui
2947 3858 3021 3896 ne
3061 3858 3244 3896 sacrm
3295 3842 3536 3910 quidem
3589 3840 3705 3898 diei

2051 3935 2341 4002 parceret,
2402 3930 2776 3984 Dominicum
2861 3947 3080 4000 corpus
3148 3935 3558 3999 percepturus.
3621 3930 3709 3983 Ita

2053 4017 2432 4089 imperatoris
2490 4017 2776 4088 impetum
2837 4034 2907 4072 ea
2964 4017 3242 4081 inhibuit,
3313 4023 3379 4071 ut
3433 4022 3706 4070 metuens

2054 4125 2130 4164 ne
2170 4109 2356 4162 Deum
2407 4105 2757 4173 offenderet,
2812 4107 2870 4160 in
2929 4106 3246 4176 praesentia
3301 4105 3492 4160 salute
3550 4103 3706 4159 863

2052 4196 2402 4252 Michaelum
2465 4194 2720 4258 donarit,
2808 4194 3194 4265 compedibus
3262 4194 3437 4248 modo
3496 4193 3706 4247 ferreis

2055 4287 2347 4341 inclusum
2377 4302 2390 4351 ;
2420 4300 2671 4356 quarum
2717 4284 2878 4338 clave
2927 4283 3038 4338 sibi
3098 4288 3348 4349 retenta,
3401 4283 3705 4336 hominem

2054 4375 2246 4448 papiae
2273 4374 2728 4430 custodiendum
2770 4372 3090 4428 mandavit.
3140 4372 3228 4428 Ad
3275 4388 3522 4426 uxorem
3567 4387 3706 4426 vero

2055 4481 2372 4520 conversus
2405 4479 2416 4517 :
2451 4484 2478 4512 ‹‹
2507 4462 2661 4529 Feci,
2695 4463 2909 4533 inquit,
2965 4461 3121 4531 quod
3157 4461 3415 4531 jussisti,
3472 4458 3705 4525 mulier,

2057 4555 2174 4609 tuis
2205 4570 2523 4625 persuasus
2544 4552 3067 4607 bacchationibus:
3095 4551 3197 4605 sed
3221 4556 3282 4605 tu
3308 4567 3444 4605 mox
3475 4566 3708 4613 cernes,

1980 4651 2029 4715 Ι)
2061 4650 2118 4698 et
2148 4643 2349 4715 prolos
2387 4648 2607 4703 nostra,
2643 4641 2786 4712 quid
2817 4646 3164 4696 eventurum
3198 4642 3293 4703 sit,
3327 4641 3504 4694 etiam
3539 4640 3585 4694 si
3618 4656 3709 4693 me

2063 4735 2240 4789 hodie
2272 4751 2305 4788 a
2333 4739 2572 4805 peccato
2606 4731 2969 4788 abstinuisti.
3005 4753 3032 4781 »
3067 4734 3259 4803 Atque
3305 4733 3414 4786 hoc
3466 4730 3710 4802 quidem

2059 4825 2533 4894 ille,quanquam
2556 4840 2589 4877 a
2612 4823 2851 4879 fatidica
2872 4821 3262 4893 inspiratione
3285 4821 3710 4890 alienissimus,

2057 4931 2192 4969 vere
2224 4913 2575 4968 vaticinatus
2609 4919 2715 4966 est.
2750 4913 2959 4967 Fertur
2991 4918 3048 4966 et
3078 4912 3387 4967 oraculum
3411 4913 3538 4981 jam
3567 4910 3710 4964 olim

2059 5002 2380 5073 accepisse,
2415 5018 2531 5072 quo
2555 4999 2919 5074 monebatur
2947 5016 3075 5055 esse
3107 4999 3166 5053 in
3199 4999 3334 5054 fatis
3359 5005 3425 5054 ut
3443 4997 3712 5052 natalitio

2060 5091 2275 5146 Christi
2307 5090 2456 5144 festo
2488 5106 2621 5144 cum
2653 5089 2900 5160 imperio
2930 5089 3107 5142 vitam
3140 5088 3394 5142 amittat.
3437 5085 3569 5139 Fuit
3600 5085 3712 5140 hoc

2060 5180 2370 5235 oraculum
2429 5179 2805 5250 Sibyllinum,
2862 5177 3218 5247 inscriptum
3278 5175 3428 5229 libro
3473 5173 3710 5228 cuidam

2059 5269 2436 5324 bibliotheca:
2471 5267 2890 5340 imperatorim,
2927 5283 3042 5337 quo
3077 5283 3194 5319 non
3246 5262 3486 5319 oracula
3535 5263 3709 5317 modo

2063 5359 2524 5415 continebantur
2536 5357 2639 5414 sed
2661 5362 2719 5411 et
2737 5358 2937 5428 figurm
2963 5356 3388 5425 imperatorum
3411 5350 3710 5406 coloribus

1500 5487 1867 5543 XYLANDRI
1896 5487 1985 5542 ET
2013 5489 2231 5544 GOARI
2269 5488 2491 5543 ΝΟΤΑΞ.

356 5585 474 5654 (58)
505 5585 569 5638 In
597 5583 818 5709 p‘alatio
875 5583 1238 5655 augustiore,
1291 5583 1416 5656 juri
1472 5584 1730 5641 dicundo
1784 5585 1941 5640 desi-

356 5661 465 5709 iato
495 5654 571 5709 ad
653 5653 1051 5709 innodronum
1085 5660 1404 5709 exstructo.
1439 5656 1582 5709 nos):
1633 5656 1725 5709 τὺν
1776 5656 1941 5709 ἱππό-

322 5653 465 5712 nato
495 5654 571 5712 ad
601 5653 1051 5780 Hifpodronum
1085 5653 1404 5711 exstructo.
1439 5656 1582 5729 Πρὸς
1633 5656 1725 5711 τὺν
1776 5656 1945 5711 ἱππό-

322 5747 494 5780 οοιιον
555 5745 654 5780 κατ
743 5725 812 5780 τὰ
867 5723 1228 5780 ἀσηκοητεῖα.
1273 5725 1484 5780 Ἐκεῖσε
1532 5729 1635 5780 γὰο
1704 5728 1829 5780 τότε
1879 5727 1943 5780 τὸ

316 5747 494 5804 ρομον
555 5723 695 5782 κατᾶ
717 5723 812 5782 “τὰ
867 5723 1228 5802 ἀσηκρητεῖα.
1273 5723 1499 5785 Ἐκεῖσί
1532 5729 1635 5805 γὰρ
1704 5728 1829 5785 τότε
1879 5727 1943 5784 τὸ

2055 5588 2165 5640 τῶν
2190 5585 2490 5656 ἀσηκρῆτις
2520 5579 2999 5656 ἦννκαταγώγιον.
3057 5579 3344 5656 successu
3398 5577 3706 5648 temporis,

2057 5664 2123 5713 ut
2152 5650 2290 5713 hinc
2324 5650 2510 5728 liquet
2539 5655 2656 5711 alio
2689 5650 3040 5709 translatum
3075 5650 3202 5704 fuit.
3239 5651 3415 5703 Gesn.
