4112 6426
336 406 452 467 947

1703 396 2026 460 GEORGII
2071 399 2417 465 CEDRE‘NI

3632 419 3754 478 948

337 542 636 614 exspictm.
668 542 736 595 In
770 557 837 596 eo
865 540 1018 595 libro
1066 540 1299 611 depicta
1354 542 1478 593 erat
1533 536 1659 591 fera
1717 536 1831 600 leo,
1892 534 1987 590 cui

2125 535 2191 624 Lai
2253 541 2493 615 σήμερόν
2553 563 2618 615 με
2674 547 2771 598 τοῦ
2823 544 3222 619 ἁμαρτήματος
3278 545 3683 624 ἠλευθέρωτας.
3731 573 3759 601 »

338 649 596 704 superne
627 633 690 687 in
720 632 893 687 dorso
926 631 1123 685 littera
1155 647 1195 701 χ
1224 628 1297 684 ad
1328 633 1594 683 ventrem
1625 643 1816 698 usque
1871 631 1999 680 erat

336 722 625 794 inscripta
651 742 666 790 ;
701 726 759 776 et
779 738 813 775 a
834 726 995 790 tergo
1018 720 1105 773 vir
1125 717 1373 789 quidam
1396 733 1722 772 accurrens
1762 715 1998 770 leonem

338 811 512 867 hasta
540 828 648 882 per
678 811 866 881 ipsam
912 809 1169 862 litteram
1222 806 1570 879 conﬁgebat.
1625 808 1890 875 Cumque
1938 803 1998 857 id

343 900 650 956 oraculum
683 900 1000 953 obscurum
1035 896 1356 966 videretur,
1393 896 1556 950 solus
1609 912 1676 950 eo
1730 900 1999 965 tempore

347 995 608 1061 quaestor
625 987 821 1057 interp
831 985 1407 1053 retabatur,Leonem
1425 984 1627 1039 dicens
1653 984 1796 1038 olim
1816 984 2002 1054 impe-

344 1084 604 1134 ratorem
636 1075 780 1141 fore,
818 1074 920 1145 qui
952 1075 1082 1145 ipso
1115 1074 1331 1129 Christi
1363 1074 1553 1130 Natali
1603 1074 1762 1130 mala
1810 1080 2001 1131 morte

349 1170 504 1222 esset
533 1164 903 1219 interiturus.
936 1164 1139 1233 Neque
1170 1163 1369 1218 minus
1405 1164 1656 1218 Leonem
1706 1170 1999 1235 perterre-

346 1255 451 1310 bat
477 1254 652 1308 matri
686 1254 817 1326 ejus
857 1252 1057 1308 oblata
1112 1252 1279 1308 visio.
1341 1255 1422 1308 Ea
1479 1253 1639 1308 enim
1700 1254 2003 1309 dormiens

346 1343 548 1398 videre
581 1343 693 1399 sibi
726 1342 854 1397 visa
880 1342 1076 1397 fuerat
1105 1359 1190 1410 se,
1234 1358 1369 1397 cum
1420 1342 1483 1398 in
1533 1342 1723 1397 tndem
1773 1359 2004 1398 sacram

347 1428 613 1506 Déiparm
644 1433 1145 1489 Blachernensem
1168 1433 1374 1489 crebro
1390 1439 1776 1502 commearet,
1791 1434 2003 1506 virgini

348 1524 585 1581 cuidam
604 1539 915 1578 occurrere
932 1523 1145 1578 albatis
1166 1522 1307 1578 viris
1332 1524 1590 1594 stipatas;
1617 1539 1793 1594 porro
1816 1522 2005 1578 eadem

347 1613 509 1670 864
536 1630 598 1669 se
638 1612 837 1667 videre
895 1613 1181 1685 sanguine
1235 1612 1547 1684 repletam,
1606 1618 1667 1667 et
1720 1612 2006 1685 virginem

353 1705 530 1759 istam
560 1701 800 1758 cuidam
830 1701 1163 1757 albatorum
1192 1702 1476 1757 mandare
1519 1707 1586 1756 ut
1632 1701 1813 1758 ollam
1865 1718 2009 1757 san-

353 1793 530 1865 guine
557 1791 836 1862 impleret
866 1790 1160 1860 matrique
1196 1790 1406 1845 Leonis
1436 1789 1763 1845 bibendum
1817 1790 2006 1862 porri-

2107 623 2264 715 ρὶἱτω
2320 629 2383 683 τὸ
2446 629 2671 702 μὲλλον,
2723 632 2769 687 εἰ
2852 634 2942 688 καὶ
3036 634 3227 710 πόρρω
3282 623 3631 715 προφητιγης
3692 640 3757 708 ἦν
3842 629 3854 641 ’

2107 710 2415 786 ἐπιπνοίας,
2470 717 2693 789 ἀληθῶς
2753 719 3107 797 ἀπεφοίϐασε.
3166 710 3416 796 Λέγουσι.
3455 722 3502 780 δ’
3556 726 3762 782 ὅτικαὶ

2110 806 2368 879 χρησμὸς
2405 806 2474 875 ἦν
2531 808 2735 865 ἄνωθεν
2787 812 2935 885 αὐτῴ
2996 810 3286 887 δεδομένος
3348 815 3422 869 ὡς
3479 816 3615 870 κατὰ
3661 818 3764 885 τήν

2109 894 2318 969 ἡμέραν
2377 904 2477 967 τῆς
2534 903 2780 972 Χριστοῦ
2837 906 2933 957 τοῦ
2992 907 3127 958 Θεοῦ
3192 905 3353 976 ἡμῶν
3404 905 3541 959 κατά
3597 904 3767 980 σάρκα

2108 987 2410 1058 γεννήσεως
2443 984 2723 1062 πέπρωται
2757 990 2903 1062 αὖτῷ
2947 993 3049 1062 τήν
3108 1012 3167 1047 τε
3228 992 3521 1068 βασιλικὴν
3582 992 3763 1050 εὐδαι-

2115 1075 2302 1147 μονίαν
2333 1073 2654 1148 ἀποϐαλεῖν,
2712 1081 3122 1152 προσαπολέσαι
3177 1079 3233 1138 δὲ
3288 1083 3377 1138 καὶ
3437 1082 3603 1153 αὐτὴν
3664 1087 3767 1154 τήν

2115 1167 2284 1250 ζωήν.
2326 1169 2410 1241 [Ρ.
2445 1171 2572 1242 493]
2605 1164 2977 1225 Σιϐυλλιακὸς
3008 1169 3065 1226 δὲ
3094 1173 3161 1241 ἧν
3188 1174 3216 1226 6
3248 1175 3528 1250 χρησμὸς,
3576 1168 3629 1229 ἔν
3661 1196 3767 1229 τινι

2116 1249 2299 1330 βίϐλῳ
2353 1264 2453 1326 τῆς
2514 1259 2809 1334 βασιλικῆς
2866 1249 3766 1339 βιϐλιοθήκηςπέγγεγραμμένος,

2114 1344 2177 1399 οὐ
2209 1347 2503 1424 χρησμοὺς
2535 1348 2697 1420 μόνον
2729 1348 2922 1411 ἅπλῶς
2945 1348 3170 1424 ἐχούσῃ,
3214 1350 3359 1407 ἀλλὰ
3407 1352 3497 1406 xiii
3550 1354 3769 1433 μορφάς

2113 1433 2203 1489 καὶ
2229 1437 2492 1511 σχήματα
2520 1440 2628 1491 τῶν
2667 1434 2939 1512 βασιλέων
2992 1436 3081 1493 διὰ
3131 1440 3469 1514 χρωμάτων.
3521 1442 3619 1498 Ἠν
3671 1440 3763 1496 οὖν

2117 1524 2308 1596 θηρίον
2346 1527 2794 1604 μεμορφωμὲνων
2828 1528 2856 1581 6
2887 1525 3027 1582 λέων
3056 1528 3111 1582 ἐν
3149 1533 3230 1601 τῷ
3290 1524 3516 1604 βιϐλίῳ,
3563 1528 3766 1595 ἄνωθεν

2116 1610 2173 1667 δὲ
2201 1619 2301 1682 τῆς
2332 1613 2496 1668 αὐτοῦ
2557 1613 2772 1691 ῥάχεως
2829 1616 3199 1693 ἐπεγέγραπτο
3253 1619 3316 1674 τὸ
3374 1625 3442 1694 χῖ
3495 1626 3772 1695 στοιχεῖον

2120 1701 2286 1778 μέχρι
2315 1703 2406 1757 καὶ
2438 1702 2607 1769 αὐτῆς
2646 1711 2749 1774 τῆς
2806 1707 3062 1782 γαστρὸς,
3119 1708 3345 1763 κατόπιν
3396 1705 3453 1763 δέ
3498 1730 3582 1771 τις
3630 1709 3768 1785 ἀνὴρ

2117 1790 2342 1847 ἐπιθέων
2378 1790 2565 1869 δόρατι
2595 1794 2807 1866 καιρίαν
2845 1792 3029 1851 ἐδίδου
3076 1795 3299 1871 πληγήν
3340 1801 3420 1869 τῷ
3469 1796 3643 1873 θηρίῳ
3682 1796 3773 1855 διὰ

353 1889 554 1955 geret;
589 1898 651 1937 se
696 1885 893 1936 autem
943 1879 1266 1935 multorum
1315 1896 1610 1935 annorum
1656 1879 2001 1937 viduitatem

2125 1877 2285 1953 μέσου
2313 1885 2411 1935 τοῦ
2441 1887 2525 1956 χῖ.
2586 1883 2874 1961 ’Δσάφειαν
2936 1883 2984 1938 δ’
3045 1885 3435 1963 ὑποφαίνοντος
3493 1890 3589 1942 τοῦ
3619 1906 3762 1963 χρη-

350 1969 741 2043 Ρτωιθῐιᾰθιιθ,
766 1969 939 2040 cujus
964 1970 1153 2041 gratia
1173 1985 1369 2040 neque
1390 1986 1601 2025 carnes
1624 1986 1817 2041 neque
1840 1970 2008 2042 quid-

351 2076 528 2132 quam
562 2059 852 2131 sanguine
882 2057 1197 2130 praeditum
1225 2064 1540 2130 gustasset,
1587 2058 1840 2131 ideoque
1887 2060 2008 2115 olla

355 2149 535 2205 etiam
566 2149 677 2203 hac
721 2147 1069 2203 abstineret.
1119 2148 1265 2202 Tum
1312 2147 1601 2219 virginem
1649 2148 1863 2202 iratam
1913 2148 2006 2202 di-

355 2255 511 2304 cere,
549 2260 575 2288 ιι
609 2237 717 2302 Qui
757 2252 895 2308 ergo
917 2235 1088 2291 .filius
1119 2241 1256 2290 tuus
1286 2251 1407 2290 non
1440 2235 1663 2291 desinit
1704 2252 1765 2291 se
1819 2235 2009 2290 multo

356 2342 567 2383 cruore
598 2324 862 2396 opplere,
897 2339 1086 2394 eoque
1116 2339 1210 2378 me
1242 2329 1302 2378 et
1338 2324 1554 2378 Filium
1588 2325 1776 2378 Deum
1807 2339 2008 2378 meum

358 2415 593 2470 irritare
614 2415 642 2468 ‘2
674 2435 701 2463 ››
733 2415 921 2484 Atque
954 2412 1028 2468 ab
1061 2428 1129 2467 eo
1160 2418 1429 2484 tempore
1484 2417 1677 2468 mater
1723 2412 2011 2468 visionem

357 2506 532 2561 istam
592 2503 812 2575 tragice
868 2502 1157 2571 referens,
1217 2519 1338 2556 non
1388 2502 1701 2558 destiterat
1755 2504 2012 2558 Leonem

354 2593 580 2649 hortari
640 2598 708 2648 ut
758 2591 1330 2664 imaginiperdarum
1404 2592 1616 2647 haeresi
1674 2592 2009 2648 obsisteret.

355 2681 751 2739 Perturbabat
779 2688 838 2736 et
866 2681 985 2737 alia
1015 2680 1175 2736 haud
1218 2681 1447 2737 modice
1495 2681 1661 2736 visio.
1713 2683 1857 2737 Nam
1908 2700 2016 2754 per

359 2772 622 2845 quietem
652 2772 812 2827 visus
837 2770 949 2826 sibi
998 2771 1193 2826 fuerat
1238 2771 1445 2826 audire
1488 2771 1792 2827 Tarasium
1830 2772 2015 2843 patri-

360 2863 602 2920 archam
633 2862 899 2918 nobilem
932 2862 1125 2931 illum,
1158 2861 1259 2932 qui
1284 2861 1642 2933 jamdudum
1674 2863 1851 2918 vitam
1878 2880 2014 2919 cum

363 2960 555 3010 morte
587 2958 1073 3016 commutaverat,
1106 2952 1458 3009 Michaelum
1490 2953 1808 3024 quemdam
1828 2954 2017 3009 nomi-

362 3043 551 3099 natim
584 3042 884 3098 exhortari
943 3046 1120 3114 atque
1154 3042 1477 3113 impellere
1526 3047 1594 3098 ut
1640 3043 1701 3098 in
1760 3044 2015 3098 Leonem

359 3135 649 3205 impetum
669 3131 893 3187 faceret
908 3131 1190 3202 letalique
1210 3132 1329 3186 ictu
1353 3132 2018 3205 sterneret.Exagitabat

2113 1974 2278 2042 σμοῦ,
2314 1969 2480 2042 μόνος
2511 1972 2539 2026 6
2566 1977 2865 2042 τηνικαῦτα
2894 1972 3189 2048 κοιαίστωρ
3252 1973 3410 2030 αὐτὸν
3465 1972 3768 2050 διετρανου,

2112 2061 2318 2117 Λέοντα
2349 2061 2572 2136 μὲλλειν
2605 2066 2781 2140 φήσας
2825 2066 2947 2121 τινὰ
3002 2065 3228 2142 βασιλέα
3280 2069 3401 2124 κατ’
3449 2067 3617 2139 αὐτὴν
3671 2071 3769 2139 τὴν

2113 2150 2323 2224 ἡμέραν
2356 2155 2455 2219 τῆς
2487 2157 2583 2208 τοῦ
2612 2154 2854 2221 Χριστοῦ
2901 2157 3210 2226 Γεννήσεως
3254 2158 3472 2231 θανάτῳ
3528 2156 3768 2234 ὀλεθρίῳ

2115 2236 2510 2312 παραδοθῆναι.
2543 2243 2877 2317 Ὑπέοραπτι
2908 2241 2965 2299 δὲ
2996 2242 3149 2300 οὐδὲν
3181 2246 3346 2314 ἦττον
3407 2245 3499 2302 τόν
3544 2246 3776 2321 βασιλέα

2114 2326 2204 2381 καὶ
2266 2325 2609 2401 ἐξεδειμάτου
2666 2333 2757 2386 καὶ
2821 2336 2855 2401 ἡ
2916 2340 3017 2403 τῆς
3076 2334 3279 2396 οῗκείας
3352 2338 3561 2412 μητρὸς
3620 2331 3772 2411 ὄψις.

2118 2417 2311 2490 Ἔγοξε
2338 2416 2438 2492 γάρ
2470 2417 2607 2489 αὕτη
2640 2421 2778 2475 γατά
2806 2421 2899 2475 τὸν
2947 2420 3000 2475 ἐν
3056 2421 3400 2501 Βλαχέρναις
3452 2426 3594 2481 θεῖον
3653 2426 3780 2481 ναὸν

2116 2510 2219 2574 τῆς
2251 2504 2519 2561 Θεοτόκου
2552 2511 2798 2584 φοιτῶσα
2838 2514 3084 2583 συνεχῶς
3141 2512 3280 2586 κόρῃ
3351 2513 3460 2567 τινὶ
3523 2520 3781 2586 συναντᾷν

2121 2590 2478 2666 λευχείμοσιν
2538 2590 2764 2667 ἀνδράσι
2825 2592 3296 2673 δορυφορουμὲνῃ,
3373 2598 3518 2672 ἑώρα
3577 2597 3635 2654 δὲ
3690 2603 3782 2656 καὶ

2116 2680 2209 2734 τὸν
2242 2683 2384 2736 θεῖον
2438 2682 2560 2736 ναὸν
2618 2683 2849 2756 αἳματος
2906 2684 3319 2759 πεπλησμένον.
3386 2689 3690 2761 Ηροστᾶξαι
3724 2688 3783 2745 δὲ

2121 2772 2223 2840 τὴν
2264 2772 2540 2826 θεαθεῖσαν
2593 2772 2765 2847 κόρην
2826 2773 2899 2828 ὲνῖ
2955 2779 3066 2830 τῶν
3128 2775 3510 2851 λευχειμόνων
3570 2775 3776 2854 ἀνδρῶν

2124 2859 2330 2935 χύτραν
2358 2862 2481 2916 τινὰ
2506 2860 2777 2933 πλήσαντι
2836 2862 3069 2935 αἳματος
3117 2867 3186 2936 τῇ
3252 2867 3421 2940 μητρὶ
3458 2867 3555 2922 τοῦ
3613 2866 3782 2922 Λέον-

2121 2972 2215 3014 τος
2274 2947 2552 3005 ἐπιδοῦναι
2610 2956 2772 3006 πιεῖν·
2828 2951 2997 3021 αὐτῆς
3068 2951 3124 3008 δὲ
3212 2952 3458 3025 πολυετῆ
3545 2956 3778 3031 χηρείαν

2123 3035 2613 3116 προϐαλλομένης,
2648 3037 2695 3096 δ’
2752 3041 2819 3110 ἤν
2884 3044 3024 3114 μήτε
3077 3046 3251 3117 κρεῶν
3306 3045 3446 3116 μήτε
3495 3044 3639 3107 τινὸς
3669 3049 3777 3100 τῶν

2125 3127 2362 3201 ἐναίμων
2390 3128 2702 3205 γεύσασθαι,
2734 3131 2826 3185 καὶ
2858 3127 2948 3185 διὰ
3000 3134 3165 3187 τοῦτο
3227 3130 3370 3205 μηδέ
3418 3134 3622 3204 ταύτης
3677 3140 3780 3204 τῆς

365 3223 544 3278 etiam
574 3221 854 3277 monachi
902 3220 1059 3293 apud
1113 3220 1533 3276 Philomelium
1578 3221 1907 3292 prmdictio,
1959 3227 2015 3277 et

2131 3217 2335 3293 χύτρας
2394 3212 2651 3318 ἕιψασθαι,
2711 3244 2740 3271 ‹‹
2791 3220 2893 3276 Καὶ
2953 3225 3095 3292 πῶς,
3151 3216 3346 3298 ἔφησεν
3382 3223 3587 3298 ἡκόρη
3649 3223 3784 3297 μετὰ

362 3313 540 3368 vestis
597 3328 717 3368 sum
748 3310 1094 3367 aMichaelo
1150 3310 1376 3366 induta;
1431 3311 1787 3378 recordatio,
1838 3326 2017 3381 quam

363 3418 492 3457 rem
526 3417 707 3473 supra
763 3401 1168 3472 exposuimus.
1222 3399 1322 3455 His
1366 3399 1645 3454 omnibus
1695 3399 2023 3454 terroribus

367 3497 533 3548 actus
566 3491 890 3560 imperator
918 3493 1081 3543 metu
1113 3487 1566 3543 coucutiebatur
1593 3492 1771 3558 atque
1819 3487 2021 3542 animo

368 3580 717 3649 ﬂuctuabat,
770 3594 1021 3649 eamque
1082 3583 1319 3633 noctem
1379 3578 1718 3632 insomnem
1781 3578 2022 3649 exigens

371 3669 701 3740 sapientius
733 3681 911 3737 quam
944 3666 1055 3720 sibi
1087 3665 1460 3723 commodius
1492 3666 1809 3722 consilium
1867 3667 2019 3724 iniit.

371 3760 517 3813 Nam
545 3761 829 3828 perrupta
858 3771 975 3825 qua
1004 3755 1079 3809 ad
1110 3754 1346 3826 papiam
1371 3755 1570 3810 ibatur
1615 3756 1871 3828 portula,
1914 3756 2023 3812 do-

372 3864 536 3903 mum
569 3847 697 3919 ejus
730 3845 987 3915 intravit,
1020 3846 1395 3917 speculatum
1425 3844 1568 3915 quid
1596 3846 1678 3900 ibi
1698 3852 2022 3919 gereretur.

367 3938 642 4009 Ingresso
682 3934 927 3989 domum
959 3950 1089 3989 eam
1131 3933 1536 4005 spectaculum
1593 3935 1857 3989 oblatum
1912 3941 2020 4002 est,

367 4024 525 4097 quod
556 4041 693 4079 eum
726 4022 886 4079 haud
916 4022 1238 4095 vulgariter
1266 4023 1606 4095 perterruit.
1642 4024 1798 4079 Vidit
1853 4040 2022 4079 nam-

368 4132 482 4186 que
511 4113 857 4169 damnatum
891 4112 1011 4167 alto
1051 4128 1120 4168 ac
1175 4112 1490 4185 magnifice
1542 4112 1862 4169 admodum
1918 4131 2021 4169 ex-

253 4234 264 4247 ι
370 4209 595 4259 structo
629 4209 756 4257 toro
778 4202 1004 4272 jacere,
1038 4202 1213 4273 papia
1242 4202 1306 4256 in
1340 4202 1500 4257 nudo
1549 4204 1887 4274 pavimento
1936 4220 2025 4258 re-

371 4293 710 4348 cumbente.
735 4291 888 4347 865
915 4291 1338 4361 Curiosiusque
1359 4307 1692 4363 aggressus,
1718 4296 1785 4346 ut
1811 4291 2022 4362 depre-

369 4382 661 4440 henderet
686 4396 830 4436 num
864 4380 1207 4444 Michaelus,
1242 4379 1399 4449 quod
1433 4379 1628 4434 solent
1665 4381 1823 4435 anxii
1857 4386 1915 4433 et
1962 4380 2026 4434 in

372 4472 501 4527 vitaa
533 4470 880 4525 discrimine
908 4469 1234 4538 constituti,
1267 4485 1543 4523 somnum
1603 4468 1924 4540 ancipitem
1958 4486 2025 4524 ac

372 4561 531 4618 curis
560 4560 831 4632 plenum,
861 4574 936 4612 an
969 4564 1175 4613 contra
1222 4574 1496 4612 securum
1555 4564 1733 4628 atque
1782 4573 2021 4613 suavem

372 4650 635 4714 duceret,
660 4647 845 4702 sensit
869 4662 1004 4701 eum
1028 4645 1323 4718 profundo
1351 4647 1549 4718 sopori
1577 4646 2026 4715 deditum,adeo

371 4744 438 4793 ut
465 4754 541 4793 ne
573 4734 1000 4792 contrectando
1031 4733 1275 4805 quidem
1299 4752 1434 4789 eum
1454 4735 1717 4807 potuerit
1745 4736 2023 4794 excitare.

371 4830 492 4884 Hoc
522 4834 642 4882 tam
674 4826 976 4896 insperato
1015 4825 1357 4896 spectaculo
1404 4825 1493 4880 ira
1540 4819 1736 4881 acrius
1784 4826 2029 4883 incensa

372 4917 667 4982 discessit,
700 4932 807 4988 per
832 4914 1020 4969 otium
1052 4930 1174 4968 non
1209 4915 1491 4970 Michaelo
1516 4920 1744 4972 tantum
1779 4917 1883 4973 sed
1914 4918 2027 4989 ipsi

373 5023 608 5081 quoque
642 5005 833 5078 papias
862 5004 1107 5059 exitium
1137 5009 1489 5060 structums.
1524 5007 1725 5076 Neque
1756 5007 1884 5062 haec
1932 5024 2030 5062 res

374 5100 611 5172 papiam
634 5094 865 5160 fefellit,
887 5094 1044 5166 quod
1064 5093 1306 5165 quidam
1330 5094 1597 5150 Michaeli
1614 5096 2027 5152 excubitorum

373 5205 443 5243 ex
509 5185 780 5258 puniceis
835 5181 1144 5239 cothurnis
1210 5181 1631 5253 imperatorem
1690 5191 2027 5256 agnoverat,

372 5275 607 5347 ipsique
637 5272 776 5343 quid
833 5276 1031 5327 actum
1081 5275 1240 5325 esset
1286 5269 1599 5342 perspicue
1643 5270 2025 5328 indicaverat.

369 5366 575 5435 Itaque
608 5362 812 5435 papias
844 5378 978 5417 cum
1010 5361 1157 5425 suis,
1190 5360 1390 5415 animo
1415 5361 1760 5432 gravissime
1791 5368 2030 5433 pertur-

371 5452 514 5517 bati,
538 5469 606 5507 ac
632 5467 815 5522 prope
839 5455 1003 5506 extra
1029 5465 1089 5503 se
1108 5449 1284 5520 rapti,
1304 5449 1375 5505 de
1399 5450 1666 5521 periculo
1691 5451 2026 5523 effugienda

373 5541 726 5597 deliberant.
769 5542 1013 5613 Jamque
1066 5539 1471 5609 illucescebat,
1523 5558 1658 5596 cum
1686 5541 2027 5611 ,Michaelus

375 5630 485 5686 hoc
518 5629 750 5684 consilii
784 5629 958 5701 capit‘
1018 5628 1268 5685 Simulat
1324 5646 1385 5685 se
1446 5647 1626 5703 opera
1682 5632 2025 5700 Theoctisti,

373 5724 564 5789 quem
580 5722 784 5786 postea
814 5717 886 5770 ad
914 5717 1162 5773 caniclei
1196 5718 1546 5791 dignitatem
1580 5719 1793 5791 evexit,
1845 5736 2020 5794 quas-

2133 3308 2330 3378 θυμοῦ,
2380 3303 2443 3360 οὐ
2500 3305 2725 3361 παύεται
2794 3308 2823 3361 6
2883 3307 2975 3370 σὸς
3032 3309 3148 3370 υἱὸς
3196 3309 3423 3365 πολλῶν
3487 3309 3782 3384 ἐμπιπλῶν

2132 3394 2378 3467 αἱμάτων
2438 3392 2537 3467 ἐμὲ
2593 3394 2683 3449 καὶ
2741 3397 2833 3449 τὸν
2886 3395 3018 3468 ἐμὸν
3105 3400 3457 3474 παροργίζων
3517 3400 3639 3454 ι”ιὸν
3695 3402 3785 3456 καὶ

2131 3483 2261 3539 Θεόν
2293 3502 2307 3552 ;
2344 3506 2370 3533 υ
2405 3480 2598 3537 Πολλά
2625 3503 2684 3537 τε
2713 3481 2896 3540 ἔκτοτε
2924 3485 3018 3539 τὸν
3070 3485 3266 3550 ἑαυτῆς
3312 3485 3618 3561 ἐξελιπάρει
3668 3490 3783 3544 υἱὸν

2129 3579 2228 3641 τῆς
2257 3576 2364 3627 τῶν
2408 3572 2809 3648 Εἰκονομάχων
2867 3574 3122 3645 ἐκστῆναι
3176 3578 3454 3651 αἱρέσεως,
3508 3581 3607 3648 τὴν
3658 3576 3782 3653 ὄψιν

2132 3659 2612 3736 ἐκτραγῳδήσασα.
2666 3663 2771 3718 Καὶ
2829 3664 2983 3740 ἑτέρα
3038 3662 3095 3720 δέ
3151 3687 3233 3729 τις
3282 3662 3408 3741 ὄψις
3446 3668 3507 3722 οὐ
3570 3674 3783 3744 μικρῶς

2133 3752 2507 3827 συνετάρασσε·
2567 3753 2839 3828 Ταράσιος
2896 3754 3001 3829 γὰρ
3035 3753 3348 3830 ὁάοίδιμος
3407 3760 3784 3837 πατριάρχης,

2131 3840 2302 3897 πάλαι
2354 3842 2446 3897 τὸν
2506 3842 2623 3918 βίον
2686 3842 3084 3924 μετηλλαχὼς.
3145 3845 3378 3921 Μιχαὴλ
3437 3869 3554 3903 τινα
3607 3846 3785 3904 ἐδόκει

2130 3931 2320 3987 καλεῖν
2351 3931 2402 4005 ἐξ
2435 3931 2705 4007 ὀνόματος
2754 3931 2807 3987 ἒν
2863 3932 3117 4008 ὀνείροις,
3168 3934 3505 4006 ἐπιπηδῆσαι
3552 3957 3784 4013 προτρε-

2131 4021 2371 4094 πόμενος
2435 4042 2515 4095 τῳ
2576 4025 2766 4079 Λέοντι
2833 4025 2922 4079 καὶ
2999 4024 3211 4098 καιρίαν
3306 4026 3511 4098 πλῆξαι
3598 4028 3783 4087 αὐτόν.

2132 4106 2412 4186 Ἐστρόϐει
2446 4109 2503 4166 δὲ
2547 4109 2705 4167 αὺτὸν
2763 4113 2854 4167 καὶ
2904 4116 2937 4182 ἡ
2989 4117 3086 4169 τοῦ
3137 4114 3273 4169 κατᾶ
3320 4117 3383 4171 τὸ
3443 4115 3785 4190 Φιλομίλιον

2137 4203 2386 4274 μοναχοῦ
2416 4200 2719 4276 πρόρῥησις
2779 4200 2865 4255 καὶ
2898 4204 2932 4270 ἡ
2958 4209 3058 4271 τῆς
3113 4203 3339 4273 ἐσθῆτος
3398 4206 3784 4283 μεταμφίασις,

2134 4290 2201 4357 ἢν
2230 4289 2258 4342 ὁ
2292 4285 2524 4363 Μιχαὴλ
2558 4286 2878 4359 ἐποιήσατο,
2938 4288 3013 4352 ὥς
3066 4313 3172 4346 που
3221 4294 3515 4372 φθάσαντες
3560 4296 3789 4370 ἰστορή-

2136 4397 2327 4448 σαμεν.
2379 4378 2480 4438 Οἷς
2539 4375 2704 4431 ἅπασι
2763 4376 3188 4453 δειματούμενος
3245 4382 3273 4434 ὁ
3310 4381 3564 4454 βασιλεὺς
3622 4383 3793 4441 ἐπάλ-

2136 4463 2261 4520 λεττ
2290 4484 2347 4520 τε
2375 4469 2455 4537 τῷ
2487 4462 2593 4520 δὲει
2634 4466 2723 4520 καὶ
2769 4469 2870 4536 τήν
2920 4470 3108 4542 ψυχὴν
3158 4468 3498 4543 ἐκυμαίνετο.
3554 4474 3646 4528 Διὸ
3695 4476 3783 4529 καὶ

2135 4551 2407 4627 ἄγρυπνος
2440 4551 2668 4609 διετέλει
2711 4556 2839 4631 παρ’
2895 4556 3032 4626 ’ὀλην
3090 4559 3189 4627 τὴν
3255 4561 3438 4617 νύκτα.
3492 4565 3787 4639 Σοφὼτερα

2134 4644 2316 4699 τοίνυν
2349 4645 2385 4715 ἢ
2422 4638 2825 4720 βασιλικώνερα
2879 4646 3338 4721 βουλευσάμενος,
3394 4653 3493 4721 τὴν
3549 4638 3637 4707 ἐπὶ
3693 4654 3789 4709 τὸν

2136 4733 2341 4789 παπίαν
2399 4734 2663 4814 φέρουσαν
2718 4733 2926 4793 πυλίδα
2985 4735 3277 4815 διαρρήξας
3340 4744 3661 4797 κατεσκόπει
3717 4745 3788 4800 τά

2136 4821 2305 4880 ἔνδον.
2341 4823 2618 4889 Εἰσελθὼν
2652 4823 2709 4880 δὲ
2736 4824 2813 4890 εἴς
2858 4847 2910 4881 τι
2971 4824 3250 4900 δωμάτιον
3313 4829 3486 4903 θέαμα
3544 4833 3643 4907 ὁρᾷ
3710 4833 3790 4898 εἷς

2136 4908 2398 4985 ἔκπληξιν
2430 4913 2493 4970 οὐ
2522 4917 2621 4985 τήν
2648 4919 2922 4994 τυχοῦσαν
2975 4914 3104 4990 ἄγον
3150 4918 3337 4973 αὐτόν·
3389 4916 3497 4975 εἶδε
3544 4923 3646 4997 γάρ
3693 4923 3787 4978 τὸν

2142 5004 2235 5078 μὲν
2257 5011 2576 5080 κατάκριτον
2605 5004 2691 5059 ἐπὶ
2724 5000 2977 5067 στιϐάδος
3020 5007 3235 5079 ὑψηλῆς
3266 5009 3406 5063 πάνυ
3444 5010 3789 5085 μεγαλοπρεο

2138 5098 2254 5155 πῶς
2286 5093 2658 5166 ἀνακείμενον,
2690 5095 2783 5149 τὸν
2814 5091 2871 5150 δὲ
2900 5096 3106 5150 παπίαν
3140 5096 3228 5152 ἐπὶ
3261 5096 3428 5173 ξηροῦ
3458 5100 3793 5156 κατακλινό-

2142 5204 2297 5256 μενον
2350 5187 2448 5238 τοῦ
2506 5181 2761 5261 ἰδάφους.
2848 5186 3267 5261 Περιεργότερον
3349 5185 3407 5242 δὲ
3470 5189 3792 5264 προσελθὼν

2137 5271 2423 5328 ἐπεσκόπει
2454 5273 2544 5327 τὸν
2576 5272 2837 5349 Μιχαὴλ,
2870 5272 2915 5328 εἰ
2948 5274 3082 5349 ὅπερ
3112 5274 3265 5354 φιλεῖ
3315 5275 3366 5330 ἐν
3415 5279 3537 5341 τοῖς
3589 5300 3795 5352 κυμαι-

2135 5362 2388 5436 νομὲνοις
2416 5363 2503 5418 καὶ
2561 5365 2662 5433 τήν
2715 5365 2860 5433 ζωήν
2913 5359 3234 5443 ἀμφίϐολον
3283 5362 3474 5441 ἔχουσι
3525 5367 3797 5442 γίνεσθαι,

2137 5451 2462 5509 ἐπιπόλαιόν
2513 5474 2634 5508 τινα
2686 5454 2777 5507 καὶ
2838 5451 3176 5528 ἐμμεριμνον
3240 5455 3504 5511 ὑπνώττει
3558 5457 3720 5514 ὕπνον
3754 5463 3793 5532 ἢ

2133 5541 2447 5597 τούναντίον
2494 5539 2789 5620 άφρόντιδα
2831 5542 2923 5597 καὶ
2981 5541 3139 5612 ἡδύν.
3194 5546 3277 5618 [Ρ.
3317 5548 3443 5619 494]
3499 5548 3587 5609 Ὦς
3619 5546 3667 5601 δ’
3698 5548 3794 5603 εὗ-

2137 5653 2222 5706 ρεν
2256 5632 2456 5694 άνέτως
2491 5632 2753 5686 ὑπδοῦντα
2808 5633 2919 5704 (καὶ
2978 5634 3080 5708 γάρ
3130 5630 3247 5688 οὐδ’
3295 5631 3653 5708 ἐπαφώμενος
3694 5638 3791 5693 αὐ-

2132 5721 2223 5777 τὸν
2259 5720 2532 5778 διυπνίσαι
2593 5720 2860 5797 ἴσχυσεν),
2920 5720 2998 5785 εἷς
3059 5722 3281 5796 μείζονα
3340 5723 3553 5802 ἀνήφθη
3612 5725 3786 5802 θυμὸν
