4112 6412
319 403 440 463 949

1470 398 2012 462 HISTORIARUM
2058 402 2625 469 COMPENDIUM.

3642 416 3761 476 950

321 539 441 598 τοῖς
470 554 604 610 παρ,
664 530 863 588 ἐλπίδα
928 531 1146 597 τοότοις
1204 535 1457 609 θεάμασι,
1516 533 1606 590 καὶ
1667 532 1828 607 ἀπῄει
1860 532 1974 624 κατέ

2112 537 2245 593 dam
2289 542 2504 597 animae
2562 560 2682 599 suae
2740 544 2989 600 mendas
3050 546 3402 616 quibusdam
3467 550 3755 624 religiosis

326 626 567 702 σχολὴν,
601 621 774 679 δεινὸν
803 623 904 679 οὐκ
951 628 1101 698 αὖτῷ
1138 625 1323 698 μόνον,
1384 622 1529 679 ἀλλὰ
1582 624 1670 678 καὶ
1703 628 1781 695 τῷ
1809 622 1987 694 παπίᾳ

328 716 570 775 εὓσείων.
627 715 725 771 Καὶ
780 719 949 771 ταῦτα
1011 718 1105 789 μὲν
1138 717 1166 771 6
1202 712 1480 794 βασιλεὺς.
1535 716 1654 772 Οὐκ
1710 711 1871 769 ἔλαυε
1930 711 1988 768 δὲ

324 812 499 864 ταῦτα
524 804 653 868 τοὺς
682 804 805 878 περὶ
836 806 930 861 τὸν
957 806 1186 874 παπίαν,
1219 804 1366 862 ἀλλα
1422 827 1507 867 τις
1537 809 1643 860 τῶν
1677 802 1985 878 προκοίτων

324 900 426 955 τοῦ
456 893 688 971 Μιχαὴλ
721 895 912 949 ἐκτῶν
967 900 1223 973 φοινικῶν
1279 895 1668 973 φωρασάμενος
1730 888 1982 968 ἐμϐάδων

326 981 644 1061 ἀπήγγειλε
701 983 876 1039 πάντα
930 987 1132 1063 σαφῶς.
1186 983 1288 1045 Οἷς
1344 984 1595 1045 ἐκπαθεῖς
1652 981 1740 1036 καὶ
1786 983 1985 1055 μικροῦ

326 1072 439 1131 δεῖν
472 1070 730 1151 ἔκφρονες
792 1073 844 1129 οἳ
900 1073 1027 1144 περὶ
1080 1074 1175 1128 τὸν
1232 1072 1433 1128 παπίαν
1480 1070 1763 1147 γενόμενοι
1823 1069 1982 1126 ἐσκέ-

324 1186 527 1221 πτοντο
555 1169 673 1225 πῶς
716 1162 777 1218 ἂν
808 1163 899 1218 τὸν
928 1159 1178 1218 κίνδυνον
1241 1160 1577 1241 διαφύγοιεν.
1636 1161 1979 1235 ’Υπέλαμπεν

321 1256 447 1331 ἄρτι
478 1256 683 1330 ἡμέρα,
715 1252 807 1309 καὶ
847 1254 1132 1309 σκέπτεται
1164 1257 1362 1327 σκῆψιν
1414 1251 1633 1308 τοιάνδε
1665 1254 1692 1308 6
1726 1250 1979 1329 Μιχαὴλ,

323 1346 401 1408 ὡς
432 1344 671 1421 ψυχικάς
698 1363 849 1405 τινας
877 1341 1112 1413 κηλῖδας
1170 1342 1427 1419 βούλεταί
1483 1363 1588 1397 τινι
1645 1346 1754 1397 τῶν
1787 1340 1977 1420 Θεωρίς

319 1433 436 1490 λων
470 1432 816 1513 ἐξαγορεῦσαι
867 1430 957 1487 διὰ
1014 1432 1360 1502 Θεοκτίστου,
1390 1433 1448 1487 ὃν
1509 1432 1647 1504 μετᾶ
1701 1434 1869 1485 ταῦτα
1900 1433 1979 1501 τῷ

319 1529 421 1580 τοῦ
478 1523 790 1579 κανικλείου
868 1541 1159 1594 τετιμηκεν
1231 1521 1503 1594 ἀξιώματι
1562 1525 1695 1595 (59).
1758 1517 1980 1576 Ἐπετέ-

320 1634 532 1691 τραπτο
568 1616 697 1689 γοῦν
755 1615 923 1667 τοῦτο
974 1611 1217 1687 γενέσθαι
1277 1610 1425 1685 παρὰ
1486 1609 1777 1686 βασιλέως.
1817 1610 1880 1667 Ὀ
1921 1605 1979 1664 δὲ

322 1699 559 1779 Μιχαὴλ
589 1698 773 1764 ἀδείας
802 1694 1109 1774 λαϐόμενος
1163 1697 1309 1775 λέγει
1365 1700 1502 1775 πρὸς
1532 1699 1623 1754 τὸν
1657 1698 1974 1754 Θεόκτιστον

328 1815 360 1846 α
391 1792 616 1868 Καιρὸς,
657 1791 704 1845 ὧ
761 1788 1033 1861 Θεόκτισε,
1092 1794 1213 1852 τοῖς
1262 1789 1605 1862 συνωμόταις
1663 1785 1975 1857 ἐπάπειλῆ-

2092 629 2435 687 hominibus
2466 633 2611 688 velle
2668 635 2938 706 aperire.
3009 638 3273 706 Cumque
3326 638 3386 692 id
3433 641 3757 712 imperator

2088 720 2481 789 permisisset,
2541 723 2848 778 licentiam
2907 731 3113 779 nactus
3149 726 3484 782 Tlieoctisto
3522 730 3746 786 indicat

2094 812 2325 879 tempus
2378 828 2621 881 poscere
2655 819 2719 867 ut
2748 814 2925 868 sociis
2985 815 3424 885 conjurationis
3458 819 3748 890 minetur,

2090 897 2207 953 nisi
2238 901 2433 971 ipsum
2482 902 2793 958 celerrime
2844 904 3173 959 discrimini
3210 908 3531 977 eriperent,
3568 926 3629 964 se
3665 915 3749 964 too

2093 993 2212 1043 tam
2246 1006 2370 1045 rem
2396 991 2736 1063 imperatori
2764 994 3231 1049 enuntiaturum
3268 997 3387 1051 Hoc
3403 998 3753 1055 mandatum

2089 1088 2451 1150 exsequente
2502 1082 2866 1150 Theoctisto,
2913 1084 3379 1155 conspirationis
3435 1087 3756 1159 populares

2087 1184 2210 1222 non
2244 1170 2560 1225 mediocris
2584 1171 2829 1226 incessit
2861 1172 3223 1240 sollicitudo,
3256 1176 3550 1246 anxieque
3600 1194 3749 1232 con-

2087 1255 2461 1312 sultaverunt
2519 1259 2819 1330 quomodo
2854 1266 2911 1313 et
2942 1276 3107 1315 suam
3142 1267 3198 1315 et
3228 1263 3492 1319 Michaeli
3520 1265 3649 1337 jam
3683 1267 3745 1321 in

2089 1350 2354 1400 extremo
2382 1346 2455 1400 de
2487 1346 2606 1401 vita
2658 1364 2764 1403 sua
2820 1348 3088 1419 periculo
3149 1352 3436 1406 versantis
3489 1354 3750 1412 salutem

2082 1437 2792 1491 conservarent.Tandem
2823 1438 3142 1493 consilium
3170 1441 3739 1513 compouitur,quod

2086 1528 2145 1578 et
2188 1523 2348 1593 ipsos
2402 1525 2733 1580 incolumes
2764 1526 3027 1580 reddidit
3061 1532 3118 1581 et
3143 1529 3428 1584 Michaelo
3461 1547 3597 1586 cum
3631 1533 3748 1589 vita

2085 1612 2405 1683 imperium
2439 1613 2593 1670 866
2623 1616 2865 1686 paravit.
2905 1618 3023 1671 Mos
3082 1623 3221 1672 tunc
3254 1625 3379 1673 erat
3408 1636 3528 1676 non
3556 1622 3605 1677 is
3643 1624 3744 1694 qui

2084 1717 2245 1756 nunc
2278 1707 2534 1770 tenetur,
2569 1703 2642 1757 ab
2674 1703 2776 1758 illo
2812 1709 3083 1776 tempore
3118 1714 3413 1779 receptus,
3455 1715 3522 1764 ut
3553 1712 3651 1781 qui
3682 1712 3743 1767 in

2081 1792 2351 1848 Palatino
2378 1794 2596 1866 templo
2627 1788 2895 1866 psallunt
2923 1797 3146 1864 clerici,
3165 1797 3225 1853 in
3259 1801 3418 1871 regia
3438 1802 3744 1858 habitent:

324 1903 438 1952 σαι,
471 1881 544 1944 ὡς
571 1879 621 1937 εἴ
651 1881 728 1954 μὴ
783 1878 978 1954 τάχιον
1040 1878 1363 1933 σπεύσουσιν
1416 1875 1683 1948 ἐξελέσθαι
1742 1880 1840 1931 τοῦ
1867 1896 1974 1931 xw—

2090 1881 2196 1936 sed
2228 1883 2480 1954 quisque
2495 1882 2653 1939 domi
2687 1900 2807 1940 sum
2841 1885 3061 1955 degens
3093 1887 3251 1943 circa
3276 1889 3517 1944 tertiam
3550 1892 3742 1947 noctis

323 1968 487 2027 δύνου
545 1972 693 2043 ἡμᾶς
729 2013 744 2039 ,
811 1968 982 2023 πάντα
1060 1968 1125 2023 τά
1180 1974 1283 2038 τῆς
1337 1966 1583 2042 πράξεως
1632 1964 1976 2040 ἀνακαλύψω

320 2066 404 2133 τῷ
474 2056 710 2136 βασιλεῖ.
746 2081 775 2109 ι»
834 2056 937 2115 Καὶ
995 2061 1091 2113 τοῦ
1145 2055 1467 2113 Θεοκτίστου
1526 2056 1603 2118 ὡς
1683 2052 1975 2125 ἐκελεύσθη

319 2152 679 2222 ποιήσαντος,
721 2147 799 2212 είς
852 2146 1085 2224 ἀγωνίαν
1143 2146 1206 2202 οὗ
1252 2148 1351 2217 τὴν
1401 2143 1674 2221 τυχοῦσαν
1733 2143 1981 2199 ἐνέπεσον

324 2241 380 2296 οἳ
449 2237 772 2312 συνίστορες,
829 2236 921 2292 καὶ
988 2232 1375 2291 διεσκοποῦντο
1442 2238 1559 2296 πῶς
1619 2234 1682 2289 ’ἂν
1716 2233 1870 2288 αὐτοί
1920 2252 1979 2286 τε

330 2330 551 2383 σωθεῖεν
576 2328 665 2382 καὶ
704 2329 799 2383 τὸν
867 2327 994 2382 ὅσον
1044 2325 1259 2382 οὗδέπω
1327 2327 1503 2381 θανεῖν
1561 2322 1979 2379 κινδυνεύσαντα

325 2415 670 2476 διασώσαιεν.
720 2417 1047 2473 Ῥάπτουσιν
1108 2416 1201 2471 οὖν
1261 2414 1473 2491 βουλὴν
1527 2411 1656 2483 ἥτις
1692 2412 1889 2473 αὐτούς
1919 2433 1979 2468 τε

320 2506 587 2585 ἐρρύσατο
617 2507 707 2561 καὶ
745 2512 826 2580 τῷ
883 2503 1122 2581 Μιχαὴλ
1170 2506 1307 2579 πρὸς
1365 2509 1434 2579 τῇ
1469 2503 1724 2579 βασιλείᾳ
1760 2504 1847 2556 καὶ
1876 2503 1977 2569 τήν

321 2596 475 2667 ζωὴν
540 2595 854 2673 ἐχαρίσατο.
913 2597 1078 2660 "Eam:
1146 2590 1424 2669 ἐπεκράτει
1481 2594 1624 2659 τότε,
1664 2593 1763 2666 μή,
1794 2590 1976 2667 ὥσπερ

316 2692 437 2759 νῦν,
469 2684 618 2742 ἔνδον
647 2690 754 2742 τῶν
802 2684 1097 2761 βασιλείων
1166 2678 1350 2739 ἔκτοτε
1405 2678 1573 2737 λαϐὸν
1639 2683 1739 2751 τήν
1769 2682 1973 2757 ἀρχὴν,

323 2779 500 2854 μένειν
531 2776 660 2839 τοὺς
717 2780 787 2851 τῇ
854 2773 1119 2846 ἐκκλησίᾳ
1167 2777 1265 2829 τοῦ
1330 2771 1600 2828 παλατίου
1658 2770 1973 2847 ψάλλοντας

317 2866 649 2943 κληρικοὺς,
681 2864 827 2921 ἀλλὰ
881 2870 999 2928 τοῖς
1052 2862 1215 2927 ἰδίοις
1276 2861 1468 2932 οἴκοις,
1528 2863 1652 2938 περῖ
1686 2859 1743 2917 δὲ
1780 2861 1973 2936 τρίτην

314 2956 573 3041 φυλακήν
613 2962 716 3027 τῆς
742 2955 937 3017 νυκτὸς
977 2956 1088 3028 (60)
1129 2952 1436 3029 ἀγείρεσθαι
1495 2953 1631 3007 κατὰ
1683 2952 1781 3019 τήν
1811 2950 1971 3008 Ἑλε-

314 3068 601 3123 φαντινην,
651 3046 896 3108 κάκεῖθεν
954 3044 1166 3099 ἀπιέναι
1224 3045 1362 3118 πρὸς
1410 3044 1510 3112 τήν
1548 3041 1842 3112 ἐκκλησίαν
1880 3044 1970 3097 καὶ

313 3143 395 3212 τῷ
435 3136 551 3211 Θεῷ
595 3137 696 3199 τὰς
744 3135 970 3197 ἑωθινὰς
1021 3131 1341 3190 ἀποδιδόναι
1419 3131 1613 3213 εὐχάς.
1650 3132 1880 3194 Τούτοις
1911 3132 1967 3186 οἱ

324 3227 629 3299 συνωμόται
660 3222 1145 3302 ἐγκαταμικθέντες
1177 3223 1323 3294 τότε,
1390 3223 1494 3278 ὑπὸ
1565 3221 1748 3295 μάλης
1780 3220 1969 3300 ἐγχει-

325 3312 471 3392 ρίδια
509 3310 752 3392 ἔχοντες,
810 3315 1175 3388 πνεισῄεσαν,
1206 3312 1295 3367 καὶ
1350 3309 1401 3366 ἔν
1432 3332 1539 3367 τινι
1573 3316 1831 3383 σκοτεινῷ
1867 3316 1968 3379 τῆς

319 3404 614 3476 ἐκκλησίας
653 3403 996 3480 λοχήσαντες
1038 3405 1195 3475 τόπῳ
1240 3402 1303 3457 τὸ
1348 3401 1597 3475 σύνθημα
1636 3398 1970 3475 ἐξεδέχοντο.

312 3496 409 3556 Ὠς
442 3492 487 3550 δ’
520 3496 548 3549 6
580 3495 752 3568 ὕμνος
812 3490 1196 3568 διεπεραίνετο,
1237 3489 1347 3561 ἤδη
1381 3488 1437 3546 δὲ
1466 3497 1644 3565 παρῆν
1682 3491 1770 3546 καὶ
1803 3491 1831 3545 6
1874 3493 1974 3566 βα-

321 3586 540 3665 σιλρὺς,
595 3588 816 3657 καὶτῆς
856 3582 1131 3660 ὑμνῳδίας
1187 3584 1440 3661 ἐξῆρχεν,
1502 3584 1577 3645 ὡς
1640 3578 1783 3654 ἔθος,
1818 3609 1843 3635 ‹‹
1877 3586 1973 3657 Τῷ

318 3677 691 3739 παντάνακτος
758 3673 1107 3752 ἐξεφαύλισαν
1165 3676 1321 3748 πόθῳ
1354 3698 1382 3726 )›
1443 3675 1589 3749 (εἶχε
1617 3675 1742 3750 γὰρ,
1776 3674 1851 3735 ὡς
1884 3671 1971 3728 εἶ’-

318 3787 523 3839 πομεν,
578 3766 883 3842 τορωτέραν
944 3766 1176 3845 φωνὴν),
1233 3763 1360 3819 τότε
1413 3761 1479 3833 δὴ
1543 3761 1971 3833 εἰσπηδήσαντες

313 3855 514 3933 ἀθρόον
547 3856 599 3911 οἳ
629 3852 936 3929 συνωμόται
967 3856 1030 3909 Ex
1064 3854 1160 3927 μὲν
1218 3856 1317 3917 τῆς
1376 3854 1600 3925 πρώτης
1659 3853 1970 3926 ἡμάρτανον

311 3939 656 4021 προσϐολῆς,
690 3943 827 4018 πρὸς
864 3942 957 3997 τὸν
1006 3945 1104 3997 τοῦ
1143 3938 1357 4015 κλήρου
1388 3938 1617 4016 ἔξαρχον
1649 3938 1973 4009 ἀποπλανῆ-

311 4034 515 4105 θέντες,
570 4032 678 4088 εἴτε
732 4029 1041 4106 παρόμοιὸν
1098 4026 1227 4085 ὄντα
1291 4034 1369 4102 τῷ
1428 4029 1649 4105 βασιλεῖ
1705 4030 1845 4084 κατά
1872 4031 1972 4099 την

311 4123 637 4198 σωματικήν
696 4119 1007 4197 ἐμφέρειαν,
1105 4118 1212 4173 εἶ’τε
1265 4123 1336 4193 τῇ
1395 4118 1520 4193 περὶ
1586 4119 1685 4186 τήν
1724 4117 1969 4194 κεφαλὴν

310 4212 486 4288 ὁμοίᾳ
541 4206 837 4288 περιϐολῇ·
898 4208 964 4277 ἦν
1023 4209 1125 4284 γὰρ
1160 4210 1194 4278 ἡ
1228 4205 1346 4283 ὣρα
1401 4205 1705 4282 κρυμώδης
1765 4229 1824 4263 τε
1879 4208 1971 4263 καὶ

311 4302 604 4379 χειμέριος
648 4344 663 4372 ,
729 4299 820 4355 καὶ
886 4297 976 4354 διὰ
1022 4302 1186 4353 τοῦτο
1240 4296 1290 4352 ἐν
1344 4292 1724 4372 περιϐλήμασι
1783 4296 1973 4360 πάντες

313 4389 693 4467 διεκαρτέρουν
777 4388 1200 4466 στεγανωτέροις
1234 4432 1247 4456 ,
1315 4386 1505 4449 πίλοις
1557 4387 1652 4451 τὰς
1733 4383 1974 4464 κεφαλὰς

315 4480 597 4553 ὀξυτάτοις
654 4475 1173 4554 περικαλύπτοντες.
1235 4475 1396 4533 Ἀλλ’
1428 4478 1456 4532 6
1490 4478 1582 4549 μὲν
1628 4480 1726 4531 τοῦ
1756 4478 1971 4551 κλήρου

313 4572 651 4648 καθηγεμὼν
708 4569 802 4626 τὸν
861 4565 1113 4623 κίνδυνον
1160 4567 1466 4638 ἀπεώσατο,
1505 4588 1597 4622 τον
1667 4567 1828 4624 πίλον
1870 4578 1971 4641 τῆς

2088 1970 2349 2043 vigiliam
2382 1972 2456 2028 ad
2483 1979 2715 2044 portam
2746 1973 3203 2045 Elephantinam
3255 1994 3361 2032 seu
3418 1979 3744 2036 eburneam

2089 2061 2541 2132 conveniebant,
2578 2062 2832 2134 indeque
2864 2064 2923 2117 in
2959 2064 3249 2136 templum
3280 2069 3578 2138 progressi
3629 2069 3746 2125 Deo

2088 2151 2384 2206 matutina
2414 2157 2548 2206 vota
2589 2153 3034 2224 nuncupabant.
3078 2154 3154 2209 Iis
3187 2159 3311 2209 tum
3350 2156 3644 2228 conjurati
3681 2174 3742 2214 se

2087 2240 2539 2311 permiscentes,
2603 2242 2960 2314 pugionibus
3006 2242 3211 2297 subter
3252 2243 3376 2298 alas
3407 2246 3740 2318 occultatis,

2087 2344 2209 2384 una
2240 2329 2564 2397 intrabant,
2617 2330 2921 2401 abditique
2978 2330 3039 2385 in
3089 2332 3341 2387 obscuro
3374 2334 3579 2406 templi
3613 2334 3743 2391 loco

2084 2421 2376 2475 tesseram
2429 2421 2894 2491 exspectabant.
2960 2426 3193 2493 Hymno
3251 2422 3548 2491 absoluto,
3583 2424 3742 2479 venit

2087 2511 2265 2564 etiam
2299 2509 2643 2579 imperator.
2675 2527 2741 2565 ac
2762 2528 2870 2581 pro
2904 2527 3068 2566 more
3100 2528 3204 2566 suo
3240 2528 3379 2566 voce
3426 2514 3742 2584 grandiore

2086 2598 2379 2654 intonavit
2405 2615 2676 2653 carmen:
2712 2621 2739 2649 »ι
2766 2601 3048 2670 Sprevere
3072 2601 3267 2655 sumni
3301 2608 3509 2656 cuncta
3533 2618 3736 2658 amore

2086 2688 2454 2761 principis.»
2513 2690 2657 2743 Tum
2725 2688 3016 2760 conjurati
3078 2690 3392 2743 confertim
3443 2692 3734 2762 impetum

2085 2777 2398 2844 dederunt,
2433 2777 2532 2848 qui
2562 2793 2661 2831 eos
2689 2778 2859 2832 initio
2892 2794 2998 2849 per
3040 2795 3304 2833 errorem
3335 2779 3397 2833 in
3430 2779 3573 2835 cleri
3608 2798 3734 2837 ma-

2082 2867 2331 2939 gistrum
2365 2866 2523 2938 tulit,
2557 2867 2675 2921 sive
2707 2866 2862 2937 quod
2895 2867 2945 2922 is
2977 2885 3221 2939 corpore
3254 2868 3597 2940 imperatori
3620 2871 3733 2925 ad—

2083 2956 2297 3012 similis
2327 2962 2472 3027 erat,
2507 2958 2626 3012 sive
2659 2958 2818 3028 quod
2843 2963 3020 3029 caput
3047 2958 3227 3014 simili
3253 2963 3408 3014 veste
3439 2960 3734 3017 velaverat

2082 3052 2209 3102 erat
2230 3047 2392 3102 enim
2414 3052 2680 3118 tempore
2705 3064 2773 3101 eo
2796 3064 3077 3119 magnum
3103 3048 3516 3121 gelu,ideoque
3540 3052 3733 3121 quivis

2082 3141 2261 3209 caput
2280 3153 2454 3191 suum
2485 3136 2759 3191 densiore
2792 3137 2947 3208 pileo
2970 3142 3189 3192 tectum
3213 3155 3333 3193 non
3365 3139 3727 3196 denudabat.

2083 3226 2194 3282 Sed
2230 3227 2280 3281 is
2313 3225 2553 3297 quidem
2588 3225 2742 3297 pileo
2774 3226 2951 3297 capiti
2988 3225 3274 3294 detracto,
3307 3232 3544 3284 ostensa
3602 3230 3733 3284 cal-

2082 3316 2241 3383 vitie,
2314 3315 2578 3387 periculo
2628 3331 2689 3368 se
2721 3315 3030 3369 subtraxit.
3094 3317 3423 3387 Imperator
3479 3317 3730 3373 insidias

2083 3406 2345 3463 sentiens
2377 3405 2435 3459 in
2468 3405 2773 3476 penetrale
2808 3405 3012 3460 altaris
3047 3422 3105 3459 se
3136 3406 3435 3474 subduxit,
3470 3406 3735 3480 derepta-

2084 3514 2198 3569 que
2228 3494 2513 3551 thuribuli
2546 3500 2772 3563 catena,
2801 3501 2903 3550 aut
2932 3499 2997 3548 ut
3022 3495 3121 3548 alii
3156 3495 3570 3565 perhibebent,
3603 3496 3737 3553 diva

2084 3605 2277 3657 cruce,
2337 3588 2489 3641 ictus
2521 3603 2941 3657 percussorum
2994 3588 3240 3658 excepit.
3275 3588 3490 3641 Verum
3542 3588 3582 3641 ii
3615 3606 3735 3644 non

2084 3677 2299 3752 singuli
2361 3676 2465 3731 sed
2522 3676 2674 3731 facto
2727 3693 2914 3730 cuneo
2966 3677 3283 3745 irruentes,
3333 3677 3487 3733 alius
3537 3680 3740 3750 capiti,

2082 3767 2271 3822 ventri
2306 3765 2669 3831 alius,’alius
2702 3765 2801 3820 alii
2834 3766 3101 3837 corporis
3133 3766 3281 3821 867
3338 3768 3492 3839 parti
3536 3768 3740 3842 plagas

2082 3855 2478 3911 intentabant.
2516 3856 2627 3910 Leo
2660 3854 3006 3926 aliquandiu
3021 3871 3193 3910 cruce
3216 3871 3277 3909 se
3300 3855 3584 3925 defendit,
3610 3858 3743 3912 icti-

2081 3945 2191 4000 bus
2221 3943 2555 4016 gladiorum
2586 3944 2864 4014 repulsis,
2895 3943 3085 3998 donec
3144 3944 3283 3997 ferre
3344 3946 3533 3999 instar
3563 3946 3742 4000 undi-

2080 4049 2314 4107 quaque
2366 4033 2671 4104 impetitus
2732 4032 3064 4087 succubuit.
3118 4032 3374 4088 Tandem
3420 4035 3740 4105 quemdam

2080 4121 2329 4178 immani
2377 4137 2624 4193 corpore
2685 4121 2937 4193 gigantis
2980 4121 3237 4175 similem
3296 4123 3517 4178 inferre
3549 4124 3734 4181 ictum

2081 4227 2352 4268 cernens.
2397 4227 2501 4282 per
2551 4209 2987 4264 inhabitantem
3036 4209 3241 4264 fanum
3300 4210 3448 4266 illud
3478 4214 3731 4285 gratiam

2073 4301 2343 4372 juratum
2394 4298 2737 4353 obsecratus
2776 4305 2867 4352 est
2897 4303 2963 4352 ut
2992 4297 3100 4353 sibi
3134 4305 3423 4370 parceret.
3457 4302 3589 4356 Fuit
3619 4320 3730 4357 no-

2081 4388 2220 4444 bilis
2278 4389 2388 4443 iste
2438 4386 2950 4442 Crambonitarum
3013 4387 3196 4458 stirpe
3269 4388 3607 4459 oriundus;
3664 4407 3733 4447 ac

2083 4480 2289 4535 dicens
2312 4497 2430 4534 non
2451 4479 2930 4549 juramentorum
2955 4494 3083 4532 esse
3111 4477 3238 4543 hoc,
3265 4477 3368 4533 sed
3396 4479 3573 4533 caedis
3596 4485 3737 4535 tem-

2083 4587 2192 4642 pus
2213 4570 2368 4642 gravi
2406 4569 2526 4623 ictu
2558 4583 2801 4622 manum
2852 4567 3061 4621 Leonis
3117 4566 3403 4623 clavicula
3460 4569 3736 4631 abscidit.

307 4661 559 4741 κεφαλῆς
625 4659 843 4738 ἀφελὼν
899 4657 989 4711 καὶ
1042 4660 1112 4730 τῇ
1198 4653 1451 4736 φαλάκρᾳ
1538 4658 1636 4725 τὴν
1693 4659 1967 4733 σωτηρίαν

2085 4660 2377 4729 simulque
2410 4674 2597 4713 cornu
2641 4657 2852 4711 cruris.
2887 4656 3533 4713 ’l‘andem'vulneribus
3582 4660 3733 4715 victo

1520 4778 1884 4835 XYLANDRI
1923 4782 2012 4835 ET
2049 4780 2258 4836 GOARI
2299 4778 2521 4832 ΝΟΤίΕ.

383 4881 499 4957 (59)
578 4874 931 4957 Κανικλείουι
966 4874 1182 4957 ἀξιωμα
1248 4876 1403 4957 quid
1447 4875 1832 4957 sithngscio.
1883 4878 1975 4932 Fit

311 4947 542 5010 mentio
572 4951 753 5007 etiam
777 4947 935 5021 apud
967 4948 1230 5021 Nicetam
1263 4947 1325 5001 in
1356 4947 1625 5021 Manuelo
1645 4948 1967 5004 Comneno.

313 5025 455 5082 XYL.
482 5056 550 5064 --
575 5023 654 5078 De
671 5018 905 5079 canielei
927 5019 1209 5091 prtefecto
1233 5024 1371 5091 post
1392 5018 1710 5091 Meursium
1736 5021 1934 5075 Greise
1954 5051 1966 5060 -

311 5113 419 5152 rus
449 5094 706 5168 plurima
734 5098 862 5148 tum
892 5090 955 5168 in
985 5105 1202 5168 comm.
1235 5090 1466 5157 Codini,
1489 5095 1614 5168 tum
1638 5090 1706 5168 in
1737 5091 1971 5168 Adden-

312 5168 428 5234 dis,
449 5162 541 5223 hil
567 5173 765 5222 tamen
788 5162 948 5235 quod
969 5163 1202 5218 camctei
1223 5178 1443 5217 nomen
1472 5163 1575 5235 vel,
1588 5162 1856 5235 officium
1878 5179 1973 5235 ex-

307 5246 515 5313 ponat.
548 5233 877 5320 Utrugqﬁe
909 5235 1166 5320 breviter
1195 5249 1510 5320 exseqpor.
1559 5233 1752 5287 Κάνιον
1787 5234 1972 5320 expli-

303 5297 446 5369 cant
476 5310 697 5366 Glossaa
727 5297 1223 5373 ercobarbarze]
1262 5297 1627 5380 ᾁλάᾷαστρον,
1651 5297 1970 5380 ⁸φιυκιὶδὶον,

311 5382 657 5456 μυροθήκην,
690 5395 784 5456 v_q_s
804 5380 1104 5456 unguentis
1136 5376 1432 5456 condendis
1454 5375 1523 5431 ex
1554 5375 1973 5456 alabastrovel

308 5444 572 5529 pretioso
594 5444 775 5529 'fictili
803 5444 1115 5529 me'tallove
1142 5448 1485 5529 confectum
1517 5464 1530 5501 :
1578 5444 1741 5507 κλέος
1766 5454 1972 5529 autem

309 5516 447 5584 cum
478 5525 721 5597 gloriam
752 5525 945 5597 sonet,
981 5516 1290 5597 καιςικλεῖον
1325 5519 1437 5574 erit
1468 5536 1741 5597 vasorum
1766 5521 1973 5597 hujus-

307 5591 501 5655 modi'
534 5593 1002 5652 nobilissimum.
1062 5591 1336 5661 llludque
1399 5596 1543 5658 erat,
1607 5608 1722 5662 quo
1752 5591 1973 5647 rubeus

306 5671 512 5744 liquor
540 5668 663 5725 sive
686 5664 1035 5744 cinnabaris
1056 5663 1403 5744 imperatori
1425 5662 1804 5744 chrxsobulla
1826 5664 1975 5744 scri-

305 5734 485 5818 pturo
513 5737 862 5798 servabatur
916 5738 976 5792 et
1030 5734 1466 5809 proferebatur.
1527 5734 1814 5807 Vasisque
1845 5736 1972 5792 hu-

2075 4876 2332 4948 jusmoei
2369 4878 2593 4948 custoe_
2640 4878 2769 4928 erat
2801 4869 2940 4948 ὁέτὶ
2995 4876 3092 4925 τοῦ
3134 4872 3492 4948 Δκανικλείου.
3556 4876 3740 4934 Dictis

2081 4945 2341 5020 suggerit
2364 4945 2786 5020 auctoritatem
2847 4946 3079 5020 Nicetas
3130 4946 3192 5000 in
3244 4947 3512 5020 Manuele
3560 4952 3729 5004 Com-

2080 5017 2237 5074 neno
2270 5023 2316 5079 1,
2350 5019 2405 5088 4,
2439 5017 2536 5070 ubi
2567 5033 2701 5071 cum
2736 5017 2937 5088 Stypio
2970 5022 3179 5088 natum
3213 5018 3530 5088 quemdam
3559 5021 3738 5088 Theo-

2083 5090 2294 5162 dorum
2327 5086 2401 5148 εἷς
2435 5088 2534 5155 τήν
2591 5091 2685 5140 τοῦ
2743 5084 3061 5162 κανικλείου
3120 5084 3512 5161 μεγαλυπρεπῆ
3544 5084 3742 5162 προϐι-

2081 5156 2383 5231 ϐαζὸμενον
2410 5160 2580 5231 τιμήν
2611 5159 2987 5223 asseruisset,
3037 5156 3332 5215 Joannem
3376 5156 3737 5231 "Hagiot'heo-

2082 5232 2312 5289 doriten
2349 5230 2481 5286 ideo
2517 5231 2739 5304 invidia
2782 5236 3008 5304 motum
3065 5230 3273 5304 subdit
3318 5230 3588 5304 ejusdem
3622 5238 3737 5291 Ma.

2082 5306 2308 5381 puelis‘
2329 5305 2381 5381 β,
2415 5303 2609 5381 4εΑἙριι
2633 5304 2735 5381 τοῦ
2781 5300 2860 5381 τῷ
2897 5301 3217 5381 Στυπειώτῃ
3253 5298 3479 5381 δοθῆναι
3515 5302 3740 5381 δοχεῖον

2083 5369 2442 5452 ἐρυθροδάνου
2476 5369 2719 5427 διάλιθον
2752 5369 2983 5445 χρόσεον
3018 5371 3107 5425 καὶ
3140 5369 3253 5433 τοῖς
3313 5370 3500 5448 ὅρκοις
3550 5369 3742 5434 τόὕτον

2082 5446 2441 5514 ἐπιστατῆσαι
2494 5448 2669 5501 Gem.

2163 5521 2275 5590 (60)
2309 5511 2527 5574 Auctor
2576 5515 2761 5590 paulo
2796 5514 2988 5590 intra;
3024 5511 3139 5584 ὥρα
3178 5515 3243 5583 ἦν
3279 5516 3353 5577 ὡς
3388 5513 3588 5588 δεκάτη
3639 5527 3741 5589 τῇ)

2085 5586 2298 5657 νυκτός
2334 5607 2367 5646 a
2398 5586 2689 5663 principio
2721 5586 2936 5663 noctis
2972 5588 3250 5641 horarum
3285 5593 3343 5663 et
3372 5586 3741 5663 vigiliarum.

2087 5679 2345 5733 quarum
2372 5658 2608 5717 tertiani
2633 5661 2789 5716 circa
2812 5658 3104 5713 decimam
3140 5658 3517 5730 terminatur,
3559 5665 3746 5721 ducto

2085 5750 2356 5791 numero.
2391 5734 2565 5789 Goxa.
