4112 6436
267 373 378 434 951

272 598 440 652 Hunc
475 595 657 650 ﬁnem
679 595 810 648 vitae
843 594 1084 648 sortitus
1108 599 1198 647 est
1217 593 1348 660 Leo,
1382 607 1586 646 mense
1612 590 1922 645 Decembri

271 688 422 742 hora
451 685 643 741 noctis
669 700 850 756 prope
883 683 1136 746 decima,
1170 698 1301 735 cum
1333 681 1651 752 imperium
1674 696 1862 736 annos
1893 684 1923 734 7

273 774 872 846 mensesSgessiset,
913 777 971 826 et
1027 771 1241 842 majori
1301 786 1478 840 quam
1539 770 1698 826 ullus
1756 775 1928 824 ante-

273 881 575 922 cessorum
607 861 954 917 crudelitate
974 864 1150 930 atque
1181 859 1485 930 impietate
1508 875 1653 914 usus
1686 858 1926 931 diligen-

274 955 418 1010 tiam
451 953 508 1006 in
529 969 593 1006 re
615 949 852 1021 publica
882 948 1255 1019 procuranda
1283 949 1465 1018 inque
1496 948 1674 1002 rebus
1697 947 1926 1003 bellicis

271 1041 680 1098 fortitudinem
714 1054 879 1094 suam
904 1037 1302 1092 obscurasset.
1327 1037 1510 1091 Aiunt
1545 1053 1745 1092 vocem
1778 1054 1927 1107 quo-

271 1149 386 1204 que
418 1131 647 1186 caelitus
707 1130 909 1184 statim
961 1128 1208 1193 editam,
1269 1145 1400 1198 quae
1458 1128 1661 1183 laetum
1695 1129 1766 1183 de
1798 1129 1927 1199 ejus

269 1227 458 1278 morte
491 1220 770 1276 nuntium
802 1218 1008 1274 multis
1057 1217 1405 1290 patefecerit
1431 1234 1499 1274 ac
1530 1219 1927 1274 navicularios

269 1310 562 1384 quosdam
595 1310 698 1381 qui
729 1326 862 1365 eam
894 1308 1279 1375 audivissent,
1312 1314 1514 1364 notato
1551 1314 1815 1381 tempore
1872 1313 1930 1363 et

272 1410 445 1461 nocte
466 1401 973 1471 ea,ratiocinando
999 1417 1128 1456 eam
1151 1417 1420 1456 veracem
1439 1398 1924 1472 deprehendisse.

271 1494 571 1550 Interfecti
589 1492 799 1547 Leonis
816 1490 1066 1546 cadaver
1086 1506 1468 1561 percussores
1485 1488 1809 1544 crudeliter
1823 1506 1930 1560 per

274 1583 466 1657 spolia
488 1584 547 1637 in
568 1583 792 1636 circum
810 1579 1335 1648 traxerunt,omnis
1351 1584 1544 1633 metus
1556 1579 1745 1646 vacui,
1770 1578 1928 1649 quod

276 1674 400 1729 suis
418 1673 598 1727 armis
618 1671 840 1743 regiam
855 1669 1241 1740 undiquaque
1263 1669 1932 1739 cinxissent.Aulaquo-

274 1778 388 1833 que
399 1765 717 1832 Augustam
739 1759 1189 1830 ejeceruntcum
1209 1763 1464 1828 quatuor
1482 1757 1617 1812 ﬁliis
1632 1757 1930 1828 ejus,Sab-

1635 365 1952 427 GEORGII
1996 366 2344 430 CEDRENI

271 513 328 562 et
357 505 433 560 ad
462 509 685 560 terram
717 503 1046 559 subsidenti
1081 503 1322 574 quidam
1367 505 1542 572 caput
1574 501 1924 572 amputavit.

2043 503 2619 575 πραγματευσάμενος
2700 503 2728 557 6
2789 500 2846 556 δὲ

3577 364 3695 428 952

2949 499 3206 574 βασιλεὺς
3276 500 3696 575 συναισθόμενος

2031 593 2132 654 τῆς
2214 586 2519 660 ἐπιϐουλῆς
2606 591 2681 652 εἷς
2755 590 2823 646 τά
2904 587 3074 646 ἄδυτα
3147 593 3244 645 τοῦ
3302 591 3687 663 θυσιαστηρίου

2035 677 2250 750 εἰσεδυ,
2320 681 2410 734 καὶ
2492 682 2591 750 τήν
2680 681 2778 736 τοῦ
2851 680 3217 755 θυμιατηρίου
3285 680 3463 757 σειρὰν
3533 679 3687 756 διαρ-

2034 767 2229 836 πάσας,
2280 766 2341 837 ἢ,
2381 766 2457 832 ὥς
2513 789 2654 831 τινες
2714 768 2988 845 λέγουσι,
3047 770 3188 824 θεῖον
3250 770 3478 843 σταυρὸν
3513 811 3528 836 ,
3585 769 3683 833 τὰς

2038 857 2212 932 βολὰς
2233 863 2342 914 τῶν
2358 858 2709 929 πληττόντων
2742 857 2984 935 ἐδέχετο.
3019 863 3104 934 [Ρ.
3128 864 3254 932 495]
3287 857 3446 915 Ἀλλ’
3479 861 3535 914 οἱ
3565 882 3689 914 συν-

2037 948 2248 1021 ωμόται
2283 949 2469 1024 ἀθρόοι
2501 950 2589 1004 καὶ
2633 950 2695 1004 ού
2754 952 2870 1013 καθ’
2924 945 3014 1003 ἕνα
3076 947 3492 1022 ἐπιδραμόντες,
3525 949 3552 1003 6
3586 949 3681 1022 μὲν

2036 1039 2171 1092 κατὰ
2224 1042 2325 1104 τῆς
2407 1039 2674 1119 κεφαλῆς,
2769 1037 2941 1101 ἄλλος
2999 1039 3140 1094 κατὰ
3190 1044 3297 1094 τῶν
3350 1039 3686 1116 σπλάγχνων

2037 1128 2126 1183 καὶ
2183 1125 2355 1192 ἄλλος
2421 1127 2703 1208 ἀλλαχόθι
2759 1133 2856 1184 τοῦ
2915 1128 3168 1199 σώματος
3235 1128 3685 1203 κατετίτρωσκον.

2038 1219 2134 1273 Καὶ
2205 1219 2408 1292 χρόνον
2498 1217 2594 1291 μέν
2669 1239 2790 1272 τινα
2843 1217 3094 1292 ἀντέσχε,
3152 1223 3230 1291 τῷ
3288 1216 3417 1290 θείῳ
3471 1221 3691 1293 σταυρῷ

2035 1308 2132 1368 τάς
2188 1310 2296 1361 τῶν
2384 1309 2552 1382 ξιφῶν
2669 1308 2846 1382 ὁρμὰς
2931 1305 3398 1381 ἀποκρουόμενος·
3487 1307 3692 1362 πάντο-

2037 1397 2122 1450 θεν
2174 1393 2219 1450 δ’
2284 1397 2359 1458 ὡς
2418 1396 2608 1472 θηρίον
2679 1394 3022 1472 βαλλόμενος
3083 1394 3171 1449 καὶ
3226 1395 3364 1470 πρὸς
3423 1395 3516 1457 τὰς
3544 1397 3689 1470 τρώ-

2039 1491 2148 1547 σείς
2209 1484 2504 1559 ἀποκαμὼν
2537 1529 2553 1552 ,
2603 1484 2913 1541 τελευταῖον
3006 1483 3103 1539 ἓνα
3178 1485 3301 1540 τινὰ
3355 1490 3688 1560 γιγαντιαῖον

2039 1573 2360 1654 ἐπιφέροντα
2427 1573 2558 1630 ἰδὼν
2618 1577 2716 1643 τὴν
2775 1574 3028 1652 πληγὴν,
3083 1569 3230 1649 ϐρκῳ
3287 1577 3390 1639 τῆς
3447 1578 3527 1646 τῷ
3575 1579 3690 1647 ναῷ

2037 1663 2351 1735 ένοικούσης
2411 1663 2728 1738 κατεδέσμει
2819 1666 3048 1743 χάριτος
3117 1665 3206 1717 καὶ
3276 1663 3558 1739 φείσασθαι
3611 1663 3695 1734 ἐξ·

2039 1752 2308 1828 ελιπάρειο
2386 1761 2488 1822 τῆς
2561 1758 2671 1808 τῶν
2733 1747 3140 1828 Κραμϐωνιτῶν
3208 1751 3368 1817 οὗτος
3421 1755 3450 1808 6
3507 1755 3687 1830 γεννά-

277 1851 460 1912 batio,
495 1851 594 1921 qui
627 1849 952 1920 imperator
997 1847 1151 1903 868
1184 1847 1527 1919 designatus
1558 1848 1928 1902 Constantini

2043 1839 2136 1904 δας
2179 1842 2409 1917 ὥρμητο
2451 1849 2658 1917 γενεᾶς.
2721 1841 2881 1898 Ἀλλ’
2941 1843 2970 1897 6'
3026 1863 3106 1918 γε,
3150 1864 3174 1889 ιι
3207 1838 3325 1916 Οὸχ
3376 1841 3576 1916 ὅρκων,
3606 1843 3686 1898 εἰ·

273 1957 493 1997 nomen
525 1943 890 2010 susceperat,
915 1937 1152 2003 Basilio,
1185 1937 1460 2008 Gregorio
1481 1941 1538 1990 et
1557 1936 1886 1990 Theodosio
1913 1953 1925 2003 ;

271 2047 420 2102 quos
453 2045 659 2083 omnes
681 2028 743 2082 in
767 2027 1032 2082 lembum
1065 2025 1374 2097 impositos
1405 2026 1466 2079 in
1493 2027 1729 2079 Protam
1755 2025 1925 2080 insu-

271 2119 389 2174 lam
421 2121 764 2173 avexerunt.
817 2116 903 2171 lbi
935 2131 1144 2170 omnes
1190 2115 1427 2169 castrati
1461 2120 1621 2181 sunt,
1654 2119 1712 2168 et
1741 2115 1926 2169 Theo-

272 2208 474 2264 dosius
505 2208 623 2262 vita
657 2205 970 2261 defunctus
1003 2221 1120 2259 una
1151 2221 1287 2259 cum
1319 2208 1483 2274 patre
1517 2208 1605 2257 est
1636 2203 1924 2274 sepultus.

2038 1933 2176 2000 πὼν,
2227 1930 2373 1986 ἀλλὰ
2418 1933 2596 2008 φόνων
2657 1932 2866 2008 καιρὸς,
2901 1955 2928 1983 ››
2994 1931 3141 1986 παίει
3183 1931 3319 1986 κατά
3374 1939 3476 2000 τῆς
3505 1933 3693 2008 ’χειρὸς

2041 2019 2316 2076 διανταίαν
2353 2020 2601 2098 πληγὴν,
2634 2024 2709 2087 ὡς
2751 2024 2826 2096 μὴ
2864 2023 3030 2095 μόνον
3076 2029 3177 2092 τῆς
3245 2020 3464 2084 κλεὶδὸς
3493 2022 3694 2094 ταύτην

2040 2111 2352 2184 ἀποτεμεῖν,
2416 2109 2560 2167 ἀλλᾶ
2616 2113 2706 2167 καὶ
2788 2113 2850 2167 τὸ
2917 2114 3078 2188 κέρας
3134 2116 3522 2185 συναποτεμεῖν
3598 2116 3694 2166 τοῦ

2041 2205 2296 2274 σταυροῦ.
2327 2201 2652 2276 ’Δποτέμνει
2707 2200 2764 2258 δέ
2829 2223 2912 2263 τις
2979 2201 3143 2257 αὐτού
3176 2202 3262 2256 καὶ
3297 2202 3394 2271 τὴν
3429 2200 3694 2280 κεφαλὴν,

271 2294 383 2366 ἤδη
417 2294 939 2366 καταπεπονημένου
969 2298 1089 2354 ταῖς
1119 2290 1365 2365 πληγαῖς
1391 2291 1479 2347 καὶ
1524 2289 1874 2353 ὀκλάσαντος.
1943 2289 2189 2364 Τοιούτῳ
2249 2291 2344 2364 μέν
2409 2293 2532 2367 βίου
2589 2292 2735 2349 τέλει
2793 2294 2820 2347 ὁ
2879 2293 3026 2347 Λέων
3087 2291 3384 2371 ἐχρήσατο,
3441 2293 3579 2347 κατὰ
3607 2293 3698 2346 τὸν

276 2379 620 2457 Δεκέμϐριον
681 2389 859 2456 μῆνα,
907 2379 1024 2456 ὥρα
1079 2384 1144 2449 ἦν
1205 2378 1402 2452 δεκάτη
1469 2387 1569 2450 τῆς
1621 2381 1837 2448 νυκτὸς,
1898 2377 1980 2435 ἐπ’
2038 2377 2130 2450 ἔτη
2197 2379 2521 2454 βασιλεύσας
2579 2384 2620 2451 ζ⁸
2675 2384 2764 2438 καὶ
2827 2386 3007 2454 μῆνης
3065 2382 3122 2451 ε’,
3183 2381 3492 2455 ὠμότατος,
3549 2380 3697 2456 εἴπερ

273 2494 359 2535 τις
415 2469 616 2541 ἀλλος,
673 2471 940 2547 γεγονὼς,
1007 2470 1096 2525 καὶ
1153 2475 1263 2524 τῶν
1320 2467 1427 2544 πρὸ
1486 2466 1649 2524 αὐτοῦ
1705 2470 1920 2524 πάντων
1977 2469 2006 2523 6
2059 2464 2436 2539 ἀσεϐέστατος,
2496 2471 2578 2532 οἶς
2635 2472 2733 2539 τήν
2793 2491 2852 2526 τε
2914 2473 3222 2546 προσοῦσαν
3282 2470 3430 2541 αὒτῷ
3481 2468 3533 2523 ἐν
3577 2475 3696 2534 τοῖς

271 2565 478 2623 κοινοῖς
535 2558 852 2634 ἐπιμέλειαν
909 2559 995 2614 καὶ
1055 2559 1154 2627 τὴν
1217 2558 1268 2613 ἐν
1351 2559 1507 2636 χερσὶ
1575 2557 1932 2634 γενναιότητα
1987 2557 2385 2631 ἀπημαύρωσε.
2455 2557 2682 2634 Λέγεται
2741 2556 2797 2613 δὲ
2853 2559 2943 2612 καὶ
3007 2557 3192 2632 φωνὴν
3240 2556 3529 2632 οὐρανόθεν
3598 2579 3693 2613 κα-

273 2647 609 2724 ταρραγῆναι
642 2647 798 2713 εὐθὺς
858 2649 959 2718 τήν
1019 2649 1186 2702 αὑτοῦ
1245 2647 1536 2703 κατάλυσιν
1594 2645 2089 2723 εύαγγελιζομένην
2147 2646 2406 2709 πολλοῖς·
2461 2649 2528 2716 ἧς
2583 2650 2674 2702 καί
2725 2668 2868 2711 τινες
2933 2643 3230 2716 ἀκηκοότες
3291 2646 3542 2701 ναυτίλοὶ
3599 2649 3692 2702 τὸν

273 2741 460 2815 καιρόν
519 2761 578 2794 τε
629 2739 719 2793 καὶ
779 2740 875 2807 τήν
935 2738 1102 2792 νύκτα
1158 2739 1637 2812 καταγραψάμενοι
1674 2781 1687 2806 ,
1743 2735 1802 2790 ἐκ
1856 2741 1952 2791 τοῦ
2014 2737 2147 2810 μετά
2202 2735 2369 2791 ταῦτα
2424 2739 2881 2811 συμπεράσματυς
2957 2737 3109 2808 εὗρον
3189 2733 3348 2790 οὖσαν
3406 2733 3694 2805 ἀληθινήν.

276 2829 657 2902 Ἀνῃρημένου
691 2825 749 2882 δὲ
777 2831 875 2881 τοῦ
929 2826 1182 2895 Λέοντος,
1245 2827 1296 2880 οἱ
1353 2823 1688 2899 ἀνῃρηκότες
1748 2825 1996 2898 σύροντες
2051 2825 2142 2879 τὸν
2197 2824 2392 2878 τούτου
2444 2825 2632 2900 νεκρὸ)
2690 2825 2933 2897 ἀνηλεῶς
2987 2825 3075 2882 διὰ
3138 2835 3245 2885 τῶν
3306 2832 3534 2888 Σκύλων
3586 2823 3698 2903 (61)

286 2917 363 2978 εἷς
393 2917 483 2970 τὸν
519 2914 868 2991 ἱππόδρομον
904 2915 1191 2991 ἐξήγαγον,
1222 2915 1422 2977 παντὸς
1463 2913 1648 2976 αὐτοῖς
1707 2911 2118 2988 περιῃρημένοι)
2177 2907 2350 2992 φόϐου
2407 2910 2496 2968 διὰ
2541 2914 2604 2969 τὸ
2657 2916 2755 2985 τήν
2821 2917 3100 2992 βασίλειον
3155 2919 3329 2990 αὐλὴν
3388 2919 3584 2985 ὅπλοις
3618 2924 3697 2977 οἱ-

281 3004 452 3066 κείοις
486 3005 745 3060 πάντοθεν
787 3006 1249 3081 περιφραχθῆναι.
1311 3001 1656 3059 Κατέσπασαν
1718 2999 1774 3056 δὲ
1819 3007 1926 3056 τῶν
1987 2998 2281 3077 βασιλείων
2329 3003 2421 3058 καὶ
2476 3005 2576 3074 τὴν
2628 3005 2793 3061 αὐτοῦ
2824 3011 3067 3081 γαμετὴν
3126 3008 3220 3065 σὺν
3279 3015 3395 3067 τοῖς
3450 3012 3702 3087 τέσσαρσι

278 3093 488 3155 τέκνοις
521 3093 712 3163 αὐτῆς.
744 3088 1049 3147 Σαϐϐάτιον
1095 3094 1188 3147 τὸν
1247 3091 1712 3166 μετονομασθέντα
1771 3091 1906 3146 κατὰ
1962 3092 2062 3161 τήν
2119 3089 2414 3166 ἀνάῤῥησιν
2476 3097 2900 3163 Κωνσταντινον,
2964 3097 3250 3154 Βασίλειάν
3303 3123 3361 3156 τε
3411 3102 3500 3157 καὶ
3553 3109 3700 3173 Γρη-

274 3181 464 3257 γόριον
498 3185 612 3256 ἅμα
645 3179 939 3255 Θευδοσίῳ’
1003 3183 1094 3244 οὓς
1153 3183 1243 3237 καὶ
1291 3179 1500 3253 ἀκατίῳ
1554 3180 1790 3242 ἐνθέντες
1844 3181 1979 3254 πρὸς
2037 3182 2136 3250 τήν
2197 3184 2425 3257 Πρώτην
2485 3191 2648 3254 νῆσον
2697 3186 2999 3262 ἀπήγαγον,
3047 3195 3264 3246 κακεῖσε
3320 3196 3426 3246 τῶν
3483 3193 3698 3250 πάντων

278 3271 652 3344 ὲκτμηθὲντων
689 3267 884 3342 συνέϐη
917 3273 1008 3327 τὸν
1037 3269 1324 3327 Θεοδόσιον
1365 3272 1462 3339 τὴν
1497 3272 1691 3326 ἑαυτοῦ
1719 3267 2017 3326 καταλῦσαι
2050 3273 2198 3340 ζωὴν
2230 3273 2319 3326 καὶ
2350 3277 2524 3349 ταφῆς
2554 3279 2632 3346 τῷ
2665 3273 2788 3349 ἰδίῳ
2818 3279 3265 3348 κεκοινωνηκέναι
3307 3281 3504 3357 πατρί.

350 3366 420 3419 At
454 3365 774 3420 Michaelus
832 3363 1022 3435 papiae
1083 3363 1354 3419 custodia
1413 3363 1723 3427 liberatus,
1760 3362 1840 3416 ita
1869 3365 1932 3416 ut

2118 3361 2178 3417 Ὁ
2211 3359 2268 3415 δὲ
2318 3361 2554 3436 Μιχαὴλ
2611 3366 2709 3433 τῆς
2749 3364 2809 3419 ἐκ
2837 3367 2933 3421 τοῦ
2971 3370 3151 3423 παπία
3189 3376 3428 3444 φρουρᾶς
3462 3371 3695 3441 ἀνεθεὶς,

278 3454 460 3526 pedes
491 3454 685 3509 adhuc
707 3453 769 3507 in
799 3453 1009 3508 ferreis
1040 3452 1298 3507 habebat
1327 3451 1716 3523 compedibus
1751 3450 1936 3504 inclu-

281 3562 379 3599 sos
412 3545 637 3613 (earum
672 3543 832 3597 enim
859 3543 1047 3597 claves
1078 3543 1138 3596 in
1164 3543 1296 3597 sinu
1324 3542 1531 3596 Leonis
1560 3539 1935 3596 asservaban-

278 3631 806 3703 tur),imperatorio
828 3632 975 3687 solio
1017 3632 1533 3701 concedit,estque
1566 3630 1638 3684 ab
1659 3629 1934 3684 omnibus

281 3721 383 3792 qui
417 3725 538 3774 tum
571 3721 631 3773 in
665 3719 880 3790 palatio
908 3720 1157 3776 aderant
1177 3720 1504 3790 imperator
1525 3718 1815 3773 salutatus
1837 3723 1934 3772 at-

281 3827 397 3882 que
430 3810 726 3865 adoratus.
762 3810 880 3865 Sub
911 3809 1226 3865 meridiem
1257 3824 1393 3862 vero
1418 3808 1576 3862 fama
1603 3808 1729 3878 jam
1754 3807 1932 3862 undi-

280 3916 515 3970 quaque
540 3899 848 3970 dissipata,
873 3899 1090 3953 malleo
1114 3915 1220 3970 per
1236 3898 1350 3951 vim
1371 3897 1616 3952 difﬁssis
1639 3897 1934 3968 compedi-

274 3991 406 4058 bus,
443 4007 638 4060 neque
687 3989 965 4044 manibus
1003 3988 1241 4052 ablutis,
1285 4004 1479 4058 neque
1523 3988 1625 4042 Dei
1665 3994 1834 4043 metu
1875 3989 1934 4044 in

275 4081 543 4135 animum
585 4096 760 4134 suum
809 4078 1075 4141 inducto,
1121 4093 1315 4147 neque
1357 4077 1480 4131 ulla
1513 4077 1629 4132 alia
1659 4095 1721 4133 re
1757 4096 1934 4149 quam

279 4169 670 4224 decebatﬁeri
692 4173 950 4240 peracta,
971 4167 1044 4222 ad
1069 4183 1348 4238 magnum
1369 4168 1593 4222 Sanctae
1617 4168 1934 4239 Sapientiae

282 4259 570 4330 templum
601 4258 840 4329 prodiit,
875 4257 1122 4327 cupiens
1156 4272 1338 4312 manu
1382 4257 1733 4328 patriarchae
1765 4276 1934 4313 coro-

281 4351 412 4405 nari
447 4355 506 4403 et
563 4349 635 4403 ab
696 4348 971 4402 universo
1031 4346 1252 4418 populo
1313 4347 1637 4418 imperator
1668 4349 1937 4404 salutariv

281 4438 426 4492 solis
488 4437 678 4492 ﬁdens
737 4435 1170 4507 conjurationis
1231 4437 1407 4492 sociis
1457 4443 1514 4492 et
1561 4437 1769 4493 Leonis
1801 4453 1936 4508 per-

279 4528 644 4583 cussoribus.
691 4526 1010 4596 Utriusque
1042 4525 1140 4580 hic
1171 4527 1423 4582 miretur
1455 4527 1672 4597 aliqu-is
1705 4544 1933 4598 perver-

281 4617 517 4671 sitatem
547 4633 558 4668 :
594 4616 825 4679 Leonis,
860 4615 1018 4685 quod
1048 4615 1193 4670 adeo
1225 4617 1458 4671 nullum
1485 4615 1691 4670 habuit
1721 4617 1809 4670 sui
1845 4617 1940 4671 de-

279 4706 577 4760 fensorem
611 4705 683 4759 de
717 4711 801 4760 tot
836 4705 1131 4776 tantisque
1163 4703 1654 4770 assentatoribus,
1679 4706 1778 4776 qui
1815 4711 1939 4761 tum
1973 4731 2016 4794 Ι)

281 4795 871 4865 omnes'reptantium
887 4793 1213 4848 bestiarum
1238 4793 1298 4847 in
1319 4810 1546 4848 morem
1574 4794 1634 4848 in
1650 4795 1940 4852 foramina

281 4902 344 4940 se
375 4900 482 4939 sua
508 4883 891 4952 abdidergnt;
920 4882 1188 4936 Michaeli
1209 4882 1812 4955 veroimpudentiam,
1838 4886 1941 4956 qui

282 4975 343 5029 in
367 4974 556 5029 aedem
590 4973 842 5027 intraret
864 4987 986 5025 non
1008 4977 1072 5024 ut
1111 4970 1411 5028 homicida
1431 4973 1648 5045 aliquis
1679 4981 1782 5030 aut
1810 4993 1941 5030 car—

280 5065 444 5124 nifex
475 5061 764 5136 sanguine
795 5059 1038 5133 pollutis
1071 5060 1366 5131 manibus,
1401 5063 1505 5120 sed
1544 5065 1725 5121 veluti
1758 5065 1942 5121 victor

2048 3445 2152 3504 ἔτει
2192 3450 2320 3514 τοὺς
2352 3449 2524 3513 πόδας
2559 3451 2610 3506 ἐν
2645 3451 3034 3528 σιδηροπέδαις
3065 3452 3211 3533 ἔχων
3250 3461 3690 3534 κατισχημένούς

2046 3535 2135 3593 διὰ
2173 3542 2235 3595 τὸ
2265 3543 2363 3610 την
2393 3541 2544 3596 κλεῖν
2585 3548 2692 3597 τῶν
2719 3541 2960 3619 σιδήρων
2995 3546 3045 3600 ἐν
3073 3553 3153 3620 τῷ
3187 3547 3382 3620 κόλπῳ
3402 3556 3500 3604 τοῦ
3533 3549 3692 3605 Λέον-

2043 3650 2138 3691 τος
2189 3630 2572 3705 φυλάττεσθαι,
2617 3635 2790 3695 οὕτως
2850 3635 2926 3698 ὠς
2993 3637 3112 3712 εἶχε
3146 3639 3283 3710 μετά
3312 3644 3419 3693 τῶν
3454 3638 3692 3716 σιδηρῶν

2046 3717 2133 3772 ἐπὶ
2163 3719 2254 3773 τὸν
2301 3719 2576 3794 βασίλειον
2619 3720 2829 3778 ἐκάθισε
2886 3725 3100 3799 θρόνον,
3161 3728 3250 3781 καὶ
3309 3731 3453 3803 παρᾶ
3484 3730 3698 3786 πάντων

2044 3812 2150 3862 τῶν
2183 3809 2316 3869 τέως
2348 3808 2512 3865 ὄντων
2561 3811 2614 3866 ἐν
2685 3818 2763 3885 τῷ
2805 3815 3055 3888 παλατίῳ
3110 3816 3487 3892 ἀναγορευθεὶς
3528 3841 3700 3895 προσ·

2048 3899 2301 3966 εκυνήθη.
2337 3897 2480 3970 ἼΙδη
2535 3897 2592 3954 δὲ
2652 3903 2924 3972 μεσούσης
2994 3902 3224 3978 ἡμέρας,
3282 3913 3565 3984 πανταχοῦ
3597 3917 3699 3980 τῆς

2047 3988 2244 4061 φήμης
2288 3985 2719 4063 διαδραμούσης,
2766 3995 2873 4046 τῶν
2954 3989 3166 4064 δεσμῶν
3220 3992 3562 4058 θλασθέντων
3597 3997 3704 4055 ὐπὸ

2047 4074 2252 4150 σφύρας
2307 4077 2520 4149 βιαίως,
2575 4079 2634 4133 όύ
2677 4085 2866 4155 χεῖρας
2920 4083 3350 4156 ἀπονιψάμενος,
3383 4084 3445 4141 οἷ)
3483 4088 3576 4141 τὸν
3603 4092 3703 4142 τοῦ

2048 4170 2182 4221 Θεοῦ
2225 4160 2396 4242 φόϐον
2444 4166 2532 4221 ἐπὶ
2590 4172 2714 4223 νοῦν
2771 4169 3038 4245 εἰληφὼς,
3081 4173 3180 4226 οὐκ
3210 4170 3350 4228 ἄλλο
3407 4173 3559 4230 οόδέν
3591 4182 3705 4232 τῶν

2050 4253 2286 4310 δεόντων
2319 4256 2543 4330 πράξας,
2576 4260 2711 4334 πρὸς
2767 4261 2859 4314 τόν
2931 4263 3099 4336 μέγαν
3128 4266 3227 4328 τῆς
3269 4265 3456 4339 Ἀγίας
3492 4269 3700 4345 Σοφίας

2049 4346 2176 4400 ναὸν
2249 4347 2621 4422 προελήλυθε,
2682 4349 2829 4424 χειρὶ
2869 4354 2965 4406 τοῦ
3015 4372 3362 4428 πατριαρχου
3407 4360 3704 4435 στεφθῆναι

2052 4435 2414 4512 βουλόμενος,
2473 4439 2561 4492 καὶ
2614 4437 2950 4512 γλιχόμενος
3000 4443 3086 4496 καὶ
3146 4447 3245 4514 τῇς
3285 4443 3578 4518 πανδήμου
3608 4469 3706 4502 τυ-

2052 4532 2172 4600 χεῖν
2205 4525 2578 4600 ἀναρρήσεως,
2620 4526 2846 4590 ἐκείνοις
2890 4530 3074 4603 μόνοις
3104 4538 3220 4594 τοῖς
3275 4535 3367 4588 τὸν
3427 4535 3586 4614 φόνον
3621 4536 3703 4606 ἐξ-

2049 4615 2273 4685 ηνυκόσι
2336 4618 2678 4687 συνωμόταις
2727 4617 2962 4694 θαρῥῶν.
3025 4622 3112 4694 [Ρ.
3145 4624 3270 4696 496]
3301 4623 3466 4687 Ἔνθα
3498 4627 3588 4680 καὶ
3619 4649 3706 4690 τις

2050 4706 2375 4778 θαυμάσεεεν
2407 4705 2728 4783 ἀμφοτέρων
2761 4709 2822 4762 τὸ
2853 4709 3230 4785 κακόγνιυμον·
3272 4717 3368 4766 τοῦ
3405 4714 3498 4786 μὲν
3534 4714 3706 4770 ἀπελ-

2055 4795 2258 4858 θόντες,
2301 4794 2450 4858 ὅπως
2499 4793 2690 4850 οὐδένα
2742 4791 2871 4872 ἔσχε
2901 4799 2994 4853 τὸν
3033 4801 3336 4873 βοηθοῦντα
3376 4800 3435 4856 ἐκ
3455 4809 3561 4858 τῶν
3611 4825 3706 4860 το·

2052 4884 2260 4940 σούτων
2319 4886 2406 4939 καὶ
2503 4885 2850 4956 τηλικούτων
2920 4887 3193 4958 κολάκων,
3253 4890 3491 4965 ἑρπετῶν
3544 4892 3703 4965 δίκην

2051 4971 2298 5029 ἁπάντων
2361 4972 2803 5031 καταδεδυκότων
2835 4975 2909 5038 εἷς
2970 4979 3293 5054 χηραμούς’
3357 4986 3454 5036 τοῦ
3496 4980 3552 5038 δὲ
3585 4986 3704 5056 μετ’

2049 5062 2252 5119 ἐκεῖνον
2280 5063 2344 5119 τὸ
2376 5063 2584 5128 ἀναιδὲς
2642 5066 2728 5120 καὶ
2791 5065 3172 5143 ἀναίσχυντον,
3228 5070 3287 5131 ’ὸς
3345 5072 3423 5135 εἰς
3472 5074 3571 5143 τὴν
3613 5072 3706 5129 ἐκ-

1464 5207 1831 5262 XYLANDRI
1869 5207 1957 5261 ET
1997 5208 2212 5263 GOARI
2255 5209 2476 5264 NOTAE.

352 5332 466 5402 (61)
500 5327 595 5382 Διᾶ
623 5323 836 5402 σκύλων
873 5332 1234 5402 susqectum.
1271 5331 1496 5402 Nomen
1531 5338 1620 5387 est
1657 5332 1772 5386 loci
1806 5348 1933 5402 pro-

282 5397 592 5483 ριηίιξιὲμρι
625 5397 1179 5483 ξ’θιτςὲ.ηοη.εξὲδιιέιε
1212 5399 1385 5483 ιηὲιῖδν
1420 5402 1520 5483 ubi
1550 5397 1937 5483 ,βεείξνίιιῑιιπ

285 5470 347 5526 in
404 5473 684 5528 Michaelo
728 5470 1036 5542 Theophili
1098 5471 1220 5525 ﬁlio
1270 5473 1586 5528 Theoctisti
1638 5474 1934 5540 interitus,

289 5545 493 5598 eadem
521 5561 624 5598 vox
645 5545 964 5614 reperitur.
989 5543 1202 5614 XYL.—
1224 5544 1510 5599 Prmsenti
1532 5545 1817 5601 vocabulo
1837 5562 1938 5601 nu-

288 5630 497 5699 s‘quam
521 5613 864 5696 Spolfaicum
923 5613 1220 5699 )Il‘vlan‘dro
1254 5615 1573 5689 intelliges,
1607 5617 1936 5699 sed-custo-

293 5669 403 5739 diae
435 5669 806 5755 carcerisqne
852 5669 1070 5757 publici
1111 5685 1329 5758 locum,
1356 5669 1482 5758 ἀίίὲ
1503 5669 1764 5762 majoris
1786 5669 1938 5745 inla-

2048 5334 2391 5416 mim‘causa
2424 5333 2703 5416 trucidati
2741 5336 2950 5416 Leonis
3007 5339 3256 5396 cadaver
3312 5343 3709 5416 ignominiose

2051 5411 2298 5483 tractam
2359 5407 2490 5483 fuit.
2553 5408 2774 5483 Auctor
2832 5409 2986 5465 infra
3043 5429 3097 5483 p.
3157 5416 3258 5467 543
3306 5407 3709 5472 ΤῚιοοοῐίδιιιω

2044 5477 2290 5548 jamjam
2327 5479 2456 5534 neci
2492 5477 2845 5534 tradendum
2879 5499 2946 5536 eo
2975 5477 3215 5538 ductum
3251 5491 3310 5539 et
3339 5493 3706 5544 asservatum

2049 5557 2291 5630 narrat:
2349 5551 2546 5630 ᾟγετο
2581 5549 2674 5630 μὲν
2710 5548 2802 5603 οὕν
2836 5553 2971 5626 πρὸς
3010 5553 3074 5607 τὰ
3106 5554 3298 5624 σκῦλα,
3333 5562 3541 5630 φρουρᾷ
3570 5558 3709 5620 τέως

2050 5613 2591 5693 παραδοθησόμενος
2631 5623 2806 5680 GOAR.
2880 5613 2890 5626 ’
3286 5613 3297 5624 ’
3346 5613 3386 5630 Η
3478 5613 3488 5632 ³
