4112 6410
324 379 453 440 953

1484 377 2030 440 HISTORIARUM
2077 378 2626 445 COMPENDIUM.

3631 378 3750 438 954

320 509 568 581 κλησίαν
597 506 770 582 εἲσῄει
803 506 912 588 οὐχ
939 507 1014 570 ὥς
1060 529 1145 574 τις
1187 509 1375 588 φονεὺς
1419 511 1508 564 καὶ
1557 507 1760 583 δήμιος
1790 508 1984 585 ᾑμαγ-

2101 513 2254 569 809
2287 531 2354 571 ac
2383 516 2484 588 qui
2516 515 2778 588 palmam
2805 513 3145 575 meruisset.
3171 529 3239 568 eo
3260 512 3518 568 facinore
3550 528 3754 584 super-

324 599 500 672 μὲνας
528 597 672 672 ἔχων
704 597 800 659 τὰς
833 602 1045 674 χεῖρας,
1079 595 1206 652 ἀλλ’
1238 596 1420 673 ὣσπερ
1446 619 1531 662 τις
1559 597 1870 676 ἀθλοφόρος
1900 595 1990 653 καὶ

319 691 588 762 νικητής,
672 687 762 742 ἐπὶ
846 692 926 760 τῷ
1009 689 1255 762 γεγονότι
1311 688 1656 764 γαννύμενος,
1724 688 1993 766 ἐμφύλιον

323 779 533 860 ἐκχέας
564 779 704 852 αἷμα
737 776 837 832 οὐκ
885 774 974 832 ἐπὶ
1014 781 1112 832 τοῦ
1149 778 1411 855 τυχόντος
1441 778 1638 850 τόπου,
1671 777 1796 835 ἀλλ’
1829 779 1880 834 ἐν
1911 785 1993 854 τῷ

321 870 469 942 θείῳ
501 867 898 941 θυσιαστηρίῳ,
960 863 1082 920 ἔνθα
1136 866 1200 921 τὸ
1259 868 1589 923 Δεσποτικὸν
1631 870 1750 923 καθ’
1781 868 1990 942 ἡμέραν

319 957 582 1034 ἐκχέεται
611 961 720 1011 τῶν
753 954 1036 1030 ἡμετέρων
1061 951 1216 1010 ἕνεκα
1249 954 1464 1029 λύτρων
1507 957 1813 1032 ἁμαρτιῶν.

408 1049 613 1104 Τοῦτον
648 1045 741 1100 τὸν
805 1042 1038 1124 Μιχαὴλ
1093 1043 1288 1120 ἤνεγκε
1349 1045 1442 1118 μὲν
1493 1048 1528 1116 ἡ
1589 1048 1724 1102 κατᾶ
1755 1048 1854 1116 τήν
1884 1045 1992 1102 ἄνω

321 1136 578 1210 Φρυγίαν
610 1132 774 1194 πόλις
801 1133 1108 1208 Ἀμώριον,
1141 1132 1285 1188 οὕτω
1325 1131 1665 1208 καλουμένη,
1699 1135 1750 1189 ἐν
1846 1139 1992 1193 Ἰου-

323 1222 503 1280 δαίων
550 1224 640 1278 καὶ
697 1221 1030 1298 Ἀθιγγάνων
1087 1223 1178 1277 καὶ
1237 1221 1431 1298 ἐτέρων
1501 1219 1710 1280 ἀσεϐῶν
1778 1223 1995 1295 πλῆθος

322 1309 572 1368 ἔκπαλαι
612 1315 719 1366 τῶν
749 1311 963 1388 χρόνων
1007 1309 1453 1388 ἒγκατοικίζεται.
1510 1313 1609 1368 Καὶ
1640 1335 1722 1377 τις
1756 1311 1814 1370 δὲ
1843 1313 1995 1391 αἳρε-

325 1423 418 1464 σις
448 1402 507 1458 ἐκ
534 1404 632 1471 τῆς
662 1399 932 1471 ἀλλήλων
973 1401 1258 1464 κοινωνίας
1310 1403 1398 1457 καὶ
1448 1399 1732 1474 διηνεκοῦς
1764 1402 1992 1479 ὁμιλίας

321 1492 515 1547 καινὸν
549 1489 756 1567 ἔχουσα
785 1492 874 1544 τὸν
907 1490 1114 1566 τρόπον
1144 1491 1231 1546 καὶ
1269 1490 1549 1548 ἀλλόκοτα
1580 1490 1826 1567 δόγματα
1873 1491 1989 1548 ἐπι-

326 1581 545 1659 φύεται,
576 1583 643 1648 ἧς
674 1578 763 1634 καὶ
788 1577 947 1640 αὐτὸς
975 1579 1211 1655 μέτοχος
1231 1581 1317 1650 ἦν,
1342 1579 1830 1656 πατροπαράδοτος
1862 1585 1992 1656 θρη-

321 1669 510 1726 σκείαν
539 1667 904 1743 ἀποπληρῶν.
969 1668 1112 1739 Αὕτη
1160 1673 1257 1724 τοῦ
1313 1671 1407 1744 μὲν
1455 1671 1602 1736 θείου
1633 1671 1868 1748 λουτροῦ
1899 1673 1990 1728 καὶ

325 1756 726 1834 σωῦηριώδους
756 1759 884 1821 τοὺς
915 1757 1282 1831 τελουμένους
1316 1759 1750 1836 μεταλαγχάνειν
1779 1761 1986 1833 ἀνίησι,

321 1851 509 1906 τᾶλλα
541 1847 597 1905 δὲ
626 1848 800 1904 πάντα
830 1849 1014 1920 σώζει,
1038 1849 1382 1928 φυλάττουσα
1404 1852 1493 1906 τὸν
1525 1852 1694 1926 νόμον
1725 1853 1816 1908 τὸν
1851 1855 1984 1911 Μω-

318 1941 512 1995 σαϊκὸν
563 1937 710 2008 πλήν
757 1945 859 2008 τῆς
906 1946 1234 2014 περιτομῆς.
1291 1940 1428 2014 Εἶχε
1477 1937 1534 1996 δὶ
1583 1938 1908 1998 διδάσκαλον
1952 1945 1980 1998 ὁ

322 2029 564 2106 Μιχαὴλ
595 2027 686 2082 καὶ
719 2028 832 2082 οἷον
864 2026 1112 2104 ἔξαρχον,
1149 2029 1237 2084 ὑπ’
1280 2029 1444 2084 αὐτοῦ
1477 2031 1983 2108 μεμυσταγωγημέ-

321 2141 442 2186 νος,
473 2113 729 2194 Ἐὅραῖόν
762 2139 882 2174 τινα
980 2113 1240 2194 Ἑϐραῖδα
1287 2121 1422 2175 κατά
1459 2122 1550 2176 τὸν
1583 2123 1776 2177 ἑαυτοῦ
1807 2124 1981 2194 οἶκον,

322 2207 386 2262 οὗ
425 2208 585 2281 μόνον
617 2206 684 2262 τὰ
714 2208 927 2282 ψυχικα
955 2210 1095 2282 (62),
1124 2207 1268 2264 ἀλλὰ
1318 2206 1384 2278 δὴ
1434 2211 1524 2264 καὶ
1554 2210 1650 2275 τὰς
1682 2213 1801 2267 κατ’
1832 2214 1986 2268 οἶκον

326 2295 646 2368 οἰκονομίας
693 2292 855 2350 αὺτὸν
917 2293 1324 2355 ἐκπαιδεύοντα.
1363 2299 1477 2378 Ὑφ’
1527 2299 1589 2354 οὗ
1640 2298 1984 2378 προληφθεῖς

333 2382 491 2440 οὐδὲ)
547 2385 790 2457 ἀκέραιον
841 2379 1061 2456 ἔσωζεν,
1104 2384 1234 2441 ἀλλ’
1287 2387 1353 2457 ἦν
1407 2387 1659 2452 ἀπιστίας
1722 2411 1805 2452 τις
1861 2389 1986 2446 σύν-

328 2470 483 2540 οδος,
515 2471 580 2528 τὰ
633 2493 690 2528 τε
746 2475 1084 2548 Χριστιανῶν
1140 2477 1554 2552 παραχαράξας,
1585 2479 1653 2534 τὰ
1710 2476 1986 2535 Ἰουδαίων

327 2557 697 2632 κιϐδηλεύσας
754 2561 845 2618 καὶ
903 2562 1082 2618 τᾶλλα
1119 2564 1543 2639 παρανοθεύσας,
1589 2570 1676 2623 καί
1735 2573 1982 2632 τοιοῦτος

325 2653 430 2722 τήν
485 2650 667 2706 πίστιν
697 2651 1010 2726 γενόμενος,
1041 2652 1299 2712 ποικίλος
1346 2675 1406 2710 τε
1457 2655 1546 2710 καὶ
1594 2655 1981 2734 πολύμορφος,

330 2742 500 2796 ὁποῖά
554 2741 779 2822 φασιτά
817 2739 872 2795 ἐν
927 2737 1098 2816 Λιϐύῃ
1157 2742 1390 2819 γίνεσθαι
1448 2745 1611 2819 θηρία
1641 2742 1731 2800 διὰ
1759 2748 1858 2815 τὴν
1891 2751 1988 2803 τοῦ

330 2827 532 2894 ὕδατος
588 2824 792 2885 ἔνδειαν
847 2832 1186 2906 συναγόμενα
1240 2833 1330 2886 καὶ
1389 2832 1664 2905 ἀλλήλοις
1701 2833 1988 2912 ἐπιμιγνύ-

332 2940 488 2991 μενα.
519 2919 610 2984 Ὧς
671 2916 737 2989 δὴ
779 2919 871 2974 καὶ
930 2919 1006 2981 είς
1073 2921 1172 2990 τήν
1227 2920 1500 2996 βασίλειον
1533 2923 1750 2998 ἀνήχθη
1783 2923 1988 3000 ἀρχὴν,

328 3007 649 3082 ἐσεμνύνετό
679 3030 736 3065 ἰε
774 3009 864 3064 καὶ
896 3008 1159 3082 ὡραΐζετο
1344 3016 1425 3084 τῷ
1471 3009 1769 3086 διαδήματι
1800 3015 1889 3070 καὶ
1919 3019 1989 3090 τῇ

326 3096 644 3175 ἁλουργίδι,
678 3098 845 3174 λόγον
881 3097 938 3155 δὶ
969 3101 1058 3155 καὶ
1094 3099 1330 3174 μάθησιν
1376 3102 1448 3164 ὡς
1475 3103 1542 3158 τά
1571 3101 1740 3158 αὐτοῦ
1771 3103 1988 3179 ἀνατρὲ-

328 3209 497 3244 ποντα
543 3187 634 3243 καὶ
682 3185 953 3264 δυνάμενα
1005 3187 1414 3263 μεταδιδάσκειν
1453 3191 1521 3248 τὰ
1566 3192 1846 3268 κρείττονα
1875 3193 1983 3249 ἀπ-

2099 603 2290 672 biens,
2324 623 2458 662 cum
2482 607 2724 678 quidem
2774 606 3008 662 civilem
3049 603 3399 676 sanguinem
3442 619 3564 658 non
3603 619 3751 673 quo-

2100 695 2185 751 vis
2216 697 2345 753 loco
2376 697 2648 766 fudisset,
2686 697 2791 754 sed
2821 697 2896 752 ad
2935 712 3165 752 sacram
3214 709 3398 760 aram,
3429 693 3531 748 ubi
3564 693 3752 764 quoti-

2101 785 2196 842 die
2256 788 2599 842 Dominicus
2657 787 2898 861 sanguis
2947 803 3053 857 pro
3110 783 3369 858 peccatis
3412 781 3631 839 nostris
3662 798 3756 836 ex-

2099 876 2335 948 piandis
2364 877 2652 933 funditur.

2171 1047 2307 1103 Fuit
2364 1048 2461 1104 hic
2519 1048 2838 1104 Michaelus
2894 1046 3119 1102 Amorii
3177 1050 3373 1112 natus,
3427 1041 3754 1114 superioris

2100 1138 2369 1211 Phrygia)
2397 1138 2544 1194 urbe
2570 1155 2584 1206 ;
2618 1138 2679 1193 in
2712 1154 2830 1209 qua
2857 1137 2930 1192 ab
2960 1135 3219 1207 antiquis
3247 1131 3616 1206 temporibus
3642 1131 3752 1186 Ju-

2101 1227 2869 1300 dmorum,Athinganorum
2883 1226 3255 1296 aliorumque
3272 1223 3592 1294 impiorum
3606 1219 3756 1276 mul-

2099 1317 2288 1373 titudo
2320 1315 2661 1384 habitabat;
2697 1322 2756 1373 et
2801 1315 3073 1388 quaedam
3103 1314 3184 1368 ibi
3232 1313 3476 1368 haaresis
3508 1328 3576 1366 ex
3609 1311 3752 1364 isto-

2098 1423 2232 1462 rum
2259 1407 2544 1463 diuturna
2599 1412 2776 1478 atque
2830 1404 3158 1462 continenti
3188 1403 3346 1458 inter
3376 1417 3437 1456 se
3497 1399 3754 1456 conﬂata

2099 1495 2531 1552 consuetudine
2581 1500 2758 1552 enata
2804 1500 2950 1564 erat,
3003 1509 3156 1549 nova
3200 1508 3444 1564 prorsus
3487 1496 3544 1546 et
3573 1488 3754 1544 inusi-

2101 1585 2240 1640 tatis
2270 1590 2552 1640 constans
2605 1583 3032 1656 opinionibus;
3088 1598 3122 1638 a
3179 1597 3298 1652 qua
3354 1585 3413 1634 et
3461 1579 3589 1650 ipse
3627 1581 3756 1633 erat

2097 1674 2441 1745 imperator,
2467 1673 2698 1728 traditas
2722 1688 2756 1728 a
2774 1672 3102 1744 majoribus
3125 1668 3533 1742 superstitioni
3567 1667 3755 1722 inbaa-

2097 1779 2256 1818 rens.
2313 1764 2393 1818 Ea
2449 1762 2694 1816 haeresis
2754 1777 2892 1816 suos
2950 1760 3024 1815 ad
3081 1759 3353 1814 divinum
3395 1774 3462 1812 ac
3493 1756 3752 1812 salutare

2097 1851 2376 1925 baptismi
2409 1851 2708 1907 lavacrum
2759 1849 3020 1906 admittit
3063 1848 3330 1920 quidem,
3385 1848 3446 1902 in
3499 1846 3751 1917 reliquis

2092 1947 2290 1998 autem
2318 1941 2617 2006 omnibus,
2649 1940 2890 2011 dempta
2923 1937 3400 2003 circumcisione,
3435 1936 3748 1991 Mosaicam

2091 2031 2282 2105 legem
2342 2036 2520 2086 tenet.
2576 2032 2714 2086 Erat
2764 2027 3048 2085 Michaelo
3088 2031 3435 2099 praceptor,
3471 2025 3571 2096 qui
3605 2041 3742 2081 cum

2089 2121 2164 2176 iis
2195 2121 2378 2176 sacris
2406 2121 2762 2184 initiaverat,
2795 2122 2855 2175 et
2882 2117 3052 2189 quasi
3092 2115 3429 2188 prmfectus,
3462 2113 3744 2170 Hebraeus

2091 2209 2335 2282 quidam
2366 2208 2509 2281 (sive
2540 2209 2589 2264 is
2621 2209 2844 2264 femina
2864 2207 3061 2279 potius
3091 2205 3376 2260 Hebraica
3403 2203 3743 2275 fuit),quem

2091 2299 2252 2356 domi
2284 2297 2535 2367 fovebat,
2567 2297 2639 2353 ab
2689 2313 2876 2368 eoque
2908 2311 3028 2351 non
3059 2294 3133 2350 ad
3161 2293 3514 2366 religionem
3545 2291 3746 2357 modo,

2091 2389 2196 2445 sed
2237 2393 2296 2444 et
2351 2387 2426 2444 ad
2481 2403 2606 2443 rem
2667 2385 3054 2442 domesticam
3105 2381 3544 2456 pertinentibus
3569 2381 3748 2437 rebus

2092 2477 2534 2535 instituebatur.
2567 2475 2652 2532 Ab
2687 2492 2754 2531 eo
2785 2478 3234 2548 praeoccupatus
3268 2472 3422 2528 nihil
3451 2471 3748 2544 integrum

2096 2572 2453 2633 servaverat,
2489 2565 2591 2621 sed
2623 2569 2752 2620 erat
2797 2581 2990 2637 pravae
3038 2561 3344 2634 religionis
3384 2561 3446 2615 in
3476 2576 3544 2615 eo
3578 2559 3745 2630 quasi

2094 2657 2348 2713 colluvio
2409 2654 2704 2726 quaedam,
2765 2669 2900 2709 cum
2959 2658 3017 2707 et
3072 2651 3422 2706 Christianaa
3472 2647 3748 2704 fideide-

2094 2754 2256 2805 creta
2284 2746 2649 2803 adulteraret
2696 2749 2755 2800 et
2808 2743 3112 2800 Iudaicam
3143 2741 3493 2813 religionem
3526 2738 3746 2811 spuriis

2094 2835 2477 2910 opinionibus
2504 2834 2819 2906 pollueret.
2882 2833 3131 2904 Fuitque
3184 2830 3452 2897 omnino,
3483 2828 3642 2900 quod
3674 2827 3749 2883 ad

2094 2927 2330 3002 pietatis
2375 2923 2807 2998 professionem
2864 2923 3097 2990 attinet,
3136 2920 3272 2977 talis
3305 2919 3368 2975 in
3400 2937 3468 2975 eo
3497 2918 3752 2974 varietas

2097 3023 2153 3073 et
2184 3015 2477 3080 confusio,
2511 3014 2703 3086 qualis
2742 3013 2931 3068 fertur
2977 3013 3326 3084 Libycarum
3372 3026 3501 3066 esse
3532 3009 3753 3064 bestia-

2095 3124 2228 3163 rum
2260 3111 2492 3174 natura,
2527 3122 2658 3177 qua:
2691 3121 2760 3160 ex
2791 3103 3039 3158 diversis
3082 3101 3444 3158 animalibus
3476 3100 3550 3156 ob
3583 3117 3752 3172 aqua:

2099 3199 2394 3256 defectum
2434 3195 2769 3269 congressis
2825 3198 3173 3250 nascuntur.
3236 3194 3290 3248 Is
3339 3209 3477 3264 ergo
3529 3191 3754 3264 potitus

335 3272 591 3334 εὖάλλετο
626 3278 714 3333 καὶ
745 3259 1032 3351 ἠτίμαζεν..
1065 3277 1262 3353 Ἐτίμα
1311 3277 1367 3335 δὲ
1395 3281 1463 3336 τά
1489 3259 1662 3338 obuia
1701 3280 1980 3359 διαφερόν-

2097 3287 2345 3361 imperio
2376 3259 2634 3343 nulla're
2664 3286 2783 3341 alia
2812 3300 2990 3356 quam
3039 3282 3374 3338 diademate
3405 3259 3465 3337 et
3489 3259 3756 3353 purpura

331 3387 463 3428 τως·
493 3369 556 3422 τά
581 3365 638 3422 δὶ
661 3367 751 3438 ἦν,
777 3372 918 3423 συῶν
943 3369 1036 3441 μὲν
1056 3373 1163 3424 τῶν
1193 3370 1312 3446 ἀρτι
1341 3370 1515 3426 τόκων
1547 3371 1842 3448 προλέγειν
1865 3374 1986 3428 ’ὀσοι

323 3478 384 3512 τε
442 3452 654 3512 ἔσονται
714 3457 997 3536 εὐτραφεῖς
1057 3459 1145 3514 καὶ
1231 3461 1502 3533 σωμάτων
1569 3463 1827 3540 μεγέθους
1887 3463 1988 3518 οὐκ

322 3547 718 3621 ἀμοιρήσουσι,
750 3547 842 3602 καὶ
868 3545 984 3603 ὅσοι
1024 3553 1140 3611 τοῖς
1173 3547 1436 3614 ἐναντίοις
1469 3555 1984 3629 περισχεθήσονται,

321 3637 417 3691 καὶ
491 3637 661 3692 ἳππον
741 3637 836 3710 μὲν
911 3636 1071 3716 ἐγγὺς
1148 3639 1360 3694 ἑστάναι
1436 3645 1543 3696 τῶν
1623 3641 1988 3713 λακτιζόντων

329 3722 548 3792 εἰδέναι,
611 3725 770 3789 ὅνους
831 3723 888 3782 δὲ
939 3728 1067 3788 τοὺς
1127 3727 1482 3798 λακτίζοντας
1533 3731 1608 3794 ὡς
1649 3731 1988 3809 πορῥωτάτω

325 3813 676 3888 ἐκτρέπεσθαι
757 3814 988 3896 εὐφυῶς.
1068 3817 1342 3891 Ἢμιόνων
1401 3841 1460 3874 τε
1517 3821 1710 3894 κριτὴς
1769 3819 1987 3896 ἄριστος

327 3905 421 3974 ἧν,
452 3905 542 3959 καὶ
572 3903 780 3960 τούτων
816 3905 934 3960 ὅσοι
990 3905 1086 3979 μὲν
1135 3907 1272 3981 πρὸς
1321 3909 1519 3984 φόρτον
1549 3905 1851 3980 ἐπιτήδειοί
1885 3909 1986 3966 εἶσι

328 3991 644 4068 διακρίνειν,
707 3995 825 4049 ὅσοι
883 3991 940 4049 δὲ
994 3995 1121 4058 τοὺς
1178 3992 1435 4062 ἐπιϐάτας
1499 3998 1745 4078 εὐφόρως
1812 3999 1990 4076 φέρειν

324 4079 599 4150 δύνανται,
655 4083 742 4137 καὶ
834 4085 910 4156 μή
984 4105 1090 4140 τινι
1147 4089 1311 4158 πτοία
1375 4085 1642 4162 περιδεεῖς
1708 4089 1988 4163 γινόμενοι

316 4171 803 4249 ἐκτραχηλίζοιεν.
846 4174 923 4231 Ού
990 4177 1096 4248 μὴν
1151 4175 1299 4232 ἀλλά
1363 4177 1452 4232 καὶ
1503 4177 1629 4242 τοὺς
1678 4176 1883 4242 ’ίππους
1927 4179 1990 4234 ὀ·-

319 4259 591 4338 φθαλμῶν
644 4261 811 4335 μόνον
859 4261 1060 4338 κρίνων
1118 4261 1430 4335 ἐπιϐολαῖς,
1464 4267 1584 4322 ὅσοι
1611 4289 1669 4322 τε
1698 4269 1833 4343 πρὸς
1862 4266 1988 4344 δρό-

327 4372 430 4424 μον
493 4350 700 4406 εῧτονοι
760 4353 850 4406 καὶ
903 4359 1095 4432 ταχεῖς
1153 4355 1242 4410 καὶ
1302 4355 1420 4412 ὅσοι
1478 4357 1614 4431 πρὸς
1643 4356 1890 4430 πόλεμον
1926 4359 1989 4414 τὸ

321 4441 646 4514 καρτερικὸν
747 4438 1099 4512 διασώζουσι’
1180 4447 1331 4520 [497]
1417 4441 1710 4520 προϐάτων
1775 4469 1834 4504 τε
1896 4450 1985 4504 καὶ

335 4531 482 4606 βοῶν
513 4529 785 4601 εὖτοκίας,
815 4533 902 4587 καὶ
943 4535 1044 4604 τήν
1085 4539 1180 4589 τοῦ
1233 4535 1502 4609 γάλακτος
1552 4539 1673 4592 ὅσαι
1706 4535 1987 4612 δαψίλειαν

2089 3394 2152 3433 se
2191 3375 2528 3442 ostentavit,
2578 3373 2732 3431 810
2781 3373 2946 3428 omni
3003 3370 3272 3426 doctrina
3323 3373 3381 3424 et
3434 3367 3755 3440 disciplina

2089 3467 2420 3542 ignominio
2453 3483 2514 3522 se
2547 3461 3056 3538 repudiata,quod
3081 3461 3219 3516 inde
3251 3477 3358 3516 sua
3388 3459 3567 3515 everti
3599 3464 3659 3514 et
3689 3476 3753 3514 se

2092 3560 2310 3615 melius
2342 3557 2568 3629 aliquid
2627 3555 2828 3611 doceri
2888 3570 3060 3626 posse
3122 3555 3437 3608 metueret.
3471 3550 3587 3606 Sua
3616 3567 3751 3605 vero

2093 3649 2338 3705 maximi
2369 3648 2642 3713 ducebat,
2677 3663 2808 3718 quae
2858 3648 3030 3700 erant
3077 3642 3399 3714 prmdicere
3433 3657 3752 3714 porcorum

2091 3757 2304 3797 recens
2335 3744 2610 3795 natorum
2667 3735 2767 3808 qui
2816 3734 3100 3806 praeclare
3132 3731 3392 3789 adulturi
3426 3736 3624 3787 essent
3653 3735 3756 3786 aut

2095 3835 2323 3897 contra,
2355 3843 2530 3899 posse
2562 3826 2732 3898 equis
2763 3822 3214 3880 calcitrantibus
3236 3837 3420 3893 prope
3449 3820 3751 3888 assistere,

2093 3917 2292 3972 asinos
2324 3915 2707 3970 calcitrantes
2750 3917 2876 3968 arte
2922 3927 3101 3982 quam
3146 3909 3492 3980 longissime
3524 3908 3750 3973 vitare;

2094 4004 2165 4060 de
2197 4003 2378 4059 mulis
2411 4003 2632 4074 optime
2658 4000 2950 4072 judicare,
2987 4005 3046 4054 et
3095 3998 3434 4053 discernere
3467 3996 3568 4067 qui
3609 4011 3753 4049 one-

2092 4094 2258 4148 ribus
2289 4097 2391 4148 aut
2421 4091 2520 4163 qui
2571 4089 2788 4145 sessori
2837 4085 3322 4144 commodissime
3355 4083 3598 4139 ferendo
3634 4084 3756 4154 apti

2094 4183 2310 4246 forent,
2345 4187 2412 4236 ut
2463 4179 2632 4236 nullo
2683 4194 2896 4251 pavore
2945 4175 3308 4232 consternati
3343 4190 3477 4228 eum
3510 4177 3754 4228 excute-

2095 4278 2262 4340 rent;
2296 4288 2479 4343 equos
2529 4269 2653 4325 solo
2706 4267 2925 4323 intuitu
2968 4265 3336 4334 dignoscere,
3370 4263 3470 4334 qui
3513 4262 3588 4318 ad
3618 4279 3753 4317 cur-

2095 4379 2226 4417 sum
2249 4360 2476 4415 robusti
2509 4364 2567 4414 et
2596 4357 2820 4414 celeres
2842 4355 2933 4411 vel
2954 4353 3168 4410 bellica
3189 4351 3539 4407 fortitudine
3570 4350 3756 4409 mobi-

2095 4452 2181 4506 les
2214 4455 2414 4505 essent
2440 4448 2659 4513 futuri;
2707 4447 2848 4501 item
2899 4445 2971 4500 de
3015 4443 3212 4499 ovium
3246 4447 3304 4496 et
3333 4442 3513 4496 boum
3545 4442 3749 4496 fecun-

2099 4539 2282 4595 ditate
2313 4539 2570 4593 aclactis
2601 4534 2968 4592 abundantia
2998 4539 3057 4589 et
3084 4533 3156 4588 de
3189 4532 3414 4588 recenti
3446 4529 3567 4585 fetu
3591 4529 3750 4602 judi.

327 4619 634 4699 ἐκφύσεως
701 4619 930 4696 ἔλαγονο
1000 4628 1105 4678 τῶν
1171 4645 1230 4680 τε
1287 4624 1584 4702 ἀρτιγενῶν
1631 4629 1986 4704 γεννημάτων

2099 4647 2254 4697 care,
2287 4629 2458 4700 cujus
2489 4627 2679 4699 quivis
2725 4627 2934 4682 matris
2977 4629 3151 4680 esset.
3187 4624 3321 4679 Haac
3351 4623 3480 4695 ejus
3511 4620 3755 4676 fuerunt

333 4707 531 4765 εἰδέναι
565 4707 862 4786 διακρίνειν
914 4718 1076 4769 ποῖον
1128 4713 1320 4776 όποίας
1370 4715 1482 4771 ἐστὶ
1535 4717 1764 4793 μητρός.
1797 4719 1899 4776 Καὶ
1928 4718 1995 4774 τὰ

336 4800 432 4872 μὶν
484 4801 585 4868 τῆς
638 4803 870 4876 πρώτης
907 4802 1154 4875 ἡλικίας,
1213 4803 1381 4860 εἰπεῖν
1437 4803 1493 4861 δὲ
1541 4807 1630 4861 καὶ
1679 4815 1780 4878 τῆς
1807 4807 1994 4864 τελευ-

326 4887 502 4960 ταίας,
558 4893 728 4945 ταῦτα
785 4887 852 4961 δὴ
902 4891 979 4973 ,τά
1040 4895 1339 4967 μαθήματα
1383 4895 1473 4950 καὶ
1504 4894 1988 4974 σεμνολογήματαξ

325 4979 401 5040 ὡς
458 4975 514 5033 δὲ
568 4979 812 5054 ἤκμαζεν
873 4979 1006 5052 ἤδη,
1062 4983 1157 5038 τὸν
1215 4983 1423 5055 πένητα
1467 4986 1592 5061 βίον
1622 4973 1861 5052 διαθλῶν
1903 4973 1996 5044 καὶ

319 5071 624 5140 καρτερῶν,
689 5063 913 5125 ἔσπευδε
973 5075 1170 5128 τοῦτον
1225 5072 1369 5148 πάσῃ
1427 5073 1824 5150 ἀποτρίψασθαι
1881 5099 1994 5151 μη-

321 5161 492 5232 χανῇ.
571 5157 677 5212 Καὶ
755 5179 888 5213 ποτε
935 5164 1015 5232 τῷ
1091 5161 1288 5217 ἑαυτοῦ
1367 5164 1640 5239 παραστὰς
1699 5170 1993 5240 στρατηγῷ

320 5245 513 5300 ἑαυτὸν
572 5245 854 5326 ὑπέφαινε,
909 5252 979 5322 τῇ
1038 5256 1142 5320 τῆς
1199 5251 1458 5322 γλώττης
1507 5252 1842 5324 τραυλότητι
1895 5255 1986 5310 τὸν

318 5332 568 5409 ἄρχοντα
634 5333 1064 5412 ἐκκαλούμενος.
1135 5343 1259 5398 Τῶν
1349 5339 1407 5396 δὲ
1473 5342 1812 5417 ’Δθιγγάνων
1881 5365 1986 5413 τις,

314 5425 562 5497 γνωστὸς
622 5425 890 5502 ὑπάρχων
946 5433 1028 5502 τῷ
1085 5435 1395 5508 στρατηγῷ,
1454 5431 1613 5488 αὐτὸν
1670 5455 1728 5489 τε
1792 5438 1986 5490 τοῦτον

2105 4719 2298 4790 prima
2327 4723 2500 4774 astate
2532 4717 2749 4787 studia,
2781 4716 2999 4788 quibus
3029 4720 3087 4770 et
3124 4713 3442 4787 postremis
3473 4711 3595 4767 suis
3624 4727 3754 4767 sese

2095 4807 2344 4880 jactavit
2372 4805 2913 4880 temporibus.Cum
2945 4810 3142 4862 autem
3173 4819 3433 4877 paupere
3458 4802 3576 4857 vita
3606 4800 3755 4857 tole-

2103 4896 2291 4952 randa
2319 4897 2696 4966 adolevisset,
2728 4896 2890 4952 omni
2942 4900 3160 4952 conatu
3199 4894 3376 4949 nixus
3407 4896 3498 4948 est
3525 4908 3596 4948 ea
3626 4908 3756 4948 sese

2101 4991 2389 5057 liberare;
2415 4994 2473 5045 et
2493 4987 2818 5060 aliquando
2843 5005 3017 5044 suum
3042 4985 3346 5041 tribunum
3369 4983 3536 5050 adiit,
3558 4982 3756 5052 balba,

2099 5086 2168 5136 ut
2196 5084 2342 5149 erat,
2375 5096 2514 5135 voce
2546 5095 2684 5135 eum
2733 5078 2952 5134 idcirco
3002 5073 3392 5147 compellans.
3427 5071 3510 5128 lbi
3543 5071 3754 5126 Athin-

2099 5185 2286 5243 ganus
2317 5168 2560 5240 quidam
2593 5173 2769 5224 notus
2800 5166 3038 5222 tribuno
3071 5162 3388 5219 afﬁrmavit
3417 5159 3589 5232 paulo
3621 5163 3758 5231 post

2099 5259 2258 5314 hunc
2283 5259 2636 5315 Michaelum
2660 5263 2718 5314 et
2741 5254 3060 5329 quemdam
3083 5252 3268 5309 alium
3290 5251 3584 5306 illustrem
3605 5250 3755 5315 fore,

2099 5365 2166 5404 ac
2197 5349 2448 5420 imperio
2481 5349 2609 5421 ipso
2640 5350 3042 5402 Romanorum
3076 5342 3423 5415 potiturum.
3456 5338 3544 5396 Ad
3576 5354 3756 5410 quam

2098 5439 2549 5511 praedictionem
2601 5437 2872 5492 tribunus
2912 5435 3112 5490 animo
3157 5433 3240 5487 ita
3282 5429 3532 5486 incaluit
3560 5434 3624 5486 ut
3655 5426 3753 5500 qui

1536 5587 1899 5644 XYLANDRI
1938 5589 2026 5646 ET
2063 5591 2281 5647 GOARI
2318 5590 2542 5646 NOTAE.

401 5702 517 5777 (62)
551 5705 676 5760 Non
707 5705 782 5763 ad
816 5707 1172 5783 religionem
1203 5711 1418 5785 solum,
1453 5712 1557 5771 sed
1587 5715 1911 5774 universim
1942 5714 2016 5774 ad
2046 5716 2310 5776 animam
2337 5717 2660 5792 pertinent.
2687 5717 2863 5773 Gom.
