4112 6442
315 421 431 481 955

1651 409 1977 470 GEORGII
2022 410 2345 475 CEDREN
2352 415 2380 474 Ι

3613 414 3742 475 956

313 552 579 607 futurum
601 532 726 619 jam
757 545 923 617 quasi
971 544 1034 599 in
1073 543 1314 617 speculo
1355 547 1490 599 ante
1522 540 1726 597 oculos
1757 555 1963 595 cerne-

2094 541 2166 595 τὸν
2227 541 2463 620 Μιχαὴλ
2528 541 2618 597 καὶ
2677 563 2790 597 τινα
2843 540 3027 617 ἓτερον
3104 535 3470 617 περιϐοήτους
3525 535 3742 601 ἔσεσθαι

312 647 402 696 ret
426 658 438 708 ;
474 647 531 695 et
559 639 703 694 871
735 637 1109 691 occasionem
1133 649 1513 705 nequaquam
1535 629 1968 703 repudiandam

310 736 496 797 ratus,
533 744 710 799 quam
742 742 864 780 non
892 724 1062 779 facile
1090 739 1294 778 rursus
1325 727 1484 777 esset
1515 724 1967 785 consecuturus,

316 838 346 876 e
376 819 616 888 vestigio
648 817 778 872 aliis
810 814 1086 870 omnibus
1131 813 1231 885 qui
1283 818 1341 868 et
1387 812 1620 884 generis
1651 810 1970 882 splendore

316 915 375 965 et
429 906 813 980 dignitatibus
870 904 1165 958 florebant
1222 902 1586 973 postpositis,
1648 900 1757 955 hos
1815 900 1970 954 viros

317 997 578 1054 convivio
610 993 900 1059 adhibuit,
960 1008 1028 1046 ac
1087 992 1312 1062 vigente
1355 990 1789 1061 compotatione
1818 988 1971 1043 filias

316 1087 617 1143 adducens
638 1085 711 1138 iis
734 1084 793 1137 in
815 1080 1266 1136 matrimonium
1294 1078 1630 1150 despondit,
1657 1075 1730 1133 ad
1757 1093 1969 1132 novam

316 1176 557 1248 quidem
605 1179 662 1227 et
714 1171 1082 1242 inopinatam
1131 1186 1257 1224 rem
1315 1166 1607 1239 principio
1641 1172 1968 1238 stupentes,

314 1265 706 1322 assentientes
760 1265 957 1315 tamen
1030 1264 1090 1315 et
1163 1259 1530 1330 paciscentes
1587 1257 1847 1329 nuptias,
1906 1259 1972 1310 ut

318 1354 418 1426 qui
468 1370 589 1408 non
633 1350 913 1410 hominis,
973 1348 1075 1403 sed
1127 1348 1229 1402 Dei
1277 1346 1389 1402 hoc
1439 1363 1569 1401 esse
1618 1363 1767 1417 opus
1798 1347 1969 1417 puta-

316 1447 472 1499 rent.

2079 633 2193 705 μετ’
2233 633 2294 687 οὐ
2329 631 2474 689 πολὺ
2512 631 2825 712 διηγόρευε,
2878 633 2967 689 καὶ
3022 631 3305 708 βασιλείας
3350 634 3519 705 αὐτῆς
3550 632 3744 691 ἐπιτυ-

2075 726 2195 797 χεῖν
2227 721 2324 776 οὐκ
2360 722 2411 778 έν
2451 728 2648 799 μακρῷ
2702 729 2781 796 τῷ
2839 722 3051 802 χρόνῳ.
3102 722 3335 786 Τούτοις
3365 723 3394 778 6
3428 726 3739 800 στρατηγὸς

2074 812 2173 880 τὴν
2221 813 2413 886 ψυχὴν
2470 812 2870 888 έκθερμανθεῖς,
2927 811 3016 867 καὶ
3070 811 3133 866 τὸ
3194 811 3399 885 μέλλον
3434 811 3618 889 ὥσπερ
3649 812 3739 869 έν-

2079 899 2499 974 οπτριζόμενος,
2559 903 2660 957 οὐκ
2712 897 2850 980 ἔγνω
2907 898 3209 976 βραδυτῆσι
3262 903 3615 975 παρώσασθαι
3645 905 3744 960 τὸν

2077 990 2285 1063 καιρὸν,
2311 990 2372 1043 οὗ
2396 990 2507 1044 πΞΛ
2522 1012 2566 1044 ιν
2587 995 2774 1066 τυχεῖν
2810 988 2871 1044 οἱ)
2905 987 3109 1065 ρᾲδιον.
3148 989 3402 1064 Τράπεζα
3432 988 3526 1045 οὖν
3558 1013 3738 1068 παρα-

2076 1081 2298 1158 χρῆμα,
2331 1080 2419 1134 καὶ
2451 1082 2580 1143 τοὺς
2628 1078 2839 1142 ἄλλους
2894 1080 3097 1141 πάντας
3127 1077 3450 1135 καταλιπὼι
3483 1082 3611 1145 τοὺς
3642 1083 3736 1138 καὶ

2079 1167 2222 1243 γένει
2271 1168 2361 1221 καί
2419 1168 2691 1243 ἀξιώμασι
2751 1166 3221 1244 διαφανεστέρους,
3253 1168 3487 1232 τούτους
3519 1167 3585 1240 δὴ
3612 1171 3743 1235 τοὺς

2080 1252 2277 1331 ἄνδρας
2330 1256 2404 1319 εἷς
2455 1257 2690 1313 ἑστίασιν
2741 1258 3019 1333 συγκαλεῖ,
3071 1258 3162 1313 καὶ
3211 1262 3308 1312 τοῦ
3356 1258 3530 1313 πότου
3560 1261 3743 1333 ἀκμά-

2080 1349 2270 1414 ζοντος
2324 1346 2419 1406 τὰς
2478 1347 2777 1425 θυγατέρας
2844 1343 2992 1423 ἄγων
3068 1343 3248 1401 ἐδίδου
3303 1350 3422 1409 τοῖς
3479 1349 3650 1418 ξένοις
3712 1349 3741 1405 6

2081 1435 2407 1511 στρατηγὸς,
2466 1435 2554 1490 καὶ
2630 1433 2898 1513 νῦμφίους
2976 1429 3123 1511 ἔχειν
3184 1435 3598 1513 καθωμολόγει,
3656 1442 3737 1511 τῷ

319 1532 454 1603 ξένῳ
514 1528 611 1601 μὲν
670 1525 762 1581 καὶ
820 1520 1108 1598 παραδόξῳ
1164 1526 1262 1578 τοῦ
1319 1521 1641 1599 πράγματος
1696 1520 1747 1575 ἐν
1803 1520 2045 1576 ἐκστάσει
2108 1522 2371 1598 πρότερον
2426 1522 2775 1600 γενομένους,
2829 1521 3288 1601 ἀποδεχομένους
3335 1521 3393 1579 δὲ
3444 1525 3597 1598 ὅμως
3652 1525 3745 1581 καὶ

318 1615 900 1691 συγκατατιθεμένους,
932 1614 1022 1667 καὶ
1054 1615 1186 1668 Θεοῦ
1218 1609 1375 1687 ἔργον
1406 1613 1468 1666 τὸ
1498 1615 1768 1680 τοιοῦτον,
1804 1608 1903 1665 οὒκ
1935 1611 2221 1687 ανθρώπου
2249 1611 2689 1689 ὁμολογοῦντας.

392 1709 702 1763 Enimvero
746 1705 1064 1760 Michaelus
1108 1702 1427 1774 Athingani
1463 1703 1630 1757 istius
1662 1718 1860 1757 vocem
1894 1701 1977 1756 ita
2004 1704 2052 1769 Β

320 1799 563 1856 auribus
594 1796 813 1863 hausit,
872 1801 934 1849 ut
983 1794 1084 1865 qui
1143 1810 1275 1848 eam
1325 1793 1536 1848 divina:
1569 1791 1976 1863 praedictionis

319 1890 450 1944 loco
482 1890 804 1957 reputaret.
840 1883 1035 1937 Altero
1069 1881 1286 1937 deinde
1336 1881 1537 1936 omine
1568 1881 1974 1949 conﬁrmatus,

322 1976 599 2035 monachi
630 1989 845 2045 nempe
876 1971 1027 2044 apud
1055 1971 1479 2027 Philomblium
1511 1970 1978 2042 vaticinio,quod

321 2083 501 2138 supra
531 2064 867 2133 retulimus,
910 2079 980 2118 eo
1035 2061 1318 2117 audacius
1351 2077 1417 2116 ac
1468 2060 1723 2115 ferocius
1755 2058 1978 2115 caedem

321 2158 499 2215 Leoni
531 2156 776 2211 molitus
809 2158 917 2209 est.
950 2151 1096 2207 Male
1142 2169 1205 2206 se
1254 2156 1518 2225 gesserat
1546 2151 1828 2207 adversus
1859 2149 1977 2222 pri-

322 2264 489 2303 mum
539 2261 713 2300 suum
762 2242 1205 2298 benefactorem
1254 2239 1649 2306 Bardanium;
1702 2241 1873 2311 pejus
1918 2256 1980 2294 se

324 2336 507 2410 gessit
556 2335 837 2389 adversus
887 2331 1236 2397 secundum,
1270 2331 1527 2385 Leonem
1579 2331 1844 2399 inquam,
1879 2329 1979 2399 qui

326 2428 505 2483 etiam
539 2425 728 2479 illium
778 2421 1045 2477 Michaeli
1099 2437 1169 2475 ex
1218 2436 1385 2475 sacro
1438 2418 1670 2474 lavacro
1701 2434 1981 2489 suscepe-

322 2522 431 2575 rat.
495 2515 769 2581 Quamvis
828 2518 1027 2568 autem
1094 2511 1347 2565 Leonem
1407 2509 1781 2565 atrocissima
1834 2525 1978 2564 nece

324 2606 581 2671 sustulit,
616 2605 953 2677 portionem
987 2608 1185 2656 tamen
1228 2599 1547 2671 quamdam
1580 2599 1654 2654 ad
1684 2599 1814 2652 vitae
1847 2615 1978 2653 sus-

321 2696 713 2752 tentationem
742 2692 879 2747 filiis
903 2692 1032 2763 ejus
1055 2697 1112 2745 et
1134 2689 1335 2745 uxoris
1360 2707 1431 2745 ex
1455 2688 1771 2761 publicatis
1795 2687 1981 2759 ipsius

320 2788 494 2843 bonis
528 2791 705 2857 atque
732 2781 1212 2856 possessionibus
1236 2779 1474 2847 decidit,
1498 2796 1714 2852 pueros
1741 2794 1979 2850 quoque

316 2880 392 2935 de
436 2878 558 2933 suis
619 2876 845 2945 aliquot
906 2874 992 2928 eis
1050 2872 1300 2941 donans,
1362 2888 1614 2942 quorum
1669 2874 1983 2925 uterentur

317 2967 675 3025 ministerio.
725 2966 975 3020 Uxorem
1027 2978 1288 3033 namque
1338 2961 1548 3015 Leonis
1588 2960 1648 3015 in
1678 2964 1980 3015 monaste-

2160 1701 2330 1758 ’Βλλὰ
2371 1707 2541 1759 ταῦτα
2604 1704 2698 1777 μὲν
2769 1701 3062 1779 ἐπράττετο
3118 1701 3312 1765 οὕτως’
3372 1704 3473 1773 τὴν
3531 1700 3588 1759 δὲ
3645 1708 3745 1760 τοῦ

2087 1790 2342 1864 ῥηθέντος
2376 1792 2701 1867 Ἀθιγγάνου
2743 1793 2858 1866 (63)
2908 1793 3094 1868 φωνὴν
3131 1790 3206 1855 ὥς
3246 1813 3367 1846 τινα
3395 1792 3542 1847 θείαν
3572 1793 3747 1871 πρόῤ-

2089 1880 2247 1954 ῥησιν
2278 1879 2568 1957 ένηχηθεῖς
2612 1881 2639 1935 6
2690 1879 2951 1957 Μιχαὴλ,
3008 1878 3255 1957 δεύτερον
3286 1878 3333 1936 δ’
3363 1880 3557 1937 οἰωνὸν
3589 1881 3753 1955 εἰλη-

2088 1969 2204 2047 φὼς
2233 1967 2322 2023 καὶ
2356 1970 2454 2038 τὴν
2515 1969 2649 2026 κατᾶ
2704 1971 2767 2025 τὸ
2830 1968 3169 2044 Φιλομίλιον
3201 1973 3298 2026 τοῦ
3332 1975 3582 2047 μοναχοῢ
3611 1993 3750 2049 προ-

2087 2058 2393 2134 αγόρευσιν,
2427 2058 2500 2114 ὡς
2532 2056 2640 2131 ἤδη
2702 2056 2994 2137 φθάσαντες
3056 2058 3303 2134 εἶ’πομεν,
3338 2064 3420 2133 τῷ
3450 2065 3549 2116 τοῦ
3580 2061 3749 2118 Λέον-

2088 2169 2180 2211 τος
2236 2150 2385 2228 φόνῳ
2442 2149 2779 2224 ἰταμώτερον
2830 2149 3048 2205 ἐπέθετο
3104 2148 3195 2204 καὶ
3255 2150 3602 2227 θρασύτερον,
3652 2174 3753 2207 κα-

2089 2237 2184 2299 κὸς
2247 2237 2340 2309 μὶν
2399 2238 2523 2312 περῖ
2571 2238 2662 2293 τὸν
2712 2242 2935 2312 πρῶτον
2992 2237 3280 2319 εὐερφέτην
3312 2240 3517 2319 φανεὶς,
3550 2241 3753 2297 ἐκεῖνον

2091 2323 2156 2398 δὴ
2215 2328 2308 2383 τὸν
2365 2328 2651 2400 εἰρημένον
2709 2325 3030 2404 Βαρδάνιον,
3109 2328 3312 2385 κακίων
3371 2325 3428 2384 δὲ
3484 2331 3607 2407 περὶ
3662 2331 3756 2387 τὸν

2091 2413 2360 2492 δεύτερον,
2413 2417 2558 2491 φημῖ
2602 2415 2667 2486 δὴ
2701 2419 2795 2473 τὸν
2848 2417 3073 2486 Λέοντα,
3108 2416 3166 2480 ὅς
3198 2418 3284 2472 καὶ
3318 2417 3408 2474 τὸν
3443 2419 3561 2475 υἱὸν
3589 2419 3753 2476 αὐτοῦ

2090 2505 2150 2560 ἐκ
2205 2509 2301 2560 τοῦ
2362 2507 2509 2570 θείου
2570 2506 2949 2582 βαπτίσματος
3007 2507 3467 2582 υἱοθετησάμενος
3512 2510 3580 2578 ἦν
3613 2512 3747 2585 (64).

2088 2595 2278 2667 ’Ὀμως
2331 2591 2389 2649 δὲ
2444 2594 2533 2649 καὶ
2589 2595 2682 2649 τὸν
2747 2593 2969 2664 Λέοντα,
3026 2593 3284 2668 οἰκτίστῳ
3315 2596 3525 2670 θανάτῳ
3553 2618 3751 2673 κατερ-

2087 2683 2393 2758 γασάμενος
2445 2683 2753 2759 ἀπόμοιράν
2784 2705 2905 2738 τινα
2937 2684 3213 2763 χορηγίας
3248 2689 3362 2746 τοῖς
3392 2689 3488 2739 τοῦ
3512 2685 3747 2749 Λέοντος

2088 2770 2432 2833 ἐναποτάττει
2490 2770 2645 2828 παισὶ
2724 2772 2815 2827 καὶ
2897 2776 2966 2845 τῇ
3022 2772 3231 2827 τούτων
3293 2772 3460 2847 μητρί
3516 2772 3575 2828 ἐκ
3627 2778 3738 2829 τῶν

2090 2858 2468 2935 δημευθέντων
2526 2861 2828 2934 κτημάτων
2878 2861 3067 2932 αὐτοῦ,
3116 2861 3205 2917 καὶ
3235 2882 3382 2923 τινας
3407 2866 3514 2917 τῶν
3547 2862 3744 2918 ἑαυτοῦ

2089 2948 2296 3006 παίδων
2374 2952 2508 3025 πρὸς
2577 2950 2874 3026 ὑπηρεσίαν
2943 2950 3129 3013 αὐτοῖς
3185 2948 3595 3025 δωρησάμενος,
3652 2953 3743 3008 καὶ

317 3059 475 3114 rium
509 3057 665 3129 quod
696 3055 1074 3110 dominorum
1103 3052 1320 3107 dicitur
1367 3051 1632 3120 inclusit,
1666 3050 1817 3106 ﬁlios
1848 3066 1977 3105 ma-

2094 3040 2185 3108 τὴν
2223 3039 2316 3113 μεν
2374 3044 2473 3095 τοῦ
2518 3040 2756 3102 Λέοντος
2815 3042 3060 3116 γαμετὴν
3117 3040 3193 3103 εἰς
3247 3043 3346 3109 τὴν
3405 3041 3553 3096 οὕτω
3582 3039 3741 3117 λεγο-

2140 3128 2152 3147 1
2354 3132 2381 3146 ..
2493 3137 2504 3147 .
2700 3133 2726 3145 ..
2942 3130 2957 3147 ς
3060 3128 3076 3147 .
3261 3128 3349 3147 υ..
3525 3128 3546 3147 κ
3602 3129 3615 3147 .

319 3166 414 3204 res
445 3149 506 3202 in
538 3146 691 3202 812
721 3147 899 3199 Prota
929 3142 1145 3198 insula.
1179 3142 1287 3207 Qui
1332 3157 1468 3197 cum
1516 3140 1597 3195 ibi
1646 3144 1975 3195 castraren-

320 3246 435 3307 tur,
484 3235 847 3293 Theodosius
906 3235 969 3289 in
1028 3233 1151 3288 fata
1208 3231 1521 3300 concessit,
1556 3231 1980 3286 Constantinus

321 3335 539 3393 autem,
594 3326 696 3398 qui
755 3324 871 3380 alio
923 3323 1170 3379 nomine
1226 3321 1479 3377 Basilius
1537 3320 1775 3387 dicitur,
1820 3319 1981 3375 vocis

319 3435 430 3475 usu
463 3417 534 3473 ab
568 3415 904 3472 exsectione
936 3413 1197 3467 virilium
1247 3412 1531 3483 privatus,
1575 3410 1706 3482 ejus
1736 3409 1982 3464 restitu-

320 3510 545 3564 tionem
604 3523 739 3562 01m
824 3506 1009 3559 Deum
1090 3501 1391 3575 ﬂagitavit,
1454 3504 1576 3555 tum
1637 3499 1981 3571 Gregorium

326 3598 633 3670 theologia:
666 3594 910 3650 nomine
942 3592 1260 3657 illustrem,
1296 3590 1467 3661 cujus
1500 3589 1579 3644 ibi
1625 3589 1777 3644 forte
1820 3605 1983 3660 quac-

324 3688 461 3743 dam
495 3688 622 3739 erat
648 3687 861 3737 statua.
896 3679 1169 3735 Exaudiit
1201 3695 1335 3733 eum
1386 3681 1625 3733 sanctus
1674 3675 1797 3745 ille,
1832 3675 1983 3731 visa-

327 3793 441 3848 que
474 3778 566 3829 est
596 3772 645 3827 ei
676 3772 869 3842 imago
904 3785 1071 3824 sacra
1102 3783 1275 3822 mane
1299 3766 1521 3839 jubens
1566 3782 1762 3821 ceram
1804 3781 1983 3836 quam

326 3864 665 3940 porrigebat
694 3862 911 3934 legere.
938 3862 1017 3915 Ac
1051 3857 1301 3914 Basilius
1334 3857 1512 3912 ﬁdem
1545 3856 1703 3912 dicto
1734 3855 1983 3926 habens,

324 3957 627 4028 ingressus
686 3952 914 4020 fanum,
974 3948 1136 4005 clara
1193 3946 1630 4019 purissimaque
1693 3962 1831 4002 voce
1889 3961 1985 4001 re-

325 4046 526 4103 citavit
582 4044 744 4098 hmc:
822 4043 1098 4105 Rursum,
1151 4040 1321 4093 Jesus
1378 4053 1565 4092 meus.
1649 4037 1798 4091 Voce
1873 4035 1982 4091 ita~

328 4152 442 4207 que
491 4139 729 4205 recepta
785 4130 1061 4185 traditam
1119 4144 1153 4183 a
1209 4134 1375 4199 patre
1436 4127 1547 4181 sibi
1614 4126 1984 4199 impietatem

328 4224 726 4291 abominatus,
786 4226 1016 4294 gratum
1097 4234 1158 4273 se
1230 4234 1369 4290 erga
1443 4233 1640 4272 sacras
1694 4215 1984 4287 imagines

329 4314 604 4387 praebuit.

402 4567 615 4617 Verum
650 4563 775 4615 haec
802 4560 1111 4630 aliquanto
1144 4562 1276 4628 post
1319 4561 1662 4611 evenerunt.
1695 4555 1986 4609 Caaterum

329 4654 404 4710 ad
430 4652 783 4706 Michaelum
842 4648 1093 4720 imperio
1152 4647 1233 4701 ita
1290 4646 1565 4717 potitum,
1625 4659 1840 4714 resque
1880 4658 1987 4697 suo

328 4741 619 4799 arbitratu
641 4738 831 4793 consti
841 4742 1105 4791 tuentem
1122 4735 1486 4805 Nicephorus
1502 4731 1721 4787 nobilis
1742 4732 1990 4803 patriar—

331 4834 442 4888 cha
464 4828 777 4901 epistolam
800 4827 1219 4896 mittit,petens
1240 4839 1311 4877 ea
1333 4832 1637 4877 sacrarum
1660 4820 1987 4894 imaginum

332 4919 827 4977 instaurationem
852 4921 910 4970 et
932 4914 1168 4986 pietatis
1180 4911 1991 4983 revocationemBespondet

333 5009 650 5066 Michaelus
675 5025 737 5061 se
760 5021 953 5076 neque
982 5003 1166 5059 ullum
1192 5001 1569 5057 decretorum
1599 5001 1671 5057 de
1704 5001 1821 5057 fide
1847 5015 1988 5055 con-

328 5100 548 5156 vellere
580 5097 879 5163 statuisse,
913 5108 1109 5163 neque
1166 5091 1348 5146 etiam
1403 5090 1730 5161 quidquam
1783 5105 1991 5145 eorum

333 5206 466 5260 quae
481 5188 695 5243 tradita
700 5185 827 5257 jam
847 5189 905 5239 et
920 5181 1193 5238 confessa
1204 5180 1568 5235 haberentur
1582 5178 1990 5235 damnaturum

2091 3128 2257 3205 μένην
2314 3132 2421 3185 τῶν
2482 3133 2766 3185 Δεσποτῶν
2824 3130 2997 3203 μονὴν
3058 3128 3402 3207 ένασφαλίζει
3461 3128 3741 3206 κελεύσας,

2086 3219 2215 3283 τοὺς
2273 3218 2495 3295 ἅρῥενας
2557 3216 2615 3274 δὲ
2669 3223 2777 3274 τῶν
2840 3216 3048 3275 παίδων
3110 3218 3161 3273 ἐν
3220 3224 3289 3294 τῇ
3343 3221 3543 3296 Ηρώτῃ
3576 3222 3746 3294 νήσῳ,

2089 3308 2165 3371 ὼς
2200 3306 2436 3385 εἷ’ρηται.
2498 3310 2596 3364 Ὧν
2655 3309 2772 3364 κατ’
2829 3307 2998 3377 αὐτὴν
3061 3308 3520 3384 εὐνουχισθέντων
3552 3307 3754 3365 Θεοδό-

2089 3418 2205 3460 σιος
2267 3399 2360 3470 μὲν
2415 3392 2647 3469 ἀπεϐίω,
2705 3402 3111 3460 Κωνσταντῖνος
3144 3395 3192 3452 δ’
3243 3398 3270 3452 6
3323 3399 3753 3472 μετονομασθεὶς

2091 3486 2377 3551 Βασίλειος
2408 3487 2621 3568 ἀφωνία
2681 3489 2815 3561 μετὰ
2872 3489 2962 3544 τὸν
2997 3485 3361 3565 εὒνουχισμὸν
3394 3490 3754 3565 κατασχεθεὶς

2090 3572 2263 3631 ἐδεῖτο
2342 3575 2439 3648 μὶν
2506 3580 2601 3630 τοῦ
2659 3580 2793 3631 Θεοῦ
2848 3577 2946 3644 τὴν
3004 3576 3197 3631 ἑαυτοῦ
3254 3577 3487 3646 λυθῆναι
3547 3578 3756 3650 φωνὴν,

2090 3662 2263 3719 ἐδεῖτο
2322 3662 2380 3719 δὲ
2431 3665 2522 3719 καὶ
2577 3670 2676 3720 τοῦ
2733 3664 2786 3721 ἐν
2851 3663 3112 3740 θεολογίᾳ
3152 3668 3506 3742 περιωνύμου
3544 3673 3759 3743 Γρηγο-

2092 3754 2235 3829 ρίου,
2259 3753 2430 3809 ἐκεῖσέ
2460 3774 2564 3809 που
2595 3752 3044 3827 ἀνεστηλωμένου
3074 3755 3446 3830 τυγχάνοντος
3476 3757 3561 3829 [Ρ.
3597 3757 3749 3830 498].

2089 3845 2421 3914 Ὑπήκουσεν
2482 3842 2577 3898 οὗν
2635 3849 2734 3912 τῆς
2788 3842 2953 3898 αὐτοῦ
3040 3840 3279 3915 δεήσεως
3341 3845 3369 3899 6
3430 3844 3602 3918 ἅγιος,
3655 3845 3746 3899 καὶ

2092 3933 2276 4008 ὡράθη
2310 3936 2389 4005 τῷ
2420 3932 2814 4006 Κωνσταντίνῳ
2845 3935 3062 4010 φάσκων
3098 3933 3126 3987 6
3157 3935 3303 3996 θεῖος
3324 3933 3516 3996 τύποςο
3543 3958 3571 3985 ‹‹
3607 3934 3755 3989 Κατὰ

2090 4022 2183 4077 τὸν
2244 4018 2439 4096 ὄρθρον
2497 4022 2713 4076 τουτονὶ
2771 4022 2863 4076 τὸν
2922 4021 3091 4096 κηρὸν
3154 4016 3340 4091 λαϐὼν
3398 4022 3685 4096 ἀνάγνωθι.
3723 4047 3752 4075 ››

2091 4112 2155 4168 Ὁ
2206 4108 2264 4165 δὲ
2320 4109 2612 4172 πιστεύσας
2671 4115 2788 4173 τοῖς
2838 4109 3189 4185 λεγομένοις,
3233 4109 3494 4175 εἰσελθὼν
3551 4111 3756 4185 ἀνέγνω

2093 4199 2324 4274 λαμπρᾷ
2364 4199 2453 4254 καὶ
2511 4199 2867 4274 καθαρωτάτη
2931 4206 3114 4278 φωνῆ,
3153 4199 3215 4254 τὸ
3278 4224 3305 4251 ‹‹
3338 4196 3512 4257 ΙῙᾶλιν
3543 4202 3755 4271 Ἰησοῦς

2094 4290 2122 4344 6
2153 4286 2305 4361 ἐμός.
2340 4311 2368 4340 n
2428 4290 2542 4357 Τῆς
2584 4294 2772 4363 φωνῆς
2830 4289 2889 4343 δὶ
2942 4286 3200 4359 λυθείσης
3237 4289 3404 4344 αὐτοῦ
3432 4291 3533 4360 τήν
3561 4309 3621 4345 τε
3650 4310 3757 4344 πα-

2092 4373 2504 4452 τροπαράδοτον
2535 4371 2864 4449 ἐϐδελύξατο
2924 4373 3131 4447 ἄνοιαν,
3187 4377 3276 4431 xai
3323 4377 3445 4451 περὶ
3484 4377 3579 4439 τὰς
3604 4378 3756 4442 θείας

2012 4456 2061 4521 Ῑ)
2091 4468 2336 4529 εῗκόντας
2366 4468 2466 4535 τὴν
2491 4466 2911 4544 εὐγνωμοσύνην
2947 4466 3215 4541 μετέθετο.

2171 4555 2348 4611 Ἀλλὰ
2401 4561 2572 4611 ταῦτα
2632 4558 2727 4630 μὲν
2788 4558 3030 4633 ὕστερον·
3095 4555 3204 4628 ἤδη
3268 4555 3325 4613 δὲ
3353 4559 3452 4628 τὴν
3486 4558 3756 4632 αὖτοκράυ

2097 4666 2232 4722 τορα
2286 4650 2384 4701 τοῦ
2445 4645 2683 4725 Μιχαὴλ
2738 4644 3137 4721 έπανελομέθου
3198 4647 3376 4723 ἀρχὴν
3423 4647 3608 4703 καὶτὰ
3640 4647 3759 4702 κατ’

2100 4735 2271 4805 αὐτὴν
2315 4735 2389 4797 ὡς
2420 4731 2682 4791 ἐϐούλετο
2714 4732 3076 4806 διοικοῦντος,
3110 4735 3407 4807 ἐπιστολὴν
3435 4738 3463 4792 6
3496 4734 3751 4811 ἀοίδιμος

2100 4824 2418 4902 Νικηφόρος
2450 4825 2478 4880 6
2508 4825 2860 4904 πατριάρχης
2901 4823 3188 4899 ἐκπέμπει,
3229 4825 3563 4899 παρακαλῶν
3609 4827 3755 4882 ἀπο-

2101 4910 2295 4970 λαϐεῖν
2350 4916 2444 4969 τὸν
2503 4916 2787 4988 ἀσπασμὸν
2842 4916 2937 4975 τὰς
2991 4915 3137 4977 θείας
3197 4913 3403 4977 εῗκόνας
3474 4916 3565 4972 καὶ
3622 4916 3755 4971 ἀνά-

2101 5002 2299 5073 κλησιν
2331 5002 2572 5078 γενέσθαι
2604 5007 2706 5070 τῆς
2740 4999 3036 5066 εὐσεϐείας.
3070 5001 3229 5060 Ἀλλ’
3280 5006 3308 5059 6
3360 5003 3598 5080 Μιχαὴλ
3655 5006 3762 5061 ἀπ-

2105 5091 2347 5164 εκρίνατο
2383 5095 2523 5165 μήτε
2561 5114 2612 5147 τι
2670 5094 3066 5169 κακουργήσων
3128 5090 3309 5158 ἐλθεῖν
3353 5094 3458 5148 τῶν
3519 5094 3643 5170 περὶ
3675 5092 3768 5148 πί-

2105 5200 2275 5243 στεως
2304 5179 2715 5255 ἐκτεθειμένων,
2762 5183 2903 5253 μήτε
2965 5182 3073 5252 μὴν
3129 5187 3238 5237 τῶν
3292 5178 3399 5253 ἤδη
3432 5180 3766 5259 παραδοθέν-

1541 5278 1904 5332 XYLANDRI
1943 5279 2031 5333 ET
2073 5280 2292 5338 GOARI
2332 5283 2555 5337 ΝΟΤΑΞ.

403 5384 517 5457 (ϐξ)
549 5381 946 5457 ΔἈθιγγάνους
1011 5375 1500 5457 πῌαλαμοσκόποις,
1548 5373 1994 5457 λεκανομάντεσι,

333 5447 770 5523 masta-mag:
807 5454 1091 5527 γυτε-υταῖς
1151 5454 1521 5527 annumerat
1568 5447 1881 5527 Balsamon
1937 5447 1996 5501 in

334 5517 625 5581 canouem
685 5531 744 5580 61
809 5517 1191 5581 Trullanum.
1227 5526 1285 5575 et
1338 5522 1400 5575 in
1456 5522 1524 5573 65
1576 5517 1993 5583 οἷωνοσκόποις,

334 5593 603 5670 γνῴσταις
652 5596 741 5647 καὶ
795 5592 1471 5670 ἐγγγαστριμύθοιςηᾳιιζξεί
1505 5590 1770 5670 profanis
1800 5590 1998 5670 vatici-

340 5662 457 5721 niis
491 5671 545 5717 et
576 5662 1006 5734 superstitiosis
1054 5664 1519 5721 divinationibus
1567 5662 1819 5718 deditos.
1861 5663 1997 5718 Ser—

342 5738 552 5807 pentes
584 5735 644 5787 in
691 5736 826 5790 sinu
869 5741 1121 5811 gestare,
1172 5735 1370 5791 futura
1417 5734 1740 5806 praedicere
1773 5740 1833 5791 ot
1860 5734 1997 5806 plu-

2106 5378 2265 5454 rima
2280 5380 2497 5454 nugari
2518 5379 2721 5454 refert,
2746 5395 2877 5451 qum
2896 5396 2971 5435 ne
2995 5380 3232 5453 scriptis
3259 5382 3503 5454 quidem
3532 5382 3769 5440 tradan-

2107 5455 2204 5505 tur
2234 5452 2413 5524 digna
2443 5458 2599 5510 sunt.
2635 5452 2812 5507 ϐολῇ.

2177 5525 2299 5605 (64}
2320 5526 2645 5605 Susceperat
2666 5540 2694 5578 e
2712 5524 3054 5605 bqptismqet
3074 5524 3397 5605 adoptarat.
3414 5525 3770 5605 .Secundum

2108 5595 2309 5651 omisit
2338 5595 2660 5666 Xylander,
2684 5596 2855 5666 cujus
2881 5595 3347 5651 ecclesiasticum
3378 5597 3560 5655 ritum
3593 5597 3773 5653 habet

2106 5666 2551 5740 Euchologium.
2590 5667 2766 5721 Gou.
