4112 6412
281 429 412 490 95⁵1

1449 420 1989 491 HIS'l‘OltlARUM
2034 428 2590 497 COMPENDIUM.

3605 436 3726 497 958

285 585 410 621 των
436 559 528 617 καὶ
582 558 1114 638 ἀνομολογηθὲντων
1167 558 1523 636 καταδρομήν
1582 581 1704 617 τινα
1734 558 1964 635 ἐργάζε-

2079 562 2173 618 vel
2203 570 2570 625 mutaturum
2601 587 2614 624 :
2648 569 2838 642 quivis
2869 585 3076 625 secure
3128 569 3190 625 id
3246 575 3595 642 sequeretur
3642 573 3726 625 at-

290 655 423 707 σθαι
461 652 552 707 καὶ
582 650 915 725 καθαίρεσιν.
949 675 976 703 ‹‹
1007 651 1273 714 Ἕκαστος
1313 650 1431 719 οὖν,
1464 649 1619 725 φησὶ,
1648 651 1711 706 τὸ
1762 647 1956 705 δοκοῦν

291 739 454 814 αὖτῷ
483 741 711 795 ποιείτω
740 738 831 794 καί
858 738 1069 816 ἐφετὸν,
1098 741 1314 810 ἀπαθὴς
1345 742 1526 795 πόνων
1556 740 1648 795 καὶ
1702 741 1958 817 ἄγευστος

293 830 491 902 λύπης
524 828 811 886 διατελῶν.
848 852 877 880 n
908 828 1059 899 Πλὴν
1090 828 1152 884 ού
1189 830 1356 909 μέχρι
1382 828 1577 893 τέλους
1607 829 1807 899 ταύτην
1833 830 1962 899 ἐτή-

300 941 446 997 ρησε
482 923 583 990 τήν
616 918 928 993 προαίρεσιν
961 920 989 973 ὁ
1032 916 1174 992 μηδὲ
1201 921 1300 988 τήν
1346 921 1524 995 ἀρχὴν
1573 918 1789 990 ἀληθὴς
1820 923 1964 994 Χρι-

298 1010 524 1072 στιανὸς
550 1008 813 1085 γεγονώςο
873 1006 1000 1063 ἆΛλ’
1058 1009 1184 1063 ’ὀσον
1234 1009 1302 1065 τὰ
1351 1016 1453 1079 τῆς
1496 1008 1775 1084 βασιλείας
1817 1007 1963 1081 αύτῷ

297 1098 651 1175 ἐκρατύνετο,
682 1101 945 1154 τοσοῦτον
984 1095 1345 1171 κακοδαίμονι
1377 1097 1532 1178 φύσει
1561 1098 1652 1152 καὶ
1693 1097 1958 1173 ὼμοτάτῃ

296 1190 399 1246 τὸν
426 1188 567 1244 κατὰ
600 1193 708 1243 τῶν
768 1188 1107 1260 Χριστιανῶν
1166 1187 1256 1242 καὶ
1315 1193 1423 1242 τῶν
1488 1185 1789 1265 ὁμοφύλων
1848 1188 1962 1261 (65)

299 1277 622 1353 ἆνερῥίπιζε
676 1276 953 1351 πόλεμον,
1006 1281 1096 1331 νῦν
1167 1277 1261 1348 μὲν
1306 1277 1437 1338 τοὺς
1498 1274 1779 1351 μοναχοὺς
1844 1272 1962 1330 δια-

294 1368 490 1423 πτύων
526 1367 619 1423 καὶ
676 1366 958 1431 παντοίοις
1013 1362 1372 1442 περιϐάλλων
1434 1364 1650 1437 δεινοῖς,
1709 1367 1799 1421 καὶ
1830 1385 1962 1420 ποι-

296 1463 423 1519 ναῖς
457 1456 775 1533 ἐξευρίσκων
812 1457 1029 1526 ποινὰς,
1061 1460 1151 1511 νῦν
1197 1453 1255 1511 δὲ
1304 1456 1434 1519 τοὺς
1483 1454 1691 1519 ἄλλους
1738 1455 1966 1517 πιστοὺς

298 1546 574 1624 ἐγκλείων
636 1550 898 1625 φρουραῖς
955 1547 1043 1600 καὶ
1118 1545 1442 1621 ὑπερορίους
1503 1546 1691 1610 τιθείς.
1748 1546 1964 1601 Ἐντεῦ-

302 1649 395 1703 θεν
422 1637 512 1692 καὶ
542 1633 808 1693 Μεθόδιον
836 1634 930 1691 τὸν
963 1635 1097 1708 μετὰ
1150 1635 1330 1710 βραχὺ
1382 1638 1786 1710 πατριαρχικοῦ
1839 1635 1965 1709 θρό-

302 1748 404 1783 νου
472 1725 769 1797 ἀξιωθέντα
831 1724 923 1780 καὶ
982 1723 1257 1798 Εὗθύμιον
1341 1725 1433 1780 τὸν
1500 1727 1800 1795 τηνικαῦτα
1856 1727 1962 1778 τῶν

305 1812 564 1890 Σάρδεων
592 1811 1010 1890 προεδρεύοντα,
1040 1817 1120 1886 τῷ
1150 1814 1317 1869 αὐτοῦ
1356 1812 1629 1887 θελήματι
1690 1813 1768 1886 μὴ
1823 1813 1969 1868 ὑπεί-

2072 668 2187 723 que
2219 660 2418 726 ageret
2448 658 2607 729 quod
2640 659 2750 714 sibi
2781 658 3134 731 probaretur
3154 664 3332 730 atque
3356 659 3724 714 liceret.Non

2072 748 2273 799 tamen
2306 746 2367 800 in
2399 746 2509 803 hoc
2542 747 2843 820 proposito
2886 749 3303 820 perseveravit,
3352 747 3571 819 quippe
3622 748 3724 819 qui

2072 848 2149 887 ne
2172 832 2344 889 initio
2373 836 2614 907 quidem
2636 855 2807 893 verus
2828 838 2940 894 fuit
2956 836 3343 894 Christianus.
3374 836 3487 893 Sed
3520 853 3726 908 quam-

2073 928 2175 983 diu
2208 929 2528 1002 imperium
2562 933 2771 1001 tenuit,
2808 933 3029 989 bellum
3060 933 3214 989 878
3274 931 3628 988 Christianis
3673 935 3731 985 et

2073 1020 2394 1091 gentilibus
2423 1039 2629 1078 eorum
2662 1024 2862 1079 animo
2892 1025 3048 1080 malo
3076 1031 3254 1096 atque
3311 1022 3730 1080 crudelissimo

2074 1109 2278 1176 movit,
2312 1111 2490 1166 modo
2540 1113 2864 1168 monachos
2924 1113 3242 1184 despuens,
3303 1128 3522 1183 eosque
3566 1110 3728 1166 varie

2075 1197 2369 1271 afﬂigens,
2401 1201 2636 1273 aliaque
2678 1203 2739 1258 in
2773 1219 2874 1259 eos
2906 1220 3086 1275 super
3114 1203 3231 1258 alia
3279 1208 3546 1259 statuens
3586 1217 3726 1271 sup-

2073 1287 2274 1361 plicia,
2309 1290 2482 1345 modo
2515 1292 2664 1347 alios
2696 1293 2825 1364 pios
2857 1292 2920 1346 in
2951 1309 3219 1348 carceres
3257 1290 3588 1361 conjiciens
3620 1306 3724 1344 ex-

2074 1382 2339 1434 torresve
2370 1396 2572 1452 agens.
2616 1383 2779 1438 Inter
2837 1382 2944 1437 hos
3006 1381 3388 1450 Methodium,
3448 1379 3549 1451 qui
3608 1394 3728 1433 non

2075 1467 2262 1522 multo
2294 1474 2428 1539 post
2457 1470 2530 1526 ad
2563 1469 2779 1526 solium
2812 1471 3166 1543 patriarchas
3218 1475 3453 1525 evectus
3510 1474 3616 1535 est,
3666 1483 3735 1521 ac

2076 1557 2482 1629 Euthymium,
2518 1577 2589 1616 eo
2621 1566 2888 1633 tempore
2912 1560 3188 1617 Sardium
3210 1557 3546 1633 praesulem,
3576 1555 3734 1627 quod

2077 1663 2199 1702 suae
2246 1647 2530 1704 voluntati
2589 1667 2712 1706 non
2768 1650 3244 1721 obsequerentur
3299 1664 3492 1719 neque
3550 1645 3733 1701 sacris

2080 1735 2437 1809 imaginibus
2496 1737 2698 1794 deberi
2754 1739 3047 1795 honorem
3104 1738 3532 1805 difﬁterentur,
3588 1734 3734 1789 urbe

2079 1820 2275 1894 ejecit.
2299 1825 2370 1878 Et
2388 1824 2748 1880 Methodium
2778 1826 3021 1896 quidem
3051 1827 3113 1880 in
3169 1824 3365 1880 insula
3411 1823 3623 1879 Acritee
3674 1821 3735 1876 iu

300 1926 503 1969 κοντας
552 1900 693 1978 μηδὲ
748 1904 848 1972 τὴν
902 1909 1011 1959 τῶν
1069 1903 1228 1957 θείων
1288 1901 1512 1957 εἰκόνων
1545 1900 1964 1976 ἐξαρνουμένους

2078 1912 2410 1968 custodiam
2443 1912 2627 1981 dedit,
2660 1914 2901 1970 beatum
2944 1930 3080 1969 vero
3122 1912 3504 1984 Euthymium
3555 1925 3738 1982 opera

297 1999 624 2070 τιμὴν,τῆς
652 1993 874 2055 πόλεως
919 1993 1130 2064 ἐξωθεῖ,
1181 1993 1272 2049 καὶ
1320 1993 1411 2049 τὸν
1475 1995 1569 2068 μὲν
1628 1999 1773 2059 θεῖον
1823 1996 1963 2050 Μεθ-

306 2083 459 2142 όδιον
485 2083 705 2166 φυλακῇ
738 2081 1077 2160 παραδίδωσι
1108 2084 1248 2139 κατὰ
1273 2085 1376 2153 τήν
1406 2089 1570 2154 νῆσον
1621 2087 1719 2138 τοῦ
1774 2083 1964 2156 Ἀκρί-

302 2195 407 2231 του
437 2178 572 2246 (66),
600 2174 691 2229 τὸν
719 2170 777 2229 δὲ
811 2171 1117 2248 μακαρίτην
1151 2171 1426 2245 Εὖθύμιον
1452 2170 1540 2227 διὰ
1566 2171 1837 2249 Θεοφίλου
1867 2175 1964 2227 τοῦ

312 2264 522 2320 οἰκείου
550 2264 671 2318 υἱοῦ
714 2263 924 2333 θανάτῳ
983 2258 1346 2336 παραδίδωσι,
1405 2260 1721 2337 βουνεύροις
1763 2263 1963 2318 τυπτό-

315 2370 480 2428 μενον
535 2348 789 2427 ἀφειδῶς.
829 2352 993 2406 Ὀσον
1052 2348 1109 2406 δὶ
1163 2352 1264 2420 τήν
1302 2353 1540 2428 Χριστοῦ
1584 2351 1961 2427 κληρονομίαν

307 2441 513 2512 ἐπίεζε,
544 2445 800 2497 τοσοῦτον
830 2442 958 2502 τοὺς
1015 2439 1314 2503 Ἰουδαίους
1371 2440 1591 2504 ἀνὲτους
1650 2441 1834 2515 φόρων
1873 2440 1965 2496 καὶ

310 2530 631 2605 ἐλευθέρους
661 2529 845 2597 ἐτίθει,
881 2529 1275 2604 ἀγαπωμένους
1315 2530 1404 2585 καὶ
1445 2531 1836 2605 στεργομένους
1868 2529 1965 2584 αύ-

307 2623 390 2692 τῷ
412 2623 523 2675 τῶν
557 2616 744 2674 ἄλλων
792 2619 1096 2693 ἀνθρώπων
1137 2615 1523 2695 διαφερόντως.
1567 2614 1964 2696 Προύϐάλλετο

312 2706 361 2764 δ’
393 2709 576 2782 ὥσπερ
613 2728 667 2764 τι
716 2707 1065 2782 προκέντημα
1119 2708 1210 2763 καὶ
1265 2708 1575 2785 ἀρχέτυπον
1614 2713 1712 2763 τοῦ
1761 2707 1965 2764 οἰκείου

312 2798 437 2875 βίου
467 2799 604 2874 πρὸς
640 2796 875 2873 μίμησιν
904 2797 995 2852 τὸν
1029 2801 1125 2852 τοῦ
1155 2797 1539 2871 Κοπρωνύμου
1574 2797 1712 2873 βίον,
1740 2797 1968 2852 καὶτοῦ-

311 2908 407 2945 τον
441 2888 725 2961 μιμεῖσθαι
756 2884 833 2947 εἷς
864 2884 1031 2959 ἄκρον
1059 2882 1375 2956 ἐσπούδαζε.
1410 2886 1502 2941 Διὸ
1540 2886 1630 2940 γαῖ
1679 2886 1817 2957 πρὸς
1862 2886 1962 2954 τήν

315 2974 617 3053 ἀκρόπολιν
640 2969 837 3054 ἔφθασε
873 2980 974 3045 τῆς
1023 2970 1292 3046 ἀσεϐείας,
1349 2973 1472 3047 ἄρτι
1531 2975 1627 3048 μὶν
1679 2968 2001 3030 Σάϐϐατον’

314 3067 594 3139 νηστεύειν
629 3068 939 3139 νομοθετῶν
994 3067 1124 3138 (67),
1164 3061 1287 3139 ἄρτι
1345 3062 1403 3119 δὲ
1448 3064 1586 3120 κατὰ
1639 3068 1749 3119 τῶν
1802 3064 1959 3119 θείων

309 3162 610 3238 προφητῶν
639 3157 741 3226 τήν
770 3154 1020 3234 γλῶτταν
1049 3154 1339 3227 ἱξακονῶν,
1399 3156 1522 3232 ἄρτι
1566 3151 1625 3210 δὲ
1669 3156 1771 3224 τὴν
1823 3154 1962 3229 μὲλ-

320 3246 513 3303 λουσαν
567 3246 853 3302 ἀνάστασιν
910 3245 1113 3310 ἀθετῶν
1167 3244 1259 3300 καὶ
1309 3245 1377 3300 τὰ
1432 3245 1633 3311 ἐκεῖθεν
1689 3244 1957 3323 ἐπηγγελ-

2082 1999 2190 2055 ﬁlii
2222 2002 2351 2072 ejus
2381 2003 2687 2074 Theophili
2720 2002 2920 2075 flagris
2951 2002 3203 2058 necavit.
3256 2003 3552 2068 Quantum
3595 2014 3732 2053 vero

2080 2089 2293 2145 Christi
2308 2092 2665 2161 patrimonio
2681 2090 3044 2147 incommodi
3059 2091 3256 2160 dabat,
3278 2095 3507 2146 tantum
3528 2087 3681 2143 tribu
3691 2086 3733 2142 ti

2079 2177 2161 2233 im
2172 2179 2478 2234 munitatis
2492 2185 2550 2236 et
2573 2180 2868 2236 libertatis
2892 2179 3312 2237 donationibus
3332 2178 3566 2234 Iudaeos
3588 2175 3732 2231 sub-

2080 2267 2335 2338 levabat,
2363 2269 2477 2324 sibi
2510 2287 2691 2342 supra
2712 2271 3207 2326 omneshomines
3228 2269 3498 2324 dilectos.
3530 2269 3737 2322 Exem-

2079 2358 2164 2431 pli
2198 2358 2327 2414 loco
2355 2359 2513 2430 quod
2544 2359 2881 2416 imitaretur
2905 2377 2973 2416 ac
3012 2377 3118 2432 pro
3150 2359 3393 2415 stimulo
3424 2358 3595 2429 quasi
3625 2356 3729 2411 ha-

2080 2448 2268 2517 beret,
2303 2450 2481 2504 vitam
2504 2450 2863 2522 Copronymi
2885 2450 2998 2506 sibi
3026 2449 3356 2522 proposuit,
3380 2463 3733 2519 summoque

2080 2552 2213 2593 eam
2270 2538 2467 2592 studio
2526 2538 2839 2594 aemulatus
2905 2540 2979 2594 ad
3045 2555 3349 2594 summum
3407 2535 3733 2610 impietatis

2078 2627 2360 2698 perrexit.
2380 2628 2584 2698 Itaque
2608 2626 2782 2682 modo
2801 2628 3036 2684 Sabbati
3054 2627 3358 2699 jejunium
3383 2627 3730 2698 praacipere,

2080 2715 2258 2771 modo
2289 2716 2553 2789 linguam
2583 2723 2792 2772 contra
2822 2717 3049 2773 divinos
3081 2722 3240 2773 vates
3271 2732 3506 2784 acuere,
3555 2714 3731 2770 modo

2078 2805 2343 2861 futuram
2371 2806 2873 2861 resurrectionem
2906 2805 3149 2862 inﬁtiari
3181 2811 3241 2860 et
3286 2804 3444 2859 bona
3483 2821 3615 2875 quas
3656 2820 3728 2859 ex

2078 2909 2149 2949 ea
2177 2895 2349 2950 nobis
2380 2895 2812 2967 promittuntur
2859 2893 3153 2963 deridere,
3200 2893 3377 2950 modo
3424 2893 3726 2950 diabolum

2076 2983 2266 3040 ullum
2299 3001 2427 3040 esse
2449 3001 2687 3058 negare,
2720 2985 2879 3057 quod
2900 2985 3054 3040 nihil
3082 2985 3154 3041 de
3173 3002 3242 3041 eo
3260 2986 3449 3040 Moses
3474 2984 3729 3040 tradide-

2075 3076 2173 3131 rit.
2205 3075 2367 3132 Idem
2399 3082 2458 3132 et
2486 3077 2879 3132 scortationes
2909 3078 3106 3149 magni
3132 3077 3294 3145 fecit,
3316 3081 3374 3131 et
3393 3076 3466 3132 de
3486 3078 3603 3133 Deo
3625 3076 3729 3147 qui

2076 3182 2256 3238 supra
2285 3165 2490 3221 omnia
2518 3170 2607 3221 est
2613 3165 2876 3238 jurando
2908 3166 3099 3239 legem
3136 3166 3293 3235 tulit,
3326 3171 3384 3222 et
3408 3167 3566 3221 inter
3592 3165 3731 3221 bea-

2076 3257 2167 3309 tos
2196 3253 2407 3310 Iudam
2447 3255 2657 3311 effreni
2705 3254 2910 3321 lingua
2957 3255 3313 3311 numeravit.
3375 3255 3531 3311 874
3577 3254 3731 3319 Quin

312 3296 1281 3411 ιζένῖεέγαόὲῖὲξᾶᾇιρωἷεῖάεςέᾶέν
1323 3296 1381 3390 ἓξ
1432 3296 1516 3409 ξλῆ
1532 3296 1709 3390 ".i...‘
1723 3296 1957 3397 ’ἓςϊῷξιζ

2079 3296 2167 3309 η...
2196 3296 2407 3310 ...ηιμ
2449 3296 2657 3311 νων...
2706 3296 2910 3321 μην...
2958 3296 3313 3311 “annum...
3375 3296 3531 3311 ...τ
3580 3296 3730 3319 κω..

2077 3349 2135 3398 et
2172 3344 2401 3400 Pascha
2449 3345 2605 3399 male
2659 3351 2717 3399 et
2765 3344 3184 3416 intempestive
3226 3344 3463 3400 anobis
3511 3344 3730 3400 festum

303 3427 709 3502 σχυριζόμενος
739 3424 833 3481 ἅτε
875 3421 1005 3497 μηδ’
1039 3423 1144 3479 ὐπὸ
1196 3427 1435 3487 Μωσέως
1471 3424 1668 3480 τούτου
1719 3421 1961 3498 παραδε-

304 3511 561 3587 δομένου.
597 3513 859 3590 Πορνείαν
894 3511 953 3569 δὲ
980 3513 1385 3584 κατησπάζετο,
1429 3515 1521 3569 καὶ
1564 3515 1657 3570 τὸν
1711 3512 1800 3570 ἐπὶ
1830 3518 1961 3569 πᾶσι

304 3602 417 3660 δεῖν
445 3605 677 3678 ὀμνύναι
717 3605 847 3659 Θεὸν
896 3602 1203 3676 ἐνομοθέτει
1264 3604 1403 3678 (68),
1460 3603 1551 3659 καὶ
1606 3604 1698 3660 τὸν
1755 3601 1965 3660 Ἰουδαν

309 3693 605 3766 ἀκολάστῳ
634 3694 865 3770 γλώσσῃ
894 3694 1103 3748 τάττων
1136 3692 1269 3768 μετᾶ
1297 3698 1406 3750 τῶν
1445 3694 1792 3768 σωζομένων.
1847 3695 1964 3765 Τὴν

310 3786 375 3857 [Ρ
430 3783 559 3858 499]
590 3783 787 3859 ἑορτὴν
813 3786 911 3837 τοῦ
943 3783 1221 3857 σωτηρίου
1252 3783 1450 3861 Πάσχα
1476 3787 1659 3845 κακῶς
1684 3785 1770 3838 καὶ
1820 3784 1967 3860 παρὰ

309 3873 504 3948 καιρὸν
537 3871 824 3948 χλευάζων
855 3873 1137 3947 τιμᾶσθαι,
1188 3872 1276 3927 καὶ
1319 3872 1394 3934 ὠς
1436 3871 1770 3943 Ἑλληνικὴν
1821 3874 1970 3948 τάχα

308 3959 588 4017 παίδευσιν
651 3959 929 4016 διαπτύων
994 3962 1097 4031 τήν
1164 3961 1433 4036 ἡμετέραν
1490 3961 1579 4016 καὶ
1641 3960 1785 4016 θείαν
1843 3961 1968 4017 παίο

313 4049 495 4106 δευσιν
574 4055 839 4106 τοσοῦτον
912 4050 1390 4129 ἀποστρεφόμενος
1472 4050 1547 4110 ὡς
1646 4048 1788 4123 μηδὲ
1841 4050 1969 4113 τοὺς

310 4140 466 4202 νέους
509 4133 980 4213 παιδοτριϐεῖσθαί
1032 4159 1137 4194 που
1190 4143 1521 4214 συγχωρεῖν,
1573 4137 1663 4193 ⁴¹ίνα
1707 4141 1847 4213 μήτε
1898 4144 1969 4215 τῇ

314 4234 485 4289 αὐτοῦ
540 4229 741 4304 ἀλυγίᾳ
805 4228 1120 4298 ἀντιστῆναί
1214 4248 1299 4290 τις
1382 4225 1487 4304 ἔχη
1552 4230 1685 4284 ποτὲ
1743 4229 1833 4283 καὶ
1888 4227 1969 4285 δι-

311 4320 550 4397 ελέγξαι,
586 4321 726 4392 μήτε
756 4317 923 4375 πάλιν
953 4322 1034 4391 τῷ
1071 4319 1232 4392 τάχει
1264 4321 1373 4372 τῶν
1412 4317 1711 4394 ὀφθαλμῶν
1769 4320 1862 4373 καὶ
1900 4321 1971 4394 τῇ

309 4419 414 4482 τῆς
481 4409 739 4488 γλώττης
798 4409 948 4483 ῥύμῃ
1003 4406 1305 4483 φερόμενος
1353 4405 1442 4462 διὰ
1495 4413 1598 4477 τῆς
1635 4405 1972 4471 παιδεύσεως

2077 3432 2365 3489 celebrari
2397 3432 2567 3503 dixit,
2600 3438 2660 3490 et
2689 3433 2934 3489 omnino
2966 3437 3233 3489 nostram
3278 3450 3482 3495 rerum
3530 3450 3733 3489 sacra-

2078 3540 2212 3579 rum
2243 3522 2682 3579 institutionem
2712 3529 2780 3578 ut
2811 3523 3211 3579 Graecanicam
3244 3529 3335 3578 est
3382 3523 3732 3579 detestatus.

2079 3611 2500 3668 Litteraturam
2543 3629 2780 3685 quoque
2832 3612 2978 3669 adeo
3037 3617 3127 3668 est
3183 3618 3485 3671 aversatus
3537 3618 3604 3667 ut
3658 3629 3732 3668 ne

2076 3718 2297 3774 pueros
2325 3702 2569 3774 quidem
2602 3720 2672 3760 ea
2701 3704 3045 3776 permiserit
3072 3703 3317 3774 erudiri,
3345 3720 3420 3760 ne
3444 3703 3531 3759 vel
3551 3721 3734 3760 vaesa-

2077 3792 2193 3847 niae
2233 3792 2421 3864 ipsius
2455 3792 2844 3866 coarguenda
2890 3799 3067 3865 atque
3117 3793 3457 3849 refellendas
3508 3795 3733 3850 instru-

2078 3886 2283 3936 menta
2319 3881 2420 3937 alii
2471 3881 2610 3936 inde
2664 3887 2965 3953 pararent,
3004 3882 3096 3936 vel
3154 3881 3469 3954 disciplina
3520 3881 3734 3955 adjuti,

2080 3982 2217 4024 cum
2248 3970 2559 4023 oculorum
2582 3982 2651 4024 ac
2677 3969 2896 4042 linguae
2917 3969 3227 4025 velocitate
3248 3971 3311 4025 in
3333 3970 3582 4043 legendo
3604 3975 3736 4027 ute-

2078 4062 2308 4123 rentur,
2344 4058 2457 4130 ipsi
2488 4058 2753 4130 palmam
2792 4058 2924 4130 ejus
2970 4060 3055 4115 rei
3108 4060 3522 4132 praariperent.
3571 4058 3735 4116 Adeo

2082 4147 2244 4202 enim
2302 4146 2365 4201 in
2422 4146 2639 4202 litteris
2696 4146 3129 4219 componendis
3211 4148 3417 4203 tardus
3494 4154 3621 4204 erat
3678 4155 3739 4204 et

2081 4234 2328 4309 syllabis
2385 4235 2793 4304 conﬁciendis,
2854 4240 2919 4292 ut
2969 4235 3190 4291 librum
3274 4237 3428 4293 alius
3499 4237 3736 4293 facilius

2082 4323 2415 4397 perlegeret
2443 4340 2622 4394 quam
2660 4324 2788 4396 ipse
2844 4324 2934 4379 sui
2986 4323 3245 4379 nominis
3295 4325 3593 4381 elementa
3640 4343 3734 4381 re-

2082 4419 2372 4469 censeret.

314 4506 383 4558 τὰ
441 4499 715 4572 δευτερεῖα
771 4501 966 4553 τοῦτον
1025 4495 1203 4574 φέρειν
1258 4498 1701 4575 καταναγκάσειε.
1761 4499 2040 4555 Τοσοῦτον
2095 4503 2200 4577 γὰρ
2258 4503 2417 4577 ἢργει
2474 4502 2611 4576 πρὸς
2665 4502 2764 4571 τήν
2827 4504 2971 4575 μῖξιν
3031 4508 3139 4557 τῶν
3199 4502 3536 4579 γρκμμάτων
3598 4502 3738 4558 ἐκει-

313 4612 406 4654 νος
433 4591 522 4645 καὶ
552 4590 654 4660 τήν
682 4591 791 4643 τῶν
825 4581 1112 4643 συλλαϐῶν
1149 4585 1473 4662 ἀνάγνωσιν,
1505 4587 1582 4648 ὡς
1613 4587 1741 4661 ῥᾷον
1793 4585 1855 4642 ἄν
1910 4609 1993 4653 τις
2053 4588 2249 4660 διῆλθε
2307 4586 2526 4667 βιϐλίον
2580 4589 2615 4661 ἢ
2666 4591 2825 4653 αὐτὸς
2880 4596 2951 4667 τῇ
3010 4589 3306 4670 βραδυτῆτι
3364 4597 3462 4648 τοῦ
3518 4596 3613 4648 νοῦ
3669 4594 3738 4649 τὰ

311 4678 414 4738 τοῦ
446 4678 649 4735 οθκείου
680 4681 932 4752 στοιχεῖα
961 4675 1251 4749 ὀνόματος.

388 4767 569 4825 Ἀλλᾶ
596 4771 766 4824 ταῦτα
800 4766 895 4840 μὲν
922 4765 1200 4840 παρείσθω
1249 4765 1327 4828 ὠς
1376 4765 1467 4821 καὶ
1515 4763 1719 4830 ’ἄλλοις
1775 4766 1964 4832 ἱκανῶς

2156 4772 2267 4829 Sed
2297 4773 2390 4828 his
2421 4772 2660 4828 omissis
2692 4789 2822 4844 quae
2873 4773 2937 4829 in
2986 4774 3118 4847 ejus
3167 4774 3554 4847 opprobrium
3603 4779 3744 4831 sunt

310 4858 768 4930 Ξστηλιτευμένα,
826 4856 862 4926 ἡ
906 4852 970 4910 ’δ’
1017 4855 1233 4927 ἱστορία
1318 4854 1530 4930 ἐχέσθω
1587 4860 1698 4911 τῶν
1755 4855 1964 4933 ἐφεξῆς.

2084 4862 2158 4917 ab
2189 4862 2325 4917 aliis
2350 4862 2493 4917 satis
2525 4862 2761 4933 capiose
2793 4864 3085 4935 exposita,
3117 4863 3432 4920 historiam
3462 4868 3743 4935 pertexe.-

315 4948 474 5006 Κατᾶ
501 4949 605 5024 γὰρ
647 4947 744 5002 τὸν
794 4946 982 5021 καιρὸν
1047 4948 1243 5001 τοῦτον
1304 4946 1333 5001 ὁ
1388 4943 1668 5023 ’ἐμφύλιος
1726 4945 1964 5022 πόλεμος

2084 4969 2217 5007 mus
2249 4965 2315 5006 ac
2345 4949 2569 5006 bellum
2591 4950 2759 5006 civile
2789 4967 3123 5019 narremus,
3158 4953 3316 5023 quod
3356 4969 3423 5007 eo
3467 4957 3736 5024 tempore

310 5040 494 5118 ἀρχὴν
526 5035 778 5113 εἰληφὼς
808 5034 859 5107 ἐξ
891 5040 1174 5104 ΛνατοΛῆς
1228 5035 1504 5090 παντοίων
1553 5033 1822 5107 ἐνέπλησε
1869 5038 1964 5105 τὴν

2082 5040 2144 5095 in
2177 5040 2414 5095 Oriente
2448 5044 2741 5106 exortum,
2771 5041 2966 5095 omnis
2996 5040 3230 5113 generis
3265 5040 3424 5096 mala
3453 5041 3591 5095 orbi‘
3615 5047 3733 5095 ter-

311 5128 641 5201 οἰκουμένην
672 5129 874 5196 κακῶν,
909 5123 1109 5204 φθόρον
1166 5120 1226 5179 δὲ
1281 5121 1457 5180 πολὺν
1513 5126 1622 5180 τῶν
1671 5126 1964 5200 ἀνθρώπων

2080 5146 2280 5186 rarum
2312 5128 2537 5190 intulit.
2570 5143 2903 5201 magnaque
2935 5127 3273 5184 mortalium
3319 5130 3733 5185 internecione

306 5218 404 5275 καὶ
463 5220 609 5294 παρὰ
662 5219 826 5272 τοῦτο
884 5212 1239 5292 ὀλιγανδρίαν
1296 5215 1603 5292 εἰργάσατο.
1663 5222 1867 5290 θωμᾶς
1893 5216 1964 5286 ἧν

2079 5219 2238 5275 edita
2268 5214 2579 5273 hominum
2634 5218 2950 5288 penuriam
3009 5216 3223 5273 effecit.
3270 5218 3554 5290 Princeps
3602 5218 3734 5290 ejus

1532 5361 1898 5418 XYLANDRI
1937 5364 2026 5418 ET
2064 5363 2281 5419 GOARI
2318 5361 2546 5417 NOTAE.

376 5465 486 5535 (65)
518 5462 1068 5535 Gentilibuseornm,
1105 5460 1193 5516 vel
1235 5462 1358 5517 suis
1397 5459 1767 5535 gentilibus_:
1820 5477 1962 5535 nam
2075 5477 2301 5535 nonum
2316 5459 2984 5535 apostolorumnomine
3019 5459 3532 5535 evulgatorumﬁti.
3556 5463 3732 5522 Gesn.

298 5530 621 5596 de‘Ju'dmis
653 5532 906 5605 intelligi
939 5548 1061 5587 non
1092 5550 1289 5605 posse,
1332 5530 1425 5588 ex'
1453 5532 1844 5604 sequentibus
1888 5533 1964 5587 li-
2146 5530 2412 5605 (68)7Hoc
2444 5532 2525 5587 ita
2555 5530 2845 5605 intelligo,
2879 5530 3144 5586 noluisse
3162 5530 3312 5605 leum
3345 5533 3643 5605 Christum
3670 5535 3729 5591 in

300 5607 647 5683 (φεμ-ξπ,
859 5603 933 5683 _'__
1230 5676 1266 5683 _
1353 5680 1361 5683 _
1613 5681 1620 5683 _
1790 5676 1820 5683 _
2068 5603 2673 5683 formulajuramenti
2699 5607 2756 5657 et
2775 5603 3728 5683 §_anctosnor_n_inari,sedIudaico

373 5680 486 5751 (66)
520 5675 996 5751 ln_Bropontide,
1023 5675 1209 5751 juxta
1229 5676 1483 5751 ProtemA
1507 5675 1747 5751 dictam.
1780 5676 1959 5731 Con.
2069 5693 2236 5751 more
2245 5678 2587 5751 Creatorem
2609 5674 2815 5731 mundi
2834 5674 3232 5743 voluisse,illo
3253 5677 3728 5751 circumscripto,

374 5745 487 5827 (67)
522 5745 772 5806 Sabbato
797 5745 1077 5820 jajunare
1105 5745 1272 5804 nefas
1302 5747 1488 5805 Graeci
1517 5747 1745 5805 ducunt
1772 5762 1843 5804 ex
1868 5762 1962 5806 oa-
2060 5747 2279 5822 jurari.
2311 5749 2455 5804 ΧΠ..
