4112 6434
327 395 446 457 959

1691 391 2017 455 GEORGII
2057 391 2413 458 CEDRENI

3638 397 3760 460 960

328 529 442 588 fuit
469 530 744 599 Thomas,
777 528 849 584 de
881 545 998 600 quo
1044 528 1262 600 duplex
1319 529 1510 584 fertur
1567 544 1783 584 sermo.
1842 525 1984 593 Qui-

2096 532 2198 597 τῆς
2237 528 2584 592 ἀποστάσεως
2642 527 2894 604 ἔξαρχος,
2955 527 3080 606 περὶ
3147 527 3210 584 οὗ
3267 525 3442 587 διττοὶ
3499 532 3755 610 φέρονται

330 619 467 677 dam
499 620 660 675 hunc
692 619 959 675 obscuris
992 618 1318 690 majoribus
1350 623 1546 674 ortum
1577 624 1754 690 atque
1773 633 1989 690 paupe-

330 709 498 764 ribus
537 709 762 772 ferunt,
822 708 1014 778 iisque
1062 707 1380 776 barbaris;
1441 708 1660 779 diuque
1705 707 1781 762 in
1839 723 1990 779 pau-

331 803 561 871 pertate
591 799 824 866 vixisse,
876 797 1093 851 victum
1147 796 1349 852 labore
1399 814 1687 853 manuum
1746 812 1988 853 suarum

329 893 664 960 parantem,
707 901 1140 956 nonnunquam
1199 887 1379 942 etiam
1441 887 1753 942 servilibus
1811 885 1988 941 mini-

335 977 552 1032 steriis.
611 974 832 1030 Deinde
893 975 1086 1046 patria
1142 975 1353 1031 relicta
1402 992 1538 1032 eum
1618 975 1823 1048 Cpolin
1885 991 1987 1030 ve-

332 1067 516 1132 nisse,
571 1066 771 1136 ibique
840 1065 1046 1121 famuli
1106 1066 1234 1122 loco
1294 1083 1330 1123 a
1385 1067 1645 1139 quodam
1703 1066 1988 1123 senatorii

333 1157 557 1213 ordinis
615 1161 994 1228 assumptum
1054 1173 1121 1212 eo
1211 1157 1479 1213 libidinis
1560 1175 1626 1214 ac
1703 1157 1988 1213 fmditatis

333 1263 734 1320 progressum,
753 1253 818 1301 ut
844 1247 971 1301 heri
1004 1264 1242 1318 quoque
1263 1248 1484 1304 lectum
1514 1248 1781 1320 polluere
1809 1264 1988 1303 ausus

330 1336 479 1393 875
515 1336 716 1390 fuerit.
751 1337 876 1400 Qua
904 1353 968 1389 re
992 1335 1248 1405 detecta,
1283 1353 1418 1392 cum
1449 1337 1836 1408 ignominiam
1865 1355 1986 1392 non

324 1424 510 1478 ferret
541 1440 608 1478 ac
638 1440 843 1495 poenas
891 1429 1181 1494 praeterea
1219 1425 1366 1480 talia
1394 1425 1663 1480 facinora
1696 1426 1986 1498 aggressis

328 1512 686 1568 constitutas
708 1517 1024 1582 metueret,
1049 1511 1123 1567 ad
1143 1516 1445 1586 Agarenos
1461 1514 1790 1587 perfugisse
1813 1531 1825 1568 :
1850 1515 1951 1585 qui
1965 1546 1984 1556 -

323 1600 436 1656 bus
459 1617 593 1656 cum
615 1617 677 1656 se
709 1601 852 1656 satis
874 1600 1189 1672 probasset
1216 1602 1778 1674 continentibusque
1801 1603 1983 1658 actio-

326 1690 502 1746 nibus
562 1706 670 1761 per
727 1689 971 1762 longum
1031 1697 1266 1762 tempus
1320 1691 1500 1746 fidem
1573 1693 1989 1748 confirmasset

326 1779 540 1851 (annos
563 1780 722 1834 enim
741 1783 807 1834 25
830 1779 989 1852 apud
1029 1796 1128 1834 eos
1182 1780 1393 1853 exegit,
1454 1787 1660 1838 sancta
1708 1782 1985 1838 Christia-

325 1886 540 1925 norum
561 1870 792 1940 ejurata
811 1869 1097 1942 religione
1120 1869 1548 1927 Moamedicam
1571 1871 1984 1928 detestabilem
2017 1901 2064 1967 Β

323 1960 694 2031 impietatem
727 1959 1088 2032 amplexus),
1120 1960 1192 2015 ab
1224 1960 1297 2015 iis
1327 1959 1557 2016 bellicas
1585 1961 1820 2018 cuidam
1847 1962 1987 2034 pha-

330 2048 489 2120 langi
522 2047 870 2119 praefectum
929 2065 998 2104 ac
1056 2055 1264 2104 contra
1315 2049 1680 2106 Christianos
1734 2051 1986 2106 missum

328 2138 536 2204 fuisse,
570 2137 903 2209 pollicitum
939 2154 1002 2192 se
1031 2140 1364 2194 Romanum
1404 2139 1724 2211 imperium
1757 2140 1820 2195 in
1851 2140 1989 2195 illo-

328 2244 462 2283 rum
495 2233 851 2299 potestatem
882 2227 1288 2283 redacturum.
1340 2229 1420 2283 Ac
1452 2245 1526 2283 ne
1557 2229 1805 2284 Romani
1834 2228 1989 2284 frau-

330 2315 465 2371 dem
498 2315 750 2371 struenti
772 2321 839 2371 ut
871 2316 1222 2389 alienigenae
1243 2323 1301 2372 et
1325 2317 1618 2373 diversam
1633 2318 1985 2391 religionem

328 2406 550 2463 colenti
581 2405 758 2461 fidem
802 2423 922 2460 non
970 2406 1279 2475 haberent,
1343 2407 1799 2463 Constantinum
1855 2424 1983 2464 sese

326 2513 461 2552 eum
494 2495 861 2565 nominasse,
899 2497 1098 2550 Irenes
1143 2496 1356 2565 filium,
1408 2513 1585 2568 quem
1636 2498 1711 2552 ob
1763 2498 1984 2571 ingenii

329 2601 683 2656 morumque
711 2585 1161 2656 perversitatem
1196 2591 1254 2640 et
1278 2585 1570 2641 malitiam
1615 2591 1808 2642 mater
1825 2588 1985 2660 jam—

330 2675 562 2748 pridem
595 2674 785 2729 oculis
816 2674 1185 2746 imperioque
1217 2675 1528 2731 orbaverat
1553 2692 1834 2748 morsque
1857 2677 1985 2750 jam

333 2770 460 2821 tum
491 2765 632 2818 vivis
666 2770 986 2820 exemerat.
1020 2765 1154 2819 Haec
1185 2765 1349 2836 prior
1378 2770 1466 2820 est
1495 2771 1553 2820 et
1609 2765 1814 2821 multis
1857 2783 1987 2823 cre-

329 2852 454 2908 dita
485 2851 772 2908 narratio.
803 2851 921 2909 Alii
951 2853 1112 2908 hunc
1169 2853 1454 2910 Thomam
1501 2871 1636 2910 eum
1686 2855 1988 2911 afﬁrmant

326 2943 426 3016 qui
463 2941 769 3015 quondam
801 2941 864 2996 in
921 2941 1149 2998 familia
1207 2942 1484 2998 Bardanii
1530 2943 1732 3011 fuerit,
1790 2961 1858 3000 ac
1913 2945 1986 3001 de

325 3032 481 3089 876
515 3047 633 3103 quo
667 3031 998 3087 monachus
1029 3031 1370 3088 Philomelii
1403 3033 1480 3088 sit
1519 3033 1896 3102 vaticinatus,
1929 3039 1987 3091 et

332 3138 509 3196 quem
546 3122 656 3177 Leo
687 3122 1012 3193 imperator
1040 3120 1462 3178 foederatorum
1493 3123 1722 3178 cohorti
1751 3141 1987 3196 praepo-

331 3213 536 3270 suerit.
562 3212 708 3267 Eum
735 3227 872 3283 ergo
901 3213 1207 3283 Thomam,
1236 3229 1372 3268 cum
1403 3212 1784 3268 interfectum
1815 3229 1848 3269 a
1877 3215 1982 3270 Mi-

329 3302 535 3357 chaelo
562 3302 815 3356 Leonem
855 3302 1243 3375 cognovisset,
1293 3301 1511 3374 partim
1551 3308 1616 3358 ut
1644 3302 1982 3360 benefacto-

327 3409 456 3447 rem
490 3391 898 3461 ulcisceretur,
917 3393 1134 3464 partim
1153 3396 1217 3446 ut
1242 3407 1415 3447 suum
1437 3391 1705 3448 animum
1727 3393 1982 3449 exsatia-

325 3487 416 3538 ret
447 3483 610 3551 (nam
651 3481 723 3536 ab
757 3480 1162 3536 adolescentia
1182 3497 1370 3552 usque
1403 3481 1457 3536 ei
1507 3498 1643 3536 cum
1695 3482 1980 3538 Michaelo

328 3572 659 3626 inimicitiae
683 3571 1190 3639 intercesserant),
1217 3571 1398 3626 simul
1422 3576 1480 3625 et
1506 3572 1783 3626 monachi
1812 3571 1985 3628 istius

328 3664 402 3719 de
435 3681 501 3720 eo
536 3662 940 3734 praadiclionis
972 3668 1341 3719 metuentem
1372 3665 1621 3729 exitum,
1654 3681 1822 3720 arma
1851 3682 1987 3720 con-

329 3759 422 3808 tra
444 3752 794 3807 Michaelum
814 3752 1159 3824 sumpsisse.
1184 3753 1382 3808 Primo
1408 3753 1738 3810 Orientales
1761 3754 1985 3827 copias,

335 3845 492 3918 apud
524 3861 671 3917 quas
702 3845 970 3918 degebat,
1005 3844 1336 3917 concitavit,
1397 3845 1842 3918 exercitumque
1873 3846 1989 3902 mi-

2099 619 2282 695 λόγοι,
2316 620 2390 673 ὧν
2423 621 2450 675 ὀ
2488 623 2583 695 μὲν
2620 620 2694 683 εἷς
2749 622 3019 694 ὁρμᾶσθαι
3070 617 3262 677 τοῦτόν
3315 643 3479 694 φησιν
3521 623 3572 694 ἐξ
3621 625 3757 696 ἀσή-

2103 730 2220 782 μων
2256 708 2462 786 γονέων
2496 709 2588 766 καὶ
2630 714 2908 790 πενιχρῶν
2966 710 3058 766 καὶ
3116 711 3179 767 τὸ
3229 712 3388 787 γένος
3442 709 3758 790 βαρϐάρων,

2099 797 2188 853 ἐπὶ
2218 795 2364 853 πολὺ
2397 795 2454 853 δὲ
2485 798 2641 864 πενία
2670 804 2860 873 συζῆν,
2904 797 2994 854 διὰ
3035 806 3138 871 τῆς
3187 805 3295 858 τῶν
3343 807 3549 879 χειρῶν
3597 802 3762 881 ἐργα-

2099 888 2216 949 σίας
2246 889 2311 942 τὰ
2342 890 2476 965 πρὸς
2505 891 2566 944 τὸ
2601 894 2696 963 ζῇν
2748 890 3142 964 ποριζόμενον,
3200 889 3367 948 ἐνίοτε
3417 891 3476 948 δὲ
3523 893 3614 948 καὶ
3659 896 3763 965 θη·-

2095 977 2339 1033 τεύοντα·
2374 980 2494 1034 εἶτα
2548 981 2648 1049 τήν
2706 978 3029 1057 ἐνεγκοῦσαν
3091 979 3435 1037 ἀπολιπόντα
3472 982 3565 1038 καὶ
3620 983 3760 1054 πρὸς⁹

2097 1069 2197 1138 τήν
2234 1067 2614 1147 μεγαλόπολιν
2646 1069 2847 1141 ταύτην
2908 1069 3306 1146 πεφοιτηκότα,
3349 1071 3441 1126 καί
3490 1093 3599 1128 τινι
3643 1077 3752 1128 τῶν

2097 1157 2476 1233 συγκλητικῶν
2511 1157 2587 1221 εἷς
2623 1157 2915 1234 ὑπηρεσίαν
2974 1159 3416 1238 προσληφθέντα,
3465 1159 3520 1223 ἐς
3559 1166 3754 1217 τοσοῦ-

2095 1267 2190 1304 τον
2221 1247 2516 1312 ἀκολασίας
2549 1247 2880 1320 ἐληλακέναι
2911 1250 3000 1306 καὶ
3060 1245 3271 1325 ὕϐρεως
3319 1251 3394 1316 ὡς
3449 1253 3540 1307 καὶ
3582 1251 3752 1322 αὐτὴν

2095 1337 2515 1412 κατατολμῆσαι
2598 1339 2699 1408 την
2787 1337 3114 1410 δεσποτικὴν
3191 1335 3513 1416 καθυϐρίσαι
3576 1339 3754 1413 εὐνήν.

2097 1428 2202 1486 Καὶ
2235 1427 2351 1484 ἐπεὶ
2384 1428 2663 1508 ἐφωράθη,
2699 1431 2774 1502 μὴ
2820 1429 2937 1492 οἶός
2966 1450 3024 1485 τε
3070 1426 3144 1484 ὥν
3194 1429 3261 1485 τὰ
3314 1429 3498 1503 ὀνείδη
3549 1433 3760 1510 φερειν,

2097 1515 2358 1581 δεδοικὼς
2392 1515 2450 1573 δὲ
2497 1519 2588 1572 καὶ
2632 1518 2729 1581 τὰς
2783 1519 3194 1594 ἱέπηρτημένας
3243 1521 3436 1582 ποινὰς
3477 1526 3596 1586 τοῖς
3641 1525 3751 1577 τῶν

2093 1607 2359 1664 τοιούτων
2405 1606 2739 1681 τολμηταῖς,
2796 1611 2970 1686 φυγὰς
3027 1608 3165 1684 πρὸς
3220 1608 3350 1672 τοὺς
3409 1610 3754 1685 ’Δγαρηνοὺς

2093 1696 2320 1773 γίνεταν
2353 1696 2443 1753 καὶ
2498 1697 2715 1761 τούτοις
2769 1698 2953 1753 πίστιν
3014 1699 3203 1769 ἰκανὴν
3271 1694 3526 1762 δεδωκὼς
3595 1695 3657 1756 ἔκ
3694 1723 3755 1757 τε

2091 1791 2189 1843 τοῦ
2217 1785 2603 1858 καταλλήλαις
2635 1790 2871 1864 χρᾶσθαι
2901 1787 3123 1862 πράξεσι
3150 1788 3239 1844 καὶ
3295 1787 3355 1844 ἐκ
3405 1792 3503 1844 τοῦ
3542 1793 3751 1866 χρόνου

2097 1873 2395 1952 βεϐαιῶσαι
2425 1879 2494 1933 τὰ
2524 1875 2656 1955 ἔργα
2713 1872 2852 1950 (ἔτος
2909 1878 3010 1955 γὰρ
3068 1877 3318 1952 πέμπτον
3368 1879 3459 1935 καὶ
3514 1879 3755 1938 εἰκοστὸν

2097 1966 2358 2039 διηνύσθη
2401 1967 2579 2041 τούτῳ
2628 1968 2680 2024 ἐν
2729 1972 2798 2042 τῇ
2853 1968 2988 2044 πρὸς
3038 1965 3277 2031 ἐκείνους
3327 1964 3606 2046 διατριϐῇ)
3666 1972 3756 2027 καὶ

2096 2059 2156 2113 ἐκ
2182 2058 2280 2114 τοῦ
2311 2058 2410 2126 τήν
2441 2058 2587 2129 ἱερὰν
2618 2061 2728 2113 τῶν
2785 2061 3134 2133 Χριστιανῶν
3193 2059 3576 2132 ἀπομόσασθαι
3620 2062 3762 2135 θρη-

2095 2148 2275 2203 σκείαν
2309 2149 2399 2202 καὶ
2458 2151 2528 2222 τῇ
2593 2151 2692 2202 τοῦ
2735 2146 3007 2223 ἐπαράτου
3063 2149 3431 2222 προστεθῆναι
3490 2147 3759 2224 Μωάμεδ,

2095 2234 2408 2309 πολεμικῆς
2463 2257 2608 2299 τινος
2674 2235 2951 2315 φάλαγγος
3032 2232 3415 2292 ἀποδείκνυται
3503 2238 3755 2314 ἀρχηγὸς

2093 2325 2186 2381 καὶ
2260 2326 2398 2381 κατά
2452 2329 2794 2400 Χριστιανῶν
2850 2323 3206 2399 ἐκπέμπεται,
3263 2327 3365 2395 τήν
3431 2331 3538 2383 τῶν
3615 2333 3755 2386 Ῥω-

2099 2414 2273 2489 μαίων
2310 2413 2591 2491 βασιλείαν
2629 2416 2735 2470 ὑπὸ
2784 2417 2884 2486 τήν
2939 2415 3117 2471 αὐτῶν
3173 2420 3345 2480 θεῖναι
3405 2422 3565 2492 χεῖρα
3619 2420 3747 2473 καθ-

2095 2506 2498 2580 υποσχόμενος.
2529 2505 2637 2561 Καὶ
2677 2501 2771 2560 ’ίνα
2833 2506 2908 2579 μή
2967 2525 3088 2560 τινα
3144 2505 3219 2568 ὡς
3283 2501 3604 2587 ἀλλόφυλος
3654 2509 3742 2563 καὶ

2094 2592 2431 2657 ἆλλόπιστος
2462 2591 2800 2668 ἐμποδισπὸν
2833 2589 2940 2670 ἔχῃ
2991 2594 3394 2669 ἀπιστούμενος
3449 2596 3552 2651 ὑπὸ
3602 2598 3742 2655 Ῥω-

2099 2684 2272 2758 μαίων
2320 2687 2452 2758 (69),
2511 2688 2920 2740 Κωνσταντῖνον
2979 2683 3164 2740 ἑαυτὸν
3219 2684 3548 2764 ἐπεφήμιζεν
3609 2687 3748 2742 εἶναι

2091 2775 2182 2830 τὸν
2247 2781 2348 2844 τῆς
2408 2773 2646 2850 Εἰρήνης
2713 2775 2850 2844 υἱὸν,
2904 2775 2961 2829 ὅν
3021 2776 3057 2843 ἡ
3121 2777 3306 2849 μήτηρ
3386 2771 3473 2830 διὰ
3528 2777 3591 2830 τὸ
3649 2797 3747 2830 κα-

2095 2865 2286 2920 κόνουν
2338 2863 2429 2919 καὶ
2485 2864 2548 2919 τὸ
2600 2868 2698 2918 τοῦ
2754 2863 2962 2938 τρόπου
3021 2862 3260 2920 ὕπουλον
3325 2862 3416 2919 καὶ
3472 2863 3744 2935 κακόηθες

2091 2955 2267 3010 πάλαι
2309 2954 2444 3028 μετά
2470 2959 2572 3023 τῆς
2635 2952 2911 3028 βασιλείας
2969 2955 3060 3008 καὶ
3125 2958 3234 3009 τῶν
3285 2952 3584 3028 ὀφθαλμῶν
3646 2953 3747 3010 ἀπ-

2093 3043 2368 3119 εστέρησε,
2398 3046 2698 3114 τηνικαῦτα
2739 3039 2797 3098 δὲ
2829 3041 2919 3098 καὶ
2957 3042 3050 3098 τὸν
3103 3043 3224 3119 βίον
3269 3042 3535 3120 ἐτύγχανε
3580 3063 3744 3099 κατα-

2091 3134 2348 3208 στρέψας.
2386 3130 2482 3187 Καὶ
2514 3133 2543 3186 ὁ
2601 3132 2699 3204 μὲν
2747 3135 2962 3206 πρῶτος
3017 3133 3108 3187 καὶ
3164 3129 3340 3194 πολὺς
3386 3133 3561 3194 οὕτως
3604 3130 3745 3208 ἔχειν

2095 3223 2221 3298 περὶ
2283 3223 2382 3292 τῆς
2447 3221 2707 3292 τοιαύτης
2779 3221 3085 3286 ὑποθέσεως
3168 3220 3478 3278 πιστεύεται
3565 3220 3747 3297 λόγος·

2096 3310 2291 3386 ἃτερος
2345 3309 2403 3366 δὲ
2454 3314 2646 3366 τοῦτον
2716 3309 2851 3366 εἶναί
2911 3331 3045 3388 φησι
3101 3311 3196 3366 τὸν
3253 3315 3452 3386 Θωμᾶν
3529 3312 3622 3367 τὸν
3672 3315 3751 3384 τῷ

2092 3398 2380 3477 Βαρδανίῳ
2413 3399 2582 3456 πάλαι
2617 3399 2870 3470 συνόντα,
2922 3401 3048 3474 περὶ
3100 3400 3162 3455 οὗ
3210 3400 3300 3456 καὶ
3331 3401 3360 3456 ὁ
3385 3398 3437 3454 ἐν
3467 3404 3548 3473 τῷ
3578 3399 3749 3456 Φιλο-

2096 3489 2269 3564 μιλίῳ
2305 3490 2549 3568 μοναχὸς
2577 3489 2677 3556 τῆν
2717 3486 3018 3564 πρόρῥησιν
3074 3484 3433 3568 ἀπεφοίϐασε,
3483 3490 3572 3563 [Ρ.
3615 3492 3744 3564 500]

2091 3580 2362 3654 παράτοῦ
2397 3577 2666 3654 βασιλέως
2723 3577 2780 3632 δὲ
2846 3577 3077 3640 Λέοντος
3138 3576 3438 3654 ἀναχθέντα
3505 3576 3581 3640 εἷς
3640 3578 3740 3647 τῆν

2091 3669 2270 3743 ἀρχὴν
2299 3672 2397 3722 τοῦ
2426 3671 2533 3722 τῶν
2591 3663 2928 3744 φοιδεράτων
2981 3667 3283 3741 τάγματος.
3335 3668 3432 3730 ’ος
3481 3665 3598 3722 ἐπεὶ
3643 3689 3742 3742 με·

2097 3759 2330 3832 μιθήκοι
2397 3756 2487 3810 τὸν
2553 3755 2754 3811 Λέοντα
2810 3755 2912 3810 ὑπὸ
2967 3758 3064 3810 τοῦ
3113 3756 3348 3830 Μιχαὴλ
3427 3756 3744 3831 ἀνῃρῆσθαι,

2093 3844 2322 3902 ἐκδικῶν
2373 3845 2518 3924 τάχα
2573 3845 2665 3899 τὸν
2725 3843 3037 3920 εὐεργέτην,
3098 3844 3238 3917 ὁμοῦ
3308 3842 3364 3900 δὲ
3427 3844 3518 3900 καὶ
3576 3845 3748 3918 θυμὸν

333 3937 494 3991 nime
509 3935 809 3991 imbellem
823 3935 1985 4008 autexiguum,sedgrandemfortemque

2094 3933 2231 3992 ’ίδιον
2292 3933 2572 4008 ἐμπιπλὰς
2628 3932 2916 4011 (ἐτύγχανε
2970 3933 3074 4007 γὰρ
3129 3936 3248 3994 πῶς
3316 3932 3368 4004 ἐξ
3427 3932 3745 4003 ἡλικιωτῶν

332 4025 591 4098 collegit,
625 4025 902 4080 omnibus
934 4025 1035 4096 qui
1059 4042 1412 4096 quocunque
1445 4025 1619 4080 modo
1643 4043 1809 4082 arma
1830 4027 1985 4083 ferre

329 4120 576 4189 possent
607 4115 681 4170 ad
711 4115 990 4170 militiam
1021 4116 1262 4172 vocatis.
1296 4117 1517 4172 Horum
1548 4115 1651 4171 alii
1697 4117 1750 4171 vi
1799 4118 1986 4174 coacti

330 4211 524 4262 castra
553 4205 788 4260 Thomas
821 4203 1244 4276 sequebantur,
1274 4205 1375 4260 alii
1402 4205 1819 4262 benevolentia
1852 4223 1990 4281 erga

329 4312 464 4350 cum
491 4293 956 4362 ducti,nonnulli
990 4311 1091 4365 spe
1113 4293 1354 4366 praedm,
1379 4295 1621 4365 quidam
1645 4296 1824 4352 etiam
1853 4297 1987 4352 odio

331 4385 392 4439 in
425 4383 798 4438 Michaelum.
831 4385 885 4438 Is
917 4384 1078 4438 enim
1129 4383 1408 4439 omnibus
1463 4385 1688 4440 invisus
1741 4390 1869 4441 erat
1913 4386 1986 4441 ob

331 4490 566 4529 morum
599 4474 1069 4544 perversitatem,
1103 4479 1161 4527 et
1200 4473 1355 4544 quod
1391 4489 1452 4528 se
1513 4474 1726 4530 ducem
1780 4476 1986 4531 Athin-

332 4579 497 4635 ganae
549 4567 722 4617 sectae
780 4561 1101 4634 praebebat,
1163 4578 1272 4616 nec
1317 4579 1437 4617 non
1493 4569 1739 4635 propter
1767 4563 1984 4637 linguae

2095 4023 2482 4100 διαφερόμενος
2541 4023 2676 4098 πρὸς
2734 4023 2827 4078 τὸν
2887 4020 3170 4096 Μιχαὴλ),
3225 4019 3342 4094 ἃμα
3399 4018 3456 4077 δὶ
3509 4021 3598 4077 καὶ
3655 4023 3751 4086 τὰς

2093 4115 2217 4188 περὶ
2250 4113 2415 4168 αὐτοῦ
2444 4116 2542 4167 τοῦ
2569 4111 2620 4166 ἐν
2649 4115 2727 4183 τῷ
2758 4108 3010 4183 Φιλομιλ
3023 4111 3087 4183 ίῳ
3121 4114 3370 4186 μοναχοῦ
3414 4109 3747 4186 προῤῥήσεις

2095 4198 2457 4279 φοϐούμενος,
2499 4206 2661 4279 χεῖρα
2714 4199 2951 4255 ἐναντίαν
3007 4205 3169 4270 κινεῖ,
3223 4203 3322 4254 τοῦ
3377 4203 3484 4256 τῶν
3544 4200 3773 4257 ἀνατο-”

2093 4291 2264 4349 λικῶν
2322 4291 2615 4366 ἀρξάμενος
2674 4288 2929 4364 θέματος,
2991 4290 3100 4359 ὅπη
3162 4285 3230 4357 δὴ
3308 4288 3400 4344 καὶ
3488 4285 3745 4364 διέτριϐε,

2092 4382 2324 4456 ῢύναμιν
2359 4381 2458 4436 οὐκ
2487 4381 2680 4458 ἀγεννῆ
2711 4401 2833 4435 τινα
2891 4379 2981 4434 καὶ
3045 4379 3261 4455 μικρὰν⁹
3320 4378 3466 4435 ἀλλά
3524 4381 3744 4455 βαρεῖαν

2092 4472 2182 4528 καὶ
2215 4467 2464 4547 ἀνδρώδη
2500 4468 2883 4544 συνηθρωκὼς,
2919 4469 3089 4524 πάντα
3119 4470 3212 4524 τὸν
3269 4467 3440 4524 ὅπλον
3489 4469 3552 4524 τὸ
3600 4471 3750 4524 οἱον-

2095 4567 2187 4617 οὖν
2222 4566 2388 4616 κινεῖν
2450 4557 2751 4633 δυνάμενον
2821 4554 3039 4613 ἕπεσθαί
3081 4558 3134 4612 οἱ
3185 4557 3614 4634 καταναγκάσας,
3686 4558 3744 4614 δν

329 4651 659 4706 balbutiem
693 4657 750 4704 et
780 4650 1115 4705 mollitiem.
1151 4652 1296 4706 Nam
1325 4651 1581 4707 Thomas
1633 4654 1864 4708 tametsi
1899 4655 1984 4708 al-

2097 4653 2194 4726 μὶν
2229 4651 2344 4726 βίᾳ,
2377 4649 2435 4704 δν
2469 4647 2526 4704 δὲ
2555 4647 2716 4723 φιλίᾳ
2744 4651 2812 4722 τῇ
2843 4647 2981 4724 πρὸς
3013 4647 3198 4718 αὐτὸν,
3229 4647 3290 4702 ’ὸν
3323 4645 3381 4703 δὲ
3411 4649 3500 4702 καὶ
3561 4645 3748 4704 ἐλπίδι

330 4746 526 4795 terum
549 4738 760 4810 pedem
789 4739 1048 4794 habebat
1063 4739 1341 4796 mutilum
1368 4757 1434 4796 ac
1457 4757 1674 4812 genere
1695 4741 1984 4799 barbarus

326 4834 472 4896 erat,
499 4833 698 4883 tamen
721 4828 793 4883 ob
817 4828 1096 4884 canitiem
1116 4829 1663 4898 venerabilis,aditu
1687 4837 1744 4886 et
1764 4833 1824 4887 in
1845 4850 1984 4888 con-

327 4934 534 4992 gressu
560 4917 753 4972 facilis
779 4923 955 4989 atque
989 4917 1339 4989 civilis,quaa
1361 4919 1698 4991 gratissima
1721 4924 1988 4979 suntmi-

327 5009 489 5066 litari
521 5007 1114 5079 multitudini,neque
1138 5024 1437 5079 quoquam
1464 5012 1727 5083 corporis
1753 5012 1987 5068 fortitu-

331 5101 468 5156 dine
492 5099 787 5172 posterior
807 5097 1157 5154 habebatur.
1176 5099 1230 5153 Is
1255 5114 1392 5171 ergo
1414 5100 1655 5157 Oriente
1679 5108 1988 5175 occupato,

2094 4738 2399 4816 διαρπαγῆς
2434 4737 2712 4816 λαφύρων,
2745 4737 2802 4793 δν
2836 4735 2895 4791 δὲ
2926 4737 3013 4791 καὶ
3052 4741 3132 4810 τῷ
3179 4737 3316 4812 πρὸς
3364 4737 3456 4793 τὸν
3508 4736 3744 4812 Μιχαηλ

2098 4827 2560 4906 μίσειοέτύγχανε
2598 4827 2701 4902 γὰρ
2762 4823 2918 4888 οὗτος
2977 4826 3080 4881 ὑπὸ
3137 4827 3352 4881 πάντων
3412 4823 3500 4881 διὰ
3556 4847 3747 4882 σκαιο·

2092 4916 2326 4993 τροπίαν
2361 4915 2716 4991 μισούμενος,
2764 4915 2852 4971 καὶ
2914 4912 3005 4970 διὰ
3058 4914 3122 4969 τὸ
3175 4921 3278 4984 τῆς
3333 4920 3441 4970 τῶν
3499 4917 3752 4992 Ἀθιγγά-

2095 5030 2204 5064 νων
2234 5008 2508 5078 θιασώτην
2539 5005 2673 5062 εἶναι
2707 5004 2989 5079 αἰρέσεως,
3019 5003 3110 5058 καὶ
3142 5000 3234 5058 διὰ
3260 5005 3361 5072 τήν
3417 5011 3516 5075 τῆς
3565 5003 3752 5080 γλώτ.

2095 5119 2196 5171 της
2247 5098 2616 5175 τραυλότητα,
2667 5095 2757 5151 καὶ
2818 5093 2888 5149 δι’
2952 5091 3236 5169 ἀνανδρίαν
3317 5096 3406 5150 καὶ
3479 5094 3752 5170 μαλακίαν

1551 5199 1912 5254 XYLANDBI
1949 5201 2036 5255 ET
2075 5199 2292 5256 GOARI
2331 5199 2553 5254 ΝΟΤᾸΞ.

397 5297 510 5369 (69)
545 5294 732 5369 Verba
755 5293 1044 5369 fraudem
1093 5294 1341 5369 struenti
1377 5296 1446 5369 in
1490 5296 1981 5369 interpretatione

327 5365 563 5425 de'meo
595 5366 796 5422 addidi
852 5365 1274 5420 connectendm
1329 5367 1591 5422 historias
1643 5365 1841 5425 causa.
1896 5370 1982 5423 Vi-

327 5440 502 5494 detur
531 5437 712 5504 euim,
743 5439 788 5492 si
827 5437 1000 5492 modo
1033 5437 1183 5492 nihil
1216 5438 1435 5493 excidit
1472 5445 1530 5493 et
1575 5441 1834 5496 narratio
1889 5441 1977 5496 in-

329 5516 494 5580 tegra
525 5514 637 5579 est,
667 5511 919 5564 Thomas
952 5510 1063 5563 hoc
1096 5508 1309 5580 egisse,
1342 5511 1400 5564 ui
1433 5527 1468 5565 a
1509 5513 1786 5566 Romanis
1817 5529 1980 5568 sum.

2091 5299 2486 5369 subjecturum.
2522 5295 2748 5362 Quibus
2779 5291 3254 5369 enim_deinceps
3302 5295 3602 5369 Romanus
3634 5295 3750 5352 im-

2086 5364 2344 5442 peraret,
2377 5373 2482 5442 aut
2510 5384 2626 5442 quo
2683 5365 3028 5442 commodo_
3058 5364 3273 5420 ductus
3317 5382 3379 5421 se
3439 5368 3752 5442 Saracenis

2089 5436 2412 5513 subjiceret
2431 5440 2458 5494 ‘2
2487 5436 2698 5513 verius
2722 5436 3160 5510 reponendum,
3194 5442 3327 5513 post
3357 5437 3628 5509 proditos
3647 5441 3722 5496 Sa
3741 5473 3753 5483 -

2087 5509 2320 5568 racenis
2346 5514 2644 5591 Romanos
2670 5509 2820 5591 ﬁnes
2843 5516 3166 5591 tyrannum
3192 5509 3602 5591 germanorum
3621 5527 3754 5582 pro-

330 5597 440 5634 ma)
467 5594 668 5654 rerum
697 5580 1007 5654 praefectus
1033 5581 1327 5654 exercitus
1349 5598 1554 5638 eorum
1582 5589 1684 5638 aut
1712 5583 1892 5639 urbes
1923 5589 1981 5638 et
2085 5588 2272 5654 prium
2311 5585 2696 5653 principatum
2748 5580 2882 5652 ipsis
2927 5581 3265 5654 solummodo
3313 5580 3640 5653 subjectum?
3664 5601 3754 5638 re-

329 5651 662 5727 provincias
681 5653 966 5727 Agarenis
995 5651 1291 5727 proderet.
1323 5654 1462 5727 XYL,
1481 5685 1552 5727 _—-
1571 5655 1741 5711 Falso
1760 5655 1982 5727 Xylan-
2086 5651 2348 5712 ucturum
2372 5651 2709 5726 promisisse,
2741 5651 2817 5709 ne
2841 5668 3024 5727 quam
3052 5652 3115 5707 in
3136 5651 3444 5724 posterum
3477 5670 3512 5709 υ.
3534 5656 3751 5712 Roma-

333 5721 458 5788 der,
493 5721 893 5790 imperiumque
919 5725 1220 5780 Romanum
1251 5724 1405 5796 ipsis,
1443 5724 1503 5780 id
1533 5731 1642 5796 est,
1674 5721 1979 5802 Agarenis,

2089 5727 2182 5786 nis
2215 5724 2553 5785 molestiam
2583 5724 2956 5800 paterentur.
2986 5724 3163 5780 GOAR.
