4112 6416
343 413 459 474 961

338 542 776 620 συμπεισθέντων
853 542 1003 616 αύτῷ
1095 543 1564 620 συστρατεύεσθαι.

344 636 451 713 γὰρ
479 633 534 691 εἷ’
553 633 646 690 καὶ
683 633 778 690 τὸν
805 631 994 709 ἓτερον
1043 638 1152 690 τῶν
1206 632 1390 691 ποδῶν
1453 637 1573 711 εἶχε
1603 634 2006 709 πεπηρωμένον

343 726 436 782 καὶ
476 726 540 780 τὸ
584 725 739 799 γένος
793 719 1071 800 βάρϐαρος
1104 724 1191 794 ἢν,
1224 723 1350 781 ἀλλ’
1381 723 1474 781 οὒν
1515 729 1583 800 τῇ
1615 746 1678 802 γε
1708 723 1878 796 πολιᾷ
1917 723 2005 778 αἱ-

343 813 575 889 δέσιμος
633 812 930 889 ἐτύγχανεν
1017 810 1092 869 ὥν
1174 813 1264 870 καὶ
1326 813 1388 870 τὸ
1446 815 1859 892 εὐπροσήγορον
1913 812 2003 869 καὶ

340 905 556 961 ἀστεῖον
589 903 758 983 εἶχεν,
791 903 925 978 ἅπερ
968 903 1122 976 φιλεῖ
1180 905 1208 958 6
1268 903 1608 980 στρατιώτης
1661 902 1817 973 λαὸς,
1858 902 2006 959 ἀλλὰ

345 996 436 1051 καὶ
467 998 576 1050 τῶν
600 993 737 1048 κατᾶ
792 993 1147 1071 γενναιότητα
1208 993 1463 1066 σώματος
1520 995 1583 1048 ait
1641 1013 1790 1056 τινος
1848 990 2004 1070 ἐφαί-

344 1104 465 1140 νετο
497 1081 763 1155 δεύτερος.
797 1081 965 1143 Οὗτος
995 1082 1175 1138 τοίνυν
1209 1083 1237 1137 6
1279 1089 1480 1156 Θωμᾶς
1538 1087 1709 1137 πᾶσαν
1757 1084 1857 1150 τήν
1889 1082 2002 1136 Ἕω

346 1167 706 1249 παραλαϐὼν,
735 1172 822 1226 καὶ
857 1171 984 1233 τοὺς
1044 1176 1153 1226 τῶν
1213 1168 1500 1245 δημοσίων
1559 1171 1867 1248 πράκτορας
1898 1170 2004 1249 φὰ-

349 1283 459 1339 ρων
539 1262 627 1340 ὑφ’
692 1261 881 1317 ἑαυτὸν
941 1262 1334 1336 ποιησάμενος,
1393 1262 1484 1316 καὶ
1545 1259 1998 1340 μεγαλοφροσύνῃ

343 1353 436 1408 καὶ
496 1349 736 1408 έπιδόσει
804 1349 943 1426 ἄκρᾳ
998 1351 1380 1429 χρησάμενος,
1445 1350 1625 1413 πολὺς
1682 1349 1741 1405 ἐκ
1800 1353 2000 1424 μικροῦ

341 1445 533 1520 γέγονε
579 1440 670 1496 καὶ
729 1439 779 1510 ἐξ
838 1440 1093 1503 ἀσθενοῦς
1148 1439 1377 1517 ἰσχυρός
1429 1441 1556 1504 τοὺς
1617 1443 1711 1514 μὶν
1769 1441 1871 1514 γὰρ
1901 1439 2002 1513 ἦγε

341 1531 526 1586 πειθοῖ
553 1531 643 1584 καὶ
675 1527 855 1607 φιλία,
915 1529 1142 1592 ὁπόσοις
1174 1531 1203 1585 6
1232 1535 1343 1585 τῶν
1401 1534 1599 1585 καινῶν
1655 1549 1804 1604 πραη
1816 1529 2001 1602 μάτων

337 1620 430 1676 καὶ
459 1625 557 1676 τοῦ
588 1619 985 1700 φιλοπλουτεῖν
1009 1618 1152 1694 ἔρως
1187 1620 1332 1691 ένῆνς
1382 1618 1511 1682 τοὺς
1570 1616 1629 1674 δὶ
1674 1619 1880 1696 ἀναγκᾳ
1907 1617 2000 1672 καὶ

342 1711 440 1787 βίᾳ
469 1709 732 1786 δπήγετο,
787 1709 938 1771 ὁσοις
994 1705 1060 1778 δὴ
1124 1709 1194 1765 τὰ
1247 1715 1358 1764 τῶν
1416 1707 1705 1787 ἐμφυλίων
1761 1709 1997 1762 στάσεων

344 1799 481 1855 κατᾶ
535 1797 799 1872 ἐμισεῖτο.
853 1799 1128 1862 Ἐντεῦθεν
1178 1799 1229 1853 ot
1261 1797 1526 1879 ἐμφύλιοι
1584 1797 2002 1874 ἀναῤῥηγνύμε-

345 1910 432 1944 νοι
461 1887 725 1962 πόλεμοι,
783 1887 873 1942 καὶ
933 1887 1051 1942 οἶόν
1116 1908 1261 1950 τινες
1319 1893 1572 1962 ποταμοῦ
1631 1887 1997 1964 καταρράκται

352 1949 671 2056 φερόμενόι,
711 1949 821 2052 οὐχ
871 1973 1082 2045 ὕδασιν,
1149 1949 1279 2032 ἀλλ’
1336 1949 1527 2050 αἵμασι
1583 1979 1685 2046 τὴν
1741 1949 1842 2052 γὶῆιν
1871 1949 2080 2030 κατ--Β

355 2066 603 2137 ἑκλυζον.
652 2071 800 2121 Πᾶσα
834 2067 929 2140 μὲν
965 2064 1060 2120 οῦν
1091 2068 1126 2137 ἡ
1152 2065 1304 2124 Ἀσία
1354 2064 1703 2141 πορθουμένη
1753 2064 1842 2120 καὶ
1875 2064 2007 2136 ληϊ-

359 2156 566 2230 ζομένη
599 2153 952 2226 ἰδυσθανάτα,
1008 2159 1119 2211 τῶν
1188 2155 1240 2212 ἐν
1296 2155 1435 2229 αὐτῇ
1493 2153 1711 2210 πόλεων
1765 2157 1873 2208 τῶν
1916 2154 2011 2226 μὲν

361 2247 798 2319 προστιθεμένων
830 2249 911 2318 τῷ
941 2249 1112 2320 Θωμᾷ
1151 2242 1240 2300 διὰ
1271 2245 1366 2301 τὸν
1425 2239 1618 2324 φόϐον,
1667 2247 1778 2300 τῶν
1811 2241 1857 2298 δ’
1889 2241 2009 2298 ὅσαι

369 2336 441 2390 τὰ
463 2336 620 2390 πιστὰ
649 2339 725 2408 τῷ
780 2339 1070 2411 κρατοῦντι
1127 2335 1354 2409 ἐτήρουν
1402 2332 1864 2409 λεηλατουμένων
1920 2333 2011 2388 καὶ

365 2420 930 2499 ἀνδραποδιζομένων.
990 2424 1094 2480 Καὶ
1149 2424 1218 2480 τὰ
1279 2423 1374 2498 μὲν
1431 2430 1531 2493 τῆς
1585 2423 1772 2487 Ἀσίας
1802 2419 2013 2480 ἅπαντα

361 2513 580 2584 ὑπήκοα
608 2513 798 2590 γέγονε
825 2516 908 2586 τῷ
938 2514 1239 2588 ἀποστάτῃ,
1292 2511 1632 2589 ἒξῃρημένου
1688 2517 1786 2569 τοῦ
1844 2510 2014 2587 θέμα-

354 2623 450 2665 τος
479 2607 575 2658 τοῦ
605 2602 855 2678 Ὀψικίου
888 2603 1105 2678 (τούτου
1131 2604 1236 2681 γὰρ
1259 2607 1580 2679 στρατηγῶν
1624 2604 1652 2658 6
1688 2600 2011 2672 Κατάκηλας

357 2690 676 2768 διετήρησεν
720 2693 849 2768 ἄχρι
887 2690 1088 2755 τέλους
1117 2697 1198 2766 τῷ
1261 2691 1480 2768 βασιλεῖ
1531 2689 1790 2766 εὔνοιαν),
1845 2689 1924 2747 ἔτι
1956 2688 2015 2746 δὲ

352 2781 447 2837 καὶ
479 2785 576 2838 τοῦ
605 2787 715 2838 τῶν
749 2783 1142 2858 ’Λρμενιακῶνο
1190 2782 1281 2838 καὶ
1323 2782 1520 2838 τούτου
1575 2782 1679 2857 γὰρ
1713 2783 2017 2856 στρατηγὸς

355 2869 430 2926 ὢν
465 2872 493 2926 ὁ
525 2867 818 2934 Ὀλϐιανὸς
849 2870 1062 2926 εὔνοιαν
1095 2869 1330 2947 ἐτήρησε
1359 2875 1439 2944 τῷ
1484 2870 1720 2946 βασιλεῖ.
1770 2871 2018 2932 Οῖστισιν

353 2959 648 3035 ἀπονέμων
710 2955 946 3034 ἀμοιϐὰς
994 2961 1022 3015 6
1070 2958 1328 3035 βασιλεὺς
1357 2963 1421 3014 τὸ
1478 2959 1556 3024 είς
1606 2959 1670 3014 τὸ
1733 2957 2018 3035 βασιλικὸν

360 3057 612 3127 ταμιεῖον
668 3052 1023 3130 εἰσαγόμενον
1082 3050 1352 3126 δημόσιον
1410 3050 1610 3122 τέλος,
1669 3051 1698 3106 ’ὀ
1755 3051 2018 3106 καπνικὸν

364 3139 551 3197 καλεῖν
603 3141 853 3197 εῗώθασιν
889 3190 903 3214 ,
964 3139 1319 3218 ἐδωρήσατο.
1385 3143 1726 3199 Μανθάνουσι
1785 3139 1842 3196 δὲ
1897 3145 2016 3205 τοῖς

373 3231 688 3306 Ἀγαρηνοῖς
715 3232 814 3302 τὴν
874 3229 1146 3310 ἐμφύλιον
1214 3229 1396 3286 στάσιν
1455 3231 1674 3310 χαὶρειν
1735 3229 1892 3306 έπῂει
1923 3232 2012 3286 καὶ

374 3325 584 3394 σκιρτᾷν
620 3340 633 3354 ·
693 3325 889 3395 καιροῦ
940 3321 1041 3396 γάρ
1102 3314 1403 3395 λαϐόμενοι
1461 3326 1634 3376 πᾶσαν
1692 3326 1858 3390 νῆσον
1913 3319 2004 3375 καὶ

361 3410 550 3489 χώραν
577 3410 906 3487 κατέτρεχον
935 3407 1128 3474 ἀδεὼς.
1180 3414 1268 3485 [Ρ.
1327 3413 1453 3485 501]
1489 3411 1675 3474 Δείσας
1710 3409 1802 3466 οὗν
1832 3411 1860 3465 ὁ
1891 3417 2009 3466 Θω-

363 3505 466 3575 μᾶς
495 3503 567 3566 ὡς
603 3505 678 3578 μή
730 3505 1052 3574 πτοηθέντες
1111 3505 1163 3558 οἱ
1194 3503 1290 3558 σὺν
1343 3504 1494 3577 αὐτῷ
1551 3507 1877 3579 στρατιῶται
1909 3504 2010 3574 τήν

353 3596 460 3646 τῶν
487 3592 797 3668 Ἀγαρηνῶν
841 3589 1058 3671 ἔφοδον,
1093 3591 1262 3665 λείαν,
1329 3592 1403 3655 ὠς
1463 3590 1701 3668 εἷ’ρησαι,
1741 3592 2008 3667 ποιουμέ-

354 3701 462 3736 νων
523 3681 696 3737 πάντα
751 3683 820 3737 τα
873 3681 924 3736 έν
981 3681 1111 3736 ποσὶ
1196 3681 1287 3736 καὶ
1357 3679 1884 3756 αἶχμαλωτιζόντων
1941 3682 2009 3737 τὰ

349 3770 766 3846 προστυχόντα,
814 3769 1204 3834 καταλιπόντες
1262 3772 1428 3827 αὑτὸν
1489 3771 1833 3847 οἰχήσονται,
1888 3769 2007 3827 δέον

353 3857 576 3936 ἐγνώκει
603 3859 740 3922 τέως
770 3860 1120 3936 ἀναχαιτίσαι
1177 3861 1277 3930 τήν
1331 3861 1510 3916 αὑτῶν
1553 3861 1733 3936 ὁρμῆν
1766 3857 1834 3914 δι’
1884 3859 2004 3916 ἐπι-

355 3950 572 4026 φανείας
622 3948 808 4021 αύτοῦ,
857 3951 948 4005 καὶ
980 3955 1059 4024 τῷ
1105 3949 1311 4021 πλήθει
1357 3953 1465 4006 τῶν
1524 3949 1806 4022 ἑπομένων
1841 3948 2006 4004 δυνά-

356 4061 501 4113 μεων
541 4039 811 4113 έκπλῆξαί
866 4063 925 4098 τε
979 4041 1236 4118 καὶπρὸς
1300 4041 1525 4117 εῗρήνην
1585 4040 1783 4103 αὐτοὺς
1843 4040 1999 4097 ἐκκα-

352 4128 627 4188 λέσάσθαι.
658 4133 726 4190 Ὀ
765 4131 855 4187 καὶ
914 4127 1130 4204 συνέϐη⁶
1173 4133 1292 4206 ἄρτι
1353 4131 1457 4209 γὰρ
1517 4137 1633 4193 τοῖς
1666 4136 2000 4206 Σαρακηνοῖς

345 4221 447 4288 τήν
478 4221 593 4278 Ἕω
651 4219 1005 4295 ληϊζομένοις
1062 4218 1335 4301 αἰφνίδιος
1392 4221 1668 4299 έπιφανεῖς
1717 4218 1995 4294 ἐξέπληξε,

344 4307 436 4364 καὶ
465 4308 542 4372 εἷς
573 4308 774 4386 λόγους
834 4309 1006 4367 ἐλθὼν
1065 4310 1368 4381 ἐσπείσατο,
1431 4311 1809 4386 ὑποσχόμενος
1850 4329 2000 4385 προ-

345 4393 528 4453 δοῦναι
555 4397 776 4460 τούτοις
829 4399 896 4456 τᾶ
951 4399 1239 4474 Ῥωμαίων
1300 4399 1445 4474 ὅρια,
1503 4400 1594 4454 καὶ
1661 4401 1761 4468 τήν
1819 4399 1996 4454 αὐτῶν

343 4484 528 4550 αὐτοῖς
563 4488 878 4564 ὑποχείριον
913 4486 1094 4545 θέσθαι
1142 4489 1342 4565 ἀρχήν.
1416 4487 1750 4564 Ἀπαλαγεῖς
1798 4484 1855 4543 δὲ
1899 4491 1999 4544 τοῦ

339 4574 449 4630 ἀπὸ
479 4576 692 4633 τούτων
724 4575 861 4640 δέως
905 4577 1134 4655 βασιλέα
1195 4579 1382 4634 ἑαυτὸν
1443 4578 1630 4633 ἀνεῖπε
1685 4578 1776 4632 καὶ
1809 4574 1998 4648 διάδη-

1497 411 2042 477 HISTORIARUM
2088 409 2621 472 COMPENDIUM

3644 423 3767 483 962

1644 545 1707 603 Ὁ
1793 547 1992 617 Θωμᾶς
2024 547 2076 614 Α
2105 543 2482 616 publicorum
2515 543 2868 600 tributorum
2899 545 3274 603 exactoribus
3305 548 3366 604 in
3397 567 3563 610 suam
3593 556 3767 614 reda-

2113 634 2222 688 ctis
2253 639 2627 704 potestatem,
2651 634 2833 690 animi
2866 635 3278 706 magnitudine
3310 638 3458 694 877
3495 649 3552 696 et
3585 647 3764 702 rebus

2113 722 2564 778 secundissimis
2595 739 2762 792 usus,
2795 740 3046 797 magnus
3093 726 3166 781 de
3214 743 3392 798 parvo
3411 727 3602 802 deque
3654 735 3766 791 im-

2111 811 2323 868 becillo
2356 819 2570 886 potens
2602 813 2791 870 factus
2817 821 2925 883 est,
2959 815 3106 872 alios
3148 817 3345 874 favore
3402 820 3513 875 sibi
3548 827 3604 877 et
3633 841 3770 896 per-

2113 901 2418 957 suadendo
2441 902 2792 975 adjungens,
2817 920 2965 976 quos
2982 923 3182 962 rerum
3206 924 3491 965 novarum
3511 917 3569 966 et
3591 929 3768 984 opum

2113 991 2407 1062 cupiditas
2448 993 2501 1046 ei
2530 992 2904 1057 conciliabat,
2939 994 3086 1050 alios
3115 997 3166 1050 vi
3200 997 3498 1070 subigens,
3549 1002 3769 1072 quibus

2110 1079 2373 1135 civilium
2407 1081 2698 1136 bellorum
2731 1082 2887 1138 mala
2914 1100 3091 1139 exosa
3131 1093 3321 1142 erant.
3357 1090 3435 1143 Eo
3484 1089 3656 1145 initio
3687 1091 3768 1146 ci-

2110 1168 2252 1224 vilia
2300 1169 2456 1224 bella
2489 1186 2737 1241 erupere
2793 1178 2850 1226 et
2879 1174 3048 1242 quasi
3109 1175 3376 1231 ﬂuminis
3435 1179 3772 1249 praecipites

2111 1257 2397 1315 decursus
2425 1261 2683 1328 ruentia,
2708 1278 2828 1317 non
2889 1279 3044 1334 aqua
3102 1265 3206 1320 sed
3262 1267 3551 1338 sanguine
3583 1273 3773 1325 terras

2110 1347 2569 1406 inundaverant.
2603 1352 2746 1406 Tota
2771 1352 2912 1408 Asia
2941 1354 3372 1410 vastationibus
3415 1372 3483 1411 ac
3539 1356 3771 1429 deprss-

2109 1437 2448 1494 dationibus
2466 1440 2683 1496 misere
2696 1441 3348 1514 afﬂigebatur,urbibus
3369 1445 3500 1500 aliis
3523 1447 3608 1501 Th
3621 1465 3772 1502 omos

2108 1543 2170 1582 se
2207 1528 2280 1583 ob
2313 1535 2541 1584 metum
2573 1530 3062 1604 adjungentibus,
3095 1532 3230 1587 aliis
3263 1533 3423 1604 quod
3455 1533 3634 1590 ﬁdem
3660 1537 3770 1592 imo

2112 1618 2371 1688 peratori
2433 1625 2740 1674 servarent
2789 1619 3038 1691 direptis
3069 1626 3248 1692 atque
3306 1622 3367 1678 in
3424 1624 3770 1680 servitutem

2109 1707 2280 1762 actis.
2315 1707 2543 1762 Potitus
2577 1714 2666 1762 est
2704 1713 2916 1764 auctor
2961 1709 3306 1766 rebellionis
3337 1717 3461 1766 tota
3487 1713 3643 1782 Asia,
3680 1731 3773 1770 so-

2109 1795 2181 1857 lis
2213 1796 2546 1867 Opsicianis
2579 1802 2638 1851 et
2666 1797 3039 1852 Armeniacis
3079 1799 3357 1871 demptis,
3391 1818 3645 1872 quorum
3678 1804 3772 1858 his

2107 1884 2411 1951 Olbianus,
2443 1885 2561 1940 illis
2590 1886 2890 1942 Catacelas
2919 1887 3181 1958 praefecti
3210 1889 3284 1943 ad
3315 1895 3647 1948 extremum
3680 1910 3773 1948 us-

2113 1990 2228 2044 que
2267 1975 2328 2028 in
2385 1974 2500 2029 ﬁde
2531 1974 2907 2046 imperatoris
2944 1985 3485 2047 perseveraverunt.
3509 1979 3770 2052 Ideoque

2113 2063 2437 2134 imperator
2466 2064 2792 2120 referendas
2821 2066 3023 2138 gratia:
3046 2082 3224 2122 causa
3252 2068 3554 2139 publicum
3586 2072 3764 2126 vecti-

2115 2155 2230 2228 gal,
2266 2157 2425 2226 quod
2453 2157 2797 2213 Fumarium
2824 2158 3043 2214 dicitur
3072 2165 3130 2215 et
3159 2161 3220 2215 in
3253 2162 3530 2217 terarium
3562 2163 3774 2234 princi-

2116 2245 2208 2316 pis
2236 2245 2443 2300 inferri
2476 2245 2726 2315 solebat,
2761 2248 2832 2303 iis
2863 2248 3017 2303 dono
3037 2248 3219 2304 dedit.
3239 2251 3484 2306 Interim
3518 2252 3773 2324 Agareni

2117 2334 2273 2390 bello
2305 2335 2463 2390 civili
2505 2339 2910 2393 Romanorum
2941 2340 3173 2412 cognito
3205 2339 3420 2413 gaudio
3453 2342 3771 2408 exsultare,

2118 2441 2370 2498 eamque
2404 2427 2777 2483 occasionem
2811 2445 2977 2484 suam
3009 2429 3224 2495 facere,
3250 2435 3309 2485 et
3339 2447 3550 2486 omnes
3581 2433 3776 2504 regio-

2119 2532 2226 2571 nes
2257 2532 2463 2572 secure
2506 2517 2951 2574 incursionibus
2983 2518 3283 2586 infestare,
3323 2519 3492 2575 obvia
3523 2538 3774 2592 quaeque

2118 2604 2449 2678 depraedari
2482 2612 2540 2662 et
2571 2623 2800 2679 capere.
2828 2609 3035 2679 Itaque
3067 2613 3343 2665 metuens
3365 2611 3618 2666 Thomas
3640 2627 3713 2666 ne
3741 2628 3774 2666 a

2120 2697 2244 2752 suis
2274 2701 2438 2753 metu
2463 2698 2723 2769 impetus
2756 2700 3160 2770 Agarenorum
3189 2699 3410 2754 territis
3443 2701 3772 2764 deseretur.

2117 2786 2443 2858 reprimere
2475 2805 2598 2859 eos,
2630 2788 2823 2859 iisque
2855 2804 2990 2844 cum
3030 2788 3183 2844 878
3218 2789 3399 2844 tantis
3433 2791 3556 2845 suis
3587 2791 3774 2862 copiis

2121 2876 2596 2949 snperveniendo
2618 2882 2843 2933 terrere
2865 2878 3058 2950 adque
3083 2895 3290 2951 pacem
3313 2880 3778 2952 componendam

2119 2967 2356 3040 adigere
2390 2967 2665 3023 intendit.
2698 2970 2891 3039 Atque
2947 2967 3008 3023 id
3059 2969 3378 3025 consilium
3435 2971 3725 3025 successit
3760 2987 3771 3024 :

2121 3055 2315 3110 subito
2366 3056 2526 3112 enim
2560 3057 2984 3130 superveniens
3013 3059 3301 3130 Agarenis
3330 3059 3631 3115 Orientem
3667 3076 3767 3130 po-

2107 3145 2466 3218 pulantibus
2489 3163 2590 3202 eos
2613 3147 2844 3211 terruit,
2877 3147 3198 3218 habitoque
3231 3148 3530 3220 colloquio
3563 3165 3767 3220 pacem

2123 3235 2676 3308 pepigit,pollicitus
2700 3252 2763 3291 se
2787 3237 2936 3292 fines
2952 3237 3350 3292 Romanorum
3373 3237 3518 3309 ipsis
3539 3237 3771 3310 subjec-

2046 3308 2089 3374 (ἶ
2124 3325 2451 3383 taditurum
2485 3327 2924 3400 imperiumque
2949 3329 3280 3383 Romanum
3311 3308 3455 3400 ipsis
3488 3308 3776 3399 subjecta-

2118 3431 2270 3471 rum.
2303 3415 2558 3472 Proinde
2591 3420 2755 3471 metu
2779 3418 3180 3488 Agarenorum
3207 3416 3496 3472 liberatus
3525 3417 3779 3488 impera-

2121 3505 2266 3560 toris
2297 3521 2518 3560 nomen
2577 3505 2691 3561 sibi
2751 3506 3062 3577 arrogavit,
3121 3505 3400 3562 diadema
3456 3522 3563 3561 suo
3597 3507 3772 3578 capiti

2119 3593 2422 3666 imposuit,
2458 3598 2663 3665 estque
2721 3594 3052 3650 Antiochia:
3085 3594 3158 3650 ab
3190 3595 3322 3666 ejus
3352 3595 3636 3666 temporis
3666 3610 3773 3666 pa-

2118 3688 2276 3739 store
2310 3683 2586 3739 Ecclesia:
2617 3683 3006 3740 Antiochenaa
3035 3683 3181 3739 Jobo
3214 3684 3540 3756 imperator
3571 3684 3770 3740 decla-

2117 3779 2300 3830 ratus.
2337 3774 2574 3830 Manum
2607 3791 2786 3845 porro
2847 3773 3106 3830 militum
3163 3774 3414 3830 validam
3479 3791 3613 3831 cum
3648 3775 3773 3846 ipse

2115 3863 2305 3934 coegit
2318 3867 2443 3918 tum
2467 3863 2538 3918 ab
2553 3865 2837 3935 Agarenis
2854 3863 3100 3934 accepit,
3129 3880 3248 3918 non
3267 3880 3335 3918 ex
3360 3865 3580 3919 nostris
3593 3865 3770 3919 modo

2112 3951 2321 4006 vicinis
2344 3951 2679 4018 collectam,
2703 3951 2802 4006 sed
2831 3953 3008 4007 etiam
3033 3967 3101 4006 ex
3132 3952 3576 4021 remotioribus,
3611 3955 3780 4025 Egy-

2113 4040 2275 4112 ptiis,
2309 4039 2492 4106 Indis,
2526 4039 2743 4108 Persis,
2777 4041 3054 4111 Assyriis,
3100 4042 3420 4110 Armeniis,
3453 4041 3769 4108 Chaldaeis,

2114 4129 2323 4196 Iberis,
2355 4129 2569 4193 Zichis,
2595 4128 2841 4183 Cabiris.
2869 4130 2969 4184 His
3001 4130 3278 4185 omnibus
3304 4133 3572 4186 munitus
3594 4135 3774 4202 atque

2115 4220 2366 4291 stipatus
2399 4219 2690 4290 optimum
2721 4219 2942 4274 factum
2968 4219 3480 4275 existimaviteum
3504 4221 3564 4274 in
3584 4220 3769 4275 filium

2112 4309 2456 4382 adaptatum
2482 4308 2715 4380 imperii
2741 4308 2968 4363 socium
2993 4308 3446 4381 adjutoremque
3477 4309 3768 4366 asciscere

2113 4406 2170 4456 et
2199 4416 2416 4455 nomen
2451 4404 2700 4454 mutare.
2743 4397 2882 4453 lnde
2938 4399 3236 4470 profectus
3295 4405 3484 4455 totum
3541 4401 3770 4456 ferebat

2111 4490 2440 4562 agebatque
2507 4488 2830 4544 Orientem.
2889 4489 3218 4561 Imperator
3264 4490 3356 4545 his
3393 4489 3664 4562 cognitis,
3704 4506 3768 4546 se

2110 4595 2348 4651 quoque
2381 4577 2455 4634 ad
2480 4577 2878 4632 resistendum
2894 4577 3054 4633 bello
3069 4579 3316 4650 paravit,
3336 4580 3656 4651 copiasque
3670 4595 3770 4634 ne-

343 4685 419 4737 μα
446 4666 520 4737 τῇ
555 4665 769 4745 κεφαλῇ
826 4667 1128 4743 περιέθετο,
1181 4667 1273 4722 καὶ
1306 4666 1661 4742 αὐτοκράτωρ
1695 4666 1748 4722 έν
1777 4669 1997 4724 Ἀντιο-

2114 4684 2415 4740 quaquam
2448 4665 2760 4722 certamini
2794 4682 2968 4737 pares
2999 4684 3134 4722 cum
3165 4667 3314 4723 duce
3342 4668 3543 4724 emisit
3571 4685 3584 4736 ;
3620 4685 3768 4740 quas

339 4753 468 4829 χείᾳ
521 4755 907 4832 ἀναγορεύεται
967 4757 1112 4832 παρᾶ
1162 4761 1261 4812 τοῦ
1315 4761 1612 4828 τηνικαῦτα
1669 4758 1768 4826 τήν
1830 4756 2003 4812 ἐκεῖσε

338 4844 731 4918 ποιμαίνοντος
759 4847 1088 4919 Ἐκκλησίαν
1150 4842 1300 4905 Ἰώϐ.
1358 4852 1533 4923 Χεῖρα
1565 4845 1621 4902 δὲ
1646 4844 1864 4916 πολλὴν
1899 4846 1997 4902 αύ-

337 4931 432 4995 τός
458 4955 515 4990 τε
547 4933 804 5011 συλλέγει
837 4938 925 4993 καὶ
983 4938 1131 5014 παρὰ
1187 4941 1298 4993 τῶν
1355 4938 1672 5015 Ἀγαρηνῶν
1703 4931 1996 5011 Λαμϐάνει,

338 5021 403 5077 ού
438 5024 604 5097 μόνον
636 5022 695 5081 δὶ
721 5030 830 5081 τῶν
881 5027 1191 5102 προσοίκων
1246 5029 1407 5102 ἡμῖν,
1467 5024 1615 5082 αλλᾶ
1670 5028 1759 5082 καὶ
1795 5032 1902 5083 τῶν
1936 5024 1997 5082 ἔκ

333 5117 437 5182 τῆς
468 5113 693 5188 περαίας
722 5115 1063 5189 Λῖγυπτίων,
1096 5113 1303 5190 Ἰνδῶν,
1357 5121 1602 5190 Περσῶν,
1663 5117 1993 5191 Ἀσσυρίων,

331 5201 664 5275 Ἀρμενίων,
691 5201 1007 5275 Χαλδαίων,
1040 5200 1296 5281 Ἰϐήρων,
1351 5209 1567 5280 Ζικχῶν
1611 5209 1718 5279 (70)
1748 5205 1838 5261 καὶ
1874 5208 1992 5262 Κα-

2112 4772 2467 4829 congressus
2487 4754 2694 4827 prmlio
2713 4755 2968 4810 Thomas
2988 4757 3226 4828 penitus
3249 4757 3574 4829 dissipavit,
3599 4763 3765 4829 parte

2107 4847 2326 4909 occisa,
2357 4844 2601 4916 partein
2616 4843 2812 4914 fugam
2829 4845 3118 4916 conjecta.
3153 4847 3292 4901 Post
3323 4846 3765 4902 haeclicentiam

2105 4940 2317 4991 nactus
2350 4949 2487 4988 suas
2516 4932 2770 4988 validius
2789 4935 3184 5000 confirmavit,
3208 4951 3384 4990 naves
3407 4935 3481 4991 ad
3506 4952 3766 5007 pugnam

2105 5025 2373 5095 aliasque
2405 5022 2707 5078 frumento
2744 5027 2804 5078 et
2851 5023 3020 5094 equis
3051 5023 3335 5080 vehendis
3366 5029 3534 5095 aptas
3591 5041 3763 5080 cons-

2105 5120 2331 5172 truens.
2366 5112 2520 5178 Quin
2580 5117 2638 5167 et
2693 5111 3138 5183 imperatoriam
3197 5112 3350 5167 879
3409 5113 3662 5168 classem
3697 5115 3760 5169 in

2104 5221 2272 5260 suam
2303 5205 2656 5274 potestatem
2684 5200 2930 5273 redegit,
2963 5217 3286 5272 omnesque
3317 5218 3498 5256 naves
3524 5201 3598 5257 ad
3631 5202 3762 5258 Les-

329 5283 522 5366 ϐήρων
553 5294 689 5368 (Ἡ).
719 5293 951 5358 Τούτοις
990 5295 1156 5350 ἅπασι
1207 5295 1623 5371 κατοχυρωθεῖς
1675 5296 1764 5350 καὶ
1799 5295 1987 5351 ἑαυτὸν

2114 5311 2242 5350 eum
2276 5291 2675 5363 congregavit.
2703 5289 2925 5344 Deinde
2958 5306 3092 5346 cum
3124 5291 3422 5362 octoginta
3451 5290 3762 5348 hominum

1543 5425 1903 5480 XYLANDRI
1940 5425 2028 5480 ET
2061 5421 2279 5478 GOARI
2316 5418 2539 5474 NOTAE.

405 5518 516 5600 (ἶο)
547 5521 709 5578 Inter
727 5525 1046 5600 V_Sarmatas
1083 5525 1376 5600 Asiaticos
1419 5524 1662 5600 Ξίγχους
1713 5527 1992 5600 numerat

331 5589 686 5667 Plolemaaus
716 5597 921 5667 Geogr.
955 5600 1008 5664 5,
1043 5600 1094 5653 9.
1150 5599 1375 5664 Russis,
1411 5589 1680 5652 Cha'saris
1712 5601 1770 5650 et
1800 5595 1989 5650 Patzi-

2173 5522 2287 5586 (Ἠ)
2323 5517 2440 5570 Hos
2473 5515 2702 5587 Scythis
2735 5513 3003 5586 adjungit
3034 5515 3369 5586 Stephanus
3400 5535 3468 5574 ex
3517 5523 3764 5574 senten-

2100 5593 2185 5647 tia
2212 5587 2460 5644 Eudoxi.
2523 5586 2782 5644 Cabaros
2837 5593 3006 5642 vocat
3062 5589 3489 5647 Constantinus
3520 5609 3570 5647 c.
3605 5593 3672 5647 39
3705 5598 3764 5648 et

327 5662 583 5721 nacibus
614 5662 1025 5724 Chersonesiis
1067 5669 1293 5726 vicinos
1352 5662 1508 5726 locat
1562 5667 1989 5724 Constantinus
2097 5667 2168 5719 40
2197 5663 2371 5717 (ΞοΑιι.

327 5750 385 5790 c.
413 5736 474 5804 6,
501 5751 723 5811 eosque
752 5740 956 5814 Ζίχους
983 5747 1170 5799 vocat.
1195 5742 1367 5798 (ἴση.
