4112 6434
349 390 466 451 963

1672 379 1990 444 GEORGII
2035 337 2379 445 cannam

3651 389 3776 451 964

351 522 619 582 millibus
640 522 915 595 Abydum
934 522 1128 595 petiit,
1151 520 1289 577 inde
1316 518 1696 590 trajecturus,
1713 517 1773 572 in
1790 517 1997 572 itinere

2117 517 2449 596 περιφράξας
2493 516 2712 594 ἄριστον
2765 518 3013 593 ἐνόμισεν
3073 523 3208 575 εἶναι
3265 519 3357 581 καὶ
3418 523 3622 596 βοηθὸν
3675 522 3773 579 καὶ

354 614 558 670 omnia
588 612 923 686 populatus,
955 613 1136 682 inque
1167 612 1430 666 cinerem
1462 608 1717 664 redactis
1746 623 1869 662 non
1899 607 2004 661 hu-

354 704 596 760 milibus
618 702 794 759 modo
811 706 871 757 et
890 706 1061 772 captu
1086 699 1374 759 facilibus.
1407 698 1513 754 sed
1542 702 1601 753 et
1622 697 1750 752 loco
1776 696 2001 768 optimo

353 793 485 849 sitis
515 809 581 847 ac
612 794 948 863 expugnatu
982 789 1324 844 difficilimis
1379 788 1607 844 castris.
1641 787 1782 841 Erat
1810 783 2002 856 quod-

352 880 488 937 dam
521 880 832 935 castellum
856 878 1150 932 munitum
1182 877 1296 932 loci
1318 882 1552 939 natura.
1598 875 1757 947 quod
1799 875 2000 945 impe-

349 970 532 1026 ratori
554 969 730 1024 ﬁdem
750 967 1040 1022 servabat.
1065 966 1153 1023 Ad
1174 968 1286 1022 hoc
1307 965 1664 1037 capiendum
1688 963 2000 1035 adoptivus

349 1060 452 1114 ille
484 1057 645 1112 ﬁlius
675 1057 911 1112 Thomas
941 1072 976 1111 ει
996 1062 1165 1128 patre
1194 1055 1433 1124 missus,
1466 1055 1607 1111 dum
1639 1053 1922 1111 audacius
1944 1057 2003 1108 et

349 1147 517 1205 nullo
550 1163 792 1227 suorum
827 1147 1121 1202 instructo
1153 1146 1365 1202 ordine
1423 1146 1673 1217 equitat,
1729 1143 2002 1199 hostibus

350 1237 580 1294 nudum
639 1235 952 1291 castellum
1011 1236 1308 1308 opinatus,
1367 1236 1430 1291 in
1486 1233 1733 1291 insidias
1772 1230 2003 1288 Olbiani

351 1327 631 1400 delapsus
662 1331 891 1382 atroces
914 1326 1269 1382 temeritatis
1289 1341 1492 1398 poenas
1523 1324 1705 1380 dedit.
1734 1323 1881 1378 Nam
1913 1336 2004 1377 ca-

344 1423 454 1491 put
473 1417 605 1489 ejus
618 1420 971 1487 praesectum
986 1415 1271 1472 Olbianus
1287 1414 1361 1471 ad
1380 1411 2000 1486 imperatorem,isque

346 1508 425 1563 ad
450 1506 737 1561 Thomam
759 1494 1040 1560 ferociter
1059 1521 1127 1560 ac
1143 1503 1397 1577 superbe
1417 1502 1793 1559 invadentem
1812 1499 2000 1556 misit.

345 1597 602 1652 Thomas
635 1594 743 1649 ﬁlii
775 1594 966 1666 capite
999 1600 1237 1666 accepto
1267 1593 1417 1649 nihil
1465 1592 1538 1648 de
1569 1590 1794 1647 ferocia
1824 1589 2000 1645 dimi-

346 1703 561 1755 nuens,
595 1701 629 1740 a
656 1685 785 1740 loco
817 1684 911 1739 cui
943 1684 1292 1740 Horcosium
1332 1684 1390 1755 (a
1412 1682 1795 1755 juramentis,
1817 1684 1885 1736 ut
1912 1678 2000 1733 vi-

346 1777 542 1849 detur)
574 1792 795 1832 nomen
846 1779 936 1830 est
991 1774 1053 1828 in
1079 1773 1389 1829 Thraciam
1419 1771 1660 1844 trajicit,
1694 1775 1868 1827 nocte
1926 1767 2003 1824 ad

346 1870 461 1925 hoc
492 1884 657 1935 usus,
691 1881 808 1936 qua
839 1864 982 1919 luna
1012 1863 1087 1919 ob
1118 1879 1291 1919 suum
1320 1879 1457 1919 cum
1480 1861 1606 1917 sole
1636 1860 1857 1915 coitum
1879 1873 2003 1913 non
2030 1892 2079 1958 Β

344 1960 520 2015 lucet.
566 1959 783 2013 Verum
804 1972 875 2011 ea
902 1966 997 2010 res
1030 1954 1314 2010 Michaelo
1345 1970 1503 2009 cura:
1542 1951 1774 2017 fuerat;
1816 1954 2002 2020 utque

344 2048 477 2120 ejus
506 2046 825 2102 adventum
856 2044 1230 2116 praeveniret,
1253 2042 1432 2099 urbes
1463 2038 2000 2107 refecerat,milites

344 2138 820 2202 conﬁrmaverat,
843 2139 902 2189 et
923 2134 1054 2189 loca
1074 2132 1407 2188 infirmiora
1425 2131 1778 2187 muniverat.
1804 2130 2003 2193 Quan-

346 2244 527 2301 quam
560 2226 791 2282 nullum
814 2226 945 2297 ejus
966 2222 1289 2296 diligentias
1328 2222 1585 2277 fructum
1608 2221 1783 2292 cepit.
1816 2216 2004 2274 Simul

348 2319 508 2373 enim
532 2322 710 2388 atque
732 2316 806 2371 ad
827 2314 1038 2370 urbem
1058 2313 1237 2369 rediit
1258 2313 1389 2368 etin
1417 2311 1727 2367 Thraciam
1748 2309 2002 2364 Thomas

349 2407 599 2480 appulit,
632 2404 895 2461 universi
921 2403 993 2458 ab
1026 2403 1387 2475 imperatore
1417 2401 1493 2457 ad
1522 2402 1807 2455 Thomam
1838 2397 2001 2454 defe-

348 2500 561 2552 cerunt
618 2493 806 2566 parati
856 2508 992 2548 cum
1042 2509 1111 2547 eo
1139 2491 1349 2564 Cpolin
1379 2494 1785 2563 oppugnatum
1818 2488 2005 2560 proﬁ-

351 2586 510 2643 cisci.
544 2586 895 2656 Imperator,
928 2587 1216 2653 quantum
1251 2581 1380 2652 ejus
1412 2580 1537 2636 ﬂeri
1588 2579 1802 2651 potuit,
1827 2594 2002 2633 exer-

349 2677 535 2733 citum
566 2675 907 2746 copiasque,
941 2671 1097 2728 880
1122 2677 1189 2726 ut
1215 2670 1545 2737 videbatur,
1599 2686 1719 2724 non
1751 2671 2004 2724 conten-

350 2765 579 2822 nendas
636 2762 958 2828 conduxit;
1020 2777 1240 2833 easque
1297 2760 1547 2817 ducibus
1616 2757 1888 2815 Catacela
1944 2762 2004 2812 et

349 2855 597 2913 Olbiano
628 2853 801 2911 factis
829 2857 1081 2924 tyranno
1115 2851 1345 2907 obviam
1385 2849 1567 2905 misit.
1620 2851 1733 2904 Res
1763 2862 2001 2919 quoque

348 2943 682 3001 maritimas
716 2957 951 2997 summo
1001 2945 1216 2995 conatu
1262 2938 1617 3011 procuravit.
1669 2935 1783 2992 Sed
1813 2936 2003 2990 instar

348 3032 633 3088 torrentis
664 3031 783 3087 alto
807 3035 1008 3086 monte
1038 3028 1414 3085 decurrentis
1447 3028 1685 3083 irruens
1708 3030 1999 3097 tyrannus

348 3124 601 3178 Thomas
642 3126 800 3177 terra
830 3122 1098 3192 marique
1146 3118 1440 3174 exercitus
1472 3115 1847 3189 imperatoris
1873 3130 2001 3186 pro-

349 3212 592 3285 ﬂigavit,
626 3215 977 3280 tantumque
1010 3209 1064 3265 ei
1091 3214 1375 3264 terrorem
1409 3205 1678 3271 incussit,
1710 3209 1778 3259 ut
1805 3205 1857 3259 is
1878 3203 1998 3259 fer-

2111 607 2362 682 συνεργὸν
2424 612 2525 673 τῆς
2582 609 2761 688 ἀρχῆς
2821 605 3249 682 προσλαϐέσθαι,
3309 613 3408 681 τήν
3454 632 3512 667 τε
3569 614 3764 668 ἑαυτοῦ

2109 694 2308 765 κλῆσιν
2384 695 2722 768 ἀλλάξασθαι
2780 700 2872 755 καὶ
2955 700 3069 754 υἱὸν
3155 699 3568 767 εἰσποιησασθαι
3628 706 3766 777 (72).

2111 789 2342 845 Ἐκεῖθεν
2423 789 2689 865 ὁρμηθεὶς
2763 792 2971 847 ἅπασαν
3024 788 3193 867 ἐδῂου
3250 792 3342 847 καὶ
3399 791 3614 868 ἐπόρθει
3662 795 3767 863 τὴν

2107 874 2433 946 Ἀνατολήν.
2466 880 2537 937 "A
2577 878 2644 947 δὴ
2704 881 2733 935 ὁ
2797 878 3101 955 βασιλεύων
3157 879 3414 952 ἀκηκοὼς
3473 882 3561 937 καὶ
3604 880 3768 944 αὐτὸς

2111 968 2248 1039 πρὸς
2282 967 2698 1043 ἀντιπαράταξιν
2761 970 3121 1046 ηύτρεπίσθη.
3185 971 3287 1027 Καὶ
3357 971 3612 1046 στρατιὰν
3673 972 3770 1027 καὶ

2110 1057 2412 1132 στρατηγὸν
2448 1057 2548 1113 οὐκ
2576 1056 2882 1133 ἀξιόμαχον
2914 1058 3051 1131 πρὸς
3111 1057 3270 1113 αὐτὸν
3317 1058 3669 1130 ἀποστέλλει,
3701 1058 3771 1135 ᾖ·

2107 1165 2215 1200 τινι
2273 1144 2559 1224 συῤῥάγεὶς
2605 1148 2864 1220 ὁΘωμᾶς
2921 1145 3085 1222 ἅρδθν
3143 1148 3392 1220 ἠφάνισε,
3447 1147 3612 1224 μέρος
3664 1149 3763 1221 μὲν

2107 1241 2209 1304 τῆς
2247 1232 2531 1308 δυνάμεως
2579 1235 2813 1307 ἀνελὼν,
2872 1237 2934 1291 τὸ
3001 1234 3048 1292 δ’
3104 1236 3244 1293 ἄλκο
3292 1240 3628 1314 τρεψάμενος
3684 1238 3762 1299 εἷς

2109 1326 2308 1402 φυγήν.
2343 1326 2440 1380 Καὶ
2491 1324 2685 1381 λοιπὸν
2746 1323 2929 1388 ἀδείας
2994 1325 3181 1402 τυχὼν
3231 1324 3489 1384 διετίθετο
3547 1329 3612 1384 τὰ
3641 1331 3765 1394 καθ’

2108 1415 2296 1470 ἑαυτὸν
2349 1415 2756 1490 κραταιότερον,
2816 1420 2945 1479 ναῦς
3002 1414 3272 1492 ἐξαρτύων
3310 1415 3620 1492 πολεμικὰς
3667 1420 3759 1475 καὶ

2110 1502 2293 1579 ἐτέρας
2342 1505 2683 1583 σιταγωγοὺς
2740 1505 2832 1561 καὶ
2888 1505 3266 1583 ἱππαγωγοὺς.
3318 1507 3528 1564 Γίνεται
3562 1507 3622 1565 δὲ
3677 1509 3771 1565 καὶ

2108 1597 2211 1650 τοῦ
2239 1591 2528 1670 βασιλικοῦ
2559 1591 2758 1650 στόλου
2795 1592 3004 1669 κύριος,
3062 1594 3153 1650 καὶ
3209 1596 3348 1670 πρὸς
3399 1597 3502 1667 τήν
3558 1594 3764 1654 Λέσϐον

2110 1684 2248 1740 ἅπαν
2276 1685 2523 1759 ἀθροίζει
2552 1684 2616 1740 τὸ
2644 1686 2915 1742 ναυτικὸν.
2975 1686 3151 1747 Αὐτὸς
3183 1683 3242 1742 δὲ
3272 1685 3420 1742 ὀκτὼ
3476 1685 3755 1762 μυριάδων

2111 1771 2300 1847 ἃρχων
2336 1777 2567 1849 στρατοῦ
2594 1774 2685 1828 ἐπὶ
2717 1769 2952 1831 Ἀϐυδον
3007 1775 3129 1843 ἥκει
3189 1776 3263 1837 ὡς
3322 1775 3522 1831 ἐκεῖθεν
3556 1776 3632 1840 είς
3659 1780 3762 1848 τὴν

2109 1859 2333 1937 περαίαν
2373 1856 2796 1936 διαϐησόμενος,
2855 1862 3024 1917 πάντὰ
3079 1862 3147 1919 τὰ
3206 1864 3258 1920 ἐν
3312 1863 3538 1939 παρόδῳ
3594 1887 3765 1922 κατα-

2111 1947 2360 2024 δραμὼν,
2391 1950 2480 2006 καὶ
2516 1948 2715 2006 σποδὸν
2747 1953 2987 2022 ποιήσας
3021 1949 3084 2007 ού
3149 1954 3216 2008 τὰ
3272 1955 3499 2009 ταπεινά
3554 1955 3646 2010 καὶ
3676 1955 3767 2011 εὑ-

2110 2038 2355 2113 χείρωτα
2409 2040 2499 2093 καὶ
2550 2038 2851 2110 εὐάλωτα,
2938 2038 3086 2097 ἀλλά
3155 2042 3245 2098 καὶ
3315 2043 3382 2098 τὰ
3437 2042 3767 2120 ἐπικρότατα

2110 2125 2542 2185 καὶδυσάλωτα.
2604 2130 2701 2187 Ἢν
2762 2126 2822 2185 δέ
2875 2152 2930 2186 τι
2990 2131 3200 2207 χωρίον
3257 2130 3491 2207 ἐρυμνὸν
3549 2136 3651 2203 τὴν
3682 2134 3763 2198 εἷς

2108 2217 2204 2272 τόν
2239 2216 2466 2292 βασιλέα
2508 2217 2689 2273 πίστιν
2740 2224 2965 2296 τηροῦν,
3024 2222 3117 2277 καὶ
3175 2218 3258 2277 ἐπ’
3319 2220 3468 2294 αὐτῷ
3523 2224 3617 2280 τὸν
3644 2224 3752 2279 εἷσ-

2108 2305 2339 2377 ποίητον
2400 2303 2664 2380 ἐκπέμπει
2725 2307 2865 2363 υἱόνο
2907 2309 2936 2364 6
2986 2306 3044 2363 δὲ
3093 2310 3334 2384 θρασέως
3384 2311 3757 2386 ἱππαζόμενος

2109 2393 2199 2449 καὶ
2230 2394 2473 2457 ἀτάκτως
2511 2400 2590 2468 τῷ
2618 2394 2822 2461 οἷέσθαι
2880 2397 3086 2472 γυμνὸν
3145 2398 3460 2457 ἀντιπάλων
3524 2402 3664 2457 εἶναι
3690 2402 3753 2457 τὸ

2111 2481 2320 2560 χωρίον
2345 2481 2507 2557 λόχῳ
2539 2480 2605 2553 δή
2636 2504 2745 2539 τινι
2793 2486 3110 2560 περιπίπτει
3164 2490 3261 2540 τοῦ
3322 2482 3633 2561 Ὀλϐιανοῦ,
3662 2489 3753 2544 καὶ

2108 2573 2208 2640 τήν
2266 2570 2514 2650 κεφαλὴν
2601 2572 2928 2646 ἐποτμηθεὶς
3012 2570 3179 2647 ἓματε
3252 2576 3331 2650 μὴ
3390 2577 3760 2653 θρασύνεσθαι.

2110 2663 2221 2730 Τὴν
2272 2662 2366 2733 μὶν
2412 2659 2654 2740 κεφαλὴν
2714 2667 2813 2718 τοῦ
2872 2660 3119 2719 διελαίου
3175 2662 3383 2721 ἐκείνου
3440 2665 3649 2742 ἔπεμψε
3684 2667 3766 2741 τῷ

2116 2750 2335 2827 βασιλεῖ
2363 2752 2390 2807 6
2432 2746 2720 2814 Ὀλϐιανὸς
2753 2750 2910 2814 οὗτος
2961 2750 3018 2808 δὶ
3063 2754 3229 2810 πάλιν
3277 2759 3446 2827 Θωμᾷ
3496 2755 3576 2828 τῷ
3623 2755 3764 2812 ἓκεί-

2109 2862 2202 2895 νου
2231 2841 2396 2915 πατρῖ
2431 2841 2566 2913 μετά
2626 2840 2977 2917 βρυάγματος
3039 2843 3280 2919 βαίνοντι
3333 2844 3424 2899 καὶ
3476 2842 3762 2921 μεγαλαυ-

2111 2930 2388 3005 χουμὲνῳ,
2435 2932 2639 3006 ⁰Ηνπερ
2669 2930 2828 2993 οὗτος
2887 2928 3197 3006 δεξάμενος,
3252 2933 3345 2989 καὶ
3399 2935 3540 2989 κατὰ
3590 2932 3760 3008 μηδὲν

2106 3025 2207 3076 τοῦ
2274 3023 2626 3099 φρονήματος
2688 3021 2972 3092 ὑπενδοὺς,
3030 3025 3167 3098 πρὸς
3225 3025 3325 3093 τήν
3388 3024 3602 3101 Θρᾴκην
3649 3026 3756 3081 ἀπὸ

2104 3115 2205 3166 τοῦ
2238 3112 2451 3185 χωρίου
2494 3111 2523 3166 ὃ
2554 3109 2812 3166 καλοῦσιν
2866 3113 3168 3188 Ὁρκώσιον
3224 3119 3565 3189 περαιοῦται,
3594 3114 3754 3170 νύκτα

2107 3202 2491 3276 κατατηρήσας
2548 3197 2861 3271 συνοδικήν.
2932 3203 3017 3276 [Ρ.
3076 3205 3203 3276 502]
3268 3203 3478 3277 ’Ἐμελε
3530 3200 3586 3259 δὲ
3631 3204 3755 3279 περὶ

348 3262 515 3356 ream
556 3262 827 3356 catenam
999 3262 1135 3353 arce
1271 3294 1609 3368 oppositum
1652 3262 1997 3364 oppidulum

2110 3262 2417 3361 whom-rip
2450 3288 2669 3364 βασιλεῖ
2698 3262 2953 3365 Μιχαήλῖ
2984 3290 3076 3346 καὶ
3120 3262 3223 3362 τὴιν
3281 3262 3485 3348 ἐκείνου
3542 3262 3757 3368 προλα-

348 3389 702 3457 extenderit,
735 3393 801 3443 ut
843 3386 1127 3443 interiore
1165 3385 1401 3441 hostem
1432 3383 1582 3439 mari
1615 3385 1863 3438 arceret.
1901 3380 1996 3435 Vi-

339 3480 515 3535 vebat
543 3484 666 3533 tum
700 3478 884 3548 Scyri,
910 3493 1041 3547 quae
1062 3491 1183 3530 una
1204 3473 1527 3545 Gycladum
1550 3470 1885 3526 insularum
1908 3473 1999 3525 est

342 3568 462 3623 dux
489 3568 755 3638 quidam,
794 3565 1002 3620 Leonis
1042 3562 1422 3634 imperatoris
1473 3559 1890 3625 consobrinus,
1925 3575 1994 3613 eo

337 3656 637 3728 relegatus
659 3671 694 3710 a
715 3652 1021 3713 Michaelo.
1047 3652 1203 3722 quod
1226 3651 1278 3706 ei
1301 3650 1525 3706 caedem
1549 3647 1760 3704 Leonis
1783 3646 1995 3718 saepius

335 3744 526 3799 libere
557 3743 617 3796 in
648 3742 863 3797 faciem
896 3739 1297 3813 exprobasset.
1358 3740 1525 3794 Hunc
1556 3737 1616 3791 in
1649 3736 1993 3791 societatem

338 3850 508 3889 suam
542 3831 834 3888 adscitum
864 3831 1118 3885 Thomas
1156 3828 1470 3885 duodecim
1517 3826 1758 3882 milibus
1790 3831 1992 3880 terrae-

340 3923 553 3978 strium
576 3921 879 3993 copiarum
903 3920 1174 3991 praeficit.
1197 3918 1459 3973 Classem
1483 3932 1720 3988 quoque
1744 3913 1994 3969 adornat

339 4010 644 4083 aliumque
666 4011 719 4066 ei
753 4009 978 4065 ducens
1010 4008 1279 4081 praeﬁcit.
1309 4008 1634 4078 Utrumque
1658 4005 1732 4061 ad
1758 4009 1995 4059 tentan-

336 4101 472 4156 dam
506 4100 716 4172 Cpolin
747 4099 931 4154 mittit
959 4097 1125 4169 quasi
1178 4111 1599 4168 prmcursores,
1634 4110 1705 4147 ex
1753 4110 1816 4148 re
1866 4093 1990 4147 fore

324 4189 630 4262 judicans,
668 4188 717 4243 si
748 4188 893 4242 urbs
923 4186 1101 4241 simul
1130 4190 1288 4240 terra
1314 4183 1586 4254 marique
1617 4198 1988 4254 oppugnare-

332 4284 453 4334 tur.
487 4279 633 4334 Cum
666 4282 722 4332 et
754 4282 1066 4332 terrestres
1098 4279 1156 4330 et
1188 4272 1427 4330 navales
1472 4271 1655 4342 c0piaa
1706 4271 1885 4327 simul
1915 4270 1989 4327 ad

333 4367 838 4424 Blachornensem
923 4370 1161 4438 portum
1219 4363 1649 4436 pervenissent,
1708 4367 1993 4433 perrupta

332 4459 529 4514 ferrea
586 4458 700 4513 ista
786 4460 998 4512 catena
1080 4454 1221 4510 urbs
1305 4452 1571 4523 undique
1660 4449 1990 4522 oppugnari

2110 3374 2221 3433 ὗὼν
2250 3378 2546 3454 περαίωσιν
2577 3378 2743 3440 αὑτὸς
2780 3378 2848 3434 τὰ
2909 3401 2968 3435 τε
3019 3379 3212 3445 πολεις
3270 3378 3613 3456 ἀνελάμϐανε
3666 3382 3761 3438 καὶ

2106 3464 2233 3528 τοὺς
2263 3466 2596 3540 στρατιώτας
2647 3465 2896 3542 ἐστήριζέ
2952 3466 3042 3523 καί
3104 3470 3173 3525 τὰ
3217 3470 3411 3540 ἀσθενῆ
3472 3474 3583 3526 τῶν
3640 3489 3762 3546 χω-

2110 3556 2243 3631 ρίων
2277 3555 2523 3630 ὠχύρου,
2556 3554 2655 3611 κᾶν
2709 3555 2879 3628 μηδὲν
2928 3555 2988 3613 ἐκ
3043 3565 3145 3629 τῆς
3203 3558 3458 3630 τοιαύτης
3515 3557 3761 3630 σπουδῆς

2109 3644 2382 3714 ἀπώνατο,
2426 3646 2541 3718 ἅμα
2566 3648 2636 3719 τῇ
2664 3643 2871 3703 ἐκείνευ
2902 3646 3038 3721 πρὸς
3068 3649 3166 3717 τήν
3224 3648 3387 3704 πόλιν
3439 3648 3760 3727 ὑποστροφῇ

2105 3735 2192 3791 καὶ
2234 3738 2303 3808 τῇ
2360 3739 2458 3789 τοῦ
2517 3736 2695 3808 ΙΙωμᾶ
2757 3737 3052 3810 περαιώσει
3116 3739 3332 3794 πάντων
3389 3740 3488 3809 τήν
3548 3737 3760 3795 ἐκείνου

2105 3825 2288 3881 πίστιν
2341 3828 2809 3901 ἁπαρνησαμένων
2902 3829 2989 3883 καὶ
3069 3830 3620 3908 προσκεχωρηκότων
3678 3835 3762 3904 τῷ

2104 3914 2383 3990 ἀποστάτῃ
2447 3915 2539 3970 καὶ
2603 3917 2721 3987 μετ’
2797 3916 2963 3972 αὐτοῦ
3020 3922 3401 3993 στρατεῦεσθαι
3460 3918 3595 3975 κατά
3649 3926 3753 3989 τῆς

2109 4001 2397 4081 βασιλίδος
2465 4005 2958 4080 προθυμουμένων.
3017 4007 3079 4064 Ὀ
3120 4005 3177 4062 δὲ
3211 4005 3468 4082 βασιλεὺς
3524 4009 3661 4065 κατὰ
3690 4008 3756 4064 τὸ

2105 4093 2385 4169 ἐγχωροῦν
2446 4094 2672 4168 στρατὸν
2733 4093 3002 4170 ἀγηοχὼς
3045 4094 3134 4151 καὶ
3177 4093 3406 4170 δύναμιν
3462 4102 3544 4170 τῷ
3576 4094 3756 4153 δοκείν

2102 4181 2388 4256 ἀξιόλογον
2437 4181 2886 4254 συστησάμενος,
2957 4185 3289 4259 στρατηγούς
3346 4206 3405 4240 τε
3460 4185 3757 4257 ἐπιστήσας

2103 4271 2240 4346 αὐτῇ
2276 4271 2368 4325 τόν
2396 4292 2454 4325 τε
2493 4270 2722 4345 ῥηθέντα
2788 4272 3113 4345 Κατάκηλαν
3168 4275 3258 4330 καὶ
3314 4276 3404 4330 τὸν
3440 4271 3752 4346 Ὀλϐιανὸν,

2103 4359 2365 4435 ἐπαφίησι
2417 4361 2555 4415 κατὰ
2610 4366 2709 4417 τοῦ
2763 4382 3047 4437 τυραννου.
3121 4362 3483 4437 Ἐπεμελεῖτο
3550 4361 3609 4419 δὲ
3661 4366 3756 4421 καὶ

2100 4455 2208 4505 τῶν
2241 4451 2377 4506 κατά
2418 4447 2717 4520 θάλασσαν,
2776 4451 2851 4514 ὡς
2907 4451 3132 4509 ἀνυστὸν
3159 4452 3249 4523 ἦν.
3307 4454 3510 4529 Ὠσπερ
3569 4452 3625 4509 δέ
3674 4475 3762 4517 τις

335 4552 528 4619 οιεριει
584 4552 693 4601 est.
754 4543 1104 4616 Supervenit
1177 4542 1354 4614 paulo
1411 4546 1546 4613 post
1602 4540 1782 4594 etiam
1839 4540 1992 4595 Tho-

2106 4538 2405 4615 χείμαρρος
2460 4537 2512 4610 ἐξ
2572 4539 2800 4614 ὑψηλῶν
2881 4538 3049 4615 ὀρέων
3106 4544 3134 4599 6
3180 4543 3439 4619 τύραννος
3504 4540 3750 4601 ἐπελθὼν

334 4653 485 4691 mas.
565 4634 843 4700 Quamvis
901 4639 1099 4689 autem
1153 4631 1363 4687 urbem
1421 4629 1686 4699 undique
1748 4635 1988 4684 strenue

2106 4632 2199 4700 τήν
2230 4650 2288 4684 τε
2338 4630 2474 4686 κατὰ
2530 4632 2729 4706 χέρσον
2782 4628 3011 4705 δύναμιν
3064 4632 3155 4688 καὶ
3212 4635 3312 4703 τὴν
3365 4636 3504 4691 κατὰ
3552 4635 3762 4691 θάλασ-

334 4729 732 4797 oppugnaret,
766 4723 917 4778 nihil
952 4728 1151 4778 tamen
1173 4718 1559 4775 memorabile
1581 4718 1857 4774 effectum
1883 4722 1989 4788 est,

333 4815 408 4870 iis
444 4813 546 4885 qui
582 4800 747 4869 intust
774 4817 944 4869 erant
972 4811 1208 4867 fortiter
1236 4807 1747 4880 propugnantibus
1777 4814 1836 4862 et
1866 4825 1988 4865 ma-

334 4906 550 4962 chinas
581 4905 727 4961 88!
784 4900 1248 4975 oppugnatorias
1295 4897 1747 4970 repellentibus.
1779 4898 1989 4969 Spera-

335 4998 500 5050 verat
528 4995 690 5050 enim
729 4993 981 5048 Thomas
1032 4989 1165 5052 sibi,
1223 4988 1400 5042 simul
1449 4992 1624 5059 atque
1674 4986 1748 5043 ad
1778 4988 1990 5044 urbem

336 5083 703 5149 accessisset,
736 5098 772 5136 a
792 5080 1016 5137 civibus
1046 5078 1181 5134 odio
1216 5076 1486 5132 Michaeli
1529 5081 1729 5148 portas
1760 5092 1992 5134 resera-

336 5180 462 5229 tum
521 5173 632 5239 iri;
700 5173 902 5242 itaque
943 5174 1003 5224 et
1053 5166 1397 5240 Gregorium
1470 5164 1863 5237 praemiserat,
1902 5166 1991 5221 uti

333 5263 673 5333 retulimus,
708 5262 955 5333 ipseque
986 5273 1122 5314 cum
1154 5256 1430 5313 omnibus
1454 5255 1640 5325 copiis
1672 5259 1731 5310 et
1760 5254 1993 5326 adopti-

334 5351 415 5406 tio
448 5351 572 5406 filio
607 5366 714 5405 suo
755 5348 1086 5413 Anastasio,
1120 5346 1221 5416 qui
1252 5361 1464 5400 recens
1496 5343 1612 5398 vita
1660 5344 1994 5399 monastica

334 5438 572 5495 deserta
592 5438 665 5494 ad
687 5436 999 5509 profanam
1018 5435 1363 5503 desciverat,
1390 5431 1751 5487 subsecutus
1771 5431 1991 5490 fuerat.

2114 4740 2208 4775 σαν
2265 4715 2593 4779 διεσκέδασε.
2647 4720 2736 4775 καὶ
2788 4721 3057 4793 τοσαύτην
3117 4721 3337 4795 ἐνέθηκε
3392 4724 3584 4780 πτοίαν
3659 4729 3741 4798 τῷ

2102 4809 2320 4883 βασιλεῖ
2351 4808 2426 4872 ὡς
2455 4810 2544 4863 καὶ
2578 4804 2804 4883 σιδηρᾶν
2863 4807 3055 4866 ἅλυσιν
3104 4812 3211 4868 ἀπὸ
3267 4820 3367 4882 τῆς
3401 4810 3760 4889 ἀκροπόλεως

2099 4898 2177 4962 εἷς
2234 4899 2297 4953 τὸ
2352 4898 2674 4975 καταντικρὺ
2731 4900 3022 4976 πολίχνιον
3077 4903 3377 4972 ἀποτεῖναι,
3426 4905 3526 4973 τὴν
3556 4899 3754 4960 ἔσωθεν

2099 4983 2298 5043 ἄϐατον
2352 4989 2625 5062 τηροῦσαν
2691 4989 2983 5054 θάλασσαν.
3041 4993 3143 5050 Ἦν
3195 4989 3252 5048 δέ
3297 5015 3385 5055 τις
3446 4994 3762 5071 στρατηγὸς

2101 5077 2392 5150 ὑπερόριος
2450 5078 2501 5133 ἐν
2563 5079 2758 5156 Σκύρω
2812 5083 2881 5153 τῇ
2939 5083 3090 5154 νήσῳ
3146 5081 3273 5154 (μία
3322 5080 3380 5137 δὲ
3458 5083 3591 5154 αὕτη
3646 5086 3758 5138 τῶν

2099 5163 2448 5241 Κυκλάδων),
2480 5164 2806 5249 ἀδελφιδοῦς
2863 5170 2957 5243 μὲν
3025 5171 3320 5250 τυγχάνων
3378 5170 3612 5235 Λέοντος
3660 5176 3763 5228 τοῦ

2103 5257 2396 5332 βασιλέως,
2436 5254 2637 5313 τυύτου
2694 5254 2752 5313 δὲ
2803 5258 3173 5334 ἀναιρεθέντος
3232 5262 3764 5336 παρρησιασάμενος

2100 5344 2373 5410 ποκλάκις
2426 5347 2514 5401 καὶ
2569 5347 2661 5403 τὸν
2721 5349 2956 5425 Μιχαὴλ
3001 5348 3079 5412 είς
3138 5350 3440 5426 πρόσωπον
3495 5348 3770 5414 ὀνειδίσας

2103 5433 2192 5490 διὰ
2220 5436 2312 5490 τὸν
2352 5435 2546 5515 φόνον,
2577 5437 2669 5491 καὶ
2730 5434 2820 5493 διὰ
2871 5443 3034 5494 τοῦτο
3086 5440 3188 5510 τὴν
3243 5440 3531 5517 ὑπερορίαν
3588 5461 3767 5497 κατα-

1550 5529 1916 5588 XYLANDRI
1952 5536 2040 5591 ET
2078 5535 2297 5592 GOARI
2339 5537 2570 5594 NOTE.

408 5626 522 5698 (72)
550 5623 1291 5698 Quemnamletquidem
1313 5638 1458 5698 mox
1489 5636 1729 5698 rursum
1762 5622 1987 5680 mentio

339 5691 425 5754 ﬁt'
438 5691 620 5769 hujus
642 5695 905 5766 adoptati
927 5691 1192 5752 ﬁliifSed
1213 5712 1289 5750 ne
1309 5696 1565 5750 Zonaras
1587 5691 1829 5763 quidem
1851 5712 1989 5752 cum

2097 5625 2391 5682 nominat.
2420 5625 2480 5680 Id
2505 5625 2748 5697 quidem
2779 5628 2883 5699 ait,
2934 5614 3181 5686 Balbum
3237 5630 3352 5688 sibi
3384 5630 3766 5691 Constantini

2099 5714 2322 5755 nomen
2354 5699 2703 5770 sumpsisse.
2727 5702 2872 5758 XYL.
