4112 6448
292 408 416 471 965

1427 401 1972 467 HISTORIARUM
2016 402 2574 471 COMPENDIUM.

3601 409 3721 470 966

298 541 530 615 κριθείς.
591 543 805 598 Τουτον
862 537 1421 616 προσεταιρισάμενος
1470 539 1499 593 ὁ
1557 542 1757 613 Θωμᾶς
1814 557 1969 611 στρα-

2084 540 2154 596 Ut
2205 558 2340 599 vero
2389 542 2544 598 nihil
2602 542 3032 615 exspectationi
3085 542 3215 613 ejus
3266 550 3731 604 consentaneum

299 632 572 707 τεύματός
629 653 780 695 τινος
834 633 971 686 κατᾶ
1029 637 1136 708 γῆν
1193 629 1321 685 ὡσεὶ
1381 626 1655 705 χιλιάδων
1691 626 1816 683 δέκα
1839 628 1965 683 ἀναι·

301 722 542 779 δείκνυσι
594 722 920 795 στρατηγόν·
973 719 1063 775 καὶ
1107 719 1199 775 τὸν
1249 720 1383 774 κατὰ
1433 717 1699 774 θάλατταν
1753 715 1811 773 δὲ
1842 717 1968 773 στό-

300 813 401 872 λον
485 811 940 886 εὐτρεπισάμενος
1025 809 1115 865 καὶ
1193 807 1376 885 ἕτερον
1435 809 1589 880 αὐτῷ
1673 807 1966 878 ἐπιστήσας

300 901 627 978 στρατηγὸν,
697 899 812 956 οἷόν
874 921 1025 962 τινας
1093 896 1449 975 προδρόμους
1516 896 1766 970 ἐξέπεμξε
1829 897 1969 951 κατὰ

296 1000 403 1064 τῆς
460 987 769 1067 βασιλίδος,
830 986 920 1043 διά
976 1009 1034 1043 τε
1088 995 1194 1060 γῆς
1251 987 1341 1042 καὶ
1375 984 1651 1056 θαλάσσης
1685 985 1968 1067 ὠφέλιμον

301 1082 441 1138 εἶναι
499 1078 688 1156 κρίνας
743 1083 1017 1143 ποιεῖσθαι
1076 1077 1170 1139 τὰς
1229 1072 1570 1152 προσϐολάς.
1631 1073 1708 1133 Οὐ
1741 1073 1967 1152 γενομέ-

298 1193 425 1240 νου,
480 1169 572 1225 καὶ
630 1168 765 1223 κατὰ
816 1167 1014 1222 ταυτὸν
1072 1166 1440 1246 ἀναφανέντων
1468 1187 1577 1222 των
1616 1186 1672 1220 τε
1700 1170 1966 1220 ναυτικῶν

299 1260 395 1317 καὶ
480 1260 717 1329 πεζικῶν
807 1252 1089 1329 δυνάμεων
1154 1255 1206 1309 ἐν
1279 1259 1358 1327 τῷ
1424 1254 1560 1331 πρὸς
1627 1252 1968 1330 Βλαχέρναις

306 1347 526 1419 κόλπῳ,
587 1348 859 1422 ἀντισχεῖν
917 1344 1064 1409 δλως
1115 1345 1192 1418 μὴ
1247 1342 1592 1416 δυνηθείσης,
1648 1344 1722 1405 ὡς
1772 1338 1967 1415 εἷ’ρται,

298 1445 404 1508 τῆς
456 1435 815 1513 ἐκτεταμένης
878 1431 1108 1508 σιδηρᾶς
1168 1432 1436 1503 ἁλύσεως,
1495 1427 1803 1507 προσϐολαὶ
1850 1435 1969 1492 τοῖς

300 1526 513 1601 τείχεσι
542 1524 886 1600 πανταχόθεν
942 1520 1212 1600 ἐγίνοντο.
1272 1521 1514 1589 Ἐπῆλθε
1544 1520 1601 1576 δὲ
1634 1523 1750 1594 μετ’
1785 1518 1971 1597 ὀλίγον

300 1615 395 1671 καὶ
453 1616 481 1670 ὁ
541 1619 766 1688 θωμᾶς,
826 1613 918 1668 καὶ
973 1611 1192 1688 ἐνεργὸς
1250 1612 1508 1667 πάντοθεν
1562 1609 1973 1687 ἐγίνετοὴπο-

304 1704 554 1782 λιορκία.
587 1700 759 1761 Οὐδὲν
811 1699 868 1757 δὲ
924 1701 953 1756 ’ὀ
1013 1722 1064 1757 τι
1127 1699 1216 1755 καὶ
1276 1699 1445 1777 λόγου
1477 1700 1620 1770 ἃξιον
1653 1696 1967 1774 ἐπράττετο,

303 1799 415 1850 τῶν
472 1790 625 1849 ἔνδον
688 1790 976 1868 εὐρώστως
1034 1790 1395 1865 ἀμυνομένων
1438 1789 1651 1851 καὶτὰς
1686 1787 1970 1851 ἑλεπόλεις

305 1883 744 1960 ἐκκρουομὲνων.
805 1881 964 1959 ’ῼετο
1057 1880 1152 1953 μὲν
1234 1880 1339 1955 γάρ
1398 1880 1425 1934 ὁ
1486 1882 1685 1953 Θωμᾶς
1741 1878 1854 1952 ἅμα
1911 1899 1969 1933 τε

305 1973 633 2052 ἐπιφανῆναι
671 1973 743 2044 τῇ
803 1965 1047 2044 βασιλίδι
1105 1967 1196 2023 καὶ
1257 1968 1371 2042 ’ἁμα
1421 1967 1548 2029 τοὺς
1578 1966 1810 2030 πολίτας
1842 1965 1971 2023 ἀνα-

305 2065 523 2119 πετάσει
556 2060 706 2132 αὐτῷ
759 2059 859 2121 τὰς
918 2056 1098 2120 πύλας
1158 2053 1247 2111 διὰ
1304 2057 1367 2111 τὸ
1426 2056 1563 2130 πρὸς
1606 2057 1697 2111 τὸν
1732 2054 1971 2131 Μιχαὴλ

317 2157 502 2226 μῖσος,
556 2148 647 2205 καὶ
708 2145 799 2203 διὰ
852 2151 1014 2204 τοῦτο
1073 2147 1166 2202 τόν
1223 2167 1282 2201 τε
1337 2145 1643 2222 Γρηγόριον
1705 2146 1842 2220 (73),
1896 2146 1971 2208 ὡς

313 2240 561 2314 εἴπομεν,
606 2238 868 2315 πρότερον
928 2234 1159 2311 ἔπεμψε,
1217 2234 1308 2290 καὶ
1356 2234 1517 2297 αὐτὸς
1574 2232 1802 2289 πανσυδὶ
1837 2235 1973 2309 μετὰ

312 2333 404 2388 καὶ
460 2336 556 2388 τοῦ
610 2328 1017 2401 υἱοθετηθὲντος
1076 2329 1228 2401 αὐτῷ
1291 2330 1667 2399 Ἀναστασίου,
1718 2324 1836 2404 ἄρτι
1879 2328 1970 2382 τὸν

317 2422 612 2497 μοναχικδν
669 2418 1045 2496 ἀρνησαμένου
1111 2418 1231 2494 βίον
1284 2418 1375 2473 καὶ
1420 2416 1558 2492 πρὸς
1585 2417 1676 2472 τὸν
1707 2418 1972 2491 κοσμικὸν

310 2509 732 2579 ἀποκλίναντος,
781 2508 1011 2565 κατόπιν
1072 2506 1548 2580 ἐπηκολούθησεν·
1606 2506 1682 2569 ὡς
1732 2504 1791 2561 δὲ
1821 2503 1974 2578 οὐδὲν

305 2601 416 2654 τῶν
476 2598 593 2652 κατ’
635 2593 866 2661 ἐλπίδας
924 2595 1072 2669 αὐτῴ
1130 2596 1460 2666 ἀπήντησεν,
1494 2593 1641 2652 ἀλλὰ
1669 2594 1759 2651 καὶ
1786 2589 1973 2670 ὕϐρεσι

322 2683 537 2760 μᾶλλον
592 2685 696 2741 ὑπὸ
747 2689 854 2740 τῶν
917 2678 1069 2740 ἔνδον
1128 2682 1414 2756 ἐπλύνετο,
1465 2685 1589 2740 τότε
1635 2685 1733 2757 μὲν
1762 2704 1973 2758 παρεμ-

323 2770 501 2847 ϐολήν
532 2774 584 2830 ἐν
617 2781 733 2838 τοῖς
792 2771 1094 2844 Παυλίνου,
1152 2768 1274 2837 ἔνθα
1313 2775 1378 2829 τὸ
1405 2778 1512 2828 τῶν
1542 2774 1973 2851 θαυματουργῶν

315 2862 671 2942 Ἀναργύρων
734 2865 847 2939 (74)
901 2861 1126 2936 τέμενος
1178 2859 1418 2938 ἵδρυται,
1480 2863 1559 2936 [Ρ.
1607 2865 1735 2936 503]
1769 2863 1974 2938 ὀχυρὰν

314 2954 573 3025 ἐπήξατο,
608 2952 737 3009 λαὸν
768 2949 826 3007 δὲ
875 2953 1182 3028 πεπομφὼς
1235 2949 1368 3027 ἄχρι
1432 2956 1530 3006 τοῦ
1562 2951 1814 3024 Εὐξείνου
1844 2951 1971 3006 πόν-

306 3063 409 3097 του
470 3042 563 3097 καὶ
619 3045 718 3096 τοῦ
777 3041 948 3116 Ἰεροῦ
999 3039 1327 3114 ἀπεπειρᾶτο
1383 3044 1491 3094 τῶν
1546 3037 1883 3118 πολιχνίων,
1925 3038 1974 3094 εἲ

310 3151 426 3193 πως
459 3130 597 3185 αὐτά
646 3130 986 3204 προσαγάγοι
1044 3130 1135 3183 καὶ
1197 3130 1273 3201 μή
1330 3149 1446 3182 τινα
1474 3128 1611 3183 κατὰ
1639 3127 1816 3183 νώτου
1848 3122 1975 3203 ἔχοι

316 3220 530 3298 ἐχθρόν.
588 3222 772 3278 Ταῦτα
832 3216 888 3274 δὲ
943 3218 1437 3291 καταστησάμενος,
1480 3219 1570 3273 καί
1628 3239 1775 3280 τινας
1831 3219 1976 3291 ἡμὲ-

2076 631 2294 696 evenit,
2325 632 2429 689 sed
2460 632 2839 689 contumeliis
2871 648 3108 703 quoque
3161 638 3251 688 est
3298 633 3369 687 ab
3416 636 3729 706 oppidanis

2075 719 2344 789 aﬂectus,
2380 722 2461 776 ibi
2496 729 2623 778 tum
2647 727 2841 778 castra
2864 723 2924 777 in
2949 722 3077 778 loco
3106 723 3206 794 qui
3229 723 3463 778 Paulini
3493 724 3728 795 dicitur,

2075 808 2175 864 ubi
2210 810 2601 866 miriﬁcorum
2630 814 3070 885 Anargyrorum
3093 812 3385 883 templum
3414 813 3730 881 est,admo-

2076 899 2215 955 dum
2252 902 2487 964 muniit.
2521 903 2802 975 misitque
2859 903 3181 959 exercitum
3236 904 3310 958 ad
3349 920 3516 959 mare
3545 921 3735 976 usque

2075 989 2373 1045 Euxinum
2406 996 2463 1045 et
2510 991 2584 1046 ad
2627 992 2888 1060 Hierum,
2923 990 3206 1064 oppidula
3234 992 3309 1047 ad
3340 993 3737 1050 defectionem

2077 1078 2405 1136 sollicitans
2427 1098 2502 1136 ne
2531 1098 2707 1153 quem
2730 1099 2764 1137 a
2785 1087 2946 1154 tergo
2978 1084 3209 1137 hostem
3239 1083 3739 1154 relinqueret.His

2077 1167 2160 1223 ita
2190 1169 2552 1233 constitutis,
2587 1170 2728 1226 dum
2759 1171 3068 1243 apparatui
3102 1171 3329 1243 aliquot
3355 1172 3482 1227 dies
3512 1174 3741 1245 impen-

2078 1255 2184 1323 dit,
2219 1274 2290 1312 ex
2323 1258 2565 1331 specula
2612 1258 2871 1330 quadam
2919 1259 3075 1316 videt
3107 1260 3458 1316 Michaelum
3491 1262 3552 1316 in
3583 1267 3738 1318 tecto

2078 1346 2221 1402 aedis
2243 1348 2510 1419 Deiparai
2536 1350 2988 1405 Blachernensis
3011 1350 3244 1423 signum
3279 1350 3421 1405 belli
3453 1350 3735 1423 deﬁgere,

2076 1435 2336 1508 indeque
2358 1438 2510 1493 vires
2541 1445 2749 1494 contra
2806 1440 3036 1494 hostem
3065 1439 3385 1510 deposcere
3415 1445 3592 1511 atque
3625 1458 3734 1497 ex—

2078 1531 2368 1597 spectare,
2403 1528 2592 1582 filium
2624 1534 2826 1584 autem
2850 1529 2982 1600 ejus
3005 1528 3397 1600 Theophilum
3433 1534 3553 1585 tota
3573 1530 3739 1585 urbis

2077 1615 2297 1671 mcenia
2326 1616 2643 1673 circumire
2675 1634 2811 1674 cum
2843 1618 3192 1691 patriarcha.
3216 1623 3273 1673 et
3303 1634 3470 1674 sacro
3507 1620 3741 1685 ordine,

2081 1721 2299 1776 eosque
2318 1723 2522 1762 secum
2546 1706 2932 1763 circumferre
2954 1706 3179 1780 lignum
3204 1708 3483 1777 crucis,et
3504 1708 3740 1764 intactae

2079 1795 2346 1865 Deiparae
2379 1802 2621 1852 vestem.
2656 1797 2774 1852 Hoc
2827 1813 2963 1868 spes
3007 1797 3138 1869 ejus
3169 1797 3241 1852 de
3274 1814 3510 1853 summa
3539 1814 3737 1854 rerum

2079 1884 2247 1940 valde
2287 1884 2680 1955 labefactavit,
2714 1886 3010 1957 variisque
3060 1887 3380 1942 distractus
3427 1888 3738 1959 cogitatio—

2080 1974 2258 2029 nibus
2290 1980 2350 2029 et
2379 1975 2612 2030 consilii
2634 1975 2917 2044 incertus,
2940 1975 3178 2031 tandem
3203 1976 3575 2031 multitudini
3599 1993 3740 2032 suo-

2081 2079 2217 2118 rum
2250 2064 2513 2119 conﬁsus
2544 2081 2743 2136 pugna
2785 2061 3108 2120 decernere
3140 2065 3367 2120 statuit.
3400 2066 3604 2135 Itaque
3637 2083 3740 2136 po-

2082 2151 2288 2207 stridie
2328 2153 2521 2224 prima
2568 2153 2700 2209 luce
2749 2153 3067 2209 classicum
3115 2170 3329 2209 canere
3353 2154 3546 2225 jubet,
3580 2154 3735 2211 882

2083 2257 2222 2296 suos
2255 2242 2464 2297 castris
2497 2242 2712 2311 educit,
2746 2242 2869 2297 filio
2912 2244 3211 2298 terrestris
3256 2243 3407 2298 muri
3440 2261 3742 2316 oppugna-

2083 2329 2308 2385 tionem
2328 2330 2680 2387 demandat:
2706 2331 2831 2402 ipse
2856 2348 2991 2386 cum
3013 2332 3225 2403 majori
3247 2333 3552 2404 copiarum
3574 2338 3744 2403 parte

2081 2418 2587 2491 validioribusque
2638 2420 2931 2475 machinis
2954 2426 3011 2475 et
3038 2421 3350 2476 tormentis
3389 2426 3579 2476 turres
3614 2420 3741 2476 Bla-

2082 2506 2443 2563 chernenses
2501 2509 2856 2581 aggreditur,
2919 2509 3110 2565 scalas
3174 2509 3363 2565 muris
3421 2510 3738 2565 altitudine

2082 2596 2340 2668 aequales
2370 2598 2698 2669 applicans,
2733 2598 2875 2653 alibi
2932 2598 3284 2663 testudines,
3344 2598 3487 2654 alibi
3518 2599 3737 2655 arietes

2081 2685 2393 2753 adhibens,
2423 2688 2853 2759 tormentisque
2884 2704 3027 2745 saxa
3065 2688 3434 2760 jactantibus
3467 2688 3733 2760 undique

2081 2780 2274 2831 utens.
2309 2776 2574 2848 Denique
2604 2777 2766 2832 omni
2797 2783 2922 2834 arte
2976 2794 3043 2833 ac
3075 2782 3291 2833 conatu
3322 2778 3534 2833 nititur
3563 2777 3737 2850 oppi-

2081 2864 2266 2920 danos
2292 2870 2623 2937 perterrere
2644 2866 2973 2937 urbemque
2996 2883 3227 2935 capere.
3254 2867 3535 2936 Reliquos
3557 2867 3737 2922 etiam

2081 2970 2284 3009 muros
2316 2955 2621 3032 navalibus
2652 2955 2841 3027 copiis
2884 2955 3088 3029 cingit,
3122 2956 3254 3027 igne
3300 2961 3359 3011 et
3415 2954 3743 3012 missilibus

2082 3048 2311 3099 terrens
2368 3045 2567 3114 Neque
2627 3049 2829 3099 tamen
2890 3045 3222 3116 quidquam
3280 3050 3445 3101 tanta
3484 3046 3535 3099 vi
3566 3049 3744 3117 atque

2081 3137 2367 3203 apparatu
2390 3137 2743 3188 consecutus
2768 3133 3149 3189 est.Classem
3173 3133 3330 3188 enim
3356 3134 3517 3189 illico
3533 3140 3745 3189 ventus

2081 3221 2364 3277 adversus
2411 3221 2741 3293 dissipavit,
2774 3222 3009 3292 aliaque
3049 3221 3167 3276 alio
3213 3222 3447 3294 navigia
3483 3222 3740 3294 disjecit,

333 3296 427 3383 ρας
480 3310 556 3373 εἷς
617 3311 963 3385 παρασκευήν
1023 3305 1149 3370 δοὺς
1207 3308 1401 3381 ἑαυτῷ,
1457 3308 1531 3370 ὡς
1590 3301 1651 3362 ἔκ
1676 3329 1824 3369 τινος
1853 3307 1975 3363 ἀπό-

2084 3315 2436 3383 tempestate
2466 3313 2799 3367 vehementi
2840 3312 3068 3381 oborta,
3099 3317 3255 3367 terra
3305 3329 3543 3383 quoque
3575 3312 3748 3383 oppi-

321 3416 458 3453 πτου
490 3396 707 3455 κατεῖδε
745 3397 836 3454 τὸν
902 3399 994 3472 μὲν
1054 3394 1287 3473 Μιχαὴλ
1315 3397 1376 3453 τὸ
1408 3396 1713 3469 πολεμικὸν
1747 3403 1974 3472 σημεῖον

318 3488 409 3544 ἐπὶ
438 3492 541 3544 τοῦ
572 3487 795 3565 στέγους
824 3491 922 3543 τοῦ
968 3491 1069 3553 τῆς
1118 3486 1384 3543 Θεοτόκου
1415 3492 1514 3542 τοῦ
1547 3486 1598 3542 ἐν
1634 3485 1977 3563 Βλαχὲρναις

314 3577 608 3654 πεπηγότα
664 3580 817 3647 ναοῦ,
875 3577 1123 3632 κάκεῖθεν
1181 3578 1282 3645 τήν
1356 3576 1494 3631 κατὰ
1549 3580 1656 3632 τῶν
1726 3575 1982 3633 ἐναντίων

314 3666 481 3743 ἰσχὺν
554 3666 938 3740 ἐξαιτούμενόν
1023 3686 1082 3720 τε
1145 3665 1234 3720 καὶ
1302 3660 1818 3740 προσλαμϐάνοντα,
1885 3666 1980 3722 τὸν

311 3758 430 3812 υἱὸν
460 3753 519 3811 δὲ
548 3757 720 3810 αὐτοῦ
777 3753 1046 3834 Θεόφιλον
1078 3755 1250 3811 πάντα
1307 3755 1400 3808 τὸν
1454 3761 1557 3824 τῆς
1588 3754 1808 3817 πόλεως
1839 3755 1982 3830 περί·

313 3841 492 3901 ϐολον
529 3846 664 3919 μετᾶ
710 3848 808 3900 τοῦ
866 3847 1213 3920 πατριάργου
1269 3844 1359 3897 καὶ
1416 3847 1513 3897 τοῦ
1546 3843 1633 3898 ὑπ’
1666 3843 1827 3898 αὐτὸν
1857 3845 1983 3922 τάγ-

318 3956 495 4009 ματος
544 3931 1001 4010 περικυκλοῦντα,
1058 3933 1122 3988 τό
1178 3953 1238 3987 τε
1290 3932 1561 4001 ζωοποιὸν
1608 3936 1706 3986 τοῦ
1752 3936 1984 4007 σταυροῦ

315 4024 486 4096 ξύλον
545 4022 941 4102 ἐπιφερόμενον
998 4023 1088 4077 καὶ
1146 4024 1243 4091 τὴν
1302 4015 1502 4091 ἕσθῆτα
1565 4028 1665 4091 τῆς
1707 4022 1984 4096 πανάγνου

314 4112 587 4170 Θεοτόκου
621 4115 757 4187 (7'5),
802 4112 877 4174 εἷς
924 4111 1144 4181 πολλὴν
1206 4117 1314 4167 τῶν
1369 4113 1708 4185 πραγμάτων
1741 4110 1988 4167 ἐνέπιπτε

313 4202 708 4259 δυσελπιστίαν
764 4203 856 4257 καὶ
931 4206 1188 4264 παντοῖος
1264 4208 1384 4263 ταῖς
1458 4203 1704 4279 γνώμαις
1762 4200 1986 4276 ἐγίνετο.

314 4294 436 4351 Οὐκ
494 4285 638 4369 ἔχων
698 4288 743 4346 δ’
804 4292 833 4345 ὅ
889 4312 941 4345 τι
999 4291 1090 4346 γαὶ
1150 4290 1415 4367 πράξειεν,
1474 4289 1660 4351 ἄλλως
1707 4311 1764 4345 τε
1814 4288 1871 4346 δὲ
1899 4305 1989 4360 καὶ

313 4381 488 4460 ὄχλῳ
540 4381 785 4455 τοσούτῳ
841 4379 1052 4457 θαῤῥῶν
1128 4381 1190 4437 τὸ
1277 4379 1408 4436 ὅλον
1476 4377 1568 4435 διὰ
1633 4381 1822 4457 μάχης
1871 4402 1990 4456 κρι-

314 4476 492 4544 θῆναι
520 4469 799 4547 ἠπείγετο.
850 4473 1007 4535 Ὅθεν
1064 4473 1132 4543 τῇ
1191 4470 1313 4540 ἑξῆς
1372 4468 1485 4542 ἃμα
1544 4471 1681 4547 φωτὶ
1744 4470 1992 4544 σημάνας

309 4562 379 4618 τὸ
436 4560 693 4617 ἐνυάλιον
750 4560 878 4622 τοὺς
935 4556 1130 4635 ἄνδρας
1189 4559 1368 4637 ἐξῆγε.
1432 4560 1536 4616 Καὶ
1589 4564 1669 4631 τῷ
1732 4559 1827 4632 μὲν
1888 4557 1992 4632 υἱῷ

2089 3400 2258 3455 denis
2285 3400 2517 3456 fortiter
2545 3401 2944 3474 pugnantibus
2975 3402 3401 3472 machinasque
3427 3401 3479 3455 ei
3503 3401 3749 3455 inutiles

2090 3489 2730 3562 redigentibus.ltaque
2753 3492 2912 3546 omni
2938 3508 3040 3562 spe
3071 3490 3145 3547 ad
3179 3491 3415 3545 irritum
3447 3489 3749 3545 recidente

2092 3579 2359 3649 receptui
2392 3578 2570 3634 canit.
2605 3580 2673 3633 Et
2700 3578 2799 3650 qui
2826 3579 2887 3634 in
2911 3579 3058 3634 urbe
3092 3584 3284 3645 erant,
3308 3577 3749 3650 oppugnatione

2092 3667 2287 3723 soluta
2317 3668 2553 3723 animos
2583 3674 2974 3740 receperunt;
3001 3674 3352 3740 tantumque
3385 3668 3470 3722 eis
3501 3666 3754 3723 accessit

2091 3758 2483 3827 fortitudinis,
2515 3762 2581 3813 ut
2611 3758 2970 3831 quihusdam
3020 3759 3200 3814 etiam
3242 3758 3496 3830 portulis
3528 3756 3751 3829 apertis

2094 3848 2402 3919 eruperint
2431 3865 2793 3919 manumque
2827 3864 2961 3903 cum
2992 3848 3229 3903 Thema)
3285 3846 3576 3902 militibus
3606 3863 3747 3901 con-

2094 3936 2410 3991 seruerint.
2445 3939 2524 3991 Ex
2558 3954 2627 3992 eo
2662 3936 2867 3992 statuit
2894 3937 3148 3991 Thomas
3179 3953 3247 3990 ex
3280 3934 3526 3990 Thracia
3555 3935 3749 3990 disce-

2096 4024 2256 4090 dere,
2319 4025 2481 4095 quod
2539 4024 2811 4097 frigidior
2868 4041 2938 4079 ea
2992 4029 3082 4079 est
3142 4040 3247 4095 per
3276 4024 3535 4078 hiemem
3568 4024 3750 4095 regio,

2097 4115 2543 4186 exercitumque
2575 4114 2634 4167 in
2688 4114 2939 4168 hiberna
2982 4131 3089 4185 per
3136 4113 3408 4185 regiones
3440 4110 3754 4168 calidiores

2098 4206 2457 4277 dispergere.
2521 4205 2708 4269 Quam
2759 4204 3124 4258 sententiam
3164 4207 3479 4257 exsecutus
3510 4202 3753 4256 ineunte

2098 4311 2231 4351 vere
2264 4311 2471 4350 rursus
2524 4298 2681 4347 terra
2733 4293 3002 4363 marique
3052 4291 3263 4363 Cpolin
3296 4307 3638 4362 Oppugnare
3670 4291 3755 4344 in-

2099 4385 2306 4441 tendit.
2343 4386 2541 4454 Neque
2572 4382 2722 4438 883
2757 4398 2892 4437 vero
2916 4381 3265 4436 Michaelum
3289 4380 3525 4451 qualem
3557 4385 3752 4446 antea,

2104 4474 2206 4532 sed
2231 4475 2359 4547 jam
2391 4480 2449 4529 et
2481 4473 2745 4529 terrestri
2794 4472 3043 4528 collecto
3097 4472 3358 4528 exercitu
3397 4472 3754 4526 instructum

2104 4571 2161 4621 et
2190 4582 2340 4621 nova
2371 4565 2558 4620 classe
2590 4563 2815 4619 invenit
2843 4565 3070 4618 Rursus
3102 4579 3240 4633 ergo
3273 4561 3545 4617 eamdem
3577 4578 3758 4633 quam

306 4655 409 4711 τὸν
484 4652 621 4707 κατᾶ
674 4652 741 4708 τὸ
810 4657 1067 4728 χερσαῖον
1124 4656 1312 4724 τεῖχος
1398 4647 1659 4725 ἐπέτρεψε
1710 4650 1975 4723 πόλεμον,

2094 4653 2259 4727 prius
2279 4653 2442 4709 urbis
2464 4657 2694 4725 partem
2718 4652 3060 4729 aggreditur
3083 4652 3242 4724 apud
3268 4651 3468 4707 sinum
3490 4650 3764 4721 Blacher—

311 4742 489 4802 αὐτὸς
544 4737 602 4796 δὲ
655 4742 719 4796 τὸ
777 4742 922 4795 πολὺ
1006 4746 1108 4810 τῆς
1195 4737 1476 4813 δυνάμεως
1535 4732 1679 4814 ἔχων
1741 4739 1829 4794 καὶ
1889 4738 1975 4800 τὰς

2098 4760 2373 4808 nensem,
2406 4743 2662 4814 dataque
2714 4742 2984 4798 irruendi
3010 4746 3235 4797 tessera
3280 4741 3443 4797 omni
3474 4740 3528 4794 vi
3559 4756 3764 4795 muros

309 4830 589 4907 καρτεράς
643 4829 929 4893 ἑλεπόλεις
1005 4830 1097 4885 καὶ
1177 4829 1427 4904 μηχανάς
1503 4828 1643 4884 κατᾶ
1697 4828 1823 4890 τοὺς
1882 4832 1975 4884 τῶ·

2105 4832 2398 4888 machinis
2428 4832 2698 4888 adductis
2731 4837 3049 4888 concutere
3092 4835 3299 4887 tentat.
3336 4833 3486 4889 Dum
3516 4830 3644 4885 haec
3672 4846 3767 4901 ge-

314 4920 663 4994 Βλαχερνῶν
776 4920 1015 4994 πύργους
1127 4916 1364 4974 ἐποιεῖτο
1467 4924 1566 4986 τῆν
1648 4911 1968 4992 προσϐολὴν

2104 4917 2652 4973 runturMichaelus
2692 4935 2821 4973 cum
2856 4917 3465 4990 quibusdam'l‘homae
3484 4915 3765 4970 militibus
3807 4951 3810 4955 η

310 5009 605 5082 κλίμακάς
687 5030 747 5065 τε
810 5009 1135 5088 προσφέρων
1231 5013 1349 5068 τοῖς
1449 5007 1688 5082 τείχεσιν
1794 5006 1975 5063 ἀναλό

2105 5007 2483 5077 colloquendi
2506 5007 3011 5078 opportunitatem
3045 5012 3254 5061 nactus
3277 5004 3641 5059 oblivionem
3674 5004 3759 5058 in-

312 5119 462 5175 γους
493 5104 573 5172 τῷ
623 5099 770 5175 ὕψει,
831 5099 922 5154 καὶ
978 5095 1236 5174 ἀλλαχοῦ
1297 5098 1390 5172 μὲν
1429 5095 1707 5172 χελώνας,
1738 5096 1975 5173 ἀλλαχοῐ

2097 5097 2397 5170 juriarum
2445 5097 2746 5170 multaque
2802 5096 3095 5153 beneﬁcia
3154 5096 3470 5167 promittit,
3505 5094 3551 5150 si
3596 5092 3669 5148 ad
3701 5110 3764 5147 se

314 5185 379 5244 δὲ
410 5187 628 5263 κριούς·
659 5187 956 5261 τοξεύμασι
1017 5184 1073 5243 δὲ
1123 5186 1214 5242 καὶ
1256 5178 1620 5261 πετροϐόλοις
1652 5185 1975 5260 πανταχόθεε

2106 5186 2432 5243 transirent
2463 5186 2892 5261 sanguinisque
2922 5185 3111 5241 civilis
3141 5183 3472 5256 pollutione
3507 5183 3769 5238 abstine~

1539 5314 1904 5372 XYLANDRI
1949 5317 2036 5372 ET
2076 5316 2293 5373 GOARI
2332 5317 2556 5373 NOT/E.

420 5435 515 5506 73)
539 5435 595 5491 Is
627 5432 859 5501 Leonis,
891 5434 1000 5490 iste
1056 5433 1221 5506 Scyri
1281 5431 1559 5506 exsulans
1601 5430 1996 5506 consobrinus
2106 5433 2221 5488 dici
2254 5449 2288 5486 a
2315 5432 2557 5487 mercede
2578 5431 2851 5506 capienda
2880 5431 3073 5487 alieni.
3112 5428 3767 5506 Nominatissimi__sun_t

309 5499 565 5580 videtur
606 5499 912 5580 fuisse.Sic
971 5499 1148 5562 enim'
1190 5511 1352 5561 verto
1404 5499 1761 5580 ᾆδελφιδρῦν,
1796 5521 1975 5580 vocer!

2107 5507 2353 5580 Gosmas
2385 5499 2811 5580 et_Damianus,
2839 5520 3092 5574 quorum
3122 5503 3415 5574 templum
3447 5500 3498 5555 ἐν
3530 5504 3648 5563 τοῖς
3666 5503 3764 5554 τοῦ

306 5579 491 5638 varie
515 5579 587 5652 de
611 5579 878 5652 cognatis
897 5576 1458 5652 usurpatam.Paulo
1490 5574 1626 5647 post
1644 5574 1769 5631 haec
1791 5576 1975 5646 opinii

2107 5575 2404 5652 Παυλίνου.
2437 5577 2614 5632 GOAR.

308 5651 646 5728 perspicue
678 5646 1088 5728 conﬁrmatur:
1123 5650 1266 5728 Χιινι.ἶ
1368 5725 1375 5728 _
1625 5715 1638 5728 '
2177 5646 2292 5721 (75)
2321 5649 2401 5704 De
2433 5665 2551 5719 qua
2574 5651 2781 5705 auctor
2810 5648 3026 5704 Leonis
3057 5664 3215 5705 anno
3251 5649 3336 5703 l7.
3372 5647 3548 5703 Gem.

302 5715 335 5743 ·”
396 5715 517 5797 (7i)
547 5722 756 5780 Plures
813 5738 849 5779 a
905 5721 1121 5778 Graacis
1177 5720 1459 5778 coluntur
1514 5715 1834 5794 Ἀνάργυροι
1866 5735 1996 5777 me.
