4112 6420
365 436 484 496 967

1728 409 2048 476 GEORGII
2092 408 2437 474 CEDRENI

3683 404 3818 469 968

366 577 523 630 rent.
559 571 773 625 Verum
818 567 929 621 hoc
984 565 1204 620 frustra
1256 558 1388 625 fuit,
1420 552 1811 612 ferocioribus
1852 550 2030 606 etiam

2151 546 2430 621 χρώπενος
2480 545 2742 621 ἠπείγετο
2799 548 3054 606 παντοῖος
3109 541 3431 622 φαινόμενος
3463 540 3819 614 καταπλῆξοι

376 662 491 718 ista
520 659 807 731 petitione
851 654 1022 711 factis
1068 652 1211 720 illis,
1271 654 1328 703 et
1385 645 1544 719 quod
1576 647 1737 700 metu
1769 639 2032 696 hostium

368 753 606 809 liberati
641 754 859 816 essent,
882 745 1117 801 Thomaa
1150 757 1217 795 eo
1254 735 1643 793 ﬁdelioribus.
1679 735 1797 788 Hoc
1827 732 2029 800 itaque

371 844 684 915 desperato
716 842 932 894 conatu
960 829 1276 888 Michaelus
1306 825 1511 882 multis
1540 821 1734 878 verbis
1763 836 1900 876 suos
1933 834 2030 872 co-

371 909 648 988 hortatur
706 933 772 982 ut
829 942 889 980 se
951 922 1185 977 fortiter
1239 921 1447 991 gerant
1503 929 1698 984 neque
1741 909 2030 966 scelerato

371 1029 625 1094 tyranno
657 1017 995 1072 libertatem
1053 1009 1353 1083 probant:
1417 1010 1542 1060 tum
1590 1000 1784 1058 subito
1825 996 2032 1054 multis

373 1092 557 1184 portis
573 1105 887 1164 etTundens
901 1118 1040 1158 suos
1053 1101 1286 1155 hostem
1298 1093 1447 1150 nihil
1461 1093 1575 1148 tale
1590 1092 2034 1161 exspectantem

375 1175 985 1266 adoritur,subitoque
998 1191 1222 1262 impetu
1235 1184 1619 1258 perterritum
1639 1194 1853 1252 magna
1869 1175 2036 1232 clade

373 1290 582 1353 afﬁcit,
610 1287 1009 1354 adversosque
1031 1277 1325 1346 fundit,ac
1352 1272 1661 1329 victoriam
1691 1267 2038 1342 praeclaram

367 1374 773 1452 reportat.Sed
795 1377 855 1429 et
874 1369 1081 1427 classis
1108 1369 1348 1422 Thomas
1380 1361 1775 1418 infortunium
1803 1354 2037 1411 habuit.

371 1471 517 1525 Cum
568 1466 729 1522 enim
779 1457 1178 1533 imperatorias
1235 1455 1509 1509 triremes
1549 1448 2038 1528 proveherentur,

363 1560 619 1632 jamque
651 1571 865 1628 pugnas
893 1545 1277 1632 conserendae
1310 1549 1546 1632 tempus
1573 1544 1748 1608 esset,
1776 1535 2039 1592 hostium

377 1619 557 1696 naves
587 1619 768 1692 metuv
787 1631 1044 1706 quodam
1079 1634 1136 1684 et
1167 1624 1428 1682 tumultu
1457 1623 1850 1678 consternatae
1879 1619 2041 1670 retro

377 1730 453 1786 ad
485 1735 702 1785 terram
738 1724 1150 1797 profugerunt.
1184 1714 1484 1772 Classiarii
1517 1727 1652 1784 pars
1683 1709 1756 1765 ad
1789 1708 2044 1778 impera-

379 1827 575 1877 torem
605 1817 903 1882 abierunt,
937 1827 1072 1884 pars
1120 1814 1282 1864 terra
1310 1805 1372 1860 in
1405 1818 1512 1858 sua
1541 1809 1735 1856 castra
1762 1797 2040 1869 profuge-

2135 638 2394 711 μὲντοὺς
2453 634 2710 707 πολίτας,
2767 642 3036 710 κρατῆσαι
3095 631 3152 688 δὲ
3208 640 3308 702 τῆς
3368 631 3608 701 πόλεως,
3641 652 3813 706 περι-

2133 727 2421 802 στοιχίσας
2478 726 2568 782 καὶ
2627 727 2694 780 τὰ
2750 724 2920 781 λοιπὰ
2968 723 3129 802 τείχη
3163 727 3233 796 τῇ
3287 725 3515 795 ναυτικῇ
3548 720 3810 794 δυνάμει,

2134 816 2262 893 πυρί
2293 837 2352 872 τε
2391 815 2482 870 καὶ
2527 814 2849 889 τοξεύμασιν
2905 808 3174 892 ἐκφοϐῶν.
3212 809 3370 866 Ἀλλ’
3402 807 3556 865 οὐδὲν
3585 815 3695 864 τῶν
3729 809 3817 868 εἰς

2137 904 2322 978 ὄνησιν
2364 908 2638 984 φερόντων
2667 903 2816 977 αὐτῷ
2859 906 2894 973 ἡ
2945 903 3184 972 τοσαύτη
3219 899 3445 974 δύναμις
3475 901 3565 956 καὶ
3598 921 3813 978 φαντα-

2139 997 2225 1053 σία
2276 997 2663 1072 κατεπράξατο.
2729 994 2807 1051 Τὸ
2865 993 2957 1066 μὲν
3019 993 3126 1067 γὰρ
3192 993 3440 1046 ναυτικὸν
3499 990 3655 1054 εὐθύς
3717 1009 3813 1050 τις

2140 1087 2463 1149 ἐπιπνεύσας
2492 1084 2724 1146 ἐναντίος
2754 1082 2953 1156 ἄνεμος
2988 1079 3204 1136 διέλυσέ
3235 1102 3292 1135 τε
3322 1081 3409 1134 καὶ
3442 1076 3621 1150 ἄλλην
3647 1077 3808 1153 ἄλλῃ

2142 1174 2503 1251 διασπαρῆναι
2553 1173 2778 1245 ἐποίησε
2833 1177 2942 1226 τῶν
2983 1175 3201 1248 σκαφῶν
3261 1172 3355 1225 ἅτε
3383 1168 3473 1224 καὶ
3515 1172 3808 1244 χειμῶνος

2141 1265 2380 1338 ἐξαισίου
2411 1265 2776 1342 ὑπάρχοντος·
2827 1263 2964 1317 κατά
3020 1259 3077 1315 δὲ
3126 1260 3224 1328 τὴν
3281 1259 3509 1333 ἤπειρον
3537 1257 3811 1334 γενναίως

2141 1361 2249 1412 τῶν
2305 1356 2409 1411 ἀπὸ
2467 1361 2568 1423 τῆς
2622 1351 2838 1414 πόλεῶς
2898 1349 3315 1425 ἀγωνιζομένων
3352 1347 3442 1403 καὶ
3483 1347 3814 1423 ἀχρήστους

2145 1447 2293 1520 αὐτῷ
2383 1443 2684 1500 ποιούντων
2749 1442 2847 1505 τὰς
2919 1441 3197 1515 μηχανὰς,
3266 1435 3619 1513 διαπορηθεὶς
3685 1441 3814 1499 τοῖς

2145 1545 2306 1594 πᾶσιν
2375 1535 2639 1606 ἀνέζευξε,
2705 1533 2794 1588 καὶ
2853 1534 2887 1601 ἠ
2947 1527 3395 1604 πολιορκουμένη
3465 1525 3628 1590 πόλις
3701 1529 3810 1582 ἀν-

2148 1629 2431 1703 εθάρσησε,
2483 1625 2572 1680 καὶ
2629 1627 2887 1680 τοσοῦτον
2947 1618 3343 1696 ἀνδρικώτερον
3377 1618 3650 1675 ἐπετίθετο
3680 1623 3811 1680 τοῖς

2147 1722 2243 1774 τοῦ
2269 1715 2575 1772 ἀποστάτου
2621 1713 2696 1776 ὡς
2751 1711 2838 1767 καί
2870 1731 3021 1772 τινας
3053 1714 3158 1764 τῶν
3189 1704 3340 1763 ἔνδον
3371 1705 3605 1769 πυλίδας
3653 1707 3811 1762 ἀνοι-

2149 1807 2377 1883 γνύντας
2408 1811 2507 1874 τῆς
2537 1801 2756 1863 πόλεως
2805 1800 2994 1873 ἐξιέναι
3048 1797 3136 1853 καὶ
3180 1802 3301 1859 τοῖς
3340 1795 3636 1869 πολεμίοις
3670 1817 3813 1868 συμ-

379 1914 537 1966 runt.
573 1908 666 1962 Sic
692 1906 915 1975 absque
947 1899 1147 1956 labore
1207 1893 1414 1952 classis
1443 1892 1681 1947 Thomas
1712 1885 2032 1943 distributa

2151 1897 2454 1954 ιτλέκεσθαι.
2487 1894 2673 1970 Ἒγνω
2734 1889 2830 1946 οὖν
2881 1891 2908 1944 6
2959 1888 3270 1958 ἀποστάτης
3320 1884 3407 1941 διὰ
3439 1887 3500 1941 τὸ
3531 1892 3631 1956 τῆς
3665 1885 3810 1960 Θρᾲ-

373 2000 529 2056 884
559 2001 668 2053 est.
700 1995 765 2049 Id
790 1993 995 2047 videns
1021 1987 1336 2060 Gregorius
1369 1982 1580 2039 Leonis
1610 1975 2027 2041 consobrinus,

371 2090 778 2156 Thomamque
808 2080 1152 2152 intelligens
1211 2075 1434 2147 exigua
1479 2067 1849 2126 auctoritatis
1877 2079 2027 2132 esse,

373 2177 802 2250 suspicansque
819 2171 997 2244 paulo
1010 2172 1146 2241 post
1160 2166 1296 2238 plus
1315 2163 1494 2219 etiam
1508 2160 1562 2215 ei
1577 2153 2033 2214 existimationis

377 2269 783 2331 decessurum,
807 2279 870 2317 re
894 2275 1076 2332 opera
1104 2253 1416 2329 cujusdam
1458 2247 1735 2306 monachi
1757 2246 1829 2301 de
1853 2243 2036 2299 colle-

377 2359 472 2429 gio
495 2354 685 2413 Studii
709 2368 844 2408 cum
863 2351 1222 2420 imperatore
1245 2341 1847 2402 communicata,cum
1868 2337 2034 2405 parte

381 2447 471 2502 sui
505 2443 800 2500 exercitus
830 2457 866 2496 a
895 2436 1142 2508 reliquis
1187 2451 1249 2490 se
1297 2430 1518 2498 avellit,
1549 2429 1632 2483 ita
1659 2431 1725 2482 ut
1755 2440 1888 2480 eum
1909 2423 2036 2495 jam

378 2538 631 2592 Thomas
663 2549 698 2588 a
726 2537 888 2603 tergo
919 2526 1187 2583 haberet.
1232 2524 1352 2578 Hoc
1403 2527 1459 2576 et
1508 2516 1773 2574 hominis
1803 2517 2033 2585 perter-

374 2624 545 2682 rendi
569 2628 628 2680 et
644 2618 1020 2693 imperatoris
1041 2612 1314 2689 placandi
1347 2617 1406 2666 et
1427 2624 1678 2665 uxorem
1699 2604 2036 2673 liberosque

381 2716 543 2789 (nam
588 2729 622 2768 a
678 2691 963 2766 Michaelo
1025 2703 1239 2777 captivi
1294 2699 1644 2757 detinebant
1674 2712 1745 2751 ex
1777 2709 1894 2766 quo
1924 2691 2038 2746 iste

379 2784 454 2862 ad
483 2806 770 2861 Thomam
803 2796 1151 2868 desciverat)
1187 2791 1457 2851 servandi
1489 2787 1686 2846 studio
1717 2784 2036 2841 faciebant.

380 2895 494 2954 Sed
523 2908 719 2965 neque
777 2907 875 2946 res
930 2887 1125 2944 adhuc
1179 2889 1307 2940 erat
1344 2877 1690 2954 imperatori
1724 2874 1945 2941 audita,
1980 2886 2044 2935 et,

381 2989 634 3043 Thomas
657 2987 930 3039 metuens
961 2995 1035 3034 ne
1086 2976 1281 3033 subito
1335 2988 1549 3044 magna
1578 2970 1748 3025 ﬁeret
1777 2956 2042 3037 Gregorii

381 3069 1030 3140 auctoritas,simulque
1052 3072 1118 3122 ut
1142 3065 1265 3121 suis
1295 3067 1521 3118 metum
1545 3059 2041 3130 injiceret,castra

380 3167 452 3222 ab
483 3164 631 3221 urbe
665 3179 784 3217 non
815 3158 1081 3223 dimovit,
1114 3155 1334 3210 veritus
1383 3167 1457 3206 ne
1501 3148 1690 3204 hostis
1721 3150 1848 3201 seat
1901 3159 2039 3215 ergo

376 3259 777 3346 sequeretur
804 3250 1024 3306 milites
1056 3251 1313 3346 quanto‘s
1337 3242 1409 3298 ad
1444 3237 1866 3296 debellandum
1897 3235 2036 3288 Gre-
2081 3280 2123 3346 Ο

381 3347 612 3421 gorium
661 3343 1012 3398 sutl'ecturos
1064 3334 1392 3409 judicabat,
1447 3343 1760 3386 assumens
1792 3327 1852 3380 in
1883 3325 2040 3378 hunc

385 3415 573 3501 duxit,
604 3432 927 3505 praelioque
958 3429 1154 3483 fusum
1188 3429 1247 3480 et
1282 3423 1345 3477 in
1375 3422 1513 3492 fuga
1543 3415 2043 3489 comprehensum

392 3501 645 3581 necavit.
682 3501 1132 3578 Indeiceleriter
1163 3513 1235 3571 ad
1276 3512 1518 3568 relictos
1549 3508 1622 3564 ad
1655 3501 2043 3562 obsidendam

391 3613 604 3671 urbem
636 3609 921 3666 erercitus
948 3620 1218 3661 reversus
1247 3601 1479 3656 litteras
1521 3599 1582 3652 in
1615 3611 1824 3652 omnes
1850 3597 2047 3664 partes

396 3701 664 3766 dimittit,
699 3698 917 3770 quibus
963 3694 1110 3751 falso
1137 3691 1402 3765 jactabat
1429 3705 1489 3743 se
1521 3685 1764 3741 victoria
1794 3681 2046 3755 politum

395 3792 579 3847 fuisse
603 3805 615 3856 ;
649 3789 1020 3857 classemque
1044 3800 1174 3856 quas
1198 3780 1353 3853 apud
1377 3777 1661 3834 Graeciam
1685 3779 1830 3838 erat,
1847 3771 2048 3827 statim

395 3883 468 3939 ad
519 3899 581 3938 se
625 3886 795 3936 vocat
841 3877 1016 3933 veluti
1069 3891 1196 3930 rem
1254 3871 1406 3928 mari
1439 3868 1719 3926 continuo
1751 3869 2044 3937 gesturus.

395 3977 578 4044 Atque
601 3972 727 4026 hinc
751 3968 1014 4041 quidem,
1037 3965 1194 4037 quod
1223 3966 1448 4018 rectum
1473 3974 1713 4015 cursum
1734 3955 2046 4022 tenuisset,

392 4042 616 4132 absque
649 4075 815 4115 mora
846 4057 918 4113 ad
951 4057 1147 4111 locum
1181 4052 1282 4124 qui
1323 4048 1511 4105 Beridi
1548 4047 1765 4102 dicitur
1795 4042 2046 4115 appulit.

393 4130 716 4207 Constabat
763 4147 1012 4203 navibus
1060 4158 1271 4216 pugnaa
1320 4140 1739 4206 frumentoque
1781 4130 2049 4188 vehendo

393 4243 545 4314 aptis
578 4244 707 4296 350.
767 4241 840 4293 At
895 4234 1291 4308 imperatoriae
1350 4229 1556 4286 classis
1603 4227 1751 4283 885
1789 4220 2050 4296 praefecti

389 4331 622 4404 cognito
680 4329 860 4400 hujus
900 4325 1178 4390 adventu,
1237 4324 1419 4376 noctu
1475 4315 1718 4371 hostiles
1748 4327 1926 4367 naves
1957 4309 2051 4363 in—

391 4421 645 4477 statione
672 4415 1092 4487 adorti,subito
1119 4413 1348 4484 impetu
1373 4405 1698 4466 classiariis
1721 4400 2053 4476 perterritis

393 4511 612 4565 multas
644 4526 779 4564 cum
832 4507 977 4578 ipsis
1035 4501 1368 4559 vectoribus
1421 4500 1728 4570 ceperunt,
1763 4489 2053 4563 quasdam

392 4599 714 4654 artiﬁcioso
752 4595 872 4669 igni
931 4593 1406 4653 combusserunt,
1468 4586 1676 4660 paucis
1729 4580 2052 4639 admodum

2141 2009 2243 2059 κης
2275 1985 2559 2063 χειμέριον
2616 1981 2702 2037 ἐπὶ
2758 1977 3203 2058 παραχειμασίαν
3259 1979 3533 2051 τραπῆναι
3579 1975 3669 2030 καὶ
3710 1976 3809 2030 τὸν

2141 2077 2273 2134 λαὸν
2305 2062 2561 2131 σκεδάσαι
2628 2071 2678 2126 ἐν
2740 2069 3135 2144 ἀλεεινοτέροις
3197 2067 3449 2142 χωρίοις.
3494 2067 3562 2122 Ὃ
3611 2062 3679 2133 δὴ
3711 2065 3807 2120 καὶ

2142 2172 2399 2240 ποιήσας,
2456 2166 2530 2228 ὡς
2579 2161 2688 2235 ἤδη
2745 2164 2808 2218 τὸ
2868 2161 2961 2236 ἔαρ
3021 2158 3352 2234 έπέλαμπεν,
3415 2155 3804 2232 ἀμφοτέρωθεν

2144 2258 2296 2320 αὖθις
2329 2257 2466 2312 κατά
2492 2262 2595 2331 γῆν
2649 2274 2706 2308 τε
2763 2253 2853 2306 καὶ
2901 2250 3171 2306 θάλασσαν
3229 2244 3400 2324 ἔκρινε
3430 2242 3800 2324 προσϐάλλειν

2143 2353 2212 2424 τῇ
2270 2343 2698 2404 Κωνσταντίνου.
2754 2339 2913 2399 Ἀλλ’
2967 2337 3074 2411 ⁴ἤδη
3136 2338 3227 2394 καὶ
3275 2337 3365 2392 τὸν
3418 2335 3653 2412 Μιχαὴλ
3699 2335 3805 2411 οὐχ

2147 2440 2221 2504 ὡς
2249 2438 2311 2493 τὸ
2341 2437 2637 2512 πρότερον,
2698 2431 2818 2509 ἄρτι
2881 2428 2937 2485 δὲ
2997 2429 3395 2505 στρατιωτικήν
3427 2447 3548 2482 τινα
3578 2424 3800 2498 δύναμιν
3863 2478 3868 2482 .

2148 2530 2363 2606 εὕρισκε
2435 2523 2838 2597 συλλεξάμενον
2923 2521 3014 2575 καὶ
3097 2517 3278 2592 έτέραν
3339 2517 3476 2572 κατά
3533 2513 3799 2580 θάλασσαν

2147 2619 2431 2690 ναυτικήν.
2489 2617 2617 2674 Κατ’
2686 2612 2859 2668 ἐκεῖνο
2942 2616 3074 2686 γοῦν
3153 2607 3319 2666 πάλιν
3380 2605 3467 2682 ᾔει
3519 2609 3580 2664 τὸ
3643 2607 3805 2683 μέρος

2149 2709 2520 2782 ὁπλισάμενος
2616 2704 2707 2760 καὶ
2766 2702 3057 2778 πρότερον,
3111 2700 3204 2756 τὸν
3265 2697 3470 2754 κόλπον
3516 2702 3624 2753 τῶν
3660 2700 3810 2754 Βλα-

2151 2803 2382 2877 χερνῶν,
2430 2794 2520 2852 καὶ
2554 2793 2806 2866 σύνθημα
2866 2789 2991 2854 δοὺς
3042 2791 3104 2845 τὸ
3162 2786 3464 2861 πολεμικὸν
3495 2784 3713 2862 ἐνεργὸς
3740 2785 3808 2856 ἦν

2149 2890 2243 2953 τάς
2315 2885 2569 2961 μηχανὰς
2635 2881 2923 2957 προσάγων
2983 2880 3070 2935 καὶ
3141 2880 3208 2934 τὰ
3279 2877 3438 2951 τείχη
3504 2874 3807 2930 κατασείειν

2152 2972 2512 3053 πειρώμενος.
2584 2974 2734 3047 [504]
2803 2972 2891 3027 Ἐν
2958 2969 3004 3041 ᾧ
3090 2965 3148 3023 δὲ
3247 2970 3415 3022 ταῦτα
3489 2963 3805 3040 ἐπράττετο,

2154 3066 2228 3129 εἷς
2259 3065 2460 3142 λόγους
2515 3063 2542 3118 6
2602 3057 2836 3136 Μιχαὴλ
2899 3056 3037 3127 ἦλθέ
3093 3078 3202 3112 τισι
3229 3060 3338 3110 τῶν
3370 3053 3803 3130 στρατευομένων

2151 3160 2232 3229 τῷ
2262 3152 2558 3226 ἀποστάτῃ,
2627 3148 2925 3222 ἀμνηστίαν
2975 3167 3034 3202 τε
3093 3150 3273 3201 κακῶι
3325 3144 3513 3206 αὐτοῖς
3542 3139 3805 3219 ἐπαγγελ-

2154 3227 2390 3318 λόμενος
2434 3240 2524 3296 καὶ
2572 3237 3117 3312 καθυπισχνούμενος
3151 3233 3343 3289 δώσειν
3391 3233 3561 3307 ἀγαθὰ
3605 3227 3815 3299 πολλά,

2156 3335 2204 3390 εί
2273 3333 2437 3408 μόνον
2523 3327 2588 3398 δή
2652 3327 3036 3402 μετατάξαιντο
3084 3325 3175 3380 καὶ
3231 3321 3455 3397 ατίμασιν
3525 3318 3822 3396 ἐμφυλίοις

2153 3406 2492 3497 ἀπόσχοιντο
2560 3418 2896 3495 χραίνεσθαι.
2960 3413 3243 3487 Ἐπέραινε
3310 3410 3366 3469 δὶ
3431 3407 3608 3479 οὐδὲν,
3667 3406 3818 3464 ἀλλὰ

2156 3509 2660 3587 θαρραλεωτέρους,
2716 3504 2798 3560 ὅτι
2887 3503 2954 3572 δή
3043 3501 3134 3557 καὶ
3204 3497 3632 3574 παρακαλοῖντο,
3692 3497 3823 3559 τοὺς

2153 3597 2450 3658 ἀκούοντας
2483 3594 2682 3659 ἐποίει,
2740 3593 2832 3648 καὶ
2888 3597 2988 3662 τῆς
3042 3589 3102 3645 ἐκ
3151 3594 3250 3644 τοῦ
3307 3583 3481 3666 φόϐου
3511 3586 3820 3646 συστάσεως

2155 3686 2492 3762 λελυμένους
2549 3685 2639 3739 καὶ
2704 3677 3087 3758 βεϐαιοτέρους
3155 3684 3236 3752 τῷ
3296 3676 3575 3751 ἀποστάτῃ
3637 3674 3831 3751 εἰργά-

2156 3800 2314 3838 σατο.
2359 3779 2474 3846 Τῆς
2503 3773 2762 3843 τοιαύτης
2797 3769 2854 3826 δὲ
2881 3770 3072 3846 πείρας
3121 3769 3480 3846 ἀπεγνωκὼς,
3513 3765 3602 3821 καὶ
3632 3762 3827 3820 πολλὰ

2153 3869 2282 3930 τοὺς
2339 3867 2431 3920 σὺν
2492 3863 2639 3935 αὐτῷ
2698 3858 3081 3936 παρακαλέσας
3138 3855 3330 3931 ἄνδρας
3391 3855 3626 3932 ἀγαθοὺς
3672 3853 3828 3927 γενέ-

2158 3959 2278 4012 σθαι
2341 3955 2431 4010 καὶ
2489 3955 2564 4028 μή
2624 3953 2885 4027 προέσθαι
2939 3948 3202 4023 ἀλάστορι
3254 3946 3501 4023 τυράννῳ
3530 3945 3630 4013 τὴν
3660 3941 3826 3998 ἐλευ-

2157 4046 2360 4122 θερίαν,
2392 4043 2541 4121 ἅφνω
2599 4041 2659 4098 έκ
2715 4039 2944 4096 πολλῶν
3003 4035 3250 4094 πυλίδων
3288 4033 3518 4106 ἐξελθὼν
3548 4030 3828 4110 ἀπροσδο-

2157 4121 2342 4206 κήτως
2407 4131 2702 4189 ἐπιτίθεται
2759 4135 2876 4191 τοῖς
2933 4127 3218 4189 ἐναντίοις·
3279 4125 3370 4181 καὶ
3421 4129 3500 4197 τῷ
3533 4121 3830 4199 παραδόξῳ

2159 4222 2648 4296 καταπληξάμενος
2724 4219 2852 4282 τοὺς
2947 4214 3431 4292 ἀντιτεταγμένους
3532 4212 3823 4288 ἐτρέψατο,

2161 4315 2361 4394 φθόρον
2393 4313 2577 4368 ἱκανὸν
2632 4309 3001 4387 έργχσαμενος
3048 4307 3136 4362 καὶ
3189 4307 3344 4375 νίκην
3378 4303 3638 4377 λαμπρὰν
3672 4300 3828 4376 ἐνεγ-

2158 4406 2416 4479 κάμενος.
2476 4401 2580 4459 Καὶ
2667 4401 2734 4454 τά
2815 4398 3041 4453 ναυτικὰ
3106 4394 3164 4450 δὲ
3219 4398 3399 4456 κακῶς
3456 4391 3667 4468 ἠνέχθη
3720 4395 3827 4446 τοῦ

2160 4492 2487 4550 ἀποστάτου*
2522 4491 2595 4551 ὡς
2646 4489 2751 4564 γὰρ
2805 4488 2859 4542 αἱ
2921 4484 3201 4562 βασιλικαὶ
3259 4485 3502 4558 τριήρεις
3543 4482 3820 4556 ἀνήγοντο

2159 4585 2251 4638 καὶ
2306 4579 2415 4652 ἢδη
2472 4577 2877 4652 συμπλέκεσθαι
2952 4573 3212 4646 ἔμελλον,
3283 4570 3500 4645 δείμασί
3556 4592 3666 4626 τισι
3723 4568 3822 4624 καὶ

390 4686 658 4760 periculo
682 4655 919 4757 ereptis,
955 4700 1085 4755 qum
1117 4681 1297 4738 celeri
1346 4655 1486 4750 fuga
1525 4675 1599 4730 ad
1645 4677 1882 4745 portum
1915 4669 2042 4724 Bla-

2161 4666 2419 4760 θορύϐοις
2473 4667 2968 4760 περικτυπηθέντος
3025 4668 3121 4719 τοῦ
3169 4662 3412 4718 ἐναντίου
3453 4660 3654 4716 στόλου
3685 4657 3831 4733 πρύ-

394 4778 786 4834 chernensem
820 4779 1034 4830 avectae
1066 4773 1147 4827 ibi
1180 4788 1242 4827 se
1295 4785 1432 4825 cum
1457 4762 1838 4824 terrestribus
1868 4758 2054 4832 capiis

393 4867 856 4939 conjunxerunt.
892 4866 1011 4920 Hoc
1041 4861 1219 4918 modo
1268 4874 1365 4916 res
1396 4855 1546 4913 mari
1577 4858 1759 4926 gesta.
1794 4854 1868 4907 At
1898 4855 2055 4906 terra

391 4941 1860 5026 continenterleviaprmliaﬁebantmodoMichaelo
1874 4939 2052 4995 modo

391 5047 517 5103 filio
542 5048 672 5118 ejus
711 5043 1036 5116 Theophila
1081 5057 1216 5096 cum
1261 5035 1532 5093 Catacela
1576 5039 1634 5090 et
1663 5031 1910 5088 Olbiano
1945 5029 2054 5086 adv

387 5153 592 5192 versus
631 5136 863 5191 hostem
920 5149 1060 5188 suos
1108 5130 1416 5185 educente.
1460 5126 1680 5179 Horum
1711 5119 2051 5191 praeliorum

388 5227 553 5281 varia
581 5225 693 5280 fuit
715 5225 776 5279 in
794 5229 1110 5291 utramque
1133 5223 1360 5289 partem
1395 5211 1820 5269 fortuna.Justa
1851 5213 2050 5264 autem

392 5331 593 5389 pugna
623 5314 992 5370 decertatum
1037 5321 1344 5377 nunquam
1395 5307 1503 5370 est,
1539 5299 1696 5373 quod
1727 5299 2051 5369 imperator

392 5422 530 5461 cum
557 5405 749 5470 hoste,
777 5404 948 5476 cujus
971 5399 1159 5456 multo
1188 5401 1357 5452 erant
1377 5391 1820 5450 numerosiores
1842 5390 2047 5461 copim,

391 5494 672 5568 congredi
704 5494 831 5550 acie
863 5509 983 5548 non
1017 5487 1290 5546 audebat.
1327 5487 1444 5541 Hoc
1489 5500 1684 5539 rerum
1716 5485 1876 5536 statu
1903 5483 2051 5535 Mor-

393 5588 570 5653 tagon
627 5585 1013 5656 Bulgarorum
1071 5596 1175 5636 rex
1228 5578 1386 5645 fana,
1420 5592 1550 5646 quae
1611 5578 1797 5628 totum
1843 5570 2050 5626 orbem

393 5678 688 5729 terrarum
746 5675 1102 5744 pervaserat,
1161 5672 1562 5725 Romanorum
1626 5665 2050 5735 imperatorem

393 5764 582 5825 muris
612 5762 913 5819 inclusum
934 5759 1218 5830 obsideri,
1242 5758 1486 5825 excitus,
1508 5754 1660 5812 clam
1689 5753 1763 5811 ad
1794 5752 2048 5809 Michae-

2171 4782 2303 4836 μναν
2363 4759 2420 4814 αἱ
2485 4764 2609 4826 νῆες
2672 4754 2994 4830 ἐκρούσαντο
3059 4755 3147 4808 καὶ
3216 4752 3352 4828 πρὸς
3429 4751 3531 4819 τήν
3619 4747 3825 4824 χέρσον

2161 4855 2489 4928 κατήγοντο,
2521 4849 2612 4905 καὶ
2661 4850 2710 4903 οἱ
2774 4849 2868 4921 μὲν
2915 4851 3022 4902 τῶν
3058 4842 3262 4920 ἀνδρῶν
3297 4841 3650 4916 ηὐτομόλουν
3683 4841 3828 4914 πρὸς

2167 4940 2417 5021 βασιλέα,
2469 4939 2522 4994 οἱ
2572 4935 2629 4993 δὲ
2678 4938 2815 5012 πρὸς
2844 4937 2907 4992 τὸ
2939 4935 3140 4991 οῗκεῖον
3187 4929 3550 5008 στρατόπεδον
3588 4932 3650 4987 τὸ
3681 4930 3824 4986 κατὰ

2161 5036 2266 5111 γῆν
2318 5025 2736 5102 ἀπεδίδρασκον.
2797 5025 2902 5084 Καὶ
2962 5025 3105 5080 οὓτω
3167 5025 3261 5098 μὲν
3320 5021 3553 5092 ἀπονητὶ
3588 5018 3817 5092 διελύθη

2160 5109 2257 5177 τοῦ
2314 5119 2604 5195 τυράννονυ
2661 5116 2723 5171 τὸ
2790 5114 3254 5173 ναυτικόν.Ὃθεν
3309 5112 3401 5168 καὶ
3434 5110 3756 5188 Γρήγόριος,
3789 5109 3824 5164 6

2158 5216 2256 5268 τοῦ
2317 5207 2587 5287 βασιλέως
2644 5203 2972 5287 ἀδελφιδοῦς
3024 5206 3278 5270 Λέοντος,
3338 5201 3692 5276 συνεωρακὼς
3735 5198 3827 5255 εὐ-

2159 5297 2569 5375 καταφρόνητον
2624 5290 2754 5350 ὄντα
2795 5285 2900 5350 τὸν
2971 5296 3170 5366 Θωμᾶν
3230 5290 3558 5364 (ὖπετόπαζε
3617 5285 3673 5343 δὲ
3726 5287 3826 5342 καὶ

2158 5388 2444 5465 προϊόντος
2499 5389 2596 5440 τοῦ
2654 5384 2862 5458 χρόνου
2913 5383 3308 5458 γεννησόμενον
3360 5379 3447 5434 ἐπὶ
3485 5377 3700 5451 πλέον),
3733 5373 3832 5431 διὰ

2156 5499 2301 5540 τινος
2338 5478 2583 5554 μοναχοῦ
2611 5477 2720 5529 τών
2753 5471 2858 5528 ἀπὸ
2912 5478 3012 5542 τῆς
3066 5476 3235 5546 μονῆς
3263 5473 3373 5526 τῶν
3405 5464 3671 5524 Στουδίου
3701 5485 3829 5520 κοι-

2157 5567 2613 5644 νολογησάμενος
2678 5565 2758 5633 τῷ
2829 5559 3067 5637 βασιλεῖ,
3143 5560 3336 5635 μοῖράν
3395 5578 3514 5613 τινα
3571 5560 3668 5612 τοῦ
3729 5554 3821 5631 ὑφ’

2158 5657 2345 5714 ἑαυτὸν
2404 5652 2682 5732 τάγματος
2771 5650 3015 5729 εἰληφὼς
3099 5649 3252 5724 ῥῆξιν
3310 5649 3484 5705 ἐννοεῖ
3539 5645 3628 5701 καὶ
3679 5641 3824 5700 κατά

2159 5747 2332 5803 νώτου
2361 5746 2566 5822 γίνεται
2613 5745 2694 5816 τῷ
2754 5740 3029 5818 τυράννῳ,
3085 5740 3226 5816 ὁμοῦ
3279 5739 3374 5815 μὲν
3421 5741 3616 5796 τοῦτον
3645 5731 3831 5791 ἐκδει-
