4112 6412
303 411 426 470 969

1436 402 1982 465 HISTORIARUM
2027 402 2566 468 COMPENDIUM.

3610 417 3733 478 970

313 546 528 615 μαστῶν,
591 542 738 614 ὁμοῦ
796 535 856 594 δὲ
919 538 1009 594 καὶ
1069 539 1160 594 τὸν
1243 537 1470 624 βασιλέα
1528 535 1969 608 ἐξιλασκόμενος,

2084 536 2205 594 lum
2241 540 2443 604 mittit,
2481 540 2658 612 eique
2689 541 2848 596 ultro
2878 541 3196 614 pollicetur
3216 561 3278 600 se
3305 548 3589 604 auxilium
3607 569 3738 624 sup-

1178 626 1350 688 έκνοις

310 633 458 706 ὁμοῦ
492 629 548 686 δὲ
587 631 679 685 καὶ
719 629 939 704 γυναικὶ
996 630 1084 682 καὶ
1142 626 1350 688 τέκνοις
1408 619 1626 701 (ἔτυχον
1683 624 1785 700 γὰρ
1842 625 1972 677 καθ-

311 722 598 796 ειργμένοι
631 719 831 776 τούτου
879 722 957 786 τῷ
997 721 1169 791 Θωμᾷ
1222 718 1745 792 προσχωρήσαντος)
1794 733 1973 780 σωτη-

313 812 439 886 ρίαν
541 809 1078 885 πραγματευόμενος.
1157 805 1318 862 Ἀλλ’
1414 804 1537 860 οὔτε
1611 805 1638 858 ὁ
1718 801 1974 878 βασιλεὺς

319 895 523 978 ἔςθασε
556 897 824 969 διακοῦσι,
858 898 948 952 καὶ
981 899 1008 952 ὁ
1038 901 1237 968 Θωμᾶς
1264 897 1326 950 τὸ
1379 897 1454 967 μῆ
1506 892 1680 949 πολὺν
1724 891 1976 968 ἐξαίφνης

315 995 515 1046 τοῦτον
553 987 795 1064 γενέσθαι
820 985 1210 1062 κατορῥωδῶν,
1262 986 1351 1041 καὶ
1401 979 1569 1063 φόϐον
1618 986 1735 1044 τοῖς
1786 984 1976 1037 ἑαυτοῦ

323 1079 630 1153 ἐμποιῆσαι
694 1076 1057 1154 βουλόμενος.
1111 1078 1208 1144 τήν
1264 1077 1356 1148 μὲν
1408 1070 1822 1149 στρατοπεδείαν
1879 1079 1980 1140 τῆς

303 1168 530 1231 πόλεως
570 1168 632 1224 οὖ
691 1167 1030 1242 μετεκίνησε,
1076 1166 1139 1220 τὸ
1202 1165 1277 1238 μή
1337 1162 1645 1239 διωχθῆναι
1703 1161 1979 1232 ἐξόπισθεν

309 1256 607 1328 δεδοικὼς,
641 1257 804 1320 ὅσους
843 1256 901 1311 δὲ
954 1254 1075 1332 ᾓδει
1128 1256 1466 1330 ἀξιομάχους
1515 1255 1650 1308 εἶναι
1695 1259 1796 1321 τῆς
1840 1252 1976 1326 πρὸς

305 1349 404 1404 τὸν
470 1349 779 1426 Γρηγόριον
842 1344 1175 1421 συμπλοκῆς
1233 1339 1572 1420 παραλαϐών
1639 1343 1974 1419 στρατιώτας

310 1437 462 1512 ἐξῄει
489 1440 626 1515 πρὸς
658 1437 845 1504 αὐτὸν,
873 1436 964 1490 καὶ
1001 1436 1158 1514 μάχῃ
1190 1435 1528 1510 τρεψάμενος
1586 1439 1850 1512 φεύγοντα
1876 1451 1979 1485 κα-

310 1523 574 1585 ταλαϐὼν
627 1527 860 1602 ἀναιρεῖ.
913 1525 1019 1582 Καὶ
1063 1523 1216 1589 αὖθις
1273 1521 1361 1578 διὰ
1415 1523 1628 1602 ταχέων
1684 1523 1820 1596 πρὸς
1877 1521 1974 1583 τὰς

309 1614 781 1692 προσεδρευούσας
841 1619 911 1689 τῇ
979 1612 1141 1670 πόλει
1226 1611 1480 1686 δυνάμεις
1548 1611 1806 1682 ἐπάνεισι,
1880 1625 1970 1679 καὶ

311 1706 636 1784 γράμμασιν
697 1699 1037 1760 ἐπιστέλλων
1093 1701 1414 1776 ἁπανταχοῦ
1493 1700 1825 1774 ἐπεφήμιζεν
1899 1699 1976 1760 ὡς

317 1794 406 1866 εἴη
443 1793 758 1866 νενικηκὼς,
816 1792 948 1868 ὅπερ
1017 1793 1120 1847 οὐκ
1173 1794 1262 1860 ἦν,
1321 1791 1412 1845 καὶ
1470 1789 1602 1864 ὅπερ
1661 1789 1782 1862 εἶχε
1837 1785 1976 1842 κατᾶ

311 1887 414 1954 τὴν
481 1881 728 1941 Ἐλλάδα
793 1883 1044 1936 ναυτικὸν
1104 1881 1321 1959 ταχέως
1377 1879 1616 1934 ἐκέλευεν
1669 1878 1971 1951 ἀναχθῆναι

323 1975 400 2039 ὡς
433 1974 585 2035 αὖθις
634 1977 742 2029 τῶν
800 1972 937 2026 κατὰ
992 1969 1256 2035 θάλατταν
1311 1968 1659 2041 ἆνθεξόμενος
1717 1966 1974 2041 πραγμά-

316 2087 445 2120 των.
481 2063 583 2121 Καὶ
614 2065 676 2118 τὸ
711 2063 806 2135 μὲν
854 2062 1101 2116 ναυτικὸν
1163 2059 1544 2128 εὐθυπλοῆσαν
1601 2059 1817 2131 ταχέως
1880 2056 1975 2109 ἀνσ-

320 2156 509 2228 ἅγεται
538 2153 625 2206 καὶ
657 2156 737 2224 τῷ
767 2149 964 2226 χωρίῳ
994 2149 1421 2224 προσορμίζεται
1451 2152 1559 2201 τῶν
1619 2142 1881 2220 Βηρίδου,
1912 2142 1974 2198 ἐκ

318 2242 363 2295 ν’
421 2242 511 2296 καὶ
566 2241 608 2295 τ’
667 2239 1054 2312 συνιστάμενον
1114 2236 1327 2291 πλοίων
1387 2236 1707 2308 πολεμικῶν
1763 2255 1821 2288 τε
1877 2250 1970 2302 καὶ

321 2335 660 2406 σιταγωγῶν*
701 2332 784 2402 [Ρ.
816 2331 943 2401 505]
975 2329 1026 2382 οἱ
1059 2325 1116 2381 δὲ
1143 2331 1240 2382 τοῦ
1274 2324 1566 2401 βασιλικοῦ
1600 2323 1798 2378 στόλου
1839 2342 1972 2376 κατ-

322 2419 588 2492 ἄρχοντες
642 2420 738 2486 τήν
803 2418 1010 2472 τούτων
1067 2414 1434 2490 ἐπεγνωκότες
1507 2407 1718 2468 ἕλευσιν
1776 2410 1967 2472 νυκτὸς

317 2509 649 2565 ἐπιτίθενται
678 2508 1015 2582 ναυλοχοῦσι
1045 2513 1163 2568 τοῖς
1214 2504 1490 2572 ἐναντίοις,
1522 2505 1611 2558 καὶ
1659 2507 1738 2574 τῷ
1787 2500 1968 2574 at?ng-

315 2597 418 2672 δίῳ
448 2597 924 2671 καταπληξάμενοι
982 2593 1200 2657 πολλὰς
1264 2595 1358 2668 μὲν
1420 2591 1750 2666 αὐτάνδρους
1801 2589 1967 2664 ἔσχον

311 2693 421 2743 τῶν
470 2692 636 2759 νηῶν,
690 2688 836 2748 τινὰς
895 2684 952 2741 δὲ
1005 2685 1095 2741 καὶ
1147 2689 1226 2757 τῷ
1287 2687 1563 2754 σκευαστῷ
1619 2678 1964 2752 πυρπολοῦσι

311 2781 465 2855 πυρὶ,
499 2778 705 2856 ὀλίγων
753 2776 1038 2839 παντελῶς
1100 2771 1200 2849 ἔξω
1254 2776 1556 2852 γενομένων
1610 2775 1708 2827 τοῦ
1761 2770 1965 2830 πάθους

312 2870 568 2945 καὶπρὸς
593 2869 683 2924 τὸν
719 2867 930 2923 κόλπον
986 2870 1092 2920 τῶν
1150 2864 1478 2938 Βλαχερνῶν
1533 2865 1759 2935 κατᾶραι
1818 2859 1965 2913 ἐπει-

306 2956 578 3034 γομένων,
612 2958 685 3020 ὡς
718 2957 778 3012 ἄν
823 2957 930 3011 εἶεν
987 2953 1269 3028 ἡνωμέναι
1327 2957 1395 3026 τῇ
1453 2952 1588 3006 κατὰ
1617 2956 1748 3026 ,γῆν
1802 2969 1965 3023 στρα-

307 3054 417 3120 τιᾷ·
451 3048 482 3103 ὅ
517 3045 582 3118 δὴ
642 3048 732 3102 καὶ
791 3047 1004 3122 γέγονε.
1066 3045 1172 3100 Καὶ
1228 3044 1296 3097 τὰ
1353 3043 1446 3116 μὲν
1499 3041 1633 3096 κατᾶ
1691 3039 1960 3102 θάλασσαν

315 3143 507 3194 τοῦτον
536 3138 657 3213 εἶχε
680 3139 771 3193 τὸν
804 3138 1006 3211 τρόπον
1066 3136 1202 3189 κατά
1259 3135 1360 3206 γῆν
1423 3129 1478 3186 δὲ
1535 3124 1962 3205 ἀκροϐολισμῶν

326 3232 558 3303 συνεχῶν
591 3225 917 3304 γινομένων,
952 3229 1044 3279 νῦν
1081 3224 1176 3298 μὲν
1207 3227 1304 3277 τοῦ
1351 3220 1610 3296 Μιχαὴλ,
1659 3217 1747 3273 νῦν
1781 3216 1838 3272 δὲ
1868 3221 1964 3271 τοῦ

325 3317 441 3370 υἱοῦ
495 3317 663 3372 αὐτοῦ
720 3313 1012 3390 Θεοφίλου]
1067 3313 1370 3382 ἐπεξιόντος
1451 3316 1570 3371 τοῖς
1636 3309 1966 3368 ἀποστάταις

321 3407 457 3478 μετᾶ
485 3410 581 3461 τοῦ
610 3401 905 3463 Ὀλϐιανοῦ
935 3402 1025 3458 καῖ
1060 3407 1158 3458 τοῦ
1205 3400 1526 3470 Κατακήλα,
1578 3398 1710 3452 ποτὲ
1767 3397 1860 3469 μὲν
1900 3395 1967 3450 τὰ

310 3501 413 3550 τοῦ
476 3495 746 3570 βασιλέως
813 3493 1230 3567 ἐπικρατέστερα
1286 3491 1376 3563 ἦν,
1447 3489 1580 3543 ποτέ
1639 3485 1696 3542 δὲ
1749 3487 1816 3541 τά
1870 3489 1967 3540 τοῦ

310 3585 643 3650 ἀποστάτου,
680 3583 740 3639 οὗ
791 3585 898 3656 μὴν
954 3581 1159 3658 ἀγῶνές
1206 3599 1344 3641 τινες
1399 3577 1645 3652 λαμπροὶ
1705 3577 1797 3631 καὶ
1855 3596 1948 3630 νεα

309 3673 459 3729 νικοὶ
492 3672 552 3728 ἐκ
581 3673 932 3745 παρατάξεως
966 3670 1309 3739 συνέστησαν,
1367 3667 1458 3722 ἅτε
1505 3665 1570 3737 δὴ
1621 3664 1822 3737 πολλῷ
1867 3670 1967 3720 τοῦ

312 3762 590 3838 βασιλέως
624 3759 1027 3833 ἐλαττουμένου
1056 3763 1135 3830 τῷ
1163 3757 1366 3828 πλήθει
1403 3755 1494 3809 καὶ
1548 3757 1623 3826 μὴ
1674 3755 1813 3828 πρὸς
1867 3754 1966 3821 τὴν

306 3857 411 3908 τοῦ
441 3854 704 3924 τυράννου
765 3849 992 3923 δύναμιν
1052 3847 1451 3908 ἀντιτάττεσθαι
1515 3842 1828 3915 δυναμένου.
1883 3843 1970 3898 Ἑν

309 3942 530 4003 τούτοις
584 3937 750 3995 ὄντων
809 3939 1007 4005 αὐτῶν,
1069 3936 1373 4011 Μορτάγων
1407 3936 1570 3989 ὁτῶν
1635 3931 1966 4006 Βουλγάρων

317 4031 583 4110 βασιλεὺς
643 4029 753 4102 (καὶ
803 4030 904 4105 γὰρ
960 4023 1180 4105 ἔφθασεν
1212 4029 1246 4094 ἡ
1299 4027 1460 4104 φήμη
1518 4021 1814 4096 πληρῶσαι
1857 4021 1969 4110 ,τὴν

315 4108 650 4193 οἷκο·3μένην
715 4119 788 4180 ὡς
823 4119 850 4172 ὁ
886 4114 1140 4190 βασιλεὺς
1197 4119 1302 4168 τῶν
1365 4111 1656 4184 Ῥωμαίων
1717 4108 1968 4184 συγκλει-

313 4211 467 4272 σθεὶς
532 4211 805 4287 τειχήρης
864 4205 976 4262 ἐστὶ
1028 4205 1118 4259 καὶ
1175 4201 1580 4277 πολιορκεῖται)
1638 4198 1814 4274 λάθρα
1849 4199 1971 4254 τινὰ

313 4301 630 4379 πεπομφὼς
688 4299 764 4359 ὡς
831 4297 991 4352 αὐτὸν
1051 4292 1428 4364 ἐξαποστεῖλαι
1489 4292 1744 4365 βοήθειαν
1805 4289 1972 4343 αὐτο-

317 4391 486 4466 μάτῳ
530 4375 917 4465 ἐπηγγέλλετο
977 4386 1175 4461 γνώμῃ
1237 4382 1327 4437 καὶ
1397 4380 1738 4454 συμμαχίαν.
1798 4379 1859 4435 Ὁ
1914 4375 1971 4432 δὲ

308 4477 578 4554 Μιχαὴλ,
630 4477 735 4533 εἶ’τὲ
792 4480 860 4550 τῇ
892 4472 1126 4546 ἀληθεθᾳ
1175 4472 1238 4527 τὸ
1285 4475 1390 4525 τῶν
1435 4467 1734 4546 ὁμοφύλων
1775 4467 1974 4522 οἰκτεί-

314 4592 432 4647 ρων
467 4568 676 4638 πλῆθος
710 4567 817 4622 εἶ’τε
847 4565 936 4621 καὶ
994 4563 1305 4639 χρημάτων
1335 4557 1654 4636 φειδόμενος
1685 4556 1974 4632 (ἐτύγχανε

2084 628 2392 698 petiasque
2418 631 2764 687 missurum.
2798 634 3144 704 Imperator,
3181 634 3296 690 sive
3321 636 3479 706 quod
3510 655 3570 694 re
3603 656 3738 696 vera

2084 717 2286 773 civiles
2309 719 2696 776 miseraretur
2715 721 3153 792 multitudines,
3176 725 3297 779 sive
3318 728 3584 797 pecunia:
3605 746 3738 799 par-

2083 823 2227 861 cens
2245 810 2458 878 (neque
2475 811 2633 864 enim
2661 827 2727 865 eo
2749 811 2902 868 alius
2925 813 3250 884 imperator
3268 815 3564 871 sordidior
3584 818 3738 891 fuit),

2083 895 2324 951 laudata
2349 898 2579 970 Bulgari
2612 901 2913 956 voluntate
2938 903 3267 958 subsidium
3285 907 3597 961 recusavit.
3628 907 3743 963 Sed

2084 986 2376 1057 Mortagon
2390 993 2457 1042 ut
2469 989 2568 1058 qui
2583 990 2804 1061 alioqui
2822 991 2992 1047 bellis
3005 993 3341 1065 praedisque
3355 1010 3462 1065 per
3474 1012 3540 1050 ea
3555 997 3740 1067 partis

2083 1074 2452 1144 gauderet,et
2467 1078 2538 1132 fa:
2549 1078 2656 1134 dus
2672 1080 2999 1136 tricennale
3014 1082 3168 1137 886
3181 1099 3316 1137 cum
3334 1085 3523 1139 Leone
3537 1089 3741 1140 Arme-

2082 1164 2182 1218 nio
2197 1171 2437 1235 pactum
2456 1168 2811 1224 confirmare
2838 1179 3102 1241 cuperet,
3126 1171 3517 1228 nihilominus
3529 1179 3738 1230 contra

2081 1253 2366 1310 Thomam
2400 1257 2835 1328 expeditionem
2867 1261 3166 1332 suscepit;
3201 1278 3455 1334 cumque
3487 1263 3549 1318 in
3584 1264 3734 1319 fines

2084 1344 2491 1400 Romanorum
2521 1348 2906 1418 pervenisset,
2940 1349 3013 1404 ad
3045 1349 3242 1405 locum
3300 1352 3395 1406 cui
3445 1352 3733 1409 Cedoctus

2084 1450 2324 1497 nomen,
2340 1443 2535 1492 castra
2545 1439 2857 1509 posuit.lbi
2871 1439 3331 1512 Thomas,quem
3349 1441 3735 1514 Bulgarorum

2084 1523 2369 1579 adventus
2404 1526 2652 1581 minime
2704 1527 3011 1598 fefellerat,
3044 1530 3318 1602 graviter,
3361 1536 3428 1586 ut
3455 1548 3563 1604 par
3588 1538 3736 1601 erat,

2084 1613 2284 1667 animo
2315 1615 2718 1685 perturbatus,
2750 1623 2816 1671 ut
2847 1635 2908 1674 se
2957 1635 3024 1673 ex
3080 1621 3429 1676 aestuatione
3475 1621 3736 1695 collegit,

2082 1717 2248 1757 arma
2279 1719 2415 1758 suos
2446 1721 2681 1760 sumere
2706 1706 2897 1776 jubet.
2925 1708 3189 1780 Cumque
3212 1709 3438 1766 videret
3464 1726 3527 1766 se
3551 1710 3741 1766 imbe-

2083 1789 2287 1846 cillum
2327 1792 2601 1864 victuque
2632 1794 2868 1850 facilem
2916 1795 3062 1864 fore,
3125 1797 3420 1868 siquidem
3479 1799 3543 1854 in
3593 1799 3740 1855 duas

2084 1885 2282 1951 partes
2317 1897 2455 1936 suas
2487 1883 2686 1954 copias
2732 1883 3063 1940 diduxisset
3115 1889 3277 1954 (nam
3338 1893 3398 1942 et
3453 1887 3526 1943 ad
3589 1889 3743 1960 Cpo-

2083 1969 2169 2024 lin
2230 1973 2691 2042 oppugnandam
2749 1974 2987 2029 nonnisi
3070 1977 3598 2032 numerosissimus
3681 1982 3743 2032 et

2081 2076 2310 2133 magna:
2341 2061 2572 2117 virtutis
2606 2065 2897 2120 exercitus
2929 2065 3367 2136 requirebatur,
3427 2083 3497 2121 eo
3550 2067 3739 2140 magis

2081 2150 2240 2219 quod
2264 2151 2389 2221 jam
2422 2151 2747 2222 imperator
2777 2153 2936 2209 haud
2971 2155 3476 2210 contemnendum
3531 2163 3590 2212 et
3634 2157 3738 2227 qui

2081 2238 2142 2292 in
2171 2238 2382 2295 faciem
2415 2241 2570 2295 hosti
2611 2241 2890 2299 resistere
2940 2249 3142 2315 posset
3197 2247 3524 2301 exercitum
3562 2261 3740 2317 para-

2079 2335 2262 2394 verat,
2296 2337 2355 2384 et
2384 2335 2590 2386 contra
2621 2331 3004 2405 Bulgarorum
3028 2334 3227 2405 copias
3250 2336 3490 2390 nonnisi
3523 2351 3737 2409 magno

2081 2418 2391 2489 validoque
2423 2437 2559 2475 cum
2591 2423 2852 2477 exercitu
2911 2424 3160 2495 pugnari
3218 2426 3492 2495 poterat),
3541 2426 3739 2496 potius

2079 2508 2379 2563 existimat
2408 2510 2481 2563 ab
2513 2511 2658 2565 urbe
2689 2512 2751 2566 in
2802 2513 3085 2584 Bulgaros
3137 2513 3373 2581 ducere,
3425 2514 3643 2585 quibus
3673 2529 3736 2568 se

2079 2613 2281 2667 parem
2319 2613 2448 2653 esse
2483 2601 2992 2672 putabat..ltaque
3054 2603 3209 2672 apud
3269 2603 3590 2659 Cedoctum
3642 2604 3733 2658 in-

2076 2691 2301 2740 structa
2327 2688 2455 2741 acie
2482 2704 2615 2743 cum
2670 2690 2742 2745 iis
2800 2692 3196 2763 congreditur.
3271 2693 3485 2768 verum
3543 2708 3610 2746 eo
3669 2691 3734 2747 in

2073 2774 2282 2845 prcelio
2318 2792 2529 2848 magna
2563 2795 2696 2832 cum
2730 2795 2971 2834 suorum
3025 2786 3216 2853 strage
3268 2787 3603 2852 superatur,
3658 2781 3732 2836 iis

2073 2864 2173 2933 qui
2209 2863 2344 2936 fuga
2367 2864 2614 2921 salutem
2631 2875 2980 2939 paraverant
2997 2870 3058 2924 in
3075 2870 3272 2925 locum
3292 2870 3609 2942 quemdam
3629 2887 3732 2926 ac-

2072 2968 2276 3008 cessus
2301 2954 2618 3011 habentem
2643 2957 2920 3013 difﬁciles
2941 2960 3396 3032 congregatis,et
3417 2960 3560 3030 quid
3576 2960 3732 3015 futu-

2071 3061 2202 3100 rum
2232 3054 2390 3103 esset
2421 3050 2884 3120 speculantibus.
2916 3053 3195 3124 Bulgarus
3226 3053 3469 3126 captivis
3501 3059 3559 3109 et
3588 3070 3733 3126 spo-

2072 3133 2170 3190 liis
2183 3137 2569 3208 amplissimis
2589 3137 3118 3197 abductis'domum
3140 3142 3510 3209 reditelatus
3529 3159 3733 3212 super-

2071 3220 2361 3294 biensque
2385 3227 2644 3282 victoria.
2677 3229 2787 3283 Sed
2812 3229 3218 3300 classii,quam
3253 3230 3324 3286 ad
3359 3229 3732 3285 obsidionem

2087 3309 2234 3367 887
2299 3314 2624 3385 reliquerat
2688 3317 2962 3384 Thomas,
3021 3335 3263 3374 suorum
3321 3319 3525 3374 audita
3571 3317 3735 3374 clade

2079 3405 2200 3455 tota
2232 3402 2304 3456 ad
2339 3403 2759 3474 imperatorem
2793 3407 3028 3464 defecit.
3065 3410 3139 3463 At
3187 3408 3470 3463 Thomam
3511 3407 3740 3463 daamo-

2081 3506 2208 3557 nes,
2245 3499 2406 3562 puto,
2442 3511 2590 3564 quos
2621 3494 2762 3550 belli
2790 3497 2963 3551 istius
2995 3497 3189 3552 socios
3221 3497 3498 3564 habebat,
3531 3503 3590 3551 et
3639 3513 3739 3551 re-

2083 3581 2180 3651 gni
2213 3582 2370 3652 quod
2403 3584 2597 3639 adhuc
2629 3585 2966 3641 somniabat
2995 3587 3269 3658 potiundi
3318 3586 3617 3658 cupiditas
3671 3601 3740 3641 eo

2081 3672 2368 3726 vecordia;
2411 3673 2758 3746 adegerunt,
2815 3681 2882 3730 ut
2924 3676 3191 3747 undique
3241 3677 3496 3743 attritus,
3549 3675 3742 3746 deque

2079 3761 2469 3831 amplissimis
2500 3764 2678 3819 rebus
2711 3765 2771 3819 in
2803 3767 3108 3839 angustias
3140 3767 3506 3838 compulsus,
3543 3771 3744 3823 tamen

2078 3850 2152 3905 ab
2184 3851 2496 3908 obsidione
2530 3871 2650 3910 non
2705 3856 3020 3911 desisteret
3093 3857 3354 3912 Tandem
3407 3856 3629 3912 frustra
3676 3873 3740 3912 se

2078 3938 2350 3995 laborare
2378 3943 2665 4008 sentiens,
2700 3944 2760 3997 in
2795 3961 3070 4016 campum
3104 3945 3425 4016 quemdam
3457 3945 3550 4000 cui
3600 3946 3740 4000 Dia-

2079 4027 2238 4082 basis
2269 4046 2514 4094 nomen,
2549 4049 2757 4087 omnes
2789 4049 2927 4088 suas
2954 4034 3156 4105 copias
3188 4033 3463 4100 traducit,
3510 4032 3740 4105 aliquot

2078 4117 2281 4171 multis
2311 4119 2383 4173 ab
2414 4119 2558 4174 urbc
2580 4119 2786 4176 stadiis
2818 4121 3113 4189 dissitum,
3149 4122 3252 4178 sed
3278 4122 3729 4177 excursionibus

2078 4212 2280 4277 aptum
2312 4213 2372 4261 et
2400 4207 2472 4262 ob
2503 4224 2794 4278 aquarum
2826 4210 3195 4266 affluentiam
3216 4210 3731 4280 idoneum,ibique

2081 4301 2275 4351 castra
2301 4297 2490 4365 locat;
2525 4313 2558 4352 a
2589 4315 2702 4368 que
2734 4299 2872 4354 inde
2906 4300 3076 4354 factis
3122 4299 3573 4355 excursionibus
3605 4315 3735 4353 om-

2083 4402 2221 4441 nem
2254 4387 2674 4442 suburbiorum
2705 4389 3063 4461 elegantiam
3097 4390 3445 4459 corrumpit,
3487 4405 3630 4457 non,
3671 4393 3740 4443 ut

2082 4482 2239 4539 ante,
2274 4475 2334 4530 in
2367 4482 2752 4548 conspectum
2787 4495 2993 4533 eorum
3026 4479 3128 4550 qui
3161 4479 3220 4534 in
3240 4478 3387 4534 urbe
3410 4483 3582 4534 erant
3600 4493 3742 4533 suos

2086 4565 2364 4620 educens.
2404 4567 2519 4622 Hoc
2551 4567 2652 4621 ubi
2698 4567 2992 4622 intellexit
3041 4569 3388 4640 imperator,
3434 4567 3740 4640 egregium

314 4660 428 4738 γὰρ
457 4663 562 4713 τῶν
627 4658 853 4712 πώποτε
913 4652 1183 4730 βασιλέων
1245 4648 1812 4724 σμικρολογώτατος),
1880 4648 1973 4710 τήν

2092 4656 2418 4710 exercitum
2451 4663 2775 4728 comparat,
2803 4658 2974 4728 eique
2994 4658 3324 4715 Catecelam
3346 4663 3404 4714 et
3423 4657 3744 4714 Olbianum

320 4734 426 4824 μὲν
457 4749 683 4824 γνώμην
714 4749 810 4800 τοῦ
843 4743 1162 4818 Βουλγάρου
1199 4739 1356 4810 ἠξίου
1409 4736 1725 4816 ἀποδοχῆς,
1776 4740 1876 4805 τήν
1925 4734 1983 4791 δὲ

321 4839 588 4916 βοήθειαν
645 4838 968 4911 παρῃτεῖτο.
1029 4829 1250 4889 Ἀλλ”ὁ
1297 4848 1359 4902 γε
1413 4827 1716 4916 Μορτάγῳν
1773 4826 1984 4916 χαίρων

325 4913 429 5002 μὲν
460 4925 548 4980 καὶ
579 4923 769 4986 ἄλλως
818 4921 1090 4995 πολέμοις
1145 4919 1237 4974 καὶ
1302 4917 1397 4978 τὰς
1455 4915 1516 4970 ἐκ
1565 4915 1779 4970 τούτων
1835 4913 1984 4976 λείας

317 5017 673 5090 καρποῦσθαι
733 5011 935 5090 φιλῶν,
994 5009 1086 5065 καὶ
1143 5008 1239 5068 τὰς
1298 5005 1432 5079 πρὸς
1490 5005 1582 5059 τὸν
1647 5002 1874 5078 βασιλέα
1931 5002 1989 5058 δὲ

317 5106 767 5181 τριακοντούτεις
799 5099 1033 5162 σπονδὰς
1082 5098 1230 5173 παρᾶ
1277 5100 1373 5151 τοῦ
1421 5091 1987 5171 προϐεϐασιλευκότος

325 5196 568 5257 Λέοντος
613 5192 973 5270 γεγενημένας
1033 5182 1424 5244 ἐπιϐεϐαιῶσαι
1483 5183 1572 5239 καὶ
1632 5183 1988 5263 ἰσχυροτέρας

325 5291 561 5354 ποιῆσαι
625 5286 824 5353 ζητῶν,
882 5283 982 5350 τήν
1035 5279 1171 5333 κατὰ
1234 5279 1331 5330 τοῦ
1416 5273 1678 5345 τυράννου
1739 5275 1988 5341 στρατιάν

324 5375 652 5450 ηὐτρέπισε,
684 5371 777 5427 καὶ
811 5369 877 5438 δὴ
921 5374 1028 5425 τῶν
1086 5364 1380 5439 Ῥωμαίων
1441 5366 1584 5439 ὅρων
1639 5359 1850 5418 ἔντοσθε
1901 5384 1990 5440 γε·

327 5463 514 5537 γονὼς
553 5461 686 5517 κατὰ
713 5461 805 5516 τὸν
840 5456 1154 5530 Κηδούκτου
1214 5460 1400 5533 χῶρον
1462 5454 1610 5508 οὓτω
1658 5453 1994 5525 καλούμενον

334 5553 439 5620 τὴν
471 5545 834 5626 παρεμϐολὴν
893 5547 1148 5618 ἐπήξατο.
1209 5542 1469 5600 ἹΙγοόετο
1531 5539 1607 5611 δὲ,
1665 5541 1756 5596 καὶ
1811 5540 1994 5606 λαθεῖν

324 5647 500 5698 ταῦτα
530 5642 624 5696 τὸν
658 5640 970 5710 ἀποστάτην
1017 5636 1115 5691 οὐκ
1162 5635 1252 5704 ἦν.
1306 5633 1406 5688 Καὶ
1459 5631 1694 5703 ἐδυνήθη
1753 5633 1870 5706 μὲν,
1917 5634 1991 5696 ὡς

329 5733 501 5800 εἰκὸς,
561 5731 652 5786 καὶ
707 5730 802 5792 τὰς
863 5730 1058 5807 φρένας
1124 5725 1538 5796 κατεκτυπῆθη,
1597 5721 1652 5778 ἐν
1709 5723 1885 5796 ἑαύτῷ
1945 5720 1991 5778 δ’

617 5853 878 5914 ΡΑΤιιοι..
924 5852 1038 5911 GR.
1085 5847 1290 5908 CXXI.

2095 4745 2277 4800 duces
2306 4747 2600 4817 praeponit
2628 4764 2641 4814 ;
2674 4747 2920 4818 ipseque
2961 4748 3194 4804 scholas
3243 4765 3374 4819 quin
3424 4748 3654 4820 vigilias
3683 4748 3746 4803 in

2093 4834 2312 4905 palatio
2371 4835 2612 4904 obeunt,
2660 4835 3122 4909 sodalitatesque
3161 4855 3495 4904 assumens,
3541 4843 3752 4892 contra

2095 4927 2379 4980 Thomam
2431 4927 2614 4995 ducit,
2673 4944 2801 4982 rem
2859 4929 3093 4985 collatis
3140 4929 3326 5002 signis
3379 4929 3750 4984 decretums.

2097 5017 2350 5070 Fortiter
2379 5031 2514 5070 eum
2544 5017 2800 5073 Thomas
2832 5019 3134 5074 sustinuit.
3167 5019 3454 5088 Cumque,
3477 5022 3542 5070 ut
3572 5031 3754 5088 appa-

2097 5111 2208 5173 ret,
2242 5111 2366 5161 arte
2398 5106 2632 5161 vincere
2664 5107 2864 5162 hostes
2897 5107 3182 5172 studeret,
3215 5107 3408 5178 primo
3432 5119 3752 5176 congressu

2101 5201 2262 5266 terga
2292 5211 2430 5250 suos
2464 5195 2624 5264 dare,
2667 5213 2993 5266 rursusque
3024 5195 3524 5268 persequentibus
3567 5192 3754 5248 hosti-

2100 5283 2210 5338 bus
2241 5299 2372 5338 sese
2414 5283 2690 5338 adversos
2735 5283 2994 5355 objicere
3040 5284 3463 5354 inopinataque
3509 5298 3760 5337 conver-

2102 5372 2269 5428 sione
2301 5373 2363 5428 in
2393 5373 2590 5445 fugam
2621 5373 2919 5445 conjicere
2955 5373 3148 5444 jubet.
3201 5374 3319 5428 Hoc
3370 5371 3611 5443 quidem
3656 5369 3758 5426 ille

2101 5462 2526 5534 praecipiebat:
2557 5461 2661 5516 sed
2694 5478 2814 5516 non
2846 5467 2974 5517 erat
3002 5462 3268 5517 futurum
3299 5467 3366 5518 ut
3395 5463 3448 5516 ei
3481 5462 3594 5517 hoc
3615 5476 3762 5516 con-

2105 5551 2312 5607 silium
2351 5551 2715 5608 succederet.
2748 5549 2962 5606 Milites
3012 5551 3170 5606 enim
3222 5550 3373 5622 ejus,
3422 5551 3522 5622 qui
3573 5550 3764 5622 ipsius

2103 5641 2256 5697 888
2293 5658 2473 5696 causa
2495 5641 2730 5712 diujam
2752 5641 3036 5696 uxoribus
3054 5640 3378 5713 liberisque
3401 5642 3524 5696 suis
3550 5655 3762 5696 carue-

2102 5737 2258 5799 raut,
2291 5745 2624 5801 manusque
2655 5729 2966 5803 gentilium
3002 5730 3289 5804 sanguine
3321 5730 3768 5788 contaminave-

3406 5852 3480 5911 31
