4112 6424
361 392 478 454 971

1731 381 2059 448 GEORGII
2103 379 2458 445 GEDHENI

3667 387 3800 446 972

363 535 522 595 rant,
554 525 732 583 simul
764 531 823 581 et
847 524 1134 596 temporis
1166 541 1330 580 mora
1369 523 1620 579 confecti
1663 523 1806 594 (jam
1859 519 2019 574 enim

2142 514 2294 587 ὅμως
2327 516 2492 572 πάλιν
2522 517 2813 590 γενόμενος
2843 517 2941 584 τὴν
2999 517 3190 572 ἑαυτοῦ
3249 519 3505 591 στρατιὰν
3565 517 3802 591 ἐξώπλι-

366 617 695 674 triennium
733 622 1003 670 exactum
1036 616 1188 682 erat)
1219 620 1277 669 et
1306 614 1466 669 exitu
1502 618 1802 668 carentem
1849 625 2035 665 cona-

368 713 496 762 tum
529 723 590 761 se
621 704 952 775 suscepisse
1003 702 1348 769 sentientes,
1398 703 1498 772 qui
1553 701 1800 755 insania)
1851 705 2029 767 atque

371 795 679 868 cupiditati
726 794 903 848 unius
954 791 1056 844 viri
1104 792 1414 856 servirent,
1470 797 1832 863 praeceptum
1884 785 2033 842 illud

371 886 655 942 divinitus
681 883 861 937 oblati
883 880 1180 936 commodi
1204 881 1332 934 loco
1353 881 1662 945 ducentes,
1684 886 1748 933 ut
1775 878 2032 950 primum

373 976 532 1032 tuba:
582 973 933 1028 cecinerunt
991 971 1307 1025 classicum
1364 971 1642 1040 aciesque
1700 984 2032 1041 congressae

373 1069 528 1128 sunt,
558 1079 678 1116 non
711 1061 1025 1132 ﬁngentes,
1062 1067 1126 1114 ut
1158 1068 1328 1115 erant
1353 1059 1530 1131 jussi,
1563 1061 1788 1132 fugam,
1847 1059 2032 1113 effuse

373 1153 658 1222 nullaque
691 1167 828 1207 cum
861 1151 1277 1205 convenientia
1325 1150 1566 1206 ordines
1616 1148 1920 1204 solverunt
1966 1162 2034 1200 ac

371 1242 641 1312 dissipati
678 1245 818 1294 sunt
841 1257 855 1305 ;
879 1245 1058 1310 atque
1084 1239 1165 1293 ita
1187 1240 1358 1311 pauci
1384 1239 1585 1305 modo,
1611 1256 1746 1293 mox
1771 1235 2035 1306 complu-

369 1347 465 1385 res
497 1329 571 1385 ad
601 1330 1022 1400 imperatorem
1061 1328 1540 1400 transfugerunt.
1594 1328 1848 1381 Thomas
1897 1341 2032 1379 cum

371 1421 576 1492 paucis
611 1417 968 1490 quibusdam
993 1417 1425 1488 Adrianopolin
1448 1417 1644 1471 salvus
1659 1415 1956 1487 pervenit;
1979 1418 2038 1468 et

374 1510 626 1565 licticius
650 1508 751 1563 ille
774 1509 825 1578 ej
837 1525 903 1562 us
927 1507 1084 1562 ﬁlius
1106 1507 1454 1562 Anastasius
1476 1524 1544 1561 ex
1562 1507 1698 1577 fuga
1720 1504 2031 1560 castellum

377 1600 598 1670 Bizyaaa
627 1598 952 1669 occupavit.
991 1598 1103 1650 Hos
1135 1596 1412 1668 evestigio
1445 1595 1797 1650 subsecutus
1844 1595 2034 1664 impe-

376 1696 539 1746 rator
569 1690 760 1761 primo
792 1687 1064 1742 obsidere
1095 1688 1376 1742 Thomam
1409 1686 1688 1741 decrevit.
1742 1686 1927 1749 Quam
1959 1682 2034 1738 ad

375 1781 746 1836 obsidionem
778 1796 896 1834 non
930 1778 1380 1847 machinas,non
1415 1781 1714 1832 tormenta
1741 1774 2032 1842 adhibuit,

377 1887 512 1925 cum
543 1869 700 1940 quod
743 1869 887 1923 belli
945 1868 1136 1922 civilis
1193 1867 1411 1921 damna
1459 1870 1702 1936 cuperet
1749 1864 2029 1931 devitare,
2061 1885 2108 1948 Β

378 1965 504 2013 tum
537 1958 694 2028 quod
725 1956 1103 2027 Adrianopoli
1135 1957 1355 2010 vicinos
1387 1955 1631 2025 Scythas
1661 1953 1905 2008 nolebat
1936 1953 2029 2006 in-

379 2054 847 2102 strumentorum
871 2045 1087 2116 quibus
1117 2045 1296 2100 urbes
1319 2049 1740 2116 oppugnantur
1759 2042 2033 2096 notitiam

377 2136 703 2207 consequi:
738 2134 841 2189 sed
873 2135 1025 2188 fame
1057 2151 1124 2189 ac
1176 2134 1428 2205 penuria
1481 2149 1679 2187 rerum
1732 2131 1806 2186 ad
1854 2130 2032 2184 vitam

377 2225 856 2282 necessariarum
890 2230 1156 2279 statuens
1187 2239 1323 2277 eum
1354 2223 1416 2276 in
1463 2239 1630 2277 suam
1677 2225 2034 2292 potestatem

379 2317 670 2387 redigere,
703 2313 855 2368 vallo
889 2328 955 2366 ac
987 2313 1141 2367 fossa
1165 2313 1635 2366 circumventum
1657 2309 1865 2365 urbem
1890 2295 2039 2363 acri-

383 2413 475 2460 ter
504 2404 754 2458 obsedit.
789 2403 1042 2457 Thomas
1073 2402 1264 2472 primo
1298 2417 1503 2456 omnes
1536 2400 1635 2469 qui
1669 2415 1776 2470 per
1800 2404 2034 2452 aetatem

382 2493 534 2548 bello
567 2493 768 2547 idonei
790 2508 908 2545 non
937 2496 1108 2546 erant
1137 2499 1196 2545 et
1216 2507 1393 2545 omne
1411 2489 1636 2545 animal
1659 2487 1870 2542 inutile
1889 2486 2035 2542 urbe

383 2581 626 2653 expulit.
659 2580 881 2636 Deinde
913 2580 1357 2652 ingravescente
1388 2579 1543 2633 fame
1575 2595 1643 2633 ac
1693 2577 1880 2632 salute
1933 2575 2038 2630 de-

384 2676 640 2744 sperata,
674 2670 774 2740 qui
802 2686 936 2724 cum
968 2669 1096 2740 ipso
1129 2675 1319 2738 erant,
1343 2685 1449 2739 per
1479 2667 1776 2739 portulam
1827 2681 2039 2736 quam-

385 2761 523 2816 dam
555 2759 760 2814 furtim
793 2758 1002 2829 elapsi,
1034 2757 1187 2813 889
1220 2757 1497 2812 nonnulli
1532 2757 1709 2811 etiam
1732 2761 1913 2810 noctu
1933 2770 2039 2824 per

384 2850 558 2906 funes
585 2849 657 2905 de
687 2866 858 2904 muro
885 2848 1150 2913 demissi,
1186 2848 1287 2902 alii
1319 2846 1662 2918 imperatori
1711 2861 1839 2900 sese
1871 2844 2039 2899 dedi-

385 2937 727 3007 derunt,a1ii
754 2937 985 3008 Bizyam
1009 2936 1081 2991 ad
1099 2936 1473 2992 Anastasium
1498 2935 1686 2990 filium
1701 2932 2037 2988 naturalem

391 3028 801 3100 profugerunt.
837 3025 1096 3080 Tandem
1153 3042 1286 3079 cum
1346 3023 1573 3079 obsessi
1627 3023 1829 3078 omnia
1886 3023 2039 3076 victu

389 3121 527 3187 apta
556 3114 1087 3185 consumpsissem,
1112 3113 1358 3184 jamque
1391 3111 1465 3167 ad
1523 3112 1838 3167 inusitatos
1876 3110 2042 3165 cibos

2143 609 2247 672 ζεν.
2279 605 2426 660 Ἐπεὶ
2460 601 2517 659 δὲ
2570 605 2644 666 είς
2703 602 2796 660 δύο
2859 607 3217 680 μεριζόμενος
3275 602 3450 660 ἐδόκει
3504 607 3788 670 παντελῶς

2139 694 2360 764 ἀσθενής
2388 715 2446 748 τε
2486 694 2621 748 έῖναι
2653 695 2742 749 καὶ
2801 694 3130 768 εὐχείρωτος
3189 697 3242 766 (ἦ
3294 716 3352 749 τε
3407 696 3509 769 γάρ
3573 694 3799 770 βασιλὶς

2136 786 2244 836 τῶν
2303 783 2518 838 πόλεων
2571 784 2670 838 οὐκ
2725 783 3114 857 εὐαριθμήτου,
3173 782 3319 838 ἀλλὰ
3383 782 3648 839 πλείστοῦ
3702 787 3792 841 καὶ

2141 871 2427 946 ἀξιολόγου
2487 876 2718 948 στρατοῦ
2777 869 2957 927 ἐδέετο
2999 871 3472 946 πολιορκουμένη,
3536 871 3644 943 ἢδη
3701 875 3795 930 καὶ

2137 964 2234 1014 τοῦ
2295 959 2568 1036 βασιλέως
2621 961 3009 1036 συνειλοχότος
3085 959 3343 1036 δυνάμεις
3394 963 3493 1018 οὐκ
3557 964 3795 1037 ἀγεννεῖς

2139 1050 2230 1104 καὶ
2287 1051 2422 1104 κατὰ
2480 1050 2773 1124 πρόσωπον
2829 1051 3076 1105 ἳστασθαι
3137 1049 3460 1125 δυναμένας,
3499 1053 3796 1122 καὶὴτῶν

2143 1141 2472 1218 Βουλγάρων
2507 1141 2564 1198 δέ
2594 1141 2822 1217 δύναμις
2893 1144 2954 1200 οὐ
3017 1149 3216 1218 μικρᾶς
3264 1167 3428 1216 τινος,
3487 1143 3707 1216 πολλῆς
3737 1145 3797 1202 δὲ

2140 1231 2231 1286 καὶ
2293 1233 2354 1288 ού
2408 1237 2511 1298 τῆς
2567 1234 2848 1308 τυχούσης
2909 1231 3083 1289 ἐδέετο
3142 1235 3662 1310 ἁντιπαρατάξεως),
3722 1237 3798 1300 ὡς

2235 1323 2310 1393 μὴ
2347 1322 2425 1383 εἷς
2467 1319 2562 1376 δύο
2593 1323 2711 1377 τινὰ
2742 1319 3127 1397 διαιρούμενος
3162 1322 3496 1401 εὐχείρωτος
3549 1325 3798 1398 γένηται,

2141 1410 2358 1484 ἀπαίρει
2410 1411 2504 1483 μὲν
2565 1418 2668 1481 τῆς
2724 1410 2942 1474 πόλεως
3008 1413 3143 1486 πρὸς
3200 1413 3293 1467 τὸν
3357 1414 3674 1489 Βούλγαρον
3737 1414 3798 1470 Si

2141 1499 2448 1574 ἀξιόμαχον
2479 1500 2666 1575 κρίνας
2703 1501 2888 1555 ἑαυτὸν
2951 1502 3090 1555 κατὰ
3145 1501 3237 1556 τὸν
3297 1501 3589 1575 εἰρημένον
3648 1503 3798 1560 ἀντι-

2141 1591 2536 1664 παρατάσσεται
2579 1591 2770 1645 τόπον.
2831 1592 2916 1662 [Ρ.
2976 1592 3102 1664 506]
3159 1593 3261 1647 Καὶ
3315 1588 3452 1661 δῆτα
3506 1588 3797 1665 συμϐολῆς

2142 1677 2435 1754 γενομένης
2493 1681 2721 1748 ἡττᾶται
2804 1679 2940 1734 κατὰ
3022 1700 3224 1754 κρατος
3282 1681 3310 1734 ὁ
3365 1681 3646 1756 τύραννος,
3703 1683 3794 1738 καὶ

2142 1769 2305 1844 φόνος
2336 1768 2538 1844 γίνεται
2572 1767 2754 1832 πολὺς
2809 1774 2918 1824 τῶν
2974 1770 3097 1844 περὶ
3155 1769 3337 1824 αὐτόν·
3383 1772 3435 1824 οἱ
3467 1769 3524 1826 δὲ
3554 1793 3796 1846 περισω-

2142 1856 2318 1920 Θέντες
2351 1861 2497 1936 φυγῇ
2557 1860 2654 1926 τὴν
2711 1859 2981 1931 σωτηρίαν
3042 1859 3379 1933 πορίζονται,
3438 1860 3528 1914 καὶ
3588 1855 3640 1915 ἕν
3686 1883 3796 1916 τινι

2140 1948 2314 2022 χώρῳ
2372 1941 2622 2019 δυσϐάτῳ
2708 1949 3066 2021 συναχθέντες
3122 1949 3184 2002 τὸ
3245 1947 3449 2019 μέλλον
3510 1948 3794 2008 ἐσκόπουν.

2139 2037 2201 2092 Ὁ
2234 2031 2292 2088 δὲ
2337 2039 2444 2089 τῶν
2502 2033 2828 2111 Βουλγάρων
2889 2036 3139 2111 ἀρχηγὸς
3197 2037 3262 2091 τά
3318 2058 3374 2092 τε
3425 2039 3673 2111 σώματα,
3724 2039 3798 2096 ὧν

2140 2123 2348 2200 ἐγένετο
2405 2125 2612 2199 κύριος,
2673 2125 2762 2180 καὶ
2818 2124 2967 2180 λείαν
3054 2125 3274 2194 πολλὴν
3344 2124 3798 2203 προσλαϐόμενος

2141 2215 2276 2289 πρὸς
2308 2217 2407 2286 τήν
2458 2216 2658 2270 οῗκείαν
2721 2217 3019 2292 ὑπέστρεψε
3076 2218 3285 2292 χώραν,
3343 2223 3412 2292 τῇ
3465 2219 3588 2293 νίκῃ
3644 2220 3797 2276 ἐπαι-

2145 2306 2368 2381 ρόμενός
2433 2328 2492 2362 τε
2576 2305 2666 2361 καὶ
2760 2313 3026 2383 γαυριῶν.
3123 2311 3200 2366 Τὸ
3296 2307 3352 2364 δὲ
3443 2310 3798 2389 καταλειφθὲν

2142 2395 2395 2450 ναυτικὸν
2464 2395 2516 2450 ἐν
2604 2399 2673 2468 τῇ
2761 2394 3063 2468 πολιορκίᾳ
3162 2405 3262 2467 τῆς
3358 2397 3599 2468 πόλεως,
3693 2423 3793 2455 πυ-

2145 2486 2374 2556 θόμενον
2429 2486 2527 2554 τὴν
2593 2486 2757 2554 ἧτταν
2821 2491 2920 2542 τοῦ
2988 2487 3321 2558 ἀποστάτου,
3391 2490 3790 2568 προσκεχώρη-

2143 2595 2230 2628 κεν
2261 2576 2398 2628 ἅπαν
2446 2578 2524 2646 τῷ
2587 2571 2830 2649 βασιλεῖ.
2898 2577 2955 2633 Ὀ
3016 2572 3062 2629 δ’
3126 2577 3439 2648 ἀποστάτης
3500 2579 3576 2640 είς
3633 2583 3794 2634 τοῦτο

2144 2664 2337 2739 ἀφῖκτο
2401 2663 2592 2734 μανίας
2632 2663 2776 2737 παρά
2831 2669 2939 2718 τῶν
3000 2665 3440 2740 συμμαχούντων
3500 2668 3668 2738 αὐτῷ,
3719 2667 3794 2731 ὠς

2143 2748 2338 2820 ἔοικεν,
2400 2751 2700 2825 δαιμόνων,
2785 2752 2876 2808 καὶ
2927 2754 3028 2822 τήν
3085 2761 3186 2823 τῆς
3268 2755 3544 2830 βασιλείας
3630 2756 3796 2812 εἰσέτι

2145 2841 2504 2916 ὠνειροπόλει
2536 2842 2885 2917 κατάσχεσιν,
2919 2842 3004 2899 ὅτι
3053 2845 3314 2908 πάντοθεν
3370 2840 3792 2918 συντριϐόμενος

2144 2932 2233 2988 καὶ
2273 2932 2464 3007 μικρὸς
2521 2931 2580 2986 ἐκ
2641 2930 2882 3006 μεγάλου
2939 2933 3229 3008 γινόμενος
3288 2930 3365 2988 ἔτι
3403 2934 3796 3010 προσελιπάρει

2144 3025 2213 3095 τῇ
2246 3020 2560 3096 πολιορκίᾳ.
2627 3023 2722 3083 Ὧς
2781 3018 2828 3076 δ’
2887 3021 3106 3097 ἐγνώκει
3167 3024 3342 3096 μάτην
3401 3027 3604 3092 πονῶν,
3663 3026 3796 3099 ἄρας

2146 3111 2417 3181 παντὶτῷ
2449 3115 2660 3184 στρατῷ
2692 3109 2767 3172 εἵς
2810 3132 2863 3166 τι
2910 3109 3111 3166 πεδίων
3170 3107 3428 3166 Διάϐασιν
3491 3133 3796 3184 κατονομα-

393 3212 451 3262 et
482 3221 668 3275 usque
701 3203 774 3259 ad
805 3205 1272 3275 putrel‘actorum
1304 3202 1600 3257 coriorum
1635 3218 1800 3256 esum
1833 3216 2032 3254 neces-

425 3297 458 3310 -.
759 3293 796 3310 1·
909 3299 919 3310 ι
1133 3293 1202 3310 In,
1261 3309 1365 3310 ,,,,,
1413 3290 1686 3310 Il!_l-_l_
1745 3289 2010 3310 _-II-A__1:

2151 3199 2402 3270 ζόμενον,
2465 3197 2716 3261 σταδίους
2787 3199 2994 3275 ἀπέχον
3081 3207 3181 3269 τῆς
3260 3200 3480 3264 πόλεως
3561 3200 3798 3272 ἱκανοὺς,

2153 3286 2235 3310 ,γ’νκ
2291 3286 2475 3310 9',!',-,
2622 3289 2697 3310 ,I,
2803 3309 2811 3310 κ
2997 3289 3010 3306 ‘
3159 3289 3171 3305 ἶ
3240 3287 3326 3308 f"
3502 3291 3515 3310 ο
3624 3289 3668 3310 ὀ
3723 3290 3737 3309 \

390 3297 534 3352 sitas
566 3293 947 3365 perpulisset,
981 3293 1211 3348 occulte
1243 3309 1377 3347 cum
1411 3290 1694 3346 Michaelo
1734 3289 2037 3358 collocuti,

388 3386 665 3460 pectique
696 3385 1046 3443 delictorum
1078 3383 1332 3449 veniam,
1355 3381 1639 3436 Thomam
1665 3381 1723 3434 in
1745 3379 2042 3451 compedi-

390 3478 502 3533 bus
533 3476 878 3549 imperatori
911 3473 1305 3529 tradiderunt.
1342 3472 1395 3525 Is
1426 3487 1655 3525 morem
1679 3469 2042 3540 quijampri-

393 3566 528 3620 dem
560 3563 1019 3637 imperatoribus
1050 3561 1353 3632 placuerat
1384 3565 1775 3630 receptusque
1798 3573 2042 3612 consue-

393 3654 600 3709 tudine
632 3660 780 3720 erat,
811 3654 1004 3724 primo
1037 3650 1304 3705 omnium
1333 3665 1592 3714 servans,
1618 3654 1954 3718 porrectum
1981 3647 2041 3701 in

391 3744 726 3814 pavimento
759 3743 960 3813 jacere
985 3739 1184 3810 jussit,
1207 3737 1615 3807 cervicemque
1645 3736 1771 3807 ejus
1793 3736 2042 3806 pedibus

391 3833 515 3888 suis
546 3830 826 3896 calcavit;
860 3836 983 3884 tum
1011 3828 1260 3900 pedibus
1285 3826 1677 3896 manibusque
1700 3826 2040 3880 mutilatum

389 3927 449 3976 et
472 3923 642 3977 asino
673 3918 1019 3990 impositum
1053 3915 1372 3988 spectaculi
1405 3914 1534 3968 loco
1567 3931 1672 3985 per
1700 3921 1894 3968 castra
1923 3914 2040 3969 cir-

389 4010 664 4067 cumduci
687 4010 889 4082 jussit,
937 4007 1089 4061 nihil
1139 4005 1301 4060 aliud
1347 4003 1765 4059 vociferantem
1817 4020 2036 4074 quam:

386 4125 413 4152 ‹‹
448 4101 722 4156 Miserere
742 4097 989 4168 mei,qui
1013 4113 1184 4150 verus
1207 4111 1267 4149 es
1291 4092 1424 4148 rex!
1450 4116 1476 4142 »
1497 4094 1761 4163 Cumque
1794 4109 1889 4147 res
1912 4110 2039 4164 per-~

384 4195 730 4245 contaretur
760 4204 834 4241 an
857 4204 927 4241 ex
955 4184 1166 4240 aulicis
1189 4198 1425 4253 quoque
1457 4182 1726 4236 conscios
1749 4181 2036 4252 quosdam

381 4298 503 4337 sum
539 4279 849 4336 seditionis
891 4282 950 4332 et
1000 4275 1192 4330 socios
1245 4273 1572 4340 habuisset,
1631 4271 1824 4326 fuerat
1878 4271 2036 4326 haud

379 4370 556 4426 dubie
587 4368 808 4424 multos
839 4366 1171 4429 delaturus,
1232 4363 1346 4417 nisi
1407 4363 1667 4416 Joannes
1714 4361 2036 4416 Exabulius

375 4459 659 4531 patricius
691 4457 1022 4513 monuisset
1054 4454 1477 4524 imperatorem
1517 4467 1638 4505 non
1697 4452 2034 4531 convenire,

376 4549 480 4604 sed
510 4564 754 4619 prorsus
783 4545 1001 4601 rationi
1036 4559 1390 4614 repugnare,
1423 4541 1683 4595 inimicis
1715 4541 1893 4596 ﬁdem
1926 4540 2032 4597 ha-

2148 3286 2358 3352 εὐφυῶς
2388 3286 2516 3362 ἕχον
2565 3289 2702 3364 πρός
2762 3309 2820 3344 τε
2877 3289 3047 3363 νομὰς
3087 3289 3175 3343 καὶ
3235 3287 3440 3344 ὑδάτων
3500 3289 3800 3364 ὓπορῥοᾶς,

2148 3375 2560 3450 στρατοπεδείαν
2623 3376 2885 3449 ἐπήξατο,
2972 3380 3212 3434 κάκεῖθεν
3273 3379 3606 3451 ποιούμενος
3663 3400 3804 3454 προ-

2145 3468 2315 3538 νομάς
2378 3471 2487 3520 τῶν
2543 3474 2645 3536 τῆς
2711 3467 2930 3529 πόλεως
2987 3470 3325 3542 προαστείων
3409 3468 3504 3528 τὰς
3564 3468 3803 3544 ἀγλαῒας

2145 3556 2446 3631 ἀπέκειρεν.
2481 3557 2852 3636 Ἐνεφανίζετο
2908 3555 2964 3612 δὲ
3012 3563 3128 3620 τοῖς
3177 3559 3311 3614 κατά
3351 3559 3452 3628 τὴν
3501 3559 3666 3614 πόλιν
3726 3559 3804 3622 ὡς

2147 3646 2207 3699 όὸ
2255 3645 2518 3720 πρότερον
2577 3646 2855 3720 οὐδαμῶς.
2914 3653 3087 3703 Τοῦτο
3149 3646 3206 3703 δὲ
3264 3649 3498 3710 συνεὶςὸ
3532 3649 3798 3724 Μιχαὴλ,

2146 3733 2436 3810 ἀξιολογον
2484 3737 2890 3808 συστησάμενος
2947 3739 3252 3812 στράτευμα
3305 3738 3393 3792 καὶ
3453 3735 3794 3814 στρατηγοὺς

2143 3822 2435 3894 ἐπιστήσας
2466 3825 2615 3896 αὐτῷ
2655 3826 2744 3880 τὸν
2808 3825 3128 3897 Κοτάκηλαν
3183 3827 3274 3881 καὶ
3329 3827 3422 3881 τὸν
3482 3823 3793 3897 Ὀλὸιανὸν,

2145 3914 2308 3975 αὐτός
2335 3934 2394 3968 τε
2427 3914 2522 3975 τάς
2582 3912 2960 3988 φυλαττούσας
3017 3913 3070 3970 ἐν
3124 3921 3206 3987 τῷ
3270 3914 3523 3987 παλατίῳ
3581 3914 3796 3989 σχολὰς

2144 4003 2388 4078 εἰληφὼς
2444 4004 2535 4057 καὶ
2585 4004 2683 4063 τὰς
2741 4005 3003 4079 ἑταιρείας
3062 4009 3171 4078 (76)
3247 4001 3407 4074 ἔξεισι
3481 4006 3618 4059 κατὰ
3698 4004 3797 4058 τοῦ

2141 4097 2428 4170 τυράννου,
2499 4093 2588 4150 διὰ
2653 4094 2908 4158 σταδαίας
2981 4098 3170 4175 μάχης
3263 4103 3445 4172 κρῖναι
3549 4099 3612 4152 τὸ
3688 4101 3794 4152 πᾶν

2145 4183 2461 4259 βουληθείς.
2524 4187 2689 4242 Ἔνθα
2745 4183 2812 4256 δὴ
2871 4186 2963 4240 καὶ
3022 4187 3050 4240 ὁ
3105 4186 3362 4261 τύραννος
3437 4206 3798 4262 κατεστρατο-

2141 4274 2468 4348 πεδευμένος
2529 4273 2816 4350 εὒρώστως
2881 4274 3169 4347 ὑπεδέξατο
3224 4277 3316 4331 τὸν
3393 4276 3644 4352 βασιλέα,
3700 4275 3796 4331 καὶ

2142 4363 2470 4437 συμπλοκῆς
2527 4366 2831 4440 γενομένης
2885 4371 3395 4440 καταστρατηγῆσαι
3465 4367 3609 4442 τάχα
3662 4363 3794 4428 τοὺς

2142 4452 2472 4515 ἀντιπάλους
2545 4453 2882 4530 βουλόμενος
2950 4455 2978 4509 ὁ
3048 4459 3246 4527 Θωμᾶς
3343 4455 3457 4527 ἅμα
3521 4458 3590 4528 τῇ
3651 4475 3792 4526 συμ-

2141 4537 2284 4616 ϐολῇ
2317 4547 2462 4598 νῶτα
2491 4541 2678 4598 δοῦναι
2725 4550 2842 4605 τοῖς
2889 4543 3014 4618 περὶ
3064 4543 3224 4598 αὐτὸν
3282 4543 3616 4618 προσέταξεν,
3676 4542 3794 4597 εἶτα

371 4639 514 4695 bere
545 4639 768 4692 amicos
799 4633 1235 4690 accusantibus.
1299 4633 1424 4696 Qua
1477 4630 1578 4686 ille
1628 4647 1766 4685 voce
1817 4631 2021 4686 multis

2140 4636 2238 4686 τῶν
2272 4630 2526 4688 ἐναντίων
2577 4633 2652 4696 εἷς
2712 4631 2962 4708 διωγμὸν
3008 4635 3319 4708 τραπέντων
3382 4633 3441 4688 ἐκ
3492 4629 3795 4688 παλινδιώ-

372 4729 725 4783 miserorum
758 4725 972 4779 civium
1003 4723 1452 4790 amicorumque
1485 4720 1862 4790 imperatoris
1890 4738 2024 4792 sup-

371 4817 566 4889 pliciis
597 4831 774 4870 ansas
827 4812 1116 4886 praecidit.
1172 4811 1427 4866 Thomas
1485 4808 1658 4864 lentis
1716 4811 2021 4867 confectus

370 4905 677 4978 suppliciis
708 4904 948 4959 tandem
981 4903 1240 4957 animam
1275 4898 1583 4965 exhalavit,
1620 4899 1815 4955 medio
1847 4902 2018 4956 Octo-

366 4997 456 5051 bri
491 5011 718 5062 mense,
738 4994 917 5048 homo
950 4991 1050 5061 qui
1072 4989 1241 5044 initio
1267 4987 1506 5058 quidem
1542 5005 1752 5060 magna
1775 4997 2020 5045 conatus

367 5087 790 5154 animosusque
822 5088 880 5137 et
909 5079 1194 5152 propositi
1227 5083 1507 5131 strenuus
1561 5085 1921 5148 persecutor.
1957 5081 2018 5134 in

366 5191 682 5248 progressu
710 5171 900 5227 multo
934 5186 994 5224 se
1026 5186 1154 5240 ipso
1186 5165 1446 5221 deterior
1468 5166 1832 5237 minimeque
1864 5168 2019 5223 890

365 5263 734 5336 respondens
758 5257 1183 5331 exspectationi
1211 5256 1282 5310 de
1308 5272 1367 5310 se
1398 5261 1696 5325 conceptas
1725 5257 1882 5311 visus
1906 5265 2012 5314 est.

364 5356 518 5419 Quos
550 5354 774 5424 Bizyam
810 5347 1149 5421 pervenisse
1183 5345 1461 5411 diximus,
1497 5345 1535 5398 ii
1570 5361 1806 5415 quoque
1861 5348 2015 5417 peri-

364 5442 481 5496 culi
514 5447 676 5498 metu
727 5437 1086 5494 sententiam
1144 5439 1486 5502 mutarunt;
1539 5437 1597 5488 et
1644 5441 1885 5504 accepto
1944 5437 2015 5493 de

2132 4723 2264 4792 ξεως
2313 4721 2704 4799 ἐπιστραφῆναι
2750 4723 2978 4784 τούτους
3035 4724 3122 4778 καὶ
3180 4727 3259 4795 τῷ
3318 4720 3612 4796 παραδόξῳ
3666 4719 3790 4797 τρέ-

2132 4814 2330 4884 ψασθαι
2357 4819 2458 4880 τῆς
2490 4813 2862 4890 ὓποστροφῆς.
2918 4812 3015 4866 Καὶ
3081 4813 3149 4881 ἦν
3213 4813 3311 4886 μὲν
3374 4813 3521 4884 αὐτῷ
3558 4811 3788 4883 τοιαύτη

2130 4899 2492 4976 παραγγελία,
2525 4899 2625 4955 οὒκ
2674 4899 2878 4974 ἔμελλε
2941 4899 2999 4956 δὲ
3057 4903 3158 4973 ἄρα
3213 4902 3287 4964 εἷς
3345 4899 3502 4978 ἔργον
3561 4897 3793 4970 ἐκϐῆναι

2129 4990 2194 5045 τὰ
2254 4989 2694 5063 μεμελετημένα.
2757 4991 2823 5048 Οἱ
2878 4992 2984 5068 γάρ
3049 4990 3140 5046 σὺν
3231 4991 3378 5063 αὐτῷ
3461 4995 3794 5065 στρατιῶται

2128 5079 2302 5136 πολὺν
2357 5081 2554 5154 χρόνον
2617 5085 2890 5156 γυναικῶν
2937 5080 3028 5135 καὶ
3085 5081 3283 5135 τέκνων
3341 5081 3653 5155 στερόμενοι
3716 5077 3793 5136 δι’

2127 5169 2288 5223 αὐτὸν
2319 5168 2536 5229 καὶτὰς
2570 5175 2760 5245 χεῖρας
2819 5169 3134 5245 χραίνοντες
3195 5170 3475 5245 ὁμογνίοις
3533 5168 3787 5242 α’ίμασιν,

2129 5256 2240 5333 ἅμα
2289 5257 2346 5314 δὲ
2411 5260 2504 5315 καὶ
2562 5265 2640 5331 τῷ
2703 5261 2896 5335 χρόνῳ
2953 5262 3302 5334 πεπιεσμένοι
3397 5260 3596 5337 (τρίτον
3679 5260 3786 5336 γὰρ

2127 5349 2378 5422 ἐξηνύετο
2449 5343 2592 5417 ἔτος,
2659 5349 2749 5403 καὶ
2820 5348 3110 5419 ἀνηνύτοις
3183 5347 3405 5405 ἐδόκουν
3488 5351 3792 5429 ἐπιχειρεῖν

2125 5435 2322 5513 ἀνδρὸς
2356 5437 2470 5501 ἑνὸς
2519 5436 2753 5508 ἀπονοίᾳ
2808 5439 2898 5494 καὶ
2940 5437 3204 5512 ἐπιθυμίᾳ
3263 5437 3658 5514 δουλεύοντες),
3718 5439 3785 5494 τὸ

1563 5557 1928 5618 XYLANDRI
1970 5563 2054 5619 ET
2091 5563 2308 5621 GOABI
2349 5563 2571 5619 ΝΟΤᾸΕ.

436 5660 545 5730 (76)
573 5664 808 5717 Exteros
834 5662 964 5718 belli
989 5663 1180 5718 socios.
1216 5660 1391 5716 Goaa.
