4112 6438
318 439 437 501 973

1457 432 1819 494 HISTORIA
1836 433 2010 495 RUM
2057 433 2586 502 COMPENDIUM
2598 486 2612 500 .

3629 440 3756 502 974

323 570 577 627 κελευθεν
628 569 704 631 ὦς
761 563 990 642 ῐρμαιόν
1049 585 1102 620 τι
1161 559 1448 637 λαϐόντες,
1507 568 1606 635 τῆς
1677 564 1976 642 σάλπιγγος

2115 571 2328 627 [Ἱιοιῐιω
2362 574 2703 630 calamitate
2735 572 2968 640 nuntio,
2997 572 3212 628 imitati
3252 574 3752 648 Adrianopolitas.

325 659 623 735 ἡχησάσης
655 659 716 712 τὸ
749 654 998 712 ἐνυάλιον
1032 655 1121 709 καὶ
1156 655 1232 716 εἷς
1273 660 1464 730 χεῖρας
1512 653 1841 727 συμπλοκῆς
1872 656 1980 710 τῶν

322 750 621 828 ταγμάτων
678 745 950 810 ἐλθόντων
985 788 998 814 ,
1060 745 1126 798 οὑ
1177 741 1422 814 δοικήσει
1475 746 1573 814 τὴν
1635 747 1867 819 τροπὴν,
1901 745 1978 806 ὡς

328 836 813 914 παρηγγέλθησαν,
845 834 1156 906 ἐποιοῦντο,
1188 833 1316 888 ἀλλ’
1347 835 1591 896 ἀτάκτως
1636 835 1724 889 καὶ
1775 834 1988 897 κόσμου

334 931 516 1011 χωρὶς
567 930 666 998 τήν
716 928 864 997 τάξιν
924 924 1310 988 διαλελυκότες
1393 923 1772 981 ἐσκεδάννυντο
1809 972 1821 984 .
1885 926 1990 982 Καὶ

333 1022 513 1081 οὕτως
544 1019 636 1073 νῦν
667 1019 756 1085 μὶν
788 1016 995 1092 ὀλίγοι,
1056 1015 1206 1076 αὗθις
1267 1011 1324 1070 δὲ
1381 1014 1606 1077 πλείους
1662 1020 1742 1087 τῷ
1775 1014 1994 1090 βασιλεῖ

326 1111 782 1188 προσχωροῦσιν.
823 1107 881 1159 Ὃ
941 1103 998 1160 δὶ
1028 1108 1230 1178 Θωμᾶς
1291 1103 1386 1159 σὺν
1447 1103 1665 1182 ὀλίγοις
1719 1105 1860 1159 τισὶν
1915 1105 1992 1167 εἲς

331 1195 793 1274 Ἀδριανούπαλιν
856 1195 1214 1270 περισώζεται
1258 1237 1269 1252 .
1342 1195 1403 1250 Ὀ
1459 1190 1518 1248 δὲ
1573 1195 1770 1249 τούτου
1820 1195 1998 1268 παρά-

324 1309 573 1367 γραπτος
635 1286 726 1340 καὶ
783 1285 938 1346 νόθος
988 1283 1104 1345 υἱὸς
1189 1286 1298 1355 (77)
1362 1283 1721 1345 Ἀναστάσιος
1777 1284 1840 1338 τὸ
1898 1290 1999 1353 τῆς

328 1366 536 1444 Βιζύης
599 1370 814 1446 φεύγων
874 1369 1110 1442 κατέσχε
1167 1367 1446 1444 φρούριον.
1513 1370 1602 1441 [Ρ.
1666 1371 1792 1442 507]
1854 1369 1914 1426 '0
1946 1366 2004 1423 δὲ

2095 661 2479 716 Anastasium
2537 679 2751 716 manus
2782 661 3085 732 pedesque
3116 660 3377 716 vinctum
3408 661 3751 733 imperatori

2100 748 2449 805 attulerunt.
2485 752 2659 822 Isque
2687 750 2897 805 eodem
2921 767 3040 820 quo
3071 754 3241 822 pater
3270 750 3448 806 modo
3469 755 3755 805 tractatus

2041 863 2044 866 ο
2095 838 2545 893 violentamorte
2605 840 2800 910 periit.
2868 840 3162 912 Tyrannis
3207 839 3479 906 sublatis,
3510 839 3754 894 Parium

2108 933 2167 982 et
2215 928 2499 984 Heraclea
2555 929 2870 984 maritimas
2920 929 3100 984 urbes
3155 929 3415 984 Thracias
3473 928 3770 984 adhuctiis

2102 1015 2366 1071 faventes
2421 1017 2781 1072 resistebant
2839 1019 3214 1089 imperatori,
3249 1035 3380 1073 cum
3441 1018 3578 1073 odio
3614 1019 3767 1090 ejus,

2112 1110 2236 1160 tum
2270 1107 2430 1176 quod
2463 1123 2660 1162 sacras
2690 1125 2981 1180 reponere
3042 1108 3332 1181 imagines
3391 1108 3652 1163 nolebat.
3689 1111 3773 1163 Ac

2109 1195 2347 1250 Parium
2383 1195 2623 1266 quidem
2672 1202 2910 1268 captum
2970 1201 3081 1264 est,
3144 1198 3332 1252 muris
3393 1203 3566 1252 terrea
3597 1203 3772 1252 motu

2112 1290 2315 1339 coorto
2355 1287 2688 1356 prostratis.
2729 1286 3010 1342 Heraclea
3040 1292 3238 1342 autem
3272 1304 3305 1342 a
3335 1287 3603 1358 partibus
3636 1287 3772 1358 qui-

2112 1371 2224 1428 bus
2255 1373 2329 1428 ad
2359 1390 2524 1430 mare
2556 1380 2804 1447 spectat,
2837 1382 3171 1449 expugnata
3192 1382 3299 1432 est.

333 1461 590 1539 βασιλεὺς
633 1459 694 1514 ἐκ
749 1456 917 1517 ποδὸς
974 1456 1191 1516 τούτοις
1261 1456 1528 1529 ἑπόμενος
1590 1463 1806 1533 πρῶτον
1867 1456 2012 1532 ἓγνω
2067 1459 2384 1535 πολιορκεῖν
2435 1463 2526 1517 τὸν
2587 1467 2808 1535 Θωμᾶν.
2866 1465 3022 1521 Ὅθεν
3078 1462 3267 1541 ἐπάγει
3323 1463 3468 1535 αὐτῷ
3533 1463 3769 1539 πολιορ-

326 1553 473 1623 κίαν,
533 1550 596 1606 ού
665 1546 754 1603 διά
809 1550 1069 1622 μηχαιῶν
1129 1545 1219 1600 καὶ
1271 1543 1585 1602 ἐλεπόλεων
1647 1545 1972 1618 σπουδάζων
2031 1547 2192 1602 αὐτὸν
2243 1549 2493 1614 καθελεῖν
2529 1595 2542 1620 ,
2595 1553 2708 1625 ἅμα
2771 1552 2864 1625 μὲν
2925 1553 3018 1607 τὸν
3095 1550 3363 1632 ἐμφύλιον
3424 1549 3771 1624 εὐλαϐούμε-

333 1664 429 1706 νος
493 1638 726 1712 πόλεμν,
785 1640 900 1711 ἅμα
959 1633 1012 1690 δὲ
1071 1635 1161 1690 καὶ
1227 1634 1354 1697 τοὺς
1412 1635 1839 1710 προσοικοῦντας
1898 1642 1960 1711 τῇ
2019 1634 2472 1704 Ἀδριανουπόλει
2539 1639 2747 1702 Σκύθας
2837 1642 2912 1714 μή
2972 1640 3174 1705 ἐθέλων
3234 1646 3341 1696 τῶν
3404 1640 3768 1714 πολιορκητι-

334 1737 447 1789 κῶν
497 1729 742 1805 ὀργάνων
800 1731 992 1799 πεῖραν
1077 1718 1289 1794 λαϐεῖν,
1347 1722 1492 1780 ἀλλὰ
1553 1724 1706 1799 λιμῷ
1761 1728 1848 1781 καὶ
1903 1727 2107 1802 ἀνάγκῃ
2168 1733 2274 1782 τῶν
2327 1727 2650 1800 ἐπιτηδείων
2710 1729 3036 1804 έπιγόμενος
3085 1731 3180 1785 τὸν
3237 1729 3532 1786 ἀντίπαλον
3593 1751 3768 1806 παρα-

330 1824 658 1892 στήσασθαι’
717 1816 808 1871 καὶ
869 1812 937 1883 δὴ
995 1813 1366 1889 παρακαθίσας
1418 1815 1518 1883 τήν
1598 1816 2047 1890 Ἀοριανούπολιν
2124 1818 2216 1872 καὶ
2304 1820 2505 1894 χάρακι
2560 1817 2650 1875 καὶ
2709 1819 3061 1894 σταυρώμασι
3133 1821 3482 1894 στεφανώσας
3537 1819 3771 1898 ἐνεργῶς

334 1909 676 1982 ἐπολιόρκει.
711 1906 769 1962 Ὸ
814 1901 871 1958 δὲ
920 1907 1119 1976 Θωμᾶς
1151 1907 1366 1977 πρῶτον
1430 1906 1524 1976 μὲν
1574 1908 1745 1958 πᾶσαν
1806 1904 2088 1980 ἅρχηστον
2157 1906 2378 1976 ἡλικίαν
2435 1907 2525 1962 καὶ
2584 1914 2686 1963 πᾶν
2751 1913 2887 1977 ζῶον
2947 1906 3330 1979 ἀνεπιτήδειον
3386 1916 3487 1980 τῆς
3547 1909 3768 1972 πόλεως

334 1999 545 2071 ἐξωθεῖ,
577 1993 780 2062 ἔπειτα,
808 1993 883 2054 ὡς
914 1989 1021 2060 ἤδη
1067 1989 1307 2063 ἤκμαζεν
1340 1994 1368 2046 ὁ
1403 1989 1568 2064 λιμὸς
1622 1993 1711 2046 καὶ
1769 1995 2046 2066 σωτηρίας
2111 1993 2267 2055 ἐλπίς
2334 1992 2602 2067 οὐδαμοῦ,
2665 1997 2717 2050 οἱ
2770 1998 2865 2070 μὶν
2898 2001 3004 2050 τῶν
3066 1997 3337 2052 συνόντων
3400 1997 3549 2068 αύτῷ
3582 1996 3762 2071 λάθρα

337 2086 428 2144 διά
455 2107 616 2142 τινων
671 2079 919 2139 πυλίδων
976 2079 1306 2140 κλέπτοντες
1361 2083 1460 2150 τήν
1509 2080 1796 2153 ἐξέλευσιν,
1850 2084 1901 2136 οἱ
1962 2080 2018 2138 δὲ
2075 2080 2164 2137 διὰ
2215 2088 2326 2138 τῶν
2375 2089 2580 2162 τειχῶν
2639 2084 3021 2158 καθιμώμενοι
3091 2086 3306 2159 νύκτωρ
3361 2087 3608 2161 φέροντες
3643 2086 3772 2140 δαυ-

334 2177 464 2240 τοὺς
491 2180 568 2248 τῷ
602 2173 818 2251 βασιλεῖ
873 2167 1258 2246 παρεδίδοσαν,
1313 2168 1478 2225 ἄλλοι
1538 2167 1594 2225 δὲ
1624 2171 1760 2244 πρὸς
1819 2173 1910 2226 τὸν
1966 2177 2064 2227 τοῦ
2122 2175 2432 2228 ἀποστάτου
2488 2174 2644 2228 νόθον
2705 2173 2820 2229 υίδν
2882 2174 3229 2231 Ἀναστάσιον
3289 2174 3366 2236 εἷς
3410 2176 3473 2229 τὸ
3561 2173 3765 2245 Βιζύης

337 2265 660 2338 πτολίεθρον
717 2260 1154 2337 ἀπεδίδρασκον.
1214 2261 1364 2316 Ἐπεὶ
1425 2258 1482 2315 δὲ
1536 2266 1653 2324 τοῖς
1709 2260 2201 2336 πολιορκουμένοις
2260 2260 2369 2334 ἤδη
2430 2265 2498 2318 τὰ
2555 2263 2818 2340 ἀναγκαῖα
2876 2263 3236 2335 κατεδήδοτο,
3293 2262 3506 2339 ⁴ἥψαντο
3567 2262 3624 2319 δὲ
3694 2285 3765 2320 κα

337 2377 494 2412 τινων
555 2355 738 2425 ἀήθων
802 2351 1130 2426 βρωμάτων,
1191 2350 1395 2426 ἐχώρει
1427 2347 1484 2404 δὲ
1545 2353 1579 2420 ἡ
1612 2350 1816 2427 ἀνάγκη
1875 2353 1966 2406 καὶ
2028 2351 2194 2427 μέχρι
2253 2357 2360 2407 τῶν
2421 2354 2775 2427 σεσημμένων
2864 2359 3072 2409 σκυτῶν
3165 2355 3254 2409 καὶ
3332 2359 3439 2410 τῶν
3491 2355 3770 2428 καττυμά-

337 2467 474 2516 των,
507 2444 596 2499 καὶ
626 2444 840 2503 τούτοις
897 2441 1326 2517 ἀναγκαζόμενοι
1392 2439 1696 2509 ἐσιτοῦντο,
1761 2441 1931 2513 λάθρα
1988 2443 2124 2516 πρὸς
2178 2440 2382 2518 λόγους
2427 2441 2676 2506 ἐλθόντες
2743 2449 2822 2516 τῷ
2876 2441 3136 2522 Μιχαὴλ,
3192 2445 3279 2499 καὶ
3339 2449 3448 2500 τῶν
3507 2447 3763 2519 ἡμαρτη-

344 2533 516 2607 μένων
572 2531 924 2606 συγχώρησιν
1011 2530 1382 2599 ἐξαιτήσαντες
1462 2530 1554 2583 καὶ
1641 2523 1920 2598 λαϐόντες,
1976 2531 2068 2584 τὸν
2121 2536 2320 2604 Θωμᾶν
2378 2528 2622 2602 πεδήτην
2681 2532 3014 2607 προσάγουσι
3064 2531 3144 2603 τῷ
3199 2531 3402 2606 ἐχθρῷ.
3455 2535 3516 2589 ’0
3594 2531 3652 2588 δὲ
3706 2531 3770 2586 τὸ

339 2623 498 2694 δόξαν
558 2620 729 2676 πάλαι
788 2625 905 2681 τοῖς
968 2618 1251 2692 βασιλεῦσι
1313 2620 1402 2673 καί
1462 2618 1540 2681 είς
1608 2620 1892 2688 συνήθειαν
1950 2617 2059 2688 ἤδη
2123 2619 2277 2674 ἐλθὸν
2339 2625 2559 2695 πρῶτον
2615 2619 2857 2687 τελέσας,
2927 2620 3017 2674 καὶ
3065 2618 3150 2675 ἐπ’
3207 2618 3438 2698 ἐδάφους
3504 2619 3767 2685 ἀπλώσας

343 2712 505 2766 αὐτὸν
573 2711 664 2765 καὶ
747 2715 863 2770 τοῖς
967 2709 1096 2763 ποσὶ
1176 2708 1268 2764 τὸν
1323 2707 1528 2782 αὐχένα
1605 2708 1803 2762 τούτου
1877 2710 2141 2778 πατήσαι,
2202 2709 2598 2782 ἀκρωτηριάζει
2659 2707 2842 2764 ποδῶν
2904 2709 3062 2764 αὐτὸν
3121 2709 3209 2763 καὶ
3265 2709 3491 2784 χείρῶν,
3551 2709 3657 2783 ὄνῳ
3711 2731 3772 2766 τε

345 2801 666 2860 ἐπικαθίσας
698 2799 962 2874 θεατρίζει
996 2794 1083 2851 διά
1113 2801 1209 2852 τοῦ
1245 2794 1632 2870 στρατοπέδου,
1689 2793 1840 2850 οὐδὲν
1908 2794 2050 2852 ἄλλο
2120 2792 2496 2869 ἐπιϐοώμενον
2557 2796 2685 2853 ἀλλ’
2848 2822 2875 2850 ‹‹
2911 2796 3174 2868 Ἐλέησόν
3237 2819 3324 2872 με,
3359 2797 3580 2870 ἀληθῶς
3615 2800 3770 2874 βασι-

344 2889 443 2945 λεῦ
481 2891 492 2946 !
532 2914 560 2941 ››
591 2891 890 2963 Ἐρομένου
923 2884 983 2942 δὲ
1011 2890 1107 2939 τοῦ
1143 2883 1413 2960 βασιλέως
1445 2883 1658 2947 εἶ’τινες
1689 2889 1797 2939 τῶν
1850 2884 2001 2958 αὐτῷ
2031 2887 2296 2940 συνόντων
2355 2887 2447 2941 καὶ
2497 2884 2672 2962 ἕτεροι
2731 2890 2836 2942 εἷεν
2896 2890 2962 2942 τὰ
2991 2887 3159 2942 αὐτοῦ
3217 2892 3565 2966 φρονοῦντες,
3623 2891 3773 2964 τάχα

351 2978 411 3034 ἂν
444 2984 667 3034 κατεῖπε
695 2975 950 3044 πολλῶν,
984 2975 1140 3049 είμή
1211 2977 1238 3030 6
1294 2995 1579 3050 πατρικιος
1641 2975 1892 3044 Ἰωάννης
1952 2976 1980 3029 ὁ
2029 2970 2404 3044 Ἑξαϐούλιος.
2467 3002 2493 3028 (ι
2529 2977 2610 3032 Οὐ
2670 2975 2808 3047 δέον,
2867 2972 2992 3053 ἔφη,
3049 2977 3094 3030 ὧ
3166 2975 3413 3051 βασιλεῦ,
3470 2975 3616 3032 ἀλλὰ
3679 2979 3772 3034 καὶ

339 3067 460 3124 λίαν
495 3065 824 3142 ἀλογιστον,
857 3066 1082 3140 ἐχθροῖς
1136 3064 1406 3120 πιστεύειν
1461 3064 1596 3119 κατὰ
1642 3068 1750 3118 τῶν
1813 3063 2008 3140 φίλων,
2045 3087 2073 3115 ››
2131 3064 2222 3118 καὶ
2277 3063 2457 3137 τούτῳ
2503 3070 2584 3136 τῷ
2638 3063 2787 3139 λόγῳ
2820 3063 3035 3120 διέλυσε
3063 3065 3160 3126 τὰς
3192 3065 3327 3121 κατά
3361 3070 3469 3121 τῶν
3500 3067 3779 3122 ταλαιπώ-

342 3179 448 3232 ρων
521 3154 768 3210 πολιτῶν
825 3155 914 3209 καὶ
980 3152 1157 3227 φίλων
1216 3153 1386 3207 αὐτοῦ
1448 3151 1757 3226 μελλούσας
1815 3152 2113 3228 ἐγείρεσθαι
2171 3154 2462 3227 τιμωρίας,
2515 3155 2617 3210 Καὶ
2673 3155 2702 3208 6
2759 3154 3068 3224 ἀποστάτης
3123 3151 3180 3209 δὲ
3233 3155 3495 3211 κατέλυσε
3533 3156 3623 3212 τὸν
3658 3157 3777 3231 βίον

353 3246 661 3322 ἀπορρήξας
715 3246 777 3300 τὸ
825 3248 1038 3316 πνεῦμα
1092 3248 1210 3304 ταῖς
1268 3245 1404 3297 κατά
1466 3243 1657 3316 μικρὸν
1741 3248 1975 3310 ποιναῖς,
2073 3247 2366 3315 μεσοῦντος
2422 3237 2772 3316 Ὀκτωϐρίου
2858 3245 3046 3317 μηνὸς,
3095 3247 3233 3299 κατά
3294 3246 3390 3316 μὲν
3445 3245 3541 3306 τᾶς
3591 3246 3770 3320 ἀρχᾶς

364 3330 822 3410 μεγαλεπήϐολος
885 3331 1057 3387 δοκῶν
1118 3331 1364 3406 γενέσθαι
1422 3334 1511 3387 καὶ
1563 3331 1848 3406 τολμηρὸς
1904 3331 1994 3386 καὶ
2051 3336 2150 3386 τοῦ
2205 3332 2561 3405 προτεθέντος
2621 3333 3018 3410 ἐξεργαστικὸς,
3072 3328 3386 3408 προϐαίνων
3443 3331 3500 3388 δὲ
3557 3333 3643 3389 ἐπὶ
3703 3336 3773 3391 τὰ

341 3424 640 3500 ἔμπροσθεν
690 3421 837 3479 πολὺ
897 3419 1313 3495 καταδεέστερος
1378 3421 1568 3475 ἐαυτοῦ
1621 3422 1803 3497 φανεὶς
1859 3421 1946 3475 καὶ
2035 3429 2134 3490 τῆς
2172 3425 2280 3475 τῶν
2330 3422 2485 3481 ἐκτὸς
2545 3421 2901 3497 προσδοκίας.
2970 3423 3072 3479 Καὶ
3135 3425 3187 3477 οἱ
3237 3421 3298 3477 ἐκ
3356 3423 3558 3493 Βιζύης
3591 3420 3647 3477 δὲ
3673 3427 3774 3478 τοῦ

350 3515 618 3590 φρουρίου
678 3513 861 3587 ἑτέρας
920 3512 1135 3585 ταχέως
1196 3509 1443 3584 ἐγένοντο
1509 3511 1757 3585 γνώμης,
1819 3511 1908 3564 τὸν
1966 3509 2344 3586 ἐπηρτημένον
2420 3513 2765 3589 ὑφορώμενοι
2822 3511 3090 3568 κίνδυνονσ
3152 3514 3264 3585 ἅμα
3319 3512 3422 3586 γὰρ
3477 3517 3556 3584 τῷ
3612 3513 3776 3576 πυθέ-

343 3606 472 3658 σθαι
547 3603 614 3658 τά
698 3602 832 3657 κατὰ
903 3601 996 3656 τὸν
1075 3606 1272 3672 Θωμᾶν
1336 3600 1692 3675 ἀτυχήματα,
1748 3600 1814 3653 τὰ
1890 3598 2057 3673 ὅμοια
2113 3601 2477 3669 πεποιηκότες
2521 3602 2613 3655 καὶ
2654 3603 2747 3656 τὸν
2803 3603 3149 3658 Ἀναστάσιον
3209 3601 3505 3676 συσχόντες
3565 3598 3780 3674 δεδεμέ-

336 3714 432 3748 νον
505 3698 698 3768 χεῖρας
753 3692 842 3746 καὶ
905 3687 1075 3751 πόδας
1151 3691 1525 3763 προσήνεγκαν
1585 3694 1665 3760 τῷ
1728 3690 1960 3763 βασιλεῖ.
2051 3691 2202 3762 [508]
2289 3689 2539 3754 Πάπινθε
2628 3689 2686 3745 δὲ
2769 3692 2860 3746 καὶ
2950 3691 3109 3754 οὗτος
3157 3691 3224 3746 τὰ
3283 3689 3647 3763 παραπλήσια
3698 3693 3780 3762 τῷ

335 3805 430 3838 νον
466 3787 656 3860 χεῖρας
685 3779 896 3835 καὶτὸν
946 3779 1061 3853 βίον
1126 3779 1321 3854 βιαίως
1383 3777 1714 3851 μετήλλαξε.
1770 3785 1868 3832 Και
1922 3782 2030 3832 τῶν
2083 3778 2355 3852 τυράννων
2388 3777 2444 3834 δὲ
2501 3781 2923 3855 καθαιρεθέντων
2978 3782 3035 3835 αἱ
3085 3781 3349 3856 παράλιοι
3407 3787 3507 3850 τῆς
3561 3779 3776 3854 Θρᾴκης

337 3867 553 3940 πόλεις,
619 3871 682 3924 τό
755 3890 814 3924 τε
883 3870 1084 3942 Πάριον
1170 3868 1260 3922 καὶ
1311 3869 1346 3936 ἡ
1407 3865 1721 3941 Ἡράκλεια,
1774 3860 1851 3920 ἔτι
1909 3866 1978 3921 τὰ
2029 3870 2126 3920 τοῦ
2184 3868 2448 3941 τυράννου
2501 3875 2796 3944 φρονοῦσαι
2852 3871 3128 3944 ἀντεῖχον,
3192 3868 3335 3942 μίσει
3389 3890 3447 3923 τε
3503 3873 3584 3940 τῷ
3639 3868 3778 3943 πρὸς

342 3959 577 4036 Μιχαήλ
631 3958 722 4013 καὶ
785 3957 873 4012 διὰ
922 3958 985 4012 τὸ
1057 3958 1132 4030 μὴ
1193 3955 1369 4012 θέλειν
1435 3961 1626 4010 τοῦτον
1681 3957 1775 4018 τὰς
1837 3955 1982 4016 θείας
2033 3953 2416 4024 ἀνιοστηλῶσαι
2477 3958 2707 4022 εἰκόνας.
2769 3959 2873 4016 Καὶ
2923 3959 2986 4012 τὸ
3050 3970 3144 4031 μὲν
3211 3959 3414 4032 Πάριον
3470 3955 3618 4012 ὶάλω
3673 3961 3774 4012 τοῦ

340 4051 564 4124 τείχους
595 4042 1032 4117 καταϐληθέντος
1082 4046 1190 4101 ἀπό
1244 4067 1393 4108 τινος
1447 4046 1743 4119 γενομένου
1801 4047 2050 4116 σεισμοῦ,
2118 4046 2152 4111 ἡ
2195 4041 2241 4096 δ’
2296 4044 2596 4117 Ἡράκλεια
2653 4046 2940 4120 έκυριεύθη
3000 4046 3108 4100 ἀπὸ
3165 4050 3274 4101 τῶν
3343 4052 3443 4115 τῆς
3494 4041 3773 4116 θαλάσσης

347 4143 552 4214 μερῶν.

421 4229 517 4282 Καὶ
546 4230 613 4281 τά
648 4226 744 4300 μὶν
802 4226 938 4281 κατά
999 4229 1197 4297 Θωμᾶν
1239 4228 1490 4280 τοιοῦτον
1552 4219 1683 4300 ἔσχε
1711 4223 1773 4278 τὸ
1822 4219 2001 4290 τέλος,

2188 4225 2288 4279 [lic
2319 4242 2519 4281 rerum
2576 4227 2819 4282 Thomaa
2877 4227 3012 4281 ﬁnis
3070 4227 3203 4294 fuit,
3237 4231 3297 4281 et
3351 4222 3673 4280 Michaelus
3705 4238 3776 4279 ex

335 4315 647 4376 καὶοῦτως
706 4316 734 4369 ὁ
795 4313 1054 4390 βασιλεὺς
1121 4313 1525 4390 τροπαιοφόρος
1587 4313 1646 4367 ἐκ
1699 4317 1807 4367 τῶν
1862 4313 1999 4367 κατά

2115 4317 2315 4372 Tracia
2347 4319 2722 4389 triumphans
2752 4319 2812 4372 in
2842 4317 3054 4372 urbem
3086 4315 3281 4371 rediit.
3320 4314 3388 4370 In
3439 4316 3630 4369 socios
3659 4329 3764 4370 au-

337 4407 558 4482 Θρᾴκην
627 4401 850 4482 ἔρχεται
908 4401 1126 4461 πόλεων
1163 4449 1176 4474 ,
1237 4402 1392 4459 οὐδὲν
1467 4403 1650 4477 ἕτερον
1698 4403 1835 4456 κατά
1890 4407 1998 4456 τῶν

341 4494 940 4565 συναποστατησάντων
1001 4499 1082 4566 τῷ
1177 4498 1348 4565 Θωμᾷ
1429 4491 1686 4561 ἐννοήσας
1776 4491 1867 4545 καὶ
1927 4495 2006 4563 τῷ

337 4582 580 4659 πολέμῳ
609 4583 875 4653 ἁλόντων,
909 4581 1035 4639 ἀλλ’
1097 4579 1472 4658 ἱπποδρομίας
1537 4581 1830 4655 γενομένης
1861 4579 2007 4642 ὄνοις

337 4677 761 4752 ἐποχουμένους
795 4677 1162 4750 περιαχθῆναι
1212 4674 1303 4729 καὶ
1372 4671 1553 4746 ἐξορίᾳ
1607 4668 2005 4746 παραδοθῆναι.

337 4769 571 4840 ’Έμεινε
604 4763 661 4820 δὲ
708 4764 956 4839 ζώπυρον
1015 4771 1116 4833 τῆς
1175 4765 1506 4824 ἆποστασίας
1564 4762 1626 4814 τὸ
1671 4758 1935 4836 φρούριον
1969 4761 2004 4828 ἡ

345 4852 581 4916 Καϐάλα
629 4856 719 4909 καὶ
771 4857 806 4924 ἡ
841 4855 1099 4925 Σανίανα,
1151 4854 1224 4908 ὧν
1253 4855 1356 4922 την
1414 4853 1508 4924 μὶν
1537 4853 1564 4906 ὁ
1600 4850 1832 4928 Χοιρέας
1874 4871 2005 4906 κατ-

345 4947 494 5024 εῖχε,
526 4946 590 5000 τὸ
622 4943 669 4999 δ’
701 4945 728 5000 6
761 4945 1092 5029 Γαζαρηνὸς,
1134 4941 1186 5013 ἐξ
1251 4941 1324 4996 ὧν
1380 4942 1697 5015 ὁρμώμενοι
1755 4940 2009 5014 λῃστείας

351 5036 650 5090 ἐποιοῦντο
709 5033 800 5088 καὶ
857 5033 1158 5108 προνομάς.
1221 5031 1400 5088 Ἀλλά
1472 5029 1564 5084 καὶ
1624 5030 1880 5091 οῦτοιὼς
1912 5029 2011 5084 ούκ

344 5122 602 5195 ἐδέξαντο
633 5123 728 5184 τάς
781 5122 1063 5185 ἀθωουσας
1119 5120 1314 5182 αὐτοὺς
1384 5117 1674 5196 βασιλικάς
1731 5113 2010 5181 συλλαϐὰς

336 5215 433 5272 καὶ
481 5216 547 5270 τά
593 5212 904 5292 πεμφθέντα
957 5213 1240 5285 ἀξιώματα
1298 5210 1410 5285 (καὶ
1464 5209 1632 5288 ἄμφω
1687 5210 1789 5282 γὰρ
1851 5208 2010 5284 μαγί-

340 5325 494 5379 στρω
545 5304 844 5374 πεποίηκεν
904 5303 932 5357 6
996 5301 1275 5376 βασιλεὺς)
1311 5344 1324 5371 ,
1397 5298 1818 5378 ύποφθαρέντων
1904 5303 2013 5367 τῶν

346 5389 520 5464 ἔνδον,
559 5394 632 5456 ὡς
658 5390 885 5462 ἐξῆλθον
920 5391 1072 5446 οὗτοι
1127 5390 1263 5465 πρὸς
1320 5389 1415 5450 τάς
1477 5389 1724 5458 συνήθεις
1785 5384 2012 5462 διαρπα-

344 5483 482 5560 γὰς,
543 5480 898 5553 ἐκλείσθησαν
952 5485 1060 5536 τῶν
1121 5479 1398 5558 φρουρίων
1457 5477 1511 5532 αἱ
1565 5475 1737 5532 πύλαι
1789 5475 2012 5549 αὐτοῖς,

2115 4411 2233 4460 tem
2267 4407 2616 4462 defectionis
2640 4407 2874 4461 Thema)
2907 4412 2962 4460 et
2989 4411 3193 4477 captos
3225 4404 3382 4460 bello
3413 4403 3563 4458 nihil
3609 4401 3778 4458 aliud

2119 4497 2327 4551 statuit
2355 4513 2533 4566 quam
2567 4497 2724 4567 quod
2756 4496 2942 4552 asinis
2974 4512 3076 4550 eos
3108 4495 3420 4565 impositos
3453 4492 3610 4548 ludis
3641 4491 3777 4546 Cir-

2118 4585 2395 4640 censibus
2416 4585 2781 4640 circumduci
2807 4585 3121 4655 solumque
3146 4583 3338 4639 exsilii
3361 4586 3778 4637 causavertere

2111 4676 2313 4746 jussit.
2351 4676 2715 4746 Supererant
2770 4675 2962 4730 adhuc
3021 4673 3372 4729 defectionis
3403 4672 3574 4727 istius
3605 4669 3774 4742 quasi

2116 4765 2354 4818 fomites
2385 4764 2501 4820 duo
2534 4764 2798 4831 castella,
2831 4763 3050 4818 Cabala
3081 4768 3140 4818 et
3169 4762 3468 4830 Saniana;
3519 4775 3776 4831 quorum

2120 4853 2375 4908 alterum
2397 4853 2947 4917 Chaereas,alterum
2961 4855 3294 4909 Gazarenus
3314 4851 3778 4919 tenebat,iisque

2121 4957 2190 4995 ex
2229 4941 2464 4995 arcibus
2515 4941 2913 5012 praedationes
2943 4958 3012 4996 ac
3045 4940 3360 4996 latrocinia
3401 4937 3780 4994 exercebant.

2124 5029 2233 5085 Sed
2265 5031 2324 5084 bi
2355 5046 2593 5100 quoque
2625 5047 2759 5086 cum
2793 5031 3166 5102 impunitatis
3198 5036 3369 5101 pacta
3399 5028 3472 5083 ab
3505 5028 3774 5097 impera-

2124 5126 2250 5174 tore
2274 5119 2871 5190 missa,obldtamque
2892 5119 3241 5192 dignitatem
3270 5119 3430 5190 (nam
3456 5123 3781 5185 utrumque

2124 5212 2472 5283 magistrum
2523 5211 2670 5266 89]
2719 5211 3043 5282 imperator
3083 5207 3346 5276 creabat)
3404 5209 3779 5278 respuerent,

2124 5301 2419 5373 corruptis
2450 5301 2827 5378 castellorum
2860 5297 3178 5370 praasidiis,
3220 5314 3356 5353 cum
3389 5296 3465 5353 ad
3496 5298 3785 5352 consueta

2126 5391 2441 5446 latrocinia
2481 5391 2820 5456 exivissent,
2854 5388 3040 5461 portis
3090 5385 3475 5447 castellorum
3529 5383 3779 5455 objectis

2131 5481 2379 5552 exclusi,
2421 5496 2676 5552 cumque
2703 5479 2764 5534 in
2815 5478 3044 5550 Syriam
3103 5477 3240 5549 fuga
3267 5475 3725 5539 contenderent,
3756 5487 3794 5531 α

1577 5633 1941 5690 XYLANDRI
1983 5635 2070 5690 ET
2107 5635 2326 5692 GOABI
2366 5633 2590 5691 ΝΟΤΑΞ.

423 5790 542 5865 (77)
576 5787 874 5857 "legitima
903 5783 1208 5855 adeptione
1241 5783 1466 5840 Thema
1502 5781 1793 5851 ascriptus.
1823 5781 2000 5838 Gon.
