4112 6458
385 399 502 458 975

1741 399 2064 468 GEORGII
2108 398 2449 466 GEDRENI

3683 410 3806 476 976

377 535 673 611 praafectis
700 536 964 597 limitum
992 540 1405 614 comprehensi
1431 541 1615 614 inque
1647 556 1882 598 crucem
1913 537 2020 596 acti

2141 535 2232 590 καὶ
2264 533 2554 614 φεύγοντες
2587 535 2725 606 πρὸς
2761 536 2966 610 Συρίαν
2999 536 3104 591 ὐπὸ
3135 541 3244 593 τῶν
3277 539 3372 603 τὰς
3392 538 3560 616 ἄκρας
3591 541 3809 602 διεπόν-

379 635 538 685 sunt.

451 721 538 776 Ita
568 718 809 776 demum
867 720 1118 778 defectio
1182 723 1431 779 omnino
1483 723 1798 779 exstincta.
1830 722 2032 789 Neque

386 825 526 863 vero
571 809 864 866 malorum
921 811 1178 882 impetus
1227 813 1335 868 hoc
1393 813 1635 873 cardine
1696 816 2033 867 cessaturus

391 904 558 952 erat:
609 898 710 954 sed
755 916 886 955 cum
935 899 1066 955 duae
1116 903 1514 967 continentes,
1557 905 1853 973 Europam
1902 899 2032 954 dico

385 993 564 1057 atque
593 987 808 1056 Asiam,
842 989 1019 1045 veluti
1053 997 1230 1063 caput
1268 997 1325 1047 et
1377 992 1588 1062 cauda,
1621 991 1901 1047 divinitus
1933 1005 2032 1043 ca-

386 1077 1006 1147 stigarentur,tametsi
1032 1079 1091 1135 id
1120 1098 1238 1136 non
1271 1082 1792 1154 intelligerent,ira
1822 1079 1928 1140 Dei-
1948 1079 2034 1134 eis

379 1165 587 1238 caedes,
613 1165 1092 1233 incendia,terras
1117 1176 1331 1238 motus,
1355 1170 1892 1239 latrocinia,c-iviles
1915 1175 2034 1230 tur-

375 1253 739 1322 bas,urbium
758 1256 1059 1327 insperata
1075 1260 1306 1316 excidia
1320 1262 1489 1333 signa
1509 1261 1570 1316 in
1585 1260 1732 1316 coelo
1751 1259 1882 1313 etin
1895 1272 2030 1316 aere
2060 1303 2066 1306 .

376 1342 762 1413 immittente,
790 1345 1032 1403 tandem
1055 1349 1304 1405 miseras
1330 1366 1566 1420 quoque
1590 1346 2030 1416 insulas,vel-uti

371 1432 672 1488 medicum
695 1436 980 1506 corporis,
1007 1453 1082 1492 ne
1105 1438 1229 1500 ulla
1250 1439 1378 1510 ejus
1407 1455 1541 1510 pars
1565 1438 1753 1510 plagis
1775 1440 2025 1502 careret,

369 1522 736 1578 invaserunt.
771 1523 883 1578 Sed
905 1525 1190 1590 nimirum
1215 1528 1427 1599 corrigi
1462 1544 1582 1582 non
1620 1524 2026 1599 poterant,qui

374 1609 475 1663 Dei
500 1610 759 1665 hominis
782 1612 1037 1668 formam
1057 1613 1424 1676 adorandum
1440 1620 1744 1688 negarent.
1765 1615 1889 1678 Quo
1907 1617 2026 1667 tem

372 1712 517 1768 pore
547 1715 730 1756 novas
761 1718 852 1756 res
886 1702 1081 1760 moliri
1126 1705 1378 1760 Thomas
1430 1705 1623 1776 caepit,
1659 1704 1816 1760 fama
1846 1702 1930 1758 rei
1963 1702 2028 1756 in

374 1803 585 1844 omnes
623 1796 820 1862 partes
870 1791 1188 1864 divulgata,
1248 1795 1544 1866 Agaremi,
1579 1794 1678 1864 qui
1711 1792 2024 1856 occiduum

375 1879 579 1936 Iberiae
613 1882 810 1940 sinum
867 1885 1144 1946 accolunt
1198 1889 1430 1947 Oceano
1491 1887 1750 1954 ﬁnitimi,
1785 1901 1934 1956 quos
1967 1889 2025 1939 et

376 1969 664 2042 Hispanos
694 1973 1025 2043 nominant,
1057 1977 1211 2032 aucti
1264 1977 1574 2034 hominum
1620 1975 2022 2042 multitudine,

373 2075 661 2132 suamque
685 2066 906 2122 terram
936 2082 1142 2137 parum
1179 2065 1432 2123 fertilem
1473 2071 1650 2137 atque
1683 2065 2026 2136 opulentam

370 2149 698 2212 sentientes
721 2151 973 2224 ideoque
999 2155 1143 2225 ipsis
1166 2155 1398 2211 alendis
1421 2173 1539 2211 non
1561 2153 2028 2224 sufﬁcere.prin-

369 2237 564 2308 cipem
584 2257 758 2296 suum
771 2243 1186 2314 Apochapsum
1204 2244 1462 2316 (ipsisua
1479 2245 1680 2316 lingua
1693 2257 2025 2298 amermum

369 2341 508 2382 nem
559 2328 785 2398 dicunt)
831 2340 1234 2395 accesserunt,
1269 2339 1452 2405 utque
1509 2333 1745 2390 colonia
1775 2331 2026 2386 deduce-

367 2422 534 2471 retur
563 2435 910 2490 poposcere,
942 2422 1083 2490 quia
1105 2428 1162 2476 et
1191 2422 1264 2478 ob
1296 2422 1742 2477 multitudinem
1780 2425 2024 2492 anguste

367 2506 704 2562 habitarent
761 2514 820 2563 et
908 2509 1087 2564 rebus
1135 2511 1490 2567 necessariis
1534 2510 2022 2567 destituerentur.

368 2594 520 2653 892
544 2596 845 2668 Princeps,
878 2599 971 2654 cui
1006 2599 1056 2654 is
1089 2615 1284 2655 sermo
1316 2605 1625 2673 pergratus
1647 2604 1792 2664 erat,
1818 2598 2022 2670 longas

369 2685 682 2741 confestim
714 2703 889 2743 naves
938 2689 1185 2758 paravit,
1237 2705 1454 2759 easque
1505 2689 1846 2752 instructas,
1882 2703 2021 2742 con-

372 2773 503 2829 silio
535 2791 641 2831 suo
675 2777 1006 2832 etiamnum
1064 2777 1279 2845 celato,
1313 2779 1641 2849 praedatum
1690 2776 1764 2832 ad
1796 2776 2022 2832 insulas

370 2863 646 2932 Orientis,
681 2881 814 2935 qum
838 2871 1056 2920 nostra:
1089 2871 1260 2921 erant
1289 2867 1556 2932 ditionis,
1584 2866 1805 2931 emisit,
1841 2864 2023 2920 simul

370 2959 430 3008 et
459 2969 586 3008 rem
608 2953 860 3009 subditis
883 2961 1108 3027 gratam
1131 2956 1418 3025 facturus,
1453 2973 1705 3028 quorum
1739 2956 2023 3029 cupidita-

367 3046 487 3097 tem
521 3043 735 3099 alienis
765 3045 979 3115 opibus
1011 3045 1274 3112 satiaret,
1313 3052 1372 3101 et
1401 3047 1840 3117 exploraturus,
1865 3049 2022 3102 esset

365 3149 442 3188 ne
473 3133 674 3204 aliqua
702 3134 864 3190 ferax
889 3135 1102 3206 insula,
1137 3137 1196 3192 in
1220 3154 1397 3207 quam
1430 3137 1740 3192 commode
1773 3153 2018 3193 suorum

360 3229 564 3294 posset
594 3223 888 3280 deducere
917 3225 1235 3281 coloniam.
1266 3227 1644 3300 Navigatione
1704 3227 1850 3281 inito
1883 3244 2014 3283 Vere

363 3317 655 3382 suscepta,
709 3313 911 3368 multis
959 3315 1245 3386 appulsus
1295 3315 1506 3370 insulis
1564 3315 1867 3370 neminem
1899 3313 2014 3369 sibi

360 3401 745 3458 resistentem.
773 3403 1031 3458 invenit:
1058 3421 1267 3460 omnes
1300 3405 1456 3460 enim
1483 3404 1761 3475 praesidio
1795 3403 2014 3459 orbata:

367 3494 538 3543 erant
565 3490 724 3560 quod
751 3490 960 3546 classis
993 3497 1116 3548 tota
1148 3493 1218 3547 iis
1267 3493 1676 3549 custodiendis
1725 3493 2020 3548 destinata

365 3577 651 3636 Thomam
674 3584 814 3634 tunc
835 3580 1171 3652 adjuvabat.
1197 3584 1501 3654 Ingentem
1525 3583 1724 3655 itaque
1755 3581 2018 3653 praedam

368 3682 440 3720 ex
471 3667 752 3723 omnibus
785 3685 932 3739 quas
955 3671 1150 3743 attigit
1180 3671 1392 3727 insulis
1423 3673 1644 3727 retulit.
1682 3673 1801 3727 Hoc
1843 3671 2018 3727 modo

370 3760 430 3810 et
458 3755 519 3810 in
549 3756 782 3811 Cretam
804 3758 1002 3825 venit;
1037 3776 1214 3831 quam
1247 3778 1380 3816 cum
1432 3760 1728 3833 prmdatus
1767 3760 2018 3832 popula-

369 3849 582 3916 tusque
614 3853 772 3902 esset
801 3865 905 3919 pro
937 3849 1116 3918 virili,
1149 3850 1360 3906 insulse
1393 3857 1704 3922 perspecta
1752 3851 2016 3906 bonitate

368 3940 545 4007 atque
577 3937 938 4007 amccnitate,
969 3940 1091 3995 suis
1122 3941 1234 3996 hoc
1265 3957 1453 3997 unum
1477 3940 1682 3997 dicens
1707 3958 1720 3996 :
1748 3961 1773 3993 ι
1797 3943 1883 3996 En
1908 3946 2021 3996 ter-

366 4041 490 4080 ram
516 4025 670 4081 lacte
690 4043 757 4082 ac
779 4027 955 4082 melle
979 4028 1287 4098 ﬂuentem,
1305 4053 1330 4080 »ι
1358 4030 1606 4086 navibus
1628 4031 1825 4086 omnis
1846 4047 2018 4103 gene-

361 4113 442 4167 ris
473 4113 676 4185 praada
715 4117 974 4172 oneratis
1010 4117 1251 4174 domum
1285 4119 1543 4191 repetiit.
1579 4121 1770 4174 Finita
1800 4119 2016 4174 deinde

360 4200 557 4259 hieme
585 4219 653 4260 ac
681 4222 811 4262 vere
845 4205 1088 4264 ineunte
1119 4223 1298 4263 naves
1328 4208 1721 4280 quadraginta
1751 4209 2020 4265 oneravit

358 4291 498 4349 viris
529 4293 870 4364 bellicosis;
905 4295 1333 4368 observatoque
1367 4298 1626 4354 secundo
1661 4306 1851 4366 vcnlo,
1879 4298 2017 4355 reli-

358 4397 504 4454 quas
527 4383 754 4439 insulas
771 4384 892 4439 fere
915 4385 1142 4456 absque
1167 4387 1456 4442 maleficio
1475 4386 2018 4459 prmtervehens,ad

357 4471 586 4529 Cretam
602 4474 1160 4546 appulitcastraque
1173 4477 1242 4532 ad
1264 4479 1735 4548 promontorium
1750 4478 1842 4532 cui
1865 4477 2014 4534 Cha-

357 4577 460 4632 ray
479 4578 696 4620 nomen
715 4563 1017 4633 imposuit.
1033 4566 1178 4620 Cum
1193 4571 1390 4621 autem
1414 4583 1486 4622 ne
1497 4567 1720 4622 minem
1735 4582 1929 4637 neque
1953 4566 2016 4622 in

2054 1920 2102 1985 B

2138 644 2245 678 των
2285 628 2603 700 στρατηγῶν
2636 626 3058 703 κατασχεθέντες
3092 627 3653 701 ἀνεσκολοπίσθησαν.

2212 712 2315 768 Καὶ
2349 712 2493 768 οὕτω
2528 713 2622 784 μὶν
2681 713 2747 767 τὰ
2805 720 2905 782 τῆς
2972 714 3306 778 ἀποστασίας
3366 717 3578 790 ἀπέσϐη
3613 723 3801 778 τέλεον

2137 802 2224 854 καὶ
2269 800 2472 880 ᾤχετο,
2507 801 2606 856 οὐκ
2635 796 2838 874 ἔμελλε
2882 801 2939 858 δὲ
2996 803 3130 882 ἄχρι
3195 806 3406 860 τούτων
3439 811 3730 880 στήσεσθαι
3764 817 3797 880 ἡ

2137 891 2278 969 (ρο,ρά
2305 895 2413 944 τῶν
2468 895 2671 961 κακῶν,
2729 888 2876 944 ἀλλά
2932 896 3039 946 τῶν
3105 890 3200 948 δύο
3257 897 3525 970 ἠπειρων,
3587 900 3798 967 Ἀσίας,

2137 979 2330 1059 φαμὲν,
2381 979 2472 1035 καὶ
2554 979 2846 1054 Εὐρώπης,
2895 979 2948 1034 ἐν
3011 987 3173 1055 θυμῷ
3233 985 3438 1058 Κυρίου
3497 989 3615 1042 οἷόν
3653 1011 3797 1057 τινος

2137 1067 2380 1146 κεφαλῆς
2413 1068 2500 1125 καὶ
2548 1068 2734 1140 οὐρᾶς,
2769 1069 2814 1123 εἰ
2845 1069 2934 1124 καὶ
2969 1071 3046 1143 μή
3105 1072 3370 1142 συνίεσαν,
3404 1073 3793 1134 παιδευθεισῶν

2137 1157 2347 1235 φόνοις,
2408 1156 2787 1232 ἐμπρησμοῖς,
2850 1166 3118 1233 σεισμοῖς,
3177 1160 3475 1239 ἁρπαγαῖς,
3506 1163 3804 1245 ἐμφυλίοις

2136 1245 2508 1320 καταδρομαῖς
2542 1291 2556 1315 ,
2615 1246 2834 1302 πόλεων
2901 1246 3248 1313 ἀνελπίστοις
3323 1256 3745 1324 μεταναστάσεσι
3781 1303 3795 1328 ,

2137 1336 2391 1410 σημείοις
2430 1335 2480 1406 ἐξ
2541 1337 2801 1409 οὐρανοῦ,
2861 1339 3117 1410 σημείοις
3171 1340 3220 1412 ἐξ
3279 1340 3459 1416 ἀέρος,
3510 1344 3670 1408 τέλος
3704 1349 3794 1402 καὶ

2132 1431 2251 1487 ταῖς
2275 1425 2650 1500 ταλαιπώροις
2705 1429 2916 1497 νήσοις,
2949 1428 3068 1484 οἷόν
3097 1451 3215 1484 τινα
3250 1432 3442 1504 μέσην,
3473 1434 3548 1486 ’ἐν’
3579 1435 3792 1492 ὀλοσώ-

2139 1515 2307 1587 μάτος
2340 1513 2423 1585 ε’ίη
2457 1515 2736 1590 ἡπληγὴ,
2797 1516 3068 1592 ἐπέδραμε
3122 1520 3190 1573 τὰ
3248 1517 3412 1577 δεινά.
3474 1523 3631 1579 Ἀλλ’
3693 1527 3793 1582 οὐκ

2133 1603 2199 1672 ἦν
2228 1601 2587 1673 παιδευθῆναι
2644 1604 2771 1665 τοὺς
2829 1607 2930 1675 τήν
2988 1607 3331 1683 θεάνθρωπον
3389 1609 3788 1687 ἐξηρνημένους

2136 1695 2355 1766 μορφήν
2409 1700 2751 1768 προσκυνεῖν.
2803 1701 2963 1769 θΔρτι
2995 1696 3099 1772 γὰρ
3128 1701 3226 1751 τοῦ
3255 1698 3390 1753 κατὰ
3448 1701 3539 1755 τὸν
3592 1709 3792 1776 Θωμᾶν

2133 1782 2388 1854 ἄρξαντος
2431 1781 2840 1856 νεωτερισμοῦ,
2892 1783 3006 1838 ἐπεὶ
3073 1789 3242 1840 ταῦτα
3305 1788 3536 1856 ἠκούετο
3592 1812 3794 1848 παντα-

2135 1875 2263 1948 χοῦ,
2297 1873 2347 1926 οἱ
2379 1872 2469 1927 τὸν
2518 1871 2766 1948 ἑσπέριον
2808 1872 3015 1929 κόλπον
3049 1881 3150 1943 τῆς
3210 1871 3453 1950 Ἰϐηρίας
3513 1879 3796 1948 οἷ’κοῦντες

2137 1961 2458 2037 Ἀγαρηνοὶ,
2503 1961 2942 2036 πρόσχωροιτῷ
3001 1964 3232 2036 Ὠκεανῷ
3289 1963 3435 2029 ὄντες
3497 1971 3796 2040 (Ἰσπάνους

2128 2051 2356 2114 τούτους
2415 2056 2934 2126 κατονομαζουσιν),
2986 2051 3063 2114 εἰς
3117 2051 3394 2128 εὐανδρίαν
3427 2055 3784 2130 ἐληλακότες,

2129 2142 2217 2196 καὶ
2249 2141 2316 2211 ﬁli
2344 2139 2521 2214 ᾤκουν
2553 2148 2656 2217 γῆν
2688 2141 2896 2217 λυπρὰν
2957 2142 3122 2195 οὖσαν
3181 2143 3271 2196 καὶ
3333 2146 3570 2219 μετρίως
3604 2147 3789 2204 εὐδαί-

2135 2251 2268 2304 μονα
2298 2230 2533 2304 ἀρῶντες
2565 2230 2655 2286 καὶ
2706 2227 2794 2286 διὰ
2851 2235 3013 2286 τοῦτο
3071 2232 3283 2308 τρέφειν
3347 2235 3424 2307 μή
3486 2233 3782 2310 δυναμένην

2130 2319 2349 2390 αὐτοὺς,
2393 2317 2790 2394 προσελθόντες
2845 2323 2924 2391 τῷ
2982 2320 3174 2374 ἑαυτοῦ
3239 2323 3466 2396 ἄρχοντι
3528 2326 3782 2402 Ἀπόχαψ

2129 2412 2544 2483 (αμερμουμνῆν
2602 2412 2711 2483 (78)
2769 2406 2884 2464 οἶδε
2938 2414 3129 2464 τοῦτον
3164 2412 3197 2478 ἡ
3231 2409 3507 2486 ἐγχώριος
3565 2415 3783 2491 γλῶσσα

2127 2496 2338 2571 καλεῖν)
2425 2497 2677 2552 ἀποικίαν
2768 2499 2859 2553 καὶ
2930 2505 3031 2574 γῆς
3095 2501 3481 2571 μετανάστασιν
3540 2503 3777 2580 ἀπῄτουν

2127 2589 2363 2660 γενέσθαι
2423 2586 2609 2650 αὐτοῖς
2710 2586 2912 2657 πλήθει
2981 2609 3040 2642 τε
3097 2592 3636 2664 στενοχωρουμένοις
3693 2596 3784 2650 καὶ

2129 2681 2237 2731 τῶν
2299 2677 2599 2750 ἀναγκαίων
2651 2677 3022 2746 σπανίζουσιν.
3084 2679 3170 2750 [Ρ.
3232 2681 3358 2752 509]
3419 2682 3479 2738 Ὀ
3527 2679 3583 2736 δὲ
3615 2683 3793 2739 ἀσπα-

2129 2766 2260 2828 σίως
2287 2768 2375 2822 νὸν
2420 2765 2582 2842 λόγον
2645 2765 2953 2840 δεξάμενος,
3011 2767 3185 2822 πλοῖα
3244 2765 3436 2829 εὐθέως
3493 2769 3786 2827 ἐπισκευά-

2128 2877 2222 2920 σας
2253 2857 2434 2929 μακρὰ
2475 2856 2564 2910 καὶ
2606 2853 2834 2929 δύναμιν
2889 2855 3106 2919 τούτοις
3138 2855 3190 2929 ἐξ
3224 2855 3393 2912 αὐτῶν
3452 2853 3781 2931 ἒμϐιϐάσας,

2127 2941 2214 2998 ἐπὶ
2247 2941 2502 3018 λῃστείαν
2561 2944 2719 3011 τέως,
2777 2942 3142 2999 λανθάνουσαν
3199 2941 3343 3018 ἔχων
3399 2945 3496 3014 τήν
3557 2944 3782 3021 ἔννοιαν,

2124 3039 2232 3088 τῶν
2293 3035 2431 3108 πρὸς
2513 3038 2581 3108 τῇ
2649 3030 2722 3105 ἕῳ
2780 3032 3040 3107 κειμένων
3107 3036 3288 3105 νήσων
3349 3036 3442 3089 καὶ
3500 3037 3779 3110 ἡμετέρων

2127 3122 2409 3198 ἐτράπετο,
2434 3125 2576 3196 ὁμοῦ
2610 3125 2706 3197 μὲν
2736 3123 2797 3178 τὸ
2829 3129 2945 3185 τοῖς
2993 3123 3258 3194 ὑπηκόοις
3326 3125 3543 3200 ὀρεκτὸν
3575 3125 3782 3198 ἐκπλη-

2133 3216 2239 3287 ρῶν
2273 3213 2362 3267 καὶ
2424 3212 2483 3267 έκ
2539 3217 2644 3267 τῶν
2707 3211 3018 3287 ἀλλοτρίων
3078 3212 3272 3274 αὐτοὺς
3331 3215 3606 3289 κορεννὺς,
3640 3215 3781 3286 ὁμοῦ

2077 3299 2184 3356 ’δὲ
2241 3303 2328 3356 καὶ
2397 3303 2864 3376 μετασκεψόμενος
2920 3301 2968 3356 εἳ
3028 3303 3108 3364 τίς
3188 3301 3327 3356 ἐστιν
3387 3305 3617 3380 εὑφορος
3673 3311 3786 3360 τῶν

2121 3393 2300 3461 νήσων
2334 3393 2422 3446 καὶ
2471 3393 2607 3465 πρὸς
2667 3392 2944 3465 μετοικίαν
3011 3389 3292 3460 ἐπιτηδεία
3349 3393 3561 3455 αὐτοῖς.
3595 3396 3782 3467 Ποιη-

2123 3481 2355 3553 σάμενος
2385 3478 2442 3536 δὲ
2497 3483 2588 3536 τὸν
2644 3480 2926 3536 ἀπόπλουν
2986 3477 3144 3552 ἔαρος
3213 3476 3347 3556 ὥρᾳ,
3408 3482 3500 3536 καὶ
3559 3483 3779 3546 πολλὰς

2123 3567 2290 3625 ἐπιὼν
2318 3574 2426 3625 τῶν
2457 3573 2661 3641 νήσων,
2732 3569 2925 3626 οὐδένα
2993 3569 3206 3646 εὕρισκε
3260 3574 3349 3625 τὸν
3385 3570 3786 3644 ἀντιπαρατατ-

2121 3659 2368 3732 τόμενονο
2406 3659 2673 3738 έχήρευον
2706 3662 2811 3737 γὰρ
2858 3665 3026 3715 πᾶσαι
3086 3659 3368 3735 βοηθείας,
3430 3666 3528 3716 τοῦ
3587 3663 3790 3718 εἷ’ωθό-

2121 3770 2216 3812 τος
2271 3748 2558 3827 φυλάττειν
2619 3749 2819 3806 στόλου
2876 3751 3080 3812 παντὸς
3139 3753 3642 3826 συστρατευομένου
3701 3757 3780 3826 τῷ

2126 3846 2316 3913 Θωμᾷ.
2353 3842 2444 3896 Διὸ
2474 3843 2562 3897 καὶ
2602 3842 2840 3919 μεγάλας
2873 3840 3139 3918 ὡφελείας
3202 3842 3262 3897 ἐκ
3302 3848 3511 3912 πασῶν,
3572 3844 3660 3905 αἶς
3691 3844 3782 3899 καὶ

2124 3933 2510 4008 προσώρμιζεν
2547 3975 2561 4002 ,
2621 3932 2944 4008 ἐκαρποῦτο.
3027 3935 3161 3990 Ἧκε
3237 3930 3294 3987 δέ
3370 3954 3504 3988 ποτε
3557 3937 3648 3989 καὶ
3710 3935 3787 3998 εἰς

2123 4023 2367 4096 Κρήτην,
2399 4023 2488 4077 καὶ
2547 4021 2748 4093 ταύτην
2807 4020 3170 4097 καταδραμὼν
3230 4022 3319 4076 καὶ
3378 4021 3785 4096 ἀνδραποδισά-

2128 4131 2286 4183 μενος
2354 4113 2429 4174 ώς
2487 4112 2611 4180 ἐνῆν
2647 4156 2661 4182 ,
2744 4113 2833 4166 καὶ
2892 4112 2989 4179 τήν
3056 4118 3158 4181 τῆς
3223 4113 3396 4182 νήσου
3453 4112 3784 4185 καταμαθὼν

2126 4199 2320 4274 ἀρετήν
2362 4201 2450 4256 καί
2483 4202 2671 4280 χάριν,
2702 4205 2864 4256 τοῦτο
2908 4196 3009 4280 ἔφη
3073 4201 3210 4276 πρὸς
3274 4202 3404 4264 τοὺς
3474 4202 3782 4271 ὑπηκόους.

2124 4316 2152 4342 ‹‹
2185 4289 2326 4347 Ἰδοὺ
2375 4293 2445 4366 γῆ
2506 4289 2698 4361 ρέουσα
2755 4289 2896 4364 γάλα
2939 4289 3028 4343 καὶ
3093 4288 3242 4362 μέλι.
3281 4313 3307 4340 η
3368 4288 3471 4346 Καὶ
3527 4289 3650 4345 τότε
3683 4291 3780 4362 μὶν

2123 4380 2224 4458 ἔφη
2257 4378 2425 4437 πλέον
2459 4376 2635 4445 οὐδὲν,
2667 4379 2938 4433 παντοίων
2995 4375 3052 4432 δὲ
3106 4380 3196 4432 τὸν
3257 4379 3452 4433 στόλον
3484 4377 3782 4451 ἐμπεπλη-

2121 4473 2231 4531 κὼς
2262 4470 2472 4546 ἀγαθῶν
2524 4474 2632 4524 τῶν
2670 4467 2751 4523 ἐπ’
2803 4470 2954 4522 οἷκον
2981 4467 3183 4522 νόστων
3218 4467 3518 4541 ἐμέμνητο.
3551 4470 3640 4530 Ὠς
3675 4465 3722 4523 δ’
3746 4470 3776 4524 ὁ

2122 4559 2338 4632 χειμὼν
2373 4556 2613 4632 ὐπέληγε
2663 4557 2754 4612 καὶ
2785 4558 2845 4611 τὸ
2884 4554 2978 4632 ἔαρ
3031 4555 3335 4628 ἐπέλαμπε,
3380 4559 3786 4630 τεσσαράκοντα

360 4651 938 4723 excensione,neque
961 4653 1100 4709 dum
1125 4672 1264 4711 suos
1287 4656 1852 4713 deducerethostem
1869 4657 2020 4712 inve.

2129 4653 2258 4711 ναῦς
2297 4646 2596 4724 πληρώσας
2626 4644 2834 4721 ἀνδρῶν
2871 4647 3135 4722 μαχίμων
3194 4647 3283 4700 καὶ
3340 4645 3529 4722 οὔριον
3583 4648 3788 4718 ἄνεμον

359 4739 536 4804 niret,
565 4740 718 4797 898
752 4744 962 4798 castris
1005 4747 1393 4801 communitis
1425 4763 1526 4801 eos
1557 4747 1659 4818 qui
1692 4745 1767 4801 ad
1796 4763 2010 4801 excur-

359 4829 590 4886 sionem
623 4833 743 4902 apti
779 4839 950 4889 erant
981 4834 1217 4890 emisit:
1252 4835 1376 4907 ipse
1411 4835 1839 4907 cum'reliquis,
1873 4853 2008 4892 cum

355 4919 454 4974 isti
486 4919 560 4976 ad
594 4919 799 4977 decem
824 4923 952 4995 jam
975 4929 1078 4979 aut
1108 4925 1384 4981 undecim
1418 4925 1608 4983 stadia
1639 4927 1924 4983 abiissent
1953 4930 2013 4982 et

354 5015 563 5067 ventus
595 5011 963 5082 invaluisset,
996 5029 1173 5070 naves
1220 5015 1294 5070 ad
1335 5032 1520 5071 unum
1553 5033 1759 5073 omnes
1789 5017 2009 5089 injecto

2121 4740 2457 4814 ἐπιτηρήσας
2515 4739 2650 4814 πρὸς
2712 4740 2937 4814 Κρήτην
2997 4737 3252 4807 ἀπέπλει,
3306 4737 3401 4798 τὰς
3449 4736 3626 4798 ἄλλας
3673 4741 3782 4792 τῶν

2121 4835 2301 4903 νήσων
2361 4833 2723 4906 παρατρέχων
2818 4827 3092 4890 ἐπιεικῶς.
3173 4824 3512 4884 Καταλαϐὼν
3576 4826 3782 4898 δὲτὴν

2121 4929 2286 4992 νῆσον
2313 4925 2392 4993 τῷ
2418 4920 2751 4997 ἀκρωτηρίῳ
2806 4919 2886 4988 τῷ
2946 4918 3235 4992 λεγομένῳ
3263 4918 3474 4993 Χάρακι
3532 4937 3779 4992 προσορ-

2124 5013 2356 5087 μίζιται.
2399 5011 2487 5072 Ὠς
2537 5009 2579 5066 δ’
2605 5007 2758 5065 οὐδὶν
2820 5009 2965 5081 αὐτῷ
3007 5009 3132 5064 οὕτε
3181 5008 3316 5063 κατὰ
3374 5010 3476 5078 τήν
3508 5003 3780 5062 ἀπόϐασιν

1565 5196 1928 5251 XYLANDRI
1965 5196 2054 5252 ET
2082 5193 2296 5251 GOARl
2336 5193 2561 5249 ΝΟΤᾸΞ.

415 5346 528 5420 (78)
588 5346 973 5420 Leunclavius
1032 5348 1506 5414 Onomastic03:
1562 5353 1720 5410 Emir
1750 5352 2006 5420 Mumini,

346 5417 560 5486 inquit,
594 5419 850 5494 dominus
880 5427 957 5475 est
988 5424 1441 5478 caarimoniamm
1484 5429 1580 5478 aut
1623 5427 1885 5494 princeps
1913 5417 2008 5480 sa;

343 5503 561 5542 crorum
613 5490 768 5544 inter
823 5494 1170 5547 Saracenos.
1229 5495 1268 5547 Α
1327 5495 1531 5551 Grecis
1590 5490 2008 5552 A—mermumnes

342 5558 606 5613 scribitur
635 5566 694 5616 in
724 5579 908 5618 eorum
948 5565 1240 5625 historiis,.
1299 5566 1459 5621 Idem
1493 5566 1674 5622 alibi:
1713 5569 2006 5630 Amermu-

342 5644 512 5712 mnes,
554 5632 867 5712 Gratiarum
897 5639 973 5712 _i_n
1013 5635 1268 5712 historiis
1316 5636 1734 5712 dpeppo-Spvnq,
1788 5643 2004 5707 factum

345 5705 422 5781 est
477 5716 548 5782 eg:
589 5705 749 5782 Emir
786 5708 1172 5782 ct_Mumini;_
1226 5705 1474 5778 quormn
1519 5705 1680 5765 illud
1717 5705 2004 5773 dominum

343 5769 626 5840 signiﬁcat
657 5781 752 5828 aut
772 5779 1106 5846 principem,
1147 5769 1257 5834 Ἰιοὲ
1315 5783 1457 5838 ritus
1507 5785 1618 5839 sive
1657 5769 2004 5849 cerimonias

2114 5357 2225 5409 sive
2283 5351 2461 5407 cultus
2522 5358 2573 5406 et
2633 5347 2944 5422 Θρησκείας.
2996 5354 3135 5406 Nam
3185 5353 3436 5421 proximi
3487 5351 3787 5406 secundum

2113 5425 2382 5496 Haliphas
2410 5426 2492 5477 ita
2523 5423 2961 5491 nomnabantur,
3003 5423 3150 5477 velut
3177 5424 3463 5492 principes
3495 5436 3790 5478 sacrorum

2113 5503 2210 5552 aut
2240 5512 2390 5565 reges
2418 5510 2724 5560 sacrorum,
2759 5511 2911 5549 more
2960 5497 3224 5550 Romano.
3260 5497 3448 5549 Jorius
3496 5497 3787 5565 interpre-g

2113 5576 2268 5624 tatur
2305 5562 2508 5638 optimc
2539 5565 2887 5638 credentium
2920 5567 2978 5621 in
3009 5569 3280 5636 religione
3321 5584 3382 5637 p1
3399 5568 3624 5638 incipes
3644 5562 3660 5618 Ξ
3682 5562 3791 5638 sed

2106 5640 2298 5711 potius
2333 5631 2519 5693 dicere
2554 5637 2764 5706 debuit,
2823 5646 2985 5694 recte
3037 5631 3340 5707 religionis
3384 5631 3785 5710 παῖ’ὀρθοδο-

2111 5711 2221 5782 sta;
2255 5719 2351 5766 aut
2381 5713 2631 5764 virorum
2659 5726 2944 5764 sacrorum
2969 5713 3272 5780 principes.
3305 5711 3484 5764 Goan.
