4112 6442
397 433 518 492 977

1555 428 1915 491 HlSTORlA
1930 431 2098 492 RUM
2145 430 2693 492 COMPENDIUM.

3715 431 3833 494 918

380 564 507 622 οὕτε
537 565 675 622 κατᾶ
707 566 809 634 τὴν
850 565 1183 640 καταγωγὴν
1240 561 1409 640 ἐφάνη
1471 561 1781 637 πολέμιον,
1839 582 2045 639 παρεμ-

2176 565 2296 638 igni
2324 563 2672 622 combussit.
2731 566 2858 632 Quo
2916 564 3112 622 subito
3180 564 3443 621 incendii
3501 567 3838 640 spectaculo

383 652 563 726 ϐολήν
599 655 916 729 πηξάμενος
949 653 1178 727 ὀχυρὰν,
1236 652 1362 714 τοὺς
1423 654 1516 728 μὲν
1571 650 1916 724 ἐπιτηδείους
1971 653 2049 715 εἰς

379 747 675 821 προνομήν
712 740 1116 814 ἐξαπέστειλεν,
1149 742 1312 804 αὐτὸς
1343 739 1401 796 δὲ
1441 741 1568 805 τοὺς
1618 740 1849 805 λοιποὺς
1904 741 2049 821 ἔχων

388 834 514 911 ἄρτι
594 832 659 903 δὴ
740 837 837 888 τοῦ
904 832 1211 906 πνεύματος
1303 831 1735 904 ἐπακμάζοντος,
1794 831 2054 887 κάκείνων

382 922 730 998 πορἑωτέρω
763 919 1000 976 σταδίων
1035 920 1165 976 δέκα
1209 922 1244 991 ἢ
1299 923 1391 977 καί
1454 923 1509 976 ιε’
1564 921 1889 995 γενομένων,
1946 927 2052 996 πῦρ

385 1009 654 1088 ἐμϐαλὼν
685 1017 804 1073 ταῖς
845 1011 1003 1065 ναυσὶ
1035 1011 1129 1074 τας
1186 1012 1359 1072 πάσας
1415 1009 1724 1088 κατέφλεξε,
1786 1011 2052 1084 φεισάμε-

386 1124 480 1164 νος
509 1104 572 1158 τὸ
603 1105 858 1178 παράπαν
906 1099 1188 1175 οὐδεμιᾶς.
1247 1103 1309 1159 Ὀ
1379 1099 1437 1156 δὲ
1492 1103 1722 1178 στρατὸς
1781 1103 1892 1175 (καὶ
1951 1104 2057 1178 γὰρ

382 1196 780 1252 ἐπαλινόστουν
843 1195 1042 1258 εὓθέως
1130 1192 1646 1267 ἐκδειματωθέντες,
1729 1199 1808 1266 τῷ
1871 1216 2055 1271 παρα-

389 1283 534 1357 δόξῳ
566 1289 662 1340 τοῦ
707 1285 991 1346 θεαθέντος
1053 1283 1379 1359 πράγματος
1436 1283 1901 1362 καταπλαγέντες)
1955 1286 2055 1353 τὴν

387 1374 568 1428 αἰτίαν
602 1374 963 1428 ἐπυνθάνοντο
995 1372 1084 1426 καὶ
1117 1372 1190 1433 εἷς
1223 1371 1426 1448 λόγους
1454 1372 1626 1442 ἦλθον
1677 1374 2056 1449 νεωτερικοὺς.

389 1463 543 1520 Ἐπεὶ
577 1461 634 1518 δὲ
664 1463 865 1532 ἣκονον
899 1462 932 1517 ἅ
961 1461 1130 1518 πάλαι
1163 1459 1382 1528 ὢδινον,
1416 1463 1491 1523 ὡς
1520 1487 1545 1515 ‹ι
1583 1463 1748 1519 Αυτοί
1773 1484 1830 1519 τε
1851 1465 2058 1519 τούτων

382 1553 541 1625 ὑμεῖς
575 1549 764 1621 αἶ’τιοι,
834 1551 1086 1606 ἀποικίαν
1152 1555 1441 1621 ζητοῦντες
1499 1553 1591 1606 καὶ
1649 1560 1751 1627 γῆν
1818 1553 2056 1630 ἀγαθὴν,

380 1641 509 1714 ἐμοὶ
575 1638 633 1696 δὶ
692 1641 894 1710 ταύτης
955 1639 1210 1714 οὐδετέρα
1267 1642 1585 1716 νενόμισται
1643 1643 1921 1718 κρείττων,
1983 1645 2062 1707 εἷς

380 1731 586 1800 ταύτην
615 1727 790 1798 ἦλθον
820 1731 919 1798 τήν
954 1727 1098 1798 ὁδὸν,
1130 1731 1200 1785 τὰ
1231 1730 1359 1800 ὑμῖν
1413 1751 1470 1785 τε
1523 1733 1744 1805 θυμήρη
1802 1733 2054 1805 πράττων

390 1818 481 1872 καὶ
509 1817 744 1890 ἐμαυτὸν
773 1825 873 1886 τῆς
931 1817 980 1890 ἐξ
1043 1819 1195 1889 ὑμῶν
1257 1817 1628 1874 ἀπαλλάττων
1679 1819 1993 1894 ὀχλήσεως.
2024 1843 2054 1874 »

2176 657 2524 728 perterritus
2547 657 2843 713 exercitus
2869 673 3004 712 cum
3039 654 3199 710 illico
3225 655 3300 711 ad
3319 661 3513 712 castra
3537 656 3834 726 rediisset,

2174 762 2536 817 causamque
2570 752 2847 802 crematae
2882 746 3090 803 classis
3122 745 3378 801 ferocius
3411 746 3588 802 etiam
3619 752 3824 818 postu-

2162 822 2337 902 laret,
2372 835 2488 890 dux
2520 835 2831 906 respondit
2862 852 2932 891 ea
2961 852 3122 890 nunc
3156 841 3396 906 peracta
3424 851 3556 905 quas
3577 836 3688 907 ipsi
3720 836 3824 892 diu

2167 924 2452 980 ardenter
2495 924 2979 980 desiderassent:
3025 925 3184 996 ipsos
3243 924 3382 980 huic
3440 924 3528 978 rei
3586 941 3827 981 causam

2170 1014 2520 1085 praabuisse,
2554 1015 2653 1085 qui
2685 1015 2979 1070 coloniam
3029 1016 3092 1070 in
3151 1015 3348 1071 locum
3409 1017 3637 1072 felicem
3691 1015 3828 1071 duci

2175 1105 2542 1177 ﬂagitassent
2559 1121 2571 1159 :
2588 1106 2819 1176 se,quia
2840 1105 3153 1161 meliorem
3177 1105 3361 1161 alium
3380 1105 3611 1162 nullum
3633 1106 3836 1170 sciret,

2175 1193 2292 1248 huc
2323 1192 2594 1262 duxisse,
2625 1201 2693 1250 ut
2723 1199 2781 1248 et
2812 1195 3076 1265 ipsorum
3122 1194 3411 1250 voluntati
3470 1195 3842 1250 satisfaceret

2178 1287 2238 1338 et
2291 1283 2880 1354 interpellationibus
2936 1299 3066 1339 sese
3123 1283 3391 1355 ipsorum
3461 1288 3835 1339 eXOueraret.

2178 1373 2442 1442 Cumque
2473 1383 2724 1428 uxorum
2763 1378 2821 1427 et
2874 1370 3195 1427 liberorum
3236 1372 3528 1428 inferrent
3576 1373 3838 1429 mentio-

2177 1477 2340 1525 nem,
2374 1461 2684 1533 respondit
2711 1460 3097 1533 Apochapsus
3130 1461 3191 1516 in
3219 1468 3498 1533 promptu
3529 1477 3659 1516 esse
3689 1477 3830 1533 cap-

2175 1551 2326 1606 tivas
2357 1550 2663 1618 mulieres,
2700 1551 2916 1622 quibus
2948 1567 3054 1622 pro
3085 1550 3368 1606 uxoribus
3398 1556 3726 1616 uterentur,
3761 1567 3831 1606 ac

2175 1638 2355 1712 paulo
2389 1646 2520 1710 post
2541 1639 2766 1695 liberos
2793 1639 3092 1695 tollerent.
3126 1640 3228 1695 His
3258 1639 3344 1695 illi
3371 1639 3566 1696 verbis
3623 1641 3832 1708 sedati,

2175 1734 2234 1782 et
2263 1728 2694 1800 approbatione
2731 1727 2911 1801 digna
2943 1729 3074 1797 rati,
3107 1729 3289 1784 altam
3321 1735 3571 1801 egerunt
3599 1731 3844 1798 fossam,

2174 1817 2376 1889 ibique
2408 1817 2622 1872 vallum
2651 1817 2954 1889 jecerunt,
2987 1817 3146 1872 unde
3177 1819 3371 1874 adhuc
3403 1819 3530 1874 loco
3551 1819 3832 1876 Chandax

385 1914 478 1970 Ὠς
513 1905 691 1962 δὲκαὶ
751 1911 1028 1981 γυναικῶν
1082 1909 1172 1962 καὶ
1231 1906 1438 1963 παίδων
1497 1907 1828 1982 ἐμέμνηντο,
1889 1936 1916 1962 ‹‹
1950 1910 2045 1966 Kal

2177 1923 2399 1964 nomen
2431 1909 2716 1974 servatur,
2751 1912 2928 1977 atque
2983 1908 3055 1962 iis
3113 1908 3323 1963 castris
3380 1912 3830 1979 pernoctarunt.

389 2002 666 2071 γυναῖκες,
701 1994 801 2075 ἔφη
848 1997 876 2050 ὁ
917 1997 1199 2072 Ἀπόχαψ,
1255 1995 1383 2066 ὧδε,
1442 1999 1708 2071 ἡμέτεραι
1757 1998 2054 2072 αἰχμάλω-

403 2105 516 2154 τοι,
549 2085 640 2138 καί
689 2081 880 2146 παῖδες
949 2085 1082 2156 μετὰ
1139 2085 1331 2157 μικρὸν
1387 2085 1438 2156 ἐξ
1496 2087 1698 2143 αὐτῶν.
1737 2111 1764 2138 ››
1829 2088 2058 2152 Τούτοις

385 2179 506 2234 τοῖς
576 2171 766 2246 λόγοις
846 2174 1342 2246 κατασιγασθέντες,
1433 2176 1522 2229 καὶ
1582 2173 1872 2251 ἀποδοχῆς
1935 2175 2055 2246 ἄξια

406 2263 684 2334 κρίναντες
713 2262 781 2316 τὰ
811 2261 1101 2338 λεγόμενα,
1162 2266 1363 2341 τάφρον
1425 2265 1518 2336 μὲν
1561 2266 1785 2340 ἤγειραν
1841 2271 2056 2339 πρῶτον

416 2351 767 2424 βαθεῖαν,καὶ
805 2352 1050 2430 χάρακας
1112 2351 1162 2407 ἐν
1220 2353 1389 2428 ταύτῃ
1445 2355 1872 2425 καταπήξαντες,
1931 2355 2055 2411 ἔνθα

402 2440 492 2493 καὶ
525 2444 610 2493 νῦν
640 2436 826 2496 λαϐὼν
885 2443 983 2507 την
1043 2443 1352 2515 ἐπωνυμίαν
1407 2445 1436 2498 ὁ
1494 2445 1666 2506 τόπος
1737 2447 1898 2515 σώζει
1951 2449 2052 2516 τήν

387 2530 791 2602 προσηγορίαν,
877 2529 1094 2603 Χάνδαξ
1178 2535 1292 2605 (79)
1389 2533 1817 2607 ὀνομαζόμενος.
1879 2536 2050 2591 ἐκεῖσε

375 2615 804 2689 διενυκτέρευον.
878 2619 1086 2695 Χρόνος
1159 2621 1259 2676 οὐκ
1331 2621 1494 2698 ἐῤῥύῃ
1576 2625 1777 2694 πολὺς,
1833 2625 1923 2679 καὶ
1983 2627 2049 2681 τὰ

376 2707 1000 2787 πραττόμεναὴφήμη
1049 2711 1143 2765 τὸν
1203 2710 1429 2785 βασιλέα
1497 2710 1766 2769 ἐδίδασκε.
1827 2714 1927 2770 Καὶ
1991 2716 2050 2777 ὅς

386 2801 468 2868 τῷ
499 2798 980 2872 πρωτοσπαθαρίῳ
1036 2805 1298 2872 Φωτεινῷ
1356 2803 1468 2875 (80)
1524 2807 1632 2856 τῶν
1683 2803 2052 2860 Ἀνατολικῶν

390 2890 791 2963 στρατηγοῦντι
849 2888 914 2942 τὰ
978 2895 1078 2956 τῆς
1148 2891 1369 2964 Κρήτης
1429 2891 1634 2945 ἅπαντα
1719 2893 2048 2962 ἀνατίθησιν.

391 2976 475 3047 [Ρ.
511 2977 639 3048 510]
671 2976 848 3037 Οὗτος
899 2975 1071 3032 ἐκεῖσε
1128 2979 1562 3053 παραγενόμενος
1614 2979 1703 3034 καὶ
1753 2980 1820 3036 τὰ
1877 2981 2050 3036 πάντα

385 3064 714 3134 καταμαθὼν
754 3065 846 3118 τὸν
905 3063 1134 3140 βασιλέα
1191 3065 1500 3122 ἀνεδίδασκε
1557 3069 1624 3124 τά
1679 3070 2046 3144 πραττόμενα,

384 3153 470 3206 καὶ
546 3149 770 3225 δύναμιν
823 3154 979 3224 ἠξίου
1031 3155 1263 3229 πέμπειν
1321 3159 1420 3227 τήν
1480 3157 1677 3213 ἐκεῖθεν
1765 3155 2048 3230 ἀποσοϐή-

391 3262 585 3296 σουσαν
641 3243 768 3304 τοὺς
851 3243 1102 3316 ἐχθρούς.
1193 3247 1464 3319 Δαμιανὸν
1535 3249 1663 3323 γοῦν
1732 3270 1848 3304 τινα
1915 3248 2042 3305 ὄντα

396 3329 610 3402 κόμητα
638 3335 735 3386 τοῦ
763 3333 1054 3405 βασιλικοῦ
1099 3336 1464 3391 ἱπποστασίου
1518 3339 1628 3409 (8i)
1678 3338 1766 3391 καὶ
1821 3359 2040 3412 πρωτοα

385 3417 681 3492 σπαΘάριον
735 3423 869 3494 μετὰ
927 3422 1150 3492 πολλῆς
1207 3421 1489 3497 δυνάμεως
1546 3427 1635 3480 καὶ
1695 3434 2038 3499 παρασκευῆς

379 3509 408 3562 ὁ
443 3507 702 3582 βασιλεὺς
759 3510 1078 3567 ἀπέστειλεν
1119 3513 1194 3574 είς
1255 3515 1516 3583 βοήθειαν
1575 3519 1673 3568 τοῦ
1732 3521 2040 3591 στρατηγοῦ

377 3601 679 3666 Φωτεινοῦ,
739 3597 792 3652 ο⁹ί
848 3601 940 3654 καὶ
998 3600 1289 3663 ἐνωθέντες
1347 3604 1483 3656 κατὰ
1541 3608 1650 3658 τῶν
1711 3605 2036 3678 ’Λγαρηνῶν

388 3683 723 3755 ὡπλίζοντο.
757 3688 855 3752 Εἷς
887 3687 1040 3745 οὐδὲν
1083 3689 1140 3745 δὲ
1195 3694 1476 3766 χρήσιμον
1527 3692 1716 3754 αὐτοῖς
1762 3696 1824 3749 τὸ
1881 3694 2041 3760 τέλος

377 3776 723 3849 ἐνεπεράνθη·
785 3779 946 3840 αὐτός
1002 3801 1061 3835 τε
1117 3781 1220 3856 γὰρ
1279 3784 1308 3836 ὁ
1367 3784 1639 3854 Δαμιανὸς
1722 3785 1857 3838 κατᾶ
1935 3787 2037 3855 τήν

385 3865 611 3939 πρώτην
644 3863 965 3940 προσϐολήν
1015 3870 1224 3943 καιρίαν
1284 3869 1520 3944 πληγεὶς
1580 3872 1668 3926 καὶ
1723 3874 1894 3935 θανὼν
1949 3875 2039 3928 καὶ

375 3957 492 4015 τοῖς
526 3953 746 4018 λοιποῖς
780 3964 992 4031 τροπῆς
1050 3957 1266 4034 γέγονεν
1321 3956 1516 4026 α’ίτιος,
1579 3960 1671 4014 καὶ
1705 3961 1734 4015 ὁ
1765 3963 2040 4024 Φωτεινὸς

387 4042 551 4116 μόλις
585 4042 638 4098 ἐν
699 4041 942 4119 δρόμωνι
999 4044 1322 4117 διασώζεται
1381 4050 1469 4103 καὶ
1527 4054 1606 4121 τῷ
1663 4049 1881 4124 βασιλεῖ
1933 4057 2040 4107 τῶν

379 4132 737 4206 πραχθέντων
806 4134 1150 4210 αὐτάγγελος
1201 4137 1427 4210 γίνεται.
1483 4135 1675 4194 Ἀλλ⁴⁶
1707 4140 1863 4202 οὗτος
1921 4141 2038 4213 μὶν,

372 4218 488 4274 ἐπεὶ
527 4217 618 4274 διὰ
643 4224 818 4295 τιμῆς
860 4223 1026 4297 ἤγετο
1081 4229 1161 4296 τῷ
1222 4225 1437 4300 βασιλεῖ
1494 4227 1725 4296 πάντως,
1785 4230 1885 4296 τήν
1940 4237 2042 4300 τῆς

369 4308 626 4371 Σικελίας
658 4313 997 4386 στρατηγίαν
1034 4315 1191 4376 αὖθις
1239 4322 1341 4384 τῆς
1401 4318 1622 4389 Κρήτης
1684 4315 2038 4374 ἀλλάσσεταισ

365 4402 485 4458 τοῖς
517 4394 574 4452 δὲ
614 4404 958 4471 Σαρακηνοῖς
988 4405 1100 4472 (82)
1131 4401 1183 4456 ἐν
1235 4408 1457 4478 ταραχῇ
1510 4405 1600 4458 καὶ
1663 4405 1897 4481 μερίμνῃ
1952 4405 2042 4462 δι-

2163 1997 2329 2056 Brevi
2362 1995 2683 2052 admodum
2731 2002 2996 2068 tempore
3027 1997 3183 2052 fama
3212 1997 3296 2052 rei
3337 1998 3652 2052 certiorem
3683 1997 3826 2054 fecit

2163 2089 2608 2160 imperatorem,
2645 2087 2745 2158 qui
2777 2087 3030 2143 Photino
3053 2087 3527 2158 protospathario
3558 2087 3820 2144 orienta-

2163 2179 2238 2233 lis
2270 2177 2563 2233 exercitus
2588 2176 2724 2231 duci
2749 2193 3043 2231 summam
3067 2175 3152 2230 rei
3175 2175 3249 2232 ad
3274 2177 3507 2231 Cretam
3526 2176 3824 2247 pertinen-

2164 2269 2239 2323 tis
2261 2267 2580 2323 commisit.
2614 2267 2717 2320 Hic
2750 2283 2817 2320 eo
2845 2266 3147 2338 profectus
3174 2267 3460 2337 omnique
3489 2283 3554 2320 re
3587 2269 3822 2337 cognita

2162 2359 2583 2428 imperatorem
2617 2354 2872 2421 edocuit,
2925 2355 3244 2426 copiasque
3294 2355 3368 2410 ad
3417 2355 3818 2426 profligandos

2162 2464 2229 2502 ex
2287 2447 2486 2502 insula
2545 2447 2744 2500 hostes
2825 2446 3017 2517 petiit.
3076 2446 3232 2501 884
3281 2447 3611 2518 Imperator
3681 2463 3818 2519 ergo

2159 2537 2513 2592 Damianum
2539 2535 2627 2589 sui
2643 2535 2858 2604 equilis
2880 2534 3158 2590 comitem
3181 2551 3248 2590 ac
3272 2535 3815 2607 protospatharium

2159 2625 2392 2696 magnis
2420 2641 2553 2679 cum
2579 2624 2765 2694 cepiis
2788 2629 2964 2694 atque
2978 2624 3183 2695 grandi
3209 2629 3496 2695 apparatu
3512 2624 3816 2695 suppetias

2157 2715 2410 2770 Photino
2456 2713 2656 2772 mittit,
2721 2713 2879 2782 iique
2939 2712 3276 2782 conjunctis
3334 2712 3559 2767 viribus
3611 2717 3820 2767 contra

2160 2810 2462 2874 Agarenos
2495 2818 2556 2856 se
2587 2807 2842 2856 armant.
2869 2801 2980 2856 Sed
3005 2801 3156 2855 nihil
3178 2807 3268 2855 est
3298 2800 3818 2872 profectum,quod

2157 2909 2292 2948 cum
2327 2893 2648 2946 Damianus
2679 2891 2872 2961 primo
2903 2890 2966 2944 in
2998 2907 3322 2962 congressu
3353 2890 3516 2945 letali
3574 2890 3818 2946 vulnere

2157 2987 2398 3053 accepto
2428 2980 2724 3052 periisset,
2759 2979 2975 3049 reliqui
3007 2995 3137 3034 eam
3168 2979 3319 3051 fugas
3339 2995 3579 3035 causam
3602 2979 3820 3034 habue-

2152 3075 2295 3126 runt
2324 3085 2337 3135 ;
2372 3069 2734 3125 etPhotinus
2767 3084 2920 3140 aegre
2948 3068 3147 3124 celoce
3175 3068 3359 3124 evasit
3387 3067 3462 3124 ad
3494 3070 3818 3140 imperato-

2151 3177 2302 3227 rem,
2327 3160 2500 3230 eique
2522 3157 2710 3213 eladis
2731 3158 3007 3213 nuntium
3031 3159 3442 3223 attulit.Quem
3468 3159 3812 3230 imperator,

2073 3293 2115 3360 Ο
2153 3250 2310 3322 quod
2339 3265 2572 3306 summo
2606 3248 2762 3320 apud
2792 3263 2853 3303 se
2887 3254 3046 3303 esset
3075 3249 3135 3304 in
3185 3249 3433 3316 honore,
3483 3267 3590 3320 pro
3641 3250 3813 3305 Creta

2152 3340 2204 3360 ﬂ!
2250 3339 2358 3360 ΣΙΞΑ-
2404 3338 2659 3360 -..μθ-,ξι
2745 3339 3064 3360 Ω----Α---
3127 3343 3317 3360 _-_L-__
3401 3337 3590 3360 -JL---
3644 3339 3805 3360 :_L-_

2151 3339 2365 3395 Siciliae
2403 3338 2682 3410 praefecit.
2745 3339 3068 3393 Saracenos
3125 3343 3345 3405 autem,
3399 3337 3593 3393 adhuc
3644 3339 3805 3394 inter

2148 3445 2321 3485 curas
2352 3446 2419 3484 ac
2451 3429 2653 3484 turbas
2684 3433 3007 3495 versantes,
3057 3427 3386 3484 monachus
3441 3426 3684 3498 quidam
3738 3444 3808 3483 ex

2150 3519 2360 3576 insulae
2393 3518 2695 3574 montibus
2727 3517 3040 3588 degressus
3072 3517 3274 3574 docuit
3321 3533 3541 3584 errare,
3593 3517 3643 3572 si
3692 3517 3804 3573 hoc

2151 3610 2279 3665 loco
2310 3615 2436 3664 tuto
2469 3625 2531 3663 se
2563 3606 2902 3663 consedisse
2963 3607 3322 3674 crederunt;
3366 3606 3663 3679 simulque
3693 3607 3785 3662 eis

2150 3699 2525 3756 Chaudacem
2557 3698 3008 3765 demonstravit,
3043 3703 3446 3770 opportunum
3506 3697 3704 3754 locum
3734 3698 3809 3754 ad

2153 3790 2387 3860 quasvis
2419 3788 2894 3844 commoditates.
2926 3788 3010 3843 lbi
3044 3788 3130 3842 illi
3162 3787 3372 3844 urbem
3415 3787 3812 3843 condiderunt

2149 3879 2329 3933 veluti
2365 3878 2545 3932 totius
2577 3878 2788 3933 insulas
2843 3893 3060 3943 arcem,
3122 3894 3192 3931 ex
3251 3892 3439 3947 eaque
3497 3877 3557 3932 in
3615 3882 3802 3932 totam

2147 3967 2402 4022 insulam
2435 3967 2808 4022 incursiones
2839 3967 3128 4032 fecerunt,
3189 3982 3258 4020 ac
3314 3965 3538 4020 vicinas
3599 3965 3802 4033 etiam,

2151 4055 2296 4110 actis
2337 4056 2394 4110 in
2427 4055 2770 4110 servitutem
2802 4053 3036 4121 incolis,
3073 4053 3439 4124 ubribusque
3469 4055 3656 4108 Cretas
3687 4071 3810 4110 una

2149 4143 2389 4214 dempta
2412 4143 2600 4214 captis
2621 4142 2922 4197 omnibus.
2947 4143 3093 4197 Tum
3117 4141 3401 4213 temporis
3423 4142 3603 4196 etiam
3626 4142 3812 4213 Cyril-

2150 4232 2244 4288 lus
2273 4231 2548 4304 Gortynis
2571 4232 2884 4303 episcopus
2909 4231 3178 4301 martyrii
3200 4246 3482 4286 coronam
3507 4230 3803 4301 supplicio

2155 4327 2244 4379 est
2275 4326 2650 4387 consecutus,
2686 4320 2845 4391 quod
2875 4319 3176 4376 Christum
3209 4318 3451 4374 difﬁteri
3494 4319 3805 4378 noluisset.

2155 4412 2274 4466 Hoc
2303 4409 2481 4465 modo
2515 4410 2687 4464 Creta
2717 4410 2778 4464 in
2810 4408 3153 4465 servitutem
3193 4406 3448 4463 devenit.

367 4486 589 4558 άγουσιν
621 4484 700 4542 ἔτι
759 4489 1004 4564 μοναχός
1056 4511 1138 4552 τις
1200 4490 1259 4545 ἐκ
1316 4497 1424 4546 τῶν
1485 4493 1652 4563 ὀρέων
1709 4502 1811 4564 τῆς
1865 4498 2036 4566 νήσου
2092 4491 2420 4560 ἐπικαταϐὰς
2476 4495 2801 4570 ἁμαρτάνειν
2857 4490 3078 4572 ἔφησεν,
3155 4494 3203 4548 εἰ
3263 4493 3523 4570 ἀσφαλῶς
3581 4492 3797 4554 οἷόνται

365 4571 502 4643 ’ἕξειν
561 4572 865 4648 ἱδρυθέντες
925 4577 976 4633 ἐν
1034 4576 1177 4650 τῷδε
1227 4583 1310 4652 τῷ
1363 4581 1544 4654 τόπῳ,
1603 4583 1694 4637 καὶ
1761 4582 1876 4656 ἃμα
1935 4583 2112 4660 λέγων
2172 4587 2266 4641 τὸν
2338 4583 2591 4642 Χάνδακα
2641 4585 2859 4648 τούτοις
2900 4571 3180 4653 Ῠὺπέδειξε,
3256 4581 3426 4654 δεξιὸν
3483 4584 3652 4639 τόπον
3710 4604 3780 4639 κα

371 4662 548 4738 εὐφυῆ
580 4665 718 4738 πρὸς
776 4671 951 4721 πᾶσαν
1013 4669 1321 4744 εὐετηρίαν.
1379 4670 1469 4727 Ἐν
1527 4673 1706 4744 τούτῳ
1757 4674 1920 4727 πόλιν
1977 4671 2290 4750 ἱδρύσαντες
2348 4674 2439 4729 καὶ
2502 4674 2618 4729 οἶόν
2678 4691 2795 4729 τινα
2847 4673 3030 4743 πάσης
3093 4670 3395 4746 ἀκρόπολιν
3444 4679 3546 4742 τῆς
3605 4675 3800 4748 νήσου,

372 4750 552 4807 καῖἓκ
583 4755 787 4825 ταύτης
821 4757 1142 4830 ὁρμώμενοι
1170 4759 1274 4826 τήν
1315 4758 1454 4830 ὅλην
1511 4760 1838 4837 κατέτρεχον
1896 4769 2065 4832 νῆσον
2117 4763 2206 4818 καὶ
2260 4766 2357 4828 τὰς
2413 4762 2634 4826 λοιπάς.
2693 4761 3108 4821 Ἑδουλώσαντο
3168 4759 3226 4818 δὲ
3283 4763 3409 4827 τοὺς
3468 4758 3804 4840 αὐτόχθονας

369 4841 462 4894 καὶ
495 4841 592 4904 τὰς
625 4841 677 4898 ἐν
708 4846 776 4918 τῇ
811 4848 996 4921 Κρήτῃ
1029 4846 1219 4909 πόλεις
1247 4847 1397 4916 πλὴν
1433 4854 1580 4922 μιᾶς.
1622 4851 1760 4907 Τότε
1813 4849 1879 4920 δὴ
1936 4853 2026 4907 καὶ
2085 4853 2113 4907 ὁ
2172 4853 2452 4926 ΚύριλΑος
2511 4854 2539 4908 ὁ
2607 4853 2881 4927 Γορτόνης
2937 4849 3206 4927 πρόεδρος
3263 4856 3445 4928 στέφει
3497 4851 3801 4910 τελειοῦται

373 4936 715 5006 μαρτυρικῷ,
749 4934 825 5005 μὴ
859 4939 1096 5005 θελήσας
1128 4937 1462 5011 ἀρνήσασθαι
1491 4939 1584 4994 τὸν
1617 4941 1874 5014 Χριστόν.
1903 4941 2008 4998 Καὶ
2039 4943 2231 5014 Κρήτη
2266 4941 2361 5013 μὶν
2395 4941 2544 4998 ἑάλω
2572 4946 2763 4998 τοῦτον
2794 4941 2888 4998 τὸν
2919 4941 3152 5016 τρόπον.
3283 4957 3285 4962 ‘

1579 5076 1947 5133 ‘XYLANDRI
1987 5079 2075 5133 ET
2113 5078 2329 5134 GOARI
2369 5079 2570 5134 ΝΟΤᾹΞ

440 5193 557 5273 (79)
591 5193 756 5273 Idem
793 5197 1101 5273 modernis
1149 5199 1374 5273 Graecia
1416 5196 1735 5273 χανδάκιον,
1785 5208 1843 5257 et
1893 5220 2026 5257 cor-

363 5262 588 5319 rectius
620 5262 844 5338 χάνδαξ,
901 5286 967 5324 ac
1011 5269 1182 5342 χάραξ
1243 5272 1366 5326 anti
1414 5262 1528 5333 uis.
1573 5262 1802 5329 scilicet
1851 5277 2024 5342 fossa,

363 5335 593 5396 vallum.
628 5338 786 5393 unde
810 5341 1104 5396 universae
1135 5342 1348 5396 insula!
1373 5288 1593 5396 gaudia:
1616 5362 1836 5396 nomen
1864 5346 2024 5396 dein-

361 5335 593 5404 vallum,
624 5335 786 5393 unde
810 5335 1104 5396 universae
1135 5335 1348 5397 insula:
1373 5335 1593 5399 Gaudia:
1616 5335 2026 5401 nomen'dein;

364 5422 505 5476 ceps
541 5415 630 5461 est
661 5409 936 5466 inditum.
973 5413 1150 5469 Gom.

367 5479 552 5606 G
581 5481 763 5537 Locus
794 5490 921 5539 erat
939 5485 1206 5542 mutilus.
1232 5485 1729 5557 Supplevimusex
1745 5489 2016 5560 Scylitze.

415 5565 545 5604 OAR.

447 5622 948 5701 (Snfluncnullo
978 5629 1216 5701 negotio
1246 5630 1501 5701 comitem
1542 5632 1763 5696 stabuli,
1816 5637 1882 5686 ut
1929 5649 2028 5686 ve-

377 5698 533 5748 teres
579 5695 784 5752 Franci
835 5695 1253 5772 loquebant‘ur,
1306 5699 1638 5774 intelligere
1687 5695 2025 5776 p0ssumus,

2138 5219 2314 5274 quem
2377 5204 2770 5275 posteriorem
2831 5202 3015 5258 Grai-ci
3100 5197 3520 5266 κοντεσταῦλον,
3560 5200 3795 5275 _nostri

2136 5273 2518 5331 c’onstabdlum
2549 5282 2607 5330 et
2638 5275 3106 5330 constabularinm
3140 5277 3512 5327 vocaverunt.
3546 5273 3720 5327 Goan.

2203 5347 2316 5419 (82)
2352 5346 2711 5419 Promiscue,
2741 5351 2806 5400 ut
2837 5352 2894 5400 et
2921 5345 3384 5419 aliidigarcnos
3436 5343 3796 5419 Saracenos-

2137 5414 2250 5488 que
2281 5414 2465 5488 ponit.
2502 5418 2665 5483 Quod
2699 5423 2892 5471 autem
2930 5416 3000 5470 de
3043 5414 3352 5470 Chandace
3377 5487 3384 5488 ί
3408 5415 3798 5488 praecessitet

2135 5487 2426 5560 sequitur.
2457 5489 2703 5544 omnino
2737 5489 2894 5560 inter
2925 5504 2986 5542 se
3020 5493 3278 5560 pugnat;
3309 5487 3441 5560 nisi
3491 5488 3553 5542 in
3593 5487 3793 5543 media

2137 5558 2386 5617 his—toria
2415 5561 2640 5632 aliquid
2675 5559 2914 5624 excidit,
2942 5565 3048 5614 aut
3075 5559 3134 5612 in
3160 5558 3504 5632 nominibus
3527 5565 3790 5616 erratum

2137 5638 2244 5688 est.
2279 5633 2386 5698 Qui
2420 5630 2576 5688 enim
2601 5632 2935 5704 jubeuntur
2964 5635 3157 5704 castra
3181 5630 3273 5704 in
3309 5630 3618 5688 Chandace
3672 5648 3788 5703 po-

2137 5721 2300 5773 nere,
2335 5705 2433 5759 ubi
2469 5721 2534 5761 ea
2560 5701 2686 5775 jam
2718 5709 2853 5759 ante
2877 5701 3204 5774 jacebant?
3234 5701 3370 5756 XvL.
