4112 6426
306 392 424 453 979

1670 383 1993 444 GEORGII
2038 383 2381 445 CEDBENI

3610 395 3734 455 980

380 532 656 587 Ceterum
718 528 1044 602 imperator
1097 525 1421 582 Michaelus
1477 522 1651 578 bellis
1696 519 1967 576 civilibus

2155 523 2278 577 Τῶν
2309 520 2592 602 ἐμφυλίων
2619 521 2676 579 δὲ
2713 523 2975 598 πολέμων
3029 523 3366 602 ἀπαλλαγεὶς
3399 530 3427 584 ὁ
3471 526 3732 605 βασιλεὺς

307 621 598 679 liberatus
628 637 750 674 non
788 621 922 687 Deo,
955 618 1057 673 sed
1081 634 1202 672 sua;
1227 614 1557 687 prudentiae
1580 618 1757 683 atque
1780 611 1965 666 soler-

311 712 410 767 tim
442 710 748 766 victoriam
782 707 1109 780 imputavit.
1160 705 1360 774 Itaque
1411 708 1469 757 et
1524 703 1679 758 fastu
1725 706 1966 772 turgens

314 800 642 857 eﬂrenibus
701 799 883 853 animi
943 796 1242 851 ferebatur
1298 793 1640 864 impetibus.
1713 790 1967 846 Proinde

312 907 499 944 uxore
533 893 783 953 mortua,
818 885 968 941 805
1023 884 1317 939 simulans
1376 899 1438 937 se
1497 882 1673 936 vitam
1734 879 1970 933 viduam

316 978 616 1050 amplecti,
652 973 882 1031 occulte
923 991 1057 1030 cum
1117 973 1488 1044 principibus
1547 975 1789 1026 senatus
1845 984 1972 1022 rem

316 1066 676 1138 composuit,
707 1071 820 1132 ut;
873 1065 912 1118 ii
948 1063 1060 1118 sibi
1121 1063 1367 1118 alterius
1425 1061 1627 1116 uxoris
1685 1057 1972 1114 ducendae

317 1162 591 1214 auctores
624 1160 848 1218 essent,
883 1170 951 1209 ac
981 1153 1097 1208 nisi
1132 1157 1434 1224 pateretur
1456 1148 1803 1222 persuaderi
1835 1147 1971 1212 sibi,

314 1247 430 1302 vim
457 1244 970 1311 minarentur,hoc
991 1243 1240 1298 honesto
1264 1247 1500 1296 utentes
1518 1244 1829 1311 prastextu,
1858 1254 1977 1292 non

316 1336 635 1392 convenire
678 1340 768 1400 ut,
827 1333 973 1404 ipsis
1030 1331 1374 1403 imperatori
1432 1329 1709 1395 subditis,
1768 1343 1978 1381 uxores

316 1441 524 1481 eorum
546 1424 790 1479 domina
813 1428 990 1492 atque
1015 1420 1391 1492 imperatrice
1414 1422 1676 1474 careant.
1723 1417 1808 1472 ita
1840 1432 1976 1487 ergo

319 1514 472 1571 fictis
505 1529 712 1569 eorum
746 1511 1127 1567 sermonibus
1157 1509 1230 1564 ad
1263 1514 1594 1564 extremum
1650 1505 1846 1562 cessit.
1899 1508 1979 1560 Ac

321 1603 582 1675 primum
607 1601 850 1672 quidem
873 1599 1142 1655 subditos
1165 1615 1347 1654 manu
1371 1614 1475 1653 sua
1497 1597 1607 1668 ipsi
1631 1613 1692 1650 se
1724 1595 1980 1666 obligare

322 1691 646 1760 mandavit,
681 1690 942 1746 futuram
985 1687 1362 1759 imperatoris
1410 1701 1678 1752 uxorem,
1731 1691 1786 1738 et
1832 1701 1981 1754 quos

323 1785 482 1834 esset
512 1795 582 1835 ea
607 1778 840 1834 editura
860 1777 1100 1844 liberos,
1137 1792 1369 1830 summo
1401 1776 1462 1829 in
1489 1774 1716 1829 honore
1743 1773 1813 1827 ab
1838 1772 1982 1844 ipsis

323 1868 594 1924 habitum
626 1867 720 1935 iri,
753 1868 835 1922 ita
863 1872 929 1922 ut
955 1883 1084 1922 eam
1109 1867 1236 1936 ipso
1262 1870 1492 1920 mortuo
1515 1862 1977 1934 imperatricem,
2014 1893 2060 1957 Β

325 1959 398 2016 de
433 1958 569 2013 filiis
602 1975 790 2013 unum
831 1958 1255 2028 imperatorem
1285 1958 1627 2027 agnoscant.
1663 1951 1816 2006 Adeo
1857 1967 1977 2006 non

326 2048 389 2103 in
421 2048 533 2102 hoc
560 2047 739 2102 modo
771 2064 915 2114 mvo,
943 2045 1045 2100 sed
1080 2051 1212 2116 post
1243 2050 1495 2099 mortem
1529 2058 1764 2114 quoque
1811 2056 1978 2096 suam

325 2153 388 2192 se
411 2137 840 2207 imperaturum
872 2134 1267 2190 existimabat.
1303 2132 1526 2187 Deinde
1557 2129 1980 2185 commentiliis

325 2225 456 2280 istis
487 2231 728 2280 senatus
757 2223 1035 2294 precibus
1089 2237 1409 2294 persuasus
1460 2219 1687 2274 scilicet
1732 2234 1978 2271 uxorem

325 2313 878 2384 ducitjampridem
911 2311 1266 2382 desponsam
1301 2309 1556 2376 Christo,
1587 2312 1645 2362 et
1693 2306 1981 2361 monasti-

326 2421 464 2459 cum
496 2403 832 2474 amplexam
862 2401 994 2456 vita)
1026 2418 1236 2474 genus,
1273 2400 1453 2470 inque
1485 2398 1774 2470 principis
1825 2396 1980 2450 dicto

325 2493 692 2550 monasterio
753 2491 812 2546 id
871 2507 905 2545 a
961 2490 1218 2562 pueritia
1283 2494 1676 2552 exercentem,
1737 2486 1980 2541 nomine

327 2581 804 2652 Euphrosynam.
847 2578 1169 2634 Ferebatur
1199 2594 1266 2631 ea
1299 2576 1422 2631 lilia
1449 2591 1577 2630 esse
1611 2572 1979 2628 Constantini

325 2672 725 2743 imperatoris,
758 2670 890 2742 ejus
921 2686 1097 2741 quem
1129 2673 1321 2723 mater
1357 2668 1530 2720 Irena
1587 2681 1693 2720 sua
1741 2669 1984 2736 propter

329 2761 557 2818 scelera
578 2761 742 2832 juste
775 2760 964 2815 oculis
995 2758 1371 2830 spoliaverat.

403 2940 596 2995 Aliam
619 2955 856 3010 quoque
877 2938 1132 2994 classem
1155 2936 1475 2993 Michaelus
1506 2941 1713 2991 contra
1739 2935 1984 2990 Sarace-

330 3046 444 3085 nos
472 3030 704 3085 Cretam
735 3028 1075 3083 obtinentes
1105 3028 1323 3093 emisit,
1357 3026 1504 3082 duce
1525 3027 1765 3081 Cratero
1788 3024 1983 3094 Cibyr-

331 3125 652 3175 raeotarum
693 3119 991 3190 praefecto.
1045 3119 1099 3172 Is
1148 3134 1283 3173 cum
1329 3117 1702 3188 septuaginta
1753 3114 1875 3170 suis
1928 3119 1986 3168 et

2069 610 2302 684 Μιγαήλ
2334 611 2395 666 ού
2427 617 2507 684 τῷ
2545 618 2661 685 Θεῷ
2717 616 2815 683 τὴν
2871 615 3024 684 νίκην
3086 615 3410 693 ἐπέγραψεν,
3459 617 3608 674 ἀλλά
3659 624 3731 693 τῇ

2071 701 2263 755 ἑαυτοῦ
2294 703 2550 780 φρονήσει
2578 704 2668 757 καῖ
2725 705 3040 778 στρατηγίᾳ·
3091 703 3177 760 διὸ
3227 705 3317 760 καὶ
3368 707 3470 762 ὑπὸ
3521 711 3731 782 φρονή-

2076 809 2245 861 ματος
2269 793 2527 867 φυσηθεὶς
2551 791 2845 855 ἀκάθεκτος
2865 794 2930 861 ἦν
2956 795 3053 863 τήν
3079 795 3179 862 τὴν
3202 791 3402 868 ὁρμήν.
3431 799 3546 864 Τῆς
3565 818 3742 872 γαμε-

2073 885 2172 947 τῆς
2234 879 2324 934 οὖν
2384 882 2790 952 τελευτησάσης
2875 882 3040 937 αὐτοῦ
3128 885 3414 940 ὑπεποειτο
3477 886 3574 960 μὲν
3632 887 3728 941 τὸν

2077 969 2247 1049 ἄζυγα
2292 973 2436 1047 βίον,
2497 972 2670 1046 λάθρα
2727 971 2784 1029 δὲ
2841 976 2978 1049 πρὸς
3037 974 3166 1036 τοὺς
3228 974 3573 1054 προῦχοντας
3632 986 3733 1047 τῆς

2079 1061 2393 1140 συγκλήτου
2451 1063 2683 1136 πέμπων
2739 1059 2986 1119 ἀνέπεισε
3060 1067 3190 1140 παρ’
3245 1065 3424 1121 αὐτῶν
3484 1081 3737 1142 παρακαο

2081 1151 2294 1216 λεῖσθαι
2355 1155 2509 1227 ἑτέρᾳ
2568 1158 2932 1232 συζέυχθῆναι
2992 1154 3310 1227 γυναικὶ,εί
3346 1158 3422 1228 μή
3482 1158 3730 1229 πεισθείη

2081 1239 2138 1298 δὲ
2202 1243 2294 1297 καὶ
2378 1243 2496 1318 βίαν
2581 1241 2884 1316 ἐπενεγκεῖν
2979 1242 3373 1312 ἀπειλούντων,
3471 1247 3741 1325 πρόφασιν

2082 1328 2240 1400 δῆθεν
2301 1329 2586 1405 εὔσχημον
2647 1334 3102 1406 προτεινομένων,
3163 1333 3236 1395 ὡς
3270 1333 3332 1388 ού
3367 1331 3488 1388 δέον
3537 1334 3740 1397 αὐτοὺς

2086 1420 2178 1492 μὲν
2218 1421 2321 1474 ὑπὸ
2357 1420 2573 1494 βασιλεῖ
2618 1421 2928 1491 τάττεσθαι,
2985 1420 3080 1482 τὰς
3136 1417 3192 1475 δὲ
3249 1421 3425 1476 αύτῶν
3485 1429 3740 1497 γυναῖκας

2085 1506 2375 1580 δεσποίνης
2406 1511 2707 1584 στερεῖσθαι
2732 1509 2821 1564 καὶ
2895 1508 3205 1584 βασιλίδος.
3267 1512 3584 1567 Ἐπέπειστο
3641 1514 3739 1567 οὗν

2085 1598 2184 1672 ὀψέ
2219 1619 2347 1653 ποτε
2378 1595 2466 1653 διὰ
2495 1603 2602 1654 τῶν
2637 1597 2985 1654 ἐπιπλάστων
3018 1598 3225 1674 λόγων,
3263 1601 3356 1655 καὶ
3405 1607 3595 1675 πρῶτα
3647 1605 3745 1676 μὲν

2087 1685 2282 1760 ἀπῄτει
2316 1687 2661 1765 χειρόγραφα
2691 1688 2817 1749 τοὺς
2851 1687 3129 1758 ὑπηκόους
3163 1687 3398 1758 εὐνοίας,
3458 1690 3532 1751 ὡς
3578 1690 3746 1762 αὐτήν

2087 1795 2146 1831 τε
2201 1778 2300 1845 τήν
2359 1775 2618 1848 ἐσομένην
2679 1775 2828 1848 αύτῷ
2884 1783 3112 1851 γυναῖκα
3188 1777 3279 1832 καὶ
3336 1779 3404 1832 τὰ
3461 1778 3511 1851 ἐξ
3572 1779 3745 1849 αὐτῆς

2089 1870 2471 1944 τεχθησόμενα
2506 1871 2642 1936 μετά
2671 1870 2763 1924 τὸν
2796 1870 2964 1924 αὐτοῦ
3023 1871 3247 1925 θάνατον
3285 1866 3742 1945 ὑπερϐαλλόντως

2089 1961 2409 2030 τιμήσουσι,
2440 1960 2531 2014 καὶ
2586 1961 2700 2033 μετ’
2760 1958 2964 2014 ἐκεῖνον
3029 1959 3284 2034 βασιλέας
3331 1957 3510 2034 ἔχοιεν
3559 1961 3744 2018 κάκεί-

2089 2070 2187 2120 νην
2222 2045 2524 2103 δέσποιναν.
2561 2047 2746 2111 Οὕτως
2780 2048 2845 2102 ού
2877 2052 2973 2104 τοῦ
3017 2050 3131 2104 κατ’
3179 2051 3410 2118 ⁷ἐκεῖνον,
3460 2049 3608 2105 ἀλλά
3651 2053 3745 2107 καὶ

2088 2142 2186 2194 τοῦ
2247 2143 2363 2212 μετ’
2420 2137 2581 2192 αὐτὸν
2639 2137 2776 2209 ᾤετο
2833 2139 3120 2210 κρατήσειν
3179 2139 3396 2200 αἰῶνος.
3460 2140 3598 2197 Εἶτα
3650 2141 3741 2196 καὶ

2090 2233 2209 2290 ταῖς
2246 2227 2380 2302 μετά
2409 2228 2608 2302 τέχνης
2646 2226 2895 2296 αἷτήσεσι
2954 2227 3194 2290 πείθεται
3248 2235 3350 2297 τῆς
3409 2227 3745 2306 συγκλήτου.

2093 2321 2178 2391 [Ρ.
2214 2320 2340 2391 511]
2372 2317 2458 2371 καὶ
2491 2317 2730 2390 ἠγάγετο
2783 2318 2918 2391 πρὸς
2973 2318 3148 2390 γάμον
3197 2318 3426 2392 γυναῖκά
3469 2340 3588 2373 τινα
3646 2321 3746 2375 πά-

2092 2405 2186 2462 λαι
2217 2408 2604 2482 νυμφευθεῖσαν
2657 2407 2875 2479 Χριστῷ
2933 2406 3022 2460 καὶ
3082 2407 3173 2460 τὸν
3236 2403 3529 2478 μοναδικὸν
3588 2411 3749 2464 ἀσπα-

2093 2495 2331 2568 σαμένην
2370 2494 2487 2570 βίον
2521 2493 2614 2547 κάν
2647 2499 2726 2566 τῷ
2779 2492 2829 2548 ἐν
2893 2497 2961 2566 τῇ
3027 2495 3334 2568 [ἰριγκήπῳ
3394 2496 3746 2570 μοναστηρίῳ

2095 2585 2432 2659 μονάζουσαν
2463 2582 2525 2638 ἐκ
2553 2582 2768 2644 παιδόςο
2832 2582 3155 2660 Εὐφροσύνη
3217 2583 3420 2654 ταύτης
3453 2587 3488 2654 ἡ
3521 2584 3750 2657 κλῆσις,

2091 2675 2297 2749 πατρὸς
2329 2670 2386 2728 δῖε
2418 2672 2632 2749 λέγεται
2664 2673 2795 2726 εἶναι
2829 2672 3235 2728 Κωνσταντίνου
3293 2677 3388 2728 τοῦ
3441 2674 3743 2748 βασιλέως,

2093 2765 2218 2834 δνή
2256 2767 2442 2838 μήτηρ
2487 2763 2693 2836 Εἰρήνη
2754 2759 2978 2824 δικαίως
3041 2760 3129 2817 διὰ
3187 2763 3280 2825 τὰς
3336 2764 3587 2842 σφετέρσς
3645 2764 3752 2818 ἀπο

2093 2854 2402 2931 ετύφλωσεν
2435 2851 2755 2914 ἀκολασίας.
2791 2851 2887 2906 Καὶ
2917 2857 3085 2907 ταῦτα
3120 2853 3214 2925 μέν
3265 2853 3554 2926 ἐπράττετο
3585 2849 3746 2927 τῇδεο

2162 2947 2222 3004 Ὀ
2255 2942 2312 2998 δὲ
2336 2941 2568 3018 Μιχαὴλ
2627 2936 2812 3018 ἕτερον
2870 2939 3066 2997 στόλον
3125 2940 3392 3014 ἐκπέμπει
3445 2943 3581 2997 κατά
3636 2947 3744 2998 τῶν

2093 3036 2144 3092 ἐν
2179 3033 2362 3108 Κρήτῃ
2424 3036 2781 3108 Σαρακηνῶν,
2841 3031 3143 3106 στρατηγὸν
3203 3031 3498 3102 ἐπιστήσας
3557 3034 3745 3093 αὐτοῖς

2092 3124 2364 3198 Κρατερὸν
2422 3122 2516 3176 τὸν
2594 3125 2699 3175 τῶν
2793 3116 3222 3196 Κιϐυῤῥαιωτῶν
3309 3117 3565 3176 διέποντα
3641 3122 3738 3190 τὴν

333 3209 610 3265 omnibus
641 3208 1010 3279 reliquarum
1049 3207 1382 3263 insularum
1440 3205 1770 3260 biremibus
1819 3203 1983 3258 ferox

2099 3215 2299 3292 ἀρχὴν⁹
2397 3213 2456 3273 ὅς
2547 3205 2931 3280 ἐϐδομήκοντα
2989 3208 3200 3280 διήόεις
3255 3211 3349 3272 τάς
3412 3210 3498 3286 ὑφ’
3563 3209 3748 3265 ἑαυτὸν

279 3335 282 3339 -
330 3297 653 3354 admodum
686 3297 840 3353 896
895 3298 1128 3352 Cretam
1179 3295 1488 3367 applicuit,
1540 3293 1869 3363 inciditque
1919 3291 1981 3345 in

329 3392 630 3462 Agarenos
651 3401 1032 3459 nequaquam
1055 3401 1312 3458 pugnam
1339 3382 1862 3455 subterfugientes,
1880 3379 1984 3434 sed

330 3479 566 3536 fortiter
596 3477 918 3533 admodum
947 3492 1079 3531 eam
1107 3475 1518 3530 subsistentes.
1556 3476 1603 3528 A
1636 3474 1826 3544 prima
1856 3471 1985 3526 luce

333 3584 525 3639 usque
557 3567 632 3622 ad
663 3565 977 3621 meridiem
1000 3565 1287 3619 acerrime
1312 3564 1588 3634 utrinque
1612 3562 1723 3616 fuit
1746 3559 1987 3615 dimica-

335 3663 487 3724 tum,
518 3660 732 3710 neutra
760 3660 926 3726 parte
959 3653 1266 3723 inclinata,
1296 3653 1397 3708 sed
1422 3653 1688 3723 utrisque
1719 3651 1987 3705 animose

337 3743 819 3818 perdurantibus.
878 3743 1007 3797 iam
1071 3747 1338 3814 vergente
1399 3742 1470 3796 ad
1529 3756 1835 3812 vesperam
1895 3738 1988 3793 die

341 3833 602 3906 superati
633 3832 873 3888 demum
906 3832 1216 3885 Cretenses
1238 3831 1432 3904 fugam
1456 3831 1744 3886 fecerunt.
1771 3830 1990 3884 Horum

343 3927 515 3984 multi
547 3927 607 3981 in
642 3942 838 3998 pugna
865 3925 1042 3980 occisi
1079 3930 1237 3991 sunt,
1273 3924 1473 3995 plures
1509 3922 1758 3993 abjectis
1809 3921 1992 3976 armis

341 4017 517 4088 capti.
553 4015 891 4086 Eademque
925 4014 1019 4068 die
1050 4015 1282 4069 videtur
1311 4013 1452 4067 urbs
1503 4029 1737 4084 quoque
1788 4027 1992 4066 eorum

343 4107 472 4178 capi
505 4105 790 4177 potuisse,
823 4105 938 4158 nisi
972 4120 1090 4158 nox
1123 4104 1402 4174 ingruens
1434 4102 1778 4157 obstitisset.
1806 4104 1993 4170 Atque

343 4215 414 4252 ea
445 4196 684 4268 quidem
721 4212 834 4250 nox
867 4195 1148 4249 Romanis
1175 4194 1424 4248 exitiosa
1463 4193 1593 4247 fuit.
1637 4195 1898 4262 Namque
1933 4196 1999 4245 ut

341 4287 615 4354 viatores,
651 4290 708 4340 et
737 4284 837 4356 qui
869 4283 1220 4356 superstites
1251 4299 1470 4354 paucos
1502 4281 1785 4353 postridie
1832 4279 1996 4334 nullo

345 4375 582 4446 negotio
615 4392 676 4429 se
708 4374 769 4428 in
802 4389 970 4428 suam
1003 4377 1359 4443 potestatem
1401 4371 1749 4427 redacturos
1799 4386 1998 4440 spera-

344 4471 499 4530 rent,
533 4462 780 4535 perinde
810 4479 878 4517 ac
911 4461 957 4516 si
991 4477 1110 4516 non
1144 4461 1204 4515 in
1239 4461 1489 4525 hostico,
1521 4460 1625 4514 sed
1666 4459 1825 4514 domi
1880 4475 2000 4512 sua}

349 4559 612 4626 agerent,
642 4550 1046 4623 potationibus
1097 4555 1156 4605 et
1202 4550 1453 4605 luxuriaa
1503 4567 1632 4604 sese
1683 4549 1997 4613 dederunt,

349 4659 546 4714 neque
569 4640 974 4704 excubiarum,
991 4655 1186 4708 neque
1206 4639 1382 4693 ullius
1405 4639 1682 4693 salutaris
1697 4637 1780 4692 rei
1795 4653 1999 4692 curam

352 4731 662 4796 habentes,
697 4728 768 4782 de
815 4728 939 4783 solo
992 4745 1201 4783 somno
1253 4745 1318 4782 ac
1369 4728 1567 4797 quiete
1619 4732 1678 4781 et
1733 4726 2004 4782 socordia

349 4820 526 4879 facile
558 4817 754 4873 omnia
789 4823 1086 4873 evertente
1119 4818 1464 4889 cogitantes.
1499 4819 1646 4888 Ergo
1669 4817 2001 4884 Cretenses,

353 4911 454 4983 qui
486 4907 897 4963 excubitorum
929 4906 1130 4978 inOpia
1160 4905 1270 4976 ipsi
1299 4905 1539 4978 vigilum
1572 4923 1820 4962 munere
1871 4907 2003 4962 fun-

352 5001 664 5075 gebantur,
695 5001 961 5054 Romana
1002 5003 1194 5052 castra
1254 4997 1384 5050 vino
1448 5014 1776 5068 somnoque
1834 5003 2008 5069 capta

352 5089 870 5163 deprehendentes
903 5087 1101 5141 media
1131 5092 1303 5140 nocte
1333 5103 1542 5159 magno
1577 5105 1711 5142 cum
1756 5088 2005 5159 strepitu

353 5183 674 5242 irruerunt.
709 5177 888 5248 inque
920 5177 1118 5233 ebrios
1167 5176 1521 5246 incidentes,
1572 5179 1880 5233 universos
1931 5193 2006 5233 ne

353 5269 561 5327 nuntio
593 5267 858 5340 quidem,
902 5272 968 5320 ut
1023 5266 1331 5336 proverbio
1391 5267 1624 5334 dicitur,
1687 5268 2005 5338 superstite

351 5360 799 5415 interfecerunt.
835 5356 1005 5410 Solus
1038 5354 1154 5410 dux
1183 5356 1456 5412 Craterus
1485 5357 1834 5410 mercatorio
1866 5372 2008 5410 usus

356 5448 590 5519 navigio
622 5445 798 5501 saluti
832 5463 953 5499 sum
985 5445 1304 5500 consuluit.
1349 5447 1532 5510 Quem
1583 5463 1718 5500 cum
1769 5447 2010 5501 Sarace-

360 5551 573 5590 norum
606 5532 724 5587 dux
757 5531 857 5587 diu
889 5531 1263 5602 multumque
1309 5538 1366 5588 et
1422 5534 1578 5587 inter
1628 5532 1912 5588 cadavera
1956 5538 2014 5588 et

366 5624 522 5676 inter
551 5621 809 5690 captivos
842 5620 1156 5691 quasitum
1211 5638 1330 5676 non
1391 5621 1705 5688 inveniret,
1764 5639 1832 5676 ac
1879 5622 2016 5694 fuga

372 5711 640 5781 elapsum
667 5709 1021 5782 perciperet,
1053 5710 1216 5765 misit
1255 5711 1355 5783 qui
1410 5711 1556 5766 891
1623 5728 1758 5767 eum
1812 5730 2011 5785 perse-

2087 3302 2281 3368 ’λαϐὼν
2313 3301 2528 3360 καὶτὰς
2577 3298 2636 3353 ἐκ
2681 3304 2790 3353 τῶν
2843 3297 3029 3354 ἄΛλων
3075 3302 3253 3369 νήσων
3301 3298 3530 3368 ἁπάσας,
3585 3297 3638 3352 ἐν
3683 3302 3752 3372 τῇ

2094 3397 2280 3472 Κρήτῃ
2339 3390 2632 3466 γενόμενος
2697 3389 2832 3459 μετά
2892 3387 3150 3463 μεγίστου
3214 3389 3568 3466 φρυάγματος
3629 3385 3757 3443 οὐὸὶ

2094 3485 2224 3545 τοὺς
2285 3477 2623 3556 ’Λγαρηνοὺς
2687 3473 3162 3549 ὑποκλινομένους
3225 3478 3394 3551 εὗρεν,
3462 3473 3610 3531 ἀλλά
3663 3477 3756 3531 καὶ

2096 3574 2292 3631 αὐλοὺς
2349 3567 2610 3644 γενναίως
2673 3567 3011 3628 ὑποστάντας
3094 3567 3186 3621 τὸν
3261 3564 3532 3621 κίνδυνον.
3610 3574 3760 3639 Συμ-

2097 3662 2320 3730 πλοκῆς
2353 3656 2411 3713 δὲ
2438 3657 2762 3732 γενομένης,
2795 3652 2906 3724 ἤδη
2936 3659 3034 3710 τοῦ
3091 3655 3256 3724 ἡλίου
3306 3657 3401 3718 τάς
3457 3655 3759 3731 ἀκρωρείας

2097 3751 2426 3825 αὐγάζοντος
2458 3745 2591 3824 ἃχρι
2626 3745 2899 3817 μεσούσης
2959 3745 3196 3818 ἡμέρας,
3253 3744 3532 3820 οὐδέτερον
3595 3742 3763 3819 μέρος

2098 3837 2414 3904 ἀπέκλινεν,
2485 3832 2631 3888 ἀλλὰ
2695 3833 2950 3906 γενναίως
3016 3830 3331 3909 ἀντέχοντες
3419 3832 3761 3908 ἐκαρτέρουν.

2101 3932 2266 4002 Ἀρτι
2297 3924 2355 3981 δὲ
2402 3931 2502 3993 τῆς
2571 3919 2779 3996 ἡμέρας
2829 3922 3122 3993 κλινούσης
3163 3925 3497 3992 πονήσαντες
3525 3924 3578 3976 οἱ
3611 3925 3766 3997 Κρῆ-

2100 4040 2189 4080 τες
2222 4013 2484 4071 ἐνέδωκαν
2534 4013 2608 4074 εἰς
2669 4014 2872 4090 φυγὴν,
2930 4013 3020 4066 καὶ
3077 4012 3286 4068 πολλοὶ
3345 4014 3438 4085 μὲν
3499 4013 3673 4068 αὐτῶν
3706 4011 3762 4066 ἐν

2104 4111 2186 4178 τῷ
2218 4103 2451 4176 πολέμῳ
2481 4103 2768 4167 ἀπέθανον,
2801 4101 3052 4163 πλείανες
3097 4099 3154 4156 δὲ
3199 4102 3266 4157 τὰ
3313 4101 3460 4158 ὅπλα
3512 4102 3762 4177 ῥίψαντες

2104 4194 2645 4270 ᾐχμαλωτίσθησαν.
2677 4191 2832 4264 Τάχα
2868 4187 2914 4244 δ’
2947 4190 3007 4246 ἄν
3037 4191 3183 4246 ἑάλω
3225 4191 3314 4245 καὶ
3347 4193 3380 4260 ἡ
3415 4189 3578 4251 πόλις
3632 4191 3764 4245 αὐθ-

2107 4286 2347 4360 ημερὸν,
2383 4283 2426 4337 εί
2487 4283 2563 4354 μὴ
2619 4280 2711 4350 νὺξ
2761 4279 3112 4353 ἐπιγενομένη
3171 4279 3428 4355 ἀνέτρεψε
3472 4280 3658 4337 τέλεον
3698 4281 3767 4336 τά

2111 4376 2430 4450 πράγματα.
2463 4373 2730 4442 Ῥωμαῖοι
2769 4371 2862 4441 μὲν
2916 4371 3018 4444 γὰρ
3065 4371 3139 4430 ὡς
3192 4367 3301 4441 ἤδη
3349 4372 3497 4444 τάχα
3553 4391 3766 4440 νενικη-

2107 4465 2284 4528 κότες,
2316 4463 2407 4518 καὶ
2446 4462 2649 4522 πάντας
2705 4458 2892 4516 αὔριον
2948 4459 3000 4514 ἐν
3062 4463 3263 4536 βραχεῖ
3322 4462 3550 4537 βραχεῖς
3607 4459 3766 4522 ὄντας

2119 4554 2439 4613 ἐλπίσαντες
2487 4545 2801 4618 συλλαϐεῖν,
2871 4550 2945 4610 ὡς
3003 4550 3055 4604 ἐν
3116 4550 3310 4622 οἰκείᾳ,
3368 4549 3493 4606 ἀλλ’
3555 4550 3655 4604 οὐκ
3713 4548 3766 4604 ἐν

2109 4642 2379 4718 ἀλλοτρία
2457 4640 2758 4714 διάγοντες,
2816 4640 2952 4713 πρὸς
3010 4641 3209 4702 πὸτους
3274 4642 3363 4695 καὶ
3422 4640 3626 4716 τρυφὰς
3682 4639 3773 4709 ἐξ·

2116 4729 2440 4807 εϐάκχευον,
2476 4731 2616 4801 μήτε
2645 4729 2790 4790 τινὸς
2825 4727 3106 4805 φυλαχῆς,
3144 4730 3270 4802 μήτ’
3298 4727 3476 4799 ἄλλης
3502 4728 3770 4804 σωτηρίας

2115 4821 2516 4900 φροντίσαντες,
2551 4819 2721 4874 ὕπνου
2755 4816 2811 4873 δὲ
2845 4819 3013 4890 μόνου
3045 4820 3132 4872 καὶ
3184 4826 3284 4887 τῆς
3345 4821 3516 4874 πάντα
3568 4817 3771 4894 ῥᾳδίως

2116 4910 2522 4987 ἀνατρεπούσης
2579 4907 2900 4984 ἂναπαύγης
2959 4929 3016 4963 τε
3097 4909 3188 4962 καὶ
3248 4909 3551 4982 ῥᾳστώνης.
3612 4910 3771 4965 ’Ὀυεν

2115 5001 2237 5072 περὶ
2273 5002 2438 5072 μέσας
2497 5000 2692 5059 νύκτας
2759 4998 2809 5052 οἱ
2863 5002 3094 5070 Κρῆτες,
3155 4996 3342 5068 ἐπειδὴ
3407 5005 3511 5054 τῶν
3568 5002 3771 5055 ἑαυτῶν

2116 5090 2372 5170 φυλάκων
2403 5089 2475 5149 ὡς
2509 5086 2560 5142 ἐν
2606 5089 2808 5161 ἀπορίᾳ
2863 5087 3254 5162 ἀγρυπνοῦντες
3309 5087 3436 5161 οἳνῳ
3476 5090 3566 5143 καὶ
3616 5090 3771 5163 ὕπνῳ

2116 5178 2244 5240 τοὺς
2277 5181 2375 5247 τῆς
2404 5179 2722 5249 Ῥωμαϊκῆς
2764 5173 3127 5249 παρεμϐολῆς
3175 5177 3475 5250 ἐμάνθανον
3525 5198 3772 5252 κατεχο-

2123 5267 2340 5341 μένους,
2372 5267 2616 5338 αὐθωρὸν
2647 5261 2990 5325 ἐπιπεσόντες
3024 5268 3140 5337 μετ’
3191 5265 3523 5341 ἀλαλαγμοῦ
3551 5269 3638 5322 καί
3675 5269 3774 5342 μέ-

2122 5356 2634 5431 θῃκατεσχημένους
2685 5355 2930 5428 εὑρόντες
2963 5356 3197 5416 ἅπαντας
3232 5355 3401 5428 ἄρδην
3457 5356 3772 5426 ἀπώλεσαν,

2123 5449 2196 5509 ὼς
2217 5445 2345 5520 μηδ’
2369 5446 2626 5524 ἄγγελον,
2648 5450 2808 5498 τοῦτο
2836 5442 2902 5514 δὴ
2922 5447 2984 5499 τὸ
3007 5450 3101 5500 τοῦ
3125 5444 3772 5528 λόγου,περιλειφθῆναι.

2122 5539 2306 5598 Μόνος
2340 5534 2385 5590 δ’
2418 5537 2445 5590 6
2479 5534 2779 5609 στρατηγὸς
2807 5535 3112 5607 ἐμπορικοῦ
3142 5557 3288 5597 τινος
3319 5536 3518 5592 πλοίου
3579 5533 3774 5600 ἐπιϐὰς

2121 5629 2222 5694 τήν
2281 5624 2552 5698 σωτηρίαν
2612 5623 2786 5693 ἐαυτῷ
2870 5622 3248 5694 ἐμνηστεύετο.
3320 5627 3408 5687 Ὠς
3469 5625 3525 5680 δὲ
3583 5627 3774 5684 πολλὰ

2130 5718 2370 5787 ζητήσας
2403 5715 2430 5770 ὁ
2462 5717 2568 5769 τῶν
2602 5716 2932 5787 Σαρακηνῶν
2991 5714 3243 5791 ἀρχηγὸς
3283 5720 3475 5771 τοῦτον
3530 5715 3637 5790 οὐχ
3685 5715 3778 5772 εὕ-
