4112 6410
263 399 388 460 981
1423 393 1972 458 HISTORIARUM
2015 397 2568 463 GOMPENDIUM.
3587 407 3707 468 982

266 551 461 607 ρισκεν
488 531 602 586 οὒτ’
669 528 720 585 ἐν
780 533 899 591 τοῖς
957 530 1214 584 πεσοῦσιν
1267 527 1380 584 οὔτ’
1411 527 1464 584 ἐν
1494 533 1611 591 τοῖς
1641 526 1943 602 αἰχμαλώ-

2061 538 2407 606 querentur.
2438 538 2630 608 Atque
2657 537 2716 592 hi
2745 551 2882 593 eum
2913 535 2975 592 in
3006 537 3084 594 Co
3114 536 3310 594 insula
3359 541 3611 597 assecuti
3644 543 3707 597 in

257 642 410 686 τοις,
440 617 610 692 ἔμαθε
640 615 686 674 δ’
738 618 823 673 ὃτι
883 617 1058 696 φυγὰς
1099 617 1301 692 ᾣχετο,
1333 619 1460 681 τοὺς
1499 615 1932 688 καταδιώξοντας

2061 640 2282 680 :rucem
2315 629 2514 681 actum
2545 643 2576 681 e
2609 627 2750 682 vivis
2783 627 3172 683 sustulerunt.
3207 628 3541 684 Secundum
3577 631 3704 687 haec

263 706 538 783 ἔπεμψενο
572 707 625 762 οἳ
652 708 742 762 καὶ
774 702 1174 768 καταλαϐόντες
1227 705 1388 761 αὐτὸν
1445 705 1497 761 ἐν
1538 705 1625 778 Κῷ
1679 710 1748 779 τῇ
1778 709 1929 778 νήσῳ

2061 713 2365 770 )ellicosus
2395 716 2640 787 quidam
2667 718 2773 786 vir,
2809 719 3263 789 prudentimque
3294 725 3353 774 et
3371 721 3712 792 sagacitatis

263 800 425 872 ξύλῳ
453 799 818 874 κρεμάσαντες
879 797 1222 853 ἀπέκτειναν.
1282 799 1435 854 Μετά
1486 795 1544 852 δὲ
1588 801 1754 851 ταῦτα
1790 797 1930 872 ἀνήρ

2061 819 2162 857 ιοῐι
2223 819 2453 875 expers,
2504 813 2897 877 cognomento
2956 808 3244 878 Oryphas,
3296 809 3484 879 jussu
3560 811 3715 884 regis

261 911 362 952 τις
434 888 744 962 πολεμικὸς
801 888 892 942 καὶ
952 889 1267 966 φρονήσεως
1335 887 1424 941 καὶ
1484 887 1774 962 ἀγχινοίας
1833 888 1934 941 οὐκ

265 979 541 1052 ἄμοιρος,
573 977 636 1032 τὸ
668 977 961 1048 ἐπώνυμον
1002 975 1262 1053 Ὀρύφας,
1302 975 1527 1051 στρατόν
1588 997 1707 1030 τινα
1762 997 1934 1051 προσ-

262 1069 424 1140 τάξει
455 1065 715 1142 ἀθροίσας
771 1065 1056 1141 βασιλικῇ,
1097 1066 1191 1120 τὸν
1243 1064 1755 1140 τεσσαρακοντάριον
1813 1066 1938 1120 τότε

262 1159 621 1230 καλούμενον
654 1156 714 1211 ἐκ
756 1160 854 1211 τοῦ
904 1153 1300 1228 διανεμηθῆναι
1360 1155 1546 1218 αὐτοῖς
1601 1157 1701 1210 ἀνὰ
1750 1177 1937 1211 τεσσα-

267 1247 513 1324 ράκοντα
583 1244 900 1321 χρυσίνους,
984 1243 1080 1306 τάς
1145 1265 1204 1298 τε
1280 1243 1453 1306 άλλας
1520 1247 1718 1314 νήσους
1775 1245 1940 1301 ἐπιὼν

265 1335 468 1410 ἀνῄρει
523 1335 652 1396 τοὺς
700 1334 1140 1406 προνομεύοντας
1221 1336 1298 1407 [Ρ.
1380 1337 1506 1407 512]
1588 1334 1939 1408 ⁸Λγαρηνοὺς,

2044 893 2369 948 exercitum
2402 893 2647 967 colligit,
2665 896 2764 967 qui
2797 901 2923 952 tum
2957 897 3473 969 quadragenarius
3505 899 3719 970 appel-

2044 979 2300 1048 labatur,
2336 983 2495 1053 quod
2517 984 2911 1057 quadraginta
2956 987 3122 1040 aurei
3186 985 3444 1056 singulis
3493 988 3716 1058 pende-

2046 1068 2286 1124 bantur.
2314 1073 2369 1126 Is
2401 1077 2457 1126 et
2487 1072 2635 1128 alias
2665 1074 2874 1129 obiens
2897 1074 3124 1130 insulas
3155 1077 3454 1146 Agarenas
3476 1075 3708 1147 prazda-

2048 1164 2174 1213 tum
2209 1168 2589 1217 excurrentes
2618 1163 2938 1232 interfecit,
2970 1165 3189 1234 partim
3221 1165 3455 1219 insidiis
3477 1165 3711 1227 locatis,

2050 1250 2266 1320 partim
2294 1251 2503 1322 prtelio
2534 1268 2907 1325 congressus,
2942 1261 3001 1308 et
3029 1254 3402 1309 Cretensium
3427 1254 3709 1310 immodi-

2053 1354 2183 1393 cam
2215 1338 2499 1395 ferociam
2531 1342 2816 1414 repressit
2846 1347 3022 1412 atque
3055 1343 3333 1398 inhibuit.

264 1431 394 1488 τοῖς
432 1427 525 1497 μὲν
559 1423 771 1499 λόχους
802 1423 1042 1498 ἐπάγων,
1083 1429 1200 1485 τοῖς
1226 1421 1283 1478 δὲ
1311 1427 1558 1502 φανερῶς
1586 1421 1876 1496 πολεμῶν,
1909 1425 2000 1479 καὶ
2023 1423 2152 1487 τοὺς
2185 1428 2404 1500 Κρῆτας
2444 1427 2748 1484 συνέστειλε
2776 1429 2866 1484 καὶ
2912 1437 3013 1499 τῆς
3051 1428 3272 1499 πολλῆς
3335 1431 3426 1485 καὶ
3461 1429 3697 1505 ἀσχέτου

266 1517 460 1589 ὁρμῆς
491 1514 825 1592 ἀνεχαίτισε.
864 1513 960 1567 Καὶ
994 1518 1166 1568 ταῦτα
1199 1513 1293 1584 μὲν
1328 1511 1637 1588 συνηνέχθη
1666 1511 1818 1578 τῇδε.

357 1603 508 1660 Κατά
539 1599 597 1656 δὲ
625 1602 716 1657 τὸν
749 1600 908 1656 αὐτὸν
941 1603 1128 1677 καιρὸν
1158 1601 1449 1680 Εὐφήμιός
1481 1623 1562 1663 τις
1614 1601 1749 1677 ἀνὴρ
1805 1602 1942 1656 κατά

280 1690 540 1747 Σικελίαν
571 1690 705 1747 λαοῦ
735 1711 880 1752 τινος
947 1689 1334 1764 ἐξηγούμενος,
1377 1691 1616 1764 ἐρασθεὶς
1670 1692 1938 1765 παρθένου

2125 1607 2244 1661 Hoc
2303 1607 2430 1677 ipso
2488 1612 2757 1679 tempore
2812 1610 3170 1680 Euphemius
3210 1610 3452 1680 quidam
3493 1615 3704 1666 turmae

2051 1695 2352 1766 cujusdam
2377 1696 2495 1750 dux
2539 1713 2740 1752 amore
2795 1705 3102 1769 correptus
3161 1699 3424 1772 virginis,
3483 1716 3614 1771 quae
3671 1716 3707 1756 ιι

275 1782 430 1842 τινὸς
461 1783 523 1836 τὸ
560 1777 854 1851 μοναδικόν
914 1781 974 1834 ἐκ
1029 1778 1223 1841 παιδὸς
1282 1776 1664 1854 ἀναλαϐούσης
1719 1787 1935 1854 σχῆμα,

389 1872 399 1883 .
515 1868 572 1885 υ
628 1874 650 1884 ..
699 1869 713 1885 ν
851 1874 874 1884 ..
1005 1869 1020 1885 κ
1129 1868 1147 1885 ι
1214 1875 1234 1884 -
1337 1866 1360 1885 ,ι
1546 1871 1558 1885 .
1657 1870 1676 1885 κ
1776 1875 1802 1884 ρ.

2061 1789 2255 1840 tenera
2285 1791 2455 1840 aetate
2487 1787 2814 1842 monastico
2847 1787 3053 1842 habitu
3083 1788 3276 1843 velata
3298 1789 3702 1858 vivebat,cum

273 1872 404 1945 περὶ
439 1868 656 1924 πολλοῦ
696 1869 936 1924 ἐποιεῖτο
966 1869 1058 1923 τὸν
1092 1868 1294 1924 οἶκεῖον
1335 1866 1510 1943 ἔρωτα
1546 1870 1934 1944 ἓκπληρῶσαι,

273 1967 387 2015 τῶν
423 1959 607 2032 νόμων
644 1956 770 2014 οὒδὲ
795 1959 1098 2035 φροντίζων
1127 1958 1297 2026 ὅλως,
1339 1957 1466 2014 ἀλλ’
1525 1961 1598 2020 ὡς
1651 1959 1729 2021 εἷς
1770 1960 1938 2032 παρά-

274 2047 485 2124 δειγμα
519 2050 681 2122 μόνον
715 2043 1048 2103 ἀποϐλέπων
1107 2050 1200 2103 τὸν
1262 2049 1510 2123 βασιλέα,
1576 2048 1829 2103 τοιοῦτόν
1884 2069 1936 2103 τι

279 2137 645 2211 τολμήσαντα
667 2137 759 2192 καὶ
791 2137 973 2193 αὐτόν.
1035 2138 1283 2211 Ἀρπάξει
1334 2143 1462 2210 γοῦν
1516 2140 1616 2207 τήν
1674 2138 1936 2211 παρθένον

279 2233 385 2282 τοῦ
416 2227 753 2298 ἀσκητηρίου
791 2226 880 2282 καὶ
913 2227 1049 2301 πρὸς
1094 2227 1281 2281 ἑαυτὸν
1329 2226 1567 2282 ἄκουσαν
1599 2227 1740 2302 ἄγει.
1786 2227 1941 2284 Ταύο

287 2338 395 2387 της
427 2317 514 2370 οὗν
548 2318 598 2370 οἱ
627 2314 856 2394 ἀδελφοὶ
884 2316 1140 2389 προσίασι
1168 2321 1247 2388 τῷ
1282 2317 1537 2392 Μιχαὴλ,
1569 2317 1636 2371 τὰ
1682 2321 1778 2371 τοῦ
1810 2314 1941 2391 δρά-

292 2426 468 2479 ματος
499 2403 870 2480 διηγούμενοι·
934 2407 963 2461 ὁ
1011 2403 1068 2460 δὲ
1123 2405 1333 2462 κελεύει
1388 2412 1468 2478 τῷ
1525 2411 1837 2481 στρατηγῷ,
1895 2405 1940 2462 εί

285 2493 465 2556 οὕτως
494 2491 792 2551 καταλάϐοι
815 2493 1050 2574 ἔχουσαν
1078 2498 1176 2566 τήν
1211 2495 1497 2567 ἀλήθειαν,
1549 2499 1648 2566 τὴν
1693 2496 1817 2573 ῥῖνα
1845 2501 1942 2551 τοῦ

282 2583 696 2658 τετολμηκότος
751 2584 1048 2659 Εὐφημίου
1101 2585 1415 2658 ἀποτεμεῖν.
1474 2588 1644 2661 Ὅπερ
1697 2586 1882 2658 μαθὼν
1913 2585 1941 2638 ὁ

283 2674 599 2750 Εύφήμιος,
634 2675 952 2746 συνωμότας
1010 2669 1194 2729 λαϐὼν
1245 2676 1372 2737 τούς
1398 2696 1456 2730 τε
1484 2676 1586 2730 ὑπὸ
1616 2677 1716 2744 τήν
1779 2674 1943 2729 αὐτοῦ

285 2768 453 2837 χεῖρα
483 2763 573 2816 καί
603 2783 751 2824 τινας
782 2761 889 2816 τῶν
923 2767 1390 2837 συντουρμαρχῶν
1419 2766 1554 2834 (83),
1613 2764 1707 2817 τὸν
1747 2783 1944 2836 στρατ-

287 2851 426 2927 ηγὸν
461 2847 547 2904 ἔπὶ
611 2849 788 2923 τούτῳ
841 2850 1276 2927 παραγενόμενον
1332 2849 1624 2906 ἀπελαύνει
1665 2851 1754 2906 καὶ
1805 2852 1942 2924 πρὸς

283 2940 380 2996 τὸν
436 2947 538 3009 τῆς
589 2941 852 3018 Ἀφρικῆς
905 2937 1293 3013 ἀποδιδράσκει
1374 2939 1707 3016 ἡγούμενον,
1769 2945 1942 2995 πᾶσαν

283 3032 387 3098 τήν
423 3027 676 3084 Σικελίαν
722 3029 810 3084 ὑπ’
868 3030 1066 3084 ἐκεῖνον
1124 3036 1350 3098 ποιῆσαι
1403 3031 1945 3105 καθυπισχνούμενος

282 3119 378 3173 καὶ
411 3116 624 3173 διδόναι
655 3118 857 3195 φόρους
897 3117 1043 3191 αύτῷ
1074 3117 1344 3186 πολλοὺς,
1406 3119 1450 3172 εἰ
1515 3118 1684 3192 μόνον
1715 3118 1945 3191 ’ἀναγο-

2046 1875 2198 1930 nihil
2231 1877 2536 1946 antiquius
2568 1876 2815 1932 haberet
2835 1895 3013 1949 quam
3048 1894 3314 1934 amorem
3337 1897 3511 1935 suum
3534 1896 3704 1936 exsa-

2047 1965 2216 2031 tiare,
2250 1982 2441 2037 neque
2475 1965 2632 2038 leges
2657 1967 2983 2038 quidquam
3017 1974 3273 2035 curaret,
3295 1969 3398 2024 sed
3429 1971 3493 2024 in
3518 1970 3710 2025 solius

2047 2054 2424 2124 imperatoris
2494 2055 2834 2126 exemplum
2894 2057 3250 2124 intueretur,
3312 2059 3412 2128 qui
3473 2064 3534 2112 et
3583 2058 3710 2129 ipse

2047 2143 2241 2198 simile
2273 2144 2504 2199 facinus
2535 2150 2996 2216 perpetraverat,
3029 2147 3187 2218 rapit
3218 2164 3290 2202 ex
3340 2147 3708 2203 monasterio

2046 2233 2333 2306 virginem
2363 2250 2430 2290 ac
2462 2234 2708 2289 invitam
2740 2234 2814 2288 ad
2846 2251 2907 2290 se
2940 2235 3222 2292 traducit.
3260 2237 3444 2308 Hujus
3466 2237 3709 2309 virginis

2046 2323 2258 2378 fratres
2289 2324 2363 2378 ad
2394 2324 2814 2395 imperatorem
2873 2342 2935 2380 se
2994 2325 3311 2380 conferunt
3357 2343 3425 2381 ac
3482 2327 3706 2382 factum

2048 2418 2308 2468 narrant.
2343 2415 2414 2468 Et
2442 2414 2767 2482 imperator
2797 2414 3073 2486 prmfecto
3106 2415 3321 2471 Sicilia;
3370 2415 3616 2471 mandat
3643 2422 3711 2472 ut

2048 2502 2398 2573 Euphemio,
2433 2503 2730 2573 siquidem
2775 2505 2883 2558 hos
2915 2521 3116 2559 verum
3165 2505 3394 2560 crimen
3427 2505 3712 2562 detulisse

2050 2592 2429 2662 comperiret,
2471 2607 2686 2645 nasum
2713 2597 2998 2662 amputet.
3033 2594 3151 2647 Hoc
3182 2593 3447 2647 sentiens
3479 2595 3714 2665 Euphe—

2049 2683 2226 2749 mius,
2253 2681 2496 2736 adscitis
2529 2681 2588 2736 in
2620 2682 3098 2754 conjurationem
3131 2683 3203 2738 iis
3235 2683 3716 2756 quibuspraaerat

2051 2771 2304 2842 aliisque
2339 2771 2591 2826 aliarum
2623 2776 2955 2827 turmarum
2984 2772 3351 2840 ductoribus,
3368 2773 3708 2844 praefectum

2053 2859 2416 2930 supplicium
2477 2859 2824 2930 imponendi
2883 2875 3064 2914 causa
3119 2859 3192 2914 ad
3252 2877 3314 2914 se
3373 2861 3710 2917 venientem

2051 2948 2307 3018 repellit,
2341 2953 2518 3018 atque
2550 2947 2626 3002 ad
2657 2947 2868 3002 Africa;
2899 2964 3164 3003 ameram
3217 2947 3370 3004 898
3405 2949 3524 3004 sive
3557 2967 3713 3021 prae-

2049 3036 2270 3090 fectum
2307 3037 2643 3108 transfugit,
2676 3037 3061 3108 promittique
3120 3054 3204 3104 se,
3267 3038 3444 3094 modo
3476 3038 3550 3093 ab
3583 3039 3712 3111 ipso

2054 3126 2380 3196 imperator
2417 3127 2816 3181 Romanorum
2881 3125 3237 3194 declaretur,
3299 3144 3539 3182 omnem
3602 3127 3715 3199 ipsi

297 3210 501 3282 ρευθείη
529 3211 821 3283 Ῥωμαίων
853 3209 1134 3284 βασιλεύς.
1195 3211 1488 3284 Δεξάμενος
1554 3211 1644 3264 οὗν
1701 3213 1792 3266 τὸν
1851 3209 1945 3266 λόο

2061 3213 2316 3269 Siciliam
2345 3214 2752 3285 subjecturum
2806 3231 2874 3270 ac
2902 3216 3126 3287 grande
3164 3216 3450 3270 tributum
3487 3197 3719 3272 solutu—

295 3319 390 3374 γον
424 3300 450 3353 ὁ
492 3299 719 3372 ἀμηρᾶς
770 3299 1078 3374 ἀναγορεύει
1135 3303 1326 3354 τοῦτον
1386 3299 1614 3374 βασιλέα
1669 3301 1957 3374 Ῥωμαίων

294 3388 572 3463 καὶχεῑρα
603 3385 795 3442 δίδωσι
847 3386 1093 3456 πολλὴν,
1145 3389 1233 3442 καὶ
1293 3396 1393 3457 τῆς
1450 3388 1705 3452 Σικελίας
1752 3390 1958 3464 γίνεται

293 3478 588 3552 ⁷εγκρατής,
623 3479 746 3549 παρ’
778 3476 943 3532 αὐτοῦ
980 3478 1177 3532 τούτου
1222 3473 1409 3533 λαϐὼν
1461 3479 1652 3549 αὐτήν.
1715 3479 1868 3546 Ιίλὴν
1929 3479 1958 3533 ὁ

299 3567 397 3640 μὲν
431 3567 720 3644 Εὐφήμιος
754 3566 816 3621 ού
838 3565 1010 3622 πολὺν
1063 3568 1265 3641 χρόνον
1320 3572 1417 3620 τοῦ
1479 3567 1768 3642 βασιλικοῦ
1821 3568 1958 3622 ἀπο-

303 3655 509 3717 λαύσας
535 3655 845 3729 ἀξιώματος
878 3657 1183 3733 ἀφαιρεῖται
1241 3656 1342 3723 τήν
1395 3655 1660 3734 κεφαλήν,
1718 3665 1818 3725 τῆς
1878 3659 1957 3711 οἱ·

301 3745 455 3806 κείας
485 3745 813 3806 ἀποστασίας
841 3746 929 3800 καὶ
972 3744 1317 3818 παρανομίας
1373 3749 1566 3799 τοῦτον
1626 3741 1808 3799 λαϐὼν
1871 3747 1960 3802 τόν

303 3835 732 3906 μισθόν.“Ἀξιον
764 3831 822 3888 δὲ
875 3834 965 3888 καὶ
1017 3835 1110 3889 τὸν
1168 3833 1369 3906 τρόπον
1428 3833 1596 3887 εἰπεῖν
1627 3837 1725 3898 τῆς
1795 3834 1960 3889 αὐτοῦ

304 3922 649 3998 ἀναιρέσεως.
681 3925 769 3986 Ὦς
829 3923 934 4000 γὰρ
993 3923 1044 3979 έν
1102 3926 1353 3998 σχήματι
1415 3922 1687 3996 βασιλικῷ
1743 3921 1960 3996 περιῄει

299 4014 403 4082 τήν
436 4011 694 4068 Σικελίαν
746 4012 1250 4092 ἀνευφημούμενος,
1317 4011 1485 4085 ἀπῂει
1515 4012 1650 4066 κατά
1683 4014 1958 4084 Συράκου-

305 4123 424 4159 σαν.
471 4104 710 4158 ’Ἂποθεν
775 4100 834 4156 δὲ
885 4102 1175 4177 γενόμενος
1222 4103 1320 4169 τῆς
1372 4102 1562 4156 ἑαυτοῦ
1619 4101 1821 4170 τάξεως
1871 4101 1961 4154 καὶ

303 4195 414 4246 τῶν
449 4189 792 4269 δορυφόρων,
823 4191 914 4246 καὶ
947 4191 1070 4246 ὅσον
1105 4191 1210 4245 ἀπὸ
1269 4190 1428 4259 τόξου
1482 4189 1655 4264 βολῆς
1700 4194 1768 4263 τῇ
1802 4188 1961 4244 πόλει

307 4280 696 4356 προσεγγίσας,
729 4280 934 4353 ὡμίλει
963 4285 1083 4342 τοῖς
1135 4278 1390 4341 πολίταις
1442 4279 1533 4334 καὶ
1582 4280 1719 4354 πρὸς
1777 4279 1965 4335 ἑαυτὸν

313 4369 500 4444 λόγοις
522 4372 623 4439 τὴν
655 4368 874 4426 ἐκείνων
929 4369 1210 4446 ἐφείλκετο
1268 4366 1498 4424 εὔνοιαν.
1557 4370 1961 4441 Μεμονωμένον

313 4457 373 4514 δὲ
399 4464 591 4515 τοῦτον
623 4456 826 4522 ἰδόντες
857 4455 1086 4532 ἀδελφοὶ
1119 4455 1215 4512 δύο
1247 4458 1627 4531 Συρακούσιοι,
1658 4459 1796 4533 πρὸς
1848 4459 1968 4516 έαυ.

2064 3319 2217 3357 rum.
2252 3303 2479 3374 Accipit
2507 3303 2911 3360 conditionem
2955 3320 3206 3366 ameras,
3235 3310 3295 3360 et
3323 3306 3716 3376 Euphemium

2066 3408 2278 3463 magno
2304 3393 2566 3447 exercitu
2598 3392 3242 3464 instruitJmperatoris
3273 3396 3520 3450 Romani
3547 3393 3717 3450 titulo

2065 3481 2436 3552 insignitum,
2469 3483 2718 3552 ejusque
2751 3499 2932 3553 opera
2970 3483 3166 3538 Sicilia
3222 3485 3466 3556 potitur.
3500 3487 3715 3540 Verum

2066 3570 2163 3625 hic
2178 3572 2256 3624 Eu
2267 3571 2630 3642 phemiusim
2641 3573 2949 3642 peratorim
2979 3573 3338 3644 dignationis
3368 3574 3718 3644 perbrevem

2067 3661 2326 3715 fructum
2361 3660 2643 3732 percepit,
2676 3666 2988 3717 truncatus
3029 3663 3243 3733 capite,
3277 3679 3456 3734 quam
3487 3664 3730 3737 dignam

2069 3749 2160 3802 sui
2193 3749 2436 3804 sceleris
2497 3754 2555 3804 et
2611 3749 2966 3806 defectionis
2998 3752 3336 3808 mercedem
3381 3753 3606 3808 retulit.
3666 3754 3736 3808 Et

2070 3853 2214 3892 sane
2263 3854 2459 3908 operae
2519 3840 2779 3909 pretium
2841 3841 3074 3895 videtur
3129 3841 3351 3896 referre
3398 3859 3515 3912 quo
3553 3841 3732 3896 modo

2066 3923 2247 3978 fuerit
2281 3926 2800 3982 interfectus.Cum
2837 3929 3028 3983 obiret
3067 3929 3327 3984 Siciliam
3347 3929 3730 4000 imperatorio

2068 4013 2296 4080 habitu,
2330 4019 2394 4068 ut
2425 4014 2497 4068 ab
2523 4015 3138 4086 omnibusimperator
3169 4017 3728 4088 salutaretur,Syra-

2070 4119 2242 4158 cusas
2268 4119 2504 4173 quoque
2540 4104 2710 4174 petiit
2743 4121 2754 4157 :
2793 4105 2892 4158 ubi
2925 4122 3059 4159 cum
3093 4122 3128 4160 a
3181 4106 3304 4160 suis
3343 4107 3729 4177 stipatoribus

2070 4192 2305 4263 longius
2325 4193 2710 4263 provolasset,
2745 4199 2806 4248 et
2835 4194 2909 4248 ad
2959 4193 3170 4250 urbem
3221 4200 3384 4250 tanto
3437 4203 3728 4266 quantum

2072 4282 2284 4354 sagitta
2313 4298 2452 4337 arcu
2477 4283 2695 4337 emissa
2718 4284 2960 4338 conficit
2997 4285 3188 4355 spatio
3218 4285 3729 4351 accessisset,cum

2073 4371 2388 4442 oppidanis
2441 4371 2792 4442 colloquens
2850 4390 3177 4444 eorumque
3261 4375 3728 4432 benevolentiam

2075 4461 2343 4516 oratione
2376 4477 2483 4516 sua
2512 4462 2902 4532 captans,duo
2928 4463 3280 4534 Syracusani
3304 4464 3518 4520 fratres
3534 4465 3728 4521 solum

307 4548 438 4612 τοὺς
472 4548 902 4624 βουλευσάμενοι
932 4547 1021 4602 καὶ
1052 4545 1324 4618 σύμπνοοι
1381 4547 1661 4622 γενόμενοι
1697 4549 1784 4602 καὶ
1816 4548 1880 4602 τὸ
1907 4544 1947 4602 ξι

2075 4557 2194 4605 eta
2233 4549 2356 4605 suis
2413 4556 2676 4606 amotum
2737 4550 3005 4608 videntes
3061 4553 3133 4609 de
3187 4571 3257 4609 eo
3312 4554 3729 4612 interficiendo

305 4641 673 4716 φρονήσαντες
705 4637 1104 4712 προσέρχονται
1160 4636 1344 4708 τούτῳ
1402 4635 1701 4710 εἴρωνικῶς
1759 4657 1818 4693 τε
1871 4637 1961 4692 καὶ

303 4731 680 4797 τωθαστικῶς,
714 4727 789 4788 ὡς
817 4724 1036 4800 βασιλεῖ
1091 4727 1237 4800 τάχα
1291 4725 1392 4794 τήν
1447 4728 1828 4800 προσήκουσαν
1878 4749 1960 4782 τι-

312 4820 421 4892 μὴν
471 4817 860 4889 ἀπονέμοντες.
932 4817 991 4872 Ὀ
1050 4812 1107 4870 δὲ
1165 4814 1454 4892 Εὐφήμιος
1516 4816 1592 4886 μή
1643 4816 1814 4878 συνεὶς
1867 4817 1960 4871 τὸν

309 4905 497 4972 δόλον,
527 4907 628 4975 τὴν
668 4905 796 4979 παρ’
823 4904 1000 4959 αὐτῶν
1035 4902 1382 4979 ἀναγόρευσιν
1412 4904 1499 4957 καὶ
1539 4904 1630 4957 τὸν
1673 4904 1960 4978 ἀσπασμὸν

313 4994 768 5071 προσδεξάμενος,
822 4992 1149 5068 προσεκάλει
1205 4995 1432 5054 τούτους
1503 4993 1637 5066 μετὰ
1683 4993 1964 5070 φιλοφρο-

311 5085 475 5156 σύνης
507 5085 581 5146 ὡς
609 5085 700 5138 καὶ
741 5083 906 5143 αὐτὸς
937 5083 1028 5136 τὸν
1065 5081 1262 5136 οἰκεῖον
1297 5081 1579 5153 ἀσπασμὸν
1634 5080 1960 5140 ἀποδώσων.

307 5174 408 5230 Καὶ
436 5172 502 5243 δὴ
537 5172 729 5235 κλίνας
758 5173 860 5240 τὴν
899 5169 1141 5248 κεφαλὴν
1197 5171 1290 5226 καὶ
1345 5172 1408 5224 τὸ
1467 5171 1643 5244 στόμα
1681 5172 1961 5247 προσερεί-

304 5283 400 5324 σας
447 5268 531 5335 τῷ
585 5262 817 5335 στόματι
878 5261 1105 5335 θατέρου
1160 5264 1270 5314 τῶν
1325 5257 1599 5339 ἀδελφῶν,
1656 5263 1793 5335 θριξὶ
1864 5271 1960 5335 μὲν

2073 4640 2436 4710 conspirant.
2463 4641 2666 4710 Itaque
2725 4641 3003 4696 simulato
3060 4643 3254 4699 studio
3286 4649 3345 4699 et
3395 4645 3728 4701 adulatorio

2070 4733 2236 4799 gestu
2259 4727 2332 4782 ad
2364 4729 2666 4783 hominem
2691 4728 3186 4802 accedunt,atque
3216 4738 3282 4787 ut
3306 4733 3728 4806 imperatorem

2071 4816 2270 4872 debito
2316 4818 2543 4873 honore
2600 4819 2888 4875 afﬁciunt.
2945 4823 3329 4894 Euphemius,
3380 4825 3481 4895 qui
3521 4842 3729 4882 eorum

2071 4907 2274 4962 dolum
2309 4925 2430 4963 non
2463 4909 2838 4982 intelligeret,
2861 4919 3087 4984 gratam
3121 4930 3322 4970 eorum
3359 4916 3728 4988 imperatorii

2072 4997 2335 5052 nominis
2367 4998 2731 5054 delationem
2763 5006 2943 5073 atque
2999 5002 3417 5059 salutationem
3476 5005 3724 5072 habens,

2072 5088 2322 5142 comiter
2351 5089 2423 5143 ad
2449 5107 2510 5144 se
2541 5106 2644 5146 eos
2675 5098 2863 5157 vocat,
2920 5092 3114 5164 dignis
3145 5094 3336 5148 modis
3365 5094 3726 5152 resalutatu-

2071 5195 2188 5232 rus.
2233 5183 2372 5251 Ergo
2408 5195 2544 5234 cum
2577 5181 2770 5252 capite
2803 5181 3084 5236 inclinato
3135 5183 3388 5237 alterum
3421 5185 3724 5239 osculare-

2073 5271 2188 5335 tur,
2247 5267 2321 5322 ab
2371 5284 2440 5322 eo
2525 5269 2789 5324 crinibus
2846 5270 3130 5340 arripitur
3182 5271 3335 5326 899
3407 5289 3476 5328 ac
3533 5274 3724 5330 valide

1518 5387 1880 5445 XYLANDRI
1911 5390 1998 5444 ET
2029 5391 2246 5446 GOABI
2281 5392 2500 5449 ΝΟΤᾹΞ.

378 5515 490 5585 (83)
515 5515 746 5585 Τοῦρμα
775 5528 988 5585 agmen
1010 5516 1111 5585 est
1141 5511 1330 5566 tribus
1362 5512 1692 5585 ordinibus,
1727 5514 1960 5583 sagitta-

301 5582 530 5643 riorum
578 5582 872 5651 videlicet,
932 5582 1357 5656 peltastarumg
1386 5591 1444 5638 et
1502 5582 1955 5656 lanceariorum,

306 5663 589 5715 constans
625 5673 638 5711 :
673 5657 733 5712 hi
764 5656 838 5712 ad
865 5654 1127 5714 centum.
1162 5655 1257 5709 isti
1289 5654 1364 5710 ad
1397 5662 1818 5714 trecentorum.
1855 5654 1955 5712 alii

304 5730 378 5788 ad
408 5729 868 5802 quingentorum
900 5743 1217 5784 numerum
1265 5729 1685 5799 ascendebant,
1740 5729 1956 5800 quibus

2068 5515 2396 5594 τρυρμάχης
2474 5517 2766 5594 exercitus
2847 5517 3014 5594 duci
3053 5509 3364 5594 subjectus
3448 5532 3718 5594 praeerat.

2067 5587 2204 5712 gwc
2259 5587 2447 5660 pauca
2506 5606 2536 5645 e
2584 5589 2856 5661 pluribus
2887 5606 2922 5646 a
2951 5587 3202 5662 Rigallio
3227 5591 3400 5648 docte
3431 5587 3718 5656 collectis.

2113 5676 2244 5712 om.

2113 5676 2244 5714 OAR.
