4112 6416
341 383 460 442 988

1704 376 2022 436 GEORGII
2067 377 2404 442 CEDRENI

3651 379 3772 438 984

346 520 604 584 tenetur,
627 514 779 572 alter
809 512 862 571 ei
893 517 1069 588 caput
1097 517 1381 585 amputat.
1417 513 1531 568 Has
1563 526 1682 568 suae
1707 508 2002 582 improbi-

2141 511 2398 588 ,ατέχεται
2462 516 2704 591 ἰσχυρῶς
2759 517 2904 592 παρὰ
2945 519 3165 584 τούτου,
3195 513 3332 588 πρὸς
3360 509 3417 568 δὶ
3454 514 3552 565 τοῦ
3582 508 3768 584 ὶτέρου

349 607 487 663 tatis
516 622 722 677 poenas
756 605 870 661 luit
891 604 1276 676 Euphemius.

424 786 678 858 Agareni
711 801 886 856 porro
909 799 1030 838 non
1065 781 1322 836 Siciliam
1357 798 1426 836 ex
1459 797 1526 836 eo
1560 779 1924 846 tantum,sed
1954 785 2013 836 et

353 874 684 932 Calabriam
698 877 755 927 et
786 872 1095 944 plerasque
1117 869 1299 924 Italiae
1334 875 1530 941 partes
1553 874 2009 939 occupaverunt,

353 963 552 1018 omnia
584 961 1024 1016 incursionibus
1043 976 1111 1015 ac
1128 957 1614 1030 populationibus
1637 958 2008 1013 infestantes.

352 1051 669 1109 Michaelus
698 1067 834 1105 vero
863 1065 999 1106 cum
1059 1049 1378 1120 imperium
1438 1064 1628 1102 annos
1658 1051 1710 1111 9,
1777 1063 2013 1100 menses

349 1144 381 1197 8
411 1141 714 1215 gessisset,
750 1157 820 1197 ex
851 1139 1191 1212 dysenteria
1222 1145 1490 1195 mortuus
1548 1143 1658 1206 est,
1717 1154 1849 1192 cum
1906 1153 2013 1193 sua

348 1233 412 1287 in
442 1233 626 1287 Deum
657 1229 1179 1301 impietate,inque
1212 1228 1389 1283 rebus
1410 1227 1686 1301 gerendis
1718 1227 2012 1299 perversi—

348 1325 467 1377 tate
490 1323 754 1376 Romano
786 1319 1035 1390 imperio
1069 1323 1155 1372 tot
1189 1323 1472 1388 tantaque
1504 1317 1804 1372 intulisset
1833 1316 2009 1386 mala,

353 1425 483 1481 quas
514 1407 1140 1464 commemoravimus.
1173 1408 1399 1462 Defecit
1438 1406 1546 1462 sub
1580 1423 1646 1461 eo
1677 1406 1857 1461 etiam
1891 1412 2013 1460 tota

351 1499 665 1556 Dalmatia.
695 1501 764 1552 Et
796 1497 1097 1554 ferebatur
1128 1496 1199 1551 de
1259 1513 1326 1551 eo
1358 1497 1667 1567 antiquum
1702 1495 2010 1551 oraculum

355 1585 420 1641 in
451 1586 604 1641 hanc
635 1584 994 1641 sententiam
1020 1599 1032 1637 :

425 1874 540 1928 Hoc
568 1873 790 1926 initium
821 1870 1095 1924 malorum
1126 1869 1316 1922 telluri
1347 1868 1599 1931 accidet;

426 1945 626 1997 Rerum
649 1943 899 2012 potietur
928 1957 1052 1996 cum
1083 1940 1415 2012 Babylonius
1445 1939 1635 2006 draco,

432 2011 664 2083 Linguae
690 2014 990 2083 impeditae,
1023 2017 1074 2066 et
1104 2014 1231 2066 auri
1261 2011 1726 2081 sapientissimus.

353 2121 616 2177 Cadaver
647 2119 776 2190 ejus
806 2119 1138 2188 repositum
1197 2123 1287 2172 est
1325 2117 1387 2173 in
1444 2134 1658 2190 magno
1698 2117 2016 2172 Iustiniani

354 2209 598 2278 sacello,
647 2209 722 2267 ad
772 2209 978 2264 fanum
1037 2207 1478 2279 Apostolorum,
1541 2207 1601 2261 in
1652 2207 1802 2262 cista
1848 2207 2021 2262 viridi

356 2297 713 2354 Thessalica.
2011 2365 2021 2376 Ι

434 2387 581 2443 Huic
611 2390 844 2442 mortuo
891 2385 1050 2440 ﬁlius
1108 2386 1239 2457 ejus
1295 2385 1658 2458 TheOphilus
1710 2385 1837 2456 jam
1871 2383 2024 2440 virill

359 2482 533 2533 atate
565 2476 871 2542 successit,
921 2491 1124 2530 mense
1178 2474 1438 2539 Octobri,
1498 2474 1841 2530 indictionis
1890 2476 1942 2527 8.
1976 2474 2028 2529 Is

359 2584 481 2638 przn
511 2583 571 2621 se
604 2565 833 2621 ferebat
855 2565 1107 2635 justitim
1139 2563 1648 2619 ferventissimum
1675 2564 1935 2620 studium
1969 2557 2029 2620 et

362 2656 560 2728 legum
595 2654 858 2710 civilium
894 2659 1234 2708 accuratam
1268 2653 1621 2720 custodiam,
1646 2670 1780 2709 cum
1815 2670 1875 2708 re
1900 2654 2031 2725 ipsa

357 2745 460 2802 illa
503 2745 908 2810 simularet,ut
939 2745 1011 2800 ab
1045 2745 1279 2800 insidiis
1325 2761 1389 2799 se
1441 2750 1634 2799 tutum
1696 2749 2025 2816 praestaret,

357 2852 553 2906 neque
585 2835 692 2890 ulli
726 2839 934 2889 contra
967 2851 1029 2888 se
1059 2833 1284 2905 aliquid
1317 2834 1600 2889 moliendi
1632 2834 1788 2889 900
1820 2850 2028 2889 ansam

359 2923 679 2996 praeberet.
714 2922 1019 2993 Principio
1053 2923 1288 2994 imperii
1322 2923 1413 2976 sui
1471 2939 1703 2989 omnes,
1736 2939 1770 2976 a
1813 2922 2028 2993 quibus

362 3018 532 3084 pater
582 3011 773 3084 ipsius
824 3011 884 3065 in
938 3011 1132 3066 Leone
1187 3010 1600 3066 interficiendo
1660 3011 2029 3083 imperioque

353 3099 701 3172 occupando
735 3100 935 3154 fuerat
959 3100 1475 3171 adjutus,perdere
1513 3105 1800 3169 statuens,
1836 3100 2026 3155 edicto

2119 608 2228 658 τῶν
2263 603 2512 682 ἀδελφῶν
2554 609 2654 676 τήν
2721 608 2965 680 κεφαλὴν
3023 603 3398 676 ἀποτέμνεται.
3464 601 3563 658 Καὶ
3614 601 3772 660 οὗτος

2123 695 2217 766 μὲν
2246 693 2449 766 ταύτην
2482 692 2621 752 ἔτισε
2653 694 2810 765 δίκην
2840 703 2940 765 τῆς
2973 695 3175 756 οίκείας
3217 693 3500 754 ἀπονοίας.

2192 781 2341 840 Οἱδὲ
2400 786 2692 861 Ἀγαρηνοὶ
2751 786 2815 841 οὗ
2881 789 2980 854 τῆς
3029 781 3286 843 Σικελίας
3349 780 3512 853 μόνον
3561 777 3769 845 ἔκτοτε,

2120 871 2266 928 ἀλλά
2295 874 2384 929 καὶ
2419 877 2501 948 [Ρ.
2537 879 2662 947 513]
2693 871 3001 949 Καλαϐρίας
3032 874 3121 928 καὶ
3174 876 3283 926 τῶν
3343 867 3614 925 πλειόνων
3671 874 3772 936 τῆς

2121 961 2356 1024 Ἰταλίας
2438 964 2676 1039 ἐγένοντο
2737 964 3034 1040 ἐγκρατεῖς,
3120 963 3294 1016 πάντα
3339 959 3776 1033 κατατρέχοντες

2119 1052 2208 1106 καὶ
2243 1049 2686 1126 διαπορθοῦντες.
2717 1055 2779 1110 Ὀ
2809 1051 3041 1132 Μιχαὴλ
3099 1049 3156 1106 δὲ
3213 1049 3302 1106 ἐπὶ
3361 1049 3528 1123 μῆναι
3585 1048 3637 1116 η’
3684 1047 3776 1102 καὶ

2122 1141 2213 1211 ἔτη
2248 1144 2291 1198 θ’
2338 1147 2436 1212 τῆς
2489 1142 2764 1218 βασιλείας
2822 1143 3111 1218 γενόμενος
3169 1141 3458 1216 ἐγκρατὴς,
3532 1135 3780 1193 δυσεντε-

2122 1232 2238 1306 ρίας
2296 1233 2464 1295 ἁλοὺς
2550 1231 2944 1307 ἀρῥωστήματι
3028 1232 3382 1306 καταστρέφει
3467 1229 3558 1284 τὸν
3627 1229 3773 1302 βίον,

2120 1321 2393 1375 τοσούτων
2423 1322 2713 1394 παραίτιος
2753 1324 2820 1392 τῇ
2853 1318 3108 1390 πολιτείᾳ
3163 1317 3455 1389 Ῥωμαίων
3481 1316 3776 1392 γενόμενος

2118 1415 2302 1464 κακῶν
2335 1406 2402 1463 δι’
2436 1410 2502 1478 ἤν
2536 1410 2681 1484 εἶχεν
2713 1403 2958 1463 ἀσέϐειαν
2991 1409 3132 1482 πρὸς
3189 1407 3317 1463 Θεὸν
3373 1405 3464 1458 καὶ
3522 1405 3658 1478 πρὸς
3713 1402 3782 1458 τὰ

2120 1499 2412 1574 πράγματα
2473 1497 2785 1576 μοχθηρίαν
2844 1499 2987 1552 ὅσων
3045 1491 3341 1568 προλαϐὼν
3393 1494 3714 1566 ἐπεμνήσθη
3751 1494 3780 1547 6

2123 1586 2308 1663 λόγος.
2356 1588 2722 1659 Ἀπεστάτησε
2780 1583 2838 1642 δὲ
2885 1586 2967 1642 ἐπ’
3000 1587 3167 1641 αὐτοῦ
3225 1585 3316 1640 καὶ
3370 1589 3514 1640 πᾶσα
3569 1584 3603 1652 ἡ
3640 1580 3783 1638 Δαλ-

2125 1678 2312 1752 ματία.
2343 1678 2598 1754 Ἐφέρετο
2639 1673 2698 1732 δὲ
2735 1677 2825 1732 καὶ
2855 1676 3112 1750 χρησμὸς
3145 1673 3379 1736 παλαιὸς
3433 1672 3558 1747 περὶ
3588 1669 3784 1729 αὐτοῦ,

2122 1767 2267 1824 ἔχων
2312 1767 2506 1832 οὕτως’

2196 1875 2376 1948 Ἀρχή
2410 1878 2586 1948 κακῶν
2631 1871 2688 1928 δὲ
2715 1877 3100 1948 προστεσεῖται
3130 1875 3199 1948 τῇ
3231 1870 3413 1948 χθονῖ,

2204 1940 2374 2020 Ὃξτξὶν
2395 1945 2642 2020 κατάρξῃ
2665 1954 2730 2014 τῆ
2744 1940 2771 2007 ς’
2793 1940 3118 2020 Βαϐυλῶνος
3158 1940 3393 2020 δράκων,

2206 2014 2752 2092 Δύσγλωττοςνόὗτος
2785 2017 2872 2072 καὶ
2902 2014 3244 2096 φιλόχρυσος
3277 2014 3423 2072 λίαν.

2137 2124 2346 2204 Ἐτάφη
2383 2123 2440 2180 δὲ
2469 2127 2497 2181 6
2526 2125 2723 2180 τούτου
2757 2125 2944 2199 νεκρὸς
3004 2124 3055 2180 ἐν
3105 2128 3184 2195 τῷ
3211 2123 3349 2177 κατά
3405 2122 3532 2183 τοὺς
3577 2122 3799 2196 Ἀγίους

2137 2202 2517 2277 ’Δποστόλους
2553 2214 2783 2291 μεγάλῳ
2814 2215 2986 2288 ἡρῴῳ
3022 2216 3428 2282 Ἰουστινιανοῦ,
3483 2211 3537 2267 ἐν
3570 2210 3798 2286 λάρνακι

2146 2305 2389 2380 πρασίνῳ
2419 2303 2744 2379 Θετταλικῇ.

2215 2394 2363 2449 Μετά
2389 2391 2444 2449 δὲ
2472 2394 2563 2449 τὸν
2595 2399 2691 2449 τοῦ
2713 2393 2945 2468 Μιχαὴλ
2984 2393 3208 2449 θάνατον
3230 2392 3258 2446 6
3308 2392 3425 2454 υἱὸς
3457 2389 3621 2446 αὐτοῦ
3670 2388 3800 2446 Θεό-

2145 2482 2328 2559 φιλος,
2363 2481 2555 2558 ἀνδρὸς
2583 2481 2693 2554 ἤδη
2723 2483 2944 2553 ἡλικίαν
2999 2478 3164 2557 ἔχων,
3215 2479 3486 2550 διεδέξατο
3537 2483 3637 2550 τὴν
3693 2500 3796 2535 πα-

2141 2574 2319 2648 τρῴαν
2351 2575 2554 2652 ἀρχὴν,
2585 2574 2723 2628 κατὰ
2758 2574 2848 2628 τὸν
2881 2567 3220 2645 Ὀκτώϐριον
3289 2578 3438 2644 μῆνα
3486 2577 3588 2640 τῆς
3616 2576 3667 2638 η’
3719 2569 3804 2623 ἱν-

2146 2660 2451 2733 δικτιῶνος,
2487 2662 2640 2740 λόγῳ
2683 2663 2778 2735 μὲν
2839 2669 2940 2732 τῆς
2998 2660 3346 2730 δικαιοσύνης
3375 2654 3619 2734 ἔμπυρος
3675 2658 3799 2734 ἐρα-

2147 2753 2280 2821 στής
2302 2751 2584 2808 καλεῖσθαι
2621 2750 2958 2826 βουλόμενος
2997 2751 3182 2824 νόμων
3202 2770 3260 2806 τε
3289 2747 3462 2828 φύλαξ
3493 2748 3798 2805 πολιτικῶν

2145 2836 2398 2916 ἀκριϐὴς,
2455 2845 2524 2914 τῇ
2586 2838 2629 2896 6’
2692 2839 2925 2912 ἀληθείᾳ
2984 2839 3174 2910 ἔξωθεν
3208 2840 3394 2894 ἑαυτὸν
3433 2844 3540 2893 τῶν
3574 2833 3798 2892 ἐπιϐου-

2149 2931 2419 2986 λευόντων
2449 2929 2747 3004 διατηρῶν,
2780 2931 2853 2992 ὠς
2883 2929 2943 2985 ἄν
3001 2932 3076 3002 μή
3138 2950 3222 2991 τις
3252 2930 3370 2983 κατ’
3433 2928 3599 2982 αὐτοῦ
3629 2947 3800 2982 νεανι-

2145 3021 2238 3076 κὸν
2269 3020 2594 3094 τολμήσειε,
2625 3024 2796 3075 ταῦτα
2829 3019 3163 3094 ὑπεκρίνετο.
3194 3016 3372 3078 Εὐθὺς
3393 3016 3486 3071 οὖν
3509 3015 3568 3071 ix
3596 3035 3798 3088 προοι-

2150 3111 2288 3183 μίων
2319 3109 2446 3170 τοὺς
2477 3115 2555 3181 τῷ
2586 3110 2746 3183 πατρὶ
2782 3109 2950 3163 αὐτοῦ
2991 3109 3388 3181 συναραμένους
3430 3105 3505 3168 εἰς
3535 3105 3624 3158 τὸν
3691 3107 3791 3158 τοῦ

354 3192 658 3266 praposito
691 3189 1006 3246 universos
1031 3190 1130 3263 qui
1155 3190 1227 3245 ab
1260 3192 1616 3263 imperatore
1647 3192 1906 3246 honores
1928 3198 2026 3248 aut

2146 3199 2374 3261 Λέοντος
2425 3200 2650 3254 θάνατον
2709 3192 2850 3272 ἔγνω
2907 3197 3106 3260 πάντας
3189 3196 3399 3270 ὀλέθρῳ
3465 3193 3645 3249 δοῦναι
3703 3193 3796 3247 καί

360 3280 652 3336 beneﬁcia
709 3280 1002 3335 haberent
1057 3281 1467 3352 cujuscunque
1526 3280 1709 3347 modi,
1770 3281 1842 3335 ad
1877 3283 2026 3354 Mago

365 3370 802 3442 nauram,quod
831 3376 889 3425 et
920 3387 955 3425 a
987 3371 1250 3442 quinque
1283 3370 1546 3425 turribus
1569 3372 2030 3442 Pentapyrgium

369 3459 941 3527 dicitur,convenire
976 3459 1296 3530 jussit.Qui
1330 3476 1463 3514 cum
1496 3459 1568 3514 ad
1599 3460 2032 3516 dictumlocum

367 3551 709 3622 frequentes
735 3547 1564 3616 conﬂuxissent,dissimulata
1585 3549 1768 3604 animi
1787 3549 2028 3620 saevitia,

368 3639 489 3695 leni
521 3655 587 3692 ac
619 3637 852 3708 placida
874 3653 1015 3692 voce
1042 3653 1055 3690 :
1090 3659 1116 3684 ‹‹
1145 3637 1649 3708 Voluit,»inquit,-
1675 3643 1844 3708 pater
1864 3655 2034 3694 meus

373 3728 561 3782 beatae
595 3726 898 3782 memorias
952 3741 1052 3780 eos
1084 3726 1184 3796 qui
1217 3725 1502 3780 auxilium
1543 3726 1940 3796 ipsi_tulerant
1966 3743 2034 3784 ac

369 3833 476 3888 pro
537 3814 789 3886 imperio
839 3818 1378 3886 propugnaverant,
1413 3815 1644 3886 magnis
1705 3815 2032 3872 honoribus

373 3912 550 3978 atque
574 3906 746 3961 donis
779 3905 1153 3961 remunerari
1181 3921 1194 3959 :
1231 3904 1333 3960 sed
1366 3912 1554 3961 morte
1585 3913 1938 3977 praeventus,
1959 3924 2034 3963 ne

367 3997 634 4069 ingratus
667 4011 806 4068 erga
836 3995 987 4050 bene
1023 3995 1270 4049 meritos
1297 3995 1618 4062 videretur,
1654 4013 1746 4051 me
1798 4013 2036 4052 succes-

371 4102 565 4141 sorem
591 4101 763 4139 suum
797 4085 924 4156 ejus
950 4082 1131 4139 debiti
1166 4084 1488 4139 solutorem
1508 4085 2033 4156 reliquit.Proinde

371 4175 548 4231 amici
579 4173 829 4246 paterni,
883 4173 1229 4228 secedentes
1279 4191 1350 4228 ex
1407 4173 1807 4239 multitudine,
1863 4175 2034 4230 nobis

375 4281 506 4320 sese
534 4263 869 4332 ostendant,
902 4268 970 4318 ut
1002 4262 1086 4317 eis
1113 4263 1353 4334 dignam
1378 4264 1717 4318 mercedem
1750 4265 2033 4334 rependa~

375 4371 528 4410 mus.
581 4376 609 4403 ››
670 4355 788 4408 Hac
845 4352 1113 4408 oratione
1169 4351 1399 4424 decepti
1457 4353 1682 4420 miseri,
1743 4358 2036 4423 quotquot

374 4443 584 4499 Leonis
615 4441 840 4498 caadem
899 4443 1270 4513 adjuverant,
1305 4459 1366 4498 se
1408 4442 1568 4513 ipsos
1600 4442 2031 4498 indicaverunt.

373 4536 442 4587 At
475 4532 837 4602 Theophilus
868 4531 1068 4602 praada
1125 4530 1284 4586 intra
1337 4549 1533 4586 casses
1590 4531 1825 4586 inclusa
1869 4531 2033 4587 urbis

2140 3285 2407 3357 ἀπωλείᾳ.
2449 3290 2604 3341 Ὅθεν
2663 3287 2865 3357 ἐξέθετο
2926 3283 3102 3362 δόγμα
3159 3285 3284 3347 τοὺς
3341 3291 3448 3340 τῶν
3493 3282 3796 3359 βασιλικῶν

2140 3378 2377 3438 ἅπαντας
2443 3374 2818 3436 ἀπολαύοντας
2879 3376 3238 3452 φιλοτιμιῶν,
3319 3373 3542 3448 προσέτι
3600 3370 3656 3428 δὲ
3706 3373 3799 3427 καὶ

2147 3462 2442 3538 βασιλικῆς
2473 3470 2642 3535 τιμῆς
2679 3463 3048 3536 μετασχόντας
3078 3470 3176 3531 τῆς
3207 3463 3449 3529 οἱασοῦν,
3507 3461 3645 3515 κατά
3701 3460 3804 3528 τήν

2144 3553 2464 3627 Μαγναύραν
2493 3554 2620 3621 ἣτοι
2677 3552 2738 3607 τὸ
2798 3553 3198 3627 Ηενταπύργιον
3255 3553 3366 3624 (84)
3418 3552 3809 3620 συναθροισθῆ-

2142 3663 2246 3696 ναι.
2288 3639 2465 3703 Ὠςδέ
2513 3645 2678 3696 τοῦτο
2719 3639 2930 3715 ἐγένετο
3008 3642 3097 3696 καὶ
3155 3641 3350 3702 πάντες
3430 3637 3801 3714 ἠθροίσθησαν

2144 3732 2219 3792 ὡς
2250 3730 2548 3798 ἐκέλευσεν,
2583 3731 2656 3792 ὡς
2690 3730 2742 3785 ἐν
2775 3730 2954 3802 σκότῳ
2983 3732 3119 3791 τὲως
3158 3731 3258 3796 τὴν
3297 3737 3398 3798 τῆς
3441 3732 3627 3802 ψυχῆς
3665 3728 3800 3802 κρύ-

2143 3821 2248 3891 ψας
2281 3814 2603 3892 θηριωδίαν,
2635 3818 2834 3892 πραείᾳ
2891 3817 2980 3870 καὶ
3038 3817 3278 3890 ἠρεμαίᾳ
3311 3819 3466 3892 φωνῇ
3525 3810 3626 3891 ἔφη
3659 3815 3796 3889 πρὸς

2143 3907 2270 3970 τοὺς
2304 3904 2770 3984 συνειλεγμένους·
2809 3931 2836 3958 ‹‹
2871 3901 3166 3963 Ἐϐούλετο
3202 3907 3298 3978 μὲν
3358 3904 3448 3960 καὶ
3509 3901 3579 3958 δι’
3609 3901 3802 3966 ἐπιθυ-

2148 3997 2274 4070 μίας
2315 3998 2456 4075 εῖχε,
2490 3998 2534 4051 ὧ
2575 3995 2705 4059 λαὸς
2729 3996 2819 4050 καὶ
2850 3995 3059 4069 κλῆρος
3117 3993 3270 4067 ἐμὸς,
3329 3996 3356 4049 ὁ
3415 3992 3545 4067 ἐμὸς
3579 3992 3807 4067 μακαρί-

2143 4107 2243 4155 της
2270 4089 2448 4160 πατήρ
2506 4085 2631 4148 τοὺς
2689 4081 3150 4158 ἀντιλαϐομένους
3209 4085 3299 4138 καὶ
3357 4091 3458 4153 τῆς
3519 4080 3809 4157 βασιλείας

2148 4177 2648 4249 ὑπερμαχτςσαντας
2681 4174 2910 4230 πολλῶν
2955 4175 3051 4246 μὶν
3082 4179 3278 4246 τιμῶν,
3330 4173 3556 4230 πολλῶν
3587 4169 3646 4227 δὲ
3673 4171 3802 4226 τού-

2143 4285 2272 4326 τους
2326 4266 2542 4342 ἀγαθῶν
2597 4266 2687 4320 καὶ
2745 4265 2939 4337 ὲτὲρων
3000 4267 3325 4336 καταξιῶσαι
3385 4263 3582 4338 γερῶν,
3669 4281 3804 4316 κατ-

2143 4355 2336 4429 αχθεὶς
2370 4352 2416 4408 δ’
2448 4354 2550 4409 ὑπὸ
2579 4352 2679 4408 τοῦ
2711 4355 2889 4430 γρεὼν
2920 4352 3018 4426 ἐμὲ
3047 4353 3137 4408 τὸν
3171 4359 3270 4422 τῆς
3305 4351 3592 4427 βασιλείας
3621 4347 3808 4405 διάδο-

2146 4462 2270 4518 χον,
2298 4442 2389 4497 ’ἰνα
2423 4444 2498 4514 μὴ
2525 4442 2821 4517 ἀχάριστος
2845 4440 2972 4517 δόξῃ
3005 4447 3121 4504 τοῖς
3191 4441 3518 4517 εὐεργέταις,
3579 4438 3804 4518 ὀφειλέ-

2145 4555 2244 4604 την
2285 4532 2562 4588 κατέλιπε.
2624 4533 2716 4588 Διὸ
2758 4531 2981 4596 ἕκαστος
3041 4533 3336 4608 χωρισθεὶς
3391 4536 3488 4587 τοῦ
3554 4531 3811 4602 πλήθους

373 4620 719 4691 praefectum
777 4619 979 4672 civiles
1039 4620 1278 4689 exsequi
1339 4619 1499 4690 leges
1553 4619 1754 4689 jussit,
1817 4643 1843 4670 ‹‹
1903 4621 2026 4675 Jam

2142 4621 2404 4678 δεικνύτω
2435 4624 2621 4678 ἑαυτὸν
2658 4629 2796 4694 ἡμῖν
2846 4623 3082 4700 ἐμφανῆ,
3148 4621 3230 4677 ξ’να
3269 4623 3484 4697 γνόντες
3538 4621 3664 4682 τοὺς
3720 4617 3812 4695 φί-

375 4725 535 4763 nunc
584 4729 597 4757 ›
630 4708 928 4777 inquiens,
966 4731 985 4754 ι
1024 4708 1316 4778 praefecte,
1335 4708 1646 4779 judicandi
1680 4714 2031 4780 potestatem

375 4802 494 4857 Deo
529 4806 588 4856 et
615 4817 710 4855 me
733 4799 838 4854 tibi
871 4800 1566 4870 mandantibus,dignam‘
1580 4801 1671 4856 his
1694 4803 2034 4859 mercedem

375 4891 669 4948 factorum
701 4889 989 4960 persolve,
1023 4890 1120 4960 qui
1155 4906 1274 4944 non
1309 4895 1536 4945 tantum
1577 4891 1840 4947 humano
1893 4909 2033 4949 san-

378 4982 553 5055 guine
588 4996 797 5036 manus
819 4980 1320 5044 contaminarunt,
1385 4980 1488 5034 sed
1544 4987 1602 5035 et
1652 4989 1898 5038 unctum
1932 4965 2034 5039 Dei

377 5071 533 5126 intra
563 5068 890 5124 sacrarium
924 5067 1370 5123 interfecerunt.
1409 5091 1434 5116 υ
1459 5071 1649 5139 Atque
1703 5071 1829 5125 limo
1879 5072 2036 5127 fatus

379 5161 628 5232 primam
658 5158 832 5213 istam
859 5157 1272 5214 admirabilem
1306 5160 1452 5213 901
1483 5159 1833 5214 concionem
1859 5161 2036 5216 dimi—

382 5249 476 5306 sit.
507 5249 700 5306 Miseri
715 5248 949 5304 veroilli
983 5264 1017 5302 a
1046 5247 1324 5320 praefecto
1345 5249 1566 5319 arrepti
1601 5249 2036 5306 homicidarum

381 5354 544 5394 more
577 5338 886 5410 suppliciis
946 5344 1087 5392 sunt
1139 5337 1354 5393 allecti.
1419 5339 1738 5392 Novercam
1797 5355 2034 5412 quoque

384 5442 550 5482 suam
581 5427 942 5499 Theophilus
993 5427 1130 5483 aula
1190 5427 1423 5499 pulsam
1480 5428 1542 5483 in
1604 5429 2036 5484 monasterium

2147 4713 2276 4774 λους
2307 4713 2466 4782 ἀξίως
2516 4713 2656 4784 ὑμᾶς
2686 4713 3079 4786 ἀμειψαίμεθα.
3114 4735 3141 4764 ››
3183 4711 3414 4772 Τούτοις
3459 4715 3576 4772 τοῖς
3609 4709 3809 4783 λόγοις

2145 4801 2589 4874 παρακλαπὲντες
2632 4802 2684 4856 οἱ
2729 4799 2962 4856 δείλαιοι
3018 4802 3106 4857 καὶ
3164 4798 3646 4875 συλαγωγηθέντες
3703 4799 3800 4853 τὸν

2145 4896 2288 4957 νοῦν,
2329 4888 2551 4952 ἕκαστος
2610 4895 2720 4946 τῶν
2771 4890 2888 4945 ὅσοι
2950 4895 3029 4962 τῷ
3094 4891 3242 4964 φόνῳ
3301 4892 3639 4965 συνήργησαν
3702 4892 3806 4944 τοῦ

2147 4979 2376 5041 Λέοντος
2411 4981 2593 5036 saturo»
2631 4981 3001 5056 παρεγύμνου.
3065 4980 3238 5040 Εὐθὺς
3299 4981 3390 5034 οὖν
3439 4981 3466 5034 ὁ
3508 4976 3806 5054 Θεόφιλος,

3323 5068 3661 5144 ἐγκελεύεται
3721 5071 3810 5140 τῷ

2147 5160 2376 5234 ἐπάρχῳ
2425 5165 2543 5224 τοῖς
2596 5158 2909 5222 πολιτικοῖς
2980 5162 3289 5235 χρήσασθαι
3349 5159 3566 5232 νόμοις,
3628 5158 3811 5222 οὕτως

2147 5250 2335 5304 εἰπών·
2371 5273 2398 5300 ‹‹
2441 5251 2574 5326 Ἀγε
2602 5247 2694 5318 δὴ,
2735 5250 2781 5304 ὦ
2811 5244 3043 5327 ἔπαρχε,
3075 5247 3133 5303 ἐκ
3163 5253 3296 5304 Θεοῦ
3353 5249 3442 5302 καὶ
3483 5255 3582 5314 τῆς
3641 5249 3812 5319 ἡμῶν

2146 5338 2522 5412 γαληνότητος
2574 5340 2635 5394 τὸ
2693 5338 2892 5414 κρίνειν
2951 5333 3160 5408 λαϐὼν,
3218 5337 3435 5398 τούτοις
3492 5337 3638 5407 αξίας
3695 5339 3809 5391 τῶν

2147 5423 2317 5505 ἔργων
2346 5427 2548 5491 ἀπόδος
2580 5429 2672 5490 τὰς
2695 5423 2956 5502 αμαιϐὰς,
2991 5425 3097 5483 067.
3127 5425 3211 5483 ὅτι
3260 5427 3356 5489 τὰς
3389 5432 3582 5502 χεῖρας
3642 5425 3810 5499 ἐμια-

2146 5070 2294 5132 ἐντὸς
2375 5072 2614 5145 σαγήνης
2671 5065 2813 5144 ἔχων
2882 5073 2982 5140 τὴν
3039 5071 3229 5144 θήραν,

1558 5557 1919 5615 XYLANDBI
1957 5558 2045 5615 ET
2083 5558 2301 5616 GOARI
2339 5559 2560 5615 NOTAE.

466 5701 579 5766 (84)
611 5701 870 5763 Quatuor
899 5704 1168 5760 rotundis
1197 5704 1255 5760 in
1287 5712 1542 5777 quatuor
1570 5707 1824 5781 angulis,
1867 5714 1926 5765 et
1953 5725 2074 5766 una
2095 5709 2155 5765 in
2188 5711 2383 5766 medio
2418 5711 2706 5783 quadrata
2735 5713 2880 5769 turri
2904 5716 3293 5771 exstructum.
3329 5714 3501 5770 chi.
