  <div class='ocr_page' id='page_1' title='image "/cluster/home/n/w/nwhite01/storage/ocr_20150623/121:no.1/coo.31924054870260/504.png"; bbox 0 0 4112 6440; ppageno 0'>
   <div class='ocr_carea' id='block_1_1' title="bbox 336 420 461 482">
    <p class='ocr_par' dir='ltr' id='par_1_1' title="bbox 336 420 461 482">
     <span class='ocr_line' id='line_1_1' title="bbox 336 420 461 482; baseline -0.016 -1"><span class='ocrx_word' id='word_1_1' title='bbox 336 420 461 482; x_wconf 79' lang='grc'>985</span> 
     </span>
    </p>
   </div>
   <div class='ocr_carea' id='block_1_2' title="bbox 1473 405 2637 475">
    <p class='ocr_par' dir='ltr' id='par_1_2' title="bbox 1473 405 2637 475">
     <span class='ocr_line' id='line_1_2' title="bbox 1473 405 2637 475; baseline 0.005 -6"><span class='ocrx_word' id='word_1_2' title='bbox 1473 405 2027 469; x_wconf 71' lang='lat' dir='ltr'>HISTORIAHUM</span> <span class='ocrx_word' id='word_1_3' title='bbox 2073 407 2637 475; x_wconf 82' lang='lat' dir='ltr'>COMPENDIUM.</span> 
     </span>
    </p>
   </div>
   <div class='ocr_carea' id='block_1_3' title="bbox 3643 415 3763 477">
    <p class='ocr_par' dir='ltr' id='par_1_3' title="bbox 3643 415 3763 477">
     <span class='ocr_line' id='line_1_3' title="bbox 3643 415 3763 477; baseline -0.033 0"><span class='ocrx_word' id='word_1_4' title='bbox 3643 415 3763 477; x_wconf 83' lang='lat'>986</span> 
     </span>
    </p>
   </div>
   <div class='ocr_carea' id='block_1_4' title="bbox 334 537 2004 624">
    <p class='ocr_par' dir='ltr' id='par_1_4' title="bbox 334 537 1992 624">
     <span class='ocr_line' id='line_1_4' title="bbox 334 537 1992 624; baseline -0.009 -15"><span class='ocrx_word' id='word_1_5' title='bbox 334 574 434 610; x_wconf 88' lang='grc' dir='ltr'>ναν</span> <span class='ocrx_word' id='word_1_6' title='bbox 465 549 660 624; x_wconf 77' lang='grc' dir='ltr'>α’ίματι</span> <span class='ocrx_word' id='word_1_7' title='bbox 687 544 1035 622; x_wconf 74' lang='grc' dir='ltr'>ἀνθρωπίνῳ,</span> <span class='ocrx_word' id='word_1_8' title='bbox 1070 540 1199 601; x_wconf 81' lang='grc' dir='ltr'>ἀλλ’</span> <span class='ocrx_word' id='word_1_9' title='bbox 1249 539 1334 597; x_wconf 79' lang='grc' dir='ltr'>δτι</span> <span class='ocrx_word' id='word_1_10' title='bbox 1377 539 1469 596; x_wconf 88' lang='grc' dir='ltr'>καὶ</span> <span class='ocrx_word' id='word_1_11' title='bbox 1514 539 1740 615; x_wconf 88' lang='grc' dir='ltr'>χριστὸν</span> <span class='ocrx_word' id='word_1_12' title='bbox 1787 537 1992 614; x_wconf 83' lang='grc' dir='ltr'>Κυρίου</span> 
     </span>
    </p>
   </div>
   <div class='ocr_carea' id='block_1_5' title="bbox 2115 537 3759 624">
    <p class='ocr_par' dir='ltr' id='par_1_5' title="bbox 2115 542 3759 624">
     <span class='ocr_line' id='line_1_5' title="bbox 2115 542 3759 624; baseline 0.008 -27"><span class='ocrx_word' id='word_1_13' title='bbox 2115 542 2303 600; x_wconf 83' lang='lat' dir='ltr'>redire</span> <span class='ocrx_word' id='word_1_14' title='bbox 2334 548 2543 620; x_wconf 82' lang='lat' dir='ltr'>coegit,</span> <span class='ocrx_word' id='word_1_15' title='bbox 2605 548 2666 604; x_wconf 87' lang='lat' dir='ltr'>in</span> <span class='ocrx_word' id='word_1_16' title='bbox 2726 566 2844 622; x_wconf 91' lang='lat' dir='ltr'>quo</span> <span class='ocrx_word' id='word_1_17' title='bbox 2901 550 3162 622; x_wconf 87' lang='lat' dir='ltr'>primum</span> <span class='ocrx_word' id='word_1_18' title='bbox 3217 550 3491 624; x_wconf 82' lang='lat' dir='ltr'>religioni</span> <span class='ocrx_word' id='word_1_19' title='bbox 3548 552 3759 610; x_wconf 87' lang='lat' dir='ltr'>devota</span> 
     </span>
    </p>
   </div>
   <div class='ocr_carea' id='block_1_6' title="bbox 338 629 1997 708">
    <p class='ocr_par' dir='ltr' id='par_1_6' title="bbox 338 629 1997 708">
     <span class='ocr_line' id='line_1_6' title="bbox 338 629 1997 708; baseline -0.016 -9"><span class='ocrx_word' id='word_1_20' title='bbox 338 641 554 699; x_wconf 79' lang='grc' dir='ltr'>ἀνεῖλον</span> <span class='ocrx_word' id='word_1_21' title='bbox 583 635 734 694; x_wconf 79' lang='grc' dir='ltr'>ἔνδον</span> <span class='ocrx_word' id='word_1_22' title='bbox 769 633 1181 708; x_wconf 78' lang='grc' dir='ltr'>θυσιαστηρίου.</span> <span class='ocrx_word' id='word_1_23' title='bbox 1217 656 1246 685; x_wconf 84' lang='lat'><strong><em>»</em></strong></span> <span class='ocrx_word' id='word_1_24' title='bbox 1307 634 1393 707; x_wconf 76' lang='grc' dir='ltr'>[Ρ.</span> <span class='ocrx_word' id='word_1_25' title='bbox 1453 632 1580 704; x_wconf 75' lang='grc'><strong>514]</strong></span> <span class='ocrx_word' id='word_1_26' title='bbox 1611 631 1793 686; x_wconf 78' lang='grc' dir='ltr'>Ταῦτα</span> <span class='ocrx_word' id='word_1_27' title='bbox 1831 629 1997 704; x_wconf 76' lang='grc' dir='ltr'>φθεγ-</span> 
     </span>
    </p>
   </div>
   <div class='ocr_carea' id='block_1_7' title="bbox 342 719 1998 806">
    <p class='ocr_par' dir='ltr' id='par_1_7' title="bbox 342 719 1998 806">
     <span class='ocr_line' id='line_1_7' title="bbox 342 719 1998 806; baseline -0.01 -17"><span class='ocrx_word' id='word_1_28' title='bbox 342 736 582 806; x_wconf 77' lang='grc' dir='ltr'>ξάμενος</span> <span class='ocrx_word' id='word_1_29' title='bbox 613 727 829 784; x_wconf 87' lang='grc' dir='ltr'>διέλυσε</span> <span class='ocrx_word' id='word_1_30' title='bbox 869 725 958 780; x_wconf 87' lang='grc' dir='ltr'>τὸν</span> <span class='ocrx_word' id='word_1_31' title='bbox 1010 722 1314 797; x_wconf 83' lang='grc' dir='ltr'>θαυμαστὸν</span> <span class='ocrx_word' id='word_1_32' title='bbox 1378 720 1578 775; x_wconf 82' lang='grc' dir='ltr'>ἐκεῖνον</span> <span class='ocrx_word' id='word_1_33' title='bbox 1634 719 1723 773; x_wconf 82' lang='grc' dir='ltr'>καὶ</span> <span class='ocrx_word' id='word_1_34' title='bbox 1780 721 1998 792; x_wconf 79' lang='grc' dir='ltr'>πρῶτον</span> 
     </span>
    </p>
   </div>
   <div class='ocr_carea' id='block_1_8' title="bbox 2108 636 3770 713">
    <p class='ocr_par' dir='ltr' id='par_1_8' title="bbox 2108 636 3770 713">
     <span class='ocr_line' id='line_1_8' title="bbox 2108 636 3770 713; baseline 0.007 -25"><span class='ocrx_word' id='word_1_35' title='bbox 2108 649 2340 690; x_wconf 83' lang='lat' dir='ltr'>comam</span> <span class='ocrx_word' id='word_1_36' title='bbox 2371 636 2739 694; x_wconf 87' lang='lat' dir='ltr'>detonderat.</span> <span class='ocrx_word' id='word_1_37' title='bbox 2766 639 3041 711; x_wconf 83' lang='lat' dir='ltr'>Nihilque</span> <span class='ocrx_word' id='word_1_38' title='bbox 3064 641 3202 695; x_wconf 86' lang='lat' dir='ltr'>huic</span> <span class='ocrx_word' id='word_1_39' title='bbox 3225 641 3444 712; x_wconf 80' lang='lat' dir='ltr'>profuit</span> <span class='ocrx_word' id='word_1_40' title='bbox 3457 643 3770 713; x_wconf 88' lang='lat' dir='ltr'>juramen-</span> 
     </span>
    </p>
   </div>
   <div class='ocr_carea' id='block_1_9' title="bbox 2109 727 3472 804">
    <p class='ocr_par' dir='ltr' id='par_1_9' title="bbox 2109 727 3472 804">
     <span class='ocr_line' id='line_1_9' title="bbox 2109 727 3472 804; baseline 0.006 -28"><span class='ocrx_word' id='word_1_41' title='bbox 2109 727 2258 792; x_wconf 88' lang='lat' dir='ltr'>tum,</span> <span class='ocrx_word' id='word_1_42' title='bbox 2290 741 2406 796; x_wconf 91' lang='lat' dir='ltr'>quo</span> <span class='ocrx_word' id='word_1_43' title='bbox 2441 735 2713 785; x_wconf 87' lang='lat' dir='ltr'>senatum</span> <span class='ocrx_word' id='word_1_44' title='bbox 2743 730 3061 787; x_wconf 82' lang='lat' dir='ltr'>Michaelus</span> <span class='ocrx_word' id='word_1_45' title='bbox 3093 731 3472 804; x_wconf 85' lang='lat' dir='ltr'>obligaverat.</span> 
     </span>
    </p>
   </div>
   <div class='ocr_carea' id='block_1_10' title="bbox 345 809 3757 898">
    <p class='ocr_par' dir='ltr' id='par_1_10' title="bbox 345 809 3757 898">
     <span class='ocr_line' id='line_1_10' title="bbox 345 809 3757 898; baseline -0.001 -17"><span class='ocrx_word' id='word_1_46' title='bbox 345 823 643 896; x_wconf 74' lang='grc' dir='ltr'>σύλλογον,</span> <span class='ocrx_word' id='word_1_47' title='bbox 703 820 755 873; x_wconf 68' lang='grc' dir='ltr'>οἱ</span> <span class='ocrx_word' id='word_1_48' title='bbox 813 814 860 870; x_wconf 83' lang='grc' dir='ltr'>δ’</span> <span class='ocrx_word' id='word_1_49' title='bbox 922 813 1105 879; x_wconf 71' lang='grc' dir='ltr'>ἄθλιοι</span> <span class='ocrx_word' id='word_1_50' title='bbox 1157 811 1353 869; x_wconf 67' lang='grc' dir='ltr'>ἐκεῖνοι</span> <span class='ocrx_word' id='word_1_51' title='bbox 1413 809 1816 888; x_wconf 68' lang='grc' dir='ltr'>συλληφθέντες</span> <span class='ocrx_word' id='word_1_52' title='bbox 1882 811 2030 886; x_wconf 73' lang='grc' dir='ltr'>παρὰ</span> <span class='ocrx_word' id='word_1_53' title='bbox 2084 815 2182 866; x_wconf 78' lang='grc' dir='ltr'>τοῦ</span> <span class='ocrx_word' id='word_1_54' title='bbox 2239 812 2485 891; x_wconf 76' lang='grc' dir='ltr'>ἐπάρχου</span> <span class='ocrx_word' id='word_1_55' title='bbox 2541 827 2757 884; x_wconf 81' lang='grc' dir='ltr'>ποιναῖς</span> <span class='ocrx_word' id='word_1_56' title='bbox 2841 819 3335 894; x_wconf 74' lang='grc' dir='ltr'>καθυπεϐλήθησαν</span> <span class='ocrx_word' id='word_1_57' title='bbox 3391 820 3757 898; x_wconf 72' lang='grc' dir='ltr'>ἀνδροφόνων·</span> 
     </span>
    </p>
   </div>
   <div class='ocr_carea' id='block_1_11' title="bbox 345 887 3766 989">
    <p class='ocr_par' dir='ltr' id='par_1_11' title="bbox 345 887 3766 989">
     <span class='ocr_line' id='line_1_11' title="bbox 345 887 3766 989; baseline 0.001 -21"><span class='ocrx_word' id='word_1_58' title='bbox 345 916 410 972; x_wconf 87' lang='grc' dir='ltr'>Ὁ</span> <span class='ocrx_word' id='word_1_59' title='bbox 451 911 508 968; x_wconf 76' lang='grc' dir='ltr'>δὲ</span> <span class='ocrx_word' id='word_1_60' title='bbox 538 909 804 988; x_wconf 76' lang='grc' dir='ltr'>Θεόφιλος</span> <span class='ocrx_word' id='word_1_61' title='bbox 860 907 951 962; x_wconf 82' lang='grc' dir='ltr'>καὶ</span> <span class='ocrx_word' id='word_1_62' title='bbox 995 905 1094 974; x_wconf 72' lang='grc' dir='ltr'>τήν</span> <span class='ocrx_word' id='word_1_63' title='bbox 1153 905 1321 959; x_wconf 81' lang='grc' dir='ltr'>αὑτοῦ</span> <span class='ocrx_word' id='word_1_64' title='bbox 1383 903 1649 977; x_wconf 69' lang='grc' dir='ltr'>μητρυιὰν</span> <span class='ocrx_word' id='word_1_65' title='bbox 1704 899 1980 962; x_wconf 72' lang='grc' dir='ltr'>ἀπελάσας</span> <span class='ocrx_word' id='word_1_66' title='bbox 2036 904 2143 955; x_wconf 82' lang='grc' dir='ltr'>τῶν</span> <span class='ocrx_word' id='word_1_67' title='bbox 2217 903 2506 978; x_wconf 89' lang='grc' dir='ltr'>βασιλείων</span> <span class='ocrx_word' id='word_1_68' title='bbox 2562 909 2639 972; x_wconf 72' lang='grc' dir='ltr'>εἷς</span> <span class='ocrx_word' id='word_1_69' title='bbox 2692 913 2753 967; x_wconf 83' lang='grc' dir='ltr'>τὸ</span> <span class='ocrx_word' id='word_1_70' title='bbox 2811 915 3178 986; x_wconf 71' lang='grc' dir='ltr'>μοναστήριον</span> <span class='ocrx_word' id='word_1_71' title='bbox 3237 887 3536 989; x_wconf 74' lang='grc' dir='ltr'>ἠνάγκασέν</span> <span class='ocrx_word' id='word_1_72' title='bbox 3569 887 3766 970; x_wconf 76' lang='grc' dir='ltr'>⁸ἀττελ-</span> 
     </span>
    </p>
   </div>
   <div class='ocr_carea' id='block_1_12' title="bbox 347 990 3762 1081">
    <p class='ocr_par' dir='ltr' id='par_1_12' title="bbox 347 990 3762 1081">
     <span class='ocr_line' id='line_1_12' title="bbox 347 990 3762 1081; baseline -0.005 -21"><span class='ocrx_word' id='word_1_73' title='bbox 347 1006 484 1074; x_wconf 88' lang='grc' dir='ltr'>θεῖν,</span> <span class='ocrx_word' id='word_1_74' title='bbox 515 1001 568 1058; x_wconf 88' lang='grc' dir='ltr'>ἐν</span> <span class='ocrx_word' id='word_1_75' title='bbox 616 999 662 1072; x_wconf 82' lang='grc' dir='ltr'>ᾧ</span> <span class='ocrx_word' id='word_1_76' title='bbox 719 999 780 1054; x_wconf 85' lang='grc' dir='ltr'>τὸ</span> <span class='ocrx_word' id='word_1_77' title='bbox 835 1002 1050 1069; x_wconf 70' lang='grc' dir='ltr'>πρῶτον</span> <span class='ocrx_word' id='word_1_78' title='bbox 1109 997 1208 1066; x_wconf 82' lang='grc' dir='ltr'>τὴν</span> <span class='ocrx_word' id='word_1_79' title='bbox 1256 994 1527 1067; x_wconf 79' lang='grc' dir='ltr'>κοσμικὴν</span> <span class='ocrx_word' id='word_1_80' title='bbox 1583 992 1808 1047; x_wconf 77' lang='grc' dir='ltr'>ἀπέθετο</span> <span class='ocrx_word' id='word_1_81' title='bbox 1866 992 2058 1066; x_wconf 80' lang='grc' dir='ltr'>τρίχα,</span> <span class='ocrx_word' id='word_1_82' title='bbox 2121 990 2290 1064; x_wconf 78' lang='grc' dir='ltr'>μηδὲν</span> <span class='ocrx_word' id='word_1_83' title='bbox 2347 996 2750 1074; x_wconf 73' lang='grc' dir='ltr'>ὠφελησάντων</span> <span class='ocrx_word' id='word_1_84' title='bbox 2807 1008 2914 1058; x_wconf 72' lang='grc' dir='ltr'>τῶν</span> <span class='ocrx_word' id='word_1_85' title='bbox 2975 1004 3151 1078; x_wconf 78' lang='grc' dir='ltr'>ὅρκων</span> <span class='ocrx_word' id='word_1_86' title='bbox 3210 1005 3302 1066; x_wconf 65' lang='grc' dir='ltr'>οὓς</span> <span class='ocrx_word' id='word_1_87' title='bbox 3361 1007 3395 1074; x_wconf 70' lang='grc' dir='ltr'>ἡ</span> <span class='ocrx_word' id='word_1_88' title='bbox 3454 1005 3762 1081; x_wconf 54' lang='grc' dir='ltr'>σύγκλητος</span> 
     </span>
    </p>
   </div>
   <div class='ocr_carea' id='block_1_13' title="bbox 347 1085 1226 1170">
    <p class='ocr_par' dir='ltr' id='par_1_13' title="bbox 347 1085 1226 1170">
     <span class='ocr_line' id='line_1_13' title="bbox 347 1085 1226 1170; baseline -0.006 -21"><span class='ocrx_word' id='word_1_89' title='bbox 347 1094 486 1170; x_wconf 84' lang='grc' dir='ltr'>πρὸς</span> <span class='ocrx_word' id='word_1_90' title='bbox 514 1092 605 1148; x_wconf 84' lang='grc' dir='ltr'>τὸν</span> <span class='ocrx_word' id='word_1_91' title='bbox 637 1087 874 1164; x_wconf 73' lang='grc' dir='ltr'>Μιχαὴλ</span> <span class='ocrx_word' id='word_1_92' title='bbox 907 1085 1226 1156; x_wconf 75' lang='grc' dir='ltr'>ἐποιήσατο.</span> 
     </span>
    </p>
   </div>
   <div class='ocr_carea' id='block_1_14' title="bbox 421 1167 2004 1251">
    <p class='ocr_par' dir='ltr' id='par_1_14' title="bbox 421 1167 2004 1251">
     <span class='ocr_line' id='line_1_14' title="bbox 421 1167 2004 1251; baseline -0.009 -13"><span class='ocrx_word' id='word_1_93' title='bbox 421 1183 520 1238; x_wconf 82' lang='grc' dir='ltr'>Καὶ</span> <span class='ocrx_word' id='word_1_94' title='bbox 565 1184 735 1236; x_wconf 79' lang='grc' dir='ltr'>ταῦτα</span> <span class='ocrx_word' id='word_1_95' title='bbox 786 1178 880 1251; x_wconf 70' lang='grc' dir='ltr'>μὲν</span> <span class='ocrx_word' id='word_1_96' title='bbox 934 1176 984 1231; x_wconf 81' lang='grc' dir='ltr'>ἐν</span> <span class='ocrx_word' id='word_1_97' title='bbox 1022 1172 1307 1248; x_wconf 83' lang='grc' dir='ltr'>προοιμίῳ</span> <span class='ocrx_word' id='word_1_98' title='bbox 1361 1177 1441 1245; x_wconf 81' lang='grc' dir='ltr'>τῷ</span> <span class='ocrx_word' id='word_1_99' title='bbox 1499 1169 1776 1246; x_wconf 74' lang='grc' dir='ltr'>Θεοφίλῳ,</span> <span class='ocrx_word' id='word_1_100' title='bbox 1833 1171 1897 1226; x_wconf 72' lang='grc' dir='ltr'>τά</span> <span class='ocrx_word' id='word_1_101' title='bbox 1957 1167 2004 1224; x_wconf 85' lang='grc' dir='ltr'>δ’</span> 
     </span>
    </p>
   </div>
   <div class='ocr_carea' id='block_1_15' title="bbox 347 1263 2006 1345">
    <p class='ocr_par' dir='ltr' id='par_1_15' title="bbox 347 1263 2006 1345">
     <span class='ocr_line' id='line_1_15' title="bbox 347 1263 2006 1345; baseline -0.008 -17"><span class='ocrx_word' id='word_1_102' title='bbox 347 1277 472 1345; x_wconf 67' lang='grc' dir='ltr'>ἑξῆς</span> <span class='ocrx_word' id='word_1_103' title='bbox 530 1272 632 1327; x_wconf 80' lang='grc' dir='ltr'>οὐκ</span> <span class='ocrx_word' id='word_1_104' title='bbox 689 1269 918 1326; x_wconf 77' lang='grc' dir='ltr'>ἐπαίνων</span> <span class='ocrx_word' id='word_1_105' title='bbox 973 1267 1177 1336; x_wconf 74' lang='grc' dir='ltr'>ἀνάξια·</span> <span class='ocrx_word' id='word_1_106' title='bbox 1244 1263 1694 1336; x_wconf 74' lang='grc' dir='ltr'>ἀντιποιούμενος</span> <span class='ocrx_word' id='word_1_107' title='bbox 1746 1263 1846 1338; x_wconf 75' lang='grc' dir='ltr'>γάρ</span> <span class='ocrx_word' id='word_1_108' title='bbox 1903 1268 2006 1331; x_wconf 81' lang='grc' dir='ltr'>τῆς</span> 
     </span>
    </p>
   </div>
   <div class='ocr_carea' id='block_1_16' title="bbox 348 1347 2006 1432">
    <p class='ocr_par' dir='ltr' id='par_1_16' title="bbox 348 1347 2006 1432">
     <span class='ocr_line' id='line_1_16' title="bbox 348 1347 2006 1432; baseline -0.007 -14"><span class='ocrx_word' id='word_1_109' title='bbox 348 1359 705 1430; x_wconf 66' lang='grc' dir='ltr'>δικαιοσύνης</span> <span class='ocrx_word' id='word_1_110' title='bbox 736 1359 932 1414; x_wconf 73' lang='grc' dir='ltr'>ἅπασιν</span> <span class='ocrx_word' id='word_1_111' title='bbox 973 1356 1042 1425; x_wconf 80' lang='grc' dir='ltr'>ἦν</span> <span class='ocrx_word' id='word_1_112' title='bbox 1072 1360 1188 1418; x_wconf 86' lang='grc' dir='ltr'>τοῖς</span> <span class='ocrx_word' id='word_1_113' title='bbox 1219 1358 1482 1428; x_wconf 77' lang='grc' dir='ltr'>πονηροῖς</span> <span class='ocrx_word' id='word_1_114' title='bbox 1519 1347 1774 1432; x_wconf 71' lang='grc' dir='ltr'>φοϐερὸς,</span> <span class='ocrx_word' id='word_1_115' title='bbox 1807 1355 1923 1412; x_wconf 86' lang='grc' dir='ltr'>τοῖς</span> <span class='ocrx_word' id='word_1_116' title='bbox 1949 1347 2006 1406; x_wconf 65' lang='grc' dir='ltr'>δὲ</span> 
     </span>
    </p>
   </div>
   <div class='ocr_carea' id='block_1_17' title="bbox 347 1438 2006 1528">
    <p class='ocr_par' dir='ltr' id='par_1_17' title="bbox 347 1438 2006 1528">
     <span class='ocr_line' id='line_1_17' title="bbox 347 1438 2006 1528; baseline -0.008 -21"><span class='ocrx_word' id='word_1_117' title='bbox 347 1453 576 1528; x_wconf 80' lang='grc' dir='ltr'>ἀγαθοῖς</span> <span class='ocrx_word' id='word_1_118' title='bbox 601 1448 931 1522; x_wconf 78' lang='grc' dir='ltr'>θαυμαστὸς,</span> <span class='ocrx_word' id='word_1_119' title='bbox 962 1450 1077 1507; x_wconf 77' lang='grc' dir='ltr'>τοῖς</span> <span class='ocrx_word' id='word_1_120' title='bbox 1109 1445 1207 1518; x_wconf 73' lang='grc' dir='ltr'>μὲν</span> <span class='ocrx_word' id='word_1_121' title='bbox 1243 1445 1326 1498; x_wconf 83' lang='grc' dir='ltr'>δτι</span> <span class='ocrx_word' id='word_1_122' title='bbox 1382 1441 1759 1515; x_wconf 84' lang='grc' dir='ltr'>μισοπόνηρός</span> <span class='ocrx_word' id='word_1_123' title='bbox 1806 1461 1864 1496; x_wconf 88' lang='grc' dir='ltr'>τε</span> <span class='ocrx_word' id='word_1_124' title='bbox 1916 1438 2006 1494; x_wconf 83' lang='grc' dir='ltr'>καὶ</span> 
     </span>
    </p>
   </div>
   <div class='ocr_carea' id='block_1_18' title="bbox 351 1528 2003 1608">
    <p class='ocr_par' dir='ltr' id='par_1_18' title="bbox 351 1528 2003 1608">
     <span class='ocr_line' id='line_1_18' title="bbox 351 1528 2003 1608; baseline -0.008 -11"><span class='ocrx_word' id='word_1_125' title='bbox 351 1539 564 1602; x_wconf 86' lang='grc' dir='ltr'>δίκαιος</span> <span class='ocrx_word' id='word_1_126' title='bbox 596 1537 796 1606; x_wconf 81' lang='grc' dir='ltr'>ἐδόκει,</span> <span class='ocrx_word' id='word_1_127' title='bbox 823 1541 940 1598; x_wconf 84' lang='grc' dir='ltr'>τοῖς</span> <span class='ocrx_word' id='word_1_128' title='bbox 975 1532 1022 1589; x_wconf 87' lang='grc' dir='ltr'>δ’</span> <span class='ocrx_word' id='word_1_129' title='bbox 1053 1534 1137 1590; x_wconf 86' lang='grc' dir='ltr'>’ὁτι</span> <span class='ocrx_word' id='word_1_130' title='bbox 1170 1528 1439 1608; x_wconf 69' lang='grc' dir='ltr'>ἐμϐριθτξς</span> <span class='ocrx_word' id='word_1_131' title='bbox 1468 1553 1530 1586; x_wconf 89' lang='grc' dir='ltr'>τε</span> <span class='ocrx_word' id='word_1_132' title='bbox 1569 1532 1658 1585; x_wconf 79' lang='grc' dir='ltr'>καὶ</span> <span class='ocrx_word' id='word_1_133' title='bbox 1689 1528 2003 1604; x_wconf 69' lang='grc' dir='ltr'>ξαῦστηρός.</span> 
     </span>
    </p>
   </div>
   <div class='ocr_carea' id='block_1_19' title="bbox 355 1619 2010 1699">
    <p class='ocr_par' dir='ltr' id='par_1_19' title="bbox 355 1619 2010 1699">
     <span class='ocr_line' id='line_1_19' title="bbox 355 1619 2010 1699; baseline -0.007 -14"><span class='ocrx_word' id='word_1_134' title='bbox 355 1629 474 1690; x_wconf 70' lang='grc' dir='ltr'>Οὔκ</span> <span class='ocrx_word' id='word_1_135' title='bbox 500 1630 566 1699; x_wconf 81' lang='grc' dir='ltr'>ἧν</span> <span class='ocrx_word' id='word_1_136' title='bbox 597 1627 655 1683; x_wconf 73' lang='grc' dir='ltr'>δὲ</span> <span class='ocrx_word' id='word_1_137' title='bbox 696 1627 910 1687; x_wconf 72' lang='grc' dir='ltr'>πάντως</span> <span class='ocrx_word' id='word_1_138' title='bbox 971 1624 1132 1680; x_wconf 80' lang='grc' dir='ltr'>αὐτὸν</span> <span class='ocrx_word' id='word_1_139' title='bbox 1184 1624 1397 1677; x_wconf 82' lang='grc' dir='ltr'>πάντων</span> <span class='ocrx_word' id='word_1_140' title='bbox 1441 1625 1550 1676; x_wconf 83' lang='grc' dir='ltr'>τῶν</span> <span class='ocrx_word' id='word_1_141' title='bbox 1611 1625 1788 1674; x_wconf 81' lang='grc' dir='ltr'>κακῶν</span> <span class='ocrx_word' id='word_1_142' title='bbox 1847 1619 2010 1674; x_wconf 88' lang='grc' dir='ltr'>καθα-</span> 
     </span>
    </p>
   </div>
   <div class='ocr_carea' id='block_1_20' title="bbox 361 1708 2008 1796">
    <p class='ocr_par' dir='ltr' id='par_1_20' title="bbox 361 1708 2008 1796">
     <span class='ocr_line' id='line_1_20' title="bbox 361 1708 2008 1796; baseline -0.007 -20"><span class='ocrx_word' id='word_1_143' title='bbox 361 1722 557 1796; x_wconf 69' lang='grc' dir='ltr'>ρεύειν.</span> <span class='ocrx_word' id='word_1_144' title='bbox 599 1715 800 1792; x_wconf 64' lang='grc' dir='ltr'>Εἴχετο</span> <span class='ocrx_word' id='word_1_145' title='bbox 835 1716 928 1789; x_wconf 79' lang='grc' dir='ltr'>μὲν</span> <span class='ocrx_word' id='word_1_146' title='bbox 957 1714 1064 1790; x_wconf 85' lang='grc' dir='ltr'>γὰρ</span> <span class='ocrx_word' id='word_1_147' title='bbox 1093 1717 1192 1779; x_wconf 79' lang='grc' dir='ltr'>τῆς</span> <span class='ocrx_word' id='word_1_148' title='bbox 1225 1711 1312 1768; x_wconf 76' lang='grc' dir='ltr'>ἐπὶ</span> <span class='ocrx_word' id='word_1_149' title='bbox 1341 1712 1467 1767; x_wconf 82' lang='grc' dir='ltr'>Θεὸν</span> <span class='ocrx_word' id='word_1_150' title='bbox 1518 1711 1772 1779; x_wconf 88' lang='grc' dir='ltr'>πίστεως,</span> <span class='ocrx_word' id='word_1_151' title='bbox 1824 1708 2008 1784; x_wconf 81' lang='grc' dir='ltr'>εἲχετο</span> 
     </span>
    </p>
   </div>
   <div class='ocr_carea' id='block_1_21' title="bbox 360 1799 2008 1878">
    <p class='ocr_par' dir='ltr' id='par_1_21' title="bbox 360 1799 2008 1878">
     <span class='ocr_line' id='line_1_21' title="bbox 360 1799 2008 1878; baseline -0.008 -12"><span class='ocrx_word' id='word_1_152' title='bbox 360 1809 422 1866; x_wconf 72' lang='grc' dir='ltr'><strong>δί</strong></span> <span class='ocrx_word' id='word_1_153' title='bbox 449 1808 616 1864; x_wconf 87' lang='grc' dir='ltr'>πλέον</span> <span class='ocrx_word' id='word_1_154' title='bbox 644 1814 744 1876; x_wconf 80' lang='grc' dir='ltr'>τῆς</span> <span class='ocrx_word' id='word_1_155' title='bbox 775 1800 1262 1878; x_wconf 82' lang='grc' dir='ltr'>πατροπαραδότου</span> <span class='ocrx_word' id='word_1_156' title='bbox 1315 1806 1512 1876; x_wconf 77' lang='grc' dir='ltr'>μιαρᾶς</span> <span class='ocrx_word' id='word_1_157' title='bbox 1557 1804 1664 1855; x_wconf 82' lang='grc' dir='ltr'>τῶν</span> <span class='ocrx_word' id='word_1_158' title='bbox 1698 1799 2008 1872; x_wconf 76' lang='grc' dir='ltr'>Εἶκονομά·</span> 
     </span>
    </p>
   </div>
   <div class='ocr_carea' id='block_1_22' title="bbox 361 1887 2010 1978">
    <p class='ocr_par' dir='ltr' id='par_1_22' title="bbox 361 1887 2010 1978">
     <span class='ocr_line' id='line_1_22' title="bbox 361 1887 2010 1978; baseline -0.008 -22"><span class='ocrx_word' id='word_1_159' title='bbox 361 1921 483 1978; x_wconf 87' lang='grc' dir='ltr'>χων</span> <span class='ocrx_word' id='word_1_160' title='bbox 522 1899 802 1974; x_wconf 70' lang='grc' dir='ltr'>αἱρέσεως,</span> <span class='ocrx_word' id='word_1_161' title='bbox 843 1895 934 1950; x_wconf 82' lang='grc' dir='ltr'>καὶ</span> <span class='ocrx_word' id='word_1_162' title='bbox 980 1895 1073 1950; x_wconf 89' lang='grc' dir='ltr'>τὸν</span> <span class='ocrx_word' id='word_1_163' title='bbox 1108 1887 1312 1961; x_wconf 78' lang='grc' dir='ltr'>ἐὐσεϐῆ</span> <span class='ocrx_word' id='word_1_164' title='bbox 1369 1891 1459 1946; x_wconf 85' lang='grc' dir='ltr'>καὶ</span> <span class='ocrx_word' id='word_1_165' title='bbox 1508 1891 1769 1964; x_wconf 82' lang='grc' dir='ltr'>πανάγιον</span> <span class='ocrx_word' id='word_1_166' title='bbox 1813 1888 2010 1944; x_wconf 79' lang='grc' dir='ltr'>ἐκάκου</span> 
     </span>
    </p>
   </div>
   <div class='ocr_carea' id='block_1_23' title="bbox 357 1977 2010 2062">
    <p class='ocr_par' dir='ltr' id='par_1_23' title="bbox 357 1977 2010 2062">
     <span class='ocr_line' id='line_1_23' title="bbox 357 1977 2010 2062; baseline -0.008 -17"><span class='ocrx_word' id='word_1_167' title='bbox 357 1977 516 2060; x_wconf 84' lang='grc' dir='ltr'>λαὸν,</span> <span class='ocrx_word' id='word_1_168' title='bbox 547 1986 692 2062; x_wconf 78' lang='grc' dir='ltr'>παρὰ</span> <span class='ocrx_word' id='word_1_169' title='bbox 732 1986 907 2040; x_wconf 80' lang='grc' dir='ltr'>πάντα</span> <span class='ocrx_word' id='word_1_170' title='bbox 952 1984 1044 2038; x_wconf 86' lang='grc' dir='ltr'>τὸν</span> <span class='ocrx_word' id='word_1_171' title='bbox 1099 1990 1203 2052; x_wconf 84' lang='grc' dir='ltr'>τῆς</span> <span class='ocrx_word' id='word_1_172' title='bbox 1254 1980 1534 2056; x_wconf 76' lang='grc' dir='ltr'>βασιλείας</span> <span class='ocrx_word' id='word_1_173' title='bbox 1582 1980 1756 2035; x_wconf 79' lang='grc' dir='ltr'>αὐτοῦ</span> <span class='ocrx_word' id='word_1_174' title='bbox 1811 1977 2010 2053; x_wconf 85' lang='grc' dir='ltr'>χρόνον</span> 
     </span>
    </p>
   </div>
   <div class='ocr_carea' id='block_1_24' title="bbox 356 2067 2009 2153">
    <p class='ocr_par' dir='ltr' id='par_1_24' title="bbox 356 2067 2009 2153">
     <span class='ocr_line' id='line_1_24' title="bbox 356 2067 2009 2153; baseline -0.009 -18"><span class='ocrx_word' id='word_1_175' title='bbox 356 2081 640 2153; x_wconf 80' lang='grc' dir='ltr'>ἠρεμῆσαι</span> <span class='ocrx_word' id='word_1_176' title='bbox 699 2078 774 2148; x_wconf 83' lang='grc' dir='ltr'>μή</span> <span class='ocrx_word' id='word_1_177' title='bbox 821 2073 1210 2150; x_wconf 76' lang='grc' dir='ltr'>συγχωρήσας.</span> <span class='ocrx_word' id='word_1_178' title='bbox 1251 2073 1408 2129; x_wconf 77' lang='grc' dir='ltr'>’Ὁθεν</span> <span class='ocrx_word' id='word_1_179' title='bbox 1441 2067 1579 2125; x_wconf 79' lang='grc' dir='ltr'>ὀὐδ’</span> <span class='ocrx_word' id='word_1_180' title='bbox 1630 2069 1681 2124; x_wconf 82' lang='grc' dir='ltr'>ἐν</span> <span class='ocrx_word' id='word_1_181' title='bbox 1740 2067 2009 2141; x_wconf 85' lang='grc' dir='ltr'>πολέμοις</span> 
     </span>
    </p>
   </div>
   <div class='ocr_carea' id='block_1_25' title="bbox 362 2155 2012 2243">
    <p class='ocr_par' dir='ltr' id='par_1_25' title="bbox 362 2155 2012 2243">
     <span class='ocr_line' id='line_1_25' title="bbox 362 2155 2012 2243; baseline -0.007 -19"><span class='ocrx_word' id='word_1_182' title='bbox 362 2168 635 2243; x_wconf 75' lang='grc' dir='ltr'>εὐτύχησέ</span> <span class='ocrx_word' id='word_1_183' title='bbox 666 2185 816 2231; x_wconf 88' lang='grc' dir='ltr'>ποτε,</span> <span class='ocrx_word' id='word_1_184' title='bbox 851 2161 1024 2219; x_wconf 75' lang='grc' dir='ltr'>ἀεὶδὲ</span> <span class='ocrx_word' id='word_1_185' title='bbox 1075 2161 1283 2231; x_wconf 69' lang='grc' dir='ltr'>ἥττητο</span> <span class='ocrx_word' id='word_1_186' title='bbox 1333 2160 1424 2214; x_wconf 84' lang='grc' dir='ltr'>καὶ</span> <span class='ocrx_word' id='word_1_187' title='bbox 1479 2161 1542 2214; x_wconf 82' lang='grc' dir='ltr'>οὐ</span> <span class='ocrx_word' id='word_1_188' title='bbox 1596 2161 1732 2214; x_wconf 76' lang='grc' dir='ltr'>κατὰ</span> <span class='ocrx_word' id='word_1_189' title='bbox 1784 2155 2012 2234; x_wconf 86' lang='grc' dir='ltr'>βασιλέα</span> 
     </span>
    </p>
   </div>
   <div class='ocr_carea' id='block_1_26' title="bbox 369 2249 2012 2334">
    <p class='ocr_par' dir='ltr' id='par_1_26' title="bbox 369 2249 2012 2334">
     <span class='ocr_line' id='line_1_26' title="bbox 369 2249 2012 2334; baseline -0.005 -20"><span class='ocrx_word' id='word_1_190' title='bbox 369 2257 716 2334; x_wconf 73' lang='grc' dir='ltr'>ὑπέστρεφεν.</span> <span class='ocrx_word' id='word_1_191' title='bbox 773 2254 1072 2330; x_wconf 83' lang='grc' dir='ltr'>Ἑχόμενος</span> <span class='ocrx_word' id='word_1_192' title='bbox 1118 2250 1164 2308; x_wconf 84' lang='grc' dir='ltr'>δ’</span> <span class='ocrx_word' id='word_1_193' title='bbox 1219 2252 1311 2307; x_wconf 78' lang='grc' dir='ltr'>οὖν</span> <span class='ocrx_word' id='word_1_194' title='bbox 1360 2258 1460 2322; x_wconf 80' lang='grc' dir='ltr'>τῆς</span> <span class='ocrx_word' id='word_1_195' title='bbox 1518 2249 1868 2322; x_wconf 83' lang='grc' dir='ltr'>δικαιοσύνης</span> <span class='ocrx_word' id='word_1_196' title='bbox 1921 2253 2012 2309; x_wconf 79' lang='grc' dir='ltr'>καὶ</span> 
     </span>
    </p>
   </div>
   <div class='ocr_carea' id='block_1_27' title="bbox 369 2340 2013 2422">
    <p class='ocr_par' dir='ltr' id='par_1_27' title="bbox 369 2340 2013 2422">
     <span class='ocr_line' id='line_1_27' title="bbox 369 2340 2013 2422; baseline 0.007 -27"><span class='ocrx_word' id='word_1_197' title='bbox 369 2355 478 2416; x_wconf 77' lang='grc' dir='ltr'>τῆς</span> <span class='ocrx_word' id='word_1_198' title='bbox 507 2347 636 2422; x_wconf 79' lang='grc' dir='ltr'>πρὸς</span> <span class='ocrx_word' id='word_1_199' title='bbox 668 2345 900 2420; x_wconf 85' lang='grc' dir='ltr'>Χριστὸν</span> <span class='ocrx_word' id='word_1_200' title='bbox 947 2343 1036 2398; x_wconf 78' lang='grc' dir='ltr'>καὶ</span> <span class='ocrx_word' id='word_1_201' title='bbox 1083 2342 1185 2410; x_wconf 78' lang='grc' dir='ltr'>τήν</span> <span class='ocrx_word' id='word_1_202' title='bbox 1235 2340 1405 2396; x_wconf 67' lang='grc' dir='ltr'>αὐτοῦ</span> <span class='ocrx_word' id='word_1_203' title='bbox 1455 2341 1704 2415; x_wconf 80' lang='grc' dir='ltr'>Μητέρα,</span> <span class='ocrx_word' id='word_1_204' title='bbox 1753 2342 1826 2404; x_wconf 82' lang='grc' dir='ltr'>ὡς</span> <span class='ocrx_word' id='word_1_205' title='bbox 1875 2341 2013 2414; x_wconf 71' lang='grc' dir='ltr'>ᾤετο</span> 
     </span>
    </p>
   </div>
   <div class='ocr_carea' id='block_1_28' title="bbox 366 2425 2016 2507">
    <p class='ocr_par' dir='ltr' id='par_1_28' title="bbox 366 2425 2016 2507">
     <span class='ocr_line' id='line_1_28' title="bbox 366 2425 2016 2507; baseline -0.003 -16"><span class='ocrx_word' id='word_1_206' title='bbox 366 2436 600 2496; x_wconf 88' lang='grc' dir='ltr'>πίστεως</span> <span class='ocrx_word' id='word_1_207' title='bbox 653 2435 743 2490; x_wconf 85' lang='grc' dir='ltr'>καὶ</span> <span class='ocrx_word' id='word_1_208' title='bbox 805 2431 1132 2507; x_wconf 80' lang='grc' dir='ltr'>προθυμίας,</span> <span class='ocrx_word' id='word_1_209' title='bbox 1192 2431 1356 2505; x_wconf 65' lang='grc' dir='ltr'>ἀπῄει</span> <span class='ocrx_word' id='word_1_210' title='bbox 1415 2430 1643 2501; x_wconf 74' lang='grc' dir='ltr'>ἑκάστης</span> <span class='ocrx_word' id='word_1_211' title='bbox 1710 2425 2016 2505; x_wconf 76' lang='grc' dir='ltr'>ἑϐδομάδος</span> 
     </span>
    </p>
   </div>
   <div class='ocr_carea' id='block_1_29' title="bbox 359 2518 2015 2606">
    <p class='ocr_par' dir='ltr' id='par_1_29' title="bbox 359 2518 2015 2606">
     <span class='ocr_line' id='line_1_29' title="bbox 359 2518 2015 2606; baseline -0.006 -23"><span class='ocrx_word' id='word_1_212' title='bbox 359 2524 603 2606; x_wconf 67' lang='grc' dir='ltr'>ἔφιππος</span> <span class='ocrx_word' id='word_1_213' title='bbox 643 2522 732 2580; x_wconf 76' lang='grc' dir='ltr'>διὰ</span> <span class='ocrx_word' id='word_1_214' title='bbox 781 2524 881 2593; x_wconf 68' lang='grc' dir='ltr'>τῆς</span> <span class='ocrx_word' id='word_1_215' title='bbox 933 2522 1219 2598; x_wconf 79' lang='grc' dir='ltr'>λεωφόρου</span> <span class='ocrx_word' id='word_1_216' title='bbox 1276 2521 1363 2576; x_wconf 83' lang='grc' dir='ltr'>ἐπὶ</span> <span class='ocrx_word' id='word_1_217' title='bbox 1419 2522 1511 2576; x_wconf 85' lang='grc' dir='ltr'>τὸν</span> <span class='ocrx_word' id='word_1_218' title='bbox 1569 2518 1619 2574; x_wconf 74' lang='grc' dir='ltr'>ἓν</span> <span class='ocrx_word' id='word_1_219' title='bbox 1677 2519 2015 2596; x_wconf 77' lang='grc' dir='ltr'>Βλαχέρναις</span> 
     </span>
    </p>
   </div>
   <div class='ocr_carea' id='block_1_30' title="bbox 358 2608 2011 2688">
    <p class='ocr_par' dir='ltr' id='par_1_30' title="bbox 358 2608 2011 2688">
     <span class='ocr_line' id='line_1_30' title="bbox 358 2608 2011 2688; baseline -0.005 -15"><span class='ocrx_word' id='word_1_220' title='bbox 358 2624 466 2687; x_wconf 86' lang='grc' dir='ltr'>τῆς</span> <span class='ocrx_word' id='word_1_221' title='bbox 497 2616 846 2687; x_wconf 69' lang='grc' dir='ltr'>Θεομητορος</span> <span class='ocrx_word' id='word_1_222' title='bbox 875 2618 1016 2677; x_wconf 87' lang='grc' dir='ltr'>θεῖον</span> <span class='ocrx_word' id='word_1_223' title='bbox 1045 2611 1196 2677; x_wconf 87' lang='grc' dir='ltr'>ναὸν,</span> <span class='ocrx_word' id='word_1_224' title='bbox 1234 2610 1334 2666; x_wconf 83' lang='grc' dir='ltr'>ὑπὸ</span> <span class='ocrx_word' id='word_1_225' title='bbox 1377 2616 1485 2666; x_wconf 79' lang='grc' dir='ltr'>τῶν</span> <span class='ocrx_word' id='word_1_226' title='bbox 1539 2608 1858 2688; x_wconf 79' lang='grc' dir='ltr'>δορυφόρων</span> <span class='ocrx_word' id='word_1_227' title='bbox 1908 2629 2011 2664; x_wconf 81' lang='grc' dir='ltr'>πα·</span> 
     </span>
    </p>
   </div>
   <div class='ocr_carea' id='block_1_31' title="bbox 363 2694 2011 2783">
    <p class='ocr_par' dir='ltr' id='par_1_31' title="bbox 363 2694 2011 2783">
     <span class='ocr_line' id='line_1_31' title="bbox 363 2694 2011 2783; baseline -0.005 -22"><span class='ocrx_word' id='word_1_228' title='bbox 363 2704 812 2783; x_wconf 87' lang='grc' dir='ltr'>ραπεμπόμενος.</span> <span class='ocrx_word' id='word_1_229' title='bbox 884 2701 1082 2774; x_wconf 75' lang='grc' dir='ltr'>Ἀπῄει</span> <span class='ocrx_word' id='word_1_230' title='bbox 1135 2699 1194 2755; x_wconf 74' lang='grc' dir='ltr'>δὲ</span> <span class='ocrx_word' id='word_1_231' title='bbox 1241 2704 1370 2754; x_wconf 83' lang='grc' dir='ltr'>πᾶσι</span> <span class='ocrx_word' id='word_1_232' title='bbox 1424 2701 1545 2772; x_wconf 73' lang='grc' dir='ltr'>μὲν,</span> <span class='ocrx_word' id='word_1_233' title='bbox 1584 2694 2011 2775; x_wconf 71' lang='grc' dir='ltr'>προηγουμένως</span> 
     </span>
    </p>
   </div>
   <div class='ocr_carea' id='block_1_32' title="bbox 361 2785 2012 2868">
    <p class='ocr_par' dir='ltr' id='par_1_32' title="bbox 361 2785 2012 2868">
     <span class='ocr_line' id='line_1_32' title="bbox 361 2785 2012 2868; baseline -0.004 -17"><span class='ocrx_word' id='word_1_234' title='bbox 361 2794 421 2852; x_wconf 80' lang='grc' dir='ltr'>δὲ</span> <span class='ocrx_word' id='word_1_235' title='bbox 447 2800 564 2857; x_wconf 86' lang='grc' dir='ltr'>τοῖς</span> <span class='ocrx_word' id='word_1_236' title='bbox 597 2791 972 2866; x_wconf 75' lang='grc' dir='ltr'>ἀδικουμένοις</span> <span class='ocrx_word' id='word_1_237' title='bbox 1005 2787 1190 2852; x_wconf 78' lang='grc' dir='ltr'>διδοὺς</span> <span class='ocrx_word' id='word_1_238' title='bbox 1221 2789 1429 2861; x_wconf 69' lang='grc' dir='ltr'>ἑαυτὸν,</span> <span class='ocrx_word' id='word_1_239' title='bbox 1482 2789 1556 2850; x_wconf 84' lang='grc' dir='ltr'>ὡς</span> <span class='ocrx_word' id='word_1_240' title='bbox 1606 2789 1667 2842; x_wconf 81' lang='grc' dir='ltr'>ἅν</span> <span class='ocrx_word' id='word_1_241' title='bbox 1715 2785 1896 2868; x_wconf 82' lang='grc' dir='ltr'>ἔχοιεν</span> <span class='ocrx_word' id='word_1_242' title='bbox 1944 2789 2012 2844; x_wconf 78' lang='grc' dir='ltr'>τά</span> 
     </span>
    </p>
   </div>
   <div class='ocr_carea' id='block_1_33' title="bbox 359 2875 2010 2957">
    <p class='ocr_par' dir='ltr' id='par_1_33' title="bbox 359 2875 2010 2957">
     <span class='ocr_line' id='line_1_33' title="bbox 359 2875 2010 2957; baseline -0.005 -17"><span class='ocrx_word' id='word_1_243' title='bbox 359 2884 536 2940; x_wconf 76' lang='grc' dir='ltr'>αὐτῶν</span> <span class='ocrx_word' id='word_1_244' title='bbox 575 2878 938 2957; x_wconf 74' lang='grc' dir='ltr'>έκτραγφδεῖν</span> <span class='ocrx_word' id='word_1_245' title='bbox 995 2875 1313 2950; x_wconf 74' lang='grc' dir='ltr'>ἀδικήματα</span> <span class='ocrx_word' id='word_1_246' title='bbox 1365 2877 1455 2933; x_wconf 83' lang='grc' dir='ltr'>καὶ</span> <span class='ocrx_word' id='word_1_247' title='bbox 1513 2879 1589 2952; x_wconf 78' lang='grc' dir='ltr'>μὴ</span> <span class='ocrx_word' id='word_1_248' title='bbox 1649 2878 1796 2953; x_wconf 89' lang='grc' dir='ltr'>παρά</span> <span class='ocrx_word' id='word_1_249' title='bbox 1850 2881 2010 2933; x_wconf 81' lang='grc' dir='ltr'>τινῶν</span> 
     </span>
    </p>
   </div>
   <div class='ocr_carea' id='block_1_34' title="bbox 361 2966 2010 3047">
    <p class='ocr_par' dir='ltr' id='par_1_34' title="bbox 361 2966 2010 3047">
     <span class='ocr_line' id='line_1_34' title="bbox 361 2966 2010 3047; baseline -0.005 -16"><span class='ocrx_word' id='word_1_250' title='bbox 361 2973 670 3031; x_wconf 74' lang='grc' dir='ltr'>κωλύοιντο</span> <span class='ocrx_word' id='word_1_251' title='bbox 699 2971 902 3028; x_wconf 78' lang='grc' dir='ltr'>ἀδίκων</span> <span class='ocrx_word' id='word_1_252' title='bbox 949 2968 1319 3047; x_wconf 72' lang='grc' dir='ltr'>ὑφορωμένων</span> <span class='ocrx_word' id='word_1_253' title='bbox 1375 2970 1474 3038; x_wconf 65' lang='grc' dir='ltr'>τὴν</span> <span class='ocrx_word' id='word_1_254' title='bbox 1517 2966 1567 3038; x_wconf 82' lang='grc' dir='ltr'>ἐξ</span> <span class='ocrx_word' id='word_1_255' title='bbox 1615 2968 1782 3024; x_wconf 79' lang='grc' dir='ltr'>αὐτοῦ</span> <span class='ocrx_word' id='word_1_256' title='bbox 1828 2990 2010 3041; x_wconf 87' lang='grc' dir='ltr'>τιμω-</span> 
     </span>
    </p>
   </div>
   <div class='ocr_carea' id='block_1_35' title="bbox 360 3057 2011 3142">
    <p class='ocr_par' dir='ltr' id='par_1_35' title="bbox 360 3057 2011 3142">
     <span class='ocr_line' id='line_1_35' title="bbox 360 3057 2011 3142; baseline -0.004 -21"><span class='ocrx_word' id='word_1_257' title='bbox 360 3066 500 3142; x_wconf 84' lang='grc' dir='ltr'>ρίαν,</span> <span class='ocrx_word' id='word_1_258' title='bbox 528 3066 625 3120; x_wconf 82' lang='grc' dir='ltr'>εἶθ’</span> <span class='ocrx_word' id='word_1_259' title='bbox 654 3065 740 3118; x_wconf 86' lang='grc' dir='ltr'>ἳνα</span> <span class='ocrx_word' id='word_1_260' title='bbox 769 3063 860 3118; x_wconf 85' lang='grc' dir='ltr'>καὶ</span> <span class='ocrx_word' id='word_1_261' title='bbox 890 3061 1026 3117; x_wconf 88' lang='grc' dir='ltr'>κατά</span> <span class='ocrx_word' id='word_1_262' title='bbox 1069 3063 1168 3129; x_wconf 78' lang='grc' dir='ltr'>τὴν</span> <span class='ocrx_word' id='word_1_263' title='bbox 1223 3059 1426 3135; x_wconf 80' lang='grc' dir='ltr'>ἀγορὰν</span> <span class='ocrx_word' id='word_1_264' title='bbox 1476 3057 1834 3135; x_wconf 84' lang='grc' dir='ltr'>διερχόμενος</span> <span class='ocrx_word' id='word_1_265' title='bbox 1885 3061 2011 3114; x_wconf 88' lang='grc' dir='ltr'>θεα-</span> 
     </span>
    </p>
   </div>
   <div class='ocr_carea' id='block_1_36' title="bbox 353 3147 2010 3229">
    <p class='ocr_par' dir='ltr' id='par_1_36' title="bbox 353 3147 2010 3229">
     <span class='ocr_line' id='line_1_36' title="bbox 353 3147 2010 3229; baseline -0.004 -18"><span class='ocrx_word' id='word_1_266' title='bbox 353 3157 456 3224; x_wconf 75' lang='grc' dir='ltr'>τής</span> <span class='ocrx_word' id='word_1_267' title='bbox 503 3157 718 3229; x_wconf 86' lang='grc' dir='ltr'>γένοιτο</span> <span class='ocrx_word' id='word_1_268' title='bbox 778 3156 886 3208; x_wconf 83' lang='grc' dir='ltr'>τῶν</span> <span class='ocrx_word' id='word_1_269' title='bbox 943 3150 1144 3210; x_wconf 81' lang='grc' dir='ltr'>ὠνίων.</span> <span class='ocrx_word' id='word_1_270' title='bbox 1204 3150 1420 3224; x_wconf 82' lang='grc' dir='ltr'>Ἥρώτα</span> <span class='ocrx_word' id='word_1_271' title='bbox 1468 3151 1558 3204; x_wconf 83' lang='grc' dir='ltr'>οὗν</span> <span class='ocrx_word' id='word_1_272' title='bbox 1602 3150 1722 3225; x_wconf 80' lang='grc' dir='ltr'>περῖ</span> <span class='ocrx_word' id='word_1_273' title='bbox 1782 3147 2010 3205; x_wconf 70' lang='grc' dir='ltr'>ἑκάστου</span> 
     </span>
    </p>
   </div>
   <div class='ocr_carea' id='block_1_37' title="bbox 356 3235 2006 3318">
    <p class='ocr_par' dir='ltr' id='par_1_37' title="bbox 356 3235 2006 3318">
     <span class='ocr_line' id='line_1_37' title="bbox 356 3235 2006 3318; baseline -0.004 -18"><span class='ocrx_word' id='word_1_274' title='bbox 356 3251 458 3300; x_wconf 76' lang='grc' dir='ltr'>τῶν</span> <span class='ocrx_word' id='word_1_275' title='bbox 525 3241 1008 3318; x_wconf 70' lang='grc' dir='ltr'>πιπρασκομένων,</span> <span class='ocrx_word' id='word_1_276' title='bbox 1071 3238 1244 3295; x_wconf 90' lang='grc' dir='ltr'>πόσου</span> <span class='ocrx_word' id='word_1_277' title='bbox 1338 3238 1629 3309; x_wconf 86' lang='grc' dir='ltr'>πωλεῖται,</span> <span class='ocrx_word' id='word_1_278' title='bbox 1721 3235 2006 3315; x_wconf 85' lang='grc' dir='ltr'>γινόμενος</span> 
     </span>
    </p>
   </div>
   <div class='ocr_carea' id='block_1_38' title="bbox 356 3325 2002 3407">
    <p class='ocr_par' dir='ltr' id='par_1_38' title="bbox 356 3325 2002 3407">
     <span class='ocr_line' id='line_1_38' title="bbox 356 3325 2002 3407; baseline -0.004 -17"><span class='ocrx_word' id='word_1_279' title='bbox 356 3335 484 3390; x_wconf 83' lang='grc' dir='ltr'>κατά</span> <span class='ocrx_word' id='word_1_280' title='bbox 520 3336 620 3405; x_wconf 79' lang='grc' dir='ltr'>τὴν</span> <span class='ocrx_word' id='word_1_281' title='bbox 665 3333 886 3407; x_wconf 70' lang='grc' dir='ltr'>ἀγοράι.</span> <span class='ocrx_word' id='word_1_282' title='bbox 936 3333 1152 3406; x_wconf 71' lang='grc' dir='ltr'>ἸΙρώτα</span> <span class='ocrx_word' id='word_1_283' title='bbox 1203 3327 1262 3386; x_wconf 72' lang='grc' dir='ltr'>δὲ</span> <span class='ocrx_word' id='word_1_284' title='bbox 1310 3329 1372 3384; x_wconf 80' lang='grc' dir='ltr'>οὐ</span> <span class='ocrx_word' id='word_1_285' title='bbox 1430 3329 1735 3406; x_wconf 83' lang='grc' dir='ltr'>παρέργως,</span> <span class='ocrx_word' id='word_1_286' title='bbox 1799 3325 1912 3402; x_wconf 79' lang='grc' dir='ltr'>οὐδ’</span> <span class='ocrx_word' id='word_1_287' title='bbox 1951 3327 2002 3384; x_wconf 81' lang='grc' dir='ltr'>ἐν</span> 
     </span>
    </p>
   </div>
   <div class='ocr_carea' id='block_1_39' title="bbox 345 3419 2003 3494">
    <p class='ocr_par' dir='ltr' id='par_1_39' title="bbox 345 3419 2003 3494">
     <span class='ocr_line' id='line_1_39' title="bbox 345 3419 2003 3494; baseline -0.004 -15"><span class='ocrx_word' id='word_1_288' title='bbox 345 3422 424 3479; x_wconf 76' lang='grc' dir='ltr'>ἐνὶ</span> <span class='ocrx_word' id='word_1_289' title='bbox 455 3420 610 3491; x_wconf 70' lang='grc' dir='ltr'>εἴδει,</span> <span class='ocrx_word' id='word_1_290' title='bbox 644 3420 774 3478; x_wconf 87' lang='grc' dir='ltr'>ἀλλ’</span> <span class='ocrx_word' id='word_1_291' title='bbox 805 3421 892 3477; x_wconf 82' lang='grc' dir='ltr'>ἐπί</span> <span class='ocrx_word' id='word_1_292' title='bbox 934 3441 992 3476; x_wconf 89' lang='grc' dir='ltr'>τε</span> <span class='ocrx_word' id='word_1_293' title='bbox 1037 3424 1156 3483; x_wconf 87' lang='grc' dir='ltr'>τοῖς</span> <span class='ocrx_word' id='word_1_294' title='bbox 1216 3419 1454 3494; x_wconf 83' lang='grc' dir='ltr'>βρωτοῖς</span> <span class='ocrx_word' id='word_1_295' title='bbox 1517 3419 1604 3473; x_wconf 81' lang='grc' dir='ltr'>καὶ</span> <span class='ocrx_word' id='word_1_296' title='bbox 1654 3423 1770 3479; x_wconf 87' lang='grc' dir='ltr'>τοῖς</span> <span class='ocrx_word' id='word_1_297' title='bbox 1813 3423 2003 3481; x_wconf 83' lang='grc' dir='ltr'>ποτοῖς</span> 
     </span>
    </p>
   </div>
   <div class='ocr_carea' id='block_1_40' title="bbox 348 3506 2003 3587">
    <p class='ocr_par' dir='ltr' id='par_1_40' title="bbox 348 3506 2003 3587">
     <span class='ocr_line' id='line_1_40' title="bbox 348 3506 2003 3587; baseline -0.005 -17"><span class='ocrx_word' id='word_1_298' title='bbox 348 3515 439 3570; x_wconf 82' lang='grc' dir='ltr'>καὶ</span> <span class='ocrx_word' id='word_1_299' title='bbox 471 3517 585 3575; x_wconf 87' lang='grc' dir='ltr'>τοῖς</span> <span class='ocrx_word' id='word_1_300' title='bbox 611 3511 688 3575; x_wconf 83' lang='grc' dir='ltr'>είς</span> <span class='ocrx_word' id='word_1_301' title='bbox 735 3509 932 3585; x_wconf 81' lang='grc' dir='ltr'>θάλψιν</span> <span class='ocrx_word' id='word_1_302' title='bbox 983 3506 1322 3578; x_wconf 79' lang='grc' dir='ltr'>ἐπιτηδείοις</span> <span class='ocrx_word' id='word_1_303' title='bbox 1362 3507 1710 3587; x_wconf 68' lang='grc' dir='ltr'>ἀμφιάσμασι</span> <span class='ocrx_word' id='word_1_304' title='bbox 1760 3509 1850 3563; x_wconf 86' lang='grc' dir='ltr'>καὶ</span> <span class='ocrx_word' id='word_1_305' title='bbox 1897 3513 2003 3576; x_wconf 79' lang='grc' dir='ltr'>πᾶ-</span> 
     </span>
    </p>
   </div>
   <div class='ocr_carea' id='block_1_41' title="bbox 357 3598 2002 3674">
    <p class='ocr_par' dir='ltr' id='par_1_41' title="bbox 357 3598 2002 3674">
     <span class='ocr_line' id='line_1_41' title="bbox 357 3598 2002 3674; baseline -0.004 -16"><span class='ocrx_word' id='word_1_306' title='bbox 357 3624 443 3658; x_wconf 90' lang='grc' dir='ltr'>σιν</span> <span class='ocrx_word' id='word_1_307' title='bbox 474 3601 663 3662; x_wconf 84' lang='grc' dir='ltr'>ἀπλῶς</span> <span class='ocrx_word' id='word_1_308' title='bbox 693 3606 816 3664; x_wconf 87' lang='grc' dir='ltr'>τοῖς</span> <span class='ocrx_word' id='word_1_309' title='bbox 862 3600 999 3654; x_wconf 79' lang='grc' dir='ltr'>κατὰ</span> <span class='ocrx_word' id='word_1_310' title='bbox 1042 3600 1143 3668; x_wconf 84' lang='grc' dir='ltr'>τήν</span> <span class='ocrx_word' id='word_1_311' title='bbox 1202 3599 1400 3674; x_wconf 69' lang='grc' dir='ltr'>ἀγορὰν</span> <span class='ocrx_word' id='word_1_312' title='bbox 1444 3599 1850 3673; x_wconf 71' lang='grc' dir='ltr'>προκειμένοις.</span> <span class='ocrx_word' id='word_1_313' title='bbox 1899 3598 2002 3656; x_wconf 81' lang='grc' dir='ltr'>Καὶ</span> 
     </span>
    </p>
   </div>
   <div class='ocr_carea' id='block_1_42' title="bbox 352 3684 2004 3762">
    <p class='ocr_par' dir='ltr' id='par_1_42' title="bbox 352 3684 2004 3762">
     <span class='ocr_line' id='line_1_42' title="bbox 352 3684 2004 3762; baseline -0.002 -14"><span class='ocrx_word' id='word_1_314' title='bbox 352 3691 442 3748; x_wconf 70' lang='grc' dir='ltr'>διὰ</span> <span class='ocrx_word' id='word_1_315' title='bbox 472 3694 682 3747; x_wconf 77' lang='grc' dir='ltr'>πάντων</span> <span class='ocrx_word' id='word_1_316' title='bbox 714 3688 933 3758; x_wconf 74' lang='grc' dir='ltr'>πολλὴν</span> <span class='ocrx_word' id='word_1_317' title='bbox 994 3684 1336 3743; x_wconf 82' lang='grc' dir='ltr'>ἐπεδείκνυτο</span> <span class='ocrx_word' id='word_1_318' title='bbox 1389 3684 1631 3756; x_wconf 77' lang='grc' dir='ltr'>σπουδὴν</span> <span class='ocrx_word' id='word_1_319' title='bbox 1679 3687 1768 3743; x_wconf 79' lang='grc' dir='ltr'>καὶ</span> <span class='ocrx_word' id='word_1_320' title='bbox 1819 3686 2004 3762; x_wconf 75' lang='grc' dir='ltr'>έπιμέρ</span> 
     </span>
    </p>
   </div>
   <div class='ocr_carea' id='block_1_43' title="bbox 352 3773 2000 3857">
    <p class='ocr_par' dir='ltr' id='par_1_43' title="bbox 352 3773 2000 3857">
     <span class='ocr_line' id='line_1_43' title="bbox 352 3773 2000 3857; baseline -0.002 -19"><span class='ocrx_word' id='word_1_321' title='bbox 352 3783 506 3840; x_wconf 80' lang='grc' dir='ltr'>λειαν</span> <span class='ocrx_word' id='word_1_322' title='bbox 535 3780 763 3857; x_wconf 84' lang='grc' dir='ltr'>πρὸςτᾶ</span> <span class='ocrx_word' id='word_1_323' title='bbox 791 3773 969 3846; x_wconf 81' lang='grc' dir='ltr'>κοινὰ,</span> <span class='ocrx_word' id='word_1_324' title='bbox 1004 3781 1092 3832; x_wconf 78' lang='grc' dir='ltr'>νῦν</span> <span class='ocrx_word' id='word_1_325' title='bbox 1145 3777 1242 3849; x_wconf 74' lang='grc' dir='ltr'>μὲν</span> <span class='ocrx_word' id='word_1_326' title='bbox 1292 3776 1342 3832; x_wconf 81' lang='grc' dir='ltr'>έν</span> <span class='ocrx_word' id='word_1_327' title='bbox 1394 3779 1722 3852; x_wconf 81' lang='grc' dir='ltr'>κριτηρίοις,</span> <span class='ocrx_word' id='word_1_328' title='bbox 1775 3782 1866 3831; x_wconf 81' lang='grc' dir='ltr'>νῦν</span> <span class='ocrx_word' id='word_1_329' title='bbox 1923 3776 2000 3848; x_wconf 75' lang='grc' dir='ltr'>δὲ,</span> 
     </span>
    </p>
   </div>
   <div class='ocr_carea' id='block_1_44' title="bbox 350 3863 2002 3946">
    <p class='ocr_par' dir='ltr' id='par_1_44' title="bbox 350 3863 2002 3946">
     <span class='ocr_line' id='line_1_44' title="bbox 350 3863 2002 3946; baseline -0.004 -18"><span class='ocrx_word' id='word_1_330' title='bbox 350 3875 424 3936; x_wconf 79' lang='grc' dir='ltr'>ὡς</span> <span class='ocrx_word' id='word_1_331' title='bbox 458 3870 692 3946; x_wconf 76' lang='grc' dir='ltr'>εἷ’ρηται,</span> <span class='ocrx_word' id='word_1_332' title='bbox 726 3871 862 3925; x_wconf 85' lang='grc' dir='ltr'>κατά</span> <span class='ocrx_word' id='word_1_333' title='bbox 909 3867 1006 3932; x_wconf 77' lang='grc' dir='ltr'>τὰς</span> <span class='ocrx_word' id='word_1_334' title='bbox 1053 3865 1324 3942; x_wconf 81' lang='grc' dir='ltr'>προόδους</span> <span class='ocrx_word' id='word_1_335' title='bbox 1366 3873 1468 3936; x_wconf 82' lang='grc' dir='ltr'>τῆς</span> <span class='ocrx_word' id='word_1_336' title='bbox 1514 3863 1844 3941; x_wconf 71' lang='grc' dir='ltr'>ἑϐδομάδος.</span> <span class='ocrx_word' id='word_1_337' title='bbox 1903 3868 2002 3922; x_wconf 79' lang='grc' dir='ltr'>Καί</span> 
     </span>
    </p>
   </div>
   <div class='ocr_carea' id='block_1_45' title="bbox 351 3955 2000 4034">
    <p class='ocr_par' dir='ltr' id='par_1_45' title="bbox 351 3955 2000 4034">
     <span class='ocr_line' id='line_1_45' title="bbox 351 3955 2000 4034; baseline -0.004 -15"><span class='ocrx_word' id='word_1_338' title='bbox 351 3983 486 4018; x_wconf 78' lang='grc' dir='ltr'>ποτε</span> <span class='ocrx_word' id='word_1_339' title='bbox 517 3959 573 4016; x_wconf 75' lang='grc' dir='ltr'>δὲ</span> <span class='ocrx_word' id='word_1_340' title='bbox 606 3961 694 4016; x_wconf 85' lang='grc' dir='ltr'>καὶ</span> <span class='ocrx_word' id='word_1_341' title='bbox 745 3957 1101 4034; x_wconf 82' lang='grc' dir='ltr'>ψυχαγωγίας</span> <span class='ocrx_word' id='word_1_342' title='bbox 1149 3955 1310 4032; x_wconf 77' lang='grc' dir='ltr'>χάριν</span> <span class='ocrx_word' id='word_1_343' title='bbox 1361 3957 1686 4031; x_wconf 64' lang='grc' dir='ltr'>προκόπτων</span> <span class='ocrx_word' id='word_1_344' title='bbox 1736 3956 1843 4011; x_wconf 87' lang='grc' dir='ltr'>ἀπὸ</span> <span class='ocrx_word' id='word_1_345' title='bbox 1889 3961 2000 4012; x_wconf 82' lang='grc' dir='ltr'>τῶν</span> 
     </span>
    </p>
   </div>
   <div class='ocr_carea' id='block_1_46' title="bbox 348 4043 2001 4127">
    <p class='ocr_par' dir='ltr' id='par_1_46' title="bbox 348 4043 2001 4127">
     <span class='ocr_line' id='line_1_46' title="bbox 348 4043 2001 4127; baseline -0.003 -20"><span class='ocrx_word' id='word_1_346' title='bbox 348 4053 486 4127; x_wconf 88' lang='grc' dir='ltr'>πρὸς</span> <span class='ocrx_word' id='word_1_347' title='bbox 544 4048 815 4114; x_wconf 86' lang='grc' dir='ltr'>θάλασσαν</span> <span class='ocrx_word' id='word_1_348' title='bbox 868 4051 964 4102; x_wconf 80' lang='grc' dir='ltr'>τοῦ</span> <span class='ocrx_word' id='word_1_349' title='bbox 1011 4043 1283 4102; x_wconf 87' lang='grc' dir='ltr'>παλατίου</span> <span class='ocrx_word' id='word_1_350' title='bbox 1330 4050 1532 4121; x_wconf 79' lang='grc' dir='ltr'>τειχῶν</span> <span class='ocrx_word' id='word_1_351' title='bbox 1583 4045 1835 4102; x_wconf 85' lang='grc' dir='ltr'>ἐθεάσατο</span> <span class='ocrx_word' id='word_1_352' title='bbox 1875 4051 2001 4102; x_wconf 79' lang='grc' dir='ltr'>ναῦν</span> 
     </span>
    </p>
   </div>
   <div class='ocr_carea' id='block_1_47' title="bbox 347 4132 1999 4214">
    <p class='ocr_par' dir='ltr' id='par_1_47' title="bbox 347 4132 1999 4214">
     <span class='ocr_line' id='line_1_47' title="bbox 347 4132 1999 4214; baseline -0.004 -17"><span class='ocrx_word' id='word_1_353' title='bbox 347 4142 474 4197; x_wconf 73' lang='grc' dir='ltr'>τινὰ</span> <span class='ocrx_word' id='word_1_354' title='bbox 507 4137 843 4214; x_wconf 82' lang='grc' dir='ltr'>μυριοφὸρον</span> <span class='ocrx_word' id='word_1_355' title='bbox 872 4135 923 4206; x_wconf 79' lang='grc' dir='ltr'>ἐξ</span> <span class='ocrx_word' id='word_1_356' title='bbox 974 4135 1165 4210; x_wconf 78' lang='grc' dir='ltr'>οὐρίας</span> <span class='ocrx_word' id='word_1_357' title='bbox 1215 4132 1483 4189; x_wconf 79' lang='grc' dir='ltr'>πλέουσαν</span> <span class='ocrx_word' id='word_1_358' title='bbox 1530 4133 1999 4208; x_wconf 80' lang='grc' dir='ltr'>ἀναπεπταμένοις</span> 
     </span>
    </p>
   </div>
   <div class='ocr_carea' id='block_1_48' title="bbox 350 4219 2001 4302">
    <p class='ocr_par' dir='ltr' id='par_1_48' title="bbox 350 4219 2001 4302">
     <span class='ocr_line' id='line_1_48' title="bbox 350 4219 2001 4302; baseline -0.003 -17"><span class='ocrx_word' id='word_1_359' title='bbox 350 4228 420 4298; x_wconf 78' lang='grc' dir='ltr'>δὴ</span> <span class='ocrx_word' id='word_1_360' title='bbox 452 4234 569 4291; x_wconf 90' lang='grc' dir='ltr'>τοῖς</span> <span class='ocrx_word' id='word_1_361' title='bbox 603 4225 824 4294; x_wconf 85' lang='grc' dir='ltr'>ἱστίοις,</span> <span class='ocrx_word' id='word_1_362' title='bbox 859 4225 1070 4300; x_wconf 76' lang='grc' dir='ltr'>μεγέθει</span> <span class='ocrx_word' id='word_1_363' title='bbox 1117 4245 1178 4278; x_wconf 86' lang='grc' dir='ltr'>τε</span> <span class='ocrx_word' id='word_1_364' title='bbox 1228 4219 1637 4298; x_wconf 77' lang='grc' dir='ltr'>ἀνυπέρϐλητον</span> <span class='ocrx_word' id='word_1_365' title='bbox 1685 4224 1775 4279; x_wconf 83' lang='grc' dir='ltr'>καὶ</span> <span class='ocrx_word' id='word_1_366' title='bbox 1832 4225 2001 4302; x_wconf 83' lang='grc' dir='ltr'>ἀπαρ-</span> 
     </span>
    </p>
   </div>
   <div class='ocr_carea' id='block_1_49' title="bbox 347 4309 2001 4392">
    <p class='ocr_par' dir='ltr' id='par_1_49' title="bbox 347 4309 2001 4392">
     <span class='ocr_line' id='line_1_49' title="bbox 347 4309 2001 4392; baseline -0.007 -17"><span class='ocrx_word' id='word_1_367' title='bbox 347 4317 592 4392; x_wconf 82' lang='grc' dir='ltr'>άμιλλον</span> <span class='ocrx_word' id='word_1_368' title='bbox 641 4315 860 4372; x_wconf 84' lang='grc' dir='ltr'>κάλλει·</span> <span class='ocrx_word' id='word_1_369' title='bbox 919 4312 988 4384; x_wconf 72' lang='grc' dir='ltr'>ἤν</span> <span class='ocrx_word' id='word_1_370' title='bbox 1047 4315 1372 4387; x_wconf 73' lang='grc' dir='ltr'>θεασάμενος</span> <span class='ocrx_word' id='word_1_371' title='bbox 1433 4313 1508 4376; x_wconf 77' lang='grc' dir='ltr'>εἰς</span> <span class='ocrx_word' id='word_1_372' title='bbox 1568 4309 1779 4388; x_wconf 74' lang='grc' dir='ltr'>θάμϐος</span> <span class='ocrx_word' id='word_1_373' title='bbox 1833 4314 2001 4371; x_wconf 68' lang='grc' dir='ltr'>ἐνέπι.</span> 
     </span>
    </p>
   </div>
   <div class='ocr_carea' id='block_1_50' title="bbox 346 4401 1998 4482">
    <p class='ocr_par' dir='ltr' id='par_1_50' title="bbox 346 4401 1998 4482">
     <span class='ocr_line' id='line_1_50' title="bbox 346 4401 1998 4482; baseline -0.002 -18"><span class='ocrx_word' id='word_1_374' title='bbox 346 4431 497 4465; x_wconf 85' lang='grc' dir='ltr'>πτεν.</span> <span class='ocrx_word' id='word_1_375' title='bbox 532 4408 746 4482; x_wconf 84' lang='grc' dir='ltr'>Ἥρώτα</span> <span class='ocrx_word' id='word_1_376' title='bbox 779 4403 826 4460; x_wconf 85' lang='grc' dir='ltr'>δ’</span> <span class='ocrx_word' id='word_1_377' title='bbox 861 4403 1014 4478; x_wconf 80' lang='grc' dir='ltr'>ὅμως</span> <span class='ocrx_word' id='word_1_378' title='bbox 1064 4403 1212 4464; x_wconf 90' lang='grc' dir='ltr'>τίνος</span> <span class='ocrx_word' id='word_1_379' title='bbox 1259 4423 1319 4458; x_wconf 92' lang='grc' dir='ltr'>τε</span> <span class='ocrx_word' id='word_1_380' title='bbox 1348 4404 1382 4472; x_wconf 79' lang='grc' dir='ltr'><strong>ἡ</strong></span> <span class='ocrx_word' id='word_1_381' title='bbox 1417 4401 1584 4464; x_wconf 75' lang='grc' dir='ltr'>ὁλκὰς</span> <span class='ocrx_word' id='word_1_382' title='bbox 1635 4402 1718 4474; x_wconf 69' lang='grc' dir='ltr'>εἴη</span> <span class='ocrx_word' id='word_1_383' title='bbox 1767 4407 1858 4459; x_wconf 86' lang='grc' dir='ltr'>καὶ</span> <span class='ocrx_word' id='word_1_384' title='bbox 1889 4407 1918 4460; x_wconf 81' lang='grc' dir='ltr'>ὅ</span> <span class='ocrx_word' id='word_1_385' title='bbox 1946 4427 1998 4461; x_wconf 88' lang='grc' dir='ltr'>τι</span> 
     </span>
    </p>
   </div>
   <div class='ocr_carea' id='block_1_51' title="bbox 348 4489 2000 4575">
    <p class='ocr_par' dir='ltr' id='par_1_51' title="bbox 348 4489 2000 4575">
     <span class='ocr_line' id='line_1_51' title="bbox 348 4489 2000 4575; baseline -0.01 -21"><span class='ocrx_word' id='word_1_386' title='bbox 348 4499 502 4575; x_wconf 72' lang='grc' dir='ltr'>φέροι</span> <span class='ocrx_word' id='word_1_387' title='bbox 522 4501 630 4552; x_wconf 79' lang='grc' dir='ltr'>τῶν</span> <span class='ocrx_word' id='word_1_388' title='bbox 655 4493 976 4570; x_wconf 71' lang='grc' dir='ltr'>ἀγωγίμων.</span> <span class='ocrx_word' id='word_1_389' title='bbox 1000 4494 1087 4555; x_wconf 84' lang='grc' dir='ltr'>Ὠς</span> <span class='ocrx_word' id='word_1_390' title='bbox 1107 4489 1166 4547; x_wconf 69' lang='grc' dir='ltr'>δὲ</span> <span class='ocrx_word' id='word_1_391' title='bbox 1185 4498 1287 4561; x_wconf 77' lang='grc' dir='ltr'>τῆς</span> <span class='ocrx_word' id='word_1_392' title='bbox 1320 4492 1637 4565; x_wconf 80' lang='grc' dir='ltr'>Αὐγούστης</span> <span class='ocrx_word' id='word_1_393' title='bbox 1660 4495 1798 4548; x_wconf 80' lang='grc' dir='ltr'>εἶναι</span> <span class='ocrx_word' id='word_1_394' title='bbox 1829 4493 2000 4566; x_wconf 71' lang='grc' dir='ltr'>ἐμάν-</span> 
     </span>
    </p>
   </div>
   <div class='ocr_carea' id='block_1_52' title="bbox 348 4581 2000 4660">
    <p class='ocr_par' dir='ltr' id='par_1_52' title="bbox 348 4581 2000 4660">
     <span class='ocr_line' id='line_1_52' title="bbox 348 4581 2000 4660; baseline -0.002 -18"><span class='ocrx_word' id='word_1_395' title='bbox 348 4591 493 4657; x_wconf 86' lang='grc' dir='ltr'>θανε,</span> <span class='ocrx_word' id='word_1_396' title='bbox 527 4586 652 4642; x_wconf 87' lang='grc' dir='ltr'>τότε</span> <span class='ocrx_word' id='word_1_397' title='bbox 683 4585 780 4658; x_wconf 73' lang='grc' dir='ltr'>μὲν</span> <span class='ocrx_word' id='word_1_398' title='bbox 819 4582 1133 4660; x_wconf 75' lang='grc' dir='ltr'>ἐφησύχασε</span> <span class='ocrx_word' id='word_1_399' title='bbox 1162 4581 1252 4636; x_wconf 71' lang='grc' dir='ltr'>καὶ</span> <span class='ocrx_word' id='word_1_400' title='bbox 1300 4581 1624 4657; x_wconf 82' lang='grc' dir='ltr'>παρέπεμψε</span> <span class='ocrx_word' id='word_1_401' title='bbox 1670 4583 1762 4638; x_wconf 54' lang='lat' dir='ltr'>tino</span> <span class='ocrx_word' id='word_1_402' title='bbox 1811 4585 2000 4659; x_wconf 84' lang='grc' dir='ltr'>καιρὸν</span> 
     </span>
    </p>
   </div>
   <div class='ocr_carea' id='block_1_53' title="bbox 349 4670 1994 4752">
    <p class='ocr_par' dir='ltr' id='par_1_53' title="bbox 349 4670 1994 4752">
     <span class='ocr_line' id='line_1_53' title="bbox 349 4670 1994 4752; baseline -0.001 -20"><span class='ocrx_word' id='word_1_403' title='bbox 349 4676 481 4752; x_wconf 79' lang='grc' dir='ltr'>ἄχρι</span> <span class='ocrx_word' id='word_1_404' title='bbox 511 4675 604 4732; x_wconf 86' lang='grc' dir='ltr'>καὶ</span> <span class='ocrx_word' id='word_1_405' title='bbox 633 4677 699 4744; x_wconf 78' lang='grc' dir='ltr'>ἧς</span> <span class='ocrx_word' id='word_1_406' title='bbox 727 4672 912 4728; x_wconf 76' lang='grc' dir='ltr'>ε’ἰωθεν</span> <span class='ocrx_word' id='word_1_407' title='bbox 945 4673 1160 4745; x_wconf 78' lang='grc' dir='ltr'>ἡμέρας</span> <span class='ocrx_word' id='word_1_408' title='bbox 1192 4670 1407 4725; x_wconf 87' lang='grc' dir='ltr'>ἀπιέναι</span> <span class='ocrx_word' id='word_1_409' title='bbox 1439 4672 1574 4746; x_wconf 89' lang='grc' dir='ltr'>πρὸς</span> <span class='ocrx_word' id='word_1_410' title='bbox 1622 4672 1716 4726; x_wconf 85' lang='grc' dir='ltr'>τὸν</span> <span class='ocrx_word' id='word_1_411' title='bbox 1766 4671 1818 4727; x_wconf 82' lang='grc' dir='ltr'>ἐν</span> <span class='ocrx_word' id='word_1_412' title='bbox 1853 4673 1994 4730; x_wconf 84' lang='grc' dir='ltr'>Βλα-</span> 
     </span>
    </p>
   </div>
   <div class='ocr_carea' id='block_1_54' title="bbox 2184 1177 3764 1256">
    <p class='ocr_par' dir='ltr' id='par_1_54' title="bbox 2184 1177 3764 1256">
     <span class='ocr_line' id='line_1_54' title="bbox 2184 1177 3764 1256; baseline 0.006 -24"><span class='ocrx_word' id='word_1_413' title='bbox 2184 1177 2319 1235; x_wconf 72' lang='lat' dir='ltr'>Haac</span> <span class='ocrx_word' id='word_1_414' title='bbox 2349 1181 2655 1254; x_wconf 82' lang='lat' dir='ltr'>Theophili</span> <span class='ocrx_word' id='word_1_415' title='bbox 2687 1184 3000 1256; x_wconf 87' lang='lat' dir='ltr'>principia-</span> <span class='ocrx_word' id='word_1_416' title='bbox 3032 1186 3170 1250; x_wconf 65' lang='lat' dir='ltr'>Quae</span> <span class='ocrx_word' id='word_1_417' title='bbox 3201 1191 3404 1241; x_wconf 81' lang='lat' dir='ltr'>secuta</span> <span class='ocrx_word' id='word_1_418' title='bbox 3443 1191 3582 1242; x_wconf 89' lang='lat' dir='ltr'>sunt</span> <span class='ocrx_word' id='word_1_419' title='bbox 3631 1187 3764 1242; x_wconf 89' lang='lat' dir='ltr'>lau-</span> 
     </span>
    </p>
   </div>
   <div class='ocr_carea' id='block_1_55' title="bbox 2116 1265 3759 1346">
    <p class='ocr_par' dir='ltr' id='par_1_55' title="bbox 2116 1265 3759 1346">
     <span class='ocr_line' id='line_1_55' title="bbox 2116 1265 3759 1346; baseline 0.008 -26"><span class='ocrx_word' id='word_1_420' title='bbox 2116 1265 2250 1322; x_wconf 90' lang='lat' dir='ltr'>dem</span> <span class='ocrx_word' id='word_1_421' title='bbox 2281 1284 2396 1324; x_wconf 89' lang='lat' dir='ltr'>non</span> <span class='ocrx_word' id='word_1_422' title='bbox 2424 1278 2748 1328; x_wconf 83' lang='lat' dir='ltr'>merentur.</span> <span class='ocrx_word' id='word_1_423' title='bbox 2775 1275 3233 1346; x_wconf 89' lang='lat' dir='ltr'>Sanejustitiam</span> <span class='ocrx_word' id='word_1_424' title='bbox 3257 1275 3460 1330; x_wconf 89' lang='lat' dir='ltr'>colens</span> <span class='ocrx_word' id='word_1_425' title='bbox 3481 1275 3759 1332; x_wconf 85' lang='lat' dir='ltr'>omnibus</span> 
     </span>
    </p>
   </div>
   <div class='ocr_carea' id='block_1_56' title="bbox 2116 1358 3759 1438">
    <p class='ocr_par' dir='ltr' id='par_1_56' title="bbox 2116 1358 3759 1438">
     <span class='ocr_line' id='line_1_56' title="bbox 2116 1358 3759 1438; baseline 0.005 -25"><span class='ocrx_word' id='word_1_426' title='bbox 2116 1358 2291 1414; x_wconf 88' lang='lat' dir='ltr'>malis</span> <span class='ocrx_word' id='word_1_427' title='bbox 2322 1362 2505 1417; x_wconf 91' lang='lat' dir='ltr'>metui</span> <span class='ocrx_word' id='word_1_428' title='bbox 2532 1362 2822 1436; x_wconf 88' lang='lat' dir='ltr'>bonisque</span> <span class='ocrx_word' id='word_1_429' title='bbox 2854 1366 3232 1422; x_wconf 81' lang='lat' dir='ltr'>admirationi</span> <span class='ocrx_word' id='word_1_430' title='bbox 3267 1372 3429 1432; x_wconf 89' lang='lat' dir='ltr'>erat;</span> <span class='ocrx_word' id='word_1_431' title='bbox 3464 1367 3575 1434; x_wconf 85' lang='lat' dir='ltr'>his,</span> <span class='ocrx_word' id='word_1_432' title='bbox 3600 1367 3759 1438; x_wconf 90' lang='lat' dir='ltr'>quod</span> 
     </span>
    </p>
   </div>
   <div class='ocr_carea' id='block_1_57' title="bbox 2117 1449 3764 1528">
    <p class='ocr_par' dir='ltr' id='par_1_57' title="bbox 2117 1449 3764 1528">
     <span class='ocr_line' id='line_1_57' title="bbox 2117 1449 3764 1528; baseline 0.005 -25"><span class='ocrx_word' id='word_1_433' title='bbox 2117 1464 2252 1504; x_wconf 91' lang='lat' dir='ltr'>eum</span> <span class='ocrx_word' id='word_1_434' title='bbox 2283 1449 2508 1507; x_wconf 88' lang='lat' dir='ltr'>bonum</span> <span class='ocrx_word' id='word_1_435' title='bbox 2539 1469 2607 1508; x_wconf 89' lang='lat' dir='ltr'>ac</span> <span class='ocrx_word' id='word_1_436' title='bbox 2628 1453 2798 1510; x_wconf 90' lang='lat' dir='ltr'>malis</span> <span class='ocrx_word' id='word_1_437' title='bbox 2822 1455 3106 1511; x_wconf 84' lang='lat' dir='ltr'>infestum</span> <span class='ocrx_word' id='word_1_438' title='bbox 3131 1475 3144 1522; x_wconf 90' lang='lat'><strong>;</strong></span> <span class='ocrx_word' id='word_1_439' title='bbox 3178 1456 3320 1524; x_wconf 89' lang='lat' dir='ltr'>illis,</span> <span class='ocrx_word' id='word_1_440' title='bbox 3349 1456 3506 1527; x_wconf 90' lang='lat' dir='ltr'>quod</span> <span class='ocrx_word' id='word_1_441' title='bbox 3530 1473 3764 1528; x_wconf 79' lang='lat' dir='ltr'>gravem</span> 
     </span>
    </p>
   </div>
   <div class='ocr_carea' id='block_1_58' title="bbox 2117 1543 3764 1618">
    <p class='ocr_par' dir='ltr' id='par_1_58' title="bbox 2117 1543 3764 1618">
     <span class='ocr_line' id='line_1_58' title="bbox 2117 1543 3764 1618; baseline 0.005 -25"><span class='ocrx_word' id='word_1_442' title='bbox 2117 1544 2542 1613; x_wconf 88' lang='lat' dir='ltr'>austerumque</span> <span class='ocrx_word' id='word_1_443' title='bbox 2563 1543 2926 1614; x_wconf 90' lang='lat' dir='ltr'>judicarent.</span> <span class='ocrx_word' id='word_1_444' title='bbox 2962 1546 3074 1602; x_wconf 92' lang='lat' dir='ltr'>Sed</span> <span class='ocrx_word' id='word_1_445' title='bbox 3104 1563 3224 1602; x_wconf 90' lang='lat' dir='ltr'>non</span> <span class='ocrx_word' id='word_1_446' title='bbox 3255 1547 3448 1618; x_wconf 88' lang='lat' dir='ltr'>potuit</span> <span class='ocrx_word' id='word_1_447' title='bbox 3487 1545 3764 1601; x_wconf 86' lang='lat' dir='ltr'>omnibus</span> 
     </span>
    </p>
   </div>
   <div class='ocr_carea' id='block_1_59' title="bbox 2118 1631 3767 1708">
    <p class='ocr_par' dir='ltr' id='par_1_59' title="bbox 2118 1631 3767 1708">
     <span class='ocr_line' id='line_1_59' title="bbox 2118 1631 3767 1708; baseline 0.002 -24"><span class='ocrx_word' id='word_1_448' title='bbox 2118 1645 2319 1685; x_wconf 83' lang='lat' dir='ltr'>carere</span> <span class='ocrx_word' id='word_1_449' title='bbox 2349 1631 2530 1688; x_wconf 88' lang='lat' dir='ltr'>vitiis.</span> <span class='ocrx_word' id='word_1_450' title='bbox 2571 1634 2716 1689; x_wconf 85' lang='lat' dir='ltr'>Nam</span> <span class='ocrx_word' id='word_1_451' title='bbox 2769 1635 3003 1690; x_wconf 79' lang='lat' dir='ltr'>tametsi</span> <span class='ocrx_word' id='word_1_452' title='bbox 3052 1652 3250 1691; x_wconf 85' lang='lat' dir='ltr'>veram</span> <span class='ocrx_word' id='word_1_453' title='bbox 3309 1635 3767 1708; x_wconf 88' lang='lat' dir='ltr'>amplecteretur</span> 
     </span>
    </p>
   </div>
   <div class='ocr_carea' id='block_1_60' title="bbox 2118 1719 3764 1796">
    <p class='ocr_par' dir='ltr' id='par_1_60' title="bbox 2118 1719 3764 1796">
     <span class='ocr_line' id='line_1_60' title="bbox 2118 1719 3764 1796; baseline 0.004 -24"><span class='ocrx_word' id='word_1_454' title='bbox 2118 1719 2488 1792; x_wconf 86' lang='lat' dir='ltr'>religionem,</span> <span class='ocrx_word' id='word_1_455' title='bbox 2522 1723 2710 1796; x_wconf 88' lang='lat' dir='ltr'>magis</span> <span class='ocrx_word' id='word_1_456' title='bbox 2743 1729 2940 1780; x_wconf 86' lang='lat' dir='ltr'>tamen</span> <span class='ocrx_word' id='word_1_457' title='bbox 2971 1741 3006 1780; x_wconf 90' lang='lat' dir='ltr'>a</span> <span class='ocrx_word' id='word_1_458' title='bbox 3035 1731 3203 1796; x_wconf 86' lang='lat' dir='ltr'>patre</span> <span class='ocrx_word' id='word_1_459' title='bbox 3241 1725 3315 1781; x_wconf 91' lang='lat' dir='ltr'>ad</span> <span class='ocrx_word' id='word_1_460' title='bbox 3364 1742 3425 1780; x_wconf 88' lang='lat' dir='ltr'>se</span> <span class='ocrx_word' id='word_1_461' title='bbox 3475 1725 3764 1780; x_wconf 62' lang='lat' dir='ltr'>devoluta:</span> 
     </span>
    </p>
   </div>
   <div class='ocr_carea' id='block_1_61' title="bbox 2119 1809 3764 1885">
    <p class='ocr_par' dir='ltr' id='par_1_61' title="bbox 2119 1809 3764 1885">
     <span class='ocr_line' id='line_1_61' title="bbox 2119 1809 3764 1885; baseline 0.002 -21"><span class='ocrx_word' id='word_1_462' title='bbox 2119 1809 2369 1882; x_wconf 64' lang='lat' dir='ltr'>impurus</span> <span class='ocrx_word' id='word_1_463' title='bbox 2429 1811 2999 1885; x_wconf 87' lang='lat' dir='ltr'>imaginiperdarum</span> <span class='ocrx_word' id='word_1_464' title='bbox 3049 1815 3262 1870; x_wconf 70' lang='lat' dir='ltr'>haaresi</span> <span class='ocrx_word' id='word_1_465' title='bbox 3319 1815 3555 1870; x_wconf 89' lang='lat' dir='ltr'>deditus</span> <span class='ocrx_word' id='word_1_466' title='bbox 3613 1819 3764 1882; x_wconf 88' lang='lat' dir='ltr'>erat,</span> 
     </span>
    </p>
   </div>
   <div class='ocr_carea' id='block_1_62' title="bbox 2119 1899 3767 1975">
    <p class='ocr_par' dir='ltr' id='par_1_62' title="bbox 2119 1899 3767 1975">
     <span class='ocr_line' id='line_1_62' title="bbox 2119 1899 3767 1975; baseline 0.004 -23"><span class='ocrx_word' id='word_1_467' title='bbox 2119 1899 2368 1970; x_wconf 91' lang='lat' dir='ltr'>piosque</span> <span class='ocrx_word' id='word_1_468' title='bbox 2400 1902 2562 1955; x_wconf 89' lang='lat' dir='ltr'>omni</span> <span class='ocrx_word' id='word_1_469' title='bbox 2594 1903 2683 1957; x_wconf 92' lang='lat' dir='ltr'>sui</span> <span class='ocrx_word' id='word_1_470' title='bbox 2716 1903 2949 1974; x_wconf 89' lang='lat' dir='ltr'>imperii</span> <span class='ocrx_word' id='word_1_471' title='bbox 2981 1910 3248 1975; x_wconf 88' lang='lat' dir='ltr'>tempore</span> <span class='ocrx_word' id='word_1_472' title='bbox 3289 1904 3555 1959; x_wconf 86' lang='lat' dir='ltr'>exercuit</span> <span class='ocrx_word' id='word_1_473' title='bbox 3583 1903 3767 1958; x_wconf 83' lang='lat' dir='ltr'>male-</span> 
     </span>
    </p>
   </div>
   <div class='ocr_carea' id='block_1_63' title="bbox 2121 1987 3767 2064">
    <p class='ocr_par' dir='ltr' id='par_1_63' title="bbox 2121 1987 3767 2064">
     <span class='ocr_line' id='line_1_63' title="bbox 2121 1987 3767 2064; baseline 0.004 -22"><span class='ocrx_word' id='word_1_474' title='bbox 2121 1987 2296 2057; x_wconf 81' lang='lat' dir='ltr'>ﬁelis,</span> <span class='ocrx_word' id='word_1_475' title='bbox 2337 1989 2565 2045; x_wconf 86' lang='lat' dir='ltr'>nullam</span> <span class='ocrx_word' id='word_1_476' title='bbox 2597 1991 2668 2046; x_wconf 91' lang='lat' dir='ltr'>iis</span> <span class='ocrx_word' id='word_1_477' title='bbox 2699 1993 2960 2063; x_wconf 84' lang='lat' dir='ltr'>quietem</span> <span class='ocrx_word' id='word_1_478' title='bbox 2990 1995 3361 2064; x_wconf 87' lang='lat' dir='ltr'>permittens.</span> <span class='ocrx_word' id='word_1_479' title='bbox 3392 1994 3595 2063; x_wconf 87' lang='lat' dir='ltr'>Itaque</span> <span class='ocrx_word' id='word_1_480' title='bbox 3628 1998 3685 2047; x_wconf 91' lang='lat' dir='ltr'>et</span> <span class='ocrx_word' id='word_1_481' title='bbox 3706 1994 3767 2048; x_wconf 90' lang='lat' dir='ltr'>in</span> 
     </span>
    </p>
   </div>
   <div class='ocr_carea' id='block_1_64' title="bbox 2117 2076 3769 2154">
    <p class='ocr_par' dir='ltr' id='par_1_64' title="bbox 2117 2076 3769 2154">
     <span class='ocr_line' id='line_1_64' title="bbox 2117 2076 3769 2154; baseline 0.003 -22"><span class='ocrx_word' id='word_1_482' title='bbox 2117 2076 2274 2132; x_wconf 92' lang='lat' dir='ltr'>bello</span> <span class='ocrx_word' id='word_1_483' title='bbox 2305 2094 2613 2150; x_wconf 86' lang='lat' dir='ltr'>nunquam</span> <span class='ocrx_word' id='word_1_484' title='bbox 2645 2082 2803 2136; x_wconf 85' lang='lat' dir='ltr'>vicit.</span> <span class='ocrx_word' id='word_1_485' title='bbox 2845 2081 2948 2137; x_wconf 93' lang='lat' dir='ltr'>sed</span> <span class='ocrx_word' id='word_1_486' title='bbox 2979 2098 3214 2154; x_wconf 89' lang='lat' dir='ltr'>semper</span> <span class='ocrx_word' id='word_1_487' title='bbox 3235 2082 3630 2138; x_wconf 85' lang='lat' dir='ltr'>succubuitac</span> <span class='ocrx_word' id='word_1_488' title='bbox 3660 2082 3769 2137; x_wconf 82' lang='lat' dir='ltr'>do—</span> 
     </span>
    </p>
   </div>
   <div class='ocr_carea' id='block_1_65' title="bbox 2119 2171 3765 2245">
    <p class='ocr_par' dir='ltr' id='par_1_65' title="bbox 2119 2171 3765 2245">
     <span class='ocr_line' id='line_1_65' title="bbox 2119 2171 3765 2245; baseline 0.002 -23"><span class='ocrx_word' id='word_1_489' title='bbox 2119 2183 2282 2222; x_wconf 88' lang='lat' dir='ltr'>mum</span> <span class='ocrx_word' id='word_1_490' title='bbox 2305 2185 2427 2223; x_wconf 90' lang='lat' dir='ltr'>non</span> <span class='ocrx_word' id='word_1_491' title='bbox 2439 2171 3272 2244; x_wconf 64' lang='grc' dir='ltr'>οοῐινεῐιὶθῐιῐειιὶωρετειιοιείω</span> <span class='ocrx_word' id='word_1_492' title='bbox 3285 2171 3554 2245; x_wconf 85' lang='lat' dir='ltr'>dignitati</span> <span class='ocrx_word' id='word_1_493' title='bbox 3570 2172 3765 2227; x_wconf 87' lang='lat' dir='ltr'>rediit.</span> 
     </span>
    </p>
   </div>
   <div class='ocr_carea' id='block_1_66' title="bbox 2118 2258 3766 2334">
    <p class='ocr_par' dir='ltr' id='par_1_66' title="bbox 2118 2258 3766 2334">
     <span class='ocr_line' id='line_1_66' title="bbox 2118 2258 3766 2334; baseline 0.003 -23"><span class='ocrx_word' id='word_1_494' title='bbox 2118 2258 2415 2313; x_wconf 82' lang='lat' dir='ltr'>Justitiam</span> <span class='ocrx_word' id='word_1_495' title='bbox 2443 2275 2580 2331; x_wconf 83' lang='lat' dir='ltr'>ergo</span> <span class='ocrx_word' id='word_1_496' title='bbox 2604 2260 2808 2316; x_wconf 89' lang='lat' dir='ltr'>colens</span> <span class='ocrx_word' id='word_1_497' title='bbox 2830 2265 2909 2329; x_wconf 91' lang='lat' dir='ltr'>et,</span> <span class='ocrx_word' id='word_1_498' title='bbox 2931 2268 2998 2316; x_wconf 90' lang='lat' dir='ltr'>ut</span> <span class='ocrx_word' id='word_1_499' title='bbox 3021 2261 3284 2334; x_wconf 80' lang='lat' dir='ltr'>putabat,</span> <span class='ocrx_word' id='word_1_500' title='bbox 3310 2277 3447 2334; x_wconf 89' lang='lat' dir='ltr'>erga</span> <span class='ocrx_word' id='word_1_501' title='bbox 3466 2260 3766 2316; x_wconf 85' lang='lat' dir='ltr'>Christum</span> 
     </span>
    </p>
   </div>
   <div class='ocr_carea' id='block_1_67' title="bbox 2121 2348 3772 2424">
    <p class='ocr_par' dir='ltr' id='par_1_67' title="bbox 2121 2348 3772 2424">
     <span class='ocr_line' id='line_1_67' title="bbox 2121 2348 3772 2424; baseline 0.001 -23"><span class='ocrx_word' id='word_1_502' title='bbox 2121 2348 2370 2420; x_wconf 84' lang='lat' dir='ltr'>ejusque</span> <span class='ocrx_word' id='word_1_503' title='bbox 2397 2351 2642 2404; x_wconf 85' lang='lat' dir='ltr'>Matrem</span> <span class='ocrx_word' id='word_1_504' title='bbox 2671 2350 2956 2421; x_wconf 85' lang='lat' dir='ltr'>pietatem</span> <span class='ocrx_word' id='word_1_505' title='bbox 2989 2350 3237 2424; x_wconf 76' lang='lat' dir='ltr'>singulis</span> <span class='ocrx_word' id='word_1_506' title='bbox 3284 2349 3634 2421; x_wconf 87' lang='lat' dir='ltr'>septimanis</span> <span class='ocrx_word' id='word_1_507' title='bbox 3664 2365 3772 2420; x_wconf 92' lang='lat' dir='ltr'>per</span> 
     </span>
    </p>
   </div>
   <div class='ocr_carea' id='block_1_68' title="bbox 2118 2436 3766 2517">
    <p class='ocr_par' dir='ltr' id='par_1_68' title="bbox 2118 2436 3766 2517">
     <span class='ocr_line' id='line_1_68' title="bbox 2118 2436 3766 2517; baseline 0.004 -28"><span class='ocrx_word' id='word_1_508' title='bbox 2118 2437 2272 2491; x_wconf 87' lang='lat' dir='ltr'>viam</span> <span class='ocrx_word' id='word_1_509' title='bbox 2291 2436 2590 2509; x_wconf 88' lang='lat' dir='ltr'>publicam</span> <span class='ocrx_word' id='word_1_510' title='bbox 2606 2439 2964 2517; x_wconf 75' lang='lat' dir='ltr'>satellitibus</span> <span class='ocrx_word' id='word_1_511' title='bbox 2982 2441 3232 2512; x_wconf 88' lang='lat' dir='ltr'>stipatus</span> <span class='ocrx_word' id='word_1_512' title='bbox 3245 2440 3319 2495; x_wconf 88' lang='lat' dir='ltr'>ad</span> <span class='ocrx_word' id='word_1_513' title='bbox 3332 2440 3507 2494; x_wconf 86' lang='lat' dir='ltr'>Blach</span> <span class='ocrx_word' id='word_1_514' title='bbox 3516 2456 3618 2494; x_wconf 91' lang='lat' dir='ltr'>ern</span> <span class='ocrx_word' id='word_1_515' title='bbox 3627 2455 3766 2495; x_wconf 88' lang='lat' dir='ltr'>ense</span> 
     </span>
    </p>
   </div>
   <div class='ocr_carea' id='block_1_69' title="bbox 2118 2526 3768 2600">
    <p class='ocr_par' dir='ltr' id='par_1_69' title="bbox 2118 2526 3768 2600">
     <span class='ocr_line' id='line_1_69' title="bbox 2118 2526 3768 2600; baseline 0.002 -20"><span class='ocrx_word' id='word_1_516' title='bbox 2118 2526 2383 2598; x_wconf 73' lang='lat' dir='ltr'>Deiparte</span> <span class='ocrx_word' id='word_1_517' title='bbox 2416 2527 2619 2583; x_wconf 85' lang='lat' dir='ltr'>fanum</span> <span class='ocrx_word' id='word_1_518' title='bbox 2678 2530 3016 2600; x_wconf 86' lang='lat' dir='ltr'>equitabat;</span> <span class='ocrx_word' id='word_1_519' title='bbox 3053 2531 3326 2600; x_wconf 90' lang='lat' dir='ltr'>interque</span> <span class='ocrx_word' id='word_1_520' title='bbox 3378 2528 3768 2599; x_wconf 89' lang='lat' dir='ltr'>equitandum</span> 
     </span>
    </p>
   </div>
   <div class='ocr_carea' id='block_1_70' title="bbox 2118 2616 3766 2689">
    <p class='ocr_par' dir='ltr' id='par_1_70' title="bbox 2118 2616 3766 2689">
     <span class='ocr_line' id='line_1_70' title="bbox 2118 2616 3766 2689; baseline 0.002 -20"><span class='ocrx_word' id='word_1_521' title='bbox 2118 2616 2396 2672; x_wconf 88' lang='lat' dir='ltr'>omnibus</span> <span class='ocrx_word' id='word_1_522' title='bbox 2418 2618 2677 2672; x_wconf 82' lang='lat' dir='ltr'>maxime</span> <span class='ocrx_word' id='word_1_523' title='bbox 2704 2618 2942 2689; x_wconf 84' lang='lat' dir='ltr'>injuriis</span> <span class='ocrx_word' id='word_1_524' title='bbox 2959 2619 3187 2673; x_wconf 81' lang='lat' dir='ltr'>affectis</span> <span class='ocrx_word' id='word_1_525' title='bbox 3208 2617 3543 2681; x_wconf 78' lang='lat' dir='ltr'>vacabat,ut</span> <span class='ocrx_word' id='word_1_526' title='bbox 3564 2617 3602 2671; x_wconf 88' lang='lat' dir='ltr'>ii</span> <span class='ocrx_word' id='word_1_527' title='bbox 3630 2635 3766 2672; x_wconf 90' lang='lat' dir='ltr'>suas</span> 
     </span>
    </p>
   </div>
   <div class='ocr_carea' id='block_1_71' title="bbox 2117 2705 3762 2778">
    <p class='ocr_par' dir='ltr' id='par_1_71' title="bbox 2117 2705 3762 2778">
     <span class='ocr_line' id='line_1_71' title="bbox 2117 2705 3762 2778; baseline 0.001 -18"><span class='ocrx_word' id='word_1_528' title='bbox 2117 2705 2392 2776; x_wconf 87' lang='lat' dir='ltr'>querelas</span> <span class='ocrx_word' id='word_1_529' title='bbox 2422 2723 2757 2778; x_wconf 86' lang='lat' dir='ltr'>proponere</span> <span class='ocrx_word' id='word_1_530' title='bbox 2787 2714 3050 2778; x_wconf 84' lang='lat' dir='ltr'>possent,</span> <span class='ocrx_word' id='word_1_531' title='bbox 3082 2725 3278 2778; x_wconf 89' lang='lat' dir='ltr'>neque</span> <span class='ocrx_word' id='word_1_532' title='bbox 3300 2707 3371 2762; x_wconf 90' lang='lat' dir='ltr'>ab</span> <span class='ocrx_word' id='word_1_533' title='bbox 3405 2707 3676 2762; x_wconf 88' lang='lat' dir='ltr'>sontibus</span> <span class='ocrx_word' id='word_1_534' title='bbox 3703 2711 3762 2762; x_wconf 87' lang='lat' dir='ltr'>et</span> 
     </span>
    </p>
   </div>
   <div class='ocr_carea' id='block_1_72' title="bbox 2116 2797 3762 2869">
    <p class='ocr_par' dir='ltr' id='par_1_72' title="bbox 2116 2797 3762 2869">
     <span class='ocr_line' id='line_1_72' title="bbox 2116 2797 3762 2869; baseline -0.001 -17"><span class='ocrx_word' id='word_1_535' title='bbox 2116 2813 2352 2868; x_wconf 74' lang='lat' dir='ltr'>pmnam</span> <span class='ocrx_word' id='word_1_536' title='bbox 2380 2797 2784 2853; x_wconf 87' lang='lat' dir='ltr'>metuentibus</span> <span class='ocrx_word' id='word_1_537' title='bbox 2815 2798 3268 2869; x_wconf 87' lang='lat' dir='ltr'>impedirentur.</span> <span class='ocrx_word' id='word_1_538' title='bbox 3321 2797 3508 2852; x_wconf 90' lang='lat' dir='ltr'>Simul</span> <span class='ocrx_word' id='word_1_539' title='bbox 3557 2801 3615 2852; x_wconf 93' lang='lat' dir='ltr'>et</span> <span class='ocrx_word' id='word_1_540' title='bbox 3653 2813 3762 2868; x_wconf 91' lang='lat' dir='ltr'>per</span> 
     </span>
    </p>
   </div>
   <div class='ocr_carea' id='block_1_73' title="bbox 2116 2887 3764 2959">
    <p class='ocr_par' dir='ltr' id='par_1_73' title="bbox 2116 2887 3764 2959">
     <span class='ocr_line' id='line_1_73' title="bbox 2116 2887 3764 2959; baseline -0.001 -17"><span class='ocrx_word' id='word_1_541' title='bbox 2116 2887 2310 2942; x_wconf 81' lang='lat' dir='ltr'>forum</span> <span class='ocrx_word' id='word_1_542' title='bbox 2342 2887 2616 2958; x_wconf 88' lang='lat' dir='ltr'>equitans</span> <span class='ocrx_word' id='word_1_543' title='bbox 2646 2904 2740 2942; x_wconf 89' lang='lat' dir='ltr'>res</span> <span class='ocrx_word' id='word_1_544' title='bbox 2785 2887 3019 2943; x_wconf 86' lang='lat' dir='ltr'>venales</span> <span class='ocrx_word' id='word_1_545' title='bbox 3066 2888 3222 2944; x_wconf 69' lang='lat'>902</span> <span class='ocrx_word' id='word_1_546' title='bbox 3269 2887 3640 2959; x_wconf 89' lang='lat' dir='ltr'>inspiciebat,</span> <span class='ocrx_word' id='word_1_547' title='bbox 3693 2902 3764 2942; x_wconf 90' lang='lat' dir='ltr'>ac</span> 
     </span>
    </p>
   </div>
   <div class='ocr_carea' id='block_1_74' title="bbox 2116 2974 3765 3047">
    <p class='ocr_par' dir='ltr' id='par_1_74' title="bbox 2116 2974 3765 3047">
     <span class='ocr_line' id='line_1_74' title="bbox 2116 2974 3765 3047; baseline -0.001 -17"><span class='ocrx_word' id='word_1_548' title='bbox 2116 2975 2188 3030; x_wconf 91' lang='lat' dir='ltr'>de</span> <span class='ocrx_word' id='word_1_549' title='bbox 2219 2974 2410 3045; x_wconf 90' lang='lat' dir='ltr'>pretio</span> <span class='ocrx_word' id='word_1_550' title='bbox 2442 2974 2865 3046; x_wconf 77' lang='lat' dir='ltr'>interrogabat,</span> <span class='ocrx_word' id='word_1_551' title='bbox 2897 2991 3092 3047; x_wconf 90' lang='lat' dir='ltr'>neque</span> <span class='ocrx_word' id='word_1_552' title='bbox 3124 2974 3316 3030; x_wconf 89' lang='lat' dir='ltr'>obiter</span> <span class='ocrx_word' id='word_1_553' title='bbox 3345 2975 3478 3042; x_wconf 90' lang='lat' dir='ltr'>hoc,</span> <span class='ocrx_word' id='word_1_554' title='bbox 3511 2979 3614 3028; x_wconf 90' lang='lat' dir='ltr'>aut</span> <span class='ocrx_word' id='word_1_555' title='bbox 3641 2990 3765 3029; x_wconf 87' lang='lat' dir='ltr'>una</span> 
     </span>
    </p>
   </div>
   <div class='ocr_carea' id='block_1_75' title="bbox 2117 3064 3767 3136">
    <p class='ocr_par' dir='ltr' id='par_1_75' title="bbox 2117 3064 3767 3136">
     <span class='ocr_line' id='line_1_75' title="bbox 2117 3064 3767 3136; baseline 0 -18"><span class='ocrx_word' id='word_1_556' title='bbox 2117 3069 2346 3118; x_wconf 88' lang='lat' dir='ltr'>tantum</span> <span class='ocrx_word' id='word_1_557' title='bbox 2378 3064 2579 3135; x_wconf 90' lang='lat' dir='ltr'>aliqua</span> <span class='ocrx_word' id='word_1_558' title='bbox 2607 3081 2692 3131; x_wconf 89' lang='lat' dir='ltr'>re,</span> <span class='ocrx_word' id='word_1_559' title='bbox 2727 3065 2830 3120; x_wconf 90' lang='lat' dir='ltr'>sed</span> <span class='ocrx_word' id='word_1_560' title='bbox 2860 3065 2932 3120; x_wconf 92' lang='lat' dir='ltr'>de</span> <span class='ocrx_word' id='word_1_561' title='bbox 2964 3065 3038 3120; x_wconf 90' lang='lat' dir='ltr'>iis</span> <span class='ocrx_word' id='word_1_562' title='bbox 3067 3081 3200 3136; x_wconf 74' lang='lat' dir='ltr'>quaa</span> <span class='ocrx_word' id='word_1_563' title='bbox 3232 3065 3358 3120; x_wconf 91' lang='lat' dir='ltr'>esui</span> <span class='ocrx_word' id='word_1_564' title='bbox 3391 3069 3532 3119; x_wconf 89' lang='lat' dir='ltr'>sunt</span> <span class='ocrx_word' id='word_1_565' title='bbox 3567 3080 3635 3119; x_wconf 90' lang='lat' dir='ltr'>ac</span> <span class='ocrx_word' id='word_1_566' title='bbox 3667 3080 3767 3134; x_wconf 89' lang='lat' dir='ltr'>po-</span> 
     </span>
    </p>
   </div>
   <div class='ocr_carea' id='block_1_76' title="bbox 2117 3154 3768 3227">
    <p class='ocr_par' dir='ltr' id='par_1_76' title="bbox 2117 3154 3768 3227">
     <span class='ocr_line' id='line_1_76' title="bbox 2117 3154 3768 3227; baseline -0.002 -16"><span class='ocrx_word' id='word_1_567' title='bbox 2117 3155 2202 3211; x_wconf 85' lang='lat' dir='ltr'>tui</span> <span class='ocrx_word' id='word_1_568' title='bbox 2232 3155 2304 3210; x_wconf 90' lang='lat' dir='ltr'>de</span> <span class='ocrx_word' id='word_1_569' title='bbox 2336 3155 2595 3210; x_wconf 84' lang='lat' dir='ltr'>vestibus</span> <span class='ocrx_word' id='word_1_570' title='bbox 2626 3154 2875 3211; x_wconf 83' lang='lat' dir='ltr'>fovendo</span> <span class='ocrx_word' id='word_1_571' title='bbox 2908 3156 3139 3227; x_wconf 89' lang='lat' dir='ltr'>corpori</span> <span class='ocrx_word' id='word_1_572' title='bbox 3173 3157 3346 3226; x_wconf 90' lang='lat' dir='ltr'>aptis,</span> <span class='ocrx_word' id='word_1_573' title='bbox 3367 3160 3425 3210; x_wconf 90' lang='lat' dir='ltr'>et</span> <span class='ocrx_word' id='word_1_574' title='bbox 3447 3155 3508 3209; x_wconf 92' lang='lat' dir='ltr'>in</span> <span class='ocrx_word' id='word_1_575' title='bbox 3535 3154 3768 3209; x_wconf 88' lang='lat' dir='ltr'>univer-</span> 
     </span>
    </p>
   </div>
   <div class='ocr_carea' id='block_1_77' title="bbox 2117 3243 3762 3316">
    <p class='ocr_par' dir='ltr' id='par_1_77' title="bbox 2117 3243 3762 3316">
     <span class='ocr_line' id='line_1_77' title="bbox 2117 3243 3762 3316; baseline -0.002 -14"><span class='ocrx_word' id='word_1_576' title='bbox 2117 3262 2250 3303; x_wconf 89' lang='lat' dir='ltr'>sum</span> <span class='ocrx_word' id='word_1_577' title='bbox 2281 3245 2556 3301; x_wconf 88' lang='lat' dir='ltr'>omnibus</span> <span class='ocrx_word' id='word_1_578' title='bbox 2589 3262 2720 3316; x_wconf 70' lang='lat' dir='ltr'>quae</span> <span class='ocrx_word' id='word_1_579' title='bbox 2759 3246 2821 3300; x_wconf 91' lang='lat' dir='ltr'>in</span> <span class='ocrx_word' id='word_1_580' title='bbox 2866 3246 2994 3300; x_wconf 78' lang='lat' dir='ltr'>foro</span> <span class='ocrx_word' id='word_1_581' title='bbox 3043 3245 3390 3315; x_wconf 88' lang='lat' dir='ltr'>prostabant</span> <span class='ocrx_word' id='word_1_582' title='bbox 3443 3243 3762 3298; x_wconf 89' lang='lat' dir='ltr'>mercibus.</span> 
     </span>
    </p>
   </div>
   <div class='ocr_carea' id='block_1_78' title="bbox 2118 3333 3764 3405">
    <p class='ocr_par' dir='ltr' id='par_1_78' title="bbox 2118 3333 3764 3405">
     <span class='ocr_line' id='line_1_78' title="bbox 2118 3333 3764 3405; baseline -0.004 -12"><span class='ocrx_word' id='word_1_583' title='bbox 2118 3336 2405 3393; x_wconf 88' lang='lat' dir='ltr'>Omnibus</span> <span class='ocrx_word' id='word_1_584' title='bbox 2436 3340 2634 3390; x_wconf 89' lang='lat' dir='ltr'>autem</span> <span class='ocrx_word' id='word_1_585' title='bbox 2667 3335 2728 3389; x_wconf 92' lang='lat' dir='ltr'>in</span> <span class='ocrx_word' id='word_1_586' title='bbox 2759 3333 2937 3389; x_wconf 88' lang='lat' dir='ltr'>rebus</span> <span class='ocrx_word' id='word_1_587' title='bbox 2969 3349 3244 3405; x_wconf 84' lang='lat' dir='ltr'>magnam</span> <span class='ocrx_word' id='word_1_588' title='bbox 3294 3335 3354 3388; x_wconf 89' lang='lat' dir='ltr'>in</span> <span class='ocrx_word' id='word_1_589' title='bbox 3408 3333 3671 3388; x_wconf 88' lang='lat' dir='ltr'>curanda</span> <span class='ocrx_word' id='word_1_590' title='bbox 3700 3349 3764 3387; x_wconf 90' lang='lat' dir='ltr'>re</span> 
     </span>
    </p>
   </div>
   <div class='ocr_carea' id='block_1_79' title="bbox 2035 3398 3762 3498">
    <p class='ocr_par' dir='ltr' id='par_1_79' title="bbox 2035 3398 3762 3498">
     <span class='ocr_line' id='line_1_79' title="bbox 2035 3398 3762 3498; baseline -0.002 -17"><span class='ocrx_word' id='word_1_591' title='bbox 2035 3398 2078 3465; x_wconf 68' lang='grc' dir='ltr'>(ἶ</span> <span class='ocrx_word' id='word_1_592' title='bbox 2115 3425 2351 3498; x_wconf 87' lang='lat' dir='ltr'>publica</span> <span class='ocrx_word' id='word_1_593' title='bbox 2381 3423 2749 3496; x_wconf 73' lang='lat' dir='ltr'>diligentiam</span> <span class='ocrx_word' id='word_1_594' title='bbox 2767 3398 3172 3489; x_wconf 50' lang='lat' dir='ltr'>ostenditﬁon</span> <span class='ocrx_word' id='word_1_595' title='bbox 3189 3424 3248 3477; x_wconf 92' lang='lat' dir='ltr'>in</span> <span class='ocrx_word' id='word_1_596' title='bbox 3269 3423 3359 3478; x_wconf 90' lang='lat' dir='ltr'>his</span> <span class='ocrx_word' id='word_1_597' title='bbox 3376 3424 3438 3478; x_wconf 92' lang='lat' dir='ltr'>in</span> <span class='ocrx_word' id='word_1_598' title='bbox 3459 3421 3762 3494; x_wconf 81' lang='lat' dir='ltr'>publicum</span> 
     </span>
    </p>
   </div>
   <div class='ocr_carea' id='block_1_80' title="bbox 2113 3512 3758 3586">
    <p class='ocr_par' dir='ltr' id='par_1_80' title="bbox 2113 3512 3758 3586">
     <span class='ocr_line' id='line_1_80' title="bbox 2113 3512 3758 3586; baseline -0.004 -15"><span class='ocrx_word' id='word_1_599' title='bbox 2113 3515 2290 3572; x_wconf 88' lang='lat' dir='ltr'>modo</span> <span class='ocrx_word' id='word_1_600' title='bbox 2337 3514 2778 3586; x_wconf 89' lang='lat' dir='ltr'>septimanatim</span> <span class='ocrx_word' id='word_1_601' title='bbox 2827 3512 3258 3586; x_wconf 74' lang='lat' dir='ltr'>progressibus,</span> <span class='ocrx_word' id='word_1_602' title='bbox 3311 3513 3413 3567; x_wconf 91' lang='lat' dir='ltr'>sed</span> <span class='ocrx_word' id='word_1_603' title='bbox 3461 3513 3638 3568; x_wconf 88' lang='lat' dir='ltr'>etiam</span> <span class='ocrx_word' id='word_1_604' title='bbox 3695 3512 3758 3566; x_wconf 92' lang='lat' dir='ltr'>in</span> 
     </span>
    </p>
   </div>
   <div class='ocr_carea' id='block_1_81' title="bbox 2106 3600 3762 3677">
    <p class='ocr_par' dir='ltr' id='par_1_81' title="bbox 2106 3600 3762 3677">
     <span class='ocr_line' id='line_1_81' title="bbox 2106 3600 3762 3677; baseline -0.004 -17"><span class='ocrx_word' id='word_1_605' title='bbox 2106 3604 2370 3677; x_wconf 86' lang='lat' dir='ltr'>judieiis.</span> <span class='ocrx_word' id='word_1_606' title='bbox 2433 3603 2767 3675; x_wconf 86' lang='lat' dir='ltr'>Aliquando</span> <span class='ocrx_word' id='word_1_607' title='bbox 2817 3603 3000 3657; x_wconf 90' lang='lat' dir='ltr'>animi</span> <span class='ocrx_word' id='word_1_608' title='bbox 3049 3618 3229 3657; x_wconf 88' lang='lat' dir='ltr'>causa</span> <span class='ocrx_word' id='word_1_609' title='bbox 3269 3600 3641 3673; x_wconf 90' lang='lat' dir='ltr'>prospiciens</span> <span class='ocrx_word' id='word_1_610' title='bbox 3691 3601 3762 3655; x_wconf 92' lang='lat' dir='ltr'>de</span> 
     </span>
    </p>
   </div>
   <div class='ocr_carea' id='block_1_82' title="bbox 2111 3690 3763 3766">
    <p class='ocr_par' dir='ltr' id='par_1_82' title="bbox 2111 3690 3763 3766">
     <span class='ocr_line' id='line_1_82' title="bbox 2111 3690 3763 3766; baseline -0.003 -15"><span class='ocrx_word' id='word_1_611' title='bbox 2111 3711 2285 3752; x_wconf 88' lang='lat' dir='ltr'>muro</span> <span class='ocrx_word' id='word_1_612' title='bbox 2305 3694 2508 3766; x_wconf 88' lang='lat' dir='ltr'>palatii</span> <span class='ocrx_word' id='word_1_613' title='bbox 2533 3693 2632 3765; x_wconf 92' lang='lat' dir='ltr'>qui</span> <span class='ocrx_word' id='word_1_614' title='bbox 2657 3698 2749 3748; x_wconf 91' lang='lat' dir='ltr'>est</span> <span class='ocrx_word' id='word_1_615' title='bbox 2774 3709 2976 3748; x_wconf 88' lang='lat' dir='ltr'>versus</span> <span class='ocrx_word' id='word_1_616' title='bbox 2999 3708 3182 3758; x_wconf 89' lang='lat' dir='ltr'>mare,</span> <span class='ocrx_word' id='word_1_617' title='bbox 3207 3692 3401 3746; x_wconf 86' lang='lat' dir='ltr'>navim</span> <span class='ocrx_word' id='word_1_618' title='bbox 3425 3690 3763 3746; x_wconf 91' lang='lat' dir='ltr'>onerariam</span> 
     </span>
    </p>
   </div>
   <div class='ocr_carea' id='block_1_83' title="bbox 2111 3780 3764 3856">
    <p class='ocr_par' dir='ltr' id='par_1_83' title="bbox 2111 3780 3764 3856">
     <span class='ocr_line' id='line_1_83' title="bbox 2111 3780 3764 3856; baseline -0.002 -18"><span class='ocrx_word' id='word_1_619' title='bbox 2111 3785 2257 3841; x_wconf 84' lang='lat' dir='ltr'>vidit</span> <span class='ocrx_word' id='word_1_620' title='bbox 2289 3785 2484 3856; x_wconf 88' lang='lat' dir='ltr'>plenis</span> <span class='ocrx_word' id='word_1_621' title='bbox 2515 3782 2656 3840; x_wconf 89' lang='lat' dir='ltr'>velis</span> <span class='ocrx_word' id='word_1_622' title='bbox 2686 3799 2755 3839; x_wconf 89' lang='lat' dir='ltr'>ac</span> <span class='ocrx_word' id='word_1_623' title='bbox 2787 3782 3045 3837; x_wconf 90' lang='lat' dir='ltr'>secundo</span> <span class='ocrx_word' id='word_1_624' title='bbox 3069 3787 3240 3836; x_wconf 90' lang='lat' dir='ltr'>vento</span> <span class='ocrx_word' id='word_1_625' title='bbox 3263 3781 3582 3853; x_wconf 89' lang='lat' dir='ltr'>appellere,</span> <span class='ocrx_word' id='word_1_626' title='bbox 3609 3780 3764 3835; x_wconf 90' lang='lat' dir='ltr'>mole</span> 
     </span>
    </p>
   </div>
   <div class='ocr_carea' id='block_1_84' title="bbox 2113 3871 3765 3945">
    <p class='ocr_par' dir='ltr' id='par_1_84' title="bbox 2113 3871 3765 3945">
     <span class='ocr_line' id='line_1_84' title="bbox 2113 3871 3765 3945; baseline -0.003 -16"><span class='ocrx_word' id='word_1_627' title='bbox 2113 3890 2181 3929; x_wconf 89' lang='lat' dir='ltr'>ac</span> <span class='ocrx_word' id='word_1_628' title='bbox 2210 3873 2620 3945; x_wconf 76' lang='lat' dir='ltr'>magnitudine</span> <span class='ocrx_word' id='word_1_629' title='bbox 2642 3889 2844 3944; x_wconf 89' lang='lat' dir='ltr'>parem</span> <span class='ocrx_word' id='word_1_630' title='bbox 2867 3872 3095 3928; x_wconf 89' lang='lat' dir='ltr'>nullam</span> <span class='ocrx_word' id='word_1_631' title='bbox 3117 3871 3230 3926; x_wconf 91' lang='lat' dir='ltr'>sibi</span> <span class='ocrx_word' id='word_1_632' title='bbox 3257 3871 3596 3926; x_wconf 88' lang='lat' dir='ltr'>habentem.</span> <span class='ocrx_word' id='word_1_633' title='bbox 3625 3871 3765 3924; x_wconf 87' lang='lat' dir='ltr'>Eam</span> 
     </span>
    </p>
   </div>
   <div class='ocr_carea' id='block_1_85' title="bbox 2113 3961 3764 4032">
    <p class='ocr_par' dir='ltr' id='par_1_85' title="bbox 2113 3961 3764 4032">
     <span class='ocr_line' id='line_1_85' title="bbox 2113 3961 3764 4032; baseline -0.004 -14"><span class='ocrx_word' id='word_1_634' title='bbox 2113 3979 2248 4018; x_wconf 90' lang='lat' dir='ltr'>eum</span> <span class='ocrx_word' id='word_1_635' title='bbox 2280 3963 2676 4018; x_wconf 89' lang='lat' dir='ltr'>admiratione</span> <span class='ocrx_word' id='word_1_636' title='bbox 2707 3961 3164 4032; x_wconf 86' lang='lat' dir='ltr'>contemplatus,</span> <span class='ocrx_word' id='word_1_637' title='bbox 3190 3961 3506 4030; x_wconf 86' lang='lat' dir='ltr'>cujusuam</span> <span class='ocrx_word' id='word_1_638' title='bbox 3529 3962 3764 4012; x_wconf 81' lang='lat' dir='ltr'>essetet</span> 
     </span>
    </p>
   </div>
   <div class='ocr_carea' id='block_1_86' title="bbox 2113 4048 3761 4122">
    <p class='ocr_par' dir='ltr' id='par_1_86' title="bbox 2113 4048 3761 4122">
     <span class='ocr_line' id='line_1_86' title="bbox 2113 4048 3761 4122; baseline -0.003 -17"><span class='ocrx_word' id='word_1_639' title='bbox 2113 4051 2254 4122; x_wconf 87' lang='lat' dir='ltr'>quid</span> <span class='ocrx_word' id='word_1_640' title='bbox 2287 4067 2486 4106; x_wconf 90' lang='lat' dir='ltr'>rerum</span> <span class='ocrx_word' id='word_1_641' title='bbox 2519 4049 2836 4105; x_wconf 89' lang='lat' dir='ltr'>adveheret</span> <span class='ocrx_word' id='word_1_642' title='bbox 2867 4048 3267 4119; x_wconf 87' lang='lat' dir='ltr'>interrogavit.</span> <span class='ocrx_word' id='word_1_643' title='bbox 3303 4051 3444 4102; x_wconf 91' lang='lat' dir='ltr'>Cum</span> <span class='ocrx_word' id='word_1_644' title='bbox 3478 4063 3609 4101; x_wconf 89' lang='lat' dir='ltr'>eam</span> <span class='ocrx_word' id='word_1_645' title='bbox 3641 4050 3761 4101; x_wconf 83' lang='lat' dir='ltr'>Au-</span> 
     </span>
    </p>
   </div>
   <div class='ocr_carea' id='block_1_87' title="bbox 2110 4136 3767 4215">
    <p class='ocr_par' dir='ltr' id='par_1_87' title="bbox 2110 4136 3767 4215">
     <span class='ocr_line' id='line_1_87' title="bbox 2110 4136 3767 4215; baseline -0.004 -19"><span class='ocrx_word' id='word_1_646' title='bbox 2110 4146 2294 4215; x_wconf 65' lang='lat' dir='ltr'>gustus</span> <span class='ocrx_word' id='word_1_647' title='bbox 2327 4155 2458 4196; x_wconf 87' lang='lat' dir='ltr'>esse</span> <span class='ocrx_word' id='word_1_648' title='bbox 2485 4138 2810 4205; x_wconf 88' lang='lat' dir='ltr'>didicisset,</span> <span class='ocrx_word' id='word_1_649' title='bbox 2868 4137 3161 4208; x_wconf 90' lang='lat' dir='ltr'>acquievit</span> <span class='ocrx_word' id='word_1_650' title='bbox 3205 4137 3266 4192; x_wconf 91' lang='lat' dir='ltr'>in</span> <span class='ocrx_word' id='word_1_651' title='bbox 3316 4136 3654 4208; x_wconf 63' lang='lat' dir='ltr'>praesentia,</span> <span class='ocrx_word' id='word_1_652' title='bbox 3706 4140 3767 4190; x_wconf 83' lang='lat' dir='ltr'>et</span> 
     </span>
    </p>
   </div>
   <div class='ocr_carea' id='block_1_88' title="bbox 2111 4225 3763 4301">
    <p class='ocr_par' dir='ltr' id='par_1_88' title="bbox 2111 4225 3763 4301">
     <span class='ocr_line' id='line_1_88' title="bbox 2111 4225 3763 4301; baseline -0.004 -15"><span class='ocrx_word' id='word_1_653' title='bbox 2111 4231 2269 4287; x_wconf 87' lang='lat' dir='ltr'>diem</span> <span class='ocrx_word' id='word_1_654' title='bbox 2315 4230 2674 4301; x_wconf 85' lang='lat' dir='ltr'>exspectavit</span> <span class='ocrx_word' id='word_1_655' title='bbox 2729 4244 2845 4299; x_wconf 92' lang='lat' dir='ltr'>quo</span> <span class='ocrx_word' id='word_1_656' title='bbox 2895 4227 2971 4282; x_wconf 87' lang='lat' dir='ltr'>ad</span> <span class='ocrx_word' id='word_1_657' title='bbox 3021 4227 3516 4281; x_wconf 89' lang='lat' dir='ltr'>Blachernensem</span> <span class='ocrx_word' id='word_1_658' title='bbox 3571 4225 3763 4280; x_wconf 65' lang='lat' dir='ltr'>rudem</span> 
     </span>
    </p>
   </div>
   <div class='ocr_carea' id='block_1_89' title="bbox 2112 4315 3764 4388">
    <p class='ocr_par' dir='ltr' id='par_1_89' title="bbox 2112 4315 3764 4388">
     <span class='ocr_line' id='line_1_89' title="bbox 2112 4315 3764 4388; baseline -0.004 -12"><span class='ocrx_word' id='word_1_659' title='bbox 2112 4322 2303 4376; x_wconf 88' lang='lat' dir='ltr'>iturus</span> <span class='ocrx_word' id='word_1_660' title='bbox 2333 4325 2477 4376; x_wconf 89' lang='lat' dir='ltr'>erat.</span> <span class='ocrx_word' id='word_1_661' title='bbox 2512 4319 2777 4388; x_wconf 88' lang='lat' dir='ltr'>Cumque</span> <span class='ocrx_word' id='word_1_662' title='bbox 2820 4333 2888 4372; x_wconf 89' lang='lat' dir='ltr'>ea</span> <span class='ocrx_word' id='word_1_663' title='bbox 2916 4315 3262 4388; x_wconf 90' lang='lat' dir='ltr'>appetisset,</span> <span class='ocrx_word' id='word_1_664' title='bbox 3314 4315 3527 4370; x_wconf 90' lang='lat' dir='ltr'>deduci</span> <span class='ocrx_word' id='word_1_665' title='bbox 3578 4331 3639 4370; x_wconf 90' lang='lat' dir='ltr'>se</span> <span class='ocrx_word' id='word_1_666' title='bbox 3689 4315 3764 4370; x_wconf 90' lang='lat' dir='ltr'>ad</span> 
     </span>
    </p>
   </div>
   <div class='ocr_carea' id='block_1_90' title="bbox 2111 4405 3764 4481">
    <p class='ocr_par' dir='ltr' id='par_1_90' title="bbox 2111 4405 3764 4481">
     <span class='ocr_line' id='line_1_90' title="bbox 2111 4405 3764 4481; baseline -0.004 -16"><span class='ocrx_word' id='word_1_667' title='bbox 2111 4410 2278 4466; x_wconf 87' lang='lat' dir='ltr'>navis</span> <span class='ocrx_word' id='word_1_668' title='bbox 2335 4409 2463 4481; x_wconf 88' lang='lat' dir='ltr'>ejus</span> <span class='ocrx_word' id='word_1_669' title='bbox 2512 4408 2829 4464; x_wconf 83' lang='lat' dir='ltr'>stationem</span> <span class='ocrx_word' id='word_1_670' title='bbox 2870 4407 3070 4477; x_wconf 88' lang='lat' dir='ltr'>jussit,</span> <span class='ocrx_word' id='word_1_671' title='bbox 3126 4405 3427 4477; x_wconf 90' lang='lat' dir='ltr'>puppique</span> <span class='ocrx_word' id='word_1_672' title='bbox 3477 4405 3764 4460; x_wconf 84' lang='lat' dir='ltr'>assistens</span> 
     </span>
    </p>
   </div>
   <div class='ocr_carea' id='block_1_91' title="bbox 2109 4493 3763 4570">
    <p class='ocr_par' dir='ltr' id='par_1_91' title="bbox 2109 4493 3763 4570">
     <span class='ocr_line' id='line_1_91' title="bbox 2109 4493 3763 4570; baseline -0.005 -14"><span class='ocrx_word' id='word_1_673' title='bbox 2109 4517 2211 4556; x_wconf 89' lang='lat' dir='ltr'>eos</span> <span class='ocrx_word' id='word_1_674' title='bbox 2250 4499 2347 4570; x_wconf 91' lang='lat' dir='ltr'>qui</span> <span class='ocrx_word' id='word_1_675' title='bbox 2382 4498 2628 4553; x_wconf 80' lang='lat' dir='ltr'>aderant</span> <span class='ocrx_word' id='word_1_676' title='bbox 2657 4497 2975 4568; x_wconf 90' lang='lat' dir='ltr'>aliquoties</span> <span class='ocrx_word' id='word_1_677' title='bbox 3005 4500 3386 4567; x_wconf 88' lang='lat' dir='ltr'>percontatus</span> <span class='ocrx_word' id='word_1_678' title='bbox 3418 4500 3526 4558; x_wconf 88' lang='lat' dir='ltr'>est,</span> <span class='ocrx_word' id='word_1_679' title='bbox 3551 4493 3763 4548; x_wconf 89' lang='lat' dir='ltr'>cibone</span> 
     </span>
    </p>
   </div>
   <div class='ocr_carea' id='block_1_92' title="bbox 2108 4582 3766 4659">
    <p class='ocr_par' dir='ltr' id='par_1_92' title="bbox 2108 4582 3766 4659">
     <span class='ocr_line' id='line_1_92' title="bbox 2108 4582 3766 4659; baseline -0.003 -16"><span class='ocrx_word' id='word_1_680' title='bbox 2108 4588 2327 4659; x_wconf 88' lang='lat' dir='ltr'>aliquis</span> <span class='ocrx_word' id='word_1_681' title='bbox 2358 4588 2622 4658; x_wconf 82' lang='lat' dir='ltr'>ipsorum</span> <span class='ocrx_word' id='word_1_682' title='bbox 2655 4591 2756 4641; x_wconf 88' lang='lat' dir='ltr'>aut</span> <span class='ocrx_word' id='word_1_683' title='bbox 2785 4585 2919 4640; x_wconf 89' lang='lat' dir='ltr'>vino</span> <span class='ocrx_word' id='word_1_684' title='bbox 2951 4590 3053 4640; x_wconf 90' lang='lat' dir='ltr'>aut</span> <span class='ocrx_word' id='word_1_685' title='bbox 3081 4584 3204 4640; x_wconf 88' lang='lat' dir='ltr'>ulla</span> <span class='ocrx_word' id='word_1_686' title='bbox 3233 4583 3350 4639; x_wconf 85' lang='lat' dir='ltr'>alia</span> <span class='ocrx_word' id='word_1_687' title='bbox 3380 4599 3444 4638; x_wconf 87' lang='lat' dir='ltr'>re</span> <span class='ocrx_word' id='word_1_688' title='bbox 3475 4582 3766 4638; x_wconf 89' lang='lat' dir='ltr'>destitue-</span> 
     </span>
    </p>
   </div>
   <div class='ocr_carea' id='block_1_93' title="bbox 2109 4673 3761 4748">
    <p class='ocr_par' dir='ltr' id='par_1_93' title="bbox 2109 4673 3761 4748">
     <span class='ocr_line' id='line_1_93' title="bbox 2109 4673 3761 4748; baseline -0.002 -16"><span class='ocrx_word' id='word_1_689' title='bbox 2109 4683 2294 4734; x_wconf 87' lang='lat' dir='ltr'>retur.</span> <span class='ocrx_word' id='word_1_690' title='bbox 2325 4678 2468 4732; x_wconf 88' lang='lat' dir='ltr'>Cum</span> <span class='ocrx_word' id='word_1_691' title='bbox 2503 4693 2656 4747; x_wconf 65' lang='lat' dir='ltr'>saepe</span> <span class='ocrx_word' id='word_1_692' title='bbox 2689 4675 3032 4748; x_wconf 80' lang='lat' dir='ltr'>interrogati</span> <span class='ocrx_word' id='word_1_693' title='bbox 3075 4674 3168 4728; x_wconf 89' lang='lat' dir='ltr'>vix</span> <span class='ocrx_word' id='word_1_694' title='bbox 3217 4673 3461 4729; x_wconf 86' lang='lat' dir='ltr'>tandem</span> <span class='ocrx_word' id='word_1_695' title='bbox 3514 4690 3761 4746; x_wconf 84' lang='lat' dir='ltr'>respon-</span> 
     </span>
    </p>
   </div>
   <div class='ocr_carea' id='block_1_94' title="bbox 349 4757 2004 4843">
    <p class='ocr_par' dir='ltr' id='par_1_94' title="bbox 349 4757 2004 4843">
     <span class='ocr_line' id='line_1_94' title="bbox 349 4757 2004 4843; baseline 0.011 -25"><span class='ocrx_word' id='word_1_696' title='bbox 349 4770 570 4843; x_wconf 80' lang='grc' dir='ltr'>χέρναις</span> <span class='ocrx_word' id='word_1_697' title='bbox 601 4767 746 4820; x_wconf 88' lang='grc' dir='ltr'>θεῖον</span> <span class='ocrx_word' id='word_1_698' title='bbox 778 4761 924 4817; x_wconf 86' lang='grc' dir='ltr'>ναόν.</span> <span class='ocrx_word' id='word_1_699' title='bbox 975 4761 1065 4820; x_wconf 82' lang='grc' dir='ltr'>Ὦς</span> <span class='ocrx_word' id='word_1_700' title='bbox 1118 4757 1163 4814; x_wconf 78' lang='grc' dir='ltr'>δ’</span> <span class='ocrx_word' id='word_1_701' title='bbox 1209 4757 1320 4829; x_wconf 71' lang='grc' dir='ltr'>ἤδη</span> <span class='ocrx_word' id='word_1_702' title='bbox 1374 4766 1552 4832; x_wconf 64' lang='grc' dir='ltr'><strong>παρῆν</strong></span> <span class='ocrx_word' id='word_1_703' title='bbox 1584 4762 1619 4830; x_wconf 69' lang='grc' dir='ltr'>’δ</span> <span class='ocrx_word' id='word_1_704' title='bbox 1651 4761 1808 4833; x_wconf 74' lang='grc' dir='ltr'>κυρία</span> <span class='ocrx_word' id='word_1_705' title='bbox 1856 4764 1947 4818; x_wconf 62' lang='grc' dir='ltr'>καὶ</span> <span class='ocrx_word' id='word_1_706' title='bbox 1975 4765 2004 4820; x_wconf 73' lang='grc' dir='ltr'>δ</span> 
     </span>
    </p>
   </div>
   <div class='ocr_carea' id='block_1_95' title="bbox 2115 4757 3764 4843">
    <p class='ocr_par' dir='ltr' id='par_1_95' title="bbox 2115 4764 3764 4837">
     <span class='ocr_line' id='line_1_95' title="bbox 2115 4764 3764 4837; baseline -0.002 -14"><span class='ocrx_word' id='word_1_707' title='bbox 2115 4767 2342 4832; x_wconf 87' lang='lat' dir='ltr'>derent,</span> <span class='ocrx_word' id='word_1_708' title='bbox 2379 4767 2461 4821; x_wconf 90' lang='lat' dir='ltr'>ita</span> <span class='ocrx_word' id='word_1_709' title='bbox 2491 4765 2603 4821; x_wconf 93' lang='lat' dir='ltr'>sibi</span> <span class='ocrx_word' id='word_1_710' title='bbox 2662 4765 3042 4837; x_wconf 88' lang='lat' dir='ltr'>imperatoris</span> <span class='ocrx_word' id='word_1_711' title='bbox 3094 4764 3336 4820; x_wconf 87' lang='lat' dir='ltr'>solertia</span> <span class='ocrx_word' id='word_1_712' title='bbox 3384 4769 3764 4836; x_wconf 86' lang='lat' dir='ltr'>prospectum</span> 
     </span>
    </p>
   </div>
   <div class='ocr_carea' id='block_1_96' title="bbox 347 4847 2003 4928">
    <p class='ocr_par' dir='ltr' id='par_1_96' title="bbox 347 4847 2003 4928">
     <span class='ocr_line' id='line_1_96' title="bbox 347 4847 2003 4928; baseline -0.008 -16"><span class='ocrx_word' id='word_1_713' title='bbox 347 4861 446 4912; x_wconf 75' lang='grc' dir='ltr'>τοῦ</span> <span class='ocrx_word' id='word_1_714' title='bbox 474 4853 676 4911; x_wconf 89' lang='grc' dir='ltr'>πλοίου</span> <span class='ocrx_word' id='word_1_715' title='bbox 708 4850 879 4928; x_wconf 82' lang='grc' dir='ltr'>ὅρμος</span> <span class='ocrx_word' id='word_1_716' title='bbox 921 4847 1094 4919; x_wconf 84' lang='grc' dir='ltr'>δῆλος</span> <span class='ocrx_word' id='word_1_717' title='bbox 1144 4847 1386 4924; x_wconf 83' lang='grc' dir='ltr'>ἐγεγόνει</span> <span class='ocrx_word' id='word_1_718' title='bbox 1426 4853 1507 4922; x_wconf 81' lang='grc' dir='ltr'>τῷ</span> <span class='ocrx_word' id='word_1_719' title='bbox 1561 4849 1781 4924; x_wconf 85' lang='grc' dir='ltr'>βασιλεῖ</span> <span class='ocrx_word' id='word_1_720' title='bbox 1831 4864 2003 4918; x_wconf 81' lang='grc' dir='ltr'>πυθο-</span> 
     </span>
    </p>
   </div>
   <div class='ocr_carea' id='block_1_97' title="bbox 357 4940 2000 5021">
    <p class='ocr_par' dir='ltr' id='par_1_97' title="bbox 357 4940 2000 5021">
     <span class='ocr_line' id='line_1_97' title="bbox 357 4940 2000 5021; baseline 0.004 -26"><span class='ocrx_word' id='word_1_721' title='bbox 357 4948 504 5021; x_wconf 70' lang='grc' dir='ltr'>μένῳ</span> <span class='ocrx_word' id='word_1_722' title='bbox 534 4944 680 5020; x_wconf 84' lang='grc' dir='ltr'>παρά</span> <span class='ocrx_word' id='word_1_723' title='bbox 709 4962 880 5011; x_wconf 88' lang='grc' dir='ltr'>τινος,</span> <span class='ocrx_word' id='word_1_724' title='bbox 920 4947 1020 5009; x_wconf 78' lang='grc' dir='ltr'>τῆς</span> <span class='ocrx_word' id='word_1_725' title='bbox 1053 4940 1129 5001; x_wconf 82' lang='grc' dir='ltr'>είς</span> <span class='ocrx_word' id='word_1_726' title='bbox 1161 4941 1298 4996; x_wconf 77' lang='grc' dir='ltr'>αὐτὸ</span> <span class='ocrx_word' id='word_1_727' title='bbox 1330 4940 1602 5017; x_wconf 74' lang='grc' dir='ltr'>φερούσης</span> <span class='ocrx_word' id='word_1_728' title='bbox 1634 4940 1765 4997; x_wconf 79' lang='grc' dir='ltr'>ὁδοῦ</span> <span class='ocrx_word' id='word_1_729' title='bbox 1795 4943 2000 5021; x_wconf 72' lang='grc' dir='ltr'>εἷ’χετο,</span> 
     </span>
    </p>
   </div>
   <div class='ocr_carea' id='block_1_98' title="bbox 349 5029 2000 5108">
    <p class='ocr_par' dir='ltr' id='par_1_98' title="bbox 349 5029 2000 5108">
     <span class='ocr_line' id='line_1_98' title="bbox 349 5029 2000 5108; baseline 0.003 -22"><span class='ocrx_word' id='word_1_730' title='bbox 349 5039 439 5093; x_wconf 79' lang='grc' dir='ltr'>καὶ</span> <span class='ocrx_word' id='word_1_731' title='bbox 474 5035 785 5108; x_wconf 77' lang='grc' dir='ltr'>πλησιάσας</span> <span class='ocrx_word' id='word_1_732' title='bbox 843 5029 970 5100; x_wconf 80' lang='grc' dir='ltr'>ἔστη</span> <span class='ocrx_word' id='word_1_733' title='bbox 1031 5033 1178 5106; x_wconf 84' lang='grc' dir='ltr'>παρά</span> <span class='ocrx_word' id='word_1_734' title='bbox 1236 5032 1336 5100; x_wconf 76' lang='grc' dir='ltr'>τήν</span> <span class='ocrx_word' id='word_1_735' title='bbox 1395 5037 1673 5106; x_wconf 76' lang='grc' dir='ltr'>πρύμναν,</span> <span class='ocrx_word' id='word_1_736' title='bbox 1731 5034 1819 5090; x_wconf 70' lang='grc' dir='ltr'>καί</span> <span class='ocrx_word' id='word_1_737' title='bbox 1875 5035 2000 5097; x_wconf 77' lang='grc' dir='ltr'>τοὺς</span> 
     </span>
    </p>
   </div>
   <div class='ocr_carea' id='block_1_99' title="bbox 347 5116 1998 5202">
    <p class='ocr_par' dir='ltr' id='par_1_99' title="bbox 347 5116 1998 5202">
     <span class='ocr_line' id='line_1_99' title="bbox 347 5116 1998 5202; baseline -0.001 -21"><span class='ocrx_word' id='word_1_738' title='bbox 347 5127 623 5202; x_wconf 83' lang='grc' dir='ltr'>παρόντας</span> <span class='ocrx_word' id='word_1_739' title='bbox 655 5123 846 5199; x_wconf 83' lang='grc' dir='ltr'>ἠρώτα</span> <span class='ocrx_word' id='word_1_740' title='bbox 877 5120 1152 5182; x_wconf 83' lang='grc' dir='ltr'>πολλάκις</span> <span class='ocrx_word' id='word_1_741' title='bbox 1187 5121 1313 5175; x_wconf 79' lang='grc' dir='ltr'>ὅτου</span> <span class='ocrx_word' id='word_1_742' title='bbox 1362 5141 1444 5183; x_wconf 87' lang='grc' dir='ltr'>τις</span> <span class='ocrx_word' id='word_1_743' title='bbox 1492 5116 1608 5197; x_wconf 81' lang='grc' dir='ltr'>ἔχει</span> <span class='ocrx_word' id='word_1_744' title='bbox 1653 5123 1842 5198; x_wconf 88' lang='grc' dir='ltr'>χρείαν</span> <span class='ocrx_word' id='word_1_745' title='bbox 1893 5129 1998 5180; x_wconf 72' lang='grc' dir='ltr'>τῶν</span> 
     </span>
    </p>
   </div>
   <div class='ocr_carea' id='block_1_100' title="bbox 345 5210 1998 5293">
    <p class='ocr_par' dir='ltr' id='par_1_100' title="bbox 345 5210 1998 5293">
     <span class='ocr_line' id='line_1_100' title="bbox 345 5210 1998 5293; baseline -0.001 -19"><span class='ocrx_word' id='word_1_746' title='bbox 345 5218 662 5293; x_wconf 86' lang='grc' dir='ltr'>ἀγωγίμων,</span> <span class='ocrx_word' id='word_1_747' title='bbox 698 5219 851 5270; x_wconf 85' lang='grc' dir='ltr'>σίτου</span> <span class='ocrx_word' id='word_1_748' title='bbox 881 5212 1051 5287; x_wconf 83' lang='grc' dir='ltr'>τυχὸν</span> <span class='ocrx_word' id='word_1_749' title='bbox 1084 5211 1119 5280; x_wconf 78' lang='grc' dir='ltr'><strong>ἢ</strong></span> <span class='ocrx_word' id='word_1_750' title='bbox 1155 5210 1302 5266; x_wconf 74' lang='grc' dir='ltr'>οἷ’νου</span> <span class='ocrx_word' id='word_1_751' title='bbox 1331 5213 1366 5282; x_wconf 70' lang='grc' dir='ltr'><strong>ἢ</strong></span> <span class='ocrx_word' id='word_1_752' title='bbox 1398 5210 1575 5268; x_wconf 77' lang='grc' dir='ltr'>ἄλλου</span> <span class='ocrx_word' id='word_1_753' title='bbox 1604 5215 1754 5278; x_wconf 82' lang='grc' dir='ltr'>τινὸς</span> <span class='ocrx_word' id='word_1_754' title='bbox 1795 5213 1998 5279; x_wconf 66' lang='grc' dir='ltr'>εἴδους.</span> 
     </span>
    </p>
   </div>
   <div class='ocr_carea' id='block_1_101' title="bbox 346 5299 2002 5384">
    <p class='ocr_par' dir='ltr' id='par_1_101' title="bbox 346 5299 2002 5384">
     <span class='ocr_line' id='line_1_101' title="bbox 346 5299 2002 5384; baseline -0.011 -17"><span class='ocrx_word' id='word_1_755' title='bbox 346 5311 432 5384; x_wconf 88' lang='grc' dir='ltr'>[Ρ.</span> <span class='ocrx_word' id='word_1_756' title='bbox 463 5308 590 5381; x_wconf 80' lang='lat'>515]</span> <span class='ocrx_word' id='word_1_757' title='bbox 620 5306 710 5365; x_wconf 78' lang='grc' dir='ltr'>Ὠς</span> <span class='ocrx_word' id='word_1_758' title='bbox 741 5299 799 5358; x_wconf 75' lang='grc' dir='ltr'>δὲ</span> <span class='ocrx_word' id='word_1_759' title='bbox 845 5299 1122 5362; x_wconf 80' lang='grc' dir='ltr'>πολλάκις</span> <span class='ocrx_word' id='word_1_760' title='bbox 1173 5299 1534 5373; x_wconf 76' lang='grc' dir='ltr'>ἐρωτηθέντες</span> <span class='ocrx_word' id='word_1_761' title='bbox 1586 5303 1721 5377; x_wconf 68' lang='grc' dir='ltr'>ἅπαξ</span> <span class='ocrx_word' id='word_1_762' title='bbox 1772 5304 2002 5380; x_wconf 71' lang='grc' dir='ltr'>ἀπεκρί-</span> 
     </span>
    </p>
   </div>
   <div class='ocr_carea' id='block_1_102' title="bbox 349 5387 2000 5468">
    <p class='ocr_par' dir='ltr' id='par_1_102' title="bbox 349 5387 2000 5468">
     <span class='ocr_line' id='line_1_102' title="bbox 349 5387 2000 5468; baseline -0.001 -17"><span class='ocrx_word' id='word_1_763' title='bbox 349 5410 518 5468; x_wconf 87' lang='grc' dir='ltr'>θησαν</span> <span class='ocrx_word' id='word_1_764' title='bbox 558 5394 650 5449; x_wconf 83' lang='grc' dir='ltr'>καὶ</span> <span class='ocrx_word' id='word_1_765' title='bbox 686 5391 848 5465; x_wconf 85' lang='grc' dir='ltr'>μόλις</span> <span class='ocrx_word' id='word_1_766' title='bbox 883 5387 1115 5464; x_wconf 86' lang='grc' dir='ltr'>μηδενὸς</span> <span class='ocrx_word' id='word_1_767' title='bbox 1145 5387 1426 5454; x_wconf 85' lang='grc' dir='ltr'>λείπεσθαι</span> <span class='ocrx_word' id='word_1_768' title='bbox 1455 5391 1582 5453; x_wconf 77' lang='grc' dir='ltr'>τοὺς</span> <span class='ocrx_word' id='word_1_769' title='bbox 1619 5391 1722 5447; x_wconf 75' lang='grc' dir='ltr'>ὑπὸ</span> <span class='ocrx_word' id='word_1_770' title='bbox 1751 5400 1850 5462; x_wconf 78' lang='grc' dir='ltr'>τῆς</span> <span class='ocrx_word' id='word_1_771' title='bbox 1899 5400 2000 5464; x_wconf 76' lang='grc' dir='ltr'>σῆς</span> 
     </span>
    </p>
   </div>
   <div class='ocr_carea' id='block_1_103' title="bbox 345 5477 2000 5562">
    <p class='ocr_par' dir='ltr' id='par_1_103' title="bbox 345 5477 2000 5562">
     <span class='ocr_line' id='line_1_103' title="bbox 345 5477 2000 5562; baseline -0.001 -24"><span class='ocrx_word' id='word_1_772' title='bbox 345 5479 840 5562; x_wconf 78' lang='grc' dir='ltr'>προμηθουμένους</span> <span class='ocrx_word' id='word_1_773' title='bbox 902 5477 1220 5541; x_wconf 84' lang='grc' dir='ltr'>δεσποτείας</span> <span class='ocrx_word' id='word_1_774' title='bbox 1277 5478 1370 5534; x_wconf 84' lang='grc' dir='ltr'>καὶ</span> <span class='ocrx_word' id='word_1_775' title='bbox 1431 5477 1730 5556; x_wconf 79' lang='grc' dir='ltr'>βασιλείας,</span> <span class='ocrx_word' id='word_1_776' title='bbox 1784 5507 1804 5532; x_wconf 78' lang='grc' dir='ltr'>ι</span> <span class='ocrx_word' id='word_1_777' title='bbox 1840 5480 2000 5538; x_wconf 83' lang='grc' dir='ltr'>Ἀλλ’</span> 
     </span>
    </p>
   </div>
   <div class='ocr_carea' id='block_1_104' title="bbox 347 5566 1998 5649">
    <p class='ocr_par' dir='ltr' id='par_1_104' title="bbox 347 5566 1998 5649">
     <span class='ocr_line' id='line_1_104' title="bbox 347 5566 1998 5649; baseline -0.003 -16"><span class='ocrx_word' id='word_1_778' title='bbox 347 5576 449 5634; x_wconf 82' lang='grc' dir='ltr'>οὐκ</span> <span class='ocrx_word' id='word_1_779' title='bbox 480 5574 593 5631; x_wconf 74' lang='grc' dir='ltr'>ἴστε</span> <span class='ocrx_word' id='word_1_780' title='bbox 624 5571 716 5641; x_wconf 80' lang='grc' dir='ltr'>δὴ,</span> <span class='ocrx_word' id='word_1_781' title='bbox 748 5566 852 5649; x_wconf 78' lang='grc' dir='ltr'>ἔφη</span> <span class='ocrx_word' id='word_1_782' title='bbox 895 5571 924 5624; x_wconf 82' lang='grc' dir='ltr'>ὁ</span> <span class='ocrx_word' id='word_1_783' title='bbox 959 5568 1218 5645; x_wconf 79' lang='grc' dir='ltr'>βασιλεὺς</span> <span class='ocrx_word' id='word_1_784' title='bbox 1250 5593 1278 5622; x_wconf 88' lang='grc'>‹‹</span> <span class='ocrx_word' id='word_1_785' title='bbox 1311 5569 1397 5626; x_wconf 80' lang='grc' dir='ltr'>δτι</span> <span class='ocrx_word' id='word_1_786' title='bbox 1451 5592 1518 5643; x_wconf 87' lang='grc' dir='ltr'>με</span> <span class='ocrx_word' id='word_1_787' title='bbox 1563 5571 1668 5627; x_wconf 73' lang='grc' dir='ltr'>ὕπὸ</span> <span class='ocrx_word' id='word_1_788' title='bbox 1716 5577 1851 5628; x_wconf 80' lang='grc' dir='ltr'>Θεοῦ</span> <span class='ocrx_word' id='word_1_789' title='bbox 1900 5573 1998 5647; x_wconf 82' lang='grc' dir='ltr'>βα-</span> 
     </span>
    </p>
   </div>
   <div class='ocr_carea' id='block_1_105' title="bbox 347 5657 2000 5740">
    <p class='ocr_par' dir='ltr' id='par_1_105' title="bbox 347 5657 2000 5740">
     <span class='ocr_line' id='line_1_105' title="bbox 347 5657 2000 5740; baseline -0.002 -20"><span class='ocrx_word' id='word_1_790' title='bbox 347 5664 505 5722; x_wconf 76' lang='grc' dir='ltr'>σιλέα</span> <span class='ocrx_word' id='word_1_791' title='bbox 542 5660 904 5740; x_wconf 82' lang='grc' dir='ltr'>γεγενημένον</span> <span class='ocrx_word' id='word_1_792' title='bbox 934 5662 968 5728; x_wconf 79' lang='grc' dir='ltr'>ἡ</span> <span class='ocrx_word' id='word_1_793' title='bbox 1003 5657 1284 5734; x_wconf 74' lang='grc' dir='ltr'>Αὐγοῦστά</span> <span class='ocrx_word' id='word_1_794' title='bbox 1315 5681 1421 5734; x_wconf 84' lang='grc' dir='ltr'>μου</span> <span class='ocrx_word' id='word_1_795' title='bbox 1461 5661 1551 5717; x_wconf 80' lang='grc' dir='ltr'>καὶ</span> <span class='ocrx_word' id='word_1_796' title='bbox 1599 5657 1831 5735; x_wconf 74' lang='grc' dir='ltr'>σῦμϐιος</span> <span class='ocrx_word' id='word_1_797' title='bbox 1869 5661 2000 5717; x_wconf 69' lang='grc' dir='ltr'>ναό-</span> 
     </span>
    </p>
   </div>
   <div class='ocr_carea' id='block_1_106' title="bbox 2116 4855 3766 4926">
    <p class='ocr_par' dir='ltr' id='par_1_106' title="bbox 2116 4855 3766 4926">
     <span class='ocr_line' id='line_1_106' title="bbox 2116 4855 3766 4926; baseline -0.001 -14"><span class='ocrx_word' id='word_1_798' title='bbox 2116 4873 2244 4913; x_wconf 85' lang='lat' dir='ltr'>esse</span> <span class='ocrx_word' id='word_1_799' title='bbox 2275 4861 2341 4911; x_wconf 87' lang='lat' dir='ltr'>ut</span> <span class='ocrx_word' id='word_1_800' title='bbox 2370 4855 2595 4912; x_wconf 91' lang='lat' dir='ltr'>nullius</span> <span class='ocrx_word' id='word_1_801' title='bbox 2628 4856 2714 4911; x_wconf 92' lang='lat' dir='ltr'>rei</span> <span class='ocrx_word' id='word_1_802' title='bbox 2756 4855 3017 4911; x_wconf 88' lang='lat' dir='ltr'>sentiant</span> <span class='ocrx_word' id='word_1_803' title='bbox 3065 4855 3402 4926; x_wconf 89' lang='lat' dir='ltr'>penuriam,</span> <span class='ocrx_word' id='word_1_804' title='bbox 3460 4875 3481 4902; x_wconf 75' lang='grc' dir='ltr'>ε</span> <span class='ocrx_word' id='word_1_805' title='bbox 3515 4855 3766 4910; x_wconf 83' lang='lat' dir='ltr'>Nescitis</span> 
     </span>
    </p>
   </div>
   <div class='ocr_carea' id='block_1_107' title="bbox 2111 4943 3765 5016">
    <p class='ocr_par' dir='ltr' id='par_1_107' title="bbox 2111 4943 3765 5016">
     <span class='ocr_line' id='line_1_107' title="bbox 2111 4943 3765 5016; baseline 0.001 -17"><span class='ocrx_word' id='word_1_806' title='bbox 2111 4963 2267 5013; x_wconf 87' lang='lat' dir='ltr'>vero,</span> <span class='ocrx_word' id='word_1_807' title='bbox 2303 4967 2332 4995; x_wconf 85' lang='lat'><strong>»</strong></span> <span class='ocrx_word' id='word_1_808' title='bbox 2365 4945 2466 5013; x_wconf 89' lang='lat' dir='ltr'>ait,</span> <span class='ocrx_word' id='word_1_809' title='bbox 2504 4965 2528 4996; x_wconf 73' lang='grc' dir='ltr'>α</span> <span class='ocrx_word' id='word_1_810' title='bbox 2562 4943 2719 5016; x_wconf 92' lang='lat' dir='ltr'>quod</span> <span class='ocrx_word' id='word_1_811' title='bbox 2737 4961 2828 4999; x_wconf 89' lang='lat' dir='ltr'>me</span> <span class='ocrx_word' id='word_1_812' title='bbox 2855 4944 3318 5015; x_wconf 75' lang='lat' dir='ltr'>divinitus_008</span> <span class='ocrx_word' id='word_1_813' title='bbox 3342 4944 3765 5014; x_wconf 89' lang='lat' dir='ltr'>imperatorem</span> 
     </span>
    </p>
   </div>
   <div class='ocr_carea' id='block_1_108' title="bbox 2111 5033 3760 5106">
    <p class='ocr_par' dir='ltr' id='par_1_108' title="bbox 2111 5033 3760 5106">
     <span class='ocr_line' id='line_1_108' title="bbox 2111 5033 3760 5106; baseline -0.006 -14"><span class='ocrx_word' id='word_1_814' title='bbox 2111 5036 2332 5092; x_wconf 88' lang='lat' dir='ltr'>factum</span> <span class='ocrx_word' id='word_1_815' title='bbox 2353 5050 2503 5090; x_wconf 88' lang='lat' dir='ltr'>uxor</span> <span class='ocrx_word' id='word_1_816' title='bbox 2525 5051 2659 5089; x_wconf 89' lang='lat' dir='ltr'>mea</span> <span class='ocrx_word' id='word_1_817' title='bbox 2681 5039 2739 5088; x_wconf 88' lang='lat' dir='ltr'>et</span> <span class='ocrx_word' id='word_1_818' title='bbox 2759 5035 3018 5106; x_wconf 82' lang='lat' dir='ltr'>Augusta</span> <span class='ocrx_word' id='word_1_819' title='bbox 3040 5033 3388 5088; x_wconf 88' lang='lat' dir='ltr'>nauclerum</span> <span class='ocrx_word' id='word_1_820' title='bbox 3411 5033 3714 5088; x_wconf 83' lang='lat' dir='ltr'>reddidit?</span> <span class='ocrx_word' id='word_1_821' title='bbox 3732 5053 3760 5082; x_wconf 83' lang='grc'><strong>››</strong></span> 
     </span>
    </p>
   </div>
   <div class='ocr_carea' id='block_1_109' title="bbox 2111 5118 3760 5192">
    <p class='ocr_par' dir='ltr' id='par_1_109' title="bbox 2111 5118 3760 5192">
     <span class='ocr_line' id='line_1_109' title="bbox 2111 5118 3760 5192; baseline -0.002 -14"><span class='ocrx_word' id='word_1_822' title='bbox 2111 5122 2459 5192; x_wconf 90' lang='lat' dir='ltr'>addiditque</span> <span class='ocrx_word' id='word_1_823' title='bbox 2491 5120 2893 5192; x_wconf 81' lang='lat' dir='ltr'>indignanter.</span> <span class='ocrx_word' id='word_1_824' title='bbox 2931 5141 2956 5170; x_wconf 84' lang='grc'>‹‹</span> <span class='ocrx_word' id='word_1_825' title='bbox 2981 5119 3188 5174; x_wconf 88' lang='lat' dir='ltr'>Fuitne</span> <span class='ocrx_word' id='word_1_826' title='bbox 3216 5118 3330 5174; x_wconf 85' lang='lat' dir='ltr'>ulla</span> <span class='ocrx_word' id='word_1_827' title='bbox 3350 5135 3618 5188; x_wconf 89' lang='lat' dir='ltr'>unquam</span> <span class='ocrx_word' id='word_1_828' title='bbox 3645 5125 3760 5174; x_wconf 84' lang='lat' dir='ltr'>Au-</span> 
     </span>
    </p>
   </div>
   <div class='ocr_carea' id='block_1_110' title="bbox 2110 5209 3760 5284">
    <p class='ocr_par' dir='ltr' id='par_1_110' title="bbox 2110 5209 3760 5284">
     <span class='ocr_line' id='line_1_110' title="bbox 2110 5209 3760 5284; baseline -0.005 -16"><span class='ocrx_word' id='word_1_829' title='bbox 2110 5219 2301 5284; x_wconf 88' lang='lat' dir='ltr'>gusta,</span> <span class='ocrx_word' id='word_1_830' title='bbox 2335 5229 2467 5284; x_wconf 70' lang='lat' dir='ltr'>quas</span> <span class='ocrx_word' id='word_1_831' title='bbox 2503 5212 2783 5268; x_wconf 85' lang='lat' dir='ltr'>maritum</span> <span class='ocrx_word' id='word_1_832' title='bbox 2824 5225 2996 5266; x_wconf 87' lang='lat' dir='ltr'>suum</span> <span class='ocrx_word' id='word_1_833' title='bbox 3030 5213 3419 5264; x_wconf 86' lang='lat' dir='ltr'>mercatorem</span> <span class='ocrx_word' id='word_1_834' title='bbox 3451 5209 3708 5265; x_wconf 76' lang='lat' dir='ltr'>viderit?</span> <span class='ocrx_word' id='word_1_835' title='bbox 3732 5232 3760 5260; x_wconf 85' lang='lat'>»</span> 
     </span>
    </p>
   </div>
   <div class='ocr_carea' id='block_1_111' title="bbox 2112 5298 3758 5370">
    <p class='ocr_par' dir='ltr' id='par_1_111' title="bbox 2112 5298 3758 5370">
     <span class='ocr_line' id='line_1_111' title="bbox 2112 5298 3758 5370; baseline -0.002 -13"><span class='ocrx_word' id='word_1_836' title='bbox 2112 5305 2246 5358; x_wconf 66' lang='lat' dir='ltr'>Haec</span> <span class='ocrx_word' id='word_1_837' title='bbox 2276 5301 2430 5356; x_wconf 79' lang='lat' dir='ltr'>fatus</span> <span class='ocrx_word' id='word_1_838' title='bbox 2461 5300 2774 5355; x_wconf 83' lang='lat' dir='ltr'>confestim</span> <span class='ocrx_word' id='word_1_839' title='bbox 2815 5298 3086 5353; x_wconf 89' lang='lat' dir='ltr'>homines</span> <span class='ocrx_word' id='word_1_840' title='bbox 3124 5314 3269 5352; x_wconf 88' lang='lat' dir='ltr'>nave</span> <span class='ocrx_word' id='word_1_841' title='bbox 3311 5299 3510 5370; x_wconf 78' lang='lat' dir='ltr'>egredi</span> <span class='ocrx_word' id='word_1_842' title='bbox 3553 5299 3758 5370; x_wconf 87' lang='lat' dir='ltr'>jussit,</span> 
     </span>
    </p>
   </div>
   <div class='ocr_carea' id='block_1_112' title="bbox 2110 5388 3762 5463">
    <p class='ocr_par' dir='ltr' id='par_1_112' title="bbox 2110 5388 3762 5463">
     <span class='ocr_line' id='line_1_112' title="bbox 2110 5388 3762 5463; baseline -0.002 -14"><span class='ocrx_word' id='word_1_843' title='bbox 2110 5392 2279 5449; x_wconf 89' lang='lat' dir='ltr'>nulla</span> <span class='ocrx_word' id='word_1_844' title='bbox 2342 5409 2406 5446; x_wconf 88' lang='lat' dir='ltr'>re</span> <span class='ocrx_word' id='word_1_845' title='bbox 2473 5395 2796 5463; x_wconf 84' lang='lat' dir='ltr'>exportata,</span> <span class='ocrx_word' id='word_1_846' title='bbox 2869 5405 3197 5460; x_wconf 88' lang='lat' dir='ltr'>navemque</span> <span class='ocrx_word' id='word_1_847' title='bbox 3263 5388 3532 5443; x_wconf 86' lang='lat' dir='ltr'>comburi</span> <span class='ocrx_word' id='word_1_848' title='bbox 3619 5390 3762 5462; x_wconf 87' lang='lat' dir='ltr'>ipsis</span> 
     </span>
    </p>
   </div>
   <div class='ocr_carea' id='block_1_113' title="bbox 2111 5477 3760 5539">
    <p class='ocr_par' dir='ltr' id='par_1_113' title="bbox 2111 5477 3760 5539">
     <span class='ocr_line' id='line_1_113' title="bbox 2111 5477 3760 5539; baseline -0.002 0"><span class='ocrx_word' id='word_1_849' title='bbox 2111 5499 2246 5539; x_wconf 88' lang='lat' dir='ltr'>cum</span> <span class='ocrx_word' id='word_1_850' title='bbox 2279 5480 2426 5537; x_wconf 86' lang='lat' dir='ltr'>velis</span> <span class='ocrx_word' id='word_1_851' title='bbox 2476 5484 2535 5535; x_wconf 90' lang='lat' dir='ltr'>et</span> <span class='ocrx_word' id='word_1_852' title='bbox 2589 5477 2866 5534; x_wconf 91' lang='lat' dir='ltr'>omnibus</span> <span class='ocrx_word' id='word_1_853' title='bbox 2923 5477 3239 5534; x_wconf 86' lang='lat' dir='ltr'>mercibus.</span> <span class='ocrx_word' id='word_1_854' title='bbox 3272 5480 3504 5534; x_wconf 77' lang='lat' dir='ltr'>Acriter</span> <span class='ocrx_word' id='word_1_855' title='bbox 3559 5487 3760 5536; x_wconf 89' lang='lat' dir='ltr'>autem</span> 
     </span>
    </p>
   </div>
   <div class='ocr_carea' id='block_1_114' title="bbox 2113 5566 3761 5644">
    <p class='ocr_par' dir='ltr' id='par_1_114' title="bbox 2113 5566 3761 5644">
     <span class='ocr_line' id='line_1_114' title="bbox 2113 5566 3761 5644; baseline 0.001 -20"><span class='ocrx_word' id='word_1_856' title='bbox 2113 5576 2433 5644; x_wconf 82' lang='lat' dir='ltr'>Augustam</span> <span class='ocrx_word' id='word_1_857' title='bbox 2465 5566 2814 5642; x_wconf 83' lang='lat' dir='ltr'>objurgavit,</span> <span class='ocrx_word' id='word_1_858' title='bbox 2849 5567 3110 5623; x_wconf 90' lang='lat' dir='ltr'>minatus</span> <span class='ocrx_word' id='word_1_859' title='bbox 3141 5567 3192 5623; x_wconf 89' lang='lat' dir='ltr'>ei</span> <span class='ocrx_word' id='word_1_860' title='bbox 3218 5568 3487 5637; x_wconf 83' lang='lat' dir='ltr'>exitium,</span> <span class='ocrx_word' id='word_1_861' title='bbox 3512 5570 3560 5624; x_wconf 90' lang='lat' dir='ltr'>si</span> <span class='ocrx_word' id='word_1_862' title='bbox 3585 5588 3761 5642; x_wconf 89' lang='lat' dir='ltr'>porro</span> 
     </span>
    </p>
   </div>
   <div class='ocr_carea' id='block_1_115' title="bbox 2110 5658 2780 5732">
    <p class='ocr_par' dir='ltr' id='par_1_115' title="bbox 2110 5658 2780 5732">
     <span class='ocr_line' id='line_1_115' title="bbox 2110 5658 2780 5732; baseline -0.006 -17"><span class='ocrx_word' id='word_1_863' title='bbox 2110 5660 2340 5732; x_wconf 87' lang='lat' dir='ltr'>aliquid</span> <span class='ocrx_word' id='word_1_864' title='bbox 2365 5659 2483 5715; x_wconf 85' lang='lat' dir='ltr'>tale</span> <span class='ocrx_word' id='word_1_865' title='bbox 2524 5658 2780 5724; x_wconf 83' lang='lat' dir='ltr'>fecisset,</span> 
     </span>
    </p>
   </div>
   <div class='ocr_carea' id='block_1_116' title="bbox 346 5743 3755 5833">
    <p class='ocr_par' dir='ltr' id='par_1_116' title="bbox 346 5743 3755 5833">
     <span class='ocr_line' id='line_1_116' title="bbox 346 5743 3755 5833; baseline -0.004 -20"><span class='ocrx_word' id='word_1_866' title='bbox 346 5753 559 5833; x_wconf 81' lang='grc' dir='ltr'>κληρον</span> <span class='ocrx_word' id='word_1_867' title='bbox 592 5752 1004 5830; x_wconf 70' lang='grc' dir='ltr'>ἀπειργάσατος</span> <span class='ocrx_word' id='word_1_868' title='bbox 1041 5773 1071 5801; x_wconf 78' lang='grc'>››</span> <span class='ocrx_word' id='word_1_869' title='bbox 1105 5747 1404 5828; x_wconf 79' lang='grc' dir='ltr'>[Ιροσέθετο</span> <span class='ocrx_word' id='word_1_870' title='bbox 1455 5747 1512 5810; x_wconf 74' lang='grc' dir='ltr'>δὲ</span> <span class='ocrx_word' id='word_1_871' title='bbox 1561 5753 1697 5827; x_wconf 77' lang='grc' dir='ltr'>μειά</span> <span class='ocrx_word' id='word_1_872' title='bbox 1741 5753 1956 5830; x_wconf 79' lang='grc' dir='ltr'>πικρίας</span> <span class='ocrx_word' id='word_1_873' title='bbox 2004 5751 2092 5807; x_wconf 84' lang='grc' dir='ltr'>καὶ</span> <span class='ocrx_word' id='word_1_874' title='bbox 2141 5751 2323 5805; x_wconf 75' lang='grc' dir='ltr'>τοῦτο·</span> <span class='ocrx_word' id='word_1_875' title='bbox 2381 5747 2531 5811; x_wconf 86' lang='grc' dir='ltr'>«Τίς</span> <span class='ocrx_word' id='word_1_876' title='bbox 2582 5766 2714 5802; x_wconf 86' lang='grc' dir='ltr'>ποτε</span> <span class='ocrx_word' id='word_1_877' title='bbox 2763 5743 2988 5820; x_wconf 81' lang='grc' dir='ltr'>βασιλέα</span> <span class='ocrx_word' id='word_1_878' title='bbox 3045 5744 3334 5821; x_wconf 80' lang='grc' dir='ltr'>Ῥωμαίων</span> <span class='ocrx_word' id='word_1_879' title='bbox 3367 5745 3403 5819; x_wconf 66' lang='grc' dir='ltr'>ἤ</span> <span class='ocrx_word' id='word_1_880' title='bbox 3434 5751 3533 5820; x_wconf 67' lang='grc' dir='ltr'>τὴν</span> <span class='ocrx_word' id='word_1_881' title='bbox 3593 5749 3755 5805; x_wconf 72' lang='grc' dir='ltr'>αὐτοῦ</span> 
     </span>
    </p>
   </div>
  </div>
