4112 6444
294 423 410 484 98Ἱ
1646 411 1976 474 GEORGII
2021 411 2364 475 CEDBENI
3596 413 3716 473 988

298 552 544 629 γαμετὴν
599 543 843 624 ἔμπορον
899 545 1202 616 ἐθεάσατος
1266 570 1294 598 υ
1345 547 1524 602 Ταῦτα
1583 541 1640 600 Si
1708 542 1876 600 εἰπὼν
1936 542 2210 599 ἐκιλευσεν
2269 543 2516 622 αύθωρὸν
2591 544 2788 620 μόνους
2872 543 3104 618 ἐξελθεῖν
3184 545 3312 608 τοὺς
3345 544 3718 629 ἀνθρώπους,

296 628 395 710 τήν
439 637 496 695 δὲ
523 643 649 694 ναῦν
683 638 894 707 ἐκείνην
927 634 1263 711 παραδοῦναι
1293 635 1420 689 πυόὶ
1453 634 1637 696 αὐτοῖς
1684 633 1880 694 ἷ¹στίοις
1935 631 2025 686 καὶ
2084 638 2202 696 τοῖς
2258 632 2452 698 ἂλλοις
2515 633 2708 690 ἅπασιν
2769 636 3098 712 ἀγωγίμοις.
3163 628 3459 707 Περιὲϐαλε
3519 629 3577 688 δὲ
3627 633 3719 686 καὶ

302 731 402 799 τὴν
435 727 717 783 δέσποιναν
752 723 954 802 ὕϐρεσι,
987 725 1073 780 καὶ
1104 732 1205 794 τῆς
1239 731 1386 794 ζωῆς
1415 723 1689 801 ἐξαγαγεῖν
1730 721 2029 792 ἠπείλησεν
2063 722 2108 778 εἰ
2141 727 2418 802 φωραθείη
2456 723 2639 780 ἔκτοτε
2667 726 2914 780 τοιοῦτόν
2945 746 2997 780 τι
3027 728 3282 781 ποιοῦσα.

373 823 586 876 Nomen
599 822 871 892 Augusta}
885 815 1952 887 fuitTheodora.patriaPaphlagonia:

2137 815 2390 886 Ὥρμητο
2425 812 2471 868 δ’
2505 818 2537 884 ἡ
2575 815 2792 889 βασιλὶς
2823 811 3076 887 Θεοδώρα
3104 813 3166 868 ἐκ
3220 820 3320 881 τῆς
3370 812 3559 888 χώρας
3604 817 3716 867 τῶν

305 915 584 983 parentes
615 909 873 962 Marinus
902 906 987 960 vir
1016 923 1136 961 non
1169 905 1466 977 ignobilis,
1521 910 1580 958 et
1623 904 1958 960 Theoctista

309 1003 699 1070 cognomento
731 995 984 1063 Florina,
1018 994 1110 1064 pie
1143 1000 1393 1064 uterque
1427 993 1730 1055 educatus,
1762 1009 1957 1064 neque

306 1087 636 1143 divinarum
670 1085 996 1157 imaginum
1028 1083 1471 1138 venerationem
1513 1083 1795 1148 difﬁtens,
1855 1083 1959 1138 sed

301 1176 720 1235 ardentissimo
754 1192 885 1230 eam
918 1175 1121 1230 colens
1153 1174 1367 1230 studio.
1419 1175 1715 1229 Coronata
1770 1175 1962 1228 Theo-

304 1266 469 1333 dora,
501 1271 692 1320 mater
723 1281 960 1335 quoque
995 1265 1126 1336 ejus
1155 1264 1491 1318 Theoctista
1520 1269 1692 1318 zostai
1751 1269 1809 1318 et
1856 1279 1961 1334 pa—

305 1353 492 1410 tricia:
525 1354 811 1425 dignitate
847 1359 1059 1408 ornata
1090 1357 1198 1407 est.
1223 1354 1304 1407 Ea
1335 1352 1578 1408 domum
1602 1351 1807 1407 habuit
1828 1369 1962 1422 pro-

310 1444 537 1498 ximam
570 1442 837 1498 Gastriis.
865 1444 935 1496 Et
967 1441 1120 1496 ﬁlias
1150 1441 1471 1496 Theodore;
1525 1441 1597 1496 ad
1648 1458 1707 1495 se
1756 1440 1963 1496 crebro

305 1534 562 1588 invitans
613 1532 902 1602 (quinque
957 1537 1130 1586 erant
1176 1548 1447 1598 numero,
1490 1531 1722 1596 Thecia,
1771 1533 1962 1597 Anna,

305 1622 640 1690 Anastasia,
677 1620 992 1675 Pulcheria
1015 1621 1287 1689 etMaria)
1311 1638 1378 1675 ac
1401 1620 1575 1675 variis
1592 1619 1962 1686 muneribus,

307 1711 493 1783 quibu
516 1709 870 1765 sdemulceri
904 1710 952 1763 is
985 1726 1160 1764 sexus
1192 1708 1365 1775 solet,
1398 1708 1735 1772 blandiens,
1801 1726 1966 1764 seor-

314 1801 426 1855 sim
462 1801 767 1855 exhortata
798 1805 886 1854 est
917 1805 981 1854 ut
1012 1815 1190 1870 supra
1222 1816 1396 1854 suum
1429 1816 1634 1853 sexum
1669 1804 1966 1870 saperent,

310 1891 661 1960 animosque
694 1888 887 1944 viriles
919 1893 977 1943 et
1017 1894 1286 1943 materna
1335 1888 1574 1943 fortuna
1612 1887 1820 1959 dignos
1871 1904 1967 1942 su-

317 1983 570 2042 merent,
604 1977 1079 2046 abominataaque
1113 1978 1298 2049 patris
1328 1977 1583 2031 haeresim
1613 1993 1810 2032 sacras
1839 1993 1966 2031 am-

313 2067 720 2138 plecterentur
777 2067 1086 2138 imagines.
1147 2066 1330 2121 Simul
1385 2072 1444 2120 et
1497 2082 1566 2120 ex
1625 2067 1773 2122 cista
1830 2083 1969 2136 qua-

2063 901 2462 981 Παφλαγὸνων,
2496 906 2822 979 γεννήτορας
2856 904 3108 976 αὐχοῦσα
3152 905 3391 977 Μερῖνον
3432 902 3530 956 οὐκ
3577 902 3718 971 ἄση-

2067 1012 2166 1064 μον
2199 988 2366 1065 ἄνδρα
2396 992 2485 1046 καὶ
2519 994 2730 1068 μητέρα
2788 992 3112 1061 Θεοκτίστην
3158 993 3257 1059 τήν
3307 990 3451 1045 οὕτω
3495 990 3718 1066 Φλωρῖ-

2064 1102 2156 1134 ναν
2211 1082 2752 1154 κατονομαζομένην,
2822 1081 3168 1161 ἀμφοτέρους
3255 1076 3500 1151 εὐσεϐείᾳ
3572 1080 3719 1135 ἐντε-

2067 1170 2418 1242 θραμμένους
2449 1171 2539 1226 καὶ
2570 1173 2671 1240 τήν
2715 1175 2823 1225 τῶν
2875 1175 3083 1225 σεπτιῖιν
3135 1169 3356 1225 είκόνων
3407 1170 3724 1244 προσκύνη-

2067 1279 2148 1313 σιν
2205 1259 2305 1314 ούκ
2368 1259 2796 1335 ἐξαρνουμένους
2881 1260 2955 1320 ὡς
3040 1261 3156 1314 κατ’
3259 1259 3435 1314 ἐκεῖνο
3526 1258 3718 1321 πάντες

2066 1354 2278 1423 ηιροῦ,
2312 1349 2722 1422 ἀσπαζομένους
2755 1347 2812 1404 δὲ
2860 1350 2949 1404 καὶ
3003 1349 3504 1422 ἐνστερνιζομένους
3553 1349 3720 1423 ὑπερ-

2069 1441 2237 1517 φυῶς.
2275 1436 2584 1510 Διαδήματι
2643 1437 2698 1493 δὲ
2762 1443 2863 1503 τῆς
2924 1436 3208 1513 Θεοδώρας
3266 1438 3720 1514 καταστεφθείσης

2067 1530 2159 1583 καὶ
2190 1531 2224 1596 ἡ
2256 1527 2458 1598 ταύτης
2494 1531 2681 1602 μήτηρ
2713 1527 3011 1599 Θεοκτίσιη
3055 1531 3234 1598 ζωστή
3285 1549 3344 1582 τε
3385 1528 3476 1583 καὶ
3525 1548 3725 1602 πατρι-

2068 1617 2157 1673 κία
2330 1619 2615 1690 τετίμητο.
2648 1617 2799 1688 Αὖτη
2831 1615 2877 1672 δ’
2925 1619 3018 1672 οὗν
3052 1621 3085 1687 ἡ
3117 1618 3416 1688 Θεοκτίστη
3467 1618 3606 1672 κατᾶ
3634 1618 3729 1673 τὸν

2071 1710 2269 1777 δακτῆς
2301 1709 2449 1762 οἷκον
2481 1705 2701 1784 ἔγγιστα
2734 1705 3076 1780 διακείμενον
3107 1713 3214 1762 τῶν
3281 1708 3583 1779 Γαστρίων,
3635 1708 3732 1769 τὰς

2071 1803 2171 1864 τῆς
2201 1793 2486 1862 Θεοδώρας
2522 1795 2977 1869 μετακαλουμένη
3031 1793 3231 1857 παῖδας
3283 1796 3457 1869 (πέντε
3489 1793 3545 1850 δὲ
3583 1796 3725 1864 ἦσαν

2071 1886 2162 1940 τὸν
2193 1885 2449 1960 ἀριθμὸν,
2481 1886 2517 1954 ἢ
2549 1907 2608 1940 τε
2638 1885 2836 1953 Θέκλα,
2895 1887 3082 1954 Ἅννα,
3136 1884 3482 1954 Ἀναστασία,
3535 1885 3728 1941 Ηουλ-

2076 1975 2238 2048 χερία
2267 1994 2326 2029 τε
2356 1973 2447 2028 καῖ
2479 1974 2683 2048 Μαρία)
2716 1972 2915 2038 ἄλλαις
2941 1996 2999 2029 τε
3049 1971 3280 2048 δωρεαῖς
3331 1977 3419 2036 αἷς
3462 1973 3726 2048 ὑποσύρε-

2076 2071 2198 2124 σθαι
2230 2069 2292 2122 τὸ
2325 2067 2467 2137 θῆλυ
2499 2067 2731 2146 πέφυκεν
2783 2065 3075 2138 ἐδεξιοῦτο,
3126 2068 3220 2122 καὶ
3269 2065 3384 2137 ῗδίᾳ
3435 2065 3729 2141 παραλαμ-

314 2157 451 2212 dam
512 2156 894 2226 depromptas
954 2171 1055 2211 eas
1114 2155 1174 2209 in
1260 2171 1474 2210 manus
1533 2156 1689 2210 904
1757 2155 1972 2226 puellis

2086 2153 2316 2212 6dvouca
2352 2158 2428 2230 μὴ
2465 2157 2856 2230 μαλακίζεσθαι
2892 2153 3032 2230 μηδέ
3067 2155 3242 2228 μένειν
3300 2154 3550 2226 θηλείας,
3600 2155 3732 2229 ὅπερ

314 2246 498 2311 dedit,
531 2245 822 2315 facieique
857 2250 914 2298 et
945 2244 1118 2300 labiis
1150 2244 1429 2312 admovit,
1456 2249 1523 2299 ut
1553 2261 1758 2299 earum
1807 2261 1969 2300 amor

313 2352 440 2390 rem
473 2335 777 2389 excitaret.
814 2335 933 2389 Hoc
963 2351 1100 2389 cum
1129 2334 1228 2389 illa
1257 2333 1583 2388 identidem
1643 2339 1860 2405 ageret,
1909 2339 1975 2388 ut

309 2425 677 2480 desiderium
710 2423 902 2480 cultus
935 2422 1369 2478 venerabilium
1416 2423 1743 2495 imaginum
1775 2423 1836 2477 in
1867 2439 1976 2476 ne-

314 2514 512 2585 ptibus
557 2512 888 2582 accederet,
941 2529 1061 2566 non
1110 2511 1322 2566 fefellit
1368 2511 1776 2582 Theophilum.
1829 2513 1974 2567 Nam

315 2605 367 2660 is
397 2604 720 2676 aliquando
753 2621 888 2659 cum
923 2602 1074 2659 ﬁlias
1117 2603 1513 2674 interrogaret
1561 2602 1846 2672 quidnam
1900 2603 1972 2657 ab

316 2693 444 2749 avia
467 2695 756 2749 donorum
785 2693 1288 2764 accepissent,aut
1304 2691 1449 2762 quid
1463 2693 1680 2747 scitum
1693 2692 1972 2765 egissent,

314 2783 560 2854 reliquis
579 2783 1103 2850 interrsgationem
1129 2782 1258 2853 ejus
1273 2781 1451 2836 veluti
1475 2798 1680 2836 ansam
1705 2787 1976 2837 constan-

313 2879 403 2928 ter
435 2871 895 2928 declinantibus.
929 2872 1248 2927 Pulcheria
1279 2871 1516 2927 tenellae
1541 2873 1731 2927 atatis
1753 2871 1976 2945 simpli-

316 2963 492 3018 citate
527 2962 723 3029 ducta,
758 2978 936 3032 quam
967 2961 1185 3017 blande
1208 2967 1472 3018 tractatae
1491 2969 1692 3017 essent
1711 2978 1777 3018 ac
1795 2979 1974 3033 quam

317 3052 494 3108 variis
525 3050 816 3106 fructibus
848 3050 1080 3106 donatae
1112 3067 1436 3122 exponens,
1479 3051 1798 3123 imaginum
1829 3069 1978 3122 quo-

320 3158 436 3215 que
459 3140 870 3196 adorationem
892 3139 1174 3211 prodidit,
1193 3141 1334 3195 aviaa
1357 3141 1419 3195 in
1445 3141 1592 3196 cista
1606 3141 1827 3196 multas
1848 3159 1976 3197 esse

319 3233 557 3302 Puppas
579 3229 805 3294 dicens,
831 3245 977 3300 quas
1007 3230 1273 3301 ipsarum
1305 3230 1596 3301 capitibus
1630 3235 1687 3284 et
1717 3230 1972 3286 vultibus

319 3335 386 3374 ea
417 3324 550 3391 post
579 3318 784 3374 oscula
813 3317 1187 3389 applicuerit.
1223 3317 1304 3373 0b
1355 3318 1482 3373 haec
1528 3319 1727 3373 furore
1776 3320 1967 3389 perci-

322 3414 415 3464 tus
435 3408 761 3480 imperator
773 3407 983 3464 durius
1004 3414 1204 3464 tamen
1221 3408 1280 3462 in
1304 3425 1539 3464 socrum
1554 3415 1814 3464 statuere
1827 3409 1978 3464 nihil

323 3514 502 3553 ausus
533 3502 644 3563 est,
671 3497 1004 3552 reverentia
1035 3496 1233 3552 uxoris
1267 3502 1323 3552 et
1355 3497 1540 3552 multo
1572 3498 1760 3570 magis
1790 3498 1977 3569 ipsius

319 3585 673 3642 Theoctistm
704 3585 981 3640 libertate
1014 3585 1335 3656 impeditus
1366 3588 1525 3653 (nam
1570 3601 1856 3657 generum
1910 3603 1979 3641 ea

325 3672 522 3745 palam
583 3671 1012 3739 insectabatur,
1071 3673 1667 3744 reprehendebatque
1746 3680 1987 3744 propter

327 3761 710 3835 quotidianas
741 3761 1152 3818 confessorum
1183 3764 1523 3819 vexationes
1565 3765 1981 3835 haaresimque,

327 3858 384 3908 et
413 3851 569 3907 ferre
603 3851 726 3906 sola
755 3851 1168 3908 universorum
1204 3853 1264 3908 in
1297 3869 1432 3908 eum
1476 3854 1613 3909 odia
1664 3855 1982 3925 patefacie-

327 3941 452 4012 bat)
476 3957 488 3994 :
517 3945 747 3996 tantum
778 3941 1014 3997 ﬁliabus
1035 3943 1178 3997 aviae
1205 3943 1368 3998 aditu
1395 3943 1456 3998 in
1479 3947 1780 4015 posterum
1801 3945 1982 4000 inter-

328 4029 500 4086 dixit.

2079 2247 2238 2316 ἦσαν,
2283 2246 2610 2320 ἐξελιπαρει,
2663 2243 3002 2321 ἀνδρίζεσθαι
3065 2243 3122 2300 δὲ
3176 2246 3265 2300 καὶ
3311 2252 3413 2314 τῆς
3475 2246 3735 2318 μητρῴας

2080 2335 2259 2405 θηλῆς
2293 2335 2416 2405 ἄξια
2447 2333 2776 2390 διανοεῖσθαι
2826 2335 2918 2390 καὶ
2967 2334 3265 2412 πγέποντα.
3313 2335 3414 2402 τὴν
3467 2336 3732 2409 πατρῴαν

2083 2426 2177 2499 μὲν
2238 2424 2448 2501 α’ίρεσιν
2510 2425 2946 2500 μυσαττομένας,
3006 2427 3486 2500 κατασπαζομένας
3545 2423 3602 2480 δὲ
3640 2425 3736 2488 τὰς

2078 2520 2186 2570 τῶν
2245 2515 2410 2589 ἁγίων
2469 2515 2694 2570 εἰκόνων
2755 2517 2987 2594 μορφάς.
3069 2517 3176 2572 Καὶ
3235 2511 3350 2589 ἅμα
3399 2517 3599 2578 ταύτας
3654 2515 3731 2576 εἷς

2079 2609 2273 2681 χεῖρας
2305 2601 2662 2677 ἐμϐάλλουσα
2692 2604 2978 2682 (ἐφύλαττε
3009 2602 3066 2659 δὲ
3096 2599 3150 2658 ἔν
3197 2625 3303 2659 τινι
3348 2600 3618 2677 κιϐωτίῳ)
3655 2609 3736 2676 τῷ

2077 2713 2138 2749 τε
2196 2695 2478 2769 προσώπῳ
2537 2695 2626 2748 καὶ
2681 2699 2799 2758 τοῖς
2852 2692 3096 2769 χείλεσιν
3153 2694 3329 2748 αὐτῶν
3386 2691 3731 2765 ἐπιτιθεμένη

2079 2781 2296 2857 ἠγίαζε,
2329 2783 2417 2836 καὶ
2451 2783 2588 2856 πρὸς
2621 2782 2684 2837 τὸ
2719 2782 2942 2839 ἐκείνων
2973 2783 3258 2856 ἀνηρέθιζε
3287 2781 3534 2862 φίλτρον.
3561 2785 3738 2839 Τοῦτο

2082 2873 2174 2927 οὗν
2207 2869 2517 2947 ἐνδελεχῶς
2553 2873 2809 2943 ποιοῦσα,
2840 2872 2929 2927 καὶ
2958 2878 3078 2934 ταῖς
3109 2871 3355 2947 ἐγγόνοις
3376 2873 3468 2927 τὸν
3490 2874 3613 2948 περὶ
3641 2873 3736 2934 τὰς

2081 2961 2228 3023 θείας
2261 2960 2468 3024 εῗκόνας
2496 2964 2664 3017 πόθον
2698 2962 3006 3017 ἆνάπτουσα
3045 2961 3145 3016 οὐκ
3191 2959 3351 3016 ἔλαθε
3393 2962 3484 3017 τὸν
3539 2962 3736 3041 Θεόφι-

2083 3048 2181 3106 λον
2213 3051 2614 3124 πυνθανόμενον
2648 3050 2678 3106 ὅ
2705 3073 2756 3106 τι
2789 3057 2868 3122 {te
2916 3051 3101 3113 αὐταῖς
3153 3051 3296 3121 παρᾶ
3338 3058 3438 3119 τῆς
3494 3050 3732 3124 μάμμης

2083 3137 2390 3213 δεδώρηται
2414 3141 2502 3196 καὶ
2534 3139 2566 3196 ὅ
2595 3163 2650 3196 τι
2682 3142 2921 3219 χάριτος
2953 3141 3285 3218 ἐξείργασται
3317 3139 3483 3212 ἄξιον.
3518 3140 3585 3195 Αἱ
3637 3139 3730 3213 μὲν

2083 3228 2178 3282 οὗν
2217 3227 2382 3284 ἄλλαι
2413 3229 2509 3291 τὰς
2539 3230 2736 3284 τούτου
2767 3229 3005 3296 πεύσεις,
3040 3230 3306 3304 σταθηρὸν
3336 3222 3565 3308 ἔχουσαι
3605 3227 3736 3304 φρό-

2084 3339 2258 3390 νημα,
2321 3317 2504 3392 ὥσπερ
2565 3318 2712 3381 τινὰς
2771 3314 2940 3380 λαϐὰς
3002 3318 3321 3394 ἐρρωμένως
3385 3316 3740 3394 παρέτρεχον·

2088 3409 2123 3476 ἡ
2155 3405 2212 3462 δὲ
2243 3406 2558 3484 Πουλχερία
2589 3410 2725 3463 κατᾶ
2752 3409 2851 3477 τὴν
2886 3407 3110 3476 ἡλικίαν
3161 3407 3496 3477 νηπιᾶζουσα
3542 3407 3638 3468 τάς
3685 3427 3745 3463 τε

2091 3493 2495 3573 φιλοφροσύνας
2527 3496 2786 3571 κατέλεγε
2815 3497 2906 3552 καὶ
2955 3495 3018 3552 τὸ
3067 3495 3281 3566 πλῆθος
3331 3500 3441 3552 τῶν
3485 3496 3747 3570 ὀπωρῶν,

2092 3587 2398 3664 προσετίθει
2432 3586 2489 3642 δὲ
2513 3588 2601 3643 καὶ
2651 3589 2749 3658 τήν
2796 3593 2905 3642 τῶν
2967 3593 3174 3642 σεπτῶν
3233 3586 3457 3642 εἰκόνων
3507 3585 3745 3659 προσκύ-

2088 3699 2268 3750 νησιν,
2317 3677 2462 3732 οὕτω
2518 3674 2574 3731 δὲ
2631 3676 2815 3733 ἁπαλὰ
2873 3681 3147 3756 φρονοῦσα
3199 3676 3287 3732 καὶ
3348 3675 3606 3752 λέγουσα,
3665 3677 3742 3738 ὡς

2091 3764 2230 3820 νινία
2259 3763 2449 3819 πολλὰ
2479 3762 2564 3834 εἴη
2599 3762 2734 3830 αὐτῆ
2765 3764 2903 3820 κατᾶ
2930 3765 2992 3818 τὸ
3022 3759 3307 3831 κιϐώτιον,
3339 3764 3429 3819 καὶ
3477 3767 3646 3820 ταῦτα
3675 3766 3745 3838 τῇ

2089 3852 2303 3934 κεφαλῇ
2333 3853 2425 3907 καὶ
2456 3859 2574 3914 τοῖς
2605 3854 2924 3928 προσώποις
2963 3855 3121 3926 ἡμῶν
3168 3852 3442 3922 ἐπιτίθησι
3496 3854 3632 3924 μετὰ
3678 3853 3749 3908 τὰ

2091 3942 2404 4022 φιλήματα.
2437 3944 2619 3998 Ταῦτα
2656 3942 2748 3996 τὸν
2804 3939 3032 4017 βασιλέα
3091 3941 3168 4003 εἷς
3230 3942 3422 4015 μανίαν
3486 3939 3752 4017 διήγειρε,

2090 4029 2369 4109 πρᾶξαιδέ
2398 4053 2451 4086 τι
2500 4035 2611 4085 τῶν
2665 4028 3114 4105 δραστικωτὲρων
3166 4031 3242 4092 εὶς
3285 4030 3452 4100 αὐτὴν
3513 4030 3754 4087 ἐκωλύε-

325 4137 411 4184 το,
452 4120 521 4190 τῇ
553 4138 608 4172 τε
641 4118 779 4191 πρὸς
806 4119 905 4186 τήν
939 4124 1164 4194 γυναῖκα
1194 4118 1344 4175 αἶ’δοῖ
1391 4121 1483 4176 καί
1538 4116 1799 4193 εὐλαϐείᾳ
1844 4123 1934 4176 καὶ
1993 4120 2160 4178 πλέον
2217 4121 2251 4190 ἦ
2312 4120 2584 4198 ἐκέχρητο
2640 4119 2918 4195 παρρησίᾳ
2975 4119 3290 4195 εἶ’ργόμενος
3355 4122 3466 4194 (καὶ
3523 4123 3624 4196 γὰρ
3682 4121 3752 4190 ἧν

325 4206 606 4281 ἀριδήλως
639 4205 1058 4262 ἓπισκώπτουσα
1085 4213 1278 4264 τοῦτον
1329 4209 1420 4264 καὶ
1472 4207 1836 4286 διελέγχουσα
1888 4210 1976 4265 ἐπί
2022 4232 2082 4267 τε
2128 4215 2248 4272 τοῖς
2298 4213 2416 4274 καθ’
2472 4209 2680 4284 ἡμέραν
2740 4208 2848 4264 τῶν
2910 4207 3278 4284 ὁμολογητῶν
3337 4207 3603 4284 διωγμοῖς
3660 4210 3752 4266 καὶ

321 4299 394 4369 τῇ
427 4293 742 4371 δηλωθείσῃ
804 4297 1027 4372 αἱρέσει,
1090 4301 1177 4372 [Ρ.
1236 4302 1360 4372 516]
1417 4299 1507 4355 καὶ
1569 4300 1705 4372 μόνη
1766 4305 1965 4374 μικροῦ
2032 4300 2261 4378 φανερὰν
2321 4303 2556 4354 ποιοῦσα
2611 4300 2709 4366 τὴν
2769 4299 2906 4374 πρὸς
2959 4298 3119 4354 αὐτὸν
3178 4303 3286 4354 τῶν
3342 4299 3592 4354 ἁπάντων
3644 4300 3754 4355 ἀπ-

325 4385 588 4459 έχθειαν),
621 4383 831 4440 ἐκώλυε
862 4383 920 4440 δὲ
953 4387 1118 4457 μόνον
1150 4389 1250 4458 τὴν
1285 4388 1420 4460 πρὸς
1449 4389 1546 4456 τὴν
1581 4390 1908 4457 Θεοκτίστην
1938 4393 2045 4444 τῶν
2078 4387 2391 4465 θυγατέρων
2425 4389 2594 4444 αὐτοῦ
2626 4388 2824 4465 ἄφιξιν.

399 4475 620 4532 Similis
653 4493 824 4532 casus
856 4479 1134 4550 Augustae
1167 4477 1394 4552 obtigit.
1429 4480 1714 4535 Alebatur
1744 4479 1806 4534 in
1849 4480 1987 4536 aula

324 4564 646 4621 homuncio
677 4565 877 4621 fatuus
911 4571 970 4620 et
1000 4567 1292 4623 Homerici
1323 4567 1608 4624 Thersites
1663 4569 1986 4640 persimilis

2168 4477 2398 4540 Τούτοις
2449 4478 2811 4553 παραπλήσια
2868 4473 3183 4550 συμϐέϐηκε
3239 4477 3328 4534 καὶ
3375 4484 3445 4553 τῇ
3511 4477 3758 4555 βασιλίδι

2099 4563 2378 4642 Θεοδώρᾳ.
2413 4567 2702 4646 Ἐτρέφετο
2749 4569 2895 4640 παρὰ
2949 4573 3067 4632 τοῖς
3114 4565 3417 4643 βασιλείοις
3463 4565 3759 4644 ἀνδράριον

1530 4746 1896 4836 XYLANDRI
1933 4747 2021 4802 ET
2061 4747 2275 4803 GOARI
2318 4748 2537 4802 ΝΟΤᾸΕ.

399 4916 514 4990 (85)
547 4916 736 4986 Supra
766 4922 942 4990 εοεαεΔ
956 4915 1076 4970 sive
1108 4916 1629 4990 cinctgprivilegio
1652 4922 1711 4972 et
1737 4917 1991 4988 patriciae
2021 4920 2068 4983 υ
2104 4915 2280 4990 honor
2309 4917 2425 4990 ipse
2456 4916 2666 4990 cinctus
2696 4920 2797 4990 est,
2829 4930 2951 4990 cum
2992 4921 3236 4990 uacaret,
3294 4913 3450 4969 nihil
3463 4987 3478 4990 _
3488 4915 3762 4983 jurisdic-'

331 4988 575 5043 nomine
608 4992 856 5057 augetur
885 4987 1221 5042 Theoctista
1252 4987 1572 5043 Theodorus
1613 4987 1820 5046 mater.
1855 4992 1990 5043 Am-

330 5059 570 5114 bierunt
600 5058 759 5113 enim
793 5059 971 5114 etiam
999 5059 1236 5114 feminae
1282 5059 1697 5115 sublimiorum
1747 5065 1806 5115 et
1853 5060 1991 5114 viris

331 5130 709 5186 solummodo
724 5146 1143 5186 concessarum
1164 5130 1598 5201 appellationes
1612 5132 1989 5201 dignitatum,

333 5203 540 5273 quidni
575 5208 634 5257 et
666 5202 944 5274 insignia,
979 5218 1110 5274 quae
1141 5202 1367 5256 nullam
1399 5209 1736 5272 anguerunt
1766 5203 1825 5256 in
1853 5203 1992 5256 viris

326 5273 836 5344 jurisdictionem,
869 5274 1059 5328 solam
1101 5273 1435 5328 indicarent
1475 5275 1906 5329 sublimitatem
1938 5279 1995 5328 et

378 5363 624 5403 onorem
641 5346 1029 5417 ‘?patriciatus
1047 5352 1248 5418 autem
1271 5345 1527 5418 dignitas
1545 5345 1992 5416 jurisdictione,

337 5435 455 5489 qua
485 5419 754 5473 solitaria
785 5423 896 5482 est,
931 5422 1117 5489 vacat,
1150 5417 1353 5483 gloriae
1386 5419 1507 5473 fere
1560 5434 1874 5488 supremus
1907 5422 1998 5470 est

341 5488 578 5560 gradus.
604 5489 675 5543 ad
697 5507 869 5560 quem
889 5488 1136 5558 proinde
1161 5488 1414 5543 feminas
1428 5489 1538 5544 sibi
1555 5489 1996 5559 conjunctiores

341 5566 665 5631 potuerunt
694 5561 1083 5631 imperatores
1109 5561 1376 5626 evehere,
1397 5577 1629 5615 necnon
1655 5561 1998 5631 patriciatus

342 5630 529 5703 virilis
557 5630 883 5700 insignibus
907 5647 1215 5703 exornare,
1239 5631 1460 5699 cingulo
1483 5630 1783 5688 nimirum.
1816 5631 1999 5703 Hujus

347 5701 704 5776 conjecturas
734 5702 1120 5776 Qassiodorus
1147 5710 1449 5776 auctorem
1479 5720 1540 5759 se
1567 5704 1764 5776 prodit
1787 5701 1916 5776 Var;
1945 5705 2000 5771 6,

347 5775 402 5826 2.
445 5769 629 5841 Cujus
654 5773 834 5827 verba
891 5776 1067 5827 sunt:
1129 5773 1272 5829 Hinc
1331 5781 1408 5830 est
1468 5769 1615 5848 quo’d
1665 5769 2002 5849 patriciatus

2105 4989 2270 5040 tionis
2300 4987 2502 5041 habens
2532 4993 2584 5040 et
2603 4986 2918 5056 judicantis
2949 4985 3233 5054 cingulum
3278 5002 3386 5041 non
3440 4987 3714 5056 deponens
3745 5011 3760 5053 ς

2102 5064 2292 5129 morte
2325 5058 2544 5129 quippe
2575 5075 2696 5112 non
2729 5056 3126 5124 exstinguitur
3155 5058 3349 5113 honor
3391 5057 3717 5128 hujusmod
3744 5060 3763 5096 ι

2099 5128 2307 5184 Subdit
2357 5128 2719 5200 propterea:
2779 5136 3006 5183 ornatus
3064 5129 3405 5193 individuus,
3468 5129 3756 5198 cingulum

2099 5202 2276 5270 ﬁdele,
2310 5201 2457 5271 quod
2496 5203 2670 5256 nescit
2725 5207 2854 5254 ante
2910 5202 3156 5255 deserere
3212 5217 3378 5271 quam
3427 5201 3493 5255 de
3548 5201 3756 5257 mundo

2102 5275 2292 5338 earire;
2325 5275 2532 5342 unique
2563 5279 2779 5327 tantum
2829 5271 2973 5326 cedit
3023 5274 3275 5342 (coronas)
3323 5271 3554 5341 fulgori,
3596 5289 3758 5344 quem

2104 5345 2385 5398 interdum
2413 5347 2578 5399 etiam
2605 5361 2640 5398 a
2670 5344 2824 5397 nobis
2855 5349 3066 5398 constat
3106 5345 3328 5399 assumi.
3363 5345 3450 5398 Ita
3499 5343 3761 5399 formula

2105 5432 2176 5470 ex
2201 5415 2488 5487 principis
2516 5431 2787 5488 persona.
2814 5416 2893 5469 Ex
2918 5415 3134 5484 quibus
3148 5432 3325 5488 quam
3342 5416 3567 5488 vicinus
3581 5415 3763 5472 fuerit

2105 5487 2488 5558 imperatorio
2520 5487 2869 5541 Theoctista:
2907 5503 3013 5541 ceu
3046 5487 3239 5541 socrui
3291 5487 3520 5543 delatus
3573 5489 3766 5542 honor

2107 5575 2224 5613 non
2259 5559 2500 5632 difﬁcile
2535 5564 2623 5614 est
2653 5558 2952 5630 colligere.
2973 5558 3319 5632 Secundam
3351 5566 3571 5614 zostem
3604 5559 3762 5632 leges

2107 5648 2166 5703 p.
2201 5633 2323 5699 8'50,
2356 5631 2592 5703 tertiam
2617 5647 2678 5703 p.
2733 5629 2856 5684 501.
2909 5630 3095 5697 Ζώνης
3145 5629 3448 5703 ὑπεροχήν,
3502 5629 3765 5686 εἱουῑῖθι

2109 5699 2182 5777 ob
2214 5699 2801 5777 crimenéealbeew,
2863 5708 3156 5777 memorat
3211 5699 3364 5777 liber
3407 5703 3643 5777 leonis
3704 5709 3768 5759 et

2113 5773 2483 5832 Constantini
2514 5773 2632 5832 ΑΛ.
2669 5773 2757 5831 tit.
2791 5790 2891 5841 vn,
2923 5777 3066 5830 tom.
3101 5774 3172 5846 Il,
3204 5774 3361 5832 Juris
3392 5775 3503 5833 GR.
3548 5775 3725 5832 ϐολῇ.
