4112 6426
242 438 361 499 989

237 565 730 645 παρακεκομμένον
805 567 914 640 (86)
973 565 1063 622 καὶ

240 660 580 734 παρόμοιον,
624 654 870 731 Δένδερις
938 659 1049 728 (87)
1108 650 1284 727 ὄνομα
1339 655 1542 728 τούτῳ,
1602 652 1794 728 ἄσημα
1853 673 1910 707 τε

245 750 620 828 φθεγγόμενον
652 747 741 801 καὶ
777 744 995 821 γέλωτα
1020 749 1206 798 κινοῦν
1263 745 1355 799 καὶ
1411 740 1682 817 θυμηδίας
1731 737 1910 797 ἕνεκεν

251 844 372 900 τοῖς
407 835 705 914 βασιλείοις
750 833 1186 908 ἐνδιαιτώμενον.
1227 836 1402 891 Τοῦτο
1458 837 1586 908 γοῦν
1647 829 1910 902 εἴσπηδῆο

250 930 348 984 σάν
382 948 516 982 ποτε
549 927 686 980 κατὰ
715 925 806 981 τὸν
835 931 935 994 τῆς
963 923 1284 1001 Αύγούστης
1342 921 1700 978 κοιτωνίσκον
1759 921 1909 982 θείας

251 1018 466 1078 εἰκόνας
524 1009 822 1070 κατέλαϐεν
879 1013 1044 1082 αὐτὴν
1117 1012 1645 1087 περιπτυσσομένην.
1705 1008 1912 1071 Ταύτας

251 1107 386 1163 ἰδὼν
419 1105 574 1167 οὗτος
609 1105 638 1160 6
684 1103 1007 1178 παραπαίων
1036 1102 1087 1158 τί
1119 1101 1177 1158 τέ
1232 1101 1364 1157 εἰσιν
1425 1100 1773 1166 ἐπυνθάνετο,
1821 1098 1912 1153 καὶ

250 1196 653 1271 πλησιέστερον
710 1193 884 1259 ἐλθὼν
961 1192 1372 1266 κατεμάνθανεν.
1432 1191 1495 1248 Ἣ
1551 1187 1608 1244 δὲ
1668 1186 1910 1265 βασιλὶς.

258 1313 281 1340 ι
347 1287 428 1344 Τὰ
510 1284 654 1341 καλά
715 1305 843 1358 μου,
920 1279 1116 1360 ἔφησεν
1173 1283 1530 1358 ἀγροικικῶς,
1579 1280 1722 1335 νινία
1779 1281 1912 1354 (88),

251 1377 345 1433 καὶ
378 1377 575 1454 ἀγαπῶ
634 1379 803 1431 ταῦτα
861 1372 1065 1430 πολλά.
1135 1396 1165 1425 n
1229 1372 1480 1429 Εἱστιᾶτο
1535 1375 1833 1441 τηνικαῦτα
1886 1370 1916 1424 6

257 1466 542 1544 βασιλεὺς,
574 1466 662 1522 καὶ
728 1463 796 1534 δὴ
829 1467 966 1541 πρὸς
1020 1464 1181 1520 αὐτὸν
1241 1459 1501 1518 διαϐάντα
1555 1463 1648 1517 τὸν
1688 1461 1916 1535 αἰσχρὸν

251 1563 450 1613 τοῦτον
487 1553 732 1630 Δένδεριν
764 1557 930 1631 ἢρετο
963 1553 1088 1610 ὅποι
1121 1555 1254 1608 ποτε
1294 1552 1580 1628 ἐτύγχανεν
1639 1545 1734 1606 ὥν·
1771 1552 1798 1605 6
1860 1549 1918 1605 δὲ

258 1650 408 1720 παρᾶ
435 1647 536 1715 τήν
591 1644 786 1718 μάνναν
847 1647 956 1717 (89)
1015 1641 1210 1720 ἔφησεν
1263 1642 1422 1710 εἶναι,
1478 1642 1576 1709 τήν
1636 1639 1917 1696 δέσποιναν

262 1737 410 1792 οὕτω
461 1733 647 1790 καλῶν
697 1731 1002 1807 Θεοδώραν,
1063 1733 1152 1787 καὶ
1210 1733 1497 1795 θεάσασθαι
1549 1731 1719 1800 αὐτην
1774 1729 1917 1784 καλᾶ

259 1825 408 1882 νινία
435 1829 531 1878 τοῦ
551 1821 997 1902 προσκεφαλαίου
1055 1821 1390 1896 ἐξαίρουσαν.
1424 1823 1658 1885 Συνῆκεν
1718 1820 1807 1873 οὗν
1886 1819 1914 1873 6

1373 431 1913 495 HlSTURlARUM
1959 429 2501 493 COMPENDIUM.

1153 566 1234 638 τῷ
1322 566 1460 639 Ὀμη
1471 567 1608 641 ρικῷ
1667 562 1899 639 Θερσίτῃ

2038 565 2302 622 )enderis
2329 567 2595 636 nomine,
2656 569 2957 642 impeditae
3017 569 3255 643 linguas,
3314 572 3465 631 905
3509 574 3669 631 risus

3552 441 3672 502 990

2023 656 2324 723 excitator,
2359 675 2428 713 ac
2482 659 2542 714 in
2589 661 2812 732 regiam
2860 660 2982 731 joci
3033 677 3213 717 causa
3236 662 3556 719 adhibitus.
3611 664 3666 718 Is

2015 747 2342 819 aliquando
2385 750 2580 806 subito
2633 751 2695 806 in
2753 751 3093 809 cubiculum
3127 757 3402 827 Augusta;
3438 755 3669 809 intrans

2016 837 2410 911 deprehendit
2450 858 2582 896 eam
2632 858 2834 897 sacras
2865 844 3325 915 amplectentem
3357 845 3667 917 imagines,

2017 944 2238 999 easque
2261 929 2462 985 videns
2493 931 2780 1001 quidnam
2803 932 2887 986 rei
2915 938 3074 988 esset
3103 934 3674 1006 quazsivit,propius-

2019 1034 2132 1089 que
2176 1019 2465 1076 accedens
2522 1021 2804 1093 percepit.
2865 1025 3128 1095 Augusta
3186 1024 3520 1079 subrustice
3579 1041 3678 1079 re-

2020 1108 2262 1179 spondit
2310 1126 2448 1164 suas
2495 1109 2774 1182 pulchras
2827 1128 3053 1184 puppas
3116 1129 3267 1178 esse,
3337 1113 3502 1168 valde
3561 1113 3676 1168 sibi

2019 1203 2265 1253 amatas.
2299 1201 2437 1254 Erat
2467 1205 2592 1255 tum
2626 1201 2687 1254 in
2719 1201 2980 1256 convivio
3013 1203 3418 1273 imperator,et
3442 1208 3675 1274 turpem

2020 1286 2202 1341 istum
2234 1287 2552 1344 Denderim
2570 1289 2642 1345 ad
2663 1306 2723 1344 se
2755 1290 2894 1344 inde
2912 1292 3241 1346 venientem
3269 1293 3676 1365 interrogabat

2017 1375 2119 1430 ubi
2152 1377 2380 1432 fuisset.
2412 1379 2740 1450 Respondit
2797 1381 2846 1433 is
2890 1381 3046 1452 apud
3076 1398 3317 1436 manam
3347 1383 3452 1450 (sic
3474 1381 3678 1453 appel-

2018 1464 2180 1520 labat
2203 1468 2550 1539 Augustam)
2576 1485 2636 1523 se
2667 1469 2872 1538 fuisse,
2906 1469 3242 1542 vidisseque
3277 1488 3406 1526 eam
3434 1488 3505 1525 ex
3546 1471 3676 1542 pul-

2018 1556 2204 1610 vinari
2239 1556 2520 1627 pulchras
2551 1575 2781 1629 puppas
2839 1559 3313 1631 depromentem.
3371 1561 3680 1616 Intellecta

2019 1661 2084 1700 re
2107 1645 2430 1716 imperator
2481 1647 2584 1701 irae
2643 1647 2859 1718 plenus
2890 1649 2963 1702 de
2990 1665 3198 1705 mensa
3229 1650 3503 1717 surrexit,
3560 1655 3679 1705 sta-

2022 1734 2248 1805 timque
2279 1751 2528 1791 uxorem
2555 1736 2722 1803 adiit,
2757 1737 3078 1808 multisque
3121 1739 3365 1811 ingestis
3397 1739 3677 1794 conviciis

2022 1839 2154 1878 eam
2179 1825 2614 1896 imaginicolam
2664 1826 2872 1880 effreni
2934 1826 3138 1899 lingua
3195 1828 3543 1898 nominavit,
3599 1828 3682 1882 si-

265 1915 543 1993 βασιλεὺς,
571 1915 661 1969 καὶ
692 1911 918 1984 πλήρης
981 1912 1152 1989 ὀργῆς
1204 1911 1500 1986 γενόμενος
1550 1909 1798 1984 ἐξανέστη
1858 1929 1917 1962 τε

2038 1913 2151 1968 mul
2172 1914 2519 1968 Denderidis
2553 1915 2841 1970 indicium
2873 1932 3198 1986 exponens.
3233 1916 3346 1972 Sed
3376 1917 3684 1972 Theodora

257 2013 360 2076 τῆς
392 2003 666 2080 τραπέζης
691 2003 781 2057 καὶ
811 2002 948 2077 πρὸς
977 2001 1147 2070 αὐτὴν
1179 1998 1425 2069 ἀπῆλθεν
1477 1999 1654 2068 εὐθὺς,
1716 1995 1914 2058 ἅΑλαις

262 2118 322 2151 τε
353 2093 592 2157 πολλαῖς
621 2089 806 2167 ὕϐρεσι
836 2090 1059 2146 πλύνων
1088 2091 1179 2146 καὶ
1201 2086 1600 2163 εἷ’δωλολάτριν
1629 2087 1922 2160 ἀκολάστῳ

261 2183 488 2262 γλώσσῃ
518 2181 834 2237 ἀποκαλῶν’
865 2179 954 2235 καὶ
989 2180 1100 2252 ἅμα
1132 2176 1332 2253 διεξῄει
1386 2178 1512 2238 τοὺς
1573 2176 1776 2254 λόγους
1826 2179 1923 2231 τοῖ’)

272 2278 540 2347 μυσαροῦ.
569 2271 630 2328 Ἥ
665 2268 722 2325 δὲ
751 2269 887 2332 τέως
961 2269 1054 2342 μὲν
1115 2269 1206 2324 τὸν
1262 2268 1437 2340 θυμὸν
1465 2269 1925 2340 καταστορεννῦσα

271 2367 374 2417 τοῦ
407 2359 693 2436 βασιλέως,
758 2384 785 2411 ‹‹
830 2364 1018 2420 Κακῶς
1076 2356 1401 2435 ὑπείληφας,
1461 2353 1670 2432 ἔλεγεν,
1729 2356 1774 2409 ὦ
1827 2356 1926 2429 βα-

271 2451 453 2506 σιλεῦ’
478 2449 581 2526 οὐχ
616 2451 690 2514 ὡς
717 2450 1072 2509 ὑπώπτευσας
1102 2443 1220 2526 ἔχει
1251 2447 1341 2502 καὶ
1370 2449 1405 2516 ἡ
1451 2445 1702 2516 ἀλήθεια.
1744 2448 1837 2516 Τῷ
1869 2442 1926 2500 δί

273 2541 569 2614 κατόπορῳ
631 2561 734 2612 μου
792 2537 947 2610 ἥμην
1005 2536 1382 2604 ἐνατενίζουσα
1443 2536 1577 2607 μετᾶ
1621 2539 1728 2588 τῶν
1777 2537 1928 2608 θερα-

273 2626 566 2696 παινίδων,
618 2628 707 2682 καὶ
771 2627 866 2688 τὰς
921 2623 1238 2697 τικτομένας
1299 2621 1426 2678 ἰδὼν
1482 2625 1510 2678 6
1569 2619 1810 2696 Δένδερις
1867 2619 1927 2675 ἐκ

272 2719 472 2774 τούτου
507 2717 718 2796 μορφὰς
778 2715 948 2771 ἐλθὼν
1008 2713 1341 2788 ἀπήγγειλεν
1370 2713 1620 2789 ἀφρόνως
1649 2713 1715 2768 τὰ
1749 2733 1927 2784 μηνυ-

274 2811 452 2873 θέντα.
487 2831 515 2860 ››
548 2806 652 2863 Καὶ
709 2805 803 2860 τὸν
849 2805 944 2877 μὲν
1003 2809 1100 2859 τοῦ
1161 2802 1430 2880 βασιλέως
1481 2803 1651 2876 Θυμὸν
1741 2799 1927 2856 τοῖσδε

265 2897 607 2969 κατεπράϋνε
665 2900 786 2956 τοῖς
843 2893 1058 2971 λόγοις,
1116 2893 1211 2948 τὸν
1269 2890 1513 2967 Δένδεριν
1569 2889 1626 2948 δὲ
1706 2889 1925 2962 παιδείᾳ

267 2982 621 3053 καθυπέϐαλε
649 2983 956 3060 πρεπούσῃ,
979 2984 1208 3039 πείσασα
1259 2985 1335 3058 μή
1395 3003 1528 3038 ποτε
1558 2981 1740 3057 λέγειν
1800 2981 1925 3057 περὶ
1955 2984 1970 2996 ⁹

269 3085 379 3136 τῶν
409 3079 592 3134 νινίων
622 3076 748 3134 τινί.
812 3076 906 3131 Διὸ
961 3083 1062 3145 τῆς
1117 3072 1404 3146 δεσποίνης
1463 3075 1926 3149 κατεπαιρόμενός

2028 2008 2094 2056 ut
2124 2003 2321 2058 mariti
2355 2003 2505 2058 iram
2527 2004 2764 2059 sedaret
2793 2005 2856 2059 in
2887 2006 3231 2076 praesentia,
3265 2006 3414 2062 falso
3448 2006 3508 2061 id
3539 2024 3676 2062 eum

2034 2093 2393 2163 suspicatum
2428 2109 2556 2148 esse
2579 2093 2744 2164 dixit,
2779 2099 2838 2149 et
2888 2111 3015 2150 rem
3068 2110 3237 2150 secus
3263 2096 3478 2151 habere
3503 2113 3685 2167 quam

2033 2182 2160 2253 ipse
2182 2188 2494 2254 putasset:
2550 2200 2611 2238 se
2670 2201 2804 2238 cum
2847 2184 3082 2240 ancillis
3142 2187 3202 2239 in
3254 2187 3494 2257 speculo
3553 2203 3684 2242 sese

2035 2271 2386 2338 contuitam,
2418 2288 2485 2326 ac
2511 2272 2830 2327 Denderim
2861 2273 3151 2345 imagines
3193 2275 3253 2329 in
3287 2291 3354 2330 eo
3387 2277 3688 2346 conspica-

2037 2364 2162 2414 tum
2213 2360 2391 2416 stulte
2423 2360 2711 2415 indicium
2744 2362 2815 2416 de
2848 2362 2986 2417 visis
3016 2364 3231 2435 puppis
3262 2365 3552 2419 attulisse.
3590 2366 3691 2420 His

2037 2449 2153 2503 illis
2180 2450 2371 2504 verbis
2401 2467 2536 2504 cum
2569 2450 2973 2524 demitigasset
3005 2453 3213 2508 virum.
3248 2454 3568 2509 Denderim
3597 2453 3690 2508 di-

2035 2539 2166 2611 gnis
2191 2540 2381 2594 modis
2413 2540 2736 2611 castigavit,
2762 2540 3080 2611 docuitque
3111 2543 3172 2596 in
3203 2548 3507 2612 posterum
3540 2541 3692 2596 nihil

2037 2627 2108 2682 de
2142 2629 2356 2700 puppis
2382 2629 2564 2699 loqui.
2615 2629 2874 2700 ldquue
2924 2630 3244 2700 aliquando
3277 2631 3688 2702 imperatrices

2036 2717 2743 2789 accedente,Theophilus
2774 2735 2909 2772 eum
2949 2735 3083 2774 cum
3115 2720 3505 2792 interrogaret
3533 2737 3689 2775 anne

2035 2807 2279 2861 domina
2335 2824 2573 2863 rursum
2631 2807 2787 2862 906
2818 2808 3098 2879 pulchras
3125 2825 3262 2864 suas
3291 2826 3520 2882 puppas
3551 2827 3686 2864 am-

2035 2897 2396 2968 plexaretur,
2427 2896 2716 2951 Denderis
2747 2913 2928 2951 manu
2960 2898 3169 2953 dextra
3203 2899 3378 2953 labiis
3407 2899 3687 2971 imposita

2037 3009 2065 3036 «
2098 2987 2268 3052 Tace,
2303 2985 2518 3056 inquit,
2549 3001 2581 3039 o
2611 2985 2956 3057 imperator,
3003 2986 3074 3042 de
3116 2988 3352 3059 puppis.
3388 3009 3416 3038 »
3449 2989 3575 3043 hmo
3607 2989 3691 3043 ita

2035 3080 2218 3150 gesta.

277 3172 461 3227 ποτεὸ
501 3169 771 3242 Θεόφιλας
803 3168 993 3244 ἠρώτα
1047 3168 1139 3223 τὸν
1205 3164 1447 3241 Δένδεριν
1509 3167 1553 3220 εἰ
1611 3165 1778 3221 πάλιν
1835 3167 1941 3241 ἂρα
1997 3167 2066 3222 τὰ
2123 3164 2266 3220 καλᾶ
2317 3166 2457 3220 νινία
2513 3167 2547 3234 ἡ
2584 3165 2757 3237 μάννα
2785 3166 3082 3236 ἠσπάζετο·
3119 3168 3148 3222 6
3211 3164 3267 3221 δὲ
3324 3173 3443 3229 τοῖς
3497 3167 3688 3243 χείλεα

280 3281 358 3314 σιν
388 3258 586 3321 ἐπιθεὶς
615 3260 716 3328 τήν
749 3255 942 3327 δεξιὰν,
975 3280 1004 3310 ‹‹
1028 3257 1184 3332 Σίγα,
1249 3257 1379 3331 σίγα
1445 3257 1566 3330 περὶ
1627 3259 1736 3310 τῶν
1794 3255 2004 3328 νινίων,
2053 3255 2365 3332 ἀντέφησεν,
2430 3253 2475 3308 ὦ
2528 3254 2770 3329 βασιλεῦ.
2835 3279 2862 3306 ››
2896 3255 2999 3312 Καὶ
3039 3259 3205 3310 ταῦτα
3237 3257 3330 3328 μὲν
3362 3256 3692 3328 συνεκύρησε

277 3345 402 3402 ὧδε.

349 3439 697 3512 Στρατιώτου
727 3433 786 3491 δέ
811 3456 957 3498 τινος
1000 3433 1166 3510 χεῖρά
1212 3455 1271 3488 τε
1325 3437 1574 3505 νεανικήν
1630 3436 1720 3490 καὶ
1754 3432 1926 3490 ’ίππον

2109 3439 2288 3491 Porro
2320 3436 2495 3491 miles
2525 3436 2767 3509 quidam
2798 3453 2979 3493 manu
3007 3442 3315 3509 promptus
3347 3454 3566 3510 equum
3589 3437 3693 3492 ha-

270 3523 499 3602 ἔχοντος
541 3524 734 3597 δεξιὸν,
793 3527 822 3581 6
879 3526 1186 3603 στρατηγὸς
1255 3526 1340 3603 ὑφ’
1402 3527 1460 3581 ὃν
1517 3523 1673 3588 οὗτος
1733 3523 1929 3594 ἐτέλει,

269 3612 437 3694 ἔρωτι
461 3616 816 3692 κατασχεθεὶς
842 3619 940 3670 τοῦ
958 3615 1134 3669 ἳππου
1193 3615 1279 3693 ὑφ’
1339 3615 1400 3670 οὗ
1457 3613 1732 3676 πολλάκις
1765 3615 1792 3670 6
1837 3612 1934 3668 ἄν-

271 3719 499 3781 θρωπος
531 3705 590 3760 ἐκ
619 3703 870 3778 πολέμου
911 3704 1169 3780 ἐρρύσθη,
1223 3703 1403 3773 ἐζήτει
1458 3708 1676 3771 τοῦτον,
1725 3714 1934 3766 καθυπ-

277 3795 640 3870 ισχνούμενος
671 3790 868 3848 δώσειν
895 3791 1103 3850 πολλά.
1135 3794 1600 3864 Ἀπαναινομὲνου
1629 3789 1688 3845 δέ
1728 3789 1933 3846 ἐκείνου

271 3885 362 3938 καὶ
404 3882 520 3958 βίαν
552 3889 820 3957 προσῆγε.
853 3878 999 3952 Μηδ⁹
1033 3882 1175 3936 οὕτω
1234 3879 1291 3937 δὲ
1347 3883 1547 3937 πείθων
1599 3881 1933 3952 ἀποδοθῆναί

279 3974 332 4028 οἱ
362 3971 454 4026 τὸν
478 3969 672 4036 ἵππον,
703 3967 991 4045 ἀνανδρίας
1021 3967 1274 4046 ἔγκλημα
1305 3973 1589 4046 προσάψας
1645 3971 1719 4034 εἷς
1779 3975 1936 4047 βασι-

281 4061 383 4118 λέα
419 4063 737 4133 μετεκίνησε
759 4063 950 4114 τοῦτον
983 4061 1050 4130 ἧς
1112 4059 1303 4134 μετῂει
1359 4081 1656 4136 στρατειας.
1689 4061 1935 4134 Ἐγένετο

284 4154 512 4222 ζήτησις
545 4150 692 4223 παρὰ
723 4148 993 4226 Θεοφίλου
1051 4149 1175 4223 περὶ
1240 4148 1414 4204 ’ἰππου
1463 4148 1789 4228 ἆκροφυοῦς,
1847 4150 1936 4206 καὶ

285 4238 630 4313 διατάγματα
661 4237 970 4311 ἐπέμποντο
1000 4240 1285 4293 πανταλοῦ
1334 4239 1542 4294 τοιόνδε
1587 4238 1760 4294 ’ίππον
1791 4241 1936 4313 εὑρε-

283 4333 444 4399 θῆναι
473 4328 562 4382 καὶ
590 4329 906 4403 πεμφθῆναι
947 4327 1116 4397 αὐτῷ.
1179 4329 1358 4384 Τοῦτο
1411 4325 1743 4402 δραξάμενος
1773 4328 1942 4406 ἀφορ-

289 4424 400 4490 μῆς
455 4418 483 4472 ὁ
531 4415 840 4492 στρατηγὸς
905 4414 1214 4490 ἀφαιρεῖται
1289 4415 1378 4471 καὶ
1438 4416 1623 4471 ἃκοντι
1693 4418 1786 4472 τὸν
1843 4423 1940 4472 τοῦ

283 4505 480 4582 ἀνδρὸς
509 4505 708 4578 ἵππον,
742 4509 824 4580 [Ρ.
859 4507 986 4578 517]
1018 4503 1108 4559 καὶ
1151 4505 1288 4581 πρὸς
1354 4504 1580 4580 βασιλέα
1612 4508 1687 4570 ὡς
1745 4507 1943 4561 οἰκεῖον

283 4584 553 4669 ἐκπέμπει
619 4600 828 4667 κτῆμα.
889 4593 1088 4669 Χρείας
1149 4591 1206 4649 δὲ
1264 4597 1564 4671 γενομένης
1607 4596 1658 4650 ἐν
1709 4594 1945 4671 πολέμῳ

286 4684 560 4741 πλειόνων
592 4687 964 4759 στρατιωτῶν,
1022 4683 1111 4737 καὶ
1170 4687 1268 4738 τοῦ
1327 4683 1597 4757 βασιλέως
1652 4682 1943 4740 κελεύσαν-

2038 3525 2170 3581 buit
2197 3525 2518 3598 egregium,
2551 3526 2651 3597 qui
2693 3526 2887 3597 ipsum
2937 3543 3093 3597 saape
3127 3543 3196 3580 ex
3219 3526 3423 3598 praalio
3456 3526 3693 3582 incolu-

2039 3631 2199 3672 mem
2252 3614 2558 3670 extulerat.
2621 3616 2809 3687 Hujus
2862 3616 3000 3687 equi
3060 3632 3262 3672 amore
3321 3622 3528 3688 captus
3578 3616 3697 3671 dux

2042 3705 2151 3760 sub
2183 3721 2301 3775 quo
2333 3705 2384 3759 is
2418 3704 2728 3771 militabat,
2762 3722 2898 3761 cum
2931 3721 3126 3776 neque
3162 3705 3697 3777 pollicitationibus

2041 3810 2237 3864 neque
2310 3795 2488 3849 minis
2542 3794 2908 3867 impetraret,
2984 3796 3289 3851 hominem
3362 3795 3697 3851 timiditatis

2041 3887 2382 3938 accusatum
2442 3884 2599 3954 apud
2656 3884 3082 3955 imperatorum
3141 3890 3500 3940 exauctorat.
3552 3886 3698 3938 Cum

2041 3976 2241 4026 autem
2295 3972 2654 4042 Theophilus
2712 3989 2932 4043 equum
3000 3973 3216 4044 insigni
3297 3973 3514 4028 virtute
3597 3989 3696 4027 cu-

2043 4067 2212 4132 peret
2240 4061 2485 4129 habere,
2539 4067 2596 4116 et
2650 4063 2852 4118 missis
2901 4064 2962 4118 in
3025 4080 3234 4119 omnes
3268 4071 3464 4134 partes
3522 4080 3696 4118 man-

2045 4150 2198 4205 datis
2227 4150 2404 4205 talem
2438 4150 2549 4204 sibi
2601 4152 2783 4221 quaeri
2817 4157 2993 4222 atque
3053 4153 3248 4208 afferri
3273 4153 3532 4224 juberet,
3567 4169 3699 4208 eam

2045 4244 2256 4295 nactus
2311 4240 2684 4294 occasionem
2749 4241 2866 4295 dux
2913 4241 3024 4296 iste
3082 4241 3258 4296 militi
3338 4243 3390 4296 ei
3475 4259 3697 4312 equum

2047 4329 2230 4383 invito
2261 4329 2468 4384 adimit
2502 4335 2560 4384 et
2591 4335 2872 4400 tanquam
2915 4347 3087 4385 suum
3119 4331 3462 4402 imperatori
3492 4333 3697 4387 mittit.

2047 4420 2188 4474 Post
2208 4435 2343 4474 eum
2374 4419 2700 4473 necessitas
2738 4419 2954 4474 bellica
3004 4420 3208 4492 plures
3239 4420 3460 4476 milites
3491 4422 3702 4492 requi-

2048 4517 2224 4575 reret,
2261 4509 2661 4581 mandatoque
2710 4509 3088 4582 imperatoris
3146 4527 3352 4566 omnes
3400 4511 3502 4582 qui
3535 4527 3703 4568 arma

2048 4600 2203 4655 ferre
2235 4605 2479 4672 possent
2507 4599 2568 4653 in
2593 4600 2917 4655 exercitum
2949 4600 3358 4673 allegerentur,
3393 4601 3494 4656 ille
3526 4601 3706 4657 etiam

2052 4689 2224 4744 miles
2255 4705 2423 4745 arma
2454 4689 2728 4760 sumpsit,
2762 4693 2820 4744 et
2863 4689 2924 4745 in
2956 4690 3163 4760 praalio
3193 4689 3338 4745 fusis
3370 4692 3512 4757 suis,
3545 4691 3704 4762 quod

286 4796 384 4836 τος
414 4772 746 4845 ἁπαξαπλῶς
785 4773 962 4828 πάντα
995 4772 1375 4846 στρατεύεσθαι
1427 4774 1519 4828 τὸν
1579 4773 1726 4830 ὅπλα
1774 4780 1928 4830 κινεῖι

2053 4795 2273 4850 equum
2312 4795 2347 4833 a
2377 4795 2492 4850 quo
2542 4779 2766 4834 servari
2819 4785 3208 4835 consueverat
3265 4797 3384 4836 non
3439 4780 3706 4850 haberet,

291 4862 604 4938 δυνάμενον,
656 4863 1040 4938 ἐστρατεύσατο
1099 4864 1188 4918 καὶ
1249 4865 1277 4919 6
1338 4863 1526 4939 ῥηθεὶς
1576 4867 1938 4940 στρατιώτης·

285 4961 499 5029 τροπῆς
528 4952 586 5010 δὲ
613 4952 910 5030 γενομένης
941 4948 1099 5008 ἔπεσε
1133 4955 1208 5026 μὴ
1243 4951 1388 5009 ἔχων
1415 4954 1591 5009 ἳππον
1646 4957 1738 5010 τὸν
1773 4960 1942 5010 σῶσαι

2053 4869 2351 4936 occubuit,
2386 4885 2567 4923 uxore
2627 4873 2685 4922 et
2743 4867 2947 4923 liberis
2996 4868 3241 4926 relictis.
3289 4869 3472 4927 Vidua
3502 4870 3708 4926 amissi

2054 4958 2252 5014 mariti
2284 4956 2582 5013 desiderio
2613 4973 2883 5027 accensa,
2919 4963 2977 5012 et
3031 4958 3188 5028 quod
3233 4959 3569 5014 necessaria
3594 4975 3704 5029 pu-

1512 5103 1876 5160 XYLANDRI
1914 5105 2000 5158 ET
2039 5105 2258 5160 GOABI
2300 5104 2520 5160 NOTE.

357 5223 474 5292 (86)
507 5224 580 5280 Ut
595 5225 799 5291 factus,
826 5222 907 5278 ita
937 5225 997 5277 et
1026 5228 1136 5278 tote
1184 5237 1413 5293 corpore
1465 5229 1710 5279 truncus.
1742 5239 1942 5292 nanus,

291 5301 471 5366 atque
501 5294 680 5349 etiam
712 5296 924 5366 excisus
953 5294 1223 5350 virilibus.
1245 5293 1540 5366 eunuchus.
1567 5294 1730 5350 Alias
1753 5311 1938 5366 quan-

288 5365 506 5422 tumvis
563 5366 760 5422 fatuus
819 5365 878 5420 in
935 5366 1257 5421 mulierum
1315 5365 1783 5421 contubernium
1822 5384 1942 5422 non

285 5438 502 5493 fuisset
533 5437 851 5492 admissus.
887 5438 1062 5492 Gon.

356 5511 468 5576 (87)
495 5509 744 5580 Turcica
765 5509 945 5564 dictio
966 5525 979 5575 ;
999 5508 1447 5580 hominemque.
1466 5513 1534 5564 ut
1553 5508 1939 5577 aiuntGraeci,

278 5577 718 5656 τρεμουλιάρην,
754 5581 1018 5656 humeris
1065 5586 1124 5635 et
1180 5577 1370 5654 capite
1421 5580 1834 5636 subsilientem
1887 5589 1946 5636 et

286 5652 587 5710 tremulum
619 5652 818 5708 refert.
842 5653 1020 5707 Gom.

359 5724 472 5797 (88)
507 5725 589 5779 Ex
619 5725 732 5780 hoc
776 5723 906 5780 loco
964 5722 1137 5779 facile
1195 5728 1285 5781 est
1342 5722 1684 5797 Cuspiniani
1746 5723 1941 5782 locum

2056 5224 2404 5296 emendare,
2432 5240 2609 5295 quem
2667 5221 2920 5292 καλάμου
2969 5224 3183 5296 legisse
3206 5225 3363 5296 apud
3421 5227 3709 5281 Zonaram

2059 5302 2201 5370 puto
2236 5293 2384 5370 ὑφέν,
2419 5293 2553 5370 cum
2589 5304 2694 5370 μου
2753 5297 2829 5351 sit
2865 5293 3198 5370 pronomen
3237 5293 3575 5352 encliticum
3607 5315 3620 5364 ;
3653 5305 3714 5353 et

2057 5368 2202 5437 quid
2237 5367 2601 5424 calaminina
2633 5367 2774 5434 sint,
2796 5369 3388 5440 rmeritoquaeratur,
3422 5374 3600 5440 atque
3623 5377 3714 5439 (ut

2055 5441 2219 5513 puto)
2251 5457 2370 5495 non
2396 5439 2692 5513 immerito
2729 5439 3086 5513 etiamAquid
3120 5441 3364 5513 thalami
3421 5439 3552 5513 esse
3576 5458 3713 5513 pos-

2056 5511 2178 5564 sint
2209 5513 2411 5566 nimia.
2448 5511 2626 5565 Multa
2668 5517 2806 5564 sunt
2859 5510 2995 5566 talia
3051 5512 3205 5581 apud
3257 5510 3708 5582 Cuspinianum,

2055 5599 2185 5653 qua)
2213 5600 2284 5638 ex
2314 5589 2516 5638 nostro
2551 5589 2608 5638 et
2637 5584 2864 5636 Zonara
2912 5582 3082 5638 facile
3141 5601 3262 5639 suae
3321 5585 3712 5642 restituantur

2052 5655 2400 5725 integritati.
2427 5654 2564 5710 XYL.

2123 5727 2235 5798 (89)
2268 5730 2516 5794 Matrem,
2551 5725 2808 5798 vulgaris
2842 5725 3143 5783 idiomatis
3194 5726 3496 5785 vocabulo.
3534 5729 3706 5785 Gosa.
