4112 6434
431 418 543 479 991

1797 419 2116 482 GEORGII
2157 423 2500 486 UEDRENI

3732 422 3850 488 992

431 553 595 627 pillis
643 553 1023 626 suppeditare
1079 554 1398 625 nequibat,
1451 553 1704 626 justitiaa
1761 553 2076 625 imperato

2201 551 2494 632 δύναμενον
2546 557 2725 618 αὐτόν.
2779 560 2979 616 Ἐπεσε
3037 555 3095 613 δὶ
3149 562 3376 634 γυναῖκα
3431 553 3852 621 καταλελοιπὼς

432 642 517 697 ris
566 642 729 698 fama
781 643 1098 713 instigante
1175 642 1384 713 Cpolin
1431 643 1613 706 venit,
1674 643 2094 714 Theophilum-

441 747 555 802 que
614 730 688 785 ad
756 731 1041 802 templum
1101 731 1537 786 Blachernense
1587 733 1958 802 equitantem
2019 733 2092 789 de

437 836 603 875 more
635 821 972 891 conspicata
1004 820 1200 874 mariti
1253 820 1343 875 sui
1393 837 1545 891 equo
1578 821 1732 889 vehi,
1793 823 2091 878 concitato

439 927 614 966 cursu
647 927 919 982 aggressa
976 911 1210 965 frenum
1268 912 1406 981 equi
1465 913 1879 983 apprehendit,
1915 930 2091 968 suum

436 1000 593 1054 hunc
626 1017 754 1054 esse
775 1000 1125 1066 vociferans,
1155 1006 1356 1055 etnon
1375 1001 1524 1055 907
1546 1001 1861 1068 alium,sed
1895 1002 2091 1074 ipsum

433 1089 853 1159 imperatorem
885 1089 1032 1144 caedi
1066 1090 1262 1146 mariti
1314 1090 1404 1144 sui
1454 1107 1694 1146 causam
1736 1091 2085 1162 prarbuisse.

429 1178 786 1233 Perterritus
814 1178 1140 1249 imperator
1174 1195 1416 1235 manere
1439 1195 1569 1234 eam
1613 1179 1784 1250 jubet
1827 1180 1969 1236 dum
2028 1181 2091 1237 in

433 1267 720 1339 palatium
748 1269 874 1339 ipse
907 1268 1170 1335 rediret;
1205 1286 1274 1325 ac
1329 1286 1603 1325 reversus
1663 1271 1863 1326 statim
1921 1271 1996 1326 ad
2027 1288 2090 1326 se

430 1362 616 1424 vocat,
651 1374 719 1412 ac
747 1357 818 1412 de
847 1374 909 1412 re
943 1362 1064 1414 tota
1093 1358 1428 1413 accuratius
1458 1358 1920 1430 inquirit.Quam
1952 1375 2089 1414 cum

428 1462 498 1500 ea
528 1461 562 1499 a
583 1446 878 1517 principio
898 1446 973 1500 ad
995 1446 1174 1500 ﬁnem
1201 1463 1390 1516 usque
1423 1447 1886 1514 recitaret,illico
1909 1448 2086 1504 etiam

431 1534 548 1589 dux
608 1535 719 1588 iste
779 1534 1030 1602 sistitur,
1082 1541 1141 1590 et
1197 1534 1446 1590 muliere
1500 1537 1675 1606 jussu
1706 1535 2087 1608 imperatoris

430 1623 727 1680 occultata
802 1623 874 1678 de
930 1641 1080 1694 equo
1158 1625 1374 1679 acriter
1429 1626 2084 1698 interrogatur;quem

429 1729 562 1767 cum
595 1719 1135 1768 asseveraretsuum
1164 1712 1346 1768 fuisse
1369 1730 1564 1784 neque
1596 1719 1768 1785 raptu
1786 1723 2082 1786 paratum,

428 1802 775 1872 producitur
805 1807 970 1857 extra
1014 1803 1210 1857 velum
1239 1803 1480 1868 mulier,
1512 1821 1680 1859 reum
1717 1803 1790 1858 de
1822 1805 1875 1858 vi
1908 1821 2084 1876 pera-

427 1892 743 1955 ctura.Qua
765 1892 814 1946 is
837 1897 1158 1963 conspecta
1171 1892 1416 1964 diriguit
1432 1897 1492 1948 et
1511 1892 1866 1962 aliquandiu
1880 1901 2082 1949 mutus

423 1982 692 2048 adstitit;
729 1983 1087 2054 tandemque
1117 1983 1192 2039 ad
1247 2001 1307 2039 se
1351 2001 1623 2040 reversus
1651 1984 1896 2057 supplex
1918 1984 2083 2056 pedi-

420 2072 530 2127 bus
563 2074 941 2144 imperatoris
973 2091 1104 2130 sese
1163 2073 1438 2144 advolvit,
1473 2075 1814 2146 lacrymans
1843 2092 1911 2132 ac
1943 2092 2084 2148 pec-

422 2168 621 2218 catum
680 2164 993 2218 conﬁtens.
1047 2165 1194 2236 Ergo
1228 2164 1554 2235 imperator
1584 2165 1712 2235 ejus
1769 2165 2084 2221 facultates

423 2251 612 2306 vidum
655 2253 902 2323 ejusque
932 2253 1141 2308 liberis
1189 2253 1358 2323 quasi
1410 2253 1546 2324 jure
1581 2253 1958 2309 haereditario
2015 2271 2087 2310 ex

426 2360 595 2414 (equo
627 2345 868 2411 addicit,
901 2345 1218 2416 ipsumque
1253 2345 1539 2418 dignitate
1579 2347 1896 2416 spoliatum
1929 2347 2088 2402 exsi-

423 2432 507 2488 lio
537 2440 820 2505 perpetuo
855 2433 1116 2490 damnat.
1142 2435 1301 2490 Adeo
1331 2435 1601 2490 infensus
1634 2441 1761 2491 erat
1789 2441 1848 2490 et
1877 2436 1948 2490 iis
1983 2437 2085 2508 qui

421 2523 647 2595 injuste
680 2540 821 2594 opes
855 2540 1064 2594 parare
1097 2524 1500 2579 intenderent.

2200 646 2290 700 καὶ
2322 644 2499 702 τέκνω
2533 649 2651 718 ἣτις
2705 648 2768 704 τὸ
2821 646 3170 722 φιλοδίκαιον
3228 650 3326 702 τοῦ
3388 644 3661 721 βασιλέως
3691 646 3853 701 ἀκού-

2199 755 2359 804 σασα,
2390 734 2714 811 ἐκκαιομὲνη
2750 734 2809 792 δὶ
2839 737 2929 791 καὶ
2960 740 3040 808 τῷ
3090 740 3188 791 τοῦ
3243 733 3436 807 ἀνδρὸς
3467 733 3702 812 φίλτρῳ,
3763 736 3856 791 καὶ

2198 831 2314 888 τοῖς
2342 825 2549 890 τέκνοις
2581 826 2942 906 ἐπιχορηγεῖν
2971 827 3239 883 ἀτονοῦσα
3282 827 3349 882 τὰ
3405 827 3695 894 ἀναγκαῖα,
3753 830 3852 897 τήν

2201 913 2462 992 βασιλίδα
2517 911 2946 989 καταλαμϐάνει.
3001 917 3098 970 Καὶ
3154 917 3247 970 τὸν
3309 914 3574 992 Θεόφιλον
3623 916 3740 969 καθ’
3787 915 3854 985 ἣν

2197 987 2408 1078 ἡμέραν
2441 1003 2644 1060 εἷ’θιστο
2675 1001 2886 1060 ἀπιέναι
2923 1005 3063 1079 πρὸς
3106 1005 3199 1059 τὸν
3259 1003 3312 1058 ἐν
3345 1003 3682 1079 Βλαχὲρναις
3715 1010 3856 1068 θεῖον

2197 1094 2346 1164 ναὸν,
2379 1088 2586 1169 ἔποχον
2618 1098 2696 1166 τῷ
2736 1099 2832 1149 τοῦ
2862 1092 3057 1168 ἀνδρὸς
3124 1093 3293 1163 αὐτῆς
3341 1091 3503 1166 *ίππῳ
3562 1090 3858 1150 κατιδοῦσα

2199 1179 2391 1256 δρόμῳ
2421 1183 2621 1255 πολλῷ
2649 1186 2740 1239 τὸν
2775 1184 3002 1259 χαλινὸν
3037 1184 3258 1262 κατέχει
3286 1187 3387 1238 τοῦ
3418 1180 3620 1249 ἵππου,
3653 1184 3854 1238 οἷ’γεῖον

2197 1272 2337 1326 εἶναι
2365 1276 2557 1326 τοῦτον
2591 1271 2845 1348 λέγουσα,
2876 1271 2965 1326 καὶ
3001 1274 3081 1346 μὴ
3136 1270 3310 1326 ἄλλον
3366 1271 3488 1326 τινα
3519 1269 3690 1326 αἶ’τιον
3724 1268 3852 1326 ἀλλ’

2195 1361 2354 1416 αὐτὸν
2398 1363 2663 1438 ὑπάρχειν
2693 1364 2788 1418 τὸν
2833 1361 3062 1438 βασιλέα
3117 1370 3217 1432 τῆς
3274 1367 3372 1418 τοῦ
3427 1359 3620 1437 ἀνδρὸς
3679 1361 3849 1430 αὐτῆς

2195 1459 2430 1528 σφαγῆς.
2463 1450 2790 1527 Ἐκπλαγεὶς
2821 1453 2966 1508 οὗνὸ
3023 1451 3280 1528 βασιλεὺς
3333 1451 3468 1514 τέως
3528 1451 3624 1525 μὲν
3678 1451 3850 1520 αὐτὴν

2194 1543 2517 1615 προσμένειν
2578 1539 2868 1617 διωρίσατο
2927 1539 3058 1621 ἒίχρι
3114 1549 3215 1611 τῆς
3301 1540 3389 1596 ἐπὶ
3447 1543 3516 1596 τὰ
3584 1541 3854 1616 ἀνάκτορα

2195 1627 2460 1686 ἐπανόδου
2491 1631 2679 1700 αὐτοῦ,
2720 1628 2923 1702 ᾔδη’δὲ
2973 1628 3372 1706 ἐπαναδραμὼν
3412 1631 3609 1694 εὐθέως
3669 1632 3849 1702 αὐτὴν

2192 1722 2596 1795 παρεστήσατο,
2650 1720 2740 1776 καὶ
2800 1718 3182 1784 διεπυνθάνετο
3233 1719 3558 1798 σαφέστερόν
3613 1742 3666 1775 τι
3717 1723 3853 1796 περὶ

2191 1812 2301 1864 τῶν
2343 1807 2654 1883 λεγομένων
2721 1815 2933 1882 μαθεῖν.
2987 1804 3365 1866 Ἀναλαϐοῦσα
3427 1806 3485 1864 δὶ
3515 1811 3549 1879 ἡ
3593 1813 3722 1883 γυνή
3780 1812 3854 1867 τὰ

2191 1897 2279 1952 ἀπ’
2340 1897 2522 1973 ἀρχῆς
2589 1897 2726 1973 ἄχρι
2789 1897 2985 1960 τέλους
3041 1895 3385 1953 ἀναδιδάσκει
3449 1900 3540 1954 τὸν
3599 1898 3851 1974 βασιλέα.

2195 1989 2574 2062 Παρεστήσατο
2603 1992 2729 2062 γοῦν
2759 1986 2958 2052 εὐθέως
2989 1987 3079 2043 τὸν
3126 1989 3455 2063 στρατηγὸν,
3516 1989 3607 2043 καὶ
3676 1992 3850 2060 ζήτη-

2195 2095 2275 2129 σιν
2308 2080 2546 2130 ποιεῖται
2587 2075 2711 2147 περὶ
2740 2079 2838 2130 τοῦ
2879 2074 3056 2130 ’ίππου
3115 2077 3388 2147 νεανικὴν,
3449 2083 3550 2144 τῆς
3598 2077 3856 2150 γυναικὸς

2191 2164 2327 2226 τέως
2356 2166 2645 2238 προστάξει
2700 2163 2963 2239 βασιλικῇ
3022 2166 3431 2239 κρυπτομένης.
3471 2166 3854 2239 Ἐνισταμὲνου

2195 2250 2252 2308 δὲ
2281 2253 2378 2308 τοῦ
2410 2257 2715 2330 στρατηγοῦ
2746 2253 2946 2309 οῗκεῖον
2982 2253 3118 2308 εἶναι
3147 2255 3237 2308 τὸν
3293 2253 3461 2308 ἳππον
3516 2253 3605 2308 καὶ
3667 2256 3742 2328 μή
3801 2255 3850 2326 ἐξ

2196 2343 2447 2417 ἁρπαγῆς
2515 2341 2775 2412 κτηθέντα
2841 2341 3008 2415 αὐτῷ,
3095 2341 3271 2416 ἐξάγει
3356 2349 3704 2417 παραχρῆμα
3755 2348 3852 2399 τοῦ

2193 2431 2685 2505 παραπετάσματος
2715 2433 2816 2500 τήν
2849 2436 3099 2504 γυναῖκα,
3162 2429 3390 2506 ἔλεγχον
3460 2430 3854 2506 ἀψευδέστατον

2195 2522 2285 2576 καὶ
2343 2522 2653 2598 κατήγορον
2705 2525 2816 2575 τῶν
2871 2517 3205 2595 λεγομένων.
3281 2523 3384 2578 "HV
3467 2522 3495 2576 6
3552 2523 3851 2598 στρατηγὸς

426 2610 754 2682 θεασάμενος
787 2611 1036 2686 ἀπεπάγη
1070 2612 1156 2666 καὶ
1193 2610 1280 2666 ἐπὶ
1311 2611 1486 2666 πολὺν
1518 2610 1721 2686 χρόνον
1747 2609 1936 2666 ’ίστατο
1976 2610 2141 2674 ἐνεός⁶
2179 2608 2344 2684 μόλις
2377 2609 2424 2664 δ’
2455 2611 2545 2665 οῦν
2572 2610 2648 2672 εἰς
2680 2609 2867 2665 ἑαυτὸν
2903 2610 3197 2684 γενόμενος
3228 2615 3336 2665 τῶν
3396 2607 3579 2666 ποδῶν
3615 2607 3842 2669 ἅπτεται

417 2704 519 2754 τοῦ
557 2698 830 2776 βασιλέως
863 2702 998 2773 μετὰ
1028 2700 1341 2772 κλαυθμοῦ,
1375 2701 1462 2756 καὶ
1494 2703 1679 2769 ῖκέτης
1708 2700 1939 2764 ἐλεεινὸς
1981 2700 2212 2775 γίνεται,
2242 2702 2344 2769 τὴν
2371 2697 2657 2776 ἁμαρτάδα
2688 2698 3066 2775 ἐξαγορεύσας.
3096 2700 3165 2757 Τί
3199 2699 3290 2755 οὖν
3321 2701 3349 2755 6
3383 2701 3641 2775 βασιλεὺς
3674 2721 3688 2771 ;
3731 2703 3847 2771 Τὴν

420 2789 515 2861 μὲν
556 2795 785 2864 γυναῖκα
820 2790 956 2862 μετᾶ
981 2793 1088 2845 τῶν
1119 2787 1327 2844 παίδων
1360 2787 1631 2866 ἀδελφοὺς
1665 2789 1714 2863 ἐξ
1747 2788 1867 2844 ί¹σου
1896 2791 1989 2845 καὶ
2019 2787 2409 2864 κληρονόμους
2438 2796 2537 2858 τῆς
2569 2787 2774 2845 ἐκείνου
2807 2787 3073 2844 δείκνυσιν
3127 2789 3496 2858 ὑποστάσεως,
3555 2790 3716 2846 αὐτὸν
3776 2789 3835 2849 δὲ

417 2885 520 2946 τῆς
552 2877 736 2957 ἀρχῆς
765 2877 1035 2948 παραλύει
1066 2878 1158 2933 καὶ
1193 2879 1456 2954 ὑπερορίᾳ
1488 2876 1726 2948 διηνεκεῖ
1757 2877 2000 2935 δίδωσιν.
2035 2878 2196 2936 Οὕτω
2225 2877 2671 2956 φιλαπεχθήμων
2699 2878 2767 2948 ἦν
2801 2879 2939 2954 πρὸς
2995 2877 3091 2941 τὰς
3150 2879 3393 2954 ἁρπαγὰς
3453 2879 3544 2934 καὶ
3601 2880 3726 2944 τοὺς
3784 2879 3833 2952 ἐξ

418 2964 629 3028 ἀδικίας
656 2967 917 3022 πλουτεῖν
950 2967 1259 3032 ἐθέλοντας.

484 3059 765 3114 Ediﬁciis
814 3076 1048 3131 quoque
1113 3059 1207 3115 hic
1247 3061 1573 3132 imperator
1603 3077 1846 3132 operam
1890 3060 2074 3128 dedit,
2104 3062 2148 3130 C

412 3166 734 3220 murosque
756 3150 921 3204 urbis
953 3167 1186 3205 summo
1218 3150 1412 3206 studio
1461 3150 1690 3218 refecit,
1725 3149 2067 3207 humiliori-

409 3238 519 3294 bus
548 3238 794 3309 dejectis
827 3244 886 3294 et
910 3240 1225 3295 exstructis
1243 3239 1685 3312 altioribus,qui
1704 3239 1776 3296 ab
1795 3239 2067 3295 hostibus

407 3328 727 3383 conscendi
751 3345 870 3383 non
898 3334 1174 3399 possent;
1210 3329 1310 3399 qui
1343 3330 1672 3384 etiamnum
1687 3328 2068 3398 stant,nomi-

402 3433 477 3472 ne
529 3418 656 3487 ejus
706 3418 1015 3488 inscripto.
1050 3418 1203 3484 Quin
1234 3423 1294 3473 et
1327 3419 1670 3474 meretrices
1702 3417 2062 3490 quibusdam

409 3506 644 3561 cellulis
696 3507 1052 3564 exturbavit.
1108 3507 1472 3578 domumque
1503 3508 1656 3563 908
1690 3523 1823 3562 eam
1878 3512 2062 3562 totam

411 3600 791 3666 expurgatam
852 3611 1147 3650 xenonom
1191 3597 1324 3667 (hoc
1383 3602 1474 3651 est
1527 3596 1684 3652 mdes
1735 3595 2069 3667 peregrinis

409 3684 778 3754 excipiendis
811 3684 1160 3754 destinatas)
1214 3685 1374 3750 fecit,
1403 3702 1436 3740 a
1485 3703 1546 3742 se
1590 3685 2068 3754 denominatum,

408 3774 625 3845 insigni
659 3773 1054 3844 amplitudine
1079 3779 1256 3844 atque
1287 3773 1752 3845 pulchritudine.
1781 3776 1944 3829 Nunc
1982 3778 2072 3830 est

406 3863 836 3918 monasterium
866 3863 1177 3918 muliebre.
1210 3865 1292 3919 Ex
1315 3881 1384 3918 eo
1419 3863 1606 3935 liquet
1652 3879 1831 3934 quam
1891 3863 2074 3918 fuerit

408 3953 753 4008 scortationi
787 3953 1082 4008 inimicus.
1110 3954 1318 4008 Fertur
1348 3969 1488 4010 sane
1520 3952 2070 4009 semeldissolutius

407 4047 533 4097 tum
563 4042 1116 4104 viventemancillw
1148 4043 1614 4114 pulchritudine,
1649 4059 1780 4113 quae
1803 4047 1932 4098 erat
1955 4043 2067 4097 im-

409 4131 718 4203 peratricis
748 4131 1130 4202 pedissequa.
1163 4131 1500 4203 deceptum.
1533 4147 1668 4187 cum
1699 4147 1768 4187 ea
1801 4147 1929 4186 rem
1962 4130 2070 4186 ha-

409 4221 610 4276 buisse
643 4237 655 4275 :
684 4221 787 4276 sed
819 4222 1016 4292 agnito
1049 4239 1184 4276 mox
1205 4220 1444 4285 delicto,
1478 4238 1615 4276 cum
1645 4221 1876 4276 videret
1903 4219 1977 4275 ob
2009 4219 2068 4275 id

407 4311 776 4366 Theodoram
809 4310 869 4364 in
902 4327 1138 4366 summo
1180 4327 1310 4366 esse
1343 4327 1616 4378 maerore,
1651 4310 1889 4381 culpam
1921 4325 2066 4364 con-

401 4401 627 4457 fessum
659 4399 937 4456 manibus
961 4399 1034 4454 ad
1066 4401 1253 4457 Deum
1285 4399 1535 4455 sublatis
1551 4397 2066 4469 jurasse,nonnisi

405 4490 514 4546 hac
545 4490 668 4545 vice
700 4488 934 4559 lapsum
968 4505 1030 4542 se
1054 4505 1204 4552 esse,
1238 4489 1589 4558 veniamque
1618 4488 1748 4557 ejus
1779 4486 1852 4541 ab
1881 4503 2066 4542 uxore

407 4578 673 4649 petiisse.
704 4577 935 4632 Palatia
983 4578 1159 4633 etiam
1190 4577 1424 4633 ﬁliabus
1478 4577 1600 4632 suis
1649 4575 1939 4644 condidit,
1997 4591 2066 4632 ea

409 4668 652 4738 regione
703 4684 834 4737 qum
893 4667 1124 4722 Cariani
1183 4666 1437 4734 dicitur;
1499 4682 1755 4737 quorum
1799 4671 2062 4736 tempore

411 4757 792 4812 subrutorum
825 4763 1028 4812 nostra
1056 4758 1384 4812 etiamnum
1434 4760 1604 4818 aetate
1637 4760 1873 4810 exstant
1920 4753 2061 4809 relic

409 4846 583 4916 quim.
610 4846 765 4901 909
789 4847 1060 4917 Bryanti‘s
1118 4862 1354 4916 quoque
1413 4845 1699 4916 palatium
1731 4844 2061 4913 aediﬁcavit,

407 4936 480 4992 ad
511 4935 961 4991 similitudinem
994 4935 1482 4991 Seracenicarum
1515 4935 1753 4991 aedium.

475 5213 664 5281 Atque
691 5211 783 5265 his
814 5209 1057 5280 quidem
1081 5209 1140 5263 in
1162 5207 1342 5263 rebus
1372 5207 1673 5280 magniﬁci
1714 5223 1935 5262 nomen
1956 5203 2062 5260 ad-

404 5301 902 5369 mirationemque
937 5297 1157 5352 meruit
1185 5296 1565 5368 Theophilus.
1595 5294 1707 5351 Sed
1736 5296 1797 5350 in
1825 5312 1926 5350 eos
1957 5292 2061 5364 qui

403 5389 630 5444 cultum
654 5389 869 5444 divinis
892 5385 1820 5460 imaginibuspraestarentnimis
1843 5384 2058 5442 durum

404 5495 465 5532 se
492 5484 669 5549 atque
728 5479 1123 5533 inhumanum
1185 5477 1458 5547 praebuit,
1513 5491 1721 5531 omnes
1762 5475 1860 5546 qui
1921 5481 2059 5531 ante

404 5567 599 5637 ipsum
633 5567 799 5620 fuere
832 5572 1117 5636 tyrannos
1167 5564 1519 5621 crudelitate
1551 5563 1785 5618 vincere
1817 5571 2062 5620 conten-

406 5655 576 5709 dens.
607 5655 754 5710 Nam
780 5653 1100 5710 Michaelus
1129 5653 1287 5708 910
1327 5658 1493 5726 pater
1524 5653 1653 5725 ejus
1689 5652 1954 5709 edixerat
1983 5670 2057 5710 ne

408 5743 517 5799 ulli
548 5742 720 5813 pictae
778 5742 1045 5814 imagini,
1071 5743 1415 5816 ubicunque
1475 5759 1546 5800 ea
1600 5747 1779 5815 esset,
1838 5753 2058 5804 nemon

2260 3057 2528 3116 Ἐνὲκειτο
2559 3056 2618 3114 δὲ
2646 3058 2737 3113 καὶ
2770 3064 2889 3121 ταῖς
2922 3055 3245 3132 οἰκοδομαῖς
3285 3061 3314 3114 6
3369 3058 3528 3121 αὐτὸς
3564 3059 3839 3132 βασιλεὺς,

2179 3148 2270 3203 καὶ
2300 3151 2408 3203 τῶν
2439 3148 2642 3204 τειχῶν
2674 3155 2778 3218 τῆς
2809 3145 3027 3211 πόλεως
3073 3148 3333 3223 μεγίστην
3382 3145 3676 3220 ἐνεδείξατο
3707 3147 3832 3204 ἔπι-

2185 3235 2433 3310 μέλειαν,
2492 3238 2561 3293 τά
2613 3236 3025 3314 χθαμαλώτερα
3081 3239 3451 3314 καταστρέψας
3504 3238 3593 3292 καὶ
3623 3237 3838 3312 ἀνυψώσ

2182 3345 2279 3389 σας
2307 3325 2396 3380 καὶ
2438 3321 2609 3381 ἄϐατα
2650 3326 2974 3395 πεποιηκὼς
3029 3330 3146 3389 τοῖς
3205 3324 3450 3401 ἐχθροῖςο
3512 3326 3543 3379 ἃ
3598 3324 3686 3380 καὶ
3745 3328 3838 3380 νῦν

2180 3412 2448 3481 ἳστανται,
2526 3415 2624 3482 τὴν
2686 3413 2891 3469 ἐκείνου
2948 3414 3317 3490 προσηγορίαν
3392 3414 3445 3468 δν
3519 3414 3838 3489 γράμμασιν

2179 3495 2400 3577 ἔχοντα.
2439 3501 2515 3560 Οὐ
2552 3505 2660 3576 μήν
2691 3501 2838 3558 ἀλλὰ
2893 3503 2984 3558 καὶ
3038 3503 3240 3577 πόρνας
3298 3501 3571 3565 ἀπελάσας
3604 3502 3657 3574 ἐξ
3684 3502 3847 3575 οἰκη-

2183 3591 2368 3664 μάτων
2396 3596 2584 3662 τινῶν,
2644 3591 2734 3646 καὶ
2793 3591 3030 3667 καθάρας
3083 3591 3214 3648 ὃλον
3269 3590 3472 3647 ἐκεῖνον
3527 3593 3620 3646 τὸν
3656 3597 3844 3669 χῶρον

2178 3682 2374 3751 ξενῶνα
2405 3681 2674 3750 πεποίηκε
2723 3682 2821 3749 τὴν
2889 3680 3092 3736 ἐκείνου
3151 3682 3523 3757 προσηγορίαν
3583 3682 3848 3757 φέροντα,

2180 3769 2373 3826 κάλλει
2457 3791 2516 3826 τε
2571 3769 2869 3828 κάλλιστον
2926 3769 3017 3826 καί
3088 3773 3342 3844 μέγιστον
3428 3771 3840 3844 κατεσκεύασεν,

2179 3859 2312 3936 ὅπερ
2386 3859 2528 3916 ἐστὶν
2611 3858 2734 3934 ἄρτι
2807 3866 3106 3934 γυναικεῖον
3199 3861 3590 3936 μοναστήριον.
3653 3860 3846 3926 Οὕτως

2179 3948 2383 4014 ἐκεῖνος
2414 3952 2537 4025 εἶχε
2565 3952 2700 4025 πρὸς
2731 3953 2829 4020 τὴν
2899 3950 3176 4023 πορνείαν.
3238 3947 3392 4019 Πλὴν
3451 3951 3534 4005 ὅτι
3569 3949 3631 4024 γέ
3684 3972 3844 4028 φασιν

2180 4039 2340 4095 αὐτὸν
2393 4039 2590 4096 κάλλει
2649 4040 2781 4096 ποτὶ
2840 4036 3216 4114 θεραπαινίδος
3257 4037 3483 4105 ἁλόντα,
3543 4039 3845 4113 ὑπηρετού-

2177 4149 2276 4199 σης
2304 4132 2372 4201 τῇ
2409 4126 2672 4203 βασιλίδι,
2732 4131 3114 4204 συμφθαρῆναι
3177 4127 3339 4197 αὐτῆ,
3401 4127 3658 4203 ῥᾳθύμως
3710 4129 3838 4184 τότε

2182 4218 2419 4292 βιοῦντα.
2480 4219 2628 4273 Ἐπεί
2689 4214 2745 4273 δὲ
2803 4215 3002 4292 ᾔσθετο
3061 4213 3588 4292 ὠλισθηκὼς,ἓγνω
3644 4214 3706 4270 δὲ
3741 4216 3838 4271 καὶ

2175 4308 2274 4376 τὴν
2309 4303 2593 4381 θεοδώραν
2625 4304 2765 4378 ὅλην
2795 4305 3096 4382 γενομένην
3162 4311 3260 4361 τοῦ
3315 4307 3520 4368 πάθους
3564 4307 3655 4360 καὶ
3706 4326 3841 4361 κατ-

2177 4401 2448 4474 ηφιῶσαν,
2482 4398 2566 4468 [Ρ.
2615 4399 2742 4467 518]
2799 4396 2958 4475 φασὶν
3023 4394 3250 4465 ἐξειπεῖν
3303 4394 3682 4469 ἓπομνύμενον
3741 4394 3839 4450 καὶ

2174 4484 2270 4547 τὰς
2303 4489 2493 4560 χεῖρας
2523 4482 2745 4559 α’ίροντα
2776 4485 2913 4559 πρὸς
2942 4484 3070 4539 Θεὸν
3101 4487 3139 4554 ἦ
3195 4485 3302 4558 μὴν
3361 4484 3483 4539 τότε
3517 4483 3682 4558 μόνον
3752 4481 3840 4539 δι-

2176 4572 2491 4643 ολισθῆσαι,
2524 4574 2611 4627 καὶ
2664 4572 2996 4650 συγγνώμην
3054 4571 3221 4628 αἰτεῖν
3278 4572 3425 4647 παρὰ
3480 4579 3580 4642 τῆς
3638 4573 3836 4627 ἑαυτοῦ

2174 4662 2452 4740 γυναικός.
2487 4661 2859 4718 Κατεσκεύασε
2903 4659 2960 4716 δὲ
3010 4661 3100 4717 καὶ
3154 4661 3424 4736 ἀνάκτορα
3486 4666 3605 4724 ταῖς
3638 4662 3837 4716 ἑαυτοῦ

2173 4752 2464 4827 θυγατράσι
2491 4752 2639 4826 παρὰ
2665 4752 2756 4806 τὸν
2791 4750 2935 4807 οὕτω
2965 4750 3306 4824 καλούμενον
3361 4754 3548 4826 χῶρον
3597 4751 3664 4805 τὰ
3723 4757 3837 4805 Κα-

2175 4845 2382 4917 ριανοῦ,
2413 4841 2488 4906 ὡς
2534 4842 2622 4895 καὶ
2673 4839 2726 4904 ἐς
2785 4844 2934 4915 ἡμᾶς
3002 4844 3081 4912 τῷ
3113 4840 3300 4915 χρόνῳ
3357 4839 3834 4916 κατεργασθέντων

2173 4934 2404 5008 λείψανα
2435 4933 2854 5007 περισώζονται.
2889 4933 3110 4989 "Exue:
3134 4929 3192 4986 δὲ
3241 4932 3270 4986 6
3323 4929 3583 5006 βασιλεὺς
3646 4932 3736 4986 καὶ
3767 4932 3836 4987 τὰ

2170 5029 2267 5080 τοῦ
2298 5024 2569 5100 Βρύαντος
2602 5023 2890 5096 ἀνάκτορα,
2933 5022 3069 5095 πρὸς
3106 5021 3204 5089 τήν
3263 5025 3372 5077 τῶν
3439 5025 3834 5097 Σαρακηνικῶν

2172 5113 2490 5186 οἰκημάτων
2518 5111 2782 5185 ὁμοίωσιν
2815 5109 3221 5174 κατασκευάσας
3249 5108 3404 5166 αὐτά.

2243 5201 2346 5260 Καὶ
2375 5202 2498 5276 περὶ
2535 5202 2628 5274 μὶν
2657 5200 2723 5256 τὰ
2770 5204 2996 5255 τοιαῦτα
3052 5195 3228 5255 ἐδόκει
3283 5219 3343 5254 τε
3398 5198 3488 5254 καὶ
3548 5198 3830 5272 ἐνομίζετο

2174 5289 2600 5366 μεγαλοπρεπὴς
2653 5290 2682 5345 6
2738 5287 3005 5368 Θεόφιλος
3057 5289 3148 5343 καὶ
3200 5289 3530 5362 θαυμαστὸς,
3601 5289 3727 5362 περὶ
3772 5286 3832 5345 δὲ

2170 5381 2298 5443 τοὺς
2331 5379 2427 5443 τας
2463 5379 2607 5444 θείας
2639 5377 2729 5434 καί
2781 5378 3090 5454 ἀχράντους
3123 5382 3558 5452 προσκυνοῦντας
3619 5378 3836 5441 εῖκόνας

2179 5469 2302 5527 λίαν
2338 5467 2504 5546 βαρύς
2535 5488 2620 5530 τις
2660 5469 2749 5523 καὶ
2797 5468 3068 5542 αὐστηρὸς
3128 5468 3219 5522 καὶ
3281 5469 3484 5532 πάντας
3539 5467 3668 5532 τοὺς
3727 5472 3838 5542 πρὸ

2171 5560 2342 5616 αὐτοῦ
2371 5558 2665 5634 τυράννους
2693 5556 2950 5630 ὠμότητι
2989 5557 3298 5632 παρελάσαι
3356 5558 3711 5636 φιλονεικῶν.
3773 5559 3845 5617 Οἱ

2176 5650 2270 5724 μὲν
2304 5648 2407 5727 γὰρ
2442 5642 2814 5723 προλαϐόντες
2843 5643 2993 5703 Λέων
3049 5668 3108 5702 τε
3162 5649 3297 5717 ἦσαν
3352 5649 3441 5703 καὶ
3504 5653 3849 5704 Κωνσταντῖ-

2177 5761 2270 5802 νος
2307 5739 2335 5794 6
2368 5739 2746 5817 Κοπρώνυμος
2791 5737 2882 5794 καὶ
2943 5735 3181 5814 Μιχαὴλ
3237 5739 3265 5793 6
3319 5739 3518 5794 τούτου
3576 5739 3758 5813 πατὴρ
3819 5740 3852 5795 6
