4112 6430
287 398 410 460 993

1420 396 1962 460 HISTORIARUM
2012 398 2569 462 COMPENDIUM.

3616 406 3735 467 994

289 535 570 613 Τρσυλός.
604 536 665 594 Ὁ
699 536 793 608 μὶν
825 533 1070 600 ἐθέσπισε
1127 536 1202 608 μή
1261 555 1370 590 τινι
1421 535 1530 590 τῶν
1561 535 1954 612 γεγραμμένων

2076 544 2291 592 sanctus
2315 537 2949 609 imprimeretur,quod
2972 539 3032 593 id
3053 539 3202 594 nulli
3228 541 3310 595 rei
3335 547 3732 614 prmterquam

290 627 542 697 εἶκόνων,
636 625 736 681 κᾶν
830 649 936 681 που
1003 627 1344 706 γραφόμεναι
1417 627 1665 702 τύχοιεν,
1739 632 1960 701 Ἄγιος,

291 719 484 796 φωνήν
512 716 966 793 ἐγχαράττεσθαι,
1020 717 1094 779 ὡς
1151 715 1251 771 οὐκ
1313 715 1474 790 ἄλλῳ
1498 716 1604 772 τινὶ
1642 722 1744 784 τῆς
1778 713 1959 770 τοιαύ-

287 827 393 876 της
426 805 776 880 ἁρμοζούσης
811 813 997 883 φωνῆς
1025 806 1059 876 ἢ
1096 806 1251 878 μόνῳ
1286 810 1371 878 τῷ
1394 805 1552 877 Θείῳ,
1579 806 1680 860 οὐκ
1708 803 1960 879 εὐστόχῳ

293 896 485 972 βαλὼν
513 901 592 968 τῷ
621 893 730 950 νοί·
762 903 864 965 τῆς
903 897 1027 971 γὰρ,
1076 896 1222 962 Θεὸς,
1279 901 1467 974 φωνῆς
1497 899 1613 956 τοῖς
1645 895 1963 968 ἀνθρώποις

295 983 622 1059 μεταδιδοὺς
651 986 679 1039 6
712 985 866 1055 Θεὸς,
893 985 1239 1059 ὑψηλοτέρας
1265 983 1430 1055 οὔσης
1464 985 1610 1059 παρᾶ
1633 983 1718 1048 τὸ,
1748 984 1963 1059 Ἃγιος,

291 1077 618 1150 πρόσρημα,
677 1076 1060 1148 ταπεινοτέρας
1127 1070 1297 1144 οὔσης
1371 1081 1498 1144 τῆς,
1556 1080 1770 1149 *Δγιος,
1830 1072 1967 1126 κατὰ

291 1164 470 1234 πολὺ,
504 1164 604 1219 οὐκ
655 1165 717 1219 ἂν
759 1165 988 1226 τούτους
1039 1166 1449 1240 ἀποστερήσειε.
1487 1162 1638 1233 Ιίλὴν
1669 1168 1832 1218 τοῦτο
1869 1163 1963 1236 μὲν

293 1256 457 1312 οὗτος
488 1252 783 1324 ἐθέσπισεν,
809 1255 836 1310 ὁ
858 1255 963 1330 πρὸ
995 1254 1162 1310 αὐτοῦ
1194 1252 1250 1308 δὲ
1284 1254 1430 1308 Λέων
1459 1254 1548 1308 καὶ
1581 1254 1608 1308 6
1636 1253 1753 1316 υἱὸς
1775 1253 1968 1330 αὐτοῦ,

294 1344 710 1406 Κωνσταντίνος
767 1345 830 1400 τὸ
896 1342 1039 1418 μηδὲ
1095 1345 1512 1419 προσκυνεῖσθαι
1573 1342 1722 1406 ὅλως
1775 1343 1961 1406 ιπιύτᾶις⁸

295 1433 563 1512 Θεόφιλος
621 1431 680 1489 δὲ
733 1433 798 1489 τὸ
840 1432 980 1508 μηδὲ
1018 1433 1282 1508 χρώμασι
1334 1431 1534 1494 ταύτας
1597 1434 1966 1512 μορφοῦσθαι·

296 1523 655 1596 χαμαίζηλον
685 1524 790 1599 γὰρ
824 1523 888 1578 τὸ
937 1523 1074 1598 πρὸς
1121 1524 1188 1578 τὰ
1245 1527 1471 1578 τοιαῦτα
1502 1522 1819 1595 ἐπτοῆσθαι,
1856 1522 1955 1596 μόν

300 1613 402 1682 νῆν
463 1610 521 1667 δὲ
579 1618 802 1668 σκοπεῖν
857 1613 958 1682 τὴν
1013 1611 1298 1683 ἀληθειαν.
1353 1613 1702 1687 Καθῃροῦντο
1747 1612 1842 1685 μὲν
1871 1611 1968 1665 οὗ-

303 1703 547 1758 ἐντεῦθεν
605 1703 742 1759 κατᾶ
797 1707 972 1758 πᾶσαν
1028 1703 1128 1771 τήν
1181 1701 1480 1773 ἒκκλησίαν
1541 1702 1595 1756 αἱ
1653 1703 1790 1757 θεῖαι
1830 1721 1965 1777 μορ,

299 1793 417 1867 qui,
451 1790 617 1865 θηρία
651 1789 706 1846 δὲ
739 1791 831 1846 καὶ
894 1787 1108 1867 ὄρνιθες
1164 1790 1282 1845 ἀντὶ
1324 1790 1533 1845 τούτων
1565 1787 1965 1860 ἀνεπηλοῦντο

343 1881 398 1908 1-.
432 1881 624 1908 _.-.’...-..
660 1877 906 1908 Α..-.-¹ιὶ..
952 1881 1038 1908 --.Α
1096 1876 1487 1908 2...Ῑι“-....-ὶ.¹.ὶ.-
1527 1880 1710 1908 21..-...“
1743 1877 1792 1908 λε

343 1881 358 1899 ς
508 1881 522 1901 Ι
815 1878 826 1900 1
847 1877 870 1898 Ν
1023 1881 1038 1900 \
1105 1879 1118 1899 9
1165 1877 1188 1896 ἢ
1344 1876 1368 1896 '\
1395 1881 1406 1900 ι
1428 1877 1464 1908 δ’
1530 1880 1551 1893 ν
1772 1880 1792 1904 ν

296 1901 398 1949 την
429 1901 628 1936 τουτου
659 1891 910 1955 θηριωοη
952 1901 1040 1935 και
1093 1893 1491 1954 ανοραποοωοη
1525 1899 1710 1934 ανοιαν
1743 1876 1961 1952 ἐςελέγ-
1993 1921 2040 1985 Β

555 1975 616 1985 ..-
713 1974 768 1985 -υ,
897 1970 924 1985 Λ
963 1964 994 1985 Δ
1020 1965 1061 1985 ,κ
1359 1969 1373 1985 ι
1468 1969 1481 1985 ς
1559 1970 1584 1985 σο
1797 1968 1811 1985 \
1845 1969 1858 1985 ι
1939 1967 1953 1985 \

300 1989 498 2046 χοντα.
555 1974 834 2033 Ἐντεῦθεν
897 1964 1163 2043 βεϐήλοις
1217 1969 1376 2047 χερσὶ
1427 1969 1494 2023 τὰ
1550 1970 1678 2046 ἅγια
1724 1968 1813 2022 καὶ
1845 1967 1964 2042 ἱερὰ

297 2057 571 2133 κειμήλια
617 2057 703 2113 ἐπὶ
762 2065 862 2128 τῆς
921 2059 1118 2135 ἀγορᾶς
1180 2057 1534 2133 ὲῤῥιπτοῦντο
1590 2060 1682 2113 καὶ
1740 2052 1964 2137 ἐφυϐρί-

302 2153 483 2218 ζοντο.
533 2150 810 2205 Ἐντεῦθεν
867 2149 935 2202 τὰ
988 2152 1097 2203 τῶν
1157 2147 1473 2223 κακούργων
1532 2146 1843 2222 ἐπληροῦτο
1874 2143 1966 2202 δε-

301 2239 596 2314 σμωτήρια
634 2241 743 2293 τῶν
786 2235 875 2292 διὰ
919 2244 1088 2310 τιμῆς
1145 2236 1384 2312 ἀγόντων
1415 2237 1511 2300 τὰς
1543 2237 1690 2300 θείας
1727 2237 1960 2312 μορφᾶς,

313 2327 678 2402 μοναζόντων,
747 2325 1082 2398 ἐπισκόπων,
1158 2326 1632 2402 ποιμαινομένων,
1699 2327 1788 2381 καὶ
1853 2331 1962 2382 τῶν

303 2417 618 2495 γραφόντων
664 2416 852 2480 αὐτάς.
911 2416 1106 2493 [ιλήρη
1142 2414 1199 2472 δὲ
1228 2417 1318 2472 καὶ
1366 2418 1434 2474 τὰ
1467 2415 1568 2492 ὄρη
1601 2417 1691 2472 καὶ
1723 2416 1789 2472 τὰ
1819 2418 1966 2488 σπή-

301 2506 436 2562 λαια
501 2512 607 2562 τῶν
677 2507 752 2569 ὡς
817 2507 1138 2583 κακούργων
1199 2505 1354 2580 λιμῷ
1420 2505 1804 2582 ἀναιρεθέντων
1872 2506 1962 2562 καὶ

302 2593 475 2670 δίψει.
510 2591 772 2659 Ἀεάτους
801 2597 908 2674 γὰρ
938 2599 1221 2672 τηρεῖσθαι
1273 2599 1370 2660 τὰς
1417 2597 1612 2660 πόλεις
1643 2602 1760 2660 τοῖς
1795 2618 1968 2670 μονα-

301 2691 438 2765 χοῖς
511 2685 996 2764 ἐγκελευσάμενος,
1064 2687 1155 2742 καὶ
1222 2687 1394 2742 πάντα
1485 2688 1691 2761 τρόπον
1767 2685 1963 2748 αὐτοὺς

302 2774 707 2840 ἀπελαύνεσθαι
767 2776 1042 2844 θεσπίσας,
1104 2774 1319 2849 μᾶλλον
1351 2773 1408 2830 δὲ
1443 2773 1584 2850 μηδὲ
1613 2778 1748 2832 κατά
1773 2776 1960 2852 χώραν

303 2865 533 2940 ὁρᾶσθαι
587 2864 824 2939 τολμᾶν,
873 2865 1163 2941 εἰργάσατο
1212 2865 1279 2921 τὰ
1325 2865 1664 2941 μοναστήριά
1707 2866 1796 2921 καὶ
1828 2869 1965 2935 ἡσυ-

302 2957 583 3030 χαστήρια
641 2962 908 3032 περιφανῆ
967 2953 1331 3030 πολυάνδρια,
1376 2960 1486 3010 τῶν
1533 2957 1694 3032 ἱερῶν
1751 2951 1963 3032 ἀνδρῶν

305 3043 604 3121 προδοῦναι
634 3048 736 3116 τήν
787 3047 982 3119 ἀρετήν
1037 3047 1126 3100 καὶ
1185 3046 1248 3101 τὸ
1305 3046 1449 3120 ἱερὸν
1483 3042 1684 3119 ἔνδυμα
1719 3047 1795 3119 μή
1832 3046 1964 3121 βου·

306 3135 580 3209 λομὲνων,
616 3134 769 3208 λιμῷ
802 3133 859 3190 δὲ
889 3136 980 3190 καὶ
1010 3135 1336 3211 κακουχίαις
1377 3137 1830 3210 προαιρουμένων
1860 3137 1962 3205 τὴν

312 3228 454 3295 ζωήν
509 3222 919 3304 καταστρέφειν,
975 3225 1133 3280 ἐνίων
1192 3223 1250 3280 δὲ
1307 3220 1610 3299 περιϐολῆς
1652 3223 1964 3300 κατολιγω-

313 3314 555 3387 ρούντων
587 3319 723 3388 (90),
755 3316 844 3370 καὶ
886 3315 1030 3390 παρᾶ
1084 3319 1248 3370 τοῦτο
1280 3314 1702 3385 ἀπολλυμένων.
1750 3314 1962 3371 Πολλοὶ

310 3400 369 3458 δὲ
417 3405 506 3459 καὶ
561 3407 672 3459 τῶν
731 3403 1100 3480 ῥᾳθυμότερον
1159 3401 1469 3473 διαζώντων
1517 3406 1611 3460 τὸν
1659 3404 1844 3461 ἄνετον
1871 3405 1963 3460 καὶ

306 3491 673 3566 ἐκλελυμένον
707 3493 1022 3564 ἠσπάσαντο
1060 3495 1204 3569 βίον,
1265 3492 1449 3566 ὕμνων
1480 3494 1640 3549 θείων
1684 3496 1770 3550 καὶ
1806 3492 1964 3567 ᾠδῶν

304 3583 398 3638 καὶ
455 3583 621 3640 αὐτοῦ
677 3588 776 3640 τοῦ
859 3586 1150 3659 σχήματος
1211 3586 1297 3658 [Ρ.
1360 3587 1487 3658 519]
1557 3582 1962 3664 ἀφειδήσαντες·

305 3673 399 3728 καὶ
455 3674 558 3749 γὰρ
614 3671 738 3728 οὐδὲ
793 3674 1023 3736 τούτους
1079 3674 1356 3729 τελεῖσθαι
1417 3675 1544 3737 τοὺς
1605 3673 1968 3750 συλλόγουςὸ

307 3761 566 3837 τύραννος
600 3762 1002 3838 συνεχὼρησεν,
1048 3763 1100 3817 οἳ
1148 3761 1418 3824 πολλάκις
1461 3763 1551 3816 καὶ
1595 3762 1750 3836 μόνοι
1783 3761 1969 3819 δύναν-

303 3861 399 3907 ται
427 3856 611 3922 τηρεῖν
645 3851 736 3906 καὶ
795 3853 911 3908 οἷον
970 3850 1199 3926 χαλινός
1258 3873 1344 3913 τις
1404 3852 1536 3905 εἶναι
1587 3857 1704 3913 τοῖς
1737 3852 1872 3927 πρὸς
1903 3851 1972 3907 τὰ

306 3942 456 4013 πάθη
515 3940 734 4018 ἀλόγως
774 3940 1278 4005 κατολισθαίνουσι.
1343 3942 1496 4010 Πλὴν
1556 3942 1620 3996 οὐ
1662 3943 1970 3998 παντάπασι

305 4037 419 4087 τῶν
451 4031 750 4107 ἀνθρώπων
796 4029 924 4086 οὐδὲ
981 4032 1106 4087 τότε
1161 4032 1223 4085 τὸ
1280 4030 1744 4109 παῤῥησιαστικόν
1789 4053 1847 4087 τε
1877 4033 1965 4087 καὶ

308 4120 614 4196 ἐλευθέριον
675 4122 1060 4200 ἀπεφοίτησεν,
1135 4119 1280 4176 ἀλλά
1345 4141 1486 4182 τινες
1543 4125 1651 4176 τῶν
1707 4123 1967 4196 θερμοτέ-

308 4232 446 4285 ρων,
478 4209 684 4266 πολλοὶ
745 4211 840 4283 μὲν
890 4211 979 4266 καὶ
1039 4212 1151 4274 καθ’
1208 4207 1452 4281 ἕκαστον,
1493 4211 1630 4272 τινες
1663 4207 1719 4265 δὲ
1749 4211 1840 4266 καὶ
1870 4231 1970 4265 κα·-

306 4298 677 4370 τασυστάδην,
711 4299 890 4375 ὥσπερ
925 4302 975 4354 οἱ
1009 4302 1104 4369 τῆς
1134 4304 1240 4354 τῶν
1296 4295 1651 4376 Ἀὅραμιτῶν
1702 4300 1970 4375 ὁρμώμε-

307 4415 397 4450 νοι
452 4401 626 4468 μονῆς
679 4391 937 4469 μοναχοῖ,
993 4392 1130 4463 μετὰ
1177 4388 1482 4466 παρρησίας
1532 4391 1781 4470 ὀφθέντες
1823 4391 1971 4464 αὐτῷ

311 4482 562 4556 λογικῶς
594 4479 654 4537 ἔκ
679 4502 738 4536 τι
767 4485 875 4535 τῶν
919 4485 1037 4543 τοῖς
1090 4477 1266 4554 ἁγίοις
1322 4479 1590 4554 Πατράσιν
1622 4481 1784 4552 ἡμῶν
1817 4479 1970 4555 εἰρη-

316 4570 515 4646 μένων,
578 4569 840 4642 Διονυσίῳ
896 4574 977 4642 τῷ
1036 4565 1284 4643 μεγάλῳ,
1349 4566 1593 4641 Ἰεροθᾶῳ
1657 4569 1747 4622 καὶ
1797 4567 1972 4644 Εἴρη-

2071 626 2181 682 soli
2212 628 2332 682 Deo
2363 643 2694 700 congruere
2716 628 2980 700 putabat,
3007 646 3207 685 errore
3232 630 3471 702 quidem
3504 634 3730 703 opinio-

2070 716 2182 771 nis.
2219 716 2362 771 Cum
2391 717 2553 771 enim
2585 719 2725 772 Deus
2755 735 2974 773 nomen
3010 719 3377 787 Deus,multo
3411 737 3588 790 quam
3618 738 3730 776 vox

2071 805 2304 860 Sanctus
2338 805 2413 859 sit
2446 806 2774 878 angustius,
2809 807 3035 861 homini
3067 813 3270 862 tamen
3307 808 3546 878 tribuat,
3580 826 3730 879 quo-

2072 892 2248 947 modo
2280 893 2337 946 id
2390 893 2549 963 quod
2606 894 2795 949 multo
2853 895 3028 950 vilius
3086 902 3176 950 est
3219 896 3590 969 denegaret?
3621 899 3733 951 Leo

2072 989 2271 1038 autem
2303 990 2364 1038 et
2393 984 2550 1039 filius
2579 986 2707 1056 ejus
2730 986 3138 1058 Copronymus
3160 989 3324 1042 omni
3359 1005 3562 1043 earum
3595 988 3736 1043 ado-

2071 1076 2302 1131 ratione
2325 1093 2566 1148 prorsus
2591 1077 3409 1150 interdixerant.Theophilus
3437 1086 3635 1134 autem
3659 1095 3734 1134 ne

2070 1165 2234 1238 pingi
2295 1165 2537 1236 quidem
2599 1183 2699 1222 eas
2757 1167 3058 1222 coloribus
3134 1170 3449 1235 concessit,
3511 1168 3732 1242 abjecti

2072 1255 2277 1311 dicens
2309 1256 2495 1312 animi
2527 1273 2658 1312 esse
2684 1257 2892 1312 talium
2925 1275 3124 1313 rerum
3156 1259 3732 1329 admirationem,ip-

2073 1361 2320 1416 samque
2352 1346 2540 1401 solam
2575 1346 2962 1418 spectandam
3004 1365 3133 1403 esse
3167 1349 3492 1404 veritatem.
3526 1351 3732 1419 itaque

2071 1434 2282 1490 divinas
2310 1435 2601 1507 imagines
2624 1437 2900 1492 omnibus
2923 1437 2983 1492 in
3010 1437 3244 1510 templis
3275 1438 3735 1510 dejicieb-antur,

2073 1539 2398 1596 earumque
2431 1524 2558 1580 loco
2590 1525 2915 1582 bestiarum
2939 1531 2999 1581 et
3027 1527 3220 1582 avium
3246 1526 3563 1582 simulacra
3591 1528 3733 1600 ﬁge-

2072 1613 2310 1680 bantur,
2343 1614 2674 1670 belluinam
2705 1621 2764 1670 et
2786 1616 3058 1671 servilem
3082 1616 3392 1688 Theophili
3427 1617 3737 1688 arguentia

2072 1706 2394 1760 vesaniam.
2427 1706 2511 1760 Ex
2541 1722 2610 1760 eo
2663 1713 3043 1762 sacrosancta
3093 1707 3348 1762 donaria
3378 1707 3437 1761 in
3465 1707 3593 1762 foro
3625 1707 3734 1761 im-

2071 1795 2237 1867 puris
2269 1795 2546 1851 manibus
2568 1796 2955 1868 jactabantur
2983 1801 3160 1867 atque
3185 1796 3580 1868 ignominiose
3610 1802 3735 1850 tra-

2073 1885 2424 1952 ctabantur;
2471 1902 2539 1941 ac
2589 1885 2858 1940 sontibus
2899 1885 3083 1940 debiti
3117 1902 3384 1941 carceres
3417 1886 3487 1940 iis
3519 1885 3736 1956 imple-

2073 1974 2309 2042 bantur,
2341 1975 2440 2046 qui
2471 1975 2702 2030 divinas
2749 1975 3036 2046 imagines
3069 1975 3363 2038 colebant,
3397 1974 3732 2041 monachis,

2074 2065 2388 2137 episc0pis,
2422 2063 2694 2134 subditis,
2731 2081 3056 2135 earumque
3087 2064 3451 2136 pictoribus:
3497 2068 3732 2118 montes

2075 2171 2311 2225 quoque
2325 2160 2382 2209 et
2395 2154 2694 2226 spelunca:
2709 2154 2779 2208 iis
2794 2155 3180 2226 replebantur
3193 2155 3290 2225 qui
3307 2153 3734 2226 ﬂagitiosorum

2074 2243 2204 2299 loco
2231 2243 2386 2298 fame
2413 2261 2480 2300 ac
2511 2244 2609 2299 siti
2639 2245 3028 2299 necabantur.
3054 2244 3332 2299 Edixerat
3365 2244 3526 2299 enim
3547 2243 3736 2298 Theo-

2073 2333 2274 2404 philus
2304 2349 2376 2388 ne
2420 2333 2730 2388 monachis
2769 2333 2953 2388 ullam
3001 2333 3212 2388 urbem
3244 2333 3466 2388 intrare
3499 2333 3730 2398 liceret,

2065 2422 2445 2494 jusseratqne
2480 2423 2641 2478 omni
2672 2422 2848 2477 modo
2880 2440 2979 2478 eos
3001 2423 3210 2490 arceri,
3236 2428 3412 2493 atque
3443 2421 3590 2476 adeo
3613 2437 3732 2476 non

2073 2515 2267 2566 tutum
2288 2518 2414 2566 erat
2436 2512 2509 2566 iis
2531 2512 2795 2584 conspici
2829 2528 2898 2567 ea
2926 2513 2989 2567 in
3020 2512 3279 2583 regione.
3304 2512 3452 2566 9"
3487 2511 3638 2576 Quin
3671 2515 3730 2564 et

2074 2603 2438 2656 monasteria
2493 2607 2670 2672 atque
2728 2601 2834 2655 otii
2877 2601 3030 2656 sacri
3062 2617 3241 2656 causa
3272 2599 3542 2655 conditas
3575 2597 3729 2653 aedes

2073 2690 2339 2761 profanis
2362 2690 2702 2746 hominibus
2722 2691 3160 2761 frequentabat.
3178 2690 3419 2746 Interim
3439 2689 3520 2760 pii
3546 2688 3735 2743 homi-

2075 2793 2202 2844 nes,
2237 2779 2336 2849 qui
2397 2778 2646 2850 prodere
2706 2779 2987 2834 virtutem
3047 2795 3400 2849 sacrumque
3447 2777 3727 2832 vestitum

2073 2867 2327 2933 nollent,
2359 2868 2514 2924 fame
2545 2885 2613 2923 ac
2645 2868 3004 2924 cruciatibus
3035 2869 3186 2924 mori
3223 2867 3544 2923 malebant.
3580 2868 3732 2921 Non-

2075 2957 2224 3012 nulli
2247 2958 2516 3031 neglecto
2541 2958 2748 3014 habitu
2769 2958 3044 3030 peribant
3069 2975 3081 3012 :
3108 2958 3275 3014 multi
3305 2956 3733 3027 etiam,quibus

2076 3048 2274 3102 minus
2305 3054 2431 3103 erat
2469 3048 2697 3102 virtutis
2749 3047 3033 3117 studium,
3067 3049 3306 3120 hymnis
3339 3064 3406 3102 ac
3440 3045 3732 3101 cantioni-

2074 3136 2184 3191 bus
2216 3138 2400 3192 sacris
2433 3137 2684 3209 ipsoque
2732 3137 2913 3192 etiam
2963 3139 3179 3192 vestitu
3211 3137 3497 3200 dimissis,
3529 3135 3741 3189 liberm

2075 3242 2143 3280 ac
2173 3226 2383 3281 solutus
2439 3227 2571 3281 vitae
2631 3242 2760 3282 esse
2817 3226 3130 3282 dederunt.
3163 3227 3308 3282 Nam
3361 3227 3468 3280 hos
3500 3239 3738 3296 quoque

2079 3323 2260 3372 castus
2291 3318 2619 3389 imperator
2649 3317 2977 3389 dissipavit,
3011 3318 3112 3388 qui
3165 3316 3278 3372 soli
3310 3315 3383 3370 ad
3427 3315 3740 3369 refrenan-

2075 3408 2177 3463 das
2209 3407 2563 3478 cupiditates
2595 3407 2903 3463 hominum
2945 3407 3262 3462 faciebant.
3297 3407 3498 3476 Neque
3534 3410 3734 3459 tamen

2075 3513 2143 3551 eo
2178 3503 2441 3567 tempore
2469 3513 2712 3567 prorsus
2745 3496 2980 3552 dicendi
3014 3496 3256 3551 libertas
3288 3511 3359 3550 ex
3392 3492 3733 3549 hominibus

2075 3585 2312 3641 sublata
2341 3585 2470 3653 fuit,
2505 3587 2608 3642 sed
2643 3588 2886 3658 quidam
2911 3587 3110 3642 animo
3143 3584 3480 3648 calidiores,
3504 3581 3591 3636 vel
3612 3582 3734 3636 sin-

2073 3675 2194 3749 guli
2219 3674 2304 3730 vel
2328 3676 2505 3730 etiam
2530 3676 2682 3732 facto
2704 3677 2962 3749 agmine,
2989 3676 3319 3747 principem
3343 3671 3739 3744 reprehende-

2075 3766 2468 3820 runt.Horum
2486 3766 2770 3838 praecipui
2788 3766 2954 3822 fuere
2975 3766 3294 3822 Abramitm
3319 3763 3618 3830 monachi,
3636 3760 3738 3832 qui

2075 3854 2261 3908 libere
2293 3855 2356 3909 in
2388 3861 2774 3927 conspectum
2799 3857 2930 3929 ejus
2962 3856 3260 3928 progressi
3293 3872 3364 3909 ex
3395 3858 3741 3908 sanctorum

2076 3949 2311 4017 patrum
2343 3945 2537 4014 dictis,
2581 3947 2776 4020 magni
2809 3945 3085 4001 videlicet
3114 3945 3402 4016 Dionysii,
3438 3940 3740 3998 Hierothei

2077 4038 2136 4087 et
2165 4034 2396 4101 Irenmi,
2447 4033 2889 4089 demostrarunt
2921 4051 3039 4090 non
3076 4051 3269 4105 nuper
3297 4031 3529 4087 vivendi
3565 4029 3742 4084 ratio-

2078 4137 2214 4177 nem
2246 4121 2804 4194 institutionemque
2851 4123 3244 4178 monasticam
3286 4121 3605 4188 exstitisse,
3639 4118 3745 4174 sed

2078 4211 2493 4281 perantiquam
2527 4227 2678 4278 esse,
2735 4210 2840 4266 sed
2898 4217 2956 4266 et
3013 4227 3211 4266 sacras
3264 4209 3553 4282 imagines
3595 4207 3743 4278 ipsis

2077 4300 2263 4356 fuisse
2293 4300 2580 4372 apostolis
2609 4301 2959 4366 familiares,
3007 4299 3245 4372 quando
3279 4305 3338 4355 et
3367 4301 3558 4354 Ducas
3592 4297 3743 4352 divi-

2079 4409 2193 4448 nus
2251 4391 2558 4464 apostolus
2615 4393 2880 4464 Deiparaa
2960 4392 3212 4447 formam
3268 4391 3626 4463 depinxerit,
3681 4395 3742 4443 et

2080 4483 2348 4537 Christus
2364 4482 2652 4537 Dominus
2668 4483 2942 4552 Deusque
2962 4487 3164 4537 noster
3185 4480 3369 4536 linteo
3387 4480 3742 4550 impressam

2083 4573 2172 4626 sui
2221 4571 2481 4643 efﬁgiem
2529 4571 2696 4626 nullo
2749 4588 2964 4627 manus
3014 4570 3349 4626 ministerio
3381 4568 3744 4624 elaboratam

311 4663 473 4734 ναίῳ,
532 4658 921 4716 ἀπεδείκνυσαν
977 4660 1051 4721 ὡς
1112 4658 1172 4714 οὐ
1232 4659 1362 4734 χθὲς
1415 4659 1501 4713 καὶ
1561 4659 1752 4731 πρώην
1800 4661 1966 4729 ἡτῶν

2084 4661 2257 4716 nobis
2278 4661 2610 4731 reliquerit.
2631 4662 2750 4716 Hoc
2775 4661 2952 4716 modo
2975 4660 3332 4716 divinissimi
3361 4659 3456 4714 isti
3479 4659 3586 4713 viri
3609 4673 3746 4712 cum

317 4756 584 4826 μοναχῶν
643 4747 900 4805 πολιτεία
949 4770 1009 4804 τε
1091 4746 1383 4828 ἐφεύρηται
1464 4748 1554 4803 καὶ
1623 4749 1970 4816 κατάστασις,

312 4838 529 4896 ’παλαια
583 4837 643 4895 δέ
692 4861 775 4901 τις
829 4840 918 4893 καὶ
976 4837 1293 4915 ἀρχέγονος.
1349 4838 1426 4895 Οὐ
1477 4838 1584 4912 μὴν
1617 4835 1674 4893 δὲ
1706 4837 1851 4894 ἀλλὰ
1882 4838 1972 4894 καὶ

313 4929 388 4984 τὰ
433 4933 540 4984 τῶν
597 4929 758 4984 θείων
805 4927 1024 4984 εἰκόνων
1071 4927 1416 5005 μορφώματα
1465 4923 1810 4982 ἀπεδείκνυον
1853 4927 1974 4983 σύν-

312 5020 496 5096 τροφα
537 5039 597 5074 τε
640 5023 760 5080 τοῖς
809 5016 1144 5078 ἀποστόλοις
1203 5015 1292 5071 καὶ
1349 5012 1664 5090 ὁμοδίαιτα,
1693 5015 1804 5093 ε’ίγῑ
1834 5023 1976 5072 Λου-

315 5113 418 5171 κᾶς
451 5109 546 5181 μὲν
579 5109 608 5163 6
638 5109 785 5170 θεῖος
819 5105 1130 5168 ἀπόστολος
1158 5106 1258 5175 τὴν
1302 5111 1402 5176 τῆς
1453 5107 1722 5161 Θεοτόκου
1754 5107 1975 5185 μορφὴν

315 5199 684 5269 ἆνετΰπωσεν,
735 5196 898 5259 αὐτὸς
933 5191 991 5251 δὲ
1019 5195 1252 5272 Χριστὸς
1303 5195 1331 5249 ὁ
1385 5195 1664 5270 Δεσπότης
1695 5197 1858 5270 ἡμῶν
1885 5195 1974 5252 καὶ

318 5289 451 5352 Θεὸς
510 5291 613 5360 τὴν
669 5291 865 5344 ἑαυτοῦ
934 5285 1023 5343 ἐπί
1102 5307 1247 5349 τινος
1303 5285 1500 5356 ὀθόνης
1558 5288 1978 5361 ἀπομαξάμενος

319 5377 739 5454 ἆχειρότευκτον
802 5378 939 5451 ἡμῖν
1011 5373 1428 5434 καταλέλοιπεν.
1497 5375 1660 5432 Οὗτοι
1723 5381 1852 5450 γοῦν
1921 5379 1977 5438 οἱ

320 5468 590 5526 θειότατοι
622 5465 808 5543 ἄνδρες
838 5468 937 5536 τήν
982 5469 1080 5522 τοῦ
1137 5465 1400 5541 τυράννου
1452 5463 1638 5520 ἄνοιαν
1668 5463 1974 5541 ἔξελε-(ξαν-

2084 4752 2325 4823 tyranni
2359 4752 2512 4808 912
2558 4751 2854 4807 inscitiam
2890 4757 3068 4823 atque
3099 4752 3380 4808 smvitiam
3409 4748 3748 4823 redarguis-

2083 4847 2237 4910 sent,
2270 4841 2342 4897 ob
2376 4857 2673 4897 summam
2705 4841 2942 4897 dicendi
2983 4842 3323 4898 libertatem
3356 4841 3575 4896 multos
3605 4853 3743 4894 cru-

2085 4932 2273 4988 ciatus
2293 4937 2470 5003 atque
2501 4937 2801 4988 tormenta
2820 4933 3154 5006 passi,urbe
3175 4934 3355 4989 etiam
3378 4931 3439 4986 in
3462 4931 3740 4986 exsilium

2087 5021 2332 5094 relegati
2363 5021 2642 5086 sunt.Qui
2673 5039 2807 5078 cum
2833 5021 2907 5078 ad
2928 5022 3134 5078 fanum
3162 5021 3407 5077 Joannis
3440 5019 3740 5090 Baptista,

2083 5111 2242 5184 quod
2255 5111 2538 5167 Terribile
2555 5117 2946 5185 cognomento
2961 5111 3180 5167 dicitur
3200 5117 3405 5182 estque
3430 5109 3490 5164 in
3513 5108 3739 5163 Euxino

2085 5207 2266 5274 ponto
2291 5201 2928 5275 situm,pervenissent,
2958 5199 3331 5273 flagellorum
3362 5198 3551 5270 plagis
3583 5214 3747 5269 pror-

2085 5309 2186 5348 sus
2245 5293 2500 5349 confecti
2559 5293 2820 5349 cmlitum
2892 5298 3107 5348 emtum
3167 5292 3462 5348 abierunt.
3525 5293 3742 5343 Eorum

2085 5382 2377 5440 cadavera
2400 5381 2699 5454 insepulta
2721 5382 2780 5436 in
2800 5381 2993 5437 solum
3015 5381 3280 5453 projecta
3301 5379 3401 5434 diu
3418 5377 3743 5434 admodum

2089 5472 2322 5545 integra
2350 5476 2724 5540 manserunt,
2756 5470 2945 5527 donec
2976 5471 3057 5542 pii
3091 5470 3334 5542 quidam
3367 5486 3436 5526 ea
3467 5469 3746 5524 humave-

1527 5565 1890 5624 X'Y‘LANDRI
1925 5569 2014 5625 ET
2051 5571 2270 5629 GOARI
2306 5571 2528 5626 ΝΟΤΑΞ.

394 5697 505 5767 (90)
541 5696 722 5751 Locus
768 5700 858 5752 est
907 5693 1216 5767 obscurus.
1265 5692 1984 5767 Caeterumpllierotheus,

321 5762 496 5842 cujus
534 5767 760 5826 mentio
790 5766 964 5840 paulo
1011 5771 1146 5836 post
1182 5765 1268 5835 fit,
1321 5762 1543 5820 sodalis
1573 5763 1686 5821 fuit
1713 5765 1979 5840 Dionysii

2089 5696 2536 5826 20A;eopagitm
2562 5713 2575 5762 ;
2605 5695 2678 5754 de
2709 5712 2828 5767 quo
2849 5695 3048 5750 videre
3070 5700 3237 5767 potes
3270 5694 3666 5766 Nicephorum
3685 5708 3746 5763 ιι,

2166 5811 2180 5824 .
2264 5785 2352 5824 η.

2166 5811 2180 5824 .
2209 5785 2352 5824 ᾹΥῘ..
