4112 6414
411 376 529 436 995

1784 368 2094 430 GEORGII
2139 369 2476 430 CEDRENI

3733 373 3864 436 996

417 515 579 580 runt,
601 516 662 565 et
683 509 893 564 eodem
916 525 1033 579 quo
1057 506 1270 562 Christi
1290 510 1502 576 martyr
1519 522 1580 560 es
1603 504 1825 559 honore
1850 503 2073 576 dignati

2192 524 2277 566 τες
2337 504 2425 558 καὶ
2486 505 2581 573 τήν
2645 503 2945 580 θηριωδίαν
2991 511 3071 579 τῷ
3126 504 3334 583 σφόδρα
3377 505 3858 582 παῤῥησιασθῆναι

424 600 888 655 sunt.Fermana
913 599 1004 654 his
1027 605 1165 654 sunt
1185 597 1449 651 facinora
1471 593 1747 651 monachi
1769 594 2081 664 cujusdam

416 692 548 762 jam
563 692 636 746 ad
654 691 1048 747 sacerdotium
1065 689 1404 760 provecti.ls
1417 688 1614 743 divino
1630 688 1852 743 mentis
1871 686 2082 742 ardore

427 782 658 836 excitus
683 782 741 835 in
766 781 972 836 faciem
996 786 1244 850 tyranno
1270 777 1572 844 restitit,et
1595 793 1726 832 eum
1757 775 1873 830 alia
1893 775 2083 831 multa

429 869 857 936 disseruit,tum
887 867 1035 922 illud
1068 867 1233 921 Pauli
1283 865 1428 935 (Gal.
1465 867 1513 935 1)
1546 865 1770 919 dictum
1803 865 2079 940 protulit;

427 957 820 1013 Exsecrabilis
851 963 997 1024 esto,
1024 958 1362 1027 quicunque
1395 953 1554 1009 aliud
1587 953 1658 1008 ab
1693 971 1758 1009 eo
1793 953 1952 1024 quod
1981 969 2081 1008 ac-

424 1048 665 1118 cepistis
693 1046 1060 1118 evangelium
1092 1044 1254 1100 vobis
1278 1043 1472 1100 tradit.
1510 1043 1621 1097 Sed
1653 1043 1810 1098 hunc
1843 1058 2080 1114 quoque

423 1137 630 1192 multis
670 1135 1010 1191 verberibus
1061 1135 1380 1190 multatum
1442 1133 1786 1203 imperator,
1849 1148 1982 1186 cum
2016 1132 2079 1186 in

419 1227 714 1297 colloquio
741 1226 1212 1282 constantiorem
1245 1225 1490 1288 videret,
1523 1223 1596 1277 ad
1625 1224 2077 1289 Jannem,suum

420 1315 719 1388 quondam
754 1321 1176 1387 praeceptorem
1211 1331 1278 1369 ac
1310 1315 1676 1386 magistrum,
1711 1313 1890 1377 misit,
1916 1327 2078 1366 man-

419 1406 554 1461 dato
573 1412 639 1460 ut
654 1407 727 1460 iis
744 1405 1102 1460 monachum
1117 1404 1444 1460 dialecticis
1465 1403 2076 1459 demonstrationibus

420 1514 456 1552 a
485 1498 790 1569 proposito
825 1497 1152 1552 diduceret.
1181 1498 1359 1550 [stum
1390 1512 1623 1566 quoque
1648 1497 1890 1550 Jannem
1925 1512 2078 1566 prm-

422 1585 618 1640 clarus
645 1587 756 1640 iste
787 1591 1044 1640 certator
1074 1602 1193 1639 non
1241 1585 1567 1639 dialecticis
1597 1591 1698 1638 aut
1729 1583 2070 1654 sophisticis

417 1675 1105 1744 ratiocinationibus,sed
1129 1674 1469 1746 apostolicis
1492 1673 1965 1745 evangelicisque
1989 1672 2070 1728 di-

417 1765 528 1819 ctis
563 1765 722 1835 pisce
789 1763 972 1836 magis
1033 1769 1263 1818 mutum
1324 1762 1568 1834 redegit.
1602 1765 1684 1817 Ac
1717 1768 1841 1817 tum
1874 1761 2069 1817 denuo

2189 590 2614 666 ἐκκαλεσάμενοι
2678 596 2813 668 μετὰ
2860 595 3078 661 πολλὰς
3131 596 3306 658 αἰκίας
3355 618 3412 652 τε
3443 597 3531 652 καὶ
3585 597 3860 672 βασάνους

2187 689 2287 750 τῆς
2347 681 2566 748 πόλεως
2631 683 3020 760 ἐξωρίσθησαν,
3080 687 3174 742 τὸν
3244 685 3299 742 δὲ
3357 691 3454 742 τοῦ
3521 685 3857 762 Προδρόμου

2188 771 2311 825 ναὸν
2343 771 2435 826 τὸν
2484 773 2632 828 οὕτω
2691 773 3034 846 καλούμενον
3091 779 3188 830 τοῦ
3243 770 3480 854 φοϐεροῦ
3510 776 3605 830 κὰν
3639 779 3717 846 τῷ
3749 775 3859 832 Εὖ-

2188 859 2342 933 ξείνῳ
2396 858 2736 934 διακείμενον
2797 864 2984 936 πόντῳ
3037 859 3457 934 καταλαϐόντες,
3508 866 3596 919 καί
3643 869 3762 926 ταῖς
3792 862 3857 919 ἐκ

2186 952 2294 1002 τῶν
2360 949 2635 1024 μαστίγων
2681 951 2925 1028 πληγαῖς
2977 951 3205 1016 τελείως
3235 955 3716 1024 καταπονηθέντες,
3749 960 3856 1022 τῆς

2188 1037 2300 1092 ἄνω
2331 1041 2541 1109 λήξεως
2576 1042 2938 1113 ήξειώθησαν.
2999 1045 3094 1104 Ὦς
3151 1045 3241 1098 καὶ
3299 1044 3365 1099 τὰ
3418 1045 3576 1117 τίμια
3619 1045 3852 1117 σώματα

2188 1126 2363 1198 ἄταφα
2430 1127 2732 1204 ἐρριμμένα
2788 1130 2866 1195 είς
2916 1128 3192 1194 τοῦδαφος
3253 1137 3368 1187 σῶα
3444 1131 3531 1188 ἐπὶ
3588 1130 3850 1188 πλεῖστον

2187 1213 2587 1292 διετηρήθησαν
2630 1219 2853 1297 χρόνον,
2907 1220 3072 1296 μέχρι
3131 1221 3259 1277 ὅτου
3308 1219 3492 1276 πιστοί
3539 1243 3681 1284 τινες
3713 1223 3847 1277 ἀνα-

2187 1304 2445 1372 λαϐόντες
2476 1315 2642 1365 ταῦτα
2672 1309 2966 1382 ἐκήδευσαν
3024 1313 3115 1366 καὶ
3168 1311 3548 1383 καταλλήλως
3580 1311 3849 1386 ἐτίμησαν

2180 1405 2298 1461 τοῖς
2360 1399 2493 1475 ὑπὲρ
2554 1401 2789 1474 Χριστοῦ
2847 1405 2945 1456 τοῦ
3004 1406 3139 1456 Θεοῦ
3213 1405 3657 1478 μαρτυρήμασιν.
3717 1404 3852 1481 Ἐφ-

2185 1488 2398 1561 άμιλλα
2426 1489 2641 1551 τούτοις
2679 1489 2768 1544 καὶ
2818 1488 3028 1569 ἀδελφὰ
3085 1491 3177 1546 καί
3232 1511 3318 1553 τις
3380 1493 3626 1567 μοναχὸς
3655 1489 3852 1563 ἕτερος

2182 1575 2510 1646 ἐπεδείξατο,
2543 1578 2680 1651 πρὸς
2738 1577 2918 1653 ἀρχὴν
2979 1580 3281 1655 ἱερωσύνης
3338 1577 3460 1656 ὄίρτι
3494 1579 3848 1656 ἀναδραμώνο

2184 1664 2356 1737 ζήλου
2385 1666 2484 1741 γὰρ
2535 1667 2682 1721 θείου
2737 1668 3006 1739 πλησθεὶς
3064 1669 3201 1724 κατὰ
3257 1669 3555 1743 πρόσωπον
3589 1668 3713 1740 ἔστη
3750 1675 3848 1724 τοῦ

2181 1757 2446 1829 τυράννου
2486 1759 2576 1813 καὶ
2636 1758 2780 1814 ἄλλα
2843 1760 2936 1832 μὲν
2999 1757 3210 1830 διεξιὼν
3269 1761 3372 1816 οὐκ
3429 1760 3616 1838 ὀλίγα,
3661 1761 3750 1816 καὶ
3783 1761 3849 1816 τὸ

420 1853 624 1907 multis
648 1853 893 1907 affectus
915 1852 1256 1907 verberibus
1275 1851 1468 1905 solum
1491 1855 1717 1904 vertere
1734 1849 1940 1920 jussus
1961 1852 2070 1903 est.

2187 1851 2282 1902 τοῦ
2314 1847 2625 1904 ἀπσστολου
2657 1846 2713 1904 δὲ
2745 1847 2965 1904 Παύλου
3011 1849 3194 1923 ῥητὸν,
3230 1855 3391 1905 τοῦτο
3427 1848 3492 1919 δὴ
3524 1852 3586 1905 τὸ
3619 1851 3842 1928 φάσκον·

416 1944 556 1998 Post
582 1959 714 1997 vero
738 1959 870 1996 cum
897 1957 1112 2012 magno
1136 1940 1360 2012 lgnatio
1384 1939 1735 2010 aliquandiu
1757 1955 2077 1994 conversa-

415 2039 511 2089 tus
541 2051 608 2089 ac
640 2034 710 2088 de
761 2033 1166 2088 subsecuturis
1214 2032 1566 2086 vaticinatus
1614 2029 2074 2101 imperatoribus

415 2124 571 2179 9I8
603 2124 763 2194 (nam
799 2129 855 2177 et
885 2121 1040 2177 dono
1098 2120 1486 2192 praescientiw
1539 2120 1874 2174 futurorum
1919 2120 2073 2173 Deus

416 2229 551 2268 eum
611 2212 885 2285 dignatus
945 2213 1152 2280 fuerat)
1210 2210 1283 2265 ad
1344 2209 1661 2264 Dominum
1720 2208 2071 2280 commigra-

416 2302 518 2356 vit.

2191 1960 2218 1987 «
2249 1937 2314 1993 Εἳ
2342 1938 2426 1999 τίς
2470 1939 2597 2011 ὑμῖν
2652 1937 3060 2013 εὐαγγελίζεται
3113 1941 3238 2012 παρ’
3270 1941 3298 1994 ’ὀ
3330 1935 3687 2013 παρελάϐετε,
3719 1941 3849 1996 δινᾶ-

2190 2037 2329 2098 θεμα
2359 2024 2518 2084 ἔστω.
2557 2051 2584 2077 ››
2639 2026 2818 2082 Ἀλλὰ
2877 2027 2967 2081 καὶ
3025 2027 3206 2099 τούτῳ
3256 2027 3472 2104 πληγάς
3515 2028 3716 2091 ἐπιθεὶς
3751 2029 3853 2085 οὐκ

2189 2114 2404 2190 ὀλίγας,
2437 2113 2624 2186 ἐπειδὴ
2687 2115 3082 2192 σταθηρότερος
3137 2114 3312 2187 ἔδοξεν
3369 2115 3420 2172 ἐν
3469 2122 3539 2192 τῇ
3591 2115 3849 2189 διαλέξει,

2186 2207 2321 2277 πρὸς
2377 2206 2467 2258 τὸν
2530 2207 2730 2271 Ἰαννῆν
2793 2203 3200 2277 ἐξαποστέλλει,
3259 2209 3583 2282 καθηγητὴν
3627 2213 3724 2262 τοῦ
3753 2229 3847 2263 τυ-

2188 2297 2377 2368 ράννου
2407 2295 2664 2370 γεγονότα
2720 2296 2810 2350 καὶ
2872 2292 3222 2367 διδάσκαλον,
3284 2294 3654 2359 διαλεκτικαῖς
3704 2301 3847 2354 ἀπο-

419 2387 616 2457 δείξεσι
661 2392 854 2442 τοῦτον
913 2392 1095 2442 πεῖσαι
1153 2384 1634 2460 ἐγκελευσάμενος.
1696 2382 1872 2442 Ἀλλὰ
1927 2385 2015 2438 καὶ
2076 2387 2270 2439 τοῦτον
2320 2385 2347 2439 6
2403 2391 2644 2458 γενναῖος
2699 2385 3003 2458 ἀγωνιστὴς
3061 2386 3121 2440 οὒ
3186 2392 3527 2463 σοφιστικαῖς
3583 2389 3673 2442 καὶ
3733 2385 3860 2442 δια-

419 2476 706 2538 λεκτικαῖς
762 2474 1123 2546 ἀποδείξεσιν,
1184 2475 1573 2538 ἀποστολικοῖς
1631 2472 1686 2528 δὲ
1745 2476 1832 2529 καὶ
1892 2471 2272 2550 εὐαγγελικοῖς
2361 2473 2598 2550 ῥήμασιν
2660 2475 3002 2551 ἀφωνότερον
3091 2473 3299 2550 ἲχθύων
3387 2473 3657 2548 ἀπέδειξε.
3748 2477 3852 2534 Καὶ

413 2569 543 2624 τότε
574 2568 667 2641 μὲν
699 2567 804 2622 οὐκ
835 2565 1029 2642 ὀλίγας
1068 2568 1236 2622 πάλιν
1296 2562 1478 2622 λαϐὼν
1535 2563 1985 2640 ἐξοστρακίζεται,
2043 2562 2263 2638 ὕστέρον
2326 2562 2382 2619 δὲ
2439 2570 2518 2637 τῷ
2580 2564 2808 2642 μεγάλῳ
2861 2567 3054 2622 συστὰς
3108 2567 3351 2643 Ὶγνατίῳ
3380 2569 3470 2622 καὶ
3499 2569 3700 2643 χρόνον
3732 2570 3854 2624 τινὰ

414 2656 800 2733 συνδιατρίψας
833 2656 980 2729 αὐτῷ
1011 2656 1099 2711 καὶ
1130 2655 1256 2732 περὶ
1290 2661 1404 2712 τῶν
1437 2652 1752 2729 μελλόντων
1787 2651 2107 2725 άναδιδάξας
2142 2654 2411 2730 βασιλέων
2447 2657 2533 2728 (ἦν
2563 2655 2663 2730 γὰρ
2698 2655 2786 2710 καὶ
2817 2659 3186 2730 προορατικοῦ
3217 2656 3526 2729 ἠξιωμένος
3569 2657 3852 2735 χαρίσμα-

414 2750 552 2820 τος),
586 2749 724 2823 πρὸς
765 2747 968 2816 Κύριον
1005 2744 1325 2819 ἐξεδήμησε.

485 2840 796 2894 Enimvero
828 2838 1190 2910 Theophilus
1235 2839 1434 2893 animo
1466 2838 1526 2892 in
1560 2837 1848 2909 imagines
1878 2835 2073 2890 infen-

415 2929 654 2984 sissimo
688 2929 897 2982 statuit
941 2944 1147 2982 omnes
1204 2928 1461 2998 pietorcs
1520 2943 1550 2982 e
1609 2926 1808 2982 medio
1841 2925 2071 2990 tollere,

407 3019 589 3073 vitam
612 3035 734 3072 non
778 3017 953 3072 aliter
984 3023 1315 3072 servaturos
1373 3034 1551 3088 quam
1585 3017 1633 3071 si
1668 3033 1737 3071 ea
1769 3031 2071 3087 conspue-

406 3113 543 3161 rent
573 3113 631 3162 et
667 3113 728 3161 ut
761 3107 1010 3179 profana
1041 3107 1203 3160 humi
1247 3107 1691 3162 conculcarent.
1734 3107 1896 3159 Inter
1927 3104 2080 3159 alios

409 3203 615 3268 captus
648 3214 716 3252 ea
747 3199 818 3251 de
851 3213 1029 3252 causa
1063 3196 1173 3251 fuit
1214 3197 1391 3251 etiam
1425 3197 1671 3250 Lazarus
1722 3193 2071 3260 monachus,

410 3303 477 3342 eo
509 3293 772 3358 tempore
803 3287 876 3341 ob
909 3292 1097 3341 artem
1123 3285 1403 3358 pingendi
1431 3285 1668 3340 nobilis.
1701 3287 1890 3355 Atque
1915 3284 2073 3337 hunc

2261 2836 2346 2907 [P.
2381 2837 2506 2908 520]
2562 2840 2688 2898 Ταῖς
2745 2833 2802 2890 δὲ
2854 2836 3023 2898 θείαις
3084 2835 3284 2892 εἰκόσιν
3338 2839 3366 2893 6
3422 2837 3685 2912 τύραννος
3740 2839 3849 2894 ἀπ-

2187 2923 2560 3001 εχθανόμενὸς
2594 2921 2818 2979 ἔσπευδε
2864 2927 3069 2988 πάντας
3102 2927 3424 3005 ζωγράφους
3456 2926 3508 2996 ἐξ
3540 2927 3846 3002 ἀνθρώπων

2188 3013 2464 3088 ἀφανίσαι,
2499 3013 2532 3082 ἢ
2566 3014 2629 3068 τὸ
2661 3017 2758 3086 ζῇν
2821 3015 3181 3088 αἱρουμένους
3240 3015 3496 3090 ἐμπτύειν
3529 3037 3587 3070 τε
3620 3016 3842 3079 ταόταις

2185 3101 2274 3156 καὶ
2321 3103 2393 3164 ὡς
2459 3098 2672 3178 βέϐἧλά
2727 3124 2848 3158 τινα
2885 3103 2969 3159 ἐπ’
3024 3102 3254 3184 ἐδάφους
3313 3111 3654 3161 καταπατεῖν.
3692 3106 3831 3179 Πρὸς

2184 3197 2300 3254 τοῖς
2326 3189 2523 3250 ἄλλοις
2557 3189 2613 3247 δὲ
2661 3195 3067 3268 συγκατεσχὲθη
3101 3194 3191 3249 καὶ
3225 3196 3254 3250 6
3290 3195 3532 3270 μοναχὸς
3566 3196 3836 3268 Λάζαρος,

2183 3279 2515 3356 περιϐόητος
2569 3289 2868 3354 τηνικαῦτα
2919 3285 3056 3341 κατὰ
3112 3288 3210 3354 τήν
3271 3287 3619 3364 ζωγραφικήν
3667 3286 3838 3360 ὑπάρ-

407 3377 668 3448 primum
689 3377 1013 3447 imperator
1033 3375 1268 3430 blandis
1285 3375 1479 3430 verbis
1503 3375 1774 3446 subigere
1796 3371 2072 3428 intendit:

2187 3392 2304 3447 χων
2362 3372 2586 3448 τέχνην.
2652 3373 2753 3430 Καὶ
2812 3379 3003 3446 πρῶτα
3059 3375 3152 3448 μὲν
3187 3376 3521 3450 ὁθεομάχος
3577 3375 3838 3437 θωπείαις

410 3471 545 3536 post
566 3465 665 3520 ubi
689 3465 996 3520 hominem
1021 3463 1324 3519 adulando
1346 3463 1475 3534 capi
1494 3463 1756 3533 .nequire
1786 3458 2076 3524 sensit,ad

409 3555 528 3609 vim
563 3555 674 3609 sibi
705 3555 1062 3609 familiarem
1097 3552 1757 3618 conversus,tormentis
1781 3552 1862 3606 ita
1886 3567 2080 3605 excar-

412 3644 722 3698 niﬁcatum
743 3648 807 3696 ut
828 3643 943 3697 vita
968 3659 1320 3698 excessurus
1345 3647 1655 3714 putaretur
1685 3642 1744 3695 in
1777 3656 2078 3695 carcerem

411 3731 965 3804 conjecit.Cumque
983 3749 1117 3787 eum
1133 3731 1482 3804 aegritudine
1498 3730 1863 3786 sublevatum
1881 3729 2075 3784 denuo

412 3837 610 3877 sacras
658 3821 880 3876 formas
938 3821 1180 3893 pingere
1226 3821 1480 3885 audiret,
1538 3820 1794 3875 laminas
1853 3818 2075 3874 ferreas

413 3910 627 3982 ignitas
658 3911 874 3982 palmis
936 3911 1065 3982 ejus
1124 3911 1410 3982 applicari
1461 3911 1663 3982 jussit,
1699 3927 1830 3981 qua:
1865 3925 2072 3964 carnes

409 4006 655 4056 eatenus
686 4000 953 4071 depastaa
987 4005 1146 4067 sunt,
1181 4000 1323 4054 dum
1383 3999 1570 4054 victus
1601 3999 1758 4054 malo
1792 3998 2074 4054 semiani-

414 4107 546 4145 mus
573 4089 780 4160 jacuit.
815 4091 982 4159 Tum,
1015 4090 1155 4161 quia
1198 4107 1334 4145 eum
1367 4089 1619 4161 posteris
1654 4105 1883 4145 servare
1916 4087 2073 4142 vole-

416 4179 518 4235 bat
543 4180 740 4235 divina
770 4179 1110 4244 clementia,
1145 4185 1431 4252 tyrannus
1481 4179 1741 4235 animam
1789 4195 1920 4233 eam
1945 4177 2074 4248 jam

413 4286 584 4342 agere
617 4269 886 4335 audiens,
913 4269 1434 4341 deprecationibus
1458 4269 1662 4324 uxoris
1687 4273 1864 4338 atque
1895 4268 2073 4337 hujus

411 4359 760 4414 intimorum
811 4364 1008 4415 motus
1040 4375 1176 4414 eum
1237 4377 1309 4415 ex
1368 4374 1605 4414 carcere
1631 4356 1877 4412 dimisit.
1907 4357 1994 4410 Ita
2021 4355 2072 4409 is

411 4443 628 4503 deinde
661 4448 724 4502 in
755 4448 891 4503 fano
938 4448 1270 4517 Prodromi,
1304 4447 1461 4519 quod
1513 4446 1799 4501 Terribile
1831 4445 2070 4512 dicitur,

411 4537 742 4593 occultatus
774 4539 1094 4610 imaginem
1153 4539 1486 4602 Prodromi,
1533 4542 1835 4606 utcunque
1869 4534 2070 4590 saucio

416 4641 684 4697 corpore,
720 4627 990 4698 depinxit
1010 4634 1208 4683 tamen
1239 4646 1252 4694 ;
1279 4645 1409 4700 qua:
1433 4628 1533 4682 diu
1559 4627 1788 4681 duravit
1810 4624 2073 4680 morbos-

415 4731 529 4784 que
561 4717 716 4771 614
743 4718 988 4773 sanavit.
1024 4720 1093 4771 Et
1149 4723 1281 4789 post
1311 4723 1560 4772 mortem
1595 4713 1903 4786 Theophili
1937 4729 2072 4768 vera

416 4803 702 4874 religione
734 4821 967 4862 rursum
1002 4806 1315 4879 effulgente
1346 4806 1666 4878 imaginem
1687 4805 1822 4860 Jesu
1853 4801 2069 4857 Christi

415 4891 518 4945 Dei
552 4897 610 4945 et
639 4893 920 4959 hominis,
957 4895 1113 4966 quod
1172 4900 1262 4950 est
1308 4895 1369 4948 in
1418 4894 1598 4962 calce,
1627 4893 1749 4948 suis
1789 4891 2066 4947 manibus

411 4980 696 5036 condidit.
733 4983 896 5038 Idem
929 4990 1236 5040 ornatusa
1265 4983 1572 5040 Theodora
1611 4981 2067 5055 praeclarissima

411 5070 788 5142 imperatrice
819 5078 884 5128 ut
915 5074 1127 5129 marito
1160 5090 1264 5129 suo
1295 5074 1624 5146 ignosceret
1651 5072 2002 5140 veniamque
2033 5085 2067 5124 a

417 5161 534 5216 Deo
566 5162 929 5234 impetraret.
966 5165 1091 5219 Non
1123 5170 1232 5232 est,
1265 5163 1368 5229 ait,
1413 5180 1446 5218 ο
1486 5165 1767 5234 Augusta,
1800 5161 1952 5215 Deus
1985 5159 2068 5214 ita

415 5252 696 5325 injustus,
731 5260 797 5311 ut
827 5262 1044 5311 nostra:
1077 5255 1415 5311 dilectionis
1437 5260 1494 5309 et
1519 5253 1704 5325 ipsius
1727 5267 1903 5307 causa
1924 5249 2070 5304 tole-

2183 3463 2344 3516 αύτὸν
2376 3461 2628 3536 ἐπειρᾶτο
2662 3463 3060 3519 ὑποποιεῖσθαι·
3120 3465 3194 3526 ὡς
3252 3461 3308 3520 δὲ
3337 3464 3622 3538 κρείττονα
3652 3469 3844 3519 τοῦτον

2187 3550 2329 3620 ἑώρα
2360 3549 2652 3612 κολακείας
2708 3552 2942 3623 ἀπάσης,
2993 3557 3130 3628 πρὸς
3177 3555 3274 3623 τήν
3324 3552 3622 3628 σύντροφον
3656 3550 3844 3608 ἆπεῖδε

2187 3639 2332 3714 βίαν,
2393 3640 2482 3694 καὶ
2541 3645 2800 3696 τοσοῦτον
2855 3643 3016 3698 αὐτὸν
3075 3649 3194 3705 ταῖς
3253 3643 3506 3717 βασάνοις
3555 3642 3846 3717 κατῄκισεν

2185 3729 2260 3793 ὡς
2322 3728 2463 3802 μηδὲ
2519 3731 2889 3807 περιγενέσθαι
2951 3731 3010 3788 ἐκ
3071 3732 3281 3788 τούτων
3336 3732 3675 3806 νομίζεσθαι.
3737 3731 3842 3789 Καὶ

2182 3816 2356 3878 οὕτως
2415 3814 2617 3896 ἔχοντα
2673 3821 2932 3893 πονήρως
3006 3826 3103 3878 τοῦ
3163 3823 3418 3896 σώματος
3475 3819 3843 3898 δεσμωτηρίῳ

2179 3904 2570 3979 καθείργνυσιν.
2606 3907 2753 3962 Ἐπεὶ
2799 3904 2856 3962 δὲ
2913 3907 3137 3965 ἐπύθετο
3197 3910 3271 3972 ὡς
3332 3910 3650 3988 ἀναῤῥαίίσας
3683 3909 3842 3975 αὖθις

2179 3993 2482 4065 ἀναπηλοῖ
2536 3996 2632 4057 τὰς
2689 3997 2834 4060 θείας
2893 3999 3127 4075 μορφὰς,
3181 3998 3429 4056 ἐκέλευσε
3495 3999 3702 4056 πέταλα
3751 4021 3836 4054 σι-

2181 4081 2322 4158 δηρᾶ
2379 4085 2863 4158 ἀπανθρακωθέντα
2911 4093 3032 4150 ταῖς
3090 4086 3374 4163 παλάμαις
3424 4088 3590 4145 αὐτοῦ
3647 4089 3836 4144 ἐπιτε-

2177 4173 2354 4241 θῆναι.
2393 4168 2679 4229 Ἐϐόσκετο
2718 4173 2810 4228 οῦν
2866 4176 2929 4231 τὸ
2985 4181 3096 4251 πῦρ
3124 4177 3220 4238 τὰς
3281 4179 3505 4252 σάρκας,
3537 4178 3671 4254 ἄχρι
3703 4179 3840 4234 ποτε

2177 4261 2554 4338 ἀπαγορεύσας
2616 4264 2644 4317 6
2697 4263 2943 4335 ἀθλητὴς
2982 4263 3158 4321 ἔκειτο
3192 4269 3495 4339 ἡμιθανής.
3529 4266 3693 4325 Ἀλλ’
3726 4264 3839 4322 ἔδει

2175 4348 2366 4406 τοῦτον
2398 4351 2501 4405 ὑπὸ
2548 4358 2648 4421 τῆς
2700 4352 2845 4415 Θείας
2905 4356 3135 4429 χάριτος
3194 4353 3567 4430 διατηρεῖσθαι
3598 4355 3686 4413 καί
3717 4362 3836 4420 τοῖς

2176 4441 2398 4513 ’ὕστερον
2431 4435 2688 4515 ἔναυσμα,
2723 4441 2840 4507 ὅθεν
2902 4447 2930 4498 6
2991 4445 3251 4518 τύραννος
3307 4443 3496 4516 ἐπειδὴ
3545 4449 3612 4502 τὰ
3649 4446 3842 4504 τελευ-

2173 4537 2299 4585 ταῖα
2371 4535 2517 4585 πνεῖν
2577 4529 2899 4604 ἐμάνθανεν,
2957 4533 3184 4597 ἱκεσίαις
3234 4542 3335 4605 τῆς
3393 4533 3682 4608 δεσποίνης
3740 4537 3834 4594 καὶ

2173 4640 2331 4674 τινων
2381 4616 2567 4674 ἄλλων
2622 4619 3008 4696 γνησιωτάτων
3071 4623 3207 4698 αὐτῇ
3268 4624 3567 4681 ἀπολύεται
3597 4633 3695 4695 τῆς
3729 4627 3837 4701 εἶρ-

2103 4755 2146 4820 D
2176 4715 2338 4779 κτῆς⁷
2367 4709 2456 4762 καὶ
2490 4709 2626 4782 πρὸς
2682 4710 2774 4764 τὸν
2834 4713 2959 4766 οαὸν
3014 4717 3111 4767 τοῦ
3173 4713 3329 4788 ἁγίου
3381 4712 3708 4791 ΙΙροδρόμου
3740 4716 3834 4771 τὸν

2186 4797 2597 4820 -f',,,__,,\_’,,
2648 4818 2696 4820 _,
2773 4802 2850 4820 ,,"
2984 4795 3014 4820 β
3114 4805 3141 4816 ~
3203 4801 3217 4820 Ί
3445 4797 3500 4820 Ιβ
3688 4803 3702 4820 \
3781 4804 3809 4820 η

2179 4798 2324 4852 οὕτω
2354 4797 2698 4870 καλούμενον
2757 4802 2854 4854 τοῦ
2908 4795 3145 4876 φοϐεροῦ
3199 4797 3563 4876 ἐναπεκρύϐη,
3613 4803 3704 4857 καὶ
3747 4804 3842 4858 οὕ-

2177 4907 2284 4948 τως
2317 4885 2391 4949 ὠς
2425 4886 2544 4961 εἶχε
2576 4885 2806 4962 πληγῶν
2859 4885 3040 4944 είκόνα
3099 4886 3400 4945 διετύπωσε
3455 4896 3553 4946 τοῦ
3588 4889 3834 4967 ΙΙροδρό-

2179 4997 2284 5049 μου
2322 4977 2490 5050 μέχρι
2548 4973 2767 5030 πολλοῦ
2825 4975 3236 5052 διασωζομένην
3285 4981 3375 5036 καὶ
3436 4980 3601 5044 ἰάσεις
3651 4979 3835 5036 ἐπιτε-

2177 5064 2400 5121 λοῦσαν.
2461 5065 2564 5122 Καὶ
2621 5071 2790 5121 ταῦτα
2876 5067 2972 5140 μὲν
3055 5069 3199 5139 τότε,
3263 5070 3397 5144 μετᾶ
3464 5067 3521 5126 δὲ
3580 5073 3677 5140 τήν
3735 5075 3835 5126 τοῦ

2173 5158 2439 5230 τυράννου
2478 5156 2774 5212 κατάλυσιν
2815 5165 2918 5227 τῆς
2963 5157 3255 5234 ὀρθοδόξου
3301 5161 3535 5224 πίστεως
3587 5160 3834 5236 ἀναλαμ-

2175 5247 2354 5320 ψάσης
2385 5248 2483 5315 τήν
2515 5245 2566 5301 ἐν
2597 5249 2668 5320 τῇ
2703 5246 2902 5322 Χαλκῇ
2963 5251 3078 5323 (91)
3133 5249 3317 5305 εἰκόνα
3346 5255 3448 5306 τοῦ
3488 5253 3840 5327 θεανθρώπου

1592 5405 1963 5464 XYLANDRI
2002 5402 2088 5459 ET
2127 5404 2347 5460 GOABI
2387 5405 2608 5459 ΝΟΤᾹΞ.

485 5535 599 5606 (91)
630 5535 855 5609 Duplex
895 5538 1106 5593 Chalce
1166 5537 1328 5608 Cpoli
1385 5555 1419 5592 a
1474 5536 1659 5609 portis
1688 5534 1859 5609 mrcis
1884 5532 2069 5609 dicta,

414 5604 537 5661 una
567 5604 792 5676 palatii.
825 5609 1012 5664 altera
1036 5609 1146 5663 fori
1175 5625 1186 5662 :
1211 5604 1338 5664 haec
1369 5604 1761 5664 fuit'ecclesia
1785 5605 1859 5660 ad
1876 5604 2071 5660 forum

415 5691 486 5731 ex
517 5679 739 5733 Zonara
769 5680 832 5734 in
885 5679 1292 5751 Monomacho,
1343 5681 1443 5736 illa
1489 5680 1693 5750 patatii
1744 5679 2070 5750 ingressus.

2183 5531 2428 5613 Utrique
2459 5531 2776 5613 Salvatoris
2834 5534 3027 5613 imago
3086 5537 3160 5594 ad
3220 5538 3593 5613 excitandam
3635 5539 3842 5611 populi

2184 5601 2700 5674 palatinorumque
2731 5601 3107 5664 devotio'nem
3135 5611 3475 5682 superpicta
3503 5601 3842 5670 fuithén.
