4112 6412
310 397 391 456 99
411 395 446 453 7
1493 394 1854 456 HISTORIA
1872 388 2046 451 [{UM
2091 387 2648 451 COMPENDIUM.
3615 393 3734 454 998

310 505 499 598 Ἰησοῦ
530 528 769 601 Χριστοῦ
826 527 1053 582 οἱκείαις
1114 528 1304 602 χερσίν
1362 526 1755 598 ἀνεστήλωσεν.
1791 523 1962 584 Οὗτος

2078 527 2349 578 ratarum
2380 539 2784 580 aarumnarum
2817 523 3220 592 obliviscatur,
3253 525 3398 580 iisve
3428 527 3746 599 Theophili

312 618 341 671 6
378 616 649 689 μακάριος
708 615 954 692 Λάζαρος
1011 615 1502 691 παρακαλούμενος
1559 616 1662 672 ὑπὸ
1707 621 1807 683 τῆς
1837 624 1964 677 θαυ-

2083 612 2286 666 odium
2319 617 2376 667 et
2407 612 2662 668 nimium
2693 613 2952 669 furarem
2984 614 3280 687 praeferat.

326 709 537 780 μαστῆς
566 701 852 779 Θεοδώρ-ας
880 713 978 774 τῆς
1008 704 1291 780 βασιλίδος
1325 707 1659 782 συγγνώμην
1717 701 1899 758 δοῦναί
1948 720 2006 754 τε
2059 700 2146 753 καὶ
2211 699 2531 770 αἰτήσασθαι
2580 705 2660 772 τῷ
2691 700 2893 771 ταύτης
2922 699 3100 775 ἀνδρὶ,
3127 725 3156 753 ιι
3190 703 3308 760 Οὐκ
3339 700 3524 766 ἄδικος
3557 706 3584 759 6
3615 708 3747 762 Θεὸς

305 790 446 866 (92),
488 790 614 869 ἔφη,
655 792 700 846 ὦ
733 791 1048 868 βασίλισσα,
1081 793 1429 849 ἐπιλαθέσθαι
1457 801 1558 864 τῆς
1589 796 1754 866 ἡμῶιι
1782 792 2000 866 ἀγάπης
2030 786 2123 841 καὶ
2153 792 2263 842 τῶν
2298 787 2434 862 πρὸς
2467 789 2626 844 αὐτὸν
2658 789 2866 858 κόπων,
2898 788 3106 845 ἐκείνου
3138 788 3195 845 δὲ
3225 789 3286 846 τὺ
3322 797 3481 864 μῖσος
3519 793 3608 848 καὶ
3638 796 3741 864 τὴν

309 878 778 956 ὑπερϐάλλαυσαν
813 883 1006 954 μανίαν
1033 889 1400 957 προτιμῆσαι.
1439 907 1466 934 ››

379 970 558 1028 Ἀλλά
612 975 784 1026 τοῦτα
844 972 938 1044 μὲν
997 971 1242 1046 ὕστερον·
1299 973 1327 1028 6
1387 971 1443 1027 δὲ
1491 970 1688 1046 μιαρὸς
1717 967 1976 1042 τύραννος

311 1062 404 1116 τὸν
465 1059 831 1134 ὀμολογητὴν
897 1061 1174 1140 Θεοφάνην
1225 1061 1316 1116 καὶ
1375 1057 1658 1134 Θεόδωρον
1688 1057 1780 1114 τὸν
1813 1054 1977 1111 αὐτοῦ

313 1149 570 1228 ἀδελφὸν,
630 1149 720 1206 ἐπὶ
781 1151 945 1228 σοφίᾳ
1005 1149 1355 1230 διαφέροντας
1415 1149 1545 1205 ἰδὼν
1575 1155 1685 1204 τῶν
1722 1145 1976 1220 πολλῶν,

306 1243 448 1297 κατὰ
501 1241 593 1296 τὸν
627 1245 724 1295 τοῦ
773 1247 1081 1296 Λαυσιακοῦ
1126 1241 1408 1317 τρίκλινον
1462 1239 1841 1314 παρεστήσατο
1875 1232 1978 1306 δη-

315 1330 483 1405 μοσίᾳ
531 1327 952 1402 διαλεξομένους
1003 1331 1126 1404 περὶ
1165 1338 1265 1400 τῆς
1329 1330 1586 1391 πίστεως.
1618 1328 1747 1396 Καὶ,
1779 1349 1808 1377 ‹‹
1840 1326 1977 1398 Ἀγε

307 1419 401 1490 δὴ,
434 1421 623 1497 φησὶν,
659 1419 838 1492 ὑμεῖς.
889 1421 935 1473 ὦ
993 1422 1305 1496 κατάρατοι,
1361 1419 1472 1474 τίσι
1526 1417 1840 1490 πειθόμενοι
1872 1411 1975 1488 ῥή-

304 1529 419 1564 σεσι
477 1516 580 1578 τῆς
639 1510 854 1585 Γραφῆς
919 1510 986 1564 τὰ
1044 1508 1250 1565 εἴδωλα
1314 1535 1342 1561 ››
1401 1511 1520 1578 (τὰς
1569 1506 1721 1582 ἁγίας
1753 1504 1973 1563 αἷκόνας

304 1596 597 1670 ἀκολάστῳ
637 1599 836 1672 γνώμῃ
879 1600 968 1653 καὶ
1021 1597 1250 1673 γλώσσῃ
1302 1597 1490 1654 καλῶν
1525 1597 1692 1667 οὕτω)
1733 1620 1759 1648 ιι
1793 1613 1972 1666 προσ-

305 1692 538 1756 κυνεῖτε,
569 1688 660 1742 καὶ
704 1686 832 1748 τοὺς
889 1685 1138 1751 πολλοὺς
1193 1689 1285 1742 καὶ
1350 1689 1425 1762 μὴ
1488 1684 1772 1760 ἀκεραίους
1827 1682 1972 1736 οὕτω

308 1783 489 1832 ποιεῖν
545 1777 899 1846 ἀναπείθετε;
943 1801 972 1828 ››
1033 1776 1335 1852 Προσετίθη
1399 1774 1458 1830 δὲ
1510 1775 1599 1829 καὶ
1657 1772 1785 1828 ἀλλ’
1835 1769 1974 1826 ἅττα

312 1865 617 1944 βλάσφημα
647 1867 735 1920 καὶ
794 1865 990 1940 ἀπηχῆ
1048 1867 1190 1921 κατά
1240 1869 1340 1931 τῆς
1397 1863 1554 1939 ἁγίας
1599 1862 1806 1923 εἰκόνος
1838 1862 1972 1934 Χρι-

2159 969 2448 1023 Caeterum
2482 970 2752 1041 impurus
2786 976 3072 1041 tyrannus
3105 988 3239 1026 eum
3274 973 3523 1028 sentiret
3553 975 3750 1030 Theo-

2063 1057 2348 1128 phanem
2381 1058 2785 1114 confessorem
2819 1066 2876 1113 et
2919 1060 3161 1115 fratrem
3208 1062 3337 1133 ejus
3371 1062 3746 1119 Theodorum

2087 1145 2218 1200 aliis
2254 1147 2545 1217 sapientia
2574 1148 2827 1203 multum
2879 1150 3254 1214 antecellere,
3289 1150 3364 1206 ad
3395 1152 3748 1208 Lausiacum

2087 1233 2416 1290 triclinium
2445 1253 2506 1291 se
2529 1236 2738 1292 sistere
2762 1238 3080 1309 eosjussit,
3105 1239 3340 1310 publice
3366 1239 3435 1295 de
3458 1241 3748 1314 religione

2087 1322 2712 1398 disputaturos.Atque
2738 1327 2874 1395 ibi,«
2899 1328 3406 1400 Agedum,inquit,
3423 1331 3751 1386 exsecrabi-

2085 1412 2561 1485 les,quibusdam
2586 1434 2889 1472 sacrarum
2921 1417 3252 1473 litterarum
3288 1421 3600 1474 sententiis
3618 1436 3748 1492 per-

2085 1503 2268 1570 suasi,
2302 1504 2463 1560 idola
2491 1506 2598 1574 (sic
2632 1523 2833 1562 sacras
2862 1507 3152 1580 imagines
3181 1507 3380 1562 animo
3414 1514 3467 1562 et
3500 1526 3600 1563 ore
3632 1509 3747 1563 im-

2087 1593 2314 1664 potenti
2351 1593 2617 1666 vocabat)
2649 1595 2934 1663 adoratis,
2962 1596 3530 1668 multitudinemque
3562 1597 3750 1653 homi-

2082 1697 2224 1736 num
2256 1683 2670 1754 imperitorum
2703 1701 2772 1740 eo
2804 1684 3098 1740 adducitis
3131 1691 3195 1740 ut
3226 1686 3383 1741 idem
3418 1686 3685 1743 faciant?
3716 1709 3746 1737 ››

2085 1771 2196 1826 Sed
2227 1777 2285 1826 et
2316 1773 2841 1844 impudentissima
2903 1791 3040 1829 voce
3094 1773 3209 1829 alia
3257 1775 3532 1846 quasdam
3566 1775 3749 1847 impie

2082 1865 2290 1916 contra
2322 1878 2551 1917 sacram
2591 1862 2808 1917 Christi
2838 1863 3165 1935 imaginem
3199 1865 3470 1919 effutivit.
3500 1865 3589 1920 Ad
3622 1865 3750 1920 haec

307 1934 436 2010 στοῦ
469 1934 591 2010 ’τοῦ
649 1959 784 2011 Θεοῦ
840 1957 1002 2028 ἡμῶν
1059 1952 1414 2029 ἀναιδεστὲρᾳ
1467 1955 1640 2030 φωνῇ.
1670 1953 1738 2009 Οἱ
1771 1948 1828 2005 δὲ
1861 1969 1962 2023 μα-

2076 1949 2230 2005 beati
2243 1950 2331 2004 illi
2348 1934 3164 2023 dixerunt:«SedTheopliilus
3182 1952 3533 2025 aliquandiu
3551 1955 3750 2010 occul-

307 2044 520 2118 κάριοι,
584 2068 612 2096 ιι
669 2042 1054 2120 Ἐμφραχθείη
1097 2044 1158 2097 τὸ
1207 2043 1404 2115 στόμα,
1462 2042 1638 2109 εἶπον,
1669 2041 1731 2094 τὸ
1763 2036 1968 2094 λαλοῦν

306 2137 446 2191 κατά
497 2139 597 2190 τοῦ
655 2139 790 2190 Θεοῦ
845 2134 1100 2207 ἀνομίαν.
1137 2159 1165 2186 ιι
1216 2135 1278 2191 Ὁ
1329 2131 1386 2188 δὲ
1442 2133 1672 2202 κρύπτει
1707 2131 1801 2204 μὶν
1831 2128 1968 2190 τέως

303 2227 406 2293 τὴν
438 2224 683 2294 λεοντῆν,
715 2225 814 2292 τὴν
848 2221 906 2279 δὲ
949 2224 1243 2294 ἀλωπεκῆν
1294 2221 1664 2297 ὑποκρίνεται,
1705 2220 1796 2274 καὶ
1823 2219 1970 2294 χρή-

310 2335 424 2376 σεις
474 2315 816 2393 προφητικάς
871 2313 1068 2389 ἀπῄτει
1127 2313 1219 2368 καὶ
1282 2312 1579 2388 μαρτυρίας
1628 2309 1723 2391 τὰς
1755 2309 1966 2372 εἰκόνας

313 2402 702 2478 ἐπιτρεπούσας
760 2405 1198 2479 προσκυνεῖσθαι.
1273 2405 1358 2476 [Ρ.
1419 2403 1547 2475 521]
1617 2399 1853 2473 Θατέρου
1911 2395 1970 2453 δὲ

304 2496 419 2547 τῶν
450 2488 697 2571 ἀδελφῶν
725 2497 822 2547 τοῦ
859 2493 1158 2567 μακαρίτου
1199 2491 1505 2572 Θεοφάνους
1561 2490 1718 2566 ῥῆσίν
1762 2509 1882 2544 τινα
1909 2487 1969 2542 ἐκ

303 2589 408 2652 τῆς
440 2585 537 2637 τοῦ
591 2583 813 2638 ἹΙσαῖου
870 2584 1242 2659 προφέροντος
1301 2580 1659 2660 προφητείας,
1687 2580 1790 2635 οὐκ
1819 2575 1968 2653 ἔχειν

306 2670 452 2726 οὕτω
481 2671 684 2742 ταύτην
708 2671 988 2748 ἀντέλεγεν
1023 2674 1052 2727 6
1078 2671 1364 2749 Θεόφιλος,
1394 2672 1484 2725 καὶ
1539 2671 1650 2742 ἅμα
1695 2671 1794 2739 τήν
1841 2668 1968 2723 ἑαυ-

302 2765 403 2816 τοῦ
436 2756 633 2836 βίϐλον
684 2759 980 2816 ἀνελίττων
1032 2760 1240 2818 ἐδείκνυ
1294 2761 1438 2835 τάχα
1467 2761 1596 2820 τοὺς
1628 2758 1831 2831 λόγους
1862 2778 1964 2811 πι-

305 2849 605 2912 στούς.Ὦς
650 2848 708 2905 δὲ
763 2853 1100 2914 νενοθεῦσθαι
1161 2851 1250 2905 ὑπ’
1311 2849 1474 2904 αὐτοῦ
1542 2849 1604 2903 οὐ
1668 2847 1834 2920 μόνον
1894 2843 1962 2915 δὴ

300 2940 508 3010 ταύτην
541 2943 570 2996 6
599 2940 752 3016 ἅγιος
783 2936 1004 3007 ἐπεϐόα,
1053 2939 1200 2996 ἀλλά
1254 2941 1347 2995 καὶ
1404 2940 1574 3001 πάσας
1604 2939 1700 3000 τάς
1733 2938 1852 2991 ὅσαι
1885 2935 1961 2998 εἰς

303 3031 406 3098 τήν
447 3029 612 3084 αὐτοῦ
655 3029 912 3085 ἐλθοῦσαι
941 3027 1138 3109 ἔτυχον
1190 3035 1370 3104 χεῖρα,
1401 3027 1612 3098 ἐκείνην
1642 3025 1796 3102 ἔλεγε
1825 3045 1961 3099 προ-

304 3119 474 3181 τιθεὶς
506 3118 641 3174 ἰέναι
673 3120 808 3193 πρὸς
843 3121 1006 3174 αὐτὸν
1056 3122 1154 3188 τήν
1211 3115 1404 3195 βίϐλον
1433 3120 1531 3187 τήν
1563 3117 1702 3172 κατά
1727 3119 1826 3186 τήν
1855 3135 1962 3170 πα-

309 3211 638 3283 τριαρχικήν
691 3207 742 3263 ἐν
798 3213 880 3280 τῷ
937 3209 1214 3282 Θωμαῒτῃ.
1257 3208 1392 3263 κατά
1445 3205 1610 3277 τήνδε
1663 3207 1762 3274 τὴν
1820 3204 1962 3260 θέσιν

2079 2044 2200 2094 tata
2232 2039 2473 2095 leonina
2504 2041 2808 2112 vulpinam
2840 2040 3056 2112 pellem
3078 2060 3198 2112 pra:-
3223 2059 3284 2097 se
3315 2042 3472 2111 tulit,
3505 2060 3573 2098 ac
3607 2061 3748 2100 ora-

2077 2127 2210 2183 cula
2238 2128 2507 2184 divorum
2559 2137 2756 2184 vatum
2817 2136 2874 2185 et
2941 2131 3285 2186 testimonia
3317 2131 3430 2186 sibi
3485 2133 3743 2203 proferri

2075 2217 2396 2287 postulavit
2428 2219 2755 2291 imaginum
2783 2220 3230 2275 venerationem
3253 2220 3746 2277 concedentia.Et

2076 2321 2212 2360 cum
2243 2307 2630 2378 TheOphanes
2662 2307 2862 2364 loeum
2904 2326 2977 2363 ex
3005 2309 3191 2364 Esaiae
3225 2310 3520 2366 vaticiniis
3553 2310 3743 2367 addu-

2077 2401 2256 2463 ceret,
2284 2396 2434 2453 915
2469 2398 2780 2468 respondit
2818 2398 3178 2470 Theophilus
3220 2416 3356 2455 cum
3387 2401 3586 2456 locum
3620 2418 3741 2456 non

2076 2483 2152 2538 ita
2185 2485 2424 2553 habere,
2458 2486 2757 2558 simulque
2788 2505 2961 2543 suum
3016 2488 3235 2544 librum
3283 2489 3617 2561 explicavit.
3653 2489 3736 2561 ibi

2073 2573 2462 2645 Theophanes
2493 2576 2799 2633 vociferari
2823 2594 2943 2632 non
2967 2577 3126 2634 hunc
3156 2578 3334 2634 modo
3365 2579 3604 2644 librum,
3631 2579 3735 2637 sed

2072 2679 2278 2717 omnes
2305 2664 2613 2736 quotquod
2639 2665 2700 2720 in
2722 2683 2934 2722 manus
2958 2667 3268 2739 Theophili
3301 2669 3734 2739 pervenissent,

2073 2757 2384 2822 corruptos
2416 2767 2568 2819 esse,
2597 2754 2899 2824 postulare
2931 2759 2998 2810 ut
3031 2772 3102 2810 ex
3134 2755 3489 2826 patriarchas
3520 2756 3737 2812 biblio-

2073 2839 2243 2896 theca
2274 2842 2641 2897 Thomaitica
2671 2843 2856 2899 codex
2912 2844 3234 2917 (simulque
3281 2845 3733 2903 demonstrabat

2071 2945 2186 2999 quo
2220 2930 2270 2984 is
2309 2929 2438 2985 loco
2493 2937 2651 2987 esset
2708 2933 3028 3006 repositus)
3062 2933 3396 3002 aﬂ‘erretur,
3431 2934 3729 2991 dictorum

2069 3015 2333 3072 veritatis
2364 3016 2717 3090 indaganda;
2776 3036 2975 3076 causa.
3032 3020 3351 3076 Celerrime
3401 3038 3469 3076 eo
3511 3021 3731 3077 missus

2070 3106 2313 3176 quidam
2337 3106 2603 3163 codicem
2625 3109 2844 3177 attulit,
2864 3125 3041 3179 quem
3066 3115 3274 3181 sponte
3295 3127 3402 3166 sua
3423 3111 3730 3167 revolvens

2071 3197 2395 3267 imperator
2425 3197 2688 3253 studiose
2721 3215 2756 3254 a
2785 3199 3091 3270 proposito
3113 3199 3430 3266 aberravit,
3451 3217 3732 3256 verecun-

315 3300 565 3370 κειμένην
612 3291 980 3372 βιϐλιοθήκην
1051 3297 1130 3359 εἷς
1189 3298 1370 3352 πίστιν
1452 3302 1560 3352 τῶν
1621 3295 1958 3371 λεγομένων.

2076 3285 2174 3340 dia
2204 3286 2436 3355 ductus,
2467 3291 2525 3342 et
2555 3287 2752 3342 locum
2785 3288 2857 3343 de
2911 3305 3027 3359 quo
3073 3288 3356 3360 agebatur
3387 3289 3731 3345 transiliens

307 3387 444 3444 Επεὶ
475 3391 606 3461 γοῦν
649 3407 733 3449 τις
791 3386 1099 3442 ἀπέσταλτο
1158 3387 1249 3442 καὶ
1301 3388 1490 3442 θᾶττον
1525 3385 1559 3455 ἢ
1595 3385 1758 3460 λόγος
1789 3383 1962 3461 ἤγαγε

302 3477 370 3531 τὸ
406 3471 647 3551 βιϐλίον,
677 3477 816 3531 ἒκὼν
853 3477 948 3549 μὶν
981 3476 1273 3532 ἀνελίττων
1320 3477 1348 3530 6
1395 3475 1653 3550 βασιλεὺς
1682 3474 1963 3549 ἡμάρτανε

302 3568 404 3619 τοῦ
468 3561 712 3640 βιϐλίου,
773 3567 863 3619 καὶ
921 3565 1320 3638 αἰσχυνόμενος
1378 3561 1695 3640 ὑπερεπήδα
1737 3563 1830 3635 μὲν
1860 3564 1960 3630 τήν

302 3656 616 3724 ζητομένην
651 3653 866 3732 φράσιν,
899 3653 953 3708 ἐν
986 3653 1184 3717 ἄλλοις
1236 3651 1292 3708 δὲ
1343 3655 1434 3708 καὶ
1486 3651 1682 3714 ἄλλοις
1724 3651 1962 3707 ἐποιεῖτο

297 3743 407 3810 τὴν
443 3745 690 3812 ζήτησιν.
724 3744 815 3804 Ὦς
873 3741 919 3797 δ’
980 3743 1084 3798 ὑπὸ
1140 3747 1237 3798 τοῦ
1299 3741 1601 3816 μακαρίτου
1655 3742 1963 3815 Θεοφάνους

297 3829 680 3886 ἀνεδιδάσκετο
713 3830 1403 3898 δακτυλοδεικτοῦντος,ὡς
1435 3858 1462 3884 ‹‹
1489 3831 1614 3889 Ἐπὶ
1645 3828 1961 3908 τρίαφύλλα

298 3916 628 3984 διαϐιϐάσας
676 3923 740 3977 τὸ
796 3922 1129 3995 ζητούμενον
1186 3917 1524 3995 καταλάϐῃς,
1561 3944 1589 3972 ››
1622 3920 1746 3975 τότε
1776 3917 1841 3990 δὴ
1882 3920 1958 3992 μὴ

295 4012 482 4090 φέρων
539 4012 670 4074 τοὺς
727 4020 828 4081 τῆς
882 4013 1189 4088 παρῥησίας
1243 4012 1530 4087 ἐλέγχους,
1587 4007 1847 4073 συνειδὼς
1904 4005 1961 4064 δὲ

293 4099 392 4154 καὶ
420 4101 518 4170 τὴν
567 4100 829 4172 ἀλήθείαν
888 4100 1123 4181 ἔχουσαν
1183 4102 1383 4170 οὕτως,
1413 4101 1476 4156 τὸ
1504 4100 1610 4163 ἓως
1636 4095 1760 4154 τότε
1788 4097 1958 4175 ἀπορ-

292 4187 463 4264 ῥίψας
523 4189 868 4262 μακρόθυπον
926 4193 1014 4246 καὶ
1075 4192 1167 4245 τὸν
1228 4197 1370 4263 θῆρα
1419 4187 1788 4262 ἀνακαλῦψας,
1829 4209 1850 4238 ι
1884 4185 1958 4240 Οὖ

290 4275 537 4348 δίκαιον,
595 4273 782 4355 ἔφησε,
842 4279 1068 4356 βασιλέα
1128 4280 1236 4335 ὑπὸ
1291 4280 1560 4336 τοιούτων
1619 4274 1835 4353 ἀνδρῶν
1874 4275 1960 4331 ἐν-

288 4361 634 4440 υϐρίζεσθαι,
671 4393 691 4419 ι
752 4371 840 4424 καὶ
904 4369 1099 4425 λοιπὸν
1153 4371 1446 4445 προσέταξε
1474 4373 1554 4440 τῷ
1594 4371 1692 4422 τοῦ
1719 4374 1955 4421 Λαυσια-

283 4459 395 4526 κοῦ
431 4456 754 4529 μεσοκηπίῳ
810 4458 1009 4521 αὐτοὺς
1070 4460 1410 4536 ἀπαχθέντας
1472 4455 1824 4535 ῥαϐδισθῆναι
1859 4453 1952 4530 ῥά·
1988 4442 2032 4508 D

2073 3375 2214 3432 alibi
2265 3376 2554 3448 quaesivit.
2610 3379 2756 3432 Cum
2809 3383 3010 3433 autem
3063 3378 3452 3450 Theophanes
3501 3380 3730 3434 intento

2073 3465 2253 3537 digito
2287 3483 2422 3520 eum
2449 3466 2709 3532 doceret,
2746 3467 2792 3521 si
2819 3472 2937 3522 tres
2965 3468 3207 3540 paginas
3238 3467 3735 3537 revolvisset,fore

2073 3561 2136 3609 ut
2158 3555 2219 3609 in
2243 3555 2439 3610 locum
2463 3556 2780 3625 quaesitum
2801 3556 3108 3625 incideret,
3142 3558 3466 3629 imperator
3491 3557 3731 3613 liberta-

2075 3651 2190 3700 tem
2225 3645 2708 3716 reprehensionis
2756 3663 2878 3702 non
2925 3646 3144 3716 ferens,
3197 3653 3255 3702 et
3294 3648 3557 3704 veritatis
3588 3665 3734 3703 con-

2073 3735 2254 3802 scius,
2281 3735 2628 3806 patientiam
2653 3753 2722 3791 eo
2745 3753 2932 3808 usque
2959 3742 3250 3793 servatam
3274 3737 3492 3810 abjecit
3514 3738 3733 3793 feram-

2074 3840 2187 3894 que
2237 3823 2537 3894 patefecit.
2598 3825 2906 3898 Indignam
2967 3828 3129 3882 enim
3183 3844 3310 3884 esse
3360 3845 3487 3882 rem
3529 3827 3735 3882 dicens

2071 3913 2415 3983 imperatori
2449 3930 2483 3968 a
2513 3914 2733 3968 talibus
2779 3914 3126 3970 hominibus
3158 3914 3352 3983 illudi,
3386 3915 3600 3971 abduci
3632 3932 3734 3971 eos

2071 4000 2133 4056 in
2159 4002 2397 4056 hortum
2445 4001 2712 4057 Lauciaci
2768 4003 3117 4058 interiorem
3163 4003 3367 4074 jussit,
3399 4003 3728 4075 ferulisque

2069 4108 2258 4162 usque
2289 4091 2364 4146 ad
2402 4095 2506 4146 ‘200
2564 4091 2717 4147 ietus
2770 4092 3114 4165 gravissime
3172 4092 3451 4148 concidit.
3488 4093 3640 4158 Quin
3671 4099 3733 4148 et

2069 4181 2364 4236 frontibus
2396 4197 2601 4236 eorum
2651 4181 2959 4236 barbarico
3013 4198 3176 4237 more
3225 4182 3383 4236 notis
3414 4182 3726 4254 impressis

2069 4269 2314 4325 inscribi
2340 4269 2522 4340 jussit
2575 4269 2805 4341 ineptos
2854 4269 2960 4324 hos
2999 4286 3035 4326 a
3082 4287 3145 4326 se
3185 4269 3543 4342 compositos
3575 4270 3723 4326 iam-

2068 4357 2176 4414 bos
2202 4376 2214 4414 :

283 4541 442 4599 ϐδων
467 4551 654 4620 σοραῖς
686 4548 1016 4621 βαρυτάταις
1048 4533 1322 4623 ἀχριτῶν
1355 4533 1664 4615 διακοσίων,
1694 4547 1787 4602 καὶ
1815 4550 1935 4607 τοῖς
1972 4541 2250 4618 μετώποις
2281 4541 2460 4595 αὐτῶν
2494 4537 2856 4617 ἐπιγραφῆναι
2906 4533 3258 4616 βαρϐαρικῶς
3307 4538 3694 4615 ἐγκεντηθὲντα

288 4633 397 4696 οὕς
427 4635 731 4690 συντέθεικε
761 4635 970 4711 λήρους
1003 4635 1256 4712 ἰάμϐους.
1289 4639 1410 4696 Εἰσὶ
1442 4636 1500 4694 δὲ
1530 4639 1702 4694 οὗτοι-

1610 4765 1747 4840 πρὸς
1855 4766 1954 4835 τὴν

1689 4841 1880 4915 [πολιν

407 4759 630 4814 Πάντων
733 4763 1052 4827 ποθούντων
1166 4763 1491 4842 προσρὲχειν

403 4903 583 4980 ἶρπου
605 4905 993 4980 πάναγνοιμτοῦ
1024 4911 1159 4962 Θεοῦ
1193 4909 1376 4980 Λόγου
1397 4908 1561 4972 πόδες

408 4976 676 5054 ξΕστησαν
711 4976 787 5054 εἰς
821 4976 1200 5054 σύστασινῼτῆς
1226 4976 1593 5054 Αοῖκομμὲνης,

405 5046 681 5126 Ὠφθησαν
712 5049 973 5126 οὗτοι-τῷ
1004 5045 1286 5126 σεϐασμίῳ
1314 5045 1468 5126 τόπῳ

405 5112 580 5196 ἓκεύή
615 5121 832 5196 πονηρά
856 5112 1268 5196 ,δεισιδαίμονος
1295 5112 1530 5196 πλάνῆς.

400 5191 608 5247 Ἐκεῖσε
636 5189 825 5250 πολλά
856 5191 1048 5249 λοιπὸν
1082 5189 1133 5266 ἔξ
1165 5195 1437 5258 ἀπιστίας.

2139 4775 2359 4830 Cunctis
2389 4773 2461 4829 ad
2488 4775 2676 4830 urbem
2707 4791 2992 4830 accurrere
3020 4776 3430 4845 alfectantibus,

2137 4916 2476 4991 Castfssimos
2505 4919 2564 4971 in
2595 4933 2716 4991 qua_
2730 4920 2829 4973 Dei
2866 4920 3098 4975 Verbum
3123 4920 3292 4991 pedes

2132 4989 2288 5044 916
2320 4990 2494 5054 Fian't,
2525 4989 2717 5056 generi
2742 4992 2976 5046 salutem
3005 4999 3068 5046 ut
3090 4989 3330 5047 humano
3359 4991 3540 5054 daret,

2131 5066 2464 5131 Apparuere
2495 5066 2546 5113 et
2577 5059 2673 5114 isti
2697 5063 3009 5117 venerando
3040 5066 3098 5118 in
3130 5064 3268 5132 loco,

2129 5132 2517 5204 Superstitiosi
2547 5134 2748 5188 erroris
2778 5149 2909 5189 vasa
2933 5137 3194 5204 pessima.

2130 5206 2195 5258 Et
2218 5205 2347 5258 inde
2370 5203 2550 5257 multa
2571 5209 2866 5274 postquam
2889 5203 3097 5275 perﬁdi
3127 5208 3233 5262 Deo

1470 5296 1835 5356 XYLANDRI
1873 5303 1961 5358 ET
2001 5303 2218 5359 GOARI
2260 5302 2486 5356 NOT/E.

335 5391 476 5472 .(92)
534 5395 780 5472 Yid_etur
828 5397 1165 5472 monachus
1224 5398 1508 5472 alludere,
1550 5400 1625 5456 ad
1680 5403 1946 5472 Apostoli

280 5461 513 5518 dictum
538 5465 600 5543 i_n
623 5468 885 5543 Epistola
910 5470 984 5524 ad
1008 5471 1285 5526 Hebraeos
1307 5488 1357 5526 c.
1383 5475 1436 5540 6,
1459 5471 1637 5543 idque
1668 5461 1748 5528 ad
1772 5493 1835 5531 se
1856 5493 1950 5532 ac-

277 5537 690 5620 commodare.
726 5541 1184 5620 Ριιριίτοιῃιιε-Ι)ἶ
1217 5537 1462 5599 Joannis
1505 5537 1789 5620 Baptistae
1821 5550 1946 5620 epi-

278 5605 498 5686 theton
520 5614 637 5686 _est,
665 5613 824 5686 quod
873 5613 921 5667 is
970 5613 1186 5669 Christi
1232 5632 1565 5686 praecursor
1587 5605 1722 5674 fuit.
1758 5605 1944 5683 Quem

277 5682 486 5736 autem
519 5680 718 5740 locum
743 5685 929 5743 Esaiae
961 5680 1332 5744 confessores
1363 5687 1648 5764 isti,quos
1674 5680 1815 5748 mox
1844 5691 1946 5750 Ce-

2060 5405 2282 5460 drenus
2308 5401 2610 5474 praedicat,
2643 5401 2716 5457 ad
2747 5402 3226 5460 conﬁrmandum
3260 5404 3714 5462 simulacrorum

2056 5493 2233 5548 usum
2266 5474 2614 5548 cultumque
2648 5474 3058 5548 produxerint,
3091 5492 3232 5548 sane
3264 5477 3561 5548 conjicere
3592 5493 3714 5548 non

2056 5547 2244 5621 potui.
2279 5548 2391 5602 Eos
2421 5545 2662 5672 qpidem
2692 5547 2968 5601 videntur
2992 5546 3173 5602 iambi
3204 5545 3514 5672 Theophili
3546 5547 3712 5603 indi-

2056 5636 2211 5672 care.
2244 5618 2410 5672 prius
2489 5617 2862 5672 ierosolvmis
2919 5633 3156 5672 auoaue
3213 5635 3358 5672 exsn
3385 5636 3485 5672 are
3515 5620 3712 5672 iussos

2056 5618 2211 5686 care,
2244 5618 2410 5690 prius

2054 5688 2398 5767 Byzantium
2427 5688 2679 5746 venisse.
2713 5688 2853 5748 Χη.

2489 5617 2862 5692 ίεςοεοὶγίωίε
2919 5633 3156 5691 quoque
3213 5617 3485 5676 exsulare
3507 5620 3712 5692 jussos
