4112 6412
322 392 483 457 1001

1476 390 2033 455 HISTORIARUM
2072 392 2228 455 00M
2241 393 2624 458 PENDIUM.

3592 402 3749 467 £003

397 519 525 579 Ἐπὶ
557 517 614 575 δὲ
653 519 745 576 καὶ
776 524 871 583 τὰς
931 520 1054 595 περὶ
1102 520 1203 587 τήν
1253 518 1498 598 κεφαλὴν
1545 518 1743 595 τρίχας
1796 517 1983 595 ὀλίγας

2174 522 2323 586 Quia
2353 539 2492 579 vero
2518 541 2553 580 a
2580 529 2794 580 natura
2820 541 3040 597 paucos
3071 528 3280 599 capitis
3304 531 3549 602 capillos
3567 530 3751 588 habe-

324 609 388 665 ἐκ
436 609 648 689 φύσεως
710 611 887 678 εἶχεν,
948 607 1226 690 ἀναφαλας
1280 630 1364 671 τις
1422 607 1517 681 ὥν,
1579 610 1852 680 θέσπισμα
1907 606 1987 676 iﬁ-

324 700 477 757 ἐθετο
524 706 809 776 πανταχοῦ
864 701 916 756 ἐν
980 704 1104 776 χρῷ
1159 701 1253 763 τὰς
1310 701 1510 775 τρίχας
1567 699 1872 773 ἀποκείρειν
1898 695 1990 752 καὶ

331 791 409 865 μή
487 810 611 846 τινα
684 792 960 864 Ῥωμαῖον
1039 788 1166 844 ὄντα
1240 788 1547 865 περαιτέρῳ
1621 788 1817 851 ταύτας
1891 789 1989 839 τοῦ

325 878 622 956 τραχήλου
679 880 932 959 φέρεσθαι
994 884 1327 958 συγχωρεῖν,
1367 877 1460 933 τὸν
1539 875 1597 933 δὲ
1670 877 1732 931 τὸ
1808 873 1989 951 δόγμα

327 975 657 1045 παρορῶντα
716 968 955 1031 πολλαῖς
1026 968 1325 1038 αἰκίζεσθαι
1406 967 1646 1040 μάστιξι,
1721 966 1822 1036 τήν
1881 969 1991 1020 τῶν

326 1057 611 1133 προγόνων
688 1055 978 1131 Ῥωμαίων
1081 1055 1281 1132 ἀρετὴν
1357 1054 1643 1133 ἇπανάγειν
1728 1051 1990 1129 βρενθυό-

379 1167 523 1211 ενος.

333 1170 571 1291 μεέιέῖτε
602 1231 661 1289 δὲ
690 1235 1001 1312 θυγατέρων
1048 1233 1317 1313 ὑπάρχων
1373 1235 1580 1309 πατὴρ,
1640 1233 1715 1294 ὡς
1773 1228 1987 1306 προλα-

326 1321 499 1380 ϐὼνό
548 1322 717 1398 λόγος
773 1322 1035 1403 ἀπέφηνε,
1093 1323 1186 1379 καὶ
1240 1321 1464 1399 ἅρῥενος
1523 1320 1734 1397 ἔρημος
1792 1322 1986 1398 γονῆς,

324 1416 428 1484 τήν
477 1418 663 1470 πασῶν
715 1412 955 1490 ἐσχάτην
989 1413 1196 1489 Μαρίαν
1239 1409 1699 1489 ὑπερϐαλλόντως
1756 1410 1986 1487 ἀγαπω-

335 1502 506 1577 μένην
567 1503 719 1574 αὐτῷ
776 1498 888 1557 δεῖν
930 1500 1086 1575 ᾠήθη
1150 1502 1393 1572 συζεῦξαι
1449 1497 1711 1575 ἀνδρί.’0
1748 1496 1982 1578 νυμφίος

332 1589 393 1646 δὲ
422 1592 488 1661 ἦν
515 1597 617 1660 τῆς
646 1595 753 1646 τῶν
785 1592 1071 1666 Κρηνιτῶν
1101 1592 1216 1665 (97)
1249 1596 1455 1666 γενεᾶς,
1486 1590 1677 1668 χώρας
1716 1592 1823 1643 τῶν
1856 1588 1986 1662 Ἀρ-

333 1680 557 1755 μενίων,
597 1679 847 1750 ἈλέξιΟς
884 1680 1152 1753 τοῦνομα,
1205 1679 1449 1750 Μωσηλέ
1499 1682 1600 1749 τῆν
1651 1677 1984 1751 ἐπωνυμίαν,

326 1775 409 1842 τῷ
440 1766 573 1825 εἷ’δει
606 1769 835 1844 ὡραῖος,
866 1767 1127 1843 ἀκμάζων
1177 1770 1278 1837 τήν
1336 1766 1582 1838 ἡλικίαν.
1636 1772 1832 1839 Ιιρῶτα
1890 1769 1982 1838 μὲν

2099 609 2221 677 bat,
2255 619 2315 667 et
2344 620 2474 669 erat
2518 616 2893 686 recalvaster,
2946 616 3080 672 ideo
3129 618 3323 674 edicto
3372 621 3527 677 edito
3568 622 3752 693 jussit

2100 701 2295 757 crines
2318 702 2391 758 ab
2425 704 2700 761 omnibus
2728 707 2962 761 tonderi
2996 723 3191 778 neque
3219 708 3292 763 ab
3321 708 3444 765 ullo
3484 713 3748 768 Romano

2097 790 2255 846 ultra
2282 792 2501 849 collum
2532 794 2823 851 demissos
2852 797 3068 868 gestari
3094 813 3107 863 ;
3142 798 3457 870 sanxitque
3490 800 3750 858 edictum

2097 882 2256 952 gravi
2288 883 2607 956 ﬂagrorum
2638 886 2953 959 supplicio,
2984 888 3322 959 priscorum
3347 890 3750 948 Romanorum

2097 969 2374 1027 virtutem
2403 990 2678 1031 revocare
2709 976 2973 1034 studens.

2166 1247 2432 1320 Cumque
2464 1248 2730 1318 haberet,
2762 1255 2829 1306 ut
2857 1268 3037 1323 supra
3064 1255 3544 1325 memoravimus,
3571 1256 3744 1328 quin-

2080 1351 2210 1405 ,que
2243 1335 2417 1406 ﬁlias,
2452 1342 2510 1392 et
2539 1338 2803 1395 mascula
2832 1339 2997 1412 prole
3028 1347 3277 1411 careret,
3320 1360 3393 1399 ex
3444 1343 3518 1399 iis
3566 1345 3747 1401 mini-

2093 1441 2252 1480 mam
2284 1431 2429 1482 natu
2460 1432 2518 1483 et
2547 1428 2880 1501 impensius
2911 1429 3023 1485 sibi
3042 1431 3288 1503 reliquis
3311 1432 3610 1511 dilectam,
3641 1452 3747 1491 no-

2094 1515 2255 1570 mine
2286 1517 2552 1584 Mariam,
2586 1520 2795 1574 statuit
2819 1520 2942 1574 viro
2974 1525 3228 1593 nuptum
3274 1523 3529 1581 tradere.
3580 1526 3747 1580 Mari-

2094 1608 2220 1659 tum
2252 1605 2305 1659 ei
2347 1605 2567 1680 delegit
2593 1607 2868 1663 Alexium
2901 1615 3297 1681 cognomento
3320 1612 3624 1685 Moselem,
3646 1616 3751 1670 Ar-

2094 1694 2360 1749 menium
2392 1701 2587 1767 gente,
2619 1712 2688 1751 ex
2718 1698 3094 1754 Creuitarum
3122 1699 3387 1767 natione,
3411 1701 3603 1757 forma
3633 1703 3749 1759 ele-

2092 1787 2328 1855 gantem
2360 1800 2425 1839 ac
2458 1784 2772 1842 ﬂorentem
2804 1792 2992 1843 aetate.
3032 1789 3176 1844 Huic
3202 1789 3437 1859 patricii
3462 1791 3745 1864 primum,

327 1862 399 1934 τῇ
431 1864 541 1915 τῶν
570 1858 870 1935 πατρικίων
902 1858 991 1913 καὶ
1022 1857 1342 1913 ἀνθυπάτων
1388 1859 1627 1930 τιμήσας
1674 1856 1814 1927 ἀξίᾳ,
1866 1856 1983 1910 εἶτα

2095 1870 2311 1927 deinde
2345 1875 2717 1944 proconsulis
2748 1876 3036 1931 honorem
3063 1878 3334 1946 contulit,
3369 1879 3586 1936 deinde
3617 1897 3744 1937 ma~

330 1955 424 2005 καὶ
485 1948 787 2025 μάγιστρον
846 1946 936 2002 καὶ
994 1948 1217 2023 ὕστερον
1280 1946 1545 2020 Καίσαρα,
1606 1944 1983 2019 στρατεύματά

327 2060 390 2095 τε
422 2037 549 2101 δοὺς
580 2038 727 2109 αὖτῷ
757 2039 913 2093 ἱκανὰ
941 2038 1077 2114 πρὸς
1117 2039 1215 2105 τήν
1264 2032 1667 2112 Λογγιὸαρδίαν
1719 2033 1983 2108 ἐξέπεμψε

331 2126 526 2205 χρείας
576 2128 1005 2200 κατεπειγούσης
1060 2126 1228 2188 τινός.
1298 2126 1396 2181 Καὶ
1436 2127 1466 2179 6
1520 2126 1612 2198 μὲν
1668 2123 1832 2198 ἀπῄει
1885 2145 1984 2178 κα-

332 2217 450 2281 λῶς
477 2218 545 2272 τὰ
574 2219 692 2271 κατ’
746 2216 915 2285 αὐτὴν
968 2215 1226 2295 ἐξανόοων,
1265 2215 1357 2270 καὶ
1406 2214 1482 2277 ὡς
1523 2212 1700 2269 ἐδόκει
1746 2217 1828 2287 τῷ
1881 2214 1983 2287 βα-

337 2304 504 2366 σιλεῖ.
542 2309 625 2380 [Ρ.
662 2308 793 2380 525]
824 2306 917 2361 Διὸ
945 2305 1038 2360 καὶ
1068 2304 1283 2379 ἤκμαζε
1307 2304 1400 2378 μὶν
1434 2305 1462 2359 6
1492 2304 1628 2379 πρὸς
1669 2301 1830 2357 αὐτὸν
1880 2300 1985 2356 πό-

339 2396 457 2461 θος,
487 2398 797 2470 συνήκμαζε
838 2392 897 2450 δὲ
946 2395 1037 2451 καὶ
1089 2395 1117 2449 6
1173 2394 1221 2464 ἐξ
1267 2393 1570 2469 ἀνθρώπων
1620 2392 1838 2470 φθόνος,
1892 2391 1984 2446 καὶ

335 2479 629 2540 διέϐαλλον
664 2483 823 2539 αὐτὸν
853 2482 930 2546 ὡς
960 2490 1063 2553 τῆς
1099 2481 1379 2557 βασιλείας
1410 2480 1797 2556 ἐπιθυμοῦντα,
1845 2499 1986 2554 προ-

331 2573 601 2637 στιθέντες
653 2573 728 2635 ὡς
753 2569 959 2643 δήποτε
986 2572 1050 2627 τὸ
1080 2574 1159 2646 (α)
1188 2575 1285 2627 τοῦ
1319 2573 1388 2644 (θ)
1411 2574 1523 2644 (98)
1546 2573 1982 2645 κατακυριεῦσαι.

330 2665 511 2737 ’Ἂπερ
571 2661 639 2733 δὴ
698 2661 1104 2735 πυνθανόμενος
1158 2661 1187 2715 6
1246 2665 1470 2735 Καῖσαρ,
1528 2659 1743 2715 καὶτοῦ
1786 2658 1985 2733 φθόνου

334 2751 520 2826 ὥσπερ
551 2752 926 2827 ἀκροώμενος,
961 2750 1149 2807 πολλὰ
1176 2756 1274 2806 τοῦ
1309 2749 1579 2819 βασιλέως
1629 2748 1806 2805 ἐδέετο
1854 2770 1985 2825 συγ·

329 2844 657 2917 χωρηθῆναι
711 2842 874 2897 αὐτὸν
929 2843 1067 2917 πρὸς
1122 2841 1214 2896 τὸν
1286 2842 1503 2914 μονήρη
1596 2838 1985 2913 μετατάξασθαι

339 2931 484 3007 βίον.
520 2929 680 2987 Ἀλλ’
712 2936 875 2987 τοῦτο
911 2932 1005 3003 μὲν
1040 2933 1067 2986 6
1100 2929 1360 3006 βασιλεὺς
1405 2928 1506 2985 οὐκ
1549 2928 1828 3003 ἐπέτρεψε,
1880 2929 1982 2996 τῆν

327 3019 563 3096 χηρείαν
620 3022 721 3089 τῆς
777 3020 1040 3095 θυγατρὸς
1097 3013 1528 3092 εὐλαϐούμενος,
1580 3017 1671 3073 καὶ
1715 3018 1744 3073 ὁ
1776 3020 1983 3092 Καῖσαρ

323 3105 510 3183 ἔμενεν
545 3109 629 3184 ἐφ’
658 3108 894 3184 ἡσυχίας
960 3113 1078 3171 τοῖς
1134 3105 1425 3181 δημοσίοις
1485 3105 1982 3183 ἑνασχολούμενος.

318 3204 409 3261 Ὦς
439 3195 488 3253 δ’
521 3199 797 3273 ἀπετὲχθη
829 3202 908 3271 τῷ
943 3196 1161 3273 βασιλεῖ
1191 3198 1221 3251 6
1250 3194 1486 3276 Μιχαὴλ
1517 3195 1607 3252 καὶ
1646 3197 1682 3267 ἡ
1713 3198 1812 3250 τοῦ
1844 3195 1980 3252 Καί-

326 3308 486 3363 σαρος
544 3287 757 3361 γαμετή
816 3286 1000 3361 Μαρία
1049 3287 1143 3342 τὸν
1201 3286 1320 3361 βίον
1384 3284 1715 3360 μετήλλαξε,
1771 3284 1976 3356 ταύτην

327 3378 424 3452 μὲν
450 3376 625 3439 οὕτως
655 3375 910 3451 ἐτίμησεν
943 3377 1019 3437 ὡς
1045 3376 1138 3432 τὸν
1191 3376 1376 3448 νεκρὸν
1428 3375 1602 3444 αὐτῆς
1653 3374 1706 3429 ἐν
1749 3372 1978 3450 λάρνακι

327 3470 501 3523 θεῖναι
533 3464 1051 3542 περιηργυρωμένη,
1081 3464 1175 3520 καὶ
1204 3463 1431 3519 ἀσυλίαν
1476 3461 1658 3519 δοῦναι
1706 3469 1787 3537 τῷ
1825 3464 1979 3543 τάφῳ

327 3563 451 3619 τοῖς
479 3554 561 3635 ἐφ’
591 3553 732 3619 θ’ίοις
762 3553 968 3625 δήποτε
996 3553 1343 3632 ἐγκλήμασιν
1372 3551 1597 3608 ἁλοῦσιν
1645 3552 1977 3628 ἀνθρώποις.

330 3647 442 3704 Τὸν
474 3642 532 3700 δὲ
560 3644 806 3715 Ἀλὲξιον
858 3643 1031 3719 λάθρα
1090 3642 1519 3717 μεταταξάμενον
1578 3642 1669 3697 καὶ
1716 3642 1780 3698 τὸ
1813 3664 1981 3716 μονα-

331 3734 497 3810 χικὸν
527 3733 931 3813 ἀμφιεσάμενον
988 3739 1203 3807 σχῆμα,
1262 3730 1379 3786 ἐπεὶ
1451 3732 1527 3804 μὴ
1587 3724 1765 3785 ἔπειθε
1819 3736 1983 3788 τοῦτο

327 3816 655 3893 ἀποϐαλεῖν,
692 3820 856 3896 μόλις
918 3819 1091 3888 ἐᾶσαι,
1143 3818 1398 3882 δεδωκὼς
1447 3819 1595 3891 αὐτῳ
1652 3818 1727 3882 είς
1778 3818 1984 3875 ἐνδιαί-

325 3933 485 3987 τημα
512 3911 575 3967 τό
603 3932 664 3968 τε
718 3911 854 3967 κατὰ
910 3907 1300 3985 Χρυσούπολιν
1364 3906 1647 3984 βασιλικὸν
1707 3912 1983 3982 μοναστή-

330 4023 472 4079 ριον,
500 4000 579 4057 ἔτι
612 3998 672 4056 δί
715 4000 806 4056 καὶ
863 3999 927 4055 τὸ
980 4004 1080 4055 τοῦ
1140 3998 1387 4073 Βρόσεως
1442 3998 1533 4052 καὶ
1588 3998 1651 4053 τὸ
1688 3998 1827 4052 κατὰ
1883 4001 1983 4067 τῆν

327 4091 576 4151 Ἐλαίαν.
604 4092 840 4153 Ἐκεῖνος
870 4087 928 4145 δὲ
975 4094 1057 4163 τῷ
1102 4089 1242 4145 κατά
1285 4089 1384 4157 τὴν
1432 4086 1813 4162 Χρυσούπολιν
1866 4083 1982 4143 ὄντι

322 4183 779 4258 ἐνδιαιτώμενος,
819 4183 936 4239 ἐπεί
967 4203 1101 4239 ποτε
1128 4182 1431 4259 περιπάτου
1461 4179 1658 4251 ἐδεήθη
1711 4180 1801 4236 καὶ
1847 4181 1984 4237 κατὰ

320 4276 421 4331 τὸν
453 4274 743 4349 Ἀνθεμίου
775 4271 1082 4349 λεγόμενον
1130 4272 1299 4328 τόπον
1342 4269 1573 4347 ἐγένετο,
1625 4268 1806 4326 εἷ’λετο
1857 4274 1983 4326 τοῦ·

323 4387 424 4423 τον
488 4363 577 4420 διὰ
637 4363 931 4440 βασιλικῆς
990 4362 1333 4438 προστάξεως
1388 4361 1776 4432 ἐξωνήσασθαι·
1835 4361 1889 4417 ἐν
1938 4364 1983 4435 ᾦ

323 4456 425 4511 καὶ
469 4455 837 4528 μοναστήριον
890 4452 1295 4514 κατασκευάσας
1346 4448 1674 4522 πολυτελὲς,
1723 4451 1816 4507 τὸν
1867 4452 1982 4528 βίον

322 4543 686 4612 ὲκλιμπάνων
747 4541 902 4613 ἐτὲθη
965 4541 1158 4611 ἐκεῖσε,
1218 4539 1312 4595 σὺν
1365 4540 1513 4613 αὐτῷ
1580 4539 1637 4596 δὲ
1674 4541 1765 4596 καὶ
1796 4542 1825 4596 6
1854 4542 1985 4599 τού-

2090 1960 2338 2032 gistrum
2372 1979 2439 2018 ac
2471 1964 2713 2019 tandem
2747 1966 3038 2021 Caesarem
3057 1967 3216 2032 fecit,
3245 1970 3627 2041 exercituque
3644 1987 3745 2028 co-

2089 2051 2258 2122 pioso
2290 2052 2645 2110 instructum
2674 2055 2731 2109 in
2756 2056 3226 2129 Longobardiam
3253 2058 3435 2128 misit,
3459 2060 3639 2115 rebus
3661 2061 3747 2117 ita

2089 2141 2489 2211 poscentibus.
2530 2144 2610 2198 Eo
2642 2144 2942 2215 profectus
2989 2146 3232 2202 Alexius
3278 2164 3406 2203 rem
3460 2149 3740 2220 prmclare

2090 2231 2274 2302 gessit
2303 2236 2361 2287 et
2391 2247 2462 2287 ex
2491 2234 2787 2289 sententia
2831 2235 3042 2289 soceri.
3092 2236 3217 2301 Quo
3271 2237 3492 2292 factum
3542 2243 3632 2293 est
3676 2246 3744 2295 ut

2091 2327 2395 2375 crescente
2425 2322 2555 2393 ejus
2586 2321 2883 2378 desiderio
2916 2324 3095 2379 simul
3125 2325 3350 2382 invidia
3370 2343 3607 2398 quoque
3638 2344 3748 2384 au-

2091 2414 2358 2480 gesceret
2382 2410 3001 2482 ;criminabanturque
3023 2429 3156 2468 eum
3179 2415 3459 2471 nonnulli
3478 2416 3744 2489 utimpe-

2091 2497 2166 2550 rii
2223 2497 2527 2569 cupidum.
2583 2499 3038 2572 Addebantque,
3088 2504 3243 2559 919
3298 2504 3422 2559 fore
3472 2510 3538 2560 ut
3593 2524 3628 2561 Α
3687 2508 3750 2561 in

2089 2601 2159 2639 ra
2217 2585 2534 2657 imperium
2592 2588 2914 2660 aliquando
2973 2597 3311 2663 occuparet.
3388 2594 3586 2649 Cmsar
3641 2593 3747 2650 ubi

2092 2691 2163 2730 ea
2191 2674 2265 2729 ad
2295 2675 2491 2745 ipsum
2523 2682 2662 2732 sunt
2690 2678 2891 2743 allata,
2920 2695 3212 2751 vocesque
3255 2682 3606 2738 aemulorum
3640 2700 3745 2739 au-

2093 2764 2256 2831 divit,
2291 2765 2495 2820 multis
2525 2766 2598 2821 ab
2629 2767 2987 2838 imperatore
3018 2770 3326 2825 contendit
3374 2772 3651 2841 precibus
3681 2778 3750 2830 ut

2092 2853 2205 2908 sibi
2237 2854 2608 2924 permitteret
2637 2856 2712 2911 ad
2734 2857 2913 2912 vitam
2937 2859 3326 2914 monasticam
3352 2860 3750 2917 transire.Sed

2091 2942 2452 3013 Theophilus
2474 2943 2659 2999 ﬁliam
2684 2946 2897 3001 marito
2918 2946 3160 3003 viduare
3181 2964 3305 3003 non
3328 2950 3651 3017 sustinens,
3684 2950 3746 3005 id

2091 3030 2419 3104 denegavit.
2455 3033 2707 3089 Proinde
2762 3035 2993 3091 Alexius
3042 3053 3217 3093 suum
3266 3043 3486 3093 statum
3532 3040 3746 3107 tenuit,

2093 3126 2372 3192 tutusque
2403 3126 2463 3177 et
2491 3139 2734 3179 securus
2765 3125 3196 3196 rempublicam
3244 3128 3445 3199 gessit.
3478 3130 3554 3185 At
3582 3134 3748 3200 post-

2093 3225 2273 3280 quam
2294 3210 2638 3282 imperatori
2662 3212 2822 3268 ﬂlius
2844 3212 3167 3269 Michaelus
3188 3220 3364 3270 natus
3389 3221 3499 3281 est,
3532 3222 3592 3271 et
3621 3218 3745 3273 Ca3-

2090 3299 2241 3355 saris
2269 3316 2419 3355 uxor
2444 3300 2602 3356 diem
2633 3318 2806 3357 suum
2840 3302 3008 3368 obiit,
3040 3303 3403 3375 Theophilus
3424 3311 3657 3362 tantum
3680 3307 3745 3362 ﬂ-

2086 3387 2182 3444 liaa
2213 3388 2507 3446 defunctas
2538 3390 2782 3447 honoris
2812 3392 3047 3460 detulit,
3079 3397 3145 3447 ut
3194 3394 3445 3450 cadaver
3492 3394 3556 3449 in
3605 3410 3746 3451 arca

2087 3485 2331 3551 argento
2363 3479 2621 3536 obducta
2647 3483 2987 3553 reposuerit
3017 3487 3076 3537 et
3098 3483 3510 3555 cujuscunque
3536 3482 3701 3555 ﬂagit

2088 3568 2208 3622 reis
2238 3568 2579 3639 sepulcrum
2600 3571 2744 3640 ejus
2774 3570 3001 3641 asylum
3034 3572 3431 3627 constituerit.
3474 3572 3745 3628 Alexium

2088 3670 2225 3710 vero
2240 3654 2388 3709 clam
2403 3656 2584 3712 vitam
2599 3656 2987 3729 habitumque
3003 3659 3395 3715 monasticum
3409 3659 3751 3732 amplexum

2091 3757 2226 3796 cum
2254 3742 2326 3797 ab
2359 3743 2632 3800 instituto
2683 3745 2990 3801 suadendo
3039 3763 3161 3801 non
3200 3746 3541 3816 deduceret,
3592 3766 3747 3822 aegre

2089 3830 2339 3885 missum
2370 3832 2529 3895 fecit,
2562 3833 2738 3904 eique
2768 3834 2927 3890 dono
2960 3834 3128 3890 dedit
3154 3836 3382 3908 regium
3417 3836 3576 3907 quod
3621 3842 3752 3894 erat

2088 3918 2438 3990 ChrysOpoli
2470 3921 2926 3987 monasterium,
2960 3922 3159 3992 Brysei
3189 3938 3449 3993 quoque,
3484 3928 3543 3978 et
3589 3924 3752 3994 quod

2091 4012 2219 4061 erat
2249 4008 2325 4063 ad
2356 4008 2598 4074 Eluaam,
2632 4009 2695 4063 in
2716 4010 2933 4079 quibus
2955 4010 3131 4064 vitam
3152 4010 3659 4081 degeret.Alexius
3680 4011 3746 4067 in

2088 4096 2577 4168 Chrysopolitano
2606 4097 2771 4152 vixit.
2805 4099 3070 4169 Cumque
3102 4098 3425 4169 aliquando
3455 4100 3744 4156 deambu-

2088 4183 2253 4241 landi
2285 4186 2473 4257 gratia
2499 4186 2577 4241 ad
2604 4186 2804 4243 locum
2834 4188 3098 4242 venisset
3125 4188 3229 4258 qui
3257 4188 3562 4243 Anthemii
3594 4188 3750 4244 dici-

2092 4279 2207 4342 tur,
2258 4275 2637 4347 imperatoris
2688 4275 2968 4331 mandato
3020 4276 3338 4347 impetrato
3390 4293 3526 4332 eum
3583 4278 3749 4345 emit,

2091 4370 2627 4436 sumptuosumque
2644 4364 2726 4419 ibi
2753 4364 3026 4421 condidit
3046 4366 3475 4421 monasterium
3503 4384 3518 4435 ;
3544 4367 3607 4422 in
3630 4384 3748 4438 quo

2092 4458 2228 4523 post
2255 4459 2509 4509 mortem
2542 4454 2811 4525 sepultus
2843 4458 2952 4522 est,
2987 4458 3047 4508 et
3075 4470 3209 4508 cum
3242 4453 3373 4525 ipso
3404 4453 3589 4509 frater
3622 4455 3752 4527 ejus

2092 4540 2478 4609 Theodosius,
2514 4543 2615 4612 qui
2646 4542 2958 4614 patriciam
2990 4540 3340 4614 dignitatem
3389 4550 3751 4599 consecutus

319 4653 427 4689 του
458 4630 692 4709 ἀδελφός
717 4628 1006 4693 Θεοδόσιος
1040 4629 1095 4694 ἐς
1138 4627 1461 4704 πατρικίους
1507 4628 1753 4699 τελέσας,
1797 4629 1983 4688 πολλὰ

2094 4630 2285 4687 multa
2296 4632 2536 4704 optimas
2558 4648 2681 4688 δυο)
2701 4632 2834 4687 vitae
2848 4632 3210 4689 documenta
3221 4649 3292 4689 eo
3306 4632 3369 4688 in
3383 4633 3747 4690 monasterio

320 4722 684 4800 γνωρίσματα
709 4729 813 4793 τῆς
839 4721 1008 4778 αὐτοῦ
1055 4718 1283 4796 ἀρίστης
1341 4720 1535 4795 βιοτῆς
1578 4718 1631 4776 ἐν
1678 4725 1760 4794 τῷ
1812 4742 1982 4794 μονα-

323 4833 428 4884 στη
442 4813 541 4888 ρῖῳ
566 4810 908 4870 καταλιπών.

399 4904 513 4959 Τοῦ
578 4898 638 4957 δὲ
695 4902 949 4978 ἀρχηγοῦ
1002 4903 1113 4956 τῶν
1179 4896 1431 4975 ’Δραϐων
1502 4900 1781 4976 Ἰμπραήλ
1845 4902 1979 4958 κατᾶ

318 4990 617 5065 Ῥωμαίων
699 4989 1184 5065 ἐκστρατεύσαντος
1270 4989 1363 5045 καὶ
1426 4989 1454 5043 6
1506 4988 1775 5066 Θεόφιλος
1832 4990 1984 5047 ἀντι-

322 5080 796 5161 φιλοτιμούμενος
828 5076 1044 5152 ἔξεισιν,
1078 5080 1215 5134 ἅπαν
1257 5075 1378 5139 δέος
1427 5073 1749 5137 ἀποϐαλών.
1782 5079 1847 5136 Εἰ
1876 5080 1977 5157 γάρ

318 5192 378 5226 τι
408 5171 498 5226 καὶ
530 5177 765 5247 προσῆν,
797 5170 923 5225 ἀλλ’
983 5171 1018 5239 ἡ
1080 5171 1186 5223 τῶν
1248 5166 1516 5223 συνόντων
1571 5167 1719 5239 αὐτῷ
1768 5167 1978 5244 ἀνδρῶν

320 5262 465 5318 κατᾶ
493 5261 775 5335 πολέμους
807 5265 971 5336 πεῖρα
1007 5258 1099 5315 καὶ
1147 5259 1466 5335 γενναιότης
1512 5260 1587 5321 ὡς
1635 5258 1981 5337 πορρωτάτω

318 5355 487 5408 τοῦτο
517 5350 703 5416 ἐτίθει.
737 5345 1014 5428 Θεόφοὸος
1047 5349 1100 5405 οἱ
1124 5345 1314 5425 ἄνδρες
1362 5349 1497 5422 ᾖσαν
1546 5347 1637 5404 καὶ
1687 5351 1979 5423 Μανουήλ.

2093 4721 2444 4792 reliquerat.

2163 4905 2308 4960 Cum
2333 4907 2535 4958 autem
2556 4902 2888 4975 Impraelus
2909 4903 3170 4960 Arabum
3194 4904 3315 4960 dux
3337 4904 3750 4977 expeditiones

2090 4998 2298 5049 contra
2348 4993 2651 5047 Romanos
2704 4994 2862 5050 920
2921 4994 3302 5066 suscepisset,
3380 4994 3739 5066 TheOphilus

2090 5099 2328 5154 quoque
2358 5081 2640 5137 adversus
2685 5099 2822 5139 eum
2874 5084 3078 5155 cOpias
3122 5100 3261 5139 suas
3310 5083 3532 5150 eduxit,
3587 5083 3754 5137 omni

2091 5179 2254 5231 metu
2282 5173 2536 5244 abjecto.
2568 5174 2715 5229 Nam
2745 5174 2854 5228 etsi
2894 5172 3122 5245 aliquid
3176 5172 3409 5227 timoris
3458 5173 3750 5243 subesset,

2091 5281 2228 5322 eum
2259 5271 2460 5321 tamen
2482 5263 2655 5319 facile
2678 5262 3032 5335 proﬂigabat
3057 5261 3344 5317 comitum
3369 5260 3751 5332 imperatoris

2088 5354 2273 5411 virtus
2301 5370 2369 5410 ac
2401 5354 2637 5426 peritia,
2666 5351 3033 5423 Theophobi,
3068 5351 3340 5423 inquam,
3373 5356 3432 5406 et
3472 5349 3755 5406 Manueli.

1516 5477 1877 5536 XYLANDRI
1933 5482 2023 5538 ΕΤ
2078 5483 2296 5538 GOARI
2342 5479 2568 5547 NOTAE,

544 5674 789 5735 Alexius
817 5678 882 5735 in
914 5674 1339 5749 Theophilum:
1362 5676 1499 5732 ΧΠ..

661 5812 875 5860 “non.
923 5795 1045 5858 Gn.
1091 5792 1300 5857 CXXI.

395 5681 486 5753 (98

393 5608 485 5680 (97
538 5605 711 5734 Apud
740 5606 1032 5662 Zonaram
1064 5619 1174 5676 per
1205 5623 1220 5656 ι
1251 5602 1470 5677 legitur
1500 5603 1786 5678 Κρινιτῶν,
1815 5607 2176 5666 Crinitarum
2210 5624 2316 5664 seu
2344 5606 2730 5662 Crinitorum.
2766 5604 2904 5662 XYL.

395 5609 512 5756 (98;
544 5680 594 5735 A
622 5677 789 5735 exius
817 5678 882 5735 in
914 5674 1328 5749 Theophilum.
1362 5676 1499 5732 ΧΠ..

3434 5790 3513 5852 32
