4112 6426
341 389 500 452 1003

1706 380 2033 446 GEORGII
2074 372 2422 463 CEDRENI

3610 382 3770 446 1004

341 525 602 587 Quorum
635 520 765 593 ejus
794 520 1079 576 fortitudo
1112 519 1256 592 ipsis
1294 535 1529 590 quoque
1550 517 1821 573 hostibus
1854 520 1995 570 nota

2110 509 2266 567 Ἀλλ’
2299 513 2326 566 6
2362 513 2455 584 μὲν
2500 511 2771 580 Μανδυήλ
2806 510 2978 582 δῆλος
3010 513 3079 583 ἦν
3109 507 3194 568 ἐπ’
3225 508 3418 588 ἀνδρίᾳ
3442 513 3554 568 ’καὶ
3585 513 3774 577 αὐτοῖς

343 619 490 680 erat,
523 628 658 667 cum
690 613 741 667 is
774 612 883 666 sub
916 612 1105 667 Leone
1135 609 1536 665 Orientalibus
1568 608 1757 679 copiis
1785 605 2000 679 prmfe-

343 708 475 757 ctus
505 708 565 756 et
623 701 925 755 Michaelis
966 699 1256 771 Rangabee
1306 699 1662 769 equisonum
1721 695 2000 768 princeps

343 791 572 851 fuisset,
607 806 784 860 quem
816 794 1303 860 protostratorem
1334 788 1518 843 Graeci
1552 785 1884 841 nominant.
1921 784 2000 837 De

347 879 703 950 Theophobo
756 878 936 933 etiam
991 877 1334 944 dicendum,
1417 875 1715 948 quomodo
1767 872 2005 929 Persica

348 968 634 1023 oriundus
654 966 874 1021 familia
892 966 953 1020 in
979 966 1253 1021 notitiam
1278 961 2003 1037 perveneritimperatoris

347 1057 596 1128 ejusque
615 1072 881 1111 sororem
906 1055 1289 1110 matrimonio
1305 1053 1718 1125 sibijunxerit.
1751 1049 2002 1117 Quidam

345 1146 509 1212 regia
539 1147 856 1200 Persarum
886 1145 1069 1216 stirpe
1098 1151 1277 1199 natus
1307 1143 1629 1214 aliquando
1660 1141 1870 1213 Cpolin
1920 1139 2005 1194 le-

344 1241 514 1307 gatus
546 1235 745 1289 venit:
779 1234 829 1289 is
861 1251 982 1289 non
1015 1234 1282 1306 legitimo
1315 1233 1609 1305 conjugio,
1636 1231 1741 1286 sed
1772 1229 2002 1285 occulto

345 1325 505 1380 coitu
532 1324 963 1396 TheOphobum
1010 1324 1236 1395 genuit,
1288 1328 1466 1393 atque
1506 1321 1803 1377 discessit.
1857 1318 2005 1384 Quia

346 1430 482 1469 vero
513 1413 611 1468 lex
639 1414 797 1485 apud
830 1416 1039 1468 Persas
1071 1412 1433 1467 inviolabilis
1474 1416 1583 1480 est,
1635 1426 1708 1463 ne
1758 1408 1891 1479 quis
1942 1408 2002 1462 in

348 1519 451 1557 eos
484 1517 731 1574 regnum
755 1506 1007 1572 occupet
1029 1501 1145 1555 nisi
1168 1502 1330 1573 regia
1360 1499 1641 1571 progenie
1658 1503 1843 1562 ortus,
1867 1512 2002 1551 cum

347 1589 797 1646 continentibus
828 1589 1000 1644 bellis
1059 1590 1287 1661 regium
1344 1604 1531 1660 genus
1586 1586 1659 1643 ab
1717 1586 2002 1658 Agarenis

347 1680 586 1751 pulsum
620 1678 958 1745 defecisset,
985 1682 1179 1734 Persae
1212 1679 1367 1733 hunc
1399 1676 1821 1748 Theophobum
1838 1673 2002 1746 Cpoli

346 1769 644 1825 abducere
676 1784 993 1841 regemque
1026 1784 1201 1823 suum
1251 1767 1446 1823 facere
1500 1767 1831 1838 cupientes,
1873 1765 2003 1835 ejus

348 1875 528 1913 causa
578 1857 893 1929 aliquoties
947 1857 1024 1951 ad
1092 1857 1484 1928 Theophilum
1547 1856 1769 1927 legatos
1828 1853 2079 1951 mise-B

347 1952 499 2010 rant,
560 1951 732 2018 pacta
785 1944 964 2001 simul
1022 1946 1183 2016 pacis
1237 1947 1572 2000 offerentes.
1651 1946 1851 2015 Neque
1912 1947 1998 1997 ta~

347 2051 485 2091 men
542 2040 961 2106 persuaserant
1016 2034 1363 2106 imperatori
1428 2040 1498 2089 ut
1575 2032 2003 2103 Theophobum

345 2124 492 2196 ipsis
539 2123 805 2193 dederet,
855 2123 958 2179 sed
1000 2139 1136 2178 eum
1182 2125 1379 2195 potius
1432 2123 1666 2195 patricii
1717 2121 2003 2194 dignitate

351 2217 628 2268 ornatum
661 2212 850 2268 sorori
902 2228 1023 2265 suae
1072 2211 1457 2267 matrimonio
1513 2210 1825 2281 copulavit,
1876 2209 2004 2281 lege

350 2303 498 2359 921
540 2303 719 2358 etiam
774 2304 894 2357 lata
950 2319 1081 2373 quae
1139 2303 1338 2357 Persis
1395 2302 1809 2373 conjugiorum
1867 2316 2002 2355 cum

352 2391 635 2447 Romanis
683 2391 985 2446 licentiam
1044 2390 1421 2445 concederet.
1473 2392 1738 2460 Cumque
1781 2390 2005 2444 multos

350 2495 419 2534 ea
447 2480 682 2535 ratione
713 2480 924 2534 Persas
955 2478 1067 2532 sibi
1108 2478 1492 2534 conciliasset
1543 2494 1765 2549 eosque
1816 2476 2004 2550 digni-

342 2567 565 2622 tatibus
597 2568 1065 2633 cohonestasset,
1119 2566 1181 2620 in
1232 2565 1465 2621 codices
1517 2565 1747 2621 militia;
1796 2581 2002 2621 eorum

342 2657 592 2712 nomina
620 2655 1264 2728 retulit,legionemque
1288 2656 1533 2710 nomine
1550 2656 1844 2711 Persicam
1862 2672 2002 2710 con-

344 2746 601 2818 scripsit,
663 2762 912 2816 eamque
970 2762 1104 2800 cum
1188 2745 1473 2799 Romanis
1551 2744 1887 2817 legionibus
1942 2745 2004 2799 in

343 2834 565 2892 bellum
598 2839 806 2890 contra
837 2837 1130 2906 Agarenos
1162 2834 1458 2904 proﬁcisci
1484 2834 1688 2905 jussit.
1732 2835 1834 2888 His
1867 2851 2002 2906 ergo

346 2925 577 2979 duobus
607 2924 793 2979 fretus
839 2924 1219 2995 Theophilus,
1271 2924 1540 2979 Manuelo
1590 2930 1767 2994 atque
1814 2925 2004 2980 Theo-

344 3014 563 3088 phobo,
605 3014 667 3068 in
724 3016 1024 3085 Agarenos
1077 3014 1261 3069 duvit.
1324 3015 1469 3070 Cum
1528 3030 1712 3085 prope
1770 3015 2003 3071 hostem

345 3105 501 3160 922
532 3109 881 3174 perventum
914 3108 1088 3170 esset,
1142 3120 1206 3158 re
1257 3104 1319 3157 in
1369 3103 1863 3159 deliberationem
1905 3121 2003 3160 vo-

345 3200 496 3259 cata,
531 3193 836 3249 Manuelus
868 3193 1100 3248 censuit
1138 3193 1450 3264 indignum
1497 3208 1625 3248 esse
1678 3194 1997 3264 imperato-

346 3300 470 3339 rem
494 3285 896 3338 Romanorum
919 3281 1045 3337 acie
1067 3281 1347 3353 congredi
1382 3298 1517 3336 cum
1550 3298 1998 3338 amermumna:

344 3391 529 3429 unum
562 3373 822 3443 aliquem
857 3389 992 3428 cum
1024 3378 1190 3444 parte
1224 3372 1442 3428 ducum
1495 3378 1555 3427 et
1601 3375 1895 3429 exercitus
1946 3375 2002 3429 ei

344 3463 562 3519 debere
613 3478 947 3518 occurrere.
997 3462 1392 3533 Thcophobus
1436 3479 1571 3517 vero
1636 3462 1833 3534 ipsum
1884 3464 2002 3519 im-

344 3558 681 3624 peratorem
731 3568 943 3622 pugnze
989 3551 1279 3606 interesse
1331 3551 1533 3618 voluit,
1587 3553 1891 3622 suasitque
1940 3558 2005 3607 ut

347 3657 484 3695 cum
515 3640 782 3710 peditatu
818 3640 1016 3694 hostes
1046 3656 1153 3711 per
1183 3645 1421 3695 noctem
1461 3640 1817 3708 adoriretur,
1842 3643 2006 3713 equi-

348 3729 526 3797 tibus,
582 3727 683 3781 ubi
733 3728 1056 3782 necessitas
1106 3728 1488 3798 postulasset,
1537 3745 1711 3799 opem
1768 3729 2000 3786 laturis.

349 3818 513 3873 Multi
543 3822 902 3873 nocturnum
932 3816 1159 3872 bellum
1186 3817 1422 3873 suaderi
1462 3817 1534 3873 ab
1586 3835 1655 3874 eo
1704 3819 2000 3890 dicebant,

348 3912 415 3962 ut
460 3908 863 3961 Romanorum
912 3905 1161 3977 gloriam
1211 3922 1379 3961 suam
1430 3907 1692 3975 faceret;
1749 3907 2001 3981 ideoque

346 3996 681 4066 improbato
714 3996 843 4067 ejus
871 3996 1144 4063 consilio,
1192 3996 1517 4068 imperator
1567 4004 1773 4069 aperto
1822 4001 2002 4056 Marte

346 4086 611 4142 interdiu
644 4088 850 4141 statuit
905 4102 1041 4141 cum
1093 4086 1261 4141 hoste
1316 4087 1656 4160 conﬂigere.
1707 4089 2001 4146 Caeterum

346 4177 676 4249 Impraelus
705 4192 1140 4243 amermumna,
1168 4178 1507 4249 arrogantia
1537 4177 1750 4234 ductus
1780 4196 1856 4236 an
1887 4181 2000 4236 im-

344 4266 639 4338 peratoris
670 4272 835 4321 metu
866 4266 1182 4332 incertum,
1217 4283 1354 4322 cum
1386 4272 1552 4338 parte
1574 4268 1874 4324 exercitus
1908 4269 1999 4324 sui

345 4356 640 4419 discessit,
667 4356 875 4411 relicto
927 4372 1064 4411 cum
1115 4356 1416 4428 octoginta
1464 4357 1732 4412 millibus
1780 4357 1856 4413 ad
1899 4376 2003 4430 pu-

343 4463 519 4519 gnam
553 4446 930 4502 Abuzachare
962 4446 1221 4516 quodam
1255 4462 1499 4501 suorum
1535 4447 1774 4504 ducum.
1827 4450 1997 4503 Com-

345 4537 528 4592 misso
557 4536 787 4607 prmlio,
836 4551 972 4591 cum
1040 4535 1322 4605 utrinque
1381 4536 1555 4590 multi
1615 4536 1993 4604 cecidissent,

346 4625 585 4679 tandem
616 4625 887 4679 cohortes
920 4622 1179 4694 (scholas
1209 4624 1319 4695 ipsi
1354 4624 1665 4693 vocabant)
1699 4642 1819 4682 una
1858 4644 1992 4684 cum

347 4712 671 4767 domestico
705 4712 909 4784 (ofﬁcii
946 4712 1057 4767 hoc
1090 4728 1311 4767 nomen
1362 4714 1473 4782 est)
1522 4713 1825 4770 inclinatae
1875 4734 1998 4774 ces-

345 4806 552 4857 serunt
584 4801 885 4873 Agarenis.
921 4802 1249 4871 Imperator
1278 4817 1413 4856 cum
1446 4802 1688 4859 cohorte
1723 4811 2002 4877 prtetmia

346 4896 406 4945 et
446 4889 676 4946 duobus
734 4892 1049 4946 Persarum
1100 4890 1369 4946 millibus
1413 4908 1483 4948 ac
1529 4892 1885 4965 Theophobo
1935 4901 1998 4956 in

344 4980 559 5036 collem
582 4980 900 5051 quemdam
924 4980 1111 5035 evasit
1134 4996 1147 5034 :
1181 4996 1358 5051 quem
1384 4984 1635 5052 Agareni
1658 4986 1996 5060 cinxerunt,

345 5075 400 5125 et
437 5085 626 5141 usque
657 5069 731 5125 ad
759 5085 1065 5142 vesperam
1112 5071 1329 5125 acriter
1377 5077 1469 5127 est
1510 5072 1880 5146 dimicatum,
1925 5080 1999 5134 iis

2105 606 2223 663 τοῖς
2257 600 2538 671 ἐναντίοις,
2567 606 2666 656 τοῦ
2697 602 2932 676 στρατοῦ
2984 606 3097 657 τῶν
3142 601 3516 658 Ἀνατολικῶν
3564 604 3772 679 κατάρ-

2110 690 2202 759 ξας
2229 688 2317 744 ἐπὶ
2348 695 2445 745 τοῦ
2478 688 2728 760 Λέοντος,
2760 689 2851 746 καὶ
2882 694 2984 746 τοῦ
3014 691 3122 766 πρὸ
3166 691 3333 747 αὐτοῦ
3386 693 3626 767 Μιχαὴλ
3677 693 3771 748 ἰπ-

2106 779 2369 852 ποκόμων
2417 780 2445 834 6
2492 781 2709 853 πρῶτος
2757 780 3069 855 γενόμενος’
3124 781 3593 857 πρωτοστράτορα
3638 786 3778 836 τοῦ-

2102 870 2196 924 τόν
2221 891 2371 949 φασι.
2402 870 2652 941 Δηλώσει
2685 869 2742 926 δὲ
2771 872 2859 926 καὶ
2908 871 3002 925 τὸν
3049 866 3328 948 Θεόφοϐον
3361 873 3390 926 6
3421 870 3613 948 λόγος,
3647 870 3768 926 ὅθεν

2105 979 2174 1014 τε
2198 959 2288 1014 καὶ
2319 959 2471 1024 ὅπως
2500 958 2559 1014 ἐκ
2584 964 2804 1035 Περσῶν
2834 959 3212 1037 καταγόμενος
3269 965 3351 1033 τῷ
3404 958 3626 1035 βασιλεῖ
3675 960 3773 1034 γέ-

2106 1067 2234 1121 γονε
2288 1048 2572 1125 γνώριμος
2632 1048 2723 1103 καὶ
2761 1050 2862 1119 τήν
2917 1045 3162 1126 ἀδελφὴν
3223 1048 3390 1104 αὐτοῦ
3451 1046 3529 1110 εἷς
3586 1048 3768 1124 γάμον

2107 1137 2414 1211 ἡρμόσατο.
2445 1136 2542 1199 Εἰς
2576 1131 2863 1213 πρεσϐείαν
2893 1138 2978 1201 τίς
3002 1158 3136 1193 ποτε
3182 1142 3293 1193 τῶν
3352 1136 3415 1192 ἐκ
3472 1137 3772 1212 βασιλικῆς

2109 1232 2291 1301 σειρᾶς
2355 1232 2574 1303 Περσῶν
2630 1228 2968 1306 ἀφικόμενος
3024 1227 3103 1293 εἷς
3166 1229 3268 1297 τὴν
3317 1227 3769 1284 Κωνσταντινούο

2107 1317 2296 1387 πολιν,
2330 1316 2431 1373 οὐκ
2483 1316 2541 1373 ἐκ
2568 1317 2812 1391 νομίμου
2844 1319 3132 1396 συναφείας
3186 1316 3247 1373 ἐκ
3295 1317 3559 1393 λαθραίας
3591 1314 3649 1372 δὲ
3676 1316 3770 1372 καὶ

2111 1406 2345 1482 κρυφίοις
2374 1412 2570 1463 τοῦτον
2603 1406 2885 1463 ἀποτεκὼν
2942 1404 3321 1481 ἀπεδήμησεν.
3370 1407 3521 1464 Ἐπεὶ
3571 1404 3632 1462 δὲ
3676 1408 3776 1462 νό-

2113 1517 2217 1569 μος
2245 1491 2594 1572 ἀπαράϐατος
2620 1501 2737 1558 τοῖς
2778 1493 3011 1570 Πέρσαις
3053 1494 3173 1552 ἐστὶ
3224 1498 3301 1570 μή
3347 1517 3466 1551 τινα
3515 1502 3616 1565 τῆς
3669 1497 3776 1551 αὐ-

2106 1589 2215 1640 τῶν
2242 1584 2426 1663 ἀρχῆς
2457 1584 2691 1660 ἐγκρατῆ
2752 1584 2998 1663 γενέσθαι
3053 1587 3129 1658 μή
3183 1592 3284 1654 τῆς
3337 1582 3631 1660 βασιλικῆς
3680 1580 3776 1639 ὅν-

2106 1693 2174 1726 τα
2214 1678 2420 1748 σειρᾶς,
2451 1672 2700 1743 ἐξέλιπον
2735 1670 2792 1729 δὲ
2831 1674 2890 1729 ἐκ
2918 1679 3027 1729 τῶι
3062 1678 3310 1753 συνεχῶν
3342 1671 3606 1746 πολέμων
3667 1673 3776 1729 ὑπὸ

2109 1766 2218 1816 τῶν
2248 1764 2569 1837 ’Δγαρηνῶν
2623 1763 2904 1826 ἐλαθέντες
2952 1764 3005 1818 οἱ
3062 1770 3165 1833 τῆς
3223 1762 3517 1838 βασιλικῆς
3567 1768 3773 1837 σειρᾶς,

2108 1853 2297 1905 τοῦτον
2330 1851 2423 1906 τὸν
2453 1846 2728 1926 Θεόφοϐον
2759 1850 3033 1914 πολλάκις
3075 1852 3413 1926 ὁρμήσαντες
3470 1852 3522 1906 οἱ
3571 1853 3774 1922 Πέρσαι

2115 1938 2475 1995 ἀναλαϐέσθαι
2504 1939 2614 1997 ἀπὸ
2673 1940 3306 2004 Κωνσταντινουπόλεως
3354 1946 3452 1997 τοῦ
3503 1940 3773 2016 βασιλεῦ-

2116 2049 2203 2083 σαι
2264 2027 2349 2084 ἐπ’
2415 2029 2626 2100 αὐτοῖς,
2680 2032 2766 2102 [Ρ.
2825 2034 2951 2105 524]
3009 2030 3101 2086 καὶ
3169 2026 3455 2104 πρεσϐείαν
3512 2029 3775 2104 διάφορον

2114 2119 2442 2187 ποιήσαντες
2499 2118 2637 2193 πρὸς
2695 2116 2989 2194 Θεόφιλον,
3050 2118 3144 2173 καὶ
3200 2118 3480 2192 εἰρηνικὰς
3535 2116 3776 2182 σπονδὰς

2116 2206 2498 2280 ὑποσχόμενοι
2558 2203 2627 2261 δι’
2685 2205 2851 2261 αὐτοῦ
2907 2206 3177 2283 γενέσθαι,
3242 2208 3344 2262 οὐκ
3396 2205 3617 2262 ἔπεισα)
3674 2207 3769 2262 τὸν

2114 2295 2384 2373 Θεόφιλον
2417 2300 2608 2352 τοῦτον
2656 2293 2929 2366 ἐκδοῦναι,
2986 2294 3135 2353 ἀλλά
3191 2295 3407 2370 μᾶλλον
3463 2295 3554 2352 διὰ
3605 2301 3768 2353 τοῦτο

2113 2385 2299 2461 ἀνάγει
2333 2385 2495 2441 αὐτὸν
2528 2387 2557 2441 6
2588 2385 2859 2464 Θεόφιλος
2898 2387 2976 2449 εἷς
3021 2393 3125 2457 τήν
3177 2391 3285 2441 τῶν
3336 2388 3638 2463 πατρικίων
3686 2408 3774 2441 τι-

2116 2476 2225 2548 μήν
2264 2474 2355 2530 καὶ
2415 2480 2485 2550 τῇ
2539 2475 2732 2531 ἑαυτοῦ
2788 2473 3000 2554 ἀδελφῇ
3059 2477 3377 2546 συνοικίζει,
3434 2474 3658 2532 ἕκαστόν
3716 2499 3776 2533 τε

2113 2569 2225 2620 τῶν
2281 2569 2502 2639 Περσῶν
2556 2572 2846 2639 νομοθετεῖ
2881 2568 2998 2621 κατ’
3055 2565 3351 2643 ἐπιγαμίαν
3411 2567 3768 2623 συνάπτεσθαι

2110 2659 2228 2717 τοῖς
2277 2653 2597 2728 Ῥωμαίοις.
2658 2653 2913 2717 Πολλοὺς
2970 2652 3027 2711 δὲ
3085 2653 3143 2710 ἐκ
3196 2655 3405 2711 τούτων
3467 2655 3770 2733 ἐμπρέπειν

2109 2749 2228 2805 τοῖς
2291 2743 2604 2818 βασιλικοῖς
2660 2743 2933 2818 ἀξιώμασι
2991 2745 3313 2814 πεποιηκὼς
3363 2744 3556 2818 κώδιξι
3603 2766 3774 2821 στρα-

2110 2842 2392 2899 τιωτικοῖς
2423 2838 2815 2916 ἀναγράφεται,
2849 2839 3031 2913 τάγμα
3060 2838 3325 2909 Περσικὸν
3367 2835 3593 2897 τούτους
3644 2836 3771 2890 ὀνο-

2115 2926 2313 2999 μάσας,
2344 2927 2432 2981 καὶ
2483 2932 2602 2991 τοῖς
2657 2927 2793 2982 κατά
2846 2932 2956 2981 τῶν
3015 2928 3332 3001 ’Λγαρηνῶν
3379 2926 3579 2996 ἐξιοῦσι
3632 2927 3773 2979 Ῥω-

2116 3017 2303 3091 μαίοις
2365 3018 2814 3091 συναριθμεῖσθαι
2901 3015 3217 3090 προσέταξε.
3296 3016 3526 3076 Τούτοις
3578 3015 3766 3068 τοίνυν

2109 3110 2229 3166 τοῖς
2261 3102 2383 3160 δυσὶ
2437 3103 2720 3180 θαῤῥήσας
2768 3103 3059 3182 Θεόφιλος,
3115 3110 3195 3179 τῷ
3231 3125 3290 3160 τε
3342 3102 3611 3171 Μανουήλ
3671 3105 3762 3157 καί

2111 3200 2192 3266 τῷ
2247 3190 2530 3272 Θεοφόϐιρ,
2589 3193 2748 3266 ἔξεισι
2806 3196 2944 3251 κατὰ
2995 3199 3103 3250 τῶν
3164 3197 3506 3270 Ἀγαρηνῶν.
3563 3193 3760 3267 Ἐγγὺς

2117 3282 2177 3340 δὶ
2230 3285 2546 3359 γενομένων
2601 3283 2880 3355 ἀλλήλοις
2934 3290 3042 3340 τῶν
3103 3284 3521 3357 στρατευμάτων
3579 3280 3768 3351 ἐδέησε

2118 3373 2354 3451 βουλῆς.
2390 3376 2486 3430 Καὶ
2518 3375 2546 3429 6
2580 3375 2676 3447 μὲν
2716 3375 2987 3444 Μανουὴλ
3036 3375 3099 3430 ού
3144 3372 3352 3430 δίκαιον
3402 3370 3559 3448 ἔλεγε
3609 3374 3766 3447 βασι-

2115 3462 2211 3519 λέα
2265 3464 2555 3536 Ῥωμαίων
2615 3464 2751 3539 πρὸς
2804 3465 3202 3539 ἀμερμουμνῆν
3270 3460 3560 3535 πολεμεῖν,
3620 3460 3769 3517 ἀλλά

2109 3575 2230 3608 τινα
2299 3553 2462 3629 μέρος
2521 3549 2760 3609 λαϐόντα
2813 3559 2921 3609 τῶν
2978 3558 3301 3629 στρατηγῶν
3385 3551 3576 3623 ἐξιέναι
3632 3551 3770 3606 κατά

2109 3643 2404 3718 πρόσωπον
2431 3648 2541 3698 τῶν
2569 3644 2805 3719 ἐχθρῶν·
2839 3645 2868 3699 6
2899 3640 3176 3721 Θεόφοϐας
3208 3640 3267 3698 δὲ
3318 3643 3411 3697 καὶ
3462 3642 3623 3697 αὐτὸν
3672 3641 3764 3697 ἐπὶ

2111 3734 2460 3810 παρατάξεως
2489 3736 2624 3789 εἶναι
2671 3735 2763 3789 τὸν
2801 3732 3027 3810 βασιλέα
3078 3729 3361 3803 ἐϐούλετο,
3409 3732 3501 3788 καὶ
3547 3733 3761 3808 νύκτωρ

2111 3822 2461 3894 ἐπιθήσεσθαι
2490 3828 2609 3886 τοῖς
2639 3822 2864 3903 ἐχθροῖς
2899 3824 3034 3896 μετά
3080 3827 3179 3879 τοῦ
3227 3826 3453 3892 πεζικοῦ
3502 3817 3763 3876 συνεϐού-

2111 3910 2255 3985 λευε,
2289 3913 2735 3983 συνεπιθήσεσθαι
2769 3910 2847 3982 δὲ,
2880 3912 2969 3968 ὅτε
3010 3910 3212 3983 δεήσει,
3263 3912 3351 3967 καὶ
3399 3911 3463 3966 τὸ
3513 3912 3762 3968 ἱππικόν.

2109 4000 2267 4059 Ἀλλ’
2297 4002 2399 4057 οὐκ
2428 3996 2608 4057 ἔπεισε
2634 4003 2726 4057 τὸν
2758 4002 3007 4078 βασιλέα,
3038 3999 3271 4057 πολλῶν
3313 3999 3577 4056 εἰπόντων
3628 4021 3764 4054 σφε-

2106 4092 2407 4166 τερίζεσθαι
2464 4092 2555 4147 τὸν
2616 4086 2893 4168 Θεόφοϐον
2945 4091 3045 4160 τὴν
3097 4092 3209 4146 τῶν
3267 4090 3553 4163 Ῥωμαίων
3606 4086 3763 4159 δόξαν

2106 4181 2199 4236 καὶ
2231 4178 2323 4236 διὰ
2347 4184 2509 4235 τοῦτο
2538 4179 2831 4255 βούλεσθαι
2890 4179 2943 4236 ἐν
2992 4180 3146 4235 νυκτὶ
3203 4178 3498 4253 πολεμεῖν,
3550 4176 3768 4248 ’Ἑδοξεν

2110 4269 2202 4323 οὗν
2234 4269 2311 4330 εἰς
2336 4269 2645 4348 τούμφανὶς
2698 4270 2817 4341 μεθ’
2874 4270 3088 4345 ἡμέραν
3130 4267 3392 4344 συρῥάξαι
3448 4269 3542 4323 τὸν
3600 4263 3771 4321 πόλε-

2113 4380 2231 4431 μον.
2264 4360 2326 4416 Ὀ
2359 4359 2452 4432 μὲν
2486 4359 2579 4413 οὖν
2614 4359 3013 4433 ἀμερμουμνῆς
3066 4356 3367 4433 ἰμπραὴλ,
3415 4356 3523 4413 εἲτε
3576 4354 3770 4417 ἄλλως

2106 4446 2417 4517 καταλαζον
2469 4449 2752 4522 ευόμενος,
2785 4448 2896 4504 ε’ἰτε
2935 4445 3003 4517 δὴ
3034 4448 3125 4503 καὶ
3153 4450 3246 4503 τὸν
3299 4445 3528 4523 βασιλέα
3571 4445 3772 4519 κατορ-

2109 4533 2387 4611 ῥωδήσας,
2422 4537 2587 4610 μέρος
2642 4544 2743 4607 τῆς
2800 4542 3053 4614 στρατιᾶς
3103 4537 3268 4592 αὐτοῦ
3314 4530 3502 4591 λαϐὼν
3547 4534 3767 4610 ἀνεχώ-

2109 4647 2294 4702 ρησεν,
2328 4621 2682 4701 Ἀϐοὑζάχαρ
2740 4624 2799 4682 δέ
2852 4647 2974 4683 τινα
3027 4632 3134 4682 τῶν
3192 4627 3388 4682 ἑαυτοῦ
3444 4628 3772 4701 στρατηγῶν

2109 4717 2248 4792 πρὸς
2294 4737 2386 4773 τον
2444 4718 2580 4772 κατὰ
2643 4715 2915 4793 βασιλέως
2976 4716 3225 4792 πόλεμον
3289 4716 3426 4791 μετά
3490 4715 3772 4791 μυριάδων

2112 4806 2256 4862 ὀκτὼ
2288 4802 2679 4876 ἐξαπέστειλεν.
2739 4807 3091 4885 Ὲγγισάντων
3148 4805 3205 4862 δὲ
3256 4810 3369 4862 τῶν
3426 4804 3773 4880 στρατευμά-

2108 4901 2218 4952 τῶν
2248 4895 2340 4951 καὶ
2380 4894 2710 4969 συμπλοκῆς
2739 4897 3042 4972 γενομένης
3082 4895 3175 4951 καὶ
3219 4895 3448 4951 πολλῶν
3501 4894 3772 4964 ἑκατέρω-

2111 4999 2198 5053 θεν
2226 4991 2563 5057 πιπτόντων,
2601 4987 2763 5051 τέλος
2824 4983 3044 5044 ἔκλιναν
3102 4990 3156 5043 αἱ
3214 4985 3419 5062 σχολαὶ
3484 4985 3621 5060 μετά
3675 4986 3776 5040 τοῦ

2112 5076 2437 5153 δομεστίκου
2467 5082 2581 5151 (99)
2629 5079 2718 5134 καὶ
2774 5078 2914 5154 πρὸς
2967 5078 3262 5154 ὑπαγωγὴν
3311 5076 3655 5147 ἐκινήθησαν.
3711 5073 3775 5130 Ὀ

1561 5172 1929 5232 XYLANDRI
1967 5178 2055 5234 ET
2094 5180 2312 5235 GOARI
2359 5180 2586 5235 ΝΟΤΑΞ.

414 5266 540 5350 (99).
573 5265 714 5320 Cum
748 5266 959 5350 plures
1010 5266 1312 5350 iidemque
1374 5267 1527 5350 varii.
1568 5272 1998 5350 posterioribus

341 5336 577 5418 saeculis
602 5337 765 5418 apud
784 5338 1016 5418 Grmcos
1037 5336 1259 5418 fuerint
1278 5336 1609 5418 domestici.
1634 5343 1767 5418 quis
1789 5359 1996 5418 eorum

342 5406 439 5481 hic
470 5406 838 5481 intelligatur
867 5409 1112 5464 dubium
1148 5416 1255 5463 est.
1290 5411 1434 5464 Nam
1463 5406 1731 5481 quamvis
1774 5431 1877 5471 vox
1909 5414 1994 5471 δο-

346 5476 597 5546 μέστικσς
629 5478 785 5556 idem
810 5481 1099 5556 indicarit
1128 5482 1411 5556 prirnva
1442 5476 1708 5556 tempore
1732 5488 1889 5556 quod
1914 5489 1997 5542 οἱ·

340 5550 660 5628 :Earamoqﬁd
683 5551 969 5628 familiam
993 5553 1085 5606 vel
1107 5550 1275 5628 quasi
1300 5553 1373 5607 ad
1389 5550 1677 5628 familiam
1693 5550 1991 5628 spectans,

340 5617 622 5702 deinceps
649 5626 847 5702 tamen
877 5624 950 5702 ad
986 5617 1343 5702 praepositum
1390 5624 1579 5702 dapem
1627 5635 1685 5683 et
1725 5617 1994 5702 cujusvis

341 5690 569 5747 ordinis
591 5694 836 5762 primum
866 5690 1322 5769 signiﬁcandum
1354 5697 1683 5756 traductam
1711 5690 1876 5760 testis
1905 5712 1996 5763 est

2106 5279 2361 5334 Joannes
2391 5276 2534 5332 Citrl
2567 5277 2882 5349 episcopus
2906 5277 2966 5331 in
2996 5276 3152 5331 luris
3169 5274 3655 5349 Graeco-Romani
3679 5289 3771 5349 vo-

2104 5349 2463 5421 lumine:_'ll
2509 5344 2619 5401 τοῦ
2652 5344 2979 5421 δομέστίκου
3030 5346 3375 5421 προσηγορία
3422 5344 3566 5421 κατά
3611 5344 3772 5421 Λατί-

2103 5441 2226 5484 νους
2243 5422 2355 5505 κτξν
2390 5413 2734 5505 ἐξείρχοντα,⁷
2764 5420 2858 5505 τὸν
2907 5413 3380 5505 προηγούμ’ἑνον,.
3406 5417 3497 5505 τὸν
3548 5413 3779 5499 ἐπιστά-

2105 5513 2203 5561 την
2238 5489 2436 5556 δηλοῖ.
2465 5489 2613 5548 Hinc
2634 5494 2695 5547 in
2720 5489 2976 5548 ecclesia
2998 5489 3383 5547 choridextri
3409 5489 3776 5561 domesticus

2104 5560 2171 5621 ac
2204 5566 2427 5637 pariter
2450 5564 2707 5637 rsinistri,
2741 5581 2977 5619 necnon
3011 5563 3112 5619 alii
3140 5579 3151 5617 :
3190 5569 3248 5637 et
3287 5561 3449 5634 quod
3490 5560 3777 5637 militiam

2104 5632 2337 5704 attinet,
2373 5635 2753 5693 orientalium
2789 5638 3144 5703 thematum,
3176 5632 3329 5690 sicut
3356 5640 3414 5689 et
3432 5632 3780 5689 occidenta-

2100 5708 2270 5780 lium,
2304 5708 2650 5766 scholarum
2683 5707 2825 5766 item
2857 5707 3193 5775 domestici,
3228 5716 3296 5763 ιο
3314 5706 3557 5764 tandem
3571 5720 3780 5780 supre-
