4112 6464
274 465 428 531 1005

273 597 523 677 βασιλεὺς
548 592 606 652 δὲ

273 683 539 766 χιλιάδων
573 688 810 759 Περσῶν,
842 684 1141 758 προσόντος
1205 681 1389 744 αὐτοῖς
1447 684 1666 738 καὶτοῦ
1723 682 1930 760 Θεοφό-

273 774 388 848 ϐου,
420 776 509 833 ἐπί
555 797 672 832 τινα
733 776 931 851 βουνὸν
992 772 1191 843 ἄνεισι,
1245 773 1781 853 περιστουχισάντων
1808 771 1937 829 τοῦ-

276 888 364 922 τον
403 870 513 921 τῶν
565 869 924 940 Σαρακηνῶν.
986 863 1085 920 Καὶ
1150 861 1286 938 ἄχρι
1347 864 1446 935 μὲν
1504 862 1727 936 ἑσπέρας
1759 860 1935 920 πολὺς

275 956 340 1025 ἦν
367 956 393 1010 ὁ
418 955 542 1029 περί
572 953 751 1009 αὐτῶν
784 952 1054 1025 πόλεμος,
1084 956 1195 1007 τῶν
1252 953 1347 1025 μὲν
1384 949 1738 1021 ὶλπιζόντιυν·
1762 951 1933 1026 αίχμι

277 1047 489 1104 άλωτον
520 1050 711 1102 τοῦτον
776 1039 989 1114 λαϐεῖν,
1047 1047 1156 1099 τῶν
1209 1040 1268 1098 δὲ
1321 1044 1683 1117 ἀμυνομένων
1730 1042 1933 1116 καὶμὴ

279 1137 572 1217 προδοῦναι
599 1137 696 1193 τὸν
743 1133 976 1211 βασιλέα
1029 1133 1404 1209 ἀνεχομένων.
1466 1133 1560 1189 Διὸ
1592 1133 1786 1196 νυκτὸς
1815 1131 1936 1187 ἐπι-

282 1247 579 1305 γενομενης
636 1224 1027 1302 κατεσοφίσατο
1077 1225 1208 1286 τοὺς
1263 1224 1614 1299 Σαρακηνοὺς
1669 1223 1698 1278 6
1727 1222 1938 1300 Θεόφο-

279 1314 396 1386 ϐος,
426 1323 544 1379 τοῖς
577 1315 939 1392 στρατιώταις
987 1314 1445 1390 ἐγκελευσάμενος
1501 1313 1719 1390 κρότοις
1758 1323 1817 1367 τε
1847 1312 1936 1367 καὶ

278 1407 622 1481 ἀλαλαγμοῖς
654 1407 895 1482 χρῆσθαι
927 1404 1205 1479 κινιύραις
1234 1423 1294 1459 τε
1342 1404 1433 1459 καὶ
1463 1401 1700 1479 χορδαῖς
1734 1404 1814 1476 (1)
1846 1400 1937 1458 καὶ

281 1497 595 1573 σαλπίγγων
639 1500 848 1571 φωναῖς
902 1495 976 1557 ὡς
1033 1495 1180 1569 τάχα
1241 1492 1494 1569 βοηθείας
1553 1491 1737 1568 ἑτέρας
1768 1511 1939 1565 προσ-

279 1587 572 1666 γινομένης
603 1586 812 1648 αύτοῖς,
874 1589 1048 1643 Τοῦτο
1110 1586 1215 1660 γὰρ
1250 1582 1316 1654 δὴ
1349 1583 1438 1640 καὶ
1497 1583 1938 1645 ὑποτοπάσαντες

281 1679 330 1732 οἱ
361 1677 669 1752 Σαρακηνοὶ
716 1674 878 1749 μίλια
926 1669 977 1744 ἔξ
1034 1675 1401 1751 ὑπεχώρησαν
1434 1673 1510 1735 εἷς
1543 1671 1811 1743 τούπίσω,
1843 1671 1940 1727 κύ-

282 1765 484 1823 κλωσιν
553 1762 1069 1839 κατορρωδήσαντες
1111 1806 1122 1821 .
1210 1764 1366 1839 Ὅθεν
1444 1760 1626 1824 ἀδείας
1680 1759 1942 1837 τυχόντες

290 1861 487 1931 μικρᾶς
527 1856 579 1909 οἱ
624 1853 750 1928 περὶ
814 1855 908 1908 τὸν
958 1850 1188 1926 βασιλέα
1239 1855 1383 1926 φυγῇ
1443 1852 1788 1927 χρησάμενοι
1843 1850 1944 1917 τήν

289 1943 561 2018 σωτηρίαν
594 1941 1109 2018 ἐπραγματεύσαντο
1139 1941 1231 1995 καὶ
1291 1941 1427 2016 πρὸς
1485 1940 1547 1995 τὸ
1580 1936 1941 2017 διαπεφευγὸς
1974 1970 2018 2032 Β

290 2030 650 2108 στρατόπεδον
684 2029 1040 2102 διεσώθησαν.
1093 2033 1179 2105 [Ρ.
1440 2029 1807 2103 Μεμψάμενος
1845 2025 1938 2081 οὖν

288 2123 347 2177 τὸ
392 2119 744 2196 προδεδωκὸς
801 2117 1108 2193 στράτευμα
1169 2118 1329 2192 μόνον
1379 2120 1406 2172 6
1442 2115 1723 2194 βασιλεὺς,
1782 2113 1938 2171 οὐδὲν

290 2209 346 2266 δὲ
382 2209 551 2266 πλέον
582 2207 751 2290 ἄχαρι
782 2208 1004 2282 πράξας,
1057 2228 1249 2283 χαρισι
1302 2206 1391 2261 καὶ
1450 2207 1829 2285 διαφερούσαις
1856 2225 1938 2259 τι-

296 2306 418 2372 μαῖς
462 2299 593 2361 τοὺς
649 2299 776 2374 περὶ
832 2300 925 2354 τὸν
991 2293 1267 2375 Θεόφοϐον
1322 2297 1614 2371 ὲγέραιρεν.
1674 2295 1831 2352 Ὅθεν
1891 2292 1942 2347 οἳ

292 2394 488 2467 Πέρσαι
549 2391 777 2448 πλείονα
827 2393 918 2447 τὸν
965 2392 1132 2446 πόθον
1187 2391 1324 2465 πρὸς
1369 2391 1461 2445 τὸν
1518 2381 1793 2466 Θεόφόϐον
1849 2385 1941 2439 ἆν-

1420 457 1971 521 HISTORIARUM
2012 458 2168 521 COM
2180 463 2327 523 PEN
2337 464 2562 527 DIUM.

665 595 802 668 μετᾶ
851 601 950 664 τῆς
1012 593 1304 669 βασιλικῆς
1364 592 1650 673 φάλαγγος
1702 593 1791 648 καὶ
1825 591 1921 650 δᾶο

2054 615 2247 671 :apere
2283 601 2706 672 imperatorem
2737 606 3141 661 Romanorum
3175 609 3547 678 conantibus,
3580 614 3696 668 Ro-

3538 469 3695 532 1006

2043 690 2238 745 manis
2269 697 2478 747 contra
2515 709 2621 763 pro
2666 694 3026 766 imperatore
3064 695 3298 752 fortiter
3325 714 3697 773 propugnan~

2042 778 2220 833 tibus.
2289 781 2465 836 Nocte
2537 783 2691 840 facta
2749 786 3129 857 Tlieopholus
3191 787 3520 844 Saracenos
3575 796 3698 846 arte

2043 866 2283 939 delusit,
2342 871 2636 928 militibus
2685 875 2842 931 9‘24
2910 875 3189 933 mandato
3242 884 3308 933 ut
3368 884 3705 950 streperent

2042 962 2220 1028 atque
2279 960 2745 1032 conclamarent,
2799 965 3161 1037 sonitunque
3224 967 3588 1023 cithararum
3645 973 3704 1025 et

2044 1046 2401 1103 chordarum
2436 1048 2828 1122 tubarumque
2849 1053 3116 1120 ederent,
3146 1053 3321 1109 veluti
3344 1054 3700 1112 adventante

2044 1135 2189 1207 ipsis
2251 1137 2489 1195 aliunde
2541 1140 2828 1196 subsidio.
2874 1144 2944 1197 Et
2994 1143 3268 1200 Saraceni
3331 1144 3442 1200 hoc
3500 1145 3702 1217 ipsum

2046 1224 2175 1280 ﬁeri
2222 1228 2613 1298 suspicantes,
2646 1246 2721 1284 ne
2754 1230 2827 1286 ab
2858 1231 3126 1288 hosiibus
3165 1232 3699 1303 circumdarentur,

2046 1314 2119 1371 ad
2150 1332 2252 1371 sex
2275 1317 2467 1373 millia
2487 1335 2770 1389 passuum
2803 1329 3195 1378 recesserunt.
3218 1324 3546 1395 Imperator
3564 1341 3700 1380 cum

2046 1405 2170 1461 suis
2208 1407 2473 1478 periculo
2521 1409 2896 1481 aliquantum
2930 1412 3217 1469 sublevati
3265 1412 3403 1486 fuga
3451 1414 3702 1470 salutem

2045 1494 2391 1564 quaesivere,
2425 1500 2603 1568 atque
2633 1497 2708 1553 ad
2739 1499 3067 1555 exercitum
3091 1500 3193 1571 qui
3221 1500 3419 1573 fugam
3446 1518 3477 1557 e
3498 1502 3705 1574 prmlio

2046 1582 2268 1637 fecerat
2296 1591 2711 1655 pervenerunt.
2744 1588 2930 1652 Quem
2953 1588 3280 1661 imperator
3309 1589 3507 1646 verbis
3526 1591 3703 1646 modo

2047 1670 2122 1726 ob
2167 1672 2568 1744 proditionem
2617 1675 2942 1748 castigavit,
2995 1694 3191 1748 neque
3242 1679 3305 1734 in
3345 1696 3709 1752 quemquam

2048 1760 2256 1817 durius
2289 1762 2614 1834 quidquam
2655 1765 2899 1820 statuit:
2935 1767 3274 1839 Theopholo
3308 1773 3509 1825 autem
3542 1786 3710 1826 sum-

2048 1867 2208 1906 mam
2265 1852 2515 1924 gratiam
2581 1853 2993 1926 honoremque
3065 1856 3294 1912 habuit.
3350 1858 3531 1913 Auxit
3596 1858 3709 1914 hoc

2050 1939 2414 1996 desiderium
2454 1942 2716 1998 hominis
2749 1944 2813 1999 in
2843 1945 3158 2000 Persarum
3203 1946 3442 2011 animis,
3490 1947 3711 2019 suppli-

2050 2044 2264 2099 cesque
2293 2029 2364 2084 ab
2382 2030 2740 2102 imperatore
2764 2033 3203 2089 contenderunt
3231 2040 3297 2089 ut
3317 2035 3429 2090 sibi
3454 2037 3707 2092 seorsim

2050 2117 2198 2173 duce
2247 2119 2604 2190 Theophobo
2648 2120 2874 2176 bellum
2921 2122 2981 2177 in
3025 2126 3325 2195 Agarenos
3374 2124 3706 2196 mandaret,

2051 2212 2275 2262 certam
2314 2208 2565 2279 polliciti
2610 2210 2936 2267 victoriam.
2972 2213 3234 2277 Quorum
3265 2212 3458 2269 verbis
3490 2213 3707 2270 delini—

2052 2300 2148 2352 tus
2190 2296 2517 2368 imperator
2560 2300 2865 2355 neminem
2910 2307 3127 2373 praeter
3167 2302 3593 2374 Theophobum
3626 2304 3711 2360 eis

2054 2402 2309 2456 praeesse
2336 2386 2539 2443 voluit.

292 2487 488 2551 ἧπτον,
521 2482 607 2536 καὶ
644 2482 799 2555 μόνοι
835 2482 949 2554 μετ’
979 2480 1146 2536 αὐτοῦ
1176 2480 1269 2535 τὸν
1300 2478 1438 2534 κατᾶ
1463 2482 1572 2534 τῶν
1605 2478 1927 2552 Ἀγαρηνῶν
1983 2470 2307 2528 ὑποδύεσθαι
2354 2475 2602 2549 πόλεμον
2652 2476 3017 2548 καθικέτευον,
3056 2479 3144 2535 καὶ
3175 2481 3462 2554 τρέπεσθαι
3484 2479 3714 2546 τούτους

291 2574 699 2636 διεϐεϐαιοῦντο
754 2579 847 2634 τὸν
912 2577 1160 2655 βασιλέα.
1214 2579 1317 2634 Λιὸ
1374 2575 1468 2632 λαὶ
1516 2581 1633 2638 τοῖς
1684 2572 1875 2649 λόγοις
1920 2569 2098 2625 αὐτῶν
2149 2569 2639 2646 κατακηλούμενος
2688 2574 2717 2628 ὁ
2759 2573 3018 2649 βασιλεὺς
3051 2573 3243 2632 οὐδένα
3298 2574 3470 2634 ἄλλον
3528 2578 3715 2645 αὐτοῖς

291 2665 437 2723 ἆλλᾶ
469 2669 561 2724 τὸν
594 2662 871 2748 Θεόφοϐον
904 2665 1263 2744 ἡγεμονεύειν
1288 2659 1572 2723 ἐϐούλετο.

359 2792 452 2860 Τῷ
514 2786 560 2842 δ’
609 2786 811 2843 ἐπιόντι
861 2784 1091 2860 ἐνιαυτῷ
1156 2779 1315 2854 ἔξεισι
1375 2784 1539 2839 πάλιν
1594 2783 1622 2837 ὁ
1685 2777 1939 2856 βασιλεὺς

296 2877 428 2949 μετὰ
455 2881 568 2932 τῶν
617 2873 923 2950 δυνάμεων,
979 2874 1070 2930 καὶ
1126 2874 1264 2929 κατᾶ
1317 2874 1380 2929 τὸ
1438 2870 1748 2947 Χαρσιανὸν
1804 2890 1942 2941 συμ-

291 2965 525 3028 πλακεὶς
555 2970 673 3028 τοῖς
717 2967 1047 3043 Ἀγαρηνοῖς
1100 2963 1351 3038 τρέπεται
1407 2962 1638 3023 τούτους
1703 2959 1793 3015 καὶ
1845 2956 1944 3012 οὐκ

296 3057 522 3133 ὀλίγους
553 3059 860 3132 χειροῦται,
890 3054 1287 3131 αἶ’χμαλώτους
1335 3052 1626 3126 κατασχὼν
1668 3047 1803 3128 ἄχρι
1830 3052 1939 3103 τῶν

293 3145 631 3201 εἰκοσιπέντε
705 3140 1003 3221 χιλιάδων,
1086 3144 1178 3198 καί
1240 3142 1375 3215 μετᾶ
1445 3142 1601 3210 νίκης
1686 3136 1945 3212 λαμπρᾶς

292 3234 527 3293 ἐπάνεισι
579 3236 719 3312 πρὸς
775 3236 874 3304 τήν
944 3231 1377 3310 βασιλεύουσαν.
1437 3229 1688 3306 Έλήφθη
1749 3224 1806 3282 δέ
1860 3247 1942 3287 τις

2123 2783 2292 2835 Anno
2349 2782 2623 2852 sequenti
2681 2783 3038 2855 Theophilus
3098 2801 3336 2841 rursum
3395 2787 3597 2859 capias
3647 2788 3711 2846 in

2052 2869 2376 2926 Saracenos
2415 2871 2637 2940 eduxit,
2684 2889 2820 2929 cum
2866 2874 3058 2945 iisque
3105 2876 3261 2947 apud
3317 2877 3710 2935 Charsianum

2052 2975 2406 3032 congressus
2446 2977 2548 3016 eos
2578 2960 2751 3030 fudit,
2786 2968 2846 3018 et
2875 2964 2949 3019 ad
2984 2964 3191 3037 viginti
3223 2968 3489 3039 quinque
3521 2968 3713 3026 millia

2054 3048 2313 3118 eaptivos
2363 3048 2632 3117 abduxit,
2683 3049 3048 3124 domumque
3085 3053 3304 3110 illustri
3354 3057 3577 3128 potitus
3626 3060 3712 3114 vi-

2053 3136 2241 3193 ctoria
2291 3138 2491 3194 rediit.
2555 3141 2719 3195 Inter
2775 3142 3041 3212 captivos
3101 3143 3425 3200 Saracenos
3468 3147 3713 3218 quidam

2052 3228 2164 3283 fuit
2188 3245 2370 3284 manu
2400 3236 2711 3303 promptus
2755 3237 2815 3287 et
2844 3249 3131 3290 manuum
3171 3236 3435 3308 agilitate
3466 3238 3714 3295 celebris

299 3323 663 3400 αἱχμάλωτος
692 3328 801 3379 τῶν
850 3326 1176 3397 Σαρακηνῶν
1227 3320 1364 3376 κατᾶ
1401 3319 1564 3396 χεῖρά
1592 3338 1650 3372 τε
1679 3321 1946 3395 γενναῖοις

2064 3317 2387 3373 domestico
2448 3319 2788 3376 scholarum
2837 3329 3016 3378 notus
3065 3325 3315 3396 ejusque
3372 3328 3715 3385 testimonio

293 3416 378 3470 καί
412 3419 624 3495 χειρῶν
657 3413 849 3493 εὑφυῖᾳ
895 3412 1211 3486 ὀνομαίτὸς,
1242 3411 1301 3473 ’ὃς
1340 3409 1581 3485 γνωστὸς
1611 3429 1681 3475 ην
1710 3411 1792 3495 τῷ
1848 3410 1957 3495 τῷν

287 3493 518 3578 σχολιῖιν
583 3500 901 3577 δομεστικῳ
952 3501 1044 3557 καὶ
1112 3499 1470 3574 ἐμαρτυρεῖτο
1528 3497 1655 3572 παρ’
1690 3493 1852 3550 αὐτοῦ
1885 3494 1959 3557 ὡς

291 3591 376 3663 εἷή
410 3615 473 3649 τε
530 3591 703 3664 δεξιὸς
758 3592 881 3667 περὶ
940 3592 1040 3659 τήν
1099 3588 1360 3645 ἱππασίαν
1419 3588 1512 3643 καὶ
1569 3586 1644 3648 ὡς
1676 3585 1727 3640 ἐν
1759 3589 1837 3655 τῷ
1867 3586 1960 3638 ἱπ-

290 3687 561 3755 πάζεσθαι
614 3682 733 3738 δυσῖ
797 3680 986 3759 δόρασι
1041 3682 1334 3758 χρώμενος
1401 3678 1669 3753 ἐντέχνως
1709 3673 1836 3751 ἄγαν
1869 3675 1961 3730 καὶ

296 3775 516 3853 εὐφυῶς
576 3769 916 3831 καταϐάλλει
990 3772 1117 3835 τοὺς
1185 3769 1481 3832 ἐναντίους.
1533 3766 1675 3853 Ἐρεὶ
1744 3764 1801 3821 δὲ
1853 3760 1959 3821 ἔδει

300 3852 460 3940 ἐνίτῇ
493 3862 843 3940 ἱπποδρομίᾳ
887 3863 977 3919 τὸν
1030 3869 1131 3932 τῆς
1187 3861 1345 3930 νίκης
1403 3852 1672 3933 θρίαμϐον
1727 3855 1964 3911 ἐκτελεῖν

292 3954 388 4010 τὸν
421 3952 780 4028 δομὲστικον,
838 3957 1139 4029 προηγεῖτο
1175 3947 1230 4005 δὲ
1288 3947 1444 4010 οὗτος
1504 3950 1606 4002 τοῦ
1664 3940 1960 4019 θριάμϐου,

292 4045 633 4118 θεασάμενος
666 4043 694 4096 ὁ
728 4040 987 4118 βασιλεὺς
1041 4040 1202 4095 αὐτὸν
1263 4038 1500 4096 καὶτοῖς
1554 4032 1958 4118 ἐπαίνοιςᾼκλαο

287 4134 405 4202 nsi,
435 4115 623 4187 ἳππου
655 4115 1000 4200 τενέπιϐῆναι
1040 4127 1307 4193 ἐκέλευσε,
1339 4125 1430 4181 καὶ
1480 4122 1682 4198 δόρατα
1720 4115 1962 4178 λαϐόντα

287 4218 388 4278 δύο
440 4222 548 4292 τὴν
605 4220 880 4294 ἀριστείαν
932 4218 1022 4274 καὶ
1078 4216 1297 4298 εὐφυΐαν
1346 4216 1525 4289 ἁπάσῃ
1574 4218 1645 4287 τῇ
1683 4210 1843 4267 πόλει
1871 4212 1962 4265 ἒν-

282 4309 598 4386 δείξασθαι.
650 4312 860 4366 Τοῦτου
911 4307 969 4364 δὲ
1026 4309 1325 4384 γενομένου
1372 4305 1463 4361 καὶ
1511 4309 1639 4366 τοῖς.
1687 4299 1963 4376 ἀπειροτέ-

278 4421 403 4474 ροις
467 4398 659 4477 τέρψίν
714 4398 1058 4475 παρέχοντος
1106 4401 1176 4470 τῇ
1227 4397 1433 4472 ὁράσει,
1487 4391 1769 4469 Θεόδωρος
1799 4393 1827 4446 6
1858 4392 1958 4459 τὴν

276 4489 609 4565 ἐπωνυμίαν
664 4489 960 4565 Κρατερὸς,
1021 4489 1049 4543 ὁ
1106 4487 1198 4543 καὶ
1256 4486 1393 4561 μετὰ
1456 4483 1636 4561 βραχὸ
1691 4486 1792 4547 τῆς
1849 4485 1957 4536 τῶν

274 4580 456 4656 ἁγίων
525 4574 1028 4656 τεσσαρακονταδύο
1112 4596 1402 4652 μαρτυρων
1479 4573 1767 4649 φάλαγγος
1817 4569 1962 4648 ἀρχ-

2061 3407 2536 3476 commendatus,
2598 3410 2753 3466 928
2802 3419 2960 3482 quod
3031 3419 3088 3468 et
3142 3430 3324 3485 eques
3395 3418 3718 3489 praeclarus

2065 3501 2223 3552 esset
2277 3502 2335 3552 et
2384 3497 2543 3553 inter
2595 3499 2983 3569 equitandum
3029 3501 3258 3559 duabus
3297 3510 3472 3561 utens
3528 3507 3718 3564 hastis

2064 3585 2208 3641 scite
2257 3585 2580 3642 admodum
2635 3588 3001 3645 adversarios
3049 3590 3347 3664 dejiceret.
3398 3596 3541 3650 Cum
3581 3612 3718 3667 ergo

2065 3674 2427 3730 domesticus
2454 3676 2515 3730 in
2538 3676 2695 3732 circo
2717 3678 3089 3751 triumphum
3110 3681 3370 3737 victoria;
3389 3683 3518 3755 ejus
3544 3701 3717 3758 agere

2056 3762 2263 3835 jussus
2299 3769 2435 3819 ante
2467 3765 2731 3837 reliquos
2761 3766 3066 3823 hominem
3097 3769 3276 3826 istum
3308 3772 3570 3843 duceret,
3604 3775 3720 3830 im-

2063 3861 2304 3926 perator
2346 3857 2790 3914 laudationibus
2835 3859 2964 3931 ejus
2994 3861 3277 3918 inductus
3321 3881 3542 3936 equum
3575 3884 3719 3922 con-

2064 3944 2350 3999 scendere
2399 3945 2749 4016 duabusque
2790 3950 3047 4019 acceptis
3079 3950 3266 4006 hastis
3309 3954 3454 4009 artis
3495 3971 3615 4010 suae
3647 3973 3716 4013 ac

2062 4032 2421 4103 praestantiae
2467 4034 2772 4103 specimen
2814 4052 3013 4091 coram
3044 4038 3337 4095 universis
3369 4041 3543 4097 edere
3574 4060 3711 4100 eum

2054 4121 2258 4193 jussit.
2314 4121 2375 4175 ld
2419 4137 2554 4176 cum
2603 4122 2773 4177 ﬁeret
2818 4129 2878 4178 et
2919 4126 3319 4196 imperitiores
3372 4133 3710 4201 spectaculo

2063 4211 2523 4280 delectarentur,
2576 4211 2919 4268 Theodorus
2962 4222 3358 4286 cognomento
3411 4220 3708 4292 Craterus,

2063 4301 2112 4356 is
2145 4300 2246 4371 qui
2276 4317 2397 4355 non
2425 4300 2614 4355 multo
2646 4306 2779 4372 post
2800 4308 3141 4359 sanctorum
3165 4307 3559 4380 quadraginta
3589 4310 3706 4366 duo

2063 4394 2392 4461 martyrum
2438 4389 2700 4443 cohortis
2756 4391 3036 4463 princeps
3079 4399 3169 4448 est
3208 4394 3421 4467 factus,
3466 4401 3713 4471 propius

2064 4479 2188 4553 regi
2223 4484 2427 4534 astans
2471 4477 2839 4535 subsannare
2874 4483 3212 4553 Agarenum
3244 4485 3425 4542 istum
3468 4492 3527 4543 et
3555 4489 3715 4544 affir-

2062 4585 2227 4625 mare
2257 4566 2410 4622 nihil
2435 4566 2509 4622 ab
2535 4583 2604 4622 eo
2635 4567 2786 4625 forte
2820 4574 2922 4625 aut
2951 4572 3217 4629 terribile
3248 4574 3361 4648 agi.
3388 4576 3716 4650 Imperator

1496 4710 1859 4768 XYLANDRI
1897 4710 1984 4765 ET
2023 4707 2242 4765 GOARI
2280 4705 2507 4761 NOTAE.

269 4862 412 4901 mus
448 4844 730 4918 omnium
766 4842 935 4918 μέγας
982 4836 1331 4918 δομέστικος,
1365 4837 1523 4918 apud
1552 4834 1948 4918 Codinum_de
1980 4846 2026 4910 D
2057 4833 2502 4918 fipderatorum,
2536 4831 2730 4918 qualis
2780 4832 2889 4918 hic.
2924 4837 3242 4918 Persarum
3286 4839 3499 4918 ductor
3526 4842 3713 4918 "[1190-

269 4919 448 4974 Oflic.
487 4918 626 4971 Cur.
652 4903 937 4987 Constfic’.
973 4915 999 4969 1
1030 4903 1089 4987 εἰ
1119 4929 1286 4984 seqq.
1313 4903 1387 4987 ad
1403 4903 1946 4987 propositum._Pro
1980 4903 2019 4910 ”
2058 4904 2312 4987 phobus,
2345 4903 2453 4957 sub
2480 4918 2592 4987 sua
2620 4903 3032 4987 dispositione,
3074 4915 3158 4987 ut_
3166 4927 3305 4987 cum
3322 4913 3571 4987 imperii
3605 4915 3714 4987 No-

260 4988 660 5045 Orientalum
702 4976 1263 5043 Occidentaliumv'e'
1305 4976 1637 5039 theinatum
1668 4979 1947 5052 praefecto
2060 4976 2190 5032 titia
2222 4976 2451 5055 quuar,
2477 4980 2724 5030 teneret.
2760 4978 2902 5034 Vide
2934 4976 3089 5055 infra
3119 4976 3511 5055 Theophilum
3539 4986 3710 5054 fade-

266 5056 623 5130 δομεστίκου
644 5075 848 5114 vocem
871 5058 931 5113 in
953 5058 1235 5129 praesenti
1249 5056 1321 5111 ab
1344 5059 1583 5112 auctore
1605 5048 1951 5137 usurpatam
2058 5055 2220 5137 ratos
2240 5048 2817 5137 Δξριτιαεὲξιονιὲἐιιιείιιο
2849 5052 3099 5137 ‘agmina
3140 5048 3421 5137 lum-anis
3460 5048 3711 5137 ducibus

265 5118 399 5191 non.
448 5136 704 5196 asseret,
740 5131 829 5185 sui
863 5118 1097 5185 scholas
1126 5129 1432 5184 universas
1463 5142 1596 5181 cum
1628 5118 1807 5199 unico
1838 5123 1951 5176 hoe
2062 5118 2398 5199 suspicione
2458 5118 2518 5171 in
2563 5118 2988 5191 TheOphobﬁm
3039 5130 3213 5179 enata
3268 5126 3707 5199 subjicientem.

262 5203 620 5260 domestico
644 5193 707 5258 in
739 5202 1026 5280 conflictu
1042 5202 1293 5280 cessisse
1317 5196 1734 5280 observaverit.
1767 5196 1955 5264 Expo-
2060 5193 2345 5280 ϐολῇ-ιη
2368 5276 2489 5280 MU
2533 5261 2739 5280 AL“
2846 5263 2857 5273 .
3065 5265 3115 5280 η
3332 5269 3343 5280 ο

261 5277 487 5332 nenda
511 5276 713 5346 itaque
739 5274 828 5329 vel
851 5274 925 5328 de
957 5289 1171 5343 magno
1193 5271 1543 5351 domestico,
1575 5267 1758 5323 totius
1789 5261 1953 5351 exier-
2132 5262 2209 5351 (1.)
2240 5261 2495 5351 Minores
2514 5261 2782 5351 citharas
2802 5263 2946 5351 rsinIu
2979 5265 3231 5351 quidem
3251 5269 3485 5351 exiguo,
3506 5286 3713 5351 verum

264 5349 433 5405 citus
465 5348 583 5401 sub
615 5332 975 5417 imperatore
1015 5332 1186 5417 duce,
1218 5344 1310 5399 vel
1330 5342 1412 5417 _de
1444 5332 1950 5417 sol—arum_praito-
2060 5332 2340 5417 protenso
2372 5332 2700 5417 manubrio.
2727 5332 3119 5417 simultribus
3132 5332 3523 5417 _aut_quﬁ1que
3548 5342 3715 5396 chor-

260 5422 599 5475 rianarum
631 5406 973 5473 scholarum
998 5406 1298 5488 praefecto,
1327 5410 1651 5486 δομέστικος
1678 5406 1785 5488 τῶν
1821 5425 1951 5487 σχο-
2062 5406 2526 5488 disinstructas,
2558 5420 2835 5488 asperum
2867 5415 2927 5461 et
2954 5425 2999 5488 ο..
3020 5406 3714 5488 ωὶιὶιοτίξηοῃάΙὶ-οηιιω

259 5487 382 5546 λῶν
421 5507 629 5563 penes
662 5490 958 5544 codinum
990 5477 1215 5554 ὗοοδιο,
1265 5477 1457 5559 (έιῄιίε,
1492 5480 1799 5563 ιιιβεβριείι
1826 5477 1952 5563 ipse
2062 5478 2657 5563 emittentes'souum,
2692 5477 2896 5563 quales
2924 5479 3250 5563 etiamnum
3275 5483 3472 5563 hodie,
3513 5485 3715 5563 forsan

257 5580 311 5620 ο.
351 5546 524 5630 5,1n.
559 5564 648 5630 42,
679 5578 789 5633 par
812 5563 998 5617 ferme
1030 5546 1225 5614 fuerat
1255 5546 1357 5614 ac'
1382 5546 1580 5629 magni
1634 5546 1950 5633 domestici
2060 5567 2094 5605 a
2119 5549 2334 5633 Graecis
2375 5546 2513 5601 olim
2553 5556 2848 5633 aecep‘tasl,
2881 5550 3183 5633 incastris
3224 5546 3469 5633 animos
3487 5558 3715 5633 exhila-

254 5605 1003 5708 ᾗὸῖἑεὶἒεῖὲἱιῖῖιῖἴίέῦ
1028 5605 1951 5709 éEéiEitﬁiiuib'e‘ﬁieijiiigaa
2059 5620 2247 5709 r‘atui-i
2276 5621 2477 5674 Turcaa
2507 5605 2768 5690 pulsant,
2803 5605 3007 5697 λόρδας
3038 5624 3134 5680 hic
3162 5628 3394 5683 vocarie
3440 5629 3715 5686 existimo

251 5693 491 5765 inanas
529 5693 723 5760 solum
755 5705 1082 5783 satellitum
1106 5702 1353 5783 scholas
1388 5693 1667 5783 duceret,
1697 5693 1948 5783 φοιδερά-

254 5798 396 5843 τους
432 5781 671 5848 autem,
706 5782 940 5835 exteros
971 5775 1260 5832 nimirum
1308 5771 1452 5830 belli
1502 5771 1720 5839 socios,
1749 5781 1951 5825 comes

2060 5694 2239 5748 GOAR.
