4112 6440
405 437 559 500 1007

1778 427 2100 491 GEORGII
2142 426 2486 489 CEDRENI

3677 422 3824 485 £008

403 589 560 646 agre
590 571 653 628 id
677 571 858 640 ferre,
887 575 1311 641 Craterumque
1343 570 1748 625 effeminatum
1780 571 1839 622 et
1864 566 2049 621 evira-

2175 580 2305 653 ηγὸς
2338 581 2415 651 (2)
2438 577 2700 654 γεγονὼς,
2750 574 2994 644 πλησίον
3049 580 3130 648 τῷ
3181 572 3402 649 βασιλεῖ
3440 574 3723 649 παρεστὼς
3752 576 3826 647 ἐξ·

430 680 532 718 um
565 663 896 734 increpare,
921 662 1022 732 qui
1056 661 1171 716 taie
1196 666 1475 732 praestare
1498 661 1623 731 ipse
1654 657 1805 713 nihil
1834 660 2052 729 posset.

406 753 624 809 Contra
684 755 958 807 Craterus
1005 750 1235 805 duabus
1283 749 1468 805 hastis
1517 766 1579 804 se
1637 748 1868 803 nescire
1926 746 2050 801 uti:

403 860 599 913 neque
636 843 793 897 enim
827 841 937 895 hoc
971 840 1269 901 didicisse,
1296 839 1453 910 quod
1485 838 1579 894 his
1611 838 1783 910 nugis
1814 837 1875 892 in
1897 835 2055 891 bello

405 931 556 987 nihil
618 947 766 1002 opus
823 931 1013 996 foret;
1062 945 1124 984 se
1184 929 1287 984 Dei
1332 928 1553 984 auxilio
1603 927 1821 982 fretum
1879 926 2058 981 unica

404 1022 575 1076 hasta
617 1020 798 1075 istum
856 1036 1009 1090 equo
1068 1018 1543 1074 deturbaturum.
1595 1018 1921 1089 Imperator
1963 1016 2056 1070 his

400 1109 592 1165 verbis
649 1109 914 1163 irritatus
974 1125 1082 1180 per
1137 1122 1313 1163 suum
1363 1107 1552 1179 ipsius
1608 1111 1785 1177 caput
1826 1106 2054 1177 jurare,

400 1201 639 1255 Cratero
685 1215 751 1252 se
788 1198 970 1252 vitam
1017 1203 1379 1268 erepturum,
1433 1196 1550 1251 nisi
1595 1195 1874 1266 impleret
1901 1195 2056 1249 facto

400 1286 561 1359 quod
603 1286 796 1342 verbis
839 1286 1150 1356 jactasset.
1197 1288 1269 1341 Et
1309 1284 1651 1340 Theodorus
1685 1285 1886 1340 statim
1918 1300 2057 1339 con-

401 1393 612 1433 sceuso
643 1393 797 1448 equo
827 1376 1117 1447 hastaque
1148 1380 1385 1446 sumpta
1417 1391 1555 1430 cum
1604 1368 1897 1430 Saraceno
1940 1389 2063 1428 ma—

402 1483 549 1522 num
604 1466 931 1534 conseruit,
999 1465 1236 1536 citoque
1285 1481 1421 1520 eum
1472 1480 1625 1535 equo
1691 1463 2059 1536 praecipitem

405 1556 643 1628 dejecit.
703 1554 936 1611 Pudore
981 1555 1223 1626 quidem
1277 1556 1526 1610 alfectus
1565 1558 1657 1609 est
1714 1553 2061 1624 imperator,

407 1646 479 1701 ab
506 1645 779 1701 eunucho
819 1645 1119 1715 dejectum
1163 1660 1413 1699 cernens
1460 1644 1859 1699 Saracenum:
1906 1642 2056 1698 ε)ἳό

406 1738 608 1790 tamen
639 1739 698 1789 et
737 1734 1015 1790 virtutem
1064 1733 1325 1788 hominis
1357 1737 1669 1788 veneratus
1701 1737 1760 1787 et
1796 1748 1936 1786 suos
1974 1747 2059 1785 re-

402 1823 623 1879 veritus
685 1822 876 1879 amice
942 1822 1367 1894 compellatum
1436 1822 1745 1877 Craterum
1801 1820 2061 1875 vestibus

406 1912 652 1968 honoris
683 1928 863 1968 causa
892 1910 1151 1967 donavit.

2165 668 2496 739 εμυκτήριζε
2552 665 2643 720 τὸν
2702 665 3028 740 Ἀγαρηνὸν,
3101 660 3271 737 μηδὲν
3333 660 3575 740 ἀνδρεῖον
3610 666 3821 743 φάσκων

2257 753 2297 773 N‘
2522 752 2554 809 λ
2732 754 2745 771 \
2842 753 2865 808 ἐ
2907 752 2930 772 Ν
3056 752 3079 788 ,Ι
3332 757 3352 772 ν
3453 774 3465 785 .
3527 753 3543 773 \

2168 774 2308 827 μηοε
2337 774 2516 810 καταπ
2562 775 2783 824 ηκτικον
2870 772 3272 825 νοεικνομενον.
3355 760 3398 832 ῼ
3456 775 3543 807 και
3574 751 3820 828 χαλεπή-

2164 862 2255 902 νας
2287 842 2315 895 ὁ
2351 838 2627 917 βασιλεὺς
2684 838 2864 896 Ἀλλὰ
2911 840 2995 907 σὺ,
3030 840 3106 893 ὧν
3137 835 3412 914 θηλυδρία
3450 838 3541 894 καὶ
3581 837 3823 915 ἄνανὸρε,

2165 929 2384 985 δύνασαί
2443 952 2499 986 τι
2554 933 2803 985 τοιοῦτον
2859 927 3233 1005 ἐργάσασθαις
3307 922 3630 984 Ὑπολαϐὼν
3688 926 3746 984 δὲ
3799 931 3825 985 6

2164 1021 2456 1097 Κρατερός
2508 1044 2539 1073 ‹‹
2572 1022 2677 1077 Δύο
2711 1021 2833 1092 μὶν,
2879 1018 3126 1096 βασιλεῦ,
3165 1020 3242 1092 μὴ
3281 1019 3468 1093 μαθὼν
3503 1017 3639 1076 οὐδὲ
3673 1042 3825 1094 μετα-

2165 1109 2511 1185 χειρίσασθαι
2571 1107 2772 1185 δόρατα
2830 1106 3083 1182 δύναμαι·
3148 1105 3275 1164 οὐδὲ
3327 1109 3432 1184 γάρ
3492 1106 3546 1164 ἐν
3602 1109 3827 1183 πολέμῳ

2161 1199 2423 1271 τοιαύτης
2482 1198 2751 1280 φλυαρίας
2812 1199 2995 1274 χρεία·
3049 1196 3128 1253 ἐνὶ
3187 1194 3246 1252 δὲ
3314 1197 3670 1273 χρησάμενος
3731 1200 3823 1267 τὴν

2167 1286 2243 1350 εἷς
2284 1289 2414 1344 Θεὸν
2473 1290 2801 1359 πεποίθησιν
2850 1281 2968 1362 ἔχω
3019 1281 3243 1362 βεϐαίαν
3300 1287 3378 1349 ὡς
3427 1287 3717 1362 κρημνίσω
3770 1309 3828 1344 τε

2164 1376 2358 1431 τοῦτον
2390 1376 2483 1432 καὶ
2511 1381 2609 1432 τοῦ
2662 1377 2840 1432 ἳππου
2898 1369 3218 1433 καταϐαλῶ.
3255 1398 3283 1428 ο
3315 1375 3440 1430 Ἐπὶ
3479 1380 3559 1448 τῷ
3589 1373 3741 1451 λόγῳ
3772 1374 3828 1432 δὲ

2168 1466 2443 1539 θυμωθεὶς
2476 1467 2504 1521 6
2538 1463 2796 1543 βασιλεὺς
2851 1467 2889 1534 ἦ
2940 1465 3047 1539 μὴν
3108 1461 3277 1542 ἔφησε
3332 1464 3469 1519 κατὰ
3496 1470 3596 1534 τῆς
3636 1466 3827 1521 ἑαυτοῦ

2167 1552 2415 1632 κεφαλῆς
2470 1555 2563 1610 τὸν
2623 1553 2787 1630 ὅρκον
2846 1551 3155 1630 ἐπαγαγὼν,
3223 1551 3439 1626 θανάτῳ
3494 1552 3827 1628 παραδοῦναι

2167 1643 2263 1698 τὸν
2304 1644 2598 1721 Κρατερὸν,
2634 1642 2681 1698 εἰ
2732 1644 2808 1717 μὴ
2866 1640 2995 1705 τοὺς
3051 1640 3256 1718 λόγους
3315 1640 3393 1704 εἷς
3433 1636 3587 1718 ἔργον
3618 1643 3830 1718 ἀγάγοι.

2168 1728 2404 1795 Ἀναϐὰς
2453 1733 2549 1788 οὖν
2604 1732 2761 1795 εὐθὺς
2828 1732 2920 1787 τὸν
2967 1732 3140 1786 ἳππον
3178 1732 3207 1786 6
3238 1730 3521 1803 Θεόδωρος
3566 1732 3657 1787 καὶ
3702 1730 3828 1810 δόρυ

2174 1817 2361 1877 λαϐὼν
2422 1821 2784 1878 συνεπλέκετο
2815 1824 2898 1894 τῷ
2929 1821 3261 1897 Σαρακηνῷ,
3310 1819 3401 1875 καὶ
3458 1819 3509 1875 ἐν
3540 1821 3604 1876 οὖ
3640 1828 3831 1895 μακρῷ

2099 1897 2146 1962 Β
2173 1915 2254 1984 τῷ
2286 1910 2474 1990 χρόνῳ
2502 1915 2600 1967 τοῦ
2636 1912 2811 1967 ἳππου
2844 1910 3005 1966 αὐτὸν
3052 1911 3498 1985 κατεκρήμνισεν.
3553 1911 3825 1986 ’ῌσχύνθη

410 2000 505 2073 μὲν
556 1998 648 2054 οὖν
701 2001 729 2055 6
778 1997 1036 2074 βασιλεὺς
1084 1994 1564 2073 καταϐεϐλημένον
1620 1995 1748 2052 ίδὼν
1806 1996 1899 2053 τὸν
1958 2001 2276 2073 Σαρακηνὸν
2340 2000 2428 2056 ὑπ’
2477 1998 2679 2071 ἀνδρὸς
2733 1998 3026 2077 εὐνούχου,
3079 1998 3235 2072 ὅμως
3280 2001 3380 2070 τὴν
3430 2001 3627 2076 αρετὴν
3685 1999 3833 2058 αἰδε-

408 2089 550 2151 σθεὶς
582 2092 678 2144 τοῦ
710 2085 900 2163 ἀνδρὸς
934 2085 1092 2163 λόγῳ
1133 2109 1191 2144 τε
1239 2086 1733 2166 ἐφιλοφρονήσατο,
1775 2088 1865 2143 καὶ
1920 2087 2119 2150 στολὰς
2160 2089 2251 2144 καὶ
2300 2086 2623 2167 περιϐολὰς,
2655 2106 2755 2160 την
2797 2089 3090 2145 πιλιτείαν
3126 2086 3475 2162 αἰδούμενος,
3522 2086 3834 2166 ἐδιιιιρῆετειτο

411 2177 585 2252 αὐτῷ.

487 2270 633 2324 Vere
664 2268 835 2337 inito,
865 2268 1225 2339 Theophilus
1278 2284 1485 2323 rursus
1521 2267 1842 2323 contractis
1886 2269 2074 2339 copiis

410 2357 476 2412 in
520 2357 846 2413 Saracenos
890 2362 1107 2425 movet,
1153 2362 1424 2412 revocato
1466 2355 1539 2411 ab
1587 2356 1792 2412 exsilio
1843 2356 2075 2428 sibique

415 2448 698 2520 adjuncto
737 2452 945 2503 sancto
994 2446 1313 2504 Methodio.
1369 2446 1607 2502 Solebat
1650 2447 1763 2502 hoc
1809 2447 1871 2501 in
1900 2446 2075 2503 bellis

411 2536 702 2606 factitare,
738 2537 857 2593 sive
888 2553 1004 2608 quo
1029 2536 1157 2610 ejus
1180 2536 1549 2607 sapientiain
1570 2536 1774 2591 multis
1805 2536 2074 2593 obscuris

414 2632 591 2697 atque
633 2626 922 2682 intricatis
971 2626 1150 2681 rebus
1203 2625 1567 2696 explicandis
1615 2630 1904 2694 uteretur,
1954 2626 2073 2681 sive

406 2715 469 2771 id
516 2732 750 2784 cavens,
784 2732 861 2771 ne
904 2715 1298 2770 rebellionem
1331 2715 1381 2770 is
1412 2731 1475 2770 se
1522 2715 1768 2770 absente
1808 2716 2073 2786 aliquam

407 2806 733 2861 concitaret
782 2805 855 2860 ob
896 2821 1200 2860 sacrarum
1265 2805 1594 2878 imaginum
1638 2805 2070 2862 amolitionem.

408 2899 553 2952 Nam
587 2898 804 2953 civium
838 2899 938 2969 qui
981 2902 1151 2954 erant
1181 2898 1467 2970 praecipui
1503 2903 1680 2970 atque
1722 2914 1858 2970 erga
1886 2898 2072 2952 Deum

411 2986 517 3057 pii,
551 3003 765 3058 magno
791 2987 851 3041 in
875 2987 1099 3043 honore
1125 2987 1427 3044 habebant
1450 2987 1809 3042 Methodium
1834 3004 1846 3042 :
1872 2986 2073 3057 itaque

415 3091 551 3130 eum
586 3081 721 3147 post
759 3094 821 3131 se
853 3076 1194 3147 relinquere
1226 3076 1571 3148 imperatori
1593 3077 1931 3132 consultum
1951 3091 2073 3130 non

417 3163 749 3221 videbatur.
775 3165 1086 3221 Enimvero
1121 3171 1247 3221 tum
1275 3165 1596 3221 commissa
1634 3181 1829 3238 pugna
1862 3166 2072 3219 Isznae-

412 3255 578 3311 litica
598 3272 694 3311 res
722 3257 995 3329 superior
1014 3256 1145 3325 fuit,
1169 3257 1610 3328 imperatorque
1634 3257 2072 3311 circumventus

2263 2272 2343 2343 [Ρ.
2380 2270 2505 2342 5‘26]
2537 2266 2679 2340 Ἤδη
2714 2265 2773 2324 δὶ
2810 2271 2908 2324 τοῦ
2937 2263 3096 2343 ἔαρος
3146 2265 3569 2342 ὗπολάμποντος
3618 2239 3842 2346 δύνιιιμιν

2185 2354 2351 2412 πάλιν
2412 2358 2747 2433 ἡθροικὼςὸ
2780 2354 3047 2436 Θεόφιλος
3095 2350 3256 2429 ἔξεισι
3314 2357 3451 2413 κατὰ
3502 2362 3610 2414 τῶν
3668 2367 3840 2436 Σαρα-

2185 2450 2387 2517 κηνῶν,
2438 2446 2528 2501 καὶ
2583 2447 2672 2502 τὸν
2728 2445 2879 2502 ὅσιον
2940 2443 3207 2505 Μεθόδιον
3275 2443 3336 2501 ἐκ
3387 2453 3492 2517 τῆς
3550 2447 3839 2524 ὑπερορίας

2185 2535 2651 2609 ἀνακαλεσάμενος
2702 2537 2827 2611 εἶχε
2886 2536 3003 2609 μεθ’
3062 2537 3276 2606 ἑαυτοῦ,
3331 2536 3634 2611 εἰθισμένον
3692 2541 3842 2614 αὖτῷ

2184 2624 2235 2680 ἐν
2263 2630 2379 2686 τοῖς
2407 2621 2677 2699 πολέμοις
2716 2630 2881 2681 τοῦτο
2950 2631 3152 2696 ποιεῖν,
3185 2622 3295 2680 εἴτε
3349 2630 3447 2681 τοῦ
3475 2627 3655 2708 ἀσαφῆ
3686 2628 3840 2685 ἓνεκα

2182 2716 2273 2771 καὶ
2313 2713 2552 2778 πολλοῖς
2575 2714 2821 2790 ἄγνωστα
2862 2711 3105 2771 διαλύειν
3140 2711 3227 2769 διὰ
3283 2722 3384 2785 τῆς
3427 2713 3847 2793 ἐνυπαρχούσης

2182 2804 2328 2875 αὐτῷ
2386 2804 2575 2884 σοφίας
2610 2848 2625 2873 ,
2683 2805 2791 2860 εἷ’τε
2848 2805 2936 2859 καὶ
2997 2803 3378 2867 ἐπαναστάσεις
3437 2809 3848 2882 φυλαττόμενος

2182 2896 2310 2969 παρ’
2340 2893 2509 2949 αὐτοῦ
2534 2915 2682 2956 τινας
2733 2899 2920 2959 παθεῖν
2961 2890 3050 2947 διὰ
3105 2893 3197 2948 τὸν
3257 2893 3392 2949 κατᾶ
3420 2899 3527 2949 τῶν
3562 2895 3720 2959 θείων
3753 2896 3848 2952 καὶ

2184 2988 2391 3039 σεπτῶν
2453 2984 2675 3039 εἰκόνων
2734 2981 3001 3057 πόλεμοψ
3060 2981 3120 3037 οὐ
3180 2987 3392 3057 μικρῶς
3452 2984 3553 3060 γὰρ
3626 2982 3843 3042 ἐσέϐετο

2180 3074 2273 3130 τὸν
2309 3072 2475 3149 ἄνδρα
2505 3074 2569 3130 τὸ
2599 3077 2698 3143 τῆς
2732 3071 2951 3136 πόλεως
3010 3067 3256 3148 ἔκκριτον
3289 3072 3377 3128 καί
3431 3072 3705 3150 φιλόθεον.
3742 3076 3844 3131 Διά

2180 3185 2264 3219 τοι
2295 3168 2459 3221 τοῦτο
2491 3163 2581 3218 καὶ
2639 3163 2865 3218 κατόπιν
2900 3163 2994 3234 ἒᾷν
3052 3162 3212 3218 αὐτὸν
3271 3161 3370 3219 οὐκ
3423 3160 3664 3241 ἐφαίνετο
3697 3185 3839 3237 συμ-

3024 3250 3062 3271 ‘50

2182 3252 2344 3333 φέρον
2388 3258 2468 3327 τῷ
2512 3251 2750 3330 βασιλεῖ.
2810 3253 2962 3315 Τέως
3021 3251 3062 3307 δ’
3121 3251 3272 3325 ὅμως
3329 3253 3711 3325 συμπεσόντων
3740 3251 3845 3307 αλ·-

409 3361 562 3418 pene
595 3345 656 3401 in
700 3362 918 3401 manus
964 3346 1227 3402 hostium
1277 3346 1454 3402 venit.
1492 3346 1557 3401 ld
1589 3345 1895 3401 Manuelus
1940 3361 2064 3400 sen-

2191 3340 2390 3413 λήλοις
2449 3346 2555 3396 τῶν
2622 3340 3039 3417 στρατευμάτων
3078 3383 3092 3409 ,
3151 3340 3242 3396 καὶ
3307 3344 3416 3396 τῶν
3477 3341 3847 3414 Ἰσμαηλιτῶν

410 3436 587 3502 tiens,
622 3435 744 3490 dux
790 3435 1108 3502 exercitus,
1143 3436 1360 3492 animis
1392 3452 1637 3491 suorum
1681 3435 1947 3490 oratione
1980 3451 2077 3489 re-

409 3525 703 3592 collectis,
740 3524 900 3596 quod
932 3524 1414 3597 indignissimam
1457 3542 1582 3580 rem
1615 3524 1739 3579 fore
1775 3523 2076 3594 judicaret

412 3613 465 3667 ‘si
497 3612 803 3667 Romanus
851 3612 1174 3683 imperator
1205 3613 1277 3667 ab
1308 3613 1478 3668 hoste
1526 3619 1859 3683 caperetur,
1901 3611 2076 3667 auda-

409 3706 536 3755 cter
558 3699 885 3755 discrimen
907 3700 1113 3755 addiit.
1138 3702 1402 3772 Cumque
1417 3701 1490 3756 ad
1510 3701 1930 3772 imperatorem
1950 3718 2076 3773 per-

405 3791 665 3862 rupisset
696 3792 1010 3864 fatigatum
1051 3792 1180 3864 jam
1215 3798 1274 3847 et
1306 3791 1375 3846 de
1408 3791 1598 3847 salute
1631 3790 2071 3863 desperantem,

409 3885 611 3935 tamen
673 3886 1019 3937 causantem
1085 3882 1223 3955 fuga
1272 3898 1333 3936 se
1388 3898 1526 3936 suos
1573 3881 1825 3954 prodere
1886 3882 2068 3951 nolle,

408 3974 682 4029 hortatus
720 3979 811 4029 est
840 3973 925 4028 uti
969 3989 1029 4029 se
1070 3979 1422 4044 sequeretur
1455 3978 1781 4045 prasentem
1838 3974 2071 4045 iterque

410 4064 801 4135 aperientem.
842 4064 1164 4133 Postquam
1196 4061 1392 4133 ipsum
1425 4067 1839 4134 erumpentem
1871 4063 2063 4134 impe-

407 4159 579 4207 rator
609 4168 639 4206 e
669 4151 912 4224 vestigio
961 4150 1313 4206 subsecutus
1352 4151 1506 4206 926
1537 4168 1659 4206 non
1696 4157 1805 4217 est,
1852 4150 2069 4219 denuo,

408 4247 465 4296 et
497 4258 632 4296 cum
680 4258 756 4295 ne
807 4240 889 4296 sic
938 4240 1181 4311 quidem
1226 4241 1603 4312 Theophibus
1648 4247 2070 4322 sequerentur,

408 4331 651 4385 tertium
684 4348 975 4398 reversus,
1006 4338 1258 4386 mortem
1291 4336 1349 4385 et
1386 4330 1501 4386 nisi
1543 4331 1928 4387 comitaretur
1959 4331 2071 4385 mi-

406 4426 603 4490 natus,
639 4420 729 4474 vix
763 4419 1005 4476 tandem
1037 4420 1317 4492 prmsenti
1350 4419 1613 4491 periculo
1644 4420 1881 4491 eripuit.
1928 4419 2067 4474 Ideo

402 4508 733 4565 honoribus
766 4526 901 4565 eum
932 4507 1224 4580 donisque
1255 4508 1451 4580 dignis
1494 4509 1821 4580 imperator
1866 4525 2069 4564 remu-

407 4603 653 4652 neratus
699 4604 811 4666 est,
862 4597 1308 4654 benefactorem
1338 4615 1405 4654 ac
1436 4604 1799 4653 servatorem
1848 4598 2066 4654 fassus.

403 4690 696 4785 (Faeterum
726 4687 964 4742 invidias
991 4693 1155 4743 tanta
1186 4688 1270 4743 vis
1300 4688 1496 4743 fuitut
1526 4704 1632 4759 per
1660 4687 2056 4743 calumnisum
2089 4721 2133 4785 ο

408 4773 479 4829 de
500 4775 811 4845 majestate
841 4781 1116 4833 accusato
1152 4776 1420 4832 Manuelo
1446 4792 1748 4832 summum
1770 4777 2058 4832 creaverit

406 4865 758 4937 periculum.
811 4866 977 4932 Quod
1020 4867 1071 4921 is
1119 4867 1408 4936 sentiens,
1441 4872 1501 4923 et
1530 4869 1749 4923 certior
1801 4866 1993 4923 factus
2024 4882 2059 4921 a

406 4953 756 5011 ﬁdelissimo
788 4956 1067 5028 quodam,
1091 4956 1193 5027 qui
1224 4956 1547 5028 aliquando
1579 4957 1693 5029 ipsi
1718 4957 2055 5024 serviverat,

405 5048 548 5100 tunc
595 5050 795 5101 autem
856 5046 1202 5118 imperatori
1252 5051 1378 5101 erat
1421 5064 1455 5102 a
1500 5047 1751 5118 poculis,
1804 5047 1931 5103 fore
1991 5050 2058 5100 ut

404 5134 591 5189 oculis
622 5134 694 5189 ab
726 5134 837 5190 hoc
866 5135 1216 5206 privaretur,
1251 5135 1647 5191 defectionem
1692 5142 1941 5190 conatus
1966 5140 2058 5190 est

401 5223 755 5295 transiitque
785 5223 861 5278 ad
907 5231 1232 5292 Agarenos.
1267 5227 1506 5298 Magnus
1537 5225 1717 5280 etiam
1759 5224 1917 5295 apud
1945 5225 2055 5277 hos

395 5311 510 5367 fuit
537 5329 606 5368 ac
656 5330 925 5368 summus
967 5313 1298 5370 honoribus
1341 5316 1608 5370 affectus.
1659 5314 1805 5369 Nam
1838 5328 2051 5385 magno

397 5401 753 5458 instructum
801 5405 1064 5460 exercitu
1108 5406 1359 5477 Agareni
1400 5405 1696 5460 miserunt
1734 5409 1942 5459 contra
1970 5404 2050 5458 vi-

398 5491 564 5548 cinos
595 5509 734 5548 suos
760 5494 980 5565 hostes,
1014 5495 1114 5566 qui
1146 5501 1430 5552 vocantur
1458 5496 1766 5551 Cermataa.
1807 5496 2051 5550 Manne-

2183 3431 2620 3508 ὑπερτερούντων
2656 3474 2671 3501 ,
2722 3429 2998 3485 κύκλωσιν
3073 3430 3277 3500 ὑπέστη
3338 3431 3367 3484 6
3438 3429 3698 3503 βασιλεὺς
3752 3430 3848 3486 καὶ

2180 3516 2289 3590 ἤδη
2324 3518 2610 3594 ἁλώσιμος
2637 3519 2725 3589 ἦν.
2759 3521 2827 3576 ’Ό
2878 3516 2945 3590 δὴ
3004 3520 3095 3574 καὶ
3159 3518 3340 3593 μαθὼν
3378 3517 3644 3588 Μανουὴλ
3680 3520 3708 3574 6
3740 3524 3846 3576 τοῦ

2182 3614 2417 3684 στρατοῦ
2476 3608 2835 3683 ἐξηγούμενος
2871 3655 2886 3678 ,
2946 3608 3037 3663 καὶ
3099 3605 3268 3664 δεινὸν
3335 3607 3690 3683 ἡγησάμενος
3749 3606 3850 3664 δο-

2181 3697 2462 3774 ρυάλωτον
2499 3696 2727 3775 βασιλέα
2784 3697 3074 3770 Ῥωμαίων
3105 3694 3262 3768 ἰδεῖν,
3323 3697 3449 3761 τοὺς
3508 3698 3634 3773 περί
3679 3697 3849 3753 αὐτὸν

2180 3786 2541 3863 ἀναθαρρύνας
2596 3787 2767 3862 είσῂει
2828 3787 2962 3860 μετὰ
3012 3787 3247 3863 θάρσους
3294 3788 3386 3842 τὸν
3441 3784 3713 3843 κίνδυνον.
3750 3788 3851 3853 Ὠς

2180 3877 2226 3934 δ’
2259 3877 2378 3952 εὗρε
2406 3878 2651 3952 καμόντα
2689 3879 2782 3932 τὸν
2846 3875 3075 3953 βασιλέα
3131 3877 3220 3932 καὶ
3271 3878 3371 3945 τὴν
3425 3877 3698 3953 σωτηρίαν
3734 3878 3845 3933 άπ-

2179 3968 2474 4044 εγνωκότα,
2517 3966 2993 4046 προφασιζόμενον
3041 3964 3099 4021 δὲ
3133 3966 3210 4039 μή
3255 3964 3547 4042 βούλεσθαι
3580 3967 3672 4021 τὸν
3705 3964 3849 4022 λαὸν

2178 4059 2444 4135 φεύγοντα
2525 4054 2866 4112 καταλιπεῖψ
2943 4057 3074 4130 Ἀγε
3140 4052 3206 4125 δὴ
3239 4099 3253 4125 ,
3317 4056 3482 4131 φησὶν
3517 4099 3533 4127 ,
3594 4057 3638 4110 ὧ
3694 4056 3859 4131 βασι-

2178 4146 2297 4213 λεῦ,
2329 4145 2462 4202 ἕπου
2497 4167 2592 4219 μοι
2622 4142 3090 4221 προπορευομένῳ
3141 4144 3233 4199 καὶ
3292 4146 3392 4215 τὴν
3454 4142 3579 4200 ὁδόν
3630 4167 3719 4199 σοι
3753 4144 3855 4200 εύ-

2178 4236 2415 4313 ρύνοντι.
2453 4240 2600 4297 »Ὡς
2659 4232 2705 4289 δ’
2769 4236 2796 4290 6
2858 4232 3124 4305 Μανουήλ
3191 4233 3357 4310 ἐξῄει,
3410 4235 3438 4290 6
3494 4233 3754 4310 βασιλεὺς
3788 4231 3857 4290 δὲ

2176 4327 2539 4401 κατεπτηχὼς
2572 4324 2681 4403 οὐχ
2729 4323 2933 4393 εἵπετο,
2966 4323 3133 4379 πάλιν
3167 4324 3226 4379 ἐκ
3256 4322 3507 4401 δευτέρου
3568 4322 3851 4399 ὑποστρέ-

2176 4420 2271 4491 ψαι
2304 4415 2641 4490 ἠναγκάσθη.
2684 4415 2773 4476 Ὧς
2816 4409 2873 4468 δὲ
2928 4414 3022 4468 καὶ
3080 4411 3248 4468 πάλιν
3292 4415 3597 4490 ἠστόχησε,
3629 4413 3693 4468 τὸ
3722 4415 3854 4489 τρί-

2174 4527 2266 4561 τον
2325 4502 2672 4582 ἐπιστραφεὶς
2726 4502 2956 4567 θάνατον
3008 4503 3311 4575 ἠπείλησεν
3381 4502 3431 4558 εἷ
3493 4505 3568 4576 μή
3619 4499 3850 4575 ἕποιτο,

2172 4595 2259 4650 καὶ
2296 4592 2469 4656 οὕτως
2497 4592 2597 4666 ὀψὲ
2639 4591 2731 4646 καὶ
2793 4590 2958 4666 μύλις
3011 4596 3109 4648 τοῦ
3148 4589 3400 4647 κινδύνου
3461 4590 3704 4648 διέσωσε.
3743 4592 3855 4649 Διό

2172 4688 2364 4759 τιμαῖς
2391 4687 2583 4738 τοῦτον
2613 4680 2882 4754 ἀνταξίοις
2936 4679 3261 4750 ἐδεξιώσατο
3317 4682 3410 4736 καὶ
3453 4679 3684 4756 δωρεαῖς
3722 4679 3855 4737 ἐθε-

2169 4777 2454 4851 ράπευσεν,
2510 4769 2793 4848 εὖεργέτην
2876 4770 2968 4825 καὶ
3027 4777 3250 4846 σωτῆρα
3305 4769 3622 4827 ἀποκαλῶν·
3678 4768 3857 4827 Ἀλλ’

2168 4865 2196 4919 6
2229 4863 2422 4941 φθόνος
2473 4857 2667 4936 ἴσχυσε
2723 4858 2862 4916 κατᾶ
2917 4863 3014 4915 τοῦ
3070 4860 3327 4916 τοιούτου
3383 4856 3603 4935 ἀνδρὸς,
3634 4858 3727 4915 καὶ
3761 4859 3855 4923 εἰς

2165 4952 2491 5009 καθοσίωσιν
2527 4949 2586 5005 ἐκ
2628 4946 2912 5025 λοιδορίας
2961 4947 3337 5026 κατεγκλήθη.
3372 4950 3528 5007 ’Όθεν
3576 4950 3668 5005 καὶ
3718 4947 3852 5004 κίν-

2166 5041 2324 5097 δυνον
2379 5040 2441 5095 οὒ
2503 5039 2698 5114 μικρὸν
2776 5036 2955 5111 ἐαυτῷ
3040 5037 3416 5116 ἐνηργημένον
3474 5040 3858 5111 κατανοήσας,

2164 5133 2254 5189 καὶ
2287 5130 2376 5187 διά
2421 5150 2571 5192 τινος
2621 5132 2730 5183 τῶν
2797 5126 3141 5183 πιστοτάτων
3190 5127 3669 5204 πληροφορηθεὶς,
3700 5125 3859 5182 δού-

2164 5220 2267 5277 λου
2300 5221 2393 5294 μὲν
2434 5218 2725 5296 γεγονότος
2783 5216 2948 5273 αὐτοῦ
3010 5216 3396 5292 οἶνοχοοῦντος
3456 5213 3514 5272 δὲ
3568 5217 3693 5272 τότε
3752 5219 3850 5289 τῷ

2165 5313 2386 5388 βασιβεῖ
2441 5305 2697 5385 Θεοφίλῳ
2762 5307 2840 5369 ὡς
2920 5305 3122 5380 μέλλοι
3196 5311 3389 5363 τοῦτον
3455 5304 3851 5383 ἀποτυφλοῦν,

2161 5398 2493 5457 ἀποστασίαν
2550 5394 2737 5469 τολμᾷ
2792 5396 2882 5451 καὶ
2954 5397 3090 5472 πρὸς
3147 5397 3481 5473 Ἀγαρηνοὺς
3543 5396 3853 5471 μετατίθε-

2159 5513 2269 5562 ται,
2307 5491 2474 5565 μέγας
2501 5487 2593 5543 καὶ
2623 5488 2749 5562 παρ’
2797 5485 2982 5550 αὐτοῖς
3037 5484 3222 5566 ὀφθεὶς
3279 5486 3371 5543 καὶ
3432 5486 3711 5564 μεγίσταις
3742 5506 3852 5542 τι·-

1617 5592 1994 5649 XYLANDRI
2022 5594 2109 5649 ET
2139 5592 2355 5649 GOARI
2386 5590 2609 5646 NOTAE.

471 5711 552 5783 (2)
585 5711 716 5766 Alio
746 5714 985 5774 nomine
1013 5716 1375 5790 τουρμάρχης
1406 5716 1478 5772 de
1511 5732 1627 5789 quo
1676 5716 1981 5791 Rigaltius.
2043 5718 2164 5775 Hoc
2208 5718 2409 5774 autem
2462 5713 2531 5768 42
2593 5716 2919 5786 martyrem
2972 5726 3186 5787 agmen
3218 5727 3291 5769 ex
3344 5710 3649 5771 Armeniis
3678 5715 3855 5770 erat.

406 5781 582 5838 eoin.
