4112 6416
283 406 448 473 1009

289 544 427 615 μαῖς
480 539 707 616 γεραιρό
716 558 897 613 μενος.

289 629 498 698 πολὺν,
537 629 632 686 καὶ
658 630 797 684 κατὰ
825 634 935 685 τῶν
985 631 1377 706 γειτονούντων
1440 629 1676 707 ἐχθρῶν,
1733 629 1785 686 ο¹ί
1814 629 1959 685 οὕτω

290 719 361 791 δὴ
403 721 684 796 Κερμάται
741 720 1069 786 καλοῦνται,
1125 721 1400 802 ἐπέμφθη.
1461 724 1561 785 ’Ός
1596 720 1804 795 μηδένα
1839 721 1957 778 ἓτε-

292 831 392 882 ρον
426 807 648 866 ἕπεσθαί
682 811 734 866 οἱ
767 809 1029 881 θελήσας,
1062 810 1190 867 ἀλλ’
1246 812 1281 881 ἢ
1343 811 1508 884 μόνον
1536 811 1666 873 τοὺς
1698 811 1749 867 ἐν
1784 810 1960 888 φυλα-

292 905 418 963 καῖς
447 898 875 976 καθειργμένους
925 899 1235 974 Ῥωμαίους
1294 900 1442 973 αὐτῷ
1491 902 1957 976 συστρατεύεσθαι,

295 989 455 1052 νίκας
515 988 771 1063 μεγίστας
825 989 917 1044 καὶ
995 988 1296 1051 καλλίστας
1355 989 1643 1065 ἠνέγκατο,
1729 990 1801 1052 ὡς
1866 990 1957 1045 καὶ

296 1078 433 1135 αὐτὸ
466 1078 529 1132 τὸ
560 1072 864 1152 λεγόμενον
896 1079 1161 1152 Χωροσάν
1219 1077 1673 1154 ἐκπολιορκῆσαι.
1707 1078 1784 1136 Οὐ
1852 1079 1955 1155 γὰρ

295 1168 465 1242 μόνον
494 1167 558 1223 τὸ
592 1168 710 1222 κατ’
744 1164 964 1243 ἀνδρίαν
1023 1164 1276 1243 διαφέρον
1324 1166 1585 1240 ἐξέπληξε
1620 1169 1750 1233 τοὺς
1800 1167 1958 1224 ἐναν-

292 1256 468 1325 τίους,
500 1254 648 1312 ἀλλὰ
678 1256 766 1310 καὶ
825 1258 860 1325 ἠ
914 1262 1015 1325 τῆς
1071 1252 1356 1312 διαλέκτου
1400 1255 1730 1334 παραλλαγὴ
1789 1258 1878 1311 καὶ
1917 1259 1954 1326 ἡ

290 1350 405 1401 τῶν
436 1345 745 1420 σχημάτων
781 1340 1066 1418 μεταϐολὴ
1096 1344 1185 1401 καὶ
1235 1348 1270 1416 ἡ
1323 1350 1421 1402 τοῦ
1476 1343 1730 1420 πολέμου
1776 1348 1952 1422 παρά-

293 1433 449 1508 δοξος
491 1432 766 1511 ἐξαλλαγὴ
826 1434 904 1497 εἷς
964 1431 1171 1490 δειλίαν
1225 1433 1286 1490 οὐ
1339 1437 1438 1506 τὴν
1493 1439 1770 1511 τυχοῦσαν
1828 1457 1954 1491 συν-

295 1522 473 1594 ήλασε
505 1524 633 1586 τοὺς
664 1521 994 1596 πολεμίους.
1027 1523 1126 1581 Καὶ
1157 1522 1219 1579 οὗ
1251 1522 1387 1579 κατὰ
1438 1528 1548 1579 τῶν
1603 1522 1816 1600 ἐχθρῶν
1851 1523 1955 1597 μό·-

290 1633 385 1667 νον
446 1612 619 1674 οὕτως
682 1610 839 1690 ὤφθη
899 1617 1172 1689 γενναῖος,
1221 1610 1369 1669 ἀλλά
1422 1613 1511 1669 καὶ
1568 1613 1705 1670 κατά
1743 1612 1950 1687 θηρίων

295 1701 501 1776 ἀγρίων
558 1702 985 1776 πημαινομένων
1044 1703 1145 1772 τὴν
1200 1702 1389 1779 χώραν
1452 1699 1766 1777 ἠνδρίσατο.
1844 1701 1950 1759 Καὶ

298 1790 561 1868 μεγάλων
592 1789 766 1853 α“ίτιος
801 1790 989 1855 αὐτοῖς
1017 1790 1202 1848 καλῶν
1236 1793 1471 1870 γεγονὼς
1526 1793 1675 1867 αὐτῷ
1723 1814 1781 1849 τε
1810 1795 1948 1869 ἠγα-

1475 407 2021 472 HISTORIARUM
2068 408 2226 470 CDM
2240 409 2616 472 PENDIUM.

984 539 1224 613 Στρατόν
1281 560 1341 598 τε
1413 541 1518 617 γὰρ
1602 540 1946 612 ἐνεπιστεύθη

2064 539 2158 597 lus
2187 541 2336 597 alios
2367 559 2547 613 quam
2576 544 2875 598 Romanos
2895 541 2996 613 qui
3027 540 3241 612 captivi
3290 542 3353 596 in
3374 542 3718 599 carceribus

3555 407 3731 470 1010

2064 631 2505 698 detinebantur,
2530 632 2746 687 ducere
2769 631 2996 687 noluit:
3022 632 3235 687 horum
3266 632 3531 686 exercitu
3554 650 3719 688 com-

2062 723 2256 794 posito
2300 738 2544 794 magnas
2594 722 2978 793 illustresque
3039 720 3364 793 reportavit
3419 719 3722 790 victorias,

2064 818 2124 869 et
2152 813 2347 885 ipsum
2380 828 2617 884 quoque
2637 813 3037 867 Chorosanem
3060 811 3314 884 (castelli
3345 812 3458 867 hoc
3480 812 3723 881 nomen)

2064 902 2437 974 expugnavit.
2471 903 2595 957 Non
2629 902 2791 957 enim
2824 902 3041 970 insigni
3104 906 3337 956 tantum
3369 900 3722 956 fortitudine

2063 1010 2171 1048 sua
2205 999 2492 1048 terrorem
2538 991 2809 1047 hostibus
2869 992 3092 1062 intulit,
3153 993 3255 1048 sed
3307 997 3365 1046 et
3423 990 3721 1046 sermonis

2061 1084 2319 1139 novitate
2375 1100 2443 1138 ac
2511 1082 2747 1136 habitus
2804 1087 2861 1136 et
2919 1081 3063 1136 belli
3150 1083 3354 1138 formm
3413 1081 3722 1153 inopinata

2060 1173 2391 1228 mutatione
2422 1189 2542 1227 non
2576 1172 2638 1226 in
2671 1188 2915 1242 parvum
2948 1188 3050 1227 eos
3076 1179 3303 1228 metum
3334 1170 3715 1241 conjiciebat.

2060 1266 2258 1332 Neque
2288 1261 2607 1317 adversum
2641 1261 2844 1316 hostes
2876 1260 3050 1317 modo
3107 1267 3347 1316 strenue
3405 1276 3466 1314 se
3515 1259 3717 1331 gessit,

2063 1351 2167 1407 sed
2190 1354 2249 1406 et
2277 1355 2486 1405 contra
2536 1349 2693 1405 feras
2751 1350 3058 1423 regionem
3096 1367 3227 1405 eam
3284 1353 3603 1405 vastantes.
3650 1349 3721 1402 Et

2058 1440 2132 1496 ob
2165 1440 2353 1495 multa
2381 1439 2537 1494 bona
2567 1455 2699 1510 quas
2725 1439 2874 1495 9‘27
2903 1438 2975 1494 ab
3007 1456 3074 1494 eo
3107 1456 3386 1511 accepere
3419 1438 3718 1504 Saraceni,

2058 1546 2298 1586 summe
2336 1529 2553 1584 charus
2586 1528 2841 1599 principi
2871 1544 3077 1583 eorum
3110 1545 3177 1583 ac
3208 1527 3554 1601 proceribus
3584 1526 3717 1585 fuit.

2056 1623 2191 1677 Haec
2246 1619 2606 1690 Theophilus
2662 1635 2800 1674 cum
2870 1624 3282 1692 cognosceret,
3342 1634 3598 1691 gravem,
3657 1631 3726 1679 ut,

2050 1728 2159 1784 par
2193 1714 2341 1778 erat,
2384 1708 2724 1765 molestiam
2771 1709 2959 1764 sensit
2991 1726 3005 1776 ;
3039 1716 3224 1781 utque
3280 1707 3615 1764 Manuelum
3648 1704 3723 1762 ad

2058 1817 2121 1857 se
2152 1799 2484 1865 reduceret,
2535 1797 2685 1852 nihil
2744 1799 3106 1853 intentatum
3136 1798 3399 1868 reliquit.
3458 1797 3719 1853 Tandem

291 1883 445 1952 πήθη
481 1878 847 1960 διαφερόντως
878 1886 957 1954 τῷ
1009 1878 1235 1957 ἄρχοντι
1290 1885 1398 1937 τῶν
1459 1886 1790 1958 Σαρακηνῶν
1857 1882 1946 1939 καὶ

2063 1906 2245 1963 opera
2274 1887 2586 1960 cujusdam
2619 1887 2919 1956 monachi,
2979 1886 3186 1958 quales
3245 1887 3386 1942 hinc
3415 1886 3555 1943 inde
3613 1904 3720 1958 per

287 1971 360 2041 τῇ
420 1967 680 2043 γερουσίᾳ
734 1969 935 2027 αὐτῶν.
989 1971 1076 2043 [Ρ.
1127 1971 1254 2044 527]
1314 1973 1493 2026 Ταῦτα
1575 1972 1859 2044 μανθάνων
1920 1973 1949 2027 6

289 2056 585 2137 Θεόφιλος,
607 2058 682 2120 ὡς
710 2058 859 2121 εἰκὸς
888 2058 985 2133 ἦν,
1012 2060 1227 2130 ἠνιᾶτο,
1286 2060 1378 2114 καὶ
1434 2059 1608 2117 πάντα
1652 2059 1807 2116 λίθον
1839 2060 1947 2118 ἐκί-

285 2168 366 2203 νει
398 2147 475 2210 ὡς
505 2145 566 2203 ἃν
602 2147 698 2203 τὸν
750 2144 921 2221 ἄνδρα
983 2147 1434 2222 μετακαλέσοιτο.
1495 2151 1589 2206 Διὸ
1641 2151 1732 2207 καὶ
1786 2173 1949 2208 σταυ-

289 2234 387 2310 ρὸν
419 2234 509 2291 καὶ
542 2232 963 2311 χρυσόϐουλλον
998 2235 1088 2293 διά
1126 2258 1274 2302 τινος
1308 2237 1548 2316 ἀγύρτου
1582 2244 1831 2316 μοναχοῦ
1861 2240 1948 2296 ἐκ.

292 2323 499 2396 πέμπει
530 2329 605 2400 (3)
634 2330 713 2399 τῷ
752 2326 1043 2398 Μανουήλ,
1096 2326 1501 2403 ἐκκαλούμενος
1556 2328 1950 2404 ἐπαναστρέψαι

291 2413 387 2469 καί
447 2420 614 2470 πᾶσαν
658 2416 962 2489 ἀμνηστίαν
1018 2422 1198 2473 κακῶν
1257 2419 1406 2491 αὐτῷ
1456 2422 1821 2495 χαριζόμενος
1878 2417 1949 2476 δι’

288 2501 491 2561 αὐτῶν.
521 2503 588 2559 ’Λ
620 2500 687 2571 δή
719 2503 949 2577 κομίσας
998 2505 1027 2558 6
1085 2503 1330 2581 εἰληφὼς
1388 2505 1464 2568 εἰς
1517 2505 1710 2582 χεῖρας
1765 2505 1945 2571 λαθὼν

287 2592 477 2663 τίθησι
501 2596 598 2646 τοῦ
628 2591 917 2664 Μανούήλ.
956 2592 1051 2649 Καὶ
1084 2591 1373 2669 δεξάμενος
1403 2596 1586 2664 οὗτος,
1644 2596 1734 2651 καὶ
1776 2595 1947 2652 οἱονεί

285 2681 389 2748 τήν
418 2680 933 2757 ψυχήνέκκαυοείς,
966 2680 1076 2753 ἤδη
1122 2680 1179 2739 δὲ
1234 2684 1324 2739 καὶ
1377 2685 1804 2759 πιστευσάμενος
1887 2684 1948 2742 ἐκ

284 2774 395 2825 τῶν
430 2772 709 2846 προτέρων
745 2766 944 2847 ἔργων,
979 2772 1170 2846 μηνύει
1201 2777 1279 2845 τῷ
1335 2772 1564 2848 ἄρχοντι
1623 2778 1729 2830 τῶν
1766 2781 1947 2850 Σαρα-

282 2865 470 2929 κηνῶν
496 2860 572 2921 ὡς
630 2861 800 2916 πόθον
856 2860 1039 2940 τρέφει
1096 2862 1184 2916 καὶ
1243 2864 1378 2918 κατά
1431 2864 1723 2936 Ῥωμαίων
1783 2884 1946 2940 στρα-

277 2953 469 3005 τεῦσαι
537 2949 629 3005 καὶ
683 2949 813 3012 τοὺς
893 2949 1126 3026 ἐχθροὺς
1185 2950 1486 3025 ἀμύνασθαι
1553 2951 1607 3007 ο’ί
1690 2958 1945 3008 κατεῖπον

279 3038 451 3095 αὐτοῦ
476 3040 614 3114 πρὸς
671 3041 763 3095 τὸν
825 3038 1074 3115 βασιλέα,
1131 3042 1232 3109 τὴν
1290 3038 1679 3097 Καππαδοκίαν
1737 3041 1946 3097 οἰκοῦν-

278 3150 399 3192 τας.
437 3130 927 3207 Συνεκπεμφθῆναι
960 3128 1018 3186 δὲ
1049 3129 1197 3202 αὖτῷ
1251 3129 1408 3203 ἠξίου
1460 3131 1549 3186 καὶ
1606 3131 1698 3187 τὸν
1744 3132 1942 3188 τούτου

284 3219 400 3274 υἱὸν
430 3218 508 3282 εἰς
548 3217 779 3275 πλείονα
834 3226 934 3289 τῆς
997 3219 1254 3282 ὑπονοίας
1308 3220 1598 3296 ἀναίρεσιν.
1649 3221 1942 3279 Κατένευσε

285 3314 400 3372 τοῖς
430 3307 737 3380 αἴτηοεῖσιν
768 3308 795 3363 ὁ
828 3308 1060 3383 Ἰσμαὴλ
1092 3311 1194 3384 (4),
1242 3310 1329 3366 καὶ
1366 3307 1587 3365 δίδωσιν
1641 3310 1789 3385 αὐτῷ
1843 3316 1941 3368 τοῦ
1982 3283 2025 3350 C

282 3397 657 3470 ἐκστρατεύειν
716 3395 921 3456 ἅδείαν.
973 3399 1061 3461 Ὧς
1122 3397 1179 3454 δὲ
1235 3396 1426 3476 ¹ἤγγισε
1482 3404 1603 3464 τοῖς
1653 3401 1944 3474 Ῥωμαίων

284 3486 483 3561 ὁρίοις,
516 3484 662 3553 δῆλα
692 3493 840 3543 ποιεῖ
866 3490 935 3543 τὰ
980 3490 1099 3544 κατ’
1157 3488 1315 3544 αὐτὸν
1374 3493 1455 3562 τῷ
1508 3492 1608 3559 τῆς
1667 3490 1952 3547 Καππαδο-

279 3577 410 3640 κίας
450 3582 737 3653 στρατηγῷ
792 3577 883 3633 καὶ
940 3579 1042 3650 τὴν
1099 3576 1315 3643 ἒσαῦθις
1369 3577 1423 3635 ἐς
1481 3581 1788 3653 Ῥωμανίαν
1846 3579 1948 3638 ἐπ-

280 3664 504 3737 άνοδον,
533 3669 625 3724 καὶ
657 3671 770 3741 ἅμα
799 3664 1075 3725 ἐδίδασκεν
1108 3668 1183 3731 ὡς
1235 3665 1317 3724 δεῖ
1346 3669 1485 3726 κατά
1543 3671 1637 3726 τὸν
1672 3668 1821 3728 δενξνα
1848 3674 1910 3729 τί
1940 3708 1943 3711 λ

275 3779 384 3813 πον
444 3757 615 3833 λόχον
664 3758 757 3813 καὶ
817 3756 1031 3834 ἐνέδραν
1083 3757 1349 3833 γενέσθαι,
1404 3760 1499 3815 ‘Iv’
1557 3759 1682 3815 ὅταν
1715 3760 1913 3826 ἐκεῖσε,

278 3844 442 3922 φησῖ,
499 3845 765 3921 γένωμαι,
821 3849 949 3910 τοὺς
1012 3847 1108 3919 μὶν
1192 3852 1520 3923 Σαρακηνῶν
1576 3847 1932 3925 προδρόμους

274 3936 364 3992 ἐπ’
396 3935 567 3992 ἄλλον
608 3937 730 3992 τινα
782 3937 951 3993 τόπον
1011 3934 1313 4008 ἐξελαύνειν
1370 3939 1611 4008 ποιήσω,
1654 3938 1817 4001 αὐτὸς
1874 3937 1934 3995 δὲ

266 4026 412 4100 πρὸς
435 4026 500 4080 τὰ
538 4027 830 4099 Ῥωμαίων
889 4026 996 4095 ἤθη
1053 4023 1495 4101 ἀναδραμοῦμαι.
1550 4028 1620 4085 Ὀ
1677 4028 1767 4083 καὶ
1822 4030 1921 4105 γέ-

262 4127 440 4179 γονεν.
480 4116 570 4178 Ὠς
601 4115 705 4192 γὰρ
735 4117 873 4172 κατὰ
901 4117 963 4172 τὸ
995 4117 1244 4190 σύνθημα
1300 4121 1378 4189 τῷ
1434 4118 1699 4192 ὁρισθέντι
1752 4118 1926 4191 ἐπλη-

261 4205 454 4276 σίαζον
480 4206 657 4280 τόπῳ,
689 4206 875 4263 πολλά
902 4208 994 4263 τὸν
1044 4212 1141 4264 τοῦ
1196 4207 1431 4283 Ἰσμαὴλ
1491 4210 1608 4264 υἱὸν
1645 4231 1923 4267 κατασπα-

265 4295 530 4368 σάμενος·
584 4296 657 4351 Σὺ
738 4296 834 4369 μὲν
897 4296 1077 4371 ὑγιὴς,
1132 4290 1258 4373 ἔφη,
1312 4294 1486 4367 ἄπιθι,
1526 4295 1738 4367 τέκνον,
1798 4300 1938 4375 πρὸς

259 4387 363 4441 τὸν
398 4384 488 4440 σὸν
518 4382 742 4460 πατέρα·
773 4382 883 4461 ἐγὼ
943 4382 1001 4440 δὲ
1060 4383 1453 4459 ἀπελεύσομαι
1491 4387 1629 4462 πρὸς
1675 4389 1768 4444 τὸν
1820 4387 1950 4463 ἐμὸν

269 4473 505 4551 βασιλέα
560 4474 652 4529 καὶ
715 4474 926 4550 κύριον.
995 4498 1026 4527 ››
1084 4475 1378 4538 Διασωθεὶς
1438 4474 1485 4531 δ’
1545 4475 1746 4533 ἐκεῖθεν
1809 4479 1950 4556 πρὸς

261 4565 374 4634 τήν
407 4561 796 4637 βασιλεύουσαν
830 4563 1151 4642 ἐντυγχάνει
1180 4566 1260 4636 τῷ
1293 4563 1513 4639 βασιλεῖ
1568 4567 1709 4623 κατά
1765 4568 1857 4623 τὸν
1891 4566 1943 4623 ἐν

2058 1979 2248 2035 varias
2296 1976 2569 2049 regiones
2622 1977 2817 2048 vagari
2867 1975 3082 2045 solent,
3136 1992 3375 2032 crucem
3429 1976 3483 2031 ei
3534 1975 3718 2031 mittit

2057 2072 2119 2124 et
2174 2067 2424 2133 litteras,
2484 2065 2561 2122 ad
2609 2064 3029 2122 revertendum
3082 2065 3422 2135 cohortans,
3465 2064 3715 2120 oblivio-

2055 2174 2316 2229 nemque
2348 2155 2620 2213 omnium
2649 2156 3014 2210 offensarum
3071 2154 3448 2227 promittens.
3482 2155 3717 2209 Manus-

2056 2247 2152 2303 lus
2183 2247 2256 2303 iis
2287 2247 2399 2302 sibi
2427 2245 2657 2302 occulte
2688 2244 2959 2313 redditis,
3014 2245 3213 2301 animo
3271 2261 3545 2310 accenso,
3579 2261 3717 2299 cum

2050 2338 2181 2411 jam
2212 2337 2393 2393 fidem
2422 2352 2595 2393 suam
2624 2336 3060 2392 Saracenorum
3088 2334 3344 2406 principi
3394 2334 3516 2390 suis
3544 2333 3717 2390 factis

2058 2426 2388 2498 probasset,
2421 2425 2719 2499 signiﬁcat
2746 2424 2800 2480 ei
2830 2440 3050 2495 cupere
3095 2440 3158 2479 se
3187 2428 3396 2479 contra
3423 2426 3719 2479 Romanos

2058 2515 2504 2586 expeditionem
2535 2513 2836 2584 suscipere
2869 2519 2929 2568 et
2976 2512 3254 2568 inimicos
3292 2529 3450 2579 suos,
3513 2529 3549 2569 a
3578 2512 3712 2583 qui-

2055 2605 2168 2660 bus
2217 2603 2376 2676 apud
2434 2604 2858 2675 imperatorem
2918 2601 3151 2657 delatus
3199 2601 3433 2666 fuisset,
3485 2600 3717 2671 ulcisci,

2056 2694 2490 2767 Cappadociam
2522 2693 2883 2749 habitantes.
2936 2692 3153 2747 Filium
3219 2708 3455 2762 quoque
3488 2691 3713 2763 princi-

2056 2784 2148 2855 pis
2178 2799 2380 2839 secum
2412 2782 2567 2838 mitti
2599 2782 2767 2854 petit,
2798 2798 2915 2852 quo
2972 2782 3159 2852 magis
3216 2780 3561 2836 institutum
3615 2797 3713 2836 ce-

2055 2873 2226 2930 laret.
2258 2872 2528 2927 Assensit
2578 2870 2710 2942 ejus
2758 2869 3034 2942 petitioni
3069 2870 3347 2942 princeps
3402 2869 3711 2925 lsmaelus.

2054 2961 2360 3017 Manuelus
2394 2960 2617 3016 ﬁnibus
2649 2961 2928 3015 Romana;
2957 2958 3201 3014 ditionis
3222 2958 3714 3030 apprOpinquans

2054 3051 2401 3124 praefectum
2458 3048 2841 3122 Cappadociae
2896 3048 2967 3104 de
3032 3048 3154 3103 suis
3210 3048 3390 3104 rebus
3449 3048 3707 3116 edocet;

2055 3140 2354 3212 simulque
2385 3144 2547 3195 certo
2606 3138 2737 3194 loco
2797 3154 2934 3193 eum
2991 3136 3242 3193 insidias
3290 3135 3584 3194 collocare
3608 3137 3709 3208 ju-

2054 3230 2175 3298 bet,
2206 3235 2273 3285 ut
2301 3228 2451 3301 ipse,
2485 3245 2620 3284 cum
2670 3243 2738 3282 eo
2789 3227 3176 3299 pervenisset,
3244 3226 3712 3298 praecursoribus

2063 3320 2491 3375 Saracenorum
2548 3316 2664 3372 alio
2726 3316 2991 3371 dimissis
3042 3315 3105 3371 in
3182 3317 3579 3372 Romanorum
3632 3315 3716 3370 di-

2056 3409 2279 3465 tionem
2312 3406 2541 3481 ingredi
2574 3406 2781 3479 possit.
2828 3407 2976 3479 Ergo
3028 3405 3130 3460 ubi
3189 3403 3263 3460 ad
3318 3422 3455 3459 eum
3514 3405 3712 3460 locum

2054 3497 2323 3571 pervenit
2352 3498 2453 3569 qui
2486 3496 2844 3551 constitutus
2876 3500 3022 3562 erat,
3084 3494 3274 3550 tilium
3309 3494 3543 3550 lsmaeli
3574 3510 3710 3566 pro-

2056 3588 2174 3644 lixe
2215 3587 2538 3643 salutatum
2576 3585 2805 3642 salvum
2863 3584 3058 3640 redire
3105 3583 3181 3640 ad
3236 3600 3410 3640 suum
3484 3589 3717 3655 patrem

2051 3677 2244 3750 jubet,
2269 3692 2332 3732 se
2361 3676 2435 3732 ad
2463 3676 2885 3748 imperatorem
2916 3673 3346 3744 dominumque
3367 3673 3521 3729 928
3544 3690 3719 3729 suum

2056 3766 2272 3822 reverti
2299 3765 2593 3822 indicans.
2613 3764 2819 3820 Salvus
2838 3762 2977 3818 inde
3003 3762 3564 3834 Constantinopolin
3586 3780 3719 3835 per-

2057 3855 2237 3922 venit,
2298 3856 2842 3926 imperatoremque
2910 3852 2973 3906 in
3024 3851 3444 3906 Blachernensi
3498 3851 3719 3923 templo

2057 3945 2307 4009 accedit,
2339 3944 2414 3999 ab
2463 3960 2653 4014 eoque
2707 3941 2976 4014 magistri
3045 3941 3271 3995 honore
3337 3941 3598 3996 afficitur
3662 3947 3723 3997 et

2058 4039 2364 4105 compater
2444 4032 2630 4104 ipsius
2719 4030 3072 4101 appellatur.
3166 4031 3284 4084 Hoc
3352 4028 3528 4084 modo
3606 4032 3720 4085 Ma-

2058 4122 2217 4179 nueli
2253 4138 2343 4177 res
2380 4126 2531 4177 acta.
2592 4119 2836 4174 Interim
2888 4119 3006 4172 vita
3074 4117 3356 4173 defuncto
3417 4118 3718 4175 Theodoto

2060 4213 2397 4277 Melisseno,
2450 4226 2626 4283 quem
2683 4224 2863 4279 supra
2936 4208 3307 4262 ostendimus
3362 4207 3720 4264 Cassiteram

2059 4303 2451 4373 cognomento
2502 4297 2748 4363 dictum,
2813 4294 2914 4366 qui
2973 4293 3327 4365 aliquandiu
3384 4294 3722 4367 patriarcha

2059 4386 2606 4459 Constantinopolis
2636 4385 2849 4446 fuerat,
2881 4385 3101 4439 Jannes
3148 4382 3501 4456 pazdagogus
3530 4384 3721 4440 Theo-

2060 4480 2209 4553 phili
2243 4477 2530 4545 succedit,
2561 4474 2961 4531 sacerdotium
3008 4472 3169 4528 istud
3226 4472 3549 4545 impietatis
3597 4490 3720 4529 sum

2063 4574 2239 4641 atque
2262 4566 2528 4640 perfidiae
2560 4563 2875 4637 praemium
2909 4560 3182 4633 adeptus.

265 4651 617 4729 Βλαχέρναις
648 4659 747 4723 τῆς
781 4651 1048 4709 Θεοτόκου
1079 4653 1230 4724 ναὸν,
1259 4654 1351 4709 καὶ
1388 4654 1688 4732 μᾶγιστρος
1722 4659 1850 4732 παρ’
1882 4657 2051 4715 αὐτοῦ
2082 4662 2309 4730 τιμᾶται
2334 4654 2426 4710 καὶ
2458 4654 2744 4714 σύντεκνος
2777 4652 2852 4724 (5)
2883 4646 3070 4704 ἔκτοτε
3126 4648 3468 4725 χρηματίζει
3524 4642 3722 4723 αὐτῷ.)

1499 4748 1865 4805 XYLANDRI
1910 4751 1996 4805 ET
2036 4748 2248 4806 GOARI
2284 4748 2508 4804 NOTE.

353 4861 686 4936 (3)_Crucem
719 4863 991 4936 etAmittit,
1018 4861 1447 4936 aithlander.
1493 4865 1568 4918 At
1598 4881 1779 4936 quam
1812 4881 1945 4921 cru-
1983 4869 2026 4933 D
2060 4864 2297 4936 deesset
2325 4862 2576 4936 species,
2607 4860 2681 4915 ad
2712 4858 3262 4936 Manuelernmisit,
3292 4864 3373 4936 ut
3382 4859 3578 4936 sacris
3600 4830 3721 4921 sive

271 4933 453 4990 cem?
476 4950 599 5007 quo
638 4933 799 5007 tinef?
826 4935 1021 5007 Tacet.
1065 4933 1410 5007 Mysterium
1441 4933 1669 5007 evulgo.
1708 4937 1947 4993 Litteris

266 5006 600 5079 secretiora
624 5005 1030 5079 revela_ntibus
1057 5021 1130 5079 ac
1182 5005 1453 5079 pollicita
1480 5005 1599 5061 sive
1636 5012 1808 5079 pacta
1839 5008 1940 5064 ad-

270 5076 401 5132 dito
426 5077 774 5147 juramento
807 5076 1201 5133 firmantibus
1217 5077 1489 5133 solebant
1520 5076 1826 5149 quo—udam
1886 5080 1950 5135 in

270 5150 637 5222 sacramenti
674 5149 1089 5222 testimonium
1115 5164 1352 5203 crucem
1386 5150 1949 5222 prmﬁgere.Ponta-

271 5236 392 5275 nus
422 5237 492 5275 ex
523 5220 804 5275 Phranzis
839 5223 1041 5293 (ἲς-ωοο
1072 5226 1237 5274 textu
1271 5237 1283 5274 :
1327 5220 1580 5276 vacatur
1612 5226 1673 5277 in
1720 5239 1950 5293 conspeo

270 5298 428 5347 ctum
460 5293 811 5362 imperatoris
870 5292 1173 5362 Cpotitani,
1232 5293 1331 5363 qui
1380 5309 1588 5348 mecum
1645 5310 1714 5348 ea:
1774 5292 1952 5350 Iberia

272 5364 493 5433 legatus
523 5364 824 5419 advenerat
849 5378 870 5424 ,°
902 5369 954 5418 et
985 5366 1290 5434 imperator
1323 5380 1491 5419 manu
1520 5381 1622 5419 sua
1652 5381 1713 5419 eo
1735 5368 1950 5421 vidente

266 5442 383 5491 tres
405 5450 591 5490 cruces
620 5435 929 5491 cmnahari
960 5434 1019 5489 in
1048 5439 1239 5503 fronte
1281 5435 1443 5492 bullae
1474 5437 1549 5491 ad
1569 5439 1947 5506 conﬁrmatio-

270 5522 403 5561 nem
436 5523 546 5578 pro
587 5506 988 5579 consuetudine
1037 5508 1321 5579 exprimit,
1383 5507 1695 5579 bullamque
1723 5525 1950 5565 auream

274 5579 786 5654 in_mnus_kgato
809 5578 1003 5633 tradit.
1042 5578 1152 5654 Leo
1211 5578 1689 5654 Grammaticus:
1726 5580 1753 5634 ὁ
1787 5580 1944 5654 βασι-

282 5645 412 5725 λευς
443 5647 534 5725 καὶ
567 5648 595 5702 6
630 5645 919 5725 Bancilstoc
975 5649 1103 5725 toi);
1150 5647 1373 5725 τιμίους
1432 5649 1745 5725 ὑπέγραψαν
1788 5645 1948 5705 σταυ-

282 5719 417 5793 ροὺς
448 5719 598 5804 ὅρκῳ
630 5714 999 5804 βεϐαιοῦνξξος.
1031 5714 1318 5804 Si‘m‘ilem,
1378 5723 1503 5795 vagi
1548 5714 1622 5778 ’ἐι
1657 5714 1949 5804 'mendici

285 5791 575 5850 monaChi
631 5791 817 5868 opera
880 5791 1238 5866 TheOphilus
1294 5791 1478 5865 usus;
1514 5809 1589 5850 ne
1651 5796 1950 5869 religionis

2060 4929 2468 5009 χρυσοϐούλλῳ
2499 4931 2924 5009 fidesamplior
2953 4931 3291 5009 adderetur.
3329 4932 3476 4987 Hinc
3498 4951 3723 5006 σταυρο-

2055 5002 2226 5065 iam:
2260 5002 2619 5062 sacramenti
2653 5002 2999 5075 hujusmodi
3031 5002 3349 5075 violatores
3371 5009 3583 5057 vocant
3601 5002 3723 5061 mo-

2058 5079 2227 5133 derni
2261 5077 2466 5139 Graeci.
2500 5076 2600 5148 qui
2632 5074 2847 5148 crucem
2875 5074 3365 5148 conculcai_tt,_hoc
3415 5080 3719 5146 est,Jura-

2057 5157 2327 5205 mentum
2351 5166 2420 5203 ea
2454 5144 2713 5220 primum
2744 5147 2805 5201 in
2840 5145 3047 5201 charta
3088 5144 3308 5198 tabulis
3340 5144 3579 5202 exarata
3613 5149 3719 5202 flr-

2058 5230 2283 5278 matum
2315 5222 2737 5275 intemeratum
2797 5233 3032 5271 servare
3084 5231 3205 5271 non
3255 5224 3552 5273 verentur.
3615 5220 3718 5275 His

2056 5294 2263 5350 afﬁnia
2283 5293 2726 5349 eruditissimus
2750 5288 2820 5343 de
2848 5289 3040 5344 Marca
3062 5287 3121 5341 in
3134 5288 3343 5359 patriis
3359 5289 3711 5346 Annalibus.

2058 5368 2234 5422 Gesn.

2129 5440 2203 5507 (4)
2229 5436 2439 5494 Nescio
2480 5450 2555 5491 an
2585 5431 2911 5507 proprium
2923 5430 3004 5507 sit
3027 5430 3274 5507 hoc,_an
3320 5447 3461 5487 vero
3491 5433 3715 5491 lsmae-

2054 5501 2222 5564 litam
2255 5501 3113 5579 signiﬁcet,‘ut'gentilitium.
3168 5504 3299 5559 Mox
3344 5520 3586 5562 rursum
3636 5507 3721 5565 ita

2053 5581 2316 5652 ponitur.
2350 5580 2488 5635 XvL.

2126 5655 2203 5723 (5)
2256 5653 2570 5723 Compater.
2630 5646 3055 5723 Ex‘sententia
3084 5651 3141 5701 et
3184 5648 3409 5723 Zonara
3464 5648 3596 5723 hoc_
3634 5649 3718 5704 di-

2053 5718 2206 5789 dici;
2241 5724 2341 5790 qui
2373 5718 2585 5777 scribit
2614 5718 2967 5775 Michaelum
2998 5719 3306 5790 Theophili
3338 5720 3397 5775 F.
3433 5736 3467 5776 a
3497 5720 3714 5777 reduce

2052 5791 2322 5851 Manuelo
2355 5793 2545 5849 fuisse
2573 5809 2643 5849 ex
2674 5791 2969 5863 baptismo
3004 5796 3372 5863 susceptum.
3406 5791 3709 5862 (Gevatter.
