4112 6422
315 401 466 462 1011

1679 398 1997 460 GEORGII
2042 396 2386 458 CEDRENI

3579 404 3737 467 1012

313 532 413 588 Καὶ
438 532 503 587 τὰ
538 534 632 606 μὲν
663 530 784 608 περέ
813 536 911 587 τοῦ
942 531 1205 601 Μανουὴλ
1233 530 1388 607 ἔσχεν
1419 531 1615 593 οὕτως·
1650 527 1918 585 Θεοδότου
1955 526 2013 585 δὲ
2039 532 2138 584 τοῦ
2170 528 2543 599 Μελισσηνοῦ,
2592 528 2650 585 ὅν
2683 531 2775 585 καὶ
2806 533 3150 607 Κασσιτηρᾶν
3171 532 3673 609 προσαγορεύεσθαι
3706 537 3738 592 ὁ

313 622 484 699 λόγος
516 622 811 699 ἐγνώρισεν
837 622 1063 692 ἄνωθεν,
1093 622 1172 703 ἐφ’
1202 624 1382 678 ἱκανὸν
1410 623 1502 678 τὸν
1533 629 1633 692 τῆς
1667 619 2303 683 Κωνσταντινουπόλεως
2354 621 2551 695 θρόνον
2604 624 3036 698 κατεσχηκότος,
3093 620 3216 698 ἄρτι
3242 621 3302 680 δὲ
3331 623 3742 691 καταλύσαντος

315 713 411 770 τὸν
447 715 589 790 βίον,
622 716 775 770 ὁτοῦ
803 712 1070 792 Θεοφίλου
1100 711 1456 789 παιδαγωγὸς
1486 714 1697 783 Ἰαννῆς
1752 712 1844 767 τὸν
1913 709 2122 767 ἐκείνου
2179 707 2490 787 διαδέχεται
2555 711 2762 788 θρόνον,
2822 710 2987 777 ἆθλον
3041 715 3142 784 τήν
3200 715 3497 790 ἱερωσύνην
3553 712 3744 773 λαϐὼν

322 805 573 872 ἀπιστίας
599 808 689 862 καὶ
720 801 988 868 ἀσεϐείας.

392 928 574 982 Porro
624 920 985 996 Theophilus
1028 925 1354 997 imperator
1402 931 1676 981 accurate
1725 925 1798 980 de
1844 924 1968 979 suis

2158 925 2423 993 Ζητοῦντι
2454 920 2513 977 δὶ
2549 928 2628 996 τῷ
2671 922 2889 998 βασιλεῖ
2925 922 3178 1001 Θεοφίλῳ
3226 922 3587 990 ἐπιστατικῶς
3614 943 3740 1000 περὶ

324 1015 763 1070 successoribus
814 1014 1148 1086 inquirens,
1193 1014 1611 1071 mulierculam
1660 1014 1980 1086 quamdam

324 1102 474 1157 bello
503 1102 576 1157 de
629 1103 944 1158 Saracenis
975 1110 1209 1174 captam
1242 1110 1299 1158 et
1346 1102 1705 1159 vaticinandi
1738 1119 1981 1175 gnaram

321 1191 623 1258 accivit,ac
646 1191 717 1246 de
753 1191 825 1246 iis
853 1209 985 1263 quas
1016 1191 1252 1248 volebat
1276 1191 1983 1265 interrogavit,praecipue

323 1279 627 1335 vaticinari
662 1297 792 1335 eam
821 1280 1043 1352 jubens
1076 1281 1174 1352 qui
1229 1281 1302 1337 ab
1334 1283 1464 1353 ipso
1500 1287 1701 1337 essent
1732 1281 1983 1353 imperio

324 1369 590 1442 petituri.
617 1370 735 1425 Ista
752 1385 891 1442 ergo
918 1369 1297 1438 muliercula,
1326 1372 1447 1426 sive
1468 1371 1667 1426 divino
1697 1370 1983 1425 instinctu

320 1460 439 1513 sive
473 1458 805 1514 daamonica
838 1459 1192 1515 efficacitate
1223 1465 1427 1515 mota:
1465 1481 1486 1509 ι
1528 1459 1652 1515 Tibi
1687 1459 1929 1531 quidem
1952 1481 1981 1509 ››

320 1550 427 1617 ait,
479 1575 504 1599 ιι
566 1567 599 1604 o
649 1550 995 1621 imperator,
1042 1549 1203 1606 filius
1252 1556 1391 1606 tuus
1443 1549 1745 1614 succedet,
1794 1555 1984 1605 matre

330 1638 565 1710 imperii
622 1639 802 1694 socia.
836 1639 975 1694 Post
1019 1655 1152 1694 eum
1202 1655 1337 1694 vero
1382 1656 1569 1711 genus
1610 1639 1986 1695 Martinacio-

323 1743 457 1783 rum
491 1744 598 1799 per
644 1728 866 1782 multos
916 1744 1107 1783 annos
1156 1728 1477 1800 imperium
1523 1728 1778 1784 tenebit.
1813 1751 1840 1779 ι)
1873 1728 1985 1782 Vix

324 1817 450 1871 hazc
483 1816 717 1871 dixerat
736 1816 1006 1885 illa,cum
1030 1816 1191 1871 illico
1213 1817 1576 1889 Theophilus
1600 1818 1984 1872 Martinacem

325 1922 668 1977 quanquam
704 1905 816 1961 sibi
863 1906 1171 1975 dilectum,
1204 1907 1398 1978 capite
1448 1924 1580 1963 raso
1622 1907 1984 1963 monachum

322 1992 854 2065 facit,domumque
880 1996 1011 2066 ejus
1033 1995 1093 2049 in
1115 1996 1547 2051 monasterium
1571 1995 1806 2068 redigit.
1823 1997 1983 2050 Praa-

323 2089 413 2138 ter
444 2084 556 2138 hoc
605 2084 723 2139 alia
774 2099 1011 2155 quoque
1061 2084 1262 2140 futura
1303 2091 1445 2140 sunt
1492 2085 1564 2140 ab
1597 2085 1701 2140 illa
1732 2085 1985 2140 muliere

329 2173 793 2244 praadicta,929
826 2173 1112 2227 nimirum
1150 2174 1548 2244 patriarcham
1596 2175 1846 2229 Jannem
1878 2190 1985 2228 suo

2086 1012 2297 1068 τούτων
2329 1011 2524 1075 οἵτινες
2553 1012 2772 1088 ἄρξουσι
2807 1015 2924 1087 μετ’
2953 1014 3140 1086 αὐτὸν,
3177 1015 3393 1091 γύναιόν
3420 1037 3472 1070 τι
3534 1014 3743 1093 ληφθὲν

2087 1099 2281 1157 ἐκτῶν
2321 1103 2646 1179 ’Δγαρηνῶν
2711 1103 2848 1157 κατά
2902 1123 3022 1157 τινα
3077 1110 3185 1158 τῶν
3254 1106 3737 1179 προηγησαμένων

2086 1190 2372 1265 πολέμων,
2406 1194 2617 1273 εὐφυῶς
2664 1191 2792 1268 ἔχον
2846 1194 2971 1266 περὶ
3030 1194 3124 1256 τὰς
3184 1194 3439 1254 τοιαύτας
3492 1195 3741 1272 προρῥή-

2086 1300 2220 1350 σεις,
2251 1281 2491 1352 παρέστη
2522 1282 2602 1352 τῷ
2635 1280 2874 1356 βασιλεῖ.
2908 1282 3107 1356 Ἠρετο
3141 1281 3234 1337 οὖν
3266 1283 3295 1337 ὅ
3329 1281 3587 1358 βασιλεὺς
3608 1285 3642 1338 ἅ
3671 1281 3737 1353 δὴ

2086 1368 2178 1423 καὶ
2213 1364 2497 1438 ἐϐούλετο,
2547 1370 2638 1424 καὶ
2668 1371 2833 1424 τίνων
2869 1370 3078 1445 μακρὰν
3136 1369 3344 1425 ἔσεσθαι
3401 1372 3500 1440 τήν
3558 1369 3746 1426 διαδο-

2088 1460 2200 1533 χὴν
2251 1464 2354 1528 τῆς
2425 1458 2710 1533 βασιλείας
2769 1458 3004 1514 ἀνειπεῖν
3053 1456 3398 1535 προσέταττε.
3452 1462 3627 1517 Τοῦτο
3685 1458 3745 1516 δὲ

2086 1548 2151 1602 τὸ
2183 1548 2420 1622 γύναιον,
2459 1547 2568 1603 εἷ’τε
2597 1546 2649 1619 ἐξ
2688 1545 3107 1622 ἐνθουσιασμοῦ,
3140 1547 3246 1603 εἶ’τε
3287 1548 3376 1603 καὶ
3431 1547 3491 1603 έκ
3544 1546 3742 1623 δαιμο-

2087 1644 2244 1707 νικῆς
2331 1636 2597 1712 ἐνεργείας
2683 1634 3034 1711 κινούμενον,
3124 1636 3232 1692 Σοῦ
3294 1639 3413 1711 μὲν,
3499 1633 3625 1718 ἔφη,
3698 1641 3745 1693 ὧ

2092 1724 2336 1801 βασιλεῦ,
2368 1724 2633 1801 διάδοχος
2681 1724 2828 1782 ἔσται
2891 1728 2919 1780 ὁ
2965 1727 3056 1788 σὸς
3087 1727 3206 1788 υἱὸς
3237 1727 3451 1801 συνάμα
3505 1732 3573 1801 τῇ
3632 1726 3746 1799 ἰδίᾳ

2091 1812 2284 1888 μητρὶ,
2340 1815 2475 1887 μετὰ
2524 1812 2582 1869 δὶ
2638 1817 2830 1868 τοῦτον
2887 1814 2948 1868 τὸ
3006 1818 3114 1869 τῶν
3171 1813 3549 1889 Μαρτινακίων
3593 1815 3747 1889 γένος

2090 1899 2359 1977 διαρκέσει
2388 1902 2477 1957 ἐπὶ
2505 1901 2651 1958 πολὺ
2679 1907 2748 1976 τῇ
2794 1901 3063 1977 βασιλείᾳ.
3097 1903 3159 1960 Ὁ
3206 1900 3265 1957 δὲ
3320 1904 3435 1976 ἅμα
3486 1907 3562 1974 τῷ
3592 1905 3748 1979 λόγῳ

2088 1992 2181 2047 τὸν
2249 1994 2617 2068 Μαρτινάκην,
2695 1991 2877 2047 καίτοι
2964 1992 3327 2069 στεργόμεθον
3409 1992 3580 2065 αὐτῷ,
3640 1993 3747 2047 ἀπ·-

2089 2084 2263 2155 έκειρε
2296 2081 2564 2156 μοναχὸν,
2603 2082 2695 2136 καὶ
2724 2082 2817 2137 τὸν
2846 2082 3012 2136 αὐτοῦ
3071 2082 3222 2137 οἶκον
3254 2083 3603 2159 καταγώγιον
3633 2083 3745 2138 ἀπ-

2090 2167 2255 2240 έδειξε
2288 2172 2597 2245 μοναστῶν.
2624 2173 2711 2243 [Ρ.
2746 2174 2874 2244 528]
2905 2171 2984 2229 Οὐ
3013 2176 3175 2227 τοῦτο
3205 2168 3264 2226 δέ
3288 2168 3460 2244 μόνον
3490 2171 3552 2226 τὸ
3586 2172 3746 2245 ῥηθὲν

328 2259 734 2332 patriarchatu
766 2266 1031 2330 exutum,
1064 2262 1370 2334 sacrisque
1417 2262 1776 2335 imaginibus
1808 2279 1981 2318 suum

2092 2258 2336 2336 γύναιον,
2366 2257 2516 2314 ἀλλὰ
2549 2259 2639 2313 καὶ
2669 2257 2813 2314 ἄλλα
2842 2258 3031 2316 πολλὰ
3084 2263 3193 2315 τῶν
3256 2258 3576 2332 μελλόντων
3609 2280 3743 2335 προ·

325 2349 552 2410 cultum
585 2350 1153 2421 venerationemque
1174 2350 1476 2407 redditum
1500 2352 1792 2417 iri.Quare
1813 2352 1983 2407 vehe-

326 2438 515 2494 menti
570 2438 775 2494 dolore
825 2440 1093 2495 concitus
1144 2440 1505 2512 Theophilus
1569 2457 1980 2513 saepenumero

322 2531 647 2599 Augustam
682 2533 739 2582 et
768 2528 1170 2583 Theoctistum
1216 2528 1411 2585 dromi
1449 2529 1809 2602 logothetam
1841 2530 1982 2585 hor-

326 2620 483 2671 tatus
509 2621 597 2671 est
615 2632 680 2671 ac
697 2615 1061 2687 juramentis
1083 2617 1194 2672 sibi
1215 2618 1681 2690 religiosissimis
1702 2619 1982 2689 devinxit,

326 2723 401 2761 ne
451 2722 513 2760 se
561 2713 797 2762 mortuo
847 2709 1098 2763 Jannem
1142 2709 1549 2780 patriarchatu
1591 2709 1984 2777 dimoverent,

324 2814 469 2853 neve
509 2797 805 2852 idolorum
848 2799 958 2868 (sic
989 2799 1358 2854 venerandas
1389 2799 1728 2871 appellabat
1770 2800 1983 2867 imagi-

325 2889 455 2951 nes)
479 2890 829 2956 paterentur
877 2886 1081 2942 reduci
1114 2887 1362 2943 cultum.
1397 2890 1597 2960 Neque
1628 2889 1985 2945 muliercula

329 2973 740 3029 tantummodo
772 2974 1092 3031 vaticinata
1122 2982 1267 3043 erat,
1294 2977 1397 3033 sed
1429 2983 1487 3033 et
1509 2979 1729 3033 Jannes
1753 2978 1984 3034 divina-

330 3062 488 3117 tione
516 3080 622 3134 per
642 3063 860 3135 pelvim
893 3080 1033 3119 usus
1066 3082 1441 3122 successores
1477 3068 1819 3138 imperatori
1849 3083 1985 3139 per—

331 3151 533 3222 spicue
583 3152 1029 3208 demonstravit.
1084 3155 1305 3210 Praeter
1374 3156 1795 3227 imperatorem
1848 3156 1983 3211 aliis

333 3256 570 3311 quoque
603 3240 675 3295 ad
728 3241 1092 3314 interrogata
1120 3244 1431 3314 respondit
1468 3245 1825 3300 muliercula
1846 3246 1981 3312 ista,

331 3329 630 3398 quomodo
681 3336 741 3385 et
785 3331 1198 3401 Constantino,
1231 3334 1401 3404 cujus
1437 3338 1563 3388 tum
1594 3350 1828 3389 summa
1858 3340 1986 3389 erat

320 3417 479 3490 apud
514 3420 881 3491 Triphyllios
913 3422 1198 3492 potentia,
1233 3423 1359 3477 fore
1393 3423 1666 3494 praedixit
1688 3429 1756 3478 ut
1777 3425 1827 3479 is
1847 3440 1983 3479 cum

321 3508 464 3564 ﬁliis
489 3508 872 3564 facultatibus
907 3510 1288 3580 privarentur
1317 3512 1707 3583 habitumque
1737 3512 1986 3568 clerico-

322 3613 459 3652 rum
484 3595 847 3663 induerent;
902 3597 1064 3667 quod
1113 3599 1291 3654 etiam
1324 3601 1522 3656 evenit
1552 3600 1769 3656 Basilio
1795 3601 1983 3672 impe-

323 3690 512 3740 rante.
546 3686 618 3739 Et
646 3686 892 3757 Georgio
917 3686 1146 3743 militiae
1168 3689 1446 3759 praefecto
1470 3689 1734 3745 ostendit
1756 3706 1892 3745 eum
1922 3691 1985 3746 in

2090 2348 2356 2412 εθέσπισὲο
2392 2349 2485 2403 τόν
2543 2370 2602 2404 τε
2656 2349 2761 2424 γὰρ
2822 2350 3174 2425 πατριάρχην
3237 2352 3315 2422 (6)
3353 2350 3558 2419 Ἰαννῆν
3587 2347 3746 2405 ἐκπε-

2091 2440 2297 2493 σεῖσθαι
2361 2442 2460 2493 τοῦ
2516 2443 2922 2513 πατριαργικοῦ
2980 2440 3174 2513 θρόνου
3230 2435 3586 2515 προήγγειλε,
3654 2440 3742 2495 καὶ

2081 2528 2180 2589 τὰς
2210 2526 2405 2587 σεπτᾶς
2436 2526 2644 2590 εἰκόνας
2672 2530 2774 2595 τήν
2804 2529 3189 2602 προσήκουσαν
3229 2530 3399 2600 τιμήν
3449 2527 3539 2582 καὶ
3572 2548 3746 2604 προσ-

2083 2617 2306 2687 κύνησιν
2342 2612 2603 2686 δέξεσθαι.
2647 2618 2765 2691 Ἐφ’
2822 2617 2903 2679 οἷς
2960 2616 3299 2691 περιώδυνος
3357 2618 3653 2692 γενόμενος
3713 2619 3742 2673 ὁ

2085 2708 2350 2789 Θεόφιλος
2376 2706 2672 2783 παρεκάλει
2702 2706 2978 2769 πολλάκις
3008 2710 3108 2777 τὴν
3170 2705 3456 2763 δέσποιναν
3511 2710 3602 2763 καὶ
3653 2708 3752 2762 τὸν

2079 2802 2176 2854 τοῦ
2229 2796 2439 2873 δρόμου
2496 2796 2802 2874 λογοθέτην
2861 2798 2938 2871 (7)
2997 2797 3344 2867 Θεόκτιστον,
3402 2796 3496 2852 καὶ
3557 2796 3743 2869 ὅρκοις

2083 2885 2398 2959 κατεδέσμει
2455 2884 2915 2966 φρικωδεστάτοις
2977 2886 3112 2959 μετᾶ
3165 2887 3257 2941 τὸν
3323 2887 3518 2942 ἑαυτοῦ
3575 2886 3738 2940 θάνα-

2083 2999 2178 3053 τον
2213 2979 2354 3051 μήτε
2390 2976 2483 3031 τὸν
2543 2978 2757 3046 Ὶαννῆν
2816 2979 2890 3050 (8)
2952 2982 3282 3049 μεταστῆσαι
3329 2979 3427 3030 τοῦ
3477 2995 3747 3049 πατριαρ-

2086 3066 2241 3142 χεὶου
2277 3068 2417 3139 μήτε
2444 3066 2546 3135 τήν
2578 3066 2950 3140 προσκύνησιν
2978 3070 3088 3120 τῶν
3122 3062 3366 3120 εἰδώλων
3418 3061 3550 3117 ἰδεῖν
3610 3063 3738 3117 ἀνα-

2085 3157 2333 3231 σχέσθαι.
2367 3154 2444 3213 Οὐ
2475 3156 2539 3211 τὸ
2587 3155 2811 3231 γύναιον
2875 3153 2933 3211 δὲ
2989 3154 3153 3227 μόνον
3185 3157 3523 3233 προεφήτευε
3551 3156 3739 3222 ταῦτα,

2088 3243 2354 3301 ἀλλὰκαὶ
2388 3246 2599 3313 Ἰαννῆς
2661 3241 2751 3299 διὰ
2809 3242 3270 3318 λεκανομαντείας
3325 3246 3575 3316 καθαρῶς
3638 3242 3748 3296 ἀπ-

2088 3330 2279 3404 έδειξεν
2302 3332 2450 3404 αὐτῷ
2479 3334 2571 3387 τὸν
2608 3330 2885 3406 μέλλοντα
2914 3333 3014 3401 τήν
3059 3333 3239 3407 ἀρχὴν
3269 3329 3632 3403 διαδέξασθαι.
3665 3330 3747 3386 Οὐ

2084 3428 2165 3494 τῷ
2199 3421 2417 3499 βασιλεῖ
2447 3421 2505 3478 δὲ
2529 3421 2688 3495 μόνῳ¹
2708 3424 2771 3478 τὸ
2803 3422 3027 3499 γύναιον
3078 3423 3174 3484 τὰς
3228 3422 3444 3482 πεύσεις
3476 3418 3747 3493 διέλυσεν,

2088 3509 2355 3566 ἀλλὰκαὶ
2405 3511 2800 3584 Κωνσταντίνῳ
2856 3516 2935 3584 τῷ
2991 3511 3130 3566 κατὰ
3181 3508 3308 3571 τοὺς
3373 3506 3749 3586 Τριφυλλῖους

2093 3596 2230 3676 μέγα
2260 3598 2539 3674 δυναμένῳ
2576 3605 2655 3672 τῷ
2698 3601 2820 3656 τότε
2871 3601 2939 3656 τὰ
2998 3596 3393 3673 συμϐησόμενα
3452 3595 3748 3672 διετράνω-

2092 3710 2201 3759 σεν,
2234 3688 2397 3744 αὐτόν
2423 3709 2483 3743 τε
2512 3689 2605 3743 καὶ
2636 3689 2763 3750 τοὺς
2789 3688 2943 3752 υἱοὺς
2977 3685 3201 3761 μέλλειν
3261 3687 3414 3742 εἰπὸν
3468 3685 3746 3761 ὑπάρξεώς

320 3772 514 3829 funda
561 3774 702 3829 circi
729 3775 1147 3848 interiturum;
1175 3782 1353 3849 atque
1386 3794 1456 3834 eo
1487 3778 1617 3835 loco
1652 3779 1723 3848 is,
1757 3780 1973 3835 Basilio

2089 3799 2146 3834 τε
2176 3784 2506 3854 στερηθῆναι
2580 3778 2668 3833 καὶ
2730 3779 2793 3834 τὸ
2844 3783 2952 3833 τῶν
3008 3775 3292 3851 κληρικῶν
3373 3774 3748 3854 ἁμφιάσασθαι

1529 3932 1890 3989 XYLANDRI
1928 3935 2015 3989 ET
2061 3933 2276 3989 GOABI
2314 3933 2538 3989 ΝΟΤᾸΞ.

329 4110 547 4199 ξητ-
561 4110 687 4176 Qua
710 4110 937 4197 ratione
960 4111 1220 4199 spripsit‘
1244 4113 1533 4199 'Zonara‘s:
1562 4111 1674 4199 "lix
1698 4114 1795 4199 τρξὶ
1825 4110 1980 4199 ἁγίου

337 4180 859 4257 βαπτίσματος-τὸν
917 4185 1014 4235 τοῦ
1071 4179 1345 4257 βασιλέως
1399 4183 1514 4257 υἱὸν
1562 4182 1799 4257 Μιχαὴλ
1866 4179 1980 4237 ἐδέ-

330 4252 478 4322 ξατο.
515 4255 661 4310 Hinc
681 4254 763 4309 illi
786 4271 919 4328 cum
944 4252 1108 4326 patre
1130 4255 1453 4328 Theophilo
1477 4252 1795 4328 compatris
1820 4272 1985 4311 com-

333 4341 514 4381 mune
539 4342 778 4381 nomen.
813 4327 986 4381 Gom.

403 4399 628 4487 (εὔχροα
658 4398 1051 4487 ροτάξιοιδιιτο
1089 4402 1149 4487 et
1187 4398 1587 4487 perduellium
1635 4399 1847 4487 ducem
1876 4417 1979 4487 3a-

328 4466 867 4543 jcptoiva,v_’lawﬁv
923 4469 1158 4543 censuit
1187 4466 1422 4525 —auctor
1478 4472 1827 4543 vocandum.
1875 4466 1982 4543 Xy-

329 4540 560 4616 lander,
611 4541 997 4616 Iconomachi
1037 4540 1228 4616 factus
1280 4548 1586 4613 patronus,
1632 4540 1982 4616 πατριάρχην

328 4611 471 4682 legit
492 4617 551 4666 et
580 4612 855 4682 religiose
889 4612 1048 4667 colit.
1084 4613 1260 4668 Gosa.

402 4682 834 4755 (7)_Logotheta
881 4690 971 4739 est
1018 4683 1433 4748 cancellarius,
1465 4689 1531 4739 ut
1552 4690 1984 4755 vocamus,iaut

334 4751 675 4828 libellorum
698 4756 979 4827 magister
998 4756 1117 4810 sive
1137 4756 1355 4828 archivi
1376 4757 1708 4826 praefectus.
1730 4751 1979 4828 Ρνοδρό-

334 4842 441 4893 μου
484 4824 765 4901 legerem,
794 4822 841 4882 si
894 4827 1120 4901 liceret,
1154 4822 1450 4901 86p99,_'ut
1479 4828 1843 4901 intelligeres
1876 4822 1980 4885 do-

330 4897 645 4969 mesticum
670 4898 1046 4969 imperatoris
1068 4897 1246 4969 atque
1271 4898 1544 4954 intimum
1570 4897 1977 4957 secretarium.

330 4966 496 5043 Nplui
521 4974 719 5043 tamen
744 4966 811 5025 ex
833 4966 1177 5043 conjectura
1204 4977 1455 5043 mutare,
1488 4973 1818 5043 prmsertim
1843 4990 1978 5028 cum

334 5038 675 5115 sicru‘rsum
700 5038 1146 5115 legatur'initio
1202 5038 1803 5115 MichaeliTheophili
1830 5045 1888 5099 F.
1923 5051 1982 5100 et

332 5110 472 5165 alibi
498 5110 862 5181 frequenter,
887 5121 945 5170 et
971 5112 1214 5168 Wolﬁus
1237 5115 1380 5169 citet
1400 5131 1469 5169 ex
1488 5114 1639 5170 libro
1661 5110 1733 5171 de
1757 5115 1979 5171 Ofﬁciis

2091 4112 2270 4184 hujus
2291 4110 2600 4189 Theophili
2625 4115 2712 4179 ;et
2729 4109 3066 4189 Noster,u_bi
3088 4107 3405 4189 Theoctisti
3434 4107 3749 4189 logothetm

2092 4178 2345 4239 mortem
2377 4178 2577 4248 refert,
2616 4178 2685 4237 eo
2716 4182 2950 4237 sublato
2983 4181 3232 4236 Bardam
3264 4178 3513 4235 caniclei
3548 4178 3744 4250 digni-

2093 4261 2274 4311 tatem
2307 4257 2365 4310 in
2397 4272 2459 4311 se
2493 4254 2867 4310 transtulisse
2924 4254 3024 4308 ait.
3085 4254 3217 4307 XYL.
3279 4282 3348 4293 —
3403 4250 3752 4319 lntclligunt

2092 4328 2361 4383 moderni
2395 4326 2637 4397 quidam
2668 4325 2849 4381 Graeci
2889 4325 3092 4397 Turcis
3124 4324 3317 4379 edocti
3366 4321 3749 4397 consuetudi-

2092 4399 2289 4461 nibus,
2324 4392 2473 4469 quas
2501 4414 2533 4453 a
2556 4399 2679 4451 suis
2709 4396 3059 4469 majoribus
3097 4401 3379 4469 acceptas
3408 4398 3636 4465 putant.
3674 4392 3749 4469 de

2092 4470 2290 4550 bellici
2320 4464 2849 4550 aerariiprmfecto,
2880 4467 2971 4550 vel
3029 4467 3102 4522 de
3134 4483 3201 4522 eo
3234 4464 3336 4550 qui
3366 4464 3748 4545 imperatoris

2093 4543 2207 4598 iter
2229 4541 2599 4597 conﬁcientis
2631 4545 2904 4595 censeret
2940 4555 3229 4610 expensas
3286 4544 3345 4592 et
3391 4541 3750 4610 necessariis

2091 4613 2470 4686 providendis
2497 4618 2840 4686 numeraret
2880 4606 3183 4686 pecunias.
3231 4614 3316 4686 _A_t
3347 4608 3486 4679 quia
3523 4606 3749 4686 Cadini

2092 4677 2640 4757 tempore,quo_nec
2662 4682 2819 4738 bella
2839 4677 3181 4757 necitinera
3194 4681 3266 4736 ab
3285 4677 3748 4757 imperatoribus

2092 4749 2471 4825 suscipienda
2491 4755 2813 4823 desierant,
2846 4755 3225 4825 antiquatum
3255 4749 3387 4807 erat
3403 4749 3750 4825 hujusmodi

2092 4774 2247 4812 suscn
2294 4774 2471 4811 ienoa
2491 4774 2813 4823 uesnerant,
2846 4774 3225 4825 antiquatum
3255 4774 3384 4807 erat
3403 4774 3750 4823 uujusiuoui

2092 4774 2406 4901 logotﬁetm
2442 4826 2864 4901 ministerium,
2903 4825 2975 4881 de
3007 4843 3076 4901 e_o
3135 4825 3340 4901 potius
3386 4823 3495 4901 qui
3537 4822 3754 4901 [lippo-

2091 4870 2304 4965 d|%mi,
2334 4904 2392 4954 et
2412 4905 2478 4953 ut
2518 4904 2817 4953 contracte
2850 4870 3268 4969 loquebanltur,
3303 4870 3754 4969 Dro‘mispercrta-

2090 4963 2361 5027 culorum
2383 4972 2622 5025 rationes
2649 4970 2888 5034 tenebat,
2909 4963 3129 5040 quique
3162 4963 3751 5040 referenteTu’rnebo

2090 5045 2280 5099 Dromi
2306 5048 2634 5109 procurator
2664 5041 2726 5095 in
2754 5035 3015 5109 antiquis
3033 5035 3048 5040 ’
3072 5037 3579 5109 inscriptionibus
3604 5035 3754 5109 legi-

2091 5058 2280 5099 uromt
2346 5058 2634 5097 rocurator
2664 5058 2726 5095 IIl
2754 5058 2875 5095 anu
2925 5058 3015 5096 lllS
3072 5058 3561 5109 inscriptionibus
3604 5058 3751 5107 negi-

2091 5120 2207 5195 tur,
2241 5061 2343 5168 vef
2362 5114 2723 5196 qui_curnslus.
2771 5058 3019 5195 pub?ici_
3053 5111 3330 5196 expensis
3382 5106 3751 5188 providebat,

331 5182 535 5267 palatii
559 5178 868 5267 id‘munus
900 5187 1044 5267 jam.
1070 5190 1217 5267 tum.
1250 5201 1385 5241 cum
1418 5185 1519 5267 ille
1555 5186 1982 5267 liberscriptus
2011 5183 2058 5247 D
2091 5185 2263 5267 cujus
2288 5178 2539 5267 pro'inde
2573 5178 3174 5267 officium‘imminut—o
3205 5178 3609 5267 undequaque
3644 5178 3756 5267 im-

332 5253 474 5328 ίύἰῐἈ
495 5256 760 5328 ignotum
787 5253 991 5313 fuisse.
1028 5255 1267 5311 Interim
1316 5274 1436 5312 non
1465 5253 1976 5312 dissimulabo—Hi-

329 5326 607 5400 merium,
641 5330 741 5400 qui
766 5330 874 5385 sub
899 5329 1088 5383 Leone
1137 5328 1336 5383 Basilii
1361 5329 1418 5383 F.
1455 5330 1650 5399 (quem
1695 5335 1753 5384 et
1776 5328 1977 5400 philo-

329 5398 580 5471 sOphum
615 5398 949 5471 nominant)
982 5415 1107 5453 rem
1138 5406 1346 5455 contra
1375 5398 1675 5470 Agarenos
1699 5398 1977 5471 praeclare

369 5470 528 5542 essit,
564 5487 597 5525 a
657 5475 864 5527 Nostro
922 5470 1398 5542 protoasecretis,
1442 5487 1477 5526 a
1531 5470 1758 5527 Zonara
1785 5470 1976 5526 dromi

352 5540 687 5610 ogothetam
720 5540 1265 5600 dici.Dissenserint
1298 5560 1370 5597 ne
1403 5543 1835 5614 scriptores,an
1859 5542 1975 5597 duo

331 5608 456 5664 haec
481 5615 726 5670 nomina
760 5616 917 5670 idem
953 5614 1214 5669 officium
1249 5620 1479 5681 notent,
1512 5608 1630 5669 non
1659 5608 1749 5669 est
1780 5631 1976 5669 meum

332 5686 913 5750 pronuntiare.Certe
935 5688 1187 5741 Zonaras
1208 5685 1367 5741 hunc
1389 5687 1790 5742 Theoctistum
1811 5686 1978 5741 cani-

333 5750 431 5806 clii
455 5755 800 5826 praafectum
825 5756 937 5830 (τὸν
970 5754 1059 5810 ἐπὶ
1080 5758 1176 5809 τοῦ
1201 5754 1542 5832 κανικλεῐου)
1559 5758 1823 5825 vocat,in
1856 5758 1974 5815 fine

2089 5254 2253 5327 perio
2285 5254 2510 5312 nullius
2542 5262 2668 5310 erat
2696 5255 2993 5323 utilitatis,
3026 5271 3205 5326 quam
3258 5254 3329 5308 de
3389 5266 3750 5322 quocunque

2089 5329 2205 5384 alio
2238 5327 2661 5399 intelligendus
2686 5328 3042 5382 censebitur.
3071 5328 3245 5381 Gosa.

2161 5401 2244 5472 (8)
2288 5392 2747 5472 Ὑπολῖοριστικῶς
2795 5398 3245 5472 νᾷίοθμΊωάννου.
3293 5397 3379 5472 Ita
3425 5392 3644 5472 ludunt
3687 5392 3754 5447 in

2089 5468 2437 5527 nominibus
2467 5468 2799 5527 etiamnum
2820 5470 2995 5525 hodie
3011 5468 3502 5528 Graaci.utMariaa
3527 5480 3753 5520 nomen

2088 5560 2296 5598 novem
2332 5542 2521 5598 modis
2553 5543 2844 5597 efferant:
2908 5541 3112 5610 Μαρία,
3176 5541 3392 5611 Μαροῦ,
3433 5531 3748 5611 γΜαροῦλα,

2086 5612 2402 5687 Μαρουλοᾷ,
2439 5615 2736 5684 Ἀίαριετοῦ,
2777 5611 3147 5687 Μαριετοῦλα.
3202 5610 3553 5682 Ματερνὲτα.
3599 5613 3748 5660 Λου-

2088 5684 2213 5759 λοῦ,
2245 5683 2451 5742 Λοῦλα.
2486 5688 2665 5742 ϐοΑιι.
