4112 6414
275 428 430 491 1013

1430 429 1981 495 HISTORIARUM
2025 428 2582 498 COMPENDIUM.

3539 446 3700 505 1014

274 569 486 639 σχῆμα’
523 560 554 617 ὅ
580 563 672 619 καὶ
704 564 891 640 γέγονε
927 567 1063 640 μετά
1108 563 1298 633 ταῦτα,
1349 571 1447 623 τοῦ
1496 563 1788 624 Βασιλείου
1833 563 1919 632 rip

2048 563 2403 638 imperante,
2434 573 2623 644 capite
2672 576 2760 629 est
2804 579 3135 641 truncatus,
3169 591 3304 630 cum
3348 575 3699 635 deiectionis

275 653 455 733 ἀρχὴν
517 649 873 718 δειθύνοντος.
930 660 1165 728 Προεῖπε
1224 653 1282 711 δὲ
1360 656 1450 711 καὶ
1538 653 1796 731 Γεωργίῳ
1850 655 1931 723 τῷ

2042 662 2199 709 esset
2229 668 2561 717 accusatus.

286 746 659 817 στρατιωτικῷ
695 742 781 796 τὸν
831 741 1202 822 κατειληφότα
1246 745 1408 801 αὐτὸν
1456 745 1681 800 θάνατον
1733 741 1787 798 ἐν
1842 742 1910 813 τῇ
1967 738 2229 820 σφενδόνῃ
2292 752 2373 820 (9)
2424 753 2522 803 τοῦ
2578 748 2978 826 ἱπποδρομίου·
3020 752 3192 809 ἐκεῖσε
3248 754 3353 828 γάρ
3417 753 3701 827 μετέπειτα

274 837 370 889 τοῦ
403 832 691 889 Βασιλείου
725 832 1133 909 βασιλεύοντος,
1165 835 1495 899 ἀποστασίας
1527 835 1836 912 ἐγκλήματι
1869 832 2176 905 περιπεσὼν
2208 835 2521 910 ἀπετμήθη.

348 920 490 993 Ἤδη
526 921 585 977 δὲ
612 927 710 977 τοῦ
750 924 886 998 ἦρος
941 922 1350 998 διαλάμποντος
1410 924 1463 980 οἵ
1519 947 1578 981 τε
1633 921 1925 1000 Ἀγαρηνοὶ

275 1014 360 1068 καὶ
397 1011 662 1090 Θεόφιλος
694 1016 809 1068 κατ’
836 1012 1104 1085 ἀλλήλων
1136 1016 1482 1092 ἐξώρμησαν,
1530 1014 1817 1085 ἀλλήλους
1869 1011 1927 1067 δὲ

276 1102 597 1181 πτοηθέντες
661 1101 995 1177 ὑπέστρεψαν
1085 1103 1373 1181 ἄπρακτοι.
1443 1103 1811 1179 ἰ’ποστρὲψας
1870 1098 1927 1156 δὲ

275 1195 301 1249 ὁ
334 1180 598 1271 Θεόφιλος
631 1189 918 1269 πρεσϐείαν
948 1193 1162 1266 ἐδέξατο
1196 1200 1295 1251 τοῦ
1342 1197 1592 1273 Χαγάνου
1626 1192 1924 1270 Χαζαρίαε,

272 1282 645 1355 ἐξαιτουμένου
711 1285 991 1352 κτισθῆναι
1048 1285 1110 1339 τὸ
1205 1284 1437 1359 Μάρκελ
1516 1284 1923 1357 ὀνομαζόμενον

274 1372 546 1447 φρούριον·
604 1372 772 1427 τοῦτο
831 1373 936 1448 γάρ
992 1369 1170 1428 ἐδόκει
1227 1367 1401 1447 ἔρυμα
1475 1373 1735 1448 καρτερὸν
1793 1372 1923 1426 εἶναι

273 1469 371 1531 τῆς
402 1467 509 1518 τῶν
565 1466 916 1531 Πατζινακῶν
976 1460 1196 1541 ἐφόδου,
1249 1461 1488 1538 διεῖργον
1544 1463 1740 1526 αὐτοὺς
1785 1462 1923 1537 πρὸς

272 1551 337 1607 τὰ
371 1551 506 1627 μέρη
538 1549 636 1607 τοῖ’)
685 1549 948 1614 Τανάϊδος
1008 1556 1279 1626 ποταμοῦ.
1340 1552 1418 1609 υῦ
1482 1553 1795 1613 ὑπακούσας
1852 1554 1919 1625 τῇ

273 1641 481 1712 αἰτήσει
521 1640 549 1694 ὀ
593 1638 849 1716 βασιλεὺς
899 1638 1244 1711 ἐξαπέστειλε
1288 1661 1408 1697 τινα
1457 1646 1767 1714 Πετρωνᾶν,
1823 1640 1914 1694 καὶ

273 1734 369 1801 τὴν
411 1732 620 1786 τούτων
674 1728 888 1802 αἴτησιν
949 1732 1027 1793 εἰς
1066 1731 1232 1802 πέρας
1289 1733 1512 1809 ἢγαγεν.
1573 1731 1745 1795 Οὗτος
1797 1733 1923 1786 ὑπο-

276 1820 501 1894 στρέψας
531 1820 758 1895 γνώμην
787 1816 1039 1875 ἐδεδώκει
1071 1826 1151 1893 τῷ
1198 1819 1415 1896 βασιλεῖ
1465 1821 1540 1885 ὠς
1586 1820 1685 1877 οὐκ
1733 1820 1920 1883 ἃλλως

274 1908 413 1985 ἄρξει
444 1916 544 1980 τῆς
577 1911 856 1984 Χερσῶνος
901 1906 1137 1984 βεϐαίως
1179 1909 1215 1979 ἤ
1271 1912 1573 1987 στρατηγὸν
1626 1930 1920 1987 προχειρι-

2113 927 2255 983 Vere
2290 929 2553 999 ineunte,
2587 936 2836 1005 Agareni
2872 941 2929 989 et
2969 937 3327 1009 Theophilus
3353 937 3427 992 ad
3468 937 3693 995 bellum

2037 1015 2197 1071 inter
2228 1036 2288 1073 se
2319 1022 2646 1092 gerendum
2675 1026 2829 1081 facta
2859 1026 3235 1097 expeditione
3268 1028 3420 1082 alter
3448 1029 3698 1084 alterius

2037 1113 2202 1161 metu
2233 1108 2499 1177 domum,
2534 1113 2701 1169 nulla
2730 1131 2794 1169 re
2825 1122 3007 1187 gesta,
3044 1117 3367 1172 redierunt.
3404 1119 3695 1173 Reversus

2037 1195 2397 1268 TbeOpbilus
2427 1200 2653 1273 legatos
2686 1218 2719 1257 a
2742 1203 3012 1275 Chagano
3044 1206 3333 1260 Chazarias
3365 1206 3569 1277 regulo
3604 1224 3696 1262 ac-

2036 1283 2213 1354 cepit,
2248 1291 2487 1356 petente
2518 1288 2675 1344 930
2708 1296 2771 1345 ut
2818 1291 3123 1347 castellum
3157 1293 3251 1347 cui
3290 1308 3509 1348 nomen
3543 1294 3691 1347 Mar-

2035 1374 2123 1428 cel
2176 1376 2579 1433 conderetur:
2620 1396 2691 1435 ea
2743 1380 2903 1436 enim
2962 1382 3269 1437 videbatur
3316 1382 3512 1438 valida
3561 1382 3690 1438 fore

2034 1465 2287 1519 munitio
2312 1466 2383 1521 ad
2407 1468 2847 1525 Patzinacarum
2872 1472 3248 1526 incursiones
3265 1472 3686 1543 probibendas,

2035 1572 2181 1625 quos
2212 1573 2414 1611 versus
2465 1560 2689 1614 Tanain
2736 1560 2979 1615 ﬂuvium
3029 1568 3279 1617 arceret.
3314 1563 3534 1617 Horum
3582 1578 3690 1634 po-

2034 1643 2269 1698 stulatis
2301 1647 2685 1717 acquiescens
2717 1650 3082 1720 Theophilus
3127 1652 3443 1705 Petronam
3478 1666 3689 1721 quem-

2032 1730 2169 1786 dam
2199 1734 2382 1801 misit,
2408 1742 2465 1789 et
2496 1736 2765 1807 quodisti
2792 1738 3085 1809 petierant
3106 1738 3378 1794 confecit.
3405 1741 3689 1794 Petronas

2031 1837 2299 1877 reversus
2352 1823 2771 1895 imperatorem
2843 1828 3077 1882 monuit
3126 1844 3249 1882 non
3318 1845 3491 1900 posse
3549 1844 3684 1883 eum

2030 1913 2390 1969 Chersonem
2426 1919 2549 1969 tuto
2580 1917 2641 1970 in
2674 1933 2780 1971 sua
2818 1924 3107 1988 potestate
3151 1918 3432 1983 retinere,
3466 1918 3580 1972 nisi
3614 1934 3682 1971 eo

274 1998 496 2070 ζόμενος
530 1997 691 2053 ἴδιον·
756 1998 921 2074 μέγρι
980 2000 1084 2075 γὰρ
1142 1998 1346 2055 ἐκείνου
1403 2006 1500 2057 τοῦ
1560 2002 1760 2076 χρόνου
1820 2001 1911 2055 οὑ-

2032 2001 2389 2073 peculiarem
2442 2005 2640 2060 mittat
2687 2006 3052 2077 praefectum.
3084 2008 3228 2062 Nam
3279 2008 3351 2062 ad
3383 2006 3442 2060 id
3491 2023 3680 2077 usque

270 2085 375 2150 δεὶς
405 2093 514 2142 τῶν
571 2085 854 2161 ἡμετέρων
914 2086 1087 2163 ἄρξων
1146 2088 1361 2144 ἐκείνων
1421 2087 1730 2156 ἐστέλλετο,
1786 2087 1914 2145 αλλ’

267 2176 535 2253 ἐγχώριός
566 2198 650 2238 τις
682 2176 978 2251 πρωτεύων
1010 2179 1111 2246 τήν
1139 2178 1513 2255 προσηγορίαν
1559 2180 1625 2234 τά
1661 2184 1762 2248 τῆς
1814 2177 1916 2233 πό-

269 2266 405 2328 λεως
434 2267 503 2335 ἧν
535 2263 777 2322 διοικῶν.
817 2262 1253 2340 Προσδεξάμενος
1288 2268 1381 2321 οὗν
1408 2269 1508 2335 τήν
1547 2269 1717 2323 αὐτοῦ
1777 2289 1916 2340 συμ-

273 2352 475 2426 ϐουλὴν
508 2356 535 2410 ὑ
570 2354 823 2431 βασιλεὺς
854 2355 954 2410 οὑκ
984 2354 1153 2412 ἄλλον
1188 2356 1317 2412 ἀλλ’
1369 2357 1570 2413 ἐκεῖνον
1623 2357 1783 2412 αὐτὸν
1834 2357 1917 2428 ἐξ·

268 2443 546 2501 απτ-ἔστειλε
577 2444 881 2521 στρατηγὸν
911 2453 1012 2514 τῆς
1045 2446 1261 2525 χώρας,
1304 2443 1644 2523 διατάγματα
1693 2445 1915 2520 πέμψας

263 2539 343 2607 τῷ
367 2536 491 2590 τότε
527 2533 863 2609 πρωτεύοντι
895 2534 986 2589 καὶ
1017 2538 1132 2592 τοῖς
1174 2532 1368 2599 ἃλλοις
1405 2535 1704 2610 αὐτόχθασι
1757 2532 1919 2589 δυνα-

264 2628 379 2688 τοῖς
412 2622 647 2678 ὑπείκειν
680 2622 825 2693 αύτῷ
873 2619 1282 2685 άνενόοιάστως.
1329 2626 1561 2681 Ἔκτοτε
1608 2622 1700 2679 οὖν
1754 2622 1919 2700 ἐκρά-

260 2734 392 2785 τησε
423 2711 767 2790 στρατηγοὺς
799 2711 875 2773 είς
907 2713 1162 2787 Χερσῶνα
1190 2711 1517 2786 πέμπεσθαι.

331 2807 423 2876 Τῷ
456 2799 503 2856 δ’
532 2800 735 2856 ἐπιόντι
768 2799 1000 2873 ἐνιαυτῷ
1031 2807 1130 2871 τῆς
1169 2800 1393 2874 ἐαρινῆς
1425 2802 1723 2871 ἐπιστάσης
1769 2799 1917 2877 ὥρας

266 2888 427 2963 ἔξεισι
467 2893 604 2947 κατὰ
628 2895 737 2947 τῶν
808 2893 1123 2967 Ἀγαρηνῶν
1182 2890 1508 2969 ὁθεόφιλος
1564 2893 1697 2967 μετᾶ
1754 2890 1917 2948 δυνά-

273 3004 416 3057 μεως
448 2982 538 3037 καὶ
570 2982 758 3058 χειρὸς
787 2981 1033 3052 πολλῆς.
1073 2982 1293 3058 Πρόεισι
1327 2981 1385 3038 δὶ
1426 2982 1761 3058 πορρωτέρω
1811 2989 1913 3053 τῆς

268 3073 498 3149 Συρίας,
529 3073 724 3148 κείρων
753 3073 899 3144 ὁμοῦ
926 3073 1029 3142 τῆν
1060 3079 1165 3148 γῆν
1197 3074 1286 3129 καὶ
1320 3077 1540 3148 πορθῶν
1579 3073 1669 3127 καὶ
1719 3078 1824 3127 πᾶν
1851 3073 1914 3128 τὸ

265 3163 576 3241 προστυχὸν
660 3160 1010 3234 ληϊζόμενος.
1112 3161 1306 3224 Πόλεις
1374 3183 1432 3217 τε
1500 3162 1603 3237 γὰρ
1662 3162 1913 3235 πολέμου

262 3252 413 3328 νόμῳ
444 3251 677 3327 κατέσχε
707 3249 802 3307 δύο
831 3253 921 3307 καί
970 3249 1431 3325 ἠνδραποδίσατο,
1479 3255 1569 3308 καὶ
1626 3250 1793 3322 αὑτὴν
1856 3249 1914 3307 δὲ

2026 2092 2310 2164 temporis
2350 2109 2526 2147 nemo
2569 2099 2910 2150 nostrorum
2960 2113 3028 2151 eo
3062 2097 3276 2151 missus
3325 2097 3536 2163 fuerat,
3571 2095 3675 2151 sed

2026 2180 2307 2253 indigena
2335 2182 2552 2253 aliquis
2578 2185 2819 2240 nomine
2851 2186 3116 2257 primarii
3141 2187 3441 2241 civitatem
3467 2186 3677 2258 guber-

2026 2279 2215 2325 naral.
2252 2273 2577 2344 Imperator
2626 2275 2951 2345 approbato
2984 2276 3097 2331 hoc
3145 2276 3395 2330 consilio
3428 2276 3540 2346 ipsi
3573 2277 3679 2329 Pe-

2028 2368 2213 2417 tronae
2246 2364 2610 2435 provinciam
2650 2366 2802 2421 hanc
2846 2368 3186 2437 committit,
3222 2366 3517 2437 mittitque
3547 2383 3675 2421 eum

2027 2467 2095 2505 eo
2129 2468 2262 2506 cum
2296 2454 2593 2509 mandatis
2623 2455 2696 2509 ad
2722 2454 3073 2525 primarium
3108 2455 3495 2527 reliquosque
3526 2455 3677 2509 indi-

2023 2555 2203 2612 genas
2235 2558 2532 2612 proceres,
2567 2545 2837 2618 Petronaa
2860 2561 2959 2599 eos
2991 2544 3147 2599 dicto
3177 2545 3305 2599 sine
3338 2544 3680 2616 tergiversa-

2024 2628 2185 2684 tione
2218 2629 2529 2684 audientes
2562 2646 2689 2685 esse
2713 2631 3086 2703 jubentibus.
3115 2633 3197 2687 Ex
3228 2648 3296 2686 eo
3330 2631 3674 2686 obtinuitut

2021 2717 2283 2789 prmfecti
2314 2719 2677 2775 Chersonam
2700 2720 3034 2776 mittantur.

2095 2807 2410 2878 Sequentis
2436 2808 2579 2863 anni
2610 2825 2743 2864 vere
2774 2814 3111 2881 appetente,
3144 2809 3507 2882 TheOphilus
3545 2827 3674 2865 ma-

2023 2898 2153 2969 gnis
2209 2914 2345 2952 cum
2404 2898 2591 2969 copiis
2668 2899 2949 2955 adversus
3021 2901 3322 2971 Agarenos
3379 2901 3677 2972 profectus

2023 2986 2304 3041 vastando
2330 3002 2397 3041 ac
2448 2986 2846 3057 depraedando
2879 2987 3053 3043 obvia
3101 3005 3353 3060 quaeque
3387 2989 3559 3062 longe
3590 2994 3682 3043 est

2022 3075 2084 3129 in
2116 3073 2342 3145 Syriam
2376 3092 2742 3148 progressus,
2766 3076 2996 3133 duabus
3026 3079 3207 3132 etiam
3233 3077 3481 3133 urbibus
3503 3093 3680 3150 expu-

2022 3164 2236 3236 gnatis,
2274 3164 2735 3236 hominibusque
2778 3165 2917 3222 inde
2957 3168 3202 3238 captivis
3234 3166 3525 3223 abductis.
3559 3169 3680 3222 Ex-

2022 3253 2307 3327 pugnavit
2331 3255 2523 3325 ipsam
2545 3271 2783 3326 quoque
2816 3257 3211 3328 SOZOpetram,
3251 3272 3681 3311 amermumnze

260 3341 351 3409 τὴν
382 3341 698 3416 λεγομένην
743 3343 825 3415 [Ρ.
885 3344 1011 3416 529]
1054 3343 1414 3417 Σωζόπετραν
1466 3341 1912 3417 ἐξεπολιόρκησε,

2032 3343 2305 3415 patriam,
2339 3342 2558 3398 frustra
2578 3342 2682 3398 illo
2706 3360 2812 3416 per
2832 3344 3060 3399 litteras
3082 3345 3337 3400 multum
3365 3345 3681 3416 deprecato

258 3430 496 3506 πατρίδα
549 3432 923 3508 τυγχάνουσαν
1009 3435 1107 3486 τοῦ
1191 3432 1584 3507 ἆμερμουμνῆ·
1658 3433 1789 3507 ὑπὲρ
1848 3433 1914 3502 ἧς

257 3523 452 3580 πολλᾶ
486 3520 786 3595 κατεδεήθη
841 3521 932 3578 διὰ
987 3523 1335 3598 γραμμάτων
1394 3522 1576 3594 οὗτος,
1636 3522 1923 3601 φείσασθαι

260 3610 641 3688 ἐκλιπαρήσας
670 3620 769 3682 τῆς
800 3612 993 3667 ἑαυτοῦ
1047 3610 1331 3687 πατρίδος,
1383 3612 1428 3667 εἴ
1479 3611 1569 3668 καὶ
1623 3614 1699 3686 μὴ
1751 3632 1922 3688 προσ-

259 3704 391 3779 έσχε
456 3708 572 3765 τοῖς
618 3699 990 3777 γραφομένοις
1023 3703 1051 3757 ὁ
1083 3700 1362 3777 βασιλεύς.
1418 3704 1518 3757 Καὶ
1564 3706 1732 3757 ταῦτα
1782 3699 1924 3757 διοι-

255 3794 575 3867 κησάμενος
623 3790 863 3847 ἐπάνεισι
904 3791 1042 3867 πρὸς
1090 3792 1190 3859 τήν
1241 3790 1634 3867 βασιλεύουσαν
1668 3792 1696 3846 ὁ
1728 3790 1922 3871 θεόφι-

256 3879 382 3952 λος,
414 3881 514 3936 τὸν
547 3875 821 3956 Θεόφοῦον
853 3879 1083 3935 κατόπιν
1119 3878 1303 3934 λιπὼν
1346 3877 1429 3956 ἐφ’
1459 3877 1504 3951 ᾧ
1537 3900 1596 3933 τε
1647 3876 1922 3943 διαθέσθαι

254 3970 322 4025 τὰ
347 3974 452 4026 τοῦ
483 3973 718 4046 στρατοῦ
766 3966 953 4030 καλῶς
1009 3968 1099 4023 καὶ
1163 3966 1253 4023 διὰ
1305 3967 1513 4043 τάχους
1566 3967 1703 4042 πρὸς
1759 3968 1921 4023 αὑτὸν

259 4055 692 4134 ἐπαναδραμεῖν.
722 4055 877 4114 Ἀλλ’
932 4057 985 4111 οἱ
1039 4058 1239 4132 Πέρσαι
1301 4053 1391 4110 διὰ
1445 4058 1545 4126 τήν
1603 4059 1712 4110 τῶν
1772 4062 1921 4134 σφῶν

256 4146 588 4223 σιτηρεσίων
623 4150 738 4219 (l0)
807 4147 1093 4222 ὑστέρησιν
1145 4142 1299 4207 ὄντες
1354 4144 1669 4221 περιαλγεῖς
1718 4145 1770 4200 ἐν
1828 4152 1921 4200 Σι-

251 4237 417 4313 νώπῃ
453 4237 752 4315 συσχόντες
807 4235 900 4291 τὸν
961 4230 1237 4313 Θεόφοϐον
1296 4233 1522 4309 βασιλέα
1576 4235 1665 4290 καὶ
1723 4233 1922 4290 ἄκοντα

249 4326 621 4402 ἄνεκήρυξαν,
688 4323 877 4382 πολλὰ
945 4324 1283 4402 λιπαροῦντα
1373 4326 1464 4380 καὶ
1545 4325 1920 4396 ποτνιώμενον

251 4416 605 4495 ἀποσχέσθαι
635 4422 736 4485 τῆς
795 4416 1056 4487 τοιαύτης
1117 4416 1319 4490 ὁρμῆς,
1375 4416 1468 4469 καὶ
1524 4412 1924 4470 ἐπαπειλοῦντα

256 4504 411 4562 δεινᾶ
442 4507 723 4561 πείσεσθαι
751 4504 981 4567 τούτους
1011 4504 1137 4560 ὅσον
1172 4500 1327 4559 οὔπω
1375 4505 1538 4579 χάριν
1592 4509 1694 4559 τοῦ
1737 4504 1923 4559 τοιού-

245 4617 348 4652 του
374 4595 771 4669 τολμήματος.
805 4595 897 4655 Ὠς
929 4591 977 4650 δ’
1009 4592 1070 4649 ού
1102 4598 1405 4673 προσεῖχον
1436 4595 1586 4666 αύτῷ
1634 4591 1763 4650 ἀλλ’
1814 4593 1920 4669 ὅλῃ

2025 3437 2093 3487 ut
2123 3448 2244 3487 sua:
2277 3433 2481 3503 patrias
2512 3440 2803 3504 parceret.
2838 3434 2938 3489 His
2968 3434 3150 3506 gestis
3185 3433 3511 3505 imperator
3538 3434 3682 3507 Cpo-

2026 3523 2112 3578 lin
2143 3522 2319 3591 redit,
2370 3523 2579 3578 relicto
2629 3524 3010 3596 Theophobo,
3043 3525 3189 3580 931
3233 3525 3332 3596 qui
3384 3525 3680 3581 exercitus

2026 3611 2206 3667 rebus
2238 3612 2576 3666 constitutis
2603 3628 2781 3682 quam
2834 3612 3094 3684 primum
3128 3619 3187 3667 et
3216 3613 3341 3684 ipse
3380 3629 3446 3667 eo
3476 3631 3685 3668 recur¢

2025 3707 2206 3757 reret.
2238 3702 2532 3756 Cmterum
2563 3702 2760 3756 Persas
2784 3702 3161 3773 iniquissime
3184 3702 3443 3759 ferentes
3465 3703 3690 3759 tardius

2028 3790 2139 3846 sibi
2172 3789 2315 3845 solvi
2349 3789 2668 3861 stipendia,
2704 3791 2938 3862 Sinopa}
2971 3793 3465 3863 comprehensum
3497 3793 3687 3848 Theo-

2026 3879 2287 3952 phobum
2320 3879 2698 3950 imperatoris
2746 3880 2917 3935 titulo
2967 3879 3259 3949 afﬁciunt,
3291 3882 3685 3937 reluctantem

2028 3987 2169 4026 sane
2200 3970 2525 4040 multisque
2555 3969 2751 4023 verbis
2783 3986 2849 4024 ac
2880 3970 3140 4039 querelis
3178 3987 3280 4025 eos
3311 3970 3382 4025 ab
3412 3971 3684 4026 instituto

2027 4060 2464 4127 dehortantem,
2497 4059 2951 4129 minantemque
2997 4075 3101 4113 eos
3152 4065 3396 4130 propter
3427 4059 3485 4113 id
3528 4061 3684 4115 haud

2027 4150 2218 4205 multo
2277 4155 2412 4221 post
2464 4164 2667 4219 graves
2737 4163 2942 4219 poenas
3011 4147 3274 4203 daturos.
3330 4148 3494 4213 Quod
3552 4166 3689 4205 cum

2026 4236 2247 4293 frustra
2278 4253 2338 4292 se
2370 4235 2563 4291 facere
2612 4235 2857 4302 videret,
2889 4234 3034 4306 ipsis
3079 4240 3203 4289 toto
3247 4235 3449 4290 animo
3495 4236 3692 4291 omni-

2029 4344 2142 4398 que
2175 4332 2392 4382 conatu
2444 4325 2812 4397 propositum
2866 4324 3239 4396 urgentibus,
3282 4325 3513 4380 occulte
3559 4343 3685 4381 rem

2027 4416 2376 4488 imperatori
2410 4415 2723 4487 signiﬁcat,
2750 4413 3147 4486 jurejurando
3175 4415 3538 4470 confirmans
3567 4432 3688 4470 non

2029 4523 2114 4573 se,
2148 4521 2351 4561 Verum
2400 4507 2613 4559 Persas
2659 4504 2942 4559 facinoris
2990 4503 3170 4573 hujus
3219 4509 3492 4558 auctores
3535 4521 3686 4560 esse.

2027 4596 2110 4650 Ac
2139 4600 2265 4649 tum
2290 4593 2531 4664 quidem
2560 4591 2924 4663 Theophilus
2952 4590 3319 4647 voluntatem
3344 4590 3689 4665 Tbeophobi

242 4686 450 4763 γνώμῃ
520 4682 609 4738 καὶ
664 4683 976 4760 προαιρέσει
1034 4687 1134 4738 τοῦ
1191 4683 1601 4759 ἐγχειρήματος
1673 4680 1919 4757 εἴχοντο,

248 4773 270 4790 ἱ
306 4775 349 4790 1-
511 4774 524 4790 I
628 4773 646 4790 ἱ
731 4771 778 4790 ,1
1084 4773 1130 4790 ll-
1251 4769 1281 4782 θ
1338 4774 1367 4790 ﬂ
1469 4771 1490 4790 Ἰ
1534 4775 1558 4787 ο
1702 4771 1717 4790 \
1770 4771 1784 4790 9
1839 4771 1851 4790 1

2032 4682 2398 4753 approbavit,
2431 4687 2491 4736 et
2521 4681 2581 4735 in
2614 4680 2811 4736 aulam
2844 4683 3117 4735 revocato
3149 4679 3467 4751 pristinam
3498 4680 3688 4754 digni-

2034 4775 2207 4790 ι-Α---
2248 4770 2505 4790 ---αξι--ξι
2563 4769 2757 4790 h-__:_
2801 4784 3026 4790 _-_-._-_-
3077 4767 3270 4790 .I-I:-1.:
3323 4769 3560 4790 ___LE___
3596 4771 3643 4790 ιιᾼ

248 4773 437 4849 λάθρα
468 4774 535 4829 τὰ
561 4771 885 4837 τελεσθέντα
923 4773 1178 4850 γνωρίζει
1209 4769 1288 4845 τῷ
1338 4771 1579 4847 βασιλεῖ,
1627 4771 1718 4827 καὶ
1766 4771 1920 4847 ἐνόρ-

241 4884 357 4927 κως
418 4862 775 4939 πληροφορεῖ
822 4863 896 4925 ὡς
952 4860 1051 4916 οὐκ
1099 4861 1284 4929 αὐτὸς,
1327 4862 1379 4915 οἱ
1438 4862 1643 4937 Πέρσαι
1699 4858 1757 4916 δὲ
1811 4866 1920 4917 τῶν

246 4953 654 5027 τολμηθέντων
725 4950 919 5007 αἴτιοι.
984 4950 1090 5008 Καὶ
1144 4949 1269 5005 τότε
1368 4950 1462 5022 μέν
1555 4952 1655 5020 τῆν
1720 4949 1923 5006 ἐκείνου

245 5042 579 5119 προαίρεσιν
614 5042 643 5096 ὁ
677 5040 939 5116 βασιλεὺς
978 5036 1330 5114 ἀποδέχεται,
1384 5039 1476 5094 καὶ
1524 5040 1661 5114 πρὸς
1709 5039 1775 5094 τά
1825 5040 1923 5115 βα-

248 5131 445 5190 σίλεια
477 5132 636 5186 αὑτὸν
679 5126 941 5199 εἰσκαλεῖ,
973 5129 1074 5198 τῆν
1118 5127 1387 5203 προτέραν
1436 5127 1734 5203 εύκληρίαν
1788 5128 1923 5185 ἀπο-

248 5219 474 5290 διδοὺς,
507 5220 835 5297 συγγνώμην
870 5216 929 5275 δὲ
959 5213 1126 5274 ἅπασι
1154 5223 1273 5281 τοῖς
1314 5215 1546 5292 Πέρσαις
1592 5214 1786 5273 δίδωσι
1833 5218 1925 5273 καὶ

243 5315 440 5367 κακῶν
505 5309 831 5384 ἀμνηστίαν.
890 5306 1005 5366 Ούκ
1061 5308 1148 5363 καὶ
1208 5306 1529 5371 πεισθέντας
1611 5312 1733 5369 ταῖς
1788 5306 1921 5363 ὑπο-

2033 4775 2214 4825 tatem
2247 4770 2526 4825 restituit.
2563 4769 2762 4824 Persis
2795 4784 3031 4839 quoque
3071 4767 3273 4824 delicti
3317 4769 3569 4841 gratiam
3595 4771 3691 4826 fe-

2035 4860 2115 4914 cit
2143 4865 2203 4915 et
2250 4858 2610 4930 injuriarum
2665 4859 3026 4914 oblivionem
3078 4858 3371 4930 promisit.
3413 4860 3522 4924 Qui
3554 4877 3692 4917 cum

2035 4948 2212 5004 ﬁdem
2246 4946 2528 5020 pollicitis
2554 4946 2845 5002 habentes
2877 4948 3095 5018 Sinopa
3125 4946 3520 5016 discederent,
3551 4948 3692 5002 divi-

2034 5037 2177 5094 dere
2208 5054 2307 5093 eos
2342 5035 2570 5101 statuit,
2602 5051 2678 5090 ne
2710 5040 2877 5091 tanta
2906 5035 3224 5091 multitudo
3256 5037 3416 5109 {nam
3457 5053 3695 5093 summa

2035 5143 2239 5185 eorum
2270 5126 2345 5182 ad
2377 5125 2619 5198 triginta
2649 5123 2842 5180 millia
2870 5124 3167 5197 surgebat)
3198 5124 3377 5180 simul
3413 5124 3691 5197 degeret;

2033 5218 2283 5289 utilique
2314 5215 2568 5272 consilio
2590 5214 2730 5270 bina
2760 5213 2821 5267 in
2850 5213 3115 5285 singulas
3145 5214 3481 5286 provincias
3502 5215 3695 5273 millia

2035 5306 2257 5372 divisit,
2293 5305 2394 5377 qui
2428 5303 2536 5360 sub
2589 5318 2791 5359 earum
2840 5301 3138 5373 praefectis
3186 5308 3406 5363 essent.
3435 5305 3569 5361 Hinc
3598 5321 3697 5361 res

1475 5449 1843 5509 XYLANDRI
1890 5451 1979 5507 ET
2016 5448 2239 5506 GOARI
2275 5448 2498 5504 ΝΟΤίΕ.

321 5599 411 5668 (9)
453 5595 685 5668 Funda,
717 5614 773 5668 σς

250 5637 692 5740 ειᾚίίῦἷεῖρἶῖἇ
720 5637 1001 5740 Νἷειτνιιῐέί
1026 5670 1085 5721 et
1103 5666 1401 5740 Zonaram
1433 5637 1703 5740 mentio,’
1726 5637 1866 5721 Χγί.

328 5742 454 5816 (10)
493 5735 705 5797 Notum
735 5738 938 5794 estita
966 5736 1122 5808 apud
1153 5735 1470 5793 historicos
1518 5735 1775 5793 militum
1824 5735 1926 5792 sti-

717 5587 1001 5666 σφενδόνη,
1033 5592 1199 5649 locus
1258 5596 1349 5648 est
1397 5592 1459 5647 in
1516 5592 1703 5664 Circo,
1756 5592 1926 5666 cujus

2035 5589 2497 5717 pendiaxvocari,
2533 5587 2690 5661 quod
2739 5585 2999 5644 maxima
3045 5601 3253 5643 eorum
3284 5586 3346 5643 in
3369 5588 3527 5647 victu
3557 5605 3696 5662 pars

2038 5680 2169 5717 esse
2204 5702 2217 5717 .
2301 5679 2386 5717 YL.

2038 5679 2217 5722 esset.
2248 5679 2386 5717 ᾹΥΙ..
