4184 6422
344 399 500 464 1015
1705 391 2030 453 GEORGII

2145 392 2413 454 BDRENI
3609 380 3768 442 1016

346 538 404 589 et
430 535 644 587 Persas
675 533 983 601 suspectos
1008 528 1166 595 fecit,
1195 532 1253 583 et
1281 543 1401 582 non
1433 526 1621 581 multo
1656 531 1789 597 post
1817 525 2000 580 Theo-

2148 526 2332 599 χέσεσι
2363 526 2451 580 καὶ
2486 532 2587 595 τῆς
2630 523 2886 590 Σινώπης
2946 517 3417 593 ἀποδημήσαντας
3465 513 3605 590 ἔγνω
3653 510 3763 569 δεῖν

346 622 544 696 phobo
576 636 788 676 necem
836 619 1054 675 attulit.
1086 617 1348 673 Accessit
1394 622 1593 671 tamen
1647 615 1765 671 alia
1795 632 1997 680 causa,

2174 612 2435 689 βησιλεὺς
2469 611 2756 682 διαστῆσαι
2789 612 2875 671 καὶ
2914 613 2991 685 μή
3047 612 3307 665 τοσοῦτον
3358 604 3575 675 πλῆθος
3624 604 3767 677 ὁμοῦ

350 694 456 766 suo
487 708 618 763 loco
650 706 825 763 nobis
856 705 1227 778 exponenda.

2154 705 2339 779 ιάγειν.
2401 703 2504 760 Καὶ
2563 701 2785 777 ἐπείπερ
2845 702 2922 764 εἷς
3005 704 3151 775 τρεῖς
3224 694 3489 771 μυριάδας
3544 694 3608 748 τὸ
3663 697 3770 749 πᾶν

350 796 691 872 ἐκορυφοῦτο
722 799 828 850 τῶν
863 798 1085 867 Περσῶν
1118 792 1357 862 πλῆθος,
1412 792 1597 855 καλῶς
1652 793 1989 865 σκεψάμενος
2049 793 2258 866 ἑκάστῳ
2315 795 2507 867 θὲματι
2568 789 2827 869 χιλιάδας
2887 785 3225 864 ἐξαπέστειλε
3280 784 3398 855 δύο,
3449 783 3554 840 ὑπὸ
3606 787 3772 862 χεῖρα

352 886 529 942 τελεῖν
563 884 866 960 προστάξας
904 888 1022 944 τοῖς
1083 880 1137 937 ἐν
1197 883 1345 953 αὐτῷ
1403 886 1824 958 στρατηγοῦσιν.
1881 882 2099 953 Αὕτηὴ
2132 882 2277 938 αἰτία
2336 883 2609 947 ὑπόπτους
2657 904 2717 938 τε
2767 882 2898 943 τοὺς
2952 887 3157 955 11ερσας
3213 876 3459 947 ἰποίησε,
3510 872 3602 928 καὶ
3657 872 3772 945 μετ’

354 973 417 1031 οὒ
448 974 595 1030 πολὺ
626 975 717 1029 τὸν
751 967 1026 1051 Θεόφοϐον
1056 973 1285 1050 ἐξήγαγε
1320 980 1423 1043 τῆς
1476 978 1646 1044 ζωῆς.
1695 972 1941 1048 Ἐγένετο
1999 970 2059 1029 δὲ
2107 994 2191 1037 τις
2236 973 2326 1029 καὶ
2361 972 2581 1050 δευτέρα
2629 973 2793 1044 αἰτία,
2835 973 2901 1044 ἣν
2931 972 2958 1027 ὁ
2988 970 3157 1046 λόγος
3204 965 3446 1036 δηλώσει
3492 965 3629 1020 κατὰ
3677 963 3771 1018 τὸν

353 1065 563 1121 οἶκεῖον
592 1062 806 1135 καιρόν.

423 1157 714 1212 Caeterum
747 1170 1194 1210 amermumnas
1226 1154 1457 1210 excidio
1502 1155 1709 1228 patriai
1743 1154 2010 1209 animum

350 1245 578 1318 ingenti
636 1243 839 1300 dolore
900 1245 1159 1311 saucius,
1215 1245 1479 1315 undique
1538 1261 1609 1300 ex
1665 1244 2010 1317 Babylonia,

352 1334 676 1404 Phoenicia,
698 1333 1384 1406 Palmstina,Cwlesyria,
1406 1334 1809 1405 ulterioreque
1833 1334 2010 1389 etiam

354 1425 509 1480 932
541 1423 740 1479 Africa
770 1423 971 1495 copias
994 1424 1300 1494 conduxit,
1324 1424 1617 1479 militibus
1641 1424 1921 1479 mandato
1948 1428 2016 1479 ut

357 1514 549 1585 quivis
573 1517 738 1568 scuto
759 1529 864 1567 suo
879 1513 1185 1568 Amorium
1200 1513 1571 1570 inscriberet.
1586 1515 1709 1579 Quo
1730 1513 2015 1568 innuebat

359 1620 422 1659 se
457 1602 764 1657 Amorium
811 1603 1047 1674 aggredi
1078 1602 1245 1659 velle.
1297 1603 1466 1675 Apud
1514 1605 1756 1658 Tarsum
1806 1620 2015 1659 omnes

361 1693 492 1763 ejus
523 1691 709 1764 copia:
759 1697 1183 1747 convenerunt.
1236 1691 1595 1763 Theophilus
1644 1709 1882 1764 quoque
1914 1709 2016 1747 ex-

359 1780 663 1852 peditione
692 1778 845 1834 facta
865 1778 940 1834 ad
971 1779 1307 1851 Dorylaeum
1332 1780 1622 1850 pervenit,
1646 1780 1805 1852 quod
1836 1780 2017 1836 tridui

360 1870 575 1924 itinere
633 1868 800 1923 abest
854 1867 926 1923 ab
985 1868 1247 1923 Amorio.
1280 1869 1466 1924 Fuere
1517 1874 1642 1924 tum
1703 1869 1876 1925 multi
1919 1868 2019 1940 qui

362 1957 684 2014 suaderent
741 1957 1089 2029 imperatori
1170 1963 1237 2012 ut
1306 1958 1740 2013 Saracenorum
1807 1957 2019 2030 majori

2189 1155 2251 1212 Ὀ
2310 1150 2360 1208 δ’
2417 1153 2703 1228 ἀμερμνῆς
2767 1156 3026 1209 τοσοῦτον
3107 1149 3317 1225 ἐτρώθη
3401 1146 3501 1214 τὴν
3585 1143 3770 1219 ψυχὴν

2121 1239 2209 1296 ἐπὶ
2240 1245 2310 1316 τῇ
2361 1241 2657 1298 καταλύσει
2714 1250 2813 1313 τῆς
2869 1239 3306 1318 ἐκπορθηθείσης
3361 1231 3621 1311 πατρίδος
3679 1231 3773 1286 αὐ-

2120 1337 2240 1400 τοῦ,
2301 1334 2377 1396 ὡς
2445 1339 2729 1413 πανταχοῦ
2784 1334 3033 1389 θεσπίσαι
3086 1336 3260 1386 πᾶσαν
3318 1325 3541 1397 ἡλικίαν
3600 1322 3660 1380 ἔκ
3715 1342 3776 1378 τε

2123 1417 2504 1494 Βαϐυλωνίας,
2538 1409 2946 1494 καῖ-Φοινίκης,
2979 1421 3068 1477 καὶ
3102 1417 3495 1487 Παλαιστίνης,
3518 1412 3609 1470 καὶ
3646 1409 3776 1467 Κοί-

2124 1511 2230 1582 λης
2294 1512 2516 1589 Συρίας,
2576 1512 2656 1570 ἒτι
2716 1511 2774 1569 δὲ
2829 1514 2918 1569 καὶ
2974 1518 3075 1581 τῆς
3150 1505 3484 1586 πορῥωτέρω
3564 1497 3774 1571 Λιϐύης

2125 1599 2492 1676 ἀθροίζεσθαι.
2538 1604 2716 1658 Πάντα
2772 1598 2829 1656 δὲ
2874 1600 2966 1655 τὸν
3018 1595 3440 1672 στρατευόμενον
3488 1593 3582 1647 σὺν
3631 1589 3779 1662 αὖτῷ

2126 1690 2352 1768 γράφειν
2390 1692 2453 1746 πί
2502 1699 2604 1761 τῆς
2650 1691 2853 1755 οἰκείας
2905 1686 3149 1761 ἀσπίδος,
3208 1684 3513 1762 Ἀμώριον,
3563 1678 3784 1736 ἐκέλευ-

2128 1800 2207 1851 σε,
2236 1782 2336 1851 τήν
2365 1782 2483 1836 κατ’
2517 1780 2681 1836 αὐτοῦ
2715 1781 2894 1855 ὁρμὴν
2915 1778 3309 1851 αἰνιττόμενος.
3344 1774 3609 1847 Συνήχοη
3642 1773 3775 1844 γοῦν

2128 1867 2276 1942 αὖτῷ
2330 1870 2490 1932 πᾶςὸ
2525 1868 2751 1945 στρατὸς
2810 1869 2907 1924 ἀνᾶ
2963 1869 3062 1937 τήν
3122 1864 3352 1941 Ταρσόν.
3412 1859 3661 1934 Ἐπεξῄει
3719 1855 3778 1913 δὶ

2127 1960 2217 2012 καί
2250 1956 2572 2036 ὁθεόφιλος
2629 1959 2770 2014 κατὰ
2821 1958 2884 2013 τὸ
2944 1953 3270 2032 Δορύλαιον,
3326 1954 3493 2027 τριῶν
3551 1951 3775 2021 ἡμερῶν

362 2063 535 2119 quam
566 2063 698 2118 qum
749 2024 1010 2101 inhiberi
1058 2046 1251 2119 possit
1298 2046 1351 2101 vi
1390 2048 1695 2103 ruentium
1730 2024 2018 2120 impetum

2145 2045 2256 2102 586v
2291 2024 2571 2124 Ἀμυυρίου
2602 2047 2834 2124 ἀπέχον.
2868 2024 3103 2103 Πολλῶν
3152 2024 3261 2099 οὗν*
3287 2024 3784 2115 συμϐουλευόντων

362 2135 713 2200 declinaret,
778 2135 1122 2206 incolasque
1180 2135 1404 2191 Amorii
1469 2136 1589 2191 alio
1653 2137 2018 2192 transferret.

363 2224 478 2281 Sed
506 2225 569 2279 in
600 2223 822 2279 infame
853 2240 922 2279 ac
971 2239 1182 2295 parum
1225 2224 1396 2279 virile
1444 2230 1606 2279 ratus
1637 2225 2020 2296 Theophilus,

364 2314 839 2387 praeclarumque
862 2328 930 2367 ac
954 2312 1107 2367 forte
1128 2317 1396 2368 statuens
1414 2313 1621 2369 urbem
1641 2329 2024 2369 communere

367 2409 426 2459 et
459 2402 686 2458 strenui
714 2401 881 2456 ducis
905 2401 1154 2457 consxlia
1170 2419 1425 2472 servare,
1450 2404 1683 2458 Aetium
1706 2402 2023 2474 patricium

369 2491 763 2549 Orientalium
814 2490 1025 2546 ducem
1077 2507 1212 2545 cum
1260 2507 1441 2546 manu
1498 2491 1571 2547 ad
1622 2491 2025 2564 proﬂigandos

368 2582 573 2637 hostes
602 2580 817 2635 idonea
847 2579 1051 2635 mittit.
1085 2580 1460 2636 Multitudine
1511 2598 1747 2653 quoque
1779 2581 2029 2654 praeficit

369 2688 471 2727 eos
502 2671 602 2742 qui
625 2671 801 2743 paulo
833 2675 1280 2743 postmartyres
1302 2671 1440 2727 facti
1471 2677 1628 2742 sunt,
1652 2672 2027 2729 Theodorum

370 2765 701 2829 Craterum,
752 2763 1165 2835 Theophilum,
1217 2763 1594 2820 Babutzicum
1639 2770 1698 2820 et
1740 2765 2025 2837 reliquos,

373 2852 475 2924 qui
509 2868 629 2908 non
662 2852 838 2907 modo
870 2856 1014 2908 tunc
1043 2852 1209 2908 missi
1240 2855 1557 2924 exercitus,
1591 2855 1696 2911 sed
1729 2861 1789 2911 et
1816 2857 2027 2911 cohor-

372 2944 449 2999 tis
482 2943 879 3017 quadraginta
900 2943 1152 2999 duorum
1183 2951 1513 3016 martyrum
1542 2945 1784 3003 fuerunt
1813 2947 2031 3018 princi-

371 3049 500 3106 pes.
534 3033 963 3088 Saracenorum
1008 3049 1145 3089 vero
1194 3034 1474 3107 princeps
1525 3040 1836 3108 postquam
1888 3038 2031 3092 Tar-

375 3138 509 3178 sum
537 3126 658 3176 toto
689 3138 824 3177 cum
869 3123 1129 3178 exercitu
1155 3123 1335 3193 venit,
1370 3141 1504 3182 cum
1548 3124 1671 3180 suis
1702 3125 1845 3196 quid
1874 3126 2031 3183 facto

374 3225 521 3265 usus
542 3210 618 3264 sit
638 3209 1297 3285 deliberat,divinatque
1320 3230 1443 3270 non
1463 3219 1625 3269 recta
1638 3214 1711 3271 ad
1724 3216 2032 3271 Amorium

378 3314 505 3354 esse
541 3300 930 3373 pergendum,
963 3301 1068 3356 sed
1097 3302 1457 3358 mittendum
1488 3320 1623 3359 cum
1668 3309 1834 3375 parte
1866 3320 2035 3360 exer-

2136 2138 2441 2210 μετοικίσαι
2472 2138 2563 2194 τὸν
2598 2137 2649 2193 ἐν
2684 2136 2945 2213 Ἀμωρὶῳ
2995 2135 3250 2191 οἰκοῦντα
3287 2130 3421 2188 λαὸν
3466 2130 3558 2184 καὶ
3613 2130 3777 2183 ὑπεν-

2134 2224 2321 2283 δοῦναι
2348 2233 2419 2303 τῇ
2469 2227 2689 2304 ἀσχέτῳ
2712 2232 2853 2307 φορᾷ
2897 2231 3007 2282 τῶν
3059 2226 3418 2301 Σαρακηνῶν,
3466 2223 3634 2307 τοῦτο
3686 2217 3779 2307 μὲν

2136 2315 2324 2387 ἄδοξον
2365 2312 2540 2372 ἐδόκει
2570 2322 2649 2389 τῷ
2680 2305 2934 2396 Θεοφίλῳ
2971 2315 3063 2371 καὶ
3094 2309 3375 2389 ἄνανδρον,
3414 2307 3583 2365 καλὸν
3618 2305 3675 2362 δὲ
3695 2305 3788 2396 καλ

2136 2407 2273 2482 πρὸς
2314 2404 2534 2481 ἀνδρίαν
2566 2403 2719 2461 εὗδον
2752 2406 2815 2462 τὸ
2849 2403 3065 2480 μᾶλλον
3118 2402 3470 2481 ὲποχυρῶσαι
3520 2396 3651 2452 αὐτὸ
3697 2395 3789 2449 καὶ

2138 2501 2448 2571 στρατηγοῦ
2504 2497 2750 2572 γενναίου
2811 2493 3072 2550 διασῶσαι
3139 2490 3339 2569 βουλῇ.
3412 2482 3791 2560 Ἐξαπέστειλε

2136 2590 2267 2661 γοῦν
2326 2585 2535 2643 Ἀέτιον
2591 2587 2685 2640 τὸν
2743 2585 3033 2660 πατρίκιον
3089 2583 3180 2638 καὶ
3232 2586 3343 2636 τῶν
3422 2574 3791 2636 Ἀνατολικῶν

2140 2678 2467 2751 στρατηγὸν,
2502 2673 2629 2739 δοὺς
2662 2675 2812 2748 αὐτῷ
2856 2674 2948 2730 καὶ
2998 2679 3161 2749 χεῖρα
3203 2673 3472 2745 ἀρκοῦσαν
3525 2667 3602 2729 εἷς
3656 2666 3791 2720 ἀπο-

2138 2768 2349 2840 τροπὴν
2380 2766 2487 2821 τῶν
2548 2765 2783 2841 ἐχθρῶν.
2843 2760 3062 2822 Ἐδίδου
3120 2759 3177 2817 δὶ
3214 2762 3306 2816 καὶ
3366 2755 3643 2841 ἡγεμόνας
3695 2757 3795 2809 τοῦ

2141 2839 2278 2909 λαοῦ
2333 2853 2462 2916 τοὺς
2523 2839 2665 2926 μετα
2720 2853 2901 2931 βραχὺ
2980 2850 3452 2926 μαρτυρήσαντας,
3488 2839 3790 2931 ΑΘεὸδωρον

2138 2942 2229 2996 τὸν
2263 2939 2565 3018 Κρατερὸν,
2612 2926 3041 3016 καὶ-Θεόιριλον,
3089 2936 3179 2992 καὶ
3220 2936 3315 2990 τὸν
3364 2926 3789 3003 Βουᾶούτζικον,

2140 3030 2229 3086 καὶ
2261 3032 2388 3095 τοὺς
2422 3031 2676 3101 Λοιποὺς,
2720 3032 2808 3105 [Ρ.
2839 3031 2967 3103 530]
2999 3027 3192 3089 οἳτινες
3221 3026 3286 3081 οὗ
3321 3024 3483 3100 μόνον
3511 3021 3607 3077 τοῦ
3636 3040 3790 3091 πεμ-

2143 3120 2365 3200 φθέντος
2396 3119 2524 3176 τότε
2564 3118 2722 3189 λαοῦ,
2755 3115 2902 3174 ἀλλὰ
2927 3117 3019 3174 καὶ
3057 3124 3157 3187 τῆς
3208 3113 3483 3193 φάλαγγος
3535 3113 3642 3165 τῶν
3694 3109 3790 3183 μβ¹

2149 3199 2439 3287 μαρτύρων
2474 3214 2582 3284 (11)
2622 3209 2902 3288 γεγόνασιν
2953 3205 3223 3285 ἀρχηγοί.
3272 3206 3360 3266 Ὦς
3410 3200 3466 3259 δὲ
3510 3200 3643 3256 κατὰ
3688 3199 3788 3267 τήν

2147 3302 2351 3376 Ταρσὸν
2381 3298 2576 3372 ἐπέστη
2612 3299 2746 3375 μετὰ
2792 3298 2993 3361 παντὸς
3042 3300 3138 3353 τοῦ
3195 3298 3330 3351 Λαοῦ
3372 3294 3400 3349 ὁ
3447 3296 3555 3348 τῶν
3617 3295 3795 3363 Σαρα-

380 3389 531 3443 citus
564 3388 774 3458 filium,
808 3389 909 3460 qui
958 3392 1283 3447 exercitum
1317 3394 1648 3448 Romanum
1700 3398 1908 3448 tentet.
1944 3395 2030 3450 Sic

2149 3395 2331 3457 κινῶν
2365 3389 2615 3465 ἡγεμὼν,
2675 3384 3111 3463 βουλευσάμενος
3173 3385 3306 3460 μετὰ
3361 3386 3471 3438 τῶν
3531 3379 3799 3435 συνόντῖω

385 3478 546 3532 enim
575 3479 1061 3547 ratiocinabatur,
1087 3480 1135 3535 si
1162 3481 1404 3551 quidem
1433 3482 1592 3537 illius
1618 3482 2040 3554 imperatorem

385 3567 540 3623 988
568 3567 823 3636 vicisset,
853 3574 1085 3639 patrem
1127 3586 1364 3641 quoque
1415 3570 1574 3627 haud
1605 3570 1785 3627 dubia
1819 3572 2038 3644 potitu-

386 3673 522 3710 rum
578 3657 863 3712 victoria:
925 3658 973 3713 si
1025 3675 1120 3713 res
1179 3676 1349 3715 secus
1416 3660 1673 3730 caderet,
1733 3666 2041 3732 praestaret

384 3743 669 3814 quietem.
702 3745 879 3800 Mittit
906 3762 1043 3819 ergo
1073 3746 1263 3803 lilium
1294 3765 1489 3815 suum,
1524 3754 1583 3805 et
1612 3766 1747 3805 cum
1780 3767 1847 3806 eo
1878 3767 2039 3806 ame-

383 3849 512 3888 ram
564 3833 663 3904 qui
720 3850 788 3889 eo
844 3839 1108 3907 tempore
1164 3837 1502 3893 Melitenam
1557 3839 1944 3911 gubernabat,
1979 3845 2038 3896 et

381 3924 701 3978 Turcorum
734 3923 807 3978 ad
839 3924 1044 3980 decem
1090 3925 1299 3994 millia,
1333 3943 1690 3999 omnemque
1727 3929 2035 3985 Armenio-

379 4024 512 4064 rum
545 4010 896 4081 exercitum,
922 4016 980 4066 et
1010 4011 1222 4068 ducem
1247 4011 1486 4069 ducum.
1512 4018 1702 4087 Atque
1728 4016 1823 4072 hic
1846 4022 2039 4074 castra

381 4097 455 4152 ad
513 4098 909 4169 Dazymenum
970 4102 1189 4171 posuit.
1248 4105 1463 4157 Contra
1521 4104 1679 4160 hunc
1737 4106 2038 4177 profectus

378 4187 765 4258 Theophilus,
824 4190 1088 4245 exercitu
1165 4208 1237 4247 ex
1296 4193 1494 4248 Persis
1570 4194 2039 4251 occidentalibus

380 4276 892 4348 orientalibusque
923 4280 1251 4351 composito
1274 4298 1463 4353 eoque
1495 4300 1871 4355 nequaquam
1906 4302 2041 4340 con-

383 4366 725 4436 temnendo,
760 4372 824 4421 ut
867 4367 939 4422 ad
991 4367 1190 4425 locum
1244 4371 1404 4425 venit
1435 4372 1528 4427 cui
1578 4390 1800 4429 nomen
1831 4375 2037 4443 Anzin,

381 4456 593 4510 statuit
620 4461 758 4511 ante
789 4458 1133 4514 conﬂictum
1176 4460 1624 4517 multitudinem
1670 4463 2040 4520 adversario-

381 4560 516 4599 rum
574 4546 989 4618 contemplari.
1038 4548 1241 4621 Itaque
1286 4566 1321 4605 a
1375 4551 1644 4607 Manuelo
1698 4552 2039 4610 scholarum

385 4632 710 4689 domestico
761 4634 823 4688 in
875 4634 1368 4693 sublimissimam
1419 4638 1667 4695 eductus
1710 4641 2039 4714 speculam,

383 4719 643 4792 indeque
690 4721 937 4779 hostiles
985 4725 1284 4781 contuitus
1333 4727 1554 4799 copias,
1605 4745 1704 4785 eas
1753 4730 1877 4787 suis
1908 4749 2036 4789 esse

2153 3480 2298 3551 αὐτῷ
2343 3480 2433 3534 καὶ
2482 3481 2911 3552 μαντευσάμενος
2972 3478 3085 3552 (12)
3145 3472 3262 3532 δέον
3336 3470 3512 3545 ἔκρινε
3574 3469 3653 3543 μὴ
3713 3466 3803 3522 εὖ-

2152 3567 2285 3633 θὲως
2318 3574 2523 3648 χωρεῖν
2584 3568 2719 3642 πρὸς
2778 3567 3086 3643 ’Δμώριον,
3134 3564 3496 3637 ἀποπειρᾶσαι
3550 3556 3607 3613 δὲ
3664 3555 3801 3631 πρό-

2146 3646 2461 3733 τερον-τῆς
2518 3660 2614 3712 τοῦ
2681 3654 2951 3730 βασιλέως
3011 3652 3292 3729 δυνάμεως
3351 3648 3440 3705 διὰ
3522 3650 3621 3703 τοῦ
3678 3646 3800 3699 υἱοῦ

2149 3747 2315 3803 αὐτοῦ
2351 3748 2519 3822 μέρος
2568 3741 2839 3808 λαϐόντος
2896 3748 2992 3799 τοῦ
3050 3746 3304 3819 στρατοῦ,
3353 3733 3516 3794 τοότο
3576 3733 3798 3822 λογισά-

2155 3819 2446 3912 μενοςίὼς
2481 3835 2525 3890 εἷ
2556 3836 2912 3912 περιγένηται
2941 3838 3037 3890 τοῦ
3069 3830 3340 3909 βασιλέως
3382 3826 3563 3896 οὗτος,
3612 3819 3799 3898 ἕψεται

2146 3927 2428 3996 πάντωςή
2469 3925 2594 3995 νίκη
2654 3925 2745 3979 καὶ
2804 3929 2884 3997 τῷ
2949 3921 3137 3997 πατρί’
3194 3920 3240 3976 εἰ
3298 3916 3356 3974 δὲ
3417 3917 3516 3992 μὴ,
3578 3912 3798 3991 βέλτιον

2147 4016 2469 4094 ἡσυχάζειν.
2530 4016 2715 4071 Ταῦτα
2804 4011 3242 4087 βόυλευσάμενός
3334 4028 3392 4064 τε
3466 4005 3556 4060 καὶ
3612 4002 3798 4073 κρὲνσς

2149 4091 2413 4180 ἐξέπεμψε
2445 4105 2537 4161 τὸν
2598 4105 2739 4174 υἱὸν,
2795 4098 3037 4159 λαϐόντα
3099 4102 3215 4176 μεθ’
3269 4101 3463 4154 ἑαυτοῦ
3518 4094 3605 4151 καὶ
3666 4091 3804 4165 ἅμε-

2150 4217 2261 4273 ραμ
2320 4196 2415 4250 τὸν
2471 4199 2773 4264 τηνικαῦτα
2831 4191 3087 4247 διέποντα
3136 4191 3236 4260 τὴν
3319 4186 3656 4257 Μελιτηνήν,
3711 4181 3804 4273 καὶ

2150 4268 2431 4359 ἱΓοῦρκους
2492 4284 2622 4338 ὡσεὶ
2679 4279 2942 4358 χιλιάδας
3007 4278 3157 4349 δέκα,
3210 4278 3301 4334 καὶ
3366 4281 3540 4330 πᾶσαν
3596 4274 3696 4342 τήν
3752 4268 3803 4340 ἐξ

2151 4373 2457 4451 ’Δρμενίων
2514 4375 2768 4449 στρατιὰν
2826 4371 2920 4427 καὶ
2975 4370 3068 4424 τὸν
3123 4366 3366 4445 ἄρχοντα
3431 4370 3539 4419 τῶν
3601 4362 3808 4437 ἀρχόν-

2147 4450 2260 4519 τιυν
2290 4465 2425 4537 (13)·
2460 4461 2522 4524 ὅς
2589 4463 2729 4517 κατὰ
2791 4461 2882 4516 τὸν
2951 4457 3254 4536 λεγόμενον
3314 4452 3636 4527 Δαζύμηνον
3691 4450 3804 4523 (14)

2151 4553 2441 4631 γενόμενος
2484 4545 2850 4623 παρεμϐολὴν
2903 4547 3160 4619 ἐπήξατο.
3222 4547 3421 4617 Ἀπῄει
3478 4545 3609 4615 γοῦν
3653 4538 3806 4631 καὶῌὸ

2152 4628 2418 4721 Θεόφιλος
2478 4641 2594 4697 κατ’
2656 4639 2845 4712 αὐτοῦ,
2902 4634 3263 4713 στρατόπεδον
3324 4632 3655 4707 ἐπαγόμενος
3705 4628 3809 4683 οὐκ

2152 4718 2382 4811 ἆγεννὶι,
2414 4723 2474 4785 ἔκ
2530 4751 2590 4786 τε
2648 4733 2866 4806 Περσῶν
2927 4729 3016 4784 καὶ
3084 4731 3192 4782 τῶν
3249 4726 3487 4780 Δυτικῖυν
3545 4718 3637 4774 καὶ
3694 4720 3804 4772 τῶν

1544 4820 1547 4823 ’
1582 4846 1947 4906 XYLANDRI
1986 4851 2073 4906 ET
2112 4851 2331 4907 GOARI
2370 4850 2592 4906 Nom.

459 4960 574 5032 (11)
606 4963 902 5051 Zonaras:
941 4962 1023 5061 ’ρῖ
1067 4965 1160 5019 τὸν
1210 4969 1309 5053 τοῦ
1362 4969 1662 5061 μαρτυρίου
1712 4967 1918 5061 δρόμον

2150 4975 2405 5061 videlicet
2435 4976 2571 5030 alios
2600 4974 2696 5029 sub
2725 4988 2780 5029 se
2810 4974 3169 5061 magistratus
3199 4986 3263 5025 ac
3286 4965 3550 5061 praesidetis
3581 4959 3807 5061 taniilntif:

387 5033 585 5100 ἡνυσαν
616 5034 764 5120 παρὰ
790 5036 1274 5120 τοῖς-ςΑγαρηνοῖς
1312 5033 1713 5115 τεσσαράκοντα
1746 5033 1858 5097 ’δόο
1908 5033 2042 5099 πάκὶ-

386 5110 891 5190 τες-τυγχάνοντες.
910 5110 1149 5190 Festum
1182 5127 1387 5169 eorum
1410 5110 1760 5188 ab'utraque
1780 5116 2045 5173 Ecclesia

390 5178 421 5229 6
452 5178 651 5234 Martii
675 5179 1032 5237 celebratur.
1067 5183 1241 5237 Goau.

392 5294 406 5309 .
458 5252 570 5319 (l2)
605 5251 892 5306 Fortassis
923 5252 1121 5307 innuit
1151 5270 1285 5308 eum
1319 5272 1435 5310 non
1470 5258 1645 5312 modo
1673 5258 2041 5315 consultasse

388 5321 667 5400 gumfmis
688 5322 760 5378 de
784 5340 845 5377 re
862 5324 1142 5400 gerenda,
1163 5326 1265 5400 sed
1283 5327 1460 5400 etiam
1487 5330 1733 5383 hariolis
1752 5335 1810 5383 et
1824 5329 2043 5386 divina-

391 5393 655 5468 tionibus
685 5393 886 5462 usum,
914 5395 1130 5466 quibus
1161 5396 1326 5468 impii
1362 5400 1653 5456 solebant.
1688 5402 1823 5455 XvL.

396 5528 406 5539 .
460 5464 1300 5543 {13)_Summumﬁpr§etorem.
1334 5471 1466 5543 ASed
1515 5472 1616 5541 qui
1650 5471 1750 5526 ille
1791 5476 1893 5526 aut
1923 5489 2039 5543 quo

393 5534 902 5617 interseracellos
945 5534 1153 5617 ordine
1191 5540 1482 5617 acofﬂcio
1533 5534 1762 5617 fuisset,
1796 5543 1890 5617 hic
1919 5534 2036 5617 non

391 5609 766 5685 exprimitur.
801 5609 937 5685 Χηιἐ
970 5639 1038 5649 -—
1064 5614 1416 5685 Appellatur,
1442 5615 1635 5685 inquit
1657 5615 2039 5671 Leunclavius

393 5670 696 5760 gnomast.
730 5680 782 5746 2,
814 5695 849 5733 α
893 5670 1430 5760 βνωοὶςςῖὶιεηᾳιιετὴ
1463 5670 1626 5760 nim
1654 5687 1946 5760 Beglcrbeg
1981 5670 2038 5743 ενι

394 5756 565 5811 regno
614 5759 713 5800 suo
753 5754 1043 5805 nominant
1082 5768 1179 5808 ceu
1221 5754 1503 5812 dominum
1545 5754 2039 5830 dominorum,'qui

2154 5048 2288 5103 viles
2311 5063 2478 5118 quam
2518 5054 2844 5120 castrenses
2874 5037 3184 5120 habetL‘Is
3230 5037 3431 5120 autem
3481 5037 3811 5120 Saracenus

2158 5126 2286 5174 erat
2315 5110 2375 5174 et
2404 5120 2699 5175 Saraceno
2730 5115 2942 5189 majori
2975 5110 3483 5189 militabat.cujus
3508 5122 3729 5189 nomen
3751 5110 3811 5185 et

2156 5190 2265 5263 ﬁlii
2296 5190 2482 5263 gloria
2515 5176 2880 5263 memoratur
2910 5188 3160 5263 inferius
3190 5203 3246 5257 p.
3282 5176 3728 5263 6l2'._lnc.li[1\a1)}
3750 5176 3813 5230 in

2157 5247 2701 5317 hancvsententiam
2725 5263 2925 5315 (trama
2948 5247 3316 5328 Turciczfque
3345 5252 3559 5310 edocti.
3587 5247 3812 5315 Quibus

2153 5334 2212 5386 in
2245 5334 2564 5404 provinciis
2596 5348 2732 5387 vero
2764 5333 3042 5403 princeps
3097 5329 3194 5383 hic
3224 5331 3577 5404 potestatem
3628 5335 3804 5376 exer-

2152 5400 2588 5479 cuéri_t,radhuc
2620 5400 2989 5479 incognitum
3020 5406 3250 5479 manet.
3279 5400 3470 5479 Gen}.
3497 5468 3511 5479 ‘
3619 5463 3640 5479 .
3675 5462 3712 5479 ν
3759 5461 3769 5471 ο

2223 5462 2650 5547 (14)’Μοῐηοιίι
2681 5462 2956 5547 8ῑᾶὠοίι.
2992 5490 3071 5527 xu
3113 5468 3586 5547 Daximonitidos
3614 5462 3807 5519 felicis

2150 5540 2355 5618 agrum
2378 5550 2437 5602 in
2462 5547 2836 5618 Pontojuxta
2852 5545 3350 5618 Thermodontem
3365 5540 3804 5618 ﬂuvium,aquo

2150 5607 2514 5674 Siiracenicm
2536 5607 2921 5690 prof-actionis
2953 5616 3201 5690 locuset
3224 5614 3339 5669 loci
3369 5625 3589 5667 nomen
3611 5607 3683 5662 ab
3703 5621 3808 5661 au-

2149 5695 2313 5746 ctore
2343 5688 2629 5763 scriptum
2662 5706 2783 5746 non
2815 5690 3083 5745 absonat.
3119 5688 3292 5742 Gom.
