4112 6412
314 391 471 453 1017

1452 385 1996 450 HISTORIARUM
2040 384 2582 491 COMPENDIUM.

3568 384 3729 446 1018

307 525 453 601 πρὸς
505 521 806 599 ἀνίσχοντα
861 519 1025 591 ἣλιον
1083 520 1488 595 συνιστάμενον.
1550 518 1845 592 Γενόμενος
1906 514 1962 572 δὲ

2076 522 2522 579 numerosiores
2546 522 2822 595 conjecit,
2857 524 3138 576 monente
3182 520 3422 575 interim
3452 517 3725 575 Manuelo

305 615 449 672 κατὰ
508 612 601 667 τὸν
663 609 808 666 οὕτω
866 609 1166 686 λεγόμενον
1218 614 1403 687 χῶρον
1463 608 1637 680 Ἀνζὶν
1700 605 1958 680 ἐπεθύμει

304 702 748 760 κατασκοπεῦσαι
778 699 885 775 πρὸ
913 703 1011 755 τοῦ
1042 697 1294 773 πολέμου
1350 696 1441 753 καί
1488 705 1589 767 τῆς
1637 690 1958 770 προσϐολῆς

306 794 376 850 τὸ
402 794 510 846 τῶν
547 786 800 844 ἐναντίων
833 786 1129 862 ἄθροισμα.
1188 786 1287 850 Εἶ¹ς
1323 807 1445 843 τινα
1488 783 1546 842 δὲ
1605 784 1957 860 ὑψηλοτάτην

306 880 596 950 περιωπήν
632 878 736 933 ὑπὸ
765 881 864 933 τοῦ
895 873 1221 952 δομεστίκου
1270 880 1377 932 τῶν
1430 874 1655 951 σχολῶν
1703 872 1958 949 ἀναχθεὶς

312 967 581 1037 Μανουήλ
611 968 937 1023 κατεσκόπει
992 967 1056 1022 τὸ
1110 964 1324 1036 πλῆθος
1377 970 1483 1020 τῶν
1542 962 1815 1033 ἒναντίων,
1868 961 1960 1018 καί

304 1082 427 1121 πως
457 1058 517 1114 ἐκ
545 1060 868 1134 στοχασμοῦ
931 1056 1228 1132 βαρύτερον
1287 1052 1464 1110 ἐδόκει
1520 1055 1584 1109 τὸ
1638 1058 1748 1109 τῶν
1809 1050 1955 1107 ἐνανα

304 1149 441 1206 τίων
474 1146 711 1219 πλῆθος.
745 1143 901 1203 Ἀλλ’
931 1145 959 1200 6
1008 1143 1294 1215 Μανουήλ.
1362 1145 1451 1213 Μή
1503 1144 1639 1219 πρὸς
1695 1142 1757 1196 τὸ
1814 1139 1959 1210 πλῆ-

314 1242 434 1310 Ους,
461 1238 506 1292 ὦ
541 1234 789 1313 βασιλεῦ,
817 1229 1122 1305 ἀπόϐλεπε,
1153 1233 1290 1309 πρὸς
1324 1230 1382 1288 δὲ
1410 1233 1501 1288 τὸν
1555 1236 1661 1287 τῶν
1715 1228 1960 1308 δοράτων

315 1324 527 1402 διάθρει
585 1325 890 1398 καλαμᾶηα
947 1325 1058 1398 (15)
1123 1328 1231 1378 τῶν
1293 1323 1632 1399 ἀμφοτέρων.
1689 1321 1842 1375 Ἐπεὶ
1901 1316 1957 1374 δὲ

309 1415 670 1492 ἴσχυρότερος
724 1410 900 1468 ἐδόκει
932 1413 960 1467 6
1017 1416 1125 1467 τῶν
1185 1410 1432 1467 ἐναντίων
1493 1412 1741 1486 στρατὸς,
1799 1404 1959 1464 ἐϐου-

313 1506 505 1563 λεύετο
536 1505 685 1566 ὅπως
715 1501 778 1558 ἄν
810 1503 996 1566 αὐτοῖς
1026 1500 1277 1572 ἐπίθηται
1328 1500 1463 1576 μετᾶ
1510 1497 1699 1558 δόλου.
1747 1500 1809 1557 Ὀ
1863 1499 1959 1572 μὶν

308 1595 403 1650 οὗν
436 1591 706 1661 Μανουήλ
735 1589 849 1665 ἅμα
876 1596 955 1663 τῷ
987 1586 1249 1664 Θεοφόϐῳ
1286 1590 1476 1652 νυκτὸς
1518 1589 1795 1653 ἐπιθέσθαι
1823 1590 1954 1644 τού-

305 1704 427 1745 τοις
456 1681 710 1758 παρῄνει,
745 1682 797 1735 οἱ
829 1677 875 1735 δ’
916 1677 1082 1734 ἄλλοι
1120 1683 1225 1734 τῶν
1260 1683 1580 1757 στρατηγῶν
1614 1679 1823 1754 ἡμέρας
1854 1680 1955 1749 τήν

307 1766 603 1846 συμϐολήν
638 1771 881 1847 γενέσθαι
918 1767 1275 1845 προέτρεπον,
1331 1769 1415 1830 οἷς
1473 1767 1755 1823 ἐπέπειστο
1807 1767 1895 1823 καὶ
1926 1769 1954 1823 ὁ

2072 622 2148 664 ne
2179 611 2626 667 multitudinem
2679 610 2785 667 sed
2832 609 3141 665 hastarum
3194 608 3503 679 utriusque
3539 606 3725 679 partis

2069 704 2329 771 segetem
2347 700 3100 770 consideraret.Postquam
3120 695 3379 753 hostium
3400 696 3723 771 exercitum

2067 791 2468 849 robustiorem
2490 810 2598 849 suo
2612 792 2905 864 judicavit
2921 790 3310 863 Theophilus,
3332 788 3726 844 deliberatum

2071 886 2160 937 est
2205 883 2502 953 quomodo
2555 899 2693 939 eum
2745 881 2880 937 dolo
2930 880 3168 954 aggredi
3214 884 3435 952 posset.
3481 876 3544 933 Id
3593 892 3727 931 cum

2067 976 2247 1026 noctu
2283 971 2616 1028 faciendum
2662 970 2968 1027 Manuelus
2994 987 3062 1026 ac
3091 968 3486 1043 Theophobus
3518 982 3729 1022 cense-

2066 1066 2223 1129 rent,
2256 1061 2471 1132 reliqui
2498 1060 2680 1116 duces
2711 1060 2973 1116 interdiu
2995 1059 3431 1131 confligendum
3459 1072 3724 1127 suasere,

2067 1149 2284 1222 quibus
2316 1155 2376 1205 et
2403 1150 2728 1221 imperator
2774 1150 3048 1205 assensit.
3083 1149 3200 1203 Hac
3250 1164 3384 1220 ergo
3425 1145 3726 1201 sententia

2067 1237 2331 1310 praelata,
2360 1238 2554 1309 prima
2593 1238 2724 1293 luce
2774 1237 3044 1309 praelium
3078 1236 3436 1291 acerrimum
3485 1239 3573 1287 est
3601 1232 3718 1287 ini-

2068 1331 2214 1382 tum.
2266 1327 2390 1392 Quo
2441 1327 2502 1382 in
2551 1327 2757 1400 prmlio
2817 1343 2952 1381 cum
3000 1325 3397 1397 imperatoria)
3444 1323 3721 1378 cohortes

2066 1415 2306 1471 fortiter
2372 1421 2693 1488 punarent,
2749 1415 3038 1472 lsmaelici
3098 1415 3249 1487 fugm
3290 1430 3351 1469 se
3407 1412 3720 1467 dederunt.

2063 1505 2266 1560 Turcis
2315 1505 2472 1561 934
2519 1510 2720 1560 autem
2772 1504 3012 1559 assiduo
3072 1503 3419 1565 sagittarum
3467 1517 3581 1555 usu
3626 1500 3717 1554 in-

2067 1595 2362 1650 stantibus
2417 1597 2835 1666 Romanosque
2892 1594 2964 1649 ab
3025 1593 3395 1648 insecutione
3456 1590 3721 1645 hostium

2064 1683 2512 1755 repellentibus,
2544 1688 2771 1739 mutata
2798 1688 2885 1737 est
2915 1698 3125 1754 pugna:
3156 1680 3414 1736 fortuna.
3438 1681 3582 1734 Nam
3616 1681 3724 1734 Ho-

2065 1789 2256 1828 mana)
2308 1772 2567 1845 legiones
2614 1772 2734 1826 vim
2781 1772 3159 1826 Turcicarum
3211 1770 3556 1842 sagittarum
3598 1783 3721 1821 non

312 1859 592 1936 βασιλεύς.
622 1858 835 1928 Ταύτης
890 1856 947 1914 δὲ
1005 1855 1449 1933 ἐπικρατεστέρας
1507 1858 1799 1932 γενομένης
1853 1863 1953 1927 τῆς

2075 1861 2449 1929 sustinentes,
2477 1861 2710 1916 deserto
2733 1861 3113 1933 imperatore,
3138 1859 3433 1931 fugerunt,
3469 1856 3720 1911 ducibus

307 1952 565 2026 γνώμης,
601 1948 675 2011 ὡς
707 1944 816 2018 ἤδη
865 1946 1046 2023 ἡμέρα
1087 1945 1390 2021 ἐπέλαμπε,
1445 1947 1599 2024 μάχη
1649 1946 1957 2024 συρῥτίγνυ-

302 2062 394 2097 ται
427 2033 652 2117 (ροϐερά.
705 2037 810 2094 Καὶ
849 2040 958 2092 τῶν
1010 2035 1310 2112 βασιλικῶν
1359 2036 1653 2112 ταγμάτων
1709 2033 1958 2108 εὒθύμως

314 2128 726 2204 ἀγωνιζομένων
780 2126 831 2180 οἱ
885 2122 1231 2198 Ἰσμαηλῖται
1295 2122 1568 2179 ἐνέκλιναν
1623 2123 1698 2187 εἷς
1752 2126 1956 2204 φυγήν.

314 2221 447 2276 Τῶν
490 2213 548 2271 δὲ
586 2214 846 2291 Τούρκων
879 2214 1157 2290 ἐπιμόνως
1191 2215 1496 2290 χρωμένων
1537 2217 1606 2289 τῇ
1645 2213 1823 2285 τοξείᾳ
1868 2213 1957 2269 καὶ

313 2307 380 2361 τὸ
454 2302 792 2359 καταδιῶκον
867 2307 976 2359 τῶν
1076 2303 1364 2377 Ῥωμαίων
1463 2303 1962 2380 ἆνακεκρουκότων,

325 2392 694 2469 παλίντροπον
728 2387 925 2460 συνέϐη
967 2390 1212 2468 γενέσθαι
1260 2394 1361 2462 τήν
1410 2391 1619 2468 μάχην·
1673 2395 1749 2466 μὴ
1801 2389 1963 2447 δυνά-

327 2485 607 2560 μενοιγᾶρ
635 2484 686 2538 οἱ
718 2485 983 2555 Ῥωμαῖοι
1042 2481 1107 2537 τὰ
1161 2484 1268 2538 τῶν
1328 2484 1587 2558 Τοὺρκων
1641 2482 1817 2558 φέρειν
1869 2503 1965 2537 το·-

321 2573 557 2649 ξεύματα
586 2577 665 2645 τῷ
725 2570 1025 2647 βάλλεσθαι
1083 2577 1382 2646 καρτερῶς,
1438 2576 1585 2627 νῶτα
1643 2569 1821 2636 δόντες
1874 2571 1966 2627 τὸν

330 2661 557 2739 βασιλέα
585 2660 900 2718 κατέλιπον.
960 2661 1036 2719 Οὐ
1099 2662 1209 2736 μὴν
1256 2661 1347 2716 καὶ
1406 2662 1458 2716 οἱ
1514 2666 1619 2717 τῶν
1676 2661 1963 2736 ταγμάτων

320 2750 550 2829 ἔξαρχοι
581 2748 696 2805 οὐδ’
726 2750 779 2805 οἱ
811 2752 1009 2825 Πέρσαι
1039 2753 1200 2805 τοῦτο
1232 2747 1529 2825 ἠνέσχοντο
1578 2747 1789 2826 δρᾶσαι,
1821 2749 1968 2806 ἀλλὰ

318 2840 667 2917 περιστάντες
724 2838 815 2895 τὸν
883 2839 1112 2913 βασιλέα
1205 2837 1489 2914 εὐρώστως
1549 2840 1739 2910 σώζειν
1807 2839 1967 2910 ἠπεί-

319 2949 504 3003 γοντο.
537 2929 637 2983 Καὶ
663 2926 760 2982 κᾶν
788 2924 1081 2982 ἀπώλοντο
1122 2923 1399 3000 πανδημεὶ
1453 2928 1505 2982 οἱ
1553 2928 1675 3003 περὶ
1726 2929 1814 2983 τὸν
1868 2930 1965 3004 βα-

326 3016 503 3089 σιλέα,
533 3017 579 3072 εἰ
614 3017 689 3090 μή
723 3013 811 3088 νὺξ
843 3013 1050 3085 ἐπῆλθε
1077 3016 1167 3071 καὶ
1220 3015 1433 3092 βραχὺς
1480 3014 1532 3087 ἐξ
1576 3016 1810 3092 οὐρανοῦ
1838 3037 1971 3072 κατ-

318 3107 530 3186 ηνέχθη
568 3105 719 3166 ὑετὸς
748 3103 840 3160 καὶ
883 3104 980 3165 τὰς
1027 3105 1125 3180 μὲν
1174 3104 1361 3179 νευρὰς
1411 3109 1518 3160 τῶν
1563 3107 1731 3179 τόξων
1792 3107 1969 3180 χαλα-

312 3196 411 3267 ρὰς
433 3196 745 3272 εἰργάσατο,
774 3198 895 3256 τοῖς
927 3190 985 3249 δὲ
1041 3193 1344 3268 Ῥωμαίοις
1389 3191 1565 3250 ἄνεσιν
1605 3197 1705 3266 τήν
1753 3195 1815 3250 ἐκ
1858 3199 1964 3250 τῶν

2067 1951 2372 2024 legionum
2405 1956 2464 2006 et
2491 1951 2687 2006 Persis
2718 1950 2869 2005 nihil
2899 1951 2960 2005 in
3000 1966 3061 2003 se
3095 1948 3210 2004 tale
3240 1946 3718 2014 admittentibus,

2068 2039 2172 2094 sed
2203 2040 2623 2111 imperatorem
2657 2039 3030 2112 cingentibus
3061 2055 3129 2093 ac
3167 2055 3271 2109 pro
3303 2053 3372 2090 eo
3405 2052 3639 2090 summa
3664 2034 3716 2088 vi

2071 2130 2532 2186 decertantibus.
2565 2132 2636 2184 Et
2665 2129 2903 2202 quidem
2930 2134 3071 2184 tunc
3093 2129 3416 2199 imperator
3436 2142 3569 2180 cum
3599 2124 3721 2180 suis

2072 2218 2378 2276 occidione
2408 2236 2595 2274 cmsus
2645 2218 2873 2285 fuisset,
2907 2218 3023 2272 nisi
3065 2222 3123 2272 et
3152 2234 3271 2271 nox
3314 2215 3632 2287 ingruisset
3664 2217 3724 2267 et

2072 2308 2271 2382 pluvia
2332 2308 2542 2382 exigua
2600 2307 2797 2363 delata
2842 2324 3055 2362 nervos
3098 2322 3343 2362 arcuum
3399 2307 3724 2359 Turcorum

2075 2397 2446 2453 relaxasset:
2503 2413 2619 2467 quo
2677 2396 2898 2452 factum
2950 2400 3015 2450 ut
3072 2394 3321 2452 Romani
3382 2393 3729 2465 sagittarum

2076 2485 2309 2541 liberati
2343 2490 2530 2551 metu,
2563 2485 2774 2541 salutis
2815 2484 3094 2557 parandae
3144 2482 3516 2538 occasionem
3549 2481 3730 2536 habe-

2076 2579 2231 2632 rent.
2261 2574 2561 2630 Concubia
2590 2580 2762 2641 nocte
2786 2573 3091 2629 Manuelus
3113 2573 3255 2628 dum
3279 2570 3559 2627 excubias
3582 2570 3728 2637 obit,

2076 2666 2289 2721 Persas
2348 2679 2482 2719 cum
2551 2664 2860 2719 Saracenis
2935 2664 3200 2734 ipsorum
3276 2660 3480 2729 lingua
3551 2659 3733 2715 sentit

2080 2754 2347 2825 colliqui,
2384 2753 2665 2827 pacisque
2706 2770 2840 2808 cum
2872 2753 2946 2807 iis
2976 2751 3046 2807 de
3097 2750 3401 2823 prodendo
3433 2753 3731 2805 Romano-

2080 2860 2212 2898 rum
2241 2847 2449 2897 exertu
2481 2847 2539 2897 et
2586 2841 2910 2914 repetenda
2951 2840 3161 2913 patria.
3199 2840 3260 2894 id
3303 2839 3501 2894 statim
3543 2837 3735 2909 aperit

2082 2932 2450 3005 imperatori,
2482 2948 2737 3003 eumque
2770 2932 3041 2986 hortatur
3062 2935 3127 2985 ut
3158 2947 3292 2985 cum
3325 2928 3571 2984 delectis
3600 2927 3737 3001 fuga

2082 3021 2195 3077 sibi
2226 3021 2518 3088 consulat,
2551 3036 2625 3075 ne
2662 3021 2721 3074 in
2751 3020 3011 3075 hostium
3045 3018 3350 3091 perveniat
3401 3033 3635 3072 manus.
3670 3018 3741 3071 Et

2082 3110 2471 3182 respondenti
2505 3109 2849 3181 imperatori
2902 3108 3032 3164 ﬁeri
3071 3109 3182 3163 hoc
3213 3108 3305 3162 vix
3355 3123 3549 3178 posse,
3584 3123 3740 3178 prm-

2083 3200 2289 3254 sertim
2320 3199 2600 3270 perituris
2631 3198 2729 3269 qui
2753 3215 2911 3253 nunc
2943 3198 3032 3253 sui
3056 3213 3234 3252 causa
3256 3213 3458 3251 secum
3490 3195 3738 3250 mansis-

318 3263 498 3359 βελῶν
527 3263 885 3359 περιεποίησε
932 3283 1023 3338 καὶ
1072 3263 1346 3359 σωτηρίας
1395 3263 1962 3361 ἐνέδωκεννᾶφορμάς.

2079 3293 2247 3344 sent:
2281 3263 2405 3343 Tibi
2439 3263 2868 3358 modo,-inquit
2912 3287 3065 3341 Deus
3111 3286 3364 3341 salutem
3407 3283 3733 3339 concedat:

322 3375 405 3445 [P.
438 3373 564 3444 531]
596 3369 818 3435 Βαθεῖας
849 3368 906 3425 δὲ
938 3372 1130 3433 νυκτὸς
1181 3371 1504 3447 γενομένης,
1553 3372 1627 3435 ὡς
1670 3372 1963 3447 ἠσχόλητο

321 3461 447 3535 περὶ
496 3458 594 3522 τὰς
635 3458 882 3539 φυλακᾶς
910 3461 938 3515 ὁ
978 3460 1267 3533 Μανουήλ,
1323 3460 1548 3537 γλώττῃ
1602 3483 1719 3525 πως
1767 3458 1964 3537 ᾔσθετο

314 3553 429 3606 τῶι
464 3549 796 3623 Σαρακηνῶν
829 3548 956 3613 τοὺς
988 3548 1193 3625 Πέρσας
1250 3555 1367 3614 τοῖς
1416 3557 1756 3627 Σαρακηνοῖς
1805 3572 1964 3607 σπεν-

315 3635 585 3711 ὃομένους
614 3637 706 3692 καί
762 3637 827 3693 τὸ
881 3636 1190 3714 στράτευμα
1226 3642 1333 3693 τῶν
1389 3637 1680 3713 Ῥωμαίων
1725 3636 1965 3711 προδοῦ-

311 3749 403 3783 ναι
432 3727 522 3783 καὶ
553 3727 693 3803 πρὸς
721 3730 823 3797 τήν
874 3726 1238 3803 ἐνεγκαμένην
1289 3724 1761 3802 παλινδρομῆσαι.
1815 3726 1968 3797 Δῆλα

307 3820 444 3893 γοῦν
476 3815 628 3879 εὒθὺς
661 3820 831 3872 ταῦτα
859 3821 1013 3872 ποιεῖ
1039 3822 1119 3889 τῷ
1176 3815 1414 3893 βασιλεῖ,
1458 3817 1549 3871 καὶ
1590 3818 1782 3887 σώζειν
1834 3819 1967 3872 ἑαυ-

304 3908 400 3964 τὸν
437 3907 572 3979 μετᾶ
599 3910 707 3962 τῶν
737 3903 987 3984 λογάδων
1022 3906 1205 3977 ἠξίου,
1245 3906 1336 3961 καὶ
1388 3907 1465 3979 μὴ
1512 3907 1818 3982 περιμένειν
1865 3908 1964 3977 τήν

316 3991 548 4050 ἅλωσιν.
581 3995 691 4051 Τοῦ
724 3988 781 4048 δὲ
818 3992 1113 4070 βασιλέως,
1165 4018 1192 4045 ‹‹
1246 3991 1346 4050 Καὶ
1392 3996 1510 4056 πῶς
1560 3997 1722 4048 τοῦτο
1770 3991 1967 4064 ἔσεται,

317 4083 790 4158 ἐπερωτήσαντος,
844 4086 953 4138 τῶν
1031 4080 1101 4137 δι’
1167 4081 1265 4155 ἐμὲ
1340 4084 1782 4156 προσμεινάντων
1863 4083 1970 4139 ἁπ-

316 4172 604 4246 ολομένων
638 4173 745 4247 (16)
774 4190 788 4242 ;
820 4195 848 4224 »
882 4166 1181 4227 ὑπολαϐὼν
1235 4173 1263 4227 6
1313 4169 1605 4242 Μανουηλ·
1660 4173 1760 4230 Καὶ
1807 4173 1971 4247 μόνον

310 4255 476 4331 ἴττω,
536 4261 784 4337 βασιλεῦ,
844 4256 972 4339 ἔφη,
1025 4260 1088 4316 τὸ
1143 4261 1410 4332 σώζεσθαι
1469 4260 1529 4316 ἐκ
1602 4267 1758 4330 Θεοῦ,
1818 4264 1970 4320 οὗτοι

309 4347 371 4404 δὲ
399 4349 614 4426 ταχέως
658 4350 725 4405 τὰ
771 4352 890 4405 κατ’
942 4348 1142 4411 αὐτοὺς
1195 4347 1598 4422 διοικήσουσιν.
1660 4352 1788 4424 Ὀψὲ
1839 4357 1969 4429 γοῦν

2072 3377 2286 3450 reliqui
2318 3394 2456 3432 mox
2485 3376 2667 3432 rebus
2699 3377 2823 3431 suis
2871 3376 3206 3431 consulent.
3240 3373 3588 3446 Imperatori
3623 3373 3731 3427 sub

2078 3467 2273 3539 ipsum
2305 3465 2547 3521 demum
2579 3464 2910 3520 diluculum
2933 3464 3069 3537 fuga
3101 3464 3298 3535 elapso
3332 3468 3391 3517 et
3420 3462 3493 3517 ad
3524 3461 3735 3516 Chilio-

2076 3571 2314 3612 comum
2362 3553 2613 3626 perlato,
2648 3553 2870 3609 milites
2925 3570 3075 3624 quos
3126 3550 3435 3607 ordinibus
3487 3549 3738 3605 desertis

2076 3650 2251 3717 terga
2278 3642 2514 3699 dedisse
2548 3642 3148 3699 commemoravimus
3181 3644 3588 3703 occurrerunt,
3623 3638 3739 3694 fas-

2080 3735 2249 3805 sique
2282 3750 2344 3789 se
2374 3734 2491 3788 vita
2521 3733 2730 3805 dignos
2762 3749 2882 3787 non
2916 3749 3067 3797 esse,
3096 3732 3195 3802 qui
3225 3730 3647 3803 imperatorem
3680 3728 3742 3784 in

2078 3840 2278 3895 pugna
2308 3822 2731 3895 prodidissent,
2766 3822 2916 3879 935
2947 3821 3073 3894 jam
3122 3821 3347 3875 ferrum
3381 3819 3443 3875 in
3483 3836 3545 3874 se
3577 3819 3739 3890 ipsos

2080 3912 2616 3983 stringebant,cum
2638 3912 2965 3982 imperator
2981 3909 3320 3982 spectaculo
3344 3909 3441 3963 illo
3470 3908 3737 3963 animum

2080 4000 2413 4073 perculsus,
2464 4016 2526 4054 se
2587 3999 2869 4055 divinitus
2921 4003 3240 4065 servatum,
3281 3997 3530 4068 proinde
3576 3996 3738 4067 ipsos

2081 4105 2316 4162 quoque
2343 4088 2536 4144 salvos
2566 4087 2693 4143 fore
2725 4087 2894 4142 dixit.
2927 4088 3218 4141 Craterum
3265 4087 3390 4142 haec
3420 4087 3735 4140 Persarum

2080 4195 2215 4235 cum
2293 4177 2603 4234 Saracenis
2680 4175 2997 4232 collocutio
3064 4175 3325 4231 inimicis
3396 4175 3739 4246 Theophobi

2084 4269 2255 4339 eique
2288 4273 2540 4323 mortem
2570 4265 3050 4322 machinantibus
3099 4265 3362 4321 secunda
3400 4264 3512 4320 fuit
3541 4272 3598 4320 et
3627 4280 3739 4337 0p-

2084 4363 2341 4430 portuna
2371 4357 2444 4413 ad
2475 4355 2964 4412 calumniandum
2995 4355 3247 4411 occasio.

306 4440 449 4494 κατᾶ
470 4441 533 4494 τὸ
563 4439 887 4515 περιόρθρον
916 4443 1014 4496 τοῦ
1048 4438 1323 4515 βασιλέως
1354 4444 1500 4518 φυγῇ
1533 4441 1886 4516 χρησαμένου
1943 4444 2035 4499 καὶ
2093 4446 2230 4522 πρὸς
2285 4445 2349 4501 τὸ
2390 4444 2687 4520 λεγόμενον
2746 4441 3124 4516 Χιλιόκωμονο
3185 4444 3294 4517 (17)
3354 4440 3736 4514 διασωθέντος,

316 4529 372 4584 οἱ
403 4526 757 4585 λειποτάκται
799 4528 1053 4599 ὑπήντων
1115 4528 1285 4601 αὐτῷ,
1338 4529 1430 4583 καὶ
1487 4529 1736 4600 ἀναξίους
1794 4532 2016 4595 ἑαυτοὺς
2074 4532 2301 4613 ἔφασκον
2356 4540 2459 4603 τῆς
2518 4538 2667 4603 ζωῆς
2723 4530 2948 4608 βασιλέα
3003 4530 3054 4586 ἐν
3112 4529 3347 4605 πολέμῳ
3402 4532 3736 4605 καταπροέν-

314 4638 437 4688 τας,
468 4617 559 4673 καὶ
618 4618 732 4693 ἅμα
770 4622 887 4682 τοῖς
946 4616 1148 4672 ἑαυτῶν
1213 4615 1548 4693 έγυμνοῦντο
1606 4618 1831 4697 ξίφεσιν.
1896 4618 2054 4678 Ἀλλ’
2112 4624 2140 4678 6
2199 4621 2463 4703 Θεόφιλος
2522 4627 2601 4696 τῷ
2659 4623 2887 4695 θεάματι
2951 4618 3182 4697 τρωθεὶς
3245 4622 3346 4692 τὴν
3405 4622 3610 4696 ψυχηψ
3670 4617 3742 4676 Εἴ

314 4704 446 4783 ἐγὼ,
502 4707 659 4785 φησῖ,
718 4708 995 4781 σέσωσμαι
1062 4706 1123 4762 ἐκ
1186 4710 1344 4781 Θεοῦ,
1403 4709 1715 4779 σωθήσεσοε
1769 4709 1860 4764 καὶ
1930 4709 2110 4784 ὑμεῖς,
2170 4735 2199 4765 ››
2267 4711 2415 4784 Αὕτη
2493 4713 2527 4783 ἡ
2594 4715 2701 4767 τῶν
2768 4715 2985 4787 Περσῶν
3049 4711 3185 4786 πρὸς
3248 4711 3376 4776 τοὺς
3443 4709 3496 4783 ἐξ
3560 4710 3737 4787 Ἀγαρ

305 4794 637 4875 κοινολογίαι
663 4801 783 4861 τοῖς
812 4791 1089 4877 Θεοφόϐου
1121 4795 1345 4873 ἐχθροῖς
1395 4796 1489 4852 καὶ
1547 4798 1776 4854 θάνατον
1832 4799 1999 4855 αὐτοῦ
2048 4802 2446 4882 ψηφιζομένοις
2491 4798 2713 4879 δευτέρα
2764 4821 2848 4863 τις
2885 4800 3107 4877 γέγονεν
3165 4800 3310 4856 αἰτία
3364 4801 3456 4856 καὶ
3513 4799 3737 4881 ἀφορμὴ

315 4883 570 4941 εὔκαιρος
601 4885 678 4941 εἷς
711 4879 1000 4941 διαϐολήν.

315 4883 570 4962 εὔκαιρος
601 4885 678 4946 εἷς
711 4882 1000 4957 διαϐολήν.

1523 5006 1890 5063 XYLANDRI
1926 5009 2013 5064 ET
2051 5009 2265 5065 GOARI
2302 5009 2528 5066 ΝΟΤᾸΞ.

391 5121 502 5190 (15)
533 5117 853 5205 Καλαμῶνα
885 5121 1046 5205 enim
1076 5122 1486 5205 ‘mihilv‘idet‘ur
1532 5122 1756 5205 dixisse
1783 5123 1977 5205 forma
2004 5139 2049 5203 ι)
2080 5128 2271 5205 situm,
2296 5126 2742 5205 _a_rundinetum,
2797 5126 2905 5205 cui
2960 5126 3174 5183 melius
3246 5139 3427 5205 quam
3484 5127 3735 5205 maturae

315 5189 914 5274 Ξτε.⁵ιε³ξτικῶναξ(οὲ¹.ῖιξξ,
937 5200 1027 5274 (ἴδε
1065 5191 1349 5274 δεμπελὼν.
1399 5189 1632 5274 δᾳ-φνῴγ,
1684 5195 1969 5274 vinetum,
2004 5189 2045 5203 "
2082 5189 2368 5274 Xylandri
2395 5202 2564 5274 segeti
2593 5189 2863 5255 conferta
2891 5198 3196 5254 hastarum
3222 5189 3392 5268 copia
3421 5200 3616 5267 potest
3655 5195 3727 5249 si-

315 5263 615 5345 laureturn
649 5268 706 5345 et
736 5263 978 5337 similia)
1011 5263 1333 5345 culmetum
1358 5263 1973 5345 collective,multitué
2082 5263 2477 5345 m'i‘lisvideri'.
2513 5268 2689 5345 GOAR‘.

316 5335 521 5421 dinem
565 5335 894 5421 hastarum,
944 5335 1105 5421 quia
1139 5337 1344 5421 multis
1392 5338 1455 5392 in
1504 5343 1700 5421 segete
1745 5338 1972 5421 culmis
2154 5339 3737 5421 (⁸16)βοηνριιὶᾼθηιῇιιεξιιιθτῇρνοιοιξξξοιιηιῙαῃιιρρζὶενὶηε

315 5406 533 5488 erectis
581 5406 877 5488 stantibus
925 5406 1141 5463 similis
1169 5406 1627 5488 quodammodo
1673 5413 1763 5488 est
1810 5411 1970 5488 acies
2080 5406 2510 5488 quimeigratia
2528 5415 2755 5488 fortiter
2775 5415 2834 5466 in
2857 5406 3377 5488 acileppnstiterunit.
3401 5406 3520 5488 Nisi
3544 5410 3739 5488 legere

310 5478 502 5533 hastis
519 5483 769 5534 armata.
794 5495 929 5552 cum
952 5495 1037 5535 ea;
1061 5478 1238 5537 recta}
1261 5486 1540 5537 tenentur
1569 5481 1763 5536 :unde
1785 5482 1968 5538 etiam
2079 5478 2362 5541 malueris
2420 5478 2742 5548 ἀπολέσθαι,
2788 5490 2848 5539 et
2896 5483 3145 5539 reddere
3181 5499 3195 5536 :
3251 5485 3350 5552 qni
3394 5485 3505 5537 mei
3549 5478 3739 5552 gratia

2076 5571 2249 5627 usque
2276 5557 2352 5612 ad
2369 5558 2647 5625 integram
2664 5557 3092 5627 internecionem
3122 5557 3441 5624 conﬂictum
3468 5557 3735 5610 sustinere

2067 5626 2298 5697 paratos
2324 5644 2378 5684 se
2409 5626 2782 5682 exhibuerint.
2817 5626 2992 5697 ϐολῇ.

2147 5699 2260 5771 (17)
2294 5700 2544 5772 Heponit
2572 5699 2776 5755 Strabo
2798 5696 3164 5772 Χιλιόκωμον
3195 5693 3397 5751 πεδίων
3426 5697 3489 5753 in
3519 5699 3728 5772 Ponto,

2073 5773 2133 5825 et
2157 5769 2507 5843 'penultimm
2539 5776 2694 5827 notas
2724 5771 3038 5828 conﬁrmat
3067 5769 3515 5843 conjecturam.
3550 5769 3729 5825 Goan.

311 5551 1053 5622 poetascomparationem
1082 5553 1323 5607 duxisse
1347 5553 1634 5607 novimus.
1661 5554 1966 5610 Manuelus

312 5636 452 5706 ergo
484 5621 717 5706 videtur
747 5624 1049 5706 monuisse
1078 5623 1499 5706 imperatorem
1531 5623 1801 5706 fortassis
1842 5641 1964 5706 non

311 5698 404 5774 tot
433 5694 789 5774 militeseut
812 5711 1071 5774 pugnam
1097 5694 1362 5774 obituros
1385 5713 1513 5752 esse
1541 5697 1604 5752 in
1631 5703 1795 5774 tanta
1809 5696 1963 5752 mul-

307 5763 589 5822 titudine.
641 5764 780 5820 Χγῑ..
812 5763 923 5808 “-’
949 5764 1286 5841 Καλαμῶνα,
1340 5767 1518 5827 locum
1561 5767 1787 5826 calamis
1836 5783 1962 5825 con-
