4184 6418
322 412 479 475 1019

1684 413 2003 477 GEORGII
2047 413 2385 474 CEDBENI

3580 416 3739 479 {020

391 549 465 604 At
494 564 925 604 amermunnas
958 566 1200 605 suorum
1251 551 1483 623 cognita
1528 550 1773 607 victoria
1820 550 1971 606 nihil

2156 553 2243 621 Τῷ
2272 546 2321 605 δ’
2369 551 2737 629 ἀμερμουμνῇ
2790 534 3054 623 ἀκηκοότι
3105 553 3205 621 τήν
3256 552 3414 625 νίκην
3462 551 3609 628 ἔδοξε
3661 556 3739 628 μὴ

316 637 446 710 jam
476 637 766 704 cunctari,
818 638 922 693 sed
973 638 1280 693 Amorium
1328 637 1529 711 petere
1572 640 1798 695 statuit.
1842 640 1978 696 Col-

327 726 479 783 lecto
513 727 693 801 igitur
721 744 825 782 suo
877 727 1160 792 exercitu,
1193 732 1253 782 et
1284 728 1406 783 filio
1456 733 1523 784 ut
1570 728 1728 784 idem
1759 729 1981 786 faceret

328 819 578 885 monito,
613 818 726 872 iter
752 816 924 883 iniit;
959 833 1213 888 cumque
1262 819 1463 889 copias
1507 819 1977 890 conjunxissent,

329 910 537 965 castris
596 909 745 963 vallo
804 909 1053 963 munitis
1110 911 1417 965 Amorium
1474 911 1769 982 profunda
1821 911 1981 965 fossa

330 997 714 1054 circumvenit
743 997 1025 1067 omnique
1056 997 1108 1051 vi
1161 1015 1502 1071 oppugnare
1549 1000 1745 1071 cmpit,
1778 1000 1982 1055 Turcis

327 1087 703 1142 continenter
759 1088 999 1159 sagittas
1063 1088 1496 1159 jaculantibus,
1558 1095 1616 1144 et
1673 1090 1981 1145 Saracenis

328 1175 635 1231 machinas
666 1176 739 1231 ad
771 1177 1237 1248 oppugnandum
1279 1179 1464 1234 factas
1504 1178 1979 1245 admoventibus,

329 1266 610 1321 Romanis
640 1271 840 1321 autem
873 1267 974 1337 qui
1023 1267 1181 1321 intus
1219 1273 1409 1334 erant,
1461 1269 1729 1323 animose
1773 1268 1983 1322 urbem

333 1354 790 1410 defendentibus
811 1356 1237 1426 machinasque
1252 1362 1524 1429 prompte
1541 1357 1980 1413 amolientibus.

331 1445 591 1499 Durante
625 1444 707 1499 ita
735 1443 1066 1513 obsidione,
1102 1445 1986 1518 nullamquehintercapedinem

339 1532 719 1605 oppugnandi
775 1533 1028 1589 faciente
1084 1534 1274 1604 hoste,
1329 1536 1569 1590 interim
1624 1536 1983 1608 Theophilus

341 1640 491 1695 mgre
524 1640 589 1678 ex
624 1622 761 1695 fuga
800 1623 1037 1694 elapsus
1084 1624 1419 1695 Dorylaaum
1462 1626 1750 1696 pervenit,
1784 1626 1986 1696 ibique

339 1715 563 1769 exitum
588 1714 911 1785 opperitur.
932 1714 1001 1768 Et
1024 1714 1292 1769 animum
1309 1730 1736 1770 amermumnaa
1761 1720 1987 1771 tentan-

337 1806 478 1861 dum
513 1806 622 1861 sibi
656 1811 815 1862 ratus
862 1807 1083 1878 legatos
1133 1824 1268 1862 cum
1325 1808 1675 1863 muneribus
1713 1809 1988 1880 pretiosis

2089 637 2312 713 μέλλειν
2345 638 2478 695 ἀλλ’
2504 642 2718 698 ἀπιέναι
2750 643 2885 718 πρὸς
2911 643 2974 697 τὸ
3003 643 3306 719 Ἀμώριον.
3351 642 3595 719 Ἀγείρας
3646 642 3738 699 οὗν

2084 727 2148 783 τὸ
2189 728 2749 806 οἰκείονοστράτευμα,
2781 731 2872 788 καὶ
2901 735 2981 803 τῷ
3012 732 3115 801 υἱῷ
3166 728 3224 786 δὲ
3274 731 3583 795 ἐπιστείλας
3636 756 3744 789 πα·-

2091 816 2418 892 ραπλησίως
2450 825 2655 893 ποιεῖν,
2688 819 2871 896 εἷ’χετο
2900 827 3001 891 τῆς
3042 816 3194 877 ὁδοῦ.
3255 820 3593 877 Ἐνωθέντων
3645 823 3743 878 οὗν

2086 911 2199 963 τῶν
2233 911 2651 983 στρατευμάτων
2690 912 2864 986 χάραξ
2920 931 2978 965 τε
3032 909 3305 985 ἐπήγνυτο
3368 912 3595 991 ὀχυρὸς,
3652 913 3741 968 καὶ

2088 1000 2124 1067 ἡ
2160 996 2323 1060 πόλις
2354 999 2546 1074 τάφρῳ
2591 1001 2780 1076 βαθείᾳ
2836 1001 3210 1079 ἐστεφανοῦτο,
3258 1001 3345 1055 καὶ
3380 1003 3416 1067 ἠ
3449 1002 3743 1076 πολιορκία

2090 1082 2404 1162 ἔμπρακτος
2448 1090 2537 1145 καὶ
2597 1089 2810 1166 ἐνεργὸς
2870 1089 3093 1166 ἐγίνετο,
3154 1094 3263 1146 τῶν
3328 1093 3423 1163 μὲν
3483 1091 3743 1166 Τούρκων

2091 1177 2385 1251 ἐπιμὸνοις
2440 1178 2532 1234 καὶ
2592 1180 2846 1255 συνεχέσι
2907 1179 3209 1255 χρωμένων
3263 1181 3577 1255 τοξεύμασι,
3633 1186 3742 1236 τῶν

2092 1264 2151 1322 δὲ
2184 1273 2517 1343 Eupolin-qviwa
2550 1269 2646 1330 τὰς
2695 1266 2981 1331 ἑλεπόλεις
3032 1270 3416 1345 προσαγόντων
3461 1276 3579 1332 τοῖς
3628 1270 3740 1325 τεί-

2095 1375 2242 1433 χεσι,
2280 1362 2387 1412 τῶν
2423 1356 2468 1412 δ’
2498 1351 2647 1412 ἔνδον
2690 1363 2788 1413 τοῦ
2824 1358 3047 1433 τείχους
3091 1357 3576 1434 ἐναπείλημμένων
3606 1360 3744 1416 Ῥω-

2099 1447 2275 1521 μαίων
2306 1446 2561 1523 εὐψύχως
2619 1448 2710 1503 καὶ
2768 1451 3027 1522 ἡρωϊκῶς
3083 1447 3496 1522 ἀγωνιζομένων
3555 1447 3643 1503 καὶ
3681 1449 3744 1504 τὸ

2092 1544 2190 1606 νῆς
2257 1536 2583 1611 πολιορκίας
2649 1536 3110 1613 ἀποκρουομένων
3189 1536 3427 1599 εὐπετῶς
3521 1536 3743 1613 ὄργανα.

2091 1626 2157 1683 Ἦ
2189 1627 2283 1699 μὶν
2316 1625 2408 1680 οὖν
2442 1623 2739 1700 πολιορκία
2767 1633 2867 1696 τῆς
2897 1623 3114 1688 πόλεως
3169 1624 3229 1681 ἐκ
3277 1623 3544 1702 διαδοχῆς
3596 1625 3748 1697 ἐνηρ-

2094 1721 2245 1789 γεῖτο
2293 1715 2384 1770 καὶ
2417 1717 2652 1791 συνεχὴς
2680 1717 2746 1785 ἦν
2779 1716 2869 1770 καὶ
2917 1712 3238 1790 ἀδιάκοπος,
3298 1715 3564 1794 Θεόφιλος
3603 1714 3660 1771 δὲ
3691 1716 3750 1771 ἐκ

2096 1812 2196 1876 τῆς
2224 1809 2436 1881 τροπῆς
2470 1804 2633 1878 μόλις
2680 1804 2958 1883 διαφυγὼν
3008 1805 3098 1860 καὶ
3146 1808 3284 1881 πρὸς
3334 1807 3397 1861 τὸ
3447 1804 3745 1882 Δορύλαιον

334 1896 656 1967 multisque
686 1895 1219 1967 pollicitationibus
1253 1897 1450 1963 mittit,
1487 1904 1693 1970 petens
1724 1904 1789 1953 ut
1819 1899 1984 1953 obsi-

2101 1896 2388 1973 γενόμενος
2418 1896 2588 1950 ἓκεῖσε
2632 1894 3051 1969 πρνσεκαρτέρει
3107 1896 3207 1964 τὴν
3262 1891 3478 1950 ἔκϐασιν
3529 1893 3752 1972 ἐκδεχό-

333 1984 573 2040 dionem
622 1985 828 2041 solvat.
882 1987 1047 2057 lique
1097 1993 1162 2042 ut
1213 1988 1273 2041 in
1321 1992 1514 2042 castra
1556 1988 1985 2043 Saracenorum

2101 2005 2276 2058 μενος.
2321 1986 2686 2058 Ἀπεπειρᾶτο
2717 1981 2775 2038 δὲ
2802 1990 2901 2052 τῆς
2930 1987 3025 2038 τοῦ
3072 1983 3441 2060 ἀμερμουμνῆ
3499 1985 3750 2060 γνώμης,

332 2081 732 2146 pervenerunt
761 2082 819 2130 et
850 2075 911 2129 in
944 2081 1329 2147 conspectum
1366 2094 1792 2132 amermumnze
1820 2095 1986 2134 vene-

332 2169 491 2230 runt,
545 2180 613 2218 ea
667 2182 797 2234 qua)
854 2165 1177 2235 imperator
1229 2166 1612 2222 mandaverat
1658 2174 1984 2239 exponunt.

332 2255 488 2309 936
520 2272 720 2310 verum
754 2256 803 2311 is
834 2256 921 2309 ira
949 2256 1022 2310 ob
1055 2257 1353 2312 excidium
1386 2258 1590 2329 patriae
1622 2257 1987 2329 implacabili

334 2345 573 2411 ardens,
606 2345 950 2416 imperatori
984 2345 1363 2401 timiditatem
1406 2348 1781 2419 exprobrare,
1826 2348 1980 2420 lega-

330 2434 555 2489 tionem
588 2434 860 2489 deridere
904 2452 971 2490 ac
1022 2453 1131 2507 pro
1182 2435 1441 2493 ludibrio
1490 2437 1732 2507 habere,
1765 2438 1988 2510 legatos

331 2524 394 2578 in
427 2523 678 2579 vinculis
709 2525 996 2593 detinere,
1022 2531 1079 2579 et
1104 2525 1285 2580 tinem
1310 2527 1394 2581 rei
1417 2527 1770 2598 prmstolari,
1805 2543 1988 2599 oppu-

332 2612 671 2685 gnationem
708 2630 881 2684 porro
933 2614 1260 2685 impensius
1309 2633 1540 2689 urgere,
1587 2616 1893 2687 divisoque
1926 2616 1987 2671 in

332 2701 552 2757 multas
584 2709 781 2773 partes
831 2704 1092 2758 exercitu
1139 2722 1244 2775 per
1274 2705 1431 2759 vices
1480 2705 1685 2760 urbem
1741 2705 1984 2775 adoriri,

335 2808 573 2862 sperare
606 2792 729 2846 fore
763 2796 828 2846 ut
871 2792 1123 2847 subinde
1162 2794 1295 2849 aliis
1345 2794 1598 2866 aliisque
1646 2793 1987 2849 recentibus

334 2886 393 2934 et
423 2881 670 2953 integris
701 2881 922 2936 viribus
962 2883 1388 2955 Oppugnationi
1435 2883 1851 2952 subeuntibus,
1884 2884 1987 2954 qui

331 2970 493 3025 intus
525 2974 712 3039 erant,
747 2966 1051 3026 laboribus
1096 2972 1396 3045 defatigati
1430 2990 1558 3028 sese
1596 2973 1838 3031 dedant.
1873 2974 1986 3030 Sed

330 3060 610 3132 Oppidani
643 3062 875 3116 fortiter
905 3078 966 3116 se
994 3061 1330 3131 tuebantur,
1365 3080 1557 3135 neque
1591 3064 1985 3136 oppugnatio-

330 3151 442 3206 bus
473 3150 796 3221 quidquam
825 3151 1210 3207 efficiebatur.
1238 3154 1612 3223 Omninoque
1644 3161 1816 3225 capta
1844 3153 1985 3209 urbs

330 3258 451 3296 non
503 3241 731 3309 fuisset,
788 3242 903 3297 nisi
950 3241 1207 3315 proditio
1257 3243 1568 3314 cujusdam
1613 3243 1985 3298 Amoriensis

333 3331 789 3388 intercessisset.
850 3335 905 3387 Is
976 3332 1238 3387 Baditzes
1312 3333 1578 3403 nomine,
1639 3332 1989 3388 muneribus

332 3427 668 3492 corruptus,
728 3423 958 3493 ejurata
1012 3422 1086 3477 ob
1158 3422 1599 3477 contentionem
1669 3421 1991 3492 quamdam

332 3510 668 3565 Christiano
700 3510 1009 3583 religione,
1042 3528 1110 3565 eo
1157 3510 1471 3582 prolapsus
1518 3517 1605 3566 est
1634 3509 1992 3566 temeritatis

331 3606 399 3655 ut
452 3600 707 3670 patriam
756 3599 1053 3669 proderet,
1107 3606 1165 3655 et
1204 3600 1434 3655 occulte
1496 3617 1629 3655 cum
1684 3599 1993 3654 Saracenis

334 3688 666 3743 collocutus
691 3689 924 3743 monuit
953 3694 1021 3743 ut
1049 3688 1122 3744 ab
1154 3705 1223 3743 ea
1254 3694 1420 3760 parte
1453 3688 1662 3744 urbem
1696 3704 1995 3761 oppugna-

336 3781 488 3845 rent,
526 3792 643 3847 qua
697 3776 932 3831 facilius
987 3777 1048 3831 in
1095 3794 1298 3832 muros
1353 3777 1516 3832 evadi
1574 3794 1748 3848 posse
1799 3782 1992 3833 norat.

337 3868 680 3938 Expugnata
708 3866 854 3920 urbe
881 3871 1117 3937 quantas
1166 3866 1359 3922 caedes
1384 3865 1556 3920 edita:
1602 3866 1723 3921 sint
1753 3870 1811 3921 et
1851 3872 1997 3938 quot

337 3954 547 4026 captivi
597 3954 756 4023 facti,
807 3952 1061 4010 dicendo
1111 3955 1364 4026 exprimi
1412 3972 1531 4011 non
1582 3961 1796 4029 potest.
1848 3957 1992 4012 Nam

337 4045 612 4100 Saraceni
667 4044 801 4100 irati
861 4044 1020 4115 quod
1089 4044 1341 4101 durante
1408 4045 1722 4102 obsidione
1776 4046 1994 4102 multos

339 4153 582 4192 suorum
616 4136 877 4191 illustres
909 4137 1275 4205 amisissent,
1307 4136 1472 4193 nulla
1515 4154 1721 4195 eorum
1752 4138 1813 4192 in
1845 4155 1995 4209 quos

338 4225 686 4281 incidebant
713 4226 1095 4282 miseratione
1136 4227 1304 4294 moti,
1337 4227 1490 4283 viros
1533 4226 1994 4294 obtruncabant,

340 4316 623 4371 mulieres
655 4332 788 4371 cum
822 4315 1147 4371 infantibus
1181 4321 1239 4370 et
1268 4316 1468 4387 pueris
1498 4317 1827 4388 rapiebant,
1859 4315 1998 4387 pul—

340 4405 636 4461 cherrima
667 4422 918 4476 quaeque
968 4405 1220 4461 aedificia
1261 4405 1682 4462 incendebant.
1729 4406 1997 4476 Denique

345 4494 486 4549 urbs
539 4495 928 4551 Orientalium
985 4494 1390 4566 pulcherrima
1446 4495 1654 4567 exiguo
1713 4494 1998 4567 temporis

345 4585 535 4656 spatio
567 4584 649 4639 ita
677 4584 829 4639 937
867 4584 1047 4655 periit
1075 4589 1141 4639 ut
1169 4584 1320 4639 nihil
1352 4591 1566 4656 praeter
1595 4583 1813 4640 rudera
1843 4590 1999 4641 esset

344 4642 666 4744 reliquum.
702 4642 923 4744 Captivi
951 4642 1400 4729 abducebantur
1429 4675 1762 4729 cohortium
1794 4674 1995 4730 ducto-
2029 4642 2075 4708 Π

346 4778 442 4816 res
495 4760 793 4830 Callistus,
843 4762 1287 4830 Constantinus,
1336 4762 1679 4826 Theodorus
1719 4766 1998 4833 Caterus,

346 4850 601 4921 patricii,
634 4866 887 4921 cumque
920 4851 1015 4906 his
1037 4851 1136 4906 alii
1170 4851 1435 4923 plurimi,
1466 4852 1741 4923 praeturis
1766 4852 2000 4908 bellicis

347 4940 597 5012 aliisque
631 4941 883 4997 summis
915 4941 1303 5013 dignitatibus
1332 4940 1617 4997 illustres.

2096 2072 2143 2128 εἶ
2173 2094 2291 2135 πως
2325 2071 2586 2143 δυνηθείη
2624 2079 2965 2145 μεταστῆσαι
3008 2076 3204 2126 τοῦτον
3248 2079 3349 2142 τῆς
3399 2071 3748 2149 πολιορκίας.

2094 2164 2504 2237 Ἑκπέμπονται
2565 2163 2655 2218 οὗν
2718 2158 3043 2236 πρεσϐευταὶ
3107 2163 3241 2234 μετά
3300 2158 3492 2236 δώρων
3549 2163 3750 2235 τιμίων

2095 2253 2186 2307 καὶ
2218 2252 2566 2328 ὑποσχέσεων
2604 2252 2706 2307 οὐκ
2749 2249 2956 2324 ὀλίγων
3006 2255 3198 2306 τοῦτον
3251 2250 3753 2324 ἐκδυσωπήσοντες,

2098 2340 2251 2411 οἳδή
2286 2342 2480 2397 καὶτὸ
2540 2339 2904 2417 στρατόπεδον
2964 2336 3364 2403 καταλαϐόντες
3419 2345 3528 2396 τῶν
3584 2349 3759 2419 Σαρα-

2096 2436 2275 2500 κηνῶν
2305 2436 2393 2484 καί
2427 2430 2504 2494 εἷς
2533 2426 2656 2502 ὄψιν
2691 2428 2941 2491 ἐλθόντες
2971 2434 3049 2500 τῷ
3079 2427 3309 2504 ἄρχοντι
3338 2430 3407 2484 τὰ
3463 2430 3611 2506 παρᾶ
3653 2436 3751 2486 τοῦ

2102 2521 2374 2596 βασιλέως
2410 2518 2716 2593 μηνυθέντα
2746 2519 3045 2595 παρίστων.
3092 2520 3155 2576 Ὀ
3207 2516 3265 2575 δὲ
3313 2523 3472 2593 θυμῷ
3519 2522 3753 2600 κατεχό-

2102 2631 2264 2684 μενος
2294 2609 2511 2685 ἀσχέτῳ
2544 2607 2633 2664 διὰ
2662 2610 2761 2679 τήν
2792 2616 2893 2679 τῆς
2942 2606 3203 2684 πατρίδος
3261 2606 3469 2664 ἅλωσιν
3516 2611 3609 2665 τὸν
3661 2611 3754 2685 μὲν

2103 2699 2329 2776 βασιλέα
2358 2706 2457 2769 τῆς
2503 2696 2711 2761 δειλίας
2766 2700 3178 2772 κατεκερτόμει,
3239 2695 3501 2769 ἐξουθένει
3560 2696 3617 2754 δὶ
3662 2699 3753 2755 καὶ

2095 2793 2195 2860 τὴν
2230 2784 2519 2865 πρεσϐείαν
2568 2790 2657 2844 καὶ
2716 2786 3026 2861 ἐκωμῲδει,
3084 2787 3175 2842 καὶ
3232 2788 3360 2851 τοὺς
3417 2784 3752 2865 πρεσϐευτὰς

2098 2878 2150 2935 ἐν
2213 2877 2438 2953 δεσμοῖς
2492 2885 2740 2953 κατεῖχε,
2826 2878 3131 2953 περιμένων
3196 2878 3296 2947 τὴν
3352 2884 3453 2948 τῆς
3510 2877 3752 2954 πράξεως

2099 2963 2341 3026 ἔκϐασιν.
2374 2971 2489 3037 Τήν
2521 2965 2579 3023 δὲ
2614 2967 2938 3043 πολιορκίαν
2986 2966 3075 3023 ἐπὶ
3123 2965 3290 3022 πλέον
3340 2965 3626 3039 ἐπέτεινεν,
3673 2967 3749 3029 εἰς

2095 3056 2283 3114 πολλά
2317 3059 2456 3132 μέρη
2491 3055 2689 3113 διελὼν
2724 3059 2808 3112 τὸν
2839 3056 3064 3133 στρατὸν
3093 3056 3183 3111 καὶ
3216 3054 3275 3111 ἐκ
3330 3052 3595 3130 διαδοχῆς
3652 3055 3746 3116 τὰς

2094 3143 2413 3222 προσϐολὰς
2444 3147 2795 3219 ποιούμενος,
2838 3148 2923 3216 [Ρ.
2977 3148 3103 3220 532]
3148 3147 3242 3200 ἳνα
3289 3149 3367 3218 τῷ
3405 3146 3609 3216 πλήθει
3653 3144 3745 3199 καὶ

2092 3242 2160 3311 τῇ
2222 3238 2557 3311 ἀκμαιότητι
2613 3240 2722 3292 τῶν
2787 3233 3193 3309 ὁπαλλομένων
3262 3235 3637 3308 ἀποκαμόντες
3695 3235 3748 3288 o't

2098 3323 2247 3381 ἔνδον
2275 3325 2365 3382 καὶ
2396 3327 2534 3400 πρὸς
2572 3324 2700 3386 τοὺς
2759 3324 2960 3387 πόνους
3018 3326 3383 3399 ἀπειρηκότες
3434 3321 3752 3381 ἐνδώσουσι.

2101 3416 2390 3490 Καρτερῶς
2423 3411 2480 3469 δί
2506 3413 2599 3468 καὶ
2628 3417 2736 3467 τῶν
2778 3406 2925 3467 ἔνδον
2974 3412 3333 3486 ἀμυνομένων
3380 3408 3649 3483 ἄπρακτοι
3703 3413 3759 3466 αἱ

2098 3502 2475 3579 ἐπιχειρήσεις
2553 3509 2652 3571 τῆς
2743 3500 3075 3578 πολιορκίας
3169 3501 3432 3579 ἐγίνοντο.
3499 3502 3604 3555 Κᾶν
3675 3497 3759 3555 δι-

2100 3593 2292 3671 έφυγεν
2325 3595 2361 3662 ἡ
2395 3591 2560 3655 πόλις
2591 3594 2691 3661 τήν
2721 3590 2949 3661 ἅλωσιν,
2982 3591 3027 3646 εί
3061 3595 3138 3665 μή
3162 3612 3245 3653 τις
3268 3597 3377 3646 τῶν
3400 3589 3530 3646 εἶ’σω
3553 3587 3756 3666 δώροις

2102 3681 2440 3745 ὑποκλαπεὶς
2480 3681 2572 3737 καὶ
2627 3681 2728 3751 τήν
2784 3684 2892 3735 τῶν
2957 3682 3294 3757 Χριστιανῶν
3355 3679 3754 3754 ἐξομοσάμενος

2098 3773 2277 3827 πίστιν
2312 3768 2403 3827 διά
2445 3791 2566 3827 τινα
2624 3768 2988 3844 φιλονεικίαν,
3051 3769 3128 3832 εῗς
3190 3774 3452 3825 τοσοῦτον
3505 3766 3756 3825 κίνδυνον

2102 3859 2426 3934 ὀλισθήσεις,
2457 3857 2727 3934 προδοσίᾳ
2757 3855 3047 3934 προῦδωκε
3070 3859 3171 3929 τήν
3203 3857 3455 3935 πατρίδα·
3488 3854 3757 3927 Βαδίτζης

2101 3950 2276 4024 ὄνομα
2304 3955 2384 4024 τῷ
2413 3946 2587 4026 ἀνδρί.
2621 3948 2799 4011 Οὗτος
2853 3948 2958 4023 γὰρ
3017 3946 3195 4022 λάθρα
3249 3953 3367 4010 τοῖς
3417 3950 3758 4023 Σαρακηνοῖς

2101 4038 2369 4115 ἐντυχὼν,
2402 4039 2491 4094 καὶ
2523 4037 2647 4094 ἔνθα
2675 4038 2740 4092 τὸ
2796 4042 2984 4112 τεῖχος
3034 4033 3292 4113 εὐέφοδον
3339 4038 3431 4107 ἦν,
3481 4040 3759 4099 πυιεῖσθαι

2099 4130 2194 4192 τὰς
2225 4123 2547 4206 προσϐολὰς
2581 4129 2939 4203 ὑποθέμενος,
2994 4125 3167 4190 αἴτιος
3212 4126 3459 4205 ἐγεγόνει
3504 4130 3602 4181 τοῦ
3654 4125 3756 4193 τὴν

2101 4217 2265 4275 πόλιν
2300 4217 2528 4275 ἀλῶναι.
2560 4219 2662 4280 Ἦς
2696 4214 2763 4287 δὴ
2797 4215 3050 4291 πολέμου
3073 4217 3228 4290 νόμῳ
3250 4216 3576 4292 ληφθείσης,
3598 4220 3758 4276 ποῖος

2101 4310 2287 4371 ἱκανὸς
2316 4308 2484 4384 λόγος
2528 4306 2756 4378 ἐξειπεῖν
2811 4305 2875 4362 τὸ
2933 4304 3149 4377 πλῆθος
3207 4310 3317 4361 τῶν
3379 4305 3760 4378 ἀναιρεθέντων

2102 4398 2194 4454 καὶ
2240 4404 2349 4453 τῶν
2406 4394 3012 4473 αἰχμαλωτισθέντων;
3057 4400 3226 4469 Θυμῷ
3268 4395 3370 4471 γὰρ
3424 4392 3762 4470 βαλλόμενοι

2106 4489 2158 4544 οἱ
2192 4487 2503 4562 Σαρακηνοὶ
2538 4481 2629 4540 διὰ
2656 4485 2718 4540 τὸ
2756 4483 3006 4546 πολλοὺς
3036 4487 3146 4540 τῶν
3183 4485 3459 4563 ἐπιφανῶν
3505 4484 3640 4539 κατὰ
3666 4484 3758 4538 τὸν

2104 4578 2293 4652 καιρὸν
2354 4583 2454 4646 τῆς
2520 4574 2848 4652 πολιορκίας
2908 4577 3286 4651 ἀναιρεθῆναι,
3346 4572 3535 4630 οὐδένα
3586 4574 3764 4629 οἶκτον

2106 4672 2214 4723 τῶν
2255 4667 2683 4743 προστυχόντων
2740 4660 3074 4740 ἐλάμϐανον,
3135 4661 3268 4720 ἀλλ’
3326 4663 3618 4738 ἀνῃροῦντο
3675 4663 3770 4736 μὲν

2108 4754 2319 4833 ἂνδρες,
2352 4756 2552 4831 ἤγοντο
2594 4752 2652 4811 δὲ
2677 4761 2923 4828 γυναῖκες
2986 4754 3078 4809 σὺν
3147 4751 3450 4829 μειρακίοις
3506 4754 3594 4808 καὶ
3648 4774 3772 4808 νεα-

2107 4847 2333 4915 νίσκοις,
2365 4843 2787 4920 ἐπυρπολοῦντο
2835 4844 2903 4898 τὰ
2947 4842 3224 4899 κάλλιστα
3264 4846 3373 4898 τῶν
3426 4841 3772 4916 οἷκημάτων,

2109 4939 2199 4994 καὶ
2233 4936 2286 4992 ἐν
2346 4935 2408 4992 οὗ
2470 4937 2665 5011 μακρῷ
2723 4940 2802 5009 τῷ
2859 4935 3051 5010 χρόνῳ
3108 4936 3144 5004 ἡ
3184 4938 3294 4989 τῶν
3351 4932 3500 5007 ἐῴων
3558 4932 3776 4989 πόλεων

348 5025 772 5103 διαπγεπεστέρα
829 5026 1257 5105 ἐκλελειμμένον
1318 5025 1587 5085 ἐδείκνυτο
1654 5028 1911 5105 ερείπιον.
1981 5027 2219 5104 Ἠγόντο
2278 5024 2336 5082 δὲ
2392 5025 2618 5103 ζωγρίαι
2671 5025 2762 5081 καὶ
2823 5026 2874 5080 οἱ
2926 5028 3041 5079 τῶν
3128 5025 3547 5097 στρατευμάτων
3627 5022 3778 5096 ἐξάρ-

352 5137 568 5193 χοντες,
606 5117 919 5181 Κάλλιστός
959 5139 1017 5173 τε
1052 5119 1145 5173 καὶ
1204 5122 1610 5183 Κωνσταντῖνος
1663 5120 1755 5174 καὶ
1813 5116 2093 5192 Θεόδωρος
2124 5115 2456 5193 ὁΚρατερὸς
2514 5116 2570 5171 οἱ
2627 5115 2931 5189 πατρίκιοι,
2989 5112 3084 5168 καὶ
3142 5112 3309 5169 ἄλλοι
3355 5110 3608 5169 πλεῖστοι
3662 5116 3772 5167 τῶν

345 5206 398 5260 ἐν
433 5207 788 5281 στρατηγίαις
820 5203 1114 5285 διαφανῶν,
1151 5207 1423 5282 μεγίστοις
1456 5206 1824 5282 ἐμπρέποντες
1854 5207 2178 5280 ἀξιώμασιν.

419 5301 599 5371 Capto
633 5298 707 5354 ad
738 5298 891 5354 hunc
926 5297 1170 5353 modum
1214 5298 1476 5367 Amorio,
1523 5298 1801 5369 princeps
1830 5298 2001 5353 Sara-

355 5404 640 5445 cenorum
690 5388 871 5443 veluti
918 5387 1216 5444 insultans
1268 5388 1446 5444 rebus
1497 5387 1677 5460 gestis
1724 5388 1905 5458 inque
1936 5387 2011 5442 iis

354 5478 609 5547 superbe
639 5492 1006 5540 comessans,
1038 5476 1263 5547 legatos
1287 5476 1667 5548 imperatoris
1695 5477 1897 5531 omnia
1926 5476 2013 5532 in-

357 5564 585 5633 sPicere
601 5565 804 5634 jussos
823 5582 953 5635 quae
971 5571 1103 5620 acta
1119 5571 1339 5629 essent,
1354 5564 1539 5620 cladis
1558 5565 1801 5620 nuntios
1823 5565 1896 5621 ad
1915 5565 2013 5621 do-

358 5651 590 5704 minam
620 5652 889 5707 remittit.
914 5654 1070 5716 Quos
1095 5653 1195 5707 ille
1217 5670 1424 5709 rursus
1440 5653 1515 5709 ad
1537 5670 2013 5710 amermumnam

368 5737 555 5806 misit,
587 5740 800 5806 petens
845 5738 958 5793 sibi
1009 5745 1211 5811 captos
1260 5740 1323 5797 in
1355 5740 1521 5797 urbis
1573 5742 2013 5815 expugnatione

2186 5292 2347 5354 Οὕτω
2382 5291 2440 5350 δὲ
2471 5293 2836 5369 χειρωθείσης
2865 5299 2969 5364 τῆς
3027 5290 3243 5354 πόλεως
3291 5289 3420 5355 τοὺς
3467 5283 3717 5365 πρέσϐεις
3748 5290 3778 5345 ὁ

2118 5389 2228 5440 τῶν
2267 5388 2606 5461 Σαρακηνῶν
2662 5382 2914 5459 ἀρχηγὸς
2974 5385 3082 5437 τῶν
3150 5381 3508 5456 πραχθέντων
3553 5373 3777 5435 ἕκαστον

2123 5471 2490 5539 ἐπίσκοπῆσαι
2550 5471 3034 5549 ἐγκελευσάμενος,
3120 5468 3305 5546 ὥσπερ
3370 5490 3454 5531 τις
3511 5464 3784 5545 ἐντρυφῶν

2120 5563 2210 5618 καὶ
2274 5560 2726 5638 ἐνευωχούμενος
2787 5565 2907 5622 τοῖς
2994 5561 3339 5635 πραχθεῖσιν,
3419 5553 3789 5632 αὐταγγέλους

2123 5658 2226 5722 τῆς
2260 5656 2545 5729 συμφορᾶς
2577 5648 2848 5723 ἐκπέμπει
2876 5653 2956 5722 τῷ
2990 5646 3231 5725 βασιλεῖ,
3264 5646 3373 5708 Οὕς
3421 5644 3587 5702 πάλιν
3638 5644 3789 5702 εκεῖ-

2129 5762 2222 5805 νος
2254 5742 2390 5819 πρὸς
2448 5741 2542 5799 τὸν
2596 5739 2997 5819 ἀμερμουμνῆν
3060 5734 3451 5811 ἐξαπέστειλεν,
3506 5730 3788 5808 ἀποδοθῆ-
