4112 6410
327 426 482 486 1021

1531 418 2079 485 HISTORIARUM
2124 421 2672 491 COMPENDIUM.

3588 428 3747 489 1022

323 559 410 613 ναί
445 558 498 612 ol.
531 556 708 627 ζητῶν
741 554 869 619 τούς
903 574 962 610 τε
992 552 1295 633 ληφθέντας
1347 551 1619 634 διαφανεῖς
1672 551 1870 630 ἄνδρας
1924 551 1970 608 ἐν

2093 555 2358 614 illustres
2375 560 2529 616 viros
2549 561 2783 633 sibique
2813 576 3030 634 genere
3056 562 3422 634 propinquos
3446 566 3506 617 et
3521 561 3745 633 reliqos

322 652 392 722 τῇ
424 646 724 720 πολιορκίᾳ
759 665 851 700 και
904 643 1033 707 τοὺς
1088 643 1225 700 κατά
1280 642 1434 721 γένος
1491 643 1641 718 αὐτῷ
1668 646 1982 720 προσήκον-

319 757 417 800 τας
444 734 534 790 καὶ
564 733 692 796 τοὺς
746 732 979 798 λοιποὺς
1026 730 1448 808 αῗχμαλώτους,
1497 731 1698 789 εἶ’κοσιν
1732 733 1817 789 ἐπὶ
1848 733 1978 789 τέσ-

323 846 479 901 σαρσι
509 823 890 898 κεντηναρίους
949 820 1141 878 δώσειν
1200 822 1634 897 ὑπισχνούμενος
1693 823 1823 897 ὑπὲρ
1874 822 1980 878 λύ-

322 936 469 990 τρων
500 914 697 970 αὐτῶν.
729 914 792 971 Ὀ
849 910 908 967 δὲ
961 914 1061 981 τήν
1120 907 1406 986 πρεσϐιίαν
1466 910 1753 985 δεξάμενος
1810 911 1977 967 πάλιν

328 1008 460 1066 τοὺς
507 999 761 1078 πρεσϐεις
821 1003 939 1077 μεθ’
992 998 1197 1077 ὕϐρεως
1260 1001 1599 1078 ἀπέπεμψεν,
1656 1003 1884 1073 ἀνόητος
1914 1002 1978 1058 ἃν

327 1096 464 1151 εἶναι
508 1093 676 1149 εἰπὼν
737 1092 782 1147 εἰ
841 1090 1005 1168 χίλια
1061 1093 1392 1167 κεντηνάρια
1440 1092 1831 1155 καταναλώσας
1890 1091 1978 1147 ἐπὶ

324 1180 574 1255 συλλογῇ
603 1181 701 1236 τοῦ
727 1180 935 1236 οἰκείου
967 1185 1197 1256 στρατοῦ
1243 1181 1520 1236 τοσούτων
1548 1178 1823 1236 ἀποδώσει
1852 1179 1981 1241 τοὺς

321 1270 615 1342 ἡλωκότας
644 1270 1026 1344 κεντηναρίων.
1077 1270 1395 1345 Ἀπροὶκτων
1449 1268 1508 1325 δὲ
1557 1273 1666 1325 τῶν
1700 1266 1976 1346 πρέσϐειον

324 1362 781 1438 ὑποστρεψάντων
827 1364 896 1434 τῇ
946 1358 1225 1430 ἀπληστίᾳ
1253 1367 1353 1428 τῆς
1408 1365 1692 1439 συμφορᾶς
1744 1357 1977 1434 πληγεῖς

318 1453 348 1506 ὁ
383 1449 669 1529 Θεόφιλος,
728 1450 901 1505 πᾶσάν
930 1471 989 1506 τε
1021 1452 1225 1525 βρῶσιν
1284 1448 1375 1504 καὶ
1423 1448 1584 1504 πόσιν
1637 1447 1976 1528 ἀποστρεφό-

323 1562 480 1613 μενος
509 1539 601 1596 καί
659 1537 858 1620 σχεδὸν
915 1538 1174 1601 ἀπόσιτος
1232 1539 1498 1616 γεγονὼς,
1530 1539 1620 1594 καὶ
1659 1535 1829 1611 μηδὲν
1857 1535 1977 1593 ἓτε-

322 1650 413 1706 ρον
441 1630 797 1706 προσιέμενος
826 1627 861 1697 ἢ
891 1628 955 1682 τὸ
985 1627 1045 1683 ἐκ
1088 1628 1279 1703 χιόνος
1334 1622 1776 1700 ἀποθλιϐόμενον
1804 1624 1974 1701 ὕδωρ,

319 1718 658 1792 δυσεντερίας
717 1717 863 1773 ἑάλω
934 1719 1252 1792 νοσήματι.
1313 1716 1493 1773 Ἀλλά
1548 1717 1744 1793 καίπερ
1801 1718 1974 1781 οὕτως

320 1828 467 1883 εχων
497 1809 756 1879 πονήρως
788 1809 889 1861 οὐκ
940 1806 1161 1879 ἠρέμει,
1221 1803 1349 1861 οὐδὲ
1405 1806 1640 1882 μετρίως
1693 1801 1848 1885 ἔφερε
1874 1810 1975 1877 τήν

2088 648 2350 718 captivos
2388 650 2577 719 reddi,
2619 652 3091 723 promittensque
3130 667 3236 723 pro
3279 667 3484 705 eorum
3513 651 3743 706 redem-

2088 737 2293 808 ptione
2340 739 2412 792 24
2462 740 2824 796 centenaria.
2880 742 2992 796 llos
3056 757 3294 812 quoque
3353 739 3747 813 ignominioso

2088 827 2322 881 remisit
2356 827 2665 899 barbarus,
2699 830 2982 885 stolidum
3016 847 3079 885 se
3102 831 3228 886 fore
3259 830 3436 889 fatus.
3464 830 3511 884 si
3544 835 3751 900 captos

2092 920 2176 970 tot
2207 918 2567 972 centenariis
2598 918 2893 987 redderet,
2912 936 3045 974 cum
3070 920 3194 991 ipse
3218 919 3382 974 mille
3406 917 3752 974 ceutenaria

2089 1004 2151 1059 in
2182 1005 2613 1077 comparandas
2644 1008 2841 1079 copias
2873 1009 3280 1080 impendisset.
3317 1009 3543 1081 Legatis
3566 1024 3629 1061 re
3653 1008 3738 1061 in-

2088 1093 2242 1149 fecta
2268 1096 2512 1150 domum
2545 1098 2815 1164 reversis,
2847 1098 3187 1168 Theophilis
3208 1098 3364 1152 mole
3387 1098 3747 1159 calamitatis

2090 1200 2409 1255 oppressus
2437 1201 2674 1241 omnem
2709 1202 2858 1257 pene
2880 1187 3076 1242 cibum
3101 1204 3168 1243 ac
3190 1193 3394 1259 potum
3417 1197 3745 1258 aversatus,

2091 1277 2443 1344 tantumque
2474 1289 2688 1345 aquam
2711 1292 2782 1329 ex
2799 1276 2931 1330 nive
2957 1292 3295 1346 expressam
3318 1277 3664 1350 admittens,
3682 1282 3747 1336 in

2088 1361 2489 1433 dysenteriam
2554 1365 2783 1422 incidit.
2836 1366 2949 1421 Sed
3004 1372 3203 1421 tamen
3262 1384 3602 1440 quanquam
3662 1372 3748 1427 ita

2087 1451 2375 1508 afflictum
2414 1455 2639 1510 Amorii
2670 1456 2969 1511 excidium
3015 1456 3323 1527 quiescere
3361 1475 3740 1530 nequaquam

2087 1557 2333 1612 passum
2384 1547 2510 1610 est;
2561 1543 2721 1615 quod
2766 1545 3073 1617 mgerrime
3113 1546 3313 1599 ferens
3365 1549 3737 1604 occasionem

2084 1630 2449 1702 modumque
2482 1632 2807 1688 ulciscendi
2841 1634 3071 1689 hostem
3102 1633 3258 1689 988
3290 1635 3741 1707 circumspicie-

2083 1722 2203 1777 bat.
2239 1727 2322 1778 Ea
2351 1723 2422 1778 de
2445 1739 2624 1779 causa
2642 1723 3037 1779 Theodosium
3059 1724 3400 1795 patricium,
3427 1726 3741 1782 Bubutzica

2085 1813 2267 1884 stirpe
2299 1818 2528 1877 natum,
2561 1812 2633 1867 ad
2666 1829 2864 1885 regem
2893 1813 3156 1868 Francius
3189 1813 3444 1886 ablegat,
3486 1815 3738 1871 auxilia-

319 1901 422 1952 τοῦ
468 1897 752 1971 Ἀμωρίου
798 1897 1205 1970 καααστροφήν,
1234 1893 1381 1950 ἀλλὰ
1409 1896 1596 1970 καιρὸν
1650 1896 1740 1952 καὶ
1769 1898 1970 1970 τρόπον

2084 1903 2202 1957 rias
2232 1901 2305 1956 ab
2338 1919 2406 1957 eo
2437 1903 2635 1974 copias
2665 1902 2887 1959 validas
2919 1907 3149 1973 petens,
3184 1903 3550 1974 hortansque
3588 1911 3652 1961 ut
3682 1905 3737 1960 is

322 1984 503 2055 ἐζήτει
532 1988 650 2047 πῶς
682 1982 742 2039 ἂν
773 1982 1044 2056 ἀμύναιτο
1095 1983 1188 2037 τὸν
1219 1982 1441 2063 ἐχθρόν.
1486 1985 1581 2039 Διὸ
1611 1986 1703 2040 καὶ
1753 1984 1969 2041 στέλλει

317 2075 455 2150 πρὸς
483 2074 574 2129 τὸν
608 2080 752 2149 ρῆγα
796 2071 1077 2149 Φραγγίας
1132 2075 1244 2147 (18)
1302 2073 1394 2128 τὸν
1457 2074 1743 2149 πατρίκιον
1773 2072 1972 2131 Θεοδό-

317 2185 456 2230 σιον,
486 2162 547 2218 ἐκ
580 2167 680 2219 τοῦ
721 2168 829 2217 τῶν
889 2157 1306 2230 Βουϐουτζίκων
1362 2163 1732 2238 καταγόμενον
1759 2163 1969 2238 γένους,

316 2253 630 2327 ἐπικουρίαν
689 2273 747 2307 τε
830 2252 1052 2322 ἐξαιτῶν
1114 2253 1452 2329 πεμφθῆναι,
1538 2255 1623 2326 [Ρ.
1694 2256 1820 2327 533]
1878 2253 1971 2309 καὶ

322 2340 637 2397 ἀποστεῖλαι
695 2337 920 2413 δύναμιν
998 2338 1306 2414 ἀξιόμαχον
1375 2349 1465 2395 καί
1523 2346 1767 2396 κακῶσαι
1830 2342 1969 2417 μέρη

314 2432 440 2485 τινὰ
465 2437 562 2501 τῆς
613 2424 822 2500 Λιϐύης
871 2432 952 2501 τῷ
992 2429 1366 2503 ἀμερμουμνῇ
1414 2427 1757 2508 διαφέροντα.
1812 2430 1970 2488 Ἀλλ’

318 2520 453 2591 αὕτη
514 2522 610 2594 μὶν
640 2521 677 2588 ἡ
706 2514 966 2594 πρεσϐεία
1018 2518 1292 2594 ἄπρακτος
1321 2517 1521 2591 ἔμεινε,
1552 2524 1649 2576 τοῦ
1680 2518 1972 2576 Θεοδοσίου

317 2612 420 2679 τὴν
480 2610 628 2681 ζωὴν
684 2611 805 2673 καθ’
860 2607 987 2665 ὁδὸν
1035 2609 1523 2685 καταστρέψαντος·
1557 2612 1587 2666 6
1617 2611 1882 2689 Θεόφιλος
1915 2610 1972 2669 δὲ

315 2701 407 2755 καὶ
435 2700 638 2771 ταύτης
683 2696 977 2755 διεκπεσὼν
1008 2706 1109 2768 τῆς
1159 2698 1383 2762 ἐλπίδος
1430 2700 1518 2757 ἐπὶ
1566 2700 1734 2757 πλέον
1776 2723 1835 2757 τε
1867 2702 1970 2758 ὑπὸ

310 2798 414 2860 τῆς
463 2786 624 2845 νόσου
681 2789 1049 2869 σφιγγόμενος
1123 2791 1292 2845 ἄνεισι
1352 2790 1625 2865 κλινήρης
1682 2793 1819 2865 πρὸς
1867 2794 1969 2860 τὴν

313 2880 656 2953 Μαγναύραν,
705 2877 821 2953 ἐνῇ
847 2879 945 2947 τήν
1003 2898 1063 2933 τε
1120 2877 1425 2953 σύγκλητον
1484 2878 1849 2951 ἐκκλησιάσας
1878 2881 1970 2935 καὶ

306 2974 372 3025 τό
402 2968 599 3025 λοιπὸν
659 2968 894 3045 ἐμφανὲς
953 2966 1117 3043 μέρος
1170 2975 1270 3037 τῆς
1325 2967 1543 3031 πόλεως
1599 2972 1710 3043 (19)
1755 2970 1823 3025 τὰ
1851 2972 1971 3026 καθ’

310 3061 497 3116 ἑαυτὸν
547 3056 899 3134 έξετραγῴδει
957 3058 1049 3112 καὶ
1116 3057 1457 3136 ὠλοφύρετο,
1510 3059 1601 3113 καὶ
1630 3061 1758 3121 τοὺς
1790 3080 1967 3116 συνει-

309 3149 612 3225 λεγμένους
667 3148 845 3220 ἐζήτει
932 3150 1033 3220 τήν
1122 3147 1200 3210 εἷς
1269 3147 1428 3204 αὐτὸν
1487 3149 1966 3225 ἀπομνημονεύειν

2079 1998 2277 2065 partes
2302 1992 2493 2065 Libym
2511 1993 2584 2048 ad
2598 2008 3072 2048 amermumnam
3090 1993 3460 2063 pertinentes
3475 1993 3739 2050 infestet.

2079 2083 2193 2138 Sed
2242 2083 2368 2137 haec
2418 2098 2655 2153 quoque
2714 2082 2929 2154 legatio
2978 2082 3145 2137 irrita
3208 2082 3342 2145 fuit,
3394 2089 3628 2137 mortuo
3676 2084 3738 2138 in

2080 2174 2296 2228 itinere
2350 2171 2700 2226 Theodosio.
2759 2171 3121 2241 TheOphilus
3169 2171 3281 2226 hac
3334 2187 3571 2242 quoque
3632 2189 3736 2243 spe

2078 2260 2304 2332 lapsus,
2328 2261 2772 2333 ingravescente
2804 2261 3049 2331 insuper
3078 2259 3307 2325 morbo,
3337 2260 3401 2314 in
3431 2261 3641 2316 lectica
3672 2278 3734 2316 se

2080 2350 2155 2406 ad
2186 2352 2570 2423 Magnaurum
2601 2349 2900 2421 deportari
2924 2349 3127 2420 jubet:
3161 2350 3489 2421 eodemque
3522 2367 3736 2406 convo-

2079 2444 2211 2495 cato
2253 2444 2466 2495 senatu
2507 2445 2568 2494 et
2611 2445 2780 2510 parte
2822 2438 3073 2494 civitatis
3123 2438 3442 2501 nobiliore.
3490 2456 3733 2495 suarum

2078 2545 2281 2584 rerum
2314 2529 2593 2584 miseram
2624 2527 3028 2582 conditionem
3061 2529 3283 2600 tragice
3312 2528 3603 2599 deplorat,
3628 2546 3740 2585 cm-

2079 2622 2326 2689 tumque
2360 2617 2631 2672 hortatur
2663 2622 2727 2671 ut
2757 2632 3053 2672 memores
3078 2632 3200 2671 sum
3233 2617 3294 2672 in
3326 2617 3523 2688 ipsum
3555 2617 3743 2673 bene-

2079 2707 2352 2762 volentiaa
2384 2707 2564 2762 fidem
2596 2706 2766 2761 uxori
2814 2722 2934 2762 suae
2982 2723 3159 2777 porro
3192 2706 3437 2777 ﬁlioque
3480 2714 3736 2775 servent,

2079 2797 2271 2868 iisque
2296 2796 2614 2867 imperium
2639 2795 2711 2849 ab
2740 2794 2972 2849 insidiis
3004 2801 3197 2849 tutum
3226 2801 3529 2863 prmstent.
3563 2796 3734 2851 Mise-

2077 2886 2249 2941 rabili
2279 2885 2655 2957 imperatoris
2675 2885 2946 2940 oratione
2968 2885 3170 2941 fractis
3188 2885 3493 2941 concionis
3512 2886 3733 2940 animis

2077 2976 2367 3048 ejulatum
2390 2974 2649 3030 universi
2671 2974 3065 3039 sustulerunt,
3097 2990 3132 3029 a
3153 2975 3390 3045 Deoque
3412 2992 3621 3030 omnes
3639 2992 3731 3032 sa-

2075 3065 2262 3119 lutem
2294 3080 2361 3119 ac
2391 3063 2569 3118 vitam
2592 3063 2935 3134 imperatori
2965 3063 3327 3136 flagitarunt,
3352 3063 3534 3119 simul
3558 3064 3734 3135 polli-

2076 3152 2198 3217 citi,
2246 3154 2294 3207 si
2347 3152 2490 3224 quid
2540 3152 2592 3207 ei
2645 3152 2992 3207 humanitus
3035 3152 3353 3219 accideret,
3410 3153 3566 3223 quod
3617 3153 3731 3225 ipsi

306 3239 516 3295 εὔνοιαν
551 3239 606 3294 ἰν
636 3243 717 3311 τῷ
754 3237 933 3293 πίστιν
992 3238 1084 3292 καὶ
1140 3237 1417 3311 εὐμένειαν
1452 3246 1689 3312 τηρῆσαι
1738 3241 1876 3316 πρὸς
1906 3261 1965 3296 τε

2081 3242 2321 3312 quidem
2376 3241 2886 3305 abominarentur,
2935 3257 2998 3295 se
3044 3247 3169 3295 tum
3209 3257 3314 3311 pro
3350 3258 3533 3296 uxore
3581 3242 3732 3313 ejus,

305 3330 407 3398 τήν
438 3327 607 3383 αὐτοῦ
654 3329 881 3403 σύζυγον
909 3325 999 3382 καὶ
1032 3327 1125 3383 τὸν
1181 3324 1372 3394 παῖδα,
1429 3328 1521 3383 καὶ
1580 3325 1962 3408 διαφυλάττειν

305 3417 529 3481 τούτοις
556 3418 655 3486 τὴν
705 3414 984 3492 βασιλείαν
1043 3412 1526 3474 ἀνεπιϐούλευτον.
1583 3418 1973 3484 Ἐπικλασθέν-

306 3526 421 3560 των
450 3502 509 3560 δὲ
560 3508 670 3560 τῶν
729 3502 1206 3579 συνηθροισμένων
1259 3509 1381 3568 τοῖς
1448 3504 1702 3569 ἐλεεινοῖς
1754 3507 1974 3573 τούτοις

313 3594 528 3669 ῥήμασι
584 3598 686 3650 τοῦ
748 3593 1023 3670 βασιλέως
1080 3590 1321 3667 ὀδυρμὸς
1377 3591 1524 3667 ἤρθη
1578 3595 1669 3650 καὶ
1725 3597 1969 3659 κωκυτὸς

311 3684 460 3761 παρά
508 3683 747 3740 πάντων·
809 3683 901 3738 καὶ
979 3683 1175 3743 πάντες
1251 3683 1670 3749 θεοκλυτοῦντες
1725 3682 1971 3762 ηὔχοντο

314 3774 415 3847 μὶν
472 3778 554 3847 τῷ
614 3770 830 3848 βασιλεῖ
890 3772 1074 3849 ὑγείαν
1132 3792 1189 3828 τε
1244 3772 1331 3827 καὶ
1388 3774 1556 3843 ζωὴν,
1606 3773 1655 3829 εἲ
1714 3773 1782 3845 δ’,
1838 3775 1969 3852 ὅπερ

310 3863 575 3920 ἀπευκτὸν
602 3865 669 3932 ἦν
700 3862 910 3930 αὗτοῖς,
959 3861 1207 3929 θάνατος,
1267 3856 1480 3937 ἔλεγον,
1513 3859 1967 3937 ἐπακολουθήσει,

309 3953 447 4029 ὑπὲρ
473 3959 578 4021 τῆς
608 3951 774 4007 αὐτοῦ
802 3957 1054 4024 γαμετῆς
1099 3955 1248 4027 σφῶν
1305 3948 1364 4005 δέ
1421 3948 1709 4023 δεσποίνης
1736 3955 1828 4009 καὶ
1857 3961 1965 4010 τῶν

304 4039 514 4098 παίδων
550 4043 916 4116 ὑπισχνοῦντο
973 4040 1065 4095 καὶ
1123 4037 1309 4107 αὐτὰς,
1370 4039 1416 4094 εἰ
1465 4036 1678 4110 δεήσοι,
1708 4044 1967 4117 προέσθαι

301 4133 401 4193 τὰς
425 4132 609 4207 ψυχὰς
640 4130 731 4186 καὶ
772 4136 1015 4205 τηρῆσαι
1069 4128 1287 4191 τούτοις
1344 4130 1445 4198 τὴν
1498 4129 1782 4205 βασιλείαν
1812 4131 1966 4188 ἀδιαο

302 4215 592 4291 λώϐητον.
630 4220 731 4275 Καὶ
797 4218 850 4273 οἱ
910 4219 1005 4291 μὲν
1046 4217 1567 4295 -κατεπηγγειλαντο
1618 4224 1808 4292 ταῦτα,
1854 4223 1883 4277 6
1911 4220 1969 4278 δὲ

2079 3332 2325 3388 domina
2354 3348 2480 3395 sua,
2505 3337 2565 3387 et
2594 3331 2797 3387 liberis
2828 3332 3018 3402 ipsam
3051 3348 3310 3403 quoque,
3335 3332 3383 3386 si
3408 3331 3491 3386 ita
3510 3348 3608 3387 res
3636 3349 3735 3403 po-

2081 3422 2348 3491 stularet,
2381 3422 2560 3477 vitam
2584 3422 2981 3493 impensuros,
3006 3421 3197 3491 iisque
3220 3420 3539 3492 imperium
3570 3421 3733 3477 inco-

2080 3511 2241 3567 lume
2289 3498 2759 3567 conservaturos.
2807 3509 3145 3566 Secundum
3198 3510 3325 3565 haec
3362 3511 3730 3581 Theophilus

2081 3601 2288 3657 morbo
2308 3601 2487 3673 plane
2504 3604 2893 3671 consumptus
2910 3599 3089 3671 paulo
3106 3605 3243 3671 port
3257 3600 3520 3655 debitum
3544 3605 3731 3655 natu-

2078 3708 2161 3746 ra)
2186 3690 2486 3763 persolvit,
2521 3706 2656 3744 cum
2688 3689 3006 3761 imperium
3038 3704 3227 3743 annos
3262 3692 3326 3743 l2
3357 3693 3416 3743 et
3436 3706 3675 3745 menses
3702 3693 3733 3745 3

2076 3779 2381 3852 gessisset.
2428 3780 2573 3835 Cum
2619 3782 2821 3834 autem
2864 3776 2939 3831 ob
2983 3777 3298 3848 praedictas
3329 3793 3539 3833 causas
3569 3778 3738 3834 locus

2080 3875 2238 3925 esset
2265 3868 2418 3924 989
2450 3866 2875 3938 TheOphobum
2898 3865 3056 3937 apud
3076 3865 3497 3936 imperatorem
3533 3867 3734 3921 crimi-

2078 3957 2382 4023 nantibus,
2416 3954 2797 4026 Theophibus
2827 3954 2958 4008 vita:
2991 3954 3169 4007 tidem
3201 3953 3424 4009 instare
3455 3954 3568 4008 sibi
3597 3971 3736 4010 sen-

2076 4050 2232 4104 tiens
2288 4043 2710 4115 Theophobum
2770 4043 2832 4097 in
2882 4058 3181 4098 carcerem
3239 4042 3730 4099 obscurissimum

2075 4135 2391 4208 compegit,
2455 4132 2556 4203 qui
2606 4136 2696 4186 est
2737 4131 2909 4201 juxta
2970 4128 3412 4186 Bucoleontem.
3483 4131 3734 4202 Jamque

2076 4224 2472 4283 moribundus
2510 4225 2687 4293 caput
2722 4220 2853 4290 ejus
2898 4218 3197 4289 amputari
3246 4218 3478 4291 sibique
3530 4222 3734 4277 atlerri

306 4308 569 4386 βασιλεὺς
600 4306 869 4387 Θεόφιλος
900 4307 1006 4362 ὐπὸ
1032 4309 1130 4376 τῆς
1189 4306 1354 4363 νόσου
1406 4306 1631 4370 τελείως
1661 4310 1848 4372 τακεὶς
1875 4316 1966 4367 καί

2081 4316 2269 4389 iussit.
2312 4311 2698 4381 Manibusque
2728 4309 2922 4363 crines
2946 4308 3076 4379 ejus
3100 4312 3345 4379 tangens
3367 4309 3493 4365 hinc
3523 4309 3734 4365 ultima

304 4401 466 4474 μικὸν
493 4396 742 4461 ἐπιϐιοὺς
790 4399 855 4454 τὸ
913 4398 1097 4454 κοινὸν
1151 4397 1544 4475 ἀνεπλήρωσεν
1593 4395 1847 4474 ὄφλημα,
1874 4400 1964 4458 ἐπὶ

302 4486 518 4544 δώδεκα
546 4484 684 4544 ἔτεσι
715 4487 807 4543 καὶ
868 4487 1004 4560 μησὶ
1063 4486 1209 4561 τρισῖ
1267 4488 1367 4557 τήν
1423 4484 1702 4563 βασιλείαν
1758 4488 1961 4552 ίθύνας,

2074 4406 2255 4461 verba
2299 4401 2541 4458 extulit:
2577 4398 2799 4453 Exinde
2844 4412 3036 4466 neque
3071 4413 3178 4469 ego
3209 4397 3570 4469 Theophilus
3602 4417 3732 4456 sum

2075 4509 2270 4565 neque
2300 4497 2365 4547 tu
2399 4507 2462 4546 es
2490 4486 2903 4559 Theophobus.
2928 4485 3178 4551 Quidam
3200 4491 3400 4542 tamen
3432 4488 3732 4560 Orypham

297 4577 458 4635 Ἐπεὶ
490 4575 568 4646 δὲ,
601 4578 675 4640 ὡς
698 4577 902 4655 φθάσας
936 4577 966 4631 6
998 4573 1161 4649 λόγος
1194 4572 1464 4647 ἐδήλωσε,
1497 4578 1684 4652 χώραν
1716 4572 1879 4654 ἔσχον
1913 4581 1964 4635 οἱ

2081 4580 2462 4653 drungarium
2493 4578 2707 4651 vigiliae
2750 4576 2949 4632 ferunt
2997 4592 3105 4631 sua
3144 4581 3357 4647 sponte
3387 4582 3445 4632 et
3488 4578 3730 4635 nemine

302 4662 706 4729 διαϐάλλοντες
759 4666 852 4721 τὸν
886 4660 1163 4744 Θεόφοϐον
1223 4664 1330 4719 ἀπὸ
1385 4669 1493 4721 τῶν
1552 4665 1852 4742 εἰρημένων
1881 4670 1968 4724 αἱ·

2081 4670 2323 4743 jubente
2352 4665 2713 4740 Theophobo
2744 4665 2921 4720 vitam
2954 4664 3264 4735 eripuisse.

296 4761 456 4820 τιῶν,
489 4756 563 4818 ὡς
597 4752 737 4830 ἔγνω
763 4755 791 4809 ὁ
821 4754 1089 4826 Θεόφιλος
1119 4754 1182 4808 τὸ
1212 4753 1373 4816 τέλος
1400 4760 1502 4824 τῆς
1529 4755 1698 4811 αὐτοῦ
1732 4758 1943 4832 βιοτῆς,
1972 4758 2023 4813 ὲν
2053 4756 2421 4832 δεσμωτηρίῳ
2476 4756 2663 4825 τίθησι
2720 4754 2814 4809 τὸν
2869 4747 3140 4826 Θεόφοϐον
3172 4749 3567 4830 ζοφωδεστάτῳ
3597 4757 3735 4811 κατὰ

304 4846 399 4899 τὸν
468 4843 861 4901 Βουκολέοντα.
927 4842 1025 4897 Καὶ
1079 4839 1188 4914 ἤδη
1248 4846 1346 4898 τοῦ⁹
1412 4841 1606 4908 τέλους
1663 4844 1970 4924 ἐγγίζοντος
2025 4846 2348 4921 προσέταξεν
2397 4846 2691 4916 ἀποτεμεῖν
2745 4842 2942 4899 τούτου
2981 4842 3081 4911 τὴν
3131 4839 3378 4921 κεφαλήν
3431 4844 3523 4898 καὶ
3580 4845 3735 4917 αὐτῷ

303 4931 557 5010 ἐνεγκεῖν.
592 4937 797 5009 ’Ἠνπερ
854 4929 1169 5007 δεξάμενος,
1227 4952 1317 4987 και
1376 4938 1494 4996 ταῖς
1554 4936 1713 5013 χερσὶ
1767 4940 1877 4991 τῶν
1945 4940 2155 5012 τριχῶν
2186 4934 2568 5010 ἐπαφώμενος,
2597 4929 2827 5006 ἔσχατον
2890 4930 3009 4986 εἶπε
3040 4928 3230 5009 λόγων,
3290 4930 3385 5001 ὡς,
3438 4933 3576 4989 Ἀπὸ
3634 4937 3731 4987 τοῦ

1475 5053 1841 5111 XYLANDRI
1878 5057 1965 5111 ET
2002 5055 2220 5112 GOARI
2257 5052 2483 5109 NOTAE.

2072 5172 2300 5237 ratoris,
2376 5167 2451 5223 ad
2498 5172 2716 5238 patrem
2781 5167 3164 5238 (Ludovicum)
3222 5167 3389 5223 missa
3453 5169 3694 5222 occurrit
3713 5181 3731 5227 ,'

2074 5240 2458 5321 munerasibi
2496 5237 2886 5321 datanobtuli‘t‘
2943 5238 3306 5321 (botharius),
3363 5240 3520 5321 patri
3565 5241 3731 5321 mjssa

2073 5315 2371 5370 subtraan't.
2419 5312 2594 5376 Quam
2629 5309 2724 5363 ille
2764 5309 2887 5363 licet
2930 5310 3005 5363 ad
3035 5309 3513 5380 patrem'missam
3560 5310 3635 5365 ad
3676 5327 3731 5367 se

2078 5392 2262 5441 tamen
2291 5386 2594 5440 venientem
2634 5382 2888 5453 suscepit,
2934 5383 3171 5451 audivit,
3212 5388 3264 5437 et
3296 5384 3619 5453 tragoediam
3648 5399 3734 5438 re-

2067 5463 2367 5528 portanem
2387 5469 2524 5528 pene
2554 5452 2861 5528 inauditam
2889 5453 3120 5528 remisit.
3156 5457 3333 5528 Goaa.

2147 5531 2258 5598 (l9)
2292 5520 2595 5598 Principes
2626 5523 2853 5598 populi,
2885 5523 3210 5598 factionum
3242 5520 3595 5598 δημάρχους,
3629 5542 3736 5598 pa-

2074 5594 2396 5655 triarcham
2434 5594 2510 5652 δι’
2535 5594 2675 5668 cleri
2724 5594 3096 5668 praecipuos,»
3126 5611 3273 5668 quos
3314 5594 3544 5668 inpari
3589 5594 3732 5653 casu

2075 5685 2429 5727 convocasse
2471 5665 2815 5723 Mauricium
2845 5665 3130 5722 describit
3164 5665 3485 5724 Simocatta
3527 5671 3727 5725 statim

2073 5742 2187 5799 sub
2214 5742 2477 5799 historiae
2506 5738 2697 5795 initio.
2732 5734 2908 5794 Gen.

368 5171 480 5239 (l8)
513 5165 847 5248 Occidentis
877 5164 1270 5248 imperatores
1300 5182 1562 5248 rege_sv_e,
1598 5171 1964 5248 praeterﬁul-
2072 5172 2300 5237 ratoris,
2376 5167 2451 5248 ad
2498 5172 2731 5248 patrem.
2757 5166 3164 5248 _(I:udouicum)
3186 5241 3198 5248 _
3222 5165 3389 5248 m_issa
3453 5169 3694 5248 occurrit
3713 5181 3738 5227 ;

332 5238 570 5298 arorum
620 5238 1264 5311 principem’vicinum
1315 5238 1393 5293 et’
1431 5238 1753 5310 infensum,
1808 5240 1964 5311 βασι-

292 5257 570 5368 garorum
620 5257 955 5311 princnpem
1003 5257 1264 5294 vwinum
1315 5257 1374 5293 et.
1431 5257 1753 5310 mtensum,
1803 5257 1963 5333 ροισι-

339 5311 427 5389 έας
484 5328 718 5389 νόθοι-εΔ
756 5325 994 5389 semper
1044 5308 1736 5389 abhorrueruntﬂrazci,
1788 5320 1963 5389 ρῇγας

297 5385 558 5441 salutare
589 5381 853 5438 contenti
884 5379 905 5447 ζ
940 5379 1100 5436 unde
1136 5381 1265 5437 haac
1296 5382 1368 5437 ad
1404 5379 1756 5441 Ludovicum
1788 5379 1964 5442 'Pium

299 5458 725 5533 imperatorem
774 5451 927 5533 Ξερὸς
977 5450 1147 5533 ρῇγα,
1208 5469 1361 5533 non_
1394 5450 1623 5533 βασιλέα
1675 5458 1962 5533 Φραγγίας

299 5523 487 5584 missa
509 5526 747 5599 legatio.
772 5523 1195 5599 anue‘forsan
1219 5530 1308 5579 est
1328 5523 1403 5581 de
1424 5543 1542 5599 qua
1570 5527 1688 5584 vita
1708 5523 1767 5583 et
1797 5523 1964 5586 actus

302 5597 759 5656 Ludovici'illius
779 5597 1090 5667 AnOnymo
1109 5601 1347 5651 auctore
1368 5598 1636 5653 scribunt
1655 5617 1812 5657 anno
1836 5603 1960 5657 833:

306 5670 610 5742 Compendi
638 5670 958 5725 consistenti
978 5668 1190 5742 iegatio
1211 5670 1559 5739 imperatoris
1584 5671 1647 5742 κϐ.
1681 5674 1774 5738 Ρ.,
1807 5674 1965 5728 Mar-

305 5758 399 5799 cus
434 5739 888 5814 archiepiscopus
942 5739 1145 5810 Ephesi
1199 5743 1251 5795 et
1280 5741 1763 5813 protospatharius
1792 5744 1963 5817 impe-
