4112 6430
325 404 483 465 1023

1696 408 2017 470 GEORGII
2049 406 2387 471 CEDRENI

3596 413 3758 475 102‘

322 539 416 592 νῦν
443 535 567 625 οὐτε
600 535 705 609 ἐγὼ
736 535 1033 625 Θεόφιλος,
1057 534 1181 593 δῦτε
1211 536 1275 592 σὺ
1302 533 1603 618 Θεόφοϐος.
1662 538 1819 601 Τινὲς
1875 534 1934 592 δὲ
1988 541 2070 610 τῷ
2116 539 2323 616 Ὀρύφᾳ
2380 536 2728 615 δρουγγαρίῳ
2754 542 2868 614 (20)
2895 545 2993 606 τῆς
3031 538 3227 617 βίγλας
3254 542 3591 620 τυγχάνοντι
3618 543 3755 601 ἀνα-

323 621 531 689 τιθέασι
560 625 664 693 τήν
692 629 795 680 τοῦ
825 621 1102 703 Θεοφόϐου
1134 629 1368 706 σφαγὴν,
1400 627 1732 702 αὐθαιρέτως
1764 627 1935 695 αὐτὴν
1965 625 2321 703 ἐργασαμένῳ
2355 626 2589 701 μηδενὸς
2619 630 2998 692 κελεύσαντας.

397 716 624 772 Mortuo
656 715 980 787 TheOphilo
1010 716 1168 771 ﬁlius
1200 718 1328 790 ejus
1359 717 1682 773 Michaelus
1712 723 1978 788 septrum

2164 716 2644 793 Καταστρέψαντος
2675 715 2732 774 δὲ
2783 723 2881 774 106
2935 718 3204 796 Θεοφίλου
3230 722 3332 791 τὴν
3366 722 3533 791 ζωὴν,
3566 722 3595 777 6
3626 727 3755 784 παῖς

323 804 564 876 imperii
619 804 774 873 tulit,
825 810 1101 860 consorte
1145 812 1336 861 matre
1384 806 1710 862 Theodora.
1769 806 1990 862 Habuit

325 899 525 949 autem
550 898 775 948 tutores
806 900 985 965 atque
1016 894 1422 950 moderatores
1441 912 1589 966 quos
1621 896 1676 951 ei
1708 900 1875 967 pater
1904 900 1985 949 te-

326 988 625 1038 stamento
643 982 1350 1054 prmieceratManuelum
1371 984 1722 1056 magistrum
1746 991 1805 1039 et
1819 985 1988 1039 scho-

324 1073 518 1128 larum
565 1071 980 1142 domesticum,
1012 1089 1080 1129 ac
1122 1073 1522 1130 Theoctistum
1568 1074 1886 1145 patricium
1934 1078 1993 1128 et

333 1162 525 1217 dromi
557 1162 940 1233 logothetam.
973 1163 1040 1217 Hi
1078 1164 1277 1218 statim
1310 1180 1346 1218 a
1375 1169 1565 1218 morte
1595 1162 1906 1234 Theophili
1929 1163 1991 1217 in

330 1254 554 1308 circum
586 1254 907 1326 progressi,
937 1260 1145 1309 vocato
1169 1253 1379 1309 eodem
1402 1253 1476 1308 ad
1506 1255 1855 1309 concionem
1885 1269 1989 1324 po-

325 1342 488 1414 pulo,
521 1342 701 1398 verba
729 1343 950 1398 mortui
982 1360 1192 1398 recens
1221 1343 1600 1415 imperatoris
1626 1358 1992 1398 commemo-

329 1438 628 1501 raverunt,
660 1432 908 1504 ejusque
930 1432 1359 1488 benevolentia:
1384 1432 1989 1500 commonefecernnt,

332 1537 400 1576 ac
440 1521 647 1576 multis
675 1521 911 1576 blandis
941 1526 1001 1577 et
1030 1521 1104 1576 ad
1145 1523 1378 1577 animos
1409 1521 1814 1578 conciliandos
1835 1522 1991 1592 aptis

331 1610 529 1665 verbis
577 1611 791 1665 civium
834 1611 1092 1666 favorem
1140 1628 1291 1666 novo
1348 1612 1695 1683 imperatori
1754 1628 1993 1683 parave-

334 1706 497 1768 runt,
548 1700 1024 1771 promittentium
1070 1718 1133 1755 se
1177 1700 1272 1756 vel
1304 1701 1651 1773 sanguinem
1679 1717 1853 1756 suum
1883 1718 1991 1772 pro

331 1790 462 1859 ejus
496 1789 685 1844 salute
716 1790 1087 1861 profusuros,
1121 1796 1180 1845 et
1216 1789 1374 1845 dicta
1402 1807 1512 1845 sua
1539 1790 1855 1846 confestim
1889 1790 1993 1861 ju-

334 1879 623 1933 ramentis
640 1879 1143 1934 conﬁrmantium.
1170 1879 1478 1935 Theodora
1493 1880 1694 1950 itaque
1713 1896 1848 1935 cum
1869 1880 1992 1934 ﬁlio

332 1983 569 2022 summa
607 1984 805 2022 rerum
859 1968 1067 2038 potita,
1118 1968 1369 2039 imperio
1417 1969 1793 2034 conﬁrmato,
1840 1968 1993 2027 nihil

2094 805 2258 861 αὐτοῦ
2290 806 2529 886 Μιχαὴλ
2577 808 2646 864 τὰ
2674 816 2924 882 σκῆπτρα
2960 815 3060 878 τῆς
3096 807 3376 885 βασιλείας
3428 808 3754 887 ἀναδέχεται

2093 896 2183 949 σὺν
2218 899 2287 968 τῇ
2348 897 2517 971 μητρὶ
2574 895 2852 972 Θεοδώρᾳ,
2886 897 3213 972 ἐπιτρόπους
3253 892 3398 975 ἔχων
3430 903 3518 956 καὶ
3554 900 3755 976 ῥυθμι-

2095 985 2221 1046 στὰς
2270 981 2363 1047 οὕς
2421 986 2568 1058 αὐτῷ
2625 984 2962 1057 ἐνδιαθτςκως
3021 986 3312 1058 ἐπέστησεν
3344 989 3605 1064 ὁπατὴρ,
3659 992 3752 1046 τὸν

2093 1095 2150 1130 τε
2185 1075 2485 1152 μάγιστρον
2534 1075 2797 1146 Μανουήλ
2855 1076 2945 1132 καὶ
2982 1074 3303 1150 δομέστικον
3335 1081 3757 1154 χρηματίσαντα

2093 1168 2203 1218 τῶν
2231 1163 2481 1238 σχολῶν,
2516 1163 2606 1219 λαὶ
2643 1165 2736 1219 τὸν
2795 1165 3083 1241 πατρίκιον
3119 1168 3442 1224 Θεόκτιστον
3472 1168 3563 1224 καὶ
3594 1167 3762 1246 λογο-

2097 1255 2260 1323 θὲτην
2317 1258 2413 1308 106
2472 1251 2706 1328 δρόμου.
2769 1254 2838 1312 Οἳ
2893 1263 3244 1331 παραχρῆμα
3296 1260 3396 1312 106
3454 1259 3625 1313 θανεῖν
3651 1260 3747 1314 τὸν

2098 1340 2366 1412 Θεόηιλον
2415 1340 2723 1409 ἐξελθόντες
2773 1342 2850 1406 εἷς
2889 1344 2981 1399 τὸν
3014 1342 3385 1421 ἱππόδρομον,
3416 1347 3632 1403 κάκεῖσε
3660 1347 3753 1403 τὸν

2097 1427 2277 1505 δῆμον
2308 1430 2775 1500 ἐκκλεσιάσαντες,
2834 1432 3038 1509 λόγους
3102 1456 3162 1491 τε
3214 1433 3442 1505 διῆλθον
3490 1440 3589 1503 τῆς
3618 1439 3757 1512 πρὸς

2097 1521 2297 1596 αςιτούς
2357 1521 2573 1585 εὐνοίας
2623 1524 3130 1597 ἀναμιμνήσκοντες
3184 1528 3284 1580 τοῦ
3327 1524 3760 1597 τελευτήσαντος

2102 1608 2395 1683 βασιλέως,
2444 1610 2533 1665 καὶ
2592 1610 2852 1686 ἐπαγωγὰ
2903 1612 3092 1670 πολλᾶ
3120 1614 3210 1669 καὶ
3242 1613 3541 1691 θελκτήρια
3569 1614 3758 1687 λέξαν-

2095 1720 2185 1762 τες
2241 1702 2340 1770 τήν
2395 1705 2506 1756 τῶν
2564 1701 2878 1758 ἀκουόντων
2938 1703 3214 1777 εὐμένειαν
3273 1703 3662 1778 ἐπεσπάσαντο,
3691 1709 3755 1763 τὸ

2099 1789 2306 1845 ἑαυτῶν
2359 1790 2758 1870 ὑποσχομένων
2826 1790 3012 1869 ἐκχέαι
3064 1794 3204 1867 αἷμα
3255 1793 3389 1870 ὑπὲρ
3440 1801 3539 1865 τῆς
3571 1816 3754 1868 σωτη-

2099 1878 2216 1953 ρίας
2245 1883 2342 1933 τοῦ
2378 1878 2649 1954 βασιλέως
2704 1881 2959 1957 Μιχαὴλ.
3020 1883 3121 1939 Καὶ
3172 1883 3360 1957 ’ὸρκοις
3390 1883 3544 1947 εὐθύς
3577 1884 3761 1941 ἐνεπέ-

2099 1966 2227 2024 δουν
2255 1967 2384 2031 τοὺς
2416 1969 2617 2045 λόγους
2671 1973 2757 2045 [Ρ.
2821 1974 2945 2045 534]
3006 1973 3336 2047 Ἐγκρατοῦς
3382 1970 3440 2028 δὲ
3467 1975 3567 2043 τῆς
3599 1976 3760 2050 βασι-

336 2060 644 2130 antiquius
675 2060 885 2115 habuit
911 2077 1087 2129 quam
1108 2061 1181 2116 ab
1204 2061 1373 2116 initio
1401 2061 1558 2117 940
1588 2062 1809 2131 statim,
1833 2062 1993 2132 quod

2104 2058 2254 2123 λείας
2296 2056 2392 2113 σὺν
2446 2063 2528 2131 τῷ
2578 2061 2681 2132 υἱῷ
2740 2059 3043 2135 γενομένης
3091 2068 3191 2131 τῆς
3243 2059 3551 2135 Θεοδώρας,
3602 2063 3761 2128 εὐθὺς

331 2149 413 2220 pii
445 2149 717 2204 homines
743 2149 1152 2218 hortabantur,
1185 2149 1258 2205 de
1279 2149 1851 2222 Imaginiperdarum
1876 2150 1993 2205 hm-

329 2242 449 2297 resi
480 2241 836 2312 deliberare,
870 2259 1000 2312 quae
1019 2243 1093 2297 ab
1125 2243 1375 2313 imperio
1395 2242 1608 2297 Leonis
1632 2243 1897 2298 Armenii
1919 2243 1994 2300 ad

336 2335 589 2399 mortem
618 2346 810 2401 usque
839 2330 1150 2401 Theophili
1183 2347 1289 2401 per
1318 2334 1647 2387 Romanam
1677 2348 1740 2387 se
1780 2348 1994 2403 propa-

328 2423 572 2491 gaverat
609 2419 921 2474 ditionem.
955 2419 1044 2473 Ad
1084 2434 1214 2472 eam
1246 2419 1690 2491 exstirpandam
1724 2420 1993 2476 Theocti-

333 2514 459 2563 stus
492 2524 731 2578 quoque
764 2526 826 2563 se
852 2508 1079 2564 socium
1110 2507 1381 2578 praebuit
1417 2509 1687 2565 Manuelo
1723 2508 1996 2580 aliquan-

325 2598 429 2653 diu
460 2604 739 2654 nutante.
771 2601 970 2669 Neque
1004 2616 1138 2653 vero
1169 2605 1373 2670 aperte
1395 2600 1708 2670 quisquam
1742 2617 1868 2657 rem
1894 2617 1997 2673 ag-

326 2688 491 2761 gredi
526 2687 803 2753 audebat,
839 2705 971 2744 cum
1001 2689 1194 2759 major
1224 2706 1360 2760 pars
1392 2697 1634 2745 senatus
1666 2696 1725 2745 et
1753 2691 1994 2746 concilii

328 2784 506 2849 atque
539 2778 665 2849 ipse
685 2778 861 2832 etiam
885 2779 1230 2849 patriarcha
1246 2778 1458 2833 haeresi
1485 2779 1538 2833 ei
1561 2785 1762 2835 essent
1784 2780 1991 2837 dediti.

330 2866 515 2921 Solus
544 2866 656 2922 hoc
688 2883 867 2924 ausus
890 2874 977 2922 est
1008 2867 1340 2933 Munuelus,
1373 2866 1574 2922 divina
1602 2867 1892 2923 excitatus
1912 2868 1989 2923 vi.

344 2958 489 3011 Cum
523 2956 683 3011 enim
717 2956 788 3011 de
821 2956 1055 3028 negotio
1087 2957 1200 3011 isto
1231 2955 1602 3027 aliquandiu,
1623 2962 1689 3013 ut
1714 2956 1996 3027 diximus,

338 3061 559 3115 auceps
604 3045 957 3110 hmsitasset,
1000 3046 1244 3103 tandem
1275 3051 1341 3101 ut
1372 3063 1502 3102 sero
1546 3046 1607 3101 id
1645 3048 1995 3119 susciperet,

338 3135 491 3189 hanc
545 3134 756 3190 hahuit
816 3150 1077 3189 causam.
1123 3134 1421 3190 Inciderat
1464 3136 1527 3189 in
1585 3137 1997 3208 gravissimum

343 3222 643 3290 morbum,
690 3223 838 3279 adeo
885 3224 1124 3295 quidem
1169 3230 1236 3279 ut
1266 3225 1428 3280 omni
1471 3224 1840 3281 medicorum
1873 3230 1999 3282 arte

337 3312 655 3385 defatigata
676 3313 805 3385 jam
836 3313 907 3369 de
944 3313 1061 3368 vita
1100 3313 1231 3385 ejus
1261 3313 1698 3385 desperaretur.
1730 3316 1874 3371 Eum
1906 3331 2000 3370 ac-

2099 2147 2190 2202 καὶ
2240 2145 2639 2223 ἐκηπροοιμίων
2698 2150 3002 2219 ὑποθήκαις
3051 2147 3261 2225 ἀνδρῶν
3294 2146 3531 2207 εὐσεϐῶν
3561 2152 3628 2207 τὰ
3657 2158 3760 2224 τῆς

2099 2235 2357 2311 αἱρέσεως
2417 2238 2765 2293 ἀνεσκοπεῖτο
2821 2244 2930 2294 τῶν
2990 2238 3433 2315 Εἶκονομᾶχων,
3496 2240 3603 2297 ἀπὸ
3657 2249 3762 2313 τῆς

2104 2322 2382 2401 βασιλείας
2443 2325 2672 2388 Λέοντος
2720 2330 2818 2381 106
2874 2325 2926 2398 ἐξ
2977 2328 3280 2402 Ἀρμενίων
3333 2329 3424 2384 καὶ
3464 2329 3629 2405 μέχρι
3661 2336 3767 2400 τῆς

2096 2411 2359 2483 τελευτῆς
2391 2415 2660 2493 Θεοφίλου
2685 2416 2785 2485 τὴν
2839 2416 2943 2472 ὑπὸ
2972 2416 3279 2489 Ῥωμαίους
3335 2415 3760 2493 διανεμομένης.

2100 2504 2488 2560 Συνεπετίθετο
2548 2502 2605 2559 δὲ
2649 2509 2718 2580 τῇ
2769 2506 3074 2580 καθαιρέσει
3102 2506 3305 2576 ταύτης
3357 2508 3446 2563 καὶ
3479 2509 3508 2563 6
3540 2508 3761 2565 Θεόκτι-

2103 2615 2249 2656 στος.
2282 2595 2338 2650 Ὀ
2372 2592 2427 2650 δὲ
2490 2595 2750 2665 Μανουήλ
2812 2595 2898 2653 ἐπί
2958 2618 3075 2653 τινα
3130 2598 3318 2672 καιρὸν
3385 2587 3633 2669 ὀκλάζων
3664 2599 3758 2673 ἦν,

2102 2681 2281 2749 οὐδεὶς
2339 2681 2396 2740 δὲ
2450 2685 2913 2761 παρρησιάζεσθαι
2994 2684 3205 2758 ἐτόλμα
3288 2686 3369 2748 εἷς
3451 2688 3763 2768 τούμφανὲς

2102 2772 2331 2849 ἐνεγκεῖν
2392 2772 2556 2851 λόγον
2613 2776 2738 2852 περὶ
2794 2782 2895 2843 τῆς
2949 2774 3154 2845 ταύτης
3214 2784 3615 2855 καταστροφῆς,
3662 2780 3760 2833 106

2101 2862 2365 2920 πλείστου
2399 2862 2600 2938 μέρους
2639 2871 2741 2934 τῆς
2773 2865 3088 2939 συγκλήτου
3117 2866 3206 2921 καὶ
3245 2871 3349 2932 τῆς
3380 2863 3610 2922 συνόδου
3637 2868 3757 2940 (2.1)

2101 2951 2192 3007 καὶ
2222 2951 2388 3009 αὐτοῦ
2416 2958 2514 3008 τοῦ
2572 2953 2916 3029 πατριάρχου
2944 2958 3014 3028 τῇ
3053 2954 3255 3030 αἱρέσει
3308 2955 3755 3030 κατεσχημένων.

2104 3043 2289 3106 Μόνος
2317 3039 2375 3097 δὲ
2402 3047 2565 3100 τοῦτο
2617 3040 2897 3116 ἐτόλμησε
2938 3043 3179 3113 κινηθεὶς
3232 3042 3294 3099 ἐκ
3322 3044 3463 3108 θείας
3492 3042 3759 3119 ἐνεργείας

2106 3132 2135 3186 6
2176 3131 2472 3200 Μανουὴλ.
2526 3132 2796 3208 Πρότερον
2846 3133 2941 3206 μὶν
2991 3133 3119 3209 γὰρ,
3165 3133 3242 3196 ὡς
3276 3132 3509 3208 εἴρηται,
3540 3130 3745 3188 ἐνδοιά-

2106 3225 2211 3290 ζων
2239 3221 2305 3290 ἧν
2338 3221 2463 3295 περὶ
2492 3223 2592 3290 τήν
2639 3226 2748 3277 τῶν
2806 3226 3016 3277 σεπτῶν
3076 3222 3301 3279 εἰκόνων
3358 3221 3749 3296 προσκύνησιν,

2105 3309 2326 3385 ὕστερον
2385 3308 2443 3366 δέ
2497 3310 2699 3382 ταύτην
2775 3311 3057 3383 ἠσπάσατο
3131 3312 3193 3368 ἐκ
3247 3311 3510 3384 τοιαύτης
3561 3310 3756 3377 αἰτίας·

338 3418 569 3457 cessere
603 3402 846 3473 quidam
877 3403 959 3473 pii
990 3403 1267 3458 monachi
1290 3420 1361 3458 ex
1392 3402 1581 3459 Studii
1610 3404 1992 3473 monasterio,

2108 3399 2273 3473 Νόσῳ
2302 3401 2602 3477 κατεσχέθη
2661 3399 3056 3477 χαλεπωτάτῃ,
3110 3401 3201 3458 καὶ
3257 3400 3579 3467 ἀπέγνωστο
3609 3400 3760 3473 αὐτῷ

339 3492 556 3562 quibus
586 3492 925 3547 nuntiatum
972 3492 1168 3547 fuerat
1193 3508 1322 3547 esse
1352 3498 1652 3549 mortuum
1680 3509 1693 3557 ;
1739 3510 1994 3564 cumque

340 3581 415 3636 ad
468 3580 687 3636 lectum
732 3581 990 3652 aggressi
1038 3581 1228 3635 vivere
1269 3579 1462 3636 adhuc
1511 3587 1568 3635 et
1607 3581 1832 3652 spirare
1857 3597 1993 3636 sen-

343 3675 582 3736 sissent,
615 3668 818 3724 laetum
852 3668 903 3724 ei
928 3669 1000 3725 de
1033 3669 1149 3724 vita
1179 3670 1470 3726 servanda
1497 3670 1866 3742 pristinaque
1898 3688 1995 3726 sa-

344 3759 530 3814 nitate
572 3757 981 3829 recuperanda
1011 3758 1289 3813 nuntium
1329 3759 1819 3830 praedicaverunt.
1853 3766 1997 3816 Cum

342 3857 539 3907 autem
576 3851 747 3906 initio
798 3850 1118 3917 difﬁderet,
1151 3858 1350 3906 tamen
1383 3851 1746 3909 instantibus
1782 3852 1996 3910 divinis

343 3940 472 3995 istis
503 3941 867 4009 hominibus,
888 3941 1463 4012 prohibentibusque
1498 3942 1689 4014 ipsum
1725 3943 1996 4000 dubitare

342 4030 414 4084 de
446 4031 600 4085 dono
632 4030 735 4084 Dei
766 4035 824 4085 et
853 4030 1039 4102 gloria
1070 4030 1216 4102 ipsis
1246 4030 1557 4102 patefacta.
1593 4032 1903 4103 paululum
1935 4049 1998 4089 se

340 4136 411 4174 ex
439 4119 647 4174 morbo
678 4119 966 4192 colligens
999 4121 1163 4175 tenui
1194 4136 1261 4175 ac
1291 4120 1595 4177 imbecilla
1622 4138 1760 4179 voce
1789 4138 1803 4178 :
1845 4123 1998 4188 Quo-

342 4212 541 4276 modo,
603 4211 818 4282 inquit,
882 4210 1061 4265 divini
1113 4212 1339 4279 Patres,
1402 4212 1515 4267 hoc
1556 4212 1708 4267 mihi
1762 4212 1998 4268 contin-

337 4307 453 4373 gat,
486 4300 660 4371 cujus
682 4305 741 4355 et
761 4300 978 4356 animm
1004 4298 1315 4354 facultates
1337 4298 1683 4356 defecerunt
1706 4306 1766 4356 et
1787 4317 2001 4372 corpus

336 4390 578 4444 omnino
627 4388 970 4444 confectum
1000 4389 1149 4443 94l
1188 4389 1437 4455 exaruit,
1480 4390 1564 4444 ita
1594 4394 1659 4443 ut
1703 4394 1860 4445 totus
1892 4406 1994 4445 ex-

2104 3491 2140 3559 ἡ
2174 3490 2312 3559 ζωή,
2345 3490 2523 3560 πάσης
2549 3491 2800 3567 ἱατρικῆς
2849 3489 3047 3567 τέχνης
3103 3489 3518 3564 ἀποκαμούσης.
3550 3488 3762 3556 Ἦλθον

2105 3578 2197 3633 οὗν
2255 3600 2397 3642 τινες
2473 3580 2549 3643 εἷς
2606 3578 2788 3653 αὐτὰν,
2856 3580 3156 3652 ἀκηκοότες
3232 3585 3426 3636 τοῦτον
3485 3581 3755 3650 τεθνάναι,

2104 3664 2355 3733 εὐλαϐεῖς
2387 3667 2622 3744 μοναχοὶ
2654 3669 2759 3725 ἀπὸ
2787 3675 2887 3739 τῆς
2933 3673 3029 3725 106
3060 3666 3324 3726 Στουδίου
3358 3672 3552 3742 μονῆς·
3584 3689 3759 3745 προσ-

2105 3758 2419 3835 εγγίσαντες
2472 3756 2529 3815 δὲ
2578 3763 2647 3834 τῇ
2677 3757 2854 3834 κλίνῃ,
2885 3761 2976 3815 καὶ
3032 3756 3250 3835 γνόντες
3307 3761 3472 3817 αὐτὺν
3532 3754 3611 3815 ἔτι
3661 3763 3758 3832 ζῇν

2103 3869 2163 3904 τε
2190 3850 2281 3905 καὶ
2311 3848 2560 3923 ἐμπνεῖν,
2612 3849 3060 3927 εὐαγγελίζονται
3119 3849 3264 3919 ζωῆν
3297 3847 3447 3921 αὐτῷ
3475 3848 3567 3903 καὶ
3597 3847 3767 3922 ἀνάρ“’

2107 3938 2273 4016 ῥωσιν
2310 3939 2399 3994 καὶ
2449 3940 2585 4014 πρὸς
2632 3941 2734 4008 τήν
2784 3937 3087 4014 ἔμπροσθεν
3144 3938 3350 4016 ὕγίειαν
3383 3938 3765 3994 ἀποκατάστα-

2108 4048 2212 4083 σιν.
2249 4029 2310 4086 Ὀ
2370 4024 2428 4082 δὲ
2474 4029 2737 4101 πρότερον
2783 4028 2877 4102 μὲν
2909 4025 3203 4098 διηπίστει’
3263 4026 3417 4100 ὅμως
3472 4025 3760 4100 ἐνισταμέ-

2106 4140 2213 4174 νων
2245 4122 2352 4173 τῶν
2393 4117 2548 4173 θείων
2607 4114 2844 4192 ἀνδρῶν,
2872 4116 2964 4172 καὶ
3021 4118 3099 4190 μή
3134 4112 3428 4186 ἐνδοιάζειν
3486 4115 3763 4193 λεγόντων

2106 4207 2244 4278 πρὸς
2280 4206 2380 4275 τὴν
2414 4202 2620 4279 δωρεὰν
2654 4206 2743 4261 καὶ
2794 4202 2953 4277 δόξαν
3010 4204 3109 4260 τοῦ
3167 4209 3304 4260 Θεοῦ
3361 4205 3462 4273 τήν
3494 4202 3778 4260 ἀποκαλυο

2109 4301 2329 4372 φθεῖσαν
2381 4296 2586 4364 αὐτοῖς,
2651 4295 2844 4369 μικρὸν
2903 4294 3208 4369 ἀνενεγκὼν
3261 4301 3364 4363 τῆς
3411 4294 3572 4349 νόσου
3600 4292 3780 4356 οὕτως

2109 4387 2245 4465 φησὶ
2284 4385 2421 4461 πρὸς
2481 4382 2677 4447 αὐτοὺς
2732 4382 2920 4457 λεπτῷ
2976 4383 3070 4439 καὶ
3130 4380 3351 4458 ἀδρανεῖ
3399 4388 3482 4455 τῷ
3513 4380 3773 4455 ἄσθματι·

337 4479 591 4534 siccatus
631 4478 777 4534 solis
806 4477 1060 4549 reliquis
1087 4476 1321 4533 ossibus
1343 4478 1601 4550 jaceam,
1647 4495 1835 4550 eoque
1866 4483 1994 4534 tan-

2111 4477 2210 4532 Καὶ
2241 4479 2359 4538 πῶς
2384 4468 2530 4530 ἔσται
2565 4495 2663 4548 μοι
2711 4478 2897 4545 τοῦτο,
2957 4474 3002 4529 ὦ
3053 4475 3191 4529 θεῖοι
3245 4472 3516 4546 Πατέρεςς
3571 4473 3771 4546 Αἱψυ-

333 4572 463 4622 tum
486 4584 521 4623 a
541 4567 825 4623 cadavere
844 4567 1140 4635 differam,
1166 4567 1327 4637 quod
1348 4567 1627 4640 spiritum
1650 4567 1803 4625 duco
1824 4567 1852 4623 ?
1881 4583 1994 4639 qua

2110 4563 2268 4641 χικαὶ
2300 4560 2558 4637 δυνάμεις
2615 4561 3041 4635 ἀπολελοίπασι,
3097 4564 3162 4620 τὸ
3211 4567 3373 4637 σῶμα
3401 4559 3584 4617 τέλεον
3613 4561 3768 4633 ἐξησ-

339 4672 476 4727 ergo
508 4673 612 4729 spe
657 4656 922 4712 adducar
951 4660 1019 4712 ut
1046 4656 1284 4713 credam
1312 4673 1407 4713 me
1436 4657 1591 4713 vires
1621 4663 1994 4729 recepturum

2109 4639 2306 4724 θένηκι
2332 4652 2425 4709 καὶ
2476 4651 2861 4723 κατέσκληκεν.
2895 4651 3042 4730 Ἐγὼ
3100 4648 3158 4708 δὲ
3210 4657 3399 4726 κεῖμαι
3446 4670 3769 4726 τεταριχευ-

1523 4813 1526 4818 -
1554 4783 1917 4841 XYLANDRI
1958 4785 2045 4840 ET
2082 4784 2298 4840 GOARI
2327 4782 2550 4839 NOTAE.

407 4901 519 4973 (20)
567 4896 955 4973 Δρουγγάριος,
1005 4899 1306 4973 ρνκῖεοζιιε
1351 4897 1576 4973 drungi,
1631 4895 1819 4972 βίγλα,
1849 4900 1994 4971 vim“-

339 4968 453 5037 lixa,
485 4968 753 5044 mutas,
791 4970 1053 5044 _host_ium
1111 4968 1550 5044 explorationes,
1585 4968 1730 5044 ques
1764 4968 2002 5044 puriore

2108 4898 2309 4971 οὕτως’
2371 4920 2400 4949 ι(
2440 4899 2749 4971 ΑνΔχοντες,
2808 4893 3250 4971 ἐτοιμάσθητεμ
3271 4891 3614 4971 δειπνήσατε,
3657 4895 3767 4971 ’καὶ

2116 4966 2240 5043 δότε
2290 4968 2492 5043 τροθήν
2536 4966 2696 5043 ’τοῖς
2726 4966 3007 5043 ’ζπποι-ςξίυ
3064 4966 3190 5043 Καὶ.
3218 4966 3771 5043 ὅτανηδμτ-εταγμένος

336 5032 620 5099 vocabulo
664 5032 972 5117 ξπιᾳλοτξῆν
1002 5045 1059 5117 et
1091 5032 1441 5117 κατασκοπήν
1475 5032 1643 5117 vocat
1684 5032 1994 5117 Simocatta

2113 5042 2202 5097 καὶ
2257 5032 2610 5117 πρέπων-τῆς
2644 5032 3011 5117 βίγλης-ἔλθῃ
3046 5038 3257 5117 καιρὸς,
3288 5032 3774 5117 ἐκϐάλλει-αὐτοὺς

340 5113 833 5187 plerisquelocis.
867 5115 973 5187 Qui
1005 5112 1429 5187 hostesitaque
1454 5115 1824 5187 exploratum
1856 5116 1998 5180 ibat,

339 5183 617 5244 excubias
648 5185 709 5240 in
743 5185 1006 5239 exercitu
1035 5183 1295 5256 ponebat
1323 5191 1383 5239 et
1413 5183 1706 5256 stantibus
1729 5187 1790 5241 in
1823 5203 2002 5242 excu-

337 5257 972 5333 biismprajﬂciebatur,
1028 5252 1165 5333 erat
1213 5261 1313 5333 τῆς
1360 5252 1995 5333 βίγλαςῗδρουγγάριος,

342 5333 420 5405 De
451 5327 838 5405 illo_Codin_us
877 5327 1056 5405 habet
1084 5327 1239 5405 £1736
1271 5328 1388 5405 L106
1440 5327 1697 5405 πεζεὺτριι
1755 5327 1820 5381 τὸ
1858 5327 1999 5405 ξφοσ-

340 5401 495 5487 σάτον
556 5400 941 5487 ἀπερχόμενος
976 5398 1004 5451 6
1042 5395 1384 5487 1ﬁz'ﬂtﬂoj’
1407 5400 1576 5487 μέγας
1631 5395 1997 5487 δρουγγξὶῥιος

337 5470 641 5545 καθίστησιὲ
665 5464 752 5525 ’τὸ
779 5464 1107 5545 ’λεγόμενον
1145 5464 1587 5545 ἦμέρῷοϐίγλιον,
1621 5464 1695 5531 ὡς
1725 5464 1998 5545 πάρἀοὖ

340 5491 624 5539 καυιστησι
688 5491 752 5525 το
794 5491 1086 5544 Λεγομενον
1145 5491 1384 5543 τιμεροοι
1427 5491 1565 5532 Λιον,
1621 5491 1695 5531 ως
1725 5491 1871 5545 παρα
1901 5491 1998 5526 του

340 5540 578 5623 μεγάλου
620 5538 972 5623 δοριεστίκοοαΔ
997 5491 1778 5623 προυσετάχθ-ηξὶῑεξιάίιιΐηᾶξ
1804 5560 1834 5623 z‘
1863 5561 2001 5623 mox

342 5608 666 5685 nocturnas
691 5608 981 5685 describit
1007 5608 1278 5685 vigilias?
1300 5612 1442 5685 Πρὸς
1474 5608 1530 5666 δὲ
1552 5613 1682 5685 ,τοὺς
1713 5614 1873 5668 αὐτὸν
1900 5614 1999 5669 τὸν

341 5682 529 5759 καιρὸν
549 5689 659 5759 λιτῆς
707 5684 897 5759 νυκτὸς
931 5679 1321 5759 βιγλῆσοντας
1349 5679 1729 5759 ἀπερχόμενος
1778 5685 1935 5759 οὗτος
1969 5686 1995 5741 6

347 5701 529 5754 καιρον
561 5702 659 5749 της
707 5703 897 5743 νυκτος
931 5701 1301 5757 βιγΛτβοντας
1349 5701 1449 5737 απε
1489 5701 1729 5759 χομενος
1778 5701 1935 5749 ουτος
1969 5706 1995 5741 ο

347 5749 514 5828 μέγας
547 5749 927 5827 δρουγγάριος,
960 5752 1068 5823 πρὸ
1095 5759 1198 5821 τῆς
1227 5757 1325 5809 τοῦ
1373 5701 1613 5811 δειλινοῦ
1644 5755 1815 5833 ὣρας,
1847 5756 1996 5835 λέγει

2111 5108 2626 5189 τῷστρατοπέδῳ.
2644 5108 3041 5189 'lﬁeunclavius
3067 5128 3079 5165 :
3110 5108 3467 5189 Drengarius
3493 5113 3774 5189 tribunus

2108 5183 2390 5250 militum,
2430 5185 2616 5249 Italis,
2662 5184 2864 5242 Gallis.
2898 5183 3209 5239 Germanis
3243 5183 3423 5239 etiam
3454 5184 3770 5253 colonello,

2109 5259 2327 5340 Grecis
2377 5254 2700 5340 xtltapxoi,
2734 5271 2769 5311 a
2800 5254 3049 5328 drungo,
3097 5255 3317 5326 inquit,
3342 5254 3557 5311 baculo
3586 5263 3646 5312 et
3674 5273 3773 5312 re-

2106 5329 2348 5402 giminis
2377 5329 2619 5402 insigni.
2655 5329 2830 5384 Gosa.

2178 5402 2263 5472 (2t
2300 5401 2483 5456 Paulo
2506 5398 2645 5472 post
2679 5414 2885 5472 rursus
2917 5398 3003 5472 sic
3033 5398 3301 5472 ponitur.
3348 5399 3466 5472 Ego
3499 5400 3774 5472 ordinem

2112 5468 2582 5529 ecclesiasticum
2617 5487 2686 5526 eo
2712 5468 3284 5543 vocabulogintelligi
3325 5468 3600 5528 arbitror.
3633 5471 3772 5528 XvL.

2106 5575 2177 5585 -—
2212 5543 2607 5600 Ecclesiastici
2632 5559 2705 5597 ec
2734 5540 3019 5614 senatorii
3042 5540 3272 5614 ordinis
3293 5559 3570 5614 proceres
3602 5544 3777 5599 intel-

2109 5615 2258 5687 ligit.
2295 5615 2476 5685 Vulgo
2506 5629 2766 5687 namque
2794 5612 3088 5687 praesules
3117 5612 3547 5687 Cpoli‘reperti
3575 5616 3773 5687 simul

2115 5682 2252 5742 cfim
2296 5682 2565 5760 ejusdem
2595 5682 2862 5742 ecclesia:
2894 5683 3052 5740 clero
3084 5682 3273 5740 voéati
3305 5682 3529 5739 σύνοδον
3555 5685 3774 5742 dicun-

2109 5759 2487 5834 componere.
2519 5759 2697 5816 GOAR.
