4112 6430
308 418 473 482 ιοκω

1465 411 2008 480 EISTORIABUM
2056 407 2610 475 COMPENDIUM.
2672 404 2685 413 '

3579 418 3737 480 1026

313 549 471 625 μὲνος
528 548 622 604 καὶ
688 547 965 617 σκελετὸς,
999 547 1049 604 ἒν
1086 545 1259 603 οὐδενὶ
1319 544 1588 624 διαφὲρων
1644 548 1809 622 ἑτέρῳ
1853 548 1963 602 τῶν

2097 560 2148 600 ιο
2189 542 2459 616 pristinae
2516 540 2840 598 valetudini
2894 541 3236 600 restitutum
3285 545 3409 603 iri?
3465 551 3736 622 Respon-

303 639 643 709 τεθνηκότων
682 637 719 708 ἢ
761 636 919 710 μόνῳ
962 642 1041 709 τῷ
1096 637 1364 695 ἀναπνεῖν.
1421 640 1514 701 Τίς
1575 639 1668 695 οὖν
1729 634 1889 697 ἐλπὶς
1922 634 1959 704 ἢ

311 734 467 791 ποῖος
512 726 682 803 λόγος
727 724 904 783 ἔσεται
964 729 992 783 ὁ
1048 726 1248 784 πείσων
1312 749 1379 798 με
1431 727 1843 802 ἀναρῥωσθῆναι
1873 726 1963 781 καὶ

308 818 381 880 εἰς
417 819 519 887 τὴν
576 817 845 891 προτέραν
902 815 1104 887 εὐεξίαν
1158 816 1384 887 ἐλθεῖν;
1438 812 1838 879 Ὑπολαϐόντες
1867 812 1963 870 οὖν

310 910 360 964 οἱ
386 908 680 964 ὁσιώτατοι
726 904 930 986 ἔφησαν
977 908 1115 983 πρὸς
1174 906 1354 963 αὐτόν·
1418 906 1597 964 Πάντα
1653 904 1847 961 δυνατὰ
1874 904 1964 960 καὶ

310 996 462 1054 οὐδὲν
493 994 743 1052 ἀδυνατεῖ
780 1000 859 1070 τῷ
911 1001 1052 1068 Θεῷ.
1114 997 1177 1054 E'.‘
1231 1003 1362 1074 γοῦν
1422 994 1744 1059 σπουδάσεις
1798 993 1964 1070 ἀναῤ-

311 1086 534 1164 ῥωσθεὶς
589 1089 690 1157 τὴν
739 1090 848 1143 τῶν
908 1086 1313 1161 Εἰκονομάχων
1373 1080 1673 1142 ἀποσϐέσαι
1700 1083 1967 1159 πυρκαϊάν

313 1177 527 1238 καὶτὰς
558 1177 708 1251 ἱερὰς
765 1175 978 1239 εἰκόνας
1039 1178 1177 1232 κατά
1233 1177 1362 1240 τοὺς
1413 1175 1684 1238 παλαιοὺς
1740 1175 1831 1231 καὶ
1863 1194 1971 1230 πα-

312 1264 531 1340 τρικοὺς
589 1263 823 1336 θεσμοὺς
876 1263 1264 1334 ἀναστηλώσαι
1300 1308 1314 1334 ,
1357 1263 1827 1341 εὐαγγελιζόμεθά
1880 1282 1965 1318 σοι

309 1355 407 1422 τὴν
436 1353 607 1424 ζωὴν.
653 1352 842 1410 Ἐἶπον
905 1353 996 1409 καὶ
1040 1355 1429 1429 ὑπεχώρησαν.
1488 1354 1592 1410 Καὶ
1650 1352 1806 1416 εὐθὺς
1840 1350 1875 1423 ἤ
1907 1374 1968 1409 τε

311 1441 492 1509 νόσος,
518 1438 734 1516 ἐῤῥάῖσε
798 1439 888 1495 καὶ
940 1442 994 1496 αἱ
1052 1441 1274 1518 φυσικαὶ
1342 1439 1611 1517 ὶνέργειαι
1665 1438 1972 1503 ἀκωλύτως

313 1527 686 1599 ἐπετελοῦντο,
735 1529 827 1584 καὶ
876 1526 934 1585 ’ἐν
969 1529 1168 1604 βραχεῖ
1219 1534 1302 1603 τῷ
1358 1531 1548 1606 χρόνῳ
1600 1527 1815 1586 τελείαν
1871 1530 1971 1585 τοῦ

322 1617 755 1693 ἀρῥωστήμπιτος
803 1615 1031 1692 ἐσχήκει
1090 1616 1421 1695 ἀπαλλαγήν
1452 1660 1465 1674 .
1523 1618 1699 1689 Ῥᾴων
1768 1615 1826 1673 δὲ
1871 1624 1973 1689 τῆς

317 1708 479 1765 νόσου
536 1707 866 1785 γενόμενος,
910 1706 1342 1781 ἐξιππασάμενος
1400 1708 1558 1773 εὐθὺς
1608 1708 1788 1765 ἄπεισι
1837 1709 1977 1784 πρὸς

318 1799 380 1854 τὸ
410 1795 678 1853 παλάτιον
711 1797 802 1852 καὶ
834 1793 1026 1853 εἷ’σεισι
1056 1797 1196 1873 πρὸς
1220 1799 1322 1868 τὴν
1366 1794 1643 1874 βασιλίδα,
1673 1796 1763 1853 καὶ
1803 1799 1976 1853 πάντα

318 1887 523 1961 τρόπον
581 1886 749 1955 αὐτὴν
836 1885 1110 1961 παρεκίνει
1185 1886 1280 1949 τὰς
1373 1886 1523 1948 θείας
1589 1884 1974 1956 ἀναστηλῶσαι

318 1975 554 2045 εἰκόνας,
611 1973 788 2031 πάλαι
837 1976 929 2031 καὶ
987 1975 1156 2045 αὐτὴν
1212 1975 1468 2053 ἀφορμῆς
1529 1972 1816 2051 δράξασθαι
1846 1974 1977 2052 γλι-

318 2063 565 2141 χομένην
602 2109 617 2136 ,
679 2060 770 2119 διὸ.
826 2064 1029 2126 παντὸς
1093 2062 1475 2137 ἰρεθιζομὲνην
1532 2064 1623 2120 καὶ
1679 2063 1827 2139 παρά
1875 2070 1976 2134 τῆς

323 2156 529 2217 οἰκείας
559 2155 769 2231 μητρὸς
798 2154 877 2220 εἰς
923 2160 1085 2211 τοῦτο
1135 2155 1228 2211 καὶ
1279 2160 1388 2210 τῶν
1443 2154 1845 2231 μητραδέλφων
1871 2160 1980 2211 τῶν

324 2242 649 2319 πατρικίωψ
709 2248 908 2318 ’Όμως
971 2241 1029 2299 δί
1085 2244 1403 2301 ἀντὲπιπτεν
1466 2246 1503 2314 ἡ
1557 2241 1813 2319 Θεοδώρα
1860 2249 1979 2307 τοῖς

322 2332 514 2410 λόγοις
543 2337 641 2390 τοῦ
700 2330 994 2402 Μανουήλ,
1053 2336 1140 2407 [Ρ.
1175 2336 1302 2407 535]
1370 2330 1476 2389 εἴτε
1531 2334 1662 2398 τοὺς
1718 2333 1855 2409 πρὸς
1891 2333 1982 2389 τὸν

321 2421 493 2498 ἄνδρα
521 2419 720 2498 ὅρκους
771 2419 1176 2495 εὐλαϐουμένη,
1234 2421 1362 2495 εἷ’τε,
1413 2424 1488 2485 ὡς
1543 2421 1769 2504 ἔφαμεν,
1798 2423 1983 2479 καὶτὸ

320 2511 534 2583 πλῆθος
593 2510 874 2569 δεδοικυῖα
926 2517 1036 2568 τῶν
1092 2515 1163 2586 τῇ
1242 2511 1444 2586 αἱρέσει
1504 2512 1983 2585 κατειλημμένων.

324 2601 676 2677 Ἐγκείμένου
731 2600 790 2657 δὲ
842 2606 940 2658 τοῦ
994 2600 1259 2671 Μανουήλ
1288 2600 1389 2680 ἔφη
1426 2604 1461 2671 ἡ
1493 2600 1768 2677 Θεοδὼρα,
1800 2603 1895 2671 ὡς,
1924 2602 1984 2658 Ὀ

325 2689 482 2765 ἐμὸς,
539 2692 586 2746 ὧ
628 2691 911 2768 μάγιστρε,
951 2691 1088 2767 ἀνὴρ
1142 2711 1201 2747 τε
1248 2692 1337 2746 καὶ
1399 2689 1656 2765 βασιλεὺς
1711 2686 1987 2767 ἀκριϐείας

323 2779 386 2848 ἦν
443 2779 701 2857 ἐραστής,
744 2781 835 2837 καὶ
895 2778 1048 2836 οὐδὲν
1116 2780 1526 2856 ἀπερισκέπτως
1591 2779 1785 2854 ἔπραξε
1868 2781 1984 2836 πώ-

324 2891 481 2939 ποτε,
511 2871 795 2927 καὶτοῦτο
827 2871 891 2926 τὸ
916 2869 1115 2947 δόγμα,
1168 2870 1214 2926 εί
1279 2874 1356 2943 μὴ
1416 2868 1861 2946 ἀπηγορευμένον
1920 2871 1988 2940 ἦν

328 2965 447 3023 τοῖς
472 2961 644 3034 ἱεροῖς
686 2960 880 3034 νόμοις
935 2961 1024 3015 καὶ
1068 2966 1188 3023 ταῖς
1248 2960 1429 3035 ἁγίαις
1479 2965 1736 3035 Γραφαῖς,
1778 2959 1879 3015 οὐκ
1928 2958 1990 3014 ἄν

332 3048 499 3123 agam
528 3056 627 3118 τῆς
681 3047 1032 3120 Ἐγκλησίας.
1090 3053 1271 3107 Τοῦτα
1328 3048 1386 3104 δὲ
1440 3048 1651 3119 ἐκείνης
1708 3048 1993 3118 εἰπούσης,

324 3144 557 3218 ταχεῖαν
613 3138 914 3209 ἠπείλησεν
972 3139 1111 3213 αὐτῇ
1143 3140 1524 3218 καταστροφὴν
1584 3143 1684 3212 τῇς
1716 3144 1864 3208 ζωῆς
1901 3138 1988 3192 καὶ

323 3236 425 3298 τῆς
471 3226 758 3304 βασιλείας
818 3226 1109 3297 ἔκπτωσιν,
1144 3229 1234 3284 καὶ
1293 3228 1396 3283 οὐκ
1451 3228 1587 3301 αὐτῇ
1625 3228 1811 3299 μόνον,
1847 3225 1994 3283 ἀλλά

325 3320 532 3391 καὶτῷ
559 3317 759 3389 ταύτης
802 3318 928 3389 υἱῷ,
961 3317 1006 3372 εί
1044 3320 1119 3392 μὴ
1169 3319 1265 3374 τὸν
1320 3323 1462 3381 θεῖον
1520 3317 1728 3390 κόσμον
1759 3321 1866 3373 τῶν
1906 3318 1987 3372 ἰε-ι
2018 3304 2062 3369 C

332 3413 439 3483 ρῶν
473 3407 701 3463 εἰκόνων
744 3404 978 3477 ἀποδοίη
1037 3412 1156 3468 ταῖς
1214 3404 1591 3477 Ἐκκλησίαις.
1638 3406 1844 3464 Τοῦτου
1877 3412 1993 3469 τοῖς

330 3496 530 3575 λόγοις
553 3495 663 3553 εἴτε
700 3493 1182 3571 ὲκδειματωθεῖσα,
1234 3493 1344 3552 εἷ’τε
1400 3496 1490 3552 καὶ
1549 3494 1739 3559 ἄλλως
1769 3496 1994 3571 ἀρεσκο-

335 3590 498 3661 μὲνη,
538 3587 615 3649 ὡς
649 3585 897 3660 εἴπομεν,
930 3587 967 3656 ἡ
1021 3584 1244 3661 βασιλὶς
1297 3584 1404 3653 ὅλη
1442 3591 1540 3642 τοῦ
1570 3579 1734 3661 ἔργου
1766 3585 1992 3663 γίνεται.

334 3677 434 3733 Καὶ
469 3675 627 3740 εὐθὺς
655 3675 962 3751 ἀγείρεσθαι
1011 3675 1064 3730 ἐν
1121 3680 1237 3737 τοῖς
1296 3672 1620 3748 σγηνώμασι
1647 3678 1746 3730 τοῦ
1776 3675 2000 3730 Θεοκτί-

332 3790 465 3824 στου
514 3768 845 3843 προσέταττε
873 3764 1078 3826 πάντας
1108 3764 1236 3828 τοὺς
1294 3764 1385 3820 ἐπὶ
1444 3761 1643 3819 συνέσει
1695 3764 1787 3821 καὶ
1847 3764 1999 3839 λόγῳ

330 3853 788 3929 κεκοσμημένους
818 3850 880 3910 ἔκ
907 3875 968 3910 τε
1005 3860 1107 3923 τῆς
1159 3850 1390 3909 συνόδου
1446 3852 1539 3908 καὶ
1591 3859 1695 3922 τῆς
1764 3852 2000 3927 συγκλή-

331 3967 454 4013 ron,
488 3946 578 4001 καὶ
608 3943 807 4019 λόγους
846 3948 1014 3998 κινεῖν
1063 3943 1154 3998 καὶ
1211 3937 1619 4017 προϐάλλεσθαι
1677 3940 1802 4016 περί
1833 3943 2001 4017 ὁρθο-

335 4033 546 4107 δοξίας.
580 4035 805 4092 Πάντων
860 4032 937 4101 δὲ,
971 4033 1046 4095 ὠς
1106 4029 1236 4095 ἔπος
1297 4033 1465 4088 εἰπεῖν
1513 4031 1999 4107 συναθροισθέντων

333 4127 427 4182 καὶ
470 4124 658 4202 λόγων
689 4122 918 4180 πολλῶν
980 4122 1237 4200 ῥυέντων,
1278 4122 1367 4177 καὶ
1427 4126 1737 4196 μαρτυριῶν
1768 4121 1875 4177 ἀπὸ
1902 4126 2002 4190 τῆς

335 4214 490 4278 θείας
550 4220 773 4291 Γραφῆς
830 4214 1215 4288 παραχθεισῶν
1276 4209 1376 4266 οὐκ
1413 4210 1646 4286 ὀλίγων,
1676 4211 1739 4266 τὸ
1789 4205 2003 4273 εὐσεϐὲς

334 4305 674 4381 ὁπερίσχυσε
709 4303 875 4380 μέρος
931 4305 1023 4359 καὶ
1083 4299 1263 4378 δόγμα
1320 4302 1514 4378 γέγονε
1567 4302 1663 4365 τὰς
1705 4301 1850 4366 θείας
1901 4322 2002 4357 πα-

331 4405 611 4475 ραχρῆυα
640 4397 1081 4467 ἀναπηΛοῦσθαι
1135 4394 1374 4465 εἰκόνας,
1419 4399 1528 4449 τῶν
1580 4392 1882 4469 ἀρχιερέων
1915 4393 2006 4448 καὶ

337 4491 607 4561 μοναχὼν
637 4486 727 4540 καὶ
760 4483 1163 4563 συγκλητικῶν,
1196 4485 1316 4539 ὅσοι
1348 4488 1429 4556 τῷ
1483 4483 1642 4539 πάθει
1680 4481 2007 4558 κατείχοντο

333 4581 630 4655 πρότερον,
662 4583 772 4634 τῶν
830 4575 1104 4633 πλειόνων
1154 4577 1217 4631 τὸ
1274 4581 1526 4648 κρεῖττον
1588 4575 2009 4648 μεταμαθόντων

2076 632 2215 689 dere
2246 632 2524 688 monachi
2558 632 2742 686 Deum
2764 631 2918 686 nihil
2947 648 3069 687 non
3100 649 3273 705 posse
3301 652 3314 689 :
3339 638 3499 707 quod
3520 642 3568 694 si
3594 657 3734 715 ergo

2077 723 2333 779 sanitate
2366 727 2604 793 recepta
2636 737 2878 793 operam
2911 721 2988 776 sit
3018 722 3266 779 daturus
3296 730 3362 779 ut
3391 726 3737 787 incendium

2077 813 2151 868 ab
2194 811 2644 885 lmaginiperdis
2692 812 3012 868 excitatum
3044 814 3377 888 restinguat
3419 833 3739 891 sacrasque

2078 900 2345 972 magines
2378 898 2710 955 secundum
2741 904 2937 955 vetera
2965 901 3261 975 majorum
3295 903 3534 961 decreta
3562 909 3740 964 resti-

2079 996 2230 1056 tuat,
2263 1008 2325 1046 se
2357 990 2411 1045 ei
2442 990 2621 1046 vitam
2652 997 2813 1047 certo
2843 993 3211 1063 promittere.
3245 1000 3440 1066 Atque
3475 998 3602 1054 hmo
3634 999 3741 1054 fati

2078 1080 2506 1136 discesserunt.
2556 1080 2767 1136 Statim
2816 1098 2952 1137 vero
2991 1087 3050 1137 et
3094 1083 3339 1140 morbus
3395 1088 3649 1157 remisit,
3686 1094 3744 1144 et

2082 1170 2387 1226 naturales
2415 1168 2724 1225 facultates
2762 1172 2923 1226 omni
2958 1172 3384 1244 impedimento
3417 1182 3560 1232 sunt
3587 1177 3744 1235 libe—

2085 1265 2250 1329 ratae,
2276 1259 2557 1331 brevique
2587 1260 2869 1332 temporis
2900 1262 3089 1333 spatio
3119 1263 3468 1321 inﬁrmitate
3494 1284 3743 1338 prorsus

2087 1354 2179 1405 est
2209 1348 2436 1405 solutus
2484 1349 2810 1405 Manuelus.
2864 1350 2957 1405 Sic
3001 1367 3137 1423 ergo
3185 1353 3435 1410 allevato
3493 1372 3743 1428 corpore

2085 1438 2284 1493 statim
2319 1454 2471 1509 equo
2502 1437 2577 1493 ad
2602 1438 2887 1510 palatium
2914 1440 2980 1504 it,
3014 1440 3437 1513 ingressusque
3462 1445 3535 1500 ad
3561 1446 3746 1518 impe-

2085 1528 2365 1584 ratricem
2416 1544 2550 1584 eam
2599 1545 2981 1601 summOpere
3022 1529 3096 1585 ad
3126 1534 3504 1603 reponendas
3549 1550 3749 1591 sacras

2085 1617 2376 1689 imagines
2412 1617 2779 1673 exhortatur.
2814 1623 2893 1673 Ea
2923 1636 3059 1675 vero
3082 1621 3448 1691 jampridem
3480 1624 3748 1680 occasio-

2086 1724 2227 1763 nem
2256 1707 2436 1779 hujus
2465 1707 2551 1762 rei
2578 1708 2820 1778 agendaa
2845 1710 3167 1780 quaerebat,
3195 1711 3446 1769 subinde
3472 1713 3750 1783 instigata

2089 1813 2124 1852 a
2165 1802 2354 1852 matre
2395 1812 2504 1851 sua
2543 1802 2602 1850 et
2648 1797 2956 1852 avunculis
3004 1799 3291 1869 patriciis.
3345 1802 3746 1858 Nihilominus

2093 1892 2292 1941 tamen
2323 1885 2516 1939 verbis
2556 1886 2807 1940 Manueli
2841 1887 3149 1943 Theodora
3192 1893 3320 1945 tum
3353 1907 3415 1945 se
3447 1870 3752 1962 opposuit,

2085 1974 2206 2029 sive
2228 1974 2560 2046 jurauienti
2591 1976 2806 2031 marito
2836 1977 3084 2048 praestiti
3120 1978 3429 2050 religione,
3456 1981 3574 2034 sive
3601 1979 3754 2034 mul-

2087 2062 2426 2131 t'tudinem,
2494 2063 2664 2135 cujus
2722 2065 3096 2122 mentionem
3165 2066 3441 2137 fecimus,
3500 2068 3749 2131 haeresis

2088 2152 2262 2209 istius
2306 2152 2711 2209 studiosorum
2759 2155 3178 2211 reformidans.
3228 2158 3299 2211 Et
3328 2157 3590 2213 instante
3626 2159 3750 2213 Ma-

2087 2241 2305 2297 nuelo:
2367 2242 2554 2310 Meus,
2606 2243 2825 2315 inquit,
2871 2261 2904 2300 o
2955 2245 3257 2317 magister,
3324 2248 3574 2303 maritus
3635 2247 3753 2302 im-

2088 2344 2329 2411 perator
2372 2341 2815 2398 accurationem
2863 2344 3101 2410 amavit,
3148 2344 3419 2414 nihilque
3483 2360 3751 2416 unquam

2089 2429 2207 2484 nisi
2239 2444 2300 2484 re
2330 2429 2516 2500 probe
2538 2429 2867 2487 deliberata
2887 2432 3025 2502 egit.
3046 2433 3252 2503 Itaque
3274 2434 3579 2489 decretum
3600 2450 3746 2504 quo-

2090 2533 2206 2588 que
2251 2518 2324 2572 de
2374 2518 2640 2574 colendis
2688 2520 3050 2592 imaginibus
3097 2538 3217 2577 non
3248 2522 3441 2578 fuerat
3483 2523 3748 2579 Ecclesia

2091 2606 2414 2678 ejecturus,
2469 2608 2587 2663 nisi
2636 2608 2696 2663 id
2743 2609 2975 2681 legibus
3005 2610 3344 2682 litterisque
3383 2612 3538 2668 942
3571 2611 3756 2667 sacris

2093 2697 2360 2753 scivisset
2388 2697 2682 2755 damnari.
2717 2700 2851 2754 Haec
2896 2699 3110 2756 locuta)
3143 2701 3450 2757 Manuelus
3490 2716 3753 2773 praesen-

2092 2792 2213 2841 tem
2237 2787 2472 2858 imperii
2490 2787 2741 2858 vitaeque
2765 2789 2967 2855 ﬁnem,
2994 2789 3322 2861 eademque
3348 2790 3468 2844 lilio
3490 2791 3752 2845 minatus

2097 2881 2205 2944 est,
2255 2876 2370 2930 nisi
2421 2877 2688 2932 divinum
2740 2883 3018 2934 ornatum
3068 2894 3372 2934 sacrarum
3422 2880 3752 2953 imaginum

2095 2965 2375 3021 Ecclesiis
2423 2965 2717 3022 redderet.
2768 2968 2993 3033 Quibus
3040 2968 3233 3023 verbis
3281 2968 3589 3025 Theodora
3635 2969 3755 3023 sive

2097 3055 2414 3127 perterrita
2461 3056 2591 3109 sive
2636 3055 2806 3122 alias,
2857 3062 2924 3112 ut
2971 3057 3251 3122 diximus,
3288 3057 3599 3121 delectata,
3637 3062 3760 3114 tota

2098 3145 2195 3199 isti
2247 3146 2484 3215 negotio
2518 3161 2650 3200 sese
2682 3145 2867 3202 dedit.
2909 3147 3119 3202 Statim
3165 3147 3367 3217 itaque
3397 3148 3459 3203 in
3492 3147 3764 3204 taberna-

2100 3233 2234 3288 cula
2262 3234 2581 3289 Theoctisti
2612 3250 2823 3291 omnes
2851 3237 3169 3291 convenire
3206 3236 3400 3308 jubet,
3434 3236 3536 3306 qui
3570 3236 3644 3291 de
3677 3253 3768 3291 se-

2100 3322 2409 3379 natoribus
2437 3323 2529 3377 vel
2559 3323 2812 3379 concilio
2852 3325 3147 3395 sapientia
3177 3330 3346 3380 erant
3389 3341 3457 3380 ac
3488 3324 3763 3380 doctrina

2102 3412 2319 3479 ornati,
2348 3428 2568 3483 eosque
2599 3412 2671 3467 de
2701 3429 2835 3468 vera
2855 3413 3143 3485 religione
3170 3415 3230 3469 in
3253 3414 3517 3469 medium
3548 3430 3762 3470 consu-

2100 3502 2245 3558 lere.
2276 3501 2360 3556 lbi
2392 3501 2691 3570 omnibus,
2724 3509 3014 3574 quantum
3046 3504 3177 3575 ejus
3208 3504 3337 3559 fieri
3372 3504 3586 3575 potuit,
3620 3520 3762 3559 con-

2103 3591 2377 3665 gregatis,
2405 3608 2539 3647 cum
2571 3592 2715 3647 varii
2747 3599 2951 3648 essent
2982 3609 3289 3669 sermones
3319 3593 3509 3649 habiti
3551 3599 3609 3648 et
3639 3609 3761 3648 non

2105 3698 2295 3753 pauca
2337 3698 2519 3737 sacrae
2572 3682 2890 3754 Scripturm
2936 3684 3279 3739 testimonia
3308 3682 3617 3755 producta,
3649 3683 3764 3754 piae

2104 3771 2294 3842 partis
2324 3771 2626 3827 sententia
2671 3772 2951 3838 obtinuit,
3001 3773 3432 3843 decretumque
3464 3772 3536 3828 de
3579 3772 3764 3828 sacris

2105 3860 2468 3932 imaginibus
2499 3862 2699 3917 statim
2731 3862 3092 3933 reponendis
3121 3863 3366 3918 factum.
3411 3863 3492 3917 Eo
3530 3862 3593 3916 in
3637 3878 3774 3917 con.

2106 3954 2284 4004 ventu
2306 3949 2609 4019 principes
2632 3951 3029 4015 sacerdotum,
3064 3951 3342 4006 monachi
3376 3966 3443 4005 ac
3476 3951 3765 4005 senatorii

2107 4038 2239 4103 viri,
2291 4044 2426 4093 ante
2474 4039 2688 4093 hmresi
2734 4038 2942 4106 vitiati,
2977 4039 3223 4110 majoris
3252 4039 3435 4110 partis
3468 4039 3771 4095 sententia

2107 4126 2265 4183 docti
2295 4128 2603 4182 veritatem
2630 4144 2830 4183 errore
2860 4128 3141 4184 damnato
3173 4129 3433 4199 amplexi
3467 4135 3625 4185 sunt.
3655 4128 3769 4184 Ab-

2108 4224 2378 4287 rogatum
2410 4218 2588 4272 etiam
2620 4227 2710 4272 est
2728 4219 3083 4289 patriarchae
3115 4235 3332 4274 munus
3352 4219 3547 4287 Janni,
3568 4220 3771 4274 missi-

2110 4323 2226 4378 que
2275 4311 2627 4377 prmstantes
2675 4307 2804 4374 viri,
2839 4306 3056 4378 quibus
3087 4306 3291 4378 palatii
3324 4306 3598 4363 custodia
3644 4313 3773 4361 erat

2110 4395 2489 4460 demandata,
2540 4396 2639 4465 qui
2687 4412 2824 4451 eum
2874 4396 3025 4456 solio
3058 4394 3491 4451 deturbarent.
3552 4397 3774 4451 Jannes

2111 4486 2303 4557 primo
2334 4501 2642 4540 cessurum
2675 4501 2737 4540 se
2767 4490 2871 4540 aut
2899 4485 3144 4540 omnino
3181 4484 3445 4540 Ecclesia
3471 4484 3769 4540 exiturum

2113 4575 2424 4645 denegavit
2455 4591 2690 4629 summa
2718 4574 3124 4629 contentione.
3157 4575 3344 4639 Quam
3393 4573 3525 4645 ejus
3556 4579 3769 4629 contu-

332 4670 428 4724 καὶ
497 4664 1098 4742 μεταστοιχειωθὲντων
1158 4666 1296 4740 πρὸς
1366 4666 1471 4734 τὴν
1527 4663 1816 4736 ἀλήθειαν,
1857 4664 1988 4720 ὅσοις

2116 4664 2370 4721 maciam
2401 4681 2559 4729 cum,
2591 4681 2740 4735 quos
2771 4664 2985 4719 missos
3015 4666 3170 4720 943
3203 4664 3277 4720 ad
3307 4680 3445 4720 eum
3489 4663 3768 4731 diximus,

336 4755 398 4814 δὲ
460 4756 757 4813 δευσοποιὰ
810 4756 1061 4821 καθίκετο
1127 4756 1161 4825 ἡ
1220 4755 1325 4824 τῆς
1382 4750 1655 4816 εὐσεϐείας
1717 4755 1862 4832 βαφὴ
1914 4752 2006 4809 καὶ

335 4845 694 4920 ἀμεταθέτως
758 4846 942 4921 εἶχον,
999 4841 1444 4916 ἀπεληλαμὲνων
1481 4845 1583 4911 τῆς
1640 4840 1860 4904 πόλεως
1918 4842 2006 4897 καὶ

343 4938 670 5013 ὑπερορίαις
734 4931 1254 5013 παραπεμφθέντων.
1338 4931 1629 5007 Καθῃρὲθη
1689 4928 1747 4986 δὶ
1803 4931 1894 4986 καὶ
1980 4931 2010 4986 ὁ

340 5022 620 5097 δυσσεϐὴς
679 5027 1028 5103 φατριάρχης
1080 5026 1194 5097 (22)
1245 5022 1470 5091 Ἰαννῆς,
1527 5022 1618 5076 καὶ
1684 5024 1780 5076 τοῦ
1828 5021 2014 5097 ἀρχιε-

337 5120 574 5191 ρατικοῦ
632 5114 827 5188 θρόνου
882 5111 1142 5184 ἀπηλάθη
1205 5109 1275 5166 δι’
1338 5108 1655 5178 ἀποστολῆς
1706 5108 2010 5185 ἀξιολόγων

332 5204 559 5280 ἀνδρῶν
589 5208 698 5260 τῶν
732 5202 809 5268 είς
865 5200 1114 5277 φυλακὴν
1168 5197 1511 5276 τεταγμένων
1572 5202 1672 5253 τοῦ
1704 5197 2001 5257 παλατίου.

332 5295 442 5359 Οἷς
476 5294 742 5370 πρότερον
797 5292 890 5366 μὶν
948 5288 1230 5355 κατελθεῖν
1290 5289 1391 5344 οὑκ
1448 5286 1712 5358 ἐπείθετο,
1740 5284 1836 5343 οὐδ
1868 5288 2005 5345 ἑκών

326 5407 393 5461 γε
443 5384 636 5446 αὐτοῖς
682 5388 782 5453 τῆς
841 5379 1136 5453 ἐκκλησίας
1197 5376 1451 5448 ἐκστῆναι
1508 5371 1901 5433 διεϐεϐαιοῦτο·
1932 5379 2008 5441 ὡς

329 5473 377 5532 δ’
414 5474 573 5531 οὗτοι
607 5471 1038 5549 ὑποστρέψαντες
1076 5469 1212 5545 πρὸς
1258 5469 1360 5540 τὴν
1406 5467 1697 5541 πέμψασαν
1743 5465 2006 5542 βασιλίδα

2117 4756 2395 4826 Augustas
2420 4752 2809 4819 iudicassent,
2842 4754 3043 4810 statim
3072 4753 3293 4810 Bardas
3324 4754 3609 4825 patricius
3643 4754 3778 4809 mit-

2118 4843 2280 4910 titur,
2314 4842 2630 4912 quazsitum
2654 4860 2725 4898 ex
2756 4860 2824 4899 eo
2854 4859 2931 4899 an
2957 4843 3030 4899 ob
3058 4844 3491 4916 professionem
3512 4860 3663 4899 verae
3684 4859 3776 4899 re-

2117 4931 2354 5005 ligionis
2412 4932 2764 5002 patriarcha
2809 4934 2940 4989 loco
2975 4935 3188 4990 cedere
3238 4934 3617 4990 detrectaret.
3666 4932 3777 4989 Sed

2114 5023 2354 5085 Jannes,
2375 5021 2551 5077 homo
2573 5028 2845 5079 versutus
2868 5028 2928 5079 et
2948 5030 3012 5079 ut
3036 5023 3355 5094 quisquam
3379 5022 3534 5078 alius
3552 5022 3781 5078 fraudis

2116 5111 2502 5167 calumnimve
2546 5110 2787 5167 suendae
2840 5128 3083 5184 gnarus,
3116 5117 3382 5167 ventrem
3422 5127 3596 5165 suum
3637 5111 3781 5165 dor-

2118 5217 2370 5271 sumque
2400 5205 2459 5255 et
2488 5205 2656 5255 nates
2688 5199 2930 5273 plumbo
2957 5199 3324 5272 compungit,
3357 5205 3425 5255 ut
3455 5216 3490 5255 a
3524 5198 3778 5270 quibus-

2116 5306 2247 5346 cam
2278 5289 2479 5363 ﬂagris
2528 5305 2714 5345 caesus
2744 5289 3081 5355 videretur;
3110 5288 3564 5360 vociferansqne
3594 5288 3677 5343 ita
3708 5305 3773 5344 se

2116 5380 2188 5436 ab
2234 5380 2306 5435 iis
2358 5378 2459 5451 qui
2513 5379 2679 5435 missi
2725 5378 2964 5434 fuerant
3012 5383 3350 5444 tractatum,
3384 5383 3615 5435 tantum
3660 5377 3776 5433 sibi

2116 5471 2403 5542 temporis
2432 5467 2677 5525 concedi
2704 5467 2931 5539 ﬂagitat
2949 5467 3139 5525 donec
3159 5468 3380 5525 vibices
3404 5469 3774 5525 eluerentur.

1540 5593 1905 5651 XYLANDRI
1953 5596 2041 5651 ET
2079 5596 2299 5652 GOARI
2335 5595 2566 5652 ΝΟΤίΕ.

399 5732 524 5809 (22)
553 5728 912 5808 Φατριάρχης
943 5730 1104 5784 recte
1131 5723 1369 5798 legitur,
1400 5738 1527 5780 non
1557 5720 1925 5797 πατριάρχης,
1955 5723 2133 5780 Gen,
