4112 6442
349 420 505 481 102⁷1

1709 405 2034 472 GEORGII
2077 405 2427 471 CEDRENI

3617 410 3773 472 1028

343 554 561 610 Bardas
593 558 791 609 autem
822 553 1035 624 vigilia:
1066 550 1438 623 drungarius,
1473 566 1508 604 a
1538 565 1654 621 quo
1686 564 1748 602 se
1774 548 1857 600 ita
1886 560 1993 598 cae-

2108 541 2357 615 γιώριμα
2411 542 2682 604 τεθείκασι
2740 544 2807 599 τὰ
2865 550 2967 614 τῆς
3038 543 3337 614 ἀπειθείας,
3398 545 3425 599 ὁ
3482 544 3776 618 πατρίκιος

342 663 476 702 sum
508 648 725 702 Jannes
756 645 1009 712 dicebat,
1042 645 1369 715 impostura
1414 640 1667 709 detecta,
1701 637 1995 704 concitus,

338 738 738 794 reluctantem
771 736 948 790 etiam
979 733 1153 787 domo
1185 730 1565 803 patriarchali
1589 728 1846 800 ejicit.ln
1867 726 2011 796 ejus.

337 827 540 882 locum
573 824 913 895 imperatrix
937 827 1206 878 sanctum
1238 838 1306 876 ac
1341 820 1605 875 divinum
1635 815 1997 873 Methodium

338 914 688 979 introducit,
722 912 822 983 qui
854 912 1048 967 adhuc
1092 909 1485 966 confessionis
1516 924 1637 963 suae
1670 912 1728 963 et
1758 905 1831 960 ob
1866 917 1996 958 eam

340 1003 576 1059 tolerati
639 1000 915 1073 supplicii
980 1006 1154 1056 notas
1198 1000 1259 1054 in
1309 1014 1488 1054 carne
1538 1013 1647 1052 sua
1704 992 1994 1068 gestabat,

339 1092 619 1147 omnibus
650 1090 766 1162 piis
796 1090 1225 1158 sacerdotibus,
1258 1088 1425 1143 laicis
1465 1103 1533 1142 ac
1573 1083 1906 1147 monachis,
1937 1086 1999 1136 et

337 1182 410 1236 iis
434 1181 613 1236 etiam
633 1181 732 1251 qui
750 1180 811 1234 in
833 1179 1139 1235 montibus
1151 1177 1845 1242 exercebantur,summo
1859 1186 1995 1226 cum

335 1271 551 1343 gaudio
584 1270 713 1341 ejus
742 1268 1217 1342 designationem
1240 1264 1729 1339 approbantibus,
1762 1279 1830 1318 ac
1860 1277 1996 1317 con-

334 1358 533 1413 fertim
565 1359 628 1413 in
659 1358 870 1413 urbem
900 1356 1300 1424 venientibus,
1325 1370 1565 1426 unoque
1592 1368 1694 1408 ore
1718 1351 1994 1406 haeresim

331 1446 904 1519 Imaginiperdarum
919 1444 1344 1501 damnantibus
1358 1449 1583 1498 esterno
1605 1441 1992 1496 anathemate.

340 1536 459 1590 Hoc
500 1535 857 1606 praeclarum
886 1534 1118 1589 facinus
1150 1533 1373 1603 inclyta
1409 1530 1717 1586 Theodore
1747 1534 1806 1585 et
1836 1528 1994 1584 ﬁlius

332 1623 508 1679 initio
559 1624 796 1694 imperii
846 1624 935 1678 sui
973 1623 1310 1678 ediderunt.
1353 1621 1579 1693 Impius
1611 1635 1746 1674 vero
1776 1620 1996 1674 Jannes

333 1714 494 1768 9-14
524 1712 886 1768 monasterio
905 1712 1171 1767 inclusus
1194 1709 1451 1778 cuidam,
1475 1724 1610 1764 cum
1644 1709 1706 1762 in
1734 1705 1993 1778 quadam

2112 628 2306 684 θᾶττον
2336 628 2679 705 ἐκπέμπαται
2735 632 2971 707 Βάρδας,
3004 635 3032 689 ὁ
3061 640 3163 703 τῆς
3195 631 3486 704 δεσποίνης
3514 630 3774 709 ἀδελφὸς,

2107 718 2205 772 τοῦ
2260 719 2425 794 χάριν
2478 722 2814 795 πευσόμενος
2871 725 2948 796 μή
3002 726 3074 797 τῇ
3125 719 3400 798 ὁρθοδόξῳ
3453 721 3628 776 πίστει
3675 724 3776 776 τοῦ

2107 808 2508 883 πατριαργείου
2555 811 2657 865 οὐκ
2713 812 3095 869 ἀπανίσταται.
3145 813 3206 870 Ὁ
3264 809 3323 867 δὲ
3372 813 3577 880 Ἰαννῆς
3633 831 3772 866 παν-

2108 899 2310 972 οὖργος
2354 895 2428 951 ὢν
2481 899 2574 955 καὶ
2618 901 2979 976 συκοφαντίας
3027 899 3194 975 ῥάψαι
3254 900 3404 972 εἴπερ
3461 920 3546 961 τις
3586 897 3771 965 εἰδὼς,

2110 982 2367 1059 μολίϐδῳ
2419 989 2738 1060 καταττίξας
2786 991 2887 1059 τήν
2954 992 3147 1045 ἑαυτοῦ
3213 991 3449 1067 γαστέρα
3483 1033 3496 1059 ,
3544 989 3638 1043 καὶ
3704 990 3774 1044 τὰ

2105 1077 2273 1143 νῶτα,
2302 1075 2391 1129 καὶ
2421 1076 2549 1139 τοὺς
2576 1078 2850 1153 γλουτοὺς
2878 1079 2954 1141 ὡς
2994 1077 3176 1134 δοκεῖν
3216 1080 3589 1153 μαπιχθῆναι
3624 1078 3773 1152 παρά

2106 1168 2265 1217 τινῶν
2298 1207 2314 1234 ,
2373 1166 2466 1220 καὶ
2525 1168 2673 1241 παρὰ
2724 1173 2835 1223 τῶν
2917 1166 3271 1244 πεμφθέντων
3355 1171 3526 1222 ταῦτα
3580 1169 3770 1221 παθεῖν

2106 1254 2384 1328 κεκραγὼς
2449 1250 2798 1331 βαρϐαρικῶς
2864 1257 3201 1331 ἐπιθεμένων
3260 1256 3428 1329 αὐτῷ,
3483 1257 3573 1310 καὶ
3627 1252 3771 1329 μᾶλα

2109 1344 2209 1400 λον
2238 1346 2386 1421 παρᾶ
2423 1348 2835 1405 Κωνσταντίνου
2873 1355 2970 1406 τοῦ
3015 1348 3382 1427 δρουγγαρίου
3418 1356 3521 1418 τῆς
3553 1347 3769 1423 βίγλας,

2104 1430 2388 1503 ἠντιϐόλει
2438 1440 2865 1515 συγχωρηθῆναι
2918 1440 3059 1514 πρὸς
3114 1440 3326 1515 μικρὸν,
3368 1437 3474 1493 ἔστ’
3530 1435 3589 1492 ἂν
3629 1437 3771 1511 ἀφα-

2104 1525 2302 1579 νιοθεῖν
2363 1524 2530 1581 αὐτοῦ
2614 1528 2684 1583 τὰ
2775 1530 3073 1606 στίγματα.
3163 1530 3266 1586 Καί
3315 1529 3344 1582 ὁ
3406 1528 3503 1600 μὲν
3561 1528 3771 1598 Ἰαννῆς

2101 1617 2290 1667 ταῦτα·
2324 1614 2353 1667 ὁ
2385 1612 2443 1668 δὲ
2472 1613 2687 1690 Βάρδας
2715 1621 2814 1671 τοῦ
2862 1618 3109 1693 σκαιωρή
3119 1637 3289 1689 ματος
3330 1615 3769 1691 ἀπελεγχθέντος

2104 1700 2180 1763 εἰς
2208 1703 2381 1774 θυμὸν
2424 1703 2666 1775 κινηθεὶς
2719 1706 2808 1761 καὶ
2870 1703 3069 1763 ἄκοντα
3108 1710 3300 1762 τοῦτον
3350 1709 3454 1761 τοῦ
3498 1725 3768 1780 πατριαρ-

331 1801 462 1871 ejus
490 1806 655 1878 parte
683 1800 957 1856 sufflxam
978 1800 1303 1869 imaginem
1328 1799 1547 1854 Christi
1572 1798 1698 1866 Dei,
1723 1795 1991 1867 Deiparm

2106 1791 2262 1865 χείου
2290 1793 2536 1869 κατάγει.
2572 1794 2651 1851 Οὗ
2673 1794 3041 1869 καταχθέντος
3059 1797 3095 1865 ἡ
3124 1793 3381 1850 δέσποινα
3411 1794 3773 1868 άντεισήγαγε

329 1896 389 1944 et
437 1889 931 1962 archangelorum
976 1893 1272 1955 cerneret,
1322 1887 1642 1943 diaconum
1696 1901 1869 1941 suum
1921 1901 1990 1940 eo

2106 1879 2191 1934 τὸν
2223 1880 2369 1955 ἱερὸν
2398 1883 2491 1938 καὶ
2520 1885 2663 1938 θεῖον
2717 1883 3010 1953 Μεθόδιον,
3064 1882 3143 1941 ἔτι
3198 1892 3302 1955 τῆς
3336 1883 3645 1960 ὁμολογίας
3675 1883 3770 1939 καὶ

329 1979 655 2035 ascendere
673 1984 731 2034 et
750 1978 1183 2034 venerabilium
1207 1979 1537 2050 imaginum
1555 1976 1759 2032 oculos
1776 1989 1987 2031 eruere

2106 1975 2201 2039 τῆς
2263 1974 2567 2045 μαρτυρίας
2630 1973 2682 2028 ἐν
2737 1978 2806 2048 τῇ
2869 1979 3024 2046 σαρκί
3082 1975 3149 2030 τὰ
3206 1973 3480 2053 στίγματα
3544 1972 3771 2051 περιφέ-

324 2067 521 2139 jubet,
556 2066 764 2124 dicens
795 2084 893 2122 eas
921 2066 1203 2122 facultate
1248 2065 1490 2120 videndi
1523 2081 1645 2120 non
1679 2079 1807 2119 esse
1854 2080 1993 2135 praa-

2110 2078 2295 2133 ροντα,
2328 2061 2581 2118 ἁπάντων
2638 2067 2747 2119 τῶν
2801 2059 3033 2119 εὐσεϐῶν
3091 2064 3302 2140 ἱερέων,
3357 2063 3563 2120 λαῖκῶν
3590 2083 3649 2118 τε
3676 2062 3769 2118 καὶ

328 2157 504 2213 ditas.
558 2156 679 2211 Hoc
722 2160 789 2209 ut
833 2154 1071 2209 rescivit
1117 2154 1220 2225 pia
1250 2155 1533 2225 Augusta,
1566 2151 1767 2207 divino
1813 2149 1993 2213 animi

2110 2154 2368 2224 μοναχῶν
2400 2194 2416 2219 ,
2466 2153 2552 2225 [Ρ.
2607 2154 2739 2225 536]
2785 2152 2956 2209 ἀλλὰ⁹
2998 2153 3089 2208 καὶ
3145 2158 3253 2209 τῶν
3314 2154 3366 2207 έν
3413 2157 3533 2213 τοῖς
3587 2149 3769 2225 ὄρεσιν

328 2246 562 2299 fervore
610 2244 855 2297 incensa
886 2240 1074 2313 ipsius
1114 2241 1290 2296 effodi
1324 2239 1529 2295 oculos
1554 2239 1744 2309 jubet.
1782 2239 1998 2292 Verum

329 2331 765 2387 intercessione
788 2329 1184 2401 quorumdam
1207 2330 1486 2384 eﬂectum
1511 2333 1602 2383 est
1620 2344 1696 2382 ne
1723 2325 1783 2381 id
1806 2326 1994 2381 fleret.

331 2422 528 2478 Missis
562 2428 761 2475 tamen
792 2417 1114 2474 stallitibus
1139 2417 1449 2473 Theodora
1475 2416 1747 2473 ducentis
1782 2415 1993 2487 ﬂagro-

2106 2232 2458 2308 ἀσκουμένων
2509 2240 2645 2310 μετὰ
2697 2238 2921 2309 πολλῆς
2956 2248 3057 2310 τῆς
3115 2238 3473 2315 περιχαρείας
3505 2237 3767 2310 ἀποδεξα-

2108 2324 2286 2396 μένων
2316 2327 2416 2394 τήν
2443 2324 2761 2402 προϐολὴν,
2809 2331 2900 2384 καὶ
2930 2326 3127 2406 ἀθρόον
3157 2331 3257 2399 τὴν
3292 2326 3554 2404 βασιλίδα
3597 2349 3767 2384 κατα-

2106 2407 2389 2470 λαϐόντων
2439 2415 2531 2471 καὶ
2571 2418 2881 2497 ὁμοφώνως
2936 2419 3145 2493 αἰωνίῳ
3187 2416 3487 2492 ἆναθέματι
3526 2415 3770 2494 παραδε-

334 2528 470 2566 rum
502 2511 718 2565 ictibus
749 2524 885 2564 eum
918 2507 1209 2565 multavit.
1671 2567 1680 2573 ,

2106 2499 2360 2558 δωκότων
2390 2507 2490 2574 τήν
2518 2504 2722 2581 αἵρεσιν
2778 2513 2886 2564 τῶν
2945 2508 3371 2585 Εἱκονομάχων.
3426 2510 3610 2564 Ταῦτα
3669 2508 3764 2581 μὶν

328 2597 381 2653 ἐν
437 2598 757 2674 προοιμίοις
813 2600 883 2670 τῇ
935 2593 1180 2669 ἀοιδίμῳ
1235 2592 1492 2669 Θεοδώρᾳ
1547 2595 1640 2649 καὶ
1696 2590 1778 2666 τῷ
1818 2591 2026 2663 ταύτης
2115 2593 2219 2664 υἱῷ
2295 2596 2651 2671 κατεπράχθη
2727 2598 2795 2652 τὰ
2877 2598 3299 2674 κατορθώματα⁸
3356 2600 3391 2654 ὁ
3438 2595 3496 2654 δὲ
3552 2597 3766 2674 ἀνιέρος

328 2690 539 2758 Ἰαννῆς
595 2685 648 2741 ἐν
710 2685 1068 2760 μοναστηρίῳ
1121 2685 1229 2741 τινὶ
1285 2684 1651 2761 κατειρχθεὶς,
1709 2683 1801 2738 καὶ
1859 2680 1911 2737 ἒν
1991 2702 2097 2737 τινι
2183 2682 2335 2758 μέρει
2416 2685 2617 2742 τούτου
2670 2687 3128 2762 ἀνεστηλωμένην
3189 2688 3521 2763 θεασάμενος
3580 2687 3768 2743 εἰκόνα

331 2780 570 2850 Χριστοτὶ
607 2779 706 2831 τοῦ
736 2778 869 2830 Θεοῦ
899 2775 1124 2843 καὶτῆς
1153 2776 1503 2848 Θεομήτορος
1561 2772 1656 2827 καὶ
1709 2775 1819 2827 τῶν
1880 2769 2268 2845 ἀρχαγγέλων,
2324 2776 2407 2846 τῷ
2464 2774 2657 2829 ἑαυτοῦ
2711 2772 2949 2849 διακόνῳ
3004 2775 3323 2851 προσέταξεν
3357 2772 3621 2835 ἀναϐάντι
3650 2780 3762 2832 τῶν

332 2861 645 2939 σεϐασμίων
677 2864 901 2919 εἰκόνων
934 2863 1023 2918 ἀνι
1036 2864 1187 2939 ρύξαι
1214 2864 1343 2927 τοὺς
1372 2859 1717 2939 ὀφθαλμοὺς,
1749 2860 1918 2915 εἰπὼν
1953 2860 2030 2932 μὴ
2075 2856 2224 2938 ἔχειν
2276 2862 2475 2926 αὑτοὺς
2506 2865 2607 2932 τήν
2634 2869 2735 2920 τοῦ
2764 2865 2894 2940 όρᾷν
2949 2864 3198 2940 δύναμιν.
3252 2868 3342 2930 Ὠς
3394 2865 3486 2922 οὖν
3530 2866 3759 2923 ἐπύθετο

330 2960 499 3009 ταῦτα
528 2956 563 3024 ἡ
597 2947 822 3021 εὐσεϐὴς
854 2949 1126 3030 δέσποινα,
1160 2950 1318 3025 ζήλῳ
1374 2952 1501 3024 θείῳ
1563 2950 1937 3024 ἐκπυρωθεῖσα
1993 2947 2120 3009 τοὺς
2177 2950 2344 3006 αὐτοῦ
2401 2952 2696 3027 προσέταξε
2752 2952 3119 3031 διορυχθῆναι
3177 2954 3522 3036 ὀφθαλμοὺς.
3583 2955 3762 3012 Ἀλλὰ

332 3049 498 3101 τοῦτο
534 3043 629 3118 μὲν
682 3042 785 3096 οὐκ
840 3040 1051 3117 ἐγένετο
1104 3041 1531 3115 μεσιτευσάντων
1585 3045 1770 3109 τινῶν,
1831 3036 2166 3113 δορυφόρους
2198 3037 2241 3094 δ’
2272 3042 2591 3116 ἰκπεμψασα
2652 3044 2894 3118 μάστιξιν
2952 3045 3118 3101 αὐτὸν
3173 3044 3503 3121 κατῃκίσατο
3558 3044 3755 3119 λώρων

339 3132 595 3190 διακοίων
619 3135 753 3204 (23).

410 3229 591 3283 Natus
622 3226 736 3282 fuit
761 3228 980 3283 Jannes
1010 3227 1121 3282 iste
1155 3227 1344 3297 Cpoli,
1379 3226 1562 3296 stirpe
1596 3224 1995 3279 Morocharza—
2020 3222 2063 3288 C

335 3317 593 3372 niorum.
626 3318 696 3371 Et
718 3314 845 3386 jam
875 3316 948 3371 ad
994 3320 1297 3373 senectam
1331 3321 1564 3370 aetatem
1607 3312 1898 3369 accedens
1932 3312 1994 3365 in

331 3407 966 3479 prmstantissimorum
1036 3412 1365 3478 martyrum
1423 3405 1607 3477 Sergii
1675 3408 1735 3459 et
1779 3401 1991 3458 Bacchi

331 3495 613 3568 princeps
642 3495 754 3551 fuit
781 3497 1164 3563 monasterio,
1190 3495 1273 3550 ibi
1305 3496 1367 3549 in
1389 3494 1655 3550 Ecclesia
1684 3492 1860 3548 veluti
1901 3508 1995 3547 co—

332 3585 505 3640 luber
553 3584 795 3654 quidam
841 3586 903 3639 in
949 3590 1119 3640 antro
1153 3584 1529 3639 delitescens.
1563 3581 1854 3638 Paulatim
1891 3580 1993 3635 de-

333 3672 397 3726 in
428 3672 501 3727 de
532 3689 881 3745 progressus
902 3672 977 3728 ad
998 3672 1211 3728 altiora
1237 3672 1395 3736 fecit,
1421 3689 1528 3743 per
1550 3687 1789 3726 omnem
1809 3669 1991 3726 vitam

332 3761 907 3833 Imaginiperdarum
939 3762 1151 3817 haeresi
1183 3761 1449 3832 impense
1482 3760 1738 3828 deditus,
1771 3760 1994 3831 praesti-

333 3849 564 3921 giarum
595 3849 895 3905 studiosus
918 3856 976 3905 et
995 3849 1430 3906 divinationum
1453 3866 1561 3921 per
1580 3849 1817 3920 pelvim.
1847 3849 1993 3905 Cha-

333 3939 607 3993 rissimus
634 3939 748 3995 fuit
786 3939 1066 3995 Michaelo
1120 3940 1320 4006 Balbo,
1352 3940 1471 3995 sive
1503 3939 1577 3994 ob
1617 3939 1863 3995 haaresis
1894 3956 1989 3994 so-

330 4029 629 4086 cietatem.
656 4030 773 4084 sive
795 4028 868 4083 ob
885 4029 1169 4086 doctrinas
1190 4029 1557 4101 opinionem,
1582 4034 1642 4084 et
1661 4035 1990 4101 praeceptor

331 4117 656 4189 Theophilo
678 4119 810 4190 ejus
837 4117 959 4173 filio
992 4116 1178 4174 datus.
1218 4118 1576 4190 Theophilus
1608 4118 1859 4189 imperio
1888 4134 1990 4174 ac—

332 4213 503 4278 cepto
532 4208 793 4278 primum
821 4208 1165 4281 eicyncelli
1197 4208 1549 4281 dignitatem
1581 4208 1853 4273 contulit,
1886 4206 1988 4262 de-

330 4296 468 4351 inde
520 4296 918 4367 patriarcham
968 4298 1189 4353 creavit
1234 4296 1474 4368 Cpollis.
1528 4297 1748 4352 Solitus
1795 4296 1910 4351 fuit
1933 4296 1990 4351 ei

331 4386 517 4457 pelvis
542 4388 820 4443 vaticinio
854 4393 909 4444 et
941 4389 1257 4461 prrestigiis
1287 4388 1487 4443 futura
1515 4387 1859 4459 praedicere.
1887 4389 1987 4442 Et-

331 4476 491 4532 enim
514 4475 838 4547 aliquando
864 4477 1016 4534 945
1052 4493 1189 4532 eum
1212 4476 1399 4532 inﬁda
1429 4483 1608 4547 atque
1639 4493 1795 4533 saeva
1825 4494 1980 4548 quaa-

2173 3221 2403 3298 ’Ἡνεγκε
2433 3220 2492 3277 δῖε
2534 3224 2627 3279 τὸν
2687 3224 2893 3294 Ἰαννῆν
2948 3228 3142 3281 τοῦτον
3169 3229 3205 3296 ἡ
3243 3219 3621 3303 μεγαλόπολις
3653 3226 3748 3297 (24

2109 3311 2249 3380 αὕτη
2282 3316 2372 3365 καὶ
2429 3317 2615 3367 πασῶν
2652 3314 3043 3389 προκαθημένη
3095 3319 3202 3370 τῶν
3252 3313 3470 3370 πόλεων
3503 3316 3636 3387 (25),
3665 3320 3767 3383 τῆς

2107 3402 2214 3452 τῶν
2269 3400 2762 3480 Μωροχαρζανίων
2811 3403 3181 3479 κατργόμενον
3233 3408 3415 3480 γενεᾶς
3447 3446 3460 3459 .
3522 3403 3769 3477 ’Δψάμε-

2108 3508 2200 3542 νον
2233 3485 2290 3543 δὲ
2319 3485 2428 3560 ἤδη
2460 3490 2550 3545 καὶ
2592 3499 2917 3566 γεροντικῆς
2971 3491 3217 3561 ἡλικίας,
3247 3495 3281 3562 ἡ
3318 3492 3460 3566 μονὴ
3489 3497 3601 3547 τῶν
3632 3491 3767 3547 κολ-

2109 3572 2334 3632 λινίκων
2387 3580 2677 3656 μαρτύρων
2723 3581 2957 3658 Σεργίου
3005 3583 3098 3637 καὶ
3150 3582 3373 3657 Βάκχου
3422 3583 3534 3655 (26)
3581 3580 3765 3653 ὥσπερ

2102 3667 2224 3721 τινὰ
2269 3664 2532 3742 δράκοντα
2584 3668 2635 3723 έν
2688 3669 2957 3742 ἐκκλησίᾳ
3004 3670 3357 3749 φωλεύσαντα
3405 3672 3559 3747 εἶχεν
3604 3671 3770 3747 ἡγού-

2106 3777 2266 3824 μενον
2315 3756 2366 3811 έν
2396 3757 2557 3833 αὐτῇ,
2614 3757 2670 3813 ἒν
2730 3756 2787 3815 δὲ
2840 3766 2961 3823 ταῖς
3019 3762 3156 3816 κατὰ
3216 3762 3412 3836 μικρὸν
3472 3762 3769 3835 γενόμενον

2102 3840 2393 3900 ἀναϐάσεσι
2421 3850 2491 3920 τῇ
2522 3867 2580 3903 τε
2606 3853 2716 3903 τῶν
2750 3848 3150 3926 Εἴκονομάχων
3191 3850 3335 3923 ἀθέῳ
3365 3850 3567 3923 αἱρέσει
3612 3848 3771 3929 ἶσχο-

2106 3937 2214 4009 ρῶς
2260 3935 2691 4010 προστετηκότα,
2731 3938 2821 3991 καὶ
2870 3938 3152 4015 γοητείαις
3220 3937 3764 4015 προσανέχοντα,καὶ

2104 4020 2532 4097 λεκανομαντίας
2592 4022 2681 4080 διὰ
2750 4026 2871 4102 βίου
2927 4028 3153 4098 παντὸς,
3213 4026 3580 4106 διαφερόντως
3626 4028 3765 4104 ἀγα-

2101 4113 2343 4183 πηθέντα
2370 4119 2452 4185 τῷ
2480 4115 2644 4189 πατρὶ
2676 4115 2948 4195 Θεοφίλου
2986 4115 3228 4193 Μιχαὴλ
3260 4123 3340 4190 τῷ
3367 4116 3618 4193 τραυλῷ,
3655 4114 3765 4171 εἴτε

2100 4205 2180 4273 τῷ
2207 4208 2485 4257 κοινωνεῖν
2512 4210 2612 4273 τῆς
2644 4203 2808 4259 αὐτοῦ
2861 4206 3141 4281 αίρέσεως,
3192 4204 3301 4261 εἴτε
3329 4207 3420 4261 καὶ
3447 4211 3529 4278 τῷ
3559 4205 3764 4280 λογιό-

2098 4311 2223 4360 τητι
2254 4293 2556 4362 κτήσασθαι
2615 4289 2790 4366 δόξαν,
2821 4299 2920 4350 τοῦ
2970 4294 3241 4375 Θεοφιλου
3310 4293 3368 4351 δὲ
3424 4292 3756 4351 διδάσκαλον

2098 4380 2378 4456 γεγονότα.
2409 4382 2511 4438 Καὶ
2544 4378 2661 4437 ἐπεὶ
2694 4380 2852 4446 οὗτος
2882 4385 2977 4446 τὰς
3015 4391 3115 4454 τῆς
3166 4382 3448 4460 βασιλείας
3498 4388 3759 4458 κατέσχεν

2099 4468 2274 4541 ἡνίας,
2334 4469 2634 4545 σόγκελλον
2709 4473 2804 4545 μὲν
2887 4476 3085 4529 τοῦτον
3167 4479 3308 4547 τιμᾷ
3362 4478 3602 4549 πρῶτον,
3660 4472 3759 4529 εἶθ’

333 4564 469 4619 dam
492 4581 636 4637 gens
656 4565 850 4621 tribus
862 4565 1209 4622 ductoribus
1224 4582 1333 4621 usa
1350 4568 1678 4622 Romanam
1700 4566 1988 4623 ditionem

2106 4558 2318 4634 ὕστερον
2374 4558 2466 4614 καὶ
2524 4561 2876 4637 πατρὶάρχην
2949 4563 3353 4633 ἀποκαθίστησι
3411 4569 3759 4619 Κωνσταντι-

332 4651 667 4720 infestaret,
723 4671 909 4724 eaque
954 4672 1049 4711 res
1093 4655 1509 4727 Theophilum,
1556 4656 1644 4710 uti
1689 4671 1796 4727 par
1841 4663 1987 4727 erat,

331 4740 659 4796 sollicitum
684 4747 939 4812 teneret,
958 4744 1175 4799 Jannes
1197 4760 1333 4800 eum
1355 4743 1602 4824 dimissa
1623 4744 1807 4800 animi
1830 4747 1991 4818 ωςτὶ-

331 4831 538 4888 tudine
585 4833 809 4905 optime
858 4834 930 4890 de
972 4835 1147 4890 rebus
1195 4850 1433 4905 sperare
1474 4834 1757 4906 jusserat,
1812 4837 1988 4893 modo

331 4921 521 4993 ipsius
553 4924 807 4979 consilio
840 4940 1049 4996 parere
1080 4924 1278 4979 vellet.
1310 4924 1637 4980 Consilium
1672 4925 1791 4982 tale
1823 4932 1987 4983 erat:

328 5010 493 5067 Inter
531 5030 716 5069 aareas
766 5019 1013 5081 statuas,
1055 5030 1187 5084 qum
1234 5018 1405 5069 erant
1457 5013 1518 5068 in
1567 5014 1772 5087 euripo
1822 5017 1987 5086 circi,

2098 4646 2437 4718 νουπόλεως,
2495 4650 2834 4725 προγνώσεις
2916 4651 3068 4714 τινὰς
3154 4648 3244 4707 διὰ
3303 4650 3762 4726 λεκανομαντείας

2099 4740 2188 4795 καὶ
2250 4737 2505 4814 γοητείας
2556 4739 2706 4812 αὐτῷ
2757 4739 3197 4819 ἀπαγγέλλοντα.
3255 4742 3564 4818 Κατέτρεχέ
3623 4762 3762 4797 ποτε

2099 4831 2167 4887 τὰ
2217 4830 2511 4905 Ῥωμαίων
2570 4829 2718 4893 ἔθνος
2775 4829 3002 4888 ἄπιστον
3056 4834 3147 4889 καὶ
3208 4832 3449 4909 σκληρὸν
3492 4837 3628 4908 (27),
3665 4835 3758 4910 ὐφ’

2099 4922 2340 4997 ἡγεμόσι
2390 4921 2535 4997 τρισὶ
2593 4921 3073 4999 πρατηγούμεγον
3109 4945 3123 4959 ·
3194 4924 3285 4978 καὶ
3342 4924 3419 4989 ὡς
3473 4924 3617 4987 εἰκὸς
3668 4923 3760 4978 ἐπὶ

2098 5013 2277 5084 τούτῳ
2305 5016 2403 5067 τοῦ
2434 5009 2704 5088 Θεοφίλου
2754 5011 3086 5088 ἀνιωμένου,
3136 5015 3433 5070 ἀποθέσθαι
3484 5017 3584 5086 τήν
3617 5014 3756 5069 ἀθυ-

1535 5121 1901 5179 XYLANDRI
1939 5126 2026 5179 ET
2067 5120 2284 5181 GOARI
2324 5120 2548 5175 NOTAE.

404 5244 515 5318 (23)
572 5248 915 5319 Taurearum
961 5247 1059 5303 hic
1120 5252 1246 5303 erat
1311 5263 1626 5319 supremus
1674 5264 1982 5318 numerus,

331 5333 505 5389 quem
522 5319 650 5389 jam
672 5319 854 5390 habes
877 5318 945 5390 in
970 5319 1376 5390 superioribus
1394 5318 1780 5390 recensitum.
1808 5321 1985 5377 Con.

402 5387 964 5463 (24)“Μεγαλόπολις
1031 5387 1104 5463 6b
1166 5389 1629 5463 amplitudinem
1673 5389 1990 5463 dicebatur

300 5492 305 5499 -
330 5458 704 5534 Constantini
738 5462 879 5534 urbs
905 5479 918 5527 ;
952 5458 1252 5521 Θεούπολις
1272 5458 1605 5534 Ἇηιίοοιιῆει
1634 5460 1709 5515 ob
1739 5463 1799 5517 id
1829 5464 1989 5534 quod

331 5532 577 5605 contigit
622 5533 941 5589 Justiniani
976 5539 1260 5605 (tempore
1318 5533 1695 5605 miraculum,
1750 5534 1822 5588 de
1848 5532 1987 5605 'quo

334 5599 605 5669 ejusdem
646 5620 803 5658 anno
830 5608 901 5674 2;
972 5599 1302 5677 Ἀγιόπολις
1360 5599 1731 5661 Hierusalem
1771 5599 1987 5662 Christi

333 5684 479 5728 nece
511 5680 877 5731 consecrata.
912 5677 1086 5731 Gom.

408 5746 519 5815 (25)
565 5742 863 5800 Librarius
914 5746 1011 5801 hic
1059 5746 1358 5819 ascripsit,
1388 5747 1547 5819 quod
1593 5752 1750 5804 recte
1782 5749 1987 5807 multis

2095 5248 2232 5304 aliis
2260 5245 2430 5313 locis,
2463 5262 2532 5301 ac
2561 5245 2783 5318 rectius
2813 5247 3002 5303 multo
3036 5265 3215 5318 quam
3238 5247 3355 5308 hic.
3388 5253 3755 5318 annotasset,

2091 5319 2424 5376 Cedrenum
2456 5317 2756 5373 scribendi
2790 5317 3075 5374 nimirum
3122 5320 3379 5376 materia
3408 5317 3754 5375 deslitutum

2092 5393 2221 5447 hmo
2252 5405 2494 5446 narrare
2516 5387 2648 5443 ῖυύκ
2694 5389 2861 5466 εἶχες,
2916 5390 2992 5452 ὡς
3046 5383 3213 5459 ἔοικε,
3247 5391 3300 5446 τί
3346 5392 3567 5471 γράφειν
3601 5390 3761 5465 ἀκρό-

2097 5480 2247 5512 ιιωοε
2280 5457 2537 5512 Κεοδκνέ.
2569 5461 2705 5512 ΧΠ..

2096 5480 2247 5535 μωρε
2280 5461 2537 5532 Κερδηνέ.
2569 5461 2705 5516 Χη.
2746 5461 2785 5466 ”
3360 5461 3395 5467 ’⁷
3464 5461 3474 5471 '
3674 5461 3683 5465 ”

2165 5534 2278 5614 ς2θ)
2306 5532 2765 5614 Ᾰυειῇηὶαηίχιοο
2787 5539 2930 5614 erat
2942 5533 3283 5603 aedificium,
3309 5534 3380 5590 de
3403 5552 3521 5606 quo
3552 5533 3755 5590 statim

2094 5605 2203 5663 sub
2234 5605 2407 5676 initio
2440 5605 2675 5676 imperii
2703 5605 2859 5676 ejus.
2892 5605 3071 5661 Cosa.

2166 5677 2281 5751 (27)
2304 5675 2522 5751 Abares
2546 5674 2841 5751 existimo,
2862 5694 3013 5749 quos
3031 5677 3258 5751 pariter
3280 5680 3394 5751 i,_3
3425 5678 3651 5736 vocavit
3671 5677 3759 5736 Si-

2094 5743 2358 5807 mocatta
2385 5743 2745 5804 ἀπιστότατον
2776 5743 2932 5813 ἔθνος
2958 5743 3051 5804 καῖ
3097 5743 3539 5822 ἀπληστότατον.
3573 5751 3754 5810 GOAR.
