4112 6428
377 430 529 492 1031

1735 410 2050 478 GEORGII
2097 411 2439 479 CEDRENI

3649 425 3813 487 1032

380 562 646 618 dolorem
678 563 892 617 afferre
922 557 1118 615 conati
1148 563 1305 613 sunt.
1341 558 1454 612 Res
1483 571 1555 611 ea
1596 553 1680 608 ita
1720 556 1870 608 acta.
1903 551 2019 604 Mu—

2144 544 2388 619 λυπῆσαι
2432 551 2588 610 λαόν.
2648 554 3042 629 Χρυσίου.γάρ
3102 553 3319 612 πολλού
3380 555 3808 634 ὑποφθείραντές

378 650 587 707 lierem
622 649 943 721 quamdam
984 648 1202 720 (mater
1231 663 1299 701 ea
1327 645 1440 701 fuit
1471 640 1890 713 Metrophanis,
1922 638 2026 710 qui

380 747 590 813 postea
638 741 900 811 Smyrnae
957 736 1175 808 praesul
1225 736 1415 791 factus
1465 736 1577 802 est)
1637 731 1827 787 multo
1884 745 2029 785 auro

382 828 1030 903 pollicitationibusque
1088 831 1427 897 corruptam
1485 821 1836 887 subornant,
1895 835 2030 890 qum

377 925 649 994 Augusta
700 924 758 974 et
811 918 1188 990 imperatoris
1247 914 1539 971 tutoribus
1589 913 1879 969 dicereta
1909 912 2027 965 Me—

375 1011 578 1066 thodio
632 1026 695 1065 se
743 1025 872 1064 esse
931 1012 1282 1079 stupratam.
1315 1007 1528 1063 Statim
1587 1019 1724 1077 ergo
1753 1000 2021 1058 terribile

365 1098 662 1171 judicium
695 1113 763 1152 ex
794 1096 1064 1152 civilibus
1088 1102 1147 1151 et
1166 1095 1412 1151 sacratis
1430 1092 1780 1149 hominibus
1799 1090 2029 1163 cogitur

374 1187 715 1244 concilium.
753 1190 963 1241 Astant
989 1186 1091 1257 pii,
1124 1185 1386 1241 nostitiaa
1418 1201 1487 1239 ac
1545 1181 1766 1238 doloris
1817 1180 1981 1252 pleni
2009 1195 2023 1236 :

373 1294 491 1333 non
511 1277 729 1332 absunt
752 1276 944 1348 impii,
957 1274 1217 1331 dedecus
1237 1273 1396 1330 haud
1414 1273 1693 1346 exiguum
1706 1285 1777 1325 ea
1793 1269 2027 1325 actione

371 1367 755 1425 conciliatum
785 1368 857 1422 iri
888 1367 1123 1438 piorum
1154 1366 1329 1422 cmtui
1352 1371 1683 1437 sperantes.
1716 1362 2023 1418 Prodeunt

374 1457 838 1514 calumniatores
876 1456 1092 1512 animis
1122 1455 1335 1521 inflati,
1366 1453 1526 1525 quod
1566 1453 1791 1509 crimen
1848 1450 1907 1505 id
1962 1450 2026 1505 in

373 1552 655 1619 promptu
704 1546 933 1601 hahero
992 1545 1376 1617 probationes
1435 1544 1711 1607 fiderent,
1743 1539 2031 1613 producta

374 1636 435 1690 in
469 1635 729 1691 medium
760 1635 1134 1701 muliercula,
1169 1650 1300 1704 quae
1343 1633 1674 1703 composito
1720 1629 2027 1702 judicibus

369 1742 500 1781 rem
529 1729 819 1781 narraret.
850 1724 1086 1781 Iudices
1117 1730 1176 1779 et
1195 1723 1494 1794 praacipue
1516 1720 1845 1785 Manuelus,
1870 1720 2026 1775 tristi

371 1816 534 1870 vultu
578 1814 862 1883 assident,
922 1813 1165 1885 indigne
1212 1813 1475 1867 ferentes
1520 1811 1703 1866 unius
1762 1810 2024 1865 hominis

377 1905 551 1975 culpa
571 1908 785 1959 castum
817 1903 1054 1975 piorum
1079 1903 1143 1957 in
1169 1901 1502 1975 periculum
1532 1899 1778 1955 ludibrii
1802 1899 2022 1954 venire.
2054 1920 2101 1983 Β

370 1994 509 2058 Qum
539 1992 740 2047 omnia
768 1992 1032 2047 sentiens
1063 1991 1414 2046 Methodius.
1444 1995 1511 2045 ut
1542 1995 1599 2044 et
1630 2005 1765 2060 spes
1806 1988 2020 2059 impio-

370 2098 500 2137 rum
522 2087 579 2136 et
606 2082 842 2153 piorum
875 2080 1289 2152 aegritudinem
1328 2079 1595 2135 aboleret
1621 2094 1817 2149 neque
1839 2076 2021 2132 eccle-

370 2171 471 2225 sia:
503 2171 657 2242 lapis
700 2170 1053 2226 offensionis
1078 2174 1256 2237 esset,
1290 2168 1441 2223 nihil
1457 2166 1903 2223 multitudinem
1933 2180 2022 2220 re-

366 2260 586 2316 veritus
614 2261 796 2315 homo
830 2261 995 2315 omni
1051 2258 1386 2315 reverentia
1444 2262 1621 2329 atque
1651 2258 1877 2312 honore
1929 2255 2023 2310 di-

368 2350 714 2422 gnissimus,
737 2350 801 2405 in
835 2355 1159 2421 conspectu
1176 2349 1440 2404 omnium
1464 2347 1742 2419 pudenda
1759 2345 2022 2415 nudavit,

371 2455 502 2509 qua)
525 2457 701 2495 nemo
723 2456 840 2494 non
873 2439 1110 2494 videbat
1148 2439 1357 2494 morbo
1384 2436 1641 2509 quodam
1660 2436 2019 2492 emarcuisse

370 2529 655 2599 omnique
684 2528 944 2584 naturali
971 2528 1025 2582 vi
1079 2544 1207 2583 esse
1240 2528 1488 2599 privata.
1522 2525 1753 2582 Pudore
1785 2524 2022 2580 hoc~fa~

369 2625 529 2673 ctum
561 2618 821 2689 opplevit
849 2616 1316 2673 calomniatores
1348 2619 1408 2672 et
1437 2614 1612 2670 malis
1669 2613 2018 2687 gaudentes,

365 2707 495 2777 pios
535 2713 735 2763 autem
756 2706 1176 2772 lastitia;948
1211 2704 1312 2777 qui
1344 2705 1570 2776 ingenti
1619 2721 1755 2760 cum
1804 2702 2020 2776 gaudio

369 2798 729 2852 Methodium
759 2798 1066 2870 cingentes
1099 2795 1444 2852 salutabant
1471 2800 1648 2865 atque
1697 2794 2018 2865 amplecte-

366 2886 603 2950 bantur,
637 2902 830 2957 ueque
857 2885 1158 2941 habebant
1187 2900 1303 2956 quo
1347 2883 1523 2939 modo
1580 2883 1868 2953 voluptati
1899 2899 2019 2937 sum

364 2975 795 3030 satisfacerent.
829 2977 900 3029 Et
921 2973 1166 3044 quidam
1199 2974 1271 3029 de
1304 2973 1637 3028 notioribus
1670 2972 1901 3043 placide
1926 2988 2023 3045 ag-

365 3079 604 3135 gressus
636 3079 706 3118 ex
729 3079 795 3118 eo
829 3063 1101 3134 quaasivit
1130 3078 1389 3133 quonam
1428 3061 1607 3117 modo
1637 3061 1832 3117 virilia
1887 3062 2018 3131 ejus

364 3152 447 3207 ita
505 3151 958 3208 emarcuissent.
1019 3152 1123 3207 Cui
1156 3152 1207 3206 is
1253 3168 1379 3207 rem
1439 3156 1624 3207 totam
1657 3168 1692 3206 a
1719 3150 2016 3222 principio

363 3243 645 3298 narravit.
683 3243 777 3312 Se,
833 3258 968 3297 cum
1019 3244 1219 3297 Romae
1277 3242 1538 3314 degeret,
1571 3241 1790 3297 missus
1822 3257 1892 3296 eo
1944 3240 2020 3296 ad

364 3346 580 3403 papam
642 3332 717 3386 ob
775 3332 1067 3387 intentata
1123 3331 1454 3403 Nicephoro
1504 3330 1880 3386 sanctissimo
1910 3347 2018 3402 pa-

368 3421 643 3475 triarcha)
675 3420 947 3483 crimina.
981 3425 1251 3475 vexatum
1282 3420 1467 3476 fuisse
1487 3436 1522 3475 a
1543 3421 1738 3476 carnis
1752 3420 2017 3475 studioso

369 3511 528 3565 malo
577 3509 773 3582 genio,
828 3509 958 3565 sine
1007 3508 1453 3564 intermissione
1512 3508 1639 3565 dies
1696 3515 2019 3580 noctesque

366 3598 565 3668 ipsum
585 3597 863 3652 titillante
877 3603 935 3652 et
950 3598 1035 3652 rei
1057 3597 1337 3652 Venerem
1350 3598 1678 3668 appetitum
1701 3598 2020 3653 excitante.
2062 3594 2065 3599 ’

367 3687 576 3756 Itaque
598 3701 661 3740 se
692 3684 1000 3740 ardentem
1033 3701 1101 3740 ea
1131 3684 1475 3756 cupiditate,
1535 3702 1603 3741 ac
1635 3690 1866 3741 tantum
1899 3704 2021 3742 non

367 3773 420 3829 ei
454 3773 1153 3841 succumbentem,Petro
1175 3774 1580 3845 apostolorum
1612 3775 1866 3847 principi
1890 3792 2019 3832 sese

362 3863 579 3918 dedere
620 3863 918 3931 statuisse,
968 3863 1288 3935 multisque
1330 3863 1403 3919 ab
1449 3881 1517 3919 eo
1566 3864 1843 3936 precibus
1874 3882 2018 3922 con-

364 3953 627 4008 tendisse
658 3953 744 4008 uti
777 3969 840 4008 se
873 3952 1121 4009 libidine
1154 3954 1268 4009 ista
1293 3953 1598 4010 liberaret.
1640 3955 1806 4011 Hunc
1837 3961 2017 4011 noctu

361 4043 643 4111 astitisse,
695 4059 762 4098 ac
792 4042 981 4099 virilia
1037 4060 1145 4099 sua
1197 4060 1381 4099 manu
1439 4043 1647 4099 dextra
1678 4049 2017 4116 tangentem

364 4131 786 4202 eombussisse,
822 4132 1121 4204 simulque
1153 4132 1377 4188 dixisse
1406 4133 1556 4188 nihil
1587 4149 1715 4189 esse
1746 4134 1905 4206 quod
1952 4136 2015 4190 in

359 4227 665 4293 posterum
699 4220 811 4277 sibi
836 4221 907 4277 ab
939 4223 1055 4278 ista
1081 4227 1376 4277 metueret
1393 4222 1712 4294 voluptatis
1744 4224 2016 4296 concupi-

359 4310 606 4366 scentia.
634 4310 707 4367 Se
739 4311 815 4366 ob
846 4312 1260 4367 vehementem
1283 4311 1553 4367 dolorem
1577 4328 1789 4368 somno
1815 4329 2018 4369 excus-

355 4416 485 4455 sum
520 4400 698 4456 talem
731 4406 1034 4473 repertum
1065 4401 1249 4456 fuisse
1281 4400 1520 4471 qualem
1560 4400 1673 4473 ipsi
1702 4401 2012 4459 vidissent.

351 4490 484 4544 Haec
542 4507 678 4545 cum
752 4491 835 4545 ita
903 4495 1212 4546 narrasset
1268 4490 1651 4561 patriarchia,
1711 4492 2014 4547 Manuelus

352 4577 793 4634 intolerabilem
825 4580 980 4635 hanc
1012 4579 1283 4635 fraudem
1336 4578 1611 4635 indicans
1643 4581 1850 4635 statuit
1880 4597 2013 4637 mu-

2136 657 2257 692 τινα
2314 646 2545 716 γυναῖκα
2614 643 2706 698 καὶ
2771 641 3154 720 ὑποσχέσεσιν,
3229 643 3274 699 ἐί
3362 646 3524 720 μόνον
3583 647 3805 710 τούτοις

2138 731 2443 805 συμφήσειε
2509 732 2724 807 (μήτηρ
2784 730 2844 787 δὲ
2888 734 2952 788 τὸ
3008 734 3229 808 γύναιον
3287 734 3353 804 ἧν
3397 735 3801 814 Μητροφάνους

2134 820 2233 871 τοῦ
2294 822 2583 891 μετέπειτα
2653 822 2912 897 Σμύρνης
2981 820 3485 899 προεδρεύσαντος),
3550 825 3802 888 πείθουσι

2135 914 2407 964 κατειπεῖν
2437 914 2536 966 τοῦ
2576 910 2730 987 ἁγίου
2762 914 2900 988 πρός
2946 933 3007 967 τε
3062 913 3163 981 τὴν
3226 909 3511 968 δέσποιναν
3552 914 3638 968 καὶ
3670 912 3806 977 τοὺς

2134 994 2468 1072 ἐπιτρόπους
2513 1004 2612 1055 τοῦ
2670 999 2944 1077 βασιλέως
2975 1002 3052 1065 ὠς
3085 1000 3172 1073 εἴη
3205 1002 3344 1076 αὑτῇ
3375 999 3800 1072 πεπλησιοκώς.

2136 1087 2302 1159 Βῆμα
2329 1093 2460 1164 γοῦν
2520 1090 2719 1155 εὖθέως
2781 1090 2983 1166 φρίκης
3038 1091 3236 1165 μεστὸν
3281 1087 3341 1145 ἐκ
3368 1089 3673 1147 πολιτικῶν
3703 1092 3801 1147 καὶ

2136 1178 2292 1251 ἱερῶν
2322 1176 2534 1256 ἀνδρῶν
2602 1180 3101 1258 συγκροτούμενον.
3163 1186 3417 1256 Παρῆσαν
3462 1181 3515 1235 οἱ
3557 1176 3803 1245 εὐσεϐεῖς

2132 1268 2431 1347 κατηφείας
2487 1271 2578 1326 καὶ
2639 1270 2819 1343 λύπης
2904 1269 3365 1347 πεπληρωμένοι,
3427 1270 3525 1327 οὐκ
3578 1270 3799 1336 ἀπῆσαν

2133 1357 2187 1412 οἱ
2244 1354 2456 1422 ἀσεϐεῖς
2516 1364 2713 1433 μῶμον
2770 1358 2832 1416 ἐκ
2885 1367 2987 1431 τῆς
3038 1360 3281 1435 πράξεως
3332 1359 3394 1414 οὗ
3424 1360 3519 1415 τὸν
3548 1360 3797 1435 τυχόντα

2134 1449 2220 1521 [Ρ.
2255 1450 2379 1521 538]
2411 1445 2806 1527 προστριϐῆναι
2862 1454 2931 1525 τῇ
2987 1455 3096 1507 τῶν
3155 1447 3462 1525 ὀρθοδόξων
3497 1447 3802 1522 Ἐκκλησία

2133 1532 2400 1609 οἰόμενοι.
2462 1544 2715 1611 Παρῆσαν
2771 1540 2824 1596 οἱ
2885 1540 3217 1614 συκοφάνται
3280 1540 3420 1614 μέγα
3472 1543 3800 1615 φρονοῦντες

2133 1627 2208 1689 ὡς
2259 1624 2404 1703 τάχα
2479 1635 2582 1697 τῆς
2652 1628 2988 1703 κατηγορίας
3042 1634 3343 1707 πρόχειρον
3401 1626 3641 1705 ἐχούσης
3694 1628 3794 1683 τὸν

2132 1714 2387 1794 ἔλεγχον.
2451 1719 2668 1792 Ηαρῆον
2724 1716 2800 1780 είς
2859 1716 3026 1790 μέσον
3085 1718 3149 1771 τὸ
3206 1715 3450 1792 γύναιον,
3493 1716 3586 1770 καὶ
3619 1713 3799 1771 ἀέδι-

2132 1801 2311 1881 δάχθη
2364 1810 2482 1867 τοῖς
2535 1803 2845 1875 δικάζουσιν
2905 1800 3260 1881 ἐθριάμϐευεν
3312 1807 3448 1879 (30).
3484 1806 3805 1881 Ἑσκυθρω’

2131 1900 2298 1964 παζον
2331 1896 2383 1951 οἱ
2416 1893 2685 1967 δικασταὶ,
2715 1897 2806 1951 καὶ
2835 1900 2946 1952 τῶν
2975 1895 3163 1951 ἄλλων
3195 1894 3364 1951 πλέον
3416 1896 3444 1949 ὁ
3494 1896 3798 1969 μάγιστρος

2133 1984 2425 2055 Μανουῆλ,
2484 1984 2533 2041 εἲ
2590 1982 2661 2041 δι’
2712 1986 2831 2048 ἑνὸς
2887 1986 3178 2060 ἀνθρώπου
3225 1983 3561 2041 κινδυνεύσει
3592 1986 3655 2040 τὸ
3686 1990 3797 2041 τῶν

2132 2072 2438 2145 ὀρθοδόξων
2479 2072 2766 2150 πλήρωμα
2816 2075 2998 2152 γέλως
3041 2077 3289 2151 γενέσοαι
3319 2081 3438 2137 τοῖς
3470 2075 3795 2138 ἀντιθέτοις.

2130 2163 2350 2218 Τούτων
2391 2164 2603 2220 πάντων
2660 2164 3049 2236 ἐπαισθόμενος
3109 2166 3138 2219 ὁ
3196 2165 3343 2238 ἱερὸς
3378 2160 3670 2234 Μεθόδιος,
3700 2163 3797 2219 καὶ

2130 2250 2260 2315 τοὺς
2290 2252 2384 2326 μὲν
2412 2247 2623 2310 ἀσεϐεῖς
2677 2258 2785 2309 τῶν
2836 2250 3080 2309 ἐλπίδων
3142 2256 3474 2326 μεταστῆσαι
3516 2252 3800 2328 βουλόμε-

2130 2362 2243 2412 νος,
2300 2341 2430 2406 τοὺς
2494 2342 2540 2399 δ’
2622 2338 2862 2406 εὐσεϐεῖς
2919 2341 3230 2417 ἀπαλλάξαι
3290 2351 3390 2413 τῆς
3447 2343 3798 2419 κατεχούσης

2135 2432 2476 2506 βαρυθυμίας
2533 2433 2625 2488 καὶ
2682 2437 2751 2508 τῇ
2831 2431 3131 2505 Ἐκκλησία
3201 2436 3276 2507 μὴ
3340 2432 3493 2497 λίθος
3550 2432 3795 2509 γενέσθαι

2130 2522 2584 2595 προσκόμματος,
2647 2520 2815 2596 μηδὶν
2876 2524 2969 2578 τὸν
3039 2519 3213 2599 ὄχλον
3302 2522 3795 2597 ὑποστειλάμενος,

2131 2608 2561 2684 ἀποσεισάμενος
2618 2611 2718 2680 τὴν
2780 2607 3057 2680 ἀναϐολὴν
3118 2610 3202 2665 ἐπ’
3260 2609 3384 2685 ὄψει
3435 2615 3657 2667 πάντων
3684 2615 3795 2666 τῶν

2131 2696 2420 2770 θεωμένων
2452 2697 2761 2773 ἀπογυμνοῖ
2809 2699 2877 2756 τά
2934 2698 3119 2755 αἶ’δοῖα
3175 2701 3204 2756 ὁ
3261 2699 3440 2770 πάσης
3474 2698 3660 2764 αἰδοῦς
3690 2701 3782 2755 καὶ

2127 2794 2298 2859 τιμῆς
2328 2807 2497 2849 οντως
2525 2787 2693 2861 ἄξιος.
2755 2788 2858 2846 Καὶ
2917 2788 3087 2867 ἐφάνη
3140 2795 3256 2852 τοῖς
3317 2794 3448 2845 πᾶσι
3501 2794 3667 2846 τοῦτα
3700 2810 3792 2864 με·

2135 2874 2452 2950 μαρασμὲνα
2506 2876 2615 2933 ἀπό
2671 2899 2817 2943 τινος
2869 2879 3031 2934 νόσου
3088 2879 3180 2934 καὶ
3234 2881 3337 2948 τῆς
3393 2886 3625 2956 φυσικῆς
3655 2900 3790 2935 παν-

2128 2967 2356 3023 τάπασιν
2401 2968 2674 3045 ἐνεργείας
2725 2967 2951 3046 ἄμοιρα.
2998 2969 3284 3046 Δίσχυνης
3311 2971 3375 3025 τὸ
3403 2976 3633 3046 πρᾶγμα
3662 2969 3789 3034 τοὺς

2129 3059 2492 3134 χαιρεκάκους
2524 3059 2787 3130 ἐνέπληςε
2840 3059 2933 3116 καὶ
2988 3061 3116 3121 τοὺς
3174 3062 3527 3137 συκοφάντας,
3587 3061 3791 3137 εὐφρο-

2128 3148 2293 3217 σύνης
2320 3145 2366 3203 δ’
2397 3149 2481 3204 ’ὁτι
2509 3147 2732 3219 πολλῆς
2777 3150 2870 3205 καὶ
2922 3147 3196 3223 θυμηδίας
3235 3151 3363 3212 τοὺς
3393 3144 3649 3210 εὐσεϐεῖς.
3680 3147 3784 3205 Καὶ

2124 3232 2516 3312 περιλαϐόντες
2562 3239 2724 3294 αὐτὸν
2760 3241 2875 3313 μεθ’
2938 3235 3395 3315 ὑπερϐαλλούσης
3424 3236 3786 3313 περιχαρείας

2126 3329 2572 3403 κατησπάψοντο,
2630 3329 3074 3404 περιεπλέκοντο,
3133 3328 3237 3386 οὐκ
3293 3331 3448 3410 εἶχον
3506 3328 3656 3390 ὅπως
3707 3332 3791 3401 τῷ

2127 3417 2330 3487 πλήθει
2366 3420 2683 3493 χρήσωνται
2741 3426 2844 3489 τῆς
2902 3424 3098 3495 χαρᾶς.
3161 3420 3258 3474 Καὶ
3294 3440 3381 3480 τις
3411 3424 3519 3474 τῶν
3547 3438 3792 3492 γνησιω-

2129 3506 2303 3582 τέρων
2332 3506 2654 3581 προσελθὼν
2719 3509 2900 3583 ἠρὲμα
2959 3507 3218 3585 ἐπηρώτα
3272 3510 3364 3564 τὸν
3407 3511 3785 3587 πατριάρχην,

2131 3593 2226 3648 τὸν
2251 3594 2454 3668 τρόπον
2518 3600 2705 3667 μαθεῖν
2768 3594 2970 3651 ἐθέλων
3027 3600 3127 3652 τοῦ
3186 3599 3477 3671 μαρασμοῦ
3533 3599 3643 3649 τῶν
3681 3614 3783 3666 μορ

2135 3684 2291 3759 ρίων.
2351 3680 2670 3743 Ἀναλαϐὼν
2733 3681 2791 3740 δὲ
2848 3686 3007 3749 οὗτος
3061 3682 3311 3761 διηγεῖτο
3368 3684 3570 3740 ἄνωθεν
3616 3683 3707 3739 καὶ
3737 3682 3793 3753 ἐξ

2134 3774 2338 3852 ἀρχῆς,
2381 3772 2572 3848 ὅτιπερ
2600 3776 2689 3831 Ἑν
2745 3775 2934 3850 Ῥώμῃ
2989 3775 3258 3855 πεμφθεὶς
3311 3775 3452 3850 πρὸς
3480 3774 3577 3829 τὸν
3606 3773 3793 3829 πάπαν

2133 3861 2223 3918 διά
2249 3865 2345 3926 τὰς
2382 3866 2521 3919 κατά
2574 3866 2898 3945 Νικηφόρου
2948 3870 3045 3921 τοῦ
3098 3863 3409 3941 ἀγιωτάτου
3438 3863 3796 3943 πατριάρχου

2131 3953 2503 4029 ἀνεγερθείσας
2532 3952 2849 4030 ἐπαγωγὰς,
2907 3955 3123 4010 κᾶκεῖσε
3180 3952 3407 4025 διάγων,
3439 3952 3789 4028 ήνωχλήθην

2131 4042 2236 4098 ὑπὸ
2262 4047 2359 4098 τοῦ
2390 4043 2726 4123 φιλοσάρκου
2760 4041 3043 4118 δαίμονος,
3093 4044 3152 4104 ’ὸς
3202 4044 3304 4099 οὐκ
3332 4041 3545 4098 ἐνέλιπε
3576 4040 3790 4115 νύκτωρ

2125 4133 2216 4187 καὶ
2253 4134 2602 4208 μεθ’ἡμὲραν
2658 4132 3000 4209 γαργαρίζων
3050 4133 3138 4187 καὶ
3202 4133 3400 4205 μίξεώς
3450 4152 3547 4205 μοι
3599 4149 3790 4202 σαρκι-

2124 4229 2226 4293 κῆς
2259 4220 2522 4277 ἀνακινῶν
2573 4216 2801 4297 ἔρωτας.
2856 4220 3328 4300 ’Λναφλεγόμενος
3383 4219 3441 4277 δὲ
3492 4225 3571 4293 τῷ
3599 4220 3789 4288 πάθει,

2124 4312 2202 4375 ὡς
2231 4310 2340 4382 ἢδη
2399 4312 2491 4366 καὶ
2546 4311 2888 4383 ἡττώμενος,
2940 4306 3107 4385 ἔγνων
3166 4312 3355 4387 Πέτρῳ
3391 4315 3473 4383 τῷ
3500 4306 3784 4387 κορυφαίῳ

2122 4407 2233 4457 τῶν
2300 4399 2627 4456 ἀποστόλων
2712 4399 2994 4456 ἀναθέσθαι
3074 4400 3329 4474 ἐμαυτὸν,
3412 4400 3503 4455 καὶ
3585 4401 3790 4455 τοῦτον

2124 4489 2476 4564 ἐξελιπάρουν
2535 4487 2848 4561 ἀπαλλάξαι
2909 4511 2976 4562 με
3031 4497 3133 4560 τῆς
3190 4497 3513 4564 σωματικῆς
3579 4489 3789 4559 ταύτης

2123 4580 2373 4656 ὀρέξεως.
2443 4579 2549 4637 Καὶ
2605 4579 2698 4634 τὸν
2795 4577 3084 4637 ἐπιστάντα
3149 4580 3342 4642 νυκτὸς
3408 4580 3646 4653 ἅψασθαι
3711 4582 3784 4653 τῇ

350 4665 665 4722 liercutam
697 4668 1130 4738 qumstionibus
1175 4667 1480 4736 adhibere,
1538 4672 1605 4722 ut
1637 4685 1769 4739 qua)
1802 4669 2011 4726 fuisset

2127 4669 2268 4742 δεξιᾷ
2294 4670 2443 4747 χειρὶ
2489 4673 2598 4724 τῶν
2655 4666 2882 4724 ἁίδοίων
2939 4670 3031 4725 καί
3089 4677 3455 4747 καταπρῆσαι,
3490 4666 3788 4725 ἐπειπόντα

349 4752 469 4810 doli
506 4756 784 4811 nectendi
816 4758 966 4813 ratio
1000 4757 1381 4830 intelligeret.
1434 4758 1645 4813 Statim
1695 4776 1834 4833 ergo
1880 4761 2008 4835 gla-

350 4841 484 4897 dius
542 4843 872 4915 stringitur,
906 4846 1083 4917 virgze
1135 4845 1254 4917 igni
1312 4845 1592 4902 cadentes
1649 4849 2005 4921 afferuntur,

347 4932 778 5003 carnificesque
831 4933 1021 5005 parati
1066 4939 1311 4989 astannt
1354 4934 1619 5006 :quibus
1674 4937 1884 4994 infelix
1937 4956 2007 4995 ea

344 5020 552 5077 territa
581 5022 668 5077 rei
702 5023 1010 5077 veritatem
1038 5023 1192 5078 949
1242 5022 1441 5095 palam
1483 5024 1721 5094 fatetur,
1755 5044 1872 5098 quo
1902 5045 2005 5100 pa-

343 5116 436 5165 cto
466 5117 710 5166 structze
752 5111 1010 5175 insidias.
1057 5117 1239 5182 utque
1271 5129 1416 5168 auro
1449 5117 1508 5167 et
1558 5114 2007 5184 pollicitationi-

340 5199 451 5256 bus
475 5206 755 5272 corrupta
782 5207 841 5257 et
876 5201 1126 5273 decepta
1155 5202 1352 5267 fuerit,
1390 5202 1489 5273 qui
1525 5206 1850 5261 commenti
1899 5224 2007 5264 au-

341 5296 537 5347 ctores
581 5307 594 5345 :
630 5291 887 5362 denique
918 5296 1100 5346 totam
1149 5291 1415 5347 fabulam
1473 5291 1677 5358 refert,
1723 5293 2004 5367 additque

344 5379 505 5437 domi
540 5398 661 5437 sua;
685 5399 896 5438 aurum
928 5382 990 5437 in
1021 5382 1256 5439 sacculo
1288 5387 1596 5454 repertum
1645 5382 1714 5438 iri
1749 5387 2005 5455 quadam

346 5466 410 5524 iu
444 5469 651 5525 arcula
679 5470 964 5529 frumenti
996 5469 1189 5543 plena.
1223 5473 1295 5526 Et
1326 5470 1546 5526 missus
1578 5488 1645 5526 eo
1677 5474 2005 5535 satellitum

2115 4764 2213 4817 τοῦ
2281 4763 2481 4815 Λοιποῦ
2551 4760 2627 4831 μὴ
2696 4764 2979 4823 πτοεῖσθαι
3051 4762 3152 4830 τὴν
3219 4756 3520 4837 φιλήδονον
3579 4754 3777 4833 ὄρεξιν.

2113 4847 2451 4915 Διυπνισθεὶς
2503 4844 2564 4903 δὲ
2645 4848 2781 4920 μετά
2860 4846 3101 4927 σφοδρᾶς
3179 4845 3492 4924 ἀλγηδόνος
3549 4846 3776 4923 εὓρέθην

2113 4939 2260 5016 ἔχων
2293 4938 2370 4999 ὠς
2400 4937 2707 4993 ἐθεάσασθε.
2742 4941 2920 4995 Ταῦτα
2974 4943 3073 4994 τοῦ
3130 4938 3479 5014 πατριάρχου
3510 4936 3785 5003 εἰπόντος,

2115 5029 2215 5086 ούκ
2249 5028 2545 5103 ἀνάσχετον
2572 5027 2601 5081 ὁ
2634 5026 2898 5096 Μανουὴλ
2955 5028 3183 5103 νομίσας
3240 5029 3303 5084 τὸ
3359 5027 3603 5103 τύρευμα
3632 5018 3777 5101 ἔγνω

2113 5119 2344 5190 ἐξετάσει
2393 5115 2617 5187 δοθῆναι
2674 5118 2738 5172 τὸ
2793 5116 3013 5192 γύναιον
3066 5116 3148 5195 ἐφ’
3206 5118 3253 5190 ᾧ
3312 5114 3644 5195 διασαφῆσαι
3672 5116 3777 5185 τὴν

2119 5206 2597 5287 μηχανορῥαφίαν.
2659 5204 2838 5285 Ξίφος
2892 5227 2952 5261 τε
3022 5205 3120 5262 οὖν
3178 5206 3334 5271 εὐθὺς
3388 5206 3567 5280 τούτῳ
3622 5204 3782 5259 ἐπαν-

2115 5299 2346 5354 ετείνετο
2384 5296 2475 5351 καὶ
2517 5290 2710 5371 ῥάϐδοι
2765 5294 3090 5370 ἐκομίζοντο
3144 5295 3547 5369 ἡκανθωμέναι,
3595 5295 3683 5349 καὶ
3729 5295 3785 5349 οἱ

2116 5386 2312 5461 δήμιοι
2378 5387 2800 5460 παρειτήκεισαν
2890 5386 3194 5461 εὐτρεπεῖς.
3275 5387 3377 5449 Οἷς
3445 5381 3786 5456 ἐκδειματω-

2116 5483 2266 5545 θεῖσα
2317 5478 2354 5546 ἡ
2416 5472 2679 5547 δύστηνος
2737 5474 2957 5548 τίθησιν
3016 5474 3285 5533 ἔκπυστον
3338 5476 3440 5545 τήν
3498 5473 3785 5545 ἀλήθειαν,

1548 5568 1916 5631 XYLANDRI
1950 5579 2041 5636 ET
2077 5576 2296 5637 GOARI
2334 5575 2560 5632 ΝΟΤίΕ.

417 5658 536 5740 (3_(_)_)
575 5662 898 5740 Manifesta
926 5666 1216 5740 impudens
1265 5665 1604 5740 muliercula,
1647 5668 1719 5740 in
1760 5676 2007 5734 omnium

350 5732 566 5786 auditu
597 5733 846 5791 criminis
875 5732 1176 5805 infamiam
1229 5735 1552 5808 evulaabat.
1585 5737 1840 5801 Lexicon
1869 5732 2020 5807 ano-

2117 5689 2369 5807 raymum
2423 5673 2569 5730 bibl.
2621 5676 2805 5748 Reg.:
2855 5672 3206 5751 Θριαμλεύω,
3253 5670 3566 5747 κατάδηλον
3613 5675 3787 5734 ποιῶ.

2176 5764 2308 5806 on.

2176 5764 2308 5806 οη.
