4184 6438
294 448 439 513 103⁸1

1353 446 1718 507 HISTORIA
1732 445 1901 508 RUM
1948 441 2477 504 COMPENDIUM
2490 487 2502 500 .

3553 440 3712 504 1038

359 575 566 649 Συνέϐη
601 575 657 634 δὲ
693 578 783 634 καὶ
812 575 997 653 ἕτερόν
1025 598 1079 633 τι
1111 575 1174 633 τὸ
1207 572 1485 652 ὀδηγῆσαν
1511 578 1601 632 καὶ
1629 572 1933 652 βεϐαιῶσαν

2126 576 2304 633 Aliud
2365 593 2603 650 quoque
2662 577 2879 644 evenit,
2914 576 3073 648 quod
3130 593 3267 633 eum
3306 577 3380 632 ad
3430 578 3714 650 pietatem

289 671 377 726 τὸν
410 668 654 747 ἄρχοντα
682 669 817 743 πρὸς
871 663 1158 723 εὐσέϐειαν.
1221 666 1520 737 Ἀπήστως
1582 666 1738 729 οὗτος
1797 661 1943 740 ἔχων

286 761 417 835 πρὸς
456 759 523 812 τὰ
552 758 868 833 κυνηγέσια,
901 756 990 811 καὶ
1026 754 1365 830 βουλόμενος
1417 756 1636 817 τούτοις
1687 754 1944 831 έντρυφᾷν

297 850 370 922 μὴ
407 848 572 920 μόνον
606 847 698 902 ὅτε
728 846 866 920 πρὸς
907 847 1077 920 θήραν
1125 844 1285 914 ἐξίοι,
1342 842 1488 900 ἀλλὰ
1536 842 1627 898 καὶ
1682 845 1770 899 ὅτε
1809 862 1948 917 σχο-

288 936 472 1005 λάζοι,
508 932 600 989 διά
632 933 947 1010 ζωγραφίας
1009 932 1234 1010 ἐντυφᾷν
1280 937 1396 994 τοῖς
1442 930 1738 996 τοιούτοις,
1791 932 1943 986 οἷκον

291 1023 705 1102 δημιουργήσας
735 1022 852 1077 νέον
889 1020 1163 1080 Μεθόδιόν
1193 1044 1317 1077 τινα
1371 1024 1618 1098 μοναχὸν
1668 1024 1946 1096 Ῥωμαῖον

290 1115 349 1169 τὸ
381 1114 558 1190 γένος,
619 1114 910 1188 ζωγράφον
950 1113 1050 1179 τῆν
1098 1113 1322 1191 τέχνην,
1375 1111 1650 1168 ἐκέλευσεν
1706 1108 1948 1185 ἱστορίας

293 1199 584 1277 πληρῶσαι
614 1202 679 1255 τὸ
718 1198 947 1274 θ’ίκημα.
976 1202 1182 1275 Ὥσπερ
1213 1198 1268 1254 δὲ
1314 1200 1415 1256 ὑπό
1465 1222 1614 1262 τινος
1664 1198 1948 1255 ἐπιπνοίας

299 1290 442 1354 θείας
472 1286 845 1365 ὁδηγούμενος
880 1289 979 1343 οὐκ
1010 1288 1283 1361 ἐπέσκηψε
1315 1288 1496 1365 ῥητῶς
1539 1291 1702 1344 ὁποῖα
1751 1285 1816 1359 δὴ
1859 1289 1950 1344 καὶ

291 1378 404 1433 τίνα
447 1382 557 1434 τῶν
616 1379 770 1447 ζώων
833 1377 1197 1452 ἐξιστορῆσαι,
1266 1376 1394 1433 ἀλλ’
1454 1377 1668 1434 ἐκέλευε
1725 1378 1950 1455 γράφειν

301 1466 427 1523 ἅττα
458 1468 545 1522 καὶ
593 1464 875 1543 βούλοιτο,
939 1461 1144 1546 φοϐερά
1204 1461 1389 1538 μέντοι
1442 1469 1581 1522 εἶναι
1627 1468 1695 1521 τὰ
1740 1469 1950 1544 γραφό-

293 1578 421 1630 μενα
446 1558 536 1612 καὶ
568 1557 704 1632 πρὸς
736 1546 997 1626 ἔκπληξιν
1030 1556 1122 1611 καὶ
1179 1553 1300 1619 δέος
1345 1562 1453 1611 τῶν
1515 1553 1830 1630 θεωμένων.
1884 1557 1945 1613 Ὁ

2054 665 2220 721 duxit
2251 667 2311 720 in
2345 682 2531 737 eaque
2574 667 2969 724 conﬁrmavit.
3022 667 3211 739 Supra
3261 667 3505 723 modum
3536 685 3710 724 vena—

2055 756 2317 811 tionibus
2349 755 2774 825 delectabatur,
2801 756 3017 827 quibus
3049 757 3299 829 cupiens
3326 773 3448 811 non
3481 762 3713 812 tantum

2053 860 2185 899 cum
2224 851 2506 900 venatum
2553 846 2739 899 exiret
2785 845 3030 918 perfrui,
3081 846 3187 902 sed
3239 847 3417 901 etiam
3467 845 3529 901 in
3572 846 3713 914 otio,

2052 948 2268 988 novam
2289 933 2531 989 domum
2551 933 3324 1002 aadiﬁcavit,etmonachum
3349 934 3715 990 Methodium

2054 1025 2240 1078 Roma
2269 1023 2590 1079 oriundum
2636 1024 3041 1097 pingendique
3090 1026 3402 1103 artiﬁcem,
3446 1023 3716 1080 historiis

2054 1128 2184 1166 eam
2229 1118 2411 1168 totam
2463 1129 2748 1169 exornare
2795 1114 2996 1185 jussit.
3053 1115 3378 1184 Divinoque
3425 1113 3717 1169 instinctu

2051 1198 2275 1254 factum
2298 1205 2388 1254 est
2406 1205 2473 1255 ut
2494 1216 2615 1256 non
2637 1200 2863 1256 diceret
2891 1202 3245 1257 nominatim
3278 1220 3408 1273 quas
3431 1201 3717 1256 animalia

2054 1287 2293 1361 depingi
2341 1289 2539 1354 vellet,
2593 1289 2697 1344 sed
2749 1290 2991 1363 pingere
3024 1309 3129 1346 suo
3181 1292 3492 1357 arbitratu,
3536 1290 3714 1345 modo

2054 1376 2339 1432 terribilis
2374 1384 2529 1434 esset
2558 1378 2808 1450 pictura,
2849 1380 3103 1450 juberet.
3139 1381 3459 1436 Monachus
3501 1396 3716 1436 secun-

2054 1466 2191 1520 dum
2242 1466 2462 1520 Christi
2520 1467 2842 1523 adventum
2901 1468 3187 1540 depinxit,
3239 1469 3396 1541 quod
3455 1468 3606 1523 nihil
3646 1485 3715 1524 eo

2055 1556 2381 1612 terribilius
2428 1557 2629 1613 sciret.
2680 1556 2969 1631 Princeps
3020 1559 3092 1615 ab
3138 1560 3248 1615 hac
3300 1564 3465 1631 parte
3506 1559 3720 1614 videns

290 1644 365 1714 δι,
399 1643 568 1721 μηδὲν
600 1643 782 1721 ἕτερον
846 1642 1006 1705 εἰδὼς
1058 1641 1489 1723 φρικωδέστερον
1539 1652 1639 1715 τῆς
1696 1644 1944 1719 δευτέρας

2056 1647 2348 1718 iustorum
2382 1652 2597 1703 cretum
2648 1664 3017 1720 expressum,
3050 1648 3122 1704 ab
3176 1649 3365 1704 altera
3396 1648 3716 1721 impiorum

292 1740 385 1791 τοῦ
417 1739 663 1809 Χριστοῦ
725 1735 1048 1808 παρουσίας,
1095 1735 1300 1805 ταύτην
1351 1733 1460 1789 ἐκεῖ
1512 1733 1945 1811 καθυπέγραψεν.

292 1821 441 1882 Ἰδὼν
473 1820 529 1879 δὲ
560 1825 588 1878 ὁ
623 1821 808 1899 ἅρχων
841 1818 986 1886 ἔνθεν
1042 1822 1137 1896 μὲν
1197 1827 1305 1878 τῶν
1362 1820 1595 1885 δικαίων,
1636 1824 1726 1879 τὸν
1774 1823 1945 1898 χορὸν

293 1912 745 1988 στεφανούμενον,
804 1912 1003 1967 ἐκεῖθεν
1068 1909 1126 1966 δὲ
1178 1914 1286 1967 τῶν
1370 1912 1716 1989 ἁμαρτωλῶν
1774 1912 1943 1968 κολα-

296 2008 538 2076 ζόμενον,
586 2001 676 2056 καὶ
734 2002 881 2075 παρά
938 2006 1035 2057 τοῦ
1097 2002 1386 2079 ζωγράφου
1440 2003 1612 2064 συνεὶς
1666 2002 1756 2057 τὸν
1814 2002 1939 2056 νοῦν

291 2096 387 2161 τῆς
422 2089 755 2168 ζωγραφίας·
791 2089 946 2152 εὐθύς
978 2111 1036 2145 τε
1064 2090 1162 2159 τήν
1210 2086 1412 2145 οἰκείαν
1462 2089 1746 2163 ἐξόμνυται
1807 2103 1941 2165 θρη-

294 2180 488 2247 σκείαν,
522 2179 610 2235 καὶ
640 2181 1003 2254 κατηχηθεὶς,
1056 2179 1129 2242 ὡς
1183 2180 1432 2253 εἳπομεν,
1493 2182 1578 2250 [Ρ.
1628 2178 1754 2252 541]
1800 2180 1945 2255 ποιρά

297 2273 390 2323 τοῦ
454 2268 602 2323 θείου
661 2268 957 2323 ἐπισκόπου
1015 2269 1083 2322 τὰ
1133 2270 1249 2322 θεῖα
1308 2271 1583 2342 μυστήρια
1640 2267 1778 2343 ἀωρὶ
1833 2272 1941 2322 τῶν

290 2362 495 2414 νυκτῶν
552 2360 651 2412 τοῦ
720 2358 867 2412 θείου
938 2352 1347 2431 μεταλαμϐάνει
1422 2356 1815 2432 βαπτίσματος.
1877 2357 1944 2414 Οἱ

291 2445 345 2503 δὲ
372 2453 471 2503 τοῦ
497 2444 681 2511 ἔθνους
713 2446 980 2523 ἂρχοντες
1012 2447 1104 2502 καὶ
1157 2448 1216 2501 τὸ
1268 2447 1450 2501 κοινὸν
1503 2448 1605 2515 τήν
1651 2454 1752 2515 τῆς
1807 2458 1941 2521 θρη-

294 2537 469 2599 σκείας
530 2536 827 2613 ἐγνωκότες
909 2529 1224 2608 μεταϐολὴν
1321 2536 1786 2607 κατεξανίστανται
1847 2538 1946 2590 τοῦ

294 2625 560 2701 ἄρχοντος
619 2625 710 2681 καὶ
777 2623 986 2680 ἀνελεῖν
1045 2622 1395 2694 ἐσπούδαζον.
1455 2625 1695 2686 Τούτους
1727 2620 1774 2679 δ’
1806 2623 1947 2679 ἐκεῖ-

288 2736 380 2778 νος
411 2717 547 2789 μετά
577 2720 682 2769 τῶν
712 2715 838 2790 περὶ
891 2715 1053 2770 αὐτὸν
1108 2714 1311 2790 ὀλίγων
1364 2713 1536 2769 ὄντων
1584 2717 1944 2789 τρεψάμενος,

298 2808 393 2859 τοῦ
447 2808 739 2880 σταυρικοῦ
777 2804 950 2859 τύπου
1007 2804 1452 2878 προηγουμένου,
1510 2809 1590 2875 τῷ
1654 2800 1944 2876 παραδόξῳ

297 2893 742 2972 καταπλαγέντας
818 2894 1190 2969 Χριστιανίσαι
1265 2892 1552 2964 πεποίηκε.
1650 2888 1941 2963 Μεταϐλη-

297 2984 481 3050 θέντος
513 2982 570 3040 δὲ
595 2983 796 3047 παντὸς
822 2987 919 3038 τοῦ
952 2981 1134 3046 ἔθνους
1174 2982 1312 3054 πρὸς
1373 2975 1700 3053 θεοσέϐειαν,
1753 3003 1946 3061 γραφει

296 3075 431 3148 πρὸς
470 3074 572 3142 τήν
630 3070 915 3128 δέσποιναν
979 3071 1203 3142 ἐξαιτῶν
1263 3068 1489 3140 δοθῆναί
1520 3073 1571 3126 οἱ
1599 3078 1721 3147 γῆν,
1771 3092 1944 3126 στενοι

288 3161 665 3242 χωρουμένων
693 3166 803 3217 τῶν
838 3162 928 3216 ὑπ’
962 3160 1146 3227 αὐτὸν,
1174 3160 1602 3235 ὕπισχνουμενο,
1625 3159 1944 3230 ἐνοποιῆσαι

284 3252 348 3306 τὰ
406 3248 533 3322 ἔθνη
592 3252 683 3305 καὶ
744 3250 966 3325 εἰρήνην
1057 3248 1388 3326 ἐργάσασθαι
1472 3247 1647 3304 ἀίδιόν
1730 3271 1788 3305 τε
1854 3249 1939 3306 καἲ

2054 1734 2347 1805 supplicia
2419 1737 2904 1806 perpetientium,
2966 1737 3329 1808 edoctusque
3401 1754 3437 1793 a
3490 1736 3717 1809 pictore

2053 1823 2197 1893 quid
2229 1824 2339 1879 sibi
2390 1824 2504 1879 ista
2550 1825 2791 1889 vellent,
2827 1826 2988 1881 illico
3039 1827 3194 1883 958
3245 1842 3413 1882 suam
3466 1826 3718 1898 ejuravit

2057 1912 2541 1984 superstitionem
2569 1931 2582 1981 ;
2603 1915 3053 1986 institutusque,
3076 1921 3143 1969 ut
3159 1914 3438 1982 diximus,
3459 1931 3493 1969 a
3511 1919 3715 1970 sancto

2055 2002 2333 2074 episcopo
2358 2003 2571 2058 divinis
2593 2005 2851 2074 arcanis,
2876 2005 3233 2077 intempesta
3252 2010 3424 2060 nocte
3455 2004 3713 2075 baptiza—

2051 2098 2146 2147 tus
2170 2092 2503 2148 est.Contra
2529 2110 2664 2148 eum
2696 2111 2973 2165 proceres
3004 2094 3387 2167 Bulgarorum
3421 2110 3487 2150 ac
3519 2110 3711 2166 popuo

2051 2182 2141 2237 lus
2172 2181 2648 2249 insurrexerunt,
2674 2190 2733 2239 et
2762 2184 3098 2240 interﬁcere
3130 2184 3329 2239 conati
3362 2188 3517 2239 sunt.
3550 2184 3707 2248 Quos

2052 2270 2153 2325 ille
2203 2287 2382 2342 parva
2434 2289 2680 2328 suorum
2730 2290 2932 2341 manu,
2983 2273 3176 2329 crucis
3230 2272 3397 2346 signo
3438 2272 3709 2344 praelato,

2049 2359 2222 2426 fudit,
2264 2377 2445 2431 reque
2495 2362 2805 2434 inopinata
2852 2363 3089 2418 territos
3138 2361 3212 2417 ad
3262 2362 3443 2417 ﬁdem
3489 2359 3707 2417 Christi

2050 2448 2346 2520 perduxit.
2379 2451 2520 2504 Tota
2549 2456 2722 2522 gente
2771 2451 3079 2522 Bulgarica
3124 2451 3519 2506 Christianam
3568 2450 3708 2505 reli-

2050 2537 2289 2609 gionem
2322 2538 2619 2609 amplexa.
2674 2557 2780 2611 per
2827 2540 3058 2595 litteras
3105 2541 3432 2611 Augustam
3481 2544 3610 2595 orat
3646 2542 3715 2593 ut

2053 2629 2176 2685 suis
2206 2629 2476 2684 locorum
2508 2629 2782 2701 angustia
2804 2630 3028 2701 pressis
3059 2628 3287 2699 aliquid
3311 2634 3482 2684 terraa
3504 2628 3716 2698 largia-

2054 2724 2169 2781 tur,
2233 2716 2484 2789 p0pulos
2546 2735 2608 2772 se
2665 2718 2977 2774 uniturum
3044 2734 3372 2790 pacemque
3430 2723 3717 2773 asternam

2050 2807 2347 2863 facturum
2396 2806 2774 2878 promittens.
2810 2807 3000 2871 Quam
3046 2807 3399 2879 petitionem
3452 2806 3726 2862 hilariter

2056 2894 2377 2951 admodum
2439 2894 2752 2951 Theodora
2808 2896 3059 2969 accepit,
3118 2896 3400 2968 deditque
3458 2895 3725 2967 Bulgaria

2057 2986 2348 3058 quidquid
2379 2985 2486 3041 soli
2535 3003 2570 3040 a
2613 2987 2828 3041 Ferrea
2859 2986 2996 3056 (loci
3049 3004 3270 3042 nomen
3305 2991 3416 3055 est,
3448 2985 3621 3042 limes
3653 3002 3723 3041 eo

2056 3070 2321 3143 tempore
2345 3075 2641 3130 ditionum
2669 3078 2948 3132 Romanae
2976 3093 3043 3131 ac
3074 3076 3421 3149 Bulgaricaa)
3441 3092 3630 3148 usque
3648 3074 3725 3131 ad

2056 3164 2369 3219 Debeltum
2401 3169 2510 3233 est,
2544 3165 2702 3235 quod
2734 3171 2860 3220 tum
2895 3171 3020 3220 erat
3065 3165 3388 3222 desertum.
3426 3168 3570 3222 Eam
3600 3170 3720 3220 ter-

2056 3270 2182 3309 ram
2216 3253 2443 3326 Bulgari
2478 3256 2757 3325 Zagoram
2793 3254 3352 3311 denominaverunt.
3388 3256 3509 3310 Hoc
3538 3253 3717 3310 modo

288 3309 694 3414 ἀμετάϐλητον.
728 3309 803 3397 Ἡ¹
826 3309 883 3395 δὲ
918 3309 1143 3416 ῥασιλίςι
1165 3309 1373 3415 ἱλαρῶς
1407 3337 1531 3394 λίαν
1563 3341 1663 3409 τὴν
1714 3338 1942 3394 ἱκετείαν

2056 3309 2651 3414 ιιῐιὶνθΓεαυΒιιὶκᾶῑὶα
2708 3309 2929 3416 pietati?
2962 3309 3028 3399 se
3088 3309 3282 3412 dedit,
3322 3309 3379 3399 et
3418 3309 3498 3399 Vidn
3539 3309 3718 3400 iOcci-

285 3433 631 3501 προσήκατο,
688 3429 779 3484 καὶ
840 3425 1069 3483 δέδωκεν
1141 3424 1349 3502 ἔρημον
1434 3427 1594 3483 οὖσαν
1648 3434 1945 3499 τηνικαῦτα

280 3520 376 3587 τήν
410 3519 522 3575 ἀπὸ
552 3525 651 3588 τῆς
679 3516 1030 3590 καλουμένης
1064 3515 1325 3589 Σιδηρᾶς,
1361 3518 1512 3591 ὃριον
1560 3518 1684 3574 τότε
1732 3520 1943 3597 τυγχά-

2059 3433 2234 3488 dente
2267 3433 2765 3503 tranquillissima
2795 3449 2908 3505 pax
2958 3433 3071 3488 fuit
3101 3450 3354 3506 veraque
3392 3433 3599 3505 religio
3630 3434 3717 3487 vi-

2057 3522 2203 3595 guit.

284 3629 481 3664 νουσαν
514 3606 807 3681 Ῥωμαίων
838 3627 897 3663 τε
960 3606 1051 3661 καὶ
1117 3605 1474 3680 Βουλγάρων,
1534 3604 1669 3682 ἃχρι
1726 3612 1825 3673 τῆς
1884 3604 2174 3679 Δεϐελτοῦ,
2233 3610 2301 3679 ἣν
2353 3611 2405 3664 οἱ
2462 3608 2763 3686 Βούλγαροι
2816 3611 3066 3687 Ζαγοράγ
3124 3614 3232 3684 (35)
3290 3610 3712 3682 κατωνόμασαν.

284 3699 497 3754 Τοῦτον
531 3698 624 3753 οὖν
653 3699 744 3753 τὸν
779 3698 979 3771 τρόπον
1012 3699 1047 3765 ἡ
1103 3700 1247 3750 πᾶσα
1302 3696 1613 3771 Βουλγαρία
1670 3698 2105 3775 μετεῤῥυθμίσθη
2166 3700 2305 3774 πρὸς
2354 3696 2681 3768 θεοσέϐειαν,
2743 3701 2833 3755 καὶ
2893 3703 2927 3771 ἡ
2990 3699 3146 3763 Δύσις
3188 3698 3413 3777 εἶρήνης
3466 3701 3723 3774 καθαρω-

284 3788 451 3859 τάτης
483 3786 776 3843 ἀπέλαυσε.
811 3785 913 3843 Καὶ
944 3786 1011 3840 τά
1044 3786 1137 3858 μὶν
1170 3785 1306 3841 κατὰ
1334 3787 1434 3854 τήν
1470 3787 1730 3861 Ἑσπέραν
1762 3787 1948 3861 αἰθρία
1986 3790 2127 3863 εἶχε,
2159 3788 2251 3841 καὶ
2285 3788 2528 3861 σταθηρά
2559 3784 2804 3844 εὐσέϐεια
2846 3787 3218 3849 ἐπολιτεύετο.

354 3873 748 3952 Ἀγαλλομένη
809 3873 867 3930 δὲ
906 3877 941 3944 ἡ
987 3874 1204 3950 βασιλὶς
1265 3871 1353 3929 ἐπὶ
1410 3872 1489 3946 τῷ
1544 3873 1794 3951 γεγονότι
1848 3875 1938 3930 καὶ

281 3962 623 4041 τερπομένη,
655 3965 744 4020 καὶ
804 3966 924 4020 οἷον
984 3963 1286 4038 ὖπαυξῆσαι
1344 3964 1408 4018 τὸ
1467 3960 1635 4019 καλὸν
1698 3961 1936 4020 σπουδά-

286 4060 474 4125 ζουσα,
508 4054 636 4118 τοὺς
667 4055 805 4111 κατὰ
834 4050 933 4124 τὴν
970 4052 1268 4124 Ἀνατολήν
1304 4054 1672 4129 Μανιχαίους,
1729 4054 1821 4117 οὓς
1873 4052 1940 4123 δὴ

281 4146 373 4199 καὶ
405 4142 818 4206 Παυλεκιεὶνους
840 4143 948 4200 ἀπὸ
978 4144 1089 4198 τῶν
1122 4144 1491 4221 αἳρεσιαρχῶν
1548 4145 1583 4211 ἡ
1632 4142 1943 4214 κοινολεξία

285 4233 406 4291 οἵδε
435 4234 655 4305 καλεῖν,
692 4239 1012 4312 μεταγαγεῖν
1071 4231 1369 4290 ἐσπούδασε
1423 4232 1560 4309 πρὸς
1617 4229 1944 4306 θεοσέϐειαν,

283 4322 342 4396 ἤ,
374 4324 425 4380 εἲ
461 4326 542 4399 μὴ
595 4326 781 4396 τοῦτο,
839 4322 1020 4399 ἐξᾶραι
1076 4322 1281 4388 τελέως
1343 4322 1433 4379 καὶ
1490 4322 1583 4377 ἀπ’
1647 4322 1943 4397 ἀνθρώπων

279 4418 539 4481 ποιῆσαι.
575 4415 637 4468 '0
670 4411 738 4483 δὴ
773 4413 863 4469 καὶ
907 4410 1137 4469 πολλῶν
1194 4418 1488 4490 συμφορῶν
1534 4414 1633 4483 τὴν
1676 4412 1944 4485 οἰκουμέ-

2123 3878 2248 3942 Quo
2271 3895 2551 3934 successu
2573 3880 2840 3951 gaudens
2863 3898 3044 3952 seque
3062 3881 3369 3937 obiectans
3388 3880 3718 3954 Theodora,

2052 3970 2408 4037 tantumque
2452 3966 2677 4023 bonum
2728 3968 2909 4023 veluti
2960 3985 3175 4040 augere
3228 3970 3496 4040 cupiens,
3529 3967 3716 4022 Mani-

2053 4056 2273 4122 chmos,
2306 4056 2408 4127 qui
2438 4073 2545 4127 per
2568 4058 2869 4112 Orientem
2902 4063 3040 4113 sunt
3059 4062 3118 4113 et
3138 4057 3307 4130 vulgo
3331 4056 3660 4114 Pauliciani
3684 4074 3719 4113 a

2054 4144 2428 4217 principibus
2460 4145 2708 4201 haeresis
2753 4152 3140 4219 usurpantur,
3176 4153 3279 4203 aut
3308 4145 3381 4202 ad
3431 4147 3715 4218 pietatem

2055 4233 2385 4303 traducere,
2445 4238 2548 4289 aut
2603 4234 2650 4288 si
2709 4230 2866 4290 hanc
2940 4234 3221 4306 amplecti
3290 4235 3713 4307 detrectarent,

2056 4324 2379 4396 exstirpare
2413 4329 2471 4378 et
2500 4340 2569 4378 ex
2590 4323 2899 4380 hominum
2923 4342 3171 4381 numero
3195 4325 3403 4381 tollere
3429 4324 3712 4381 instituit.

2057 4414 2195 4479 Qua!
2245 4430 2341 4468 res
2398 4413 2626 4485 magnis
2684 4413 2891 4470 orbem
2936 4419 3229 4470 terrarum
3275 4413 3715 4470 calamitatibus

276 4524 376 4575 νην
410 4501 733 4573 ὖνὲπλησεν.
769 4504 835 4561 O't
868 4504 972 4581 γὰρ
1004 4501 1091 4558 ἐπὶ
1125 4506 1208 4574 τῷ
1256 4504 1454 4586 πρειξαι
1506 4494 1569 4557 τὸ
1626 4503 1944 4578 πρόσταγμα

2056 4502 2211 4559 954
2237 4501 2520 4575 implevit.
2542 4503 2685 4557 Nam
2705 4503 2806 4573 qui
2829 4503 2902 4559 ad
2926 4520 3058 4559 eam
3082 4519 3206 4559 rem
3234 4503 3524 4576 agendam
3544 4503 3715 4557 missi

282 4590 689 4670 ἐκπεμφθέντες
749 4593 798 4663 (ὁ
856 4596 955 4647 τοῦ
1010 4591 1290 4665 Ἀργυροΰ
1345 4582 1404 4646 δὲ
1457 4594 1524 4660 ἦν
1583 4593 1732 4647 Λέων
1793 4591 1879 4647 καὶ
1921 4592 1949 4645 ὁ

278 4685 381 4736 τοῦ
425 4685 611 4736 Δοῦκα
670 4674 986 4755 Ἀνδρόκος,
1037 4680 1131 4736 καὶ
1162 4680 1190 4733 ὁ
1224 4672 1520 4754 Σούδαλις)
1586 4681 1663 4752 μή
1714 4680 1947 4755 μετρίως

278 4767 413 4825 ἀλλ’
445 4769 654 4845 ἀγρίως
688 4773 768 4841 τῷ
800 4767 1132 4843 ἐπιτάγματι
1164 4769 1455 4846 χρώμενοι
1482 4767 1616 4832 τοὺς
1648 4771 1742 4843 μὲν
1764 4766 1951 4840 ξύλοις

276 4858 559 4934 ἀνήρτων,
586 4858 714 4921 τοὺς
746 4855 802 4914 δὲ
836 4858 975 4933 ξίφει
1006 4854 1392 4932 παρεδίδοσαν,
1433 4855 1640 4919 ἄλλους
1663 4855 1720 4912 δὲ
1753 4850 1946 4914 ἓὶλλαις

276 4953 467 5005 κακῶν
505 4938 676 5011 ἰδέαις
710 4946 1093 5024 παρέπεμπον,
1142 4948 1234 5001 καὶ
1280 4946 1561 5009 ποικίλοις
1608 4948 1699 5003 καὶ
1747 4968 1950 5003 παντο-ι

278 5034 484 5101 δαποῖς
514 5032 798 5093 κοΛάσεων
828 5037 1054 5112 τρόποις
1108 5036 1181 5098 ὡς
1238 5034 1365 5091 δέκα
1422 5034 1688 5114 μυριάδας
1736 5035 1946 5113 ἀνδρῶν

281 5126 582 5182 ἀπώλεσαν
610 5124 829 5189 καὶτὰς
875 5126 1126 5202 ὑπάρξεις
1175 5126 1355 5181 αὐτῶν
1399 5123 1816 5198 έδημοσίευσαν,
1874 5128 1948 5191 ὡς

274 5213 528 5272 ἐντεύθεν
603 5216 667 5272 τὸ
744 5216 942 5272 λοιπὸν
1016 5215 1420 5292 έπαναγκασθὶν
1522 5215 1739 5285 πλῆθος
1814 5219 1949 5291 πρὸς

276 5305 623 5361 ἀποστασίαν
651 5302 888 5360 ἀπιδεῖν.
916 5306 980 5362 Ἣ
1032 5301 1091 5359 δὶ
1139 5306 1289 5379 ἀρχή
1335 5311 1436 5374 τῆς
1486 5304 1814 5367 ἀποστασίας
1863 5307 1945 5379 γέ-

276 5415 412 5472 γονε
443 5399 643 5450 τοῦτον
673 5394 765 5449 τὸν
796 5395 1024 5470 τρόπον.
1060 5394 1408 5468 Ἐστρατήγει
1438 5397 1545 5448 τῶν
1580 5392 1947 5451 ’Λνατολικῶν

2057 4592 2321 4659 fuerunt,
2353 4592 2467 4647 Leo
2498 4592 2705 4663 Argyri
2737 4598 2797 4647 et
2824 4592 3203 4649 Andronicus
3234 4594 3407 4649 Ducas
3462 4593 3619 4649 ﬁlius
3650 4608 3718 4648 ac

2060 4680 2311 4741 Sudalis.
2344 4698 2467 4736 non
2492 4680 2798 4737 moderate
2821 4682 2925 4737 sed
2948 4682 3267 4739 crudeliter
3286 4683 3593 4756 negotium
3619 4697 3717 4755 ag-

2059 4771 2267 4843 gressi,
2291 4771 2752 4826 Manichmorum
2776 4770 2922 4827 alios
2945 4772 3005 4827 in
3039 4789 3244 4829 cruces
3266 4773 3540 4847 agebant,
3567 4771 3719 4828 alios

2059 4860 2270 4933 gladiis
2283 4859 2610 4928 caedebant,
2626 4861 2777 4917 alios
2789 4863 3207 4934 aliis.quorum
3225 4865 3543 4920 innumera
3557 4862 3719 4918 adhi-

2060 4949 2280 5005 bebant
2298 4964 2533 5021 genera.
2552 4950 2860 5021 suppliciis
2885 4950 3169 5008 tollebant
3186 4969 3217 5008 e
3237 4953 3715 5009 medio.Centum

2060 5039 2372 5094 hominum
2396 5037 2588 5092 millia
2605 5054 2672 5093 ea
2694 5040 2923 5095 ratione
2942 5039 3716 5113 interfecerunt,publicatis

2061 5145 2267 5185 eorum
2298 5127 2491 5183 bonis.
2526 5128 2730 5199 Itaque
2750 5129 2983 5202 reliqua
3013 5130 3327 5186 multitudo
3360 5128 3715 5185 necessitate

2060 5219 2144 5275 ita
2171 5223 2414 5289 urgente
2437 5216 2509 5273 ad
2543 5212 2934 5273 defectionem
2968 5220 3271 5291 spectavit.
3296 5219 3436 5292 Ejus
3462 5218 3579 5274 tale
3604 5217 3719 5273 fuit

2061 5307 2319 5363 initium.
2354 5305 2652 5362 Theodoto
2685 5306 2995 5363 Melisseno
3018 5308 3406 5364 Orientalium
3438 5306 3718 5381 praefecto

2061 5395 2423 5452 inserviebat
2496 5394 2747 5451 Garbeas
2825 5395 3093 5468 quidam,
3177 5396 3722 5469 protomandatoris

1511 5550 1872 5607 XYLANDRI
1911 5553 1999 5607 ET
2036 5551 2254 5608 GOARI
2283 5550 2506 5606 ΝΟΤᾹΣ.

347 5696 474 5769 (35)
509 5697 756 5769 Mysiam
791 5695 1143 5751 inferiorem
1174 5694 1248 5751 ad
1282 5696 1550 5752 [immuni
1580 5700 1869 5765 montem,
1903 5695 2073 5769 cujus
2099 5698 2325 5752 tractus
2374 5691 2446 5749 ab
2497 5692 2711 5749 incolis
2753 5695 2933 5752 etiam
2975 5695 3217 5769 Zagoria
3253 5700 3513 5751 vocatur.
3559 5693 3724 5749 Idem

274 5767 470 5823 habet
504 5767 779 5825 Zonaras.
827 5769 1005 5824 Goan.
