4184 6440
389 447 548 509 1039

1758 438 2076 502 GEORGII
2118 440 2461 502 CEDRENl

3670 445 3835 507 1040

387 581 654 637 ofﬁcium
684 597 920 653 gerens,
957 579 1316 635 Manichaaus
1347 580 1527 634 secta.
1557 578 1611 632 Is
1642 592 1777 633 cum
1808 576 2045 632 inaudi-

2168 572 2423 639 Θεόδοτος
2463 576 2491 629 6
2524 573 2909 645 Μελισσηνὸς,
2945 573 3201 650 ὑπηρέτει
3258 572 3315 630 δὲ
3350 576 3534 650 τούτῳ
3579 578 3678 647 τήν
3731 583 3832 634 τοῦ

391 670 572 725 visset
599 676 832 742 patrem
856 686 1030 725 suum
1062 669 1122 724 in
1153 668 1352 740 palum
1379 673 1579 723 actum
1611 665 1791 737 idque
1819 666 2050 721 facinus

391 759 771 830 iniquissime
802 760 1003 825 ferret,
1036 757 1320 830 profugus
1351 773 1485 813 cum
1531 757 1567 810 5
1590 755 1858 811 millibus
1891 755 2047 827 ejus-

392 847 529 903 dem
561 865 762 904 secum
794 848 1103 920 religionis
1145 846 1221 902 ad
1250 848 1523 902 Amerem
1554 846 1713 900 venit
1759 844 2051 900 Melitenaa

390 952 675 1006 ameram,
710 940 888 1006 atque
920 935 994 991 ab
1024 935 1137 990 hoc
1185 935 1259 990 ad
1291 950 1790 989 amermumnem.
1826 930 1904 985 Ab
1938 931 2051 985 hoc

387 1026 717 1082 honoriﬁce
746 1031 1046 1096 acceptus,
1072 1024 1329 1096 dataque
1352 1030 1412 1080 et
1436 1029 1679 1095 accepta
1709 1022 1847 1090 fide,
1874 1021 2048 1094 paulo

384 1121 522 1186 post
550 1118 955 1171 Romanorum
986 1114 1277 1170 ditionem
1326 1113 1573 1179 invadit,
1609 1117 1667 1167 et
1694 1112 1874 1168 urbes
1906 1127 2050 1166 con-

386 1204 492 1273 dit,
518 1221 772 1276 quarum
793 1204 1040 1260 nomina
1061 1207 1403 1277 Argaunum
1428 1208 1487 1258 et
1507 1205 1724 1257 Amara
1748 1219 1761 1269 ;
1790 1217 2050 1271 cumque

389 1311 472 1349 eae
504 1294 817 1349 hominum
848 1293 1235 1349 multitudine
1265 1297 1453 1348 auctm
1480 1296 1702 1359 essent,
1735 1290 1958 1345 sensim
1982 1306 2051 1343 eo

389 1382 831 1438 conﬂuentibus
858 1382 1198 1437 Manichaais
1223 1383 1325 1452 qui
1349 1397 1411 1436 se
1434 1381 1508 1435 ob
1541 1386 1768 1435 metum
1790 1377 2054 1434 occulta-

386 1477 615 1539 verant,
663 1471 893 1526 duabus
943 1470 1195 1526 urbibus
1245 1475 1647 1541 erumpentes,
1701 1474 1761 1523 et
1805 1485 1868 1523 se
1917 1483 2053 1522 cum

390 1559 657 1615 nomine.
692 1559 792 1613 His
823 1576 896 1614 ex
941 1559 1189 1614 urbibus
1242 1562 1646 1629 erumpentes,
1694 1562 1753 1612 et
1805 1572 1868 1611 se
1918 1572 2052 1610 cum

390 1667 594 1705 amera
624 1649 915 1705 Melitenaa
960 1652 1172 1705 Amere
1222 1654 1281 1703 et
1328 1650 1519 1704 Alimo
1570 1647 1733 1702 Tarsi
1774 1646 2054 1718 praefecto

390 1740 846 1812 conjungentes,
864 1739 1092 1794 nullam
1124 1741 1527 1794 Romanorum
1552 1736 1840 1792 ditionem
1863 1736 2055 1791 incur-

392 1829 662 1885 sionibus
711 1845 779 1884 ac
828 1829 979 1885 955
1034 1827 1524 1899 populationibus
1571 1826 1824 1881 vexandi
1866 1825 2052 1880 inter-

2160 668 2696 741 πρωτομανθάτορος
2738 669 2852 739 (36)
2885 664 3118 741 πληρῶν
3172 667 3352 743 ἀρχὴν
3404 668 3544 743 ἀνήρ
3593 690 3679 734 τις
3725 672 3827 739 τήν

2160 752 2355 823 κλῆσιν
2409 750 2678 829 Καρϐέας,
2737 758 2806 828 τῇ
2867 756 3046 809 πίστει
3104 760 3214 810 τῶν
3273 757 3598 832 Μανιχαίων
3653 760 3827 814 κατά·

2163 861 2387 916 σχετος.
2449 842 2624 904 Οὗτος
2675 843 2767 898 τὸν
2824 844 3017 899 ἑαυτοῦ
3099 843 3305 920 πατέρα
3362 845 3825 903 ἀνεσκολοπίσθαι

2165 931 2376 1003 μαθὼν,
2435 931 2524 985 καὶ
2584 931 2720 1007 πέρα
2772 929 2951 987 δεινοῦ
3007 935 3071 988 τὸ
3130 934 3370 1009 πραχθὲν
3442 937 3820 1011 ἡγησάμενος,

2162 1020 2333 1095 φυγὰς
2363 1020 2498 1091 μετὰ
2556 1021 2648 1075 καὶ
2706 1019 2905 1096 ἑτέρων
2972 1022 3293 1094 ὁμοπίστων
3353 1023 3819 1099 πεντακισχιλίων

2162 1110 2297 1184 πρὸς
2354 1116 2568 1185 Ἀμερα
2627 1113 2741 1185 (37)
2799 1111 3155 1187 παραγίνεται
3205 1114 3296 1169 τὸν
3348 1116 3447 1183 τῆς
3494 1114 3816 1185 Μελιτηνῆς

2161 1198 2406 1273 ἀμηρᾶν,
2473 1200 2720 1255 κάκεῖθεν
2787 1202 2924 1273 πρὸς
3016 1202 3107 1257 τὸν
3205 1203 3628 1277 ἀμερμουμνῆν.
3688 1193 3820 1279 Παρ’

2164 1288 2367 1343 ἐκείνου
2427 1286 2483 1344 δὲ
2552 1290 2686 1363 μετὰ
2741 1289 2964 1360 πολλῆς
3030 1289 3424 1367 ἀποδεχθέντες
3480 1300 3674 1365 τιμῆς,
3730 1294 3822 1348 καὶ

2166 1374 2370 1453 λόγους
2403 1376 2697 1455 ἀσφαλείας
2726 1379 2813 1433 καὶ
2865 1376 3048 1443 δόντες
3096 1381 3184 1434 καὶ
3242 1376 3525 1451 λαϐόντες,
3574 1380 3829 1457 ἐξέρχον-

2163 1486 2252 1520 ται
2316 1472 2431 1540 μετ’
2492 1468 2554 1522 ού
2613 1466 2758 1523 πολὺ
2817 1468 2955 1523 κατὰ
3005 1476 3108 1538 τῆς
3163 1473 3271 1524 τῶν
3347 1470 3640 1544 Ῥωμαίων
3696 1478 3825 1546 γῆς,

2165 1554 2360 1618 πόλεις
2394 1577 2452 1612 τε
2496 1556 2729 1630 ἤρξαντο
2778 1558 2980 1627 κτίζειν
3033 1558 3133 1627 τὴν
3191 1559 3453 1634 Ἀργαοῦν
3513 1557 3826 1634 λεγομένην

2164 1645 2252 1700 καὶ
2284 1646 2389 1714 τὴν
2420 1650 2689 1720 Ἀμαραν.
2733 1645 2838 1703 Καὶ
2881 1646 2998 1701 ἐπεὶ
3029 1647 3168 1722 πρὸς
3220 1645 3592 1721 πολυανδρίαν
3643 1647 3829 1703 έπεδί-

2166 1731 2325 1789 δοσαν
2358 1734 2440 1789 ἀεὶ
2475 1735 2811 1811 συρῥεόντων
2841 1741 2949 1790 τῶν
2982 1733 3072 1791 διὰ
3117 1738 3212 1791 τὸν
3264 1732 3433 1814 φόϐον
3475 1738 3829 1813 ἀποκεκρυμ-

2169 1832 2341 1899 μένων
2418 1824 2761 1901 Μανιχαίων,
2847 1823 3175 1902 προσέθεσαν
3244 1832 3364 1890 ταῖς
3423 1825 3543 1882 δυσὶ
3598 1828 3823 1891 ταύταις

391 1916 737 1972 missionem
796 1916 1090 1972 fecerunt.
1148 1915 1261 1970 Sed
1318 1916 1549 1970 Alimus
1608 1914 1669 1969 in
1728 1913 2051 1984 quamdam

2168 1912 2357 1968 πόλεσι
2424 1915 2512 1970 καὶ
2581 1913 2800 1989 τρίτην,
2888 1916 2955 1985 ἣν
3045 1917 3313 1994 Τεφρικήν
3404 1918 3822 1991 κατωνόμασαν,

391 2005 809 2062 Armeniorum
831 2005 1138 2078 regionem
1161 2004 1463 2076 profectus
1486 2021 1623 2059 cum
1654 2019 1759 2058 suo
1794 2002 2055 2058 exercitu

393 2093 475 2149 ibi
507 2094 705 2166 periit.
740 2094 808 2149 Et
837 2096 1016 2149 Amer
1064 2093 1220 2149 civili
1269 2091 1423 2148 bello
1465 2092 1829 2165 implicatus,
1862 2090 2058 2147 rebel-

391 2183 556 2239 lante
589 2184 644 2239 ei
671 2183 918 2256 collega,
950 2183 1053 2254 qui
1083 2183 1290 2250 Scleri,
1324 2182 1386 2238 id
1416 2187 1505 2238 est
1537 2182 1701 2249 Duri,
1726 2180 2059 2252 appellaba-

394 2277 515 2340 tur,
546 2276 779 2327 tantum
811 2288 947 2327 cum
993 2272 1119 2326 suis
1165 2270 1378 2326 habuit
1421 2270 1770 2340 aliquandiu
1810 2268 2055 2341 negotii,

395 2367 463 2415 ut
493 2366 737 2416 externo
769 2359 927 2415 bello
957 2375 1165 2415 vacare
1189 2359 1484 2431 nequiret.
1506 2360 1826 2429 Postquam
1858 2363 2057 2413 autem

395 2449 733 2504 adversario
791 2453 1070 2520 superato
1136 2449 1322 2504 otium
1380 2453 1592 2503 nactus
1648 2447 1779 2514 fuit,
1841 2446 2058 2517 quietis

393 2538 663 2609 alioquin
685 2538 863 2593 homo
892 2537 1214 2609 impatiens
1237 2553 1371 2592 cum
1389 2537 1613 2591 Carbea
1632 2552 1696 2591 se
1723 2535 2054 2607 conjunxit,

393 2643 724 2698 omnesque
754 2627 959 2698 copias
991 2626 1055 2681 in
1087 2629 1385 2682 Romanos
1429 2624 1615 2680 duxit.
1651 2625 1868 2680 Contra
1897 2624 2056 2680 hunc

399 2716 830 2788 expeditionem
851 2716 989 2770 fecit
1014 2717 1299 2771 Petronas
1323 2719 1602 2787 Augustae
1626 2714 1829 2780 frater,
1849 2712 2059 2768 dome-

393 2805 524 2860 stici
557 2805 896 2860 scholarum
947 2820 1165 2859 munus
1211 2819 1448 2876 gerens,
1483 2802 1642 2874 quod
1693 2802 1766 2858 ad
1808 2802 2055 2857 fratrem

393 2898 525 2970 ejus
582 2901 727 2952 natu
783 2894 1075 2966 majorem
1134 2894 1386 2950 Bardam
1444 2892 1804 2965 pertinebat,
1867 2892 1971 2947 sed
2020 2909 2054 2948 a

395 2988 652 3041 Petrona
683 2983 1232 3052 administrabatur,
1257 3000 1393 3039 cum
1424 2982 1644 3038 Bardas
1674 2982 2054 3053 imperatoris

391 3074 594 3129 tutela:
617 3073 883 3128 intentus
915 3074 966 3129 ei
998 3089 1253 3144 praeesse
1288 3073 1581 3144 nequiret.
1606 3072 1661 3126 Is
1693 3087 1828 3142 ergo
1855 3072 2055 3126 Petro

393 3180 504 3219 nas
533 3164 965 3220 Thracensium
996 3163 1208 3218 ductor
1256 3162 1482 3218 bellum
1532 3167 1740 3216 contra
1780 3168 2057 3216 Amerem

394 3253 459 3308 dt
489 3253 776 3309 Carbeam
827 3252 1028 3325 gessit.
1079 3251 1384 3318 Quomodo
1436 3267 1650 3306 manus
1701 3267 1834 3305 cum
1889 3251 2056 3305 hoste

396 3342 738 3412 contulerit,
773 3342 1034 3413 quidque
1068 3341 1275 3414 egerit,
1309 3357 1416 3396 suo
1448 3340 1574 3396 loco
1603 3339 1896 3398 dicemus.

2173 2006 2252 2077 [P.
2288 2004 2416 2072 542]
2446 2005 2533 2077 Ἐξ
2574 2004 2647 2059 ὧν
2701 2005 3023 2079 ὁρμώμενοι
3079 2005 3168 2060 καὶ
3214 2009 3294 2077 τῷ
3346 2012 3447 2075 τῆς
3498 2006 3825 2077 Μελιτηγῆς

2171 2093 2360 2166 ἁμηρᾷ
2416 2093 2847 2166 συμμιγνύμενοι
2915 2100 3118 2168 ’Ἂμερι
3170 2094 3261 2149 καὶ
3328 2093 3531 2168 Ἀλεὶμ
3584 2100 3664 2167 τῷ
3720 2103 3825 2165 τῆς

2172 2183 2414 2257 Ταρσοῦ,
2448 2182 2549 2237 οὐκ
2605 2177 2810 2256 ἔληγον
2867 2179 3103 2259 ἀφειδῶς
3163 2184 3260 2251 τήν
3314 2184 3604 2256 Ῥωμαίων
3660 2205 3828 2239 κατα-

2176 2272 2467 2345 τρέχοντες
2495 2271 2583 2325 καὶ
2617 2268 3012 2344 λυμαινόμενοι
3061 2278 3184 2346 γῆν.
3236 2268 3398 2329 Ἀλλ’
3425 2273 3453 2326 ὁ
3489 2274 3583 2345 μὲν
3622 2272 3830 2347 Ἀλεῖμ

2172 2353 2224 2413 ἔν
2250 2381 2355 2415 τινι
2386 2364 2494 2415 τῶν
2527 2360 2826 2435 Ἀρμενίων
2860 2361 3021 2435 χώρᾳ
3081 2363 3214 2434 μετὰ
3261 2365 3360 2416 τοῦ
3404 2361 3608 2417 οἰκείου
3665 2383 3827 2437 στρα-

2167 2453 2265 2503 τοῦ
2297 2448 2552 2513 ἀπελθὼν
2581 2450 2673 2504 τὸν
2707 2448 2824 2524 βίον
2870 2449 3132 2505 κατέλυσε
3191 2451 3284 2505 σὺν
3335 2452 3493 2507 παντὶ
3550 2453 3629 2525 τῷ
3678 2453 3827 2525 αὖτῷ

2170 2538 2424 2612 ἑπομένῳ
2468 2538 2849 2614 στρατεύματι.
2905 2539 3008 2596 Καὶ
3066 2540 3093 2593 ὁ
3142 2540 3316 2615 Ἀμερ
3364 2537 3421 2595 δὶ
3467 2542 3604 2615 πρὸς
3650 2542 3826 2620 έμφύ-

2170 2625 2291 2682 λιον
2324 2626 2574 2700 ἔμπεσὼν
2606 2629 2793 2683 στάσιν
2852 2627 2949 2683 τοῦ
3008 2628 3380 2707 συνάρχοντος
3430 2630 3577 2702 αὐτῷ
3622 2629 3821 2685 ἔπανα-

2170 2717 2396 2779 στάντος
2449 2717 2497 2784 (ὁ
2535 2720 2634 2772 τοῦ
2676 2715 2934 2792 Σκληροῦ
2993 2717 3151 2780 οὗτος
3210 2715 3454 2793 ἔλέγετο)
3502 2719 3641 2793 πρὸς
3695 2718 3823 2782 τοὺς

2169 2802 2404 2865 οἰκείους
2464 2804 2589 2878 εἶχε
2643 2804 2736 2857 τὸν
2794 2806 2919 2858 νοῦν
2977 2803 3069 2858 καὶ
3130 2800 3334 2878 ἑτέροις
3403 2802 3668 2879 πολεμεῖν
3721 2807 3824 2861 οὐκ

2169 2892 2441 2969 ηὐκαίρει,
2481 2891 2680 2968 μέχρις
2720 2890 2779 2947 ἄν
2819 2893 2910 2947 τὸν
2971 2890 3266 2947 ἀντίπαλον
3307 2893 3824 2969 καταγωνισάμενος

2166 2979 2352 3043 ἀδείας
2384 2975 2567 3059 ἔτυχέ.
2604 2982 2746 3038 Τότε
2777 2982 2879 3057 γὰρ
2911 2980 3215 3057 ἐκεχειρίαν
3247 2977 3457 3053 λαϐὼν,
3489 2983 3580 3037 καὶ
3633 2980 3825 3047 ἄλλως

2170 3070 2272 3125 οὐκ
2302 3066 2463 3131 εἷδὼς
2496 3070 2748 3144 ἠρεμεῖν,
2808 3074 2888 3142 τῷ
2946 3065 3161 3145 Καρϐέᾳ
3215 3091 3274 3125 τε
3329 3071 3501 3140 ἣνωτο
3547 3072 3633 3125 καὶ
3681 3071 3817 3125 κατᾶ

2169 3160 2462 3233 Ῥωμαίων
2494 3156 2658 3229 ἔξεισι
2715 3156 3062 3232 παμπληθεί.
3116 3158 3537 3235 Ἀντιστρατεύει
3590 3156 3648 3213 δὲ
3702 3160 3820 3214 κατ’

2170 3246 2348 3302 αὐτῶν
2380 3248 2407 3301 6
2439 3252 2541 3316 τῆς
2577 3244 2862 3321 βασιλίδος
2922 3244 3158 3326 ἀδελφὸς
3219 3251 3523 3323 Πετρωνᾶς,
3583 3247 3682 3317 τὴν
3723 3251 3824 3302 τοῦ

2172 3334 2498 3410 δομεστίκου
2524 3341 2633 3392 τῶν
2666 3336 2889 3412 σχολῶν
2925 3336 3103 3413 ἀρχὴν
3138 3334 3385 3407 διοικῶν,
3419 3337 3576 3412 λόγῳ
3624 3337 3717 3410 μὲν
3745 3341 3828 3408 τῷ

396 3424 755 3503 πρεσϐυτέρῳ
804 3427 969 3483 αὐτοῦ
1025 3424 1251 3504 ἀδελφῷ
1300 3429 1651 3500 προσήουσαν
1710 3422 1912 3498 Βάρδᾳ,
1978 3420 2125 3500 ἔργῳ
2183 3423 2239 3480 δὲ
2305 3427 2434 3499 παρ’
2492 3426 2659 3479 αὐτοῦ
2715 3422 3100 3498 διοικουμένην
3152 3430 3232 3499 τῷ
3285 3427 3360 3500 μή
3419 3425 3625 3481 ἐκεῖνον
3684 3445 3824 3501 σχο-

395 3516 601 3588 λάζειν,
635 3515 784 3573 ἀλλᾶ
811 3515 932 3591 περὶ
965 3517 1065 3585 τήν
1095 3516 1398 3589 ἐπιτροπὴν
1445 3519 1543 3569 τοῦ
1597 3512 1868 3589 βασιλέως
1916 3516 2207 3588 προσέχειν
2262 3515 2354 3569 τὸν
2403 3516 2551 3569 νοῦν.
2611 3511 2784 3576 Οὗτος
2840 3514 3023 3569 τοίνυν
3083 3515 3111 3569 6
3170 3519 3451 3589 Πετρωνᾶς
3507 3514 3815 3590 στρατηγὸς

392 3607 688 3683 τυγχάνων
718 3610 827 3660 τῶν
888 3603 1210 3678 Θρᾳκησίων
1269 3608 1380 3678 (38)
1435 3603 1947 3680 ἀντιπαρατάττεται
2001 3602 2137 3658 κατὰ
2189 3624 2248 3659 τε
2305 3604 2481 3678 Ἀμερ
2546 3601 2637 3658 καὶ
2694 3601 2791 3659 τοῦ
2849 3599 3081 3680 Καρϐέα.
3140 3604 3330 3667 ’Ὀπως
3389 3601 3448 3659 δὶ
3507 3602 3818 3673 συνεπλάκη

393 3695 485 3767 καὶ
516 3694 606 3748 οἶα
634 3688 847 3770 ἔδρασε,
877 3694 1013 3749 κατᾶ
1041 3693 1133 3748 τὸν
1158 3693 1358 3748 οἰκεῖον
1386 3692 1553 3748 τόπον
1587 3694 1622 3762 ἡ
1656 3690 1870 3767 ἱστορία
1903 3689 2165 3762 δηλώσει.

465 3787 704 3840 Interea
732 3784 1085 3840 Michaelum
1108 3784 1237 3856 jam
1269 3800 1339 3839 ex
1384 3782 1628 3855 ephebis
1661 3798 1965 3855 egressum
1998 3788 2057 3838 et
2085 3785 2128 3851 α

395 3875 469 3930 ad
500 3874 732 3929 virilem
763 3878 1000 3930 aatatem
1034 3873 1417 3929 accedentem
1467 3871 1761 3944 cupiditas
1810 3872 2057 3928 incessit

394 3978 596 4019 rerum
629 3978 737 4018 sua
782 3962 970 4034 ipsius
1014 3961 1312 4018 industria
1356 3959 1768 4034 gerendarum,
1802 3962 2059 4017 maxime

399 4053 473 4108 ad
496 4052 609 4107 hoc
631 4052 952 4124 instigante
967 4050 1154 4107 Barda
1169 4051 1456 4107 avunculo
1475 4050 1662 4123 ipsius
1684 4056 1744 4105 et
1764 4056 2057 4107 curatore.

396 4143 453 4197 Is
486 4142 647 4197 enim
678 4140 1012 4213 imperandi
1043 4156 1246 4196 amore
1295 4140 1554 4212 ﬂagrans
1584 4139 1646 4193 in
1695 4156 1826 4194 eam
1867 4141 2061 4195 solum

395 4247 524 4285 rem
574 4247 751 4286 omne
801 4229 1064 4285 studium
1123 4230 1472 4286 collocabat.
1516 4230 1674 4286 956
1721 4229 1830 4284 Res
1881 4230 2059 4301 paulo

394 4320 573 4375 altius
601 4319 930 4390 repetenda
960 4323 1067 4386 est,
1103 4324 1170 4374 ut
1198 4318 1405 4374 lectori
1450 4317 1687 4389 planior
1716 4317 1838 4372 ﬁat.
1870 4320 2060 4372 Inter-

390 4414 638 4464 venerat
667 4408 894 4479 aliquid
924 4407 1238 4464 discordia;
1269 4408 1543 4463 Manuelo
1588 4422 1725 4462 cum
1757 4406 2059 4477 logotheta

392 4501 749 4565 Theoctisto,
783 4501 887 4572 qui
935 4506 995 4555 et
1040 4501 1154 4572 ipsi
1203 4499 1583 4572 imperatoris
1622 4503 1793 4555 erant
1830 4502 2056 4556 tutores

395 4591 576 4662 inque
608 4590 742 4645 aula
773 4589 1083 4662 degebant.
1116 4592 1200 4644 Ex
1230 4606 1299 4645 ea
1344 4588 1651 4645 Manuelus
1699 4606 1835 4645 cum
1866 4591 2055 4662 maje-

397 4680 567 4734 statis
597 4679 825 4734 crimen
848 4679 1218 4747 incurrisset,
1242 4679 1525 4734 invidiam
1551 4684 1824 4734 metuens
1850 4679 2057 4734 statuit

397 4773 563 4823 extra
592 4767 877 4839 palatium
903 4768 1082 4823 vitam
1112 4784 1284 4840 agere
1327 4773 1385 4822 et
1432 4766 1876 4823 continentibus
1907 4784 2051 4823 con-

390 4856 694 4929 gressibus
769 4860 947 4927 atque
1025 4856 1645 4912 administrationibus
1715 4872 1917 4912 rerum
1987 4875 2048 4913 se

391 4945 713 5002 abstinere.
749 4946 1002 5001 Domum
1053 4946 1254 5018 itaque
1306 4963 1475 5003 suam
1526 4963 1587 5002 se
1633 4947 1884 5013 confert,
1917 4963 2048 5016 quas

391 5041 520 5093 erat
547 5037 622 5092 ad
653 5036 897 5109 Asparis
923 5035 1242 5093 cisternam
1270 5055 1283 5092 :
1318 5053 1497 5108 quam
1545 5042 1753 5109 postea
1801 5037 1864 5091 in
1906 5036 2044 5091 reli-

390 5126 568 5199 giosaa
617 5125 831 5182 domus
877 5124 1134 5181 formam
1182 5126 1430 5199 redegit,
1480 5125 1902 5198 pulveremque
1960 5124 2042 5179 ibi
2073 5148 2119 5212 Β

390 5215 684 5289 deposuit.
716 5216 862 5272 Inde
884 5216 1118 5285 quoties
1138 5232 1235 5272 res
1264 5215 1614 5287 postularet,
1638 5215 1713 5270 ad
1734 5214 2045 5270 tractanda

2237 3783 2295 3836 Ὀ
2328 3779 2586 3857 βασιλεὺς
2617 3781 2675 3838 δὲ
2715 3779 2953 3858 Μιχαὴλ
3012 3779 3122 3854 ἤδη
3181 3784 3280 3853 τήν
3321 3779 3581 3852 παιδικὴν
3642 3802 3819 3857 παρα-

2174 3873 2375 3947 μείψας
2400 3872 2492 3928 καὶ
2522 3879 2624 3943 τῆς
2652 3870 2917 3947 ἀνδρικῆς
2943 3872 3253 3947 ἁπτόμενος
3312 3872 3533 3942 ἡλικίας
3577 3871 3822 3947 ἱμείρετο

2168 3967 2274 4018 τῶν
2317 3963 2655 4038 πραγμάτων
2713 3959 2786 4017 δι’
2847 3963 3039 4017 ἑαυτοῦ
3107 3961 3450 4038 ἀντέχεσθαι,
3501 3962 3823 4036 παραθηγό-

2173 4073 2336 4124 μενος
2368 4051 2446 4116 εἰς
2470 4056 2638 4107 τοῦτα
2669 4052 2815 4127 παρὰ
2845 4056 2943 4106 τοῦ
2972 4050 3269 4127 ἐπιτρόπου
3308 4052 3400 4107 καὶ
3447 4051 3593 4116 θείου
3642 4048 3828 4125 Βάρδα

2168 4145 2265 4195 τοῦ
2293 4147 2394 4211 τῆς
2428 4137 2712 4216 βασιλίδος
2737 4137 2999 4218 ἀδελφοῦ”
3036 4139 3199 4202 οὗτος
3228 4140 3332 4217 γὰρ
3379 4138 3560 4216 ’ἔρωτα
3588 4146 3823 4215 περικαῆ

2168 4236 2269 4299 τῆς
2325 4228 2607 4305 βασιλείας
2666 4227 2922 4307 ἐσχηκὼς
2980 4226 3133 4284 οὐδὲν
3189 4226 3331 4284 ἄλλο
3387 4227 3828 4306 ἐπραγματεύετο

2166 4315 2394 4385 ἀλλ’ἤν
2423 4316 2490 4370 τὰ
2543 4317 2681 4391 πρὸς
2738 4317 2800 4370 τὸ
2857 4313 3303 4388 σπουδαζόμενον
3363 4310 3824 4389 συμϐαλλόμενα.

2174 4400 2433 4460 Αλλ”ίνα
2490 4402 2814 4480 σαφέστερον
2872 4403 2964 4458 τὸν
3018 4402 3183 4479 λόγον
3239 4407 3357 4464 τοῖς
3415 4401 3810 4479 ἐντυγχάνουσι

2166 4494 2446 4564 θήσωμεν,
2509 4489 2846 4566 πορῥωτέρω
2904 4496 3095 4546 τοῦτον
3194 4491 3508 4568 ἀγάγωμεν.
3578 4492 3824 4568 Ἐγένετο

2163 4578 2338 4654 δὴτῷ
2370 4580 2631 4651 Μανουὴλ
2662 4582 2801 4657 πρὸς
2839 4582 2933 4637 τὸν
2983 4580 3284 4658 λογοθέτην
3336 4583 3682 4648 Θεόκτιστον,
3730 4581 3825 4636 καὶ

2161 4671 2347 4734 αὐτοῖς
2409 4670 2728 4747 ἐπιτρόποις
2798 4671 2916 4726 οὖσι
2968 4675 3066 4726 τοῦ
3129 4669 3399 4747 βασιλέως
3455 4671 3546 4726 καὶ
3625 4669 3704 4732 εἷς
3756 4672 3828 4726 τὰ

2160 4761 2424 4836 ἀνάκτορα
2487 4759 2891 4834 διαιτωμένοις,
2945 4758 3178 4836 διαφορά
3224 4782 3334 4831 τις,
3364 4758 3402 4830 ἤ
3434 4760 3825 4824 καθοσιώσεως

2156 4850 2465 4927 ἐγκλήματι
2497 4845 2737 4905 ὕπέϐαλε
2766 4850 2858 4905 τὸν
2905 4849 3195 4920 Μανουήλ’
3248 4850 3380 4925 ’ὀπερ
3438 4850 3602 4912 οὗτος
3654 4847 3822 4905 εὖλατ

2157 4935 2449 5015 ϐούμενος,
2484 4936 2677 5001 δεδιὼς
2711 4935 2771 4993 δὲ
2802 4938 3012 4994 καὶτὸν
3069 4938 3290 5014 φθόνον,
3335 4940 3491 5011 ᾠήθη
3551 4934 3652 5009 ἔξω
3703 4934 3817 4993 δεῖν

2152 5035 2251 5086 τοῦ
2280 5026 2552 5086 παλατίου
2599 5029 2846 5104 γενέσθαι
2906 5028 2999 5083 καὶ
3050 5033 3162 5084 τῶν
3220 5033 3466 5103 συνεχῶν
3510 5028 3812 5097 ἀποστῆναι

2154 5118 2393 5195 ὁμιλιῶν
2423 5139 2483 5174 τε
2509 5117 2601 5173 καὶ
2634 5115 2982 5189 διοικήσεων.
3017 5116 3239 5175 Κάτεισι
3268 5121 3397 5190 γοῦν
3422 5116 3502 5181 εἲς
3529 5117 3620 5173 τὸν
3654 5118 3812 5172 οἶκον

2160 5209 2348 5279 αὐτοῦ,
2381 5204 2667 5283 ἱδρυμένον
2695 5205 2832 5261 κατᾶ
2860 5207 2962 5277 τὴν
3005 5205 3318 5284 κινστέρναν
3374 5208 3476 5276 τὴν
3523 5207 3811 5281 Ἀσπαρος

1573 5386 1941 5442 XYLANDRI
1981 5386 2068 5441 ET
2107 5382 2316 5440 GOARI
2358 5380 2582 5436 NOTIE.

460 5528 575 5602 (36)
606 5531 1123 5602 Magistrianorum
1155 5534 1213 5584 et
1261 5546 1606 5602 praeconum
1653 5529 1941 5601 praefecti,
1976 5528 2049 5585 de

391 5615 511 5671 quo
543 5616 742 5671 supra.
775 5601 953 5655 Gom.

444 5670 837 5752 .(37)“"Apfsp_.
873 5671 1182 5752 prppriu‘m
1222 5690 1476 5752 momen
1533 5672 1751 5752 arma:
1810 5673 2047 5752 Sarace-

397 5740 548 5795 nicae
571 5740 896 5811 dignitatis,
914 5740 976 5795 id
991 5740 1082 5796 est
1101 5742 1269 5798 ducis
1295 5760 1308 5797 :
1332 5742 1470 5816 ἆμερ
1481 5740 1731 5816 mm,
1752 5748 1839 5801 est
1864 5761 2054 5801 sacro-

2162 5521 2601 5606 rum‘prinncipis
2613 5537 2734 5606 non
2749 5522 3061 5606 proprium
3074 5521 3178 5578 sed
3193 5523 3554 5606 appellativu
3565 5538 3624 5576 m
3635 5523 3783 5605 ..GOA
3795 5542 3829 5578 ιι

2233 5593 2339 5667 (38)
2370 5593 2626 5650 Inferior
2654 5593 2996 5667 scholarum
3029 5593 3357 5650 domestico
3390 5595 3528 5658 dux,
3565 5594 3832 5667 quigpar-

2161 5664 2282 5726 tem
2314 5664 2545 5723 tantum
2595 5664 2893 5721 exercitus
2938 5672 3189 5740 regeret,
3224 5667 3283 5722 id
3336 5672 3426 5722 est
3476 5664 3828 5722 Thracicum

2164 5743 2386 5797 thema.
2428 5740 2609 5795 Gom.
