4184 6470
323 409 478 473 {Oli

1409 404 1962 469 HISTORIARUM
2008 402 2545 469 GOMPENDIUM.

3589 405 3667 466 10
3683 405 3761 463 42

327 540 388 597 ὅν
437 541 527 596 καὶ
585 538 662 603 εἷς
721 542 968 612 σεμνεῖον
1024 539 1248 613 ὕστερον
1327 535 1685 611 μετεσκεύασε
1740 537 1831 591 καὶ
1892 537 1983 591 τὸν

2117 539 2339 611 iegotia
2396 541 2539 597 ibat.
2584 542 2658 596 At
2719 539 2959 611 Bardas,
3022 540 3123 613 qui
3183 540 3517 596 Manuelum
3575 554 3759 611 opera

341 635 479 706 χοῦν
544 628 718 684 ἐκεῖσε
776 626 1027 691 κατέθετο
1085 630 1219 700 (39).
1275 629 1509 692 Ἐκεῖθεν
1577 627 1831 681 ἑκάστοτε
1881 624 1994 699 ἀφ-

347 718 672 793 ικνούμενος
700 717 963 779 κοινωνὸς
996 715 1205 794 ἐγίνετο
1262 719 1370 772 τῶν
1431 714 1773 787 διοικήσεων.
1832 717 1997 772 Ἀποο

336 808 655 882 σεισάμενος
686 803 744 861 δὲ
774 807 802 861 6
840 803 1055 881 Βάρδας
1103 805 1194 860 τὸν
1252 803 1520 876 Μανουὴλ
1581 806 1646 860 ού
1697 801 1767 859 δι’
1810 803 1997 875 αὐτοῦ,

335 898 483 955 ἀλλὰ
513 893 604 951 διὰ
634 900 732 950 τοῦ
764 895 1110 964 Θεοκτίστου,
1157 887 1382 950 ἔσπευδε
1433 897 1628 969 καιροῦ
1670 889 1997 968 δραξάμενος

340 987 537 1044 ἀνύσαι
597 987 660 1042 τὸ
718 983 1180 1059 σπουδαζόμενον.
1241 982 1544 1058 Ἐμπόδιον
1602 981 1649 1038 δ’
1705 979 1854 1058 ἔχειν
1907 983 2001 1037 τὸν

347 1078 671 1133 Θεόκτιστον
743 1073 970 1136 εἰκότως
1058 1074 1329 1148 οἰόμενος,
1398 1070 1622 1129 ἔσπευδε
1686 1074 1779 1130 καὶ
1836 1072 1997 1127 αὐτὸν

336 1166 682 1237 ποιήσασθαι
767 1160 1039 1233 ἐκποδὼν,
1101 1163 1165 1218 τὸ
1256 1160 1425 1219 πλέον
1482 1160 1529 1218 δ’
1583 1163 1667 1219 ’ὁτι
1727 1159 1995 1231 ὠνείδιζεν

343 1255 508 1311 αὐτὸν
543 1252 633 1308 διὰ
683 1256 784 1323 τὴν
843 1253 980 1328 πρὸς
1037 1253 1137 1322 τήν
1198 1251 1401 1307 οἷ’κείαν
1457 1252 1677 1331 νύμφην
1733 1249 1998 1322 λαθραίαν

340 1343 593 1419 ὁμιλίαν.
663 1344 722 1397 Ὀ
786 1339 845 1397 δὶ
909 1342 1115 1417 τρόπος
1178 1348 1277 1412 τῆς
1361 1341 1729 1417 ἐγχειρήσεως
1803 1338 2001 1419 εἷ’ληφε

337 1434 604 1503 τοιαύτην
638 1431 843 1508 ἀρχήν.
875 1432 1121 1507 Ὑπῆρχε
1151 1435 1231 1503 τῷ
1274 1430 1491 1506 βασιλεῖ
1548 1430 1789 1510 Μιχαὴλ
1836 1426 2000 1485 παιδ-

346 1521 568 1598 αγωγὸς
597 1518 882 1598 ἀνᾶγωγός
938 1541 995 1574 τε
1043 1520 1135 1574 καὶ
1178 1521 1440 1595 πονηρός·
1489 1524 1683 1575 τοῦτον
1738 1523 1847 1574 τῶν
1909 1521 2002 1594 βα-

345 1611 578 1673 σιλικῶς
612 1611 938 1684 ἀξιωμάτων
990 1609 1244 1685 ἀνωτέρω
1293 1611 1585 1687 ἀναγαγεῖν
1633 1609 1790 1683 ἠξίου
1830 1608 1859 1662 6
1901 1610 2000 1683 βα-

343 1699 551 1769 σιλεὺς,
581 1702 665 1773 [Ρ.
701 1701 829 1773 543]
857 1695 949 1754 καί
980 1699 1056 1760 εἷς
1089 1698 1310 1775 μείζονα
1341 1706 1534 1769 στῆσαι
1576 1699 1746 1772 τιμὴν
1794 1700 1893 1768 τήν
1942 1716 2001 1751 τε

347 1789 561 1865 μητέρα
615 1786 915 1863 παρεκάλει
965 1788 1057 1842 καὶ
1109 1789 1203 1843 τὸν
1264 1789 1600 1844 Θεόκτιστον.
1652 1786 1768 1846 Ούκ
1823 1780 2001 1842 ἔπειθε

343 1877 403 1934 δὲ
431 1879 524 1934 τὸν
580 1877 924 1945 Θεόκτιστον,
988 1900 1016 1928 ι(
1057 1877 1348 1948 Ἐπαξίως,
1408 1875 1661 1954 λέγοντα,
1718 1874 1842 1933 ἀλλ’
1902 1874 2001 1930 οὐκ

342 1967 572 2039 ἀναξίως
602 1968 670 2022 τὰ
707 1973 809 2035 τῆς
843 1963 1125 2040 βασιλείας
1175 1968 1288 2041 χρὴ
1346 1964 1684 2021 διοικεῖσθαι.
1714 1989 1742 2018 ››
1793 1969 1997 2024 Τοῦτον

344 2058 442 2113 οὖν
464 2056 558 2111 τὸν
592 2053 951 2133 παιδαγωγὸν
984 2051 1215 2131 ὄργανον
1243 2057 1272 2110 ὁ
1303 2053 1515 2130 Βάρδας
1545 2050 1732 2111 λαϐὼν
1760 2056 1998 2131 πονηρὸν

342 2144 446 2201 οὐκ
493 2144 723 2200 ἐπαύετο
788 2143 994 2213 ζιζάνιά
1050 2164 1172 2198 τινα
1208 2145 1345 2200 κατὰ
1399 2149 1498 2200 τοῦ
1554 2144 1876 2200 Θεοκτίστου
1930 2149 2000 2220 τῇ

341 2240 440 2290 τοῦ
476 2232 746 2310 βασιλέως
788 2231 1089 2308 ἐνσπείρειν
1126 2235 1303 2308 ψυχῇ,
1337 2237 1427 2287 νῦν
1464 2235 1559 2308 μὲν
1598 2231 1796 2310 λέγων,
1820 2235 1894 2298 ὡς
1923 2233 2002 2291 Ού

345 2325 535 2386 καλῶς
571 2326 945 2397 οἰκονομεῖται
975 2324 1042 2378 τὰ
1072 2325 1245 2393 κοινὰ,
1276 2329 1367 2379 νῦν
1402 2321 1479 2395 δὲ,
1506 2325 1580 2387 ὡς
1611 2323 1877 2381 Βούλεται
1916 2325 2005 2393 ςήν

353 2414 566 2491 μητέρα
596 2436 692 2469 σου
725 2410 880 2488 ἀνδρὶ
913 2413 1249 2486 συναρμόσαι
1278 2413 1313 2483 ἢ
1352 2415 1477 2488 μίαν
1529 2418 1639 2469 τῶν
1690 2418 1797 2469 σῶν
1843 2411 2006 2471 ἀδελ-

348 2510 490 2576 φῶν,
542 2504 634 2559 καὶ
694 2502 822 2565 τοὺς
882 2501 1009 2564 σοὺς
1055 2501 1299 2577 ἐξορύξαι
1356 2502 1699 2582 ὀφθαλμοὺς,
1759 2505 1848 2559 καὶ
1906 2511 2005 2574 τῆς

364 2592 644 2670 βασιλείας
678 2589 920 2663 έξεῶσαι.
954 2591 1137 2648 Ταῦτα
1185 2588 1242 2645 δὲ
1296 2597 1519 2648 πυκνῶσ
1553 2591 1771 2668 ἐνηχῶν
1834 2612 2004 2668 προσ-

361 2683 525 2738 ετίθει
557 2682 632 2744 ὡς
664 2680 1037 2750 συνετωτάτης
1069 2677 1153 2735 δεῖ
1178 2679 1267 2735 καὶ
1314 2681 1582 2757 ταχίστης
1640 2680 1869 2758 βουλῆς.
1918 2683 2007 2745 Ὠς

349 2770 412 2827 δὲ
441 2770 713 2834 πολκάκις
745 2771 871 2846 περὶ
913 2775 1010 2826 τοῦ
1064 2768 1232 2826 αὐτοῦ
1286 2774 1624 2848 συνήρχοντο
1683 2771 2008 2848 πράγματος

346 2862 441 2918 καὶ
501 2861 717 2936 σκέψεῖς
778 2859 1164 2931 προύτίθεσαν,
1219 2857 1477 2937 ἔγνωσαν,
1547 2860 1859 2918 τελευταῖον
1915 2864 2008 2918 τὸν

353 2946 678 3007 Θεὸκτιστον
748 2952 1077 3022 ποιήσασθαι
1134 2948 1402 3009 ἐκπθδὼν.
1464 2948 1751 3008 Ἐδέδοκτο
1815 2956 2006 3023 ταῦτα,

346 3041 444 3096 καὶ
478 3041 646 3117 πέρας
684 3038 937 3109 ἐτυπῶθη
971 3044 1222 3095 τοιοῦτον
1261 3037 1484 3105 δοθῆναι
1528 3046 1644 3103 τοῖς
1693 3040 2009 3118 βουλευθεῖ-

356 3150 463 3197 σιν,
498 3128 551 3185 tv
582 3134 663 3202 τῷ
717 3127 942 3204 μέλλειν
998 3130 1132 3204 πρὸς
1191 3130 1281 3185 τὸν
1343 3129 1646 3185 Λαυσιακὸν
1697 3129 2010 3205 ἐξέρχεσθαι

346 3219 445 3275 τὸν
475 3219 796 3275 Θεόκτιστον
831 3220 965 3294 μετά
1008 3221 1107 3289 τήν
1137 3219 1246 3274 τῶν
1280 3221 1561 3295 ἆναφορῶν
1592 3216 1863 3290 διοίκησιν
1895 3221 2006 3293 (40)

347 3306 793 3375 ἐπακολουθῆσαι
832 3308 1026 3384 μικρὸν
1057 3308 1147 3363 τὸν
1186 3307 1438 3384 βασιλέα,
1486 3310 1574 3365 καὶ
1625 3314 1788 3366 τοῦτο
1838 3310 2003 3383 μόνον

363 3402 700 3474 ἀνακραγεῖν·
752 3422 780 3451 ‹‹
814 3399 1011 3473 Ἀρατε
1068 3398 1255 3454 αὐτόν·
1292 3422 1319 3449 ›)
1380 3401 1466 3461 Ὠς
1514 3398 1605 3454 οὗν
1635 3399 1662 3454 6
1693 3401 2012 3464 Θεόκτιστος

369 3485 702 3563 προέκυπτεν
736 3486 889 3558 ἐξιὼν
927 3487 992 3543 τό
1050 3508 1108 3542 τε
1147 3484 1300 3552 δοθὲν
1347 3489 1600 3564 σύνθημα
1653 3485 1816 3568 ἔγνω,
1863 3494 2010 3569 φυγῇ

356 3578 461 3647 τήν
526 3576 797 3651 σωτηρίαν
854 3577 1362 3651 κραγματεύσασθαι
1422 3580 1604 3651 ᾠήθη.
1664 3580 1726 3637 Ἣ
1776 3582 1921 3658 φυγή
1956 3577 2014 3636 δὶ

364 3671 584 3747 γέγονεν
617 3668 766 3743 αὐτῷ
795 3670 933 3745 πρὸς
958 3671 1052 3726 τὸν
1083 3668 1433 3745 ἱππόδρομον
1466 3671 1601 3728 κατὰ.
1637 3673 1705 3727 τὰ
1754 3675 2010 3749 ἆσχκρη-

352 3758 475 3815 τεία
540 3762 670 3833 (41)·
740 3758 912 3814 ἐκεῖσε
977 3760 1082 3835 γὰρ
1146 3759 1270 3814 τότε
1366 3766 1482 3821 σοῖς
1556 3761 1892 3837 ἀσηκρήταις
1943 3763 2010 3832 ἧν

346 3850 721 3925 καταγώγιον.
774 3849 935 3907 Ἀλλ’
995 3849 1098 3904 ὑπὸ
1154 3849 1383 3905 πολλῶν
1444 3851 1472 3905 6
1532 3852 1613 3913 εἷς
1678 3850 2014 3931 συλληφθεὶς

358 3937 536 4013 μένειν
567 3938 1029 4013 κατηναγκάζετο,
1089 3938 1438 4013 σπασαμένου
1490 3943 1585 3995 τοῦ
1633 3937 1816 4014 Βάρδα
1861 3940 2011 4018 ξίφος

349 4029 448 4083 καὶ
474 4028 683 4084 παίσειν
719 4027 1142 4090 ἐπαπειλοῦντος
1201 4028 1295 4083 τὸν
1345 4026 1612 4083 κωλύσειν
1644 4028 1679 4098 ἥ
1716 4029 2009 4104 βοηθήσειν

354 4118 806 4193 ἐπιχειρήσοντα.
866 4119 1066 4191 Ἥγετο
1130 4117 1225 4190 μὲν
1292 4115 1384 4171 οὖν
1446 4118 1583 4192 πρὸς
1656 4118 1723 4172 τὰ
1801 4116 2011 4191 Σκῦλα,

350 4213 570 4286 φρουρᾷ
597 4209 738 4271 τέως
795 4204 1334 4282 παραδοθησόμενος,
1398 4205 1597 4283 μέχρις
1655 4206 1714 4264 ἂν
1773 4210 1841 4264 τὰ
1895 4209 2013 4264 κατ’

353 4298 522 4353 αὐτὸν
570 4297 987 4372 ἀποφήνωνται.
1044 4296 1223 4359 Τέλος
1275 4300 1356 4371 μή
1402 4296 1673 4375 συμφέρον
1728 4299 1867 4354 εἶναι
1902 4297 2018 4374 κρί-

349 4407 539 4448 ναντες
613 4387 802 4448 αὐτοῖς
856 4387 919 4441 τὸ
978 4389 1076 4460 ζῇν
1135 4385 1299 4441 αὐτον
1351 4383 1458 4441 δέει
1512 4394 1613 4456 τῆς
1673 4386 2012 4464 Δύγούστης,

2106 628 2425 685 Theoctisti
2475 630 2560 687 sic
2608 631 3045 697 summovisset,
3105 635 3317 686 nactus
3361 629 3757 695 occasionem,

2107 719 2479 790 propositum
2537 737 2710 775 suum
2780 720 3069 792 perficere
3145 719 3376 774 nititur.
3434 718 3578 773 Cum
3644 715 3758 771 sibi

2108 806 2535 879 impedimento
2570 827 2698 866 esse
2727 810 3130 866 Theoctistum
3160 812 3417 880 putaret,
3440 806 3601 861 hunc
3621 821 3760 875 quo-

2109 914 2223 968 que
2282 899 2515 979 amoliri
2548 899 2824 969 intendit,
2881 900 3137 955 maxime
3197 897 3357 970 quod
3413 912 3548 952 cum
3608 910 3763 950 nuru

2108 990 2350 1061 propria
2378 990 2669 1045 incestam
2718 990 3213 1046 consuetudinem
3259 989 3310 1044 is
3356 986 3471 1042 sibi
3515 985 3766 1058 objicie-

2107 1080 2228 1136 bat.
2276 1081 2592 1136 Hominem
2641 1080 2951 1137 adoriendi
2996 1080 3150 1135 hanc
3198 1078 3451 1150 arripuit
3496 1091 3760 1132 causam.

2110 1169 2469 1243 Pwdagogus
2499 1175 2627 1225 erat
2651 1170 2992 1242 imperatori
3024 1169 3220 1225 malus
3264 1173 3322 1223 et
3349 1164 3761 1222 intractabilis.

2109 1261 2259 1315 Eum
2291 1276 2428 1315 cum
2456 1260 2630 1315 vellet
2660 1260 2985 1331 imperator
3016 1259 3266 1314 summis
3316 1257 3377 1311 in
3408 1255 3546 1311 aula
3572 1254 3763 1309 hono-

2109 1348 2276 1404 ribus
2307 1355 2487 1419 atque
2538 1349 2926 1422 dignitatibus
2965 1363 3199 1416 ornare,
3247 1350 3439 1401 mater
3485 1350 3545 1400 et
3574 1344 3766 1399 Theo-

2109 1438 2318 1493 ctistus
2340 1437 2914 1510 monebantimperii
2929 1452 3178 1493 munera
3196 1451 3302 1507 pro
3316 1433 3546 1489 meritis
3564 1438 3624 1487 et
3641 1448 3764 1487 non

2109 1526 2172 1581 in
2186 1526 2461 1598 indignos
2478 1543 2609 1583 esse
2631 1526 3011 1582 conferenda.
3031 1528 3180 1597 Ergo
3197 1525 3356 1579 hunc
3376 1521 3762 1594 paedagogum

2112 1633 2234 1671 sua;
2264 1615 2549 1687 nequitia
2594 1616 3063 1671 instrumentum
3110 1618 3322 1669 nactus
3369 1610 3612 1675 Bardas,
3642 1625 3767 1664 non

2111 1706 2341 1763 destitit
2367 1708 2431 1762 in
2476 1707 2744 1763 animum
2794 1706 3174 1777 imperatoris
3223 1719 3433 1776 pravas
3477 1702 3548 1757 de
3578 1701 3766 1755 Theo-

2110 1797 2285 1853 ctisto
2326 1796 2588 1852 inserere
2637 1795 2970 1867 opiniones,
3017 1794 3196 1849 modo
3244 1790 3587 1865 signiﬁcans
3635 1804 3765 1844 rem

2109 1886 2262 1943 957
2324 1884 2625 1957 publicam
2674 1901 2797 1940 non
2869 1889 3029 1939 recte
3096 1880 3525 1947 administrari,
3586 1877 3764 1933 modo

2107 1975 2266 2030 hunc
2292 1974 2442 2029 velle
2470 1979 2726 2030 matrem
2750 1980 2852 2030 aut
2872 1989 3055 2028 unam
3084 1986 3357 2026 sororum
3386 1966 3766 2040 imperatoris

2107 2066 2361 2133 nuptum
2393 2060 2534 2117 dare
2583 2066 2644 2115 et
2683 2060 3110 2131 imperatorem
3163 2057 3350 2114 oculis
3389 2054 3764 2127 imperioque

2110 2151 2383 2223 spoliare.
2447 2152 2630 2221 Atque
2688 2150 2783 2205 his
2839 2148 3078 2205 vocibus
3142 2163 3318 2203 aures
3386 2142 3766 2216 imperatoris

2112 2240 2321 2296 crebro
2352 2255 2704 2312 personans,
2755 2238 3009 2294 addebat
3061 2254 3209 2309 opus
3270 2252 3399 2291 esse
3449 2231 3764 2289 celerrimo

2112 2330 2623 2400 callidissimoque
2655 2328 2925 2384 consilio.
2951 2330 3096 2383 Cum
3119 2340 3531 2398 smpenumero
3563 2321 3634 2377 de
3652 2321 3769 2376 hac

2110 2436 2175 2474 re
2207 2424 2566 2476 conventum
2597 2417 3115 2489 deliberatumque
3159 2418 3337 2481 esset,
3370 2412 3612 2469 tandem
3643 2413 3766 2466 sta-

2112 2514 2309 2565 tutum
2341 2513 2432 2564 est
2462 2507 2796 2563 tollendum
2828 2523 2959 2562 esse
3006 2522 3037 2560 e
3076 2504 3273 2560 medio
3320 2502 3721 2558 Theoctistum
3750 2513 3765 2564 ;

2111 2604 2311 2673 itaque
2345 2600 2746 2672 compositum~
2772 2599 3099 2672 negotium,
3131 2604 3199 2653 ut
3236 2612 3372 2652 cum
3402 2594 3478 2650 ad
3522 2592 3765 2649 Lausia-

2102 2708 2249 2747 .cum
2307 2690 2574 2745 exiturus
2631 2694 2789 2744 esset
2842 2688 3216 2744 Theoctistus
3284 2689 3417 2741 acta
3467 2680 3765 2738 referendi

2112 2781 2322 2855 gratia,
2351 2795 2506 2851 pone
2537 2779 2864 2850 imperator
2888 2793 3144 2848 sequens
3172 2776 3287 2830 hoc
3307 2778 3540 2830 tantum
3565 2770 3770 2827 vocife-

2114 2874 2369 2939 raretur,
2402 2891 2429 2919 «
2477 2867 2688 2924 Tollite
2746 2868 2928 2922 hunc.
2961 2887 2989 2917 »
3039 2865 3411 2921 Theoctistus
3468 2862 3671 2917 exiens
3712 2863 3771 2915 et

2115 2957 2553 3030 aliquantulum
2625 2972 2996 3029 progressus,
3054 2960 3124 3010 ut
3194 2950 3469 3025 cognovit
3535 2952 3772 3020 signum

2116 3049 2342 3118 datum,
2369 3047 2506 3119 fuga
2527 3046 2781 3102 salutem
2802 3060 3014 3118 parare
3033 3048 3284 3099 conatus
3303 3056 3507 3097 versus
3537 3040 3775 3096 Circum

2115 3140 2192 3196 ad
2217 3139 2443 3194 curiam
2474 3137 2581 3208 (ibi
2613 3135 2774 3191 enim
2806 3140 2949 3191 tunc
2999 3132 3343 3190 secretariis
3386 3135 3514 3187 erat
3541 3129 3776 3199 domus)

2118 3245 2297 3285 cursu
2327 3225 2660 3284 contundit.
2685 3224 2799 3280 Sed
2827 3240 2985 3279 unus
3015 3240 3050 3279 a
3070 3222 3276 3279 multis
3303 3218 3775 3291 comprehensus

2117 3334 2363 3376 manere
2393 3322 2634 3373 coactus
2665 3320 2773 3386 est,
2808 3314 2999 3371 Barda
3029 3313 3231 3369 stricto
3278 3311 3474 3384 gladio
3513 3310 3774 3365 icturnm

2121 3425 2185 3465 se
2205 3412 2492 3476 minante,
2516 3407 2565 3461 si
2587 3405 2721 3476 quis
2743 3404 2977 3459 obstare
2999 3407 3101 3458 aut
3119 3400 3439 3457 defendere
3467 3398 3774 3453 hominem

2120 3501 2398 3555 tentaret.
2429 3495 2519 3551 Ad
2577 3494 2749 3566 Scyla
2805 3509 2943 3566 ergo
2974 3491 3188 3547 ductus
3246 3494 3355 3556 est,
3400 3490 3463 3544 in
3503 3484 3776 3543 custodia

2121 3587 2414 3659 tantisper
2443 3583 2837 3642 asservandus
2882 3582 3025 3637 dum
3056 3580 3128 3636 de
3180 3581 3309 3652 ipso
3347 3579 3604 3635 ferretur
3633 3591 3774 3632 sen-

2122 3678 2327 3733 tentia.
2360 3675 2619 3730 Tandem
2651 3689 2787 3729 cum
2817 3688 2939 3727 non
2968 3671 3269 3726 videretur
3313 3685 3384 3724 ex
3412 3684 3523 3724 usu
3553 3669 3620 3721 ut
3649 3664 3780 3720 diu-

2122 3769 2242 3823 tius
2262 3766 2503 3834 viveret,
2532 3781 2606 3819 ne
2637 3762 2780 3835 quid
2812 3764 3075 3835 Augusta
3104 3759 3437 3828 moliretur,
3462 3754 3782 3829 quemdam

2124 3873 2193 3912 ex
2224 3854 2539 3911 sodalitate
2568 3854 2815 3908 mittunt
2845 3851 2947 3922 qui
2976 3849 3174 3922 gladio
3203 3848 3512 3903 hominem
3540 3844 3789 3900 obtrun-

2123 3948 2236 3998 cet.
2268 3943 2639 3997 Theoctistus
2667 3939 2823 3997 958
2860 3939 3067 3993 stricto
3112 3952 3253 3992 ense
3302 3935 3462 3990 hunc
3490 3934 3554 3988 in
3600 3949 3664 3988 se
3698 3933 3786 3986 ire

2121 4047 2375 4086 cernens
2406 4028 2663 4084 evitandi
2717 4029 2871 4083 ictus
2918 4042 3098 4082 causa
3140 4038 3452 4080 scamnum
3481 4019 3786 4092 quoddam

2121 4119 2305 4176 subiit
2333 4136 2346 4172 :
2379 4119 2484 4173 sed
2514 4118 2693 4189 periit
2719 4121 2921 4171 ventre
2953 4115 3035 4170 ita
3059 4114 3367 4169 vulnerato
3398 4117 3465 4166 ut
3494 4109 3786 4165 intestina

2123 4208 2592 4265 effunderentur.
2639 4206 2828 4277 Hujus
2886 4205 3132 4259 interitu
3178 4201 3414 4274 cognito
3473 4196 3784 4253 Manuelus

2125 4299 2327 4355 statim
2354 4298 2417 4353 in
2446 4297 2644 4353 aulam
2665 4295 2829 4350 venit
2853 4310 2867 4361 ;
2890 4295 3198 4364 ferturque
3229 4290 3303 4347 ad
3333 4289 3589 4345 Bardam
3613 4286 3786 4357 quasi

2125 4388 2324 4444 divino
2350 4388 2549 4443 furore
2581 4384 2851 4441 concitus
2880 4383 3100 4438 dixisse
3127 4399 3140 4436 :

347 4473 694 4550 ἐκπέμπουσί
749 4495 869 4530 τινα
918 4479 1027 4529 τῶν
1086 4481 1186 4543 τῆς
1244 4474 1510 4551 ἑταιρείας
1571 4478 1682 4550 (42)
1733 4462 1936 4552 γυμνὸν
1995 4475 2261 4532 ἐπισεῖσαι
2310 4475 2373 4530 τὸ
2430 4474 2580 4553 ξίφος
2656 4472 2827 4544 αὐτῷ.
2879 4469 3051 4532 Οὗτος
3116 4469 3321 4547 ξιφήρη
3397 4465 3491 4520 τὸν
3543 4462 3785 4538 ἂνθρω-

1550 4577 1921 4633 XYLANDRI
1959 4579 2046 4632 ET
2085 4576 2304 4632 GOARI
2345 4576 2571 4632 ΝΟΤᾹΞ.

425 4671 541 4745 (39)
572 4672 760 4729 Credo
793 4674 876 4728 ita
899 4672 1374 4744 intelligendam,
1406 4673 1661 4729 voluisse
1683 4675 2018 4731 Manuelum
2051 4677 2097 4741 D
2130 4679 2248 4730 tam
2300 4674 2605 4745 aerarium;
2635 4670 3109 4745 administrasse,
3161 4672 3354 4745 atque
3393 4663 3526 4745 ide_o
3584 4675 3784 4745 coram

350 4742 437 4797 ibi
472 4742 734 4816 sepeliri.
769 4746 907 4799 XYL.

421 4815 542 4894 _(4_0)
572 4816 714 4894 Q_uaa
743 4817 806 4894 in
837 4815 1366 4894 senatuautalias
1396 4821 1778 4894 acta_essent,
1824 4819 2014 4873 Theo-

352 4888 568 4940 ctistus
597 4888 919 4943 Theodoreti
952 4893 1080 4943 erat
1109 4888 1498 4951 indicaturus,
1525 4889 1618 4944 Sic
1642 4895 1702 4944 et
1732 4892 2012 4957 Zonaras,

355 4973 703 5038 quanquam
733 4960 976 5038 ἀναφορά
1007 4959 1276 5038 fortassis
1334 4960 1563 5038 aliquid
1611 4962 1773 5017 aliud
1820 4965 2017 5038 potest

355 4977 703 5038 quanquam
733 4979 976 5087 αναᾶοορα
1007 4977 1276 5013 mrtassns
1334 4977 1411 5014 an
1462 4977 1563 5014 uia
1611 4977 1773 5017 anna
1820 4977 2014 5032 p0tesv;

354 5029 715 5109 significare,
753 5049 819 5109 re_
862 5033 979 5086 itus
1006 5031 1292 5085 nimirum
1314 4977 1585 5109 pubflicos
1609 5049 1903 5109 Equorum
1925 5032 2014 5087 di-

353 5099 638 5175 ligentem
668 5105 923 5175 gessisse
958 5118 1185 5175 curam.
1236 5099 1434 5156 et'rei
1475 5099 1735 5175 publica:
1783 5104 2013 5169 utilem,

352 5171 851 5253 Theodoram,_ex
874 5173 1101 5253 eodem
1135 5173 1344 5243 liquet.
1379 5171 1688 5253 Sed—prius
1739 5176 2014 5253 prmfgro,

355 5244 503 5312 quia
523 5244 605 5327 ode
636 5246 841 5327 Bai-das
871 5245 1116 5327 interitu
1148 5261 1283 5299 cum
1314 5244 1783 5327 agitur—ppstea;
1806 5247 2014 5327 eadem

350 5317 573 5396 vox‘sic
589 5324 890 5396 usurpata
920 5322 1025 5396 est.
1062 5317 1200 5370 XYL.
1237 5345 1303 5356 ——
1326 5319 1482 5396 Apta
1502 5317 1783 5387 referendi
1828 5320 2018 5396 gratia

354 5388 545 5466 vertit
589 5388 907 5466 Xylander.
959 5389 1244 5466 Quaenam
1295 5388 1484 5466 a_cta_?
1524 5406 1688 5466 _non_
1736 5390 2011 5466 explicat.

355 5457 593 5532 I_)_einde
614 5457 955 5532 profecturo
991 5458 1235 5530 quidem
1260 5458 1334 5513 ad
1355 5460 1642 5530 palatium
1669 5457 2014 5532 Lausiacum

357 5528 697 5606 Tbeoctisto
719 5528 1036 5606 logotheta';
1058 5546 1221 5606 mors
1243 5528 1373 5585 erat
1386 5538 1619 5602 parata:
1648 5550 1847 5589 verum
1882 5531 2015 5604 μετὰ

354 5598 460 5666 τήν
491 5596 762 5684 διοίκησιν
784 5596 912 5676 post
961 5596 1408 5684 administratum
1447 5606 1572 5675 jam
1624 5622 1837 5671 munus,
1882 5596 2016 5659 'non

359 5673 528 5798 quasi
563 5675 624 5728 in
654 5673 920 5759 futurum
952 5681 1076 5729 acta
1108 5673 1167 5727 in
1203 5673 1482 5753 Lausiaco
1514 5678 1793 5733 relaturus
1822 5676 2016 5731 adhuc

384 5750 535 5798 oret.
561 5746 755 5798 Satius
786 5749 989 5798 dixero
1033 5745 1434 5798 Theoctistum
1465 5747 1624 5798 hunc
1653 5755 1721 5798 ut
1749 5748 2016 5798 logothe-

384 5748 535 5801 'oret.
561 5746 755 5802 Satius
786 5749 989 5803 dixero
1033 5743 1434 5800 Theoctistum
1465 5747 1624 5805 hunc
1653 5755 1721 5806 ut
1749 5748 2017 5822 logothe-

2127 4747 2488 4817 imperatore
2516 4743 2613 4800 vel
2643 4744 2774 4815 ejus
2805 4742 3057 4817 consilio
3088 4732 3261 4817 :ttﬁpt-
3287 4742 3388 4817 τῆς
3438 4738 3567 4817 τῶν.
3593 4732 3787 4817 ἀναφο-

2126 4805 2236 4888 ρῶῦ
2288 4812 2614 4886 διοικήσεως
2656 4805 2750 4888 de
2785 4815 2957 4888 regiis
3003 4805 3271 4888 reditibus
3323 4816 3375 4864 et
3427 4805 3786 4888 vectigalibus

2126 4877 2366 4959 illisque
2395 4877 2553 4943 recte
2596 4877 3088 4959 administrandis
3136 4882 3427 4959 disserere
3460 4877 3734 4959 debuisse
3765 4890 3779 4942 ;

2125 4977 2242 5031 quo
2270 4949 2563 5031 ‘peracto,
2621 4955 2757 5029 μετά
2809 4957 2909 5031 τὴν
2968 4953 3237 5031 διοίκησιν
3291 4955 3422 5020 τῶν,
3470 4949 3777 5031 ἀναφορῶν,

2123 5021 2509 5086 ᾱάηιίήὶεεναιο
2551 5021 2810 5096 ’θηὶιηετα
2870 5021 2933 5083 in
2999 5021 3348 5082 Lausiacum
3401 5021 3778 5096 profeoturus

2126 5108 2291 5169 erat;
2324 5119 2440 5174 quo
2487 5102 2549 5157 in
2600 5091 2814 5174 itinere
2851 5116 3023 5174 mors
3075 5091 3420 5174 parabatur:
3459 5091 3779 5174 ’ᾼναφοριῖρν

2125 5160 2325 5248 autem
2343 5160 2453 5231 'hic
2481 5175 2611 5248 lego
2642 5168 2991 5248 énb‘t06_&v_
3015 5160 3212 5248 αφορά.
3247 5164 3572 5248 Αιίρρηίω
3602 5160 3783 5248 dictio

2126 5244 2417 5321 ἀνάφορον,
2443 5236 2690 5318 ejusque
2713 5241 2939 5321 plurale
2966 5236 3247 5321 ἆναφόρων
3275 5236 3512 5321 nullum
3542 5247 3784 5321 sensum

2129 5306 2325 5389 potest
2355 5306 2733 5389 componere:
2757 5314 2912 5389 AYide
2944 5306 3270 5389 auctorem,
3300 5326 3359 5389 p:
3394 5310 3519 5362 555.
3553 5306 3729 5361 Goaa.

2201 5391 2318 5459 (41)
2352 5390 2456 5445 Ubi
2492 5382 2794 5444 secretarii
2826 5382 3279 5459 conveniebant.
3311 5382 3452 5459 Xvn.

2197 5445 2312 5530 (421'
2327 5462 2498 5516 Forte
2516 5477 2585 5515 ex
2604 5459 2747 5530 suis,
2772 5456 2873 5526 qui
2897 5456 2956 5509 in
2978 5470 3188 5530 necem
3205 5450 3525 5530 Tneoctisti
3547 5445 3784 5530 conspi-

2126 5520 2334 5588 rasset.
2350 5533 2625 5603 Alioquin
2646 5520 2903 5603 ἑταιρεῖαι
2922 5531 3063 5582 sunt
3071 5525 3444 5603 sodalitates,
3465 5520 3525 5576 id
3545 5524 3635 5575 est
3654 5534 3785 5574 cer-

2126 5607 2223 5658 tus
2237 5598 2617 5659 militum—seu
2630 5598 2978 5673 stipatorum
2993 5598 3313 5673 aulicorum
3330 5599 3791 5673 cugtus,quarum

2125 5675 2357 5731 mentio
2382 5693 2503 5731 non
2529 5661 2902 5744 infrequens.
2926 5671 3069 5744 XifL.
3098 5700 3167 5712 -ς
3187 5667 3507 5744 Xylander,
3530 5661 3599 5721 ea:
3612 5661 3785 5744 soda-

2128 5746 2286 5801 litate
2308 5765 2330 5812 ;
2352 5763 2456 5819 ego
2479 5764 2550 5802 ex
2571 5736 2976 5814 conifarderatis
2996 5742 3139 5813 imp.
3162 5736 3578 5797 militantibus.
3605 5736 3782 5790 Goan.
