4184 6422
394 408 550 469 1043

1747 410 2068 471 GEORGII
2113 408 2459 470 CEDRENI

3652 363 3824 467 l044

391 562 491 598 πον
552 539 771 595 ἐπιόντα
829 537 959 595 ἰδὼν
1021 538 1185 595 ὑπὲδυ
1242 542 1475 613 σκάμνον
1534 542 1652 597 τινὰ
1708 545 1807 611 τὴς
1865 543 2087 618 πληγὴν
2151 544 2487 622 βουλόμενος
2549 544 2816 625 ἐκφυγεῖν·
2878 543 3026 601 ἀλλά
3082 543 3296 617 καιρίαν
3384 543 3521 601 κατᾶ
3579 546 3817 620 γαστέρα

398 634 633 704 πληγείς
692 634 800 686 τῶν
859 629 1097 707 ὲγκάτων
1158 629 1493 705 ἐκχυθέντων
1554 631 1701 706 αὐτῷ
1768 631 2012 709 παρεδόη
2074 638 2301 709 θανάτῳ.
2365 636 2467 691 Καὶ
2526 635 2553 688 ὁ
2616 633 2710 707 μὶν
2764 633 3090 695 Θεόκτιστος
3178 633 3415 709 ἀνῃρέθη
3473 636 3666 689 τοῦτον
3720 634 3817 688 τὸν

397 723 624 797 τρόπον,
663 722 761 789 τὴν
796 718 853 774 δὲ
880 720 1143 792 ἀναίρεσιν
1187 720 1353 772 αὐτοῦ
1409 721 1712 794 πυθόμενος
1750 724 1777 776 ὁ
1811 724 2077 791 Μανουήλ
2123 723 2276 786 εὐθὺς
2321 724 2422 792 ἧκε
2472 723 2604 799 πρὸς
2660 723 2726 778 τὰ
2781 721 3048 795 βασίλεια,
3099 724 3189 778 καὶ
3236 722 3415 795 ὥσπερ
3467 721 3819 783 ἐνθουσιάσας

401 811 575 868 εἰπεῖν
605 812 820 888 Λέγεται
849 808 984 883 πρὸς
1016 810 1105 861 τὸν
1136 807 1370 882 Βάρδαν·

512 937 686 995 Semel
713 951 835 991 ense
864 935 1113 991 districto
1145 936 1208 991 in
1243 936 1539 991 Theoctisti
1565 954 1770 1007 necem,

513 1009 856 1075 Quotidianis
882 1008 1167 1076 accingere
1189 1024 1359 1079 porro
1392 1009 1649 1065 cazdibus.

474 1136 523 1190 Α
552 1140 743 1190 morte
772 1133 1085 1189 Thesctisti
1132 1134 1351 1190 Bardas
1406 1135 1657 1190 caniclei
1715 1135 2064 1206 dignitatem

403 1225 466 1281 in
499 1240 561 1280 se
592 1222 916 1281 transtulit.
941 1222 1249 1279 Theodore
1276 1228 1495 1291 autem,
1522 1224 1783 1279 facinore
1808 1226 2063 1295 cognito,

403 1314 594 1385 passis
645 1313 998 1370 criminibus
1043 1330 1149 1384 per
1206 1313 1432 1385 regiam
1483 1313 1768 1369 discurrit
1817 1330 2066 1385 eamque

405 1402 686 1474 implevit,
724 1403 915 1460 tilium
942 1410 1000 1459 et
1020 1404 1265 1459 fratrem
1287 1403 1568 1458 conviciis
1593 1404 1857 1474 dirisque
1890 1420 2069 1475 agens

405 1494 783 1563 similemque
808 1494 893 1548 eis
920 1493 1230 1548 interitum
1254 1493 1611 1564 imprecaris.
1641 1493 1746 1557 Qui
1780 1510 1911 1548 cum
1938 1496 2070 1563 ejus

405 1600 526 1638 non
544 1582 766 1638 ferrent
784 1582 1267 1645 convicia,Barda
1282 1583 1520 1637 interim
1537 1599 1709 1638 suum
1727 1584 2066 1638 institutum

404 1678 674 1744 urgente,
690 1671 760 1727 de
776 1688 844 1727 ea
858 1688 1094 1742 quoque
1115 1671 1378 1727 tollenda
1394 1672 1747 1744 cogitarunt,
1765 1678 1829 1726 ut
1851 1672 2067 1727 deinde

403 1762 592 1818 libere
614 1777 683 1818 ac
703 1761 944 1819 nemine
966 1761 1240 1816 obstante
1262 1778 1365 1832 pro
1390 1778 1496 1817 suo
1519 1762 1720 1817 omnia
1746 1779 1918 1834 agere
1940 1781 2072 1834 pos-

408 1856 540 1906 sent
569 1850 832 1906 arbitrio.
868 1851 1034 1915 Quod
1059 1867 1194 1906 cum
1215 1851 1709 1922 deprehendisset
1738 1851 2067 1919 Theodore,

405 1946 472 1995 ut
502 1944 628 1995 erat
658 1940 876 1996 mulier
908 1956 1106 2011 sagax,
1139 1941 1540 1995 resistendum
1573 1957 1695 1995 non
1726 1949 1874 2008 rata,
1909 1942 2069 2012 quod

408 2030 600 2085 caedes
643 2036 703 2085 et
752 2030 1059 2102 sanguinis
1106 2030 1405 2087 fusionem
1459 2030 1829 2097 formidaret,
1863 2032 2070 2087 statuit

409 2118 749 2173 divitiarum
772 2119 833 2173 in
853 2118 1074 2191 regiam
1093 2125 1506 2190 congestarum
1527 2136 1815 2175 summam
1835 2121 2067 2175 senatui

412 2223 662 2279 expone,
694 2212 763 2262 ut
792 2214 851 2262 et
881 2208 988 2262 ﬁlii
1020 2207 1468 2280 profusionibus
1500 2210 1764 2264 obstaret
1813 2215 1872 2264 et
1900 2225 2069 2265 suam

2315 936 2493 1012 ξίφος
2523 936 2819 1012 γυμνώσας
2838 937 2923 1012 ⁸εἰς
2955 936 3277 1012 Θεοκτίστου
3308 936 3493 1012 φόνον,

2317 958 2493 1012 meo:
2523 957 2819 1010 γυμνωσας
2849 957 2923 997 εις
2955 957 3277 991 σεοκτιστου
3350 957 3493 1004 ονον,

2317 1008 2554 1079 ’Όπλιζε
2584 1010 2775 1063 σαυτὸν
2810 1008 2886 1070 εἷς
2918 1008 3122 1087 σφαγὰς
3154 1008 3274 1073 καθ’
3306 957 3538 1081 Σμὲραν,

2245 1133 2393 1189 Μετὰ
2447 1130 2504 1187 δὶ
2559 1134 2659 1202 τὴν
2716 1136 2815 1186 τοῦ
2873 1134 3199 1187 Θεοκτίστου
3259 1133 3469 1211 σφαγὴν
3532 1133 3560 1185 ὁ
3620 1130 3835 1206 Βάρδας

2172 1224 2272 1289 τὴν
2305 1226 2402 1277 τοῦ
2452 1219 2765 1277 κανικλείου
2824 1224 2994 1295 τιμὴν
3060 1222 3137 1283 εἷς
3194 1222 3380 1277 ἑαυτὸν
3432 1216 3830 1292 ἀνελάμϐανεν.

2171 1314 2233 1369 Ἰ]
2272 1311 2492 1385 βασιλὶς
2537 1309 2591 1366 δὲ
2652 1308 2906 1380 Θεοδώρα
2965 1311 3040 1372 ὡς
3094 1307 3292 1385 ᾔσθετο
3347 1314 3455 1365 τῶν
3516 1310 3838 1388 πεπραγμέ-

2172 1424 2303 1465 νων,
2342 1401 2645 1473 λυσίκομός
2701 1421 2784 1461 τις
2844 1394 2952 1462 ἔθει
3013 1402 3102 1455 καὶ
3162 1398 3419 1473 ὀδυρμῶν
3473 1398 3721 1471 ἐπλήρου
3773 1402 3845 1454 τὰ

2176 1491 2452 1567 βασίλεια,
2487 1491 2834 1566 ἀμφοτέρους
2865 1510 2922 1543 τε
2953 1490 3044 1543 τόν
3071 1511 3130 1543 τε
3160 1489 3275 1543 υἱὸν
3308 1488 3399 1543 καὶ
3452 1491 3547 1543 τὸν
3600 1487 3839 1564 ἀδελφὸν

2175 1580 2367 1658 λόγοις
2401 1578 2785 1640 όνειδιστικοῖς
2815 1580 2903 1633 καῖ
2940 1580 3096 1652 ἀραῖς
3129 1573 3407 1633 ὑπέϐαλλε
3436 1576 3525 1632 καὶ
3583 1582 3836 1632 τοιοῦτον

2175 1672 2401 1735 θάνατον
2433 1670 2694 1744 ὑποσχεῖν
2723 1672 3021 1744 κατηρᾶτο.
3081 1670 3148 1724 Οἱ
3209 1664 3267 1721 δὲ
3303 1667 3432 1728 τοὺς
3485 1664 3832 1740 ὀνειδισμοὺς

2171 1760 2374 1830 ταύτης
2459 1760 2531 1831 μὴ
2592 1760 2865 1837 φέροντες,
2926 1759 3039 1829 ἅμα
3098 1754 3154 1811 δὲ
3216 1756 3305 1810 καὶ
3366 1758 3393 1810 ὁ
3456 1753 3664 1830 Βάρδας
3715 1761 3830 1811 τῶν

2174 1851 2309 1903 αατά
2354 1851 2554 1903 σκοπὸν
2611 1847 2899 1922 ἐχόμενος,
2962 1846 3201 1921 ἔγνωσαν
3259 1847 3347 1899 καὶ
3405 1845 3607 1913 ταύτην
3665 1848 3835 1915 ποιή-

2173 1951 2362 2002 σασθαι
2396 1935 2641 1993 ἐκποδὼν
2669 1937 2756 1992 καὶ
2792 1936 2986 1991 λοιπὸν
3050 1934 3222 1996 ἀδεῶς
3269 1936 3360 1989 καὶ
3414 1932 3833 2007 ἀνεμποδίστως

2172 2030 2235 2085 τὸ
2287 2026 2477 2083 δοκοῦν
2538 2025 2979 2101 διαπρέττεσθαι.
3037 2027 3212 2099 ’Όπερ
3272 2023 3444 2094 ἐκείνη
3505 2025 3839 2101 καταφωράη

2174 2140 2308 2173 σασα
2365 2119 2476 2191 (καὶ
2533 2119 2636 2193 γὰρ
2705 2116 2771 2184 ἧν
2834 2113 2964 2169 ίδεῐν
3029 2115 3119 2169 καὶ
3180 2113 3549 2189 στοχάσασθαι
3602 2111 3825 2189 δυνατὴ)

2174 2208 2549 2281 ἀντιπράττειν
2586 2206 2680 2277 μὲν
2743 2205 2842 2259 οὐκ
2900 2205 3039 2275 ᾤετο
3100 2201 3234 2272 δεῖν,
3297 2204 3382 2275 [Ρ.
3444 2205 3569 2276 544]
3630 2203 3830 2280 φόνους

413 2296 997 2351 administrationem
1028 2296 1399 2366 pradicaret.
1434 2298 1647 2352 Vocato
1677 2313 1813 2369 ergo
1844 2298 1907 2352 in
1939 2314 2065 2352 con-

2177 2298 2263 2352 καὶ
2300 2297 2487 2371 χύσεις
2515 2296 2762 2367 αἱμάτων
2823 2293 3181 2368 ἐκφεύγουσα,
3231 2293 3321 2346 τὸν
3385 2289 3430 2345 δ’
3483 2291 3834 2365 ἐναποκείμε-

414 2385 649 2441 cionem
680 2390 913 2453 senatu,
946 2401 1147 2441 coram
1178 2385 1342 2441 clara
1371 2401 1527 2455 voce,
1559 2408 1588 2436 «
1614 2387 1753 2441 Auri
1794 2408 1818 2435 ι)
1851 2387 2068 2457 inquit,

414 2496 442 2525 «
474 2491 524 2529 Ρ.
560 2491 609 2528 c.
645 2474 987 2530 centenaria
1017 2474 1182 2529 mille
1209 2491 1277 2529 ac
1306 2477 1396 2542 90,
1418 2476 1642 2546 argenti
1677 2476 1750 2529 ad
1788 2482 1876 2529 ter
1906 2476 2073 2531 mille

412 2564 473 2619 in
531 2564 742 2620 aerario
801 2564 1187 2635 imperatorio
1237 2565 1499 2635 reposita
1555 2570 1717 2629 sunt,
1771 2566 1990 2635 partim
2040 2582 2074 2621 a

407 2655 622 2709 marito
654 2670 810 2720 meo,
862 2654 1078 2724 partim
1129 2660 1262 2724 post
1296 2657 1424 2725 ejus
1478 2654 1705 2710 obitum
1737 2672 1770 2710 a
1802 2672 1895 2709 me
1930 2672 2073 2710 con-

407 2748 590 2814 gesta.
627 2742 821 2798 Multas
845 2744 998 2800 059
1023 2759 1260 2813 quoque
1286 2748 1578 2813 praeterea
1609 2750 1668 2798 et
1695 2745 1871 2800 varias
1908 2762 2070 2816 Opes.

405 2832 471 2886 Id
501 2847 703 2888 coram
751 2830 919 2887 vobis
969 2831 1032 2887 in
1081 2832 1401 2902 praisentia
1444 2833 1630 2903 jacto,
1676 2838 1744 2888 ut
1791 2850 1865 2890 ne
1898 2834 2071 2889 facile

406 2920 557 2977 ﬁdes
587 2936 719 2976 meo
752 2919 875 2975 ﬁlio
907 2920 1259 2990 imperatori
1289 2925 1482 2977 vestro
1506 2921 1817 2990 habeatur,
1854 2924 1902 2979 si
1938 2930 2075 2994 post

409 3025 612 3066 meum
645 3025 676 3064 e
704 3009 869 3082 regia
896 3008 1229 3067 discessum
1262 3010 1422 3066 dicat
1446 3027 1538 3066 me
1571 3012 1794 3083 regiam
1829 3013 2068 3084 inopem

409 3098 749 3169 reliquisse.
801 3119 831 3149 ››
890 3098 1078 3155 Simul
1125 3104 1184 3154 et
1236 3105 1561 3170 quaestores
1621 3102 1816 3157 mrarii
1862 3102 2069 3159 adesse

403 3188 607 3262 jussit,
641 3188 739 3260 qui
772 3187 948 3244 verba
980 3188 1168 3260 ipsius
1194 3205 1331 3245 vera
1360 3206 1490 3245 esse
1524 3192 1719 3246 testati
1752 3197 1910 3247 sunt.
1937 3194 2073 3248 Pro-

408 3278 547 3336 inde
580 3277 864 3335 salutario
899 3282 1131 3347 senatu,
1160 3278 1323 3335 omni
1357 3295 1417 3335 se
1448 3279 1754 3337 iunctione
1790 3286 1849 3336 et
1879 3281 2072 3336 admi-

412 3367 765 3423 nistratione
796 3366 1088 3423 abdicavit
1119 3367 1461 3438 palatioque
1494 3370 1766 3426 excessit.

2178 2406 2267 2438 νον
2314 2389 2433 2445 τοῖς
2492 2382 2815 2456 ἀνακτόροις
2881 2378 3120 2435 πλοῦτον
3179 2375 3356 2454 ἔκρινε
3411 2381 3480 2452 τῇ
3542 2378 3838 2452 συγκλήτῳ

2179 2474 2512 2543 ποιήσασθαι
2543 2471 2793 2545 φανερὸν,
2827 2474 2926 2524 τοῦ
2976 2489 3035 2523 τε
3089 2470 3210 2522 υἱοῦ
3259 2469 3359 2537 τήν
3408 2469 3613 2542 ἀκρατῆ
3663 2464 3840 2522 δαπά-

2178 2583 2277 2633 νην
2305 2559 2599 2615 κωλύουσα
2653 2559 2743 2613 καὶ
2788 2559 2887 2627 τήν
2949 2554 3092 2611 ἰδίαν
3155 2557 3475 2629 οἰκονομίαν
3535 2557 3844 2632 κηρύττου-

2180 2674 2267 2709 σα.
2314 2653 2420 2720 Τῆν
2479 2648 2789 2723 σύγκλητον
2850 2648 2941 2701 οῦν
3003 2645 3411 2715 ἐκκλησιάσασα
3469 2646 3559 2701 καὶ
3614 2646 3692 2709 εἰς
3744 2646 3842 2701 ἐπ-

2181 2746 2346 2813 ήκοον
2381 2746 2548 2795 στᾶσα
2577 2739 2867 2799 τοιούτους
2897 2734 3134 2792 ἀπέδοτο
3184 2734 3406 2810 λόγους·
3446 2759 3474 2785 ‹‹
3514 2733 3682 2791 Χίλια
3716 2735 3838 2808 μὲν,

2180 2834 2225 2887 ὦ
2282 2830 2530 2905 πατέρες,
2589 2831 2726 2903 πρὸς
2794 2832 2914 2890 τοῖς
2998 2825 3350 2895 ἐννενήκοντα
3422 2829 3503 2897 τῷ
3567 2822 3841 2897 βασιλικῷ

2176 2921 2410 2995 ταμιείῳ
2470 2922 2679 2995 χρυσοῦ
2736 2916 3107 2971 ἐναπόκεινται
3189 2913 3533 2988 κεντηνάρια,
3595 2914 3838 2989 ἀργύρου

2181 3011 2238 3067 δὲ
2288 3012 2415 3065 ὡσεῖ
2459 3013 2624 3081 τριῶν
2681 3003 2980 3081 χιλιάδων,
3041 3006 3122 3058 ὧκ
3177 3004 3242 3058 τὰ
3305 3002 3620 3077 μὶνὸἆμὸς
3690 3004 3831 3077 ἀνὴρ

2180 3098 2595 3175 ἐπορίσστο,τὰ
2643 3094 2712 3151 δι’
2774 3095 2911 3164 αῦτή
2977 3092 3111 3167 μετά
3168 3092 3259 3147 τὸν
3316 3090 3518 3146 ἐκείνου
3577 3088 3834 3160 συνέλεξα

2180 3191 2425 3261 θάνατον,
2457 3186 2630 3248 ἀλλος
2669 3207 2725 3243 τε
2755 3185 2994 3245 πλοῦτος
3042 3180 3221 3244 πολὺς
3274 3182 3365 3236 καὶ
3410 3179 3684 3241 ποικίλος.
3735 3180 3837 3234 Διά

2178 3284 2339 3335 τοῦτο
2372 3276 2428 3333 δὲ
2457 3281 2648 3332 τοῦτον
2700 3273 3033 3347 ἐκπομπεῦω
3098 3273 3253 3342 ὑμῖν,
3310 3267 3387 3323 ἵν’
3446 3269 3490 3323 εἰ
3553 3268 3684 3342 μετά
3735 3271 3839 3338 τὴν

2178 3368 2317 3441 ἐμὴν
2349 3368 2455 3423 ἀπὸ
2485 3372 2595 3422 τῶν
2644 3363 2955 3438 ἀνακτόρων
3003 3357 3232 3415 κάθοδον
3261 3358 3289 3412 ό
3322 3356 3453 3429 ἐμὸς
3502 3352 3605 3435 ἔχῃ
3653 3356 3829 3431 λέγειν

410 3454 530 3517 υἱὸς
562 3455 648 3511 καὶ
688 3454 947 3528 ὑμέτερος
982 3453 1240 3528 βασιΛεὺς
1299 3455 1372 3516 ὡς
1421 3453 1575 3525 ἐνδεῆ
1633 3456 2009 3514 καταλέλοιπα
2065 3459 2131 3514 τὰ
2192 3458 2447 3533 βασίλεια
2504 3454 2768 3521 πλούτου,
2829 3452 2904 3525 μὴ
2964 3447 3206 3524 εὐχερῶς
3261 3446 3603 3516 πιστεύηται.
3641 3468 3670 3497 ››
3727 3447 3834 3503 Καὶ

412 3538 530 3616 ἅμα
597 3541 831 3617 λέγουσα
883 3544 1014 3604 τοὺς
1069 3548 1178 3598 τῶν
1241 3543 1541 3618 βασιλικῶν
1598 3547 1907 3620 χρημάτων
1964 3547 2163 3620 ταμίας
2211 3546 2445 3621 παρίστη
2503 3548 2615 3617 (43)
2671 3542 2761 3597 καὶ
2821 3539 3311 3614 συγκατανεύοντας
3364 3537 3488 3610 εἶχε
3555 3536 3695 3610 πρὸς
3760 3537 3830 3592 τὰ

410 3629 704 3707 λεγόμενα.
749 3631 851 3688 Καὶ
910 3633 945 3700 ἡ
1008 3632 1102 3703 μὲν
1165 3632 1387 3705 βασιλὶς
1444 3633 1728 3707 ἀσπασμὸν
1789 3633 1954 3692 δοῦσα
2010 3642 2079 3711 τῇ
2134 3635 2447 3712 συγκλήτῳ,
2498 3633 2587 3689 καὶ
2644 3632 2788 3706 πάσῃ
2847 3628 3087 3705 ἐνεργείᾳ
3143 3627 3235 3682 καὶ
3290 3623 3563 3695 διοικήσει
3625 3626 3829 3679 ἀποτα-

401 3718 628 3793 ξαμένη,
659 3714 820 3788 ἔξεισι
850 3722 948 3774 τοῦ
978 3720 1272 3778 παλατίου.

474 3809 586 3867 Sed
618 3827 759 3881 opes
789 3810 963 3882 regite
986 3816 1071 3866 tot
1101 3815 1401 3883 tantasque
1427 3814 1490 3869 in
1514 3815 1739 3871 nullius
1772 3820 2057 3873 momenti
2090 3822 2131 3888 α

406 3916 502 3955 res
532 3916 565 3956 a
611 3898 774 3956 fatuo
825 3899 1110 3956 Michaelo
1162 3910 1303 3957 sunt
1352 3904 1670 3974 prodactaa.
1706 3908 1848 3961 Cum
1905 3909 2066 3963 enim

403 3988 875 4061 aurigationibus
921 3989 1364 4060 impensissime
1408 3994 1827 4063 delectaretur,
1871 4014 2065 4069 neque

416 4095 589 4150 agere
622 4095 805 4148 equos
853 4079 915 4135 in
964 4079 1130 4135 Circo
1182 4081 1308 4152 ipse
1356 4089 1680 4153 recusaret,
1724 4102 1930 4141 eorum
1964 4088 2064 4156 qui

405 4185 605 4226 secum
636 4169 841 4226 ludere
875 4186 941 4225 ac
972 4175 1200 4227 certare
1228 4171 1340 4228 isto
1371 4172 1600 4229 ludicro
1628 4174 2065 4232 solebanttlliis

405 4276 435 4314 e
454 4276 620 4317 sacro
637 4259 990 4330 baptismate
1005 4261 1406 4332 suspiciendis
1423 4264 1631 4319 ﬁscum
1653 4266 2064 4335 exhauriebat,

399 4354 642 4404 centum
673 4348 972 4420 octoginta
1017 4356 1119 4406 aut
1150 4351 1226 4406 ad
1280 4352 1597 4408 minimum
1632 4356 2065 4427 quinquaginta

376 4437 709 4510 -largiendo
771 4438 1024 4510 singulis
1081 4439 1291 4496 libras.
1354 4442 1683 4498 Himerium
1744 4444 2061 4513 quemdam

391 4516 590 4597 (quasi
636 4532 1017 4582 mansuetum
1049 4529 1315 4584 diceres:
1371 4547 1508 4585 nam
1543 4534 1841 4588 contrario
1885 4551 2063 4591 sensu

385 4614 449 4670 id
476 4615 741 4670 nominis
772 4615 823 4669 ei
856 4615 929 4670 ob
964 4616 1157 4672 vultus
1207 4618 1506 4675 feritatem
1538 4620 1766 4677 factum
1799 4622 1928 4692 fuit)
1960 4604 2051 4694 pa;

394 4702 549 4757 tricii
582 4702 869 4774 dignitate
915 4720 949 4759 a
980 4721 1040 4760 se
1089 4711 1387 4768 ornatum.
1425 4710 1525 4779 qui
1558 4710 1858 4765 adulando
1892 4711 2058 4766 illum

395 4791 495 4861 qui
515 4789 749 4844 Tiberio
773 4791 940 4845 aﬁ'uit
964 4792 1295 4849 llimerium
1315 4796 1599 4867 vinceret,
1621 4805 1678 4853 et
1698 4800 1771 4854 ad
1797 4801 2062 4856 convivia

391 4878 744 4935 scurrilibus
801 4881 1066 4953 gestibus
1119 4884 1511 4957 turpibusque
1560 4887 1756 4942 verbis
1804 4889 2057 4958 luderet,

387 4968 887 5041 impudenterque
938 4971 1217 5028 audiente
1276 4974 1635 5047 imperatore
1692 4985 1750 5035 et
1801 4980 2060 5035 convivis

387 5058 652 5132 pederet,
677 5060 760 5116 ita
783 5065 848 5115 ut
869 5062 1090 5117 ventris
1116 5065 1345 5137 crepitu
1372 5068 1548 5123 etiam
1576 5086 1814 5125 cereum
1840 5071 2059 5126 exstin-

386 5154 612 5220 gueret,
648 5149 776 5205 auri
811 5149 982 5205 libris
1012 5160 1255 5209 centum
1287 5155 1544 5210 donavit.
1580 5160 1648 5211 Et
1678 5159 1916 5224 Cheilaa,
1949 5159 2049 5214 uni

2239 3818 2298 3871 ⁸0
2352 3813 2409 3870 δὶ
2465 3818 2573 3870 τῶν
2637 3809 2931 3887 βασιλείων
2983 3807 3226 3868 πλοῦτος
3283 3823 3544 3865 τοσουτος
3600 3800 3675 3857 ὥν
3731 3788 3825 3857 ml

2172 3904 2505 3975 τηλικοῦτος
2536 3902 2613 3967 εἷς
2660 3898 2917 3973 οὐδεμίαν
2978 3895 3261 3975 ἐχώρησεν
3324 3892 3509 3962 ὄνησιν
3565 3895 3633 3965 τῇ
3693 3892 3830 3947 ἀποι

2172 3993 2295 4065 νοίᾳ
2322 3997 2418 4050 τοῦ
2452 3989 2702 4067 Μιχαήλ.
2737 3992 2870 4049 Ταῖς
2897 3987 3000 4061 γὰρ
3047 3989 3156 4038 τῶν
3204 3981 3391 4037 ἵππων
3444 3979 3732 4055 ἁμίλλαις,
3787 3980 3842 4035 εἷ’

2173 4083 2273 4158 πέρ
2331 4103 2412 4145 τις
2478 4078 2682 4155 ἕτερος,
2740 4075 3123 4152 ἀγαλλόμενος
3178 4073 3268 4127 καὶ
3355 4074 3604 4158 ἡνιοχεῖν
3658 4071 3833 4125 ἐκεῖσε

2172 4171 2333 4235 αὐτὸς
2394 4171 2456 4225 οὗ
2512 4166 2973 4245 παραιτούμενος,
3032 4168 3143 4218 τῶν
3209 4154 3624 4234 συμπαιζὸντων
3683 4157 3833 4230 αὐτῷ

2173 4263 2259 4318 καὶ
2322 4259 2797 4334 συνηνιοχοῦντων
2878 4255 2968 4310 καὶ
3047 4248 3557 4324 συναμιλλωμὲοων
3619 4246 3679 4302 ἐκ
3730 4247 3830 4302 τοῦ

2173 4352 2320 4416 θείου
2352 4348 2778 4422 υἱοθετούμενος
2815 4345 2882 4400 τά
2909 4343 3069 4398 τέκνα
3097 4340 3475 4416 βαπτίσματος
3524 4337 3617 4391 τὸν
3671 4337 3825 4411 βασι-

2172 4441 2326 4497 λικὸν
2381 4440 2671 4496 κατεκὲνου
2723 4436 2988 4504 πλοῦτον,
3047 4433 3236 4487 ἑκατὸν
3324 4427 3670 4504 ὀγδοήκοντα
3733 4426 3828 4480 καὶ

2168 4532 2535 4607 τουλάχιστον
2568 4529 2903 4597 πεντήκοντα
2954 4528 3033 4595 τῷ
3080 4520 3393 4590 καθεκάστῳ
3450 4513 3831 4590 παρεχόμενος

2170 4605 2383 4695 λίτραςξ
2416 4618 2683 4675 Καίποτὲ
2730 4638 2838 4671 τινι
2889 4611 3039 4685 ἀνδρὶ
3090 4611 3148 4665 δν
3189 4606 3474 4683 πατρίκιον
3526 4605 3829 4695 ἐτιμήσατο

2168 4694 2430 4786 (Ἰμὲριος
2487 4706 2647 4767 οὗτος
2707 4703 2977 4767 ἐκαλεῖτο,
3040 4698 3129 4754 διὰ
3185 4699 3283 4766 τὴν
3352 4699 3450 4750 τοῦ
3524 4694 3827 4767 προσώπου

2166 4780 2330 4855 αὐτοῦ
2385 4796 2527 4853 οὕτω
2587 4793 2930 4868 καλούμενος
2987 4787 3124 4843 κατά
3185 4785 3500 4861 ἀντίφρασιν
3559 4780 3831 4868 ἀγριότη-

2164 4894 2270 4961 τα),
2329 4885 2589 4956 κολακείᾳ
2651 4863 3211 4957 μὶννῦπερϐἀλλοντι
3270 4873 3365 4928 τὸν
3426 4870 3513 4925 ἐπὶ
3568 4863 3823 4943 Τιϐερίου

2168 4957 2427 5054 Ἰμέριον,
2464 4967 2981 5050 βιυμολοχοῦντιδέ
3033 4966 3173 5023 κατὰ
3231 4964 3334 5054 τῆο
3395 4957 3673 5054 πρόπεζαν
3728 4958 3823 5013 καὶ

2164 5047 2628 5147 α’ῖσχρολογοῦννι
2657 5063 2747 5118 καὶ
2798 5057 3033 5120 ἀναιδῶς
3085 5050 3478 5128 ἀποπὲρδοντι,
3527 5047 3824 5109 ἀκούοντος

2164 5156 2220 5212 δὲ
2251 5136 2346 5211 τοῦ
2376 5136 2645 5230 βασιλέως
2692 5151 2922 5208 καὶτῶν
2984 5142 3332 5212 συνδείπνων,
3389 5143 3464 5202 ὼς
3510 5138 3598 5192 καὶ
3650 5136 3824 5211 κηρὸν

387 5237 457 5291 de
488 5239 667 5294 sociis
690 5256 931 5294 suarum
954 5242 1418 5315 aurigationum,
1444 5245 1634 5301 filium
1659 5263 1731 5301 ex
1756 5247 2049 5319 baptismo

2175 5209 2514 5301 ἱποσὸεννῦει
2566 5249 2644 5316 τῷ
2700 5240 2886 5316 ψόφῳ,
2946 5236 3181 5314 χρυσίου
3232 5229 3435 5287 δέδωκε
3493 5225 3688 5301 λίτρας
3750 5225 3819 5298 ρ’.

1603 5345 1962 5402 XYLANDRI
1991 5348 2077 5401 ET
2117 5348 2330 5404 GOARI
2372 5348 2593 5402 NOTAE.

464 5434 577 5505 (45)
604 5438 1021 5515 Hinc_insuper
1041 5438 1655 5515 οοηῆτωολογοίὶέτην
1682 5459 1809 5498 esse
1840 5460 2044 5515 supre-

393 5516 556 5559 mum
614 5511 962 5585 praefectum
1020 5511 1234 5585 aerarii.
1290 5511 1623 5585 Thedetisto
1676 5511 1933 5585 namque
1977 5532 2045 5571 eo

395 5587 643 5657 munere
671 5580 911 5657 fugente
942 5583 1161 5657 occiso,
1190 5589 1254 5637 ut
1281 5584 1425 5657 quid
1457 5585 1758 5640 Theodora
1789 5580 2044 5657 quaesto-

396 5597 643 5656 munere
671 5597 911 5703 lugente
942 5598 1161 5651 OCCISO,
1190 5597 1254 5637 ut
1285 5597 1425 5653 quid
1457 5597 1758 5640 'I'neodora
1789 5597 2043 5657 quaesto-

394 5658 491 5698 res
523 5653 666 5726 istos
697 5667 730 5704 a
776 5669 903 5726 esse
945 5653 1187 5726 juberet
1233 5656 1345 5710 nisi
1394 5661 1461 5710 ut
1506 5674 1683 5726 quam
1716 5665 2043 5713 memorato

393 5716 672 5781 prmfecto
700 5737 729 5773 e
761 5723 906 5775 vivis
946 5716 1208 5793 sublato,
1261 5743 1380 5780 non
1429 5716 1659 5797 poterat
1702 5730 1954 5801 populus
1986 5735 2045 5786 et

2158 5449 2399 5500 senatus
2431 5443 2647 5498 habere
2681 5438 2955 5495 notitiam
2988 5433 3179 5489 aerarii
3213 5449 3247 5486 a
3278 5429 3403 5486 ﬁlio
3435 5422 3723 5481 Michaele
3755 5422 3819 5477 in

2157 5522 2430 5587 sumptus
2460 5514 2705 5587 inutiles
2745 5505 3131 5587 dilapidandi,
3163 5504 3292 5587 ipsa
3324 5517 3428 5572 per
3460 5500 3815 5587 quaestores,

2155 5575 2454 5660 subjectos
2487 5585 2678 5660 aerarii
2696 5575 2990 5660 _cust§des
3023 5594 3116 5660 ac‘
3138 5575 3213 5660 εξηά

2154 5647 2329 5729 ειτόε,
2362 5658 2603 5715 aliunde
2635 5654 2813 5712 fidem
2845 5648 3117 5708 faceret?
3148 5647 3324 5701 Gesn.

3262 5565 3506 5628 manum
3558 5565 3814 5623 admini-
