4184 6418
315 415 476 478 1Ο45

1427 399 1981 468 HISTORIARUM
2024 400 2585 463 COMPENDIUM.

3584 396 3740 459 1046

312 548 417 607 Καὶ
450 546 619 606 Χειλᾶ
651 542 708 601 δὶ
735 548 833 599 τοῦ
864 546 1324 623 συνηνιοχοῦντος
1352 540 1500 613 αὐτῷ
1526 539 1619 596 τὸν
1645 539 1765 599 υἱὸν
1792 536 1853 592 ἐκ
1869 540 1967 591 τοῦ

2099 555 2412 627 suscipiens
2446 554 2575 613 auri
2611 552 2792 613 libras
2823 550 3069 613 totidem
3103 549 3258 607 dono
3307 549 3487 605 dedit.
3520 551 3607 606 Ita
3637 549 3737 605 ille

317 636 466 703 θείου
516 634 892 711 βαπτίσματος
951 631 1336 704 ἀναδεξάμενος
1384 629 1702 705 ἐδωρήσατο
1739 625 1972 704 χρυσίου

319 726 507 800 λίτρας
542 731 603 801 ρ’.
637 723 826 786 Οἰῖτως
849 723 1046 784 ἐκεῖνος
1072 722 1149 783 εἷς
1174 718 1328 775 οὒδὲν
1352 717 1469 774 δέον
1491 719 1558 773 τά
1580 716 1823 790 δημόσια
1841 735 1941 769 κατ
1957 747 1970 755 -

320 814 557 872 εόαπάνα
582 836 641 869 τε
669 813 755 868 κατ
790 811 1100 883 ἀνήλισκεν.
1132 809 1287 867 Ἐπεὶ
1335 806 1392 864 δὲ
1437 807 1585 871 ἐντὸς
1630 805 1823 882 ὀλίγου
1856 807 1974 866 ταῖς

320 905 596 967 τοιαύταις
647 903 904 977 ἀθέσμοις
962 900 1181 976 πράξεσι
1233 900 1326 957 τὸν
1386 896 1641 954 τοσοῦτον
1672 893 1980 953 κατεδαπά-

319 1016 451 1066 νησε
481 995 745 1062 πλοῦτον,
777 991 916 1061 ἦλθε
946 989 1002 1047 δὲ
1035 992 1063 1046 6
1088 994 1186 1060 τῆς
1236 988 1505 1063 διανομῆς
1539 994 1647 1045 τῶν
1678 986 2003 1062 βασιλικῶν⁴

320 1084 540 1159 δωρεῶν
585 1082 772 1157 καιρὸς
830 1081 917 1137 καὶ
978 1080 1284 1160 χρημάτων
1346 1080 1515 1154 πόρος
1549 1078 1648 1133 οὐκ
1674 1079 1759 1146 ἧν,
1790 1076 1890 1146 τήν
1922 1095 1981 1130 τε

320 1179 536 1250 χρυσῆς
563 1171 769 1239 ἐκείνην
819 1171 910 1224 καὶ
961 1168 1380 1243 πολυθρύλητον
1423 1167 1698 1223 πλάτανον
1731 1165 1820 1220 καὶ
1851 1164 1978 1225 τοὺς

326 1261 424 1318 δύο
456 1265 695 1338 χρυσοῦς
729 1259 948 1321 λέοντας
997 1259 1087 1315 καὶ
1135 1258 1264 1320 τοὺς
1325 1255 1419 1313 δύο
1476 1261 1707 1332 γρῦπας,
1741 1256 1981 1334 χρυσοῦς

324 1352 417 1408 καὶ
476 1350 672 1413 αὐτοὺς
740 1348 1127 1430 σφυρηλάτους
1185 1343 1367 1415 ὄντας,
1429 1346 1519 1402 κιὶ
1574 1346 1641 1401 τά
1698 1343 1981 1421 ὁλόχρυσα

327 1442 528 1515 ὄργανα
602 1439 691 1495 καὶ
765 1438 921 1513 ἕτερα
995 1436 1143 1513 ἔργα⁹
1223 1435 1293 1492 δι’
1367 1437 1441 1490 ὦν
1553 1437 1587 1506 ἡ
1687 1434 1979 1509 Ῥωμαίων

326 1529 662 1604 ἐθαυμάζετο
726 1526 998 1605 βασιλεία,
1061 1528 1235 1596 ὁλκὴν
1292 1522 1491 1603 ἔχοντα
1551 1522 1843 1579 διακοσίων
1883 1524 1981 1578 οὐκ

322 1617 550 1674 ἔλαττον
602 1618 990 1691 κεντηναρίων,
1054 1615 1330 1692 χωνεύσας
1390 1615 1620 1691 χαράξαι
1663 1611 1892 1670 δέδωκεν
1926 1613 1977 1667 ἐν

321 1713 403 1780 τῷ
436 1708 711 1785 βασιλικῷ
763 1706 1021 1778 ταμιτίῳ,
1083 1704 1490 1781 Παραπλησίως
1550 1701 1607 1757 δὲ
1636 1701 1859 1774 ἐποίησε
1889 1704 1979 1762 καὶ

320 1799 374 1855 έν
410 1797 633 1859 στολαῖς
669 1798 1003 1875 βασιλικαῖς,
1038 1798 1111 1851 ὧν
1172 1798 1226 1851 αἱ
1288 1797 1383 1869 μὲν
1415 1797 1551 1866 ἦσαν
1590 1795 1895 1876 ὁλόχρυσοι
1927 1797 1979 1850 αἱ

2082 645 2394 716 pecuniam
2410 644 2566 703 960
2585 643 2882 715 publicam
2898 638 3286 712 dilapidabat.
3303 638 3565 709 Cumque
3584 638 3742 693 brevi

2083 734 2366 805 tempo:is
2412 734 2601 807 spatio
2632 749 2737 808 per
2765 731 2931 789 nefas
2983 735 3147 784 tanta
3185 745 3328 799 opes
3357 725 3735 801 prodigisset,

2083 839 2151 878 ac
2184 822 2309 879 dies
2332 820 2706 897 imperatoris
2737 817 3162 879 donationibus
3193 815 3531 872 destinatus
3563 832 3743 889 appe-

2086 912 2365 977 tiisset,et
2376 910 2645 987 pecuniae
2661 908 2937 981 paranda)
2958 907 3110 962 ratio
3133 905 3433 971 deﬁceret,
3456 905 3747 961 famosam

2084 1001 2252 1057 illam
2285 1016 2528 1059 auream
2563 997 2872 1070 platanum
2899 997 3165 1071 duosque
3197 1012 3409 1052 aureos
3440 995 3645 1050 leones
3679 1012 3749 1051 ac

2087 1089 2378 1154 vultures,
2412 1094 2470 1143 et
2499 1087 2663 1159 ipsos
2696 1104 2764 1142 ex
2794 1103 2937 1142 auro
2958 1085 3190 1142 malleis
3212 1084 3746 1159 ductos,aliamque

2088 1178 2279 1235 solido
2312 1195 2383 1235 ex
2419 1194 2563 1237 auro
2587 1178 2799 1237 factam
2833 1175 3602 1251 supellectilem,operaque
3633 1192 3747 1231 cae-

2087 1273 2216 1327 tera
2246 1268 2319 1323 ob
2353 1284 2483 1340 quas
2527 1266 2777 1329 Romani
2810 1265 3186 1338 imperatoris
3232 1264 3291 1318 in
3349 1264 3745 1323 admiratione

2088 1363 2215 1415 erat
2250 1358 2429 1429 regia,
2463 1356 2713 1415 conﬂari
2745 1363 2804 1413 et
2833 1372 2903 1413 ex
2963 1355 3033 1410 iis
3062 1370 3263 1411 cusam
3320 1353 3635 1425 pecuniam
3684 1352 3747 1411 in

2088 1448 2363 1507 aerarium
2399 1463 2572 1504 suum
2614 1447 2823 1505 inferri
2876 1446 3079 1514 jussit.
3131 1442 3558 1519 Appendebant
3586 1442 3748 1501 haud

2087 1538 2286 1595 minus
2316 1538 2421 1593 200
2447 1536 2827 1593 centenariis.
2859 1535 3079 1591 Eodem
3113 1532 3289 1593 modo
3314 1532 3573 1591 vestibus
3605 1548 3748 1589 usus

2090 1633 2177 1683 est
2206 1626 2886 1698 imperatoriis.quarum
2910 1625 3041 1683 alia:
3061 1629 3197 1679 tota:
3225 1639 3419 1681 aureas
3449 1622 3581 1679 alias
3604 1637 3749 1678 auro

2087 1715 2422 1773 intertexta
2447 1719 2635 1770 erant.
2659 1715 2802 1769 Nam
2824 1720 2881 1768 et
2903 1714 3007 1769 has
3022 1710 3365 1771 conflandas
3382 1710 3571 1775 dedit;
3592 1708 3747 1780 quod

2088 1822 2163 1859 ne
2188 1805 2377 1869 ﬁeret,
2403 1809 2591 1860 morte
2615 1807 2948 1877 praaventus
2993 1806 3102 1862 est,
3129 1807 3193 1853 ut
3214 1817 3313 1855 eas
3345 1798 3593 1853 Basilius
3625 1798 3747 1852 im-

320 1885 380 1942 δὲ
412 1888 840 1965 χρυσοῢφαντοι,
890 1884 1144 1946 δεδωκὼς
1200 1889 1281 1957 τῷ
1339 1882 1526 1958 ε”δικῷ
1558 1885 1696 1940 ὥστε
1725 1885 1814 1939 καὶ
1845 1883 1979 1940 ταόφ

2099 1894 2241 1964 perii
2277 1909 2585 1951 successor
2615 1891 3000 1963 recuperarit.
3036 1890 3138 1945 Hic
3161 1888 3400 1959 quidem
3428 1904 3625 1942 rerum
3650 1905 3749 1959 po-

330 1999 429 2039 τας
460 1981 727 2053 χωνεῦσαι
758 1981 891 2046 (44).
926 1975 1039 2033 Οὐκ
1092 1975 1322 2049 ἔφθασαν
1367 1972 1424 2029 δὲ
1457 1982 1820 2052 χωνευθῆναι,
1850 1974 1980 2029 κάκ-

331 2072 473 2129 εἷνος
535 2066 585 2136 ἐξ
644 2066 945 2139 ἀνθρώπων
999 2064 1222 2139 ἐγένετο,
1287 2068 1367 2141 [Ρ.
1402 2068 1528 2138 545]
1578 2064 1666 2119 καὶ
1699 2063 1984 2127 Βασίλειος

325 2157 427 2225 τήν
456 2155 637 2232 ἀρχὴν
688 2152 956 2225 διεδέξατο
998 2154 1088 2208 καὶ
1124 2153 1321 2215 ταύτας
1371 2152 1732 2210 ἀνεκαλέσατο
1773 2151 1832 2207 ἐκ
1859 2175 1980 2208 τοσ-

331 2247 487 2303 ούτοο
524 2244 769 2301 πλούτου
804 2241 971 2317 μηδὲν
1024 2241 1269 2318 εὑρηκὼς
1326 2241 1495 2299 πλέον
1530 2240 1719 2315 ἀλλ’ἢ
1755 2243 1985 2318 χρυσίου

338 2336 434 2409 μὲν
474 2334 796 2409 κεντηνάρια
844 2334 990 2408 τρία,
1055 2331 1407 2407 μιλιαρισίων
1438 2330 1494 2387 δὲ
1525 2334 1719 2387 σακκία
1748 2332 1913 2388 ἐννέα*
1950 2333 1982 2389 ἃ

2092 1984 2241 2040 titus
2265 2001 2336 2039 ex
2366 1983 2542 2041 tantis
2594 1982 2811 2038 divitiis
2848 1980 2993 2035 nihil
3039 1979 3248 2055 reliqui
3279 1979 3502 2032 invenit
3532 1983 3749 2049 praeter

2092 2072 2222 2128 auri
2258 2072 2634 2128 centenarios
2663 2077 2785 2127 tres
2816 2076 2873 2125 et
2903 2077 2963 2125 et
2994 2068 3442 2123 miliarisiorum
3480 2065 3743 2122 sacculos

2096 2179 2341 2229 novem;
2376 2162 2591 2235 quibus
2621 2162 2683 2217 in
2716 2167 2991 2218 senatum
3015 2158 3211 2217 allatis
3261 2156 3587 2229 deploravit
3618 2157 3745 2212 ino-

2096 2253 2280 2324 piam,
2325 2259 2383 2309 et
2411 2252 2570 2307 unde
2618 2250 2842 2327 publici
2887 2249 3152 2306 defectus
3192 2246 3473 2303 exsarciri
3506 2251 3750 2323 possent

2092 2341 2424 2401 deliberare
2439 2341 2642 2412 jussit.

332 2424 425 2481 καὶ
458 2422 822 2499 δημοσιεῦσας
852 2421 940 2479 ἔπὶ
970 2428 1069 2492 τῆς
1103 2423 1413 2496 συγκλήτου
1444 2418 1767 2498 ἀπωδύρετο
1798 2424 1897 2494 τήν
1929 2424 2161 2503 ἀπορίαν
2193 2429 2279 2483 καὶ
2314 2428 2377 2483 τὸ
2435 2428 2597 2492 πόθεν
2632 2427 2693 2482 ἄν
2723 2424 3128 2501 έκπληρωθεῖεν
3161 2425 3216 2478 αἱ
3245 2421 3505 2497 δημόσιοι
3540 2427 3748 2500 χρεῖαι.

404 2515 563 2575 Ἐθος
598 2511 645 2567 δ’
676 2511 914 2586 ἐχούσης
961 2520 1063 2581 τῆς
1122 2509 1408 2587 βασιλίδος
1454 2510 1739 2587 Θεοδώρας
1778 2514 1988 2571 ἀπιέναι

329 2606 466 2680 πρὸς
496 2605 589 2659 τὸν
657 2604 712 2657 ἐν
775 2600 1111 2681 Βλαχέρναις
1159 2610 1260 2672 τῆς
1320 2601 1585 2657 Θεοτόκου
1654 2608 1800 2667 θεῖον
1836 2604 1988 2675 ναὸν,

325 2693 443 2764 ἅμα
476 2693 571 2765 μὲν
602 2693 1021 2766 προσκυνήσεως
1080 2693 1261 2766 χάριν,
1321 2691 1437 2763 ἃμα
1494 2687 1552 2745 δὲ
1609 2692 1698 2745 καὶ
1748 2690 1988 2768 λουτροῦ

331 2783 599 2855 μετὰτῶν
655 2782 849 2850 ἑαυτῆς
904 2781 1234 2855 θυγατέρων,
1292 2781 1405 2836 ἐπεί
1455 2802 1591 2836 ποτε
1641 2776 1783 2858 ἔγνω
1815 2782 1984 2852 αὐτὴν

336 2870 509 2926 ἐκεῖσε
565 2873 900 2951 φοιτήσασαν
959 2871 987 2926 6
1043 2868 1299 2945 βασιλεὺς
1355 2870 1441 2924 καὶ
1503 2870 1531 2924 6
1586 2872 1788 2942 ταύτης
1822 2872 1985 2945 ὁμαί-

340 2982 458 3034 μων
514 2957 748 3036 Βάρδας,
831 2964 1116 3037 Πετρωνᾶν
1200 2959 1594 3034 ἐκπέμψαντες,
1668 2960 1726 3014 ’ὀν
1815 2959 1984 3032 αὐτῆς

332 3049 565 3131 ἀδελφὸν
627 3052 761 3107 εἶναι
819 3049 1021 3107 ἄνωθεν
1080 3052 1107 3105 6
1166 3050 1334 3125 λόγος
1393 3048 1707 3126 ἐγνώρισεν,
1767 3050 1987 3107 ἀποκεί-

333 3162 488 3218 ρουσι
521 3143 772 3217 μοναχὴν
821 3140 913 3196 σὺν
973 3146 1093 3207 ταῖς
1148 3140 1465 3221 θυγατράσι,
1498 3142 1587 3197 καὶ
1620 3139 1671 3195 έν
1702 3146 1819 3204 τοῖς
1851 3142 1988 3198 κατά

325 3233 396 3287 τά
464 3235 731 3307 Καριανοῦ
786 3230 1104 3307 ἀνακτόροις
1181 3232 1319 3292 τέως
1386 3230 1810 3307 περιορίζουσιν,
1879 3232 1983 3310 ἀφ-

326 3319 585 3394 ελόμενοι
614 3320 703 3375 καὶ
758 3319 811 3377 S'v
866 3320 1020 3395 εἶχον
1075 3321 1130 3374 αἱ
1180 3325 1343 3375 πᾶσαι
1392 3318 1655 3391 πλοῦτον,
1690 3317 1985 3385 ἰδιωτικῶς

328 3411 428 3480 ζῇν
487 3405 613 3462 ἀλλ’
675 3407 736 3463 οὐ
802 3408 1107 3483 βασιλικῶς
1159 3406 1522 3479 ἐπιτάξαντες.
1586 3406 1739 3464 Ἀλλ’
1799 3411 1835 3478 ἡ
1890 3410 1985 3481 μὲν

332 3493 588 3570 Θεοδώρα
622 3498 736 3569 μετ’
785 3496 847 3550 οὐ
903 3492 1048 3550 πολὺ
1100 3501 1209 3553 τῶν
1260 3493 1392 3570 τῃδε
1428 3496 1763 3571 μεθίσταται·
1797 3498 1865 3568 ἧς
1893 3499 1987 3553 τὸν

331 3586 517 3659 νεκρὸν
583 3585 719 3659 μετᾶ
774 3588 940 3640 ταῦτα
997 3584 1323 3660 βασιλεύσας
1353 3586 1380 3639 6
1415 3584 1726 3655 Βασίλειος,
1777 3586 1866 3642 καῖ
1891 3588 1988 3651 τὰς

334 3675 509 3744 αὐτῆς
548 3675 860 3751 θυγατέρας,
894 3677 1030 3751 πρὸς
1080 3675 1142 3729 τὸ
1197 3682 1296 3744 τῆς
1344 3675 1598 3748 Μάμμης
1646 3675 1991 3746 ἐξαπέστειλε

338 3766 703 3840 μοναστήριον
786 3762 1168 3834 ἐνδιαιτᾶσθαι,
1231 3766 1261 3818 ὅ
1320 3763 1552 3838 Γάστρια
1623 3766 1988 3837 κατονομάζε-

331 3874 443 3907 ται.
502 3856 670 3912 Ἧσαν
730 3851 787 3908 δὲ
850 3859 919 3929 τῇ
978 3854 1203 3928 τοιαύτῃ
1290 3849 1530 3933 βασιλίδι
1615 3853 1832 3927 ἄρρενες
1892 3855 1988 3928 μὲν

335 3937 563 4021 ἀδελφοὶ
596 3941 715 4011 δύο,
775 3942 805 3997 ὅ
858 3964 916 3998 τε
977 3942 1411 4021 μηχανοῤῥάφος
1468 3942 1624 4011 οὗτος
1659 3941 1871 4019 Βάρδας
1899 3943 1989 3998 καὶ

334 4033 364 4087 ὁ
429 4036 729 4109 Πετρωνᾶς,
788 4031 1019 4111 ἀδελφαὶ
1080 4034 1137 4089 δὲ
1192 4039 1360 4110 τρεῖς,
1420 4033 1612 4111 Σοφία,
1675 4035 1859 4111 Μαρία
1900 4036 1991 4091 καὶ

334 4120 570 4196 Εῗρήνη,
626 4125 701 4178 ὢν
760 4125 795 4195 ἡ
858 4124 953 4197 μὲν
1014 4123 1188 4202 Σοφία
1249 4123 1640 4199 Κωνσταντίνῳ
1677 4126 1881 4195 συνήθη
1912 4130 1993 4197 τῷ

334 4207 707 4289 Βαϐουτζίκῳ,
790 4212 864 4276 εἷς
943 4213 1276 4288 μαγίστρους
1332 4211 1600 4285 τελοῦντι,
1672 4214 1879 4289 Εἰρήνη
1936 4211 1994 4270 δὲ

339 4303 551 4376 Σεργίῳ
608 4301 904 4377 πατρικίῳ,
964 4299 1186 4379 ἀδελφῷ
1252 4302 1586 4379 τυγχάνοντι
1645 4303 1864 4359 Φωτίου
1898 4308 1994 4360 τοῦ

340 4393 476 4463 μετά
532 4395 697 4447 τοῦτα
781 4392 1150 4467 πατριάρχου,
1241 4392 1331 4445 καὶ
1383 4394 1417 4462 ἡ
1472 4392 1657 4470 Μαρία
1714 4389 1995 4468 Ἀρσαϐἠρ

335 4480 637 4557 μαγίστρῳ,
696 4477 852 4555 ἀνδρὶ
900 4480 1128 4557 γενναίῳ
1183 4481 1270 4535 καὶ
1327 4479 1378 4537 ἐν
1432 4486 1550 4546 τοῖς
1607 4483 1732 4538 τότε
1770 4488 1987 4558 καιροῖς

2172 2521 2397 2573 Praeter
2446 2520 2592 2585 haec,
2654 2533 2789 2575 cum
2855 2516 3159 2571 Theodora
3224 2515 3633 2569 consuevisset
3680 2513 3753 2569 ad

2098 2608 2302 2664 fanum
2317 2608 2581 2681 Deiparaa
2606 2606 3041 2663 Blachernense
3064 2603 3456 2674 itare,partim
3472 2602 3753 2674 precandi

2099 2713 2339 2753 causam
2359 2698 2575 2767 partim
2592 2702 2655 2751 ut
2678 2712 2811 2753 cum
2831 2694 3067 2751 ﬁliabus
3100 2693 3223 2747 suis
3251 2691 3753 2763 lavaret,quodam

2098 2792 2365 2859 tempore
2397 2802 2465 2840 eo
2511 2786 2700 2856 ipsam
2734 2801 2796 2839 se
2840 2783 3163 2839 contulisse
3216 2781 3754 2837 animadvertentes

2098 2877 2422 2947 imperator
2453 2880 2510 2929 et
2542 2873 2782 2941 Bardas,
2807 2873 2986 2944 hujus
3017 2871 3364 2932 avunculus.
3407 2872 3755 2937 Petronum,

2098 2982 2274 3035 quem
2298 2965 2491 3037 ipsum
2516 2963 3009 3035 quoquefratrem
3033 2960 3217 3016 fuisse
3233 2959 3554 3015 Theodorus
3576 2976 3755 3032 supra

2096 3052 2491 3118 ostendimus,
2533 3052 2802 3117 mittunt,
2846 3051 2945 3124 qui
2979 3066 3110 3109 eam
3164 3055 3223 3107 et
3281 3049 3431 3109 tilias
3490 3049 3755 3105 detonsis

2099 3146 2247 3201 961
2277 3143 2541 3203 crinibus
2565 3143 2886 3200 monachas
2904 3141 3101 3199 faciat.
3127 3140 3340 3201 ltaillas
3364 3141 3427 3200 in
3448 3146 3753 3213 posterum

2099 3234 2162 3291 in
2210 3233 2443 3290 Cariani
2476 3233 2764 3305 palatium
2816 3232 3115 3304 relegatae,
3160 3230 3558 3302 omnibusque
3608 3245 3755 3303 quas

2096 3322 2479 3394 possidebant
2513 3321 2725 3395 opibus
2758 3320 3047 3393 spoliatae,
3078 3335 3199 3377 non
3229 3318 3413 3392 regio,
3442 3317 3545 3372 sed
3564 3317 3753 3395 priva-

2096 3418 2292 3467 torum
2322 3412 2452 3469 vitm
2510 3426 2725 3485 genere
2760 3427 2882 3465 usae
2928 3413 3091 3465 sunt.
3142 3408 3339 3480 Neque
3389 3407 3577 3463 multo
3622 3412 3755 3478 post

2098 3502 2404 3558 Theodora
2435 3518 2465 3555 e
2511 3501 2650 3557 vivis
2693 3497 2987 3556 discessit.
3037 3497 3175 3571 Ejus
3208 3496 3457 3554 cadaver
3504 3496 3754 3556 Basilius

2101 3591 2427 3664 imperator
2457 3595 2516 3645 et
2546 3589 2701 3645 ﬁlias
2725 3590 2854 3660 ejus
2876 3589 2937 3642 in
2956 3588 3096 3643 avias
3119 3586 3550 3642 monasterium
3566 3590 3755 3641 trans-

2100 3683 2258 3749 tulit,
2292 3683 2451 3753 quod
2496 3682 2725 3737 Gastria
2754 3679 3194 3735 nominabatur.
3220 3677 3435 3739 Habuit
3455 3677 3763 3733 Theodora

2100 3773 2315 3837 fratres
2347 3771 2519 3835 duos,
2546 3771 2901 3830 insidiosum
2926 3770 3084 3831 hunc
3108 3768 3358 3829 Bardam
3388 3769 3672 3825 nimirum
3705 3773 3763 3825 et

2099 3862 2445 3923 Petronam.
2481 3877 2714 3917 sorores
2763 3864 2907 3925 tres,
2940 3858 3243 3929 Sophiam,
3277 3857 3516 3913 Mariam
3551 3862 3609 3911 et
3638 3858 3761 3914 Ire-

2100 3965 2261 4005 nem.
2284 3950 2362 4004 Ex
2382 3948 2472 4005 his
2505 3948 2722 4018 Sophia
2750 3947 2955 4017 nupsit
3005 3944 3396 4003 Constantino
3429 3944 3760 4015 Babutzico,

2101 4038 2202 4110 qui
2256 4037 2520 4109 magistri
2581 4037 2866 4093 honorem
2924 4034 3176 4105 adeptus
3207 4038 3338 4102 est;
3381 4035 3555 4089 Irena
3610 4049 3762 4089 uxor

2102 4126 2284 4195 Sergii
2317 4125 2581 4197 pratricii
2614 4124 2742 4190 fuit,
2766 4123 2967 4183 fratris
2987 4122 3180 4181 Photii
3206 4123 3332 4195 ejus
3351 4122 3451 4194 qui
3474 4122 3762 4196 posmodo

2101 4219 2439 4291 patriarcha
2458 4223 2547 4275 est
2589 4218 2808 4287 factus;
2834 4216 3075 4273 Mariam
3115 4215 3281 4273 duxit
3296 4215 3554 4274 Arsaber
3575 4217 3763 4283 magi-

2105 4313 2243 4369 ster,
2270 4307 2356 4364 vir
2384 4305 2707 4378 prmclarus
2729 4321 2917 4375 eoque
2947 4310 3211 4376 tempore
3233 4303 3505 4363 illustris.
3541 4305 3761 4367 Omnes

2102 4396 2270 4453 fuere
2301 4395 2493 4451 forma
2523 4393 2780 4466 eleganti
2814 4399 2872 4448 et
2898 4409 3132 4451 summa
3148 4394 3361 4450 virtute
3386 4395 3671 4466 praeditas.
3692 4399 3763 4455 Et

2108 4486 2264 4541 hanc
2282 4485 2522 4558 quidem
2540 4484 2802 4543 moriens
2813 4483 3122 4539 Theodora
3134 4484 3479 4559 progeniem
3493 4484 3758 4556 reliquit.

344 4570 723 4645 διαπρέποντι,
758 4571 812 4625 αἱ
838 4577 1005 4626 πᾶσαι
1037 4568 1201 4625 καλαὶ
1230 4571 1321 4624 καὶ
1355 4570 1553 4645 ἀγαθαὶ
1593 4572 1688 4635 τὰς
1738 4572 1890 4647 ὄψεις
1948 4572 2036 4630 καὶ
2094 4574 2288 4648 ἀρετῆς
2344 4571 2603 4633 ἐλάσασαι
2654 4572 2791 4648 πρὸς
2820 4571 3139 4647 ἀκρώρειαν.
3175 4572 3276 4631 Καὶ
3310 4574 3345 4642 ἡ
3380 4573 3473 4649 μὲν
3506 4570 3762 4651 Θεοδώρα

340 4664 579 4735 ρανοῦσα
610 4659 867 4729 τοιαύτην
901 4658 1244 4715 ἀπολέλοιπε
1266 4662 1367 4730 τὴν
1396 4663 1627 4736 γεννεάν.

405 4750 467 4803 Ἣ
500 4753 642 4806 πᾶσα
696 4747 751 4804 δὲ
808 4754 915 4805 τῶν
977 4754 1175 4804 κοινῶν
1233 4749 1570 4824 πραγμάτων
1606 4748 1876 4822 διοίκησις
1908 4751 1983 4815 εἷς
2016 4757 2062 4821 D

341 4838 509 4913 μόνον
569 4837 883 4911 ἐξεκυλίσθη
937 4836 1029 4893 τὸν
1093 4835 1325 4914 Βάρδαν,
1387 4837 1667 4913 ἐστέργετό
1716 4860 1774 4895 τε
1800 4837 1987 4919 διαφε-

332 4928 540 5004 ρόντως
572 4927 721 5003 παρὰ
748 4930 845 4980 τοῦ
879 4925 1172 5001 βασιλέως.
1215 4929 1402 4991 Ἔνθεν
1450 4927 1541 4981 καὶ
1587 4930 1685 4997 τήν
1732 4932 1830 4983 τοῦ
1859 4948 1995 4983 κου-

338 5015 654 5090 ροπαλάτου
720 5010 1095 5089 ἀναλαμϐάνει
1166 5017 1359 5087 τιμὴν,
1447 5014 1609 5071 ἆθλον
1694 5017 1840 5092 τάχα
1894 5023 1995 5084 τῆς

338 5107 704 5179 καθαιρέσεως
762 5110 864 5177 τῆς
924 5104 1089 5159 αὐτοῦ
1146 5101 1408 5182 ἀδελφῆς.
1467 5106 1692 5179 ’Έκρίνε
1718 5110 1847 5184 γοῦν
1880 5104 1993 5180 ἅμα

337 5200 418 5267 τῷ
452 5192 667 5270 βασιλεῖ
719 5194 808 5249 καὶ
866 5192 1002 5248 κατὰ
1054 5197 1163 5247 τῶν
1215 5191 1585 5267 Ἰσμαηλιτῶν
1616 5192 1994 5271 ἐκστρατεῦσαι

334 5285 425 5339 καὶ
457 5288 556 5339 τοῦ
586 5290 684 5353 τῆς
718 5284 1038 5357 Μελιτηνῆς
1091 5280 1471 5358 ἂμηρεύοντος
1515 5285 1712 5358 Ἄμερ,
1761 5281 1883 5359 ἄρτι
1915 5284 1991 5348 εἰς

2177 4754 2420 4813 Sublata
2456 4753 2780 4820 Theodora,
2816 4753 2887 4809 iis
2919 4769 3068 4823 quos
3099 4751 3359 4811 diximus
3391 4753 3671 4812 fratribus
3704 4761 3762 4813 et

2100 4844 2410 4901 sororibus
2433 4843 2876 4915 superstitibus,
2893 4844 3089 4905 omnis
3105 4844 3544 4905 administratio
3562 4862 3761 4907 rerum

2102 4930 2175 4985 ad
2207 4930 2450 4987 unicum
2484 4928 2736 4986 Bardam
2785 4929 3056 4987 devoluta
3077 4936 3199 4997 est;
3244 4946 3420 5003 quem
3448 4931 3595 4988 adeo
3642 4932 3757 4989 im-

2101 5025 2340 5091 perator
2370 5018 2577 5077 dilexit
2603 5025 2668 5073 ut
2698 5019 3052 5091 curopalatae
3068 5036 3203 5076 eum
3227 5019 3760 5093 aﬂ‘eceritdignita-

2102 5115 2181 5177 te,
2206 5108 2519 5180 praemium
2546 5108 2776 5165 scilicet
2798 5109 2872 5167 ob
2905 5115 3260 5165 summotam
3285 5124 3548 5167 sororem
3577 5110 3630 5167 ei
3652 5109 3765 5168 hoc

2103 5197 2382 5270 largiens.
2403 5198 2820 5259 Succrescente
2832 5196 3223 5271 jamprimum
3244 5197 3586 5271 imperatori
3601 5198 3768 5259 lanu~

2104 5286 2490 5359 gine,Bardas
2522 5303 2658 5346 cum
2678 5303 2746 5343 eo
2769 5285 3207 5357 expeditionem
3239 5286 3300 5341 in
3343 5287 3684 5349 Ismaelicos
3708 5295 3769 5353 et

1516 5411 1876 5469 XYLANDRI
1935 5413 2021 5471 ET
2087 5413 2302 5468 GOARI
2358 5412 2581 5467 NOT/E.

403 5510 521 5580 (44)
550 5511 723 5565 Forte
767 5508 891 5572 sic;
945 5506 1111 5562 dedit
1166 5523 1269 5562 eas
1326 5508 1569 5579 privatis
1626 5508 1993 5577 hominibus,

334 5583 440 5655 qui
468 5598 603 5637 cum
637 5597 737 5655 eas
766 5585 996 5655 gestare
1020 5580 1166 5655 ipsis
1190 5582 1545 5655 permissum
1579 5587 1682 5655 aut
1710 5580 1998 5637 decorum

335 5650 459 5721 non
493 5659 669 5721 esset,
704 5652 775 5711 de
818 5651 891 5706 iis
937 5650 1562 5724 conﬂandis‘auroque
1592 5654 1654 5708 in
1685 5669 1828 5724 usus
1860 5669 1997 5708 suos

334 5720 623 5785 vertendo
654 5720 1006 5795 Cogitarunt,
1037 5728 1105 5777 ut
1153 5727 1234 5793 τῷ
1277 5720 1438 5795 ἶόικῷ
1467 5720 1564 5779 ⁷8η
1591 5741 1697 5795 pro
1730 5720 1994 5787 ἰδιώταις.

2106 5510 2257 5576 Quid
2290 5510 2337 5565 si
2371 5505 2562 5579 εῗδικῷ
2595 5510 2744 5583 forte
2777 5508 3123 5583 scripsit?et
3152 5516 3406 5583 moneta‘
3425 5528 3764 5583 percussor.

2109 5584 2210 5652 qui
2245 5582 2497 5639 formam
2530 5598 2675 5638 auro
2700 5581 3090 5652 imprimeret,
3141 5582 3223 5636 sic
3253 5581 3631 5653 appellatur?
3659 5586 3765 5641 sed

2109 5655 2333 5715 neseio.
2368 5654 2504 5713 XVL.
2539 5683 2605 5695 —-
2637 5656 2863 5713 Privato
2882 5653 3108 5711 aerario.
3134 5655 3312 5713 Gosa.
