4184 6418
364 369 522 431 1047

1735 356 2051 420 GEORGII
2094 357 2429 422 CEDRENI

3640 365 3801 426 1048
3833 403 3841 409 -

364 507 639 559 Amerem
662 499 953 557 Melitanae
967 497 1311 571 prtefectum
1336 496 1599 568 suscipit.
1620 497 1939 564 Postquam
1964 493 2024 547 in

2157 491 2337 567 ἱνδρας
2367 499 2652 557 τελοῦντες
2707 495 2759 556 ἐς
2817 493 3086 571 αγενείων.
3149 497 3239 559 Ὠς
3300 494 3346 551 δ’
3407 500 3495 552 οὖν
3539 505 3637 568 τῆς
3685 504 3799 553 τῶν

364 593 657 647 hosticum
718 590 1015 662 progressi
1088 588 1159 644 ad
1221 588 1526 642 Samosata
1601 587 2018 657 pervenerunt,

360 682 571 736 urbem
622 695 829 734 earum
888 695 1017 749 quae
1058 679 1231 749 juxta
1289 676 1649 747 Euphratem
1697 673 1852 728 962
1885 676 2023 727 sunt

362 771 577 842 opibus
608 787 676 825 ac
700 769 909 823 robore
944 767 1411 839 insignem,eam
1426 764 1737 819 obsidione
1753 763 2017 833 cingunt.

365 861 509 914 Cum
521 876 635 929 que
658 856 964 912 Sarraceni
987 861 1214 909 metum
1237 854 1588 909 simulantes
1610 870 1671 907 se
1694 853 1853 906 intus
1879 866 2021 906 con-

365 949 834 1016 tinerentneque
851 945 911 998 in
932 961 1136 999 muros
1161 942 1693 1013 exsillirent,quasi
1726 943 2023 995 Romano-

362 1053 497 1092 rum
556 1036 707 1089 vires
799 1034 1214 1099 formidantes,
1273 1034 1570 1087 exercitus
1647 1028 2023 1102 imperatoris

364 1141 567 1181 secure
586 1130 643 1179 et
674 1125 801 1178 sine
832 1123 1108 1178 custodia
1139 1123 1355 1193 degere
1387 1122 1616 1192 incipit.
1649 1120 1843 1175 Tertio
1866 1118 2023 1173 obsi-

362 1214 556 1270 dionis
578 1214 674 1269 die
724 1212 875 1287 (erat
924 1212 974 1267 is
1006 1211 1347 1268 dominicus
1383 1216 1441 1265 et
1468 1210 1617 1264 feria
1647 1207 1865 1280 prima)
1893 1223 2022 1261 cum

361 1303 741 1357 incruentum
800 1300 1163 1356 sacriﬁcium
1222 1303 1630 1371 perageretur,
1705 1301 2026 1365 essentque

362 1391 575 1446 divinis
595 1389 1097 1445 communicaturi
1119 1388 1420 1459 mysteriis
1438 1386 1685 1442 Romani
1699 1383 2025 1453 ,Sarraceni

361 1481 551 1552 portis
595 1480 788 1549 passis
841 1478 1056 1533 armati
1102 1494 1233 1532 sese
1294 1476 1616 1531 eﬁ'undunt
1655 1481 1713 1529 et
1763 1473 2028 1543 undique

360 1571 666 1625 Romanos
686 1568 1055 1623 adoriuntur.
1072 1567 1180 1631 Qui
1202 1566 1510 1637 inopinato
1535 1564 1791 1618 hostium
1806 1564 2032 1634 impetu

362 1658 665 1731 perterriti
698 1658 856 1712 illico
873 1658 1023 1728 fugas
1063 1672 1125 1710 se
1176 1655 1491 1709 dederunt.
1529 1655 1660 1725 Ipse
1714 1652 2033 1706 Michaelus

366 1749 459 1802 vix
490 1748 553 1803 in
575 1763 796 1818 equum
829 1746 1015 1801 evasit
1044 1760 1315 1815 aagreque
1368 1749 1639 1799 servatus
1689 1742 2035 1797 esttomnia

2140 583 2392 639 ἐναντίων
2424 582 2693 655 ἐπέϐησαν
2753 592 2857 663 γῆς
2920 587 3011 642 καὶ
3068 588 3205 641 κατᾶ
3246 587 3312 643 τὰ
3343 589 3636 662 Σαμόσατα
3690 589 3801 666 ἐγέ-

2135 691 2294 729 νοντο
2356 672 2543 743 (πόλις
2603 674 2659 729 δὲ
2717 676 2781 730 τὰ
2849 677 3143 751 Σαμόσατα
3182 681 3292 733 τῶν
3326 680 3796 755 παρευφρατείων,

2137 760 2364 837 δυνάμει
2394 784 2452 819 τε
2486 764 2750 840 βρίθουσα
2805 765 2894 819 καὶ
2950 767 3152 841 ἱσχύϊ),
3210 768 3412 839 ταύτην
3474 768 3793 843 ἐπεχείρουν

2136 851 2479 927 πολιορκεῖν.
2569 856 3063 927 Ἐμποιησαμένων
3127 852 3183 909 δὲ
3265 862 3373 911 τῶν
3462 862 3797 929 Σαρακηνῶν

2139 938 2345 996 δειλίαν
2388 942 2478 999 καὶ
2540 941 3000 1018 συγκεκλεικότων
3057 941 3260 1008 αὐτοὺς
3317 940 3493 1013 ἔνδον,
3525 946 3615 1000 καὶ
3651 944 3802 1019 μηδ-

2140 1030 2252 1092 ενὸς
2285 1029 2633 1101 ἐκπηδῶντος
2682 1036 2778 1086 τοῦ
2830 1032 3050 1108 τείχους
3106 1034 3253 1109 τάχα
3312 1031 3402 1089 διά
3451 1033 3656 1090 δειλίαν
3698 1044 3801 1105 τῆς

2144 1119 2435 1195 βασιλικῆς
2500 1117 2801 1193 δυνάμεως,
2886 1119 3112 1194 ἀμελῶς
3195 1122 3286 1175 καὶ
3352 1121 3680 1202 ἀφυλάκτως
3750 1124 3804 1177 οἳ

2138 1209 2406 1281 Ῥωμαῖοι
2441 1206 2656 1284 διῆγον.
2689 1209 2837 1265 Κατὰ
2898 1206 2954 1264 δὲ
2999 1210 3098 1278 τὴν
3158 1209 3347 1283 τρίτην
3393 1214 3491 1275 τῆς
3524 1209 3803 1290 ἐφεδρείας

2141 1300 2353 1375 ἡμέραν
2486 1299 2660 1373 Κυρία
2691 1296 2749 1353 δὲ
2785 1299 2847 1373 ᾔν
2909 1299 2997 1353 καὶ
3052 1302 3244 1373 πρώτη
3286 1307 3395 1355 τῶν
3428 1304 3672 1375 ἡμερῶν)
3703 1310 3807 1372 τῆς

2143 1387 2480 1459 ἀναιμάκτου
2542 1386 2727 1449 θυσίας
2784 1387 3237 1463 ἐπιτελουμένης,
3299 1388 3352 1445 ἐν
3404 1390 3588 1466 ᾗτῶν
3641 1392 3802 1445 θείων

2144 1474 2380 1550 ἔμελλον
2414 1482 2707 1555 μετασχεῖν
2772 1479 3113 1553 μυστηρίων,
3170 1479 3265 1541 τὰς
3322 1480 3502 1541 πύλας
3533 1482 3583 1534 οἱ
3620 1487 3804 1556 Σαρα-

2144 1567 2300 1637 κηνοέ
2342 1564 2756 1629 διαπετάσαντες
2804 1568 2896 1622 καὶ
2943 1569 3059 1640 μεθ’
3121 1567 3309 1624 ὅπλων
3362 1567 3806 1641 ἐκπεπηδηκότες

2146 1657 2401 1711 πάντοθεν
2450 1655 2753 1712 ἐπετίθεντο
2818 1662 2937 1719 τοῖς
2996 1659 3314 1731 Ῥωμαίοις.
3356 1662 3437 1728 [Ρ.
3474 1662 3599 1733 546]
3640 1661 3706 1716 Οἱ
3747 1657 3809 1714 δὲ

2146 1748 2227 1816 τῷ
2293 1741 2548 1816 ἀδοκήτῳ
2615 1744 3047 1821 καταπλαγέντες
3120 1753 3220 1815 τῆς
3289 1746 3577 1811 ἐπιθέσεως
3646 1748 3806 1807 εὐθὺς

370 1838 559 1909 ipsius
592 1841 651 1891 et
689 1835 981 1890 exercitus
1036 1833 1466 1905 impedimenta
1497 1832 1569 1887 ab
1623 1832 1792 1886 hoste
1842 1836 2034 1901 capta,

2157 1834 2285 1930 app:
2312 1835 2489 1910 φυγὴν
2519 1831 2809 1930 ὥρμησαν.
2861 1836 3024 1930 Ἔνθα
3079 1834 3172 1889 καὶ
3222 1836 3455 1909 Μιχαήλ
3489 1837 3516 1890 6
3552 1835 3808 1911 βασιλεὺς

368 1928 669 2001 praecipua
690 1927 801 1982 fuit
824 1942 892 1980 eo
916 1924 1199 1979 conﬂictu
1222 1924 1406 1977 virtus
1439 1922 1646 1977 Darba)
1678 1921 2032 1976 Manichaao-

374 2034 508 2072 rum
530 2016 718 2083 ducis,
753 2015 853 2086 qui
887 2032 1005 2069 non
1021 2013 1197 2068 modo
1223 2013 1445 2067 multos
1466 2012 1730 2067 militum
1755 2009 2039 2065 obscuros

373 2108 610 2180 dejecit,
637 2107 741 2161 sed
765 2104 996 2161 ethaud
1020 2104 1331 2175 pauciores
1354 2108 1591 2157 centum
1612 2102 1683 2155 de
1707 2101 2036 2155 illustribus

373 2197 623 2254 ducibus
642 2201 818 2266 atque
850 2200 1184 2248 turmarum
1231 2193 1526 2263 praefectis
1549 2192 1709 2245 vivos
1732 2191 1887 2261 cepit
1904 2207 1917 2255 ;
1934 2192 2035 2260 qui

372 2286 587 2341 deinde
611 2289 925 2338 numerato
943 2282 1373 2352 redemptionis
1400 2281 1590 2350 pretio
1610 2279 1840 2333 dimissi
1876 2285 2031 2335 sunt.

374 2376 547 2433 Solus
579 2375 738 2428 Seon
770 2373 890 2427 dux
929 2371 1234 2442 copiarum
1266 2371 1327 2423 in
1361 2369 1633 2424 custodia
1690 2368 2030 2439 exspiravit.

2147 1920 2309 1995 μόλις
2339 1942 2443 1975 που
2474 1922 2565 1975 τὸν
2615 1920 2787 1977 ἵππον
2849 1918 3052 1985 ἀναϐάς
3111 1920 3368 1999 ἐργωδῶς
3419 1922 3674 1995 διεσώθη,
3705 1932 3809 1993 τῆς

2149 2010 2459 2079 ἀποσκευῆς
2517 2011 2693 2081 πάσηι¹
2746 2015 2843 2066 τοῦ
2903 2010 3171 2085 βασιλέως
3204 2014 3292 2067 καὶ
3324 2018 3430 2067 τῶν
3463 2018 3809 2088 στρατιωτῶν

2150 2098 2453 2176 ληφθείσης
2504 2102 2648 2174 παρά
2708 2105 2815 2155 τῶν
2875 2099 3185 2174 πολεμίων,
3217 2107 3316 2156 τοῦ
3343 2107 3449 2156 τῶν
3479 2101 3809 2177 Μανιχαίων

2150 2189 2519 2263 ἐξηγουμένου
2580 2185 2790 2263 Καρϐἐα
2852 2188 3066 2264 μᾶλλον
3149 2197 3256 2245 τῶν
3320 2190 3506 2246 ἄλλων
3563 2193 3813 2265 ἀριστεύ-

2148 2298 2360 2347 σαντος,
2410 2279 2515 2332 κκαί
2572 2274 2977 2341 καταϐαλόντος
3050 2280 3112 2334 οὐ
3175 2281 3340 2353 μόνον
3400 2279 3647 2344 πολλοὺς
3703 2284 3815 2335 τῶν

2147 2369 2363 2446 ἀφανῶν
2418 2375 2519 2437 τῆς
2578 2373 2852 2443 στρατιᾶς,
2914 2366 3061 2424 ἀλλὰ
3118 2371 3209 2425 καὶ
3268 2371 3506 2445 ζωγρίας
3547 2366 3812 2435 λαϐόντος

373 2463 472 2518 οὐκ
502 2459 723 2534 ὀλίγους
756 2463 857 2515 τῶν
888 2458 1184 2537 ἐπιφανῶν,
1217 2455 1560 2532 στρατηγοὺς
1590 2455 1681 2509 καὶ
1711 2455 2069 2530 τουρμάρχας
2102 2456 2201 2511 οὐκ
2235 2455 2493 2520 ἐλάττους
2522 2461 2629 2512 τῶν
2663 2457 2876 2527 ἑκατὸν,
2905 2459 2976 2512 ῶν
3001 2460 3052 2512 οἱ
3088 2460 3183 2533 μὲν
3217 2457 3380 2514 ἄλλοι
3413 2457 3584 2534 λυτρα
3616 2457 3801 2522 δόντες

371 2548 743 2620 ἀπελύθησαν,
780 2546 946 2621 μόνος
977 2544 1033 2601 δὲ
1061 2546 1220 2616 Σηὼν
1250 2547 1277 2599 6
1311 2545 1619 2621 στρατηγὸς
1645 2548 1714 2619 τῇ
1746 2542 1976 2621 φυλακῇ
2010 2543 2324 2619 ἐναπέψυξε.

443 2640 686 2696 Biennio
699 2638 1167 2709 elapso,rursum
1184 2639 1360 2691 Amer
1371 2641 1573 2691 coacto
1591 2635 1830 2707 triginta
1854 2634 2033 2688 milli-

371 2733 482 2788 bus
497 2732 658 2787 haud
678 2730 909 2785 minore
933 2728 1221 2795 exercitu,
1242 2727 1301 2781 in
1320 2728 1721 2781 Romanorum
1738 2725 2039 2797 ingressus

374 2827 463 2876 est
486 2817 1153 2884 ditionem.Michaelus,
1180 2821 1245 2870 ut
1270 2815 1501 2870 cladem
1535 2815 1703 2885 prius
1733 2819 2039 2884 acceptam

371 2910 621 2966 victoria
640 2912 1075 2979 compensaret,
1110 2905 1348 2961 collutis
1379 2905 1670 2959 Thracum
1686 2911 1741 2957 et
1766 2903 2038 2958 MacedO'

376 3015 522 3055 num
543 2998 616 3053 ad
649 2994 1321 3068 quadragintaiquinque
1349 2992 1615 3047 millibus
1639 2993 1691 3047 ei
1715 2992 1948 3047 obviam
1975 2994 2038 3047 it.

380 3088 492 3144 Sed
515 3093 694 3142 Amer
727 3103 795 3140 eo
820 3084 1245 3156 cognito,963
1271 3098 1378 3154 per
1418 3081 1689 3136 difﬁcilia
1720 3081 1849 3136 loca
1880 3098 2044 3135 com-

2220 2634 2439 2708 Χρόνιον
2500 2630 2558 2688 at
2617 2632 2716 2688 δύο
2771 2634 3240 2710 παραδραμόντων
3299 2636 3465 2692 πάλιν
3538 2638 3566 2692 6
3632 2639 3811 2713 Ἀμερ

2152 2723 2378 2799 στρατὸν
2459 2723 2826 2799 ἐπαγόμενος,
2926 2724 3026 2779 οὐκ
3124 2723 3351 2781 ἔλαττον
3451 2729 3813 2803 τρισμυρίων,

2151 2810 2492 2886 ἐκστρατεύει
2551 2814 2689 2869 κατὰ
2752 2813 3067 2886 Ῥωμαίων.
3153 2816 3214 2872 Ὁ
3301 2816 3538 2891 Μιχαὴλ
3600 2813 3656 2870 δέ
3712 2819 3811 2886 τήν

2152 2902 2417 2978 προτέραν
2465 2903 2632 2972 ἧτταν
2693 2903 3122 2968 ἀνακαλέσασθαι
3184 2903 3549 2978 βουλόμενος,
3585 2908 3814 2982 στρατὸν

2152 2994 2244 3049 καὶ
2294 2993 2454 3057 αὐτὸς
2505 2997 2865 3070 συναγηοχὼς
2916 2994 2975 3051 ἔκ
3030 3018 3090 3051 τε
3139 3003 3364 3072 Θρᾳκῶν
3418 2997 3508 3053 καὶ
3562 2995 3814 3055 Μακεδό-

2155 3106 2263 3139 νων
2296 3086 2419 3160 περὶ
2472 3086 2567 3147 τὰς
2624 3088 2887 3161 τέσσαρας
2945 3086 3120 3159 ἣμισυ
3179 3086 3468 3163 μυριάδας,
3501 3086 3658 3158 ἔξεισι
3690 3088 3816 3142 κατ’

377 3177 666 3251 pendioso
684 3171 1253 3241 fatoitinere,subito
1270 3187 1407 3225 eum
1430 3172 1491 3225 in
1518 3169 1713 3239 vadit,’
1728 3171 2040 3241 copiasque

2159 3174 2346 3230 αὐτοῦ.
2377 3176 2547 3246 ’Όπερ
2587 3176 2772 3247 μαθὼν
2804 3182 3007 3251 ’¹Αμερ,
3071 3174 3163 3231 διὰ
3217 3198 3380 3232 τινων
3415 3177 3632 3253 χωρίων
3685 3174 3816 3232 δυσ-

378 3267 625 3324 hostiles
638 3265 833 3321 fundit
848 3265 1030 3334 inque
1046 3263 1243 3334 fugam
1259 3260 1960 3333 conjicit.Venissettunc
1981 3262 2042 3315 in

377 3357 639 3413 hostium
654 3360 1007 3427 potestatem
1023 3351 1483 3418 Michaelus,nisi
1500 3350 2042 3405 Manuelusschola-

377 3465 511 3503 rum
533 3446 896 3503 domesticus
919 3444 1210 3516 phalange
1226 3447 1511 3514 perrupta
1542 3458 1679 3496 eum
1703 3442 2040 3512 eripuisset,

386 3536 634 3608 reliquis
657 3534 938 3590 omnibus
958 3537 1025 3587 ut
1040 3532 1296 3603 quisque
1318 3535 1551 3601 poterat
1573 3530 1710 3602 fuga
1732 3529 2038 3601 dispersis.

2153 3263 2355 3338 χώρων
2417 3262 2695 3336 ἐπιτόμων
2753 3262 2811 3319 δὲ
2865 3266 2965 3333 τὴν
3018 3266 3238 3339 πορείαν
3300 3268 3675 3341 ποιησάμενος
3725 3268 3821 3322 καὶ

2154 3349 2424 3430 αἰφνίδιον
2491 3354 2833 3428 προσπεσὼν,
2927 3353 3190 3428 ἐτρέψατο
3257 3355 3393 3410 κατὰ
3457 3358 3657 3430 κράτος
3724 3357 3822 3411 τὸν

2158 3438 2385 3513 βασιλέα
2434 3440 2524 3495 καὶ
2575 3442 2709 3516 πρὸς
2766 3444 2940 3518 φυγὴν
2992 3443 3295 3517 ἠνάγκασεν
3341 3441 3572 3500 ἀπιδεῖν.
3607 3449 3823 3519 Μικροῦ

2155 3525 2203 3582 δ’
2234 3523 2294 3582 ἃν
2326 3531 2416 3584 καὶ
2449 3528 2573 3598 ἥλω
2608 3529 2993 3605 αἰχμάλωτος,
3046 3532 3091 3586 έὶ
3146 3534 3223 3605 μὴ
3277 3532 3539 3603 Μανουήλ
3586 3534 3614 3587 ὁ
3657 3532 3822 3606 δομέ-

383 3645 566 3685 στικος
588 3628 695 3677 τῶν
727 3621 951 3699 σχολῶν
984 3620 1083 3689 τήν
1117 3617 1371 3693 φάλαγγα
1402 3614 1665 3691 διακόψας
1698 3617 1861 3671 αὐτὸν
1902 3613 2222 3689 διεσώσατο,
2286 3622 2391 3673 τῶν
2450 3619 2635 3675 ἄλλων
2687 3620 2923 3694 πάντων,
2966 3622 3148 3697 ὥσπερ
3179 3617 3368 3678 ἔτυχεν
3397 3619 3623 3685 ἕκαστος
3657 3621 3816 3693 δυνη-

388 3713 523 3781 θεὶς,
556 3709 984 3784 διασπαρέντων.

458 3805 681 3857 Iterum
739 3799 961 3855 bienno
1021 3798 1093 3853 ab
1156 3799 1263 3853 hac
1322 3812 1521 3868 pugna
1591 3799 1817 3865 exacto,
1872 3798 2054 3851 Amer

389 3888 1051 3965 quadragintamillium
1068 3887 1393 3943 exercitum
1413 3885 1819 3955 educit,inquc
1836 3887 2051 3940 Roma-

388 3999 494 4039 nas
541 3980 877 4054 provincias
906 3977 1302 4049 impressione
1352 3976 1507 4031 facta
1539 3975 1722 4031 simul
1755 3980 1813 4029 et
1844 3978 2053 4029 Arme-

386 4075 550 4129 niam
603 4075 661 4125 et
710 4067 1013 4124 maritima
1069 4067 1391 4138 populatur
1441 4070 1621 4135 atque
1678 4069 1885 4120 vastat.
1928 4065 2051 4129 Quo

388 4162 628 4234 quidem
660 4165 928 4230 tempore
961 4156 1259 4212 imitatum
1309 4172 1445 4210 eum
1496 4155 1699 4209 ferunt
1728 4154 1935 4207 Xerxis
1965 4152 2053 4209 fa-

389 4258 569 4318 ctum,
598 4250 699 4320 qui
723 4264 884 4303 mare
908 4246 1108 4319 ﬂagris
1122 4244 1302 4300 credis
1318 4242 1778 4315 jusserat,quod
1800 4242 2051 4296 ulterius

389 4342 501 4398 sibi
550 4356 685 4395 cum
716 4337 1017 4408 voluptate
1058 4333 1481 4407 progrediendi
1530 4333 1876 4388 facultatem
1906 4330 2049 4386 ade-

390 4430 616 4485 misset.
666 4428 800 4480 Haec
843 4423 1109 4497 graviter
1128 4422 1329 4477 ferens
1378 4420 1699 4476 Michaelus
1732 4421 2050 4474 Petronam

390 4515 749 4574 avunculum
777 4529 974 4581 suum,
1009 4512 1109 4582 qui
1143 4516 1269 4565 tum
1301 4508 1737 4565 Thracensibus
1773 4513 2048 4580 praeerat,

391 4623 525 4662 cum
556 4603 841 4659 Romanis
864 4600 1225 4656 exercitibus
1252 4598 1416 4654 omni
1437 4599 1491 4653 vi
1517 4603 1725 4653 contra
1757 4614 1891 4653 eum
1925 4616 2056 4669 pro-

394 4695 582 4752 ﬁcisci
597 4691 1059 4765 jubet.Degebat
1080 4696 1205 4745 tum
1229 4689 1387 4760 apud
1423 4690 1720 4761 Ephesum
1746 4691 2050 4746 Petronas.

395 4790 658 4855 Cumque
699 4782 915 4836 litteris
945 4781 1205 4852 acceptis
1256 4780 1320 4834 in
1379 4779 1700 4833 maximam
1749 4779 2058 4835 incidisset

2237 3794 2491 3871 Δεύτερος
2531 3796 2697 3852 πάλιν
2742 3798 2875 3870 μετὰ
2932 3800 3025 3853 τὸν
3085 3800 3331 3872 πόλεμον
3372 3805 3566 3855 τοῦτον
3597 3796 3820 3869 διῆλθεν

2164 3883 2423 3955 ἐνιαυτος,
2487 3886 2579 3940 καὶ
2646 3884 2811 3941 πάλιν
2882 3888 2909 3942 6
2972 3890 3149 3961 ’Ἂμερ
3220 3890 3357 3961 μετά
3426 3889 3823 3959 τεσσαράκοντα

2164 3971 2439 4053 χιλιάδων
2512 3974 2900 4050 ἐκστρατεύσας
2959 3971 3222 4045 εἰσϐολὴν
3306 3977 3606 4049 ἐποιήσατο
3685 3978 3824 4047 κατὰ

2164 4063 2475 4137 Ῥωμαίων,
2540 4065 2682 4137 ὁμοῦ
2745 4066 2839 4137 μὲν
2887 4064 2975 4119 καὶ
3035 4066 3131 4134 την
3176 4068 3554 4140 Ἀρμενιακήν,
3588 4068 3730 4140 ὁμοῦ
3764 4064 3824 4121 δὲ

2165 4152 2254 4208 καῖ
2311 4154 2409 4223 τὴν
2468 4154 2604 4229 πρὸς
2662 4153 2931 4209 θάλασσαν
2994 4153 3273 4230 ἐκπορθῶν
3341 4156 3433 4210 καὶ
3496 4153 3823 4229 δῃούμενος,

2167 4239 2256 4296 ὅτε
2285 4243 2441 4320 φασὶν
2474 4243 2636 4297 αὐτὸν
2692 4240 3097 4317 παραπλησίως
3138 4249 3218 4315 τῶ
3279 4243 3457 4319 Ξέρξῃ
3510 4245 3682 4309 πάθος
3717 4266 3823 4299 πα-

2168 4332 2304 4400 θεῖν,
2356 4330 2571 4403 μάστιξι
2628 4330 2981 4394 κελεύσαντος
3029 4333 3206 4387 παίειν
3257 4334 3356 4403 τὴν
3408 4332 3700 4401 θάλασσαν,
3735 4331 3822 4388 ὅτι

2171 4419 2246 4490 μή
2313 4420 2619 4495 περαιτέρω
2684 4422 3161 4495 προήκατοτοῢτον
3251 4427 3476 4498 χωρεῖν,
3557 4422 3673 4498 Ἐφ’
3736 4422 3825 4484 οἷς

2166 4506 2465 4582 ἀσχάλλων
2517 4508 2544 4561 6
2597 4508 2856 4583 Μιχαὴλ,
2914 4511 3004 4563 καὶ
3040 4508 3207 4565 πάλιν
3253 4510 3413 4572 αὐτὸς
3446 4512 3824 4585 ἀντιστρατεῦ-

2166 4617 2252 4651 aa:
2285 4597 2419 4672 πρὸς
2448 4596 2607 4652 αὐτὸν
2663 4599 2738 4670 μή
2796 4598 3047 4670 τολμῶν,
3107 4598 3198 4653 τὸν
3256 4606 3356 4668 τῆς
3389 4600 3583 4655 ἑαυτοῦ
3617 4600 3829 4673 μητρὸς

2167 4686 2399 4761 ἀδελφὸν
2462 4690 2769 4762 Ηετρωνᾶν,
2840 4692 2947 4742 τῶν
3033 4690 3352 4761 Θρᾳκησίων
3412 4688 3663 4744 διέποντα
3725 4691 3827 4757 την

2165 4776 2368 4851 ἀρχὴν,
2400 4777 2493 4836 τάς
2522 4776 2837 4849 Ῥωμαϊκὰς
2900 4774 3158 4849 δυνάμεις
3219 4777 3471 4833 ἐκέλευσε
3503 4773 3691 4832 λαϐεῖν
3732 4779 3823 4832 καὶ

396 4872 886 4941 sollicitudinem,
918 4870 1078 4925 illico
1111 4869 1185 4924 ad
1220 4873 1487 4924 montem
1513 4870 1743 4923 Latram
1776 4886 1958 4940 eques
1989 4871 2035 4924 it

2165 4864 2323 4920 παντῖ
2399 4866 2569 4920 σθένει
2638 4871 2839 4941 χωρεῖν
2893 4867 3008 4921 κατ’
3068 4866 3257 4922 αὐτοῦ.
3311 4869 3515 4942 Ἔτυχε
3568 4866 3610 4921 δ’
3665 4865 3825 4927 οὗτος

394 4966 800 5033 Joannemque
822 4961 1180 5015 monachum
1195 4958 1493 5014 celebrem
1506 4959 1720 5013 virtute
1744 4959 1823 5014 ibi
1842 4960 2056 5031 degen-

398 5063 518 5110 tem
543 5055 615 5111 de
645 5071 708 5109 re
732 5050 1211 5120 consulit.Atque
1237 5049 1285 5102 is
1319 5048 1617 5119 extemplo
1642 5049 1694 5102 ei
1719 5049 2050 5119 respondit:

401 5142 855 5209 «Proﬁciscere,
882 5138 991 5207 ﬁli,
1012 5142 1222 5191 contra
1252 5136 1606 5191 Sarracenos
1632 5152 1643 5190 :
1678 5136 1862 5189 Deum
1897 5137 2055 5190 enim

399 5233 706 5288 ductorem
738 5228 1006 5285 habebis.
1036 5249 1063 5275 »
1090 5225 1278 5296 Hujus
1304 5229 1570 5280 armatus
1591 5224 1739 5278 votis
1770 5225 2057 5280 Petronas

403 5322 727 5378 exercitum
788 5319 862 5374 ad
916 5317 1328 5373 Lalacasonem
1382 5314 1520 5385 (loci
1557 5315 1669 5369 hoc
1700 5319 1792 5367 est
1815 5316 2057 5385 nomen)

404 5411 588 5474 ducit,
621 5415 679 5464 et
714 5408 1080 5477 indiquaque
1111 5404 1266 5458 964
1290 5404 1497 5475 positis
1530 5401 1763 5457 insidiis
1783 5405 2056 5457 Amerem

407 5498 480 5551 ad
524 5513 780 5568 pugnam
838 5499 1140 5566 provocat.
1181 5493 1287 5557 Qui
1339 5493 1479 5546 fera;
1538 5492 1727 5545 instar
1782 5492 2059 5561 indagine

411 5584 637 5638 cinctus
657 5583 850 5653 deque
881 5583 1040 5636 exitu
1071 5581 1303 5650 anxius,
1336 5580 1409 5634 de
1442 5580 1701 5648 regionis
1734 5579 1965 5649 locique
2000 5581 2059 5635 in

412 5688 526 5741 quo
550 5676 741 5725 castra
765 5676 1043 5741 posuerat
1065 5675 1121 5724 et
1140 5670 1302 5725 ﬂuvii
1330 5669 1805 5741 prasterlabentis
1819 5670 2061 5724 nomine

2166 4950 2458 5029 διατρίϐων
2513 4955 2635 5009 τότε
2715 4955 2849 5009 κατὰ
2903 4956 3002 5023 τήν
3099 4960 3350 5034 Ἔφεσον.
3410 4956 3706 5028 Δεξάμενος
3767 4952 3827 5009 δὲ

2163 5044 2229 5097 τὰ
2256 5044 2553 5119 γράμματα
2584 5043 2661 5105 εἰς
2714 5043 2949 5117 ἀγωνίαν
3006 5042 3264 5116 ἐμπίπτει
3324 5045 3608 5121 μεγίστην,
3652 5042 3829 5108 Εὐθὺς

2167 5128 2257 5186 οὖν
2314 5130 2743 5205 ἐξιππασάμενος
2804 5132 3016 5187 ἄπεισιν
3078 5131 3128 5187 ἐν
3188 5137 3268 5204 τῷ
3321 5134 3437 5207 ’ὀρει
3492 5138 3573 5205 τῷ
3627 5134 3825 5205 Λάτρει

2165 5222 2302 5294 πρὸς
2362 5220 2451 5275 τὸν
2510 5220 2679 5276 ἐκεῖσε
2736 5221 3075 5294 ἀσκούμενον
3137 5223 3384 5299 μοναχὸν
3432 5223 3708 5295 Ἰωάννην,
3743 5222 3832 5277 ἐπ’

2166 5310 2333 5385 ἀρετῇ
2388 5311 2516 5365 ’ὀντα
2568 5316 2649 5383 τῷ
2697 5311 2819 5365 τότε
2877 5306 3190 5381 διαϐόητον,
3249 5312 3341 5367 καὶ
3399 5313 3523 5388 περὶ
3573 5317 3669 5368 τοῦ
3696 5315 3833 5388 πρά-

2168 5419 2377 5473 γματος
2454 5399 2794 5464 ἐπυνθάνετο.
2863 5400 2924 5457 Ὀ
3002 5397 3060 5454 δέ
3140 5399 3415 5475 μηδαμῶς
3485 5398 3829 5477 ἐμϐραδύνας

2169 5490 2305 5561 πρὸς
2335 5490 2435 5559 τήν
2469 5487 2762 5562 ἐρώτησιν,
2814 5514 2840 5540 ι(
2877 5491 3087 5557 Ἄπιθι,
3138 5492 3347 5557 τέγνον,
3386 5515 3413 5542 υ
3464 5490 3589 5569 ἔφη,
3627 5517 3646 5542 α
3692 5493 3830 5547 κατὰ

2166 5584 2275 5633 τῶν
2329 5583 2681 5653 Σαρακηνῶν·
2736 5578 2865 5632 Θεὸν
2922 5579 3026 5654 γάρ
3065 5580 3199 5650 ἓξεις
3258 5580 3760 5656 προπορευόμένον.
3798 5607 3826 5633 ››

2169 5669 2378 5726 Τούτου
2444 5664 2834 5731 καθοπλισθεὶς
2897 5673 3016 5729 ταῖς
3080 5667 3268 5744 εὐχαῖς
3329 5668 3509 5725 ἄπεισι
3568 5671 3704 5726 κατά
3732 5672 3826 5725 τὸν
