4184 6426
364 409 521 470 1049

1505 396 2058 459 HISTORIARUM
2103 397 2256 460 CUM
2268 402 2645 467 PENDIUM.

3630 401 3787 465 1050

364 544 657 619 λεγόμενον
692 538 1055 596 Λαλακαίωνα
1114 539 1224 610 (45)
1279 534 1469 601 τόπον,
1518 534 1608 589 καὶ
1642 533 1850 608 λόχους
1883 552 2013 588 παν-

2136 541 2452 611 quemdam
2488 559 2518 597 e
2550 545 2793 616 captivis
2815 545 3102 600 Romanis
3149 545 3491 616 interrogat.
3516 545 3783 615 Cumque

365 634 603 690 ταχόθεν
660 628 944 701 ἐπέστησε,
1002 627 1092 682 καὶ
1144 625 1280 700 πρὸς
1341 622 1668 697 συμπλοκὴν
1719 622 2026 694 ἐξεκαλεῖτο

366 724 461 777 τὸν
488 723 690 796 Ἀμερ.
725 720 997 782 Πάντοθεν
1050 714 1141 770 οὖν
1193 714 1268 777 ὡς
1309 713 1496 789 θηρίον
1526 713 1712 786 περίον
1744 710 2026 789 περικλει-

370 812 512 873 σθείς
578 811 607 864 6
660 810 859 883 Ἀμερ,
916 806 1008 861 xui
1065 803 1187 878 περὶ
1244 805 1341 857 τοῖ’)
1396 799 1588 862 τέλους
1619 801 1887 878 ἀγωνιῶν,
1914 806 2025 856 τῶν

370 899 749 978 αἰχμαλώτων
878 896 999 950 τινα
1120 890 1409 966 Ῥωμαίων
1520 889 2031 966 προσκαλεσάμενος

367 988 687 1052 ἒπονθάνετο
736 987 837 1054 τὴν
892 1005 950 1040 τε
1002 988 1102 1052 τῆς
1159 979 1344 1056 χώρας
1375 978 1764 1054 προσωνυμίαν
1795 980 2012 1035 καὶτοῦ

366 1080 534 1134 τόπον
597 1078 648 1132 ἐν
708 1075 753 1149 ᾧ
811 1072 1001 1149 ἔτυχεν
1072 1069 1564 1146 ἐστρατοπεδεκὼς,
1621 1072 1711 1125 καὶ
1766 1077 1864 1127 τοῦ
1921 1095 2028 1129 πα-

371 1168 690 1243 ραῤῥέοντος
732 1168 1009 1236 ποταμοῦ.
1063 1163 1152 1224 Ὠς
1213 1159 1270 1216 δέ
1326 1162 1424 1229 τὴν
1489 1160 1584 1235 μὲν
1616 1162 1805 1236 χώραν
1839 1163 2025 1219 Λαλα-

366 1258 576 1312 καίωνα
604 1256 807 1325 ἢκουσε
839 1253 1110 1327 λέγεσθαι,
1153 1251 1247 1305 τὸν
1299 1247 1355 1304 δὲ
1385 1252 1554 1305 τόπον
1589 1252 1880 1306 ΙΙτώσοντα
1911 1255 2024 1327 (46)

365 1346 457 1402 καὶ
492 1346 667 1419 Γύρην
722 1345 817 1399 τὸν
873 1341 1146 1414 ποταμὸν,
1204 1341 1291 1412 [Ρ.
1324 1341 1449 1412 547]
1504 1338 1658 1402 εὐθὺς
1699 1340 1864 1404 κακὸς
1894 1342 2022 1395 υἱω-

365 1435 457 1497 νὸς
514 1436 691 1506 ἑαυτῷ
757 1431 1053 1508 γενόμενος
1108 1422 1421 1507 ἐξεφοίϐασε
1476 1425 1613 1482 λαοῦ
1672 1449 1730 1483 τε
1784 1429 2021 1485 κάκωσιν

372 1524 651 1596 σημαίνειν
683 1524 771 1577 καὶ
802 1525 1007 1576 πτῶσιν
1067 1520 1134 1574 τὰ
1193 1517 1454 1590 ὀνόματα,
1519 1518 1613 1573 καὶ
1672 1518 1746 1580 ὠς
1782 1520 2021 1593 Ἀνάγκη

368 1615 690 1688 γυρισθῆναι
719 1615 831 1683 (47)
858 1612 1004 1681 ἡμᾶς
1063 1609 1166 1663 ὑπὸ
1222 1606 1525 1679 Ῥωμαίων.
1570 1605 1728 1663 Ἀλλ’
1757 1608 1910 1679 ὅμως
1945 1611 2020 1681 μὴ

368 1700 731 1772 ἀποκνητέον,
790 1699 977 1777 φησὶν,
1032 1695 1179 1752 ἀλλά
1238 1694 1538 1771 διεγερτέον
1595 1695 1686 1750 καὶ
1744 1698 1881 1771 πρὸς
1929 1699 2022 1752 τὸν

370 1788 556 1867 αὔριον
611 1790 969 1866 γενησόμενον
1029 1787 1275 1859 πόΛεμον
1332 1782 1667 1858 ἂνδριστέον,
1726 1780 1826 1862 ἔφη
1886 1788 2024 1863 πρὸς

2137 629 2371 685 audiret
2402 633 2624 704 regioni
2683 634 3063 700 Lalacaeonis,
3097 634 3228 689 loco
3272 634 3590 702 Ptosontis,
3623 634 3784 689 amni

2140 719 2307 788 Gyris
2329 736 2549 777 nomen
2580 740 2729 787 esse,
2756 725 2954 779 statim
3005 724 3160 779 male
3192 722 3303 778 sibi
3343 724 3457 794 ipsi
3488 723 3783 778 ominatus

2138 807 2406 878 praedicit
2432 811 2577 882 ipsis
2604 812 2798 868 verbis
2830 814 3135 885 copiarum
3182 813 3438 879 cladem,
3473 828 3689 882 easque
3720 813 3781 865 in

2138 914 2346 971 gyrum
2378 900 2675 957 inclusum
2726 903 2795 957 iri
2830 920 2863 958 a
2919 904 3220 969 Romanis,
3253 903 3614 959 denuntiari.
3640 903 3785 957 Suos

2140 992 2338 1043 tamen
2374 996 2579 1046 monet
2606 993 2691 1046 uti
2723 1010 2796 1048 ne
2830 993 3168 1065 desperent,
3203 993 3307 1049 sed
3356 993 3589 1047 fortiter
3619 1008 3681 1046 se
3714 990 3789 1046 ad

2136 1079 2421 1147 postridie
2452 1081 2712 1136 futuram
2744 1100 3004 1154 pugnam
3035 1089 3264 1154 parent.
3297 1081 3593 1149 Utilluxit,
3614 1080 3788 1135 undi-

2147 1183 2261 1238 que
2293 1184 2353 1222 se
2388 1168 2686 1225 inclusum
2708 1188 2775 1226 ac
2806 1172 3256 1226 nullibiexitum
3276 1177 3474 1243 patere
3501 1171 3788 1237 sentiens,

2146 1272 2216 1311 eo
2241 1257 2325 1311 ire
2353 1257 2611 1314 decrevit
2626 1260 2726 1314 ubi
2741 1262 3055 1315 Petronam
3072 1261 3385 1315 stationem
3405 1266 3608 1314 tenere
3628 1259 3792 1313 vide-

2132 1346 2254 1413 bat,
2279 1346 2567 1419 hosteque
2604 1365 2817 1422 magno
2860 1367 2997 1404 cum
3054 1350 3264 1421 plausu
3298 1356 3354 1404 et
3385 1349 3644 1404 clamore
3692 1349 3784 1402 in-

2133 1436 2311 1491 vadit.
2365 1437 2477 1492 Sed
2536 1443 2815 1493 conatum
2858 1456 3031 1494 suum
3072 1439 3305 1493 irritum
3360 1456 3488 1493 esse
3538 1455 3790 1493 cernens

2134 1525 2441 1596 paululum
2474 1544 2535 1581 se
2584 1528 2833 1599 recipit;
2893 1544 3251 1599 rursumque
3300 1528 3439 1582 inde
3499 1528 3787 1598 impetum

2132 1608 2293 1677 facit,
2328 1612 2648 1682 eiTugiendi
2680 1619 2927 1684 captans
2967 1614 3363 1669 occasionem.
3386 1611 3649 1665 Tertium
3675 1610 3787 1664 hoc

2133 1699 2355 1755 frustra
2402 1708 2653 1757 conatus
2682 1708 2739 1757 et
2770 1703 2831 1756 in
2882 1708 3148 1758 extremo
3189 1702 3546 1757 constitutus
3576 1700 3786 1755 discri-

2135 1791 2641 1861 mine,postquam
2663 1792 2929 1863 undique
2951 1810 3021 1848 ex
3052 1791 3287 1847 insidiis
3318 1808 3449 1846 sese
3483 1790 3787 1861 proripere

366 1882 496 1943 τοὺς
562 1879 851 1955 παρόντας.
920 1876 1158 1950 Ἡμέρας
1247 1872 1303 1928 δὲ
1388 1872 1510 1948 ἄρτι
1578 1871 2013 1946 διαλαμπούσης,

2131 1879 2289 1933 videt
2329 1882 2623 1937 Romanos
2681 1882 2753 1936 ab
2798 1882 3083 1937 austrinis
3129 1887 3185 1937 et
3216 1878 3789 1952 septentrionalibus

366 1970 486 2026 ἐπεὶ
540 1969 803 2032 πάντοθεν
855 1964 1266 2041 συγκεκλεῖσθαι
1323 1956 1457 2037 ἔγνω
1514 1965 1605 2018 καί
1666 1963 2026 2043 ἀνεπιχείρη-

362 2081 459 2121 τος
505 2059 572 2128 ἧν
632 2060 666 2127 ἡ
726 2050 938 2126 ἔξοδος,
998 2053 1269 2132 συμφέρον
1327 2050 1505 2125 ἔκρινε
1559 2054 1676 2107 κατ’
1734 2051 1911 2107 ἐκεῖνο
1960 2056 2021 2109 τὸ

366 2149 532 2226 μέρος
565 2153 768 2224 χωρεῖν
825 2147 963 2201 ὅπου
1034 2147 1124 2201 τὸν
1188 2149 1476 2215 Πετρωνᾶν
1510 2139 1618 2198 εἶδε
1650 2142 2013 2219 φυλάττοντα.

366 2243 467 2298 Καὶ
500 2238 567 2308 δὴ
598 2239 780 2313 κρότῳ
813 2236 903 2292 καὶ
966 2237 1070 2311 βοῇ
1127 2239 1243 2296 τοῖς
1295 2232 1591 2307 πολεμίοις
1632 2233 2020 2310 προσέῤῥαξαν,

362 2329 512 2387 Ἐπεὶ
616 2325 674 2383 δὲ
773 2326 1058 2396 ἀνηνύτοις
1132 2322 1453 2402 ἔπιχειρῶν,
1533 2321 1726 2396 μικρὸν
1823 2344 2017 2378 συστα-

363 2419 478 2482 λεὶς
505 2417 657 2484 αὖθις
689 2418 782 2472 σὺν
827 2416 975 2493 ῥύμῃ
1034 2410 1286 2490 έπεϐάρει
1350 2414 1483 2487 μετὰ
1540 2410 1845 2486 δυνάμεως,
1879 2411 2016 2468 ἀπό-

366 2508 552 2583 δρασιν
619 2507 793 2579 ἐαυτῷ
866 2505 1290 2583 μηχανώμενος.
1360 2501 1535 2557 Πάλιν
1604 2500 1661 2557 δὲ
1722 2502 2017 2578 ἀποτυχὼν

363 2602 453 2653 xui
482 2597 600 2672 τρὶς
629 2600 820 2653 τοῦτον
873 2596 1232 2669 ἐπιχειρήσας
1282 2593 1374 2647 τὸν
1423 2592 1627 2669 τρόπον
1680 2592 1756 2655 εἷς
1789 2594 2017 2668 ἀμηχα-

362 2687 477 2742 νίαν
537 2685 834 2742 ἐνέπιπτεν.
903 2685 991 2745 Ὠς
1050 2680 1106 2738 δὲ
1171 2683 1436 2745 πάντοθεν
1504 2681 1858 2760 ἀναφανέντας
1924 2681 2014 2737 καὶ

359 2774 706 2847 ἐκπηδῶντας
737 2773 848 2829 εἶδε
902 2771 1028 2835 τοὺς
1085 2771 1396 2844 Ῥωμαίους
1452 2769 1511 2827 ἔκ
1566 2792 1624 2825 τε
1664 2766 2011 2846 μεσημϐρίας

355 2864 585 2919 καὶτῶν
618 2864 754 2937 πρὸς
814 2861 1010 2938 ἄρκτον
1071 2865 1274 2935 μερῶν,
1332 2860 1422 2914 καὶ
1480 2858 1690 2936 ἄφυκτα
1719 2862 2010 2930 κατενόησε

353 2956 419 3012 τὰ
452 2957 573 3031 περὶ
603 2955 765 3010 αὐτὸν
798 2954 954 3022 εἶναι,
1002 2952 1124 3007 τότε
1169 2949 1236 3020 δὴ
1284 2952 1385 3021 τὴν
1428 2950 1703 3025 σωτηρίαν
1736 2951 2005 3025 ἀπογνοὺς

350 3046 613 3118 ἐμπίπτει
663 3050 782 3107 τοῖς
837 3042 974 3098 κατά
1024 3041 1276 3114 μέτωπον
1324 3041 1536 3114 ἀθρόως
1598 3041 1733 3112 μετά
1770 3038 2009 3119 σφοδρᾶς

348 3129 693 3209 προσϐολῆς.
755 3133 921 3188 Ἔνθα
967 3128 1181 3203 καιρίαν
1236 3127 1475 3202 πληγεὶς
1517 3128 1677 3190 αὐτός
1708 3150 1768 3183 τε
1795 3130 2006 3198 πίπτει,

350 3224 444 3278 καὶ
508 3224 615 3277 τῶν
678 3221 842 3276 αὐτοῦ
903 3217 1226 3289 διασώζεται
1284 3214 1408 3272 οὐδὲ
1464 3218 1564 3279 εἷς.
1619 3218 1925 3291 Πυθόμενος
1958 3216 2015 3273 δὲ

2137 1967 2302 2036 locis,
2342 1970 2637 2041 rebusque
2696 1971 2820 2025 suis
2869 1970 3098 2026 consuli
3149 1970 3315 2025 nullo
3364 1968 3539 2023 modo
3616 1984 3788 2039 posse

2134 2058 2433 2130 intelligit,
2466 2059 2779 2131 desperata
2824 2060 3014 2116 salute
3046 2060 3107 2114 in
3139 2059 3415 2115 adversos
3458 2059 3659 2112 hostes
3682 2074 3786 2111 ve-

2131 2148 2398 2203 hementi
2420 2166 2555 2204 cum
2586 2150 2813 2221 impetu
2838 2149 3241 2220 irruit,ibique
3264 2155 3321 2203 et
3345 2149 3470 2219 ipse
3502 2146 3790 2202 sternitur

2134 2242 2191 2291 et
2213 2238 2505 2293 exercitus
2527 2239 2658 2309 ejus
2680 2239 2988 2293 occidione
3013 2239 3187 2310 perit.
3225 2238 3409 2292 Filius
3451 2253 3585 2291 cum
3616 2242 3783 2307 parte

2131 2327 2437 2397 copiarum
2469 2329 2819 2399 populatum
2885 2329 3103 2383 missus
3160 2328 3313 2383 985
3347 2326 3556 2382 nuntio
3597 2325 3784 2381 cladis

2130 2422 2372 2487 accepto
2428 2419 2628 2473 statim
2685 2418 3023 2474 Melitenam
3071 2418 3208 2490 fuga
3254 2417 3421 2489 petit.
3457 2415 3569 2472 Sed
3622 2416 3781 2469 hunc

2129 2522 2364 2576 quoque
2426 2512 2483 2561 et
2540 2507 2863 2562 exercitum
2924 2507 3051 2578 ejus
3082 2506 3423 2561 Charsianis
3498 2505 3785 2577 angustiis

2125 2594 2441 2664 praefectus
2474 2595 2778 2653 insecutus
2797 2596 2857 2647 in
2876 2598 3231 2665 potestatem
3256 2592 3467 2663 redigit
3488 2608 3554 2646 ac
3577 2593 3748 2645 Petro
3764 2622 3780 2631 -

2125 2700 2215 2737 me
2246 2682 2442 2737 tradit.
2495 2683 2640 2737 Tam
2689 2683 2908 2738 illustri
2939 2682 3011 2737 de
3044 2684 3253 2737 Amere
3279 2681 3522 2735 victorio
3554 2680 3782 2751 positus

2122 2778 2441 2827 Peetronas
2480 2773 2687 2843 Cpolin
2737 2772 2933 2838 rediit,
2967 2772 3221 2827 adducto
3278 2788 3478 2826 secum
3512 2770 3609 2841 qui
3646 2786 3776 2824 eam

2120 2862 2475 2934 praedixerat
2505 2862 3085 2933 monacho,divinam
3109 2862 3158 2934 ej
3170 2878 3238 2917 us
3258 2862 3536 2915 virtutem
3556 2859 3771 2931 praedi-

2118 2969 2282 3020 cans,
2305 2952 2769 3022 imperatorique
2788 2958 2845 3006 et
2860 2952 3060 3006 Bardas
3074 2967 3452 3023 summopere
3474 2965 3774 3005 commen-

2121 3042 2290 3097 dans.
2339 3041 2466 3095 Jam
2522 3047 2649 3095 tum
2707 3042 3009 3097 Manuelus
3059 3058 3127 3095 ex
3187 3040 3393 3095 morbo
3443 3039 3774 3094 interierato

2120 3133 2324 3202 Itaque
2382 3132 2667 3186 Petronas
2734 3132 3074 3186 scholarum
3118 3129 3480 3185 domesticus
3531 3129 3774 3184 honoris

2118 3238 2298 3277 causa
2322 3228 2577 3286 creatur,
2609 3222 2903 3293 pauloque
2934 3226 3069 3293 post
3098 3221 3215 3276 vita
3244 3220 3497 3276 decedit.

346 3313 447 3382 τὴν
471 3312 634 3380 ἧτταν
688 3311 716 3364 6
762 3308 963 3364 τούτου
1026 3309 1166 3377 υἱὸς,
1237 3307 1313 3368 εἰς
1374 3309 1657 3382 προνομὰς
1733 3308 1865 3380 μετὰ
1936 3307 2134 3383 μέρους
2194 3308 2523 3372 ἀποσταλεὶς
2575 3313 2671 3363 τοῦ
2729 3313 2981 3384 στρατοῦ,
3042 3309 3200 3369 εὐθὺς
3258 3307 3395 3381 πρὸς
3454 3303 3772 3376 Μελιτηνήν

355 3396 771 3475 ἀπεδίδρασκεν.
833 3396 1009 3455 ’Λλλὰ
1063 3396 1153 3452 καὶ
1204 3401 1395 3451 τοῦτον
1455 3398 1483 3452 6
1536 3401 1634 3452 τοῦ
1691 3402 2003 3471 Χαρσιανοῦ
2054 3396 2392 3468 καταδιώξας
2450 3397 2891 3477 κλεισουράρχης
2953 3403 3234 3472 χειροῦται
3299 3395 3432 3469 μετᾶ
3478 3399 3574 3450 τοῦ
3614 3415 3774 3468 στρα-

353 3488 626 3562 τεύματος
651 3489 743 3543 καὶ
772 3492 851 3560 τῷ
883 3486 1174 3562 στρατηγῷ
1206 3484 1395 3541 δίδωσι
1453 3492 1723 3560 Πετρωνᾷ.
1784 3488 1845 3545 Ὁ
1906 3484 1964 3542 δὲ
2010 3492 2297 3563 Πετρωνᾶς
2355 3492 2603 3544 τοιοῦτον
2652 3489 2789 3542 κατὰ
2818 3492 2912 3542 τοῦ
2943 3488 3007 3542 Ἀ
3023 3508 3119 3562 μερ
3152 3489 3351 3558 στήσας
3383 3485 3646 3561 τρόπαιον
3672 3486 3774 3553 τὴν

358 3585 616 3662 βασιλίδα
644 3581 1077 3660 καταλαμϐάνει,
1110 3579 1441 3660 ἔπαγόμενος
1471 3586 1562 3639 xui
1588 3586 1679 3640 τὸν
1710 3587 1810 3653 τήν
1838 3586 1996 3656 νίκην
2045 3587 2191 3659 αὐτῷ
2237 3590 2674 3662 προθεσπίσαντα
2728 3588 2991 3662 μοναχὸν,
3022 3589 3120 3657 τήν
3168 3607 3227 3641 τε
3256 3586 3451 3660 ἀρετην
3484 3584 3772 3653 ἐκθειάζων

353 3688 539 3758 αὐτοῦ,
606 3688 698 3743 καὶ
763 3688 900 3762 πρὸς
962 3688 1055 3742 τὸν
1123 3684 1355 3761 βασιλέα
1419 3686 1508 3740 καὶ
1581 3684 1786 3762 Βάρδαν
1850 3689 1943 3743 τὸν
2005 3688 2205 3743 οῐκεῖον
2272 3687 2504 3768 ἀδελφὸν
2547 3688 2789 3763 ἐξυμνῶν
2819 3692 3010 3743 τοῦτον
3041 3688 3131 3742 καὶ
3163 3685 3499 3761 μεγαλύνων.
3532 3688 3768 3759 Τιμᾶται

344 3789 480 3861 γοῦν
508 3783 829 3859 δομέστικος
857 3791 966 3841 τῶν
1001 3783 1250 3860 σχολῶν,
1288 3784 1422 3857 μετὰ
1458 3786 1653 3859 μικρὸν
1687 3782 1745 3840 δέ
1776 3786 1865 3841 xui
1899 3782 2128 3843 ἀπεϐίω.
2187 3786 2543 3859 Ἐτελεύτησε
2575 3786 2634 3844 δὲ
2661 3790 2767 3865 πρὸ
2797 3791 2995 3845 τούτου
3024 3788 3113 3843 καὶ
3147 3788 3174 3842 6
3206 3786 3497 3857 Μανουὴλ,
3525 3787 3668 3859 νόσῳ
3701 3783 3765 3856 δή

346 3905 455 3938 σινι
485 3883 798 3958 κρατηθείς.

426 3973 704 4035 Μονωθεὶς
763 3972 821 4029 δὲ
881 3975 909 4028 6
968 3971 1177 4046 Βάρδας
1233 3975 1332 4047 ἦγε
1388 3973 1477 4025 καὶ
1508 3965 1665 4049 ἔφερε
1690 3971 1886 4042 πάντα,
1918 3973 2009 4027 καὶ

349 4064 449 4125 τὰς
478 4062 538 4120 ἐκ
570 4063 842 4139 βασιλέως
898 4059 1100 4136 ἢμειϐε
1148 4067 1387 4139 συνεχῶς
1439 4062 1625 4136 τιμὰς,
1660 4063 1806 4118 ἀνὸει
1834 4061 1891 4118 δὲ
1919 4063 2008 4118 xui

356 4152 434 4214 ε’ίς
466 4155 563 4221 τήν
621 4152 887 4227 Καίσαρος
946 4151 1102 4222 δόξαν
1155 4174 1213 4207 τε
1271 4151 1361 4206 xui
1418 4153 1613 4226 τιμὴν,
1646 4156 1743 4207 τοῦ
1774 4149 2005 4227 Μιχαὴλ

355 4239 593 4315 μηδενὸς
647 4243 833 4313 ἐτέρου
865 4242 1249 4321 φροντίζοντος
1297 4247 1406 4297 τῶν
1457 4241 1760 4297 πολιτικῶν
1814 4242 2005 4312 ἀλλ’ἢ

350 4332 589 4405 θεάτρων
649 4331 741 4386 καὶ
796 4332 984 4386 ἳππων
1045 4332 1314 4405 ἁμίλλης.
1347 4332 1448 4387 Καὶ
1500 4331 1561 4386 τὸ
1608 4329 1673 4401 δὴ
1708 4330 2006 4409 χείριστον,

350 4421 450 4476 οὐκ
481 4422 665 4497 ἠγάπα
694 4423 892 4490 τεατής
923 4422 1059 4476 εἶναι
1116 4420 1299 4493 μόνον,
1331 4418 1478 4475 ἀλλὰ
1519 4421 1608 4475 καὶ
1662 4420 1824 4483 αὐτὸς
1855 4423 2008 4491 ἡνιο-

350 4513 474 4585 χεῖν
529 4509 619 4565 καὶ
673 4509 921 4585 παίγνιον
973 4515 1089 4572 τοῖς
1148 4514 1278 4564 πᾶσι
1331 4516 1651 4585 προκεῖσθαι
1679 4510 1771 4565 καὶ
1806 4509 2005 4585 γέλως.

357 4600 461 4656 Καὶ
516 4599 543 4653 6
607 4600 702 4671 μὲν
758 4598 810 4653 ἐν
869 4599 1086 4661 τούτοις
1141 4599 1229 4670 ἦν,
1282 4599 1310 4653 6
1370 4597 1576 4672 Βάρδας
1637 4596 1693 4653 δὲ
1742 4596 1916 4654 διεῖπε
1942 4600 2009 4655 τὰ

353 4687 615 4742 πολιτικᾶ
643 4689 733 4742 καὶ
782 4690 880 4756 τῆς
931 4685 1210 4763 βασιλείας
1270 4688 1700 4763 κατεποχάζετο
1732 4687 1806 4750 ὡς
1838 4688 2005 4759 αὐτήν

354 4776 621 4852 εὐκαίρως
678 4774 1167 4851 παραληψόμενος.
1225 4775 1578 4849 Ἐπεμελήθη
1640 4774 1696 4831 δὲ
1752 4776 1841 4832 καὶ
1907 4785 2006 4847 τῆς

347 4860 451 4936 ἔξω
484 4865 673 4945 σοφίας
727 4866 815 4938 (ἦν
873 4866 973 4940 γὰρ
1033 4864 1092 4920 ἐκ
1150 4863 1366 4919 πολλοῦ
1402 4864 1606 4939 χρόνου
1637 4865 2006 4943 παραρῥυεῖσα

348 4955 441 5009 καὶ
472 4955 607 5029 πρὸς
638 4955 699 5009 τὸ
736 4951 902 5025 μηδὲν
950 4952 1096 5015 ὅλως
1144 4953 1449 5028 χωρήσας-α
1501 4956 1570 5027 τῇ
1600 4959 1708 5008 τῶν
1742 4954 2003 5030 κρατούν-

2192 3978 2264 4029 Αι
2286 3976 2505 4031 Bardas
2550 3977 2713 4031 solus
2766 3982 3067 4048 superstes
3126 3977 3327 4031 omnia
3358 3974 3569 4029 exinde
3599 3992 3770 4046 agere

2121 4081 2189 4119 ac
2220 4064 2676 4140 ferre,honores
2736 4065 3153 4137 imperatorios
3202 4064 3454 4120 subinde
3508 4065 3570 4119 in
3622 4064 3772 4119 alios

2121 4157 2297 4223 atque
2328 4153 2477 4208 alios
2513 4154 2857 4217 transferre,
2916 4155 3183 4224 adeoque
3233 4154 3480 4208 Caesaris
3537 4169 3773 4223 quoque

2119 4242 2469 4313 dignitatem
2499 4242 2610 4297 sibi
2640 4259 2895 4298 sumere.
2938 4243 3257 4298 Michaelus
3285 4243 3514 4298 interea
3542 4243 3771 4299 nullam

2119 4332 2202 4385 rei
2228 4331 2480 4402 publica;
2514 4348 2736 4400 curam,
2766 4332 3252 4405 gerere,theatris
3283 4332 3458 4387 modo
3490 4337 3549 4387 et
3590 4349 3769 4403 eque-

2121 4421 2341 4475 stribus
2362 4438 2566 4476 vacare
2599 4422 3047 4490 certaminibus,
3071 4423 3348 4493 quodque
3365 4430 3492 4477 erat
3516 4423 3768 4479 deterri-

2123 4527 2305 4574 mum,
2340 4527 2460 4565 non
2492 4514 2722 4567 tantum
2762 4528 2830 4566 ea
2874 4517 3163 4583 spectare,
3198 4513 3302 4568 sed
3320 4520 3378 4568 et
3424 4514 3548 4585 ipse
3580 4531 3769 4585 equos

2119 4615 2291 4671 agere
2324 4600 2717 4670 omnibusque
2749 4601 3236 4657 subsannandum
3269 4620 3330 4658 se
3361 4608 3419 4657 et
3456 4603 3772 4659 ridendum

2119 4689 2421 4743 exhibere.
2460 4689 2704 4743 Interim
2748 4688 2965 4745 Bardas
3013 4691 3252 4763 negotia
3298 4691 3536 4762 publica
3558 4709 3773 4764 procu-

2117 4778 2305 4843 rabat,
2339 4779 2777 4850 imperiumque
2816 4777 3017 4834 animo
3060 4781 3170 4835 sibi
3226 4780 3584 4851 destinabat,
3611 4783 3767 4854 puod

2118 4884 2223 4922 suo
2248 4873 2512 4938 tempore
2546 4870 2959 4940 adipiscretur.
2993 4868 3156 4925 Idem
3201 4871 3481 4942 profanas
3530 4888 3766 4942 quoque

2115 4957 2364 5021 litieras,
2398 4974 2528 5028 quas
2560 4958 2987 5031 imperatorum
3017 4959 3290 5015 barbarie
3320 4967 3496 5032 atque
3529 4960 3767 5016 inscitia

344 5064 454 5100 των
511 5045 765 5119 ἀγροικία
816 5044 902 5098 καὶ
988 5040 1213 5115 ἀμαθίᾳ)
1303 5038 1584 5117 διατριϐὰς
1634 5043 1831 5118 έκάστῃ
1893 5048 2001 5098 τῶν

2138 5063 2231 5101 am
2255 5064 2287 5101 a
2313 5047 2519 5102 multis
2544 5049 2718 5103 annis
2741 5066 2983 5119 prorsus
3013 5048 3390 5104 absolverant
3420 5055 3479 5104 et
3507 5065 3760 5105 evanue-

349 5133 671 5207 ἐπιστημῶν
703 5133 989 5207 ἀφορίσας,
1021 5137 1129 5187 τῶν
1166 5132 1260 5205 μὲν
1318 5129 1507 5186 ἄλλων
1540 5131 1650 5203 ὅπη
1685 5153 1786 5207 περ
1815 5132 1998 5208 ἔτυχε,

347 5229 451 5291 τῆς
483 5219 531 5276 δ’
561 5221 649 5276 ἐπὶ
681 5225 866 5277 πασῶν
921 5219 1130 5295 ἐπόχου
1188 5219 1516 5300 φιλοσοφίας
1574 5224 1692 5277 κατ’
1750 5223 1888 5277 αὐτὰ
1936 5224 2002 5277 τὰ

2110 5141 2264 5200 rant,
2296 5137 2604 5204 recreavit,
2637 5137 2888 5209 singulis
2936 5137 3200 5192 scientiis
3253 5143 3414 5193 certo
3462 5137 3591 5192 loco
3623 5154 3763 5194 suas

2112 5224 2344 5280 scholas
2366 5225 2719 5295 attribuens,
2751 5243 3042 5297 supremae
3063 5232 3261 5281 autem
3287 5228 3553 5282 omnium
3576 5227 3766 5299 philo-

1553 5323 1916 5378 XYLANDHI
1954 5323 2040 5378 ET
2081 5324 2298 5379 GOARI
2335 5325 2560 5381 NOTIE.

414 5422 529 5493 (45)
572 5419 779 5493 Vicina
825 5421 967 5473 sunt
1015 5418 1296 5473 Militenm
1328 5423 1385 5472 et
1416 5419 1713 5473 Armeniae
1746 5419 1875 5474 loca
1905 5419 2003 5475 hic

340 5490 710 5549 enumerata.
746 5490 923 5546 Gou.

418 5566 530 5634 (46)
581 5565 662 5635 Ex
718 5563 944 5635 Zonara
1002 5577 1108 5635 prro
1165 5561 1443 5635 πιώσοντα
1509 5562 1622 5635 legi
1694 5561 2000 5635 πτώσοντα.

2170 5421 2284 5492 (47)
2316 5420 2577 5487 Quadrat
2614 5421 2751 5495 huic
2809 5422 2940 5477 loco
3001 5422 3323 5479 modernus
3372 5423 3555 5495 hujus
3598 5427 3759 5484 vocis

2096 5509 2262 5550 usus.
2287 5509 2404 5563 quo
2422 5510 2541 5548 non
2565 5494 2739 5548 modo
2770 5495 2827 5547 in
2858 5512 3054 5564 gyrum
3085 5495 3386 5557 includere.
3440 5494 3544 5550 sed
3603 5502 3661 5551 et
3690 5499 3749 5555 in

2094 5567 2549 5642 [ugam_vertere,
2580 5572 2725 5620 retro
2749 5568 3069 5621 amandare.
3099 5572 3159 5621 et
3191 5568 3281 5621 his
3312 5567 3534 5623 similla
3565 5571 3748 5642 signi-

344 5629 521 5692 Idem'
559 5634 739 5689 habet
784 5629 1144 5697 Auluxuiiwa,
1193 5629 1609 5690 Dalacaoneni.
1650 5634 1889 5690 Videtur
1941 5635 2003 5689 in

2128 5629 2253 5691 lc'at.
2288 5637 2461 5692 Goaa.

345 5710 459 5764 hoc
487 5705 765 5762 allusisse
790 5705 866 5760 ad
894 5701 1026 5759 λαόν
1060 5709 1119 5758 et
1144 5704 1338 5759 καίειν.
1363 5706 1501 5761 Χγι..
