4184 6420
360 403 438 464 10
455 402 526 464 51

1746 402 2067 467 GEORGII
2112 405 2464 473 GEDRENI

3633 414 3792 476 1082

372 536 591 608 sophize
622 536 695 591 ad
744 537 935 607 ipsam
966 536 1187 606 regiam
1228 535 1288 589 in
1319 537 1650 606 Magnaura.
1706 537 1909 606 Itaque
1946 553 2014 593 ex

2136 537 2362 612 βασιλέα
2444 541 2496 598 ιν
2581 546 2650 619 τῇ
2732 548 3034 622 Μαγναόρᾳ
3088 547 3177 602 καὶ
3239 547 3414 609 οὕτως
3470 546 3518 618 ἐξ
3578 546 3784 603 ἐκείνου

372 645 438 683 eo
489 642 728 680 rursum
788 626 1001 679 ﬂorere
1069 624 1330 679 scientiae
1383 632 1709 695 coeperunt,
1784 628 2016 683 tametsi

372 716 926 787 prmstantissimum
957 715 1307 768 Oﬁﬂliocet
1345 714 1767 769 celeberimum
1800 717 2018 772 factum

370 808 529 861 vitiis
563 805 763 860 Bardza
796 803 1067 858 eluendis
1127 820 1244 857 non
1276 806 1529 859 suffecit.
1578 805 2021 876 Philosophiam

368 895 620 950 docebat
651 909 892 965 magnus
928 893 1027 947 ille
1061 892 1451 963 phi|080phus
1484 894 1594 948 Leo
1628 896 2022 952 consobrinus

366 984 569 1039 .lannis
602 981 970 1053 patriarchae.
1009 982 1108 1036 llic
1152 983 1262 1036 Leo
1324 982 1636 1053 episcopus
1699 1001 1829 1038 cum
1865 992 2023 1040 esset

366 1072 819 1137 Thessalonicae,
854 1070 1309 1142 lmaginiperdis
1345 1071 1636 1126 submotis
1696 1073 1822 1143 ipse
1874 1090 2024 1144 quo-

370 1180 483 1233 que
540 1178 788 1216 munere
866 1178 972 1215 suo
1031 1161 1294 1231 privatus
1344 1178 1476 1216 cum
1540 1163 1601 1215 in
1661 1163 1781 1217 otio
1848 1164 2022 1234 dege-

369 1259 475 1311 ret.
530 1251 667 1305 huic
724 1250 835 1303 fuit
906 1250 1140 1319 negotio
1202 1250 1523 1304 adhibitus.
1604 1252 1816 1306 Verum
1889 1259 2026 1308 ante

368 1342 428 1395 in
460 1342 838 1413 imperatoris
868 1340 1185 1411 Theophili
1220 1341 1494 1396 notitiam
1530 1341 1640 1395 hoc
1682 1343 1857 1396 modo
1890 1360 2024 1413 per-

368 1433 781 1486 venerat.Cum
808 1430 1003 1484 omnis
1049 1431 1431 1485 scientiarum
1478 1432 1714 1501 generis
1768 1433 2029 1503 perfecta

368 1521 704 1591 cognitione
753 1536 874 1573 non
924 1519 1169 1574 haberet
1222 1520 1331 1573 sibi
1376 1536 1599 1591 parem,
1638 1521 1733 1574 vili
1767 1522 2026 1591 quodam

366 1611 427 1665 in
460 1610 764 1664 domicilio
799 1609 1013 1679 quibus
1032 1610 1285 1679 quisque
1307 1609 1483 1664 vellet
1504 1610 1731 1665 artibus
1756 1611 2027 1665 homines

367 1698 738 1753 instituebat.
798 1698 1116 1767 Aliquanto
1171 1704 1459 1768 tempore,
1522 1715 1654 1752 cum
1736 1699 1906 1754 multi
1968 1700 2026 1753 in

372 1788 637 1843 scientiis
680 1804 1023 1859 progressus
1082 1786 1241 1841 haud
1285 1788 1663 1859 pmnitendos
1720 1788 2024 1854 fecissent,

2126 624 2449 699 ἀνηόοἱσκειν
2501 634 2553 687 αἱ
2607 633 2904 708 ἐπιστῆμαι
2963 637 3217 708 ἤρξαντο.
3279 640 3451 692 Τοῦτο
3510 639 3571 693 τὸ
3628 632 3789 712 ἔργον

2124 717 2421 774 κάλλιστον
2450 722 2538 776 καὶ
2579 719 2907 797 περιϐόητον
2955 719 3012 779 ὂν
3063 725 3161 779 οὐκ
3219 723 3440 804 ἴσχυσεν
3472 725 3782 781 ἀποπλῦναι

2124 807 2219 869 τὰς
2277 808 2497 873 ἐνούσας
2553 810 2728 874 ἄλλας
2786 818 2866 885 τῷ
2917 810 3094 885 Βάρδᾳ
3124 811 3383 884 κηλῖδας.
3414 817 3529 883 Τῆς
3566 815 3658 887 μὲν
3690 816 3784 869 οὖν

2127 894 2454 973 φιλοσοφίας
2512 899 2755 975 ἐξηγεῖτο
2814 901 2962 955 Λέων
3024 900 3229 963 ἐκεῖιος
3288 904 3316 956 6
3381 904 3551 976 μέγας
3608 923 3666 958 τε
3695 901 3788 959 καὶ

2128 985 2455 1067 φιλόσοφος,
2514 989 2730 1063 ἀνεψιὸς
2800 988 2872 1045 ὣν
2930 992 3109 1062 Ἰαννῆ
3168 996 3265 1047 τοῦ
3319 993 3688 1067 πατριάρχου,
3722 989 3784 1054 ὅς

2127 1075 2341 1130 καὶτὸν
2399 1077 2587 1151 θρόνον
2647 1077 2815 1154 ἔλαχε
2874 1087 2975 1151 τῆς
3038 1083 3122 1154 [Ρ.
3195 1083 3321 1154 548]
3365 1081 3787 1151 Θεσσαλονίκης,

2128 1164 2251 1241 ἄρτι
2304 1163 2361 1221 δὲ
2416 1171 2526 1221 τῶν
2578 1168 2976 1246 Εἶκονομάχων
3033 1171 3457 1246 καθαιρεθέντων
3514 1174 3789 1245 συγκαθῃ-

2135 1257 2262 1329 ρέθη
2284 1254 2375 1309 καί
2405 1256 2590 1319 αὐτὸς,
2624 1258 2712 1312 καὶ
2769 1259 3061 1335 σχολάζων
3122 1259 3197 1321 εἷς
3254 1260 3454 1329 ταύτην
3488 1255 3786 1334 προεόιδά-

2131 1348 2251 1413 ζετο
2301 1347 2399 1414 τὴν
2466 1345 2704 1425 σχολήν.
2762 1348 3010 1424 Ἐγένετο
3070 1346 3126 1403 δὲ
3183 1350 3446 1423 πρότερον
3506 1350 3786 1421 γνώριμος

2129 1431 2380 1507 Θεοφίλῳ
2424 1437 2505 1507 τῷ
2533 1434 2752 1509 βασιλεῖ
2807 1441 2997 1491 τοῦτον
3058 1438 3148 1491 τὸν
3181 1438 3410 1512 τρόπον.
3470 1439 3648 1499 Πάσας
3680 1439 3785 1511 γὰρ

2128 1523 2479 1594 κατορθώσας
2515 1525 2611 1586 τὰς
2643 1524 2945 1597 ἐπιστήμας
3006 1527 3079 1587 ὡς
3138 1525 3262 1581 οὐδὲ
3320 1528 3444 1598 μίαν
3498 1524 3785 1599 ἓτερος,ὲν

2132 1609 2344 1665 εὐτελεῖ
2381 1633 2485 1666 τινι
2553 1612 2896 1685 καῖαλῦματι
2959 1612 3159 1693 διάγων
3215 1616 3342 1677 τοὺς
3409 1614 3785 1689 βουλομένους

2131 1699 2505 1776 ἐμυσταγώγει
2568 1703 2761 1757 ὁποίαν
2819 1700 3041 1765 ἕκαστος
3106 1703 3383 1778 βούλοιτο.
3444 1710 3529 1765 Ὠς
3586 1702 3627 1760 δ’
3674 1703 3786 1774 ἤδη

2138 1791 2335 1864 χρόνος
2368 1791 2709 1864 παρετείνετο
2740 1794 2830 1847 καὶ
2891 1790 3093 1847 πολλοὶ
3160 1794 3296 1848 κατὰ
3353 1794 3449 1855 τὰς
3482 1793 3790 1865 ἐπιστήμας

373 1879 520 1933 forte
546 1879 781 1949 juvenis
814 1877 1054 1948 quidam
1088 1878 1244 1948 apud
1293 1895 1427 1933 eum
1490 1895 1784 1933 summam
1819 1885 2026 1934 nactus

2136 1878 2499 1951 προέκοπτον,
2560 1876 2756 1951 συνέϐη
2805 1882 2928 1936 τινα
2990 1881 3197 1937 νεανίαν
3259 1889 3357 1951 τῆς
3410 1889 3791 1956 γεωμετρικῆς

372 1970 709 2041 geometriae
760 1968 1033 2038 peritiam
1096 1968 1289 2021 scriba
1348 1968 1412 2022 iit
1468 1968 1780 2039 cujusdam
1832 1968 2020 2036 ducis,

371 2075 625 2128 cumque
658 2075 724 2111 eo
758 2058 817 2111 in
844 2057 1065 2113 bellum
1100 2058 1416 2129 profectus,
1470 2058 1616 2112 fusis
1648 2075 1891 2113 suorum
1927 2075 2026 2112 co-

366 2149 744 2219 piis,vivusin
765 2146 1022 2201 hostium
1044 2152 1391 2216 potestatem
1418 2148 1706 2218 pervenit,
1740 2154 1798 2201 et
1820 2148 2021 2202 Sarra-

366 2254 512 2291 ceno
546 2236 779 2291 cuidam
805 2236 1023 2291 illustri
1044 2236 1107 2290 in
1136 2237 1481 2291 servitutem
1514 2237 1772 2291 deditur.
1804 2241 2022 2291 lsmae-

373 2327 614 2382 litarum
648 2343 715 2380 eo
750 2331 1014 2396 tempore
1048 2326 1325 2396 princeps
1368 2328 1697 2380 Mamumus
1729 2342 1861 2381 cum
1894 2326 2029 2380 aliis

378 2418 592 2474 Grzncis
617 2416 949 2486 disciplinis
998 2415 1259 2479 vacabat,
1293 2422 1419 2470 tum
1453 2418 1747 2487 praecipue
1797 2432 2029 2488 geome-

378 2509 504 2561 tria:
536 2512 663 2561 erat
719 2506 973 2560 deditus.
1010 2504 1237 2559 Accidit
1293 2505 1618 2577 aliquando
1650 2511 1713 2559 ut
1762 2506 1912 2577 ejus.
1956 2505 2027 2559 de

380 2615 496 2670 quo
547 2597 1086 2667 diximus,juvenis
1135 2597 1413 2651 dominus
1471 2597 1542 2651 de
1602 2613 2028 2653 amermumnm

378 2689 441 2743 in
472 2689 835 2744 mathemata
868 2691 925 2741 et
961 2687 1346 2759 geometriam
1404 2687 1600 2742 studio
1660 2689 2026 2747 mentionem

380 2780 617 2833 faceret.
643 2778 724 2831 lbi
760 2793 973 2848 cupere
1005 2794 1067 2831 se
1116 2794 1249 2831 rum
1284 2776 1589 2847 ipsiusque
1623 2778 1895 2833 doctores
1922 2798 2028 2836 au-

378 2867 504 2921 dire
536 2865 902 2920 mentionem
929 2863 1163 2934 juvenis
1189 2864 1291 2929 ait,
1325 2870 1382 2919 et
1441 2882 1619 2937 quam
1678 2866 2033 2923 adhiberent

376 2955 553 3011 rebus
568 2955 941 3026 geometricis
956 2954 1199 3026 diligent
1211 2955 1325 3009 iam
1359 2954 1678 3027 explorare.
1701 2958 2031 3013 Mamumus

376 3046 489 3099 hoc
520 3044 1047 3115 cognitojuvenem
1084 3044 1254 3099 laatus
1284 3045 1433 3099 961
1471 3045 1792 3101 admodum
1840 3047 1914 3101 ad
1967 3064 2028 3102 se

376 3138 564 3202 vocat,
598 3139 655 3187 et
701 3149 777 3187 an
810 3134 1103 3207 cognitam
1154 3134 1405 3189 harneret
1465 3151 1593 3189 eam
1648 3135 2030 3207 disciplinam

378 3224 609 3295 quaerit,
644 3228 699 3277 et
737 3223 919 3278 aienti
954 3223 1125 3278 tidem
1161 3223 1419 3297 derogat,
1455 3241 1523 3279 eo
1556 3230 1822 3297 tempore
1846 3226 2032 3280 nemi-

377 3329 516 3368 nem
565 3318 781 3384 praater
833 3330 969 3367 suos
1020 3316 1332 3383 magistros
1389 3315 1722 3385 geometria:
1782 3330 2029 3385 gnarum

377 3418 505 3457 esse
520 3402 905 3458 contendens.
920 3403 1157 3457 Juvenis
1171 3419 1388 3473 cupere
1402 3420 1464 3457 se
1488 3420 1692 3457 eorum
1718 3403 2030 3459 scientiam

378 3493 716 3547 examinare
741 3508 874 3546 cum
902 3491 1147 3557 diceret,
1182 3492 1381 3546 statim
1414 3492 1452 3545 ii
1502 3497 1717 3563 praesto
1768 3492 2028 3562 fuerunt,

376 3583 712 3653 ﬁgurasque
745 3583 924 3637 trium
956 3587 1014 3636 et
1041 3586 1296 3652 quatuor
1324 3583 1677 3655 angulorum
1709 3583 2032 3654 descripse-

377 3676 539 3735 runt,
563 3675 624 3724 et
652 3671 713 3724 in
746 3669 1008 3724 medium
1040 3687 1301 3725 canones
1331 3671 1763 3743 principiorum
1792 3689 2029 3744 geome-

378 3762 509 3817 triae
571 3760 965 3827 adduxerunt,
1011 3760 1261 3817 nomina
1334 3762 1584 3833 ﬁguram
1643 3768 2030 3833 exponentes,

379 3850 544 3904 nulla
572 3850 812 3904 interim
868 3849 1098 3904 reddita
1154 3866 1331 3905 causa
1379 3856 1481 3905 aut
1527 3851 1755 3922 prolata
1785 3851 2030 3906 demon-

379 3941 684 3995 stratione.
718 3941 829 3994 Eos
859 3956 995 3994 cum
1034 3940 1235 3996 animo
1277 3940 1464 3998 elatos
1508 3940 1735 4012 jactare
1794 3958 1924 3997 sese
1955 3942 2030 3996 ob

379 4030 843 4101 descriptionem
899 4030 1218 4102 figurarum
1280 4031 1505 4085 videret
1555 4031 1813 4101 juvenis,
1876 4054 1903 4082 «
1964 4033 2030 4088 In

382 4119 566 4185 omni,
598 4119 812 4189 inquit,
846 4120 1078 4174 ratione
1109 4125 1285 4189 atque
1330 4137 1392 4175 re
1444 4136 1683 4176 causam
1717 4121 2031 4176 continens

381 4210 808 4266 demonstratio
840 4208 1171 4280 principem
1231 4209 1460 4265 obtinet
1516 4210 1735 4267 locum.
1768 4210 1893 4274 Qua
1931 4227 2031 4269 vos

381 4299 621 4365 omissa,
646 4315 780 4354 cum
831 4315 959 4354 esse
996 4315 1122 4352 rem
1155 4298 1566 4353 tantummodo
1598 4298 1828 4365 dicatis,
1879 4316 2031 4370 prm-

380 4390 553 4460 cipua
574 4390 916 4461 ignorantes
930 4388 1211 4445 videmini
1226 4388 1373 4442 mihi
1392 4405 1512 4443 non
1536 4388 1742 4443 leviter
1764 4404 2029 4444 errare.»

381 4478 755 4533 Ηωιέοῐὶὺοε
813 4477 883 4533 iis
950 4482 1009 4531 et
1066 4482 1129 4531 ut
1186 4493 1393 4533 causas
1473 4477 1598 4548 ipse
1655 4477 2029 4533 demonstra-

379 4574 472 4624 ret
517 4568 879 4639 petentibus,
941 4583 1048 4621 cur
1105 4566 1324 4635 quasvis
1388 4566 1576 4637 ﬁgura
1632 4567 1743 4622 hoc
1810 4584 2028 4623 nomen

2135 1966 2447 2041 ἐπιστήμης
2501 1967 2578 2031 εἷς
2635 1969 2797 2043 ἄκρον
2881 1968 3196 2040 ἐληλακότα
3273 1970 3588 2047 ὑπογραφέα
3646 1967 3795 2045 γενέ-

2136 2059 2254 2111 σθαι
2332 2058 2479 2118 τινὸς
2556 2063 2881 2135 στρατηγοῦ.
2970 2060 3047 2116 Οὗ
3106 2062 3399 2135 γενομένου
3479 2061 3617 2116 κατᾶ
3673 2080 3793 2114 τινα

2132 2145 2377 2217 πόλεμον
2439 2148 2619 2203 εἳπετο
2667 2150 2757 2203 καὶ
2815 2148 2974 2210 αὐτὸς
3012 2194 3025 2218 ,
3093 2152 3181 2203 καὶ
3244 2156 3455 2223 τροπῆς
3496 2148 3793 2224 γενομένης

2137 2241 2426 2309 ζωγρεῖται
2465 2238 2555 2290 καί
2609 2258 2713 2292 τινι
2771 2244 2878 2292 τῶν
2927 2238 3197 2319 ἐπιφανῶν
3253 2239 3330 2300 εἰς
3364 2236 3610 2293 δουλείαν
3645 2235 3789 2292 ἐκδίς

2135 2321 2307 2381 δοται.
2337 2330 2397 2381 Ὀ
2428 2322 2483 2379 δὲ
2511 2326 2647 2381 κατᾶ
2695 2323 2849 2381 τόνδε
2879 2328 2970 2382 τὸν
3002 2327 3192 2402 καιρόν
3255 2332 3361 2381 τῶν
3419 2326 3789 2400 Ἰσμαηλιτῶν

2133 2415 2426 2492 κατάρχων
2491 2416 2736 2489 Μαμοῦμ
2788 2415 2985 2479 ἄλλοις
3039 2437 3097 2471 τε
3159 2419 3473 2489 μαθήμασιν
3530 2415 3782 2486 Ἑλληνι-

2133 2509 2251 2563 κοῖς
2284 2502 2573 2581 σχολάζων
2601 2506 2690 2558 καὶ
2751 2502 2815 2573 δή
2877 2506 2967 2560 καὶ
3026 2506 3366 2581 γεωμετρίας
3418 2503 3785 2582 διαφερόντως

2134 2587 2453 2667 ἐξεχόμενος
2484 2588 2573 2656 ἧν.
2637 2590 2812 2663 Λόγου
2876 2587 2932 2644 δέ
2985 2610 3117 2644 ποτε
3172 2591 3485 2660 κινηθέντος
3518 2591 3661 2664 παρὰ
3689 2594 3787 2644 τοῦ

2131 2668 2226 2734 τὸν
2256 2677 2467 2733 νεανίαν
2491 2672 2717 2752 ἔχοντος
2749 2676 3013 2733 δεσπότου
3061 2680 3183 2755 περῖ
3242 2687 3340 2748 τῆς
3398 2679 3476 2741 είς
3505 2682 3572 2734 τὰ
3615 2681 3787 2750 μαθήο

2141 2798 2281 2849 ματα
2341 2774 2580 2841 σπουδῆς
2637 2779 2733 2831 τοῦ
2789 2776 3158 2849 ἆμερμουμνῆ
3218 2777 3304 2831 καὶ
3363 2783 3462 2844 τῆς
3521 2776 3644 2849 περὶ
3691 2777 3791 2842 τῆν

2133 2865 2470 2940 γεωμετρίαν
2509 2862 2846 2937 ἐπιμελείας,
2901 2887 2930 2916 ‹‹
2961 2865 3215 2921 Ἀκοῦσαι
3277 2864 3494 2925 τούτου,
3529 2888 3557 2916 η
3587 2865 3729 2918 εἶπεν
3763 2866 3791 2919 6

2136 2954 2367 3022 νεανίας,
2400 2978 2427 3003 ‹‹
2464 2952 2714 3026 ἐπιθυμῶ
2746 2954 2834 3007 καὶ
2866 2957 2974 3007 τῶν
3009 2952 3173 3007 αὐτοῦ
3206 2950 3571 3019 διδασκάλων,
3604 2952 3693 3007 καὶ
3725 2954 3791 3022 ἢν

2136 3038 2331 3124 ἔχουσι
2360 3044 2483 3117 περὶ
2514 3044 2613 3112 τήν
2675 3043 3013 3117 γεωμετρίαν
3075 3045 3405 3111 κατανοῆσαι
3466 3040 3723 3111 σπουδήν.
3762 3067 3784 3095 ι

2134 3134 2341 3208 Ἒμαθε
2410 3138 2572 3187 τοῦτο
2633 3132 2661 3186 ὁ
2723 3132 3021 3205 Μιμοὺμ,
3078 3132 3167 3186 καί
3231 3132 3367 3205 μετᾶ
3441 3129 3789 3205 περιχαρείας

2143 3222 2473 3278 είσκαλεῖται
2529 3223 2619 3277 τὸν
2666 3219 2783 3276 νέον
2845 3219 3108 3289 πολλῆς,
3194 3220 3283 3275 καί
3359 3220 3792 3295 παραγενόμενον

2144 3312 2502 3374 ἐκπυνθάνετο
2535 3311 2578 3365 εἷ
2612 3315 2810 3386 γνῶσιν
2868 3304 2985 3384 ἔχει
3042 3317 3141 3379 τῆς
3199 3310 3456 3380 τοιαύτης
3489 3308 3795 3383 δυνάμεως·

2146 3399 2628 3476 Συγκαταθεμένου
2689 3397 2736 3454 δ’
2791 3398 2999 3454 ἐκείνου
3056 3399 3270 3469 ἠπίστει
3304 3401 3331 3453 ὁ
3373 3394 3672 3473 βάρϐαρος,
3705 3399 3796 3453 καὶ

2144 3489 2427 3546 διετείνετο
2484 3486 2687 3561 μηδένα
2773 3483 2953 3561 ἕτερον
3012 3489 3148 3546 εἶναι
3209 3486 3353 3557 πλὴν
3421 3493 3530 3542 τῶν
3586 3486 3796 3543 ἐκείνου

2144 3578 2487 3637 διδασκάλων
2541 3585 2642 3648 τῆς
2727 3584 3105 3653 γεωμετρικῆς
3158 3578 3470 3650 ἐπιστήμης
3525 3574 3795 3650 εἷ’δήμονα

2143 3671 2279 3726 κατὰ
2324 3670 2422 3737 τὴν
2481 3662 2604 3726 τότε
2661 3667 2891 3743 ἡμέραν.
2952 3666 3277 3742 Ἱμείρεσθαι
3309 3664 3366 3724 δὲ
3396 3669 3667 3744 φήσαντος
3696 3671 3794 3723 τοῦ

2142 3756 2417 3815 νεανίσκου
2474 3760 2580 3811 τῶν
2637 3755 2800 3813 αὐτοῦ
2895 3752 3242 3815 διδασκάλων
3318 3761 3505 3831 πεῖραν
3581 3750 3793 3826 λαϐεῖν,

2142 3850 2332 3902 θᾶττον
2361 3846 2394 3914 ἢ
2431 3842 2598 3921 λόγος
2658 3845 2806 3899 οὗτοι
2864 3844 3243 3919 παρίστανται,
3273 3844 3364 3899 καὶ
3405 3841 3799 3921 διεχαράττον-

2141 3959 2204 3993 το
2264 3937 2527 4011 σχήματα
2573 3935 2814 4012 τρίγωνα
2870 3934 2957 3989 καὶ
3011 3934 3323 4014 τετράγωνα
3358 3977 3372 4005 ,
3426 3935 3515 3991 καί
3577 3934 3797 3995 κακόνες

2144 4025 2220 4090 εἷς
2253 4027 2414 4098 μέσον
2470 4022 2821 4097 προύτίθεντο
2878 4027 2976 4079 τοῦ
3032 4026 3412 4100 ποιχειωτοῦ,
3459 4021 3520 4081 τὸ
3564 4023 3681 4097 μὶν,
3711 4022 3797 4078 ὅτι

2143 4115 2205 4168 τὸ
2240 4113 2436 4187 σχῆμα
2494 4108 2619 4171 τόδε
2684 4110 2847 4183 τήνδε
2908 4110 3055 4190 φέρει
3111 4114 3210 4181 τὴν
3278 4110 3475 4177 κλῆσιν
3533 4112 3624 4171 καὶ
3675 4109 3802 4166 τόδε

2140 4198 2325 4271 τήνδε,
2356 4198 2710 4272 διδέσκόντες,
2766 4200 2941 4256 αἰτίαν
2993 4198 3049 4256 δὲ
3078 4200 3168 4255 καὶ
3195 4199 3359 4275 λόγον
3414 4201 3501 4255 καὶ
3563 4200 3625 4255 τὸ
3658 4197 3802 4254 διότι

2145 4288 2466 4347 ἀπεδίδοσαν
2525 4286 2781 4362 οὐδαμῶς
2818 4333 2831 4345 .
2889 4289 2979 4352 Ὠς
3037 4288 3129 4343 οὗν
3186 4289 3331 4362 ἐώρα
3391 4286 3801 4364 γαυρουμένους

2144 4380 2338 4440 αὐτοὺς
2382 4381 2408 4434 6
2464 4380 2672 4440 νεανίας
2736 4378 2825 4433 καὶ
2879 4379 3014 4454 μέγα
3054 4382 3385 4454 φρονοῦντας
3444 4377 3528 4432 ἐπὶ
3590 4382 3657 4450 τῇ
3688 4382 3796 4431 τῶν

2146 4472 2454 4552 σχημάτων
2483 4473 2825 4547 καταγραιρῇ.
2868 4497 2886 4519 ι
2920 4470 3042 4528 Έπί
3072 4458 3269 4532 παντὸς
3319 4468 3511 4546 λόγου,
3548 4470 3592 4523 ὧ
3623 4467 3796 4539 οὗτοι,

2144 4563 2173 4617 6
2231 4561 2439 4624 νεανίας
2498 4557 2622 4636 ἔφη,
2668 4558 2756 4614 καὶ
2813 4556 3136 4635 πράγματος
3205 4559 3265 4613 τὸ
3324 4555 3465 4614 διότι
3529 4558 3590 4612 τὸ
3632 4562 3796 4632 κῦρος

382 4665 441 4713 et
499 4636 650 4714 hanc
708 4657 1171 4713 delineationem
1243 4636 1508 4725 haberet,
1560 4657 1769 4712 ordine
1827 4664 2027 4713 osten-

2145 4647 2283 4726 ἔχει·
2320 4652 2472 4723 ὑμεῖς
2505 4646 2561 4704 δὲ
2625 4650 2724 4717 τήν
2755 4648 2975 4722 ὕπαρξίν
3038 4647 3210 4720 μόνην
3278 4646 3527 4724 λέγοντες
3581 4647 3707 4709 τοὺς
3740 4645 3797 4705 δὲ

381 4748 488 4803 dit.
540 4748 584 4802 li
641 4747 717 4802 ad
775 4748 859 4801 rei
917 4746 1371 4817 intelligentiam
1431 4746 1667 4823 deducti
1727 4746 2031 4803 hominem

379 4855 554 4909 porro
608 4836 885 4893 admirati
946 4836 1333 4908 interrogant,
1385 4835 1633 4891 aliosme
1693 4836 1871 4891 etiam
1945 4842 2032 4894 ta-

381 4926 469 4982 les
555 4925 900 4998 Byzantium
987 4924 1251 4983 haberet.
1336 4926 1404 4983 Ει
1492 4940 1627 4980 cum
1701 4926 2028 4996 respondeo

381 5021 469 5071 ret
494 5015 805 5087 plurimos,
835 5032 904 5070 ac
934 5032 995 5071 se
1027 5014 1458 5085 discipulorum
1514 5013 1851 5083 minimum,
1908 5030 2029 5070 non

382 5122 451 5159 ex
492 5106 910 5177 magistrorum
960 5120 1088 5159 esse
1121 5119 1394 5170 numero,
1432 5105 1761 5161 Mamumus
1792 5119 2027 5160 rursum

381 5194 451 5249 de
485 5193 726 5249 doctore
749 5194 981 5263 qumrit,
1034 5192 1166 5263 quis
1198 5191 1295 5246 ille
1327 5197 1385 5246 et
1440 5208 1516 5245 an
1564 5190 1757 5247 adhuc
1788 5190 2026 5249 viveret.

380 5283 720 5355 Respondet
742 5284 997 5337 Leonem
1028 5297 1157 5335 esse
1188 5280 1246 5335 in
1282 5280 1422 5334 vivis
1452 5280 1666 5345 adhuc,
1701 5280 1939 5350 inopem
1974 5287 2032 5336 et

377 5372 531 5427 968
558 5371 708 5427 nulli
742 5370 841 5426 alii
872 5370 955 5425 rei
990 5384 1168 5441 quam
1201 5367 1467 5423 scientiis
1497 5366 1784 5422 deditum.
1820 5367 2027 5423 Statim

381 5477 517 5531 ergo
549 5461 622 5515 ad
653 5461 812 5516 hunc
843 5459 1073 5515 litteras
1112 5458 1172 5514 in
1214 5459 1368 5514 hanc
1418 5458 1776 5514 sententiam
1808 5458 2027 5511 Mamu-

378 5563 511 5601 mus
560 5549 767 5603 scribit
798 5567 810 5603 :
848 5572 875 5598 ‹‹
931 5551 1013 5603 Ex
1044 5546 1578 5615 fructu,arborem,
1613 5563 1682 5600 ex
1735 5545 2028 5615 discipulo

382 5636 731 5707 magistrum
802 5638 1168 5707 agnovimus.
1237 5636 1401 5708 Ergo,
1453 5636 1553 5706 qui
1609 5640 1774 5689 tanta
1831 5650 2028 5688 rerum

382 5726 705 5780 instruxctus
737 5725 985 5779 scientia
1016 5726 1248 5795 ignotus
1280 5725 1396 5779 tuis
1446 5724 1672 5779 civibus
1724 5725 2028 5797 sapientiae

2141 4741 2343 4818 λόγους
2374 4739 2808 4814 παρατρέχοντες
2860 4738 2970 4812 οὐχ
3020 4738 3217 4807 ἥκιστά
3289 4759 3382 4812 μοι
3415 4735 3798 4812 διαμαρτάνειν

2140 4829 2367 4897 δοκεῖτε,
2414 4829 2475 4884 τὸ
2531 4829 2860 4903 κυριώτερον
2903 4827 3244 4903 ἀγνοοΰντες.
3291 4850 3313 4880 ι
3360 4829 3479 4885 Τῶν
3513 4826 3569 4882 δὲ
3599 4825 3797 4883 διαποο

2139 4919 2419 4995 ρησάντων
2447 4916 2537 4973 καί
2589 4918 2683 4979 τὰς
2714 4915 2891 4979 αἰτίας
2947 4916 3154 4971 τούτων
3226 4913 3542 4990 διευκρινεῖν
3599 4916 3686 4972 καὶ
3711 4914 3798 4971 διο

2138 5006 2350 5067 δάσκειν
2406 5005 2872 5082 παρακαλούντων
2906 5049 2918 5073 ,
3008 5003 3123 5061 ἐπεὶ
3212 5002 3635 5082 διερμηνεόοντα
3707 5007 3801 5062 καὶ

2140 5097 2501 5169 σαφηνίζοντα
2530 5099 2725 5155 ταῦτας
2759 5093 3031 5170 εὕρισκον,
3088 5093 3164 5155 ὡς
3222 5091 3347 5151 τόδε
3409 5094 3503 5166 μὲν
3536 5091 3623 5147 διὰ
3652 5092 3803 5163 τόδε,

2137 5184 2265 5241 τόδε
2296 5182 2353 5240 δὲ
2384 5181 2474 5239 διὰ
2530 5179 2657 5239 τόδε
2701 5184 2801 5253 τὴν
2872 5180 3173 5257 εἶ’ρημένης
3230 5179 3425 5252 κλῆσίν
3456 5202 3515 5237 τε
3544 5182 3635 5238 καὶ
3668 5204 3804 5259 γρα-

2142 5279 2248 5357 φὴν
2305 5279 2450 5356 ἔχει,
2507 5273 2599 5329 καὶ
2658 5275 2773 5346 ἅμα
2826 5274 2854 5328 ὁ
2915 5277 3040 5333 νοῦς
3103 5272 3278 5327 αὐτῶν
3340 5271 3656 5347 διηνοίγετο
3710 5275 3807 5329 καὶ

2139 5356 2247 5421 τῶν
2281 5360 2594 5441 λεγομένων
2630 5364 2895 5429 συνίεσαν,
2954 5356 3155 5434 θάμϐει
3205 5360 3402 5418 λοιπὸν
3433 5363 3801 5438 συσχεθέντες,

2140 5453 2306 5509 εἶκαὶ
2355 5452 2563 5515 ἄλλους
2622 5446 2737 5527 ἔχει
2793 5451 3081 5511 τοιούτους
3138 5452 3199 5506 τὸ
3262 5453 3547 5522 Βυζάντιον
3580 5451 3799 5528 ἐπηρώ-

2136 5566 2266 5600 των.
2324 5541 2624 5615 Εἱρηκότος
2657 5537 2713 5594 δὲ
2742 5540 2938 5596 τούτου
2997 5539 3290 5602 πλείστους
3350 5540 3402 5594 ἐν
3439 5541 3585 5613 αὐτῷ
3636 5542 3798 5616 εἶναι,

2136 5635 2227 5691 καὶ
2259 5634 2449 5689 ἑαυτὸν
2504 5634 2597 5689 τὸν
2638 5630 2874 5707 ἔσχατον
2933 5632 3041 5686 τὼν
3115 5634 3376 5703 μαθητῶν
3416 5631 3544 5686 ἀλλ’
3594 5632 3658 5686 οὐ
3690 5638 3796 5686 τῶν

2139 5720 2527 5793 διδασκόντων,
2583 5720 2707 5796 περὶ
2757 5724 2855 5776 τοῦ
2912 5717 3245 5776 διδασκάλου
3284 5719 3453 5776 πάλιν
3511 5717 3802 5785 διεπυνθά-
