4184 6422
307 386 460 447 1055

1693 386 2015 449 GEORGII
2059 387 2397 451 CEDRENI

3569 380 3731 441 1056

378 518 632 572 Leonem
682 517 1240 573 Thessalonicenses
1286 533 1663 589 summopere
1705 524 1843 573 sunt
1872 534 1963 573 ve-

2143 522 2346 573 Τοῦτον
2405 519 2457 574 οἱ
2534 515 2949 578 Θεσσαλονικεῖς
3040 511 3175 587 μετᾶ
3225 512 3324 582 τήν
3386 514 3733 586 χειροτονῖαν

305 606 517 669 nerati,
552 605 840 661 doctrinm
886 624 1021 679 ergo
1073 612 1130 661 et
1183 607 1243 662 in
1293 608 1471 663 rebus
1519 607 1956 663 mathematicis

307 695 566 751 solertiaa
594 712 607 762 ;
635 695 996 767 praecipuam
1026 701 1246 755 autem.
1273 714 1379 751 cur
1407 697 1489 752 ita
1517 696 1959 753 admirarentur

309 786 641 853 hominem,
674 802 911 839 causam
934 786 1087 840 hanc
1110 785 1448 841 habuerunt
1476 804 1488 841 :
1525 787 1754 842 Sterilis
1787 793 1844 842 et
1872 787 1955 843 in-

309 874 595 947 frugifera
625 891 693 929 eo
723 880 987 945 tempore
1020 880 1145 930 erat
1178 875 1377 942 tellus,
1409 876 1626 947 quippe
1658 876 1961 931 Thessalo-

311 965 509 1019 nicam
558 968 616 1016 et
666 961 1154 1033 circumjacentia
1201 964 1332 1020 loca
1390 965 1753 1035 incolebant,
1802 966 1958 1022 fame

310 1051 770 1124 premebantur;
804 1057 1091 1122 erantque
1121 1054 1182 1107 in
1215 1071 1282 1108 eo
1316 1070 1523 1109 omnes
1560 1055 1848 1127 periculo,
1882 1072 1956 1112 ne

309 1146 411 1196 aut
456 1140 715 1212 patrium
765 1141 959 1195 solum
1002 1147 1229 1198 vertere
1281 1148 1383 1199 aut
1436 1145 1688 1215 penuria
1743 1145 1957 1200 confici

307 1234 625 1302 oporteret.
663 1230 775 1284 Leo
799 1230 1141 1286 consolatus
1164 1248 1264 1287 eos
1282 1237 1451 1305 capto
1481 1237 1766 1304 tempore,
1800 1234 1959 1305 quod

308 1319 358 1374 ei
393 1320 654 1374 siderum
688 1324 987 1374 certorum
1012 1327 1175 1375 ortus
1207 1326 1384 1392 atque
1417 1323 1693 1377 emicatio
1728 1322 1957 1378 indica-

306 1410 467 1475 bant,
500 1414 723 1465 terram
748 1426 849 1465 eos
869 1427 1185 1466 conserere
1202 1412 1401 1483 jussit.
1436 1413 1560 1476 Quo
1602 1412 1755 1467 facto
1780 1419 1956 1469 tanta)

305 1496 632 1553 fertilitatis
680 1503 888 1553 auctor
934 1499 1065 1566 fuit,
1101 1506 1167 1554 ut
1198 1500 1326 1570 ejus
1365 1502 1579 1556 messis
1625 1502 1852 1557 fructus
1883 1501 1957 1557 ad

307 1587 531 1643 multos
562 1603 750 1641 annos
780 1588 1145 1642 suﬂ‘ecerint.

2071 601 2530 682 ὑπερϐαλλόντως
2588 606 2852 680 ἐτίμησαν
2935 601 3027 659 διὰ
3107 604 3207 672 τὴν
3293 599 3513 656 ἐνοῦσαν
3580 598 3731 673 αὐτῷ

2072 697 2261 773 σοφίαν
2294 696 2385 752 καὶ
2416 699 2518 766 τὴν
2549 696 2672 771 περὶ
2714 694 2887 750 πάντα
2944 692 3012 747 τὰ
3072 692 3369 765 μαθήματα
3424 684 3728 764 ἀκρίϐειαν,

2069 783 2355 860 ἐξαιρέτως
2443 782 2501 841 δὲ
2556 784 2867 858 ἐθαύμασαν
2951 781 3057 838 ἀπὸ
3139 778 3307 849 τῆσδε
3362 786 3462 850 τῆς
3528 779 3728 844 αἰτίας·

2070 876 2300 949 ’Δγονος
2332 874 2399 944 ἦν
2432 877 2467 945 ἡ
2528 881 2599 952 γῆ
2654 875 2744 928 καὶ
2801 872 3045 948 ἄκαρπος
3106 877 3222 926 κατ’
3281 868 3455 926 ἐκεῖνο
3510 873 3729 945 καιροῦ,

2069 961 2158 1018 καί
2190 962 2525 1040 λιμὸςῆγχε
2554 962 2682 1025 τοὺς
2741 962 3020 1023 οἰκοῦντας
3075 957 3471 1030 Θεσσαλονίκην
3522 961 3614 1015 καὶ
3663 959 3735 1014 τὰ

2068 1054 2221 1130 πέριξ
2252 1054 2445 1125 αὐτῆς,
2478 1054 2567 1108 καὶ
2610 1053 2802 1117 πάντες
2846 1050 2883 1122 ἤ
2946 1052 3271 1125 μετανάσται
3329 1049 3575 1125 γενέσθαι
3634 1056 3736 1119 τῆς

2070 1141 2333 1217 πατρίδος
2365 1141 2402 1213 ἤ
2462 1143 2614 1217 λιμῷ
2644 1142 2735 1198 καὶ
2794 1138 2967 1211 ἐνδείᾳ
3014 1144 3125 1195 τῶν
3177 1137 3480 1214 ἂναγκαίων
3507 1135 3735 1217 διαφθα-

2075 1238 2330 1311 ρήσεσθαι
2362 1233 2626 1303 ἤλπιζον.
2659 1234 2720 1290 Ὀ
2752 1230 2808 1287 δὲ
2858 1230 3010 1287 Λέων
3068 1232 3169 1300 τὴν
3229 1229 3463 1303 ἀπορίαν
3522 1229 3733 1284 τούτων

2071 1325 2567 1400 παραμυθούμενος
2613 1323 2803 1398 καιρόν
2862 1343 3006 1389 τινα,
3039 1321 3100 1375 ’ὀν
3146 1323 3182 1390 ἡ
3214 1324 3322 1375 τῶν
3355 1318 3569 1392 ἄστρων
3632 1319 3738 1373 ὑπ-

2073 1415 2222 1483 ετίθη
2278 1414 2457 1486 τούτῳ
2516 1411 2748 1483 ἐπιτολή
2806 1432 2864 1466 τε
2919 1410 3010 1464 καὶ
3066 1411 3244 1487 φάσις,
3324 1404 3733 1484 παραδηλώσας

2075 1505 2285 1575 αὐτοῖς,
2337 1504 2429 1558 καὶ
2486 1502 2623 1557 κατὰ
2674 1505 2866 1556 τοῦτον
2916 1503 2984 1574 τῇ
3030 1502 3103 1577 γῇ
3135 1493 3463 1555 καταϐαλεῖν
3518 1496 3736 1573 ἐπιτρέ-

2075 1596 2179 1667 ψας
2207 1591 2275 1647 τά
2305 1591 2609 1667 σπέρματα,
2641 1589 2911 1659 τοσαύτης
2969 1590 3184 1663 γέγονεν
3242 1587 3497 1665 εὐφορίας
3551 1585 3734 1652 αἴτιος

2075 1682 2269 1746 ὡςέπί
2312 1680 2561 1743 πολλοὺς
2619 1680 2910 1755 ἐπαρκέσαι
2964 1678 3201 1755 χρόνους
3257 1682 3377 1740 τοῖς
3431 1676 3738 1754 ἐγχωρίοις

2072 1773 2199 1835 τοὺς
2225 1770 2542 1851 δρεφθέντας
2572 1769 2834 1845 καρπούς.

384 1858 617 1913 Litteris
664 1862 722 1912 et
767 1858 958 1929 poetis
1010 1858 1142 1922 Leo.
1177 1860 1390 1930 utipse
1412 1859 1662 1925 ferebat,
1694 1860 1963 1916 initiatus

2142 1861 2224 1918 Τὰ
2259 1861 2353 1934 μὶν
2383 1861 2476 1915 οὗν
2509 1857 2869 1935 γραμματικὰ
2898 1851 3083 1932 ἔλεγεν
3142 1857 3170 1910 ὁ
3231 1854 3382 1910 Λέων
3435 1855 3527 1909 καὶ
3568 1875 3734 1924 ποιη-

307 1947 710 2019 fuitByzantii.
729 1947 1127 2017 Rhetoricam,
1150 1948 1607 2020 philosophiam,
1632 1951 1961 2005 arithmeti-

310 2054 461 2104 cam,
495 2042 554 2090 et
583 2037 845 2108 reliquas
876 2037 1153 2093 scientias
1184 2039 1247 2092 in
1270 2039 1470 2094 Andro
1503 2040 1701 2095 insula
1732 2040 1958 2095 didicit.

307 2125 394 2181 Ibi
427 2131 692 2180 versatus
724 2142 857 2180 cum
898 2126 1182 2182 Michaelo
1212 2127 1433 2195 Psello,
1465 2134 1786 2201 praestante
1816 2129 1961 2197 viro,

309 2215 381 2270 ab
405 2232 594 2286 eoque
644 2215 955 2287 principiis
1006 2221 1236 2285 tantum
1268 2223 1328 2271 et
1356 2217 1715 2288 quibusdam
1745 2234 1965 2289 praece-

314 2305 431 2376 ptis
480 2304 1012 2374 occasionibusque
1068 2304 1335 2360 discendi
1395 2305 1745 2373 instructus,
1768 2323 1964 2378 neque

311 2397 547 2447 tantum
581 2397 869 2462 quantum
893 2392 1272 2449 desiderabat
1300 2393 1570 2466 adeptus,
1604 2399 1967 2454 monasteria

315 2486 663 2554 pervagatus
714 2486 821 2550 est,
852 2481 1157 2553 librosque
1189 2484 1252 2537 in
1296 2484 1369 2538 iis
1401 2486 1691 2555 repositos
1722 2487 1967 2558 perqui-

312 2588 451 2627 rens
474 2577 651 2641 atque
674 2576 945 2626 scrutans
970 2571 1354 2643 studioseque
1377 2574 1673 2630 meditans
1691 2576 1763 2630 ad
1784 2581 1964 2632 tantas

314 2660 599 2715 doctrina)
648 2660 947 2731 fastigium
990 2661 1191 2716 evasit.
1226 2662 1476 2717 Abunde
1510 2679 1647 2737 ergo
1680 2665 1964 2722 eruditio-

315 2751 408 2805 nis
456 2751 603 2805 911
662 2756 1017 2805 consecutus
1065 2750 1276 2821 Cpolin
1316 2751 1528 2819 rediit;
1565 2759 1623 2808 et
1652 2755 1753 2825 qui
1787 2772 1967 2827 opera

310 2839 496 2909 ipsius
520 2839 603 2892 uti
640 2838 881 2907 vellent,
923 2855 1023 2894 eos
1050 2838 1222 2894 bonis
1266 2839 1495 2895 artibus
1542 2842 1819 2897 instituit.
1858 2846 1969 2899 Ve-

310 2944 441 2983 rum
492 2928 618 2981 haec
650 2927 837 2982 multo
869 2933 1027 2983 ante.
1061 2928 1353 2984 Caaterum
1387 2931 1964 3003 Imaginiperdarum

313 3017 526 3073 haeresi
550 3016 861 3089 proﬂigata
880 3023 938 3071 et
983 3017 1113 3087 ejus
1148 3019 1541 3097 sectatoribus
1568 3020 1838 3092 dejectis,
1872 3024 1966 3079 in-

313 3114 519 3177 terque
572 3124 673 3162 eos
715 3107 901 3161 Janne
950 3108 1130 3163 etiam
1180 3110 1536 3181 patriarcha,
1570 3111 1684 3166 Leo
1726 3128 1963 3185 quoque

310 3196 659 3253 deturbatus
717 3196 1062 3266 episcopatu
1118 3197 1250 3267 fuit,
1312 3215 1570 3270 eumque
1623 3201 1861 3268 Bardas,
1896 3208 1961 3259 ut
1990 3235 2033 3302 ρ

308 3286 645 3355 retulimus,
680 3286 894 3342 deinde
959 3289 1176 3344 scholze
1209 3289 1639 3362 philosophicas
1673 3293 1956 3364 praafecit.

310 3379 469 3434 Idem
521 3380 788 3451 Sergium
832 3380 1043 3435 Leonis
1093 3381 1478 3452 discipulum,
1511 3387 1741 3453 patrem
1784 3384 1964 3455 hujus

310 3468 381 3523 de
415 3485 530 3540 quo
553 3468 730 3523 verba
766 3469 1016 3523 fecimus
1032 3470 1294 3540 juvenis,
1326 3472 1689 3542 geometrico
1721 3489 1963 3544 gymna-

312 3558 497 3624 sio,et
516 3557 933 3629 Theodegium,
968 3558 1174 3612 itidem
1207 3558 1337 3628 ejus
1367 3559 1747 3628 familiarem,
1779 3561 1967 3617 arith-

312 3646 529 3701 metico
570 3647 1090 3718 astronomicoque
1123 3647 1262 3702 ludo
1312 3651 1652 3720 praeposuit.
1686 3650 1867 3723 Large
1894 3652 1966 3706 iis

315 3741 589 3806 sumptus
619 3735 1014 3805 suppeditavit
1040 3754 1054 3803 ;
1076 3743 1261 3808 utque
1292 3743 1420 3792 erat
1450 3739 1751 3795 studiosus
1782 3740 1963 3796 bona-

312 3840 447 3879 rum
477 3824 715 3891 artium,
737 3840 891 3896 saape
912 3825 1039 3896 ipse
1066 3843 1301 3896 quoque
1326 3826 1589 3883 scholam
1618 3828 1963 3899 frequenta-

310 3913 787 3983 vit,alacritatem
801 3913 1159 3971 discentium
1175 3933 1279 3971 suo
1296 3917 1566 3989 exemplo
1582 3919 1963 3975 confirmans.

315 4004 434 4058 Hoc
467 4008 639 4075 pacto
684 4002 870 4058 bonas
916 4004 1145 4060 litteras
1176 4023 1418 4076 prorsus
1450 4012 1587 4061 ante
1620 4008 1965 4077 exstinctas,

314 4093 394 4148 ita
425 4096 493 4147 ut
539 4109 612 4147 ne
664 4092 976 4165 vestigium
1023 4093 1266 4167 quidem
1317 4112 1520 4151 earum
1571 4102 1673 4151 aut
1706 4097 1970 4152 scintilla

314 4186 592 4249 exstaret,
626 4181 787 4237 brevi
817 4183 1104 4255 temporis
1136 4185 1325 4255 spatio
1356 4185 1429 4241 ad
1467 4202 1741 4259 magnam
1774 4188 1969 4242 evexit

316 4271 795 4344 amplitudinem.
886 4334 893 4339 ,

383 4362 547 4417 Idem
579 4361 795 4418 Bardas
828 4363 1023 4418 Caesar
1044 4363 1232 4419 factus
1257 4364 1463 4420 crebro
1483 4365 1715 4437 judicia
1741 4382 1873 4436 quas
1904 4366 1968 4420 in

312 4453 478 4509 Circo
498 4451 827 4523 agebantur
847 4451 1141 4517 visitabat,
1179 4453 1492 4524 ell‘ecitque
1516 4459 1581 4508 ut
1602 4453 1763 4525 leges
1790 4452 1969 4509 reﬂo-

312 4546 781 4608 rescerent,cum
815 4541 1029 4596 horum
1062 4558 1299 4613 quoque
1334 4549 1669 4615 temporum
1703 4543 1839 4598 vitio
1871 4560 1967 4598 ac-

312 4635 518 4686 Curata
572 4629 961 4685 obsolevisset
1018 4632 1309 4686 tractatio.
1365 4632 1497 4686 Haec
1548 4638 1635 4687 tot
1687 4637 1966 4703 tantaque

315 4719 519 4774 Bardas
552 4724 903 4774 ornamenta
952 4719 1140 4775 nimia
1170 4721 1405 4792 imperii
1439 4721 1759 4793 cupiditas,
1792 4721 1972 4776 veluti

314 4824 514 4863 naevus
562 4807 805 4879 quidam
853 4814 912 4863 et
969 4809 1175 4865 innata
1228 4809 1480 4876 macula,
1507 4810 1757 4865 'fcedavit
1795 4817 1973 4882 atque

315 4898 667 4966 obscuravit,
689 4914 757 4953 ac
786 4904 1070 4969 praeterea
1095 4899 1281 4953 turbas
1306 4916 1453 4970 quas
1471 4902 1747 4957 Ecclesia:
1772 4900 1934 4956 dedit
1958 4920 1970 4969 ;

316 4988 530 5059 quibus
562 4988 783 5043 factum
816 4993 903 5042 est
933 4994 999 5043 ut
1029 5006 1136 5059 pro
1169 4989 1359 5061 gloria
1382 4989 1687 5046 infamiam
1715 4998 1976 5063 reporta-

314 5086 424 5136 ret.
477 5078 710 5134 Etenim
771 5076 1114 5132 beatissimo
1176 5078 1491 5147 Methodio,
1524 5097 1660 5135 cum
1719 5087 1975 5151 quatuor

2067 1950 2193 2006 τικᾶ
2227 1951 2503 2023 μυηθῆναι
2543 1948 2681 2004 κατὰ
2726 1948 2828 2015 τήν
2883 1942 3166 2022 βασιλίδα,
3200 1944 3501 2021 ῥητορικὴν
3531 1940 3587 1998 δὲ
3641 1943 3731 1998 καὶ

2070 2038 2397 2117 φιλοσοφίαν
2447 2037 2537 2092 καὶ
2597 2037 2846 2111 ἀριθμῶν
2898 2031 3203 2106 ἀναλήψεις
3271 2031 3365 2086 καὶ
3449 2030 3544 2094 τὰς
3626 2035 3737 2085 τῶν

2070 2126 2283 2183 λοιπῶν
2326 2127 2645 2201 ἐπιστημῶν
2683 2122 2912 2202 ἐφόδους
2952 2122 3091 2179 κατὰ
3141 2122 3241 2191 τὴν
3276 2127 3443 2191 νῆσον
3502 2117 3733 2194 Ἀνδρον

2070 2219 2389 2293 γενόμενος.
2428 2218 2638 2273 Ἐκεῖσε
2665 2215 2770 2290 γὰρ
2802 2209 3085 2285 σπουδαίῳ
3126 2212 3234 2267 τινὶ
3295 2208 3543 2285 ἐντυχὼν
3576 2202 3733 2284 ἀνδρῖ

2072 2305 2308 2384 Μιχαὴλ
2338 2311 2418 2378 τῷ
2450 2303 2677 2376 Ψέλλῷ,
2711 2304 2799 2358 καὶ
2847 2302 2944 2365 τὰς
2999 2302 3175 2376 ἀρχὰς
3237 2299 3401 2372 μόνον
3460 2299 3550 2355 καί
3578 2319 3732 2363 τινας

2072 2396 2270 2471 λόγους
2327 2394 2417 2449 καὶ
2474 2392 2724 2473 ἀφορμὰς
2786 2386 2971 2446 λαϐὼν
3030 2391 3159 2465 παρ’
3216 2388 3404 2458 αὐτοῦ,
3471 2386 3590 2443 ἐπεὶ
3654 2387 3733 2461 μὴ

2072 2486 2197 2541 ὅσον
2240 2479 2498 2539 ἐϐούλετο
2556 2479 2790 2557 εὕρισκε,
2848 2481 3180 2555 περιενόστει
3239 2479 3308 2534 τὰ
3371 2480 3732 2553 μοναστήρια,

2070 2574 2295 2635 καὶτὰς
2356 2573 2407 2627 ἐν
2469 2572 2653 2633 αὐτοῖς
2712 2567 3073 2643 ἀποκειμένας
3151 2562 3383 2642 βίϐλους
3439 2567 3734 2641 ἀνερευνῶν

2071 2685 2129 2720 τε
2160 2663 2250 2718 καὶ
2294 2661 2658 2736 ποριζόμενος
2713 2660 2804 2715 καὶ
2862 2655 3173 2721 σπουδαίως
3228 2655 3540 2731 ἐκμελετῶν
3594 2656 3731 2730 πρὸς

2070 2753 2132 2808 τὸ
2162 2758 2262 2821 τῆς
2294 2750 2563 2821 τοσαύτης
2592 2750 2846 2824 γνώσεως
2877 2748 3017 2821 ὕψος
3077 2741 3435 2816 ἀνεϐιϐάσθη.
3499 2744 3596 2809 Εἲς
3634 2744 3736 2799 κό-

2074 2863 2164 2916 ρον
2195 2839 2253 2897 δὶ
2276 2846 2382 2896 τῶν
2428 2839 2768 2913 μαθημάτων
2817 2836 3177 2912 μετεσχηκὼς
3241 2836 3378 2910 πρὸς
3437 2837 3537 2905 τήν
3570 2835 3728 2911 βασι-

2072 2930 2332 2987 λεύουσαν
2390 2928 2546 2993 αὖθις
2600 2929 2919 3001 ὓπέστρεψε,
2977 2926 3044 2981 τὰ
3096 2925 3381 3000 σπέρματα
3443 2928 3551 2979 τῶν
3607 2923 3731 2979 ἐπι-

2074 3025 2301 3094 στημῶν
2328 3025 2445 3081 ταῖς
2486 3022 2593 3073 τῶν
2653 3016 3007 3093 βουλομένων
3067 3011 3332 3078 διανοίαις
3389 3007 3732 3068 καταϐαλλό-

2078 3130 2259 3183 μενος.
2295 3106 2476 3164 Ἀλλὰ
2504 3110 2669 3161 ταῦτα
2712 3106 2807 3179 μὲν
2842 3104 3138 3180 πρότερον·
3181 3110 3283 3174 τῆς
3329 3100 3384 3158 δὲ
3427 3106 3531 3156 τῶν
3561 3099 3724 3158 Εἰκο-

2073 3202 2336 3276 νομάχων
2407 3198 2666 3273 αἱρέσεως
2724 3192 3168 3268 καταϐληθείσης
3224 3193 3315 3249 καὶ
3370 3198 3477 3249 τῶν
3531 3192 3736 3263 ταύτης

2071 3290 2357 3364 ἒχομένων
2424 3286 2871 3363 καθαιρεθέντων,
2932 3286 3342 3360 καθαιρεθέντος
3381 3280 3437 3338 δὲ
3488 3282 3577 3338 καὶ
3605 3285 3741 3338 Ἰαν-

2073 3387 2140 3450 νῆ
2172 3384 2269 3434 τοῦ
2318 3377 2693 3456 πατριάρχου,
2754 3374 3137 3452 συγκαθῃρέθη
3206 3372 3295 3429 καὶ
3354 3371 3534 3441 οὗτος,
3591 3371 3649 3426 ὅν
3708 3372 3763 3427 ὁ-

2076 3466 2312 3542 Βάρδας,
2346 3468 2421 3529 ὡς
2453 3463 2561 3537 ἤδη
2610 3465 2906 3544 φθάσαντες
2968 3460 3215 3535 εἶ’πομεν,
3270 3467 3370 3531 τῆς
3421 3459 3738 3538 φιλοσόφου

2078 3555 2293 3627 σχολῆς
2346 3555 2657 3630 προστάτην
2719 3550 2980 3623 ἀπέδειξε,
3038 3551 3128 3607 καί
3173 3571 3291 3606 τινα
3332 3549 3578 3626 Σέργιον,
3611 3569 3736 3627 φοι-

2075 3646 2248 3717 τητὴν
2309 3644 2475 3700 αὐτοῦ
2532 3643 2823 3721 γενόμενον
2884 3643 3089 3716 (πατὴρ
3169 3639 3329 3700 οὗτος
3385 3642 3484 3693 τοῦ
3542 3634 3746 3691 ἄνωθεν

2080 3736 2229 3813 ρίου,
2287 3733 2377 3790 καὶ
2448 3731 2770 3808 Θεοδήγιον,
2856 3733 3064 3802 συνήθη
3151 3729 3241 3785 καὶ
3326 3727 3485 3784 αὐτὸν
3540 3725 3742 3782 τούτου

2083 3825 2421 3900 ὑπάρχοντα,
2450 3823 2822 3898 ἀριθμητικῆς
2880 3820 2973 3875 καὶ
3030 3816 3424 3894 ἀστρονομίας,
3484 3813 3740 3889 δαψιλεῖς

2080 3919 2270 3979 αὐτοῖς
2303 3917 2401 3981 τὰς
2460 3915 2739 3991 χορηγίας
2796 3912 3131 3987 ἐπιμετρῶν.
3193 3908 3475 3972 Πολλάκις
3541 3905 3597 3962 δὲ
3651 3905 3743 3962 καὶ

2081 4006 2376 4085 ἐπιφοιτῶν
2407 4004 2468 4061 ἐκ
2524 4004 2913 4082 φιλομαθείας,
2993 4001 3086 4056 καὶ
3171 4004 3279 4054 τῶν
3338 3995 3744 4071 διδασκομένων

2079 4097 2175 4158 τὰς
2221 4094 2530 4169 προθυμίας
2590 4093 2945 4169 ἐπιρῥωννὺς,
3006 4087 3096 4145 διὰ
3153 4091 3406 4165 βραχέων
3445 4087 3521 4149 είς
3575 4085 3744 4155 αὔξη-

2082 4207 2167 4241 σιν
2196 4185 2294 4253 τήν
2337 4188 2538 4259 γνῶσιν
2597 4183 2885 4257 ἀνήγαγεν,
2944 4174 3317 4249 ἀπεσϐηκυῖαν
3375 4174 3575 4238 τελέως
3633 4192 3742 4249 προ

2082 4273 2180 4330 τοῦ
2209 4273 2299 4328 καὶ
2334 4271 2464 4346 μηδ’
2497 4271 2648 4348 ἴχνος
2677 4271 2823 4333 ὅλως
2848 4268 3127 4326 δεικνῦσαν
3150 4267 3185 4338 ἢ
3220 4267 3489 4338 ζώπυροψ

2154 4362 2215 4421 Ὀ
2274 4360 2321 4416 δ’
2386 4360 2549 4423 αὐτὸς
2610 4357 2818 4435 Βάρδας
2868 4358 2959 4414 καὶ
3018 4362 3222 4432 Καῖσαρ
3276 4356 3560 4435 γενόμενος
3620 4374 3746 4407 συν-

2086 4455 2235 4527 εχῶς
2266 4450 2456 4530 ἐφοίτα
2483 4454 2600 4511 τοῖς
2629 4430 2727 4504 τοῦ
2784 4442 3142 4520 ἱπποδρόμου
3196 4430 3571 4519 δικαστηρίοις
3607 4443 3744 4516 (49),

2085 4539 2333 4601 καὶτοὺς
2364 4541 2569 4614 νόμους
2631 4532 2831 4609 ἀνηϐᾷν
2881 4534 3055 4598 αἴτιος
3116 4534 3328 4611 γέγονε,
3385 4536 3483 4588 τοῦ
3541 4533 3745 4610 χρόνου

2084 4631 2173 4686 καὶ
2231 4632 2332 4700 τὴν
2415 4630 2540 4704 περὶ
2616 4628 2813 4693 αὐτοὺς
2900 4624 3181 4704 ἀκρίϐειαν
3264 4622 3734 4700 συγκαλύψαντος.

2083 4725 2168 4795 [Ρ.
2204 4722 2330 4794 551]
2363 4718 2538 4777 Ἀλλᾶ
2593 4723 2831 4774 τοσαῦτα
2882 4717 2973 4773 καὶ
3037 4715 3341 4785 τηλικαῦτα
3398 4717 3505 4768 τῶν
3560 4715 3746 4767 καλῶν

2083 4815 2182 4866 τοῦ
2268 4807 2453 4885 Βάρδα
2510 4809 3011 4880 πλεονεκτημάτων
3106 4807 3133 4860 ὁ
3212 4811 3314 4874 τῆς
3362 4799 3744 4877 φιλοπρωτίας

2085 4899 2247 4975 ἔρως,
2280 4900 2372 4954 οἷά
2402 4920 2484 4962 τις
2512 4896 2733 4972 ἐγγενής
2793 4894 3079 4969 μολυσμὸς
3130 4895 3221 4949 καὶ
3256 4891 3453 4953 σπῖλος
3510 4892 3747 4966 ἄκρατος

2087 4984 2183 5059 ὤν,
2214 4987 2514 5063 ἠμαύρωσε
2561 4987 2652 5041 καὶ
2681 4987 2935 5058 ἠφάνισε,
2966 4989 3056 5039 καί
3088 4985 3153 5054 ἣν
3182 4984 3318 5039 κατά
3374 4987 3475 5051 τῆς
3505 4977 3749 5048 Ἐκκλη-

2088 5079 2205 5140 σίας
2236 5079 2492 5152 ἀνήγειρε
2544 5076 2751 5149 στάσιν,
2811 5076 3052 5144 κυκήσας
3110 5074 3277 5143 αὐτὴν
3338 5072 3428 5125 καὶ
3476 5068 3734 5143 ταράξας.

1515 5208 1877 5264 XYLANDRI
1918 5212 2005 5266 ET
2045 5209 2265 5266 GOARI
2302 5208 2526 5264 NOTIE.

513 5332 740 5414 Ibidem
767 5331 953 5414 fuisse
984 5328 1322 5414 ᾀσηκρήτεια
1344 5332 1616 5414 superius
1639 5349 1709 5387 ex
1732 5339 1973 5414 auctore

363 5398 501 5458 .543
538 5405 810 5475 legimus.
847 5398 1111 5475 Σεκρέτου
1133 5398 1328 5475 autem
1376 5398 1516 5471 sive,
1548 5407 1615 5457 ut
1643 5420 1777 5459 cum
1800 5407 1974 5460 Euse-

363 5422 501 5458 ,υιω
540 5422 810 5475 legimus.
847 5422 1111 5475 mxpacoo
1133 5422 1328 5457 antem
1376 5422 1516 5471 sive,
1548 5422 1615 5457 ut
1643 5422 1777 5459 cum
1800 5422 1974 5460 Luse-

317 5422 416 5529 Eio
466 5491 566 5541 vn,
600 5478 668 5529 30
719 5476 950 5545 loquar,
989 5474 1266 5541 Σεκρήτου
1308 5476 1550 5529 nomine
1592 5491 1713 5530 non
1744 5483 1974 5531 secreta-

319 5548 555 5618 riorum,
607 5552 673 5618 ut
711 5547 893 5618 vertit
941 5546 1256 5618 interpres,
1307 5549 1544 5612 curiam,
1576 5549 1721 5617 quin
1780 5548 1977 5618 potius

323 5616 591 5695 ipsorum
615 5617 913 5695 iudicum,
942 5616 1303 5695 censendam
1338 5616 1632 5695 existimo.
1668 5622 1739 5695 Et
1767 5616 1831 5673 ut
1861 5620 1978 5695 alia

324 5685 508 5741 missa
537 5685 773 5753 faciam,
809 5689 950 5741 satis
999 5687 1076 5741 sit
1102 5688 1315 5744 Nicetes
1348 5690 1407 5742 in
1454 5690 1660 5745 Alexio
1690 5692 1979 5747 Manuelis

2090 5332 2212 5388 filio
2244 5332 2655 5388 testimonium
2689 5347 2702 5384 :
2735 5328 2799 5383 τὸ
2826 5331 2923 5382 τοῦ
2963 5322 3248 5399 βεοδώρου
3292 5319 3627 5399 περικαλλὲς
3659 5318 3749 5374 οῗ·-

2082 5424 2259 5477 κημα,
2295 5402 2540 5478 ἐπάρχου
2571 5399 2725 5478 ὄντος
2755 5406 2855 5469 τῆς
2888 5396 3103 5478 πόλεως
3135 5395 3315 5478 καὶκτὸ
3354 5395 3464 5478 τῶν
3524 5395 3741 5478 οἰκεια-

2083 5464 2195 5530 κῶν
2246 5464 2527 5535 διέποντος
2586 5464 2854 5555 σέκρετον,
2913 5475 2993 5543 τῷ
3034 5465 3420 5539 δικαιοδοτικῷ
3458 5485 3524 5552 τε,
3569 5464 3745 5587 θρόνὲθ

2086 5549 2458 5587 ξηαπ-ηειπ-ηυ-ι-ηρ
2518 5546 2766 5587 Ωιιαίιιὶις
2797 5546 2973 5587 otium
3008 5543 3159 5587 infra
3184 5546 3445 5587 rpnnvat-
3472 5556 3561 5587 τον
3587 5536 3691 5587 ἱππ
3729 5567 3745 5578 -

2086 5549 2480 5620 ἐμπρέποντος.
2518 5536 2766 5620 B‘asili’us
2797 5536 2978 5620 etiam
3008 5543 3165 5599 infra
3184 5536 3445 5607 renovat,
3472 5536 3561 5591 τὸν
3587 5536 3751 5589 ἱππό-

2088 5615 2316 5693 δ’ρομον,
2347 5619 2512 5673 τόπον
2544 5615 2804 5673 δικαστῶ.
2839 5618 3015 5673 GOAR.
