4184 6444
362 450 521 521 1057

1486 437 2037 508 HISTORIARUM
2083 437 2638 504 COMPENDIUM.

3625 451 3783 511 1058

364 585 460 643 Διὸ
497 584 617 639 ἀντὶ
643 588 746 652 τῆς
791 572 1100 655 κρείττονος
1131 574 1294 649 δόξης
1331 576 1401 632 τὰ
1455 573 1671 631 ἐναντία
1725 572 2016 649 ἠνέγκατο.

2147 574 2424 630 iuntaxat
2451 590 2643 631 annos
2671 576 2964 647 Cpolitani
3010 580 3452 650 patriarchatus
3481 583 3635 641 912
3687 602 3781 641 so-

362 672 643 733 Μεθοδίου
673 672 778 750 γὰρ
807 674 907 726 τοῦ
935 663 1262 746 τρισολϐίου
1291 667 1383 723 τὸν
1420 665 1540 741 βίον
1578 660 2026 740 μετηλλαλότος,

365 763 456 820 ἐπὶ
484 763 746 837 τέσσαρας
780 760 1016 837 χρόνους
1063 759 1224 832 μόνον
1281 758 1373 812 τὸν
1430 763 1530 825 τῆς
1583 761 2029 811 Κωνσταντινου-

369 851 589 913 πόλεως
620 850 962 912 οἰακίσαντος
1024 849 1238 923 θρόνον,
1302 846 1568 921 Ἰγνάτιος
1618 846 1646 900 6
1700 842 2027 919 Νικηφόρου

374 945 469 1018 μὲν
501 945 597 997 τοῦ
632 938 904 1016 βασιλέως
929 934 1307 1014 θυγατριδοῦς,
1340 936 1457 999 υἱὸς
1514 931 1573 989 δὲ
1628 931 1865 1007 Μιχαὴλ
1929 932 2027 985 τοῦ

371 1017 471 1098 τῆς
498 1028 780 1107 βασιλείας
807 1025 1246 1095 ἒκπεπτωκότος,
1285 1025 1421 1098 μετὰ
1468 1023 1532 1079 τὸ
1586 1029 1687 1091 τῆς
1747 1017 2031 1096 βασιλείας

377 1122 671 1177 ἀποπεσεῖν
756 1119 846 1173 καὶ
921 1117 989 1171 τὰ
1044 1109 1353 1190 παιδογὸνα
1420 1115 1776 1188 ἀφαιρεθῆναι
1868 1109 2034 1183 μόρια

379 1211 625 1285 μοναχὸς
652 1208 897 1285 γεγονὼς
925 1206 1016 1261 καὶ
1065 1212 1167 1275 τῆς
1232 1210 1403 1277 μονῆς
1459 1205 1557 1256 τοῦ
1602 1200 1846 1273 Σατύρου
1902 1207 2036 1260 καθ-

377 1299 605 1377 ηγεμὼν
637 1300 770 1371 (50),
829 1297 969 1372 πρὸς
1013 1294 1107 1349 τὸν
1156 1290 1555 1367 πατριαρχικὸν
1596 1288 1787 1365 θρόνον
1840 1287 2035 1360 ἀνάγε-

367 1412 479 1447 ται.
506 1391 679 1452 Οὗτος
698 1388 792 1444 τὸν
843 1383 1054 1460 Βάρδαν
1088 1383 1178 1439 ἐπὶ
1233 1387 1304 1458 τῇ
1362 1389 1462 1451 τῆς
1516 1380 1774 1457 γυναικὸς
1804 1378 2033 1449 ἀναιτίῳ

371 1475 658 1554 ἀποϐολῇ,
686 1483 757 1553 τῇ
790 1475 848 1532 δὶ
875 1483 978 1546 τῆς
1038 1474 1239 1535 οἰκείας
1297 1472 1517 1550 νύμφης
1573 1468 1886 1545 περιπλοκῇ
1920 1468 2033 1554 (51)

369 1578 470 1641 τῆς
498 1552 791 1639 ἐκκλησίας
820 1567 1099 1644 ἀπεῖργεν,
1143 1562 1259 1619 ἐπεὶ
1323 1563 1399 1637 μὴ
1454 1566 1563 1617 τῶν
1623 1559 1781 1614 θείων
1834 1552 2033 1630 ἠμέλει

379 1659 640 1716 κανόνων.
672 1658 773 1714 "Ov
808 1654 925 1710 ἐπεὶ
958 1651 1148 1710 πολλὰ
1205 1650 1501 1707 λιτανεύων
1555 1649 1647 1704 καὶ
1678 1645 1947 1702 δυσωπῶν
2006 1645 2035 1699 6

375 1745 591 1822 Βάρδας
621 1746 1033 1821 συγχωρήσεως
1055 1743 1354 1815 ἀξιωθῆναι
1389 1738 1489 1794 οὐκ
1516 1736 1791 1808 ἠδυνήθη,
1846 1733 2035 1822 ἄλλων

372 1821 646 1912 ἀπογνοὺς
672 1834 811 1908 πρὸς
848 1829 1057 1905 ἄμυναν
1113 1827 1469 1897 διανίσταται,
1525 1826 1617 1882 καὶ
1671 1831 1771 1894 τῆς
1828 1821 2037 1892 ἐκκλη-

2127 671 2277 727 lium
2325 667 2635 733 tenuisset,
2676 666 2796 722 vita
2834 666 3136 735 defuncto,
3176 669 3439 741 lguatius
3470 672 3785 744 Nicephori

2131 760 2258 815 filia
2306 764 2503 827 natus,
2550 758 2818 814 Michaeli
2861 758 3154 830 Rangabaa
3205 760 3388 825 ﬁlius,
3422 762 3523 831 qui
3550 762 3788 833 imperii

2131 865 2235 921 spe
2251 848 2790 919 ademptainsuper
2810 852 3102 903 castratus
3122 848 3318 904 fuerat
3338 851 3789 921 monachusque

2134 945 2193 996 et
2222 937 2572 994 monasterii
2622 936 2814 1009 Satyri
2855 938 3151 1009 princeps,
3183 940 3525 1010 patriarcha
3554 946 3790 996 creatus

2130 1029 2262 1083 fuit.
2298 1029 2351 1082 Is
2402 1026 2671 1093 Bardam,
2707 1025 2865 1097 quod
2892 1027 2990 1082 hic
3036 1044 3283 1083 uxorem
3332 1029 3460 1084 sine
3492 1046 3674 1085 causa
3704 1047 3793 1085 re-

2129 1116 2433 1189 pudiasset
2482 1131 2735 1187 cumque
2783 1131 2891 1170 sua
2937 1133 3091 1172 nuru
3132 1134 3261 1173 rem
3290 1119 3555 1188 haberet,
3592 1136 3789 1175 sacro-

2135 1225 2271 1263 rum
2331 1222 2630 1262 canonum
2678 1206 2927 1261 minime
2979 1208 3286 1280 negligens
3311 1211 3578 1267 Ecclesia
3607 1217 3791 1268 arcet.

2137 1296 2355 1351 Bardas
2403 1311 2539 1350 cum
2588 1295 2793 1350 multis
2844 1296 3363 1367 deprecationibus
3406 1300 3638 1355 veniam
3670 1317 3795 1356 non

2140 1387 2511 1456 impetraret,
2535 1384 2864 1456 desperatis
2896 1385 3030 1441 aliis
3059 1387 3341 1443 remediis
3372 1389 3445 1444 ad
3468 1390 3794 1445 vindictam

2139 1493 2201 1531 se
2223 1475 2477 1543 confert,
2506 1476 2800 1547 Ignatium
2813 1477 3066 1532 ecclesia
3086 1478 3269 1549 ejicit,
3298 1481 3590 1550 variisque
3624 1486 3681 1535 et
3708 1482 3799 1538 in-

2136 1563 2555 1620 tolerabilibus
2578 1564 2772 1619 modis
2802 1571 3077 1621 vexatum
3096 1566 3335 1622 tandem
3355 1569 3416 1622 in
3435 1570 3795 1641 COpronymi

2141 1652 2522 1725 sepulchrum
2570 1652 2845 1722 includit,
2899 1654 3245 1710 custodibus
3284 1656 3504 1711 additis
3535 1659 3796 1713 ειενὶεεὶ-

2140 1742 2275 1798 mis.
2308 1744 2380 1796 Et
2412 1747 2682 1797 mortuus
2724 1742 2935 1797 fuisset
2966 1743 3046 1797 ibi
3085 1744 3262 1799 homo
3285 1745 3694 1802 divinissimus
3726 1764 3797 1802 ex

2142 1831 2528 1888 acerbissimo
2554 1831 2839 1898 cruciatu,
2861 1832 2978 1886 nisi
3004 1833 3137 1903 pius
3159 1834 3422 1904 quidam,
3448 1837 3797 1893 custodibus

377 1925 494 1988 σίας
528 1919 815 1990 ἐκϐάλλει,
856 1920 950 1976 καὶ
1006 1919 1143 1994 μετὰ
1196 1916 1416 1979 πολλὰς
1471 1916 1740 1971 κακώσεις
1798 1913 1886 1968 καὶ
1932 1912 2036 2003 Δἀνε-

2149 1937 2270 1975 suaa
2301 1920 2674 1976 necessitatis
2723 1937 2900 1975 causa
2931 1920 3048 1977 alio
3094 1921 3394 1994 digressis,
3429 1942 3566 1981 eum
3600 1926 3800 1997 sepul-

376 2012 669 2073 υποίστους
751 2008 1067 2065 τελευταῖον
1125 2012 1205 2079 τῷ
1290 2011 1387 2061 τοῦ
1443 2009 1830 2081 Κοπρωνυμου
1878 2000 2037 2073 τάφῳ

376 2098 685 2169 ἀποκλείει,
711 2098 1007 2169 ἐπιστήσας
1062 2096 1210 2167 αύτῴ
1267 2094 1513 2173 φύλακας
1572 2091 1782 2154 δεινούς
1836 2111 1896 2147 τε
1944 2088 2036 2145 καὶ

379 2189 732 2264 ὠμοτάτους.
767 2182 1011 2244 Ἀπεϐίω
1043 2183 1088 2241 δ’
1146 2182 1206 2239 ἄν
1265 2186 1293 2239 6
1352 2185 1649 2259 ἱερώτατος
1691 2182 1849 2242 οὗτος
1898 2181 2038 2255 ἀνὴρ

373 2279 482 2337 ἀπὸ
519 2281 619 2348 τῆς
678 2273 1039 2333 πολυωδύνου
1092 2274 1296 2344 ταύτης
1354 2274 1668 2341 κακώσεως,
1731 2270 1776 2326 εἰ
1841 2271 1915 2344 μή
1955 2289 2039 2331 τις

375 2362 639 2437 θεοσεϐὴς
670 2365 958 2442 ἅνθρωπος
986 2364 1125 2420 κατά
1163 2384 1312 2425 τινας
1370 2363 1563 2438 χρείας
1618 2366 1728 2418 τῶν
1784 2364 2036 2437 φρουρῶν

377 2454 817 2530 ἀποδημούντων
875 2453 1032 2529 ἐξῆγέ
1088 2473 1148 2508 τε
1194 2455 1293 2507 τοῦ
1350 2451 1525 2527 τάφου
1581 2449 1671 2505 καὶ
1723 2446 2039 2523 ἐπιμελείας

374 2544 532 2618 ἠξίου
557 2547 657 2614 τῆς
689 2542 1103 2619 προσηκούσης.
1154 2543 1254 2598 "Ov
1301 2541 1438 2614 μετὰ
1491 2538 1709 2607 πολλὴν
1740 2539 1871 2608 ὅσην
1928 2538 2039 2606 τήν

373 2634 610 2690 κάκωσιν
668 2632 958 2707 ὑπερόριον
1018 2631 1071 2686 ἐν
1127 2627 1419 2704 Μιτυλήνῃ
1474 2633 1641 2684 ποιεῖ.
1704 2629 1940 2685 Ἐπαθον
1984 2622 2042 2681 δὲ

372 2725 468 2779 καὶ
499 2721 666 2779 ἄλλοι
697 2719 905 2777 πολλοὶ
962 2724 1073 2776 τῶν
1131 2719 1414 2774 ἐπισκόπω
1467 2713 1926 2791 τᾶπαραπλήσιά
1978 2736 2039 2771 τε

379 2814 470 2868 καὶ
498 2813 692 2888 χείρω,
725 2810 809 2867 ὅτι
846 2811 922 2885 μή
980 2809 1280 2886 ἠρέσκοντο
1338 2813 1458 2870 τοῖς
1511 2808 1843 2882 γινομένοις,
1906 2802 2019 2878 μηδ

380 2902 558 2960 ἄλλον
628 2901 875 2974 δέξασθαι
934 2896 1324 2973 διαϐοώμενοι,
1410 2897 1509 2954 κᾶν
1560 2895 1614 2953 εἷ’
1690 2918 1743 2952 τι
1789 2897 2035 2971 γένηται.

374 2996 571 3067 Ὅμως
605 2990 651 3047 δ’
684 2989 999 3053 ὑπενδόντες
1033 2992 1090 3045 οἱ
1152 2991 1246 3063 μὲν
1293 2989 1549 3049 ἀπειλαῖς
1606 2988 1658 3040 οἱ
1710 2983 1768 3040 δὲ
1800 2983 2040 3059 ὑποσχέ-

382 3105 524 3140 σεσιν
586 3083 792 3140 εἲκουσι
840 3087 920 3154 τῷ
976 3087 1074 3138 τοῦ
1132 3078 1315 3155 Βάρδα
1397 3078 1693 3152 θελήματι,
1758 3077 1856 3147 τῆς
1916 3076 2040 3151 ἀρε-

380 3180 486 3244 τῆς
547 3173 640 3228 καὶ
700 3170 862 3245 δόξης
930 3169 1105 3247 ἔρωτα
1189 3171 1495 3245 χρημάτων
1547 3168 1636 3222 καὶ
1694 3164 2039 3234 λειποταξίαν

381 3261 871 3334 ἀνταλλαξάμενοι.
926 3261 989 3318 Ὀ
1043 3257 1100 3315 δὲ
1160 3256 1367 3334 Βάρδας
1423 3258 1664 3324 Φώτιον,
1723 3251 1890 3328 ἄνδρα
1947 3252 2035 3308 ἐπὶ

381 3350 547 3429 σοφίᾳ
600 3352 896 3427 γνώριμον,
956 3349 1435 3422 πρωτασηκρήτην
1490 3348 1787 3416 τηνικαῦτα
1861 3342 2034 3416 ὑπᾶρο

379 3460 575 3519 χοντα,
608 3440 1023 3518 προχειρίζεται
1090 3440 1465 3513 πατριάρχην.
1526 3435 1678 3492 Ἐπεὶ
1710 3431 1767 3488 δὲ
1797 3438 2044 3506 παρῆσαν

2146 2011 2288 2065 chro
2306 2010 2611 2065 eduxisset
2631 2015 2689 2065 et
2719 2010 2917 2065 debita
2949 2028 3091 2067 cura
3116 2013 3442 2069 refecisset.
3476 2017 3616 2070 Post
3644 2015 3799 2069 mul-

2144 2104 2262 2154 tam
2293 2100 2670 2154 vexationem
2696 2099 2937 2154 tandem
2968 2101 3263 2173 Ignatium
3295 2103 3638 2175 Mitylenam
3662 2105 3798 2158 Bar-

2144 2188 2250 2243 das
2281 2188 2525 2261 relegat.
2559 2188 2723 2243 Multi
2755 2205 2992 2260 quoque
3022 2195 3149 2245 tum
3176 2190 3277 2245 alii
3300 2192 3562 2263 episcopi
3587 2192 3797 2248 eodem

2146 2278 2324 2333 modo
2371 2283 2512 2332 sunt
2540 2278 2773 2333 tractati
2818 2283 2921 2333 aut
2952 2280 3131 2335 etiam
3163 2279 3446 2350 deterius,
3480 2281 3638 2351 quod
3669 2288 3801 2337 acta

2150 2384 2272 2423 non
2323 2367 2670 2438 probarent,
2703 2383 2898 2439 neque
2946 2368 3138 2423 ullum
3187 2369 3395 2435 alium,
3441 2387 3800 2442 quocunque

2145 2455 2321 2511 modo
2347 2472 2441 2510 res
2462 2455 2720 2524 caderet,
2748 2457 3145 2527 patriarcham
3180 2474 3241 2512 se
3273 2458 3675 2514 admissurum
3706 2475 3802 2514 as-

2150 2548 2511 2599 severarent.
2546 2544 2795 2608 Quidam
2827 2549 3027 2599 tamen
3058 2547 3276 2616 partim
3310 2546 3489 2602 minis
3523 2547 3804 2603 cedentes

2145 2632 2361 2704 partim
2375 2632 2905 2702 pollicitationibus
2923 2633 3150 2688 inducti
3173 2634 3379 2690 Bardze
3400 2635 3684 2691 voluntati
3709 2636 3808 2691 ob-

2146 2720 2332 2775 secuti
2363 2726 2522 2788 sunt,
2553 2720 2786 2775 virtutis
2815 2737 2883 2776 ac
2930 2722 3129 2792 gloriae
3161 2739 3425 2778 amorem
3456 2725 3713 2795 pecunia
3742 2731 3800 2780 et

2147 2809 2484 2865 desertione
2515 2815 2944 2880 permutantes.
2970 2812 3187 2867 Bardas
3220 2829 3358 2885 ergo
3390 2814 3687 2882 Photium,
3708 2832 3800 2870 cc-

2147 2899 2376 2954 lebrem
2408 2900 2703 2971 sapientia
2748 2901 2939 2955 virum
2972 2907 3031 2955 et
3060 2903 3516 2959 secretariorum
3549 2922 3617 2960 eo
3651 2910 3800 2959 tem-

2147 3004 2288 3060 pore
2321 2988 2677 3060 principem,
2700 2990 3102 3060 patriarcham
3128 2997 3309 3047 creat.
3330 2994 3595 3064 Cumque
3625 2994 3801 3049 ades-

2149 3080 2283 3131 sent
2311 3077 2559 3131 Bomani
2592 3077 2747 3133 973
2769 3094 2936 3149 papm
2970 3079 3192 3146 vicarii,
3224 3080 3510 3136 adversus
3530 3082 3803 3154 Imagini-

2147 3165 2363 3236 perdas
2396 3166 2584 3235 missi,
2617 3166 2725 3221 hos
2752 3183 2990 3237 quoque
3024 3168 3118 3222 isti
3152 3170 3212 3223 in
3246 3186 3413 3225 suam
3445 3172 3803 3242 pertrahunt

2150 3254 2910 3325 sententiam,concilioque
2931 3255 2992 3310 in
3016 3256 3206 3311 mdem
3227 3259 3647 3329 Apostolorum
3670 3277 3804 3314 con-

2146 3349 2380 3417 gregato
2430 3344 2724 3416 lgnatium
2773 3344 2845 3399 ab
2889 3345 3098 3400 exsilio
3148 3352 3456 3402 evocatum
3505 3348 3803 3420 publicata

2149 3434 2448 3490 sententia
2531 3434 2843 3490 damnant.
2906 3438 3039 3489 llaec
3110 3441 3249 3489 sunt
3322 3435 3590 3492 facinora
3666 3455 3798 3509 quze

376 3529 469 3584 καὶ
496 3527 878 3605 τοποτηρηταὶ
908 3532 1006 3582 τοῦ
1037 3525 1189 3583 πᾶπα
1231 3528 1455 3600 Ῥώμης
1520 3524 1660 3581 κατὰ
1711 3529 1822 3578 τῶν
1882 3522 2037 3577 Εἰκο-

2151 3522 2369 3579 Bardas
2400 3523 2636 3593 imperii
2667 3522 2977 3577 obtinendi
3008 3524 3331 3595 cupiditate
3366 3525 3658 3597 impulsus
3682 3527 3800 3581 edi-

382 3619 649 3698 νομάχων
689 3617 997 3685 σταλέντες,
1029 3616 1278 3672 πείθουσι
1326 3617 1417 3671 καὶ
1479 3615 1678 3675 αὐτοὺς
1706 3616 1807 3678 τῆς
1842 3613 2047 3667 ἑαυτῶν

2152 3614 2258 3669 dit.

383 3708 629 3785 γενέσθαι
663 3705 960 3779 θελήσεως.
1022 3705 1115 3761 Διὸ
1170 3705 1263 3759 καὶ
1322 3703 1373 3758 έν
1415 3708 1497 3775 τῷ
1551 3707 1658 3758 τῶν
1719 3703 1880 3766 θείων
1951 3699 2312 3759 Ἀποστόλων
2376 3702 2587 3774 τεμένει
2648 3699 2925 3756 συνέδοιον
2984 3702 3310 3778 ἡθροικότες
3343 3700 3780 3778 δεδημοσιευμέν

384 3797 694 3869 καθαιρέσει
723 3791 1211 3853 καθυποϐάλλουσι
1236 3798 1328 3849 τὸν
1358 3791 1613 3870 Ἰγνάτιον
1640 3799 1741 3862 τῆς
1772 3790 1982 3866 έξορίας
2019 3792 2529 3866 μεταπεμψάμενοι.
2552 3796 2731 3847 Ταῦτα
2752 3793 2848 3865 μὶν
2871 3794 2937 3848 τὰ
2966 3801 3064 3864 τῆς
3092 3792 3472 3870 φιλοπρωτίας
3501 3800 3596 3851 τοῦ
3630 3794 3811 3871 Βάρδα

379 3907 499 3942 νεαν
511 3887 586 3942 ιεύ
595 3907 757 3961 ματα.

455 3979 537 4034 Τὰ
565 3974 622 4034 δὲ
644 3976 796 4039 ἐντὸς
850 3976 1100 4050 Εὐξείνου
1147 3975 1238 4030 καὶ
1291 3979 1462 4030 πᾶσαν
1514 3975 1615 4043 τὴν
1647 3971 1816 4027 αὐτοῦ
1867 3990 2042 4044 παρα-

382 4066 510 4123 λίαν
543 4068 572 4123 ὁ
601 4072 711 4123 τῶν
744 4068 880 4129 Ῥὼς
908 4067 1126 4143 ἐπόρθει
1173 4064 1264 4121 καὶ
1316 4064 1609 4139 κατέτρεχε
1640 4063 1837 4126 στόλος
1865 4057 2039 4132 (ἔθνος

384 4153 445 4211 δὲ
474 4157 528 4211 οἱ
556 4156 699 4219 Ῥὼς
732 4156 1024 4223 Σκυθικὸν,
1073 4155 1194 4230 περὶ
1241 4154 1331 4209 τὸν
1363 4153 1607 4229 ἀρκτῷον
1639 4155 1849 4225 Ταῦρον
1908 4169 2036 4204 κατ-

383 4246 694 4320 ῳκημένον,
750 4244 1028 4320 ἀνήμερόν
1086 4265 1144 4299 τε
1199 4243 1290 4299 καὶ
1349 4241 1582 4318 ἄγριον),
1636 4241 1727 4296 καὶ
1784 4240 1923 4313 αὐτῇ
1985 4235 2041 4294 δὲ

372 4338 444 4409 τῇ
479 4333 725 4411 βασιλίδι
756 4332 933 4390 δεινὸν
965 4333 1172 4389 έπέσειε
1201 4330 1473 4389 κίνδυνον·
1509 4330 1563 4386 o't
1618 4332 1733 4404 μετ’
1796 4331 1861 4385 οὐ
1894 4327 2039 4384 πολὺ

370 4432 475 4495 τῆς
533 4426 682 4489 θείας
740 4424 1081 4499 πειραθέντες
1159 4423 1328 4498 ὀργῆς
1410 4417 1566 4476 οἷάδε
1648 4418 2036 4490 ὑπενόστησαν,

2227 3972 2477 4027 Interim
2499 3972 2791 4043 quidquid
2815 3978 2905 4028 est
2920 3975 3078 4029 intra
3094 3975 3387 4031 Euxinum
3404 3980 3653 4047 pontum
3681 3994 3804 4032 ma-

2150 4060 2488 4116 ritimarum
2524 4060 2857 4131 regionum,
2889 4063 3130 4117 Rossica
3161 4063 3601 4121 incursionibus
3632 4082 3802 4121 vexa-

2151 4150 2442 4221 batatque
2460 4149 2727 4205 vastabat
2747 4150 3150 4207 classis.Rossi
3173 4169 3316 4224 gens
3330 4159 3420 4208 est
3433 4155 3807 4225 Scythica,ad

2153 4236 2677 4310 septentrionalem
2694 4239 2965 4294 incolens
2978 4242 3387 4311 Taurum,fera
3407 4247 3582 4315 atque
3602 4244 3808 4300 imma-

2154 4329 2266 4383 nis.
2301 4329 2369 4383 Hi
2391 4345 2525 4383 cum
2550 4328 2680 4398 ipsa
2700 4328 2909 4400 Cpolin
2938 4329 2999 4383 in
3029 4346 3200 4403 grave
3226 4332 3630 4403 conjecissent
3648 4334 3806 4404 peri-

2154 4422 2378 4486 culum,
2413 4419 2591 4492 paulo
2608 4424 2743 4491 post
2766 4419 2867 4474 Dei
2891 4420 3040 4475 iram
3063 4421 3294 4493 experti
3318 4422 3560 4477 domum
3586 4425 3807 4478 reversi

378 4508 640 4588 πρεσϐεία
701 4534 761 4568 τε
840 4513 1020 4568 αὐτῶν
1094 4512 1199 4581 τὴν
1280 4508 1536 4586 βασιλίδα
1601 4504 2035 4583 καταλαμϐάνει,

2147 4510 2639 4583 sunt,legatisque
2654 4509 2714 4564 in
2728 4508 2937 4564 urbem
2952 4510 3151 4565 missis
3165 4510 3427 4566 divinum
3442 4510 3804 4582 baptismum

382 4606 470 4679 [P.
513 4606 639 4677 552]
699 4607 797 4658 τοῦ
855 4601 1005 4658 θείου
1062 4599 1395 4676 μεταλαχεῖν
1461 4599 1835 4676 βαπτίσματος
1894 4596 2045 4653 λιτα-

382 4693 634 4761 νεύουσα,
679 4691 827 4748 ὅκαὶ
880 4691 1085 4769 γέγονε.
1142 4691 1238 4745 Καὶ
1291 4696 1393 4759 τῆς
1451 4692 1670 4765 Κρήτης
1726 4685 1785 4744 δὲ
1840 4686 2037 4752 στόλος

385 4780 561 4846 ἄλλος
601 4786 692 4836 νῦν
753 4782 847 4855 μὲν
904 4780 1000 4843 τὰς
1047 4776 1336 4842 Κυκλάδας
1397 4776 1583 4854 έδῂου,
1643 4783 1733 4833 νῦν
1790 4775 1846 4833 δὲ
1903 4776 2037 4853 ἄχρι

384 4872 795 4946 Προικοννήσου
873 4871 974 4941 τὴν
1040 4866 1309 4945 παράλιον
1367 4869 1591 4924 ἅπασαν.
1643 4868 1927 4944 Ἐγένοντο
1982 4866 2041 4924 δὲ

386 4961 481 5017 καὶ
537 4958 726 5017 κλόνοι
786 4967 892 5037 γῆς
948 4956 1398 5038 φρικωδέστατοι.
1464 4959 1559 5019 Εἷς
1587 4955 1644 5013 δὲ
1702 4960 1731 5013 6
1765 4957 2038 5034 μέγιστος,

387 5052 509 5115 καθ’
556 5049 623 5120 ἢν
655 5049 865 5125 ἡμέραν
895 5052 930 5119 ἡ
983 5052 1081 5104 τοῦ
1136 5049 1337 5123 Κυρίου
1394 5046 1670 5121 ἀνάληψις
1727 5048 2040 5124 έορτάζεται

387 5138 491 5208 τὴν
520 5139 622 5212 γῆν
654 5135 1000 5207 κατασείσας,
1027 5136 1090 5191 τό
1130 5156 1188 5191 τε
1238 5134 1378 5190 κατά
1406 5136 1468 5190 τὸ
1502 5134 1848 5205 Ἐξωκιόνιον
1904 5136 2041 5210 πρὸς

385 5232 492 5302 γῆν
522 5224 757 5304 ἡδάφισε
784 5230 995 5301 τεῖχος,
1055 5225 1144 5280 καὶ
1202 5223 1361 5288 ναοὺς
1420 5224 1704 5299 εὖπρεπεῖς
1735 5224 1825 5279 καὶ
1856 5223 2042 5289 οἷ’κους

2154 4600 2557 4673 efﬂagitarunt
2586 4599 3120 4671 impetraruntque.
3154 4599 3286 4655 Alia
3334 4617 3477 4673 poro
3508 4602 3806 4656 Cretensis

2153 4689 2361 4745 classis
2410 4687 2589 4743 modo
2620 4687 2902 4759 Cycladas
2951 4689 3128 4743 modo
3180 4689 3542 4747 maritimam
3579 4690 3650 4745 ad
3688 4693 3799 4745 Pro

2148 4797 2475 4837 connesum
2502 4796 2690 4851 usque
2714 4779 3014 4834 infestavit
3032 4781 3359 4853 regionem.
3389 4783 3581 4838 Terrm
3606 4787 3801 4838 motus

2148 4885 2386 4941 quoque
2418 4884 2487 4923 ea
2519 4873 2868 4940 tempestate
2912 4870 3182 4942 apprime
3213 4871 3496 4926 horrendi
3538 4871 3800 4927 fuerunt.

2150 4961 2366 5015 Horum
2389 4973 2545 5013 unus
2568 4958 2865 5013 maximus
2888 4958 2983 5013 die
3005 4960 3221 5015 Christi
3243 4960 3303 5014 in
3326 4960 3541 5016 caelum
3564 4961 3804 5016 Assum-

2152 5048 2377 5121 ptionis
2408 5047 2560 5103 festo
2593 5046 2942 5120 accidit,qui
2974 5049 3098 5105 solo
3130 5065 3418 5105 concusso
3452 5064 3685 5105 murum
3712 5049 3812 5119 qui

2155 5144 2244 5195 est
2292 5137 2368 5193 ad
2398 5137 2785 5193 Exocionium
2816 5138 3155 5209 prostravit,
3188 5137 3530 5211 templaque
3561 5138 3814 5209 pulchra

2156 5233 2215 5283 et
2236 5226 2444 5283 domos
2464 5227 2812 5299 splendidas
2842 5231 2902 5282 et
2926 5227 3244 5283 Victoriam
3274 5227 3349 5282 ad
3374 5232 3627 5283 Auream
3649 5226 3816 5282 urbis

389 5313 698 5389 λαμπροὺς
728 5315 821 5371 καὶ
846 5317 950 5386 τήν
977 5315 1117 5371 κατὰ
1144 5317 1247 5384 τὴν
1307 5316 1533 5390 Χρυσῆν
1594 5311 1777 5382 πύλην
1828 5321 1934 5385 τῆς
1989 5337 2030 5371 π

2153 5321 2345 5373 ortam
2371 5316 2749 5372 collocatam
2779 5315 3153 5385 subvertit,et
3179 5333 3313 5387 qua;
3344 5316 3408 5394 in
3448 5318 3702 5372 Deutero
3735 5317 3808 5371 ad

1602 5470 1963 5527 X‘YLANDRI
2001 5473 2087 5526 ET
2138 5472 2353 5528 GOARI
2394 5472 2485 5526 NO
2501 5470 2613 5525 ΓᾹΞ.

465 5600 580 5670 (50)
613 5598 940 5671 lmproprie
964 5600 1246 5669 princeps,
1280 5598 1518 5669 praprie
1545 5598 1798 5667 superior
1826 5604 1879 5652 et
1900 5613 2055 5668 prae-

392 5672 627 5743 positus.
662 5671 836 5743 Con.

463 5742 581 5813 (51)
612 5744 684 5797 Ει
712 5742 800 5798 sic
830 5758 1011 5815 supra
1039 5756 1299 5813 quoque,
1332 5739 1436 5796 ubi
1494 5741 1568 5797 de
1627 5739 2056 5798 summovendo

2167 5598 2502 5654 Theoctisto
2527 5595 2744 5669 Bardas
2775 5595 2995 5669 dicitur
3024 5596 3335 5669 cogitasse.
3371 5598 3585 5654 Filium
3616 5599 3827 5654 habuit

2170 5669 2388 5725 Bardas
2438 5668 2800 5740 Antigonum
2846 5668 3240 5724 domesticum
3287 5670 3648 5726 scholarum.
3682 5672 3822 5729 XvL.
