4184 6444
384 440 542 502 1059

1748 420 2069 487 GEORGII
2113 418 2266 480 CED
2276 415 2455 477 RENI

3657 418 3814 481 1060

382 574 538 627 Dives
563 574 749 625 Annae
777 567 1032 631 stabant,
1058 566 1257 638 pagias
1282 561 1746 632 decussit.Cujus
1760 572 1899 614 casu
1916 558 2031 611 Leo

2149 547 2290 610 λεως
2351 544 2643 621 ἷδρυμίνην
2707 544 2861 614 νίκην
2954 546 3070 618 (52)
3125 545 3217 601 καὶ
3275 546 3373 611 τὰς
3427 546 3481 603 ἰν
3538 553 3618 620 τῷ
3675 557 3812 606 Aw.

384 660 777 732 philosophus
799 656 1072 729 prmdixit
1101 656 1302 726 aperte
1325 652 1621 724 designari
1652 649 1877 704 obitum
1910 647 2039 717 ejus

384 751 485 821 qui
517 750 590 805 ab
623 750 981 820 imperatore
1032 752 1191 801 esset
1218 744 1488 816 potentia
1528 742 1854 813 proximus.
1888 738 2039 802 Quin

384 848 444 895 et
473 839 634 893 lluvii
660 840 971 907 fontesque
997 840 1358 890 exaruerunt
1384 849 1490 904 per
1515 831 1574 886 id
1599 836 1855 900 tempus,
1884 828 2037 883 alia-

386 946 501 1000 que
534 930 753 1000 passim
786 927 975 981 multa
1005 930 1280 997 portenta
1311 924 1680 978 exstiterunt.
1712 922 1793 974 De
1825 918 2040 989 quibus

384 1019 662 1073 omnibus
706 1032 839 1071 cum
888 1015 1275 1070 inaudivisset
1322 1013 1831 1085 imperator,totus
1862 1023 2039 1078 eque-

383 1108 602 1163 stribus
652 1105 1078 1161 certaminibus
1124 1101 1689 1159 974incumbebat
1728 1099 1801 1154 ad
1831 1098 2039 1153 fanum

378 1197 500 1251 Divi
558 1196 836 1266 martyris
891 1194 1223 1258 Mamantis,
1260 1191 1421 1264 quod
1470 1192 1531 1245 in
1579 1191 1754 1245 Steno
1786 1192 1911 1242 erat
1942 1203 2037 1240 ex-

379 1292 689 1342 structum.
712 1288 918 1358 Operae
940 1285 1199 1357 pretium
1223 1290 1423 1339 autem
1444 1287 1533 1338 est
1558 1281 1616 1335 id
1650 1295 1886 1350 quoque
1911 1277 2041 1347 ejus

381 1377 684 1431 decretum
707 1375 948 1430 silentio
981 1390 1102 1429 non
1136 1372 1460 1445 praeterire,
1479 1369 1638 1441 quod
1661 1370 1849 1440 ipsius
1872 1366 2037 1422 stoli-I

381 1466 628 1520 ditatem
664 1471 724 1520 et
779 1464 1157 1535 superiorum
1208 1464 1635 1534 imperatorum
1685 1456 2038 1512 industriam

381 1554 773 1608 demonstrat.

456 1643 521 1697 Hi
552 1643 1012 1697 Sarracenorum
1063 1641 1123 1695 in
1156 1644 1447 1696 Romanas
1488 1638 1744 1693 ditiones
1775 1635 2039 1690 volentes

380 1748 758 1801 nequaquam
789 1730 1047 1802 ignorari
1082 1730 1476 1795 incursiones,
1500 1744 1575 1784 ne
1609 1743 1681 1783 ex
1716 1724 2038 1796 improviso

381 1822 676 1875 irruentes
699 1820 739 1874 ii
768 1820 1037 1892 regiones
1071 1824 1422 1881 evastarent,
1452 1818 1665 1873 incolis
1697 1817 1758 1870 in
1788 1815 1952 1887 pagis
1983 1818 2042 1867 et

379 1910 536 1977 agris
568 1909 974 1980 deprehensis.
1008 1906 1318 1964 castellum
1351 1906 1651 1979 quoddam
1684 1907 1861 1960 Tarso
1894 1903 2035 1957 vici-
2073 1915 2114 1979 Β

380 2000 695 2054 nissimum
745 1999 1154 2054 excelsissimo
1186 2005 1245 2054 et
1292 2002 1507 2052 natura
1539 1994 1939 2051 munitissimo
1974 1992 2036 2045 in

376 2088 529 2142 colle
562 2088 1002 2143 aadiﬁcaverant
1062 2087 1270 2142 Lulum
1304 2086 1570 2153 nomine,
1604 2084 1667 2138 in
1712 2100 1828 2153 quo
1859 2081 2038 2137 collo-

380 2178 495 2233 cati
545 2176 844 2240 custodes,
876 2176 977 2231 ubi
1026 2177 1351 2232 Saracenos
1398 2175 1804 2230 incursionem
1840 2170 2037 2225 moliri

381 2263 882 2336 sentiebant,igne
911 2276 1198 2319 suecenso
1220 2264 1454 2335 signum
1487 2262 1726 2317 dabant.
1760 2262 1882 2324 Quo
1903 2260 2036 2330 igne

379 2359 699 2425 conspecto
752 2353 792 2406 ii
841 2354 941 2423 qui
975 2354 1035 2407 in
1069 2357 1273 2421 Argeo
1295 2352 1445 2407 colle
1477 2350 1843 2406 excubabant
1878 2347 2036 2402 idem

378 2442 695 2498 faciebant.
737 2445 847 2497 Eos
871 2442 1247 2512 excipiebant
1267 2442 1365 2511 qui
1392 2442 1450 2495 in
1474 2442 1665 2495 [samo
1699 2438 1867 2502 colle,
1903 2441 2037 2508 post

377 2531 486 2586 hos
519 2532 618 2602 qui
670 2532 744 2587 ad
796 2531 1106 2602 IEgialum,
1141 2535 1199 2584 et
1247 2528 1574 2585 secundum
1608 2528 1714 2583 hos
1745 2526 1847 2597 qui
1881 2524 2035 2595 apud

380 2622 755 2688 Mamantem,
790 2619 928 2674 inde
974 2620 1075 2689 qui
1108 2620 1168 2673 in
1195 2619 1567 2688 Circo,atque
1600 2616 1672 2672 ab
1704 2616 1796 2670 his
1828 2615 1927 2686 qui
1959 2614 2035 2668 ad

380 2710 702 2775 Mocillum,
735 2709 993 2779 denique
1040 2715 1173 2779 post
1216 2709 1324 2763 hos
1374 2708 1474 2778 qui
1508 2709 1568 2761 in
1602 2706 1725 2761 Divi
1753 2702 2035 2759 Auxentii

376 2799 529 2853 colle
565 2799 884 2854 stationem
916 2798 1375 2869 habebantigne
1400 2797 1557 2852 edito
1590 2792 2035 2851 excubitoribus

374 2887 575 2958 magni
605 2888 811 2958 palatii
860 2888 1266 2942 incursionem
1299 2886 1558 2941 hostium
1594 2882 2032 2956 significabant.

377 2975 496 3029 Hoc
529 2976 757 3047 ignium
788 2975 995 3029 ordine
1046 2992 1175 3030 sese
1218 2974 1663 3046 insequentium
1726 2971 1943 3026 indicio
1977 2975 2037 3024 et

376 3066 701 3136 imperator
746 3072 1049 3121 momento
1082 3066 1367 3137 temporis
1418 3066 1489 3119 de
1522 3065 1781 3119 hostium
1816 3067 2033 3117 conatu

376 3156 595 3211 certior
615 3155 1061 3223 reddebatur,et
1084 3156 1291 3211 rustici
1313 3156 1518 3209 nuntio
1542 3159 1820 3225 percepto
1844 3152 2034 3207 muris

375 3262 459 3310 se,
491 3245 848 3301 claudebant
878 3251 935 3301 et
962 3246 1252 3317 impetum
1285 3245 1545 3299 hostium
1566 3242 1885 3298 evitabant.
1913 3242 2030 3295 Hac

374 3335 681 3389 obtinente
713 3335 1143 3390 consuetudine
1174 3334 1391 3389 accidit
1418 3332 1741 3404 aliquando
1774 3337 1858 3394 ut,
1884 3331 2029 3385 dum

372 3423 696 3479 Michaelus
723 3424 894 3494 equis
926 3424 1000 3478 ad
1032 3424 1238 3478 fanum
1268 3423 1580 3477 Mamantis
1611 3419 1853 3493 agendis
1898 3434 2027 3473 sese

370 3516 636 3586 parabat,
672 3517 827 3589 ignis
859 3533 893 3572 a
914 3517 1099 3587 pharo
1124 3516 1422 3571 ederetur.
1457 3515 1641 3579 Quem
1670 3520 1734 3567 ut
1752 3512 1896 3566 vidit
1917 3511 2032 3565 im-

368 3613 625 3676 perator,
663 3608 882 3660 timens
912 3622 987 3661 ne
1020 3605 1307 3676 aurigatio
1332 3621 1436 3659 sua
1461 3620 1580 3658 non
1609 3604 1761 3658 975
1798 3605 2030 3672 specta-

369 3699 536 3747 retur
558 3693 896 3765 diligenter,
921 3695 1140 3749 animis
1162 3699 1560 3764 spectatorum
1587 3691 1832 3747 adverso
1862 3689 2027 3743 indi-

374 3780 465 3834 cio
496 3780 807 3851 perculsis,
839 3781 900 3835 in
946 3786 1175 3835 tantum
1216 3781 1375 3835 venit
1419 3785 1641 3833 metum
1676 3782 1936 3848 quantus
1968 3776 2028 3830 in

375 3865 640 3935 periculo
655 3865 725 3920 de
740 3866 856 3921 vita
868 3866 1221 3921 constitutos
1234 3865 1510 3919 invadere
1535 3869 1734 3934 posset
1757 3879 1769 3916 :
1797 3866 2026 3916 tantum

372 3954 562 4010 abfuit
588 3961 655 4010 ut
682 3972 818 4011 eum
847 3957 908 4010 in
945 3956 1174 4011 theatro
1220 3971 1349 4010 sese
1381 3952 1720 4009 ostentandi
1755 3951 2022 4024 puderet.

366 4046 558 4114 Atque
610 4044 783 4113 adeo,
819 4062 893 4101 ne
955 4062 1071 4116 quo
1133 4044 1510 4101 adversarum
1572 4060 1773 4098 rerum
1804 4041 2025 4096 indicio

367 4133 552 4187 animi
610 4134 922 4190 hominum
961 4135 1035 4189 ad
1099 4134 1492 4205 spectandum
1526 4134 1737 4188 flerent
1792 4131 2024 4203 langui-

371 4221 794 4291 diores,ignem
828 4241 899 4279 ex
931 4223 1189 4294 speculis
1219 4223 1353 4279 urbi
1385 4222 1598 4277 vicinis
1629 4222 1689 4276 in
1720 4226 2026 4292 posterum

369 4310 464 4364 edi
496 4312 697 4368 vetuit.

442 4477 669 4532 Rursus
700 4479 961 4548 (oportet
989 4475 1148 4532 enim
1172 4475 1506 4531 vecordiam
1525 4472 1655 4545 ejus
1677 4474 1863 4545 magis
1884 4472 2025 4528 illu—

371 4565 581 4637 strare)
606 4583 738 4619 cum
767 4566 885 4621 alio
910 4571 1177 4637 tempore
1200 4566 1260 4620 in
1284 4581 1461 4620 curru
1484 4563 2023 4633 consedissetjam-

2140 639 2284 712 τέρῳ
2315 638 2428 709 (53)
2458 635 2597 690 κατᾶ
2639 636 2739 703 τὴν
2772 634 2932 709 ἁγίαν
2988 636 3180 691 Ἄνναν
3241 635 3440 713 παγίας
3507 637 3804 710 ἱσταμένας

2142 728 2466 790 κατέσεισενὸ
2510 727 2575 791 ἧς
2632 725 2731 792 τὴν
2796 727 2998 778 πτῶσιν
3043 725 3071 778 6
3129 721 3432 805 φιλόσοφος
3494 725 3642 782 Λέων
3663 748 3805 801 προ-

2144 813 2428 888 σημαίνειν
2459 812 2645 867 ἀνεῖπε
2685 816 2925 889 φανερῶς
2956 812 3054 879 τήν
3097 817 3194 866 τοῦ
3256 816 3393 886 μετά
3449 815 3677 889 βασιλέα
3708 813 3806 870 δυ-

2144 904 2344 958 νάστου
2428 903 2826 976 καταστροφήν.
2910 902 3193 976 Ἐγένοντο
3257 898 3315 956 δὲ
3375 902 3467 957 καὶ
3535 910 3800 977 ποταμῶν

2144 993 2394 1069 ἀφάνειαι
2423 990 2510 1044 καὶ
2546 994 2766 1065 πηγῶν,
2797 987 2884 1043 καῖ
2939 988 3066 1044 ἀλλ’
3126 987 3255 1045 ἅττα
3303 993 3599 1065 παθήματα
3664 994 3806 1049 κατὰ

2144 1086 2317 1136 πᾶσαν
2350 1082 2557 1159 χώραν.
2603 1080 2671 1136 Ἀ
2704 1080 2877 1134 πάντα
2915 1082 3410 1154 κατενωτισάμενος
3464 1084 3491 1136 ὁ
3548 1082 3807 1156 βασιλεὺς

2144 1169 2276 1231 ὅλος
2303 1167 2487 1247 εἷ’χετο
2516 1174 2624 1223 τῶν
2655 1170 2893 1224 ἱππικῶν
2926 1160 3153 1241 ἀγώνων
3209 1169 3347 1224 κατά
3401 1170 3492 1225 τὸν
3522 1171 3572 1225 ἐν
3631 1177 3806 1244 Στενῷ

2144 1258 2579 1336 ἀνεγηγερμένον
2608 1257 2730 1312 ναὸν
2786 1262 2883 1312 τοῦ
2942 1258 3103 1331 ἁγίου
3162 1259 3434 1334 μάρτυρκ
3482 1261 3804 1333 Μάμαντος.

2143 1351 2328 1419 Ἀξιον
2362 1347 2416 1404 δὲ
2446 1348 2537 1403 καὶ
2575 1346 2699 1403 τόδε
2739 1349 2816 1421 μὴ
2866 1346 3197 1421 παραλιπεῖν
3255 1349 3318 1405 τὸ
3378 1348 3571 1427 λόγιον
3629 1370 3807 1424 παρα-

2145 1439 2395 1495 στατικὸν
2488 1438 2762 1515 τυγχάνον
2819 1444 2920 1505 τῆς
2979 1458 3039 1491 τε
3095 1439 3318 1493 τουτουί
3375 1444 3473 1494 τοῦ
3536 1438 3809 1515 βασιλέως

2144 1523 2475 1602 ἀϐελτηρίας
2506 1526 2595 1581 καὶ
2625 1532 2726 1595 τῆς
2784 1530 2892 1580 τῶν
2952 1526 3425 1600 προηγησαμένων
3468 1527 3808 1601 ἐπιμελείας.

2216 1618 2325 1677 Τὰς
2386 1620 2492 1672 τῶν
2557 1619 2892 1689 Σαρακηνῶν
2974 1617 3115 1671 κατὰ
3181 1622 3281 1685 τῆς
3339 1621 3448 1670 τῶν
3512 1617 3807 1689 Ῥωμαίων

2147 1707 2336 1781 χώρας
2369 1702 2676 1779 ἐπιδρομὰς
2710 1706 2762 1759 οἱ
2792 1702 2963 1759 πάλαι
2999 1704 3243 1779 βασιλεῖς
3296 1703 3592 1777 διαδήλους
3623 1713 3805 1762 ποιεῖν

2146 1794 2443 1863 ἐθέλοντες,
2480 1792 2572 1848 ’ίνα
2629 1795 2705 1867 μὴ
2748 1790 3015 1868 αἰφνίδιοι
3069 1793 3422 1850 εἷσπίπτωσιν
3465 1793 3806 1871 ἐκπορθοῦν-

2147 1905 2232 1946 τες
2259 1884 2355 1947 τὰς
2388 1884 2578 1959 χώρας
2610 1883 2700 1937 καὶ
2731 1880 2784 1936 ἐν
2839 1884 3229 1956 ταῖςικώμαις
3284 1884 3375 1938 καὶ
3425 1890 3545 1947 τοῖς
3612 1884 3805 1960 ἀγροῖς

2146 1974 2277 2036 τοὺς
2328 1973 2672 2034 ἐνοικοῦντας
2730 1967 3267 2045 καταλαμϐάνοντες,
3323 1973 3582 2052 φρούριόν
3639 1992 3693 2029 τι
3738 1977 3808 2047 τῇ

2150 2067 2351 2137 Ταρσῷ
2381 2063 2684 2140 ἀγχίθυρον
2722 2060 2813 2115 ἐπί
2870 2083 3017 2123 τινος
3074 2060 3425 2133 ὑψηλοτάτου
3486 2064 3658 2142 Αόφου
3714 2065 3807 2118 καὶ

2149 2153 2387 2228 ἐρυμνοῦ
2418 2150 2783 2226 ἒδομήσαντο*
2821 2151 3035 2209 Λοῦλον
3083 2158 3163 2225 τῷ
3196 2152 3442 2227 φρουρίῳ
3495 2154 3560 2209 τὸ
3611 2153 3807 2228 ὄνομα.

2148 2245 2215 2300 Οἱ
2251 2242 2304 2298 ἐν
2338 2242 2518 2315 τούτῳ
2557 2242 2738 2298 τοίνυν
2800 2244 3026 2320 φρουροὶ
3096 2249 3195 2312 τῆς
3252 2240 3527 2316 ἐκδρομῆς
3588 2239 3811 2318 λαμϐά-

2144 2350 2326 2393 νοντες
2357 2330 2610 2400 αἶ’σθησιν
2636 2333 2842 2406 πυρσὸν
2886 2332 3144 2401 ἀνῆπτον,
3195 2331 3251 2387 ὅν
3316 2331 3611 2406 βλέποντες
3645 2334 3698 2389 οἱ
3754 2334 3810 2388 ἐν

2143 2426 2226 2493 τῷ
2266 2420 2509 2497 Ἀργαίῳ
2538 2425 2917 2482 κατοικοῦντες
2954 2423 3129 2495 βουνῷ
3167 2420 3339 2477 ἄλλον
3396 2421 3659 2492 ἀνῆπτον,
3716 2424 3806 2479 καὶ

2146 2509 2214 2565 αὖ
2246 2511 2299 2564 οἱ
2362 2511 2502 2566 κατὲι
2560 2510 2653 2565 τὸν
2709 2512 2934 2583 Ἴσαμον
3007 2511 3223 2586 βουνόν.
3275 2512 3475 2567 Τοῦτόν
3533 2533 3592 2567 τε
3647 2513 3813 2569 πάλιν

2146 2601 2377 2674 ὁρῶντες
2429 2601 2481 2654 οἳ
2534 2600 2671 2655 κατὰ
2726 2600 2818 2655 τὸν
2880 2599 3153 2675 Αἰγιαλὸν
3221 2595 3400 2656 ἔκαιον
3458 2599 3663 2675 ἓτερον,
3718 2603 3808 2657 καὶ

2144 2686 2299 2753 αὖθις
2331 2690 2384 2744 οἱ
2423 2689 2562 2744 κατὰ
2591 2689 2683 2743 τὸν
2741 2687 3049 2763 λεγόμενον
3092 2691 3376 2763 Μάμαντα.
3434 2691 3567 2748 Εἶτα
3619 2695 3806 2746 τοῦτον

2145 2779 2172 2832 ὁ
2207 2777 2411 2852 Κίρκος
2442 2775 2865 2857 διαδεχόμενος,
2901 2778 2990 2832 καὶ
3030 2784 3223 2834 τοῦτον
3284 2777 3453 2835 πάλιν
3513 2781 3540 2834 6
3598 2778 3808 2837 Μόκιλ-

2145 2866 2267 2935 λος,
2300 2866 2504 2923 ἐκεῖνον
2536 2865 2581 2921 δ’
2618 2868 2769 2930 αὗθις
2831 2868 2858 2921 6
2917 2872 3014 2923 τοῦ
3073 2868 3227 2942 ἁγίου
3286 2868 3571 2941 Αὐξεντίου
3612 2869 3803 2943 βουνὸς

2142 2962 2259 3018 τοῖς
2293 2956 2346 3011 ἑν
2388 2961 2469 3028 τῷ
2530 2955 2756 3029 μεγάλῳ
2813 2955 3067 3028 παλατίῳ
3125 2955 3213 3011 ἐπὶ
3270 2962 3432 3012 τοῦτο
3485 2956 3805 3037 ἀφωρισμέι-

2142 3067 2253 3107 νοις
2285 3049 2397 3118 (54)
2429 3045 2758 3121 διαιταρίοις
2791 3044 2970 3116 δήλην
3006 3046 3168 3111 ἐτίθει
3224 3050 3323 3118 την
3362 3051 3664 3122 προνομήν.
3700 3050 3799 3103 Καὶ

2144 3135 2316 3198 οὕτως
2353 3136 2490 3191 κατά
2539 3133 2810 3211 διαδοχὴν
2851 3136 3209 3211 πυρσεύοντες
3251 3142 3449 3214 γνῶσιν
3502 3136 3553 3190 ἐν
3608 3139 3799 3209 ἀκαρεῖ

2141 3230 2407 3299 παρεῖχον
2454 3226 2533 3297 τῷ
2597 3224 2835 3299 βασιλεῖ,
2894 3225 2982 3280 καὶ
3037 3226 3088 3279 οἱ
3143 3231 3250 3281 τῶν
3302 3232 3503 3301 χωρῶν
3553 3229 3797 3282 κάτεικοι

2069 3289 2112 3355 0
2142 3289 2536 3384 πυνθανόμενοι
2595 3289 2876 3386 τειχήρεις
2925 3313 3161 3386 ἐγίνοντο
3227 3289 3344 3368 καῖ
3373 3289 3468 3376 τὰς
3519 3313 3800 3388 ἐπδρομὰς

2136 3399 2529 3476 διεδίδρασκον.
2621 3400 2897 3471 Τοιαύτης
2987 3399 3044 3455 δὲ
3129 3402 3412 3473 συνηθείας
3468 3405 3799 3476 κρατούσης,

2135 3485 2328 3560 συνέϐη
2387 3491 2520 3544 ποτὲ
2576 3494 2670 3544 τοῦ
2730 3489 2959 3565 Μιχαὴλ
3009 3492 3147 3547 κατά
3200 3492 3290 3547 τὸν
3349 3492 3444 3547 τοῦ
3521 3491 3799 3567 μάρτυρος

2136 3579 2430 3650 Μαμαντος
2462 3579 2586 3633 ναὸν
2621 3576 2920 3651 μέλλοντος
2950 3582 3256 3659 ἡνιοχῆσαι
3300 3580 3391 3635 τὸν
3444 3578 3506 3635 εκ
3565 3584 3663 3636 τοῦ
3694 3583 3794 3655 φά-

2137 3689 2233 3743 ρου
2267 3668 2567 3746 ἀναφθῆναι
2598 3668 2823 3739 πυρσόν·
2868 3669 2925 3722 ’ὸν
2962 3667 3121 3731 οὗτος
3184 3671 3510 3740 θεασάμενος
3541 3669 3617 3732 εἷς
3675 3690 3795 3725 τοσ-

2136 3761 2293 3812 οῦτον
2327 3756 2541 3811 ἐνέπεσε
2571 3751 2764 3833 φόϐον,
2835 3754 2943 3812 δέει
2993 3762 3089 3812 τοῦ
3149 3760 3226 3831 μὴ
3296 3766 3639 3837 παροφθῆναι
3692 3759 3793 3827 τὴν

2135 3847 2307 3899 αὐτοῦ
2338 3845 2622 3920 ἡνιοχείαν
2681 3845 2785 3901 ὑπὸ
2842 3850 2951 3899 τῶν
3010 3852 3213 3909 θεατῶν
3250 3845 3339 3901 διὰ
3382 3849 3484 3916 τήν
3543 3846 3795 3901 ἀπαίσιον

2134 3932 2418 4009 ἀγγελίαν,
2451 3934 2528 3997 εἰς
2563 3936 2689 3990 ὅσον
2722 3933 2897 3996 ἄλλος
2936 3956 3021 3997 τις
3077 3935 3218 4005 ἦλθε
3271 3934 3599 3991 κινδυνεύων
3660 3936 3796 4010 ὑπὲρ

2134 4028 2349 4099 ψυχῆς·
2392 4024 2566 4086 οὕτως
2606 4018 2811 4086 ἐκεῖνος
2871 4026 3292 4099 θεατριζόμενος
3347 4027 3447 4083 οὐκ
3501 4025 3797 4105 ᾐσχύνετο.

2132 4115 2247 4170 Ἳνα
2278 4110 2335 4168 δὲ
2375 4116 2450 4185 μή
2510 4135 2563 4169 τι
2619 4118 2727 4168 τῶν
2787 4115 3241 4189 προσπιπτόντων
3297 4115 3528 4189 ἀνιαρῶν
3587 4113 3798 4185 δηλούσ-

2138 4222 2300 4275 μενον
2345 4196 2775 4276 μαλακωτέρους
2829 4205 3037 4277 ποιήσῃ
3097 4202 3225 4266 τοὺς
3273 4207 3362 4278 [Ρ.
3414 4206 3546 4277 553]
3603 4203 3795 4267 Θεατάς

2132 4288 2426 4368 προσέταξε
2460 4295 2656 4366 μηκέτι
2709 4294 2935 4369 ἐνεργεῖν
2989 4294 3119 4358 τοὺς
3175 4300 3243 4369 τῇ
3306 4293 3547 4370 βασιλίδι
3612 4314 3793 4371 γειτο-

2133 4388 2352 4446 νοῦντας
2385 4381 2641 4458 πυρσούς.

2206 4465 2449 4528 ’Άλλοτε
2506 4470 2674 4528 πάλιν
2743 4469 2848 4545 (δεῖ
2912 4475 3011 4547 γὰρ
3095 4473 3556 4553 ἔκφαντικωτὲραν
3613 4472 3796 4539 θέσθαι

2130 4565 2232 4632 τὴν
2262 4567 2359 4617 τοῦ
2391 4559 2588 4636 ἀνδρὸς
2617 4563 2938 4635 παράνοιαν)
2997 4561 3078 4641 ἐφ’
3136 4561 3377 4639 ἅρματος
3418 4565 3587 4621 αὐτοῦ
3642 4565 3796 4618 ἰσταυ

368 4670 484 4722 que
519 4654 655 4723 equi
689 4660 892 4709 essent
916 4654 1253 4710 carceribus
1272 4652 1584 4708 emittendi
1608 4656 1759 4719 (erat
1779 4653 1907 4721 ipse
1929 4668 2023 4708 ve-

2143 4651 2301 4722 μένου
2341 4650 2431 4705 καὶ
2488 4657 2590 4719 τῆς
2620 4647 2906 4727 ὕσπληγος
2952 4650 3268 4727 μελλούσης
3326 4652 3567 4729 αἳρεσθαι
3599 4650 3793 4723 (ἐνεδὲ-

367 4747 574 4796 netum
606 4742 873 4798 habitum
905 4744 1489 4815 indutus.prasinum
1514 4736 1813 4813 logotlieta
1833 4741 2023 4797 dromi

374 4831 820 4897 Constantinus,
853 4833 1051 4889 album
1112 4832 1366 4899 Cheilas,
1402 4838 1461 4886 et
1498 4820 1740 4887 ruseum
1770 4830 2022 4898 Crasas),

365 4922 617 4977 nuntius
670 4922 886 4978 allatus
934 4922 1048 4977 fuit
1095 4925 1373 4977 Amerem
1427 4918 1718 4975 Melitenaa
1760 4936 2026 4975 ameram

368 5011 622 5082 graviter
651 5011 924 5085 populari
956 5011 1183 5079 Asiam,
1205 5010 1453 5081 jamque
1485 5009 1560 5065 ad
1581 5009 1870 5081 Malagma
1899 5027 2030 5082 per-

2137 4738 2266 4794 δυτο
2298 4735 2356 4792 δὲ
2384 4739 2446 4793 τὸ
2483 4738 2690 4812 βένετον
2725 4743 2853 4810 (ὅὸ),
2887 4739 2975 4793 καὶ
3004 4740 3264 4815 πράσινος
3312 4743 3380 4811 ἦν
3410 4744 3437 4797 6
3497 4740 3796 4814 λογοθέτης

2133 4826 2231 4883 τοῦ
2291 4825 2502 4902 δρόμου
2542 4831 2971 4899 Κωνσταντῖνος,
3002 4827 3197 4891 λευκὸς
3229 4829 3286 4886 δὶ
3336 4832 3363 4885 6
3422 4832 3647 4898 ΧειΛᾶς,
3705 4830 3797 4885 καὶ

2139 4917 2357 4991 ῥούσιος
2389 4917 2417 4971 6
2449 4917 2685 4991 Κρασᾶς)
2737 4915 2967 4992 ἀγγελία
3016 4918 3342 4995 πεφοίτηκεν
3401 4920 3477 4984 ὡς
3533 4925 3709 4994 ’Άμερ
3767 4920 3796 4974 ὁ

2135 5014 2236 5076 τῆς
2269 5004 2583 5076 Μελιτηνῆς
2617 5006 2834 5081 ἀμηρᾶς
2887 5004 3077 5070 δεινῶς
3120 5006 3383 5079 λεηλατεῖ
3448 5010 3552 5080 τήν
3610 5008 3795 5065 Ἀσίαν

1580 5156 1946 5217 XYLANDRI
1978 5156 2063 5215 ET
2093 5160 2311 5217 GOARI
2349 5154 2571 5215 ΝΟΤᾸΞ.

438 5292 552 5363 (52)
582 5294 647 5347 In
708 5290 915 5347 eadem
962 5294 1153 5363 porta,
1188 5289 1443 5363 labores
1481 5286 1747 5363 Herculis
1804 5287 2018 5359 sculpti

365 5359 557 5434 usque
586 5363 762 5434 hodie
797 5359 1082 5418 visuntur.
1112 5360 1563 5432 (Leunclavius.)
1598 5359 1772 5434 quae.

441 5429 559 5499 (53)
589 5432 845 5505 Δεύτερον
875 5434 989 5489 loci
1041 5429 1259 5487 nomen
1303 5437 1412 5501 est,
1450 5435 1513 5485 ut
1538 5435 1597 5484 et
1628 5429 2022 5505 Hebdomum.

373 5504 682 5559 Secundum
738 5499 1017 5567 verteres,
1051 5510 1117 5558 ut
1167 5510 1221 5558 et
1278 5499 1543 5569 Stenum,
1573 5499 1732 5572 quod
1766 5517 1898 5555 mox
1930 5519 2024 5557 se-

376 5572 600 5643 quitur,
632 5576 945 5645 Angustias,
979 5575 1095 5631 nisi
1127 5575 1398 5631 Gracum
1430 5574 1737 5645 proprium
1768 5573 2026 5629 retinere

376 5648 704 5768 praestaret.
757 5646 978 5729 "C'Ytﬂt.
1014 5647 1164 5702 forte
1219 5651 1358 5702 sunt
1412 5644 1699 5720 πήγματα.
1761 5644 1907 5729 XN...
1960 5668 2028 5686 -ι

425 5713 632 5767 beluscn
667 5720 725 5768 et
753 5717 1091 5768 nvramides
1119 5717 1194 5768 ad
1215 5719 1512 5768 Denteron
1536 5716 2027 5768 erectas.Lencon

425 5713 632 5767 belisci
667 5720 725 5769 et
753 5713 1091 5786 pyramides
1119 5717 1194 5772 ad
1215 5713 2027 5773 Deuteron'erecteaLexicon

2130 5298 2241 5344 ms.
2276 5286 2617 5363 bibl,_Rego,
2650 5285 2823 5360 Πάγοι
2853 5287 2907 5341 αἱ
2932 5287 3124 5363 εξοχαὶ
3173 5294 3280 5345 τῶν
3340 5290 3485 5363 ὁρῶν
3536 5288 3625 5345 καὶ
3675 5295 3786 5346 τῶν

2133 5361 2363 5429 πετρῶν.
2401 5357 2582 5413 chi.
2747 5357 2756 5360 ’
3030 5357 3067 5363 ’⁷
3098 5376 3103 5383 ·

2648 5437 2948 5511 perpetuas
2991 5433 3298 5511 agentibus.
3321 5434 3503 5511 βοᾼιι.

2206 5491 2319 5571 (55)
2349 5502 2434 5577 En
2466 5491 2573 5555 tibi
2605 5491 2863 5577 quatuor
2889 5491 3214 5577 factibnum
3238 5504 3392 5559 ludis
3414 5506 3477 5561 in
3507 5506 3795 5577 equestri-

2134 5574 2244 5648 bus
2276 5571 3077 5648 colores,cseruleus,viridi,
3098 5575 3286 5644 albus,
3304 5582 3363 5631 et
3391 5571 3619 5648 roseus,
3647 5592 3797 5648 quos

2136 5644 2267 5702 aliis
2295 5643 2643 5715 nominibus
2674 5644 3017 5715 Simocatta,
3049 5648 3305 5703 Zonaras
3359 5653 3416 5704 et
3458 5647 3556 5704 alii
3587 5643 3801 5705 vocant

2134 5714 2412 5789 ἡεράνεον,
2446 5711 2707 5788 χλοάζον,
2740 5711 3054 5794 πορφυροῦν
3085 5717 3175 5773 καὶ
3214 5714 3443 5792 ἂσπρον.
3473 5721 3649 5776 Gesn.
