4184 6414
367 426 521 488 1061

1494 426 2039 491 HIS’I‘ORIARUM
2090 426 2641 493 CDMPENDIUM.
2724 502 2735 518 δ

3635 450 3794 510 1062

359 557 453 613 καὶ
476 555 584 627 ἤδη
618 558 758 630 πρὸς
801 562 920 622 τοῖς
952 557 1293 635 Μαλαγίνοις
1351 559 1460 615 ὶστὶ
1518 560 1608 615 καὶ
1666 556 2015 634 προσδοκῶν-

2138 561 2393 630 venisse,
2427 569 2484 618 et
2516 565 2831 623 imminere
2861 584 3144 643 magnum
3180 576 3422 633 malum.
3459 580 3603 636 Eum
3634 601 3793 640 nunc

357 668 447 702 ται
478 647 603 701 ὅσον
660 645 815 701 οὔπω
875 644 1042 705 δεινά.
1103 649 1200 703 Ἤν
1256 647 1562 721 πυθόμενος
1604 647 2016 723 ὁπρωτονοτάι-

362 756 479 811 ριος
538 740 654 807 (56)
709 735 964 791 ἀπελθὼν
1037 737 1171 810 μετὰ
1221 738 1523 815 κατηφείας
1580 736 1888 812 ἀπήγγειλε
1939 741 2017 807 τῷ

364 824 603 899 βασιλεῖ,
634 824 725 879 καὶ
756 824 870 900 ἅμα
902 826 989 881 ἰπὶ
1021 832 1210 901 χεῖρας
1267 825 1415 901 ἔχων
1472 829 1536 882 τὰ
1563 831 1659 881 τοῦ
1690 824 2017 898 δομεστικοῦ

359 918 469 968 τῶν
528 913 752 987 σχολῶν
790 915 1087 989 γράμματα
1146 913 1415 973 ἐπεδίδου.
1466 922 1519 969 '0
1550 913 1607 970 δὲ
1643 914 1910 991 βλοσυρὸν
1940 913 2016 975 εἷς

359 1001 520 1057 αὐτὸν
550 1002 739 1058 ἐνιδὼν
768 1005 859 1058 καὶ
902 1003 1211 1072 τιτανῶδες,
1274 1027 1300 1057 ιι
1330 1006 1430 1060 Καὶ
1461 1011 1576 1066 πῶς
1608 1003 1940 1078 ἐτόλμησας,
1974 1006 2018 1057 ὦ

360 1092 502 1160 κακή
534 1090 768 1169 κεφαλὴ,
828 1086 953 1170 ἔφη,
1011 1095 1147 1148 κατὰ
1198 1094 1290 1149 τὸν
1349 1097 1638 1171 ἀναγκαῖον
1681 1094 1860 1168 ἀγῶνα
1889 1113 2019 1147 τουδ-

358 1179 479 1234 τονὶ
538 1180 660 1255 περὶ
712 1179 977 1236 τοιούτων
1058 1203 1149 1255 μοι
1217 1180 1608 1258 διαλέγεσθαι,
1669 1178 1813 1236 addit
1872 1178 2015 1235 ἄλλο

364 1264 724 1337 σπουδάζοντι
755 1268 790 1337 ἢ
827 1270 904 1343 μὴ
951 1269 1041 1323 τὸν
1103 1270 1263 1343 μὲσον
1323 1270 1621 1343 εὐωνύμων
1675 1267 1808 1324 ἰδεῖν
1839 1289 2017 1343 παρα-

358 1359 751 1431 τετραμμὲνον,
787 1360 920 1433 ὑπὲρ
944 1360 1007 1414 οὗ
1042 1382 1140 1433 μοι
1170 1367 1274 1423 πᾶς
1306 1362 1334 1415 ὁ
1369 1361 1510 1436 ἀγὼν
1550 1380 1563 1430 ;
1595 1385 1622 1411 ››
1656 1363 1918 1420 Τοιοῦτος
1949 1359 2015 1428 ἦν

358 1440 591 1523 ἔκφορος
618 1449 710 1503 καὶ
738 1449 831 1503 τὸν
872 1446 1148 1525 λογισμὸν
1173 1451 1702 1525 παρακεκινημένος.

433 1536 534 1592 Καὶ
569 1536 698 1612 οὐχὶ
727 1538 909 1611 τούτῳ
970 1539 1063 1611 μὲν
1118 1544 1199 1611 τῷ
1255 1540 1412 1611 πόθῳ
1442 1538 1477 1608 ἢ
1509 1540 1667 1602 πάθει
1726 1537 2013 1609 ἡλίσκετο,

354 1630 466 1680 τῶν
498 1623 556 1681 δὶ
585 1625 774 1681 ἄλλων
825 1633 933 1682 τῶν
992 1627 1403 1704 ἀπρεπεστέρων
1464 1628 1745 1703 ἀπείχετο,
1777 1626 1923 1683 ἀλλὰ
1952 1628 2014 1682 τὸ

362 1716 583 1789 μέτριον
637 1717 784 1791 τάχα
841 1716 1096 1791 ἀμέτρως
1162 1719 1296 1787 ἦθος
1358 1715 1710 1791 μεταδιώκων
1769 1716 2015 1787 ἐξέπιπτε

357 1809 456 1859 τοῦ
490 1806 860 1878 προσήκοντος
910 1807 999 1861 καὶ
1050 1814 1151 1876 τῆς
1201 1805 1493 1881 βασιλικῆς
1525 1805 1673 1875 ἀξίας
1703 1806 1874 1875 ἀξίου.
1912 1804 2014 1861 Καί

2131 653 2285 707 tium
2348 658 2790 724 protonotarius
2855 670 3101 720 mmstus
3146 666 3490 738 imperatori
3543 672 3784 744 indicat,

2132 742 2311 796 simul
2339 743 2566 799 litteras
2591 746 2899 805 domestici
2925 753 3262 811 scholarum
3298 757 3604 817 exhibens.
3637 742 3781 819 Tum

2130 830 2453 901 imperator
2500 840 2662 890 torvo
2713 854 2847 894 eum
2903 846 2961 895 et
3004 843 3247 900 titanico
3298 847 3549 905 intuitus
3594 852 3782 921 vultu,

2130 938 2159 968 ι(
2181 921 2509 989 Quomodo,
2534 924 2746 996 inquit,
2766 944 2944 985 ausus
2971 948 3054 1000 es,
3079 935 3511 1006 sceleste,mihi
3536 946 3655 996 tam
3682 960 3787 998 ne-

2129 1189 2229 1259 qui
2260 1191 2523 1247 medium
2558 1202 2735 1263 tenet,
2769 1199 2832 1253 in
2876 1200 3080 1258 laevam
3112 1212 3341 1275 partem
3385 1215 3664 1277 avertam,
3704 1213 3777 1266 de

2129 1294 2245 1349 quo
2274 1282 2419 1336 mihi
2444 1288 2631 1340 totum
2655 1286 2765 1341 hoc
2783 1296 3083 1347 certamen
3108 1300 3197 1349 est
3215 1296 3242 1349 εἴ
3268 1317 3295 1345 ››
3318 1299 3498 1354 Tanta
3519 1301 3629 1355 fuit
3651 1302 3780 1371 ejus

2128 1368 2449 1427 dementia.

2198 1533 2396 1603 Neque
2429 1550 2563 1589 vero
2595 1536 2707 1591 hoc
2751 1542 2982 1595 tantum
3032 1543 3171 1598 vitio
3216 1544 3494 1603 laborans
3524 1550 3596 1604 ab
3646 1552 3780 1606 aliis

2132 1620 2431 1677 indecoris
2464 1623 2640 1679 rebus
2671 1626 2980 1695 abstinuit,
3013 1632 3117 1686 sed
3157 1640 3445 1703 prmterea
3487 1638 3783 1694 immode-

2125 1714 2251 1764 rate
2308 1711 2661 1768 modestiam
2712 1722 2945 1773 sectans
2978 1724 3036 1774 et
3075 1720 3452 1792 imperatoris
3507 1744 3779 1796 personaa

2125 1798 2281 1853 976
2315 1802 2701 1858 conveniente
2750 1807 3031 1876 gravitate
3089 1811 3325 1867 excidit.
3371 1814 3641 1870 Occurrit
3670 1818 3776 1872 ali-

357 1914 491 1947 ποτε
517 1893 720 1969 γυναίῳ
770 1897 1100 1966 συναντήσας
1151 1895 1212 1950 ἐκ
1273 1894 1565 1971 βαλανείου
1623 1896 1897 1949 ἐπανιόντι
1921 1894 2008 1948 καὶ

409 1981 453 1999 ,κ
614 1982 626 1999 .
681 1983 693 1999 ι
800 1989 820 1999 -
952 1980 976 1999 ν
1191 1980 1232 1999 ,τι
1404 1982 1444 1999 α.
1530 1984 1543 1999 .
1689 1984 1701 1999 ,
1923 1981 1972 1999 η

2133 1889 2363 1957 quando
2399 1891 2761 1948 mulierculae
2794 1896 2962 1967 cujus
2995 1897 3183 1953 ﬁlium
3217 1917 3285 1955 ex
3318 1919 3485 1958 sacro
3508 1922 3782 1977 suscepe-

2133 1981 2209 1999 --ι
2247 1977 2465 1999 I____-__
2528 1996 2544 1999 Α
2590 1980 2677 1999 L-)
2917 1984 2930 1999 ι
3066 1986 3100 1999 ,π
3177 1991 3186 1999 .
3263 1987 3293 1999 ι.
3350 1989 3362 1999 ι
3647 1993 3679 1999 .-

1950 1981 1972 2000 Ἀ

357 1981 579 2053 κάλπην
607 1982 696 2037 ἐπὶ
730 1989 917 2059 χεῖρας
950 1980 1135 2063 ἔχοντι
1185 1980 1368 2059 (ἔτυχε
1399 1982 1456 2040 δὲ
1483 1984 1574 2040 τόν
1606 1984 1810 2054 ταύτης
1842 1981 2012 2039 παῖδα

359 2069 419 2126 ἑκ
472 2076 569 2126 τοῦ
609 2074 754 2128 θείου
810 2072 1046 2148 λουτροῦ
1099 2074 1581 2146 υἱοθετησάμενος)
1613 2120 1627 2144 ,
1686 2077 1784 2129 τοῦ
1835 2071 2011 2128 ’ίππου

358 2154 567 2222 ἀποϐὰς
609 2163 734 2224 τοὺς
792 2164 887 2235 μὶν
939 2163 1360 2237 συγκλητικοὺς,
1411 2162 1530 2218 ὅσοι
1585 2162 1764 2235 τούτῳ
1817 2162 2010 2235 παρείι

357 2272 546 2320 ποντο,
608 2252 742 2307 κατὰ
790 2252 856 2307 τὰ
912 2251 1087 2308 ἐκεῖσε
1142 2254 1410 2329 ἀνάκτορα
1455 2252 1853 2324 ἐξαπέστειλεν,
1892 2253 1924 2308 ἃ
1956 2251 2013 2309 δὲ

353 2342 817 2415 προσηταιρίσατο
874 2344 964 2396 καὶ
1027 2341 1354 2419 παρὲτρεφεν
1408 2342 1687 2398 ἀκόλαστα
1743 2343 1835 2397 καὶ
1872 2363 2007 2415 πορ-

348 2430 472 2484 νικά
499 2429 763 2505 ἀνδράρια
818 2427 1153 2505 παραλαϐὼν
1210 2434 1373 2508 ἀπῃει
1436 2434 1572 2505 μετὰ
1598 2436 1699 2497 τῆς
1731 2434 2012 2507 γυναικὸς,

350 2521 571 2590 καὶτὴν
628 2520 846 2591 κάλπην
901 2526 1012 2577 τῶν
1072 2521 1285 2593 ἐκείνης
1345 2528 1550 2597 χειρῶν
1604 2520 1883 2599 ἀφείλετο,
1922 2522 2014 2577 καὶ

354 2634 382 2661 ιι
414 2614 544 2685 ’Ἄγε
574 2607 733 2679 δῆτα,
766 2610 812 2664 ὦ
843 2611 1023 2685 γύναι,
1086 2613 1223 2680 εἷπε,
1257 2611 1529 2687 θαῤῥοῧσα
1587 2608 1729 2681 δέξαι
1765 2632 1833 2684 με
1861 2612 1915 2664 ἐν
1945 2616 2012 2684 τῇ

353 2698 502 2770 οἰκία
528 2719 645 2754 σου.
678 2703 877 2774 ψωμοῦ
908 2704 1018 2773 (57)
1075 2697 1421 2775 πιτυρώδους
1479 2696 1659 2778 ἕψεσιν
1692 2695 1892 2775 ἔχοντα
1922 2706 2014 2757 καὶ

354 2782 753 2862 ἀπθεστοτύρου
813 2793 945 2860 ιὸε).
985 2814 1011 2839 ››
1063 2792 1153 2850 Ὠς
1186 2788 1230 2843 δ’
1270 2789 1526 2865 ἀπεπάγη
1560 2790 1696 2865 πρὸς
1726 2790 1816 2842 τὸν
1847 2788 2015 2861 λόγον

353 2880 388 2944 ἡ
440 2879 579 2950 γυνή
634 2874 869 2949 μηδενὸς
928 2878 1232 2949 εὐποροῦσα
1283 2882 1391 2933 τῶν
1453 2879 1590 2953 πρὸς
1642 2874 1954 2955 ὑποδοχὴν,
1987 2877 2015 2931 ὁ

356 2964 592 3040 Μιχαὴλ
644 2969 835 3029 θᾶττον
875 2966 910 3035 ἢ
946 2966 1116 3041 λόγος
1159 2963 1377 3021 σινδόνα
1438 2962 1647 3035 λαϐὼν,
1699 2967 1768 3034 ἢν
1820 2964 2017 3040 ἤνεγκε

350 3054 416 3109 τὸ
471 3056 695 3128 γύναιον
752 3055 811 3110 ἐκ
860 3060 957 3110 τοῦ
1012 3055 1299 3130 βαλανείου
1354 3054 1435 3111 ἔτι
1493 3051 1792 3131 διάϐροχον
1823 3055 2013 3120 οὖσαν,

352 3139 469 3195 ἀντὶ
531 3148 630 3210 τῆς
696 3144 1075 3217 ὑπηρετούσης
1132 3147 1200 3217 τῇ
1260 3142 1497 3219 τραπέζῃ
1572 3143 1770 3213 ὀθόνης
1830 3140 2015 3211 ἥπλου

350 3229 441 3285 ἰπὶ
470 3235 567 3285 τοῦ
611 3228 863 3309 ἐδάφους,
922 3232 1012 3287 καὶ
1064 3235 1166 3303 τήν
1226 3230 1422 3288 κλεῖδα
1471 3235 1569 3303 τὴν
1628 3239 1727 3303 τῆς
1760 3231 2015 3307 γυναικὸς

2121 1981 2213 2031 rat
2245 1977 2493 2045 lavacro,
2522 1996 2553 2034 a
2588 1980 2796 2036 balneo
2830 1984 3103 2039 redeunti
3138 1991 3194 2040 et
3226 1987 3467 2045 situlam
3500 1993 3776 2048 manibus

2122 2068 2397 2138 gestanti.
2431 2069 2514 2123 lbi
2543 2087 2695 2140 equo
2727 2072 3096 2129 descendens
3128 2079 3440 2133 senatoriae
3473 2080 3776 2152 dignitatis

2125 2156 2285 2210 viros
2317 2157 2417 2227 qui
2448 2160 2907 2224 comitabantur,
2943 2162 3017 2217 ad
3049 2163 3335 2235 palatium
3366 2167 3561 2223 arbire
3582 2170 3775 2240 jubet.

2122 2245 2253 2315 Ipse
2311 2263 2446 2301 cum
2497 2248 2747 2319 impuris
2786 2256 2845 2305 et
2890 2251 3226 2309 libidinosis
3275 2256 3777 2315 homunciouibus

2124 2352 2273 2405 quos
2305 2335 2415 2390 sibi
2456 2338 2764 2405 asciverat,
2817 2341 3227 2397 mulierculam
3270 2352 3508 2401 secutus
3540 2347 3778 2402 situlam

2125 2442 2156 2480 e
2190 2426 2468 2482 manibus
2497 2428 2628 2498 ejus
2655 2428 2867 2496 aufert,
2892 2435 2965 2498 et,
2998 2454 3025 2480 ‹‹
3051 2433 3231 2495 Bono,
3264 2434 3365 2497 ait,
3400 2435 3600 2491 animo
3634 2438 3777 2505 sis,o

2123 2514 2359 2584 mulier,
2392 2532 2605 2585 meque
2637 2516 2811 2571 domo
2847 2522 2944 2573 tua
2972 2521 3195 2591 accipe,
3229 2522 3329 2592 qui
3373 2523 3776 2580 furfuraceum

2117 2604 2219 2674 jus
2247 2610 2460 2674 appeto
2494 2612 2554 2660 et
2580 2606 3038 2677 asbestotyrum.
3083 2630 3106 2657 ι
3161 2610 3303 2665 Cum
3337 2611 3412 2666 ad
3447 2613 3572 2668 hanc
3603 2615 3780 2671 verba

2125 2689 2469 2761 diriguisset
2520 2691 2896 2753 muliercula,
2928 2701 2994 2747 ut
3023 2695 3117 2749 cui
3148 2696 3222 2750 ad
3262 2698 3593 2754 convivium
3624 2700 3777 2755 nihil

2124 2785 2281 2835 esset
2310 2781 2849 2851 parati,Michaelus
2872 2782 3027 2837 dicto
3051 2785 3225 2840 citius
3252 2784 3777 2859 sindonem,quam

2125 2886 2156 2925 e
2187 2870 2395 2924 balnes
2417 2870 2611 2924 adhuc
2635 2870 2971 2926 madentem
2998 2873 3100 2929 illa
3122 2874 3367 2939 ferebat,
3394 2894 3622 2949 mappa:
3647 2879 3774 2934 loco

2125 2960 2187 3014 in
2218 2960 2341 3014 solo
2379 2960 2597 3014 stravit.
2632 2966 2952 3032 ereptaque
2984 2963 3219 3018 mulieri
3252 2965 3412 3021 clave
3453 2968 3780 3039 imperator

2125 3052 2252 3123 ipse
2284 3052 2694 3120 convivatoris,
2721 3054 2915 3123 coqui,
2945 3072 3212 3111 mensam
3237 3058 3515 3130 ponentis
3542 3067 3599 3115 et
3629 3067 3776 3116 stru-

2108 3142 2306 3215 ctoris
2356 3158 2573 3197 munus
2623 3142 2820 3197 obivit.
2875 3146 3119 3199 Peracto
3173 3162 3240 3201 eo
3281 3149 3783 3223 convivio,pedes

2126 3231 2288 3286 lento
2312 3231 2548 3286 incessu
2592 3232 2877 3302 palatium
2911 3235 3400 3309 repetiitmagnw
3434 3239 3778 3293 stoliditatis

349 3318 565 3397 ἀφελὼν
598 3301 760 3382 αύτίίς
819 3322 885 3390 ἦν
922 3301 1179 3397 βασιλευς
1235 3322 1524 3397 ἑστιάτωρ,
1571 3327 1856 3397 μάγειρος,
1886 3342 2011 3396 τρα-

2133 3327 2183 3376 et
2212 3322 2397 3376 fastus
2419 3320 2712 3376 damnans
2734 3321 2964 3391 priores
2988 3323 3397 3394 imperatores,
3415 3327 3514 3397 qui
3550 3327 3785 3400 elegan-

346 3411 661 3480 πεζοποιὸς,
724 3407 1025 3484 δαιτυμών.
1084 3409 1494 3483 Ξυνδειπνήσας
1559 3410 1616 3467 δὲ
1671 3411 1739 3485 τῇ
1794 3411 2009 3486 γυναικὶ

344 3499 506 3567 πεζὸς
564 3499 655 3553 καὶ
717 3498 890 3573 βάδην
946 3501 1082 3572 πρὸς
1114 3502 1180 3556 τὰ
1238 3501 1509 3578 ἀνάκτορα
1567 3501 1754 3575 ἀπῄει,
1787 3499 2010 3569 πολλῆς

346 3586 599 3657 εὐηθείας
657 3590 1083 3666 καταγινώσκων
1139 3589 1231 3645 καὶ
1288 3591 1461 3670 τύφου
1513 3595 1622 3646 τῶν
1682 3590 1788 3662 πρὸ
1849 3589 2013 3645 αὐτοῦ

2126 3412 2221 3466 tia)
2253 3410 2638 3465 studuissent.
2666 3411 2799 3466 Haec
2826 3410 3004 3482 igitur
3020 3414 3223 3469 omnia
3240 3430 3372 3470 eum
3406 3416 3664 3472 invisum
3696 3418 3787 3473 fa-

2126 3500 2383 3565 ciebant,
2418 3505 2742 3569 contraque
2777 3500 3041 3571 seipsum
3075 3505 3355 3559 omnibus
3386 3507 3599 3562 merito
3628 3506 3788 3562 indi-

2126 3590 2471 3662 gnationem
2506 3589 2799 3645 movebat.

354 3675 625 3752 βασιλέων
653 3679 1024 3753 κοσμιότητος
1054 3677 1543 3752 ἀντιποιουμένων.
1576 3681 1733 3734 Ταῦτ’
1765 3680 1855 3735 οὖν
1890 3682 2098 3735 ἅπαντα
2133 3678 2363 3751 μισητὸν
2398 3676 2568 3731 ἐποίει
2599 3677 2690 3732 τὸν
2732 3672 2922 3754 ἄνδρα,
2973 3680 3061 3735 καὶ
3093 3684 3212 3737 κατ’
3242 3681 3407 3737 αὐτοῦ
3437 3686 3535 3754 τὴν
3566 3683 3780 3740 πάντων

354 3764 578 3827 δικαίως
613 3767 852 3823 ὑπεκίνει
879 3769 1072 3842 ὀργήν.

430 3856 534 3911 Καὶ
592 3858 655 3912 τὸ
716 3854 782 3926 δὴ
846 3858 1129 3932 χείριστον
1183 3858 1355 3925 ἡτῶν
1417 3859 1822 3930 παρεπομὲνων
1871 3857 2022 3927 αὐτῷ

360 3943 620 4000 κιναίδων
654 3946 852 4025 φατρία
903 3948 995 4002 καὶ
1051 3947 1190 4021 πρὸς
1246 3951 1419 4001 πᾶσαν
1475 3946 1867 4020 αἰσχρουργίαν
1901 3945 2021 4000 ἐπι-

358 4031 620 4104 τηδείων,
651 4035 750 4098 οὓς
778 4033 981 4098 ἐκεῖνος
1041 4034 1129 4090 διὰ
1179 4042 1349 4110 τιμῆς
1407 4036 1498 4090 καὶ
1531 4032 1720 4097 αἰδοῦς
1753 4036 1924 4111 ἄγων,
1957 4034 2023 4089 τὰ

359 4124 477 4178 θεῖα
543 4120 841 4194 διαπαίζων
910 4146 968 4180 τε
1024 4124 1113 4180 καὶ
1193 4127 1302 4200 [Ρ.
1382 4127 1536 4197 554]
1596 4124 2018 4200 ἐξορχουμενος.

360 4213 633 4286 ἱερατικὰς
666 4212 868 4276 στολὰς
910 4220 1246 4294 χρυσοϋφεῖς
1304 4212 1608 4269 ἐνεδίδυσκε
1673 4216 1762 4268 καὶ
1805 4213 2022 4287 ἆπωμί-

359 4297 477 4369 δας,
517 4302 605 4355 καὶ
666 4301 1007 4376 ἀσχημόνως
1064 4304 1338 4377 ἠνάγκαζε
1393 4304 1484 4358 καὶ
1542 4302 1785 4377 ἀνάγνως
1842 4302 2021 4358 τελεῖν

2204 3860 2453 3915 Facinus
2480 3876 2614 3914 vero
2645 3859 3056 3930 deterrimum,
3090 3864 3247 3933 quod
3276 3869 3493 3919 cwtum
3533 3864 3793 3923 habebat

2133 3964 2336 4001 secum
2355 3947 2719 4002 cinaedorum
2739 3953 2798 3999 et
2817 3947 2891 4001 ad
2914 3965 3154 4004 omnem
3178 3950 3609 4021 turpitudinem
3629 3970 3793 4025 para-

2135 4038 2329 4086 torum
2352 4031 2699 4097 hominum;
2727 4047 2875 4100 quos
2898 4032 2961 4087 in
2983 4034 3208 4089 honore
3232 4035 3334 4090 ille
3359 4036 3678 4104 habens,ut
3703 4055 3792 4093 re-

2132 4120 2242 4175 bus
2262 4119 2445 4175 saoris
2464 4118 3025 4181 illuderet,vestibus
3041 4138 3141 4177 eos
3163 4122 3633 4182 sacerdotalibus
3650 4145 3797 4184 aura

2132 4210 2375 4265 intextis
2414 4208 2934 4280 amiciebat,atque
2968 4212 3390 4282 humeralibus,
3423 4216 3572 4271 977
3620 4234 3795 4290 coge-

2134 4300 2354 4370 batque
2377 4298 2629 4369 turpiter
2651 4304 2707 4353 et
2730 4299 2963 4370 impure
2987 4317 3185 4357 sacras
3206 4302 3471 4359 actiones
3492 4306 3786 4372 aemulari;

356 4393 422 4447 τὰ
453 4395 570 4449 Θεῖά
601 4414 659 4450 τι
688 4392 777 4449 καὶ
831 4396 1091 4469 πανάγια,
1139 4397 1234 4450 τὸν
1295 4390 1527 4475 ἔξαρχον
1585 4395 1795 4450 τούτων
1829 4392 2015 4468 ,Γρύλ-

2133 4390 2464 4462 principem
2490 4388 2619 4458 ejus
2645 4393 2828 4444 ccetus
2853 4389 3138 4460 Cyrillum
3168 4393 3520 4462 patriarchae
3545 4396 3789 4451 nomine

360 4479 457 4544 λος
514 4483 663 4552 αὐτῷ
720 4480 918 4559 ὄνομα)
976 4486 1326 4560 πατριάρχην
1404 4483 1721 4553 ἀποκαλῶν,
1780 4482 1907 4544 τοὺς
1964 4479 2021 4537 δὲ

360 4570 592 4633 λοιποὺς
626 4570 838 4627 δώδεκα
888 4572 1326 4648 μητροπολίτας.
1382 4574 1579 4629 Ἐτίθει
1614 4571 1670 4627 δὲ
1699 4572 1787 4626 καὶ
1830 4572 2017 4626 ἑαυτὸν

355 4657 449 4715 ἕνα
481 4666 584 4716 τῶν
646 4661 968 4733 θυηπόλων,
1027 4665 1118 4718 καὶ
1176 4672 1278 4733 τῆς
1335 4662 1646 4725 Κολωνείας
1702 4661 2017 4733 ὠνομάζετο

354 4746 620 4824 πρόεδρος
682 4753 813 4824 (5
876 4752 1028 4808 Ἐπεὶ
1105 4750 1161 4807 δὲ
1219 4750 1365 4823 ᾅδειν
1445 4751 1641 4813 αὐτοὺς
1699 4749 1873 4826 ἐχρῆν
1925 4749 2016 4804 καὶ

350 4838 627 4895 τελεῖντὰ
660 4844 953 4916 μυστήρια,
1010 4839 1099 4896 διὰ
1155 4843 1381 4916 κιθάρας
1433 4842 1529 4903 τὰς
1587 4840 1734 4913 ᾧδὰς
1793 4839 2017 4910 ἐξεπλή-

354 4948 507 5004 ρουν,
539 4933 629 4985 νῦν
686 4931 777 5002 μὲν
839 4931 1020 5006 ἡρέμα
1073 4936 1191 4994 πῶς
1221 4933 1313 4987 καὶ
1372 4930 1612 5007 λιγυρῶς
1655 4931 2017 5005 ἐπηχοῦντες,

350 5022 445 5073 νῦν
475 5015 533 5074 δὲ
591 5016 948 5095 διαπρυσίοις,
1004 5019 1187 5095 ὥσπερ
1220 5020 1274 5076 ἐν
1329 5026 1449 5083 ταῖς
1506 5022 1703 5096 ἱερεαῖς
1762 5019 2017 5093 λειτοορο

2131 4478 2405 4543 ornabat,
2452 4476 2717 4547 reliquos
2765 4476 3076 4534 duodecim
3128 4483 3642 4554 metropolitarum
3679 4501 3691 4540 :
3725 4502 3788 4541 se

2132 4571 2325 4641 ipsum
2362 4581 2596 4636 quoque
2628 4582 2814 4620 unum
2848 4567 3199 4637 pontiﬁcum
3224 4576 3281 4625 et
3312 4571 3561 4626 coloniae
3596 4574 3798 4644 praesi-

2131 4659 2267 4714 dem
2300 4654 2657 4727 appellabat.
2693 4655 2841 4710 Dum
2873 4659 3235 4714 cantandum
3277 4666 3404 4715 erat
3440 4663 3792 4736 peragendis

2130 4745 2759 4813 sacrtliciis,citharam
2782 4746 3166 4811 adhibebant.
3203 4751 3379 4807 modo
3405 4754 3628 4808 sensim
3664 4771 3794 4810 eam

2128 4841 2439 4908 tangentes
2472 4839 2536 4889 ut
2565 4834 2846 4891 subtilem
2879 4837 3083 4893 ederet
3113 4857 3337 4911 vocem,
3370 4842 3545 4898 modo
3578 4849 3642 4898 ut
3673 4861 3798 4900 ma-

2128 4942 2308 5000 gnum
2340 4924 2601 4978 sonitum
2627 4923 2952 4993 exhiberet,
2980 4928 3132 4983 sicut
3164 4930 3224 4983 in
3257 4933 3563 4986 sacrificiis
3596 4949 3791 4987 sacer-

2130 5017 2298 5072 dotes
2328 5018 2609 5069 contenta
2640 5030 2777 5068 voce
2827 5022 3092 5073 cantant.
3126 5021 3320 5074 Aurea
3351 5021 3526 5075 etiam
3560 5026 3617 5075 et
3648 5021 3795 5081 bac-

1572 5120 1938 5175 XYLANDRI
1977 5119 2061 5172 ET
2099 5114 2317 5172 GOARI
2357 5111 2582 5167 NOTzE.

424 5216 539 5289 (56)
570 5216 1075 5294 Ὑπογοαμματέων
1104 5218 1342 5294 πρῶθος,
1384 5226 1451 5275 ut
1500 5220 1766 5290 loquitur
1798 5220 2015 5273 Dama-

355 5291 1016 5374 scep_us‘s‘ubdiaconus.
1051 5291 1229 5348 Goin.
1396 5366 1427 5374 ,Δ
1478 5370 1486 5374 Δ
1629 5363 1639 5374 ι
1761 5359 1772 5374 1
1837 5360 1870 5374 η
2003 5362 2013 5374 _

426 5363 539 5427 (57)
570 5362 653 5417 Ab
706 5364 831 5418 hzec
888 5364 1011 5425 vjce
1064 5380 1267 5433 panem
1319 5366 1585 5419 usitatum
1617 5359 1772 5431 ψωμί
1833 5360 2016 5416 Grmci

353 5439 717 5506 nuncupant.
751 5436 849 5491 Jus
881 5435 1194 5506 Xylander.
1233 5435 1336 5490 sed
1362 5434 1608 5506 insulse.
1644 5435 1822 5488 (ἑοιιῐι.

424 5503 539 5573 (58)
562 5503 822 5562 Ὀξιεειιιη
858 5503 975 5561 non
1028 5506 1353 5561 extinctum
1386 5506 1457 5562 ad
1493 5504 1733 5561 verbum
1793 5509 1965 5560 sonat
1999 5518 2011 5556 :

352 5573 502 5660 quid
534 5578 617 5631 rel
650 5578 748 5638 sit.
781 5578 939 5660 malo
971 5577 1121 5660 alios
1144 5578 1438 5660 judicare,
1554 5576 2016 5660 "quidem'appa-

350 5651 466 5716 ret,
490 5661 729 5704 caseum
758 5651 968 5705 rudem
992 5655 1050 5705 et
1079 5649 1314 5704 minimi
1345 5650 1519 5776 pretii
1550 5648 1752 5704 fuisse.
1786 5648 1923 5703 XvL.
1946 5672 2015 5728 ες·-

351 5717 661 5777 Coaaulum
691 5722 840 5777 calci
870 5721 1073 5777 dilutas
1104 5720 1351 5777 densior
1410 5720 1627 5777 simile.
1659 5718 1820 5777 unde
1849 5719 2018 5775 audit

351 5717 661 5787 Coagulum
691 5722 840 5778 calci
870 5721 1073 5777 dilutas
1104 5717 1375 5804 densiori
1410 5720 1627 5788 simile,
1659 5718 1820 5800 unde
1849 5719 2015 5775 audit

349 5780 770 5867 ἆσϐιστότυρον.
807 5793 1033 5851 Cacum
1089 5809 1201 5849 non
1257 5798 1564 5850 extinctum
1621 5790 1878 5863 explicat
1895 5784 2015 5865 Xy-

2129 5210 2393 5285 lander;
2409 5224 2485 5265 an
2510 5209 2595 5263 illi
2630 5210 2992 5285 quandoque
3012 5214 3159 5269 arsit
3183 5218 3473 5285 coagulum
3500 5218 3527 5272 ?
3550 5218 3785 5275 Utinam

2169 5283 2506 5365 roverbium
2539 5283 2894 5365 perciperet.
2927 5283 3308 5365 ᾬστις-ἐκ-ἀην
3337 5286 3413 5347 εἰς
3441 5288 3504 5341 τὸ
3535 5288 3789 5365 ᾷξυνὸγαε

2168 5378 2245 5423 ον,
2297 5352 2436 5433 φυσᾷ
2466 5346 2579 5433 ,καὶ
2632 5346 3052 5433 τὸᾷουρκοῦτι.
3105 5346 3319 5433 Ιξιιιιεὶη
3364 5346 3649 5433 exsul/lat,
3690 5346 3790 5433 qui

2126 5426 2358 5500 coagula
2406 5426 2634 5500 adustus
2684 5431 2799 5480 est:
2858 5426 2938 5500 in_
2982 5427 3178 5499 planis
3225 5447 3430 5486 errans
3480 5426 3787 5490 salebrosa

2126 5497 2246 5558 non
2280 5499 2638 5572 permeare},
2671 5512 2789 5552 uno
2807 5497 3020 5572 verbo,
3054 5507 3309 5572 saperet.
3344 5504 3517 5558 Gom-

2197 5566 2310 5643 (δι’)
2339 5569 2424 5643 Ad
2447 5566 2701 5638 patriam
2722 5567 3025 5643 Coloniam
3059 5566 3211 5628 Asiae
3233 5572 3467 5640 urbem,
3495 5577 3561 5631 68
3588 5575 3783 5633 locum

2125 5634 2304 5719 inter'
2330 5634 2709 5719 episcopatus
2740 5634 2896 5719 apud
2946 5643 3235 5700 Codinum
3267 5663 3425 5701 nunc
3458 5634 3786 5719 tenentem,

2123 5709 2431 5774 alludebat
2460 5709 2711 5782 Gryllus.
2759 5709 2933 5767 Gen.
