  <div class='ocr_page' id='page_1' title='image "/cluster/home/n/w/nwhite01/storage/ocr_20150623/121:no.1/coo.31924054870260/543.png"; bbox 0 0 4184 6450; ppageno 0'>
   <div class='ocr_carea' id='block_1_1' title="bbox 441 431 597 490">
    <p class='ocr_par' dir='ltr' id='par_1_1' title="bbox 441 431 597 490">
     <span class='ocr_line' id='line_1_1' title="bbox 441 431 597 490; baseline -0.006 0"><span class='ocrx_word' id='word_1_1' title='bbox 441 431 597 490; x_wconf 75' lang='grc'>1063</span> 
     </span>
    </p>
   </div>
   <div class='ocr_carea' id='block_1_2' title="bbox 1831 415 2541 480">
    <p class='ocr_par' dir='ltr' id='par_1_2' title="bbox 1831 415 2541 480">
     <span class='ocr_line' id='line_1_2' title="bbox 1831 415 2541 480; baseline 0.003 -2"><span class='ocrx_word' id='word_1_2' title='bbox 1831 415 2153 478; x_wconf 80' lang='lat' dir='ltr'>GEORGII</span> <span class='ocrx_word' id='word_1_3' title='bbox 2197 415 2541 480; x_wconf 77' lang='lat' dir='ltr'><strong>CEDRENI</strong></span> 
     </span>
    </p>
   </div>
   <div class='ocr_carea' id='block_1_3' title="bbox 3708 431 3872 490">
    <p class='ocr_par' dir='ltr' id='par_1_3' title="bbox 3708 431 3872 490">
     <span class='ocr_line' id='line_1_3' title="bbox 3708 431 3872 490; baseline -0.006 0"><span class='ocrx_word' id='word_1_4' title='bbox 3708 431 3872 490; x_wconf 80' lang='grc'>1064</span> 
     </span>
    </p>
   </div>
   <div class='ocr_carea' id='block_1_4' title="bbox 438 550 2071 638">
    <p class='ocr_par' dir='ltr' id='par_1_4' title="bbox 438 555 2065 636">
     <span class='ocr_line' id='line_1_4' title="bbox 438 555 2065 636; baseline -0.006 -17"><span class='ocrx_word' id='word_1_5' title='bbox 438 569 569 619; x_wconf 89' lang='lat' dir='ltr'>cata</span> <span class='ocrx_word' id='word_1_6' title='bbox 607 563 859 636; x_wconf 90' lang='lat' dir='ltr'>gemmis</span> <span class='ocrx_word' id='word_1_7' title='bbox 897 577 1037 617; x_wconf 89' lang='lat' dir='ltr'>vasa</span> <span class='ocrx_word' id='word_1_8' title='bbox 1077 559 1413 615; x_wconf 83' lang='lat' dir='ltr'>habebant:</span> <span class='ocrx_word' id='word_1_9' title='bbox 1447 573 1517 612; x_wconf 88' lang='lat' dir='ltr'>ea</span> <span class='ocrx_word' id='word_1_10' title='bbox 1564 558 1730 612; x_wconf 86' lang='lat' dir='ltr'>aceto</span> <span class='ocrx_word' id='word_1_11' title='bbox 1780 559 1839 610; x_wconf 91' lang='lat' dir='ltr'>et</span> <span class='ocrx_word' id='word_1_12' title='bbox 1894 555 2065 625; x_wconf 88' lang='lat' dir='ltr'>sinap</span> 
     </span>
    </p>
   </div>
   <div class='ocr_carea' id='block_1_5' title="bbox 2182 550 3864 638">
    <p class='ocr_par' dir='ltr' id='par_1_5' title="bbox 2207 550 3864 638">
     <span class='ocr_line' id='line_1_5' title="bbox 2207 550 3864 638; baseline 0.01 -33"><span class='ocrx_word' id='word_1_13' title='bbox 2207 550 2355 628; x_wconf 86' lang='grc' dir='ltr'>γίαις</span> <span class='ocrx_word' id='word_1_14' title='bbox 2414 553 2463 607; x_wconf 76' lang='grc' dir='ltr'>οἰ</span> <span class='ocrx_word' id='word_1_15' title='bbox 2525 556 2686 628; x_wconf 75' lang='grc' dir='ltr'>ἱερεῖς</span> <span class='ocrx_word' id='word_1_16' title='bbox 2749 558 2847 621; x_wconf 83' lang='grc' dir='ltr'>τὰς</span> <span class='ocrx_word' id='word_1_17' title='bbox 2901 556 3236 638; x_wconf 78' lang='grc' dir='ltr'>ἐκφωνήσεις</span> <span class='ocrx_word' id='word_1_18' title='bbox 3296 564 3406 635; x_wconf 78' lang='grc'>(60)</span> <span class='ocrx_word' id='word_1_19' title='bbox 3472 569 3692 619; x_wconf 75' lang='grc' dir='ltr'>ποιοῦσι</span> <span class='ocrx_word' id='word_1_20' title='bbox 3750 572 3864 621; x_wconf 84' lang='grc' dir='ltr'>τῶν</span> 
     </span>
    </p>
   </div>
   <div class='ocr_carea' id='block_1_6' title="bbox 442 644 2095 724">
    <p class='ocr_par' dir='ltr' id='par_1_6' title="bbox 442 644 2095 724">
     <span class='ocr_line' id='line_1_6' title="bbox 442 644 2095 724; baseline -0.006 -17"><span class='ocrx_word' id='word_1_21' title='bbox 442 652 774 724; x_wconf 90' lang='lat' dir='ltr'>implebant</span> <span class='ocrx_word' id='word_1_22' title='bbox 799 657 856 707; x_wconf 91' lang='lat' dir='ltr'>et</span> <span class='ocrx_word' id='word_1_23' title='bbox 887 647 1465 706; x_wconf 84' lang='lat' dir='ltr'>communicantibus</span> <span class='ocrx_word' id='word_1_24' title='bbox 1506 644 1948 717; x_wconf 78' lang='lat' dir='ltr'>impertiebant,</span> <span class='ocrx_word' id='word_1_25' title='bbox 1982 644 2095 698; x_wconf 91' lang='lat' dir='ltr'>hoc</span> 
     </span>
    </p>
   </div>
   <div class='ocr_carea' id='block_1_7' title="bbox 439 734 2093 812">
    <p class='ocr_par' dir='ltr' id='par_1_7' title="bbox 439 734 2093 812">
     <span class='ocr_line' id='line_1_7' title="bbox 439 734 2093 812; baseline -0.007 -14"><span class='ocrx_word' id='word_1_26' title='bbox 439 742 620 798; x_wconf 88' lang='lat' dir='ltr'>modo</span> <span class='ocrx_word' id='word_1_27' title='bbox 662 740 971 812; x_wconf 83' lang='lat' dir='ltr'>impolluta</span> <span class='ocrx_word' id='word_1_28' title='bbox 1013 738 1352 793; x_wconf 88' lang='lat' dir='ltr'>deridentes</span> <span class='ocrx_word' id='word_1_29' title='bbox 1400 735 1703 806; x_wconf 85' lang='lat' dir='ltr'>mysteria.</span> <span class='ocrx_word' id='word_1_30' title='bbox 1754 734 1859 787; x_wconf 86' lang='lat' dir='ltr'>Hic</span> <span class='ocrx_word' id='word_1_31' title='bbox 1908 740 2093 787; x_wconf 74' lang='lat' dir='ltr'>coetus</span> 
     </span>
    </p>
   </div>
   <div class='ocr_carea' id='block_1_8' title="bbox 442 822 2090 903">
    <p class='ocr_par' dir='ltr' id='par_1_8' title="bbox 442 822 2090 903">
     <span class='ocr_line' id='line_1_8' title="bbox 442 822 2090 903; baseline -0.006 -17"><span class='ocrx_word' id='word_1_32' title='bbox 442 832 764 903; x_wconf 87' lang='lat' dir='ltr'>aliquando</span> <span class='ocrx_word' id='word_1_33' title='bbox 796 831 966 885; x_wconf 88' lang='lat' dir='ltr'>beato</span> <span class='ocrx_word' id='word_1_34' title='bbox 987 827 1338 900; x_wconf 63' lang='lat' dir='ltr'>patriarchas</span> <span class='ocrx_word' id='word_1_35' title='bbox 1370 825 1600 880; x_wconf 86' lang='lat' dir='ltr'>obviam</span> <span class='ocrx_word' id='word_1_36' title='bbox 1624 828 1714 879; x_wconf 90' lang='lat' dir='ltr'>est</span> <span class='ocrx_word' id='word_1_37' title='bbox 1739 822 2090 888; x_wconf 86' lang='lat' dir='ltr'>factus,cum</span> 
     </span>
    </p>
   </div>
   <div class='ocr_carea' id='block_1_9' title="bbox 440 914 2093 991">
    <p class='ocr_par' dir='ltr' id='par_1_9' title="bbox 440 914 2093 991">
     <span class='ocr_line' id='line_1_9' title="bbox 440 914 2093 991; baseline -0.007 -16"><span class='ocrx_word' id='word_1_38' title='bbox 440 922 490 975; x_wconf 89' lang='lat' dir='ltr'>is</span> <span class='ocrx_word' id='word_1_39' title='bbox 548 918 993 991; x_wconf 83' lang='lat' dir='ltr'>supplicationis</span> <span class='ocrx_word' id='word_1_40' title='bbox 1042 933 1220 971; x_wconf 91' lang='lat' dir='ltr'>causa</span> <span class='ocrx_word' id='word_1_41' title='bbox 1283 931 1418 970; x_wconf 90' lang='lat' dir='ltr'>cum</span> <span class='ocrx_word' id='word_1_42' title='bbox 1477 914 1830 968; x_wconf 89' lang='lat' dir='ltr'>clericorum</span> <span class='ocrx_word' id='word_1_43' title='bbox 1882 926 2093 982; x_wconf 88' lang='lat' dir='ltr'>pompa</span> 
     </span>
    </p>
   </div>
   <div class='ocr_carea' id='block_1_10' title="bbox 439 1000 2093 1081">
    <p class='ocr_par' dir='ltr' id='par_1_10' title="bbox 439 1000 2093 1081">
     <span class='ocr_line' id='line_1_10' title="bbox 439 1000 2093 1081; baseline -0.007 -17"><span class='ocrx_word' id='word_1_44' title='bbox 439 1008 803 1081; x_wconf 82' lang='lat' dir='ltr'>procederet.</span> <span class='ocrx_word' id='word_1_45' title='bbox 861 1008 1043 1071; x_wconf 90' lang='lat' dir='ltr'>Quem</span> <span class='ocrx_word' id='word_1_46' title='bbox 1075 1011 1138 1060; x_wconf 86' lang='lat' dir='ltr'>ut</span> <span class='ocrx_word' id='word_1_47' title='bbox 1188 1004 1503 1075; x_wconf 77' lang='lat' dir='ltr'>conspexit</span> <span class='ocrx_word' id='word_1_48' title='bbox 1533 1002 1774 1069; x_wconf 90' lang='lat' dir='ltr'>Grillus,</span> <span class='ocrx_word' id='word_1_49' title='bbox 1810 1000 2093 1055; x_wconf 81' lang='lat' dir='ltr'>audacter</span> 
     </span>
    </p>
   </div>
   <div class='ocr_carea' id='block_1_11' title="bbox 437 1089 2088 1167">
    <p class='ocr_par' dir='ltr' id='par_1_11' title="bbox 437 1089 2088 1167">
     <span class='ocr_line' id='line_1_11' title="bbox 437 1089 2088 1167; baseline -0.007 -14"><span class='ocrx_word' id='word_1_50' title='bbox 437 1097 757 1153; x_wconf 90' lang='lat' dir='ltr'>admodum</span> <span class='ocrx_word' id='word_1_51' title='bbox 788 1102 847 1151; x_wconf 90' lang='lat' dir='ltr'>et</span> <span class='ocrx_word' id='word_1_52' title='bbox 875 1095 1256 1167; x_wconf 89' lang='lat' dir='ltr'>impudenter</span> <span class='ocrx_word' id='word_1_53' title='bbox 1284 1093 1508 1163; x_wconf 87' lang='lat' dir='ltr'>absque</span> <span class='ocrx_word' id='word_1_54' title='bbox 1536 1091 1660 1147; x_wconf 91' lang='lat' dir='ltr'>ulla</span> <span class='ocrx_word' id='word_1_55' title='bbox 1691 1089 2088 1155; x_wconf 87' lang='lat' dir='ltr'>cunctatione,</span> 
     </span>
    </p>
   </div>
   <div class='ocr_carea' id='block_1_12' title="bbox 436 1177 2092 1258">
    <p class='ocr_par' dir='ltr' id='par_1_12' title="bbox 436 1177 2092 1258">
     <span class='ocr_line' id='line_1_12' title="bbox 436 1177 2092 1258; baseline -0.007 -15"><span class='ocrx_word' id='word_1_56' title='bbox 436 1187 775 1258; x_wconf 83' lang='lat' dir='ltr'>exemplum</span> <span class='ocrx_word' id='word_1_57' title='bbox 808 1202 983 1240; x_wconf 89' lang='lat' dir='ltr'>suum</span> <span class='ocrx_word' id='word_1_58' title='bbox 1012 1184 1258 1255; x_wconf 89' lang='lat' dir='ltr'>reliquis</span> <span class='ocrx_word' id='word_1_59' title='bbox 1291 1181 1702 1252; x_wconf 89' lang='lat' dir='ltr'>seqnentibus,</span> <span class='ocrx_word' id='word_1_60' title='bbox 1735 1184 1896 1233; x_wconf 84' lang='lat' dir='ltr'>veste</span> <span class='ocrx_word' id='word_1_61' title='bbox 1927 1177 2092 1232; x_wconf 84' lang='lat' dir='ltr'>didu-</span> 
     </span>
    </p>
   </div>
   <div class='ocr_carea' id='block_1_13' title="bbox 436 1267 2089 1347">
    <p class='ocr_par' dir='ltr' id='par_1_13' title="bbox 436 1267 2089 1347">
     <span class='ocr_line' id='line_1_13' title="bbox 436 1267 2089 1347; baseline -0.007 -16"><span class='ocrx_word' id='word_1_62' title='bbox 436 1282 529 1332; x_wconf 87' lang='lat' dir='ltr'>cta</span> <span class='ocrx_word' id='word_1_63' title='bbox 583 1276 823 1347; x_wconf 88' lang='lat' dir='ltr'>pulsare</span> <span class='ocrx_word' id='word_1_64' title='bbox 871 1275 1160 1329; x_wconf 87' lang='lat' dir='ltr'>citharam</span> <span class='ocrx_word' id='word_1_65' title='bbox 1207 1271 1549 1327; x_wconf 86' lang='lat' dir='ltr'>contentius</span> <span class='ocrx_word' id='word_1_66' title='bbox 1580 1270 1756 1340; x_wconf 69' lang='lat' dir='ltr'>cmpit</span> <span class='ocrx_word' id='word_1_67' title='bbox 1784 1274 1842 1323; x_wconf 92' lang='lat' dir='ltr'>et</span> <span class='ocrx_word' id='word_1_68' title='bbox 1871 1267 2089 1321; x_wconf 85' lang='lat' dir='ltr'>sanctis</span> 
     </span>
    </p>
   </div>
   <div class='ocr_carea' id='block_1_14' title="bbox 434 1360 1621 1421">
    <p class='ocr_par' dir='ltr' id='par_1_14' title="bbox 434 1360 1621 1421">
     <span class='ocr_line' id='line_1_14' title="bbox 434 1360 1621 1421; baseline -0.008 0"><span class='ocrx_word' id='word_1_69' title='bbox 434 1366 778 1421; x_wconf 91' lang='lat' dir='ltr'>hominibus</span> <span class='ocrx_word' id='word_1_70' title='bbox 809 1365 1084 1419; x_wconf 71' lang='lat' dir='ltr'>obscmne</span> <span class='ocrx_word' id='word_1_71' title='bbox 1115 1361 1380 1417; x_wconf 86' lang='lat' dir='ltr'>convicia</span> <span class='ocrx_word' id='word_1_72' title='bbox 1409 1360 1621 1414; x_wconf 90' lang='lat' dir='ltr'>facere.</span> 
     </span>
    </p>
   </div>
   <div class='ocr_carea' id='block_1_15' title="bbox 504 1623 2087 1701">
    <p class='ocr_par' dir='ltr' id='par_1_15' title="bbox 504 1623 2087 1701">
     <span class='ocr_line' id='line_1_15' title="bbox 504 1623 2087 1701; baseline -0.008 -13"><span class='ocrx_word' id='word_1_73' title='bbox 504 1631 823 1688; x_wconf 86' lang='lat' dir='ltr'>Michaelus</span> <span class='ocrx_word' id='word_1_74' title='bbox 845 1646 1021 1701; x_wconf 89' lang='lat' dir='ltr'>porro</span> <span class='ocrx_word' id='word_1_75' title='bbox 1044 1633 1294 1683; x_wconf 91' lang='lat' dir='ltr'>matrem</span> <span class='ocrx_word' id='word_1_76' title='bbox 1317 1643 1485 1681; x_wconf 91' lang='lat' dir='ltr'>suam</span> <span class='ocrx_word' id='word_1_77' title='bbox 1505 1624 1871 1679; x_wconf 86' lang='lat' dir='ltr'>Theodoram</span> <span class='ocrx_word' id='word_1_78' title='bbox 1893 1623 2087 1678; x_wconf 86' lang='lat' dir='ltr'>adhuc</span> 
     </span>
    </p>
   </div>
   <div class='ocr_carea' id='block_1_16' title="bbox 431 1713 2083 1795">
    <p class='ocr_par' dir='ltr' id='par_1_16' title="bbox 431 1713 2083 1795">
     <span class='ocr_line' id='line_1_16' title="bbox 431 1713 2083 1795; baseline -0.008 -16"><span class='ocrx_word' id='word_1_79' title='bbox 431 1726 492 1779; x_wconf 91' lang='lat' dir='ltr'>in</span> <span class='ocrx_word' id='word_1_80' title='bbox 518 1722 737 1795; x_wconf 90' lang='lat' dir='ltr'>palatio</span> <span class='ocrx_word' id='word_1_81' title='bbox 764 1721 1077 1791; x_wconf 85' lang='lat' dir='ltr'>degentem</span> <span class='ocrx_word' id='word_1_82' title='bbox 1107 1716 1427 1788; x_wconf 88' lang='lat' dir='ltr'>aliquando</span> <span class='ocrx_word' id='word_1_83' title='bbox 1458 1716 1531 1770; x_wconf 92' lang='lat' dir='ltr'>ad</span> <span class='ocrx_word' id='word_1_84' title='bbox 1564 1731 1627 1769; x_wconf 93' lang='lat' dir='ltr'>se</span> <span class='ocrx_word' id='word_1_85' title='bbox 1658 1713 2083 1784; x_wconf 88' lang='lat' dir='ltr'>vocavit,quasi</span> 
     </span>
    </p>
   </div>
   <div class='ocr_carea' id='block_1_17' title="bbox 430 1803 2081 1882">
    <p class='ocr_par' dir='ltr' id='par_1_17' title="bbox 430 1803 2081 1882">
     <span class='ocr_line' id='line_1_17' title="bbox 430 1803 2081 1882; baseline -0.007 -14"><span class='ocrx_word' id='word_1_86' title='bbox 430 1815 624 1868; x_wconf 86' lang='lat' dir='ltr'>fausta</span> <span class='ocrx_word' id='word_1_87' title='bbox 651 1812 703 1867; x_wconf 91' lang='lat' dir='ltr'>ei</span> <span class='ocrx_word' id='word_1_88' title='bbox 725 1815 1037 1882; x_wconf 90' lang='lat' dir='ltr'>precaturo</span> <span class='ocrx_word' id='word_1_89' title='bbox 1058 1807 1284 1879; x_wconf 90' lang='lat' dir='ltr'>Ignatio</span> <span class='ocrx_word' id='word_1_90' title='bbox 1303 1805 1847 1877; x_wconf 88' lang='lat' dir='ltr'>patriarcha,quem</span> <span class='ocrx_word' id='word_1_91' title='bbox 1874 1803 2081 1858; x_wconf 87' lang='lat' dir='ltr'>adesse</span> 
     </span>
    </p>
   </div>
   <div class='ocr_carea' id='block_1_18' title="bbox 2198 642 3861 725">
    <p class='ocr_par' dir='ltr' id='par_1_18' title="bbox 2198 642 3861 725">
     <span class='ocr_line' id='line_1_18' title="bbox 2198 642 3861 725; baseline 0.008 -30"><span class='ocrx_word' id='word_1_92' title='bbox 2198 642 2380 715; x_wconf 77' lang='grc' dir='ltr'>ἱερῶν.</span> <span class='ocrx_word' id='word_1_93' title='bbox 2426 644 2597 718; x_wconf 76' lang='grc' dir='ltr'>Εἶχον</span> <span class='ocrx_word' id='word_1_94' title='bbox 2657 643 2715 700; x_wconf 75' lang='grc' dir='ltr'>δὲ</span> <span class='ocrx_word' id='word_1_95' title='bbox 2768 648 2858 701; x_wconf 86' lang='grc' dir='ltr'>καὶ</span> <span class='ocrx_word' id='word_1_96' title='bbox 2918 650 3079 716; x_wconf 86' lang='grc' dir='ltr'>σκεύη</span> <span class='ocrx_word' id='word_1_97' title='bbox 3151 647 3422 725; x_wconf 81' lang='grc' dir='ltr'>διάχρυσα</span> <span class='ocrx_word' id='word_1_98' title='bbox 3486 654 3575 706; x_wconf 82' lang='grc' dir='ltr'>καὶ</span> <span class='ocrx_word' id='word_1_99' title='bbox 3612 650 3861 725; x_wconf 83' lang='grc' dir='ltr'>διάλιθα,</span> 
     </span>
    </p>
   </div>
   <div class='ocr_carea' id='block_1_19' title="bbox 2196 730 3864 812">
    <p class='ocr_par' dir='ltr' id='par_1_19' title="bbox 2196 730 3864 812">
     <span class='ocr_line' id='line_1_19' title="bbox 2196 730 3864 812; baseline 0.008 -28"><span class='ocrx_word' id='word_1_100' title='bbox 2196 736 2367 785; x_wconf 77' lang='grc' dir='ltr'>ταῦτα</span> <span class='ocrx_word' id='word_1_101' title='bbox 2425 730 2482 787; x_wconf 77' lang='grc' dir='ltr'>δὲ</span> <span class='ocrx_word' id='word_1_102' title='bbox 2538 731 2878 810; x_wconf 79' lang='grc' dir='ltr'>πληροῦντες</span> <span class='ocrx_word' id='word_1_103' title='bbox 2949 739 3104 809; x_wconf 73' lang='grc' dir='ltr'>ὃξους</span> <span class='ocrx_word' id='word_1_104' title='bbox 3156 759 3215 794; x_wconf 87' lang='grc' dir='ltr'>τε</span> <span class='ocrx_word' id='word_1_105' title='bbox 3271 740 3360 794; x_wconf 80' lang='grc' dir='ltr'>καὶ</span> <span class='ocrx_word' id='word_1_106' title='bbox 3414 744 3685 812; x_wconf 75' lang='grc' dir='ltr'>σινηπεως</span> <span class='ocrx_word' id='word_1_107' title='bbox 3743 763 3864 808; x_wconf 89' lang='grc' dir='ltr'>τοις</span> 
     </span>
    </p>
   </div>
   <div class='ocr_carea' id='block_1_20' title="bbox 2203 818 3860 905">
    <p class='ocr_par' dir='ltr' id='par_1_20' title="bbox 2203 818 3860 905">
     <span class='ocr_line' id='line_1_20' title="bbox 2203 818 3860 905; baseline 0.009 -32"><span class='ocrx_word' id='word_1_108' title='bbox 2203 818 2682 893; x_wconf 75' lang='grc' dir='ltr'>μεταλαμϐάνουσι</span> <span class='ocrx_word' id='word_1_109' title='bbox 2741 823 3090 897; x_wconf 80' lang='grc' dir='ltr'>μετεδίδοσαν</span> <span class='ocrx_word' id='word_1_110' title='bbox 3126 873 3139 898; x_wconf 90' lang='grc'>,</span> <span class='ocrx_word' id='word_1_111' title='bbox 3196 833 3304 883; x_wconf 86' lang='grc' dir='ltr'>τῶν</span> <span class='ocrx_word' id='word_1_112' title='bbox 3361 831 3643 905; x_wconf 81' lang='grc' dir='ltr'>ἀχράντων</span> <span class='ocrx_word' id='word_1_113' title='bbox 3713 832 3860 888; x_wconf 77' lang='grc' dir='ltr'>οὕτω</span> 
     </span>
    </p>
   </div>
   <div class='ocr_carea' id='block_1_21' title="bbox 2195 911 3861 995">
    <p class='ocr_par' dir='ltr' id='par_1_21' title="bbox 2195 911 3861 995">
     <span class='ocr_line' id='line_1_21' title="bbox 2195 911 3861 995; baseline 0.008 -31"><span class='ocrx_word' id='word_1_114' title='bbox 2195 911 2619 995; x_wconf 81' lang='grc' dir='ltr'>καταπαίζοντες</span> <span class='ocrx_word' id='word_1_115' title='bbox 2670 916 3006 992; x_wconf 85' lang='grc' dir='ltr'>μυστηρίων.</span> <span class='ocrx_word' id='word_1_116' title='bbox 3059 921 3269 975; x_wconf 68' lang='grc' dir='ltr'>Τοῦτον</span> <span class='ocrx_word' id='word_1_117' title='bbox 3318 921 3411 974; x_wconf 90' lang='grc' dir='ltr'>τὸν</span> <span class='ocrx_word' id='word_1_118' title='bbox 3450 923 3646 995; x_wconf 89' lang='grc' dir='ltr'>μιαρὸν</span> <span class='ocrx_word' id='word_1_119' title='bbox 3675 922 3861 977; x_wconf 87' lang='grc' dir='ltr'>θίασον</span> 
     </span>
    </p>
   </div>
   <div class='ocr_carea' id='block_1_22' title="bbox 2199 993 3856 1079">
    <p class='ocr_par' dir='ltr' id='par_1_22' title="bbox 2199 993 3856 1079">
     <span class='ocr_line' id='line_1_22' title="bbox 2199 993 3856 1079; baseline 0.008 -28"><span class='ocrx_word' id='word_1_120' title='bbox 2199 993 2395 1068; x_wconf 78' lang='grc' dir='ltr'>συνέϐη</span> <span class='ocrx_word' id='word_1_121' title='bbox 2428 1001 2565 1056; x_wconf 76' lang='grc' dir='ltr'>ποτὲ</span> <span class='ocrx_word' id='word_1_122' title='bbox 2595 1006 2669 1072; x_wconf 81' lang='grc' dir='ltr'>τῷ</span> <span class='ocrx_word' id='word_1_123' title='bbox 2703 1005 2977 1079; x_wconf 73' lang='grc' dir='ltr'>μακαρίτῃ</span> <span class='ocrx_word' id='word_1_124' title='bbox 3040 1014 3365 1075; x_wconf 85' lang='grc' dir='ltr'>συναντῆσαι</span> <span class='ocrx_word' id='word_1_125' title='bbox 3413 993 3548 1063; x_wconf 84' lang='grc' dir='ltr'>κατὰ</span> <span class='ocrx_word' id='word_1_126' title='bbox 3595 1012 3693 1079; x_wconf 77' lang='grc' dir='ltr'>τήν</span> <span class='ocrx_word' id='word_1_127' title='bbox 3729 1008 3856 1065; x_wconf 83' lang='grc' dir='ltr'>ὁδὸν</span> 
     </span>
    </p>
   </div>
   <div class='ocr_carea' id='block_1_23' title="bbox 2194 1089 3853 1169">
    <p class='ocr_par' dir='ltr' id='par_1_23' title="bbox 2194 1089 3853 1169">
     <span class='ocr_line' id='line_1_23' title="bbox 2194 1089 3853 1169; baseline 0.008 -29"><span class='ocrx_word' id='word_1_128' title='bbox 2194 1089 2537 1164; x_wconf 77' lang='grc' dir='ltr'>πατριάρχῃ,</span> <span class='ocrx_word' id='word_1_129' title='bbox 2573 1091 2708 1162; x_wconf 77' lang='grc' dir='ltr'>μετὰ</span> <span class='ocrx_word' id='word_1_130' title='bbox 2733 1096 2835 1146; x_wconf 81' lang='grc' dir='ltr'>τοῦ</span> <span class='ocrx_word' id='word_1_131' title='bbox 2888 1092 3163 1167; x_wconf 82' lang='grc' dir='ltr'>ἷέρατικοῦ</span> <span class='ocrx_word' id='word_1_132' title='bbox 3191 1095 3405 1167; x_wconf 71' lang='grc' dir='ltr'>κλήρου</span> <span class='ocrx_word' id='word_1_133' title='bbox 3436 1099 3525 1152; x_wconf 83' lang='grc' dir='ltr'>καὶ</span> <span class='ocrx_word' id='word_1_134' title='bbox 3556 1102 3656 1163; x_wconf 81' lang='grc' dir='ltr'>τῆς</span> <span class='ocrx_word' id='word_1_135' title='bbox 3688 1097 3853 1169; x_wconf 82' lang='grc' dir='ltr'><strong>λιτῆς</strong></span> 
     </span>
    </p>
   </div>
   <div class='ocr_carea' id='block_1_24' title="bbox 2197 1173 3851 1261">
    <p class='ocr_par' dir='ltr' id='par_1_24' title="bbox 2197 1173 3851 1261">
     <span class='ocr_line' id='line_1_24' title="bbox 2197 1173 3851 1261; baseline 0.008 -32"><span class='ocrx_word' id='word_1_136' title='bbox 2197 1173 2557 1252; x_wconf 83' lang='grc' dir='ltr'>διερχομένῳ.</span> <span class='ocrx_word' id='word_1_137' title='bbox 2620 1182 2718 1237; x_wconf 82' lang='grc' dir='ltr'>’Όν</span> <span class='ocrx_word' id='word_1_138' title='bbox 2776 1179 2908 1236; x_wconf 68' lang='grc' dir='ltr'>ἰδὼν</span> <span class='ocrx_word' id='word_1_139' title='bbox 2942 1184 2970 1237; x_wconf 98' lang='lat'>6</span> <span class='ocrx_word' id='word_1_140' title='bbox 3003 1183 3251 1257; x_wconf 78' lang='grc' dir='ltr'>Γρύλλος</span> <span class='ocrx_word' id='word_1_141' title='bbox 3305 1185 3515 1259; x_wconf 81' lang='grc' dir='ltr'>ἰταμῶς</span> <span class='ocrx_word' id='word_1_142' title='bbox 3572 1186 3725 1261; x_wconf 79' lang='grc' dir='ltr'>ἄγαν,</span> <span class='ocrx_word' id='word_1_143' title='bbox 3758 1190 3851 1242; x_wconf 81' lang='grc' dir='ltr'>καὶ</span> 
     </span>
    </p>
   </div>
   <div class='ocr_carea' id='block_1_25' title="bbox 2196 1263 3852 1355">
    <p class='ocr_par' dir='ltr' id='par_1_25' title="bbox 2196 1263 3852 1355">
     <span class='ocr_line' id='line_1_25' title="bbox 2196 1263 3852 1355; baseline 0.008 -35"><span class='ocrx_word' id='word_1_144' title='bbox 2196 1263 2627 1342; x_wconf 76' lang='grc' dir='ltr'>ἀνερυϐριάσεως</span> <span class='ocrx_word' id='word_1_145' title='bbox 2675 1269 2845 1343; x_wconf 77' lang='grc' dir='ltr'>μηδὲν</span> <span class='ocrx_word' id='word_1_146' title='bbox 2909 1273 3396 1346; x_wconf 83' lang='grc' dir='ltr'>ὑποστειλάμενος,</span> <span class='ocrx_word' id='word_1_147' title='bbox 3456 1276 3690 1355; x_wconf 81' lang='grc' dir='ltr'>φελόνην</span> <span class='ocrx_word' id='word_1_148' title='bbox 3723 1280 3852 1334; x_wconf 84' lang='grc' dir='ltr'>ἀνα-</span> 
     </span>
    </p>
   </div>
   <div class='ocr_carea' id='block_1_26' title="bbox 2194 1355 3852 1436">
    <p class='ocr_par' dir='ltr' id='par_1_26' title="bbox 2194 1355 3852 1436">
     <span class='ocr_line' id='line_1_26' title="bbox 2194 1355 3852 1436; baseline 0.007 -26"><span class='ocrx_word' id='word_1_149' title='bbox 2194 1355 2410 1419; x_wconf 85' lang='grc' dir='ltr'>στείλας</span> <span class='ocrx_word' id='word_1_150' title='bbox 2459 1362 2569 1431; x_wconf 73' lang='grc'>(61)</span> <span class='ocrx_word' id='word_1_151' title='bbox 2629 1361 2764 1433; x_wconf 72' lang='grc' dir='ltr'>μετὰ</span> <span class='ocrx_word' id='word_1_152' title='bbox 2820 1362 2927 1415; x_wconf 82' lang='grc' dir='ltr'>τῶν</span> <span class='ocrx_word' id='word_1_153' title='bbox 2985 1361 3151 1418; x_wconf 80' lang='grc' dir='ltr'>αὐτοῦ</span> <span class='ocrx_word' id='word_1_154' title='bbox 3227 1369 3560 1436; x_wconf 88' lang='grc' dir='ltr'>συμμυστῶν</span> <span class='ocrx_word' id='word_1_155' title='bbox 3621 1365 3852 1422; x_wconf 74' lang='grc' dir='ltr'>εὐτονω-</span> 
     </span>
    </p>
   </div>
   <div class='ocr_carea' id='block_1_27' title="bbox 2190 1445 3855 1530">
    <p class='ocr_par' dir='ltr' id='par_1_27' title="bbox 2190 1445 3855 1530">
     <span class='ocr_line' id='line_1_27' title="bbox 2190 1445 3855 1530; baseline 0.007 -32"><span class='ocrx_word' id='word_1_156' title='bbox 2190 1446 2368 1518; x_wconf 90' lang='grc' dir='ltr'>τέροις</span> <span class='ocrx_word' id='word_1_157' title='bbox 2406 1445 2611 1522; x_wconf 80' lang='grc' dir='ltr'>ἐχρῆτο</span> <span class='ocrx_word' id='word_1_158' title='bbox 2671 1454 2787 1510; x_wconf 78' lang='grc' dir='ltr'>τοῖς</span> <span class='ocrx_word' id='word_1_159' title='bbox 2816 1449 3109 1524; x_wconf 83' lang='grc' dir='ltr'>κρούμασι,</span> <span class='ocrx_word' id='word_1_160' title='bbox 3141 1452 3233 1505; x_wconf 82' lang='grc' dir='ltr'>καὶ</span> <span class='ocrx_word' id='word_1_161' title='bbox 3289 1452 3419 1515; x_wconf 77' lang='grc' dir='ltr'>τοὺς</span> <span class='ocrx_word' id='word_1_162' title='bbox 3473 1453 3683 1530; x_wconf 82' lang='grc' dir='ltr'>εὐαγεῖς</span> <span class='ocrx_word' id='word_1_163' title='bbox 3712 1455 3855 1510; x_wconf 85' lang='grc' dir='ltr'>ἐκεί-</span> 
     </span>
    </p>
   </div>
   <div class='ocr_carea' id='block_1_28' title="bbox 2190 1533 3605 1615">
    <p class='ocr_par' dir='ltr' id='par_1_28' title="bbox 2190 1533 3605 1615">
     <span class='ocr_line' id='line_1_28' title="bbox 2190 1533 3605 1615; baseline 0.008 -28"><span class='ocrx_word' id='word_1_164' title='bbox 2190 1554 2316 1594; x_wconf 90' lang='grc' dir='ltr'>νους</span> <span class='ocrx_word' id='word_1_165' title='bbox 2348 1533 2656 1610; x_wconf 75' lang='grc' dir='ltr'>λοιδορίαις</span> <span class='ocrx_word' id='word_1_166' title='bbox 2687 1538 2773 1591; x_wconf 81' lang='grc' dir='ltr'>καὶ</span> <span class='ocrx_word' id='word_1_167' title='bbox 2808 1536 3077 1593; x_wconf 87' lang='grc' dir='ltr'>ἀναιδέσιν</span> <span class='ocrx_word' id='word_1_168' title='bbox 3110 1535 3312 1596; x_wconf 78' lang='grc' dir='ltr'>ἔϐαλλε</span> <span class='ocrx_word' id='word_1_169' title='bbox 3344 1539 3605 1615; x_wconf 74' lang='grc' dir='ltr'>ῥήμασιν.</span> 
     </span>
    </p>
   </div>
   <div class='ocr_carea' id='block_1_29' title="bbox 2263 1625 3848 1707">
    <p class='ocr_par' dir='ltr' id='par_1_29' title="bbox 2263 1625 3848 1707">
     <span class='ocr_line' id='line_1_29' title="bbox 2263 1625 3848 1707; baseline 0.006 -31"><span class='ocrx_word' id='word_1_170' title='bbox 2263 1626 2320 1676; x_wconf 74' lang='grc' dir='ltr'>Ὀ</span> <span class='ocrx_word' id='word_1_171' title='bbox 2350 1628 2604 1687; x_wconf 81' lang='grc' dir='ltr'>τοιοῦτος</span> <span class='ocrx_word' id='word_1_172' title='bbox 2647 1625 2931 1699; x_wconf 68' lang='grc' dir='ltr'>αἴσχιστος</span> <span class='ocrx_word' id='word_1_173' title='bbox 2995 1626 3253 1702; x_wconf 81' lang='grc' dir='ltr'>βασιλεὺς</span> <span class='ocrx_word' id='word_1_174' title='bbox 3310 1629 3400 1683; x_wconf 85' lang='grc' dir='ltr'>καὶ</span> <span class='ocrx_word' id='word_1_175' title='bbox 3433 1629 3715 1707; x_wconf 75' lang='grc' dir='ltr'>Θεοδώραν</span> <span class='ocrx_word' id='word_1_176' title='bbox 3747 1635 3848 1702; x_wconf 71' lang='grc' dir='ltr'>τὴν</span> 
     </span>
    </p>
   </div>
   <div class='ocr_carea' id='block_1_30' title="bbox 2191 1712 3852 1792">
    <p class='ocr_par' dir='ltr' id='par_1_30' title="bbox 2191 1712 3852 1792">
     <span class='ocr_line' id='line_1_30' title="bbox 2191 1712 3852 1792; baseline 0.006 -26"><span class='ocrx_word' id='word_1_177' title='bbox 2191 1712 2383 1766; x_wconf 69' lang='grc' dir='ltr'>ἑαυτοῦ</span> <span class='ocrx_word' id='word_1_178' title='bbox 2435 1714 2644 1787; x_wconf 89' lang='grc' dir='ltr'>μητέρα</span> <span class='ocrx_word' id='word_1_179' title='bbox 2709 1712 2789 1769; x_wconf 83' lang='grc' dir='ltr'>ἔτι</span> <span class='ocrx_word' id='word_1_180' title='bbox 2853 1721 2970 1778; x_wconf 87' lang='grc' dir='ltr'>τοῖς</span> <span class='ocrx_word' id='word_1_181' title='bbox 3027 1716 3344 1789; x_wconf 82' lang='grc' dir='ltr'>ἀνακτόροις</span> <span class='ocrx_word' id='word_1_182' title='bbox 3403 1716 3562 1774; x_wconf 77' lang='grc' dir='ltr'>οὖσαν</span> <span class='ocrx_word' id='word_1_183' title='bbox 3621 1741 3852 1792; x_wconf 87' lang='grc' dir='ltr'>μετεκα-</span> 
     </span>
    </p>
   </div>
   <div class='ocr_carea' id='block_1_31' title="bbox 2191 1800 3851 1882">
    <p class='ocr_par' dir='ltr' id='par_1_31' title="bbox 2191 1800 3851 1882">
     <span class='ocr_line' id='line_1_31' title="bbox 2191 1800 3851 1882; baseline 0.004 -25"><span class='ocrx_word' id='word_1_184' title='bbox 2191 1800 2386 1857; x_wconf 83' lang='grc' dir='ltr'>λέσατό</span> <span class='ocrx_word' id='word_1_185' title='bbox 2420 1825 2573 1873; x_wconf 88' lang='grc' dir='ltr'>ποτε,</span> <span class='ocrx_word' id='word_1_186' title='bbox 2633 1804 3157 1878; x_wconf 79' lang='grc' dir='ltr'>εὐλογηθησομένην</span> <span class='ocrx_word' id='word_1_187' title='bbox 3206 1807 3353 1882; x_wconf 86' lang='grc' dir='ltr'>τάχα</span> <span class='ocrx_word' id='word_1_188' title='bbox 3410 1809 3555 1882; x_wconf 83' lang='grc' dir='ltr'>παρὰ</span> <span class='ocrx_word' id='word_1_189' title='bbox 3598 1813 3694 1864; x_wconf 77' lang='grc' dir='ltr'>τοῦ</span> <span class='ocrx_word' id='word_1_190' title='bbox 3738 1831 3851 1864; x_wconf 86' lang='grc' dir='ltr'>πα·-</span> 
     </span>
    </p>
   </div>
   <div class='ocr_carea' id='block_1_32' title="bbox 432 1890 2071 1973">
    <p class='ocr_par' dir='ltr' id='par_1_32' title="bbox 432 1890 2071 1971">
     <span class='ocr_line' id='line_1_32' title="bbox 432 1890 2071 1971; baseline -0.007 -15"><span class='ocrx_word' id='word_1_191' title='bbox 432 1902 703 1957; x_wconf 80' lang='lat' dir='ltr'>tinxerat.</span> <span class='ocrx_word' id='word_1_192' title='bbox 737 1901 806 1954; x_wconf 90' lang='lat' dir='ltr'>Ut</span> <span class='ocrx_word' id='word_1_193' title='bbox 836 1914 972 1971; x_wconf 88' lang='lat' dir='ltr'>ergo</span> <span class='ocrx_word' id='word_1_194' title='bbox 1004 1896 1382 1951; x_wconf 87' lang='lat' dir='ltr'>sanctissima</span> <span class='ocrx_word' id='word_1_195' title='bbox 1410 1893 1627 1948; x_wconf 87' lang='lat' dir='ltr'>mulier</span> <span class='ocrx_word' id='word_1_196' title='bbox 1656 1893 1815 1948; x_wconf 88' lang='lat' dir='ltr'>venit</span> <span class='ocrx_word' id='word_1_197' title='bbox 1844 1897 1904 1947; x_wconf 90' lang='lat' dir='ltr'>et</span> <span class='ocrx_word' id='word_1_198' title='bbox 1939 1890 2071 1946; x_wconf 34' lang='lat' dir='ltr'>reli‘</span> 
     </span>
    </p>
   </div>
   <div class='ocr_carea' id='block_1_33' title="bbox 2182 1890 3849 1973">
    <p class='ocr_par' dir='ltr' id='par_1_33' title="bbox 2190 1890 3849 1973">
     <span class='ocr_line' id='line_1_33' title="bbox 2190 1890 3849 1973; baseline 0.004 -27"><span class='ocrx_word' id='word_1_199' title='bbox 2190 1892 2481 1967; x_wconf 86' lang='grc' dir='ltr'>τριάρχου,</span> <span class='ocrx_word' id='word_1_200' title='bbox 2532 1890 2882 1967; x_wconf 84' lang='grc' dir='ltr'>πλασάμενος</span> <span class='ocrx_word' id='word_1_201' title='bbox 2939 1899 3131 1950; x_wconf 83' lang='grc' dir='ltr'>τοῦτον</span> <span class='ocrx_word' id='word_1_202' title='bbox 3192 1896 3332 1951; x_wconf 82' lang='grc' dir='ltr'>εἶναι</span> <span class='ocrx_word' id='word_1_203' title='bbox 3383 1898 3479 1953; x_wconf 84' lang='grc' dir='ltr'>τὸν</span> <span class='ocrx_word' id='word_1_204' title='bbox 3539 1900 3849 1973; x_wconf 73' lang='grc' dir='ltr'>μακαρίτην</span> 
     </span>
    </p>
   </div>
   <div class='ocr_carea' id='block_1_34' title="bbox 428 1979 2082 2063">
    <p class='ocr_par' dir='ltr' id='par_1_34' title="bbox 428 1979 2082 2063">
     <span class='ocr_line' id='line_1_34' title="bbox 428 1979 2082 2063; baseline -0.007 -18"><span class='ocrx_word' id='word_1_205' title='bbox 428 1991 589 2063; x_wconf 89' lang='lat' dir='ltr'>giose</span> <span class='ocrx_word' id='word_1_206' title='bbox 620 1989 683 2044; x_wconf 92' lang='lat' dir='ltr'>in</span> <span class='ocrx_word' id='word_1_207' title='bbox 714 1988 905 2042; x_wconf 92' lang='lat' dir='ltr'>solum</span> <span class='ocrx_word' id='word_1_208' title='bbox 948 2002 1009 2040; x_wconf 92' lang='lat' dir='ltr'>se</span> <span class='ocrx_word' id='word_1_209' title='bbox 1054 1984 1390 2056; x_wconf 82' lang='lat' dir='ltr'>prostravit,</span> <span class='ocrx_word' id='word_1_210' title='bbox 1441 1988 1575 2038; x_wconf 90' lang='lat' dir='ltr'>vota</span> <span class='ocrx_word' id='word_1_211' title='bbox 1604 1999 1710 2053; x_wconf 90' lang='lat' dir='ltr'>pro</span> <span class='ocrx_word' id='word_1_212' title='bbox 1743 1998 1804 2036; x_wconf 92' lang='lat' dir='ltr'>se</span> <span class='ocrx_word' id='word_1_213' title='bbox 1851 1979 2082 2050; x_wconf 90' lang='lat' dir='ltr'>concipi</span> 
     </span>
    </p>
   </div>
   <div class='ocr_carea' id='block_1_35' title="bbox 424 2071 2081 2151">
    <p class='ocr_par' dir='ltr' id='par_1_35' title="bbox 424 2071 2081 2151">
     <span class='ocr_line' id='line_1_35' title="bbox 424 2071 2081 2151; baseline -0.008 -16"><span class='ocrx_word' id='word_1_214' title='bbox 424 2085 653 2151; x_wconf 87' lang='lat' dir='ltr'>petens,</span> <span class='ocrx_word' id='word_1_215' title='bbox 686 2083 754 2132; x_wconf 91' lang='lat' dir='ltr'>ut</span> <span class='ocrx_word' id='word_1_216' title='bbox 812 2093 943 2147; x_wconf 75' lang='lat' dir='ltr'>quae</span> <span class='ocrx_word' id='word_1_217' title='bbox 1000 2075 1153 2129; x_wconf 87' lang='lat' dir='ltr'>nihil</span> <span class='ocrx_word' id='word_1_218' title='bbox 1202 2073 1431 2128; x_wconf 89' lang='lat' dir='ltr'>sinistri</span> <span class='ocrx_word' id='word_1_219' title='bbox 1490 2071 1913 2142; x_wconf 89' lang='lat' dir='ltr'>suspicaretur,</span> <span class='ocrx_word' id='word_1_220' title='bbox 1947 2083 2081 2124; x_wconf 87' lang='lat' dir='ltr'>cum</span> 
     </span>
    </p>
   </div>
   <div class='ocr_carea' id='block_1_36' title="bbox 426 2157 2083 2240">
    <p class='ocr_par' dir='ltr' id='par_1_36' title="bbox 426 2157 2083 2240">
     <span class='ocr_line' id='line_1_36' title="bbox 426 2157 2083 2240; baseline -0.007 -17"><span class='ocrx_word' id='word_1_221' title='bbox 426 2170 694 2240; x_wconf 86' lang='lat' dir='ltr'>impurus</span> <span class='ocrx_word' id='word_1_222' title='bbox 717 2166 933 2222; x_wconf 88' lang='lat' dir='ltr'>Grillus</span> <span class='ocrx_word' id='word_1_223' title='bbox 948 2170 1193 2220; x_wconf 90' lang='lat' dir='ltr'>eatenus</span> <span class='ocrx_word' id='word_1_224' title='bbox 1212 2161 1461 2217; x_wconf 89' lang='lat' dir='ltr'>barbam</span> <span class='ocrx_word' id='word_1_225' title='bbox 1481 2157 2083 2227; x_wconf 87' lang='lat' dir='ltr'>occultasset,Grillus</span> 
     </span>
    </p>
   </div>
   <div class='ocr_carea' id='block_1_37' title="bbox 423 2246 2081 2327">
    <p class='ocr_par' dir='ltr' id='par_1_37' title="bbox 423 2246 2081 2327">
     <span class='ocr_line' id='line_1_37' title="bbox 423 2246 2081 2327; baseline -0.008 -14"><span class='ocrx_word' id='word_1_226' title='bbox 423 2257 579 2312; x_wconf 73' lang='lat'>978</span> <span class='ocrx_word' id='word_1_227' title='bbox 628 2272 876 2327; x_wconf 85' lang='lat' dir='ltr'>surgens</span> <span class='ocrx_word' id='word_1_228' title='bbox 906 2253 1198 2324; x_wconf 85' lang='lat' dir='ltr'>crepitum</span> <span class='ocrx_word' id='word_1_229' title='bbox 1237 2250 1460 2305; x_wconf 89' lang='lat' dir='ltr'>ventris</span> <span class='ocrx_word' id='word_1_230' title='bbox 1491 2249 1691 2304; x_wconf 90' lang='lat' dir='ltr'>emisit</span> <span class='ocrx_word' id='word_1_231' title='bbox 1722 2253 1781 2303; x_wconf 89' lang='lat' dir='ltr'>et</span> <span class='ocrx_word' id='word_1_232' title='bbox 1811 2246 2081 2317; x_wconf 73' lang='lat' dir='ltr'>quaedam</span> 
     </span>
    </p>
   </div>
   <div class='ocr_carea' id='block_1_38' title="bbox 426 2336 2082 2417">
    <p class='ocr_par' dir='ltr' id='par_1_38' title="bbox 426 2336 2082 2417">
     <span class='ocr_line' id='line_1_38' title="bbox 426 2336 2082 2417; baseline -0.008 -15"><span class='ocrx_word' id='word_1_233' title='bbox 426 2364 528 2402; x_wconf 87' lang='lat' dir='ltr'>ore</span> <span class='ocrx_word' id='word_1_234' title='bbox 560 2363 666 2401; x_wconf 91' lang='lat' dir='ltr'>suo</span> <span class='ocrx_word' id='word_1_235' title='bbox 718 2345 897 2417; x_wconf 87' lang='lat' dir='ltr'>digna</span> <span class='ocrx_word' id='word_1_236' title='bbox 938 2341 1269 2397; x_wconf 87' lang='lat' dir='ltr'>blateravit.</span> <span class='ocrx_word' id='word_1_237' title='bbox 1330 2338 1635 2395; x_wconf 88' lang='lat' dir='ltr'>Theodora</span> <span class='ocrx_word' id='word_1_238' title='bbox 1685 2337 1918 2393; x_wconf 87' lang='lat' dir='ltr'>facinus</span> <span class='ocrx_word' id='word_1_239' title='bbox 1971 2336 2082 2390; x_wconf 90' lang='lat' dir='ltr'>hoc</span> 
     </span>
    </p>
   </div>
   <div class='ocr_carea' id='block_1_39' title="bbox 427 2426 2082 2510">
    <p class='ocr_par' dir='ltr' id='par_1_39' title="bbox 427 2426 2082 2510">
     <span class='ocr_line' id='line_1_39' title="bbox 427 2426 2082 2510; baseline -0.007 -17"><span class='ocrx_word' id='word_1_240' title='bbox 427 2437 735 2510; x_wconf 70' lang='lat' dir='ltr'>aegerrime</span> <span class='ocrx_word' id='word_1_241' title='bbox 756 2434 976 2499; x_wconf 89' lang='lat' dir='ltr'>ferens,</span> <span class='ocrx_word' id='word_1_242' title='bbox 1010 2432 1300 2486; x_wconf 83' lang='lat' dir='ltr'>detestata</span> <span class='ocrx_word' id='word_1_243' title='bbox 1321 2426 1970 2496; x_wconf 82' lang='lat' dir='ltr'>filium,vaticinataque</span> <span class='ocrx_word' id='word_1_244' title='bbox 1993 2432 2082 2481; x_wconf 91' lang='lat' dir='ltr'>est</span> 
     </span>
    </p>
   </div>
   <div class='ocr_carea' id='block_1_40' title="bbox 425 2516 2079 2593">
    <p class='ocr_par' dir='ltr' id='par_1_40' title="bbox 425 2516 2079 2593">
     <span class='ocr_line' id='line_1_40' title="bbox 425 2516 2079 2593; baseline -0.008 -9"><span class='ocrx_word' id='word_1_245' title='bbox 425 2544 561 2586; x_wconf 89' lang='lat' dir='ltr'>eum</span> <span class='ocrx_word' id='word_1_246' title='bbox 591 2526 852 2580; x_wconf 89' lang='lat' dir='ltr'>divinam</span> <span class='ocrx_word' id='word_1_247' title='bbox 896 2521 1368 2593; x_wconf 79' lang='lat' dir='ltr'>indignationem</span> <span class='ocrx_word' id='word_1_248' title='bbox 1399 2518 1560 2574; x_wconf 82' lang='lat' dir='ltr'>brevi</span> <span class='ocrx_word' id='word_1_249' title='bbox 1602 2533 1937 2571; x_wconf 88' lang='lat' dir='ltr'>sensurum.</span> <span class='ocrx_word' id='word_1_250' title='bbox 1967 2516 2079 2571; x_wconf 93' lang='lat' dir='ltr'>Sed</span> 
     </span>
    </p>
   </div>
   <div class='ocr_carea' id='block_1_41' title="bbox 423 2606 2077 2684">
    <p class='ocr_par' dir='ltr' id='par_1_41' title="bbox 423 2606 2077 2684">
     <span class='ocr_line' id='line_1_41' title="bbox 423 2606 2077 2684; baseline -0.008 -11"><span class='ocrx_word' id='word_1_251' title='bbox 423 2617 554 2673; x_wconf 84' lang='lat' dir='ltr'>fieri</span> <span class='ocrx_word' id='word_1_252' title='bbox 584 2631 703 2670; x_wconf 92' lang='lat' dir='ltr'>non</span> <span class='ocrx_word' id='word_1_253' title='bbox 734 2618 964 2684; x_wconf 87' lang='lat' dir='ltr'>poterat</span> <span class='ocrx_word' id='word_1_254' title='bbox 992 2616 1059 2665; x_wconf 90' lang='lat' dir='ltr'>ut</span> <span class='ocrx_word' id='word_1_255' title='bbox 1089 2608 1273 2663; x_wconf 89' lang='lat' dir='ltr'>semel</span> <span class='ocrx_word' id='word_1_256' title='bbox 1302 2624 1338 2663; x_wconf 90' lang='lat' dir='ltr'>a</span> <span class='ocrx_word' id='word_1_257' title='bbox 1366 2612 1527 2662; x_wconf 88' lang='lat' dir='ltr'>recta</span> <span class='ocrx_word' id='word_1_258' title='bbox 1555 2606 1647 2661; x_wconf 87' lang='lat' dir='ltr'>via</span> <span class='ocrx_word' id='word_1_259' title='bbox 1675 2622 1913 2660; x_wconf 88' lang='lat' dir='ltr'>aversus</span> <span class='ocrx_word' id='word_1_260' title='bbox 1945 2622 2077 2660; x_wconf 91' lang='lat' dir='ltr'>cor-</span> 
     </span>
    </p>
   </div>
   <div class='ocr_carea' id='block_1_42' title="bbox 421 2696 2075 2778">
    <p class='ocr_par' dir='ltr' id='par_1_42' title="bbox 421 2696 2075 2778">
     <span class='ocr_line' id='line_1_42' title="bbox 421 2696 2075 2778; baseline -0.009 -16"><span class='ocrx_word' id='word_1_261' title='bbox 421 2708 732 2778; x_wconf 84' lang='lat' dir='ltr'>rigeretur.</span> <span class='ocrx_word' id='word_1_262' title='bbox 787 2704 990 2772; x_wconf 85' lang='lat' dir='ltr'>Itaque</span> <span class='ocrx_word' id='word_1_263' title='bbox 1040 2706 1099 2753; x_wconf 91' lang='lat' dir='ltr'>et</span> <span class='ocrx_word' id='word_1_264' title='bbox 1148 2697 1459 2753; x_wconf 88' lang='lat' dir='ltr'>celerrime</span> <span class='ocrx_word' id='word_1_265' title='bbox 1507 2696 1700 2768; x_wconf 90' lang='lat' dir='ltr'>periit,</span> <span class='ocrx_word' id='word_1_266' title='bbox 1735 2700 1911 2765; x_wconf 82' lang='lat' dir='ltr'>atque</span> <span class='ocrx_word' id='word_1_267' title='bbox 1938 2700 2075 2749; x_wconf 89' lang='lat' dir='ltr'>ante</span> 
     </span>
    </p>
   </div>
   <div class='ocr_carea' id='block_1_43' title="bbox 422 2782 2074 2868">
    <p class='ocr_par' dir='ltr' id='par_1_43' title="bbox 422 2782 2074 2868">
     <span class='ocr_line' id='line_1_43' title="bbox 422 2782 2074 2868; baseline -0.009 -16"><span class='ocrx_word' id='word_1_268' title='bbox 422 2798 619 2868; x_wconf 91' lang='lat' dir='ltr'>ipsum</span> <span class='ocrx_word' id='word_1_269' title='bbox 662 2792 869 2854; x_wconf 89' lang='lat' dir='ltr'>Barda,</span> <span class='ocrx_word' id='word_1_270' title='bbox 920 2792 1148 2860; x_wconf 90' lang='lat' dir='ltr'>hocque</span> <span class='ocrx_word' id='word_1_271' title='bbox 1203 2788 1366 2859; x_wconf 91' lang='lat' dir='ltr'>prior</span> <span class='ocrx_word' id='word_1_272' title='bbox 1404 2786 1775 2841; x_wconf 89' lang='lat' dir='ltr'>Theoctistus</span> <span class='ocrx_word' id='word_1_273' title='bbox 1824 2782 2074 2839; x_wconf 91' lang='lat' dir='ltr'>caniclei</span> 
     </span>
    </p>
   </div>
   <div class='ocr_carea' id='block_1_44' title="bbox 422 2874 2073 2958">
    <p class='ocr_par' dir='ltr' id='par_1_44' title="bbox 422 2874 2073 2958">
     <span class='ocr_line' id='line_1_44' title="bbox 422 2874 2073 2958; baseline -0.01 -16"><span class='ocrx_word' id='word_1_274' title='bbox 422 2887 707 2958; x_wconf 70' lang='lat' dir='ltr'>dignitate</span> <span class='ocrx_word' id='word_1_275' title='bbox 765 2886 1033 2948; x_wconf 89' lang='lat' dir='ltr'>ornatus,</span> <span class='ocrx_word' id='word_1_276' title='bbox 1066 2879 1166 2951; x_wconf 88' lang='lat' dir='ltr'>qui</span> <span class='ocrx_word' id='word_1_277' title='bbox 1223 2875 1614 2946; x_wconf 74' lang='lat' dir='ltr'>indulgebant</span> <span class='ocrx_word' id='word_1_278' title='bbox 1666 2874 1802 2946; x_wconf 91' lang='lat' dir='ltr'>ipsi,</span> <span class='ocrx_word' id='word_1_279' title='bbox 1833 2878 1889 2928; x_wconf 88' lang='lat' dir='ltr'>et</span> <span class='ocrx_word' id='word_1_280' title='bbox 1938 2890 2073 2928; x_wconf 90' lang='lat' dir='ltr'>cum</span> 
     </span>
    </p>
   </div>
   <div class='ocr_carea' id='block_1_45' title="bbox 420 2964 2072 3046">
    <p class='ocr_par' dir='ltr' id='par_1_45' title="bbox 420 2964 2072 3046">
     <span class='ocr_line' id='line_1_45' title="bbox 420 2964 2072 3046; baseline -0.01 -13"><span class='ocrx_word' id='word_1_281' title='bbox 420 2982 649 3043; x_wconf 80' lang='lat' dir='ltr'>tutores</span> <span class='ocrx_word' id='word_1_282' title='bbox 706 2975 894 3046; x_wconf 89' lang='lat' dir='ltr'>ipsius</span> <span class='ocrx_word' id='word_1_283' title='bbox 948 2974 1227 3037; x_wconf 89' lang='lat' dir='ltr'>essent,a</span> <span class='ocrx_word' id='word_1_284' title='bbox 1279 2967 1473 3039; x_wconf 88' lang='lat' dir='ltr'>pravis</span> <span class='ocrx_word' id='word_1_285' title='bbox 1532 2983 1669 3021; x_wconf 89' lang='lat' dir='ltr'>eum</span> <span class='ocrx_word' id='word_1_286' title='bbox 1728 2964 2072 3020; x_wconf 89' lang='lat' dir='ltr'>abstrahere</span> 
     </span>
    </p>
   </div>
   <div class='ocr_carea' id='block_1_46' title="bbox 424 3054 2068 3128">
    <p class='ocr_par' dir='ltr' id='par_1_46' title="bbox 424 3054 2068 3128">
     <span class='ocr_line' id='line_1_46' title="bbox 424 3054 2068 3128; baseline -0.01 -6"><span class='ocrx_word' id='word_1_287' title='bbox 424 3066 635 3123; x_wconf 89' lang='lat' dir='ltr'>studiis</span> <span class='ocrx_word' id='word_1_288' title='bbox 686 3063 992 3119; x_wconf 87' lang='lat' dir='ltr'>nolebant.</span> <span class='ocrx_word' id='word_1_289' title='bbox 1025 3056 1330 3124; x_wconf 91' lang='lat' dir='ltr'>Quomodo</span> <span class='ocrx_word' id='word_1_290' title='bbox 1379 3055 1624 3128; x_wconf 88' lang='lat' dir='ltr'>perierit</span> <span class='ocrx_word' id='word_1_291' title='bbox 1675 3054 2068 3119; x_wconf 89' lang='lat' dir='ltr'>Theoctistus,</span> 
     </span>
    </p>
   </div>
   <div class='ocr_carea' id='block_1_47' title="bbox 418 3145 2072 3229">
    <p class='ocr_par' dir='ltr' id='par_1_47' title="bbox 418 3145 2072 3229">
     <span class='ocr_line' id='line_1_47' title="bbox 418 3145 2072 3229; baseline -0.01 -17"><span class='ocrx_word' id='word_1_292' title='bbox 418 3171 598 3229; x_wconf 88' lang='lat' dir='ltr'>supra</span> <span class='ocrx_word' id='word_1_293' title='bbox 610 3160 699 3210; x_wconf 90' lang='lat' dir='ltr'>est</span> <span class='ocrx_word' id='word_1_294' title='bbox 710 3147 1387 3224; x_wconf 87' lang='lat' dir='ltr'>expositum.1nteritum</span> <span class='ocrx_word' id='word_1_295' title='bbox 1400 3145 1603 3201; x_wconf 65' lang='lat' dir='ltr'>Bardaa</span> <span class='ocrx_word' id='word_1_296' title='bbox 1618 3147 2072 3199; x_wconf 88' lang='lat' dir='ltr'>antecesserunt</span> 
     </span>
    </p>
   </div>
   <div class='ocr_carea' id='block_1_48' title="bbox 2194 1980 3849 2059">
    <p class='ocr_par' dir='ltr' id='par_1_48' title="bbox 2194 1980 3849 2059">
     <span class='ocr_line' id='line_1_48' title="bbox 2194 1980 3849 2059; baseline 0.005 -25"><span class='ocrx_word' id='word_1_297' title='bbox 2194 1981 2474 2055; x_wconf 84' lang='grc' dir='ltr'>Ἰγνάτιον.</span> <span class='ocrx_word' id='word_1_298' title='bbox 2502 1982 2593 2042; x_wconf 82' lang='grc' dir='ltr'>Ὦς</span> <span class='ocrx_word' id='word_1_299' title='bbox 2625 1983 2716 2036; x_wconf 77' lang='grc' dir='ltr'>οὗν</span> <span class='ocrx_word' id='word_1_300' title='bbox 2775 1981 2918 2057; x_wconf 71' lang='grc' dir='ltr'>ἐξῄει</span> <span class='ocrx_word' id='word_1_301' title='bbox 2982 1986 3096 2057; x_wconf 87' lang='grc' dir='ltr'>μετ’</span> <span class='ocrx_word' id='word_1_302' title='bbox 3155 1980 3442 2048; x_wconf 80' lang='grc' dir='ltr'>εὐλαϐείας</span> <span class='ocrx_word' id='word_1_303' title='bbox 3474 1989 3507 2052; x_wconf 76' lang='grc' dir='ltr'><strong>ἡ</strong></span> <span class='ocrx_word' id='word_1_304' title='bbox 3541 1989 3849 2059; x_wconf 82' lang='grc' dir='ltr'>σεμνοτάτη</span> 
     </span>
    </p>
   </div>
   <div class='ocr_carea' id='block_1_49' title="bbox 2188 2068 3849 2150">
    <p class='ocr_par' dir='ltr' id='par_1_49' title="bbox 2188 2068 3849 2150">
     <span class='ocr_line' id='line_1_49' title="bbox 2188 2068 3849 2150; baseline 0.005 -27"><span class='ocrx_word' id='word_1_305' title='bbox 2188 2072 2319 2145; x_wconf 86' lang='grc' dir='ltr'>γυνή</span> <span class='ocrx_word' id='word_1_306' title='bbox 2353 2070 2442 2124; x_wconf 78' lang='grc' dir='ltr'>καὶ</span> <span class='ocrx_word' id='word_1_307' title='bbox 2474 2068 2689 2145; x_wconf 70' lang='grc' dir='ltr'>ἕρῥιψεν</span> <span class='ocrx_word' id='word_1_308' title='bbox 2734 2073 2930 2140; x_wconf 71' lang='grc' dir='ltr'>ἑαυτὴν</span> <span class='ocrx_word' id='word_1_309' title='bbox 2992 2073 3068 2134; x_wconf 82' lang='grc' dir='ltr'>εἰς</span> <span class='ocrx_word' id='word_1_310' title='bbox 3129 2075 3189 2129; x_wconf 88' lang='grc' dir='ltr'>τὸ</span> <span class='ocrx_word' id='word_1_311' title='bbox 3242 2071 3441 2148; x_wconf 78' lang='grc' dir='ltr'>ἔδαφος</span> <span class='ocrx_word' id='word_1_312' title='bbox 3494 2074 3849 2150; x_wconf 74' lang='grc' dir='ltr'>ἐξαιτουμένη</span> 
     </span>
    </p>
   </div>
   <div class='ocr_carea' id='block_1_50' title="bbox 2190 2156 3849 2241">
    <p class='ocr_par' dir='ltr' id='par_1_50' title="bbox 2190 2156 3849 2241">
     <span class='ocr_line' id='line_1_50' title="bbox 2190 2156 3849 2241; baseline -0.005 -22"><span class='ocrx_word' id='word_1_313' title='bbox 2190 2158 2363 2234; x_wconf 74' lang='grc' dir='ltr'>εὐχὴν</span> <span class='ocrx_word' id='word_1_314' title='bbox 2398 2156 2566 2233; x_wconf 77' lang='grc' dir='ltr'>μηδὲν</span> <span class='ocrx_word' id='word_1_315' title='bbox 2622 2160 2769 2224; x_wconf 77' lang='grc' dir='ltr'>ὅλως</span> <span class='ocrx_word' id='word_1_316' title='bbox 2833 2162 3248 2232; x_wconf 77' lang='grc' dir='ltr'>ὑποτοπήσασα,</span> <span class='ocrx_word' id='word_1_317' title='bbox 3279 2169 3376 2218; x_wconf 74' lang='grc' dir='ltr'>τοῦ</span> <span class='ocrx_word' id='word_1_318' title='bbox 3439 2170 3640 2240; x_wconf 77' lang='grc' dir='ltr'>μιαροῦ</span> <span class='ocrx_word' id='word_1_319' title='bbox 3670 2166 3849 2241; x_wconf 72' lang='grc' dir='ltr'>Γρύλ-</span> 
     </span>
    </p>
   </div>
   <div class='ocr_carea' id='block_1_51' title="bbox 2190 2251 3844 2334">
    <p class='ocr_par' dir='ltr' id='par_1_51' title="bbox 2190 2251 3844 2334">
     <span class='ocr_line' id='line_1_51' title="bbox 2190 2251 3844 2334; baseline 0.005 -30"><span class='ocrx_word' id='word_1_320' title='bbox 2190 2264 2291 2305; x_wconf 86' lang='grc' dir='ltr'>Λου</span> <span class='ocrx_word' id='word_1_321' title='bbox 2320 2253 2419 2320; x_wconf 80' lang='grc' dir='ltr'>τὴν</span> <span class='ocrx_word' id='word_1_322' title='bbox 2448 2251 2696 2326; x_wconf 79' lang='grc' dir='ltr'>γενειάδα</span> <span class='ocrx_word' id='word_1_323' title='bbox 2734 2254 2870 2317; x_wconf 86' lang='grc' dir='ltr'>τέως</span> <span class='ocrx_word' id='word_1_324' title='bbox 2925 2255 3285 2330; x_wconf 73' lang='grc' dir='ltr'>κρύπτοντος,</span> <span class='ocrx_word' id='word_1_325' title='bbox 3344 2257 3573 2319; x_wconf 84' lang='grc' dir='ltr'>ἀναστὰς</span> <span class='ocrx_word' id='word_1_326' title='bbox 3603 2259 3632 2312; x_wconf 92' lang='lat'>6</span> <span class='ocrx_word' id='word_1_327' title='bbox 3669 2257 3844 2334; x_wconf 86' lang='grc' dir='ltr'>Γρύλ-</span> 
     </span>
    </p>
   </div>
   <div class='ocr_carea' id='block_1_52' title="bbox 2189 2340 3844 2418">
    <p class='ocr_par' dir='ltr' id='par_1_52' title="bbox 2189 2340 3844 2418">
     <span class='ocr_line' id='line_1_52' title="bbox 2189 2340 3844 2418; baseline 0.005 -23"><span class='ocrx_word' id='word_1_328' title='bbox 2189 2340 2286 2402; x_wconf 92' lang='grc' dir='ltr'>λος</span> <span class='ocrx_word' id='word_1_329' title='bbox 2345 2340 2612 2414; x_wconf 84' lang='grc' dir='ltr'>ἀπέπερδε</span> <span class='ocrx_word' id='word_1_330' title='bbox 2666 2344 2756 2397; x_wconf 84' lang='grc' dir='ltr'>καὶ</span> <span class='ocrx_word' id='word_1_331' title='bbox 2814 2343 3034 2418; x_wconf 72' lang='grc' dir='ltr'>ῥήματά</span> <span class='ocrx_word' id='word_1_332' title='bbox 3088 2365 3208 2399; x_wconf 90' lang='grc' dir='ltr'>τινα</span> <span class='ocrx_word' id='word_1_333' title='bbox 3264 2347 3464 2401; x_wconf 85' lang='grc' dir='ltr'>ἀπεῖπε</span> <span class='ocrx_word' id='word_1_334' title='bbox 3504 2351 3604 2401; x_wconf 80' lang='grc' dir='ltr'>τοῦ</span> <span class='ocrx_word' id='word_1_335' title='bbox 3636 2347 3844 2403; x_wconf 78' lang='grc' dir='ltr'>οἰκείου</span> 
     </span>
    </p>
   </div>
   <div class='ocr_carea' id='block_1_53' title="bbox 2187 2430 3845 2511">
    <p class='ocr_par' dir='ltr' id='par_1_53' title="bbox 2187 2430 3845 2511">
     <span class='ocr_line' id='line_1_53' title="bbox 2187 2430 3845 2511; baseline 0.004 -26"><span class='ocrx_word' id='word_1_336' title='bbox 2187 2432 2461 2504; x_wconf 88' lang='grc' dir='ltr'>στόματος</span> <span class='ocrx_word' id='word_1_337' title='bbox 2489 2431 2629 2504; x_wconf 74' lang='grc' dir='ltr'>ἄξια.</span> <span class='ocrx_word' id='word_1_338' title='bbox 2663 2434 2724 2489; x_wconf 87' lang='grc' dir='ltr'>ἹΙ</span> <span class='ocrx_word' id='word_1_339' title='bbox 2775 2430 2832 2488; x_wconf 78' lang='grc' dir='ltr'>δὲ</span> <span class='ocrx_word' id='word_1_340' title='bbox 2879 2433 2968 2489; x_wconf 83' lang='grc' dir='ltr'>ἐπὶ</span> <span class='ocrx_word' id='word_1_341' title='bbox 2999 2439 3078 2506; x_wconf 79' lang='grc' dir='ltr'>τῷ</span> <span class='ocrx_word' id='word_1_342' title='bbox 3108 2435 3356 2511; x_wconf 83' lang='grc' dir='ltr'>γεγονότι</span> <span class='ocrx_word' id='word_1_343' title='bbox 3413 2433 3845 2508; x_wconf 78' lang='grc' dir='ltr'>δεινοπαθήσασα</span> 
     </span>
    </p>
   </div>
   <div class='ocr_carea' id='block_1_54' title="bbox 2185 2516 3841 2601">
    <p class='ocr_par' dir='ltr' id='par_1_54' title="bbox 2185 2516 3841 2601">
     <span class='ocr_line' id='line_1_54' title="bbox 2185 2516 3841 2601; baseline 0.005 -27"><span class='ocrx_word' id='word_1_344' title='bbox 2185 2520 2340 2594; x_wconf 84' lang='grc' dir='ltr'>ἀραῖς</span> <span class='ocrx_word' id='word_1_345' title='bbox 2363 2516 2565 2576; x_wconf 81' lang='grc' dir='ltr'>ἔϐαλλε</span> <span class='ocrx_word' id='word_1_346' title='bbox 2619 2522 2712 2576; x_wconf 89' lang='grc' dir='ltr'>τὸν</span> <span class='ocrx_word' id='word_1_347' title='bbox 2769 2522 2910 2592; x_wconf 70' lang='grc' dir='ltr'>υἱὸν,</span> <span class='ocrx_word' id='word_1_348' title='bbox 2968 2522 3190 2593; x_wconf 77' lang='grc' dir='ltr'>καὶτῆς</span> <span class='ocrx_word' id='word_1_349' title='bbox 3236 2528 3333 2579; x_wconf 77' lang='grc' dir='ltr'>τοῦ</span> <span class='ocrx_word' id='word_1_350' title='bbox 3392 2529 3524 2579; x_wconf 81' lang='grc' dir='ltr'>Θεοῦ</span> <span class='ocrx_word' id='word_1_351' title='bbox 3582 2528 3841 2601; x_wconf 83' lang='grc' dir='ltr'>προνοίας</span> 
     </span>
    </p>
   </div>
   <div class='ocr_carea' id='block_1_55' title="bbox 2185 2606 3846 2689">
    <p class='ocr_par' dir='ltr' id='par_1_55' title="bbox 2185 2606 3846 2689">
     <span class='ocr_line' id='line_1_55' title="bbox 2185 2606 3846 2689; baseline 0.005 -26"><span class='ocrx_word' id='word_1_352' title='bbox 2185 2610 2427 2665; x_wconf 79' lang='grc' dir='ltr'>έκπεσείν</span> <span class='ocrx_word' id='word_1_353' title='bbox 2513 2606 2845 2689; x_wconf 83' lang='grc' dir='ltr'>άπεφοίϐασε</span> <span class='ocrx_word' id='word_1_354' title='bbox 2922 2616 3279 2689; x_wconf 78' lang='grc' dir='ltr'>προφητικῶς</span> <span class='ocrx_word' id='word_1_355' title='bbox 3350 2617 3558 2684; x_wconf 17' lang='grc' dir='ltr'>,τοῦτον</span> <span class='ocrx_word' id='word_1_356' title='bbox 3614 2614 3712 2670; x_wconf 80' lang='grc' dir='ltr'>οὐκ</span> <span class='ocrx_word' id='word_1_357' title='bbox 3767 2616 3846 2679; x_wconf 70' lang='grc' dir='ltr'>εἰς</span> 
     </span>
    </p>
   </div>
   <div class='ocr_carea' id='block_1_56' title="bbox 2188 2697 3845 2777">
    <p class='ocr_par' dir='ltr' id='par_1_56' title="bbox 2188 2697 3845 2777">
     <span class='ocr_line' id='line_1_56' title="bbox 2188 2697 3845 2777; baseline 0.005 -25"><span class='ocrx_word' id='word_1_358' title='bbox 2188 2698 2417 2773; x_wconf 90' lang='grc' dir='ltr'>μακράν.</span> <span class='ocrx_word' id='word_1_359' title='bbox 2463 2697 2619 2755; x_wconf 79' lang='grc' dir='ltr'>Ἀλλ’</span> <span class='ocrx_word' id='word_1_360' title='bbox 2684 2699 2784 2755; x_wconf 87' lang='grc' dir='ltr'>οὐκ</span> <span class='ocrx_word' id='word_1_361' title='bbox 2834 2700 2901 2769; x_wconf 75' lang='grc' dir='ltr'>ἦν</span> <span class='ocrx_word' id='word_1_362' title='bbox 2958 2701 3050 2755; x_wconf 89' lang='grc' dir='ltr'>τὸν</span> <span class='ocrx_word' id='word_1_363' title='bbox 3107 2701 3243 2772; x_wconf 79' lang='grc' dir='ltr'>ἅπαξ</span> <span class='ocrx_word' id='word_1_364' title='bbox 3300 2704 3715 2777; x_wconf 83' lang='grc' dir='ltr'>παρατραπέντα</span> <span class='ocrx_word' id='word_1_365' title='bbox 3743 2708 3845 2771; x_wconf 80' lang='grc' dir='ltr'>τῆς</span> 
     </span>
    </p>
   </div>
   <div class='ocr_carea' id='block_1_57' title="bbox 2183 2785 3834 2867">
    <p class='ocr_par' dir='ltr' id='par_1_57' title="bbox 2183 2785 3834 2867">
     <span class='ocr_line' id='line_1_57' title="bbox 2183 2785 3834 2867; baseline 0.005 -27"><span class='ocrx_word' id='word_1_366' title='bbox 2183 2786 2391 2850; x_wconf 80' lang='grc' dir='ltr'>εὐθείας</span> <span class='ocrx_word' id='word_1_367' title='bbox 2451 2785 2581 2843; x_wconf 79' lang='grc' dir='ltr'>ὀδοῦ</span> <span class='ocrx_word' id='word_1_368' title='bbox 2670 2789 3007 2861; x_wconf 85' lang='grc' dir='ltr'>βελτωθῆναι</span> <span class='ocrx_word' id='word_1_369' title='bbox 3044 2833 3057 2846; x_wconf 92' lang='grc'><strong><em>.</em></strong></span> <span class='ocrx_word' id='word_1_370' title='bbox 3137 2791 3296 2845; x_wconf 83' lang='grc' dir='ltr'>Ὅθεν</span> <span class='ocrx_word' id='word_1_371' title='bbox 3382 2791 3473 2845; x_wconf 74' lang='grc' dir='ltr'>καὶ</span> <span class='ocrx_word' id='word_1_372' title='bbox 3556 2794 3834 2867; x_wconf 84' lang='grc' dir='ltr'>ταχυτάτη</span> 
     </span>
    </p>
   </div>
   <div class='ocr_carea' id='block_1_58' title="bbox 2180 2878 3838 2956">
    <p class='ocr_par' dir='ltr' id='par_1_58' title="bbox 2180 2878 3838 2956">
     <span class='ocr_line' id='line_1_58' title="bbox 2180 2878 3838 2956; baseline 0.004 -26"><span class='ocrx_word' id='word_1_373' title='bbox 2180 2878 2499 2954; x_wconf 71' lang='grc' dir='ltr'>κατειλήφει</span> <span class='ocrx_word' id='word_1_374' title='bbox 2558 2882 2752 2933; x_wconf 62' lang='grc' dir='ltr'>τοῦτόν</span> <span class='ocrx_word' id='word_1_375' title='bbox 2811 2879 3184 2956; x_wconf 74' lang='grc' dir='ltr'>καταστροφὴ,</span> <span class='ocrx_word' id='word_1_376' title='bbox 3242 2880 3329 2933; x_wconf 83' lang='grc' dir='ltr'>καὶ</span> <span class='ocrx_word' id='word_1_377' title='bbox 3383 2880 3492 2953; x_wconf 89' lang='grc' dir='ltr'>πρὸ</span> <span class='ocrx_word' id='word_1_378' title='bbox 3550 2880 3710 2936; x_wconf 81' lang='grc' dir='ltr'>αὐτοῦ</span> <span class='ocrx_word' id='word_1_379' title='bbox 3745 2883 3838 2956; x_wconf 77' lang='grc' dir='ltr'>μὲν</span> 
     </span>
    </p>
   </div>
   <div class='ocr_carea' id='block_1_59' title="bbox 2180 2964 3835 3039">
    <p class='ocr_par' dir='ltr' id='par_1_59' title="bbox 2180 2964 3835 3039">
     <span class='ocr_line' id='line_1_59' title="bbox 2180 2964 3835 3039; baseline 0.003 -19"><span class='ocrx_word' id='word_1_380' title='bbox 2180 2967 2271 3021; x_wconf 87' lang='grc' dir='ltr'>τὸν</span> <span class='ocrx_word' id='word_1_381' title='bbox 2328 2964 2557 3039; x_wconf 78' lang='grc' dir='ltr'>Βάρδαν,</span> <span class='ocrx_word' id='word_1_382' title='bbox 2590 2967 2681 3021; x_wconf 85' lang='grc' dir='ltr'>καὶ</span> <span class='ocrx_word' id='word_1_383' title='bbox 2741 2968 2849 3033; x_wconf 83' lang='grc' dir='ltr'>πρὸ</span> <span class='ocrx_word' id='word_1_384' title='bbox 2894 2966 3103 3022; x_wconf 75' lang='grc' dir='ltr'>ἐκείνου</span> <span class='ocrx_word' id='word_1_385' title='bbox 3134 2969 3227 3022; x_wconf 90' lang='grc' dir='ltr'>τὸν</span> <span class='ocrx_word' id='word_1_386' title='bbox 3255 2968 3566 3024; x_wconf 88' lang='grc' dir='ltr'>κανικλείου</span> <span class='ocrx_word' id='word_1_387' title='bbox 3616 2971 3835 3025; x_wconf 87' lang='grc' dir='ltr'>Θεόκτι-</span> 
     </span>
    </p>
   </div>
   <div class='ocr_carea' id='block_1_60' title="bbox 2180 3041 3832 3130">
    <p class='ocr_par' dir='ltr' id='par_1_60' title="bbox 2180 3053 3832 3130">
     <span class='ocr_line' id='line_1_60' title="bbox 2180 3053 3832 3130; baseline 0.002 -19"><span class='ocrx_word' id='word_1_388' title='bbox 2180 3076 2322 3124; x_wconf 91' lang='grc' dir='ltr'>στον,</span> <span class='ocrx_word' id='word_1_389' title='bbox 2353 3056 2484 3117; x_wconf 83' lang='grc' dir='ltr'>τοὺς</span> <span class='ocrx_word' id='word_1_390' title='bbox 2540 3053 2940 3130; x_wconf 80' lang='grc' dir='ltr'>χαριζομένους</span> <span class='ocrx_word' id='word_1_391' title='bbox 2987 3055 3133 3128; x_wconf 82' lang='grc' dir='ltr'>αὐτῷ</span> <span class='ocrx_word' id='word_1_392' title='bbox 3189 3057 3278 3112; x_wconf 85' lang='grc' dir='ltr'>καὶ</span> <span class='ocrx_word' id='word_1_393' title='bbox 3333 3059 3408 3130; x_wconf 80' lang='grc' dir='ltr'>μή</span> <span class='ocrx_word' id='word_1_394' title='bbox 3440 3063 3546 3112; x_wconf 87' lang='grc' dir='ltr'>τῶν</span> <span class='ocrx_word' id='word_1_395' title='bbox 3576 3064 3832 3130; x_wconf 75' lang='grc' dir='ltr'>πονηρῶν</span> 
     </span>
    </p>
   </div>
   <div class='ocr_carea' id='block_1_61' title="bbox 2178 3143 3829 3223">
    <p class='ocr_par' dir='ltr' id='par_1_61' title="bbox 2178 3143 3829 3223">
     <span class='ocr_line' id='line_1_61' title="bbox 2178 3143 3829 3223; baseline 0.001 -22"><span class='ocrx_word' id='word_1_396' title='bbox 2178 3145 2497 3203; x_wconf 83' lang='grc' dir='ltr'>ἀνακόπτειν</span> <span class='ocrx_word' id='word_1_397' title='bbox 2540 3143 2898 3217; x_wconf 73' lang='grc' dir='ltr'>ἐθελήσαντας</span> <span class='ocrx_word' id='word_1_398' title='bbox 2958 3143 3306 3222; x_wconf 88' lang='grc' dir='ltr'>διδαγμάτων</span> <span class='ocrx_word' id='word_1_399' title='bbox 3355 3147 3427 3209; x_wconf 86' lang='grc' dir='ltr'>ὡς</span> <span class='ocrx_word' id='word_1_400' title='bbox 3479 3146 3829 3223; x_wconf 82' lang='grc' dir='ltr'>ἐπιτρόπους.</span> 
     </span>
    </p>
   </div>
   <div class='ocr_carea' id='block_1_62' title="bbox 417 3229 2071 3319">
    <p class='ocr_par' dir='ltr' id='par_1_62' title="bbox 417 3233 2063 3319">
     <span class='ocr_line' id='line_1_62' title="bbox 417 3233 2063 3319; baseline -0.011 -16"><span class='ocrx_word' id='word_1_401' title='bbox 417 3247 605 3319; x_wconf 88' lang='lat' dir='ltr'>signa,</span> <span class='ocrx_word' id='word_1_402' title='bbox 652 3246 1018 3300; x_wconf 87' lang='lat' dir='ltr'>cometarum</span> <span class='ocrx_word' id='word_1_403' title='bbox 1048 3252 1265 3308; x_wconf 89' lang='lat' dir='ltr'>nempe</span> <span class='ocrx_word' id='word_1_404' title='bbox 1310 3241 1547 3290; x_wconf 81' lang='lat' dir='ltr'>exortus</span> <span class='ocrx_word' id='word_1_405' title='bbox 1579 3240 1637 3289; x_wconf 90' lang='lat' dir='ltr'>et</span> <span class='ocrx_word' id='word_1_406' title='bbox 1689 3233 1945 3288; x_wconf 83' lang='lat' dir='ltr'>absurda</span> <span class='ocrx_word' id='word_1_407' title='bbox 1975 3233 2063 3286; x_wconf 90' lang='lat' dir='ltr'>in-</span> 
     </span>
    </p>
   </div>
   <div class='ocr_carea' id='block_1_63' title="bbox 2182 3229 3831 3319">
    <p class='ocr_par' dir='ltr' id='par_1_63' title="bbox 2183 3229 3831 3310">
     <span class='ocr_line' id='line_1_63' title="bbox 2183 3229 3831 3310; baseline 0.002 -21"><span class='ocrx_word' id='word_1_408' title='bbox 2183 3235 2287 3289; x_wconf 85' lang='grc' dir='ltr'>Καὶ</span> <span class='ocrx_word' id='word_1_409' title='bbox 2344 3235 2492 3297; x_wconf 83' lang='grc' dir='ltr'>ὅπως</span> <span class='ocrx_word' id='word_1_410' title='bbox 2534 3236 2649 3308; x_wconf 80' lang='grc' dir='ltr'>⁴μὲν</span> <span class='ocrx_word' id='word_1_411' title='bbox 2706 3236 2733 3289; x_wconf 91' lang='grc' dir='ltr'>ὁ</span> <span class='ocrx_word' id='word_1_412' title='bbox 2791 3236 3110 3296; x_wconf 88' lang='grc' dir='ltr'>Θεόκτιστος</span> <span class='ocrx_word' id='word_1_413' title='bbox 3169 3229 3344 3290; x_wconf 81' lang='grc' dir='ltr'>ὤλετο</span> <span class='ocrx_word' id='word_1_414' title='bbox 3379 3279 3394 3305; x_wconf 91' lang='grc'>,</span> <span class='ocrx_word' id='word_1_415' title='bbox 3451 3231 3745 3310; x_wconf 75' lang='grc' dir='ltr'>προλαϐὼν</span> <span class='ocrx_word' id='word_1_416' title='bbox 3800 3238 3831 3292; x_wconf 85' lang='lat'>6</span> 
     </span>
    </p>
   </div>
   <div class='ocr_carea' id='block_1_64' title="bbox 413 3321 2069 3401">
    <p class='ocr_par' dir='ltr' id='par_1_64' title="bbox 413 3321 2069 3401">
     <span class='ocr_line' id='line_1_64' title="bbox 413 3321 2069 3401; baseline -0.01 -11"><span class='ocrx_word' id='word_1_417' title='bbox 413 3334 664 3390; x_wconf 92' lang='lat' dir='ltr'>somnia.</span> <span class='ocrx_word' id='word_1_418' title='bbox 698 3334 962 3401; x_wconf 89' lang='lat' dir='ltr'>Namque</span> <span class='ocrx_word' id='word_1_419' title='bbox 993 3328 1043 3382; x_wconf 90' lang='lat' dir='ltr'>is</span> <span class='ocrx_word' id='word_1_420' title='bbox 1085 3342 1194 3397; x_wconf 91' lang='lat' dir='ltr'>per</span> <span class='ocrx_word' id='word_1_421' title='bbox 1235 3324 1497 3394; x_wconf 87' lang='lat' dir='ltr'>quietem</span> <span class='ocrx_word' id='word_1_422' title='bbox 1546 3322 1658 3377; x_wconf 90' lang='lat' dir='ltr'>sibi</span> <span class='ocrx_word' id='word_1_423' title='bbox 1715 3321 2069 3393; x_wconf 80' lang='lat' dir='ltr'>imaginatus</span> 
     </span>
    </p>
   </div>
   <div class='ocr_carea' id='block_1_65' title="bbox 402 3409 2071 3482">
    <p class='ocr_par' dir='ltr' id='par_1_65' title="bbox 402 3409 2071 3482">
     <span class='ocr_line' id='line_1_65' title="bbox 402 3409 2071 3482; baseline -0.01 -2"><span class='ocrx_word' id='word_1_424' title='bbox 402 3424 520 3479; x_wconf 89' lang='lat' dir='ltr'>fuit</span> <span class='ocrx_word' id='word_1_425' title='bbox 542 3439 604 3478; x_wconf 92' lang='lat' dir='ltr'>se</span> <span class='ocrx_word' id='word_1_426' title='bbox 627 3437 762 3477; x_wconf 89' lang='lat' dir='ltr'>cum</span> <span class='ocrx_word' id='word_1_427' title='bbox 794 3416 1080 3474; x_wconf 83' lang='lat' dir='ltr'>Michaelo</span> <span class='ocrx_word' id='word_1_428' title='bbox 1111 3414 1186 3469; x_wconf 92' lang='lat' dir='ltr'>ad</span> <span class='ocrx_word' id='word_1_429' title='bbox 1217 3412 1545 3468; x_wconf 89' lang='lat' dir='ltr'>solemnem</span> <span class='ocrx_word' id='word_1_430' title='bbox 1569 3411 1888 3482; x_wconf 89' lang='lat' dir='ltr'>quamdam</span> <span class='ocrx_word' id='word_1_431' title='bbox 1903 3409 2071 3465; x_wconf 86' lang='lat' dir='ltr'>festi-</span> 
     </span>
    </p>
   </div>
   <div class='ocr_carea' id='block_1_66' title="bbox 402 3499 2069 3580">
    <p class='ocr_par' dir='ltr' id='par_1_66' title="bbox 402 3499 2069 3580">
     <span class='ocr_line' id='line_1_66' title="bbox 402 3499 2069 3580; baseline -0.01 -9"><span class='ocrx_word' id='word_1_432' title='bbox 402 3516 647 3570; x_wconf 87' lang='lat' dir='ltr'>vitatem</span> <span class='ocrx_word' id='word_1_433' title='bbox 694 3514 754 3566; x_wconf 92' lang='lat' dir='ltr'>in</span> <span class='ocrx_word' id='word_1_434' title='bbox 804 3511 1078 3580; x_wconf 86' lang='lat' dir='ltr'>Magnum</span> <span class='ocrx_word' id='word_1_435' title='bbox 1117 3503 1429 3575; x_wconf 89' lang='lat' dir='ltr'>Templum</span> <span class='ocrx_word' id='word_1_436' title='bbox 1478 3505 1604 3567; x_wconf 90' lang='lat' dir='ltr'>ire;</span> <span class='ocrx_word' id='word_1_437' title='bbox 1633 3518 1750 3572; x_wconf 90' lang='lat' dir='ltr'>quo</span> <span class='ocrx_word' id='word_1_438' title='bbox 1783 3517 1918 3556; x_wconf 89' lang='lat' dir='ltr'>cum</span> <span class='ocrx_word' id='word_1_439' title='bbox 1943 3499 2069 3570; x_wconf 91' lang='lat' dir='ltr'>jam</span> 
     </span>
    </p>
   </div>
   <div class='ocr_carea' id='block_1_67' title="bbox 405 3590 2069 3675">
    <p class='ocr_par' dir='ltr' id='par_1_67' title="bbox 405 3590 2069 3675">
     <span class='ocr_line' id='line_1_67' title="bbox 405 3590 2069 3675; baseline -0.009 -16"><span class='ocrx_word' id='word_1_440' title='bbox 405 3601 1011 3675; x_wconf 89' lang='lat' dir='ltr'>appropinquassent,</span> <span class='ocrx_word' id='word_1_441' title='bbox 1046 3591 1338 3664; x_wconf 89' lang='lat' dir='ltr'>quosdam</span> <span class='ocrx_word' id='word_1_442' title='bbox 1368 3591 1579 3662; x_wconf 65' lang='lat' dir='ltr'>praeire</span> <span class='ocrx_word' id='word_1_443' title='bbox 1630 3590 1781 3645; x_wconf 88' lang='lat' dir='ltr'>albis</span> <span class='ocrx_word' id='word_1_444' title='bbox 1821 3590 2069 3645; x_wconf 90' lang='lat' dir='ltr'>amictos</span> 
     </span>
    </p>
   </div>
   <div class='ocr_carea' id='block_1_68' title="bbox 400 3676 2067 3752">
    <p class='ocr_par' dir='ltr' id='par_1_68' title="bbox 400 3676 2067 3752">
     <span class='ocr_line' id='line_1_68' title="bbox 400 3676 2067 3752; baseline -0.009 -7"><span class='ocrx_word' id='word_1_445' title='bbox 400 3690 692 3752; x_wconf 85' lang='lat' dir='ltr'>vestibus,</span> <span class='ocrx_word' id='word_1_446' title='bbox 724 3691 784 3741; x_wconf 87' lang='lat' dir='ltr'>et</span> <span class='ocrx_word' id='word_1_447' title='bbox 816 3700 877 3740; x_wconf 88' lang='lat' dir='ltr'>se</span> <span class='ocrx_word' id='word_1_448' title='bbox 909 3683 985 3738; x_wconf 90' lang='lat' dir='ltr'>ab</span> <span class='ocrx_word' id='word_1_449' title='bbox 1026 3682 1100 3735; x_wconf 90' lang='lat' dir='ltr'>iis</span> <span class='ocrx_word' id='word_1_450' title='bbox 1146 3678 1361 3734; x_wconf 90' lang='lat' dir='ltr'>deduci</span> <span class='ocrx_word' id='word_1_451' title='bbox 1415 3678 1489 3732; x_wconf 90' lang='lat' dir='ltr'>ad</span> <span class='ocrx_word' id='word_1_452' title='bbox 1531 3677 1835 3733; x_wconf 88' lang='lat' dir='ltr'>cancellos</span> <span class='ocrx_word' id='word_1_453' title='bbox 1878 3676 2067 3731; x_wconf 90' lang='lat' dir='ltr'>tribu-</span> 
     </span>
    </p>
   </div>
   <div class='ocr_carea' id='block_1_69' title="bbox 406 3766 2070 3845">
    <p class='ocr_par' dir='ltr' id='par_1_69' title="bbox 406 3766 2070 3845">
     <span class='ocr_line' id='line_1_69' title="bbox 406 3766 2070 3845; baseline -0.008 -11"><span class='ocrx_word' id='word_1_454' title='bbox 406 3779 583 3842; x_wconf 91' lang='lat' dir='ltr'>nalis,</span> <span class='ocrx_word' id='word_1_455' title='bbox 617 3775 819 3845; x_wconf 90' lang='lat' dir='ltr'>ibique</span> <span class='ocrx_word' id='word_1_456' title='bbox 851 3789 912 3828; x_wconf 90' lang='lat' dir='ltr'>se</span> <span class='ocrx_word' id='word_1_457' title='bbox 962 3769 1117 3825; x_wconf 93' lang='lat' dir='ltr'>nihil</span> <span class='ocrx_word' id='word_1_458' title='bbox 1147 3767 1349 3823; x_wconf 89' lang='lat' dir='ltr'>videre</span> <span class='ocrx_word' id='word_1_459' title='bbox 1381 3766 1543 3822; x_wconf 87' lang='lat' dir='ltr'>aliud</span> <span class='ocrx_word' id='word_1_460' title='bbox 1575 3782 1757 3837; x_wconf 88' lang='lat' dir='ltr'>quam</span> <span class='ocrx_word' id='word_1_461' title='bbox 1790 3766 1939 3821; x_wconf 88' lang='lat' dir='ltr'>solio</span> <span class='ocrx_word' id='word_1_462' title='bbox 1970 3783 2070 3837; x_wconf 84' lang='lat' dir='ltr'>pa-</span> 
     </span>
    </p>
   </div>
   <div class='ocr_carea' id='block_1_70' title="bbox 399 3855 2065 3928">
    <p class='ocr_par' dir='ltr' id='par_1_70' title="bbox 399 3855 2065 3928">
     <span class='ocr_line' id='line_1_70' title="bbox 399 3855 2065 3928; baseline -0.007 -5"><span class='ocrx_word' id='word_1_463' title='bbox 399 3866 675 3923; x_wconf 79' lang='lat' dir='ltr'>triarchae</span> <span class='ocrx_word' id='word_1_464' title='bbox 706 3863 1074 3919; x_wconf 87' lang='lat' dir='ltr'>residentem</span> <span class='ocrx_word' id='word_1_465' title='bbox 1108 3873 1312 3913; x_wconf 89' lang='lat' dir='ltr'>senem</span> <span class='ocrx_word' id='word_1_466' title='bbox 1350 3856 1692 3927; x_wconf 90' lang='lat' dir='ltr'>quemdam,</span> <span class='ocrx_word' id='word_1_467' title='bbox 1726 3872 1905 3927; x_wconf 90' lang='lat' dir='ltr'>quem</span> <span class='ocrx_word' id='word_1_468' title='bbox 1938 3855 2065 3928; x_wconf 91' lang='lat' dir='ltr'>ipse</span> 
     </span>
    </p>
   </div>
   <div class='ocr_carea' id='block_1_71' title="bbox 396 3947 2063 4030">
    <p class='ocr_par' dir='ltr' id='par_1_71' title="bbox 396 3947 2063 4030">
     <span class='ocr_line' id='line_1_71' title="bbox 396 3947 2063 4030; baseline -0.008 -16"><span class='ocrx_word' id='word_1_469' title='bbox 396 3962 635 4030; x_wconf 91' lang='lat' dir='ltr'>putaret</span> <span class='ocrx_word' id='word_1_470' title='bbox 666 3958 907 4011; x_wconf 89' lang='lat' dir='ltr'>Petrum</span> <span class='ocrx_word' id='word_1_471' title='bbox 939 3967 1069 4007; x_wconf 88' lang='lat' dir='ltr'>esse</span> <span class='ocrx_word' id='word_1_472' title='bbox 1101 3948 1510 4021; x_wconf 88' lang='lat' dir='ltr'>apostolorum</span> <span class='ocrx_word' id='word_1_473' title='bbox 1534 3948 1917 4019; x_wconf 74' lang='lat' dir='ltr'>coryphaeum</span> <span class='ocrx_word' id='word_1_474' title='bbox 1944 3964 1956 4001; x_wconf 94' lang='lat'>:</span> <span class='ocrx_word' id='word_1_475' title='bbox 1989 3947 2063 4002; x_wconf 95' lang='lat' dir='ltr'>ad</span> 
     </span>
    </p>
   </div>
   <div class='ocr_carea' id='block_1_72' title="bbox 396 4035 2062 4119">
    <p class='ocr_par' dir='ltr' id='par_1_72' title="bbox 396 4035 2062 4119">
     <span class='ocr_line' id='line_1_72' title="bbox 396 4035 2062 4119; baseline -0.007 -16"><span class='ocrx_word' id='word_1_476' title='bbox 396 4046 581 4119; x_wconf 89' lang='lat' dir='ltr'>pedes</span> <span class='ocrx_word' id='word_1_477' title='bbox 607 4046 739 4117; x_wconf 84' lang='lat' dir='ltr'>ejus</span> <span class='ocrx_word' id='word_1_478' title='bbox 759 4042 1011 4098; x_wconf 90' lang='lat' dir='ltr'>volutari</span> <span class='ocrx_word' id='word_1_479' title='bbox 1034 4039 1417 4111; x_wconf 89' lang='lat' dir='ltr'>Ignatium,et</span> <span class='ocrx_word' id='word_1_480' title='bbox 1438 4035 1795 4107; x_wconf 88' lang='lat' dir='ltr'>injuriarum</span> <span class='ocrx_word' id='word_1_481' title='bbox 1817 4053 2062 4091; x_wconf 88' lang='lat' dir='ltr'>suarum</span> 
     </span>
    </p>
   </div>
   <div class='ocr_carea' id='block_1_73' title="bbox 396 4125 2065 4204">
    <p class='ocr_par' dir='ltr' id='par_1_73' title="bbox 396 4125 2065 4204">
     <span class='ocr_line' id='line_1_73' title="bbox 396 4125 2065 4204; baseline -0.006 -14"><span class='ocrx_word' id='word_1_482' title='bbox 396 4136 687 4191; x_wconf 88' lang='lat' dir='ltr'>ultionem</span> <span class='ocrx_word' id='word_1_483' title='bbox 748 4132 1033 4204; x_wconf 85' lang='lat' dir='ltr'>ﬂagitare.</span> <span class='ocrx_word' id='word_1_484' title='bbox 1098 4131 1281 4183; x_wconf 88' lang='lat' dir='ltr'>Porro</span> <span class='ocrx_word' id='word_1_485' title='bbox 1350 4128 1593 4180; x_wconf 90' lang='lat' dir='ltr'>Petrum</span> <span class='ocrx_word' id='word_1_486' title='bbox 1655 4125 1897 4196; x_wconf 86' lang='lat' dir='ltr'>quidam</span> <span class='ocrx_word' id='word_1_487' title='bbox 1965 4126 2065 4180; x_wconf 83' lang='lat' dir='ltr'>ad-</span> 
     </span>
    </p>
   </div>
   <div class='ocr_carea' id='block_1_74' title="bbox 353 4214 2063 4302">
    <p class='ocr_par' dir='ltr' id='par_1_74' title="bbox 353 4214 2063 4302">
     <span class='ocr_line' id='line_1_74' title="bbox 353 4214 2063 4302; baseline -0.009 -20"><span class='ocrx_word' id='word_1_488' title='bbox 353 4299 356 4302; x_wconf 8' lang='grc' dir='ltr'><em>ῃ</em></span> <span class='ocrx_word' id='word_1_489' title='bbox 399 4225 684 4281; x_wconf 90' lang='lat' dir='ltr'>stantium</span> <span class='ocrx_word' id='word_1_490' title='bbox 732 4238 937 4277; x_wconf 91' lang='lat' dir='ltr'>ensem</span> <span class='ocrx_word' id='word_1_491' title='bbox 975 4217 1229 4281; x_wconf 86' lang='lat' dir='ltr'>tradere,</span> <span class='ocrx_word' id='word_1_492' title='bbox 1266 4222 1323 4271; x_wconf 91' lang='lat' dir='ltr'>et</span> <span class='ocrx_word' id='word_1_493' title='bbox 1372 4214 1658 4270; x_wconf 89' lang='lat' dir='ltr'>mandare</span> <span class='ocrx_word' id='word_1_494' title='bbox 1689 4220 1754 4268; x_wconf 91' lang='lat' dir='ltr'>ut</span> <span class='ocrx_word' id='word_1_495' title='bbox 1782 4214 2063 4286; x_wconf 84' lang='lat' dir='ltr'>Theorgi-</span> 
     </span>
    </p>
   </div>
   <div class='ocr_carea' id='block_1_75' title="bbox 398 4302 2059 4385">
    <p class='ocr_par' dir='ltr' id='par_1_75' title="bbox 398 4302 2059 4385">
     <span class='ocr_line' id='line_1_75' title="bbox 398 4302 2059 4385; baseline -0.008 -15"><span class='ocrx_word' id='word_1_496' title='bbox 398 4321 554 4370; x_wconf 87' lang='lat' dir='ltr'>stum</span> <span class='ocrx_word' id='word_1_497' title='bbox 590 4313 699 4385; x_wconf 93' lang='lat' dir='ltr'>(sic</span> <span class='ocrx_word' id='word_1_498' title='bbox 730 4309 1064 4384; x_wconf 91' lang='lat' dir='ltr'>appellasse</span> <span class='ocrx_word' id='word_1_499' title='bbox 1121 4322 1255 4361; x_wconf 90' lang='lat' dir='ltr'>eum</span> <span class='ocrx_word' id='word_1_500' title='bbox 1299 4306 1613 4368; x_wconf 65' lang='lat' dir='ltr'>Caesarem,</span> <span class='ocrx_word' id='word_1_501' title='bbox 1644 4302 1815 4373; x_wconf 90' lang='lat' dir='ltr'>quasi</span> <span class='ocrx_word' id='word_1_502' title='bbox 1847 4302 2059 4357; x_wconf 60' lang='lat' dir='ltr'>divina;</span> 
     </span>
    </p>
   </div>
   <div class='ocr_carea' id='block_1_76' title="bbox 394 4392 2061 4471">
    <p class='ocr_par' dir='ltr' id='par_1_76' title="bbox 394 4392 2061 4471">
     <span class='ocr_line' id='line_1_76' title="bbox 394 4392 2061 4471; baseline -0.008 -12"><span class='ocrx_word' id='word_1_503' title='bbox 394 4406 498 4461; x_wconf 73' lang='lat' dir='ltr'>irae</span> <span class='ocrx_word' id='word_1_504' title='bbox 525 4404 869 4471; x_wconf 82' lang='lat' dir='ltr'>obnoxium)</span> <span class='ocrx_word' id='word_1_505' title='bbox 892 4401 1052 4455; x_wconf 90' lang='lat' dir='ltr'>inter</span> <span class='ocrx_word' id='word_1_506' title='bbox 1084 4415 1185 4453; x_wconf 86' lang='lat' dir='ltr'>eos</span> <span class='ocrx_word' id='word_1_507' title='bbox 1207 4396 1308 4466; x_wconf 88' lang='lat' dir='ltr'>qui</span> <span class='ocrx_word' id='word_1_508' title='bbox 1340 4411 1374 4449; x_wconf 92' lang='lat' dir='ltr'>a</span> <span class='ocrx_word' id='word_1_509' title='bbox 1406 4394 1663 4448; x_wconf 83' lang='lat' dir='ltr'>sinistris</span> <span class='ocrx_word' id='word_1_510' title='bbox 1695 4398 1854 4447; x_wconf 90' lang='lat' dir='ltr'>stant</span> <span class='ocrx_word' id='word_1_511' title='bbox 1883 4392 2061 4447; x_wconf 89' lang='lat' dir='ltr'>collo-</span> 
     </span>
    </p>
   </div>
   <div class='ocr_carea' id='block_1_77' title="bbox 394 4482 2060 4564">
    <p class='ocr_par' dir='ltr' id='par_1_77' title="bbox 394 4482 2060 4564">
     <span class='ocr_line' id='line_1_77' title="bbox 394 4482 2060 4564; baseline -0.008 -13"><span class='ocrx_word' id='word_1_512' title='bbox 394 4500 508 4564; x_wconf 89' lang='lat' dir='ltr'>cet,</span> <span class='ocrx_word' id='word_1_513' title='bbox 559 4509 747 4564; x_wconf 90' lang='lat' dir='ltr'>eoque</span> <span class='ocrx_word' id='word_1_514' title='bbox 782 4508 923 4547; x_wconf 90' lang='lat' dir='ltr'>ense</span> <span class='ocrx_word' id='word_1_515' title='bbox 972 4485 1354 4544; x_wconf 88' lang='lat' dir='ltr'>membratim</span> <span class='ocrx_word' id='word_1_516' title='bbox 1389 4482 1685 4547; x_wconf 86' lang='lat' dir='ltr'>concidat,</span> <span class='ocrx_word' id='word_1_517' title='bbox 1736 4483 2060 4537; x_wconf 81' lang='lat' dir='ltr'>Asebotec-</span> 
     </span>
    </p>
   </div>
   <div class='ocr_carea' id='block_1_78' title="bbox 2180 3320 3830 3399">
    <p class='ocr_par' dir='ltr' id='par_1_78' title="bbox 2180 3320 3830 3399">
     <span class='ocr_line' id='line_1_78' title="bbox 2180 3320 3830 3399; baseline 0.002 -22"><span class='ocrx_word' id='word_1_518' title='bbox 2180 3321 2343 3398; x_wconf 85' lang='grc' dir='ltr'>λόγος</span> <span class='ocrx_word' id='word_1_519' title='bbox 2400 3320 2687 3393; x_wconf 68' lang='grc' dir='ltr'>ἐδήλωσε,</span> <span class='ocrx_word' id='word_1_520' title='bbox 2749 3328 2952 3396; x_wconf 82' lang='grc' dir='ltr'>σημεῖα</span> <span class='ocrx_word' id='word_1_521' title='bbox 3007 3321 3065 3378; x_wconf 76' lang='grc' dir='ltr'>δὲ</span> <span class='ocrx_word' id='word_1_522' title='bbox 3121 3325 3211 3379; x_wconf 87' lang='grc' dir='ltr'>τὸν</span> <span class='ocrx_word' id='word_1_523' title='bbox 3272 3320 3497 3399; x_wconf 73' lang='grc' dir='ltr'>ὄλεθρον</span> <span class='ocrx_word' id='word_1_524' title='bbox 3556 3323 3830 3395; x_wconf 76' lang='grc' dir='ltr'>δηλοῦντα</span> 
     </span>
    </p>
   </div>
   <div class='ocr_carea' id='block_1_79' title="bbox 2172 3410 3823 3487">
    <p class='ocr_par' dir='ltr' id='par_1_79' title="bbox 2172 3410 3823 3487">
     <span class='ocr_line' id='line_1_79' title="bbox 2172 3410 3823 3487; baseline 0.002 -22"><span class='ocrx_word' id='word_1_525' title='bbox 2172 3416 2267 3466; x_wconf 79' lang='grc' dir='ltr'>τοῦ</span> <span class='ocrx_word' id='word_1_526' title='bbox 2326 3410 2507 3486; x_wconf 81' lang='grc' dir='ltr'>Βάρδα</span> <span class='ocrx_word' id='word_1_527' title='bbox 2564 3415 2923 3487; x_wconf 80' lang='grc' dir='ltr'>προηγήσατο</span> <span class='ocrx_word' id='word_1_528' title='bbox 3005 3410 3149 3468; x_wconf 81' lang='grc' dir='ltr'>τάδε·</span> <span class='ocrx_word' id='word_1_529' title='bbox 3226 3413 3478 3468; x_wconf 83' lang='grc' dir='ltr'>ἐπιτολαὶ</span> <span class='ocrx_word' id='word_1_530' title='bbox 3535 3419 3823 3487; x_wconf 82' lang='grc' dir='ltr'>κομητῶν,</span> 
     </span>
    </p>
   </div>
   <div class='ocr_carea' id='block_1_80' title="bbox 2173 3497 3832 3577">
    <p class='ocr_par' dir='ltr' id='par_1_80' title="bbox 2173 3497 3832 3577">
     <span class='ocr_line' id='line_1_80' title="bbox 2173 3497 3832 3577; baseline 0.001 -22"><span class='ocrx_word' id='word_1_531' title='bbox 2173 3497 2325 3574; x_wconf 78' lang='grc' dir='ltr'>ὄψεις</span> <span class='ocrx_word' id='word_1_532' title='bbox 2356 3500 2642 3575; x_wconf 79' lang='grc' dir='ltr'>ὀνειράτων</span> <span class='ocrx_word' id='word_1_533' title='bbox 2696 3499 3016 3561; x_wconf 78' lang='grc' dir='ltr'>ἀλλόκοτοι.</span> <span class='ocrx_word' id='word_1_534' title='bbox 3079 3500 3268 3573; x_wconf 79' lang='grc' dir='ltr'>Ἔδοξε</span> <span class='ocrx_word' id='word_1_535' title='bbox 3323 3503 3424 3577; x_wconf 75' lang='grc' dir='ltr'>γὰρ</span> <span class='ocrx_word' id='word_1_536' title='bbox 3483 3505 3599 3557; x_wconf 90' lang='grc' dir='ltr'>καθ’</span> <span class='ocrx_word' id='word_1_537' title='bbox 3631 3503 3832 3565; x_wconf 80' lang='grc' dir='ltr'>ὕπνους</span> 
     </span>
    </p>
   </div>
   <div class='ocr_carea' id='block_1_81' title="bbox 2172 3588 3832 3669">
    <p class='ocr_par' dir='ltr' id='par_1_81' title="bbox 2172 3588 3832 3669">
     <span class='ocr_line' id='line_1_81' title="bbox 2172 3588 3832 3669; baseline 0.001 -26"><span class='ocrx_word' id='word_1_538' title='bbox 2172 3589 2330 3652; x_wconf 76' lang='grc' dir='ltr'>οὗτος</span> <span class='ocrx_word' id='word_1_539' title='bbox 2356 3591 2490 3665; x_wconf 80' lang='grc' dir='ltr'>πρὸς</span> <span class='ocrx_word' id='word_1_540' title='bbox 2521 3592 2620 3659; x_wconf 73' lang='grc' dir='ltr'>τὴν</span> <span class='ocrx_word' id='word_1_541' title='bbox 2652 3589 2914 3667; x_wconf 85' lang='grc' dir='ltr'>Μεγάλην</span> <span class='ocrx_word' id='word_1_542' title='bbox 2949 3588 3244 3661; x_wconf 80' lang='grc' dir='ltr'>ἕκκλησίαν</span> <span class='ocrx_word' id='word_1_543' title='bbox 3279 3591 3412 3663; x_wconf 77' lang='grc' dir='ltr'>μετὰ</span> <span class='ocrx_word' id='word_1_544' title='bbox 3464 3595 3562 3645; x_wconf 79' lang='grc' dir='ltr'>τοῦ</span> <span class='ocrx_word' id='word_1_545' title='bbox 3594 3590 3832 3669; x_wconf 68' lang='grc' dir='ltr'>Μιχαὴλ</span> 
     </span>
    </p>
   </div>
   <div class='ocr_carea' id='block_1_82' title="bbox 2169 3679 3831 3755">
    <p class='ocr_par' dir='ltr' id='par_1_82' title="bbox 2169 3679 3831 3755">
     <span class='ocr_line' id='line_1_82' title="bbox 2169 3679 3831 3755; baseline 0.001 -22"><span class='ocrx_word' id='word_1_546' title='bbox 2169 3679 2420 3734; x_wconf 82' lang='grc' dir='ltr'>ἀπελθεῖν</span> <span class='ocrx_word' id='word_1_547' title='bbox 2487 3681 2563 3743; x_wconf 87' lang='grc' dir='ltr'>ὡς</span> <span class='ocrx_word' id='word_1_548' title='bbox 2620 3680 2766 3755; x_wconf 85' lang='grc' dir='ltr'>τάχα</span> <span class='ocrx_word' id='word_1_549' title='bbox 2805 3680 3162 3753; x_wconf 79' lang='grc' dir='ltr'>πανηγύρεως</span> <span class='ocrx_word' id='word_1_550' title='bbox 3221 3681 3409 3751; x_wconf 72' lang='grc' dir='ltr'>οὔσης.</span> <span class='ocrx_word' id='word_1_551' title='bbox 3456 3682 3546 3744; x_wconf 72' lang='grc' dir='ltr'>Ὠς</span> <span class='ocrx_word' id='word_1_552' title='bbox 3602 3680 3692 3735; x_wconf 77' lang='grc' dir='ltr'>οὖν</span> <span class='ocrx_word' id='word_1_553' title='bbox 3728 3681 3831 3753; x_wconf 81' lang='grc' dir='ltr'>ἀφ-</span> 
     </span>
    </p>
   </div>
   <div class='ocr_carea' id='block_1_83' title="bbox 2173 3766 3829 3843">
    <p class='ocr_par' dir='ltr' id='par_1_83' title="bbox 2173 3766 3829 3843">
     <span class='ocr_line' id='line_1_83' title="bbox 2173 3766 3829 3843; baseline 0.002 -23"><span class='ocrx_word' id='word_1_554' title='bbox 2173 3766 2346 3822; x_wconf 86' lang='grc' dir='ltr'>ίκοντο</span> <span class='ocrx_word' id='word_1_555' title='bbox 2376 3767 2466 3822; x_wconf 84' lang='grc' dir='ltr'>καὶ</span> <span class='ocrx_word' id='word_1_556' title='bbox 2496 3768 2829 3843; x_wconf 83' lang='grc' dir='ltr'>προσωτέρω</span> <span class='ocrx_word' id='word_1_557' title='bbox 2882 3767 3122 3842; x_wconf 86' lang='grc' dir='ltr'>ἐγίνοντο</span> <span class='ocrx_word' id='word_1_558' title='bbox 3152 3772 3249 3824; x_wconf 79' lang='grc' dir='ltr'>τοῦ</span> <span class='ocrx_word' id='word_1_559' title='bbox 3308 3768 3455 3832; x_wconf 81' lang='grc' dir='ltr'>θείου</span> <span class='ocrx_word' id='word_1_560' title='bbox 3509 3774 3662 3837; x_wconf 78' lang='grc' dir='ltr'>ναοῦ,</span> <span class='ocrx_word' id='word_1_561' title='bbox 3698 3769 3829 3842; x_wconf 76' lang='grc' dir='ltr'>ὁρᾷν</span> 
     </span>
    </p>
   </div>
   <div class='ocr_carea' id='block_1_84' title="bbox 2167 3853 3831 3936">
    <p class='ocr_par' dir='ltr' id='par_1_84' title="bbox 2167 3853 3831 3936">
     <span class='ocr_line' id='line_1_84' title="bbox 2167 3853 3831 3936; baseline 0 -25"><span class='ocrx_word' id='word_1_562' title='bbox 2167 3853 2341 3911; x_wconf 81' lang='grc' dir='ltr'>ἐδόκει</span> <span class='ocrx_word' id='word_1_563' title='bbox 2423 3857 2795 3936; x_wconf 83' lang='grc' dir='ltr'>Λευκοφόρους</span> <span class='ocrx_word' id='word_1_564' title='bbox 2876 3857 3027 3920; x_wconf 82' lang='grc' dir='ltr'>τινὰς</span> <span class='ocrx_word' id='word_1_565' title='bbox 3094 3858 3576 3933; x_wconf 78' lang='grc' dir='ltr'>προηγουμένους,</span> <span class='ocrx_word' id='word_1_566' title='bbox 3631 3855 3831 3919; x_wconf 67' lang='grc' dir='ltr'>οἵτινες</span> 
     </span>
    </p>
   </div>
   <div class='ocr_carea' id='block_1_85' title="bbox 2167 3943 3833 4023">
    <p class='ocr_par' dir='ltr' id='par_1_85' title="bbox 2167 3943 3833 4023">
     <span class='ocr_line' id='line_1_85' title="bbox 2167 3943 3833 4023; baseline 0 -23"><span class='ocrx_word' id='word_1_567' title='bbox 2167 3944 2491 4021; x_wconf 79' lang='grc' dir='ltr'>ὁδηγοῦντες</span> <span class='ocrx_word' id='word_1_568' title='bbox 2522 3946 2683 4001; x_wconf 86' lang='grc' dir='ltr'>αὐτὸν</span> <span class='ocrx_word' id='word_1_569' title='bbox 2738 3943 2933 4021; x_wconf 73' lang='grc' dir='ltr'>ἄγουσι</span> <span class='ocrx_word' id='word_1_570' title='bbox 2987 3946 3127 4022; x_wconf 87' lang='grc' dir='ltr'>πρὸς</span> <span class='ocrx_word' id='word_1_571' title='bbox 3159 3946 3256 4009; x_wconf 82' lang='grc' dir='ltr'>τὰς</span> <span class='ocrx_word' id='word_1_572' title='bbox 3286 3945 3579 4023; x_wconf 68' lang='grc' dir='ltr'>κιγκλίδας</span> <span class='ocrx_word' id='word_1_573' title='bbox 3608 3951 3705 4001; x_wconf 77' lang='grc' dir='ltr'>τοῦ</span> <span class='ocrx_word' id='word_1_574' title='bbox 3734 3949 3833 4001; x_wconf 91' lang='grc' dir='ltr'>θυ-</span> 
     </span>
    </p>
   </div>
   <div class='ocr_carea' id='block_1_86' title="bbox 2165 4032 3829 4111">
    <p class='ocr_par' dir='ltr' id='par_1_86' title="bbox 2165 4032 3829 4111">
     <span class='ocr_line' id='line_1_86' title="bbox 2165 4032 3829 4111; baseline 0 -22"><span class='ocrx_word' id='word_1_575' title='bbox 2165 4037 2487 4110; x_wconf 85' lang='grc' dir='ltr'>σιαστηρίου</span> <span class='ocrx_word' id='word_1_576' title='bbox 2520 4037 2656 4108; x_wconf 83' lang='grc'>(62),</span> <span class='ocrx_word' id='word_1_577' title='bbox 2709 4034 2800 4090; x_wconf 85' lang='grc' dir='ltr'>καὶ</span> <span class='ocrx_word' id='word_1_578' title='bbox 2855 4033 3048 4111; x_wconf 82' lang='grc' dir='ltr'>βλέπει</span> <span class='ocrx_word' id='word_1_579' title='bbox 3096 4036 3193 4107; x_wconf 79' lang='grc' dir='ltr'>μὶν</span> <span class='ocrx_word' id='word_1_580' title='bbox 3224 4034 3366 4091; x_wconf 74' lang='grc' dir='ltr'>ἄλλο</span> <span class='ocrx_word' id='word_1_581' title='bbox 3401 4034 3578 4107; x_wconf 79' lang='grc' dir='ltr'>οὐδὲν,</span> <span class='ocrx_word' id='word_1_582' title='bbox 3611 4034 3734 4109; x_wconf 80' lang='grc' dir='ltr'>περὶ</span> <span class='ocrx_word' id='word_1_583' title='bbox 3767 4032 3829 4089; x_wconf 76' lang='grc' dir='ltr'>δέ</span> 
     </span>
    </p>
   </div>
   <div class='ocr_carea' id='block_1_87' title="bbox 2163 4125 3825 4203">
    <p class='ocr_par' dir='ltr' id='par_1_87' title="bbox 2163 4125 3825 4203">
     <span class='ocr_line' id='line_1_87' title="bbox 2163 4125 3825 4203; baseline 0.001 -25"><span class='ocrx_word' id='word_1_584' title='bbox 2163 4125 2256 4179; x_wconf 86' lang='grc' dir='ltr'>τὸν</span> <span class='ocrx_word' id='word_1_585' title='bbox 2313 4125 2504 4198; x_wconf 82' lang='grc' dir='ltr'>θρόνον</span> <span class='ocrx_word' id='word_1_586' title='bbox 2557 4129 2654 4179; x_wconf 76' lang='grc' dir='ltr'>τοῦ</span> <span class='ocrx_word' id='word_1_587' title='bbox 2706 4127 3053 4203; x_wconf 81' lang='grc' dir='ltr'>πατριάρχου</span> <span class='ocrx_word' id='word_1_588' title='bbox 3083 4125 3393 4198; x_wconf 82' lang='grc' dir='ltr'>καθήμενόν</span> <span class='ocrx_word' id='word_1_589' title='bbox 3426 4146 3548 4180; x_wconf 88' lang='grc' dir='ltr'>τινα</span> <span class='ocrx_word' id='word_1_590' title='bbox 3592 4126 3825 4200; x_wconf 89' lang='grc' dir='ltr'>γηραιὸν</span> 
     </span>
    </p>
   </div>
   <div class='ocr_carea' id='block_1_88' title="bbox 2164 4212 3822 4293">
    <p class='ocr_par' dir='ltr' id='par_1_88' title="bbox 2164 4212 3822 4293">
     <span class='ocr_line' id='line_1_88' title="bbox 2164 4212 3822 4293; baseline 0.001 -25"><span class='ocrx_word' id='word_1_591' title='bbox 2164 4215 2392 4287; x_wconf 86' lang='grc' dir='ltr'>(Πέτρον</span> <span class='ocrx_word' id='word_1_592' title='bbox 2425 4212 2607 4269; x_wconf 62' lang='grc' dir='ltr'>εἴκασε</span> <span class='ocrx_word' id='word_1_593' title='bbox 2638 4218 2828 4269; x_wconf 78' lang='grc' dir='ltr'>τοῦτον</span> <span class='ocrx_word' id='word_1_594' title='bbox 2863 4216 2995 4269; x_wconf 79' lang='grc' dir='ltr'>εἶναι</span> <span class='ocrx_word' id='word_1_595' title='bbox 3045 4215 3135 4269; x_wconf 80' lang='grc' dir='ltr'>τὸν</span> <span class='ocrx_word' id='word_1_596' title='bbox 3195 4220 3495 4293; x_wconf 80' lang='grc' dir='ltr'>κορυφαῖον</span> <span class='ocrx_word' id='word_1_597' title='bbox 3544 4220 3651 4269; x_wconf 87' lang='grc' dir='ltr'>τῶν</span> <span class='ocrx_word' id='word_1_598' title='bbox 3683 4214 3822 4269; x_wconf 83' lang='grc' dir='ltr'>ἀπο-</span> 
     </span>
    </p>
   </div>
   <div class='ocr_carea' id='block_1_89' title="bbox 2166 4302 3823 4378">
    <p class='ocr_par' dir='ltr' id='par_1_89' title="bbox 2166 4302 3823 4378">
     <span class='ocr_line' id='line_1_89' title="bbox 2166 4302 3823 4378; baseline 0 -20"><span class='ocrx_word' id='word_1_599' title='bbox 2166 4302 2420 4377; x_wconf 84' lang='grc' dir='ltr'>στόλων),</span> <span class='ocrx_word' id='word_1_600' title='bbox 2472 4302 2534 4357; x_wconf 77' lang='grc' dir='ltr'>οὗ</span> <span class='ocrx_word' id='word_1_601' title='bbox 2592 4305 2729 4377; x_wconf 84' lang='grc' dir='ltr'>πρὸς</span> <span class='ocrx_word' id='word_1_602' title='bbox 2787 4309 2903 4366; x_wconf 84' lang='grc' dir='ltr'>τοῖς</span> <span class='ocrx_word' id='word_1_603' title='bbox 2964 4303 3122 4359; x_wconf 88' lang='grc' dir='ltr'>ποσὶν</span> <span class='ocrx_word' id='word_1_604' title='bbox 3179 4305 3206 4358; x_wconf 89' lang='grc' dir='ltr'>ὁ</span> <span class='ocrx_word' id='word_1_605' title='bbox 3270 4303 3574 4378; x_wconf 72' lang='grc' dir='ltr'>μακαρίτης</span> <span class='ocrx_word' id='word_1_606' title='bbox 3606 4302 3823 4360; x_wconf 80' lang='grc' dir='ltr'>ἐκυλιν-</span> 
     </span>
    </p>
   </div>
   <div class='ocr_carea' id='block_1_90' title="bbox 2164 4388 3839 4469">
    <p class='ocr_par' dir='ltr' id='par_1_90' title="bbox 2164 4388 3839 4469">
     <span class='ocr_line' id='line_1_90' title="bbox 2164 4388 3839 4469; baseline 0 -22"><span class='ocrx_word' id='word_1_607' title='bbox 2164 4389 2310 4448; x_wconf 89' lang='grc' dir='ltr'>δεῖτο</span> <span class='ocrx_word' id='word_1_608' title='bbox 2375 4394 2634 4469; x_wconf 78' lang='grc' dir='ltr'>Ἰγνάτιος</span> <span class='ocrx_word' id='word_1_609' title='bbox 2718 4390 2994 4463; x_wconf 84' lang='grc' dir='ltr'>ἐκδίκησιν</span> <span class='ocrx_word' id='word_1_610' title='bbox 3081 4393 3300 4465; x_wconf 78' lang='grc' dir='ltr'>ἐξαιτῶν</span> <span class='ocrx_word' id='word_1_611' title='bbox 3387 4394 3460 4447; x_wconf 83' lang='grc' dir='ltr'>ὧν</span> <span class='ocrx_word' id='word_1_612' title='bbox 3544 4388 3839 4460; x_wconf 75' lang='grc' dir='ltr'>ἐπεπόνθει</span> 
     </span>
    </p>
   </div>
   <div class='ocr_carea' id='block_1_91' title="bbox 2163 4479 3834 4555">
    <p class='ocr_par' dir='ltr' id='par_1_91' title="bbox 2163 4479 3834 4555">
     <span class='ocr_line' id='line_1_91' title="bbox 2163 4479 3834 4555; baseline -0.001 -18"><span class='ocrx_word' id='word_1_613' title='bbox 2163 4480 2370 4537; x_wconf 87' lang='grc' dir='ltr'>δεινῶν.</span> <span class='ocrx_word' id='word_1_614' title='bbox 2430 4485 2513 4555; x_wconf 88' lang='grc' dir='ltr'>[Ρ.</span> <span class='ocrx_word' id='word_1_615' title='bbox 2577 4485 2702 4555; x_wconf 88' lang='grc'><strong>555]</strong></span> <span class='ocrx_word' id='word_1_616' title='bbox 2759 4483 2864 4539; x_wconf 86' lang='grc' dir='ltr'>Τὸν</span> <span class='ocrx_word' id='word_1_617' title='bbox 2923 4479 2979 4536; x_wconf 70' lang='grc' dir='ltr'>δὲ</span> <span class='ocrx_word' id='word_1_618' title='bbox 3038 4482 3116 4537; x_wconf 80' lang='grc' dir='ltr'>ἐνὶ</span> <span class='ocrx_word' id='word_1_619' title='bbox 3167 4487 3273 4536; x_wconf 86' lang='grc' dir='ltr'>τῶν</span> <span class='ocrx_word' id='word_1_620' title='bbox 3328 4483 3691 4555; x_wconf 82' lang='grc' dir='ltr'>παρεστώτων</span> <span class='ocrx_word' id='word_1_621' title='bbox 3726 4484 3834 4554; x_wconf 81' lang='grc' dir='ltr'>μά·-</span> 
     </span>
    </p>
   </div>
   <div class='ocr_carea' id='block_1_92' title="bbox 391 4567 2071 4674">
    <p class='ocr_par' dir='ltr' id='par_1_92' title="bbox 391 4573 2053 4652">
     <span class='ocr_line' id='line_1_92' title="bbox 391 4573 2053 4652; baseline -0.007 -14"><span class='ocrx_word' id='word_1_622' title='bbox 391 4596 536 4638; x_wconf 88' lang='lat' dir='ltr'>num</span> <span class='ocrx_word' id='word_1_623' title='bbox 564 4589 763 4637; x_wconf 88' lang='lat' dir='ltr'>autem</span> <span class='ocrx_word' id='word_1_624' title='bbox 785 4581 922 4652; x_wconf 91' lang='lat' dir='ltr'>(hoc</span> <span class='ocrx_word' id='word_1_625' title='bbox 944 4576 1187 4633; x_wconf 92' lang='lat' dir='ltr'>nomine</span> <span class='ocrx_word' id='word_1_626' title='bbox 1210 4590 1345 4629; x_wconf 90' lang='lat' dir='ltr'>eum</span> <span class='ocrx_word' id='word_1_627' title='bbox 1369 4573 1793 4643; x_wconf 89' lang='lat' dir='ltr'>imperatorem</span> <span class='ocrx_word' id='word_1_628' title='bbox 1815 4577 2053 4626; x_wconf 88' lang='lat' dir='ltr'>notasse</span> 
     </span>
    </p>
   </div>
   <div class='ocr_carea' id='block_1_93' title="bbox 2182 4567 3828 4674">
    <p class='ocr_par' dir='ltr' id='par_1_93' title="bbox 2182 4567 3828 4674">
     <span class='ocr_line' id='line_1_93' title="bbox 2182 4567 3828 4650; baseline -0.001 -25"><span class='ocrx_word' id='word_1_629' title='bbox 2182 4591 2362 4650; x_wconf 59' lang='grc' dir='ltr'>ίαιραν</span> <span class='ocrx_word' id='word_1_630' title='bbox 2398 4567 2582 4625; x_wconf 73' lang='grc' dir='ltr'>δοῦναι</span> <span class='ocrx_word' id='word_1_631' title='bbox 2614 4570 2701 4625; x_wconf 80' lang='grc' dir='ltr'>καὶ</span> <span class='ocrx_word' id='word_1_632' title='bbox 2735 4570 2925 4625; x_wconf 81' lang='grc' dir='ltr'>εἰπεῖν·</span> <span class='ocrx_word' id='word_1_633' title='bbox 2960 4570 3146 4645; x_wconf 78' lang='grc' dir='ltr'>Ταύτῃ</span> <span class='ocrx_word' id='word_1_634' title='bbox 3180 4570 3270 4626; x_wconf 88' lang='grc' dir='ltr'>τὸν</span> <span class='ocrx_word' id='word_1_635' title='bbox 3315 4570 3628 4647; x_wconf 87' lang='grc' dir='ltr'>θεόργιστον</span> <span class='ocrx_word' id='word_1_636' title='bbox 3661 4568 3828 4643; x_wconf 77' lang='grc' dir='ltr'>(οὕτω</span> 
     </span>
     <span class='ocr_line' id='line_1_94' title="bbox 2202 4657 3742 4674; baseline 0 0"><span class='ocrx_word' id='word_1_637' title='bbox 2202 4662 2213 4674; x_wconf 81' lang='grc'>.</span> <span class='ocrx_word' id='word_1_638' title='bbox 2289 4665 2331 4674; x_wconf 88' lang='grc'>--</span> <span class='ocrx_word' id='word_1_639' title='bbox 2382 4660 2392 4674; x_wconf 91' lang='grc'><strong><em>.</em></strong></span> <span class='ocrx_word' id='word_1_640' title='bbox 2828 4660 2838 4674; x_wconf 90' lang='grc'><strong><em>,</em></strong></span> <span class='ocrx_word' id='word_1_641' title='bbox 3017 4661 3029 4674; x_wconf 59' lang='grc' dir='ltr'><strong>ς</strong></span> <span class='ocrx_word' id='word_1_642' title='bbox 3102 4665 3127 4674; x_wconf 75' lang='lat'>-</span> <span class='ocrx_word' id='word_1_643' title='bbox 3230 4664 3253 4674; x_wconf 89' lang='grc'>..</span> <span class='ocrx_word' id='word_1_644' title='bbox 3376 4659 3384 4666; x_wconf 89' lang='grc'><strong>-</strong></span> <span class='ocrx_word' id='word_1_645' title='bbox 3495 4659 3506 4674; x_wconf 73' lang='grc' dir='ltr'><strong>ρ</strong></span> <span class='ocrx_word' id='word_1_646' title='bbox 3730 4657 3742 4674; x_wconf 75' lang='grc' dir='ltr'>ι</span> 
     </span>
    </p>
   </div>
   <div class='ocr_carea' id='block_1_94' title="bbox 392 4660 2055 4741">
    <p class='ocr_par' dir='ltr' id='par_1_94' title="bbox 392 4660 2055 4741">
     <span class='ocr_line' id='line_1_95' title="bbox 392 4660 2055 4741; baseline -0.006 -16"><span class='ocrx_word' id='word_1_647' title='bbox 392 4676 460 4725; x_wconf 93' lang='lat' dir='ltr'>ut</span> <span class='ocrx_word' id='word_1_648' title='bbox 491 4671 741 4741; x_wconf 90' lang='lat' dir='ltr'>impium</span> <span class='ocrx_word' id='word_1_649' title='bbox 796 4667 1007 4738; x_wconf 87' lang='lat' dir='ltr'>lilium)</span> <span class='ocrx_word' id='word_1_650' title='bbox 1048 4666 1207 4719; x_wconf 89' lang='lat' dir='ltr'>inter</span> <span class='ocrx_word' id='word_1_651' title='bbox 1233 4662 1386 4717; x_wconf 70' lang='lat'>019</span> <span class='ocrx_word' id='word_1_652' title='bbox 1443 4660 1681 4715; x_wconf 85' lang='lat' dir='ltr'>dextros</span> <span class='ocrx_word' id='word_1_653' title='bbox 1730 4660 2055 4715; x_wconf 88' lang='lat' dir='ltr'>constituat</span> 
     </span>
    </p>
   </div>
   <div class='ocr_carea' id='block_1_95' title="bbox 394 4749 2049 4831">
    <p class='ocr_par' dir='ltr' id='par_1_95' title="bbox 394 4749 2049 4831">
     <span class='ocr_line' id='line_1_96' title="bbox 394 4749 2049 4831; baseline -0.005 -17"><span class='ocrx_word' id='word_1_654' title='bbox 394 4759 655 4831; x_wconf 85' lang='lat' dir='ltr'>quidem,</span> <span class='ocrx_word' id='word_1_655' title='bbox 691 4758 795 4813; x_wconf 89' lang='lat' dir='ltr'>sed</span> <span class='ocrx_word' id='word_1_656' title='bbox 840 4756 1035 4812; x_wconf 88' lang='lat' dir='ltr'>simile</span> <span class='ocrx_word' id='word_1_657' title='bbox 1082 4760 1282 4809; x_wconf 84' lang='lat' dir='ltr'>tamen</span> <span class='ocrx_word' id='word_1_658' title='bbox 1315 4749 1675 4820; x_wconf 86' lang='lat' dir='ltr'>supplicium</span> <span class='ocrx_word' id='word_1_659' title='bbox 1717 4749 2049 4806; x_wconf 88' lang='lat' dir='ltr'>denuntiet.</span> 
     </span>
    </p>
   </div>
   <div class='ocr_carea' id='block_1_96' title="bbox 396 4838 2049 4918">
    <p class='ocr_par' dir='ltr' id='par_1_96' title="bbox 396 4838 2049 4918">
     <span class='ocr_line' id='line_1_97' title="bbox 396 4838 2049 4918; baseline -0.007 -14"><span class='ocrx_word' id='word_1_660' title='bbox 396 4846 955 4918; x_wconf 88' lang='lat' dir='ltr'>Comprobaveritne</span> <span class='ocrx_word' id='word_1_661' title='bbox 989 4843 1186 4899; x_wconf 87' lang='lat' dir='ltr'>exitus</span> <span class='ocrx_word' id='word_1_662' title='bbox 1216 4842 1330 4894; x_wconf 91' lang='lat' dir='ltr'>hoc</span> <span class='ocrx_word' id='word_1_663' title='bbox 1372 4838 1760 4905; x_wconf 89' lang='lat' dir='ltr'>insomnium,</span> <span class='ocrx_word' id='word_1_664' title='bbox 1794 4854 2049 4908; x_wconf 82' lang='lat' dir='ltr'>sequen-</span> 
     </span>
    </p>
   </div>
   <div class='ocr_carea' id='block_1_97' title="bbox 399 4937 848 4993">
    <p class='ocr_par' dir='ltr' id='par_1_97' title="bbox 399 4937 848 4993">
     <span class='ocr_line' id='line_1_98' title="bbox 399 4937 848 4993; baseline -0.009 0"><span class='ocrx_word' id='word_1_665' title='bbox 399 4939 482 4993; x_wconf 89' lang='lat' dir='ltr'>tia</span> <span class='ocrx_word' id='word_1_666' title='bbox 511 4937 848 4993; x_wconf 85' lang='lat' dir='ltr'>ostendent.</span> 
     </span>
    </p>
   </div>
   <div class='ocr_carea' id='block_1_98' title="bbox 2161 4657 3829 4733">
    <p class='ocr_par' dir='ltr' id='par_1_98' title="bbox 2161 4657 3829 4733">
     <span class='ocr_line' id='line_1_99' title="bbox 2161 4657 3829 4733; baseline -0.002 -19"><span class='ocrx_word' id='word_1_667' title='bbox 2161 4662 2254 4714; x_wconf 87' lang='grc' dir='ltr'>τὸν</span> <span class='ocrx_word' id='word_1_668' title='bbox 2287 4660 2534 4733; x_wconf 85' lang='grc' dir='ltr'>Καίσαρα</span> <span class='ocrx_word' id='word_1_669' title='bbox 2564 4660 3032 4731; x_wconf 83' lang='grc' dir='ltr'>κατονομάσαντα)</span> <span class='ocrx_word' id='word_1_670' title='bbox 3063 4665 3131 4733; x_wconf 77' lang='grc' dir='ltr'>τῇ</span> <span class='ocrx_word' id='word_1_671' title='bbox 3186 4664 3295 4714; x_wconf 86' lang='grc' dir='ltr'>τῶν</span> <span class='ocrx_word' id='word_1_672' title='bbox 3339 4659 3635 4732; x_wconf 69' lang='grc' dir='ltr'>εὐωνύμων</span> <span class='ocrx_word' id='word_1_673' title='bbox 3666 4657 3829 4733; x_wconf 75' lang='grc' dir='ltr'>χώρᾳ</span> 
     </span>
    </p>
   </div>
   <div class='ocr_carea' id='block_1_99' title="bbox 2163 4743 3825 4823">
    <p class='ocr_par' dir='ltr' id='par_1_99' title="bbox 2163 4743 3825 4823">
     <span class='ocr_line' id='line_1_100' title="bbox 2163 4743 3825 4823; baseline -0.002 -20"><span class='ocrx_word' id='word_1_674' title='bbox 2163 4749 2565 4823; x_wconf 79' lang='grc' dir='ltr'>ἐγκαταστήσας</span> <span class='ocrx_word' id='word_1_675' title='bbox 2606 4746 2846 4821; x_wconf 74' lang='grc' dir='ltr'>μεληδὸν</span> <span class='ocrx_word' id='word_1_676' title='bbox 2904 4747 3175 4821; x_wconf 84' lang='grc' dir='ltr'>ὃιάτεμνε·</span> <span class='ocrx_word' id='word_1_677' title='bbox 3234 4749 3327 4802; x_wconf 78' lang='grc' dir='ltr'>τὸν</span> <span class='ocrx_word' id='word_1_678' title='bbox 3370 4745 3427 4802; x_wconf 76' lang='grc' dir='ltr'>δὲ</span> <span class='ocrx_word' id='word_1_679' title='bbox 3473 4743 3825 4803; x_wconf 54' lang='lat' dir='ltr'>ato-5661:;wi</span> 
     </span>
    </p>
   </div>
   <div class='ocr_carea' id='block_1_100' title="bbox 2162 4832 3824 4912">
    <p class='ocr_par' dir='ltr' id='par_1_100' title="bbox 2162 4832 3824 4912">
     <span class='ocr_line' id='line_1_101' title="bbox 2162 4832 3824 4912; baseline -0.002 -20"><span class='ocrx_word' id='word_1_680' title='bbox 2162 4836 2274 4911; x_wconf 83' lang='grc' dir='ltr'>(διὰ</span> <span class='ocrx_word' id='word_1_681' title='bbox 2303 4842 2399 4893; x_wconf 79' lang='grc' dir='ltr'>τοῦ</span> <span class='ocrx_word' id='word_1_682' title='bbox 2428 4838 2681 4893; x_wconf 84' lang='grc' dir='ltr'>τοιούτου</span> <span class='ocrx_word' id='word_1_683' title='bbox 2712 4840 2923 4912; x_wconf 75' lang='grc' dir='ltr'>προσρη</span> <span class='ocrx_word' id='word_1_684' title='bbox 2939 4859 3103 4910; x_wconf 87' lang='grc' dir='ltr'>ματος</span> <span class='ocrx_word' id='word_1_685' title='bbox 3137 4837 3227 4891; x_wconf 80' lang='grc' dir='ltr'>τὸν</span> <span class='ocrx_word' id='word_1_686' title='bbox 3266 4832 3494 4909; x_wconf 83' lang='grc' dir='ltr'>βασιλέα</span> <span class='ocrx_word' id='word_1_687' title='bbox 3516 4834 3824 4906; x_wconf 67' lang='grc' dir='ltr'>δηλοποιη-</span> 
     </span>
    </p>
   </div>
   <div class='ocr_carea' id='block_1_101' title="bbox 2164 4922 3817 5003">
    <p class='ocr_par' dir='ltr' id='par_1_101' title="bbox 2164 4922 3817 5003">
     <span class='ocr_line' id='line_1_102' title="bbox 2164 4922 3817 5003; baseline -0.002 -22"><span class='ocrx_word' id='word_1_688' title='bbox 2164 4935 2346 4998; x_wconf 86' lang='grc' dir='ltr'>σαντα)</span> <span class='ocrx_word' id='word_1_689' title='bbox 2406 4926 2673 5003; x_wconf 82' lang='grc' dir='ltr'>κατάλεγε</span> <span class='ocrx_word' id='word_1_690' title='bbox 2735 4928 2826 5001; x_wconf 72' lang='grc' dir='ltr'>μὲν</span> <span class='ocrx_word' id='word_1_691' title='bbox 2907 4932 3023 4988; x_wconf 79' lang='grc' dir='ltr'>τοῖς</span> <span class='ocrx_word' id='word_1_692' title='bbox 3075 4924 3292 4996; x_wconf 77' lang='grc' dir='ltr'>δεξιοῖς,</span> <span class='ocrx_word' id='word_1_693' title='bbox 3362 4927 3461 4993; x_wconf 73' lang='grc' dir='ltr'>τὴν</span> <span class='ocrx_word' id='word_1_694' title='bbox 3519 4922 3563 4979; x_wconf 82' lang='grc' dir='ltr'>δ’</span> <span class='ocrx_word' id='word_1_695' title='bbox 3622 4924 3817 4998; x_wconf 83' lang='grc' dir='ltr'>ὁμοίαν</span> 
     </span>
    </p>
   </div>
   <div class='ocr_carea' id='block_1_102' title="bbox 394 5012 3820 5102">
    <p class='ocr_par' dir='ltr' id='par_1_102' title="bbox 394 5012 3820 5102">
     <span class='ocr_line' id='line_1_103' title="bbox 394 5012 3820 5102; baseline -0.004 -21"><span class='ocrx_word' id='word_1_696' title='bbox 394 5024 550 5083; x_wconf 79' lang='grc' dir='ltr'>δίκην</span> <span class='ocrx_word' id='word_1_697' title='bbox 608 5022 1007 5102; x_wconf 85' lang='grc' dir='ltr'>ἀπεκδέχεσθαι</span> <span class='ocrx_word' id='word_1_698' title='bbox 1064 5020 1373 5093; x_wconf 78' lang='grc' dir='ltr'>πρόσειπε.</span> <span class='ocrx_word' id='word_1_699' title='bbox 1454 5017 1551 5071; x_wconf 82' lang='grc' dir='ltr'>Καὶ</span> <span class='ocrx_word' id='word_1_700' title='bbox 1609 5016 1636 5069; x_wconf 87' lang='grc' dir='ltr'>ὁ</span> <span class='ocrx_word' id='word_1_701' title='bbox 1683 5016 1777 5089; x_wconf 73' lang='grc' dir='ltr'>μὲν</span> <span class='ocrx_word' id='word_1_702' title='bbox 1851 5015 2057 5092; x_wconf 78' lang='grc' dir='ltr'>ὄνειρος</span> <span class='ocrx_word' id='word_1_703' title='bbox 2118 5018 2295 5079; x_wconf 78' lang='grc' dir='ltr'>οὗτος·</span> <span class='ocrx_word' id='word_1_704' title='bbox 2357 5018 2402 5072; x_wconf 75' lang='grc' dir='ltr'>εἱ</span> <span class='ocrx_word' id='word_1_705' title='bbox 2470 5015 2528 5072; x_wconf 76' lang='grc' dir='ltr'>δὲ</span> <span class='ocrx_word' id='word_1_706' title='bbox 2581 5017 2671 5071; x_wconf 78' lang='grc' dir='ltr'>καὶ</span> <span class='ocrx_word' id='word_1_707' title='bbox 2729 5012 2905 5087; x_wconf 79' lang='grc' dir='ltr'>ἀπέϐη</span> <span class='ocrx_word' id='word_1_708' title='bbox 2969 5018 3032 5071; x_wconf 76' lang='grc' dir='ltr'>τὰ</span> <span class='ocrx_word' id='word_1_709' title='bbox 3089 5017 3385 5081; x_wconf 73' lang='grc' dir='ltr'>θεαθέντα,</span> <span class='ocrx_word' id='word_1_710' title='bbox 3452 5012 3692 5086; x_wconf 82' lang='grc' dir='ltr'>δηλώσει</span> <span class='ocrx_word' id='word_1_711' title='bbox 3752 5015 3820 5069; x_wconf 72' lang='grc' dir='ltr'>τὰ</span> 
     </span>
    </p>
   </div>
   <div class='ocr_carea' id='block_1_103' title="bbox 397 5134 745 5188">
    <p class='ocr_par' dir='ltr' id='par_1_103' title="bbox 397 5134 745 5188">
     <span class='ocr_line' id='line_1_104' title="bbox 397 5134 745 5188; baseline -0.006 -18"><span class='ocrx_word' id='word_1_712' title='bbox 397 5136 530 5188; x_wconf 81' lang='grc' dir='ltr'>μετα</span> <span class='ocrx_word' id='word_1_713' title='bbox 556 5134 745 5171; x_wconf 83' lang='grc' dir='ltr'>ταυτα.</span> 
     </span>
    </p>
   </div>
   <div class='ocr_carea' id='block_1_104' title="bbox 463 5195 2057 5265">
    <p class='ocr_par' dir='ltr' id='par_1_104' title="bbox 463 5195 2057 5265">
     <span class='ocr_line' id='line_1_105' title="bbox 463 5195 2057 5265; baseline -0.008 -2"><span class='ocrx_word' id='word_1_714' title='bbox 463 5206 816 5265; x_wconf 87' lang='lat' dir='ltr'>Moliebatur</span> <span class='ocrx_word' id='word_1_715' title='bbox 846 5203 1065 5258; x_wconf 88' lang='lat' dir='ltr'>Bardas</span> <span class='ocrx_word' id='word_1_716' title='bbox 1086 5215 1209 5256; x_wconf 80' lang='lat' dir='ltr'>una</span> <span class='ocrx_word' id='word_1_717' title='bbox 1236 5215 1371 5254; x_wconf 89' lang='lat' dir='ltr'>cum</span> <span class='ocrx_word' id='word_1_718' title='bbox 1392 5195 1687 5251; x_wconf 89' lang='lat' dir='ltr'>Michaelo</span> <span class='ocrx_word' id='word_1_719' title='bbox 1730 5196 2057 5265; x_wconf 82' lang='lat' dir='ltr'>expeditio-</span> 
     </span>
    </p>
   </div>
   <div class='ocr_carea' id='block_1_105' title="bbox 2239 5191 3821 5271">
    <p class='ocr_par' dir='ltr' id='par_1_105' title="bbox 2239 5191 3821 5271">
     <span class='ocr_line' id='line_1_106' title="bbox 2239 5191 3821 5271; baseline -0.003 -19"><span class='ocrx_word' id='word_1_720' title='bbox 2239 5202 2400 5269; x_wconf 74' lang='grc' dir='ltr'>’Ἄρτι</span> <span class='ocrx_word' id='word_1_721' title='bbox 2429 5197 2565 5252; x_wconf 85' lang='grc' dir='ltr'>κατὰ</span> <span class='ocrx_word' id='word_1_722' title='bbox 2620 5202 2730 5252; x_wconf 85' lang='grc' dir='ltr'>τῶν</span> <span class='ocrx_word' id='word_1_723' title='bbox 2784 5200 3014 5271; x_wconf 89' lang='grc' dir='ltr'>Κρητῶν</span> <span class='ocrx_word' id='word_1_724' title='bbox 3046 5196 3072 5250; x_wconf 90' lang='grc' dir='ltr'><strong>ὁ</strong></span> <span class='ocrx_word' id='word_1_725' title='bbox 3105 5193 3314 5269; x_wconf 80' lang='grc' dir='ltr'>Βάρδας</span> <span class='ocrx_word' id='word_1_726' title='bbox 3370 5191 3646 5267; x_wconf 83' lang='grc' dir='ltr'>πανδημεὶ</span> <span class='ocrx_word' id='word_1_727' title='bbox 3683 5193 3821 5267; x_wconf 82' lang='grc' dir='ltr'>μετὰ</span> 
     </span>
    </p>
   </div>
   <div class='ocr_carea' id='block_1_106' title="bbox 1574 5312 2633 5374">
    <p class='ocr_par' dir='ltr' id='par_1_106' title="bbox 1574 5312 2633 5374">
     <span class='ocr_line' id='line_1_107' title="bbox 1574 5312 2633 5374; baseline 0.006 -8"><span class='ocrx_word' id='word_1_728' title='bbox 1574 5312 1941 5369; x_wconf 74' lang='lat' dir='ltr'>XYLANDRI</span> <span class='ocrx_word' id='word_1_729' title='bbox 1995 5317 2082 5369; x_wconf 89' lang='lat' dir='ltr'><strong>ET</strong></span> <span class='ocrx_word' id='word_1_730' title='bbox 2140 5317 2357 5372; x_wconf 85' lang='lat' dir='ltr'><strong>GOARI</strong></span> <span class='ocrx_word' id='word_1_731' title='bbox 2408 5319 2633 5374; x_wconf 68' lang='lat' dir='ltr'>NOTAE.</span> 
     </span>
    </p>
   </div>
   <div class='ocr_carea' id='block_1_107' title="bbox 461 5430 2049 5513">
    <p class='ocr_par' dir='ltr' id='par_1_107' title="bbox 461 5430 2049 5513">
     <span class='ocr_line' id='line_1_108' title="bbox 461 5430 2049 5513; baseline -0.009 -18"><span class='ocrx_word' id='word_1_732' title='bbox 461 5444 571 5513; x_wconf 83' lang='lat'>(60)</span> <span class='ocrx_word' id='word_1_733' title='bbox 622 5440 1023 5513; x_wconf 68' lang='lat' dir='ltr'>Orationibus,</span> <span class='ocrx_word' id='word_1_734' title='bbox 1057 5453 1195 5507; x_wconf 90' lang='lat' dir='ltr'>qvas</span> <span class='ocrx_word' id='word_1_735' title='bbox 1242 5434 1491 5513; x_wconf 68' lang='lat' dir='ltr'>collectas</span> <span class='ocrx_word' id='word_1_736' title='bbox 1537 5444 1837 5494; x_wconf 89' lang='lat' dir='ltr'>vocamus,</span> <span class='ocrx_word' id='word_1_737' title='bbox 1897 5430 2049 5513; x_wconf 74' lang='lat' dir='ltr'>sub-</span> 
     </span>
    </p>
   </div>
   <div class='ocr_carea' id='block_1_108' title="bbox 392 5501 2053 5584">
    <p class='ocr_par' dir='ltr' id='par_1_108' title="bbox 392 5501 2053 5584">
     <span class='ocr_line' id='line_1_109' title="bbox 392 5501 2053 5584; baseline -0.005 -20"><span class='ocrx_word' id='word_1_738' title='bbox 392 5501 576 5567; x_wconf 79' lang='lat' dir='ltr'>missa</span> <span class='ocrx_word' id='word_1_739' title='bbox 604 5528 745 5567; x_wconf 85' lang='lat' dir='ltr'>voce</span> <span class='ocrx_word' id='word_1_740' title='bbox 775 5501 1093 5584; x_wconf 44' lang='lat' dir='ltr'>perlectis,-</span> <span class='ocrx_word' id='word_1_741' title='bbox 1108 5506 1521 5584; x_wconf 76' lang='lat' dir='ltr'>conclusiones</span> <span class='ocrx_word' id='word_1_742' title='bbox 1547 5517 1765 5584; x_wconf 74' lang='lat' dir='ltr'>sonqra</span> <span class='ocrx_word' id='word_1_743' title='bbox 1790 5501 2053 5584; x_wconf 72' lang='lat' dir='ltr'>modula-</span> 
     </span>
    </p>
   </div>
   <div class='ocr_carea' id='block_1_109' title="bbox 392 5570 2040 5653">
    <p class='ocr_par' dir='ltr' id='par_1_109' title="bbox 392 5570 2040 5653">
     <span class='ocr_line' id='line_1_110' title="bbox 392 5570 2040 5653; baseline -0.005 -17"><span class='ocrx_word' id='word_1_744' title='bbox 392 5585 569 5653; x_wconf 82' lang='lat' dir='ltr'>taque</span> <span class='ocrx_word' id='word_1_745' title='bbox 627 5570 832 5638; x_wconf 37' lang='lat' dir='ltr'>voce‘a</span> <span class='ocrx_word' id='word_1_746' title='bbox 863 5570 1169 5639; x_wconf 86' lang='lat' dir='ltr'>sacerdote</span> <span class='ocrx_word' id='word_1_747' title='bbox 1226 5577 1470 5649; x_wconf 66' lang='lat' dir='ltr'>prolatas</span> <span class='ocrx_word' id='word_1_748' title='bbox 1507 5577 1646 5629; x_wconf 87' lang='lat' dir='ltr'>sunt</span> <span class='ocrx_word' id='word_1_749' title='bbox 1683 5570 2040 5647; x_wconf 75' lang='grc' dir='ltr'>ἐκφωνήσεις.</span> 
     </span>
    </p>
   </div>
   <div class='ocr_carea' id='block_1_110' title="bbox 393 5657 2046 5795">
    <p class='ocr_par' dir='ltr' id='par_1_110' title="bbox 393 5657 2046 5795">
     <span class='ocr_line' id='line_1_111' title="bbox 393 5657 2046 5795; baseline -0.004 -17"><span class='ocrx_word' id='word_1_750' title='bbox 608 5723 871 5779; x_wconf 87' lang='lat' dir='ltr'>Obscura</span> <span class='ocrx_word' id='word_1_751' title='bbox 898 5724 1067 5779; x_wconf 89' lang='lat' dir='ltr'>mihi.</span> <span class='ocrx_word' id='word_1_752' title='bbox 1107 5722 1246 5775; x_wconf 71' lang='lat' dir='ltr'><strong>XYL.</strong></span> <span class='ocrx_word' id='word_1_753' title='bbox 1275 5751 1342 5759; x_wconf 92' lang='lat'><strong>—</strong></span> <span class='ocrx_word' id='word_1_754' title='bbox 1373 5717 1632 5774; x_wconf 80' lang='lat' dir='ltr'>Casulam</span> <span class='ocrx_word' id='word_1_755' title='bbox 1658 5716 2046 5772; x_wconf 79' lang='lat' dir='ltr'>sacerdotalem</span> 
     </span>
    </p>
   </div>
   <div class='ocr_carea' id='block_1_111' title="bbox 2163 5426 3818 5556">
    <p class='ocr_par' dir='ltr' id='par_1_111' title="bbox 2163 5426 3818 5556">
     <span class='ocr_line' id='line_1_112' title="bbox 2163 5426 3818 5556; baseline 0 -69"><span class='ocrx_word' id='word_1_756' title='bbox 2163 5437 2354 5556; x_wconf 47' lang='lat' dir='ltr'>totum</span> <span class='ocrx_word' id='word_1_757' title='bbox 2384 5433 2649 5488; x_wconf 88' lang='lat' dir='ltr'>hminem</span> <span class='ocrx_word' id='word_1_758' title='bbox 2691 5434 3056 5489; x_wconf 87' lang='lat' dir='ltr'>ambientem</span> <span class='ocrx_word' id='word_1_759' title='bbox 3104 5434 3158 5488; x_wconf 84' lang='lat' dir='ltr'>in</span> <span class='ocrx_word' id='word_1_760' title='bbox 3192 5432 3420 5488; x_wconf 75' lang='lat' dir='ltr'>brachia</span> <span class='ocrx_word' id='word_1_761' title='bbox 3470 5426 3818 5501; x_wconf 54' lang='lat' dir='ltr'>retorquens,</span> 
     </span>
     <span class='ocr_line' id='line_1_113' title="bbox 2180 5521 2337 5556; baseline 0 0"><span class='ocrx_word' id='word_1_762' title='bbox 2180 5521 2337 5556; x_wconf 77' lang='lat' dir='ltr'>JOAR.</span> 
     </span>
    </p>
   </div>
   <div class='ocr_carea' id='block_1_112' title="bbox 2180 5521 3818 5647">
    <p class='ocr_par' dir='ltr' id='par_1_112' title="bbox 2180 5521 3818 5647">
     <span class='ocr_line' id='line_1_114' title="bbox 2180 5521 3818 5647; baseline -0.002 -16"><span class='ocrx_word' id='word_1_763' title='bbox 2180 5521 2343 5646; x_wconf 43' lang='lat'>105535</span> <span class='ocrx_word' id='word_1_764' title='bbox 2374 5579 2603 5647; x_wconf 79' lang='lat' dir='ltr'>Septum</span> <span class='ocrx_word' id='word_1_765' title='bbox 2633 5578 3017 5645; x_wconf 76' lang='lat' dir='ltr'>cancellatum,</span> <span class='ocrx_word' id='word_1_766' title='bbox 3051 5577 3169 5632; x_wconf 85' lang='lat' dir='ltr'>sive</span> <span class='ocrx_word' id='word_1_767' title='bbox 3216 5584 3331 5647; x_wconf 72' lang='lat' dir='ltr'>rete</span> <span class='ocrx_word' id='word_1_768' title='bbox 3362 5577 3602 5647; x_wconf 64' lang='lat' dir='ltr'>ligneum</span> <span class='ocrx_word' id='word_1_769' title='bbox 3627 5590 3818 5647; x_wconf 90' lang='lat' dir='ltr'>popu-</span> 
     </span>
    </p>
   </div>
   <div class='ocr_carea' id='block_1_113' title="bbox 2161 5645 3816 5715">
    <p class='ocr_par' dir='ltr' id='par_1_113' title="bbox 2161 5645 3816 5715">
     <span class='ocr_line' id='line_1_115' title="bbox 2161 5645 3816 5715; baseline -0.002 -14"><span class='ocrx_word' id='word_1_770' title='bbox 2161 5645 2284 5702; x_wconf 87' lang='lat' dir='ltr'>lum</span> <span class='ocrx_word' id='word_1_771' title='bbox 2318 5666 2353 5703; x_wconf 89' lang='lat' dir='ltr'>a</span> <span class='ocrx_word' id='word_1_772' title='bbox 2400 5645 2658 5704; x_wconf 74' lang='lat' dir='ltr'>sacrario</span> <span class='ocrx_word' id='word_1_773' title='bbox 2715 5649 3026 5715; x_wconf 86' lang='lat' dir='ltr'>dirimens,</span> <span class='ocrx_word' id='word_1_774' title='bbox 3060 5655 3197 5704; x_wconf 91' lang='lat' dir='ltr'>sunt</span> <span class='ocrx_word' id='word_1_775' title='bbox 3225 5645 3469 5707; x_wconf 84' lang='grc' dir='ltr'>κικλίδες</span> <span class='ocrx_word' id='word_1_776' title='bbox 3494 5649 3592 5699; x_wconf 78' lang='grc' dir='ltr'>τοῦ</span> <span class='ocrx_word' id='word_1_777' title='bbox 3623 5645 3816 5699; x_wconf 85' lang='grc' dir='ltr'>θυσια-</span> 
     </span>
    </p>
   </div>
   <div class='ocr_carea' id='block_1_114' title="bbox 2159 5718 2964 5794">
    <p class='ocr_par' dir='ltr' id='par_1_114' title="bbox 2159 5718 2964 5794">
     <span class='ocr_line' id='line_1_116' title="bbox 2159 5718 2964 5794; baseline 0.005 -22"><span class='ocrx_word' id='word_1_778' title='bbox 2159 5718 2403 5794; x_wconf 87' lang='grc' dir='ltr'>στηρίου.</span> <span class='ocrx_word' id='word_1_779' title='bbox 2446 5720 2758 5787; x_wconf 87' lang='lat' dir='ltr'>(Allatius.)</span> <span class='ocrx_word' id='word_1_780' title='bbox 2792 5721 2964 5776; x_wconf 59' lang='lat' dir='ltr'>Goaa.</span> 
     </span>
    </p>
   </div>
  </div>
