4184 6432
418 389 577 449 1065

1543 385 2023 448 HlSTOltlARU
2035 386 2086 443 Μ
2133 385 2468 449 COMPEN
2480 389 2674 451 DIUM
2687 436 2703 449 .

3712 400 3835 460 106

416 524 517 575 τοῦ
544 515 778 593 Μιχαὴλ
810 516 1215 587 καθωπλίζετο,
1242 516 1332 571 καὶ
1363 517 1501 592 πρὸς
1526 518 1619 572 τὸν
1651 523 1752 586 τῆς
1803 518 2073 573 Θεοτόκου

2192 534 2332 575 nem
2364 537 2498 576 cum
2543 522 2822 578 omnibus
2868 525 3057 597 capiis
3081 527 3141 581 in
3172 528 3500 584 Cretenses.
3534 531 3738 602 Itaque
3769 530 3847 587 ad

417 610 544 663 ναὸν
575 611 681 661 τῶν
731 604 987 682 Ὁδηγῶν
1046 607 1312 683 φοιτήσας
1362 605 1531 680 εἰσῄει
1587 605 1721 679 μετᾶ
1768 603 2078 680 λαμπάδων

417 701 507 753 τέν
547 698 935 770 συντακτήριον
971 694 1266 769 ἒκπληρῶν
1317 698 1450 769 (63).
1498 695 1587 757 Ὡς
1638 693 1730 749 οὖν
1774 699 1892 758 τοῖς
1941 691 2079 749 ἀδό-

416 807 533 850 τοις
562 787 955 861 προσήγγισεν,
988 783 1141 864 ἄφνω
1179 789 1288 838 τῶν
1348 782 1512 839 αὐτοῦ
1570 781 1738 856 ὤμων
1780 786 1816 853 ἠ
1848 781 2073 859 χλαμὺς

419 877 758 948 ὀλισθήσασα
792 874 1066 939 αἰσθέσθαι
1096 877 1286 929 τοῦτον
1338 869 1652 949 δεινοτέρων
1705 870 1894 928 δεινῶν
1929 893 2077 947 παρ-

419 967 687 1024 εσκεύασε.
734 966 836 1022 Καὶ
886 964 1049 1026 αὐτὸς
1080 961 1137 1018 δὲ
1192 964 1299 1039 πρὸ
1357 968 1481 1033 μιᾶς
1542 961 1755 1039 ἡμέρας
1814 965 1910 1017 τοῦ
1945 961 2082 1034 μὲλ-

420 1056 534 1113 λειν
593 1055 838 1124 ἀπαίρειν
899 1053 1005 1108 ἀπὸ
1060 1060 1160 1122 τῆς
1215 1051 1455 1116 πόλεως,
1542 1050 1642 1107 εἶτ’
1702 1051 1791 1128 ἀφ’
1850 1052 2079 1106 ἒασυτοῦ

422 1144 529 1201 εἷ’τε
577 1147 667 1199 καὶ
734 1142 924 1204 ἄλλως
984 1143 1086 1197 ὑπὸ
1161 1147 1262 1197 τοῦ
1324 1139 1629 1214 μέλλοντος
1686 1138 2077 1216 ὶΛαυνόμενος,

419 1234 736 1309 συναγαγὼν
781 1233 857 1295 εἰς
914 1231 1080 1287 ταυτὸ
1137 1230 1263 1293 τοὺς
1323 1229 1520 1309 φίλους
1552 1228 1642 1283 καὶ
1702 1228 2080 1301 συμποσιάσκς

424 1324 734 1399 μεμνῆσθαί
825 1344 885 1379 τε
974 1329 1076 1392 τῆς
1169 1322 1336 1376 αὐτοῦ
1426 1320 1655 1396 παρῄνει
1731 1318 1919 1398 φιλίας
1985 1320 2075 1374 καὶ

419 1415 668 1491 λεγάτα,
730 1436 805 1477 ως
867 1417 965 1467 τοῦ
1025 1413 1150 1486 βίου
1208 1408 1316 1481 ἤδη
1403 1404 1505 1483 ἔξω
1578 1409 1883 1483 γινόμενος,
1933 1428 2072 1483 παρ-

420 1505 633 1578 έσχετο.
665 1508 751 1566 Ὠς
804 1501 896 1557 οῦν
955 1503 1089 1556 κατὰ
1144 1507 1245 1570 τῆς
1304 1502 1528 1575 Κρήτης
1589 1498 1809 1573 ἐξῄεσαν
1864 1498 1955 1553 καὶ
2002 1502 2080 1570 τῷ

420 1592 613 1666 θὲματι
671 1597 778 1647 τῶν
857 1591 1180 1665 Θρᾳκησίων
1253 1584 1566 1658 ἐπέϐησαν,
1625 1587 1717 1642 καὶ
1771 1586 1907 1642 κατὰ
1959 1607 2080 1641 τινα

420 1687 612 1759 Χῶρον
647 1684 761 1756 (64)
790 1680 962 1736 τόπον
1006 1679 1149 1734 οὕτω
1201 1677 1493 1755 λεγόμενον
1553 1677 1606 1731 οἱ
1661 1675 1840 1749 τούτῳ
1870 1677 2079 1750 ὑπηρε-

420 1775 640 1833 τοῦντες
715 1764 1233 1843 προκαταλαϐόντες
1294 1767 1389 1828 τὰς
1448 1766 1646 1836 σκηνὰς
1703 1768 2077 1842 κατεπήγνυον

2185 608 2453 681 Deiparae
2475 610 2681 667 fanum
2706 613 2863 684 quod
2895 613 3173 688 Hodegon
3196 616 3689 691 dicebatur,quod
3712 637 3845 676 eam

2190 697 2302 751 sibi
2353 700 2589 754 itineris
2639 701 2968 758 ductricem
2999 705 3148 759 votis
3201 707 3466 762 solerent
3507 710 3848 780 conciliare,

2187 792 2456 857 accessit,
2492 797 2551 847 et
2596 793 2823 849 facibus
2874 796 3341 867 prwlucentibus
3391 799 3650 869 intravit,
3682 807 3747 855 ut
3786 817 3848 856 se

2189 894 2412 951 suaque
2446 882 2710 953 Deiparm
2761 885 3227 942 commendaret.
3274 889 3419 943 Cum
3454 905 3592 959 ergo
3614 890 3743 961 jam
3776 889 3851 944 ad

2187 971 2518 1043 penetralia
2559 973 2767 1045 templi
2817 975 3195 1045 perrexisset,
3230 977 3425 1032 subito
3478 978 3745 1051 chlamys
3775 978 3848 1034 de

2187 1061 2452 1116 humeris
2500 1062 2687 1133 ipsius
2720 1063 2997 1135 prolapsa
3027 1066 3319 1120 malorum
3359 1067 3411 1121 ei
3446 1067 3847 1123 maximorum

2187 1150 2542 1222 praesagium
2573 1149 2755 1206 dedit.
2796 1151 2957 1206 Idem
2998 1153 3215 1208 Bardas
3247 1154 3435 1226 pridie
3484 1170 3664 1226 quam
3694 1155 3846 1211 urbe

2188 1243 2314 1293 erat
2344 1238 2735 1308 discessurus,
2770 1240 2889 1296 sive
2920 1241 3076 1296 ultro
3101 1243 3221 1298 sive
3244 1242 3456 1299 futuraa
3479 1245 3562 1299 rei
3595 1251 3846 1318 urgente

2185 1329 2326 1396 fato,
2360 1329 2569 1383 amicis
2600 1329 2660 1383 in
2691 1346 2877 1384 unum
2926 1332 3236 1387 conductis
3290 1332 3481 1405 legata
3518 1334 3843 1405 distribuit,

2185 1417 2366 1473 veluti
2396 1418 2497 1488 qui
2519 1418 2647 1490 jam
2682 1419 2798 1474 vita
2838 1419 3168 1476 excederet.
3211 1422 3363 1477 Inita
3421 1439 3555 1495 ergo
3605 1423 3852 1495 expedi-

2189 1506 2370 1574 tione,
2401 1506 2560 1561 utin
2604 1508 3033 1564 Thracensium
3082 1511 3449 1581 provinciam
3498 1518 3851 1583 perventum

2187 1602 2279 1654 est
2308 1597 2383 1652 ad
2414 1596 2611 1652 locum
2637 1598 2958 1669 quemdam
2989 1599 3085 1654 cui
3116 1600 3307 1655 Choro
3328 1617 3569 1669 nomen,
3592 1600 3852 1656 ministri

2187 1685 2392 1742 Bardas
2440 1684 2692 1756 reliquis
2739 1687 2991 1758 priores,
3023 1688 3167 1743 dum
3218 1690 3493 1745 certatim
3540 1690 3854 1759 festinant,

2186 1773 2637 1829 tabernaculum
2671 1772 2920 1830 Caesaris
2976 1776 3096 1830 sive
3127 1775 3330 1831 dedita
3377 1792 3559 1848 opera
3588 1777 3705 1832 sive
3739 1778 3851 1833 im-

420 1859 636 1934 ἀμελλη
671 1860 957 1935 χρώμενοι
1012 1857 1100 1913 καὶ
1157 1855 1391 1931 σπουδῇ,
1426 1854 1650 1919 ἐνταῦθά
1705 1876 1833 1925 που,
1867 1852 1977 1909 εἷ’τε
2007 1851 2073 1923 δὴ

2187 1865 2511 1938 prudentes
2541 1866 2605 1921 in
2638 1865 2795 1921 edito
2849 1867 3107 1937 quodam
3139 1868 3288 1923 colle
3334 1869 3541 1941 ﬁgunt,
3593 1870 3848 1927 tentorio

418 1950 557 2007 κατᾶ
603 1950 864 2025 πρόνοιαν
905 1947 1013 2003 εἴτε
1055 1949 1143 2002 καὶ
1181 1946 1367 2009 ἄλλως
1398 1947 1515 2001 κατ’
1546 1944 1792 2019 ἄγνοιαν,
1826 1945 1925 2013 τήν
1980 1944 2075 2018 μὲν

418 2042 516 2095 τοῦ
554 2036 821 2115 βασιλέως
854 2036 941 2092 ἐπὶ
998 2033 1220 2092 πεδινοῦ
1254 2034 1466 2111 χωρίου
1525 2033 1754 2090 αὐλαίαν
1787 2034 2073 2104 ἐπήξαντο,

424 2126 499 2191 εἵς
525 2150 642 2184 τινα
699 2126 758 2183 δὲ
816 2127 985 2204 λόφον
1049 2123 1519 2202 ὑπερανεστηκότα
1570 2126 1670 2193 τὴν
1728 2128 1826 2179 τοῦ
1874 2123 2077 2180 Καίσα-

425 2241 519 2295 ρος
586 2219 940 2274 ἀνεπέτασαν.
993 2219 1167 2287 Ὀπερ
1237 2216 1314 2279 ὡς
1343 2213 1568 2291 ἕρμαιον
1629 2209 1886 2277 λαϐόντες
1911 2216 1967 2267 οἱ
1995 2217 2077 2285 τῷ

424 2306 655 2387 Μιχαὴλ
688 2306 1077 2383 προσκείμενοι
1128 2306 1215 2361 καὶ
1269 2302 1782 2379 προσπολεμοῦντες
1810 2307 1890 2374 τῷ
1943 2304 2076 2359 Καί-

422 2419 547 2472 σαρι
604 2400 941 2471 κατῃτιῶντο
1002 2396 1064 2450 τὸ
1118 2393 1340 2471 γεγονὸς
1397 2394 1487 2448 καὶ
1544 2392 1640 2454 τὰς
1697 2394 1814 2448 κατ’
1868 2390 2074 2447 ἐκείνου

421 2488 660 2558 ὲξὲκαιον
711 2481 1050 2559 συμϐουλὰς
1110 2485 1428 2557 Ὑπὲθραττε
1460 2479 1506 2536 δ’
1538 2481 1691 2556 ὅμως
1744 2482 1937 2545 αὐτοὺς
1985 2481 2073 2537 καὶ

417 2579 787 2653 νωθροτέρους
833 2574 1007 2631 ἐποίει
1062 2574 1200 2650 πρὸς
1251 2574 1351 2641 τὴν
1412 2571 1782 2648 ἐγχείρησινὴ
1813 2576 1907 2625 τοῦ
1940 2569 2076 2628 Καί-

421 2686 585 2740 σαρος
644 2664 1002 2739 κραταιοτέρα
1061 2662 1245 2740 ἰσχύς·
1286 2663 1386 2730 τήν
1415 2682 1474 2715 τε
1503 2660 1609 2735 γὰρ
1660 2665 1761 2715 τοῦ
1820 2658 2077 2733 δομεστί-

418 2778 517 2812 κου
563 2761 664 2812 τῶν
708 2755 933 2835 σχολῶν
985 2755 1162 2829 ἀρχὴν
1212 2756 1240 2808 6
1278 2752 1473 2807 τούτου
1501 2753 1653 2831 εἶχεν
1685 2752 1802 2816 υίὸς
1826 2753 2075 2826 Ἀντίγο-

417 2867 535 2919 νος,
563 2847 654 2902 καὶ
685 2847 737 2900 οἱ
768 2843 960 2902 λοιποὶ
1025 2841 1316 2917 στρατηγοὶ
1374 2841 1521 2914 αὐτῷ
1578 2842 1957 2920 ἐπειθάρχουν,
1987 2841 2078 2896 καὶ

420 2930 736 3011 Συμϐάτιος
768 2932 1123 3011 ὁλογοθέτης
1172 2934 1269 2987 τοῦ
1319 2929 1550 3006 δρόμου,
1594 2924 1845 3006 γαμϐρὸς
1876 2930 1964 2985 ἐπὶ
2003 2933 2074 3004 τῇ

420 3024 643 3100 θυγατρὶ
692 3024 859 3078 αὑτοῦ
923 3020 1212 3097 τογχάνων
1241 3064 1254 3089 ,
1304 3018 1709 3095 ἀναντιρῥήτως
1754 3020 1821 3075 τὰ
1870 3019 2074 3075 ἐκείνου

420 3117 638 3188 φρονεῖν
696 3110 1031 3169 ἐπιστεύετο.
1089 3108 1244 3166 Ἀλλ’
1294 3104 1480 3163 ἔλαθεν
1522 3109 1550 3162 6
1598 3102 1913 3181 Συμϐάτιος
1968 3108 2071 3164 ὑπὸ

414 3206 511 3257 τοῦ
546 3200 817 3276 βασιλέως
862 3197 1094 3261 κλαπεὶς
1150 3197 1241 3253 καὶ
1287 3198 1379 3252 τὸν
1440 3196 1603 3275 φόνον
1658 3201 1756 3253 τοῦ
1814 3199 2072 3273 πενθεροῦ

417 3290 784 3367 ἐργασάμενος
816 3289 1002 3357 αὐτὸς,
1058 3289 1145 3344 καὶ
1197 3286 1296 3342 οὐκ
1352 3286 1523 3349 ἄλλος
1568 3286 1817 3360 σύνθημα
1845 3291 1942 3343 τοῦ
1972 3288 2070 3364 φό-

414 3402 507 3436 νου
574 3380 966 3456 εὖτρεπισθείς.
1028 3379 1188 3455 Ἄρτι
1250 3378 1352 3453 γὰρ
1412 3377 1556 3451 ἐξῄει
1629 3377 1726 3440 τὰς
1792 3377 2070 3456 ἀναφορὰς

414 3469 696 3545 ἆναγκοὺς,
738 3468 828 3523 καὶ
874 3468 938 3523 τὸ
997 3472 1226 3540 σημεῖον
1295 3464 1475 3521 ἐδίδου
1530 3466 1629 3522 τοῦ
1686 3466 1871 3545 φόνου,
1906 3488 2075 3523 σταυ-

417 3560 511 3637 ρὸν
542 3559 618 3623 εἷς
648 3561 711 3614 τὸ
756 3559 950 3614 ἑαυτοῦ
975 3556 1268 3632 πρόσωπον
1297 3555 1618 3631 ἐγχαράξας.
1671 3552 2073 3615 Ἀνεϐάλλοντο

414 3648 462 3705 δ’
491 3649 644 3723 ὅμως
686 3649 739 3703 οἱ
788 3646 1125 3719 συνωμόται,
1180 3648 1283 3713 τήν
1342 3646 1606 3719 ἑταιρείαν
1664 3645 2071 3721 παρισταμένην

414 3744 646 3818 ὁρῶντες
682 3743 780 3794 τοῦ
833 3737 1118 3809 Καίσαρος.
1168 3737 1341 3809 Ὃπερ
1372 3737 1400 3790 ὁ
1442 3735 1675 3811 Μιχαὴλ
1725 3732 2075 3812 εὐλαϐηθεὶς,

429 3833 504 3904 μὴ
546 3852 666 3893 πως
695 3829 1018 3905 κατάφωρος
1070 3824 1361 3901 γεοόμενος
1419 3826 1539 3889 καθ’
1597 3827 1791 3880 ἑαυτοῦ
1835 3829 1935 3895 τὴν
1969 3828 2077 3900 μά-

428 3939 623 3996 χαιραν
674 3918 1079 3987 ἐπισπάσηται,
1138 3912 1228 3969 διὰ
1283 3918 1480 3968 πιστοῦ
1534 3914 1682 3975 τίνος
1734 3913 2075 3989 ἐθαρσοποίει

420 4008 548 4070 τοὺς
598 4005 797 4084 ἄνδρας
842 4010 961 4066 ταῖς
1024 4005 1369 4079 ὑποσχέσεσι.
1403 4003 1505 4059 Καὶ
1544 4001 1826 4076 παρῆλθεν
1885 4002 1946 4057 ἃν
1982 4004 2074 4057 τὸν

417 4095 666 4153 κίνδυνον
698 4096 791 4151 καὶ
841 4092 1252 4170 παρεκρούσατο
1303 4093 1331 4146 6
1382 4094 1591 4166 Καῖσαρ
1638 4096 1721 4163 τῷ
1767 4088 1875 4146 δὲει
1917 4113 2078 4147 κατα-

426 4184 828 4259 πλησσομὲνων
882 4183 972 4237 καὶ
1051 4180 1479 4259 κατεπτηχότων
1523 4186 1631 4235 τῶν
1720 4186 2077 4254 συνωμοτῶν,

429 4276 473 4331 εἷ
536 4277 613 4351 μὴ
670 4271 955 4335 Βασίλειος
1014 4273 1042 4327 6
1100 4270 1233 4345 μετᾶ
1278 4274 1444 4325 ταῦτα
1500 4273 1578 4345 [Ρ.
1614 4273 1739 4343 556]
1796 4271 2077 4344 βασιλεὺς,

422 4366 925 4441 παρακοιμώμενος
974 4367 1085 4435 (65)
1137 4360 1235 4429 ὥν,
1270 4358 1519 4430 διανέστη
1568 4361 1705 4436 πρὸς
1753 4362 1854 4430 τὴν
1887 4359 2080 4440 ἐγχεί-

427 4474 607 4530 ρησιν·
665 4450 823 4515 οὗτος
882 4453 986 4527 γὰρ
1045 4448 1349 4524 ἀπορῥῖψαί
1404 4470 1463 4505 τε
1499 4448 1674 4513 πείθει
1711 4451 1774 4505 τὸ
1806 4446 1927 4513 δέος
1951 4450 2083 4514 τοὺς

425 4543 745 4618 συνωμότας
790 4542 883 4596 καὶ
928 4541 1067 4616 πρός
1114 4540 1215 4609 τήν
1263 4539 1456 4614 πρᾶξιν
1503 4537 1842 4613 ἐπιρωννύει,
1896 4542 2081 4615 Ξιφή-

2192 1954 2379 2024 ipsius
2401 1954 2783 2026 imperatoris
2805 1954 2865 2009 in
2888 1955 3137 2027 planitie
3168 1972 3449 2028 expanso.
3487 1959 3604 2013 Hoc
3624 1956 3849 2013 factum

2186 2042 2227 2096 ii
2249 2044 2350 2114 qui
2365 2043 2721 2100 Michaelum
2735 2048 2944 2100 contra
2961 2044 3207 2101 Bardam
3235 2046 3532 2101 concitare
3548 2046 3845 2113 solebant,

2185 2136 2251 2187 ut
2274 2133 2497 2204 optimo
2510 2150 2653 2189 casu
2679 2131 2942 2190 oblatam
2965 2135 3449 2190 commoditatem
3465 2136 3845 2207 arripientes,

2186 2221 2724 2289 calumniabantur,
2758 2227 2818 2277 et
2864 2222 3111 2279 consilia
3157 2228 3366 2279 contra
3418 2240 3555 2279 eum
3596 2223 3745 2280 inita
3781 2228 3851 2279 ut

2188 2317 2612 2382 exsequeretur
2640 2312 2966 2383 imperator
2986 2312 3622 2385 instigabantﬂaesaris
3646 2318 3850 2369 tamen

2186 2401 2454 2472 potentia
2487 2401 2695 2474 ingens
2740 2401 3019 2457 inimicos
3050 2401 3326 2458 turbabat
3355 2408 3414 2457 et
3440 2401 3597 2458 980
3636 2402 3710 2458 ad
3741 2420 3851 2458 au-

2185 2489 2447 2545 dendum
2464 2489 2696 2546 facinus
2716 2491 3019 2563 segniores
3031 2490 3337 2547 reddebat.
3362 2492 3588 2563 Quippe
3608 2496 3666 2546 et
3688 2491 3849 2548 filius

2187 2577 2316 2648 ejus
2339 2577 2649 2633 domestici
2667 2579 3007 2633 scholarum
3027 2596 3238 2650 gerens
3276 2596 3495 2634 munus
3515 2580 3848 2652 Antigonus

2185 2668 2452 2739 reliquos
2483 2669 2851 2724 exercituum
2883 2668 3064 2724 duces
3096 2668 3208 2724 sibi
3235 2668 3494 2724 habebat
3514 2669 3847 2739 obsequen-

2188 2765 2315 2825 tes;
2379 2762 2437 2812 et
2466 2757 2803 2830 Symbatius
2834 2757 3025 2812 dromi
3057 2757 3358 2830 logotheta
3401 2757 3604 2814 Bardaa
3661 2774 3847 2829 gener

2186 2846 2345 2902 haud
2376 2846 2555 2902 dubie
2588 2845 2659 2901 ab
2708 2846 2896 2917 ipsius
2943 2852 3097 2903 stare
3152 2847 3417 2918 partibus
3465 2846 3841 2904 credebatur.

2183 2936 2331 2991 Nam
2375 2935 2730 3008 ignorabant
2774 2952 2912 2991 eum
2959 2953 2995 2991 a
3041 2936 3323 2992 Michaelo
3376 2936 3581 2992 Bardas
3635 2936 3843 2991 furtim

2185 3025 2485 3081 sublatum
2533 3025 2681 3081 adeo
2730 3041 2936 3082 socero
2992 3042 3202 3081 necem
3258 3026 3478 3095 moliri,
3509 3031 3577 3083 ut
3613 3025 3845 3082 nemini

2184 3115 2355 3170 alteri
2401 3130 2579 3185 quam
2649 3114 2762 3186 ipsi
2822 3120 3050 3171 tessera
3115 3115 3401 3172 facinoris
3456 3116 3535 3172 sit
3592 3115 3840 3172 credita.

2184 3203 2440 3259 Proinde
2473 3203 2810 3275 Symbatius
2840 3204 3021 3260 simul
3049 3211 3108 3259 et
3136 3209 3268 3261 acta
3296 3204 3519 3271 retulit,
3545 3210 3605 3260 et
3632 3204 3847 3261 faciem

2184 3248 2208 3258 -
2232 3248 2440 3259 -v-..“
2474 3248 2810 3275 arma.--"
2840 3248 3021 3260 -..μω
3051 3248 3108 3259 ..-
3136 3248 3268 3261 ...,...
3296 3248 3519 3271 -..-.....,
3547 3248 3605 3260 ν.
3632 3248 3839 3261 μων...

2106 3248 2149 3316 C
2180 3309 2351 3348 suam
2373 3309 2547 3349 cruce
2572 3293 2813 3365 signans
2835 3292 3162 3349 inferendae
3184 3293 3386 3349 Bardas
3401 3293 3582 3350 cedis
3601 3294 3839 3366 signum

2181 3382 2364 3438 dedit.
2387 3383 2533 3439 Cum
2556 3387 2754 3438 autem
2776 3382 3207 3455 conjurationis
3229 3382 3373 3438 socii
3395 3387 3843 3450 cunctarentur,

2181 3472 2321 3542 quia
2367 3476 2689 3527 sectatores
2737 3470 2940 3527 Bardaa
3004 3488 3206 3528 coram
3249 3470 3488 3527 adstare
3533 3471 3839 3539 videbant,

2182 3561 2503 3617 Michaelus
2534 3566 2809 3617 metuens
2840 3577 2916 3616 ne
2946 3561 3066 3617 illis
3093 3560 3619 3633 tergiversantibus
3650 3577 3713 3615 re
3735 3560 3837 3615 de-

2182 3656 2340 3707 tecta
2385 3651 2448 3706 in
2494 3666 2556 3706 se
2602 3649 2783 3722 gladii
2842 3651 3295 3723 stringerentur,
3346 3650 3531 3705 misso
3591 3665 3835 3705 suorum

2184 3740 2455 3796 ﬁdelium
2476 3739 3295 3812 quodam,pollicitationibus
3317 3756 3418 3795 eos
3441 3740 3835 3795 confirmavit.

2183 3829 2583 3886 Nihilominus
2598 3835 2798 3885 tamen
2810 3829 3474 3895 evasissetCamarmdeo
3497 3846 3629 3902 conj
3640 3834 3840 3885 uratos

2184 3922 2381 3972 metus
2429 3917 2801 3972 deterruerat
2827 3933 2862 3971 a
2887 3918 3174 3988 facinore,
3208 3917 3323 3971 nisi
3367 3917 3621 3972 Basilius
3651 3919 3847 3988 impe-

2182 4004 2399 4059 ratoris
2432 4005 2529 4059 cui
2580 4004 2866 4059 successit
2923 4004 3159 4075 deinde,
3220 4003 3623 4060 cubicularius
3661 4004 3737 4060 ad
3784 4004 3847 4058 id

2184 4092 2590 4165 peragendum
2641 4109 2703 4147 se
2752 4092 3169 4164 proripuisset,
3201 4109 3458 4163 suosque
3509 4093 3852 4150 cohortatus

2187 4187 2344 4238 esset
2371 4186 2438 4236 ut
2467 4182 2699 4252 abjecto
2732 4185 2897 4236 metu
2943 4182 3316 4254 propositum
3356 4189 3849 4253 exsequerentur.

2189 4271 2407 4328 Bardas
2436 4286 2573 4326 cum
2603 4287 2704 4325 eos
2735 4270 2958 4326 strictis
2980 4270 3192 4341 gladiis
3213 4271 3276 4326 in
3298 4288 3360 4326 se
3383 4288 3556 4327 ruere
3581 4276 3856 4327 cerneret

2188 4365 2564 4433 mortemque
2609 4360 2722 4416 sibi
2754 4359 3120 4431 impendere,
3152 4360 3229 4416 ad
3258 4360 3638 4432 imperatoris
3669 4361 3852 4432 pedes

2190 4470 2253 4509 se
2282 4452 2506 4525 abjicit.
2556 4450 2720 4507 Unde
2751 4449 3117 4506 abstractum
3160 4451 3201 4505 ii
3233 4450 3613 4507 membratim
3648 4451 3853 4506 conci-

2190 4543 2361 4611 dunt,
2377 4547 2436 4597 et
2457 4540 2739 4615 genitalia
2762 4539 2890 4610 ejus
2903 4546 3078 4596 conto
3109 4540 3354 4612 praefixa
3381 4556 3488 4611 per
3520 4538 3849 4596 ludibrium

424 4654 535 4710 ρεις
569 4631 664 4689 οὖν
692 4631 818 4692 τοὺς
846 4626 1044 4704 ἄνδρας
1092 4625 1225 4683 ἰδὼν
1258 4629 1285 4683 6
1317 4624 1530 4704 Βάρδας
1577 4627 1824 4691 ἐπιόντας
1863 4629 2078 4703 ἀθρόως

2188 4636 2513 4688 ostentant.
2560 4633 2767 4687 Ortum
2809 4646 2879 4685 ex
2908 4647 2978 4685 eo
3029 4629 3353 4685 tumultum
3386 4629 3709 4703 ingentem,
3745 4630 3848 4702 qui

1628 4746 1994 4803 XYLANDRI
2024 4750 2111 4804 ET
2148 4750 2365 4805 GOARI
2406 4749 2627 4803 NOTAE.

495 4877 606 4948 (63l
637 4879 890 4931 Zonaras
920 4878 990 4946 τῇ
1034 4873 1348 4948 Θεομτςτᾷορι
1388 4869 1800 4948 συνναξόμεγσς,
1851 4874 2089 4931 clarius.

427 4943 539 5003 Sed
570 4964 750 5019 supra
779 4947 843 5001 D.
879 4943 1194 5019 Gregorius
1225 4943 1553 5019 Theologus
1584 4944 1934 5019 perhibetur
1963 4963 2086 5002 ora-

426 5020 585 5075 tione
616 5015 978 5091 s_yntacteria
1002 5015 1239 5091 ‘habita
1296 5015 1670 5091 discessisse
1701 5015 1774 5070 ab
1804 5017 2085 5091 Ecclesia;

424 5086 853 5163 gubernatione
881 5105 894 5155 ;
924 5105 1055 5159 quas
1087 5086 1726 5163 videtur_de_Eccles_i_ze
1772 5089 2093 5145 concordia

425 5157 484 5217 Et
512 5162 923 5218 incolumitate
942 5157 1379 5215 constituenda
1409 5158 1614 5213 fuisse.
1646 5157 1783 5214 XYL.

497 5234 611 5306 (64)
643 5236 841 5305 Χῶρον
875 5231 1034 5306 idem
1081 5231 1204 5286 fere
1260 5230 1557 5306 signiﬁcat
1586 5230 1760 5306 quod
1775 5231 1964 5306 locus,
1996 5230 2086 5286 τό-

426 5300 550 5366 πος.
588 5300 699 5361 Sed
733 5300 934 5360 tamen
963 5303 1241 5376 hoc___no_n
1274 5306 1395 5356 tam
1443 5301 1635 5356 visum
1681 5300 1792 5356 fuit
1820 5304 2091 5376 accipere

430 5394 536 5448 pro
567 5377 806 5448 proprio
839 5391 1020 5448 quam
1069 5373 1240 5448 illud.
1274 5378 1408 5448 lin.

494 5444 698 5521 (esus
729 5444 949 5521 estqui
1003 5445 1414 5521 superioribus
1475 5444 1707 5499 sarculis
1764 5445 1943 5521 κόμης
1977 5452 2085 5501 τῶν

430 5512 758 5597 ἐξά-ουϐίτων
792 5512 1120 5597 dicebatur,
1154 5516 1331 5597 cujus
1345 5532 1571 5597 nempe
1620 5512 1862 5597 nomine
1894 5512 2091 5597 Cresco

418 5587 656 5647 reddito
687 5593 952 5647 Romana
1002 5589 1133 5659 ejus
1163 5587 1484 5659 appellatio
1535 5587 1766 5642 destitit
1814 5589 1875 5643 in
1928 5592 2094 5648 curia

418 5607 656 5647 reualto
688 5607 952 5647 nomana
1002 5607 1033 5643 e
1062 5607 1133 5642 us
1163 5607 1484 5659 appellatio
1535 5607 1766 5642 (Iesum.
1814 5607 1875 5643 in
1928 5608 2086 5648 curia

415 5664 522 5718 GP.
561 5662 749 5734 Hujus
780 5662 936 5740 vices
964 5607 1053 5740 ad,
1069 5659 1331 5740 tuendum
1376 5659 2086 5740 palatium-tytgndamque

418 5751 536 5791 rem
556 5729 846 5806 privatam
876 5730 1274 5803 Luitprandus
1318 5746 1447 5786 esse
1475 5729 1620 5785 dicit
1645 5730 1748 5801 Ill,
1776 5735 1826 5787 7.
1860 5735 1936 5789 At
1964 5729 2088 5792 non

702 5850 972 5914 ΡΑι-ιοι..
1021 5853 1133 5913 Gn.
1181 5847 1391 5911 CXXI.

2196 4875 2254 4930 id
2285 4879 2716 4945 exsequeretur
2747 4874 2861 4929 nisi
2888 4879 3209 4945 perpetuus
3242 4873 3446 4944 palatii
3480 4873 3632 4927 foret
3670 4888 3850 4927 excu-

2199 4946 2355 5000 bitor
2394 4945 2483 4998 vel
2534 4944 2945 5000 excubitorum
2980 4944 3333 5016 praecipuus.
3370 4948 3458 4999 An
3489 4960 3625 5016 vero
3655 4949 3720 4997 ut
3751 4960 3853 4998 ex-

2198 5017 2450 5083 cubitor,
2485 5016 2569 5071 sic
2616 5031 2853 5086 quoque
2898 5015 3297 5072 cubicularius
3326 5015 3685 5070 asserendus
3714 5032 3851 5070 cum

2197 5088 2491 5160 Xylandro
2509 5088 2541 5160 ξζ
2570 5104 2691 5142 non
2722 5104 2958 5143 censeo.
2993 5086 3600 5160 Cubiculariietenim
3630 5093 3855 5160 postre-

2198 5154 2314 5217 mis
2345 5158 2581 5215 saaculis
2619 5175 2855 5230 semper
2885 5160 3166 5226 eunuchi,
3197 5158 3445 5214 Basilius
3478 5154 3852 5230 παρακοιμώτ

2203 5250 2362 5302 μεΑος
2382 5231 2725 5303 virinteger
2750 5227 3113 5303 exstititJlle
3135 5231 3197 5285 in
3218 5227 3853 5303 penetralibu§,hic_ad

2199 5294 2358 5359 fores
2388 5302 2582 5359 stabat
2624 5294 2724 5357 vllli
2785 5301 3041 5371 denique
3088 5294 3429 5367 κοιτωνῖται,
3487 5294 3852 5354 κουόικουλά-

2202 5376 2433 5450 ριοι-Ῡθι
2459 5374 2577 5429 alio
2600 5372 2805 5450 quovis
2832 5373 3075 5450 nomine
3108 5374 3247 5450 dicti
3275 5391 3297 5450 ;_
3320 5374 3501 5450 hujus
3527 5389 3744 5450 nomen
3766 5371 3855 5427 nil

2201 5444 2397 5504 simile
2450 5449 2638 5501 sonat.
2690 5444 2843 5515 Quin
2894 5444 3092 5515 potius
3125 5446 3176 5499 ei
3209 5444 3430 5500 subditi
3480 5444 3852 5499 excubitores

2199 5526 2266 5576 ut
2292 5519 2510 5575 variam
2532 5514 2992 5587 appellationem
3020 5515 3104 5569 sic
3129 5515 3431 5572 diversum
3453 5533 3673 5573 munus
3694 5516 3851 5570 nacti

2201 5586 2615 5648 ostenduntur
2648 5586 2898 5659 inferius
2932 5603 2988 5657 p.
3020 5587 3145 5659 567,
3181 5587 3322 5659 quia
3370 5587 3652 5659 dicuntur
3679 5605 3852 5659 παρα-

2199 5667 2376 5718 κοῖται
2410 5666 2467 5740 et
2496 5655 2979 5740 ποιακοιμωμξνου
3002 5655 3218 5740 οἰκεῖοι,
3242 5657 3570 5740 familiares
3610 5655 3854 5723 addicti,

2200 5752 2319 5791 uno
2351 5732 2526 5790 verbo
2550 5730 2657 5787 sub
2690 5728 2827 5803 ejus
2849 5728 3257 5801 dispositione.
3292 5730 3467 5785 GOAR.

3606 5849 3686 5907 34
