4184 6436
321 481 474 548 1069

1467 486 2009 554 ΗΙΞΤΟΒῙΛΒΠΜ
2058 488 2589 558 COMPENDIUM

3576 500 3733 561 1070

315 632 413 680 σας
474 616 534 673 οὔ
592 614 930 675 παντάπασιν
989 616 1269 696 ἠμοίρησε
1325 626 1432 678 τῶν
1488 621 1800 679 ἐπαινετῶν·
1881 618 1962 677 δι-

2081 628 2377 701 poterium
2408 628 2647 701 dicitur,
2667 632 2725 687 et
2746 628 3140 705 polycandela
3168 629 3426 704 plurimo
3448 639 3729 705 praestan-

314 708 673 785 σιοποτῆριον
710 704 822 784 (68)
853 712 959 787 γὰρ
988 708 1323 786 προσήνεγκε
1362 716 1431 788 τῇ
1473 712 1701 791 Μεγάλῃ
1729 711 1966 784 Ἐκκλη-

316 796 428 871 σίᾳ,
459 796 550 855 καὶ
582 796 982 872 πολυκάνδηλα
1013 803 1124 875 (69)
1162 799 1228 856 τὰ
1275 801 1467 878 πρώην
1522 801 1646 858 λίαν
1699 796 1965 879 ὗπερελά-

316 904 502 947 σαντα.

389 977 788 1053 Ἀναιρεθέντος
851 978 913 1048 δ“,
971 980 1045 1043 ὡς
1106 978 1353 1057 εἶ’πομεν,
1437 981 1535 1037 τοῦ
1591 980 1846 1057 Μιχαὴλ,
1904 980 1966 1036 τὸ

315 1066 417 1134 τῆς
448 1062 727 1141 βασιλείας
786 1065 1081 1139 ἀνεδήσατο
1130 1070 1329 1145 κράτος
1362 1070 1389 1123 ὁ
1424 1068 1729 1132 Βασίλειος.
1780 1072 1964 1131 ’Ὅστις

316 1149 376 1209 δὶ
425 1154 581 1218 οὗτος
639 1156 871 1224 ἧνίκαὶ
930 1157 1047 1213 ὅθεν
1100 1155 1354 1234 ὥρμητο,
1413 1159 1516 1215 κάκ
1570 1154 1730 1221 ποίας
1791 1156 1965 1220 αἰτίας

314 1241 393 1307 εἷς
419 1245 517 1314 τήν
574 1240 850 1321 βασίλειον
911 1246 1062 1323 ἀνῄει
1110 1250 1395 1320 περιωπήν
1455 1247 1514 1304 ἔκ
1569 1252 1826 1313 ταπεινῆς
1876 1245 1966 1301 καὶ

312 1331 607 1407 ἀλαμποῦς
642 1336 964 1411 ὁρμώμενος
992 1337 1199 1417 τύχης,
1251 1338 1450 1394 ἀνωθεν
1495 1334 1771 1394 διαλαϐὼν
1807 1341 1834 1392 ό
1867 1337 1967 1394 λό-

313 1444 414 1498 γος
472 1421 849 1500 διατρανώσει.
913 1427 1137 1502 Ἥνεγκε
1167 1426 1342 1484 τοίνυν
1386 1430 1421 1497 ἡ
1476 1432 1584 1483 τῶν
1637 1425 1965 1484 Μακεδόνων

314 1511 478 1591 χώρα
516 1512 700 1585 αὐτὸν,
734 1513 879 1571 εἷλκε
909 1512 965 1571 δὲ
993 1518 1055 1571 τὸ
1083 1514 1235 1593 γένος
1268 1515 1317 1589 ἐξ
1360 1514 1690 1593 Ἀρμενίων,
1740 1516 1799 1572 έκ
1829 1515 1963 1571 πάνυ

319 1599 580 1678 λαμπρᾶς
612 1606 987 1680 καταγόμενος
1018 1613 1118 1676 τῆς
1146 1610 1254 1662 τῶν
1286 1604 1627 1682 Ἀρσακιδῶν
1679 1611 1880 1681 σειρᾶς,
1912 1604 1961 1675 ἐξ

312 1684 381 1759 ἧς
416 1693 590 1765 μόνης
619 1693 790 1767 νόμος
819 1697 884 1764 ἦν
917 1693 1300 1771 βασιλεύεσθαι
1332 1698 1567 1773 Πάρθοις
1616 1695 1704 1750 καὶ
1756 1692 1966 1766 Μήδοις

314 1780 406 1834 καὶ
436 1781 746 1856 Ἀρμενίοις
778 1780 868 1839 διὰ
897 1784 959 1841 τὸ
990 1781 1154 1847 κλέος
1186 1782 1283 1840 τοῖ’)
1316 1782 1539 1861 πρώτου
1571 1784 1834 1860 Ἀρσάκου
1863 1787 1963 1838 τοῦ

311 1867 759 1946 ἀνακτησαμένου
781 1874 899 1936 τοῖς
925 1874 1157 1951 Πάρθοις
1176 1877 1275 1945 τὴν
1303 1873 1582 1950 βασιλείαν
1612 1875 1713 1928 ὑπὸ
1746 1875 1960 1950 Ιίερσῶν

2081 719 2249 778 tiora.

2151 976 2470 1035 Interfecto
2501 974 2808 1044 Michaelo,
2841 974 3087 1036 Basilius
3130 978 3450 1054 imperium
3476 978 3727 1051 acoepit.

2079 1062 2130 1124 is
2161 1068 2319 1124 unde
2352 1074 2587 1143 sumpto
2632 1071 2802 1125 initio
2852 1086 3085 1144 quaque
3125 1084 3268 1125 usus
3315 1069 3625 1125 occasione
3659 1086 3730 1124 ex

2076 1156 2291 1214 humili
2324 1158 2381 1214 et
2411 1158 2663 1215 obscuro
2697 1160 2827 1215 loco
2860 1159 2933 1215 ad
2983 1159 3220 1215 culmen
3248 1159 3483 1231 imperii
3515 1166 3729 1214 ascen-

2077 1248 2250 1319 derit,
2283 1248 2462 1305 altius
2493 1250 2744 1321 repetita
2773 1268 2836 1305 re
2870 1254 2960 1306 est
2989 1244 3428 1322 explicandum.
3454 1246 3586 1304 Fuit
3616 1250 3729 1305 Ba-

2077 1337 2247 1394 silius
2278 1340 2469 1412 patria
2498 1336 2652 1396 983
2700 1340 2956 1409 Macedo,
2990 1340 3232 1396 natione
3281 1338 3618 1403 Armenius,
3654 1356 3726 1395 ex

2074 1425 2297 1483 illustri
2346 1428 2760 1484 Arsasidarum
2810 1429 3015 1501 stirpe,
3068 1445 3137 1483 ex
3185 1443 3303 1500 qua
3352 1424 3529 1483 unica
3565 1428 3727 1500 leges

2075 1515 2354 1573 sinebant
2405 1514 2782 1588 Parthorum,
2834 1518 3136 1575 Medorum
3189 1518 3727 1590 Armeniorumque

2075 1624 2242 1678 reges
2270 1602 2466 1680 deligi.
2500 1607 2574 1662 ob
2606 1607 2855 1682 gloriam
2880 1606 3055 1681 primi
3088 1604 3347 1671 Arsacis,
3369 1605 3467 1678 qui
3493 1604 3729 1662 Parthis

2074 1713 2319 1767 regnum
2371 1714 2405 1751 a
2451 1688 2645 1753 Persis
2699 1703 3038 1769 surreptum
3096 1700 3569 1771 recuperaverat.
3620 1692 3731 1750 Diu

2073 1782 2393 1840 admodum
2427 1785 2606 1857 hujus
2638 1786 2874 1841 Arsacis
2901 1786 3216 1861 progenies
3248 1785 3423 1840 dictis
3453 1784 3729 1857 gentibus

2073 1871 2405 1945 imperavit.
2440 1870 2693 1931 Ultimus
2723 1872 3056 1930 Artabanus
3088 1875 3336 1948 ejusque
3367 1872 3550 1929 frater
3577 1868 3729 1929 Clie-

312 1959 786 2038 έσφετερισμένην.
831 1962 924 2020 Καὶ
960 1959 1152 2037 συνέϐη
1200 1963 1368 2040 μέχρι
1423 1964 1640 2020 πολλοῦ
1691 1964 1816 2026 τοὺς
1865 1966 1961 2018 τοῦ

2081 1981 2201 2029 nes,
2234 1964 2387 2020 avito
2419 1965 2711 2020 exturbati
2736 1982 2937 2038 regno,
2965 1965 3308 2038 Byzantium
3339 1964 3571 2019 exsules
3600 1978 3731 2036 per-

311 2048 584 2125 Ἀρσάκου
632 2050 939 2129 ἀπογόνους
990 2050 1297 2130 βασιλεύειν
1356 2057 1463 2109 τῶν
1526 2052 1825 2127 εἰρημένων
1876 2051 1960 2106 έθ-

313 2143 446 2197 νῶν.
481 2139 753 2217 Ἕσχατος
808 2138 866 2196 δὲ
916 2147 1017 2213 τῆς
1082 2142 1357 2218 βασιλείας
1408 2143 1646 2199 ἐκπεσὼν
1695 2138 1961 2218 Ἀρτάϐα.

315 2247 409 2289 νος
451 2234 554 2298 τῆς
609 2237 968 2310 προγονικῆς,
1018 2233 1164 2286 καὶὸ
1196 2232 1391 2289 τούτου
1441 2228 1675 2310 ἀδελφὸς
1726 2229 1964 2303 Κλιένης

318 2312 551 2395 φυγάδες
608 2318 685 2381 εἷς
761 2321 823 2375 τὸ
884 2323 1168 2391 Βυζάντιον
1239 2320 1647 2397 παραγίνονται·
1728 2322 1877 2376 Λέων
1938 2321 1965 2375 ὁ

320 2406 490 2485 μέγας
528 2406 654 2463 τότε
683 2409 782 2478 τὴν
813 2415 921 2465 τῶν
965 2411 1256 2485 Ῥωμαίων
1297 2409 1446 2466 ἲθυνε
1502 2410 1804 2485 βασιλείαν.
1857 2408 1967 2467 Οὗ-

314 2515 410 2559 τος
443 2497 536 2552 οὗν
578 2496 706 2561 τοὺς
767 2496 964 2574 ἄνδρας
1025 2494 1422 2574 ὑποδεξάμενος
1474 2500 1561 2554 καὶ
1624 2500 1966 2574 ἀξιοπρεπῶς

311 2588 550 2659 τιμήσας
606 2585 820 2660 οἷ’κησιν
882 2591 982 2658 τὴν
1043 2595 1426 2665 προσήκουσαν
1486 2587 1538 2644 ἒν
1603 2590 1670 2664 τῇ
1725 2585 1967 2664 βασιλίδι

312 2674 623 2751 ἀπένειμεν.
682 2676 858 2755 ’Ὀπερ
920 2678 1106 2752 μαθὼν
1170 2681 1197 2734 ὁ
1261 2683 1368 2736 τῶν
1428 2683 1646 2754 Περσῶν
1713 2677 1968 2755 βασιλεὺς

314 2766 630 2839 γράμμασιν
681 2765 880 2828 αὐτοὺς
971 2764 1342 2843 μετεκαλεῖτο,
1410 2767 1488 2830 εἷς
1555 2768 1654 2836 τήν
1710 2768 1965 2843 πατρῴαν

316 2851 754 2936 ὑπισχνούμενος
813 2856 1107 2932 ἡγεμονίαν
1168 2855 1585 2937 ἐγκαταστῆσαι.
1660 2858 1966 2930 Δεξαμὲνων

315 2939 365 2996 δ’
417 2942 633 2999 ἐκείνων
687 2945 753 3000 τὰ
813 2945 1114 3023 γράμματα
1170 2946 1260 3001 καὶ
1347 2946 1470 3022 περὶ
1543 2948 1642 3001 τοῦ
1698 2948 1969 3022 πρακτέου

317 3029 821 3108 διασκοπουμένων,
856 3036 1120 3109 μηνύεται
1145 3034 1233 3090 διὰ
1262 3057 1405 3098 τινος
1435 3041 1543 3090 τῶν
1591 3032 1968 3112 ὑπηρετουμέ-

317 3142 425 3179 νων
445 3123 631 3186 αὐτοῖς
662 3125 835 3182 πάντα
864 3128 943 3199 τῷ
979 3124 1249 3205 βασιλεῖς,
1281 3127 1370 3182 καὶ
1404 3125 1486 3181 ὅτι
1510 3127 1561 3181 οἱ
1589 3122 1857 3195 πλανῆται
1883 3123 1969 3180 οὖ-

317 3234 403 3268 τοι
444 3210 534 3269 καί
567 3214 839 3286 ἐπήλυδες
868 3220 976 3272 τῶν
1008 3214 1419 3292 έπισημοτέρων
1443 3216 1565 3271 είσί.
1600 3215 1698 3271 Καὶ
1730 3215 1807 3277 εἷς
1854 3237 1972 3273 τινα

318 3299 592 3379 πολίχνην
612 3311 712 3375 τῆς
744 3302 1083 3367 Μακεδονίας
1133 3304 1305 3375 Νίκην
1363 3304 1776 3379 ὀνομαζομένην
1836 3302 1973 3380 μετα

319 3398 591 3470 γυναικῶν
639 3395 729 3449 καὶ
768 3390 965 3450 τέκνων
1022 3393 1218 3457 αὐτοὺς
1249 3393 1566 3465 κατοικίζει.
1620 3394 1752 3451 Εἶτα
1801 3393 1968 3451 παλιν

319 3488 418 3550 τῆς
453 3484 670 3560 Περσῶν
704 3483 988 3561 βασιλείας
1030 3484 1133 3541 ὑπὸ
1191 3490 1299 3541 τῶν
1356 3489 1685 3557 Σαρακηνῶν
1733 3484 1966 3560 ἀνατρα-

316 3571 531 3642 πείσης,
591 3570 658 3628 τὰ
720 3570 1078 3647 παραπλήσια
1134 3570 1226 3628 καὶ
1270 3572 1625 3643 ὀτηνικαῦτα
1684 3574 1971 3651 ἀμερμουι

322 3666 463 3733 μνῆς
494 3652 836 3738 διεπράξατο,
871 3662 961 3717 καὶ
995 3661 1282 3739 γράμμασι
1342 3660 1693 3735 μετεκαλεῖτο
1741 3664 1868 3725 τοὺς
1920 3663 1973 3719 ἐν

315 3750 620 3824 Μακεδονίᾳ
656 3756 765 3807 τῶν
825 3750 1167 3829 ’Λρσακιδῶν
1224 3750 1550 3828 ἀπογόνους.
1614 3753 1969 3829 Φωραθέντος

317 3832 374 3892 δὲ
405 3838 492 3893 καὶ
523 3838 719 3894 τούτου
762 3844 860 3895 τοῦ
920 3839 1195 3916 δράματος
1241 3839 1548 3914 Ἡρακλείῳ
1596 3844 1677 3915 τῷ
1733 3839 1970 3918 βασιλεῖ,

316 3927 405 3981 καὶ
460 3927 544 3983 ὅτι
592 3927 691 3983 οὐκ
746 3926 932 4003 εὐνοίᾳ
985 3933 1055 4006 τῇ
1088 3930 1225 4006 πρὸς
1278 3929 1477 3992 αὐτοὺς
1530 3926 1565 4000 ἡ
1632 3928 1970 4004 μετάκλησις

319 4015 550 4088 γίνεται,
583 4014 712 4074 ἀλλ’
746 4013 885 4076 ὥστε
915 4014 985 4075 δι’
1022 4016 1197 4076 αὐτῶν
1250 4020 1312 4075 τὸ
1353 4020 1461 4075 τῶν
1524 4020 1823 4096 Ἀρμενίων
1882 4019 1970 4074 καί

330 4104 556 4181 Πάρθων
616 4108 773 4185 γένος
837 4111 1082 4180 ὑπήκοον
1171 4110 1438 4186 γενέσθαι,
1520 4104 1597 4174 εἷς
1657 4104 1971 4174 Φιλίππους

320 4192 518 4259 αὖτοὺς
549 4194 672 4273 (μία
703 4192 761 4253 δὲ
791 4197 927 4270 αὓτη
958 4204 1068 4255 τῶν
1125 4197 1512 4257 Μακεδονικῶν
1559 4192 1800 4270 πόλεων)
1853 4221 1972 4273 μετ-

321 4283 536 4355 οικίζει,
571 4288 689 4341 εἶτα
743 4284 908 4343 πάλιν
954 4284 1154 4344 ἐκεῖθεν
1211 4287 1288 4351 εἰς
1348 4286 1821 4363 Ἀδριανούπολιν.
1868 4287 1976 4345 Εὗ-

323 4370 477 4429 θέτου
511 4372 568 4429 δὶ
604 4378 703 4431 τοῦ
730 4375 903 4432 τόπου
935 4376 1190 4457 φανέντος
1222 4382 1341 4438 τοῖς
1390 4372 1580 4448 ξένοις,
1633 4376 1708 4439 εἷς
1756 4375 1974 4447 πλῆθος

321 4461 674 4535 κατέστησαν,
707 4465 1015 4545 ἆσόγχυτον
1072 4466 1134 4523 τὸ
1188 4466 1342 4542 γένος
1382 4463 1767 4541 φυλάσσοντες.
1818 4462 1972 4543 Χρό-

321 4573 440 4616 νοις
473 4544 529 4609 δέ
560 4554 802 4632 ὕστερον,
834 4544 999 4626 ἡνίκα
1036 4560 1443 4617 Κωνσταντῖνος
1505 4554 1595 4609 σὺν
1645 4550 1856 4631 Εἰρήνῃ
1903 4557 1972 4630 τῇ

328 4640 497 4718 μητρῖ
559 4636 927 4713 ἐϐασίλευσεν,
987 4643 1127 4720 ἁνήρ
1158 4665 1244 4707 τις
1301 4636 1553 4714 Μαίκτης
1584 4640 1853 4718 τοῦνομα,
1895 4640 1973 4708 είς

2073 2053 2579 2121 venerunt,Leone
2603 2068 2814 2127 magno
2835 2060 2957 2110 tum
2981 2058 3384 2112 Romanorum
3407 2051 3727 2127 imperium

2072 2148 2336 2218 gerente.
2365 2144 2418 2199 Is
2439 2144 2594 2200 viros
2625 2145 2771 2201 istos
2794 2144 3045 2216 eXcepit,
3060 2143 3505 2213 honoribusque
3530 2141 3725 2215 dignis

2073 2234 2340 2289 afﬁciens
2387 2230 2816 2291 habitationem
2867 2234 2929 2289 in
2960 2234 3103 2290 urbe
3152 2234 3223 2289 iis
3273 2233 3727 2288 convenientem

2077 2323 2419 2397 assignavit.
2472 2318 2786 2379 Persarum
2834 2340 2937 2377 rex
2987 2325 3222 2396 cognita
3268 2322 3379 2377 hac
3429 2338 3491 2377 re
3537 2320 3737 2377 missis

2077 2409 2295 2467 litteris
2328 2429 2427 2468 eos
2458 2412 2769 2476 revocavit,
2792 2411 3206 2466 restituturum
3240 2426 3300 2466 se
3332 2411 3391 2464 in
3422 2408 3741 2481 paternum

2078 2514 2336 2573 regnum
2386 2501 2762 2572 promittens.
2801 2504 2947 2554 Dum
3000 2499 3058 2553 hi
3110 2492 3325 2554 litteris
3369 2496 3442 2551 iis
3479 2495 3739 2566 acceptis

2082 2588 2228 2663 quid
2260 2588 2413 2644 facto
2467 2602 2611 2644 usus
2665 2589 2740 2643 sit
2790 2586 3145 2653 deliberant,
3179 2584 3421 2657 quidam
3471 2583 3737 2655 ipsorum

2086 2680 2344 2735 famulus
2382 2684 2567 2734 totum
2602 2669 2903 2751 negotium
2937 2676 3198 2750 exponit,
3231 2674 3551 2731 ostendens
3582 2684 3738 2728 erro-

2081 2786 2188 2826 nes
2219 2769 2328 2824 hos
2383 2776 2560 2839 atque
2592 2767 2851 2824 advenas
2900 2783 3029 2822 esse
3061 2783 3133 2822 ex
3178 2762 3595 2820 illustrissimis
3627 2762 3735 2816 ho-

2083 2858 2367 2916 minibus.
2402 2858 2604 2928 Itaque
2657 2856 2769 2913 Leo
2802 2873 2902 2913 eos
2943 2872 3079 2911 cum
3124 2855 3409 2911 uxoribus
3442 2859 3499 2907 et
3528 2850 3735 2906 liberis

2076 2950 2278 3007 Nicam
2329 2948 2634 3020 (oppidum
2695 2953 2786 3002 est
2834 2947 2945 3001 hoc
3004 2944 3385 3012 Macedoniae)
3432 2942 3733 2998 transfert.

2078 3034 2333 3096 Rursum
2349 3044 2552 3109 postea
2566 3039 2877 3092 Persarum
2894 3048 3077 3109 regno
3091 3052 3126 3090 a
3142 3032 3482 3091 Sarracenis
3505 3046 3731 3098 everso,

2079 3129 2209 3202 ejus
2243 3127 2523 3200 temporis
2555 3138 2996 3182 amermumnes
3024 3124 3230 3178 itidem
3265 3122 3479 3177 litteris
3508 3121 3737 3176 Arsaci-

2078 3217 2185 3274 das
2217 3216 2276 3272 in
2328 3215 2668 3271 Macedonia
2716 3208 2993 3286 degentes
3042 3211 3351 3269 revocavit.
3385 3207 3552 3274 Quod
3593 3224 3730 3263 cum

2080 3300 2387 3363 Heraclius
2412 3311 2531 3361 tum
2559 3306 2881 3376 imperator
2901 3300 3415 3374 deprehendisset,
3440 3296 3733 3369 intellige-

2082 3403 2288 3469 retque
2322 3412 2454 3451 eum
2490 3408 2610 3450 non
2640 3394 3053 3448 benevolentia
3084 3389 3409 3463 impulsum
3443 3388 3602 3459 ipsos
3633 3400 3732 3442 ac«

2079 3496 2332 3551 cersere,
2366 3483 2469 3539 sed
2505 3483 2662 3554 quod
2694 3487 2960 3552 speraret
2990 3495 3195 3536 eorum
3222 3494 3403 3550 opera
3433 3490 3495 3531 se
3524 3477 3732 3530 Arme-

2080 3575 2211 3630 niOs
2232 3572 2389 3629 984
2406 3585 2579 3645 posse
2604 3578 2660 3626 et
2681 3570 2930 3626 Parthos
2950 3569 3060 3625 sibi
3085 3567 3402 3640 subjicere,
3432 3563 3734 3636 Philippos

2078 3662 2241 3735 (urbs
2275 3670 2333 3719 et
2359 3660 2487 3717 haec
2510 3669 2600 3717 est
2620 3658 3000 3730 Macedoniae)
3021 3676 3122 3714 eos
3148 3661 3533 3729 transportat,
3557 3661 3735 3725 atque

2078 3752 2216 3809 inde
2249 3744 2696 3823 Adrianopolin.
2733 3751 2843 3816 Qui
2876 3749 3041 3805 locus
3089 3762 3225 3804 cum
3260 3746 3408 3819 ipsis
3452 3747 3739 3816 opportu-

2077 3854 2189 3898 nus
2215 3838 2534 3909 videretur,
2569 3846 2861 3897 auxerunt
2888 3838 2969 3895 ibi
3004 3855 3087 3908 se,
3115 3850 3304 3911 genus
3333 3848 3507 3891 suum
3537 3848 3738 3889 secre-

2076 3928 2205 3984 tum
2236 3924 2310 3985 ab
2357 3928 2489 3986 aliis
2542 3937 2865 3985 servantes.
2901 3928 3219 3998 Aliquanto
3268 3929 3401 3996 post
3440 3927 3730 3993 tempore,

2078 4019 2466 4074 Constantino
2493 4032 2626 4074 cum
2660 4024 2849 4074 matre
2896 4018 3067 4072 lrena
3112 4014 3431 4086 imperium
3462 4015 3729 4082 gerente,

2078 4104 2388 4166 Arsacides
2418 4108 2659 4182 quidam
2686 4108 2930 4164 nomine
2962 4106 3196 4162 Maictes
3217 4100 3587 4160 necessitatis
3609 4112 3730 4155 sum

2078 4208 2257 4256 causa
2287 4194 2495 4271 Cpolin
2525 4198 2705 4267 venit,
2750 4197 3079 4268 inciditque
3128 4196 3191 4251 in
3242 4190 3524 4267 gentilem
3555 4203 3731 4245 suum

2079 4290 2359 4350 Leonem,
2392 4292 2449 4344 et
2499 4284 2898 4344 arctissimam
2948 4300 3085 4343 cum
3116 4300 3184 4340 eo
3238 4280 3561 4339 amicitiam
3590 4292 3734 4334 con-

2080 4379 2280 4438 traxit.
2315 4378 2422 4444 Qui
2458 4394 2585 4433 cum
2614 4376 2809 4451 ipsum
2856 4370 3242 4448 AdrianOpoli
3292 4368 3534 4445 quidem
3564 4366 3735 4424 habi-

2080 4472 2226 4538 tare,
2246 4482 2434 4543 genus
2457 4472 2655 4524 autem
2680 4464 2751 4522 ab
2777 4464 3073 4523 Arsacidis
3094 4466 3332 4522 trahere
3354 4459 3736 4533 intelligeret,

2079 4559 2341 4616 alienum
2365 4554 2555 4613 solum
2578 4554 2785 4629 patriae
2805 4554 2878 4611 ob
2903 4556 3008 4611 viri
3026 4548 3431 4630 praestantiam
3451 4546 3736 4624 praetulit,

2080 4664 2380 4719 unamque
2414 4663 2486 4701 ex
2531 4642 2660 4718 ejus
2710 4642 2946 4700 ﬁliabus
2989 4656 3239 4701 uxorem
3288 4642 3473 4699 duxit.
3506 4640 3629 4696 Hoc
3667 4654 3740 4694 ex

319 4728 383 4784 τὸ
413 4730 523 4786 τῶν
556 4727 894 4808 Ἀρσακιδῶν
929 4730 1207 4807 ἀναφέρων
1235 4727 1412 4807 γένος,
1442 4729 1578 4786 κατά
1606 4748 1726 4787 τινα
1785 4729 1970 4807 χρείαν

2085 4737 2359 4810 conjugio
2381 4741 2557 4792 natus
2580 4740 2671 4791 est
2690 4733 2887 4790 Basilii
2910 4740 3099 4805 pater,
3131 4732 3356 4789 viribus
3387 4737 3447 4787 et
3476 4724 3742 4802 corporis

322 4818 495 4893 εἰσῄει
521 4818 599 4883 εἷς
629 4820 730 4889 τήν
778 4819 1189 4897 βασιλεύουσαν,
1249 4820 1333 4896 [Ρ.
1398 4822 1522 4896 558]
1564 4821 1623 4882 ὅς
1679 4817 1832 4896 ἀνδρὶ
1880 4838 1977 4877 πε-

324 4911 635 4988 ριτυγχάνει
705 4912 949 4990 τυχαίως
1008 4912 1264 4986 ὁμογενεῖ
1321 4907 1518 4967 Λέοντι
1567 4904 1835 4986 τοίίνομα,
1887 4909 1981 4968 καί

323 4998 402 5061 εἷς
432 4998 659 5074 ὁμιλίαν
719 4992 871 5073 αότῷ
929 4999 1195 5064 καταστὰς
1234 4999 1364 5062 ὅλος
1417 5006 1519 5070 τῆς
1554 4994 1754 5056 τούτου
1791 4996 1977 5069 φιλίας

325 5086 553 5166 ἐγένετο.
587 5091 672 5153 Ὠς
710 5086 771 5145 δὲ
813 5086 1107 5160 κατενόησε
1162 5088 1252 5144 καὶ
1307 5086 1467 5145 αὐτὸν
1526 5093 1623 5144 τοῦ
1678 5095 1787 5145 τῶν
1845 5093 1977 5167 Ἀρ-

322 5176 562 5234 σακιδῶν
589 5172 822 5253 α’ίματος
871 5182 1031 5251 εἶναι,
1092 5176 1144 5235 ἓν
1206 5174 1656 5253 Ἀδριανουπόλει
1706 5174 1975 5252 οἰκοῦντα,

2085 4826 2293 4882 habitu
2342 4831 2671 4899 praestans;
2716 4823 2810 4879 cui
2858 4816 3081 4879 nobilis
3124 4822 3398 4895 quaedam
3442 4825 3739 4890 matrona,

2088 4934 2217 4988 quae
2262 4933 2297 4972 a
2344 4932 2557 4989 magno
2605 4912 2994 4971 Constantino
3041 4913 3272 4969 natales
3323 4924 3464 4968 suos
3503 4910 3741 4966 trahere

2087 5003 2458 5067 credebatur,
2518 5004 2703 5061 ﬁliam
2773 5018 2941 5060 suam
3009 4998 3183 5074 longe
3241 4998 3739 5058 formosissimam

2088 5099 2341 5167 nuptum
2388 5092 2651 5152 tradidit.
2704 5094 2804 5149 llis
2852 5091 3198 5165 parentibus
3245 5095 3420 5147 natus
3466 5084 3741 5159 Basilius,

2089 5191 2411 5259 antequam
2432 5188 2799 5253 nasceretur,
2820 5182 3011 5238 multa
3029 5179 3239 5237 habuit
3264 5179 3539 5252 potiundi
3561 5179 3746 5251 impe-

1523 5330 1894 5392 XYLANDRI
1931 5338 2019 5392 ET
2056 5338 2276 5396 GOAHI
2312 5339 2535 5396 NOTAE.

392 5479 576 5546 Quale
636 5478 935 5553 poculum
978 5479 1057 5553 sit
1097 5479 1639 5553 hdiscopoterium,
1708 5497 1834 5553 non
1890 5499 1982 5539 as-

321 5544 542 5624 sequor
574 5544 767 5624 certo.
791 5550 941 5617 Quid
973 5551 1052 5624 sit
1081 5544 1468 5621 discusfalibi
1488 5557 1579 5608 est
1599 5544 1980 5624 e‘xpliCatum.

317 5624 391 5696 Et
407 5620 813 5695 'polycandela
843 5623 1117 5696 suspicor
1139 5634 1268 5696 esse
1292 5620 1635 5696 corruptam
1660 5620 1730 5678 ex
1751 5620 1985 5679 semila-

318 5691 449 5750 tina
477 5691 701 5761 vocem,
736 5700 802 5750 ut
834 5691 1378 5764 εἰηι’πολυκάνδηλα
1409 5691 1768 5752 candelabra
1825 5696 1985 5751 mul-

318 5771 416 5823 tss
470 5766 1180 5839 recipientiapcandeias.
1239 5769 1365 5831 Qua
1411 5768 1758 5839 conjectura
1810 5766 1984 5824 facile

319 5838 519 5911 patiar
540 5837 773 5895 firmius
790 5837 1017 5909 aliquid
1030 5839 1351 5895 monstrari
1368 5840 1505 5895 XvL.
1517 5837 1580 5881 ἔ-
1604 5841 1801 5896 Πὶεσαε
1817 5856 1985 5912 rspo-

2094 5483 2293 5567 nendp
2324 5483 2465 5567 pani
2496 5479 2889 5567 eucharistico
2940 5482 3001 5567 et
3029 5476 3181 5567 cali?
3217 5477 3351 5533 vino
3396 5481 3745 5535 consecrato

2092 5544 2460 5627 recipiendo,
2491 5559 2632 5609 sunt
2659 5544 3100 5635 ὃισκοποτήριον.
3134 5550 3311 5606 (ΞοΑιι.

2110 5697 2125 5701 _
2163 5625 2277 5701 (69)
2307 5620 2387 5681 Ex
2432 5624 2703 5701 pluribus
2751 5620 3094 5701 auctoribus
3142 5620 3204 5701 in
3248 5614 3750 5701 Eucholo‘glo‘ad-

2091 5682 2287 5777 du‘cti‘s
2318 5682 2541 5777 repéno
2568 5690 2987 5777 πολυκάνδῃλα.
3020 5693 3241 5777 Funale
3290 5690 3469 5777 variis
3513 5682 3748 5777 lychnis

2092 5762 2402 5836 ornatum;
2411 5785 2443 5825 ο
2465 5767 2731 5840 laqueari
2749 5762 3014 5840 ecclesia
3034 5766 3304 5838 pemdons
3325 5780 3394 5821 ac
3414 5762 3745 5821 luminibus

2092 5856 2224 5897 eam
2254 5845 2440 5896 totam
2469 5838 2798 5895 illustratus.
2836 5838 3010 5894 Gen.
