4184 6456
404 437 555 497 1071

1766 427 2092 491 GEORGII
2133 429 2491 496 GEDRENI

3657 443 3818 503 1072

396 571 471 626 rii
503 570 694 644 signa,
727 574 935 642 estque
967 568 1296 625 liberaliter
1341 565 1645 622 educatus.
1678 564 1802 629 Quo
1853 566 2053 619 autem

2166 563 2443 641 προκρίνει
2472 573 2575 637 τῆς
2608 565 2749 629 ῗδίας
2782 568 2879 639 τήν
2912 567 3211 645 ἀλλοτρίαν
3246 567 3338 627 διὰ
3367 572 3467 643 τὴν
3495 593 3593 628 του
3623 570 3825 648 ἀνδρὸς

404 665 674 732 tempore
721 660 972 715 Crumus
1019 657 1406 729 Bulgarorum
1454 653 1756 726 princeps,
1801 651 2058 707 victoriis

403 765 553 821 quas
586 766 621 805 a
648 749 931 805 Romanis
960 750 1361 818 reportaverat
1388 743 1652 808 inﬂatus,
1686 757 1900 814 magna
1930 741 2057 796 col-

406 838 562 895 lecto
624 838 889 894 exercitu
937 834 1367 907 Adrianopolin
1441 832 1699 901 obsedit,
1751 835 2060 901 tractaque

405 928 754 1000 aliquandiu
784 926 1117 994 obsidione,
1152 941 1287 980 cum
1318 923 1392 979 ob
1441 939 1537 978 res
1568 920 1861 977 secundas
1892 920 2057 975 insu-

397 1016 679 1089 perabilis
699 1016 1001 1072 videretur
1019 1031 1215 1086 neque
1240 1013 1559 1085 quisquam
1591 1028 1653 1067 se
1679 1009 1732 1065 ei
1756 1025 2058 1081 opponere

403 1105 668 1174 auderet,
703 1122 835 1161 eam
865 1102 1221 1160 necessariis
1252 1102 1432 1158 rebus
1464 1097 1879 1155 deﬁcientibus
1904 1096 2055 1153 985

396 1194 700 1250 deditione
727 1194 907 1266 cepit,
950 1208 1280 1264 omnesque
1325 1191 1387 1245 in
1436 1207 1507 1245 ea
1537 1189 1639 1261 qui
1687 1191 1860 1243 erant
1887 1185 2056 1253 urbe,

402 1283 562 1338 inter
589 1300 739 1355 quos
769 1283 950 1339 etiam
978 1281 1289 1339 Manuelus
1318 1280 1432 1336 fuit
1461 1279 1795 1350 episcopus,
1830 1276 1893 1331 in
1926 1275 2059 1330 Bul-

401 1373 626 1445 gariam
668 1372 1021 1445 deportavit,
1068 1370 1272 1426 Basilii
1321 1385 1557 1440 quoque
1606 1371 1883 1439 parentes
1923 1382 2060 1420 cum

398 1462 619 1518 Basilio
668 1462 863 1518 adhuc
915 1462 1177 1516 lactente
1228 1476 1296 1514 eo
1342 1458 1827 1530 commigrarunt.
1872 1455 1959 1510 lbi
2002 1461 2061 1509 et

396 1550 659 1623 inclytus
680 1551 778 1607 ille
801 1551 1116 1623 episcopus
1140 1554 1198 1604 et
1221 1548 1422 1603 Basilii
1446 1551 1724 1618 parentes
1745 1551 1804 1601 et
1825 1544 2061 1614 reliqua

401 1658 538 1697 cum
571 1642 847 1713 episcopo
881 1640 1055 1695 turba
1094 1637 1275 1693 fidem
1320 1638 1383 1692 in
1431 1637 1731 1691 Christum
1761 1636 2057 1690 sinceram

401 1735 840 1798 conservantes,
874 1729 1262 1801 Bulgarorum
1309 1726 1533 1782 multos
1563 1726 1637 1781 ad
1690 1741 1888 1780 veram
1918 1723 2057 1779 reli-

399 1820 664 1893 gionem,
695 1818 853 1891 quod
914 1828 1053 1874 ante
1103 1817 1164 1873 id
1224 1822 1460 1888 tempus
1508 1831 1819 1887 nunquam
1866 1813 2062 1869 fuerat

404 1908 649 1976 factum,
698 1907 1115 1975 traduxerunt,
1168 1907 1512 1979 passimque
1569 1921 1678 1976 per
1726 1902 2058 1976 Bulgariam

404 1998 757 2053 Christianae
783 1996 1067 2053 doctrinas
1099 1996 1331 2052 semina
1370 1996 1669 2067 jecerunt.
1702 1994 1919 2049 Crumo
1947 1992 2067 2047 vita

402 2086 683 2142 defuncto
730 2086 1018 2142 successit
1062 2085 1417 2157 Chrytagon,
1468 2083 1643 2156 longe
1688 2087 2065 2138 antecessore

403 2176 720 2232 crudelior.
773 2177 879 2231 Hic
900 2174 1381 2230 animadvertens
1414 2172 1786 2244 Bulgaricam
1825 2175 2063 2243 gentem

403 2264 692 2336 paulatim
724 2265 800 2320 ad
828 2263 1347 2321 Christianismum
1378 2261 1732 2329 desciscere,
1756 2259 2063 2314 inflamato

404 2355 478 2409 ob
511 2371 643 2409 eam
674 2370 803 2409 rem
836 2353 1061 2420 animo,
1094 2351 1435 2407 Manuelum
1467 2355 1526 2405 et
1570 2350 1902 2422 praecipuos
1933 2349 2064 2421 ejus

405 2450 599 2505 socios
625 2449 700 2504 ad
731 2466 793 2504 se
825 2454 1029 2515 vocat;
1061 2464 1131 2504 ac
1159 2448 1421 2520 primum
1451 2451 1763 2502 mansueta
1794 2446 2062 2501 oratione

406 2537 616 2594 suadet
634 2538 1111 2593 utChristianam
1126 2536 1307 2592 fidem
1325 2536 1785 2607 deserant,post,
1800 2551 1935 2590 cum
1961 2551 2062 2590 eos

403 2643 599 2698 neque
629 2626 1162 2698 pollicitationibus
1184 2641 1379 2696 neque
1402 2625 1581 2680 minis
1606 2624 1764 2680 ﬂecti
1791 2623 2060 2688 sentiret,

400 2715 616 2771 acerbe
648 2716 1016 2772 excruciatos
1046 2715 1351 2771 interﬁcit.
1387 2716 1508 2769 Hoc
1545 2715 1721 2769 modo
1754 2714 2062 2769 Manuelus

396 2804 688 2875 multique
720 2804 830 2860 sub
880 2821 950 2860 eo
982 2803 1247 2859 illustres
1297 2803 1519 2875 aliique
1552 2802 1839 2875 sanguine
1863 2801 2058 2874 juncti

394 2910 504 2950 sua
547 2897 739 2949 morte
788 2910 940 2948 veras
988 2893 1265 2967 religioni
1315 2892 1726 2948 testimonium
1767 2891 2056 2947 tulerunt.

390 2983 654 3039 Tandem
676 2982 926 3054 reliquis
947 2983 1195 3055 captivis
1222 2984 1377 3038 Deus
1399 2983 1461 3037 in
1485 2982 1739 3054 patriam
1770 2980 2059 3036 redeundi

393 3073 772 3137 occasionem
828 3073 1075 3144 paravit.
1128 3074 1273 3128 Nam
1330 3072 1610 3144 princeps
1670 3071 2057 3144 Bulgarorum

394 3162 615 3234 saepius
647 3161 879 3218 cladem
910 3178 1145 3234 passus,
1167 3179 1302 3218 cum
1317 3163 1446 3233 jam
1472 3161 1628 3217 986
1652 3163 2058 3217 Romanorum

390 3251 614 3306 viribus
665 3252 944 3307 resistere
996 3252 1293 3322 nequiret,
1347 3267 1555 3323 pacem
1605 3249 1764 3305 bello
1794 3249 2058 3322 praetulit

2165 649 2385 724 ἀρετὴν,
2419 653 2602 708 καὶτὸ
2632 655 2770 728 πρὸς
2828 655 2990 710 αὐτὸν
3050 656 3427 731 ἀσπασάμενος
3474 658 3644 730 κῆδος
3693 660 3823 735 μίαν

2165 742 2272 792 τῶν
2325 740 2489 796 αὐτοῦ
2549 742 2861 820 θυγατέρων
2919 746 3179 821 ἠγάγετο*
3242 747 3292 820 ἐξ
3350 746 3423 802 ὧν
3455 750 3483 804 6
3514 755 3611 805 τοῦ
3667 753 3825 806 ἰστο-

2169 830 2436 902 ρουμένου
2465 831 2714 906 προῆλθε
2741 835 2944 908 πατὴρ,
2976 833 3139 909 ῥώμῃ
3189 857 3251 890 τε
3300 835 3569 915 διαφέρων
3616 839 3706 894 καὶ
3750 844 3823 913 τῇ

2167 916 2338 993 λοιπῇ
2368 925 2467 975 τοῦ
2507 922 2761 995 σώματος
2791 920 2953 977 θέσει·
2988 923 3045 979 ὅν
3107 927 3243 1001 γυνή
3291 947 3374 988 τις
3428 926 3671 1002 εὐγενὴς,
3721 935 3825 998 τῆς

2164 1011 2261 1061 τοῦ
2311 1009 2570 1084 Μεγάλου
2627 1013 3062 1080 Κωνσταναίνου,
3120 1011 3196 1076 ὥς
3258 1036 3408 1093 φασι,
3467 1016 3821 1091 καταγομένη

2167 1102 2370 1171 σειρᾶς,
2425 1095 2674 1176 γαμϐρὸν
2737 1100 2828 1155 ἐπὶ
2883 1099 2950 1174 τῇ
3005 1099 3117 1172 ἰδίᾳ
3177 1100 3363 1176 ἄγεται
3417 1104 3642 1178 θυγατρὶ
3696 1103 3820 1159 λίαν

2165 1186 2679 1265 εὐπρεπεστάτῃ,έξ
2725 1194 2794 1260 ἧς
2846 1191 3041 1267 ἐτέχθη
3102 1190 3413 1263 Βασίλειος,
3470 1192 3658 1249 πολλά
3713 1194 3822 1268 πρὸ

2163 1282 2266 1345 τῆς
2296 1280 2595 1352 γεννήσεως
2627 1281 2804 1358 φέρων
2834 1280 2901 1336 τά
2928 1288 3029 1351 τῆς
3064 1279 3350 1358 βασιλείας
3394 1278 3671 1358 σύμϐολα.
3728 1284 3825 1340 Ἐκ

2165 1369 2270 1419 τῶν
2329 1368 2596 1423 τοιούτων
2654 1369 2996 1444 γεννητόρων
3083 1370 3387 1447 προαχθεῗς
3446 1373 3474 1427 6
3532 1370 3824 1435 Βασίλειος

2166 1451 2486 1532 ἐλευθερίως
2512 1458 2771 1533 ἀνήγετο.
2833 1459 2986 1517 Ἐπεὶ
3019 1456 3077 1514 δὲ
3125 1465 3385 1534 Κροῦμος
3418 1462 3446 1515 ὁ
3475 1462 3583 1516 τῶν
3644 1460 3821 1518 Βουλ-

2167 1544 2351 1619 γάρων
2385 1544 2593 1621 ἄρχων,
2624 1552 2747 1610 ταῖς
2805 1549 2941 1604 κατά
2994 1548 3285 1622 Ῥωμαίων
3342 1550 3519 1613 νίκαις
3577 1571 3823 1628 πεφυση-

2171 1633 2350 1706 μένος,
2413 1636 2551 1710 μέγα
2610 1634 2974 1712 στρατόπεδον
3035 1638 3256 1714 ἀγείρας
3339 1637 3651 1716 ἐπολιόρκει
3719 1640 3823 1708 τὴν

2166 1719 2651 1796 Ἀδριανούπολιν,
2694 1724 2926 1798 μηδενὸς
2954 1730 3118 1800 χεῖρα
3166 1728 3388 1802 ἀττᾶραι
3447 1728 3627 1800 τούτῳ
3682 1726 3822 1783 τολ-

2172 1813 2381 1883 μῶντος
2410 1811 2769 1888 ἀνυποστάτῳ
2819 1815 3150 1891 τυγχάνοντι
3207 1812 3296 1871 διὰ
3341 1817 3436 1879 τάς
3497 1837 3823 1892 προηγησαο

2174 1902 2336 1974 μένας
2385 1902 2667 1980 εὐτυχίας,
2727 1906 2930 1980 χρόνον
2987 1908 3057 1980 τῇ
3117 1905 3278 1961 πόλει
3330 1907 3681 1984 περικαθίσας
3736 1906 3823 1982 ἐφ’

2169 1990 2353 2046 ἱκανὸν
2388 1991 2674 2069 ὡμολόγει
2695 1993 2898 2065 ταύτην
2932 1990 3022 2049 διὰ
3077 1995 3176 2065 τὴν
3216 1998 3325 2051 τῶν
3382 1996 3684 2071 ἀναγκαίων
3730 1989 3822 2050 ἔν-

2171 2075 2317 2134 δειαν
2348 2084 2821 2155 παραστήσασθαι,
2872 2084 3078 2145 πάντας
3124 2104 3184 2139 τε
3236 2083 3369 2147 τοὺς
3421 2081 3476 2139 ἐν
3522 2083 3683 2159 αὐτῇ,
3736 2085 3823 2147 οῖς

2168 2171 2460 2243 ἠριθμεῖτο
2480 2172 2571 2226 καὶ
2604 2173 2631 2226 6
2672 2178 2772 2241 τῆς
2802 2172 3020 2234 πύλεως
3060 2174 3346 2249 ἀρχιερεὺς
3397 2173 3687 2244 Μανουήλ,
3743 2174 3823 2236 εἰς

2170 2257 2512 2335 Βουλγαρίαν
2546 2260 2862 2334 μετέστησε.
2897 2257 3101 2332 Συνέϐη
3155 2262 3289 2334 μετά
3332 2266 3440 2317 τῶν
3489 2261 3676 2317 ἄλλων
3727 2261 3820 2317 καὶ

2165 2346 2295 2411 τοὺς
2326 2353 2425 2404 τοῦ
2460 2349 2751 2407 Βασιλείου
2781 2353 3129 2428 γεννήτορας,
3173 2350 3480 2427 ὐπομάζιον
3531 2351 3693 2407 αὐτὸν
3741 2351 3821 2408 ἔτι

2167 2440 2451 2515 φέροντας,
2484 2440 2559 2502 εἰς
2597 2442 2696 2511 τήν
2744 2442 3075 2517 Βουλγάρων
3126 2443 3439 2517 ἀπαχθῆναι
3481 2449 3607 2518 γῆν.
3657 2445 3824 2507 Ἔνθα

2166 2527 2331 2589 αὐτός
2364 2550 2423 2584 τε
2453 2529 2481 2583 6
2513 2528 2732 2592 κλεινὸς
2762 2530 3053 2610 ἀρχιερεὺς
3080 2531 3171 2586 καὶ
3195 2532 3247 2585 οἱ
3268 2535 3367 2587 τοῦ
3397 2529 3687 2589 Βασιλείου
3710 2552 3823 2608 γεν-

2165 2619 2395 2693 νήτορες
2423 2618 2513 2673 καὶ
2544 2618 2607 2675 τὸ
2639 2620 2732 2674 σύν
2761 2624 2842 2692 τῷ
2871 2621 3122 2696 ἀρχιερεῖ
3150 2620 3367 2691 πλῆθος
3399 2621 3684 2686 ἀνόθευτον
3716 2623 3818 2690 τήν

2169 2707 2243 2769 εἷς
2273 2709 2503 2783 Χριστὸν
2537 2709 2716 2764 πίστιν
2750 2707 3173 2784 διατηρήσαντες
3208 2707 3462 2774 πολλοὺς
3490 2714 3599 2765 τῶν
3638 2709 3823 2769 Βουλ-

2165 2798 2348 2873 γάρων
2380 2798 2516 2875 πρὸς
2556 2801 2655 2869 τὴν
2681 2796 2974 2875 ὀρθόδοξον
3030 2799 3214 2855 πίστιν
3259 2801 3599 2876 μετήγαγον,
3652 2803 3824 2873 μήπω

2163 2890 2262 2941 τοῦ
2292 2881 2481 2951 ἔθνους
2518 2889 2864 2963 μετηγμένου
2904 2889 3044 2965 πρὸς
3099 2884 3427 2959 θεοσέϐειαν,
3470 2892 3558 2945 καὶ
3605 2887 3821 2945 πολλαι

2165 2980 2273 3051 χοῦ
2302 2979 2399 3047 τῆς
2433 2976 2815 3055 Βουλγαρικῆς
2869 2985 2974 3050 γῆς
3026 2981 3416 3053 Χριστιανικῆς
3469 2977 3822 3041 διδασκαλίας

2164 3061 2571 3138 κατεϐέϐληντο
2618 3068 2919 3143 σπέρματα.
2982 3066 3157 3124 Ἀλλά
3213 3070 3467 3144 Κροῦμος
3528 3069 3622 3141 μὲν
3678 3063 3816 3147 ἔφθη

2161 3155 2567 3221 καταλύσασθαι
2598 3160 2698 3227 τὴν
2733 3159 2901 3229 ζωὴν,
2961 3158 3262 3235 Κρυτάγων
3313 3154 3371 3213 δὲ
3399 3159 3427 3213 6
3454 3157 3650 3212 τούτου
3701 3154 3819 3211 διά-

2166 3242 2339 3320 δοχος
2365 3245 2566 3318 πολλῷ
2619 3247 2713 3303 τὸν
2773 3245 3083 3311 ἀπελθόντα
3137 3251 3303 3302 νικῶν
3363 3245 3437 3309 εἷς
3495 3242 3820 3322 θηριωδίαν,

389 3341 769 3412 captivosque
801 3340 1048 3397 dimisit.
1081 3309 1238 3405 tinos
1474 3309 1862 3412 congregatos
1891 3340 2052 3411 jam-

2165 3309 2297 3390 αὐτὸ
2338 3336 2401 3390 τὸ
2459 3336 2755 3411 γινόμενον
2813 3335 2914 3391 οὐκ
2966 3336 3261 3410 ἀγνοήσας,
3315 3335 3405 3391 καὶ
3460 3309 3663 3392 δτιιτὸ
3711 3309 3820 3390 τῶν

387 3446 503 3501 que
534 3430 595 3485 in
626 3430 882 3502 patriam
931 3431 1046 3485 iter
1094 3431 1469 3502 ingressuros
1516 3428 2050 3501 contemplaretur,

389 3519 678 3575 Basilium
700 3524 842 3574 tunc
861 3536 931 3579 ex
949 3519 1207 3591 pueritia
1223 3518 1691 3574 adolescentiam
1712 3518 2049 3590 ingressum

391 3608 576 3674 videt,
609 3607 865 3679 eleganti
896 3606 1062 3662 vultu
1108 3606 1427 3678 praeditum
1478 3612 1535 3662 et
1566 3608 1825 3662 suaviter
1857 3607 2051 3665 subri-

393 3695 637 3751 dentem
667 3701 845 3766 atque
878 3696 1448 3751 circumsaltantem.
1483 3697 1629 3751 Eum
1662 3695 1737 3750 ad
1767 3713 1829 3751 se
1860 3702 2051 3766 vocat,

389 3785 787 3857 manibusque
819 3784 1213 3857 apprehendit
1236 3791 1294 3841 et
1325 3785 1650 3853 osculatur,
1686 3802 2051 3857 pomumque

393 3891 545 3930 rarae
569 3873 998 3947 magnitudinis
1020 3874 1390 3946 donat,quod
1408 3874 1890 3931 adolescentulus
1911 3875 2053 3931 sim-

396 3964 539 4036 plici
569 3964 821 4021 audacia
855 3964 1108 4036 genibus
1156 3964 1444 4037 principis
1502 3965 1769 4020 innitens
1802 3965 2052 4037 accepit,

393 4071 630 4110 morum
689 4055 934 4109 minime
978 4053 1176 4110 fucata
1221 4054 1601 4126 simplicitate
1661 4054 1882 4109 indolis
1931 4072 2052 4109 suae

392 4144 825 4216 ingenuitatem
884 4143 1326 4200 demonstrans.
1386 4144 1590 4215 Itaque
1652 4147 1712 4199 et
1764 4143 2052 4199 miraculo

390 4233 681 4289 attonitus
708 4233 822 4288 fuit
849 4233 1150 4305 princeps,
1185 4238 1244 4287 et
1272 4232 1495 4288 subditi
1528 4232 1872 4288 clanculum
1903 4232 2054 4287 indi-

389 4323 551 4394 gnati
582 4328 743 4390 sunt,
772 4320 876 4377 tali
908 4320 1275 4378 adolescenti
1298 4321 1542 4379 domum
1573 4323 1864 4379 redeundi
1894 4330 2055 4396 pote-

390 4414 603 4466 statem
634 4410 902 4465 concedi.
938 4409 1052 4466 Sed
1098 4415 1324 4476 tamen,
1356 4411 1474 4465 Deo
1526 4411 1807 4483 propitio,
1840 4412 2053 4484 captivi

390 4516 603 4555 omnes
618 4499 865 4555 Romani
888 4499 1225 4555 incolumes
1244 4498 1487 4555 domum
1501 4498 1735 4555 dimissi
1754 4500 2050 4570 abierunt,

389 4588 670 4659 interque
701 4590 811 4644 hos
844 4589 1023 4644 etiam
1056 4588 1258 4644 Basilii
1292 4594 1597 4659 parentes,
1630 4589 2050 4647 charissimum

389 4692 593 4731 secum
624 4674 911 4731 ducentes
943 4674 1134 4731 ﬁlium
1164 4693 1360 4731 suum.

2165 3423 2500 3502 Βουλγάρων
2535 3427 2695 3503 γένος
2743 3426 2927 3502 ἠρέμα
2985 3425 3122 3498 πρὸς
3182 3427 3603 3503 Χριστιανισμὸς
3655 3445 3819 3498 μετα-

2164 3514 2408 3591 φέρεται,
2451 3514 2628 3590 θυμοῦ
2657 3513 2884 3589 πλήρης
2915 3516 3256 3587 καθίσταται,
3287 3515 3377 3570 καὶ
3420 3512 3513 3569 τόν
3559 3535 3621 3570 τε
3674 3519 3818 3579 θεῖον

2164 3604 2425 3679 ἀρχιερέα
2482 3604 2747 3674 Μανουήλ
2788 3604 2879 3659 καὶ
2941 3604 3069 3669 τοὺς
3126 3603 3500 3680 ἐξοχωτάτους
3534 3608 3642 3659 τῶν
3691 3604 3819 3679 περὶ

2172 3693 2338 3749 αὐτὸν
2403 3694 2540 3768 μετά
2611 3699 2787 3768 θυμοῦ
2846 3695 3334 3771 παραστησάμενος
3419 3699 3636 3770 πρῶτον
3721 3694 3818 3767 μὲν

2163 3784 2348 3855 ἠπίως
2383 3790 2730 3859 μεταστῆσωι
2762 3785 3011 3857 ἐπειρᾶτο
3068 3785 3159 3840 καὶ
3216 3782 3446 3857 ὁμαλῶς
3491 3790 3593 3854 τῆς
3651 3783 3820 3859 ὀρθο-

2165 3872 2324 3946 δόξου
2352 3873 2443 3929 καὶ
2471 3873 2781 3948 ἀμωμήτου
2829 3879 2937 3929 τῶν
2994 3876 3336 3947 Χριστιανῶν
3393 3873 3651 3943 πίστεως,
3700 3871 3817 3926 ἐπεὶ

2165 3961 2223 4021 δὲ
2251 3964 2530 4039 κρείττους
2561 3963 2763 4027 αὐτοὺς
2810 3964 3107 4035 κατενόησε
3161 3962 3252 4018 καὶ
3318 3962 3666 4038 ὑποσχέσεων
3721 3962 3813 4016 καὶ

2164 4053 2431 4124 ἀπειλῶν,
2463 4056 2598 4129 μετά
2627 4053 2844 4117 πολλὰς
2872 4054 3053 4118 αἰκίας
3080 4058 3161 4127 τῷ
3192 4051 3282 4108 διὰ
3324 4052 3625 4128 μαρτυρίου
3675 4072 3818 4127 παρ-

2162 4144 2334 4200 έδωκε
2390 4145 2627 4217 θανάτῳ.
2687 4145 2792 4202 Καὶ
2851 4143 3110 4214 Μανουὴλ
3174 4143 3327 4217 μῖξνὸ
3373 4141 3586 4205 κλεινὸς
3626 4141 3816 4216 ἀρχιε-

2166 4237 2287 4311 ρεὺς
2316 4236 2462 4290 οὕτω
2481 4239 2560 4307 τῷ
2593 4232 2683 4289 διά
2734 4234 3032 4311 μαρτυρίου
3090 4231 3238 4289 τέλει
3294 4231 3506 4305 συνάμα
3553 4236 3669 4293 τοῖς
3728 4231 3817 4285 ὑπ’

2164 4325 2323 4380 αὐτὸν
2374 4322 2636 4403 ἐμφανέσι
2691 4325 2791 4393 τήν
2844 4324 3036 4378 ἑαυτοῦ
3077 4321 3452 4400 ἐπισφραγίζει
3509 4321 3675 4391 ζωὴν,
3723 4319 3820 4375 καὶ

2162 4411 2415 4475 πολλοὺς
2445 4417 2554 4469 τῶν
2584 4414 2701 4468 καθ’
2731 4413 2873 4485 αἷμα
2905 4407 3098 4482 συνέϐη
3159 4412 3551 4484 προσηκόντων
3607 4417 3817 4486 μαρτυ-

2165 4509 2324 4577 ρικῆς
2358 4501 2601 4564 εὐκλείας
2634 4501 2947 4571 ἀξιωθῆντι·
3010 4500 3127 4555 ἐπεὶ
3161 4498 3217 4555 δὲ
3248 4497 3355 4555 ἔδει
3398 4500 3532 4555 ποτὲ
3580 4496 3819 4563 καθόδου

2160 4597 2351 4667 τυχεῖν
2373 4592 2499 4652 τοὺς
2529 4590 3037 4665 ὑπολελειμμένους
3062 4588 3480 4669 αἷχμαλώτους,
3501 4588 3701 4645 ἄνωθεν
3716 4588 3819 4644 τοῦ

2073 4668 2117 4731 D
2148 4684 2284 4734 Θεοῦ
2311 4680 2412 4749 τήν
2440 4675 2622 4752 ἔξοδον
2650 4678 2835 4742 αὐτοῖς
2869 4668 3416 4754 πραγματευομένου,
3467 4679 3605 4733 ὁτῶν
3640 4680 3820 4734 Βουλ-

385 4762 567 4837 γάρων
597 4761 845 4838 ἀρχηγὸς
873 4761 1151 4827 πολλάκις
1180 4764 1460 4837 θραυσθεὶς
1492 4763 1581 4822 καὶ
1616 4765 1694 4837 μή
1727 4762 2019 4839 δυνάμενος
2050 4768 2141 4825 ἐπὶ
2163 4770 2333 4825 πλέον
2389 4769 2526 4845 πρὸς
2583 4769 2678 4830 τὰς
2738 4771 3057 4842 Ῥωμαϊκὰς
3128 4765 3381 4841 δυνάμεις
3433 4766 3816 4823 ἀντικαθίστα-

390 4852 513 4906 σθαι
546 4851 771 4927 εἰρήνην
804 4850 1042 4922 ἀντὶτῆς
1077 4853 1267 4927 μάχης
1298 4852 1591 4922 ἀσπάζεται
1650 4854 1739 4909 καὶ
1798 4853 2031 4913 ἀπολύει
2081 4866 2182 4929 τῆς
2241 4854 2636 4934 αῗχμαλωσίας
2693 4858 2785 4913 τὸν
2847 4855 3003 4913 λαόν.
3061 4861 3196 4932 Αρτι
3256 4854 3313 4912 δὲ
3368 4856 3817 4931 συναλιζομένων

382 4946 493 4996 τῶν
526 4939 929 5016 αἰχμαλώτων.
963 4941 1047 5014 [Ρ.
1083 4943 1210 5015 559]
1237 4940 1330 4996 καὶ
1365 4939 1668 5014 μελλόντον
1700 4942 1809 5016 ἤδη
1853 4946 1986 5021 πρὸς
2015 4948 2083 5002 τὰ
2112 4949 2315 5024 πάτρια
2344 4945 2453 5019 ἢθη
2488 4946 2867 5019 παλικοστεῖν,
2925 4947 3014 5001 καὶ
3045 4947 3074 5002 6
3108 4947 3296 5022 ἄρχων
3338 4945 3544 5021 θεωρός
3598 4943 3815 5019 ἐγένετο

387 5032 496 5085 τῶν
523 5027 929 5105 αἰχμαλώτων,
960 5029 1050 5085 καὶ
1089 5030 1185 5085 τὸν
1250 5027 1420 5086 παῖδα
1474 5029 1710 5087 κατιδὼν
1770 5033 2049 5091 Βασίλειον
2108 5033 2218 5108 ἤδη
2277 5037 2377 5103 τήν
2446 5031 2709 5105 παιδικὴν
2767 5033 3227 5110 παραλλάσσοντα
3286 5033 3509 5104 ἡλικίαν
3565 5033 3652 5089 καὶ
3713 5039 3818 5102 τῆς

386 5113 594 5197 ἐφήϐὸυ
652 5118 956 5193 ἀπτόμενον
1015 5119 1153 5195 πρὸς
1212 5119 1399 5176 ἑαυτὸν
1458 5121 1832 5195 μετεκαλεῖτο,
1895 5123 2201 5199 ἐλευθέριον
2269 5122 2402 5180 ίδὼν
2474 5124 2745 5200 ἐνορωντα
2825 5125 2914 5180 καὶ
2992 5123 3181 5200 χαρίεν
3281 5124 3636 5200 ὑπογελῶντα
3722 5120 3817 5176 καὶ

386 5207 833 5283 περισκαίροντα,
865 5208 959 5265 καὶ
1019 5209 1184 5287 ἐγγὺς
1236 5211 1581 5286 παραστάνρα
1635 5215 1753 5273 ταῖς
1812 5213 2000 5287 χερσῖν
2057 5213 2297 5285 ἠθέλησε
2345 5219 2638 5294 κατασχνῖν
2702 5213 2794 5270 καὶ
2851 5214 3191 5269 ἀσπάσασθαι
3248 5213 3337 5268 καὶ
3404 5208 3585 5285 μῆλον
3650 5210 3816 5287 ὑπερ-

386 5296 517 5374 φυὲς
558 5295 623 5352 τὸ
676 5295 899 5374 μέγεθος
954 5297 1104 5371 αὖτῷ
1161 5303 1486 5373 παρασχεῖν
1547 5297 1679 5372 ὅπερ
1748 5298 1904 5362 οὗτος
1954 5302 2172 5364 ἀκάκως
2228 5303 2367 5359 πάνυ
2425 5304 2513 5359 καί
2565 5299 2882 5380 θαρραλέως
2935 5307 3054 5365 τοῖς
3111 5305 3209 5357 τοῦ
3276 5302 3545 5376 ἄρχοντος
3603 5295 3820 5372 ἐπερει-

385 5380 614 5458 δόμενος
646 5386 832 5461 γόνασι
865 5384 1156 5460 διδόμενον
1191 5383 1505 5461 ὑπεδέξατο,
1532 5386 1586 5442 ἐν
1643 5391 1723 5459 τῷ
1788 5386 2052 5464 ἀπλάστῳ
2108 5392 2233 5461 ¹ἤθει
2290 5390 2382 5446 καὶ
2439 5389 2749 5468 ἄπεριέργῳ
2803 5392 2904 5461 τὴν
2970 5392 3160 5446 ἑαυτοῦ
3217 5387 3486 5467 εὖγένείαν
3544 5385 3817 5443 ἐνδεικνύο

386 5490 568 5541 μενος,
602 5474 680 5536 ὡς
710 5473 1055 5553 ἐκπλαγῆναι
1099 5476 1192 5551 μὲν
1247 5477 1338 5531 τὸν
1394 5473 1659 5553 ἄρχοντα,
1718 5475 2038 5551 ἀγανακτεῖν
2100 5478 2159 5535 δὲ
2216 5478 2537 5552 λεληθότως
2593 5481 2721 5543 τοὺς
2770 5479 2861 5535 ὐπ’
2920 5480 3106 5551 αὐτὸν,
3139 5480 3184 5534 εἰ
3213 5483 3464 5539 τοιοῦτος
3516 5475 3591 5531 ὥν
3625 5478 3655 5532 6
3686 5477 3813 5539 νέος

384 5566 733 5646 συγχωροῖτο
766 5563 911 5620 οἷ’κοι
969 5563 1335 5623 πολινοστεῖν.
1397 5563 1554 5622 Ἀλλ’
1606 5563 1854 5636 ἀπελύθη
1915 5568 2071 5641 ὅμως
2128 5570 2397 5644 εὐμενείᾳ·
2454 5575 2589 5626 Θεοῦ
2648 5571 2676 5625 ὀ
2738 5569 3107 5646 αἶχμάλωτος
3163 5573 3271 5625 τῶν
3331 5567 3619 5643 Ῥωμαίων
3678 5565 3815 5629 λαὸς

383 5644 620 5737 ἄπαθῂς,
654 5652 973 5722 συνεξῆλθον
1013 5653 1072 5709 δὲ
1100 5656 1154 5709 οἱ
1184 5661 1282 5711 τοῦ
1315 5654 1606 5713 Βασιλείου
1633 5660 1836 5730 γονεῖς,
1866 5659 1959 5712 τὸν
1989 5657 2247 5737 φίλτατον
2283 5660 2486 5716 έαυτῶν
2518 5657 2687 5716 παῖδα
2716 5644 3210 5736 προσεπαγὸμενο’.

461 5736 644 5791 Multa
698 5738 972 5797 feruntur
1022 5745 1246 5800 indicia
1292 5747 1475 5802 futuri
1528 5746 1763 5817 imperii
1824 5736 2039 5806 Basilio

2222 5750 2366 5806 Φασὶ
2393 5748 2451 5805 δὲ
2506 5752 2597 5807 καὶ
2655 5748 2849 5807 πολλά
2904 5753 3108 5823 σημεῖα
3169 5754 3531 5823 συνενεχθῆνα
3605 5746 3811 5819 τούτῳ,
