4184 6460
402 466 562 528 1073

1554 466 2103 531 HISTORIARUM
2151 463 2702 527 COMPENDIUM.

3675 474 3830 534 1074

401 603 684 674 γνώριμον
719 605 1054 662 καθιστῶνται
1082 601 1176 655 τὸν
1209 597 1396 674 ἄνδρα,
1430 601 1506 657 ὡς
1536 602 1610 663 εἷς
1637 603 1737 669 τὴν
1770 599 2046 675 βασίλειον

2170 598 2376 664 fuisse,
2411 615 2540 668 qua:
2591 598 2922 654 omittenda
2968 600 3142 656 nobis
3192 608 3351 670 sunt,
3386 621 3460 658 ne
3514 605 3754 678 longius
3797 627 3831 664 a

407 689 675 767 ἀναχθείη
711 691 1018 762 περιωπήν.
1070 687 1252 762 Ἀλλᾷ
1309 689 1376 744 τὰ
1437 693 1539 763 μὲα
1597 688 1747 744 ἄλλα
1803 687 2061 763 παριτέον

401 784 484 850 τῷ
526 777 680 855 λόγῳ
741 779 819 839 ὡς
883 777 1172 848 παρολκήν
1239 778 1592 851 ἐμποιοῦντα’
1626 775 1733 833 ’ὁδ’
1789 778 1850 832 ού
1911 777 2064 849 θέμις

402 865 742 944 παραδοῦναι
778 866 923 942 σιγῇ,
956 873 1118 922 τοῦτο
1175 870 1265 922 καὶ
1325 866 1689 943 διηγήσομαι.
1751 867 1951 943 Θέρους
1997 867 2064 935 ἧν

401 958 579 1032 ἀκμὴ,
610 957 700 1012 καὶ
733 959 785 1011 οἱ
815 958 908 1012 τόν
941 954 1108 1012 παὶδα
1137 958 1517 1034 γεγεννηκότες
1569 958 1798 1028 ἐξῆλθον
1847 958 1924 1018 εἷς
1970 958 2061 1011 τὸν

403 1047 543 1102 ἴδιον
578 1046 769 1124 ἀγρὸν,
802 1045 932 1109 τοὺς
965 1047 1213 1122 θεριστὰς
1271 1049 1407 1120 πρὸς
1464 1048 1527 1102 τὸ
1593 1042 1748 1123 ἔργον
1809 1045 2061 1101 ἐντείνον-

399 1159 506 1200 τες.
545 1137 644 1192 Καὶ
679 1135 830 1192 οὗτοι
864 1138 958 1211 μὲν
989 1139 1124 1206 ἦσαν
1156 1139 1291 1208 πρὸς
1336 1138 1574 1207 τούτοις,
1631 1139 1693 1192 τὸ
1743 1135 1801 1192 δὲ
1842 1135 2060 1192 παιδίον

395 1226 487 1283 ’ἱνα
521 1229 596 1300 μὴ
653 1227 756 1282 ὑπὸ
811 1231 909 1281 τοῦ
966 1226 1210 1291 θάλπους
1267 1226 1666 1302 καταφλέγοιτο
1724 1232 1822 1282 τοῦ
1872 1225 2059 1296 ἡλίου,

397 1319 606 1388 σκηνήν
638 1337 759 1371 τινα
785 1314 1172 1391 σχεδιάσαντες
1197 1317 1258 1372 ἐκ
1287 1321 1383 1372 τοῦ
1423 1314 1727 1388 συνδέσμου
1757 1319 1865 1372 τῶν
1899 1317 2060 1370 ἀστα-

403 1407 559 1486 χύων
590 1405 642 1462 ἓν
683 1406 853 1481 ταύτῃ
911 1407 1102 1461 τοῦτον
1159 1408 1636 1480 κοιμηθησόμενον
1687 1403 1887 1475 ἔθεντο,
1946 1407 2061 1478 ἃμα

403 1499 498 1569 μέν
536 1504 636 1566 τῆς
693 1500 790 1550 τοῦ
848 1495 1015 1565 ἡλίου
1071 1497 1278 1572 θέρμης
1345 1496 1436 1550 τὸν
1494 1496 1744 1550 καύσωνα
1799 1490 2058 1556 ἀϐλαϐῶς

401 1583 636 1649 διελθεῖν
675 1586 1096 1660 μηχανώμενοι,
1149 1588 1263 1658 ἅμα
1323 1583 1381 1640 δε
1433 1587 1521 1640 καὶ
1581 1585 1652 1647 ὠς
1707 1584 2056 1658 ἀπερικόπως

405 1676 689 1750 ὑπνώττῃ,
726 1677 802 1747 μή
839 1675 940 1729 ὑπό
971 1695 1120 1737 τινος
1178 1674 1370 1748 ἔξωθεν
1426 1673 1850 1750 ἐνοχλούμενος.
1905 1672 2058 1731 Ἀλλ’

403 1767 601 1823 ἐκεῖνοι
694 1769 787 1841 μὲν
871 1769 971 1837 τὴν
1068 1764 1317 1841 στίϐάδα,
1376 1769 1450 1831 ὡς
1506 1771 1534 1824 6
1592 1770 1778 1844 καιρὸς
1851 1765 2054 1838 ἐδίδου,

401 1856 787 1932 σχεδιάσαντες
890 1857 982 1912 καὶ
1086 1860 1178 1914 τὸν
1279 1855 1447 1912 παῖδα
1551 1857 2056 1930 κατακάιμήσαντες

401 1949 616 2023 ᾣχοντο
684 1949 820 2022 πρὸς
875 1947 939 2003 τὸ
996 1943 1170 2024 ἕργοψ
1231 1953 1329 2004 τοῦ
1386 1948 1555 2018 ἡλίου
1616 1947 1672 2004 δὲ
1745 1949 1841 2012 τὰς
1898 1948 2131 2048 ἀκτῖ-Β

396 2058 490 2099 νας
544 2036 862 2116 ἐπαφιέντος
923 2038 1004 2109 τῷ
1061 2036 1216 2092 παιδὶ
1275 2038 1364 2092 καὶ
1451 2038 1512 2092 οὐ
1585 2041 1794 2112 μικρῶς
1873 2038 2052 2110 τούτῳ

395 2123 902 2201 παρενοχλοῦντος,
998 2128 1151 2187 ἀετὸς
1239 2127 1604 2189 ἐπικαταπτὰς
1690 2127 2051 2200 ἡπλωμέναις

394 2223 513 2279 ταῖς
574 2216 798 2291 πτέρυξι
857 2216 919 2270 τὸ
998 2213 1216 2270 παιδίον
1303 2216 1560 2287 ἐσκίαζεν.
1651 2217 1938 2292 ’Λρθείσης
1997 2213 2055 2270 δὲ

394 2305 548 2381 παρά
644 2309 750 2360 τῶν
832 2302 1060 2359 ἰδόντων
1135 2308 1337 2378 φωνῆς,
1419 2307 1493 2378 μή
1568 2327 1621 2359 τι
1724 2304 1814 2359 καὶ
1888 2303 2051 2358 πάθοι

393 2395 540 2468 παρὰ
578 2398 678 2449 τοῦ
743 2394 887 2462 ζώου
938 2388 1371 2464 εὐλαϐηθέντων,
1405 2397 1438 2462 ἡ
1476 2397 1663 2468 μήτηρ
1713 2391 1867 2457 εὐθὺς
1918 2393 2054 2467 πρὸς

389 2484 484 2538 τὸν
518 2481 693 2538 παῖδα
723 2480 1028 2558 δραμοῦσα,
1081 2483 1157 2543 ὡς
1215 2483 1335 2558 εὗρε
1388 2483 1577 2536 ἐοῦτον
1638 2480 1816 2552 ἡδέως
1869 2480 2054 2545 καθεύ-

395 2569 559 2627 δοντα
592 2569 778 2626 ἰδοῦσα
810 2568 870 2625 δὲ
899 2571 990 2625 καὶ
1019 2572 1112 2626 τὸν
1140 2570 1296 2626 ἀετὸν
1346 2576 1426 2643 τῷ
1468 2569 1673 2644 παιδίῳ
1731 2573 1882 2626 σκιὰν
1934 2574 2052 2629 ταῖς

396 2661 1106 2735 πτέρυξιπεριποιούμενον
1163 2663 1251 2716 καὶ
1317 2659 1457 2732 μηδέ
1514 2663 1653 2735 πρὸς
1701 2662 1800 2727 τὴν
1850 2661 2053 2730 ταύτης

396 2750 734 2828 ἐκπλαγέντα
782 2750 1084 2819 ἐπέλευσιν,
1126 2749 1254 2806 ἀλλ’
1303 2749 1487 2823 ὣσπερ
1533 2751 1621 2806 καὶ
1679 2751 1842 2826 χάριν
1888 2750 2050 2804 ἀπαι-

2175 687 2480 758 proposito
2512 687 2896 742 abducamur.
2932 689 3122 744 Unum
3159 697 3359 748 tamen
3391 697 3696 766 praeterire
3728 715 3834 753 ne-

2177 793 2476 848 quaquam
2510 776 2801 831 convenit.
2836 778 3040 832 Messis
3073 784 3342 851 tempore
3395 790 3674 854 parentes
3705 786 3836 856 ejus

2175 883 2308 920 cum
2342 866 2405 920 in
2440 881 2644 937 agrum
2667 865 2954 936 exissent,
2978 871 3044 921 ut
3068 884 3399 926 messorum
3430 890 3643 945 operas
3669 891 3836 947 urge-

2173 959 2326 1020 rent,
2362 953 2666 1018 Basilium,
2705 971 2778 1008 ne
2813 956 2956 1010 solis
3006 962 3154 1013 aestu
3184 958 3521 1032 laederetur,
3557 965 3664 1019 sub
3703 983 3837 1021 um-

2173 1043 2416 1099 braculo
2449 1043 2706 1114 quodam
2757 1061 2826 1098 ex
2872 1046 3194 1117 manipulis
3245 1049 3442 1104 subito
3487 1058 3830 1111 constructo

2172 1139 2586 1205 reposuerunt,
2619 1140 2686 1188 ut
2729 1135 2877 1189 987
2935 1136 3116 1192 simul
3165 1143 3224 1192 et
3274 1156 3307 1194 a
3346 1141 3650 1198 radiorum
3684 1146 3828 1201 solis

2170 1223 2396 1278 fervore
2423 1229 2583 1277 tutus
2615 1229 2772 1280 esset
2797 1229 2856 1279 et
2875 1225 3004 1281 sine
3026 1227 3301 1282 molestia
3321 1228 3628 1299 dormiret,
3658 1233 3828 1289 nulla

2170 1331 2234 1368 re
2284 1313 2759 1380 interturbante;
2793 1314 3026 1386 ipsique
3078 1317 3152 1371 ad
3205 1335 3353 1390 opus
3404 1321 3594 1393 sopito
3641 1339 3826 1393 puero

2171 1405 2596 1461 discesserunt.
2630 1406 2774 1460 Cum
2820 1421 2954 1460 vero
3004 1406 3090 1461 sol
3121 1408 3318 1464 radios
3369 1411 3423 1465 ei
3452 1411 3740 1467 imitteret
3771 1417 3829 1467 et

2168 1511 2289 1548 non
2321 1510 2558 1565 parvam
2590 1494 2831 1549 afferret
2860 1495 3220 1565 molestiam,
3253 1499 3456 1571 aquila
3486 1518 3552 1555 eo
3586 1501 3825 1557 devola-

2167 1585 2246 1640 vit
2280 1589 2337 1639 et
2369 1583 2559 1655 passis
2588 1584 2698 1638 alis
2748 1601 3000 1655 puerum
3050 1587 3443 1644 obumbravit.
3477 1592 3643 1657 Quod
3686 1608 3823 1647 cum

2166 1675 2454 1729 vidissent
2480 1673 2603 1741 alii,
2638 1679 2696 1728 et
2738 1691 2858 1744 praa
2910 1680 3073 1730 metu
3101 1694 3176 1731 ne
3228 1679 3370 1748 quid
3401 1681 3604 1751 aquila
3632 1697 3818 1752 puero

2166 1764 2309 1819 mali
2340 1764 2562 1818 faceret
2593 1762 3048 1831 exclamassent,
3081 1769 3337 1822 accurrit
3364 1774 3558 1824 mater
3585 1771 3819 1825 videns-

2167 1872 2280 1927 que
2303 1871 2554 1927 puerum
2575 1855 2830 1910 suaviter
2847 1855 3107 1911 dormire
3123 1859 3452 1928 etaquilam
3473 1861 3528 1915 ei
3545 1861 3819 1916 umbram

2165 1945 2300 2000 aliis
2323 1945 2446 2000 suis
2467 1944 2754 2016 praebere,
2777 1961 2971 2014 neque
2990 1945 3178 2016 ipsius
3196 1947 3454 2005 adventu
3477 1950 3819 2017 absterreri,

2165 2034 2268 2090 sed
2300 2034 2468 2105 quasi
2501 2034 2750 2106 gratiam
2781 2050 3110 2105 reposcere,
3145 2037 3206 2091 in
3242 2040 3563 2108 praesentia
3592 2039 3824 2094 divina-

2163 2124 2322 2179 tione
2354 2123 2521 2178 nulla
2567 2123 2642 2178 ad
2694 2124 2948 2178 animum
2993 2125 3321 2193 accidente,
3352 2127 3549 2199 lapide
3599 2145 3632 2183 a
3661 2133 3823 2184 terra

2164 2213 2396 2270 sublato
2451 2212 2714 2284 aquilam
2765 2213 2981 2284 abegit,
3033 2231 3164 2284 quas
3215 2216 3524 2286 paululum
3583 2216 3826 2272 avolans

2163 2303 2426 2376 digressa
2456 2307 2647 2356 matre
2691 2302 2891 2358 statim
2941 2301 3138 2372 rediit,
3174 2309 3230 2358 et
3259 2310 3325 2359 ut
3371 2310 3508 2360 ante
3542 2305 3821 2360 Basilium

2164 2392 2556 2447 obumbravit.
2589 2393 2848 2447 Rursum
2871 2408 3008 2464 ergo
3041 2392 3406 2449 exclumatnr
3435 2411 3468 2450 a
3499 2394 3820 2466 spectanti-

2163 2484 2294 2550 bus,
2324 2487 2630 2552 materque
2661 2499 2978 2537 accurrens
3024 2483 3290 2554 aquilam
3339 2485 3535 2556 lapide
3575 2502 3610 2541 a
3637 2502 3822 2557 puero

2163 2572 2365 2643 abigit,
2400 2588 2587 2642 eaque
2637 2572 2768 2642 ipsa
2815 2572 3082 2643 digressa
3131 2573 3304 2628 redit.
3334 2575 3455 2629 Hoc
3500 2574 3820 2645 aliquoties

2161 2661 2338 2725 facto,
2391 2659 2633 2714 tandem
2681 2658 2946 2714 divinum
3003 2661 3114 2716 hoc
3164 2677 3294 2716 esse
3344 2663 3582 2734 signum
3628 2669 3822 2718 mater

2164 2748 2434 2822 cognovit
2464 2753 2522 2802 et
2551 2765 2620 2802 ex
2651 2749 2966 2818 prmteritis
2995 2749 3197 2804 futura
3227 2749 3482 2822 collegit.

389 2845 615 2902 τοῦντος
647 2840 842 2908 αὐτὴν,
873 2840 1011 2894 κατᾶ
1045 2840 1138 2911 μὲν
1169 2839 1232 2892 τὸ
1263 2838 1562 2913 πρόχειρον
1597 2837 1694 2893 οὐκ
1753 2839 1830 2901 εἷς
1881 2843 2003 2892 νοῦν
2051 2831 2258 2891 ’ἐϐαλλε
2311 2837 2375 2890 τὸ
2430 2836 2778 2907 θεοπρόπιον,
2841 2833 2968 2890 ἀλλ’
3026 2837 3101 2895 ὠς
3160 2838 3282 2912 εἶχε
3339 2836 3490 2892 λίθον
3540 2838 3648 2892 ἀπὸ
3707 2845 3810 2908 τῆς

385 2937 488 3004 γῆς
521 2924 765 2984 λαϐοῦσα
793 2929 885 2983 τὸν
916 2928 1067 2983 ἀετὸν
1101 2925 1388 2985 ἀπεδίωκε.
1425 2929 1518 2984 Καὶ
1579 2929 1737 2989 οὗτος
1807 2928 1901 2999 μὲν
1958 2927 2153 3001 μικρὸν
2214 2925 2452 2995 ἀπέπτη,
2509 2930 2610 2994 τῆς
2668 2921 2725 2978 δὲ
2783 2925 3042 2999 γυναικὸς
3095 2926 3232 2999 πρὸς
3287 2926 3378 2982 τὸν
3438 2925 3606 3002 ἃνδρα
3676 2929 3814 2983 ὑπο-

387 3018 696 3092 πρεψάσης
722 3016 887 3073 πάλιν
945 3023 1124 3093 παρῆν
1160 3018 1187 3071 6
1221 3017 1372 3080 ἀετὸς
1428 3017 1564 3073 κατὰ
1619 3017 1680 3071 τὸ
1737 3017 2000 3091 πρότερον
2059 3023 2257 3091 σχῆμα
2313 3013 2672 3086 ἡπλωμέναις
2719 3019 2837 3076 ταῖς
2894 3015 3116 3091 πτέρυξι
3170 3017 3232 3070 τὸ
3287 3014 3504 3071 παιδίον
3562 3015 3813 3072 ἐπισκιά·

390 3113 518 3177 ζων.
553 3108 653 3162 Καὶ
689 3106 856 3162 πάλιν
886 3105 1023 3181 ἦρτο
1056 3109 1208 3186 φωνή
1267 3106 1414 3181 παρὰ
1467 3111 1578 3160 τῶν
1637 3111 1842 3169 θεατῶν
1903 3103 2218 3180 διωλύγιος,
2270 3103 2360 3159 καὶ
2409 3106 2443 3172 ἡ
2497 3105 2684 3179 μήτηρ
2733 3103 2869 3177 πρὸς
2926 3106 2990 3159 τὸ
3046 3101 3289 3174 παιδίον,
3357 3105 3447 3160 καὶ
3507 3103 3648 3178 λίθῳ
3704 3108 3814 3162 πά-

384 3196 474 3252 λιν
508 3196 536 3250 6
590 3195 744 3258 ἀετὸς
800 3191 1269 3268 ἀποσοϐούμενος,
1327 3196 1616 3264 καὶὴτῆς
1673 3196 1882 3270 μητρὸς
1944 3195 2079 3269 πρὸς
2135 3193 2264 3256 τοὺς
2305 3192 2703 3270 ἐργαζομένους
2753 3192 3094 3272 ὓποστροφή.
3149 3194 3237 3255 Ὠς
3289 3191 3347 3248 δὲ
3393 3192 3483 3248 καὶ
3530 3195 3649 3268 τρὶς
3713 3196 3814 3250 καὶ

381 3283 657 3346 πολλάκις
697 3290 861 3340 τοῦτο
915 3284 1146 3360 ἐγένετο,
1201 3283 1370 3357 μόλις
1427 3286 1562 3339 ποτὲ
1617 3283 1962 3354 συναίσθησιν
2022 3287 2120 3338 τοῦ
2179 3281 2323 3346 θείου
2378 3276 2648 3354 λαμϐάνει
2706 3275 3012 3353 συμϐόλου,
3072 3282 3163 3336 καὶ
3229 3285 3651 3356 τεκμηριοῦνται
3710 3280 3803 3337 διὰ

386 3380 496 3429 τῶν
521 3369 918 3449 προλαϐόντων
950 3374 1018 3430 τὰ
1047 3376 1316 3448 γενόμενα
1344 3373 1584 3451 ὕστερον.

463 3463 760 3542 Ἐπρέφετο
791 3464 971 3519 τοίνυν
1007 3463 1096 3520 διὰ
1126 3463 1304 3535 πάσης
1351 3463 1668 3538 ἐπιμελείας
1699 3463 1726 3518 6
1757 3468 1885 3525 παῖς
1934 3462 2038 3517 ὕπὸ

2226 3466 2510 3520 Accurate
2544 3479 2578 3517 a
2631 3461 2977 3534 parentibus
3031 3462 3313 3518 educatus
3365 3462 3640 3533 Basilius,
3673 3480 3809 3518 cum

397 3548 586 3627 μὸνοις
618 3559 736 3617 τοῖς
766 3552 1012 3631 φύσασιν·
1053 3557 1134 3627 [Ρ.
1166 3556 1292 3626 560]
1323 3551 1434 3625 ἤδη
1479 3551 1536 3609 δὲ
1576 3553 1741 3609 αὐτοῦ
1787 3554 1888 3621 τήν
1935 3556 2044 3608 τῶν

393 3642 682 3696 νεανίσκων
730 3641 1172 3717 παραμείψαντος
1225 3639 1446 3711 ἡλικίαν
1512 3641 1823 3716 μετήλλαξε
1881 3642 1977 3716 μὲν
2017 3643 2044 3696 6

392 3731 574 3806 πατὴρ
594 3732 684 3784 τὸν
718 3731 859 3804 βίον,
893 3730 1096 3804 χηρεία
1127 3727 1185 3783 δὲ
1215 3729 1338 3803 περὶ
1368 3733 1468 3799 τὴν
1527 3731 1739 3804 μητέρα
1795 3729 1886 3784 καὶ
1949 3731 2045 3804 ὀρ-

392 3819 550 3898 φανία
580 3820 707 3894 περὶ
737 3818 956 3874 τουτονῖ
986 3819 1076 3872 τὸν
1109 3817 1320 3872 νεανίαν
1351 3819 1442 3871 καὶ
1490 3817 1727 3882 ἐντεῦθεν
1767 3818 1906 3872 ἆνίαι
1954 3819 2044 3872 καὶ

392 3908 605 3982 θλίψεις
640 3907 970 3982 ἀπεφύοντο.
1003 3905 1245 3982 Ἑπέρῥει
1279 3905 1336 3961 δὲ
1373 3908 1462 3962 καὶ
1505 3903 1810 3982 φροντίδων
1851 3906 2041 3978 ἐσμὸς,

382 4006 485 4067 τῆς
545 3999 671 4072 περὶ
727 3997 820 4052 τὸν
881 3998 1027 4052 οἶκον
1092 3996 1406 4070 ἐπιμελείας
1463 3996 1553 4051 καὶ
1610 4003 1713 4065 τῆς
1769 3998 2040 4069 μητρικῆς

380 4087 648 4160 προνοίας
679 4085 771 4140 καὶ
809 4089 919 4140 τῶν
945 4082 1198 4156 ἀδελφῶν
1231 4083 1353 4160 ἄρτι
1387 4084 1465 4159 ἐφ’
1489 4084 1676 4139 ἑαυτὸν
1703 4082 2040 4157 ἐξημμένης,

377 4177 640 4250 Ἐπείπερ
675 4177 710 4243 ἡ
739 4173 981 4251 γεωργία
1045 4175 1212 4248 μικρά
1264 4194 1348 4234 τις
1389 4173 1674 4248 ἐπικουρία
1721 4169 1898 4228 ἐδόκει
1947 4171 2042 4227 αὐ-

378 4268 457 4334 τῷ
489 4264 580 4318 καὶ
616 4263 866 4337 συνεργὸς
898 4263 1034 4335 πρὸς
1072 4264 1164 4317 τὸν
1229 4263 1371 4338 βίον,
1417 4261 1734 4336 βουλεύεται
1775 4261 1912 4336 πρὸς
1945 4263 2043 4331 τήν

385 4350 780 4427 βασιλεύουσαν
811 4349 1074 4414 εἶσελθεῖν
1125 4351 1406 4406 κάντεῦθεν
1453 4351 1632 4422 ἑαυτῷ
1677 4371 1737 4405 τε
1793 4351 1882 4404 καὶ
1927 4355 2045 4414 τοῖς

387 4441 676 4519 φιλτάτοις
709 4438 942 4509 ἐπαξίως
972 4442 1287 4512 ποριζεσθαι
1319 4440 1386 4493 τὰ
1435 4437 1646 4496 δέοντα.
1692 4438 1797 4494 Καὶ
1850 4442 2042 4493 τοῦτον

387 4532 485 4602 μὲο
545 4532 695 4605 εἶχεν
728 4531 756 4584 6
795 4531 933 4604 πρὸς
990 4531 1091 4598 τὴν
1156 4529 1544 4603 βασιλεύουσαν
1589 4524 1744 4603 ἔρως,
1795 4527 2042 4584 ἀνθεῖλκε

380 4615 565 4674 δὲκαὶ
630 4621 946 4692 κατεῖχενὴ
984 4620 1193 4692 μήτηρ,
1256 4619 1333 4690 μή
1394 4622 1754 4692 συγχωροῦσα
1812 4625 2040 4686 ποιῆσαι

377 4709 438 4761 τὸ
473 4706 901 4781 βουλευόμενον,
935 4705 1082 4762 ἀλλὰ
1130 4707 1455 4781 προσμένειν
1504 4705 1899 4781 παρακαλοῦσα
1948 4707 2038 4760 καὶ

381 4803 769 4876 γηροτροφεῖν,
825 4794 1168 4859 ἆπελθοῦσαν
1228 4794 1284 4851 δὲ
1338 4800 1698 4872 παραπέμψαι
1741 4802 1860 4857 ταῖς
1914 4796 2115 4897 ἒαυ-Ι)

375 4892 473 4942 τοῦ
509 4888 688 4962 χερσὶ,
733 4887 820 4941 καὶ
885 4887 1027 4941 οὕτω
1085 4887 1309 4959 πορείαν
1362 4886 1672 4942 στείλασθαι
1730 4889 1830 4957 τήν
1891 4887 2038 4958 αὐτῷ

377 4977 736 5049 καταθύμιον.
771 4974 949 5032 Ἀλλὰ
975 4975 1065 5030 καὶ
1099 4977 1274 5038 οὕτως
1307 4976 1475 5045 αὐτὴν
1509 4976 1743 5051 ἔχουσαν
1801 4974 2035 5031 δυσαπο-

381 5066 630 5128 σπάστως
662 5067 716 5120 αἱ
751 5065 1005 5140 βιωτικαὶ
1066 5063 1348 5142 φροντίδες
1398 5065 1778 5121 ἀναπείθουσιν
1827 5064 2035 5121 ἀπολῦ-

378 5176 488 5214 σαι,
522 5155 688 5228 Ἄρας
719 5153 810 5208 οῦν
841 5155 901 5208 ἐκ
932 5151 1276 5216 Μακεδονίας
1302 5158 1401 5222 τήν
1439 5153 1699 5228 βατιλίδα
1747 5156 2036 5228 καταλαμ-

379 5240 665 5298 ϐἀνει·καὶ
714 5244 779 5296 τὸ
841 5243 1038 5316 μεταξύ
1098 5241 1348 5304 διανύσας
1401 5241 1699 5317 διάστημα,
1757 5246 1845 5299 καὶ
1901 5245 2038 5300 κατὰ

378 5336 474 5395 τὰς
509 5338 728 5406 Χρυσᾶς
761 5331 939 5394 πύλας
969 5339 1070 5401 τῆς
1135 5330 1420 5407 βασιλίδος
1466 5333 1782 5406 γενόμενος,
1826 5335 1915 5388 καὶ
1967 5331 2037 5388 δι’

377 5423 554 5479 αὐτῶν
588 5420 981 5493 εἷ’σελθὼνῆδη
1034 5424 1170 5496 πρὸς
1226 5423 1453 5500 ἑσπέραν
1517 5431 1616 5492 τῆς
1670 5427 1881 5500 ἡμέρας
1939 5425 2034 5480 οὗ·-

374 5535 497 5585 σης,
551 5513 602 5567 ἐν
662 5515 731 5586 τῇ
789 5517 887 5567 τοῦ
946 5513 1105 5586 ἁγίου
1178 5514 1450 5587 μάρτυρος
1512 5511 1826 5587 Διομήδους
1871 5518 2036 5588 μονῇ,

377 5603 513 5658 κατά
543 5604 611 5656 τὰ
643 5601 695 5656 ἐν
726 5610 843 5662 τοις
874 5600 1200 5676 προαυλίοις
1255 5602 1424 5676 βάθρα
1475 5603 1580 5676 πρὸ
1624 5607 1719 5657 τοῦ
1762 5603 2036 5670 πυλῶνος,

378 5695 687 5754 κατάκοπος
713 5688 813 5760 ὧν,
838 5689 1131 5762 ἀτηπελῶς
1165 5695 1239 5753 ὼς
1270 5691 1460 5769 ἔτυχεν
1505 5691 1794 5767 ἐπιρῥίψας
1846 5693 2035 5749 ἑαυτὸν

377 5780 691 5837 ἀνεπαύετο.
727 5780 857 5854 Πρεὶ
889 5778 1114 5855 πρώτην
1144 5777 1202 5834 δὲ
1233 5780 1482 5856 φυλακην
1538 5788 1638 5852 τῆς
1685 5783 1878 5844 νυκτὸς
1909 5783 2035 5857 δναρ

2148 3553 2275 3624 jam
2325 3570 2392 3608 ex
2443 3551 2688 3624 ephebis
2737 3551 3113 3620 excessisset,
3163 3557 3393 3623 patrem
3445 3553 3666 3609 amisit.
3721 3555 3810 3609 Ita

2154 3643 2334 3698 orbus
2364 3642 2465 3697 ille
2496 3646 2682 3713 patre,
2717 3647 2906 3696 matre
2936 3642 3130 3711 vidua,
3159 3642 3314 3697 varie
3347 3642 3621 3698 aftlictari
3649 3643 3804 3699 988

2155 3735 2332 3805 ccepit
2361 3751 2428 3789 ac
2458 3733 2528 3789 de
2563 3751 2625 3787 re
2657 3733 2936 3788 familiari
2969 3733 3264 3788 sollicitus
3301 3749 3430 3788 esse
3465 3749 3809 3804 quanquam

2151 3823 2215 3877 in
2247 3839 2377 3878 eam
2409 3838 2613 3877 curam
2644 3829 2836 3877 mater
2879 3839 3117 3893 quoque
3151 3827 3208 3876 et
3255 3823 3468 3877 fratres
3503 3821 3812 3877 incumbe-

2150 3910 2312 3964 bant.
2367 3913 2631 3980 Cumque
2691 3911 2753 3964 in
2810 3911 3173 3982 agricultura
3227 3911 3303 3964 ad
3357 3911 3811 3966 sustentandam

2149 3999 2325 4053 vitam
2361 4015 2482 4052 non
2514 3999 2657 4053 satis
2686 4015 2815 4053 esse
2845 3999 3109 4068 prmsidii
3141 4004 3398 4068 putaret,
3433 4001 3640 4053 statuit
3670 4003 3815 4070 Cpo-

2149 4085 2234 4140 lin
2265 4086 2558 4157 proﬁcisci
2592 4086 2796 4156 ibique
2844 4085 2954 4140 sibi
2990 4092 3048 4141 et
3097 4087 3219 4140 suis
3251 4086 3326 4140 ad
3378 4087 3556 4141 vitam
3603 4104 3808 4144 neces-

2149 4177 2306 4231 saria
2336 4191 2566 4247 parare.
2603 4176 2721 4230 Hoc
2748 4176 2878 4246 ejus
2901 4174 3166 4229 studium
3205 4174 3572 4247 impediebat
3597 4182 3808 4247 mater,

2148 4282 2392 4321 manere
2441 4281 2644 4320 secum
2698 4271 2758 4318 et
2804 4281 2976 4319 avum
3033 4264 3298 4318 enutrire
3345 4263 3590 4335 jubens,
3643 4271 3702 4320 et
3744 4284 3807 4321 se

2149 4361 2445 4411 mortuam
2478 4355 2600 4409 suis
2631 4353 2906 4409 manibus
2952 4353 3186 4420 efferre,
3220 4358 3398 4423 atque
3448 4353 3531 4408 ita
3562 4353 3804 4410 demum

2147 4445 2440 4517 proﬁcisci
2474 4461 2590 4515 quo
2623 4443 2820 4499 vellet.
2858 4443 3022 4497 Victa
3067 4447 3267 4496 tamen
3318 4443 3445 4496 haec
3491 4444 3622 4515 ejus
3650 4445 3803 4498 reti-

2147 4535 2328 4590 nendi
2373 4533 2666 4605 cupiditas
2719 4538 2806 4587 est
2854 4532 3207 4586 necessitate
3253 4533 3439 4586 victus
3482 4533 3800 4589 tolerandi.

2148 4625 2437 4680 Dimissus
2469 4623 2721 4678 Basilius
2754 4640 2824 4676 ex
2856 4621 3196 4676 Macedonia
3228 4621 3573 4692 Byzantium
3604 4623 3801 4689 venit;

2147 4721 2203 4769 et
2235 4730 2340 4785 per
2370 4720 2625 4768 Auream
2651 4714 2950 4783 ingressus
2978 4717 3211 4782 portam
3235 4710 3329 4764 die
3347 4711 3474 4781 jam
3498 4711 3570 4764 ad
3602 4729 3804 4783 vespe-

2146 4817 2271 4854 ram
2301 4800 2675 4863 inclinata,in
2690 4799 2876 4853 sancti
2897 4797 3174 4868 martyris
3188 4796 3489 4851 Diomedis
3512 4798 3804 4854 vestibulo

2149 4889 2256 4943 sub
2286 4888 2502 4959 gradus
2553 4894 2737 4958 portae
2787 4888 3174 4959 propinquos,
3207 4892 3273 4940 ut
3320 4893 3446 4941 erat
3494 4887 3686 4942 fessus
3729 4889 3802 4943 ab

2147 4978 2380 5043 itinere,
2413 4994 2533 5032 non
2565 4977 2785 5031 refecto
2817 4992 3063 5048 corpore
3096 4993 3222 5031 sese
3271 4976 3490 5048 abjecit
3519 4994 3586 5031 ac
3617 4977 3804 5048 quieti

2146 5067 2328 5123 dedit.
2361 5066 2446 5121 lbi
2480 5066 2637 5121 circa
2657 5066 2910 5137 primam
2945 5066 3075 5138 ejus
3105 5066 3296 5119 noctis
3320 5065 3574 5138 vigiliam
3602 5083 3804 5122 mona-

2148 5156 2311 5212 sterii
2343 5155 2599 5227 principi
2623 5159 2861 5209 sanctus
2885 5153 3198 5209 Diomedes
3224 5155 3285 5208 in
3309 5155 3533 5209 somnis
3554 5155 3802 5223 assistit,

2138 5244 2360 5315 jubens
2418 5244 2491 5299 ad
2550 5247 2780 5314 portam
2838 5240 3034 5312 egredi
3095 5241 3498 5312 Basiliumque
3558 5243 3800 5298 nomine

2147 5351 2354 5389 vocare
2387 5348 2711 5402 secumque
2761 5331 2822 5384 in
2871 5331 3300 5384 monasterium
3348 5332 3668 5386 adductum
3698 5350 3803 5388 cu~

2147 5440 2277 5478 rare
2305 5441 2318 5478 :
2352 5423 2511 5477 hunc
2545 5421 2703 5476 enim
2737 5418 3019 5474 divinitus
3074 5419 3495 5489 imperatorem
3527 5421 3802 5492 designa-

2147 5518 2270 5567 tum
2295 5513 2426 5584 ejus
2443 5508 3262 5566 monasteriiinstauratorem
3287 5510 3804 5581 amplificatorem-

2147 5619 2260 5673 que
2292 5601 2436 5655 fore.
2461 5598 2782 5655 Monachus
2804 5596 2990 5651 visum
3015 5597 3126 5650 hoc
3148 5596 3324 5651 inane
3347 5605 3512 5654 ratus
3535 5601 3802 5672 nihilque

2145 5697 2409 5746 moratus
2441 5704 2649 5744 somno
2679 5704 2740 5741 se
2770 5702 3008 5740 rursum
3040 5683 3157 5740 dat.
3187 5685 3332 5740 Cum
3367 5694 3566 5743 autem
3601 5689 3799 5746 denuo

2143 5781 2296 5836 989
2348 5779 2502 5835 idem
2564 5777 2925 5833 insomnium
2986 5774 3250 5829 oblatum
3300 5776 3520 5847 ipsum,
3553 5785 3619 5833 ut
3670 5786 3798 5835 erat
