4184 6432
284 495 438 556 1079

1646 477 1963 545 GEORGII
2006 477 2158 537 CED
2168 475 2357 537 RENI

3550 473 3713 536 1080

285 629 507 700 inquit,
540 627 672 695 ﬁlii,
704 628 891 681 Deum
940 629 998 679 te
1029 624 1089 678 in
1132 621 1370 678 sublimi
1402 619 1638 692 imperii
1697 613 1941 688 specula

2071 607 2260 687 ρανερνὶ
2289 607 2494 671 τιθέναι
2544 608 2610 663 τὰ
2646 605 2912 684 μεγαλεῖα
2970 610 3067 662 τοῦ
3124 610 3279 674 Θεοῦ,
3313 608 3399 669 οἷς
3432 605 3547 662 οἵδε
3575 608 3710 682 τρὸ.

288 718 740 783 collocaturum,
758 714 1078 783 orbemque
1101 718 1395 767 terrarum
1418 711 1479 764 in
1501 715 1659 765 tuam
1683 711 1942 779 potesta-

290 814 413 879 tem
447 806 880 862 daturum.Hoc
930 818 1130 857 meum
1158 799 1503 856 vaticinium
1529 798 1630 853 ubi
1662 794 1944 867 implebi-

292 902 412 964 tur,
445 896 597 951 nihil
626 894 730 950 abs
770 898 825 947 te
857 892 1019 947 aliud
1079 897 1215 963 peto
1249 892 1403 947 993
1437 906 1615 960 quam
1673 892 1739 942 ut
1794 883 1941 940 mihi

291 985 558 1055 meisque
592 980 794 1036 liberis
849 979 1173 1035 benevolus
1219 979 1301 1034 sis
1357 984 1534 1048 atque
1593 976 1877 1031 clemens.
1914 996 1935 1024 ι

296 1072 576 1129 Promisit
598 1070 850 1125 Basilius
874 1087 958 1137 se,
997 1070 1159 1124 exitu
1174 1069 1286 1123 hoc
1310 1066 1653 1123 vaticinium
1668 1080 1939 1135 compro-

292 1162 491 1230 bante,
515 1176 757 1232 operam
789 1158 1069 1213 daturum
1098 1162 1165 1212 ut
1196 1174 1326 1213 eam
1350 1157 1531 1212 totius
1560 1155 1732 1209 istius
1759 1151 1940 1224 regio-

290 1255 385 1309 nis
454 1252 760 1308 dominam
839 1251 1038 1306 faciat.
1109 1251 1178 1303 Et
1245 1248 1555 1303 consulata
1636 1243 1943 1300 Danielide

289 1342 498 1414 Cpolin
530 1342 603 1397 ad
626 1341 837 1396 herum
870 1356 1043 1395 suum
1069 1338 1266 1394 rediit.
1299 1339 1364 1392 In
1397 1335 1740 1391 Macedonia
1769 1349 1943 1405 porro

291 1430 517 1503 praadia
545 1430 736 1485 multa
757 1429 903 1483 emit
927 1444 997 1483 ea
1018 1427 1273 1499 pecunia
1294 1442 1471 1497 quam
1495 1424 1575 1479 ibi
1597 1421 1941 1493 ecquisivis-

290 1520 727 1591 set,effecitque
752 1523 819 1573 ut
847 1518 971 1573 suis
1009 1517 1278 1572 omnium
1309 1532 1509 1570 rerum
1543 1512 1949 1585 suppeditaret

294 1610 483 1681 copia.
507 1610 639 1680 Ipse
672 1614 872 1663 autem
921 1623 1057 1661 cum
1115 1605 1355 1661 domino
1415 1621 1521 1660 suo
1579 1602 1944 1668 versabatur,
1992 1630 2000 1637 ~

293 1699 467 1769 eique
495 1696 872 1751 inserviebat.

2054 718 2179 759 ποις
2218 692 2603 773 προλεγόμενα
2658 695 2749 750 καὶ
2809 693 3275 769 δηλοποιούμενα.
3337 694 3474 767 Ἰδίᾳ
3527 697 3711 752 τοίνυν

2055 785 2515 862 παραστησαμένη
2542 785 2634 839 τὸν
2669 782 2981 855 Βασίλειον,
3014 810 3049 853 (ς
3075 786 3235 854 "lcet,
3269 784 3392 861 ἔφη,
3428 787 3473 839 ὦ
3500 784 3705 854 τέκνον,

2050 875 2125 937 ὡς
2158 877 2184 929 6
2216 875 2345 937 Θεός
2408 896 2465 930 σε
2517 874 2604 929 ἐπὶ
2667 873 2910 950 μεγάλης
2957 874 3148 946 μέλλει
3204 876 3409 929 τιθέναι
3446 883 3547 944 τῆς
3576 897 3710 931 σκο-

2049 970 2178 1027 πιᾶς
2233 964 2322 1019 καὶ
2379 964 2564 1038 κύριον
2626 961 2997 1018 ἀποδεικνύεῐν
3058 964 3235 1034 πάσης
3289 970 3389 1033 τῆς
3444 968 3568 1040 γῆς.
3613 966 3707 1027 Εἷς

2051 1048 2211 1129 ἔργον
2244 1052 2339 1107 οὖν
2374 1048 2609 1124 ἐκϐάσης
2645 1059 2744 1122 τῆς
2794 1052 2935 1125 ἐμῆς
2982 1053 3339 1129 προρρήσεως
3379 1052 3534 1108 οὐδὲν
3570 1054 3710 1109 αίτῶ

2052 1141 2230 1218 ἕτερον
2259 1143 2405 1219 παρὰ
2435 1147 2551 1214 σοῦ,
2585 1141 2714 1197 ἀλλ’
2742 1143 2777 1211 ἤ
2808 1142 2871 1197 τὸ
2920 1141 3084 1215 μόνον
3127 1143 3435 1217 ἀγαπᾶσθαι
3465 1143 3554 1197 καὶ
3585 1142 3709 1198 ἐλεο

2052 1235 2223 1289 εἶσθαι
2258 1232 2355 1306 ἐμέ
2381 1253 2441 1286 τε
2470 1230 2713 1293 καὶτοὺς
2745 1229 2794 1301 ἐξ
2829 1231 2987 1304 ἐμοῦ.
3029 1255 3050 1283 ι
3084 1233 3147 1289 Ὁ
3196 1228 3276 1298 δέ,
3311 1232 3355 1285 εἱ
3389 1228 3512 1302 δοίη
3553 1232 3710 1289 τελε·

2055 1329 2244 1392 σθῆναι
2285 1322 2415 1386 Θεὸς
2469 1322 2539 1377 τὰ
2602 1321 2944 1395 μηνυόμενα,
2999 1322 3190 1396 κυρίαν
3232 1320 3398 1389 αὐτὴν
3433 1322 3711 1401 ἀποφῆναι

2051 1412 2520 1491 κατεπηγγείλατο
2579 1413 2781 1485 πάσης,
2842 1413 2887 1467 εἷ
2948 1413 3063 1468 οἷόν
3102 1433 3181 1481 τε,
3215 1414 3424 1483 ἐκείνης
3452 1421 3552 1483 τῆς
3584 1422 3708 1491 γῆς.

2055 1504 2155 1562 Καὶ
2214 1502 2387 1565 οὕτως
2445 1502 2819 1575 ἄσπασάμενος
2897 1505 2997 1569 τὴν
3081 1507 3306 1576 γυναῖκα
3365 1504 3516 1573 ἀνήει
3576 1504 3713 1577 πρὸς

2051 1598 2152 1664 τὴν
2215 1592 2607 1670 βασιλεύουσαν
2666 1592 2757 1648 καὶ
2811 1593 2901 1647 τὸν
2960 1594 3152 1647 ἑαυτοῦ
3207 1593 3417 1668 κύριον.
3472 1594 3608 1650 Ἀπὸ
3654 1592 3714 1648 δὲ

2050 1690 2160 1740 τῶν
2235 1682 2478 1748 ἐντεῦθεν
2528 1683 2679 1755 αὐτῷ
2749 1681 3201 1757 προσγενομένων
3257 1684 3563 1757 χρημάτων
3628 1682 3715 1753 ἐξ-

293 1768 646 1858 ωνησάμενος
707 1787 787 1852 [Ρ.
822 1784 948 1855 563]
980 1780 1056 1843 εἷς
1087 1778 1418 1837 Μακεδονίαν
1450 1780 1670 1849 κτήσεις
1698 1776 1882 1837 ἱκανὰς
1910 1773 2233 1844 κατέστησεν
2285 1771 2375 1827 ἐπὶ
2431 1771 2691 1843 εὐπορίας
2717 1771 2959 1833 ἃπαντας
2985 1770 3114 1833 τοὺς
3143 1773 3520 1846 προσήκοντας
3550 1768 3713 1846 δαψι-

295 1870 451 1943 λοῦς,
483 1879 647 1941 συνῆν
681 1868 728 1925 δ’
751 1872 904 1945 ὅμως
937 1870 1027 1925 καὶ
1060 1866 1303 1939 διηκόνει
1332 1873 1412 1941 τῷ
1443 1869 1619 1941 κυρίῳ
1650 1866 1841 1923 αὐτοῦ.

369 1962 633 2028 Quodam
684 1962 778 2017 die
846 1961 1176 2034 Antigonus
1251 1959 1591 2015 scholarum
1648 1957 2028 2030 princeps,B

293 2052 540 2107 Caesaris
571 2049 774 2107 Bardaa
806 2050 991 2118 ﬁlius,
1042 2055 1390 2121 sumptuoso
1440 2047 1703 2104 convivio
1764 2062 1948 2118 appa-

301 2147 453 2210 rato,
483 2141 675 2213 primo
706 2141 836 2195 loco
859 2144 1090 2211 patrem
1122 2156 1297 2194 suum
1338 2137 1623 2205 invitavit,
1657 2136 1827 2206 isque
1856 2151 1951 2189 se-

294 2248 429 2286 cum
463 2230 683 2285 multos
714 2229 865 2284 alios
897 2228 967 2283 de
995 2228 1284 2299 cognatis,
1306 2228 1514 2282 amicis
1542 2243 1608 2281 ac
1637 2224 1949 2279 familiari-

297 2320 409 2374 bus
461 2318 748 2383 adduxit;
780 2317 1146 2387 aderantque
1177 2318 1230 2371 ei
1272 2316 1451 2370 etiam
1485 2314 1719 2386 Bulgari
1754 2313 1951 2377 amici,

300 2409 403 2480 qui
434 2414 559 2463 tum
600 2408 750 2462 forte
799 2407 1060 2479 Byzantii
1120 2405 1431 2477 degebant.
1491 2406 1692 2474 Neque
1750 2402 1957 2457 aberat

296 2496 656 2567 Theophilus
689 2495 889 2550 Basilii
924 2494 1295 2560 dominus,ut
1324 2494 1449 2565 ipse
1479 2509 1715 2564 quoque
1747 2507 1955 2563 cogna-

303 2594 397 2642 tus
425 2586 691 2641 Caesaris.
715 2586 877 2639 Inter
904 2584 1119 2656 pocula
1148 2583 1221 2639 de
1269 2583 1494 2638 athleta
1558 2582 1813 2652 quodam
1848 2598 1953 2636 suo

311 2693 373 2732 se
398 2675 726 2749 jactabant,
752 2691 930 2746 quem
964 2690 1165 2729 secum
1223 2673 1546 2741 habebant,
1576 2672 1789 2727 robore
1823 2687 1955 2725 cor~

306 2766 467 2840 poris
500 2764 863 2836 superbum;
896 2769 1360 2837 arroganterque
1419 2761 1829 2834 gloriabantur
1857 2778 1958 2815 ne-

301 2858 525 2913 minem
558 2871 689 2910 esse
721 2855 822 2925 qui
856 2870 988 2908 cum
1024 2870 1093 2908 eo
1123 2869 1337 2908 manus
1368 2852 1638 2907 conferre
1687 2851 1953 2906 auderet.

299 2945 489 3001 Medio
522 2944 785 3001 convivio
842 2943 1203 3015 Theophilus
1234 2942 1307 2999 ad
1339 2944 1628 2998 Caesarem
1679 2959 1692 2997 :
1728 2942 1784 2996 Si
1818 2947 1954 3009 tuae,

308 3034 526 3106 inquit,
582 3033 881 3105 majestati
950 3033 1165 3104 placet,
1225 3032 1515 3088 famulum
1582 3030 1794 3098 habeo,
1855 3031 1956 3101 qui

307 3140 441 3179 cum
498 3122 756 3195 glorioso
815 3121 928 3175 isto
994 3120 1245 3191 Bulgaro
1323 3121 1605 3176 decertet.
1683 3122 1958 3192 Magnum

303 3213 467 3267 enim
524 3211 781 3267 dedecus
841 3210 1124 3266 Romanis
1185 3210 1365 3264 fuerit
1414 3211 1595 3265 istum
1672 3209 1959 3264 invictum

300 3302 459 3357 994
514 3302 576 3355 in
642 3300 977 3373 Bulgariam
1048 3300 1283 3354 reverti.
1371 3300 1664 3354 Probante
1726 3315 1950 3353 sermo-

306 3408 445 3447 nem
496 3392 725 3446 Caasare
776 3394 836 3444 et
889 3388 1326 3444 adolescentem
1378 3390 1449 3459 (is
1508 3395 1634 3443 erat
1684 3387 1955 3458 Basilius)

303 3480 552 3553 produci
590 3479 864 3551 jubente,
896 3477 1324 3533 Constantinus
1382 3478 1690 3548 patricius,
1722 3478 1959 3532 Thomaa

307 3570 625 3641 logothette
657 3574 845 3639 pater,
878 3567 979 3637 qui
1028 3582 1384 3638 magnopere
1430 3566 1663 3621 favebat
1719 3566 1958 3632 Basilio,

310 3658 599 3713 nimirum
631 3662 689 3710 et
717 3657 843 3726 ipse
873 3656 1169 3710 Armenias
1201 3654 1423 3726 stirpis,
1477 3655 1675 3710 locum
1722 3655 1787 3709 in
1845 3672 1961 3726 quo

310 3745 596 3802 luctaturi
628 3749 801 3799 erant
838 3744 1150 3798 humidum
1181 3750 1865 3816 cernens,metuensque
1887 3762 1964 3800 ne

315 3835 390 3890 ob
414 3836 543 3909 ejus
589 3833 986 3889 lubricitatem
1037 3833 1289 3888 Basilius
1347 3832 1605 3902 caderet,
1630 3833 1873 3906 pulvere
1898 3851 1965 3890 ac

315 3925 490 3981 scobe
542 3941 672 3995 quas
705 3940 869 3979 serra
900 3923 1100 3978 scissis
1159 3922 1337 3995 lignis
1370 3923 1433 3978 fit
1478 3924 1709 3993 ingesta
1765 3924 1963 3980 locum

311 4013 592 4071 contexit.
626 4016 713 4069 Ita
742 4013 994 4085 Bulgaro
1025 4029 1378 4086 congressus
1421 4012 1675 4068 Basilius
1731 4014 1967 4086 pueruli

317 4121 455 4161 eum
488 4105 679 4159 instar
702 4103 1075 4174 campressit,
1108 4103 1617 4174 constrictumque
1638 4103 1813 4159 veluti
1846 4121 1970 4159 ma-

322 4194 597 4266 nipulum
629 4192 829 4248 herbae
862 4196 965 4248 aut
995 4191 1275 4263 glaubum
1298 4193 1451 4247 lanae
1478 4192 1763 4248 facillime
1795 4194 1973 4249 subli-

316 4300 476 4338 mem
503 4282 757 4356 arripuit
788 4287 845 4337 et
874 4298 1053 4353 super
1071 4297 1341 4337 mansam
1376 4280 1614 4353 abjecit,
1638 4298 1971 4354 magnoque

322 4372 623 4428 Romanos
648 4371 863 4444 gaudio
896 4370 1113 4439 affecit,
1141 4371 1366 4442 pudore
1424 4369 1692 4443 Bulgaris
1741 4370 1970 4427 oborto.

320 4460 407 4515 Ab
436 4477 503 4516 eo
550 4460 644 4516 die
698 4461 859 4516 fama
899 4458 1099 4514 Basilii
1132 4475 1261 4515 sese
1318 4475 1427 4530 per
1453 4457 1662 4513 urbem
1714 4459 1971 4526 diffudit,

318 4550 611 4621 cmpitque
644 4549 707 4604 in
739 4565 840 4604 ore
881 4553 940 4603 et
969 4546 1361 4603 admiratione
1394 4548 1665 4603 omnium
1715 4565 1864 4606 esse.

2130 1954 2228 2010 Ἔν
2258 1972 2366 2006 τινι
2398 1947 2457 2004 δέ
2495 1954 2603 2004 τῶν
2664 1952 2885 2024 ἡμερῶν
2943 1951 3251 2025 Ἀντίγονος
3282 1951 3309 2004 6
3341 1954 3450 2005 τῶν
3484 1948 3710 2025 σχολῶν

2059 2040 2461 2122 ἀφηγούμενος,
2522 2040 2550 2093 ὁ
2608 2042 2704 2092 τοῦ
2762 2038 3037 2115 Καίσαρος
3076 2035 3260 2114 Βάρδα
3308 2039 3446 2110 υἱὸς,
3479 2037 3713 2093 ἑστίασιν

2057 2130 2339 2200 πολυτελῆ
2425 2129 2959 2201 κατασκευασάμενος
3040 2126 3341 2201 δαιτυμόνα
3449 2129 3570 2203 εἶχε
3646 2128 3715 2181 τὰ

2058 2225 2250 2295 πρῶτα
2304 2223 2411 2273 τῶν
2462 2217 2831 2291 ἀνακειμένων
2888 2218 2979 2272 τὸν
3040 2218 3231 2272 ἑαυτοῦ
3271 2216 3476 2293 πατέρα
3508 2213 3717 2290 Βάρδαν

2057 2310 2149 2365 τὸν
2182 2308 2441 2384 Καίσαρα,
2502 2308 2562 2371 ὅς
2619 2306 2868 2370 πολλοὺς
2922 2308 3013 2363 καὶ
3072 2308 3277 2370 ἄλλους
3305 2312 3412 2363 τῶν
3453 2313 3718 2384 συγγενῶν

2058 2400 2147 2455 καὶ
2179 2398 2358 2479 φίλων
2389 2399 2479 2453 καὶ
2512 2400 2754 2469 συνήθων
2807 2393 3141 2473 παραλαϐὼν
3174 2399 3308 2470 πρὸς
3348 2400 3446 2467 τήν
3480 2396 3718 2473 εὐωχίαν

2060 2489 2269 2563 ἀπῄει.·
2306 2494 2665 2562 συμπαρῆσαν
2698 2484 2745 2541 δ’
2785 2488 2931 2561 αὐτῷ
2980 2488 3066 2542 καὶ
3116 2487 3425 2562 Βούλγαροι
3471 2489 3722 2557 συνήθεις

2059 2579 2149 2633 καὶ
2182 2577 2358 2655 φίλοι,
2394 2574 2536 2633 οὕτω
2577 2577 2892 2653 παρατυχὸν
2946 2580 3014 2650 τῇ
3071 2574 3315 2653 βασιλίδι
3348 2571 3720 2651 ἐνδιατρίϐονο

2060 2689 2164 2732 τες.
2199 2669 2315 2724 Οὐκ
2344 2667 2488 2733 ἀπῆς
2522 2663 2579 2720 δὲ
2609 2672 2708 2737 τῆς
2759 2663 3079 2727 πανδαισίας
3136 2662 3261 2720 οὐδὲ
3313 2666 3340 2719 6
3389 2663 3656 2742 Θεόφιλος
3691 2666 3719 2720 6

2059 2761 2156 2812 τοῦ
2190 2754 2479 2814 Βασιλείου
2535 2755 2747 2829 κύριος,
2806 2757 2895 2809 οἵα
2954 2756 3214 2831 συγγενὴς
3269 2755 3360 2811 καὶ
3428 2753 3585 2815 αὐτὸς
3620 2758 3719 2808 τοῦ

2067 2848 2357 2923 Καίσαρος.
2392 2848 2504 2903 Τοῦ
2538 2843 2594 2900 δὲ
2623 2846 2795 2900 πότοῦ
2815 2845 3107 2920 προϊόντος
3128 2845 3219 2899 καὶ
3244 2842 3594 2917 ἀκμαζούσης
3616 2850 3716 2913 τῆς

2064 2936 2325 3012 εὐωχίας,
2360 2935 2476 2991 ἐπεὶ
2509 2934 2703 3010 ἔτυχον
2753 2935 2804 2989 οἱ
2857 2933 3164 3008 Βούλγαροι
3196 2928 3420 3008 ἔχοντές
3450 2954 3573 2989 τινα
3605 2935 3722 3007 μεθ’

2067 3028 2269 3081 ἑαυτῶν
2328 3022 2493 3100 ἄνδρα
2552 3023 2846 3094 ἀθλητικὸν
2895 3025 2984 3078 καὶ
3026 3023 3109 3078 ἐπ’
3143 3022 3295 3098 ἰσχύϊ
3324 3023 3724 3095 σεμνυνόμενον

2030 3110 2033 3113 ’
2070 3116 2350 3188 σώματος,
2384 3111 2607 3170 ἐδόκουν
2644 3111 2726 3168 ἐπ’
2762 3113 2911 3184 αὐτῷ
2945 3112 3083 3187 μέγα
3137 3118 3349 3186 φρονεῖν
3397 3111 3487 3165 καὶ
3517 3109 3723 3180 ἠλαζο-

2066 3203 2286 3260 νεύοντο
2316 3202 2407 3258 καὶ
2443 3199 2647 3276 μηδένα
2688 3202 2825 3256 εἶναι
2855 3202 2947 3257 τὸν
2981 3200 3057 3262 εἷς
3102 3207 3292 3277 χεῖρας
3324 3201 3485 3256 αὐτοῦ
3518 3221 3727 3273 συμπε-

2071 3300 2179 3349 σεῐν
2224 3290 2518 3364 δυνάμενον
2579 3290 3012 3366 ἐμεγαλαύχουν.
3067 3290 3353 3366 Λέγειγοῦν
3391 3290 3513 3364 περὶ
3562 3291 3730 3361 μέσας

2070 3386 2338 3458 τραπέζας
2367 3382 2394 3436 ὁ
2426 3381 2691 3459 Θεόφιλος
2722 3380 2858 3454 πρὸς
2906 3381 2997 3435 τὸν
3049 3381 3305 3455 Καίσαρα,
3340 3380 3414 3440 ὡς
3448 3404 3476 3430 ‹‹
3512 3380 3575 3435 El
3606 3377 3727 3453 ἀρέ-

2071 3495 2184 3529 σκει
2218 3479 2286 3548 τῇ
2346 3479 2414 3547 σῇ
2475 3472 2707 3544 ἐξουσίᾳ,
2764 3467 2877 3528 ἔστι
2933 3495 3015 3535 τις
3047 3477 3154 3527 τῶν
3183 3471 3596 3546 ὑπηρετούντων
3631 3493 3725 3543 μοι

2071 3562 2361 3635 δυνάμενος
2423 3561 2813 3635 συμπλακῆναι
2860 3566 2938 3633 τῷ
2977 3557 3293 3636 περιϐοήτῳ
3335 3561 3513 3632 τούτῳ
3546 3560 3727 3617 Βουλ-

2071 3653 2244 3728 γάρῳ·
2310 3652 2450 3725 μέγα
2506 3651 2607 3727 γὰρ
2663 3648 2867 3712 ὄνειδος
2925 3650 3243 3723 Ῥωμαίοις,
3276 3649 3322 3704 εί
3355 3649 3528 3709 οὕτως
3560 3649 3727 3704 ἀκατ-

2073 3743 2377 3819 αγώνιστος
2423 3741 2581 3802 οὗτος
2630 3738 2683 3796 ἐν
2736 3739 3047 3817 Βουλγαρίᾳ
3084 3739 3468 3814 παραγένηται,
3506 3759 3532 3791 ι
3562 3738 3733 3793 Ἀπο-

2075 3827 2367 3903 δεξαμένου
2426 3827 2484 3885 δὲ
2537 3831 2629 3885 τὸν
2688 3828 2850 3903 λόγον
2897 3834 2994 3884 τοῦ
3052 3828 3341 3903 Καίσαρος,
3374 3828 3463 3882 καὶ
3495 3828 3732 3900 προστά-

2075 3922 2263 3990 ξαντος
2296 3918 2372 3981 εἷς
2409 3920 2573 3991 μέσον
2625 3916 2850 3993 ἄγεσθαι
2908 3919 3000 3972 τὸν
3058 3918 3355 3987 νεανίσκον,
3392 3917 3419 3970 ὁ
3449 3914 3739 3990 πατρίκιος

2077 4015 2487 4072 Κωνσταντῖνος
2520 4010 2547 4064 6
2580 4015 2753 4083 Θωμᾶ
2780 4013 2876 4064 τοῦ
2936 4007 3231 4083 λογοθέτου
3279 4009 3485 4080 πατήρ,
3529 4003 3742 4080 σφόδρα

2080 4098 2285 4179 φιλίως
2317 4099 2456 4173 πρὸς
2485 4098 2577 4153 τὸν
2629 4096 2915 4153 Βασίλειον
2968 4097 3309 4170 διακείμενος
3338 4096 3431 4151 ’ἁτε
3460 4096 3549 4151 καὶ
3581 4094 3747 4159 αὐτὸς

2081 4189 2132 4261 ἐξ
2193 4188 2493 4261 Ἀρμενίων
2550 4189 2650 4256 τήν
2690 4192 2789 4242 τοῦ
2849 4188 3041 4263 γένους
3100 4182 3278 4241 ἕλκων
3341 4185 3546 4259 σειρὰν,
3602 4183 3744 4239 κάθ-

2080 4300 2247 4354 υγρον
2282 4276 2410 4333 ἰδὼν
2436 4278 2528 4333 τὸν
2559 4278 2728 4334 τόπον
2787 4276 2838 4332 ἐν
2893 4277 3042 4353 ᾧπερ
3093 4274 3331 4351 ἔμελλον
3363 4278 3415 4331 οἱ
3445 4276 3745 4330 παλαισταὶ

2083 4367 2498 4441 συμπλακῆναι,
2531 4368 2622 4421 καὶ
2673 4365 2851 4430 δείσας
2888 4367 2981 4422 τὸν
3035 4366 3096 4422 ἐκ
3141 4374 3242 4436 τῆς
3278 4366 3581 4442 ὑγρότητος
3624 4364 3746 4420 ὅλι-

2085 4463 2235 4531 σθον,
2293 4458 2443 4515 κόνιν
2500 4458 2592 4515 καὶ
2648 4460 2862 4535 πρίσμα
2918 4459 3036 4519 ἀπὸ,
3082 4457 3259 4529 ξύλων
3320 4456 3614 4534 ἐπιῤῥαίνει
3663 4459 3748 4527 τῷ

2085 4546 2288 4627 ἐδάφει.
2351 4548 2428 4607 Οὗ
2486 4547 2780 4625 γενομένου
2838 4547 3179 4621 συμπλακεὶς
3238 4550 3317 4617 τῷ
3370 4541 3677 4620 Βουλγάρῳ
3720 4544 3748 4596 6

320 4637 625 4707 Βασίλειος,
682 4637 773 4690 καὶ
833 4633 1016 4710 ὥσπερ
1075 4656 1126 4691 τι
1186 4633 1403 4689 παιδίον
1454 4635 1677 4711 νεογνὸν
1734 4635 1924 4700 πιέσας
1974 4637 2063 4691 καὶ
2123 4638 2482 4717 περισφίγξας
2543 4635 2726 4705 αὐτὺν,
2786 4637 2969 4713 ὥσπερ
3026 4640 3148 4692 τινὰ
3205 4633 3404 4709 δεσμὸν
3463 4634 3671 4709 χόρτου
3715 4634 3751 4703 ἢ

319 4723 489 4779 πόκον
567 4723 714 4791 ἐρίου
788 4723 1008 4801 κούφως
1074 4724 1219 4777 οὕτω
1274 4723 1366 4777 καὶ
1429 4719 1628 4796 ῥᾳδίως
1709 4726 2042 4801 μετεωρίσας
2107 4726 2288 4782 ἐπάνω
2363 4733 2463 4796 τῆς
2534 4725 2891 4802 τραπέρῥιψε.
2969 4728 3146 4782 Τοῦτο
3219 4725 3509 4798 γενόμενον
3573 4728 3751 4797 χαρᾶς

326 4815 422 4887 μὲν

519 4812 646 4873 τοὺς
722 4812 1062 4883 Ῥωμαίους,
1139 4810 1405 4886 αἰσχύνης
1478 4809 1538 4865 δὲ
1611 4813 1740 4875 τοὺς
1816 4813 2170 4891 Βουλγάρους
2245 4814 2563 4884 ἐνέπλησεν.
2644 4816 2767 4870 Ἀπ’
2842 4814 3052 4884 ἐκείνης
3084 4811 3139 4868 δὲ
3214 4820 3314 4882 τῆς
3389 4808 3596 4884 ἡμέρας
3663 4809 3754 4866 ἐπὶ

322 4901 491 4958 πλέον
525 4904 559 4971 ἡ
591 4904 689 4956 τοῦ
721 4898 1011 4956 Βασιλείου
1041 4899 1293 4969 ἡπλοῢτο
1325 4903 1484 4978 φήμη
1518 4900 1614 4956 ἀνα
1638 4903 1739 4972 τήν
1770 4902 2187 4977 βασιλεύουσαν,
2220 4906 2309 4959 καὶ
2360 4909 2478 4967 τοῖς
2528 4904 2781 4959 ἁπάντων
2815 4902 3088 4982 διεφέρετο
3123 4903 3355 4975 στόμασι
3388 4895 3756 4976 περίϐλεπτος

321 4988 429 5061 ἢδη
465 4990 836 5060 καθεστηκώς.

395 5082 508 5136 Sed
539 5088 597 5136 et
628 5079 790 5136 aliud
820 5080 1126 5152 quippiam
1176 5097 1289 5135 usu
1332 5081 1492 5136 venit
1535 5083 1690 5153 quod
1724 5083 1974 5155 gloriam
2010 5086 2053 5151 Β

333 5171 590 5226 hominis
651 5170 834 5225 auxit.
868 5171 1009 5225 Erat
1067 5170 1410 5242 imperatori
1468 5172 1754 5227 Michaelo
1796 5189 1987 5243 equus

332 5261 590 5316 infrenis
623 5265 680 5314 et
702 5265 1042 5324 contumax,
1075 5260 1988 5331 caateroquistatura,velocitate

333 5355 391 5403 et
416 5349 860 5421 pulchritudine
892 5365 1100 5403 omnes
1131 5350 1509 5420 quiunquam
1528 5348 1987 5405 admirationem

330 5443 677 5495 meruerant
696 5454 1007 5508 superans.
1042 5438 1093 5493 ls
1127 5438 1310 5493 semel
1340 5437 1595 5493 viuculis
1628 5438 1858 5493 solutus
1888 5446 1991 5494 aut

329 5522 552 5592 alioqui
584 5526 891 5591 dimissus,
923 5524 1276 5579 difﬁcillime
1310 5530 1371 5580 et
1406 5542 1525 5579 non
1558 5525 1687 5580 sine
1728 5527 1988 5582 maximo

334 5611 686 5679 equisonum
712 5612 914 5667 labore
947 5614 1076 5684 capi
1108 5619 1284 5684 atque
1319 5615 1506 5668 teneri
1556 5620 1806 5685 poterat.
1844 5616 1990 5671 Huic

336 5697 603 5751 insidens
636 5699 958 5769 imperator
989 5708 1263 5757 venatum
1297 5701 1448 5767 exit;
1482 5720 1737 5773 cumque
1760 5703 1988 5760 calamo

340 5785 605 5855 leporem
634 5784 945 5854 tetigisset,
996 5790 1068 5841 ab
1116 5790 1266 5846 995
1298 5805 1451 5859 equo
1509 5791 1709 5845 desilit
1754 5800 1820 5847 ut
1852 5809 1989 5848 eum

2164 5079 2371 5153 Συνέϐη
2405 5080 2463 5138 δὲ
2487 5083 2577 5138 καὶ
2608 5081 2750 5138 ἄλλο
2809 5105 2857 5138 τι
2921 5082 2983 5137 τὸ
3041 5080 3129 5136 ἐπὶ
3178 5079 3346 5135 πλέον
3373 5076 3535 5151 δόξης
3567 5076 3756 5151 ἐξᾶραν

2096 5173 2282 5227 αὐτόν·
2315 5174 2509 5236 Ἵππος
2536 5173 2602 5242 ἦν
2631 5173 2776 5248 παρὰ
2814 5176 2894 5244 τῷ
2953 5170 3171 5248 βασιλεῖ
3205 5166 3438 5244 Μιχαὴλ
3474 5165 3758 5241 σκληραύ-

2097 5283 2206 5339 χην
2234 5285 2293 5318 τε
2322 5265 2412 5318 καὶ
2445 5261 2718 5334 δυσήνιος,
2750 5263 2945 5333 ἡλικίᾳ
3009 5262 3102 5334 μὲν
3162 5261 3251 5316 καὶ
3311 5257 3506 5314 κάλλει
3540 5256 3629 5311 καὶ
3659 5256 3757 5310 τά·

2097 5372 2188 5427 χει
2219 5353 2308 5406 καὶ
2339 5351 2640 5427 ὠραιότητι
2702 5350 2881 5414 εἲδους
2936 5351 3062 5413 τοὺς
3120 5353 3344 5405 πώποτε
3404 5345 3758 5421 Θαυμαζομέ-

2097 5462 2223 5501 νους
2261 5435 2767 5516 ὑπερϐαλλόμενος,
2798 5440 2856 5502 ὅς
2909 5440 2955 5494 εἰ
2998 5434 3159 5513 ἔτυχε
3190 5437 3375 5501 λυθεὶς
3404 5440 3513 5490 τῶν
3545 5432 3759 5505 δεσμῶν

2097 5528 2132 5598 ἢ
2166 5527 2355 5591 ἄλλως
2406 5550 2523 5589 πως
2581 5529 2820 5606 ἀφεθεὶς,
2881 5528 3004 5584 λίαν
3037 5529 3103 5597 ἦν
3138 5526 3427 5601 δωσχερής
3461 5524 3535 5584 εἰς
3568 5528 3762 5596 χεῖρας

2097 5619 2251 5679 αὖθις
2281 5617 2458 5673 ἐλθεῖν
2489 5619 2579 5672 καὶ
2637 5617 2822 5673 πολλὰ
2881 5618 3173 5693 πράγματα
3206 5616 3345 5689 πρὸς
3376 5615 3438 5668 τὸ
3463 5616 3761 5685 κατασχεῖν

2097 5712 2329 5780 παρεῖχε
2388 5709 2504 5769 τοῖς
2553 5706 2911 5780 ἱπποκόμοις.
2965 5702 3173 5763 Τοῦτον
3228 5704 3634 5771 ἐπικαθήμενος
3666 5701 3762 5754 τὸν

2095 5792 2268 5850 ἵππον
2318 5796 2346 5848 6
2408 5793 2666 5869 βασιλεὺς
2724 5796 2860 5870 πρὸς
2921 5796 3090 5869 θήραν
3138 5793 3304 5867 ἐξῄει,
3334 5792 3423 5847 καὶ
3465 5809 3758 5844 κατευστο-
