  <div class='ocr_page' id='page_1' title='image "/cluster/home/n/w/nwhite01/storage/ocr_20150623/121:no.1/coo.31924054870260/552.png"; bbox 0 0 4184 6446; ppageno 0'>
   <div class='ocr_carea' id='block_1_1' title="bbox 367 519 518 577">
    <p class='ocr_par' dir='ltr' id='par_1_1' title="bbox 367 519 518 577">
     <span class='ocr_line' id='line_1_1' title="bbox 367 519 518 577; baseline 0.013 -2"><span class='ocrx_word' id='word_1_1' title='bbox 367 519 518 577; x_wconf 74' lang='grc'>1081</span> 
     </span>
    </p>
   </div>
   <div class='ocr_carea' id='block_1_2' title="bbox 1733 512 2445 576">
    <p class='ocr_par' dir='ltr' id='par_1_2' title="bbox 1733 512 2445 576">
     <span class='ocr_line' id='line_1_2' title="bbox 1733 512 2445 576; baseline -0.004 -1"><span class='ocrx_word' id='word_1_2' title='bbox 1733 512 2056 576; x_wconf 80' lang='lat' dir='ltr'>GEORGII</span> <span class='ocrx_word' id='word_1_3' title='bbox 2100 513 2445 575; x_wconf 84' lang='lat' dir='ltr'>CEDRENI</span> 
     </span>
    </p>
   </div>
   <div class='ocr_carea' id='block_1_3' title="bbox 3626 512 3783 576">
    <p class='ocr_par' dir='ltr' id='par_1_3' title="bbox 3626 512 3783 576">
     <span class='ocr_line' id='line_1_3' title="bbox 3626 512 3783 576; baseline -0.013 -1"><span class='ocrx_word' id='word_1_4' title='bbox 3626 512 3783 576; x_wconf 73' lang='grc'>1082</span> 
     </span>
    </p>
   </div>
   <div class='ocr_carea' id='block_1_4' title="bbox 363 641 2017 726">
    <p class='ocr_par' dir='ltr' id='par_1_4' title="bbox 363 641 2009 726">
     <span class='ocr_line' id='line_1_4' title="bbox 363 641 2009 726; baseline -0.003 -21"><span class='ocrx_word' id='word_1_5' title='bbox 363 652 542 726; x_wconf 77' lang='grc' dir='ltr'>χήσας</span> <span class='ocrx_word' id='word_1_6' title='bbox 574 648 799 726; x_wconf 80' lang='grc' dir='ltr'>λαγωοῦ</span> <span class='ocrx_word' id='word_1_7' title='bbox 837 651 906 720; x_wconf 78' lang='grc' dir='ltr'>τῇ</span> <span class='ocrx_word' id='word_1_8' title='bbox 967 641 1155 723; x_wconf 72' lang='grc' dir='ltr'>ῥάϐδῳ</span> <span class='ocrx_word' id='word_1_9' title='bbox 1205 647 1318 720; x_wconf 75' lang='grc'>(71)</span> <span class='ocrx_word' id='word_1_10' title='bbox 1376 650 1472 701; x_wconf 76' lang='grc' dir='ltr'>τοῦ</span> <span class='ocrx_word' id='word_1_11' title='bbox 1505 643 1681 702; x_wconf 71' lang='grc' dir='ltr'>’ἱππου</span> <span class='ocrx_word' id='word_1_12' title='bbox 1728 648 2009 718; x_wconf 80' lang='grc' dir='ltr'>καθήλατο</span> 
     </span>
    </p>
   </div>
   <div class='ocr_carea' id='block_1_5' title="bbox 2121 641 3782 726">
    <p class='ocr_par' dir='ltr' id='par_1_5' title="bbox 2124 646 3782 720">
     <span class='ocr_line' id='line_1_5' title="bbox 2124 646 3782 720; baseline 0.001 -18"><span class='ocrx_word' id='word_1_13' title='bbox 2124 653 2382 704; x_wconf 82' lang='lat' dir='ltr'>necaret.</span> <span class='ocrx_word' id='word_1_14' title='bbox 2416 652 2615 720; x_wconf 84' lang='lat' dir='ltr'>Equus</span> <span class='ocrx_word' id='word_1_15' title='bbox 2639 648 2889 703; x_wconf 84' lang='lat' dir='ltr'>sessoris</span> <span class='ocrx_word' id='word_1_16' title='bbox 2912 663 3130 703; x_wconf 87' lang='lat' dir='ltr'>vacuus</span> <span class='ocrx_word' id='word_1_17' title='bbox 3150 646 3403 719; x_wconf 80' lang='lat' dir='ltr'>proripit</span> <span class='ocrx_word' id='word_1_18' title='bbox 3423 664 3483 701; x_wconf 91' lang='lat' dir='ltr'>se</span> <span class='ocrx_word' id='word_1_19' title='bbox 3508 647 3782 720; x_wconf 76' lang='lat' dir='ltr'>saltuque</span> 
     </span>
    </p>
   </div>
   <div class='ocr_carea' id='block_1_6' title="bbox 362 734 2024 817">
    <p class='ocr_par' dir='ltr' id='par_1_6' title="bbox 362 734 2024 817">
     <span class='ocr_line' id='line_1_6' title="bbox 362 734 2024 817; baseline -0.004 -22"><span class='ocrx_word' id='word_1_20' title='bbox 362 741 500 815; x_wconf 83' lang='grc' dir='ltr'>πρὸς</span> <span class='ocrx_word' id='word_1_21' title='bbox 526 740 589 795; x_wconf 89' lang='grc' dir='ltr'>τὸ</span> <span class='ocrx_word' id='word_1_22' title='bbox 621 739 814 817; x_wconf 75' lang='grc' dir='ltr'>σφάξαι</span> <span class='ocrx_word' id='word_1_23' title='bbox 864 737 958 792; x_wconf 82' lang='grc' dir='ltr'>τὸν</span> <span class='ocrx_word' id='word_1_24' title='bbox 1018 735 1256 812; x_wconf 84' lang='grc' dir='ltr'>λαγωόν,</span> <span class='ocrx_word' id='word_1_25' title='bbox 1312 742 1547 813; x_wconf 50' lang='lat' dir='ltr'>&quot;Aet-:10:</span> <span class='ocrx_word' id='word_1_26' title='bbox 1591 734 1646 792; x_wconf 79' lang='grc' dir='ltr'>δὲ</span> <span class='ocrx_word' id='word_1_27' title='bbox 1677 737 1704 791; x_wconf 99' lang='lat'>6</span> <span class='ocrx_word' id='word_1_28' title='bbox 1730 734 1903 798; x_wconf 69' lang='grc' dir='ltr'>’ίππος</span> <span class='ocrx_word' id='word_1_29' title='bbox 1934 756 2024 790; x_wconf 81' lang='grc' dir='ltr'>κα-</span> 
     </span>
    </p>
   </div>
   <div class='ocr_carea' id='block_1_7' title="bbox 362 822 2021 907">
    <p class='ocr_par' dir='ltr' id='par_1_7' title="bbox 362 822 2021 907">
     <span class='ocr_line' id='line_1_7' title="bbox 362 822 2021 907; baseline -0.003 -23"><span class='ocrx_word' id='word_1_30' title='bbox 362 827 663 907; x_wconf 71' lang='grc' dir='ltr'>ταληφθεὶς</span> <span class='ocrx_word' id='word_1_31' title='bbox 743 826 1042 901; x_wconf 83' lang='grc' dir='ltr'>ἀπεσκίρτα</span> <span class='ocrx_word' id='word_1_32' title='bbox 1123 824 1214 879; x_wconf 83' lang='grc' dir='ltr'>καὶ</span> <span class='ocrx_word' id='word_1_33' title='bbox 1299 822 1573 895; x_wconf 68' lang='grc' dir='ltr'>ἀπεπήδα·</span> <span class='ocrx_word' id='word_1_34' title='bbox 1645 825 1735 880; x_wconf 84' lang='grc' dir='ltr'>καὶ</span> <span class='ocrx_word' id='word_1_35' title='bbox 1792 823 2021 880; x_wconf 76' lang='grc' dir='ltr'>πολλῶν</span> 
     </span>
    </p>
   </div>
   <div class='ocr_carea' id='block_1_8' title="bbox 363 914 2024 993">
    <p class='ocr_par' dir='ltr' id='par_1_8' title="bbox 363 914 2024 993">
     <span class='ocr_line' id='line_1_8' title="bbox 363 914 2024 993; baseline -0.003 -20"><span class='ocrx_word' id='word_1_36' title='bbox 363 916 785 991; x_wconf 82' lang='grc' dir='ltr'>συνδραμόντων</span> <span class='ocrx_word' id='word_1_37' title='bbox 840 914 1171 988; x_wconf 71' lang='grc' dir='ltr'>ἱπποκόμων</span> <span class='ocrx_word' id='word_1_38' title='bbox 1217 934 1274 968; x_wconf 89' lang='grc' dir='ltr'>τε</span> <span class='ocrx_word' id='word_1_39' title='bbox 1322 914 1411 968; x_wconf 82' lang='grc' dir='ltr'>καὶ</span> <span class='ocrx_word' id='word_1_40' title='bbox 1463 915 1744 993; x_wconf 78' lang='grc' dir='ltr'>ἀρχόντων</span> <span class='ocrx_word' id='word_1_41' title='bbox 1785 915 1872 969; x_wconf 81' lang='grc' dir='ltr'>καὶ</span> <span class='ocrx_word' id='word_1_42' title='bbox 1914 920 2024 968; x_wconf 81' lang='grc' dir='ltr'>τῶν</span> 
     </span>
    </p>
   </div>
   <div class='ocr_carea' id='block_1_9' title="bbox 364 1004 2020 1083">
    <p class='ocr_par' dir='ltr' id='par_1_9' title="bbox 364 1004 2020 1083">
     <span class='ocr_line' id='line_1_9' title="bbox 364 1004 2020 1083; baseline -0.004 -16"><span class='ocrx_word' id='word_1_43' title='bbox 364 1013 576 1067; x_wconf 81' lang='grc' dir='ltr'>λοιπῶν</span> <span class='ocrx_word' id='word_1_44' title='bbox 608 1014 716 1063; x_wconf 83' lang='grc' dir='ltr'>τῶν</span> <span class='ocrx_word' id='word_1_45' title='bbox 769 1008 892 1082; x_wconf 76' lang='grc' dir='ltr'>περὶ</span> <span class='ocrx_word' id='word_1_46' title='bbox 946 1004 1037 1062; x_wconf 83' lang='grc' dir='ltr'>τὸν</span> <span class='ocrx_word' id='word_1_47' title='bbox 1101 1006 1353 1083; x_wconf 72' lang='grc' dir='ltr'>βασιλέα,</span> <span class='ocrx_word' id='word_1_48' title='bbox 1386 1006 1485 1062; x_wconf 78' lang='grc' dir='ltr'>οὐκ</span> <span class='ocrx_word' id='word_1_49' title='bbox 1531 1010 1598 1077; x_wconf 72' lang='grc' dir='ltr'>ἦν</span> <span class='ocrx_word' id='word_1_50' title='bbox 1653 1012 1763 1062; x_wconf 91' lang='grc' dir='ltr'>τὶνι</span> <span class='ocrx_word' id='word_1_51' title='bbox 1794 1004 2020 1062; x_wconf 81' lang='grc' dir='ltr'>δυνατὸν</span> 
     </span>
    </p>
   </div>
   <div class='ocr_carea' id='block_1_10' title="bbox 360 1094 2023 1174">
    <p class='ocr_par' dir='ltr' id='par_1_10' title="bbox 360 1094 2023 1174">
     <span class='ocr_line' id='line_1_10' title="bbox 360 1094 2023 1174; baseline -0.001 -22"><span class='ocrx_word' id='word_1_52' title='bbox 360 1103 656 1174; x_wconf 75' lang='grc' dir='ltr'>κατασχεῖν</span> <span class='ocrx_word' id='word_1_53' title='bbox 711 1098 802 1152; x_wconf 85' lang='grc' dir='ltr'>τὸν</span> <span class='ocrx_word' id='word_1_54' title='bbox 856 1095 1056 1165; x_wconf 62' lang='grc' dir='ltr'>ἵππον,</span> <span class='ocrx_word' id='word_1_55' title='bbox 1113 1094 1253 1151; x_wconf 83' lang='grc' dir='ltr'>ὥστε</span> <span class='ocrx_word' id='word_1_56' title='bbox 1306 1098 1761 1171; x_wconf 75' lang='grc' dir='ltr'>Θυμωθέντα,τὸν</span> <span class='ocrx_word' id='word_1_57' title='bbox 1797 1096 2023 1171; x_wconf 64' lang='grc' dir='ltr'>βασιλέα</span> 
     </span>
    </p>
   </div>
   <div class='ocr_carea' id='block_1_11' title="bbox 359 1184 2021 1262">
    <p class='ocr_par' dir='ltr' id='par_1_11' title="bbox 359 1184 2021 1262">
     <span class='ocr_line' id='line_1_11' title="bbox 359 1184 2021 1262; baseline -0.002 -18"><span class='ocrx_word' id='word_1_58' title='bbox 359 1189 612 1244; x_wconf 79' lang='grc' dir='ltr'>κελεῦσαι</span> <span class='ocrx_word' id='word_1_59' title='bbox 671 1191 756 1262; x_wconf 86' lang='grc' dir='ltr'>[Ρ.</span> <span class='ocrx_word' id='word_1_60' title='bbox 817 1189 941 1254; x_wconf 74' lang='grc'>564]</span> <span class='ocrx_word' id='word_1_61' title='bbox 1000 1187 1046 1241; x_wconf 84' lang='grc' dir='ltr'>εἰ</span> <span class='ocrx_word' id='word_1_62' title='bbox 1120 1185 1443 1260; x_wconf 85' lang='grc' dir='ltr'>κρατηθείη,</span> <span class='ocrx_word' id='word_1_63' title='bbox 1506 1184 1835 1257; x_wconf 81' lang='grc' dir='ltr'>διακοπῆναι</span> <span class='ocrx_word' id='word_1_64' title='bbox 1891 1186 2021 1249; x_wconf 75' lang='grc' dir='ltr'>τοὺς</span> 
     </span>
    </p>
   </div>
   <div class='ocr_carea' id='block_1_12' title="bbox 363 1272 2019 1351">
    <p class='ocr_par' dir='ltr' id='par_1_12' title="bbox 363 1272 2019 1351">
     <span class='ocr_line' id='line_1_12' title="bbox 363 1272 2019 1351; baseline -0.001 -19"><span class='ocrx_word' id='word_1_65' title='bbox 363 1277 644 1341; x_wconf 84' lang='grc' dir='ltr'>ὀπισθίους</span> <span class='ocrx_word' id='word_1_66' title='bbox 678 1275 843 1332; x_wconf 78' lang='grc' dir='ltr'>αὐτοῦ</span> <span class='ocrx_word' id='word_1_67' title='bbox 884 1280 991 1331; x_wconf 78' lang='grc' dir='ltr'>τῶν</span> <span class='ocrx_word' id='word_1_68' title='bbox 1040 1273 1245 1331; x_wconf 69' lang='grc' dir='ltr'>ποδῶν.</span> <span class='ocrx_word' id='word_1_69' title='bbox 1300 1277 1610 1350; x_wconf 80' lang='grc' dir='ltr'>Ηαρῃτεῖτο</span> <span class='ocrx_word' id='word_1_70' title='bbox 1642 1272 1701 1330; x_wconf 77' lang='grc' dir='ltr'>δὲ</span> <span class='ocrx_word' id='word_1_71' title='bbox 1734 1277 1760 1330; x_wconf 88' lang='grc' dir='ltr'>ὁ</span> <span class='ocrx_word' id='word_1_72' title='bbox 1796 1278 2019 1351; x_wconf 78' lang='grc' dir='ltr'>Καῖσαρ,</span> 
     </span>
    </p>
   </div>
   <div class='ocr_carea' id='block_1_13' title="bbox 362 1362 2019 1439">
    <p class='ocr_par' dir='ltr' id='par_1_13' title="bbox 362 1362 2019 1439">
     <span class='ocr_line' id='line_1_13' title="bbox 362 1362 2019 1439; baseline -0.003 -16"><span class='ocrx_word' id='word_1_73' title='bbox 362 1370 455 1423; x_wconf 77' lang='grc' dir='ltr'>καὶ</span> <span class='ocrx_word' id='word_1_74' title='bbox 485 1363 660 1422; x_wconf 70' lang='grc' dir='ltr'>ἐδεῖτο</span> <span class='ocrx_word' id='word_1_75' title='bbox 690 1370 792 1420; x_wconf 73' lang='grc' dir='ltr'>τοῦ</span> <span class='ocrx_word' id='word_1_76' title='bbox 826 1362 1098 1439; x_wconf 74' lang='grc' dir='ltr'>βασιλέως</span> <span class='ocrx_word' id='word_1_77' title='bbox 1143 1366 1219 1438; x_wconf 81' lang='grc' dir='ltr'>μή</span> <span class='ocrx_word' id='word_1_78' title='bbox 1254 1363 1343 1419; x_wconf 81' lang='grc' dir='ltr'>διὰ</span> <span class='ocrx_word' id='word_1_79' title='bbox 1373 1365 1502 1439; x_wconf 82' lang='grc' dir='ltr'>μίαν</span> <span class='ocrx_word' id='word_1_80' title='bbox 1527 1365 1717 1419; x_wconf 78' lang='grc' dir='ltr'>κακίαν</span> <span class='ocrx_word' id='word_1_81' title='bbox 1749 1365 2019 1434; x_wconf 79' lang='grc' dir='ltr'>τοσαύτην</span> 
     </span>
    </p>
   </div>
   <div class='ocr_carea' id='block_1_14' title="bbox 361 1452 2021 1529">
    <p class='ocr_par' dir='ltr' id='par_1_14' title="bbox 361 1452 2021 1529">
     <span class='ocr_line' id='line_1_14' title="bbox 361 1452 2021 1529; baseline -0.002 -18"><span class='ocrx_word' id='word_1_82' title='bbox 361 1457 563 1528; x_wconf 72' lang='grc' dir='ltr'>ἀρετὴν</span> <span class='ocrx_word' id='word_1_83' title='bbox 587 1454 764 1510; x_wconf 71' lang='grc' dir='ltr'>’ίππου</span> <span class='ocrx_word' id='word_1_84' title='bbox 817 1454 990 1528; x_wconf 77' lang='grc' dir='ltr'>μάτην</span> <span class='ocrx_word' id='word_1_85' title='bbox 1042 1452 1475 1528; x_wconf 71' lang='grc' dir='ltr'>παραπολέσθαι.</span> <span class='ocrx_word' id='word_1_86' title='bbox 1527 1455 1630 1510; x_wconf 85' lang='grc' dir='ltr'>Καὶ</span> <span class='ocrx_word' id='word_1_87' title='bbox 1668 1455 1720 1508; x_wconf 71' lang='grc' dir='ltr'>οἱ</span> <span class='ocrx_word' id='word_1_88' title='bbox 1757 1455 1854 1529; x_wconf 73' lang='grc' dir='ltr'>μὲν</span> <span class='ocrx_word' id='word_1_89' title='bbox 1884 1455 2021 1523; x_wconf 80' lang='grc' dir='ltr'>ἦσαν</span> 
     </span>
    </p>
   </div>
   <div class='ocr_carea' id='block_1_15' title="bbox 356 1540 2022 1621">
    <p class='ocr_par' dir='ltr' id='par_1_15' title="bbox 356 1540 2022 1621">
     <span class='ocr_line' id='line_1_15' title="bbox 356 1540 2022 1621; baseline -0.001 -22"><span class='ocrx_word' id='word_1_90' title='bbox 356 1541 821 1621; x_wconf 79' lang='grc' dir='ltr'>ἑνδιαλογισμοῖς</span> <span class='ocrx_word' id='word_1_91' title='bbox 873 1542 1167 1611; x_wconf 72' lang='grc' dir='ltr'>τοιούτοις,</span> <span class='ocrx_word' id='word_1_92' title='bbox 1229 1545 1256 1597; x_wconf 89' lang='grc' dir='ltr'>ὁ</span> <span class='ocrx_word' id='word_1_93' title='bbox 1316 1541 1373 1598; x_wconf 80' lang='grc' dir='ltr'>δὲ</span> <span class='ocrx_word' id='word_1_94' title='bbox 1419 1543 1703 1606; x_wconf 86' lang='grc' dir='ltr'>Βασίλειος</span> <span class='ocrx_word' id='word_1_95' title='bbox 1745 1540 2022 1616; x_wconf 79' lang='grc' dir='ltr'>παραδρα-</span> 
     </span>
    </p>
   </div>
   <div class='ocr_carea' id='block_1_16' title="bbox 366 1629 2020 1707">
    <p class='ocr_par' dir='ltr' id='par_1_16' title="bbox 366 1629 2020 1707">
     <span class='ocr_line' id='line_1_16' title="bbox 366 1629 2020 1707; baseline 0 -19"><span class='ocrx_word' id='word_1_96' title='bbox 366 1634 482 1706; x_wconf 84' lang='grc' dir='ltr'>μὼν</span> <span class='ocrx_word' id='word_1_97' title='bbox 509 1637 591 1705; x_wconf 79' lang='grc' dir='ltr'>τῷ</span> <span class='ocrx_word' id='word_1_98' title='bbox 620 1631 794 1707; x_wconf 84' lang='grc' dir='ltr'>κυρίῳ</span> <span class='ocrx_word' id='word_1_99' title='bbox 826 1631 1016 1699; x_wconf 77' lang='grc' dir='ltr'>αὐτοῦ,</span> <span class='ocrx_word' id='word_1_100' title='bbox 1054 1655 1080 1682; x_wconf 88' lang='grc'>‹‹</span> <span class='ocrx_word' id='word_1_101' title='bbox 1114 1632 1175 1687; x_wconf 77' lang='grc' dir='ltr'>Εἰ</span> <span class='ocrx_word' id='word_1_102' title='bbox 1234 1629 1563 1707; x_wconf 82' lang='grc' dir='ltr'>περιδράμω</span> <span class='ocrx_word' id='word_1_103' title='bbox 1602 1632 1695 1687; x_wconf 87' lang='grc' dir='ltr'>τὸν</span> <span class='ocrx_word' id='word_1_104' title='bbox 1730 1631 2020 1706; x_wconf 88' lang='grc' dir='ltr'>βασιλικὸν</span> 
     </span>
    </p>
   </div>
   <div class='ocr_carea' id='block_1_17' title="bbox 362 1716 2018 1802">
    <p class='ocr_par' dir='ltr' id='par_1_17' title="bbox 362 1716 2018 1802">
     <span class='ocr_line' id='line_1_17' title="bbox 362 1716 2018 1802; baseline -0.001 -24"><span class='ocrx_word' id='word_1_105' title='bbox 362 1725 559 1794; x_wconf 77' lang='grc' dir='ltr'>⁹ίππον,</span> <span class='ocrx_word' id='word_1_106' title='bbox 613 1716 741 1802; x_wconf 75' lang='grc' dir='ltr'>ἔφη,</span> <span class='ocrx_word' id='word_1_107' title='bbox 796 1723 885 1777; x_wconf 81' lang='grc' dir='ltr'>καὶ</span> <span class='ocrx_word' id='word_1_108' title='bbox 945 1721 1053 1776; x_wconf 85' lang='grc' dir='ltr'>ἀπὸ</span> <span class='ocrx_word' id='word_1_109' title='bbox 1108 1726 1206 1777; x_wconf 78' lang='grc' dir='ltr'>τοῦ</span> <span class='ocrx_word' id='word_1_110' title='bbox 1263 1724 1402 1795; x_wconf 66' lang='grc' dir='ltr'>ἒμοῦ</span> <span class='ocrx_word' id='word_1_111' title='bbox 1442 1721 1778 1797; x_wconf 80' lang='grc' dir='ltr'>ἐκτιναχθείς</span> <span class='ocrx_word' id='word_1_112' title='bbox 1812 1717 2018 1797; x_wconf 79' lang='grc' dir='ltr'>ἔποχος</span> 
     </span>
    </p>
   </div>
   <div class='ocr_carea' id='block_1_18' title="bbox 363 1809 2018 1886">
    <p class='ocr_par' dir='ltr' id='par_1_18' title="bbox 363 1809 2018 1886">
     <span class='ocr_line' id='line_1_18' title="bbox 363 1809 2018 1886; baseline -0.001 -19"><span class='ocrx_word' id='word_1_113' title='bbox 363 1812 515 1884; x_wconf 79' lang='grc' dir='ltr'>αὐτῷ</span> <span class='ocrx_word' id='word_1_114' title='bbox 570 1812 836 1886; x_wconf 79' lang='grc' dir='ltr'>γένωμαι,</span> <span class='ocrx_word' id='word_1_115' title='bbox 895 1811 999 1885; x_wconf 81' lang='grc' dir='ltr'>ἆρὰ</span> <span class='ocrx_word' id='word_1_116' title='bbox 1053 1832 1114 1884; x_wconf 86' lang='grc' dir='ltr'>γε</span> <span class='ocrx_word' id='word_1_117' title='bbox 1195 1809 1284 1865; x_wconf 82' lang='grc' dir='ltr'>διὰ</span> <span class='ocrx_word' id='word_1_118' title='bbox 1359 1812 1458 1881; x_wconf 84' lang='grc' dir='ltr'>τήν</span> <span class='ocrx_word' id='word_1_119' title='bbox 1553 1810 1847 1885; x_wconf 77' lang='grc' dir='ltr'>βασιλικὴν</span> <span class='ocrx_word' id='word_1_120' title='bbox 1926 1810 2018 1885; x_wconf 79' lang='grc' dir='ltr'>ἐφ-</span> 
     </span>
    </p>
   </div>
   <div class='ocr_carea' id='block_1_19' title="bbox 363 1895 2016 1980">
    <p class='ocr_par' dir='ltr' id='par_1_19' title="bbox 363 1895 2016 1980">
     <span class='ocr_line' id='line_1_19' title="bbox 363 1895 2016 1980; baseline -0.002 -24"><span class='ocrx_word' id='word_1_121' title='bbox 363 1897 579 1976; x_wconf 77' lang='grc' dir='ltr'>εστρίδα</span> <span class='ocrx_word' id='word_1_122' title='bbox 609 1902 722 1974; x_wconf 78' lang='lat'>(72)</span> <span class='ocrx_word' id='word_1_123' title='bbox 753 1899 843 1955; x_wconf 86' lang='grc' dir='ltr'>καὶ</span> <span class='ocrx_word' id='word_1_124' title='bbox 872 1900 965 1954; x_wconf 88' lang='grc' dir='ltr'>τὸν</span> <span class='ocrx_word' id='word_1_125' title='bbox 1016 1895 1334 1980; x_wconf 67' lang='grc' dir='ltr'>κοκκοϐαφῆ</span> <span class='ocrx_word' id='word_1_126' title='bbox 1384 1899 1614 1975; x_wconf 79' lang='grc' dir='ltr'>χαλινὸν</span> <span class='ocrx_word' id='word_1_127' title='bbox 1645 1901 2016 1975; x_wconf 62' lang='grc' dir='ltr'>ἀγανακτῆσαι</span> 
     </span>
    </p>
   </div>
   <div class='ocr_carea' id='block_1_20' title="bbox 359 1987 2094 2091">
    <p class='ocr_par' dir='ltr' id='par_1_20' title="bbox 359 1987 2094 2091">
     <span class='ocr_line' id='line_1_20' title="bbox 359 1987 2094 2091; baseline -0.001 -47"><span class='ocrx_word' id='word_1_128' title='bbox 359 1991 388 2044; x_wconf 87' lang='lat'>6</span> <span class='ocrx_word' id='word_1_129' title='bbox 423 1988 680 2064; x_wconf 76' lang='grc' dir='ltr'>βασιλεὺς</span> <span class='ocrx_word' id='word_1_130' title='bbox 711 1991 826 2044; x_wconf 89' lang='grc' dir='ltr'>κατ’</span> <span class='ocrx_word' id='word_1_131' title='bbox 857 1987 1036 2062; x_wconf 73' lang='grc' dir='ltr'>ἐμοῦς</span> <span class='ocrx_word' id='word_1_132' title='bbox 1072 2015 1093 2042; x_wconf 78' lang='grc' dir='ltr'><strong><em>ι</em></strong></span> <span class='ocrx_word' id='word_1_133' title='bbox 1154 1993 1258 2043; x_wconf 77' lang='grc' dir='ltr'>Τοῦ</span> <span class='ocrx_word' id='word_1_134' title='bbox 1326 1987 1384 2044; x_wconf 73' lang='grc' dir='ltr'>δὲ</span> <span class='ocrx_word' id='word_1_135' title='bbox 1439 1992 1575 2064; x_wconf 75' lang='grc' dir='ltr'>πρὸς</span> <span class='ocrx_word' id='word_1_136' title='bbox 1625 1988 1719 2052; x_wconf 71' lang='grc' dir='ltr'>οὖς</span> <span class='ocrx_word' id='word_1_137' title='bbox 1759 1988 2011 2063; x_wconf 77' lang='grc' dir='ltr'>ὗπομνή-</span> <span class='ocrx_word' id='word_1_138' title='bbox 2047 2029 2094 2091; x_wconf 79' lang='grc' dir='ltr'><strong>Β</strong></span> 
     </span>
    </p>
   </div>
   <div class='ocr_carea' id='block_1_21' title="bbox 366 2076 2021 2154">
    <p class='ocr_par' dir='ltr' id='par_1_21' title="bbox 366 2076 2021 2154">
     <span class='ocr_line' id='line_1_21' title="bbox 366 2076 2021 2154; baseline -0.001 -21"><span class='ocrx_word' id='word_1_139' title='bbox 366 2100 555 2141; x_wconf 84' lang='grc' dir='ltr'>σαντος</span> <span class='ocrx_word' id='word_1_140' title='bbox 587 2080 677 2133; x_wconf 78' lang='grc' dir='ltr'>τὸν</span> <span class='ocrx_word' id='word_1_141' title='bbox 736 2076 984 2154; x_wconf 73' lang='grc' dir='ltr'>βασιλέα,</span> <span class='ocrx_word' id='word_1_142' title='bbox 1043 2078 1294 2133; x_wconf 79' lang='grc' dir='ltr'>κάκείνου</span> <span class='ocrx_word' id='word_1_143' title='bbox 1351 2077 1706 2141; x_wconf 70' lang='grc' dir='ltr'>κελεύσαντος</span> <span class='ocrx_word' id='word_1_144' title='bbox 1736 2083 1900 2134; x_wconf 77' lang='grc' dir='ltr'>τοῦτο</span> <span class='ocrx_word' id='word_1_145' title='bbox 1929 2098 2021 2153; x_wconf 78' lang='grc' dir='ltr'>γε·</span> 
     </span>
    </p>
   </div>
   <div class='ocr_carea' id='block_1_22' title="bbox 338 2167 2023 2243">
    <p class='ocr_par' dir='ltr' id='par_1_22' title="bbox 338 2167 2023 2243">
     <span class='ocr_line' id='line_1_22' title="bbox 338 2167 2023 2243; baseline -0.001 -19"><span class='ocrx_word' id='word_1_146' title='bbox 338 2167 559 2239; x_wconf 75' lang='grc' dir='ltr'>⁵νέσθαι,</span> <span class='ocrx_word' id='word_1_147' title='bbox 619 2169 830 2242; x_wconf 80' lang='grc' dir='ltr'>εὐφυῶς</span> <span class='ocrx_word' id='word_1_148' title='bbox 891 2169 919 2223; x_wconf 90' lang='lat'>6</span> <span class='ocrx_word' id='word_1_149' title='bbox 990 2168 1274 2230; x_wconf 86' lang='grc' dir='ltr'>Βασίλειος</span> <span class='ocrx_word' id='word_1_150' title='bbox 1328 2170 1420 2222; x_wconf 87' lang='grc' dir='ltr'>τὸν</span> <span class='ocrx_word' id='word_1_151' title='bbox 1480 2170 1674 2223; x_wconf 71' lang='grc' dir='ltr'>ἑαυτοῦ</span> <span class='ocrx_word' id='word_1_152' title='bbox 1710 2168 2023 2243; x_wconf 71' lang='grc' dir='ltr'>παρελάσας</span> 
     </span>
    </p>
   </div>
   <div class='ocr_carea' id='block_1_23' title="bbox 356 2255 2016 2333">
    <p class='ocr_par' dir='ltr' id='par_1_23' title="bbox 356 2255 2016 2333">
     <span class='ocr_line' id='line_1_23' title="bbox 356 2255 2016 2333; baseline -0.001 -22"><span class='ocrx_word' id='word_1_153' title='bbox 356 2256 552 2326; x_wconf 79' lang='grc' dir='ltr'>ἳππον,</span> <span class='ocrx_word' id='word_1_154' title='bbox 619 2257 710 2311; x_wconf 87' lang='grc' dir='ltr'>καὶ</span> <span class='ocrx_word' id='word_1_155' title='bbox 777 2262 857 2330; x_wconf 81' lang='grc' dir='ltr'>τῷ</span> <span class='ocrx_word' id='word_1_156' title='bbox 921 2260 1019 2312; x_wconf 75' lang='grc' dir='ltr'>τοῦ</span> <span class='ocrx_word' id='word_1_157' title='bbox 1118 2255 1387 2332; x_wconf 78' lang='grc' dir='ltr'>βασιλέως</span> <span class='ocrx_word' id='word_1_158' title='bbox 1451 2257 1587 2312; x_wconf 81' lang='grc' dir='ltr'>κατά</span> <span class='ocrx_word' id='word_1_159' title='bbox 1651 2255 2016 2333; x_wconf 77' lang='grc' dir='ltr'>παράλληλον</span> 
     </span>
    </p>
   </div>
   <div class='ocr_carea' id='block_1_24' title="bbox 361 2343 2016 2420">
    <p class='ocr_par' dir='ltr' id='par_1_24' title="bbox 361 2343 2016 2420">
     <span class='ocr_line' id='line_1_24' title="bbox 361 2343 2016 2420; baseline 0 -21"><span class='ocrx_word' id='word_1_160' title='bbox 361 2343 616 2415; x_wconf 79' lang='grc' dir='ltr'>ἐξισώσας</span> <span class='ocrx_word' id='word_1_161' title='bbox 673 2347 960 2420; x_wconf 72' lang='grc' dir='ltr'>γραμμὴν,</span> <span class='ocrx_word' id='word_1_162' title='bbox 1021 2344 1200 2415; x_wconf 80' lang='grc' dir='ltr'>ἠλατό</span> <span class='ocrx_word' id='word_1_163' title='bbox 1258 2368 1316 2401; x_wconf 86' lang='grc' dir='ltr'>τε</span> <span class='ocrx_word' id='word_1_164' title='bbox 1370 2346 1567 2408; x_wconf 64' lang='grc' dir='ltr'>εὐθέως</span> <span class='ocrx_word' id='word_1_165' title='bbox 1620 2346 1711 2400; x_wconf 86' lang='grc' dir='ltr'>καὶ</span> <span class='ocrx_word' id='word_1_166' title='bbox 1758 2346 1894 2419; x_wconf 87' lang='grc' dir='ltr'>πρὸς</span> <span class='ocrx_word' id='word_1_167' title='bbox 1925 2345 2016 2401; x_wconf 84' lang='grc' dir='ltr'>τὸν</span> 
     </span>
    </p>
   </div>
   <div class='ocr_carea' id='block_1_25' title="bbox 365 2440 2018 2521">
    <p class='ocr_par' dir='ltr' id='par_1_25' title="bbox 365 2440 2018 2521">
     <span class='ocr_line' id='line_1_25' title="bbox 365 2440 2018 2521; baseline -0.001 -23"><span class='ocrx_word' id='word_1_168' title='bbox 365 2443 649 2519; x_wconf 83' lang='grc' dir='ltr'>βασιλικὸν</span> <span class='ocrx_word' id='word_1_169' title='bbox 680 2440 1028 2514; x_wconf 76' lang='grc' dir='ltr'>ἀπεπήδησεν</span> <span class='ocrx_word' id='word_1_170' title='bbox 1076 2444 1270 2513; x_wconf 82' lang='grc' dir='ltr'>ἳππον,</span> <span class='ocrx_word' id='word_1_171' title='bbox 1329 2442 1469 2521; x_wconf 72' lang='grc' dir='ltr'>μέγα</span> <span class='ocrx_word' id='word_1_172' title='bbox 1527 2444 1707 2518; x_wconf 77' lang='grc' dir='ltr'>Θαῦμα</span> <span class='ocrx_word' id='word_1_173' title='bbox 1739 2441 1873 2505; x_wconf 79' lang='grc' dir='ltr'>ἐνεὶς</span> <span class='ocrx_word' id='word_1_174' title='bbox 1902 2449 2018 2506; x_wconf 85' lang='grc' dir='ltr'>τοῖς</span> 
     </span>
    </p>
   </div>
   <div class='ocr_carea' id='block_1_26' title="bbox 359 2530 2018 2609">
    <p class='ocr_par' dir='ltr' id='par_1_26' title="bbox 359 2530 2018 2609">
     <span class='ocr_line' id='line_1_26' title="bbox 359 2530 2018 2609; baseline -0.001 -21"><span class='ocrx_word' id='word_1_175' title='bbox 359 2537 735 2609; x_wconf 80' lang='grc' dir='ltr'>παρατυχοῦσι</span> <span class='ocrx_word' id='word_1_176' title='bbox 800 2532 891 2587; x_wconf 84' lang='grc' dir='ltr'>καὶ</span> <span class='ocrx_word' id='word_1_177' title='bbox 962 2533 1285 2606; x_wconf 69' lang='grc' dir='ltr'>θεωμένοις.</span> <span class='ocrx_word' id='word_1_178' title='bbox 1356 2534 1646 2608; x_wconf 74' lang='grc' dir='ltr'>Θαυμάσας</span> <span class='ocrx_word' id='word_1_179' title='bbox 1712 2530 1769 2588; x_wconf 75' lang='grc' dir='ltr'>δὲ</span> <span class='ocrx_word' id='word_1_180' title='bbox 1832 2532 1920 2588; x_wconf 81' lang='grc' dir='ltr'>καὶ</span> <span class='ocrx_word' id='word_1_181' title='bbox 1990 2533 2018 2586; x_wconf 87' lang='grc' dir='ltr'>ὁ</span> 
     </span>
    </p>
   </div>
   <div class='ocr_carea' id='block_1_27' title="bbox 370 2618 2018 2697">
    <p class='ocr_par' dir='ltr' id='par_1_27' title="bbox 370 2618 2018 2697">
     <span class='ocr_line' id='line_1_27' title="bbox 370 2618 2018 2697; baseline 0 -20"><span class='ocrx_word' id='word_1_182' title='bbox 370 2620 626 2697; x_wconf 79' lang='grc' dir='ltr'>βασιλεὺς</span> <span class='ocrx_word' id='word_1_183' title='bbox 657 2623 757 2690; x_wconf 76' lang='grc' dir='ltr'>τήν</span> <span class='ocrx_word' id='word_1_184' title='bbox 790 2623 909 2695; x_wconf 83' lang='grc' dir='ltr'>μετ’</span> <span class='ocrx_word' id='word_1_185' title='bbox 940 2618 1160 2696; x_wconf 81' lang='grc' dir='ltr'>ἀνδρίας</span> <span class='ocrx_word' id='word_1_186' title='bbox 1195 2621 1415 2695; x_wconf 69' lang='grc' dir='ltr'>εὐφυῒαν</span> <span class='ocrx_word' id='word_1_187' title='bbox 1466 2622 1632 2677; x_wconf 81' lang='grc' dir='ltr'>αὐτοῦ</span> <span class='ocrx_word' id='word_1_188' title='bbox 1661 2625 1748 2677; x_wconf 76' lang='grc' dir='ltr'>καὶ</span> <span class='ocrx_word' id='word_1_189' title='bbox 1784 2623 2018 2692; x_wconf 66' lang='grc' dir='ltr'>σύνεσιν,</span> 
     </span>
    </p>
   </div>
   <div class='ocr_carea' id='block_1_28' title="bbox 363 2710 2021 2788">
    <p class='ocr_par' dir='ltr' id='par_1_28' title="bbox 363 2710 2021 2788">
     <span class='ocr_line' id='line_1_28' title="bbox 363 2710 2021 2788; baseline -0.001 -22"><span class='ocrx_word' id='word_1_190' title='bbox 363 2710 561 2775; x_wconf 72' lang='grc' dir='ltr'>εὐθέως</span> <span class='ocrx_word' id='word_1_191' title='bbox 594 2710 911 2771; x_wconf 80' lang='grc' dir='ltr'>ἀποσπάσας</span> <span class='ocrx_word' id='word_1_192' title='bbox 941 2710 1103 2765; x_wconf 77' lang='grc' dir='ltr'>αὐτὸν</span> <span class='ocrx_word' id='word_1_193' title='bbox 1164 2710 1270 2765; x_wconf 83' lang='grc' dir='ltr'>ἀπὸ</span> <span class='ocrx_word' id='word_1_194' title='bbox 1326 2715 1423 2766; x_wconf 75' lang='grc' dir='ltr'>τοῦ</span> <span class='ocrx_word' id='word_1_195' title='bbox 1454 2712 1785 2788; x_wconf 77' lang='grc' dir='ltr'>Θεοφιλίτζη</span> <span class='ocrx_word' id='word_1_196' title='bbox 1820 2710 1869 2765; x_wconf 77' lang='grc' dir='ltr'>ἐν</span> <span class='ocrx_word' id='word_1_197' title='bbox 1903 2716 2021 2776; x_wconf 88' lang='grc' dir='ltr'>τοῖς</span> 
     </span>
    </p>
   </div>
   <div class='ocr_carea' id='block_1_29' title="bbox 360 2797 2021 2876">
    <p class='ocr_par' dir='ltr' id='par_1_29' title="bbox 360 2797 2021 2876">
     <span class='ocr_line' id='line_1_29' title="bbox 360 2797 2021 2876; baseline -0.001 -21"><span class='ocrx_word' id='word_1_198' title='bbox 360 2800 552 2855; x_wconf 73' lang='grc' dir='ltr'>ἑαυτοῦ</span> <span class='ocrx_word' id='word_1_199' title='bbox 604 2801 899 2875; x_wconf 69' lang='grc' dir='ltr'>προσέταξε</span> <span class='ocrx_word' id='word_1_200' title='bbox 948 2799 1268 2875; x_wconf 85' lang='grc' dir='ltr'>στράτορσιν</span> <span class='ocrx_word' id='word_1_201' title='bbox 1327 2804 1459 2873; x_wconf 74' lang='grc'>(⁸75).</span> <span class='ocrx_word' id='word_1_202' title='bbox 1518 2800 1730 2876; x_wconf 84' lang='grc' dir='ltr'>Ἠγάπα</span> <span class='ocrx_word' id='word_1_203' title='bbox 1788 2797 1846 2854; x_wconf 75' lang='grc' dir='ltr'>δὲ</span> <span class='ocrx_word' id='word_1_204' title='bbox 1900 2798 2021 2855; x_wconf 83' lang='grc' dir='ltr'>δια-</span> 
     </span>
    </p>
   </div>
   <div class='ocr_carea' id='block_1_30' title="bbox 361 2888 2020 2966">
    <p class='ocr_par' dir='ltr' id='par_1_30' title="bbox 361 2888 2020 2966">
     <span class='ocr_line' id='line_1_30' title="bbox 361 2888 2020 2966; baseline -0.001 -21"><span class='ocrx_word' id='word_1_205' title='bbox 361 2889 634 2966; x_wconf 68' lang='grc' dir='ltr'>φερόντως</span> <span class='ocrx_word' id='word_1_206' title='bbox 667 2888 852 2959; x_wconf 83' lang='grc' dir='ltr'>αὐτὸν,</span> <span class='ocrx_word' id='word_1_207' title='bbox 892 2891 980 2944; x_wconf 84' lang='grc' dir='ltr'>καὶ</span> <span class='ocrx_word' id='word_1_208' title='bbox 1034 2895 1153 2951; x_wconf 74' lang='grc' dir='ltr'>ταῖς</span> <span class='ocrx_word' id='word_1_209' title='bbox 1209 2894 1347 2944; x_wconf 78' lang='grc' dir='ltr'>κατά</span> <span class='ocrx_word' id='word_1_210' title='bbox 1403 2890 1596 2965; x_wconf 88' lang='grc' dir='ltr'>μικρὸν</span> <span class='ocrx_word' id='word_1_211' title='bbox 1649 2888 1911 2965; x_wconf 84' lang='grc' dir='ltr'>προόδοις</span> <span class='ocrx_word' id='word_1_212' title='bbox 1943 2890 2020 2954; x_wconf 80' lang='grc' dir='ltr'>εἰς</span> 
     </span>
    </p>
   </div>
   <div class='ocr_carea' id='block_1_31' title="bbox 356 2976 2017 3054">
    <p class='ocr_par' dir='ltr' id='par_1_31' title="bbox 356 2976 2017 3054">
     <span class='ocr_line' id='line_1_31' title="bbox 356 2976 2017 3054; baseline 0.002 -23"><span class='ocrx_word' id='word_1_213' title='bbox 356 2981 455 3049; x_wconf 76' lang='grc' dir='ltr'>τὴν</span> <span class='ocrx_word' id='word_1_214' title='bbox 487 2983 583 3033; x_wconf 75' lang='grc' dir='ltr'>τοῦ</span> <span class='ocrx_word' id='word_1_215' title='bbox 622 2976 1128 3053; x_wconf 80' lang='grc' dir='ltr'>πρωτοστράτωρος</span> <span class='ocrx_word' id='word_1_216' title='bbox 1174 2979 1321 3052; x_wconf 79' lang='grc' dir='ltr'>τάξιν</span> <span class='ocrx_word' id='word_1_217' title='bbox 1379 2980 1641 3054; x_wconf 79' lang='grc' dir='ltr'>ἀνήγαγε.</span> <span class='ocrx_word' id='word_1_218' title='bbox 1676 2979 2017 3054; x_wconf 76' lang='grc' dir='ltr'>Κυνηγεσίας</span> 
     </span>
    </p>
   </div>
   <div class='ocr_carea' id='block_1_32' title="bbox 358 3065 2015 3144">
    <p class='ocr_par' dir='ltr' id='par_1_32' title="bbox 358 3065 2015 3144">
     <span class='ocr_line' id='line_1_32' title="bbox 358 3065 2015 3144; baseline 0.001 -21"><span class='ocrx_word' id='word_1_219' title='bbox 358 3065 415 3123; x_wconf 74' lang='grc' dir='ltr'>δὲ</span> <span class='ocrx_word' id='word_1_220' title='bbox 444 3088 578 3123; x_wconf 86' lang='grc' dir='ltr'>ποτε</span> <span class='ocrx_word' id='word_1_221' title='bbox 640 3068 934 3143; x_wconf 68' lang='grc' dir='ltr'>γενομένης</span> <span class='ocrx_word' id='word_1_222' title='bbox 991 3072 1070 3139; x_wconf 79' lang='grc' dir='ltr'>τῷ</span> <span class='ocrx_word' id='word_1_223' title='bbox 1131 3066 1349 3144; x_wconf 84' lang='grc' dir='ltr'>βασιλεῖ</span> <span class='ocrx_word' id='word_1_224' title='bbox 1405 3070 1541 3124; x_wconf 83' lang='grc' dir='ltr'>κατὰ</span> <span class='ocrx_word' id='word_1_225' title='bbox 1579 3070 1643 3124; x_wconf 85' lang='grc' dir='ltr'>τὸ</span> <span class='ocrx_word' id='word_1_226' title='bbox 1675 3068 2015 3125; x_wconf 74' lang='grc' dir='ltr'>Φιλοπάτιον</span> 
     </span>
    </p>
   </div>
   <div class='ocr_carea' id='block_1_33' title="bbox 356 3153 2015 3237">
    <p class='ocr_par' dir='ltr' id='par_1_33' title="bbox 356 3153 2015 3237">
     <span class='ocr_line' id='line_1_33' title="bbox 356 3153 2015 3237; baseline 0.001 -25"><span class='ocrx_word' id='word_1_227' title='bbox 356 3165 752 3232; x_wconf 79' lang='grc' dir='ltr'>προεπορεύετο</span> <span class='ocrx_word' id='word_1_228' title='bbox 835 3155 1034 3210; x_wconf 75' lang='grc' dir='ltr'>τούτου</span> <span class='ocrx_word' id='word_1_229' title='bbox 1111 3158 1139 3211; x_wconf 91' lang='lat'>6</span> <span class='ocrx_word' id='word_1_230' title='bbox 1213 3159 1657 3233; x_wconf 84' lang='grc' dir='ltr'>πρωυοστράτωρ</span> <span class='ocrx_word' id='word_1_231' title='bbox 1757 3153 2015 3237; x_wconf 76' lang='grc' dir='ltr'>ἔφιππος,</span> 
     </span>
    </p>
   </div>
   <div class='ocr_carea' id='block_1_34' title="bbox 355 3244 2016 3325">
    <p class='ocr_par' dir='ltr' id='par_1_34' title="bbox 355 3244 2016 3325">
     <span class='ocr_line' id='line_1_34' title="bbox 355 3244 2016 3325; baseline 0.002 -25"><span class='ocrx_word' id='word_1_232' title='bbox 355 3246 745 3324; x_wconf 76' lang='grc' dir='ltr'>ἐπιφερόμενος</span> <span class='ocrx_word' id='word_1_233' title='bbox 798 3244 888 3301; x_wconf 81' lang='grc' dir='ltr'>ἐπὶ</span> <span class='ocrx_word' id='word_1_234' title='bbox 949 3247 1128 3318; x_wconf 83' lang='grc' dir='ltr'>ζώνης</span> <span class='ocrx_word' id='word_1_235' title='bbox 1188 3248 1276 3301; x_wconf 79' lang='grc' dir='ltr'>καὶ</span> <span class='ocrx_word' id='word_1_236' title='bbox 1335 3247 1397 3301; x_wconf 84' lang='grc' dir='ltr'>τὸ</span> <span class='ocrx_word' id='word_1_237' title='bbox 1459 3247 1741 3322; x_wconf 88' lang='grc' dir='ltr'>βασιλικὸν</span> <span class='ocrx_word' id='word_1_238' title='bbox 1784 3246 2016 3325; x_wconf 76' lang='grc' dir='ltr'>βαρδού-</span> 
     </span>
    </p>
   </div>
   <div class='ocr_carea' id='block_1_35' title="bbox 353 3332 2013 3412">
    <p class='ocr_par' dir='ltr' id='par_1_35' title="bbox 353 3332 2013 3412">
     <span class='ocr_line' id='line_1_35' title="bbox 353 3332 2013 3412; baseline 0.001 -21"><span class='ocrx_word' id='word_1_239' title='bbox 353 3357 489 3391; x_wconf 87' lang='grc' dir='ltr'>κιον.</span> <span class='ocrx_word' id='word_1_240' title='bbox 523 3332 769 3409; x_wconf 82' lang='grc' dir='ltr'>Θορόϐου</span> <span class='ocrx_word' id='word_1_241' title='bbox 829 3333 887 3389; x_wconf 72' lang='grc' dir='ltr'>δὲ</span> <span class='ocrx_word' id='word_1_242' title='bbox 944 3335 1032 3390; x_wconf 82' lang='grc' dir='ltr'>καὶ</span> <span class='ocrx_word' id='word_1_243' title='bbox 1092 3337 1228 3411; x_wconf 77' lang='grc' dir='ltr'>βοῆς</span> <span class='ocrx_word' id='word_1_244' title='bbox 1277 3336 1573 3412; x_wconf 78' lang='grc' dir='ltr'>γενομένης</span> <span class='ocrx_word' id='word_1_245' title='bbox 1604 3338 1708 3393; x_wconf 82' lang='grc' dir='ltr'>ὑπὸ</span> <span class='ocrx_word' id='word_1_246' title='bbox 1735 3343 1833 3393; x_wconf 81' lang='grc' dir='ltr'>τοῦ</span> <span class='ocrx_word' id='word_1_247' title='bbox 1863 3337 2013 3408; x_wconf 68' lang='grc' dir='ltr'>πλή-</span> 
     </span>
    </p>
   </div>
   <div class='ocr_carea' id='block_1_36' title="bbox 355 3422 2011 3503">
    <p class='ocr_par' dir='ltr' id='par_1_36' title="bbox 355 3422 2011 3503">
     <span class='ocr_line' id='line_1_36' title="bbox 355 3422 2011 3503; baseline 0.003 -24"><span class='ocrx_word' id='word_1_248' title='bbox 355 3437 485 3489; x_wconf 85' lang='grc' dir='ltr'>θουσ</span> <span class='ocrx_word' id='word_1_249' title='bbox 515 3422 683 3486; x_wconf 77' lang='grc' dir='ltr'>λύκος</span> <span class='ocrx_word' id='word_1_250' title='bbox 721 3431 821 3494; x_wconf 78' lang='grc' dir='ltr'>τῆς</span> <span class='ocrx_word' id='word_1_251' title='bbox 862 3422 1002 3495; x_wconf 81' lang='grc' dir='ltr'>ὕλης</span> <span class='ocrx_word' id='word_1_252' title='bbox 1060 3424 1270 3501; x_wconf 78' lang='grc' dir='ltr'>ἐξέθορε</span> <span class='ocrx_word' id='word_1_253' title='bbox 1323 3426 1697 3502; x_wconf 81' lang='grc' dir='ltr'>παμμεγέθης.</span> <span class='ocrx_word' id='word_1_254' title='bbox 1727 3429 2011 3503; x_wconf 70' lang='grc' dir='ltr'>Ὀρμςιςσας</span> 
     </span>
    </p>
   </div>
   <div class='ocr_carea' id='block_1_37' title="bbox 358 3512 2012 3592">
    <p class='ocr_par' dir='ltr' id='par_1_37' title="bbox 358 3512 2012 3592">
     <span class='ocr_line' id='line_1_37' title="bbox 358 3512 2012 3592; baseline 0.002 -22"><span class='ocrx_word' id='word_1_255' title='bbox 358 3512 415 3570; x_wconf 76' lang='grc' dir='ltr'>δὲ</span> <span class='ocrx_word' id='word_1_256' title='bbox 442 3515 671 3570; x_wconf 83' lang='grc' dir='ltr'>κατόπιν</span> <span class='ocrx_word' id='word_1_257' title='bbox 731 3514 899 3569; x_wconf 77' lang='grc' dir='ltr'>αὐτοῦ</span> <span class='ocrx_word' id='word_1_258' title='bbox 959 3516 987 3569; x_wconf 87' lang='lat'>6</span> <span class='ocrx_word' id='word_1_259' title='bbox 1048 3514 1332 3578; x_wconf 84' lang='grc' dir='ltr'>Βασίλειος</span> <span class='ocrx_word' id='word_1_260' title='bbox 1384 3514 1575 3592; x_wconf 74' lang='grc' dir='ltr'>ἕῤῥιψε</span> <span class='ocrx_word' id='word_1_261' title='bbox 1604 3519 1720 3573; x_wconf 88' lang='grc' dir='ltr'>κατ’</span> <span class='ocrx_word' id='word_1_262' title='bbox 1754 3519 1920 3573; x_wconf 77' lang='grc' dir='ltr'>αὐτοῦ</span> <span class='ocrx_word' id='word_1_263' title='bbox 1950 3520 2012 3574; x_wconf 85' lang='grc' dir='ltr'>τὸ</span> 
     </span>
    </p>
   </div>
   <div class='ocr_carea' id='block_1_38' title="bbox 363 3602 2010 3682">
    <p class='ocr_par' dir='ltr' id='par_1_38' title="bbox 363 3602 2010 3682">
     <span class='ocr_line' id='line_1_38' title="bbox 363 3602 2010 3682; baseline 0.004 -25"><span class='ocrx_word' id='word_1_264' title='bbox 363 3602 646 3678; x_wconf 87' lang='grc' dir='ltr'>βασιλικὸν</span> <span class='ocrx_word' id='word_1_265' title='bbox 705 3602 1035 3678; x_wconf 77' lang='grc' dir='ltr'>βαρδούκιον</span> <span class='ocrx_word' id='word_1_266' title='bbox 1092 3608 1220 3676; x_wconf 78' lang='grc'>(74),</span> <span class='ocrx_word' id='word_1_267' title='bbox 1278 3606 1368 3659; x_wconf 85' lang='grc' dir='ltr'>καὶ</span> <span class='ocrx_word' id='word_1_268' title='bbox 1426 3606 1615 3680; x_wconf 84' lang='grc' dir='ltr'>τυχὼν</span> <span class='ocrx_word' id='word_1_269' title='bbox 1671 3606 1767 3661; x_wconf 82' lang='grc' dir='ltr'>τοῦ</span> <span class='ocrx_word' id='word_1_270' title='bbox 1816 3606 2010 3682; x_wconf 79' lang='grc' dir='ltr'>θηρίου</span> 
     </span>
    </p>
   </div>
   <div class='ocr_carea' id='block_1_39' title="bbox 354 3692 2006 3773">
    <p class='ocr_par' dir='ltr' id='par_1_39' title="bbox 354 3692 2006 3773">
     <span class='ocr_line' id='line_1_39' title="bbox 354 3692 2006 3773; baseline 0.005 -26"><span class='ocrx_word' id='word_1_271' title='bbox 354 3693 493 3748; x_wconf 78' lang='grc' dir='ltr'>κατὰ</span> <span class='ocrx_word' id='word_1_272' title='bbox 548 3694 612 3748; x_wconf 86' lang='grc' dir='ltr'>τὸ</span> <span class='ocrx_word' id='word_1_273' title='bbox 664 3694 824 3766; x_wconf 67' lang='grc' dir='ltr'>μέσον</span> <span class='ocrx_word' id='word_1_274' title='bbox 882 3700 984 3763; x_wconf 78' lang='grc' dir='ltr'>τῆς</span> <span class='ocrx_word' id='word_1_275' title='bbox 1038 3692 1284 3770; x_wconf 79' lang='grc' dir='ltr'>κεφαλῆς</span> <span class='ocrx_word' id='word_1_276' title='bbox 1342 3695 1542 3766; x_wconf 76' lang='grc' dir='ltr'>ταύτην</span> <span class='ocrx_word' id='word_1_277' title='bbox 1585 3695 2006 3773; x_wconf 78' lang='grc' dir='ltr'>ἐδιχοτόμησεν.</span> 
     </span>
    </p>
   </div>
   <div class='ocr_carea' id='block_1_40' title="bbox 348 3779 2012 3860">
    <p class='ocr_par' dir='ltr' id='par_1_40' title="bbox 348 3779 2012 3860">
     <span class='ocr_line' id='line_1_40' title="bbox 348 3779 2012 3860; baseline 0.003 -22"><span class='ocrx_word' id='word_1_278' title='bbox 348 3782 609 3847; x_wconf 86' lang='grc' dir='ltr'>Ὀπισθεν</span> <span class='ocrx_word' id='word_1_279' title='bbox 646 3780 703 3837; x_wconf 74' lang='grc' dir='ltr'>δῖε</span> <span class='ocrx_word' id='word_1_280' title='bbox 731 3786 828 3837; x_wconf 75' lang='grc' dir='ltr'>τοῦ</span> <span class='ocrx_word' id='word_1_281' title='bbox 864 3779 1135 3857; x_wconf 71' lang='grc' dir='ltr'>βασιλέως</span> <span class='ocrx_word' id='word_1_282' title='bbox 1192 3784 1329 3837; x_wconf 80' lang='grc' dir='ltr'>κατᾶ</span> <span class='ocrx_word' id='word_1_283' title='bbox 1375 3784 1438 3839; x_wconf 87' lang='grc' dir='ltr'>τὸ</span> <span class='ocrx_word' id='word_1_284' title='bbox 1492 3786 1715 3855; x_wconf 79' lang='grc' dir='ltr'>σὺνηθες</span> <span class='ocrx_word' id='word_1_285' title='bbox 1744 3787 2012 3860; x_wconf 75' lang='grc' dir='ltr'>ἑπόμενος</span> 
     </span>
    </p>
   </div>
   <div class='ocr_carea' id='block_1_41' title="bbox 350 3871 2009 3952">
    <p class='ocr_par' dir='ltr' id='par_1_41' title="bbox 350 3871 2009 3952">
     <span class='ocr_line' id='line_1_41' title="bbox 350 3871 2009 3952; baseline 0.005 -27"><span class='ocrx_word' id='word_1_286' title='bbox 350 3871 630 3945; x_wconf 80' lang='grc' dir='ltr'>ὁΚαῖσαρ,</span> <span class='ocrx_word' id='word_1_287' title='bbox 688 3872 778 3926; x_wconf 89' lang='grc' dir='ltr'>καὶ</span> <span class='ocrx_word' id='word_1_288' title='bbox 836 3872 897 3926; x_wconf 86' lang='grc' dir='ltr'>τὸ</span> <span class='ocrx_word' id='word_1_289' title='bbox 962 3871 1182 3948; x_wconf 85' lang='grc' dir='ltr'>γεγονὸς</span> <span class='ocrx_word' id='word_1_290' title='bbox 1239 3873 1589 3947; x_wconf 85' lang='grc' dir='ltr'>θεασάμενος,</span> <span class='ocrx_word' id='word_1_291' title='bbox 1648 3875 1816 3931; x_wconf 78' lang='grc' dir='ltr'>εἰπεῖν</span> <span class='ocrx_word' id='word_1_292' title='bbox 1850 3875 2009 3952; x_wconf 74' lang='grc' dir='ltr'>λὲγε-</span> 
     </span>
    </p>
   </div>
   <div class='ocr_carea' id='block_1_42' title="bbox 342 3960 2005 4038">
    <p class='ocr_par' dir='ltr' id='par_1_42' title="bbox 342 3960 2005 4038">
     <span class='ocr_line' id='line_1_42' title="bbox 342 3960 2005 4038; baseline 0.004 -24"><span class='ocrx_word' id='word_1_293' title='bbox 342 3980 430 4015; x_wconf 88' lang='grc' dir='ltr'>ται</span> <span class='ocrx_word' id='word_1_294' title='bbox 462 3960 597 4035; x_wconf 87' lang='grc' dir='ltr'>πρός</span> <span class='ocrx_word' id='word_1_295' title='bbox 631 3982 751 4015; x_wconf 88' lang='grc' dir='ltr'>τινα</span> <span class='ocrx_word' id='word_1_296' title='bbox 776 3964 884 4015; x_wconf 83' lang='grc' dir='ltr'>τῶν</span> <span class='ocrx_word' id='word_1_297' title='bbox 919 3962 1163 4032; x_wconf 74' lang='grc' dir='ltr'>συνήθων</span> <span class='ocrx_word' id='word_1_298' title='bbox 1197 3960 1248 4016; x_wconf 83' lang='grc' dir='ltr'>ἐν</span> <span class='ocrx_word' id='word_1_299' title='bbox 1287 3963 1596 4038; x_wconf 86' lang='grc' dir='ltr'>μυστηρίῳ·</span> <span class='ocrx_word' id='word_1_300' title='bbox 1644 3987 1672 4015; x_wconf 87' lang='grc'>‹‹</span> <span class='ocrx_word' id='word_1_301' title='bbox 1702 3970 1930 4037; x_wconf 80' lang='grc' dir='ltr'>Τοῦτον,</span> <span class='ocrx_word' id='word_1_302' title='bbox 1961 3968 2005 4020; x_wconf 84' lang='grc' dir='ltr'>ὦ</span> 
     </span>
    </p>
   </div>
   <div class='ocr_carea' id='block_1_43' title="bbox 344 4048 2001 4129">
    <p class='ocr_par' dir='ltr' id='par_1_43' title="bbox 344 4048 2001 4129">
     <span class='ocr_line' id='line_1_43' title="bbox 344 4048 2001 4129; baseline 0.003 -25"><span class='ocrx_word' id='word_1_303' title='bbox 344 4054 465 4120; x_wconf 82' lang='grc' dir='ltr'>τᾶν,</span> <span class='ocrx_word' id='word_1_304' title='bbox 524 4052 766 4126; x_wconf 75' lang='grc' dir='ltr'>ἡγοῦμεν</span> <span class='ocrx_word' id='word_1_305' title='bbox 851 4052 942 4106; x_wconf 83' lang='grc' dir='ltr'>τὸν</span> <span class='ocrx_word' id='word_1_306' title='bbox 1025 4048 1314 4126; x_wconf 73' lang='grc' dir='ltr'>ἄνθρωπον</span> <span class='ocrx_word' id='word_1_307' title='bbox 1397 4050 1623 4128; x_wconf 80' lang='grc' dir='ltr'>ὄλεθρον</span> <span class='ocrx_word' id='word_1_308' title='bbox 1679 4057 2001 4129; x_wconf 74' lang='grc' dir='ltr'>γενησεσθαι</span> 
     </span>
    </p>
   </div>
   <div class='ocr_carea' id='block_1_44' title="bbox 2128 737 3782 810">
    <p class='ocr_par' dir='ltr' id='par_1_44' title="bbox 2128 737 3782 810">
     <span class='ocr_line' id='line_1_44' title="bbox 2128 737 3782 810; baseline 0.001 -19"><span class='ocrx_word' id='word_1_309' title='bbox 2128 737 2374 810; x_wconf 75' lang='lat' dir='ltr'>aufugit.</span> <span class='ocrx_word' id='word_1_310' title='bbox 2432 739 2747 809; x_wconf 81' lang='lat' dir='ltr'>Multisque</span> <span class='ocrx_word' id='word_1_311' title='bbox 2820 737 3314 792; x_wconf 78' lang='lat' dir='ltr'>concurrentibus</span> <span class='ocrx_word' id='word_1_312' title='bbox 3374 737 3782 808; x_wconf 88' lang='lat' dir='ltr'>equisonibus,</span> 
     </span>
    </p>
   </div>
   <div class='ocr_carea' id='block_1_45' title="bbox 2128 825 3787 899">
    <p class='ocr_par' dir='ltr' id='par_1_45' title="bbox 2128 825 3787 899">
     <span class='ocr_line' id='line_1_45' title="bbox 2128 825 3787 899; baseline 0.001 -19"><span class='ocrx_word' id='word_1_313' title='bbox 2128 843 2238 881; x_wconf 93' lang='lat' dir='ltr'>nec</span> <span class='ocrx_word' id='word_1_314' title='bbox 2271 844 2391 882; x_wconf 92' lang='lat' dir='ltr'>non</span> <span class='ocrx_word' id='word_1_315' title='bbox 2424 826 2771 899; x_wconf 86' lang='lat' dir='ltr'>proceribus</span> <span class='ocrx_word' id='word_1_316' title='bbox 2808 831 2865 881; x_wconf 90' lang='lat' dir='ltr'>et</span> <span class='ocrx_word' id='word_1_317' title='bbox 2901 825 3153 896; x_wconf 82' lang='lat' dir='ltr'>reliquis</span> <span class='ocrx_word' id='word_1_318' title='bbox 3187 826 3285 896; x_wconf 89' lang='lat' dir='ltr'>qui</span> <span class='ocrx_word' id='word_1_319' title='bbox 3308 833 3480 881; x_wconf 88' lang='lat' dir='ltr'>erant</span> <span class='ocrx_word' id='word_1_320' title='bbox 3513 827 3573 881; x_wconf 90' lang='lat' dir='ltr'>in</span> <span class='ocrx_word' id='word_1_321' title='bbox 3602 828 3787 882; x_wconf 89' lang='lat' dir='ltr'>comi-</span> 
     </span>
    </p>
   </div>
   <div class='ocr_carea' id='block_1_46' title="bbox 2129 914 3784 989">
    <p class='ocr_par' dir='ltr' id='par_1_46' title="bbox 2129 914 3784 989">
     <span class='ocr_line' id='line_1_46' title="bbox 2129 914 3784 989; baseline 0.001 -18"><span class='ocrx_word' id='word_1_322' title='bbox 2129 922 2255 973; x_wconf 86' lang='lat' dir='ltr'>tatu</span> <span class='ocrx_word' id='word_1_323' title='bbox 2279 918 2858 989; x_wconf 88' lang='lat' dir='ltr'>imperatoris,nemo</span> <span class='ocrx_word' id='word_1_324' title='bbox 2884 916 2996 971; x_wconf 89' lang='lat' dir='ltr'>fuit</span> <span class='ocrx_word' id='word_1_325' title='bbox 3016 914 3117 987; x_wconf 85' lang='lat' dir='ltr'>qui</span> <span class='ocrx_word' id='word_1_326' title='bbox 3151 932 3363 986; x_wconf 87' lang='lat' dir='ltr'>capere</span> <span class='ocrx_word' id='word_1_327' title='bbox 3398 932 3533 971; x_wconf 86' lang='lat' dir='ltr'>eum</span> <span class='ocrx_word' id='word_1_328' title='bbox 3565 923 3784 988; x_wconf 85' lang='lat' dir='ltr'>posset.</span> 
     </span>
    </p>
   </div>
   <div class='ocr_carea' id='block_1_47' title="bbox 2128 1006 3789 1078">
    <p class='ocr_par' dir='ltr' id='par_1_47' title="bbox 2128 1006 3789 1078">
     <span class='ocr_line' id='line_1_47' title="bbox 2128 1006 3789 1078; baseline -0.001 -15"><span class='ocrx_word' id='word_1_329' title='bbox 2128 1008 2331 1078; x_wconf 88' lang='lat' dir='ltr'>Itaque</span> <span class='ocrx_word' id='word_1_330' title='bbox 2365 1007 2563 1063; x_wconf 88' lang='lat' dir='ltr'>animo</span> <span class='ocrx_word' id='word_1_331' title='bbox 2597 1008 3019 1061; x_wconf 74' lang='lat' dir='ltr'>aifervescente</span> <span class='ocrx_word' id='word_1_332' title='bbox 3066 1006 3397 1076; x_wconf 86' lang='lat' dir='ltr'>imperator</span> <span class='ocrx_word' id='word_1_333' title='bbox 3419 1006 3592 1076; x_wconf 89' lang='lat' dir='ltr'>jubet</span> <span class='ocrx_word' id='word_1_334' title='bbox 3636 1007 3789 1077; x_wconf 86' lang='lat' dir='ltr'>ejus,</span> 
     </span>
    </p>
   </div>
   <div class='ocr_carea' id='block_1_48' title="bbox 2128 1094 3790 1168">
    <p class='ocr_par' dir='ltr' id='par_1_48' title="bbox 2128 1094 3790 1168">
     <span class='ocr_line' id='line_1_48' title="bbox 2128 1094 3790 1168; baseline -0.001 -16"><span class='ocrx_word' id='word_1_335' title='bbox 2128 1097 2229 1152; x_wconf 87' lang='lat' dir='ltr'>ubi</span> <span class='ocrx_word' id='word_1_336' title='bbox 2261 1097 2731 1168; x_wconf 89' lang='lat' dir='ltr'>comprehensus</span> <span class='ocrx_word' id='word_1_337' title='bbox 2762 1097 2936 1162; x_wconf 89' lang='lat' dir='ltr'>foret,</span> <span class='ocrx_word' id='word_1_338' title='bbox 2983 1095 3346 1166; x_wconf 87' lang='lat' dir='ltr'>posteriores</span> <span class='ocrx_word' id='word_1_339' title='bbox 3382 1094 3566 1165; x_wconf 88' lang='lat' dir='ltr'>pedes</span> <span class='ocrx_word' id='word_1_340' title='bbox 3598 1095 3790 1150; x_wconf 90' lang='lat' dir='ltr'>disse-</span> 
     </span>
    </p>
   </div>
   <div class='ocr_carea' id='block_1_49' title="bbox 2126 1185 3788 1257">
    <p class='ocr_par' dir='ltr' id='par_1_49' title="bbox 2126 1185 3788 1257">
     <span class='ocr_line' id='line_1_49' title="bbox 2126 1185 3788 1257; baseline 0.001 -16"><span class='ocrx_word' id='word_1_341' title='bbox 2126 1186 2270 1250; x_wconf 88' lang='lat' dir='ltr'>cari,</span> <span class='ocrx_word' id='word_1_342' title='bbox 2329 1186 2559 1241; x_wconf 64' lang='lat' dir='ltr'>Cassare</span> <span class='ocrx_word' id='word_1_343' title='bbox 2601 1185 2953 1241; x_wconf 89' lang='lat' dir='ltr'>dehortante</span> <span class='ocrx_word' id='word_1_344' title='bbox 3014 1190 3074 1241; x_wconf 89' lang='lat' dir='ltr'>et</span> <span class='ocrx_word' id='word_1_345' title='bbox 3105 1191 3388 1257; x_wconf 82' lang='lat' dir='ltr'>precante</span> <span class='ocrx_word' id='word_1_346' title='bbox 3450 1203 3524 1242; x_wconf 88' lang='lat' dir='ltr'>ne</span> <span class='ocrx_word' id='word_1_347' title='bbox 3564 1192 3788 1243; x_wconf 77' lang='lat' dir='ltr'>temere</span> 
     </span>
    </p>
   </div>
   <div class='ocr_carea' id='block_1_50' title="bbox 2126 1276 3785 1348">
    <p class='ocr_par' dir='ltr' id='par_1_50' title="bbox 2126 1276 3785 1348">
     <span class='ocr_line' id='line_1_50' title="bbox 2126 1276 3785 1348; baseline 0.001 -17"><span class='ocrx_word' id='word_1_348' title='bbox 2126 1281 2306 1331; x_wconf 67' lang='lat' dir='ltr'>tantas</span> <span class='ocrx_word' id='word_1_349' title='bbox 2330 1276 2561 1331; x_wconf 87' lang='lat' dir='ltr'>virtutis</span> <span class='ocrx_word' id='word_1_350' title='bbox 2578 1293 2766 1347; x_wconf 87' lang='lat' dir='ltr'>equus</span> <span class='ocrx_word' id='word_1_351' title='bbox 2783 1276 2857 1330; x_wconf 91' lang='lat' dir='ltr'>ob</span> <span class='ocrx_word' id='word_1_352' title='bbox 2878 1292 3062 1331; x_wconf 91' lang='lat' dir='ltr'>unum</span> <span class='ocrx_word' id='word_1_353' title='bbox 3088 1281 3399 1347; x_wconf 87' lang='lat' dir='ltr'>peccatum</span> <span class='ocrx_word' id='word_1_354' title='bbox 3417 1276 3785 1348; x_wconf 87' lang='lat' dir='ltr'>perderctur.</span> 
     </span>
    </p>
   </div>
   <div class='ocr_carea' id='block_1_51' title="bbox 2127 1365 3785 1436">
    <p class='ocr_par' dir='ltr' id='par_1_51' title="bbox 2127 1365 3785 1436">
     <span class='ocr_line' id='line_1_51' title="bbox 2127 1365 3785 1436; baseline 0 -17"><span class='ocrx_word' id='word_1_355' title='bbox 2127 1365 2227 1420; x_wconf 88' lang='lat' dir='ltr'>His</span> <span class='ocrx_word' id='word_1_356' title='bbox 2260 1366 2343 1420; x_wconf 89' lang='lat' dir='ltr'>ita</span> <span class='ocrx_word' id='word_1_357' title='bbox 2373 1365 2530 1420; x_wconf 89' lang='lat' dir='ltr'>inter</span> <span class='ocrx_word' id='word_1_358' title='bbox 2581 1381 2643 1419; x_wconf 91' lang='lat' dir='ltr'>se</span> <span class='ocrx_word' id='word_1_359' title='bbox 2675 1365 3174 1436; x_wconf 88' lang='lat' dir='ltr'>colloquentibus,</span> <span class='ocrx_word' id='word_1_360' title='bbox 3204 1365 3454 1420; x_wconf 84' lang='lat' dir='ltr'>Basilius</span> <span class='ocrx_word' id='word_1_361' title='bbox 3485 1365 3557 1420; x_wconf 90' lang='lat' dir='ltr'>ad</span> <span class='ocrx_word' id='word_1_362' title='bbox 3592 1365 3785 1419; x_wconf 82' lang='lat' dir='ltr'>domi-</span> 
     </span>
    </p>
   </div>
   <div class='ocr_carea' id='block_1_52' title="bbox 2126 1454 3781 1526">
    <p class='ocr_par' dir='ltr' id='par_1_52' title="bbox 2126 1454 3781 1526">
     <span class='ocr_line' id='line_1_52' title="bbox 2126 1454 3781 1526; baseline 0.001 -18"><span class='ocrx_word' id='word_1_363' title='bbox 2126 1471 2269 1509; x_wconf 90' lang='lat' dir='ltr'>num</span> <span class='ocrx_word' id='word_1_364' title='bbox 2301 1472 2476 1510; x_wconf 89' lang='lat' dir='ltr'>suum</span> <span class='ocrx_word' id='word_1_365' title='bbox 2508 1471 2857 1511; x_wconf 89' lang='lat' dir='ltr'>accurrens:</span> <span class='ocrx_word' id='word_1_366' title='bbox 2890 1455 2968 1523; x_wconf 76' lang='lat' dir='ltr'>Si,</span> <span class='ocrx_word' id='word_1_367' title='bbox 3002 1454 3215 1525; x_wconf 85' lang='lat' dir='ltr'>inquit,</span> <span class='ocrx_word' id='word_1_368' title='bbox 3244 1472 3376 1509; x_wconf 90' lang='lat' dir='ltr'>meo</span> <span class='ocrx_word' id='word_1_369' title='bbox 3404 1472 3555 1526; x_wconf 91' lang='lat' dir='ltr'>equo</span> <span class='ocrx_word' id='word_1_370' title='bbox 3580 1460 3781 1510; x_wconf 89' lang='lat' dir='ltr'>vectus</span> 
     </span>
    </p>
   </div>
   <div class='ocr_carea' id='block_1_53' title="bbox 2124 1544 3780 1616">
    <p class='ocr_par' dir='ltr' id='par_1_53' title="bbox 2124 1544 3780 1616">
     <span class='ocr_line' id='line_1_53' title="bbox 2124 1544 3780 1616; baseline 0 -18"><span class='ocrx_word' id='word_1_371' title='bbox 2124 1544 2504 1616; x_wconf 82' lang='lat' dir='ltr'>imperatoris</span> <span class='ocrx_word' id='word_1_372' title='bbox 2555 1560 2775 1616; x_wconf 90' lang='lat' dir='ltr'>equum</span> <span class='ocrx_word' id='word_1_373' title='bbox 2833 1560 3012 1599; x_wconf 91' lang='lat' dir='ltr'>cursu</span> <span class='ocrx_word' id='word_1_374' title='bbox 3064 1560 3435 1614; x_wconf 90' lang='lat' dir='ltr'>assequerer,</span> <span class='ocrx_word' id='word_1_375' title='bbox 3471 1550 3529 1599; x_wconf 89' lang='lat' dir='ltr'>et</span> <span class='ocrx_word' id='word_1_376' title='bbox 3586 1561 3780 1599; x_wconf 90' lang='lat' dir='ltr'>ameo</span> 
     </span>
    </p>
   </div>
   <div class='ocr_carea' id='block_1_54' title="bbox 2125 1631 3785 1705">
    <p class='ocr_par' dir='ltr' id='par_1_54' title="bbox 2125 1631 3785 1705">
     <span class='ocr_line' id='line_1_54' title="bbox 2125 1631 3785 1705; baseline -0.002 -16"><span class='ocrx_word' id='word_1_377' title='bbox 2125 1633 2405 1705; x_wconf 90' lang='lat' dir='ltr'>delapsus</span> <span class='ocrx_word' id='word_1_378' title='bbox 2436 1633 2497 1687; x_wconf 93' lang='lat' dir='ltr'>in</span> <span class='ocrx_word' id='word_1_379' title='bbox 2530 1649 2665 1688; x_wconf 90' lang='lat' dir='ltr'>eum</span> <span class='ocrx_word' id='word_1_380' title='bbox 2715 1632 3030 1699; x_wconf 91' lang='lat' dir='ltr'>insilirem,</span> <span class='ocrx_word' id='word_1_381' title='bbox 3058 1631 3374 1689; x_wconf 89' lang='lat' dir='ltr'>&#39;numnam</span> <span class='ocrx_word' id='word_1_382' title='bbox 3407 1637 3785 1688; x_wconf 86' lang='lat' dir='ltr'>succenseret</span> 
     </span>
    </p>
   </div>
   <div class='ocr_carea' id='block_1_55' title="bbox 2123 1721 3787 1795">
    <p class='ocr_par' dir='ltr' id='par_1_55' title="bbox 2123 1721 3787 1795">
     <span class='ocr_line' id='line_1_55' title="bbox 2123 1721 3787 1795; baseline -0.001 -18"><span class='ocrx_word' id='word_1_383' title='bbox 2123 1723 2270 1778; x_wconf 90' lang='lat' dir='ltr'>mihi</span> <span class='ocrx_word' id='word_1_384' title='bbox 2302 1723 2629 1795; x_wconf 85' lang='lat' dir='ltr'>imperator</span> <span class='ocrx_word' id='word_1_385' title='bbox 2685 1721 3092 1794; x_wconf 89' lang='lat' dir='ltr'>paludamenti</span> <span class='ocrx_word' id='word_1_386' title='bbox 3150 1723 3295 1795; x_wconf 82' lang='lat' dir='ltr'>regii</span> <span class='ocrx_word' id='word_1_387' title='bbox 3357 1727 3415 1777; x_wconf 93' lang='lat' dir='ltr'>et</span> <span class='ocrx_word' id='word_1_388' title='bbox 3473 1722 3787 1794; x_wconf 85' lang='lat' dir='ltr'>purpurati</span> 
     </span>
    </p>
   </div>
   <div class='ocr_carea' id='block_1_56' title="bbox 2122 1810 3785 1883">
    <p class='ocr_par' dir='ltr' id='par_1_56' title="bbox 2122 1810 3785 1883">
     <span class='ocr_line' id='line_1_56' title="bbox 2122 1810 3785 1883; baseline -0.001 -17"><span class='ocrx_word' id='word_1_389' title='bbox 2122 1811 2291 1866; x_wconf 77' lang='lat' dir='ltr'>frami</span> <span class='ocrx_word' id='word_1_390' title='bbox 2321 1812 2509 1883; x_wconf 84' lang='lat' dir='ltr'>gratia</span> <span class='ocrx_word' id='word_1_391' title='bbox 2529 1810 2557 1866; x_wconf 56' lang='grc' dir='ltr'>εἲ</span> <span class='ocrx_word' id='word_1_392' title='bbox 2582 1813 2650 1866; x_wconf 90' lang='lat' dir='ltr'>In</span> <span class='ocrx_word' id='word_1_393' title='bbox 2690 1827 2895 1866; x_wconf 88' lang='lat' dir='ltr'>aurem</span> <span class='ocrx_word' id='word_1_394' title='bbox 2931 1810 3043 1867; x_wconf 91' lang='lat' dir='ltr'>hoc</span> <span class='ocrx_word' id='word_1_395' title='bbox 3071 1810 3415 1883; x_wconf 84' lang='lat' dir='ltr'>imperatori</span> <span class='ocrx_word' id='word_1_396' title='bbox 3447 1810 3785 1866; x_wconf 86' lang='lat' dir='ltr'>insusurrat</span> 
     </span>
    </p>
   </div>
   <div class='ocr_carea' id='block_1_57' title="bbox 2123 1902 3784 1976">
    <p class='ocr_par' dir='ltr' id='par_1_57' title="bbox 2123 1902 3784 1976">
     <span class='ocr_line' id='line_1_57' title="bbox 2123 1902 3784 1976; baseline -0.001 -17"><span class='ocrx_word' id='word_1_397' title='bbox 2123 1904 2503 1976; x_wconf 83' lang='lat' dir='ltr'>TheOphilus,</span> <span class='ocrx_word' id='word_1_398' title='bbox 2537 1904 2737 1975; x_wconf 86' lang='lat' dir='ltr'>itaque</span> <span class='ocrx_word' id='word_1_399' title='bbox 2769 1903 2820 1958; x_wconf 90' lang='lat' dir='ltr'>is</span> <span class='ocrx_word' id='word_1_400' title='bbox 2852 1904 2981 1958; x_wconf 79' lang='lat' dir='ltr'>fieri</span> <span class='ocrx_word' id='word_1_401' title='bbox 3006 1903 3197 1975; x_wconf 88' lang='lat' dir='ltr'>jubet.</span> <span class='ocrx_word' id='word_1_402' title='bbox 3222 1905 3292 1958; x_wconf 89' lang='lat' dir='ltr'>Et</span> <span class='ocrx_word' id='word_1_403' title='bbox 3324 1903 3578 1958; x_wconf 88' lang='lat' dir='ltr'>Basilius</span> <span class='ocrx_word' id='word_1_404' title='bbox 3603 1902 3784 1958; x_wconf 89' lang='lat' dir='ltr'>soler-</span> 
     </span>
    </p>
   </div>
   <div class='ocr_carea' id='block_1_58' title="bbox 2124 1994 3777 2065">
    <p class='ocr_par' dir='ltr' id='par_1_58' title="bbox 2124 1994 3777 2065">
     <span class='ocr_line' id='line_1_58' title="bbox 2124 1994 3777 2065; baseline -0.001 -16"><span class='ocrx_word' id='word_1_405' title='bbox 2124 1999 2215 2049; x_wconf 90' lang='lat' dir='ltr'>ter</span> <span class='ocrx_word' id='word_1_406' title='bbox 2239 2010 2345 2049; x_wconf 91' lang='lat' dir='ltr'>suo</span> <span class='ocrx_word' id='word_1_407' title='bbox 2379 2010 2529 2064; x_wconf 91' lang='lat' dir='ltr'>equo</span> <span class='ocrx_word' id='word_1_408' title='bbox 2563 1994 2940 2065; x_wconf 88' lang='lat' dir='ltr'>imperatoris</span> <span class='ocrx_word' id='word_1_409' title='bbox 2985 2009 3205 2065; x_wconf 88' lang='lat' dir='ltr'>equum</span> <span class='ocrx_word' id='word_1_410' title='bbox 3256 1998 3563 2049; x_wconf 89' lang='lat' dir='ltr'>assecutus</span> <span class='ocrx_word' id='word_1_411' title='bbox 3594 2009 3627 2047; x_wconf 91' lang='lat' dir='ltr'>a</span> <span class='ocrx_word' id='word_1_412' title='bbox 3670 2009 3777 2047; x_wconf 88' lang='lat' dir='ltr'>suo</span> 
     </span>
    </p>
   </div>
   <div class='ocr_carea' id='block_1_59' title="bbox 2125 2084 3778 2155">
    <p class='ocr_par' dir='ltr' id='par_1_59' title="bbox 2125 2084 3778 2155">
     <span class='ocr_line' id='line_1_59' title="bbox 2125 2084 3778 2155; baseline 0 -16"><span class='ocrx_word' id='word_1_413' title='bbox 2125 2084 2323 2139; x_wconf 91' lang='lat' dir='ltr'>desilit</span> <span class='ocrx_word' id='word_1_414' title='bbox 2379 2084 2560 2155; x_wconf 89' lang='lat' dir='ltr'>inque</span> <span class='ocrx_word' id='word_1_415' title='bbox 2617 2084 2995 2155; x_wconf 88' lang='lat' dir='ltr'>imperatoris</span> <span class='ocrx_word' id='word_1_416' title='bbox 3053 2101 3271 2155; x_wconf 90' lang='lat' dir='ltr'>equum</span> <span class='ocrx_word' id='word_1_417' title='bbox 3313 2084 3530 2154; x_wconf 89' lang='lat' dir='ltr'>evadit,</span> <span class='ocrx_word' id='word_1_418' title='bbox 3562 2098 3778 2155; x_wconf 83' lang='lat' dir='ltr'>magna</span> 
     </span>
    </p>
   </div>
   <div class='ocr_carea' id='block_1_60' title="bbox 2123 2173 3776 2246">
    <p class='ocr_par' dir='ltr' id='par_1_60' title="bbox 2123 2173 3776 2246">
     <span class='ocr_line' id='line_1_60' title="bbox 2123 2173 3776 2246; baseline -0.001 -17"><span class='ocrx_word' id='word_1_419' title='bbox 2123 2173 2394 2229; x_wconf 92' lang='lat' dir='ltr'>omnium</span> <span class='ocrx_word' id='word_1_420' title='bbox 2427 2175 2529 2246; x_wconf 92' lang='lat' dir='ltr'>qui</span> <span class='ocrx_word' id='word_1_421' title='bbox 2564 2174 2912 2245; x_wconf 86' lang='lat' dir='ltr'>spectabant</span> <span class='ocrx_word' id='word_1_422' title='bbox 2940 2192 3078 2230; x_wconf 89' lang='lat' dir='ltr'>cum</span> <span class='ocrx_word' id='word_1_423' title='bbox 3120 2175 3534 2230; x_wconf 86' lang='lat' dir='ltr'>admiratione.</span> <span class='ocrx_word' id='word_1_424' title='bbox 3585 2176 3776 2245; x_wconf 83' lang='lat' dir='ltr'>Atque</span> 
     </span>
    </p>
   </div>
   <div class='ocr_carea' id='block_1_61' title="bbox 2122 2264 3778 2335">
    <p class='ocr_par' dir='ltr' id='par_1_61' title="bbox 2122 2264 3778 2335">
     <span class='ocr_line' id='line_1_61' title="bbox 2122 2264 3778 2335; baseline -0.001 -16"><span class='ocrx_word' id='word_1_425' title='bbox 2122 2264 2471 2335; x_wconf 89' lang='lat' dir='ltr'>imperatior</span> <span class='ocrx_word' id='word_1_426' title='bbox 2501 2265 2678 2319; x_wconf 88' lang='lat' dir='ltr'>etiam</span> <span class='ocrx_word' id='word_1_427' title='bbox 2711 2264 2841 2335; x_wconf 89' lang='lat' dir='ltr'>ejus</span> <span class='ocrx_word' id='word_1_428' title='bbox 2866 2281 2998 2319; x_wconf 90' lang='lat' dir='ltr'>cum</span> <span class='ocrx_word' id='word_1_429' title='bbox 3020 2264 3371 2319; x_wconf 90' lang='lat' dir='ltr'>fortitudine</span> <span class='ocrx_word' id='word_1_430' title='bbox 3400 2264 3778 2335; x_wconf 88' lang='lat' dir='ltr'>prudentiam</span> 
     </span>
    </p>
   </div>
   <div class='ocr_carea' id='block_1_62' title="bbox 2123 2353 3781 2427">
    <p class='ocr_par' dir='ltr' id='par_1_62' title="bbox 2123 2353 3781 2427">
     <span class='ocr_line' id='line_1_62' title="bbox 2123 2353 3781 2427; baseline -0.001 -18"><span class='ocrx_word' id='word_1_431' title='bbox 2123 2353 2437 2419; x_wconf 82' lang='lat' dir='ltr'>miratus,a</span> <span class='ocrx_word' id='word_1_432' title='bbox 2456 2354 2855 2427; x_wconf 85' lang='lat' dir='ltr'>Theophilitze</span> <span class='ocrx_word' id='word_1_433' title='bbox 2881 2355 3149 2410; x_wconf 86' lang='lat' dir='ltr'>avulsum</span> <span class='ocrx_word' id='word_1_434' title='bbox 3182 2355 3339 2409; x_wconf 87' lang='lat' dir='ltr'>inter</span> <span class='ocrx_word' id='word_1_435' title='bbox 3375 2371 3473 2409; x_wconf 89' lang='lat' dir='ltr'>sus</span> <span class='ocrx_word' id='word_1_436' title='bbox 3497 2358 3781 2408; x_wconf 87' lang='lat' dir='ltr'>stratores</span> 
     </span>
    </p>
   </div>
   <div class='ocr_carea' id='block_1_63' title="bbox 2122 2442 3782 2515">
    <p class='ocr_par' dir='ltr' id='par_1_63' title="bbox 2122 2442 3782 2515">
     <span class='ocr_line' id='line_1_63' title="bbox 2122 2442 3782 2515; baseline -0.001 -18"><span class='ocrx_word' id='word_1_437' title='bbox 2122 2444 2367 2514; x_wconf 86' lang='lat' dir='ltr'>recepit,</span> <span class='ocrx_word' id='word_1_438' title='bbox 2385 2460 2807 2515; x_wconf 89' lang='lat' dir='ltr'>summumque</span> <span class='ocrx_word' id='word_1_439' title='bbox 2820 2461 3022 2499; x_wconf 88' lang='lat' dir='ltr'>amore</span> <span class='ocrx_word' id='word_1_440' title='bbox 3034 2450 3383 2515; x_wconf 88' lang='lat' dir='ltr'>prosecutus</span> <span class='ocrx_word' id='word_1_441' title='bbox 3405 2460 3472 2499; x_wconf 87' lang='lat' dir='ltr'>ac</span> <span class='ocrx_word' id='word_1_442' title='bbox 3492 2442 3782 2515; x_wconf 88' lang='lat' dir='ltr'>paulatim</span> 
     </span>
    </p>
   </div>
   <div class='ocr_carea' id='block_1_64' title="bbox 2124 2534 3778 2606">
    <p class='ocr_par' dir='ltr' id='par_1_64' title="bbox 2124 2534 3778 2606">
     <span class='ocr_line' id='line_1_64' title="bbox 2124 2534 3778 2606; baseline -0.001 -17"><span class='ocrx_word' id='word_1_443' title='bbox 2124 2535 2381 2589; x_wconf 85' lang='lat' dir='ltr'>evehens</span> <span class='ocrx_word' id='word_1_444' title='bbox 2401 2538 2894 2606; x_wconf 86' lang='lat' dir='ltr'>protostratorem</span> <span class='ocrx_word' id='word_1_445' title='bbox 2919 2534 3135 2589; x_wconf 89' lang='lat' dir='ltr'>deinde</span> <span class='ocrx_word' id='word_1_446' title='bbox 3156 2535 3636 2590; x_wconf 88' lang='lat' dir='ltr'>constituit.Cum</span> <span class='ocrx_word' id='word_1_447' title='bbox 3669 2549 3778 2588; x_wconf 90' lang='lat' dir='ltr'>au-</span> 
     </span>
    </p>
   </div>
   <div class='ocr_carea' id='block_1_65' title="bbox 2124 2623 3779 2696">
    <p class='ocr_par' dir='ltr' id='par_1_65' title="bbox 2124 2623 3779 2696">
     <span class='ocr_line' id='line_1_65' title="bbox 2124 2623 3779 2696; baseline 0.001 -19"><span class='ocrx_word' id='word_1_448' title='bbox 2124 2628 2244 2677; x_wconf 87' lang='lat' dir='ltr'>tem</span> <span class='ocrx_word' id='word_1_449' title='bbox 2275 2624 2600 2695; x_wconf 86' lang='lat' dir='ltr'>aliquando</span> <span class='ocrx_word' id='word_1_450' title='bbox 2634 2625 2957 2695; x_wconf 90' lang='lat' dir='ltr'>imperator</span> <span class='ocrx_word' id='word_1_451' title='bbox 2979 2624 3136 2696; x_wconf 91' lang='lat' dir='ltr'>apud</span> <span class='ocrx_word' id='word_1_452' title='bbox 3160 2623 3561 2694; x_wconf 75' lang='lat' dir='ltr'>Pliilopatium</span> <span class='ocrx_word' id='word_1_453' title='bbox 3597 2639 3779 2678; x_wconf 82' lang='lat' dir='ltr'>vena-</span> 
     </span>
    </p>
   </div>
   <div class='ocr_carea' id='block_1_66' title="bbox 2123 2713 3775 2785">
    <p class='ocr_par' dir='ltr' id='par_1_66' title="bbox 2123 2713 3775 2785">
     <span class='ocr_line' id='line_1_66' title="bbox 2123 2713 3775 2785; baseline 0.001 -19"><span class='ocrx_word' id='word_1_454' title='bbox 2123 2719 2308 2780; x_wconf 88' lang='lat' dir='ltr'>retur,</span> <span class='ocrx_word' id='word_1_455' title='bbox 2341 2719 2400 2768; x_wconf 91' lang='lat' dir='ltr'>et</span> <span class='ocrx_word' id='word_1_456' title='bbox 2437 2720 2574 2769; x_wconf 90' lang='lat' dir='ltr'>ante</span> <span class='ocrx_word' id='word_1_457' title='bbox 2607 2731 2742 2769; x_wconf 89' lang='lat' dir='ltr'>eum</span> <span class='ocrx_word' id='word_1_458' title='bbox 2799 2731 2982 2785; x_wconf 89' lang='lat' dir='ltr'>eques</span> <span class='ocrx_word' id='word_1_459' title='bbox 3013 2715 3125 2769; x_wconf 90' lang='lat' dir='ltr'>iret</span> <span class='ocrx_word' id='word_1_460' title='bbox 3156 2719 3545 2785; x_wconf 88' lang='lat' dir='ltr'>protostrator</span> <span class='ocrx_word' id='word_1_461' title='bbox 3574 2713 3775 2767; x_wconf 89' lang='lat' dir='ltr'>ferens</span> 
     </span>
    </p>
   </div>
   <div class='ocr_carea' id='block_1_67' title="bbox 2124 2802 3777 2875">
    <p class='ocr_par' dir='ltr' id='par_1_67' title="bbox 2124 2802 3777 2875">
     <span class='ocr_line' id='line_1_67' title="bbox 2124 2802 3777 2875; baseline 0.001 -20"><span class='ocrx_word' id='word_1_462' title='bbox 2124 2802 2184 2856; x_wconf 91' lang='lat' dir='ltr'>in</span> <span class='ocrx_word' id='word_1_463' title='bbox 2207 2802 2403 2857; x_wconf 88' lang='lat' dir='ltr'>balteo</span> <span class='ocrx_word' id='word_1_464' title='bbox 2453 2802 2801 2858; x_wconf 88' lang='lat' dir='ltr'>barducium</span> <span class='ocrx_word' id='word_1_465' title='bbox 2858 2803 3255 2875; x_wconf 84' lang='lat' dir='ltr'>imperatoris,</span> <span class='ocrx_word' id='word_1_466' title='bbox 3306 2802 3685 2872; x_wconf 89' lang='lat' dir='ltr'>tumultuque</span> <span class='ocrx_word' id='word_1_467' title='bbox 3717 2807 3777 2857; x_wconf 88' lang='lat' dir='ltr'>et</span> 
     </span>
    </p>
   </div>
   <div class='ocr_carea' id='block_1_68' title="bbox 2124 2891 3779 2965">
    <p class='ocr_par' dir='ltr' id='par_1_68' title="bbox 2124 2891 3779 2965">
     <span class='ocr_line' id='line_1_68' title="bbox 2124 2891 3779 2965; baseline 0 -19"><span class='ocrx_word' id='word_1_468' title='bbox 2124 2893 2383 2947; x_wconf 89' lang='lat' dir='ltr'>clamore</span> <span class='ocrx_word' id='word_1_469' title='bbox 2414 2910 2449 2948; x_wconf 88' lang='lat' dir='ltr'>a</span> <span class='ocrx_word' id='word_1_470' title='bbox 2493 2893 2649 2948; x_wconf 78' lang='lat'><strong>996</strong></span> <span class='ocrx_word' id='word_1_471' title='bbox 2693 2893 2868 2948; x_wconf 84' lang='lat' dir='ltr'>turba</span> <span class='ocrx_word' id='word_1_472' title='bbox 2919 2893 3076 2948; x_wconf 89' lang='lat' dir='ltr'>edito</span> <span class='ocrx_word' id='word_1_473' title='bbox 3135 2893 3310 2965; x_wconf 92' lang='lat' dir='ltr'>lupus</span> <span class='ocrx_word' id='word_1_474' title='bbox 3342 2893 3605 2965; x_wconf 89' lang='lat' dir='ltr'>ingense</span> <span class='ocrx_word' id='word_1_475' title='bbox 3629 2891 3779 2946; x_wconf 80' lang='lat' dir='ltr'>silva</span> 
     </span>
    </p>
   </div>
   <div class='ocr_carea' id='block_1_69' title="bbox 2124 2981 3776 3053">
    <p class='ocr_par' dir='ltr' id='par_1_69' title="bbox 2124 2981 3776 3053">
     <span class='ocr_line' id='line_1_69' title="bbox 2124 2981 3776 3053; baseline 0 -18"><span class='ocrx_word' id='word_1_476' title='bbox 2124 2981 2538 3053; x_wconf 89' lang='lat' dir='ltr'>procurrisset,</span> <span class='ocrx_word' id='word_1_477' title='bbox 2584 2982 2837 3037; x_wconf 90' lang='lat' dir='ltr'>Basilius</span> <span class='ocrx_word' id='word_1_478' title='bbox 2886 2999 3023 3038; x_wconf 90' lang='lat' dir='ltr'>eum</span> <span class='ocrx_word' id='word_1_479' title='bbox 3055 2983 3362 3037; x_wconf 87' lang='lat' dir='ltr'>insecutus</span> <span class='ocrx_word' id='word_1_480' title='bbox 3392 2981 3776 3053; x_wconf 88' lang='lat' dir='ltr'>imperatorio</span> 
     </span>
    </p>
   </div>
   <div class='ocr_carea' id='block_1_70' title="bbox 2124 3069 3780 3143">
    <p class='ocr_par' dir='ltr' id='par_1_70' title="bbox 2124 3069 3780 3143">
     <span class='ocr_line' id='line_1_70' title="bbox 2124 3069 3780 3143; baseline -0.001 -18"><span class='ocrx_word' id='word_1_481' title='bbox 2124 3070 2405 3126; x_wconf 86' lang='lat' dir='ltr'>barducio</span> <span class='ocrx_word' id='word_1_482' title='bbox 2438 3072 2628 3142; x_wconf 90' lang='lat' dir='ltr'>petiit,</span> <span class='ocrx_word' id='word_1_483' title='bbox 2661 3076 2837 3141; x_wconf 89' lang='lat' dir='ltr'>atque</span> <span class='ocrx_word' id='word_1_484' title='bbox 2870 3088 2939 3126; x_wconf 92' lang='lat' dir='ltr'>eo</span> <span class='ocrx_word' id='word_1_485' title='bbox 2982 3076 3159 3142; x_wconf 80' lang='lat' dir='ltr'>caput</span> <span class='ocrx_word' id='word_1_486' title='bbox 3190 3072 3318 3143; x_wconf 90' lang='lat' dir='ltr'>ejus</span> <span class='ocrx_word' id='word_1_487' title='bbox 3359 3070 3620 3126; x_wconf 88' lang='lat' dir='ltr'>medium</span> <span class='ocrx_word' id='word_1_488' title='bbox 3656 3069 3780 3124; x_wconf 90' lang='lat' dir='ltr'>dis-</span> 
     </span>
    </p>
   </div>
   <div class='ocr_carea' id='block_1_71' title="bbox 2124 3159 3774 3231">
    <p class='ocr_par' dir='ltr' id='par_1_71' title="bbox 2124 3159 3774 3231">
     <span class='ocr_line' id='line_1_71' title="bbox 2124 3159 3774 3231; baseline -0.001 -17"><span class='ocrx_word' id='word_1_489' title='bbox 2124 3160 2331 3215; x_wconf 90' lang='lat' dir='ltr'>secuit.</span> <span class='ocrx_word' id='word_1_490' title='bbox 2347 3159 2662 3230; x_wconf 88' lang='lat' dir='ltr'>Equitabat</span> <span class='ocrx_word' id='word_1_491' title='bbox 2688 3165 2818 3231; x_wconf 89' lang='lat' dir='ltr'>post</span> <span class='ocrx_word' id='word_1_492' title='bbox 2835 3161 3254 3231; x_wconf 89' lang='lat' dir='ltr'>imperatorem</span> <span class='ocrx_word' id='word_1_493' title='bbox 3271 3159 3343 3214; x_wconf 88' lang='lat' dir='ltr'>de</span> <span class='ocrx_word' id='word_1_494' title='bbox 3369 3175 3535 3213; x_wconf 89' lang='lat' dir='ltr'>more</span> <span class='ocrx_word' id='word_1_495' title='bbox 3557 3160 3774 3225; x_wconf 62' lang='lat' dir='ltr'>Caesar,</span> 
     </span>
    </p>
   </div>
   <div class='ocr_carea' id='block_1_72' title="bbox 2123 3249 3774 3322">
    <p class='ocr_par' dir='ltr' id='par_1_72' title="bbox 2123 3249 3774 3322">
     <span class='ocr_line' id='line_1_72' title="bbox 2123 3249 3774 3322; baseline -0.001 -18"><span class='ocrx_word' id='word_1_496' title='bbox 2123 3251 2224 3322; x_wconf 92' lang='lat' dir='ltr'>qui</span> <span class='ocrx_word' id='word_1_497' title='bbox 2248 3266 2381 3305; x_wconf 89' lang='lat' dir='ltr'>cum</span> <span class='ocrx_word' id='word_1_498' title='bbox 2397 3252 2506 3305; x_wconf 93' lang='lat' dir='ltr'>hoc</span> <span class='ocrx_word' id='word_1_499' title='bbox 2536 3250 2876 3319; x_wconf 87' lang='lat' dir='ltr'>vidisset,ad</span> <span class='ocrx_word' id='word_1_500' title='bbox 2895 3249 3280 3305; x_wconf 85' lang='lat' dir='ltr'>familiarium</span> <span class='ocrx_word' id='word_1_501' title='bbox 3305 3266 3547 3305; x_wconf 88' lang='lat' dir='ltr'>suorum</span> <span class='ocrx_word' id='word_1_502' title='bbox 3567 3265 3774 3320; x_wconf 90' lang='lat' dir='ltr'>quem-</span> 
     </span>
    </p>
   </div>
   <div class='ocr_carea' id='block_1_73' title="bbox 2124 3339 3771 3407">
    <p class='ocr_par' dir='ltr' id='par_1_73' title="bbox 2124 3339 3771 3407">
     <span class='ocr_line' id='line_1_73' title="bbox 2124 3339 3771 3407; baseline -0.001 -12"><span class='ocrx_word' id='word_1_503' title='bbox 2124 3341 2260 3395; x_wconf 90' lang='lat' dir='ltr'>dam</span> <span class='ocrx_word' id='word_1_504' title='bbox 2332 3340 2562 3395; x_wconf 87' lang='lat' dir='ltr'>occulte</span> <span class='ocrx_word' id='word_1_505' title='bbox 2621 3340 2839 3394; x_wconf 88' lang='lat' dir='ltr'>dixisse</span> <span class='ocrx_word' id='word_1_506' title='bbox 2887 3339 3118 3394; x_wconf 85' lang='lat' dir='ltr'>fertur:</span> <span class='ocrx_word' id='word_1_507' title='bbox 3156 3340 3313 3394; x_wconf 91' lang='lat' dir='ltr'>Heus</span> <span class='ocrx_word' id='word_1_508' title='bbox 3368 3344 3452 3407; x_wconf 93' lang='lat' dir='ltr'>tu,</span> <span class='ocrx_word' id='word_1_509' title='bbox 3495 3339 3771 3393; x_wconf 86' lang='lat' dir='ltr'>existimo</span> 
     </span>
    </p>
   </div>
   <div class='ocr_carea' id='block_1_74' title="bbox 2053 3399 3769 3500">
    <p class='ocr_par' dir='ltr' id='par_1_74' title="bbox 2053 3399 3769 3500">
     <span class='ocr_line' id='line_1_74' title="bbox 2053 3399 3769 3500; baseline -0.001 -16"><span class='ocrx_word' id='word_1_510' title='bbox 2053 3399 2094 3464; x_wconf 68' lang='grc' dir='ltr'>Ο</span> <span class='ocrx_word' id='word_1_511' title='bbox 2124 3435 2386 3484; x_wconf 87' lang='lat' dir='ltr'>nostram</span> <span class='ocrx_word' id='word_1_512' title='bbox 2416 3429 2706 3484; x_wconf 87' lang='lat' dir='ltr'>familiam</span> <span class='ocrx_word' id='word_1_513' title='bbox 2728 3430 2800 3484; x_wconf 89' lang='lat' dir='ltr'>ab</span> <span class='ocrx_word' id='word_1_514' title='bbox 2830 3430 2941 3484; x_wconf 89' lang='lat' dir='ltr'>hoc</span> <span class='ocrx_word' id='word_1_515' title='bbox 2974 3429 3215 3484; x_wconf 89' lang='lat' dir='ltr'>homine</span> <span class='ocrx_word' id='word_1_516' title='bbox 3257 3430 3640 3500; x_wconf 84' lang='lat' dir='ltr'>exstirpatam</span> <span class='ocrx_word' id='word_1_517' title='bbox 3676 3429 3769 3483; x_wconf 87' lang='lat' dir='ltr'>iri.</span> 
     </span>
    </p>
   </div>
   <div class='ocr_carea' id='block_1_75' title="bbox 2121 3519 3774 3591">
    <p class='ocr_par' dir='ltr' id='par_1_75' title="bbox 2121 3519 3774 3591">
     <span class='ocr_line' id='line_1_75' title="bbox 2121 3519 3774 3591; baseline -0.001 -17"><span class='ocrx_word' id='word_1_518' title='bbox 2121 3520 2281 3574; x_wconf 90' lang='lat' dir='ltr'>ldem</span> <span class='ocrx_word' id='word_1_519' title='bbox 2314 3519 2630 3591; x_wconf 89' lang='lat' dir='ltr'>perhibent</span> <span class='ocrx_word' id='word_1_520' title='bbox 2651 3520 2850 3575; x_wconf 69' lang='lat' dir='ltr'>Bardae</span> <span class='ocrx_word' id='word_1_521' title='bbox 2871 3519 3213 3590; x_wconf 62' lang='lat' dir='ltr'>praedixisse</span> <span class='ocrx_word' id='word_1_522' title='bbox 3238 3521 3491 3574; x_wconf 88' lang='lat' dir='ltr'>Leonem</span> <span class='ocrx_word' id='word_1_523' title='bbox 3510 3519 3774 3590; x_wconf 87' lang='lat' dir='ltr'>philoso-</span> 
     </span>
    </p>
   </div>
   <div class='ocr_carea' id='block_1_76' title="bbox 2122 3609 3773 3682">
    <p class='ocr_par' dir='ltr' id='par_1_76' title="bbox 2122 3609 3773 3682">
     <span class='ocr_line' id='line_1_76' title="bbox 2122 3609 3773 3682; baseline 0.001 -18"><span class='ocrx_word' id='word_1_524' title='bbox 2122 3612 2328 3682; x_wconf 86' lang='lat' dir='ltr'>phum,</span> <span class='ocrx_word' id='word_1_525' title='bbox 2354 3610 2454 3679; x_wconf 89' lang='lat' dir='ltr'>qui</span> <span class='ocrx_word' id='word_1_526' title='bbox 2488 3610 2768 3665; x_wconf 87' lang='lat' dir='ltr'>Basilium</span> <span class='ocrx_word' id='word_1_527' title='bbox 2804 3610 2987 3678; x_wconf 83' lang='lat' dir='ltr'>signis</span> <span class='ocrx_word' id='word_1_528' title='bbox 3019 3610 3373 3680; x_wconf 89' lang='lat' dir='ltr'>quibusdam</span> <span class='ocrx_word' id='word_1_529' title='bbox 3406 3609 3773 3676; x_wconf 88' lang='lat' dir='ltr'>describens,</span> 
     </span>
    </p>
   </div>
   <div class='ocr_carea' id='block_1_77' title="bbox 2120 3699 3775 3771">
    <p class='ocr_par' dir='ltr' id='par_1_77' title="bbox 2120 3699 3775 3771">
     <span class='ocr_line' id='line_1_77' title="bbox 2120 3699 3775 3771; baseline -0.001 -16"><span class='ocrx_word' id='word_1_530' title='bbox 2120 3700 2438 3755; x_wconf 89' lang='lat' dir='ltr'>nominans</span> <span class='ocrx_word' id='word_1_531' title='bbox 2488 3700 2667 3754; x_wconf 89' lang='lat' dir='ltr'>etiam</span> <span class='ocrx_word' id='word_1_532' title='bbox 2722 3705 2782 3753; x_wconf 95' lang='lat' dir='ltr'>et</span> <span class='ocrx_word' id='word_1_533' title='bbox 2822 3699 3004 3771; x_wconf 84' lang='lat' dir='ltr'>digito</span> <span class='ocrx_word' id='word_1_534' title='bbox 3063 3700 3502 3769; x_wconf 85' lang='lat' dir='ltr'>demonstrans,</span> <span class='ocrx_word' id='word_1_535' title='bbox 3558 3699 3775 3754; x_wconf 85' lang='lat' dir='ltr'>dixerit</span> 
     </span>
    </p>
   </div>
   <div class='ocr_carea' id='block_1_78' title="bbox 2118 3789 3771 3861">
    <p class='ocr_par' dir='ltr' id='par_1_78' title="bbox 2118 3789 3771 3861">
     <span class='ocr_line' id='line_1_78' title="bbox 2118 3789 3771 3861; baseline -0.002 -15"><span class='ocrx_word' id='word_1_536' title='bbox 2118 3790 2409 3846; x_wconf 60' lang='lat' dir='ltr'>universa:</span> <span class='ocrx_word' id='word_1_537' title='bbox 2442 3790 2817 3861; x_wconf 89' lang='lat' dir='ltr'>imperatoris</span> <span class='ocrx_word' id='word_1_538' title='bbox 2873 3789 3115 3845; x_wconf 65' lang='lat' dir='ltr'>familia)</span> <span class='ocrx_word' id='word_1_539' title='bbox 3148 3790 3326 3844; x_wconf 84' lang='lat' dir='ltr'>exitio</span> <span class='ocrx_word' id='word_1_540' title='bbox 3367 3790 3654 3845; x_wconf 88' lang='lat' dir='ltr'>futurum.</span> <span class='ocrx_word' id='word_1_541' title='bbox 3686 3791 3771 3844; x_wconf 87' lang='lat' dir='ltr'><strong>Ex</strong></span> 
     </span>
    </p>
   </div>
   <div class='ocr_carea' id='block_1_79' title="bbox 2119 3878 3771 3951">
    <p class='ocr_par' dir='ltr' id='par_1_79' title="bbox 2119 3878 3771 3951">
     <span class='ocr_line' id='line_1_79' title="bbox 2119 3878 3771 3951; baseline 0 -18"><span class='ocrx_word' id='word_1_542' title='bbox 2119 3896 2187 3935; x_wconf 94' lang='lat' dir='ltr'>eo</span> <span class='ocrx_word' id='word_1_543' title='bbox 2221 3880 2415 3936; x_wconf 84' lang='lat' dir='ltr'>Caesar</span> <span class='ocrx_word' id='word_1_544' title='bbox 2444 3895 2680 3951; x_wconf 90' lang='lat' dir='ltr'>semper</span> <span class='ocrx_word' id='word_1_545' title='bbox 2712 3878 2929 3936; x_wconf 90' lang='lat' dir='ltr'>Basilio</span> <span class='ocrx_word' id='word_1_546' title='bbox 2990 3879 3239 3934; x_wconf 87' lang='lat' dir='ltr'>insidias</span> <span class='ocrx_word' id='word_1_547' title='bbox 3299 3880 3535 3945; x_wconf 88' lang='lat' dir='ltr'>struxit,</span> <span class='ocrx_word' id='word_1_548' title='bbox 3586 3879 3771 3933; x_wconf 86' lang='lat' dir='ltr'>irritis</span> 
     </span>
    </p>
   </div>
   <div class='ocr_carea' id='block_1_80' title="bbox 2117 3967 3769 4038">
    <p class='ocr_par' dir='ltr' id='par_1_80' title="bbox 2117 3967 3769 4038">
     <span class='ocr_line' id='line_1_80' title="bbox 2117 3967 3769 4038; baseline -0.001 -15"><span class='ocrx_word' id='word_1_549' title='bbox 2117 3976 2404 4025; x_wconf 88' lang='lat' dir='ltr'>conatus:</span> <span class='ocrx_word' id='word_1_550' title='bbox 2438 3967 2863 4023; x_wconf 80' lang='lat' dir='ltr'>difficillimum</span> <span class='ocrx_word' id='word_1_551' title='bbox 2920 3967 3140 4038; x_wconf 88' lang='lat' dir='ltr'>quippe</span> <span class='ocrx_word' id='word_1_552' title='bbox 3199 3971 3289 4021; x_wconf 88' lang='lat' dir='ltr'>est</span> <span class='ocrx_word' id='word_1_553' title='bbox 3337 3968 3395 4021; x_wconf 93' lang='lat' dir='ltr'>id</span> <span class='ocrx_word' id='word_1_554' title='bbox 3428 3967 3769 4022; x_wconf 87' lang='lat' dir='ltr'>rescindere</span> 
     </span>
    </p>
   </div>
   <div class='ocr_carea' id='block_1_81' title="bbox 2117 4056 3377 4129">
    <p class='ocr_par' dir='ltr' id='par_1_81' title="bbox 2117 4056 3377 4129">
     <span class='ocr_line' id='line_1_81' title="bbox 2117 4056 3377 4129; baseline -0.002 -16"><span class='ocrx_word' id='word_1_555' title='bbox 2117 4058 2277 4129; x_wconf 88' lang='lat' dir='ltr'>quod</span> <span class='ocrx_word' id='word_1_556' title='bbox 2309 4059 2512 4114; x_wconf 90' lang='lat' dir='ltr'>divina</span> <span class='ocrx_word' id='word_1_557' title='bbox 2542 4057 2725 4113; x_wconf 89' lang='lat' dir='ltr'>semel</span> <span class='ocrx_word' id='word_1_558' title='bbox 2760 4057 2963 4112; x_wconf 85' lang='lat' dir='ltr'>statuit</span> <span class='ocrx_word' id='word_1_559' title='bbox 2986 4056 3377 4127; x_wconf 86' lang='lat' dir='ltr'>providentia.</span> 
     </span>
    </p>
   </div>
   <div class='ocr_carea' id='block_1_82' title="bbox 347 4135 3777 4221">
    <p class='ocr_par' dir='ltr' id='par_1_82' title="bbox 347 4135 3777 4221">
     <span class='ocr_line' id='line_1_82' title="bbox 347 4135 3777 4221; baseline 0.001 -28"><span class='ocrx_word' id='word_1_560' title='bbox 347 4135 516 4212; x_wconf 77' lang='grc' dir='ltr'>ἄρδην</span> <span class='ocrx_word' id='word_1_561' title='bbox 551 4146 649 4208; x_wconf 76' lang='grc' dir='ltr'>τῆς</span> <span class='ocrx_word' id='word_1_562' title='bbox 681 4141 842 4211; x_wconf 76' lang='grc' dir='ltr'>ἡμῶν</span> <span class='ocrx_word' id='word_1_563' title='bbox 874 4144 1083 4214; x_wconf 82' lang='grc' dir='ltr'>γενεᾶς.</span> <span class='ocrx_word' id='word_1_564' title='bbox 1121 4165 1148 4192; x_wconf 86' lang='grc'><strong>››</strong></span> <span class='ocrx_word' id='word_1_565' title='bbox 1183 4140 1321 4195; x_wconf 81' lang='grc' dir='ltr'>Φασὶ</span> <span class='ocrx_word' id='word_1_566' title='bbox 1352 4137 1398 4195; x_wconf 83' lang='grc' dir='ltr'>δ’</span> <span class='ocrx_word' id='word_1_567' title='bbox 1433 4139 1513 4195; x_wconf 75' lang='grc' dir='ltr'>ὅτι</span> <span class='ocrx_word' id='word_1_568' title='bbox 1555 4143 1645 4196; x_wconf 84' lang='grc' dir='ltr'>καὶ</span> <span class='ocrx_word' id='word_1_569' title='bbox 1688 4142 1837 4198; x_wconf 76' lang='grc' dir='ltr'>Λέων</span> <span class='ocrx_word' id='word_1_570' title='bbox 1897 4143 2046 4217; x_wconf 82' lang='grc' dir='ltr'>αὐτῷ</span> <span class='ocrx_word' id='word_1_571' title='bbox 2102 4150 2265 4201; x_wconf 79' lang='grc' dir='ltr'>τοῦτο</span> <span class='ocrx_word' id='word_1_572' title='bbox 2322 4146 2704 4220; x_wconf 71' lang='grc' dir='ltr'>προεθέσπισεν</span> <span class='ocrx_word' id='word_1_573' title='bbox 2756 4146 2784 4200; x_wconf 86' lang='lat'>6</span> <span class='ocrx_word' id='word_1_574' title='bbox 2840 4142 3162 4221; x_wconf 66' lang='grc' dir='ltr'>φιλόσοφος,</span> <span class='ocrx_word' id='word_1_575' title='bbox 3196 4144 3459 4216; x_wconf 79' lang='grc' dir='ltr'>ὀνομαστὶ</span> <span class='ocrx_word' id='word_1_576' title='bbox 3488 4145 3578 4199; x_wconf 85' lang='grc' dir='ltr'>τὸν</span> <span class='ocrx_word' id='word_1_577' title='bbox 3609 4142 3777 4218; x_wconf 78' lang='grc' dir='ltr'>ἄνδρα</span> 
     </span>
    </p>
   </div>
   <div class='ocr_carea' id='block_1_83' title="bbox 348 4225 3776 4308">
    <p class='ocr_par' dir='ltr' id='par_1_83' title="bbox 348 4225 3776 4308">
     <span class='ocr_line' id='line_1_83' title="bbox 348 4225 3776 4308; baseline 0.002 -28"><span class='ocrx_word' id='word_1_578' title='bbox 348 4225 584 4290; x_wconf 84' lang='grc' dir='ltr'>καλέσας</span> <span class='ocrx_word' id='word_1_579' title='bbox 614 4228 702 4281; x_wconf 83' lang='grc' dir='ltr'>καὶ</span> <span class='ocrx_word' id='word_1_580' title='bbox 731 4233 934 4300; x_wconf 86' lang='grc' dir='ltr'>σημεῖα</span> <span class='ocrx_word' id='word_1_581' title='bbox 966 4229 1249 4306; x_wconf 79' lang='grc' dir='ltr'>ὑποφήνας</span> <span class='ocrx_word' id='word_1_582' title='bbox 1279 4230 1395 4285; x_wconf 76' lang='grc' dir='ltr'>τινὰ</span> <span class='ocrx_word' id='word_1_583' title='bbox 1425 4231 1515 4284; x_wconf 77' lang='grc' dir='ltr'>καὶ</span> <span class='ocrx_word' id='word_1_584' title='bbox 1546 4234 1627 4303; x_wconf 81' lang='grc' dir='ltr'>τῷ</span> <span class='ocrx_word' id='word_1_585' title='bbox 1682 4227 1937 4304; x_wconf 79' lang='grc' dir='ltr'>δακτύλῳ</span> <span class='ocrx_word' id='word_1_586' title='bbox 1996 4230 2191 4304; x_wconf 77' lang='grc' dir='ltr'>δείξας,</span> <span class='ocrx_word' id='word_1_587' title='bbox 2253 4235 2340 4288; x_wconf 85' lang='grc' dir='ltr'>καὶ</span> <span class='ocrx_word' id='word_1_588' title='bbox 2398 4237 2588 4289; x_wconf 77' lang='grc' dir='ltr'>τοῦτον</span> <span class='ocrx_word' id='word_1_589' title='bbox 2618 4231 2827 4298; x_wconf 81' lang='grc' dir='ltr'>ἔσεσθαι</span> <span class='ocrx_word' id='word_1_590' title='bbox 2861 4233 3136 4308; x_wconf 87' lang='grc' dir='ltr'>προειπὼν</span> <span class='ocrx_word' id='word_1_591' title='bbox 3167 4240 3268 4302; x_wconf 83' lang='grc' dir='ltr'>τῆς</span> <span class='ocrx_word' id='word_1_592' title='bbox 3298 4233 3586 4305; x_wconf 80' lang='grc' dir='ltr'>συμπάσης</span> <span class='ocrx_word' id='word_1_593' title='bbox 3620 4233 3776 4305; x_wconf 84' lang='grc' dir='ltr'>ὑμῶν</span> 
     </span>
    </p>
   </div>
   <div class='ocr_carea' id='block_1_84' title="bbox 350 4315 3773 4399">
    <p class='ocr_par' dir='ltr' id='par_1_84' title="bbox 350 4315 3773 4399">
     <span class='ocr_line' id='line_1_84' title="bbox 350 4315 3773 4399; baseline 0.001 -29"><span class='ocrx_word' id='word_1_594' title='bbox 350 4316 506 4390; x_wconf 79' lang='grc' dir='ltr'>ὑμῶν</span> <span class='ocrx_word' id='word_1_595' title='bbox 535 4321 717 4393; x_wconf 75' lang='grc' dir='ltr'>γενεᾶς</span> <span class='ocrx_word' id='word_1_596' title='bbox 749 4317 841 4371; x_wconf 87' lang='grc' dir='ltr'>τὸν</span> <span class='ocrx_word' id='word_1_597' title='bbox 871 4315 1119 4392; x_wconf 82' lang='grc' dir='ltr'>ὄλεθρον.</span> <span class='ocrx_word' id='word_1_598' title='bbox 1153 4316 1504 4394; x_wconf 73' lang='grc' dir='ltr'>Ἐνηόρευσεν</span> <span class='ocrx_word' id='word_1_599' title='bbox 1535 4320 1627 4374; x_wconf 75' lang='grc' dir='ltr'>οὖν</span> <span class='ocrx_word' id='word_1_600' title='bbox 1668 4320 1749 4376; x_wconf 86' lang='grc' dir='ltr'>ἀεὶ</span> <span class='ocrx_word' id='word_1_601' title='bbox 1783 4322 1811 4376; x_wconf 87' lang='grc' dir='ltr'><strong>ὁ</strong></span> <span class='ocrx_word' id='word_1_602' title='bbox 1842 4326 2069 4396; x_wconf 74' lang='grc' dir='ltr'>Καῖσαρ,</span> <span class='ocrx_word' id='word_1_603' title='bbox 2108 4323 2235 4391; x_wconf 79' lang='grc' dir='ltr'>ἣνυε</span> <span class='ocrx_word' id='word_1_604' title='bbox 2294 4320 2352 4377; x_wconf 79' lang='grc' dir='ltr'>δὲ</span> <span class='ocrx_word' id='word_1_605' title='bbox 2392 4321 2569 4378; x_wconf 74' lang='grc' dir='ltr'>οὐδέν’</span> <span class='ocrx_word' id='word_1_606' title='bbox 2621 4326 2898 4399; x_wconf 78' lang='grc' dir='ltr'>ἀκυρῶσαι</span> <span class='ocrx_word' id='word_1_607' title='bbox 2958 4323 3059 4397; x_wconf 75' lang='grc' dir='ltr'>γάρ</span> <span class='ocrx_word' id='word_1_608' title='bbox 3121 4320 3485 4399; x_wconf 83' lang='grc' dir='ltr'>παγχάλεπον</span> <span class='ocrx_word' id='word_1_609' title='bbox 3537 4322 3606 4391; x_wconf 79' lang='grc' dir='ltr'>ἦν</span> <span class='ocrx_word' id='word_1_610' title='bbox 3638 4323 3773 4397; x_wconf 83' lang='grc' dir='ltr'>ὅπερ</span> 
     </span>
    </p>
   </div>
   <div class='ocr_carea' id='block_1_85' title="bbox 350 4401 1359 4480">
    <p class='ocr_par' dir='ltr' id='par_1_85' title="bbox 350 4401 1359 4480">
     <span class='ocr_line' id='line_1_85' title="bbox 350 4401 1359 4480; baseline 0.004 -22"><span class='ocrx_word' id='word_1_611' title='bbox 350 4401 488 4476; x_wconf 76' lang='grc' dir='ltr'>ἅπαξ</span> <span class='ocrx_word' id='word_1_612' title='bbox 515 4408 584 4477; x_wconf 75' lang='grc' dir='ltr'>τῇ</span> <span class='ocrx_word' id='word_1_613' title='bbox 622 4404 857 4479; x_wconf 80' lang='grc' dir='ltr'>Προνοίᾳ</span> <span class='ocrx_word' id='word_1_614' title='bbox 884 4407 1130 4480; x_wconf 72' lang='grc' dir='ltr'>γενέσθαι</span> <span class='ocrx_word' id='word_1_615' title='bbox 1162 4404 1359 4462; x_wconf 83' lang='grc' dir='ltr'>ἐδοκει.</span> 
     </span>
    </p>
   </div>
   <div class='ocr_carea' id='block_1_86' title="bbox 1565 4511 2553 4569">
    <p class='ocr_par' dir='ltr' id='par_1_86' title="bbox 1565 4511 2553 4569">
     <span class='ocr_line' id='line_1_86' title="bbox 1565 4511 2553 4569; baseline 0.004 -4"><span class='ocrx_word' id='word_1_616' title='bbox 1565 4511 1926 4565; x_wconf 79' lang='lat' dir='ltr'>XYLANDBI</span> <span class='ocrx_word' id='word_1_617' title='bbox 1964 4513 2051 4567; x_wconf 85' lang='lat' dir='ltr'><strong>ET</strong></span> <span class='ocrx_word' id='word_1_618' title='bbox 2080 4513 2293 4567; x_wconf 82' lang='lat' dir='ltr'><strong>GOARI</strong></span> <span class='ocrx_word' id='word_1_619' title='bbox 2332 4513 2553 4569; x_wconf 65' lang='lat' dir='ltr'>NOTAE.</span> 
     </span>
    </p>
   </div>
   <div class='ocr_carea' id='block_1_87' title="bbox 421 4603 2081 4680">
    <p class='ocr_par' dir='ltr' id='par_1_87' title="bbox 421 4603 2081 4680">
     <span class='ocr_line' id='line_1_87' title="bbox 421 4603 2081 4680; baseline 0.004 -24"><span class='ocrx_word' id='word_1_620' title='bbox 421 4604 535 4680; x_wconf 70' lang='lat'>(71)</span> <span class='ocrx_word' id='word_1_621' title='bbox 568 4603 810 4675; x_wconf 76' lang='lat' dir='ltr'>Sagitta,</span> <span class='ocrx_word' id='word_1_622' title='bbox 844 4611 1008 4680; x_wconf 76' lang='lat' dir='ltr'>puto,</span> <span class='ocrx_word' id='word_1_623' title='bbox 1032 4611 1136 4660; x_wconf 90' lang='lat' dir='ltr'>aut</span> <span class='ocrx_word' id='word_1_624' title='bbox 1154 4607 1384 4678; x_wconf 91' lang='lat' dir='ltr'>spiculo</span> <span class='ocrx_word' id='word_1_625' title='bbox 1413 4608 1650 4663; x_wconf 89' lang='lat' dir='ltr'>missili.</span> <span class='ocrx_word' id='word_1_626' title='bbox 1675 4610 1825 4663; x_wconf 89' lang='lat' dir='ltr'>Sane</span> <span class='ocrx_word' id='word_1_627' title='bbox 1846 4609 2003 4680; x_wconf 90' lang='lat' dir='ltr'>apud</span> <span class='ocrx_word' id='word_1_628' title='bbox 2037 4616 2081 4679; x_wconf 82' lang='lat' dir='ltr'>D</span> 
     </span>
    </p>
   </div>
   <div class='ocr_carea' id='block_1_88' title="bbox 348 4674 2003 4752">
    <p class='ocr_par' dir='ltr' id='par_1_88' title="bbox 348 4674 2003 4752">
     <span class='ocr_line' id='line_1_88' title="bbox 348 4674 2003 4752; baseline 0.004 -24"><span class='ocrx_word' id='word_1_629' title='bbox 348 4674 587 4752; x_wconf 82' lang='lat' dir='ltr'>Latinos</span> <span class='ocrx_word' id='word_1_630' title='bbox 617 4682 819 4746; x_wconf 87' lang='lat' dir='ltr'>poetas</span> <span class='ocrx_word' id='word_1_631' title='bbox 846 4674 1164 4752; x_wconf 50' lang='lat' dir='ltr'>calamum</span> <span class='ocrx_word' id='word_1_632' title='bbox 1185 4674 1453 4751; x_wconf 54' lang='lat' dir='ltr'>&#39;quoque</span> <span class='ocrx_word' id='word_1_633' title='bbox 1484 4697 1599 4752; x_wconf 88' lang='lat' dir='ltr'>pro</span> <span class='ocrx_word' id='word_1_634' title='bbox 1621 4680 1832 4752; x_wconf 79' lang='lat' dir='ltr'>sagitta</span> <span class='ocrx_word' id='word_1_635' title='bbox 1863 4674 2003 4751; x_wconf 78' lang='lat' dir='ltr'>poni</span> 
     </span>
    </p>
   </div>
   <div class='ocr_carea' id='block_1_89' title="bbox 345 4746 2005 4820">
    <p class='ocr_par' dir='ltr' id='par_1_89' title="bbox 345 4746 2005 4820">
     <span class='ocr_line' id='line_1_89' title="bbox 345 4746 2005 4820; baseline 0.004 -21"><span class='ocrx_word' id='word_1_636' title='bbox 345 4746 723 4820; x_wconf 83' lang='lat' dir='ltr'>observatum</span> <span class='ocrx_word' id='word_1_637' title='bbox 755 4753 865 4816; x_wconf 89' lang='lat' dir='ltr'>est,</span> <span class='ocrx_word' id='word_1_638' title='bbox 897 4748 1180 4803; x_wconf 87' lang='lat' dir='ltr'>nimirum</span> <span class='ocrx_word' id='word_1_639' title='bbox 1216 4746 1375 4820; x_wconf 80' lang='lat' dir='ltr'>quod</span> <span class='ocrx_word' id='word_1_640' title='bbox 1418 4746 1760 4807; x_wconf 45' lang='lat' dir='ltr'>eicalam&#39;is</span> <span class='ocrx_word' id='word_1_641' title='bbox 1791 4746 2005 4807; x_wconf 49' lang='lat' dir='ltr'>lie—rent</span> 
     </span>
    </p>
   </div>
   <div class='ocr_carea' id='block_1_90' title="bbox 351 4818 951 4892">
    <p class='ocr_par' dir='ltr' id='par_1_90' title="bbox 351 4818 951 4892">
     <span class='ocr_line' id='line_1_90' title="bbox 351 4818 951 4892; baseline 0.007 -21"><span class='ocrx_word' id='word_1_642' title='bbox 351 4818 600 4890; x_wconf 74' lang='lat' dir='ltr'>sagittm.</span> <span class='ocrx_word' id='word_1_643' title='bbox 631 4819 907 4892; x_wconf 81' lang='lat' dir='ltr'>Virgilius</span> <span class='ocrx_word' id='word_1_644' title='bbox 939 4838 951 4875; x_wconf 88' lang='lat'><strong>:</strong></span> 
     </span>
    </p>
   </div>
   <div class='ocr_carea' id='block_1_91' title="bbox 1038 4892 1749 4963">
    <p class='ocr_par' dir='ltr' id='par_1_91' title="bbox 1038 4892 1749 4963">
     <span class='ocr_line' id='line_1_91' title="bbox 1038 4892 1749 4963; baseline 0.006 -17"><span class='ocrx_word' id='word_1_645' title='bbox 1038 4892 1169 4947; x_wconf 87' lang='lat' dir='ltr'>Cum</span> <span class='ocrx_word' id='word_1_646' title='bbox 1204 4894 1512 4963; x_wconf 79' lang='lat' dir='ltr'>Daphnidis</span> <span class='ocrx_word' id='word_1_647' title='bbox 1541 4911 1749 4950; x_wconf 82' lang='lat' dir='ltr'>arcum.</span> 
     </span>
    </p>
   </div>
   <div class='ocr_carea' id='block_1_92' title="bbox 630 4981 1228 5049">
    <p class='ocr_par' dir='ltr' id='par_1_92' title="bbox 630 4981 1228 5049">
     <span class='ocr_line' id='line_1_92' title="bbox 630 4981 1228 5049; baseline 0.005 -15"><span class='ocrx_word' id='word_1_648' title='bbox 630 4982 869 5049; x_wconf 86' lang='lat' dir='ltr'>Fregisti</span> <span class='ocrx_word' id='word_1_649' title='bbox 895 4988 945 5035; x_wconf 84' lang='lat' dir='ltr'>et</span> <span class='ocrx_word' id='word_1_650' title='bbox 973 4981 1228 5037; x_wconf 85' lang='lat' dir='ltr'>calamos.</span> 
     </span>
    </p>
   </div>
   <div class='ocr_carea' id='block_1_93' title="bbox 352 5068 662 5123">
    <p class='ocr_par' dir='ltr' id='par_1_93' title="bbox 352 5068 662 5123">
     <span class='ocr_line' id='line_1_93' title="bbox 352 5068 662 5123; baseline 0.006 -2"><span class='ocrx_word' id='word_1_651' title='bbox 352 5068 625 5123; x_wconf 84' lang='lat' dir='ltr'>Horatius</span> <span class='ocrx_word' id='word_1_652' title='bbox 649 5086 662 5123; x_wconf 91' lang='lat'>:</span> 
     </span>
    </p>
   </div>
   <div class='ocr_carea' id='block_1_94' title="bbox 634 5159 1493 5230">
    <p class='ocr_par' dir='ltr' id='par_1_94' title="bbox 634 5159 1493 5230">
     <span class='ocr_line' id='line_1_94' title="bbox 634 5159 1493 5230; baseline -0.001 -15"><span class='ocrx_word' id='word_1_653' title='bbox 634 5159 848 5215; x_wconf 83' lang='lat' dir='ltr'>Gala-mi</span> <span class='ocrx_word' id='word_1_654' title='bbox 871 5161 1087 5230; x_wconf 76' lang='lat' dir='ltr'>spicula</span> <span class='ocrx_word' id='word_1_655' title='bbox 1118 5162 1328 5217; x_wconf 82' lang='lat' dir='ltr'>Gnosii.</span> <span class='ocrx_word' id='word_1_656' title='bbox 1357 5161 1493 5216; x_wconf 78' lang='lat' dir='ltr'>XYL.</span> 
     </span>
    </p>
   </div>
   <div class='ocr_carea' id='block_1_95' title="bbox 418 5246 2008 5331">
    <p class='ocr_par' dir='ltr' id='par_1_95' title="bbox 418 5246 2008 5331">
     <span class='ocr_line' id='line_1_95' title="bbox 418 5246 2008 5331; baseline 0.005 -33"><span class='ocrx_word' id='word_1_657' title='bbox 418 5246 641 5330; x_wconf 40' lang='grc' dir='ltr'>(72).οο</span> <span class='ocrx_word' id='word_1_658' title='bbox 658 5248 1010 5331; x_wconf 73' lang='lat' dir='ltr'>religionem</span> <span class='ocrx_word' id='word_1_659' title='bbox 1032 5266 1169 5331; x_wconf 77' lang='lat' dir='ltr'>erga</span> <span class='ocrx_word' id='word_1_660' title='bbox 1190 5249 1351 5331; x_wconf 63' lang='lat' dir='ltr'>regia</span> <span class='ocrx_word' id='word_1_661' title='bbox 1372 5266 1643 5331; x_wconf 71' lang='lat' dir='ltr'>quaeque,</span> <span class='ocrx_word' id='word_1_662' title='bbox 1666 5251 1752 5331; x_wconf 79' lang='lat' dir='ltr'>vel</span> <span class='ocrx_word' id='word_1_663' title='bbox 1777 5268 1850 5331; x_wconf 83' lang='lat' dir='ltr'>ne</span> <span class='ocrx_word' id='word_1_664' title='bbox 1871 5269 2008 5323; x_wconf 88' lang='lat' dir='ltr'>pur-</span> 
     </span>
    </p>
   </div>
   <div class='ocr_carea' id='block_1_96' title="bbox 347 5320 2004 5393">
    <p class='ocr_par' dir='ltr' id='par_1_96' title="bbox 347 5320 2004 5393">
     <span class='ocr_line' id='line_1_96' title="bbox 347 5320 2004 5393; baseline 0.004 -21"><span class='ocrx_word' id='word_1_665' title='bbox 347 5335 510 5393; x_wconf 70' lang='lat' dir='ltr'>puras</span> <span class='ocrx_word' id='word_1_666' title='bbox 532 5320 799 5393; x_wconf 86' lang='lat' dir='ltr'>insidens</span> <span class='ocrx_word' id='word_1_667' title='bbox 818 5320 1154 5391; x_wconf 82' lang='lat' dir='ltr'>tyrannidis</span> <span class='ocrx_word' id='word_1_668' title='bbox 1176 5320 1463 5376; x_wconf 62' lang='lat' dir='ltr'>affectatae</span> <span class='ocrx_word' id='word_1_669' title='bbox 1487 5322 1619 5376; x_wconf 89' lang='lat' dir='ltr'>aliis</span> <span class='ocrx_word' id='word_1_670' title='bbox 1638 5320 2004 5393; x_wconf 72' lang='lat' dir='ltr'>opinionem,</span> 
     </span>
    </p>
   </div>
   <div class='ocr_carea' id='block_1_97' title="bbox 348 5389 1397 5461">
    <p class='ocr_par' dir='ltr' id='par_1_97' title="bbox 348 5389 1397 5461">
     <span class='ocr_line' id='line_1_97' title="bbox 348 5389 1397 5461; baseline 0.004 -18"><span class='ocrx_word' id='word_1_671' title='bbox 348 5389 458 5443; x_wconf 87' lang='lat' dir='ltr'>sibi</span> <span class='ocrx_word' id='word_1_672' title='bbox 493 5391 825 5461; x_wconf 89' lang='lat' dir='ltr'>periculum</span> <span class='ocrx_word' id='word_1_673' title='bbox 849 5389 1187 5448; x_wconf 82' lang='lat' dir='ltr'>induceret.</span> <span class='ocrx_word' id='word_1_674' title='bbox 1221 5393 1397 5447; x_wconf 64' lang='grc' dir='ltr'>(ὶοΑιι.</span> 
     </span>
    </p>
   </div>
   <div class='ocr_carea' id='block_1_98' title="bbox 418 5461 2009 5541">
    <p class='ocr_par' dir='ltr' id='par_1_98' title="bbox 418 5461 2009 5541">
     <span class='ocr_line' id='line_1_98' title="bbox 418 5461 2009 5541; baseline 0.004 -27"><span class='ocrx_word' id='word_1_675' title='bbox 418 5461 530 5541; x_wconf 58' lang='grc' dir='ltr'>(Ἱβ)</span> <span class='ocrx_word' id='word_1_676' title='bbox 562 5461 943 5541; x_wconf 67' lang='grc' dir='ltr'>Ἱπποκόμοις,</span> <span class='ocrx_word' id='word_1_677' title='bbox 1003 5464 1376 5541; x_wconf 64' lang='lat' dir='ltr'>equisonibus.</span> <span class='ocrx_word' id='word_1_678' title='bbox 1420 5464 1495 5541; x_wconf 72' lang='grc' dir='ltr'>ΔΗὶ</span> <span class='ocrx_word' id='word_1_679' title='bbox 1548 5465 2009 5541; x_wconf 73' lang='grc' dir='ltr'>πρωτοστράτορα</span> 
     </span>
    </p>
   </div>
   <div class='ocr_carea' id='block_1_99' title="bbox 340 5532 2006 5609">
    <p class='ocr_par' dir='ltr' id='par_1_99' title="bbox 340 5532 2006 5609">
     <span class='ocr_line' id='line_1_99' title="bbox 340 5532 2006 5609; baseline 0.006 -24"><span class='ocrx_word' id='word_1_680' title='bbox 340 5534 689 5609; x_wconf 68' lang='lat' dir='ltr'>priefectum</span> <span class='ocrx_word' id='word_1_681' title='bbox 717 5532 1061 5609; x_wconf 47' lang='lat' dir='ltr'>habebant,</span> <span class='ocrx_word' id='word_1_682' title='bbox 1086 5539 1194 5589; x_wconf 82' lang='grc' dir='ltr'>τῶν</span> <span class='ocrx_word' id='word_1_683' title='bbox 1229 5532 1560 5607; x_wconf 78' lang='grc' dir='ltr'>ἱπποκόμων</span> <span class='ocrx_word' id='word_1_684' title='bbox 1591 5532 1830 5609; x_wconf 75' lang='grc' dir='ltr'>πρῶτον,</span> <span class='ocrx_word' id='word_1_685' title='bbox 1885 5532 2006 5594; x_wconf 74' lang='lat' dir='ltr'>non</span> 
     </span>
    </p>
   </div>
   <div class='ocr_carea' id='block_1_100' title="bbox 338 5605 2012 5678">
    <p class='ocr_par' dir='ltr' id='par_1_100' title="bbox 338 5605 2012 5678">
     <span class='ocr_line' id='line_1_100' title="bbox 338 5605 2012 5678; baseline 0.005 -22"><span class='ocrx_word' id='word_1_686' title='bbox 338 5609 407 5656; x_wconf 92' lang='lat' dir='ltr'>ut</span> <span class='ocrx_word' id='word_1_687' title='bbox 439 5605 547 5678; x_wconf 80' lang='lat' dir='ltr'>sub</span> <span class='ocrx_word' id='word_1_688' title='bbox 579 5623 647 5659; x_wconf 89' lang='lat' dir='ltr'>eo</span> <span class='ocrx_word' id='word_1_689' title='bbox 679 5606 890 5661; x_wconf 82' lang='lat' dir='ltr'>vilibus</span> <span class='ocrx_word' id='word_1_690' title='bbox 923 5608 1229 5678; x_wconf 89' lang='lat' dir='ltr'>obsequiis</span> <span class='ocrx_word' id='word_1_691' title='bbox 1259 5605 1450 5677; x_wconf 87' lang='lat' dir='ltr'>equos</span> <span class='ocrx_word' id='word_1_692' title='bbox 1481 5605 1782 5672; x_wconf 80' lang='lat' dir='ltr'>curarent,</span> <span class='ocrx_word' id='word_1_693' title='bbox 1811 5611 1915 5666; x_wconf 90' lang='lat' dir='ltr'>sed</span> <span class='ocrx_word' id='word_1_694' title='bbox 1947 5616 2012 5664; x_wconf 91' lang='lat' dir='ltr'>ut</span> 
     </span>
    </p>
   </div>
   <div class='ocr_carea' id='block_1_101' title="bbox 340 5675 2012 5754">
    <p class='ocr_par' dir='ltr' id='par_1_101' title="bbox 340 5675 2012 5754">
     <span class='ocr_line' id='line_1_101' title="bbox 340 5675 2012 5754; baseline 0.005 -26"><span class='ocrx_word' id='word_1_695' title='bbox 340 5675 720 5754; x_wconf 77' lang='lat' dir='ltr'>stabulorum</span> <span class='ocrx_word' id='word_1_696' title='bbox 769 5675 1123 5754; x_wconf 78' lang='lat' dir='ltr'>nobiliorem</span> <span class='ocrx_word' id='word_1_697' title='bbox 1170 5675 1587 5754; x_wconf 64' lang='lat' dir='ltr'>praefecturam</span> <span class='ocrx_word' id='word_1_698' title='bbox 1619 5688 1917 5753; x_wconf 80' lang='lat' dir='ltr'>gererent,</span> <span class='ocrx_word' id='word_1_699' title='bbox 1950 5689 2012 5737; x_wconf 90' lang='lat' dir='ltr'>et</span> 
     </span>
    </p>
   </div>
   <div class='ocr_carea' id='block_1_102' title="bbox 339 5750 2006 5823">
    <p class='ocr_par' dir='ltr' id='par_1_102' title="bbox 339 5750 2006 5823">
     <span class='ocr_line' id='line_1_102' title="bbox 339 5750 2006 5823; baseline 0.007 -24"><span class='ocrx_word' id='word_1_700' title='bbox 339 5750 1029 5823; x_wconf 14' lang='lat' dir='ltr'>ijnpera_tori,_siqi‘orsan</span> <span class='ocrx_word' id='word_1_701' title='bbox 1089 5766 1274 5821; x_wconf 88' lang='lat' dir='ltr'>eques</span> <span class='ocrx_word' id='word_1_702' title='bbox 1332 5750 1466 5815; x_wconf 89' lang='lat' dir='ltr'>iret,</span> <span class='ocrx_word' id='word_1_703' title='bbox 1509 5750 2006 5823; x_wconf 83' lang='lat' dir='ltr'>obsequerentur.</span> 
     </span>
    </p>
   </div>
   <div class='ocr_carea' id='block_1_103' title="bbox 348 5818 1200 5890">
    <p class='ocr_par' dir='ltr' id='par_1_103' title="bbox 348 5818 1200 5890">
     <span class='ocr_line' id='line_1_103' title="bbox 348 5818 1200 5890; baseline 0.005 -19"><span class='ocrx_word' id='word_1_704' title='bbox 348 5818 427 5872; x_wconf 89' lang='lat' dir='ltr'>De</span> <span class='ocrx_word' id='word_1_705' title='bbox 463 5819 678 5890; x_wconf 88' lang='lat' dir='ltr'>quibus</span> <span class='ocrx_word' id='word_1_706' title='bbox 711 5820 992 5879; x_wconf 86' lang='lat' dir='ltr'>Codinus.</span> <span class='ocrx_word' id='word_1_707' title='bbox 1026 5818 1200 5878; x_wconf 47' lang='lat' dir='ltr'>60in.</span> 
     </span>
    </p>
   </div>
   <div class='ocr_carea' id='block_1_104' title="bbox 2185 4608 3765 4685">
    <p class='ocr_par' dir='ltr' id='par_1_104' title="bbox 2185 4608 3765 4685">
     <span class='ocr_line' id='line_1_104' title="bbox 2185 4608 3765 4685; baseline -0.006 -11"><span class='ocrx_word' id='word_1_708' title='bbox 2185 4609 2502 4685; x_wconf 41' lang='grc' dir='ltr'>(Ἅλου,ίά</span> <span class='ocrx_word' id='word_1_709' title='bbox 2555 4612 2639 4685; x_wconf 68' lang='lat' dir='ltr'>sit</span> <span class='ocrx_word' id='word_1_710' title='bbox 2698 4608 3022 4685; x_wconf 63' lang='grc' dir='ltr'>βαοδούκιον</span> <span class='ocrx_word' id='word_1_711' title='bbox 3080 4613 3446 4678; x_wconf 88' lang='lat' dir='ltr'>barducium,</span> <span class='ocrx_word' id='word_1_712' title='bbox 3483 4612 3765 4685; x_wconf 81' lang='lat' dir='ltr'>incertus</span> 
     </span>
    </p>
   </div>
   <div class='ocr_carea' id='block_1_105' title="bbox 2116 4680 3771 4756">
    <p class='ocr_par' dir='ltr' id='par_1_105' title="bbox 2116 4680 3771 4756">
     <span class='ocr_line' id='line_1_105' title="bbox 2116 4680 3771 4756; baseline 0.002 -22"><span class='ocrx_word' id='word_1_713' title='bbox 2116 4680 2489 4756; x_wconf 69' lang='lat' dir='ltr'>sum._Credo</span> <span class='ocrx_word' id='word_1_714' title='bbox 2547 4680 2729 4756; x_wconf 66' lang='lat' dir='ltr'>fuisse</span> <span class='ocrx_word' id='word_1_715' title='bbox 2776 4684 3054 4741; x_wconf 88' lang='lat' dir='ltr'>balistam</span> <span class='ocrx_word' id='word_1_716' title='bbox 3106 4692 3208 4740; x_wconf 87' lang='lat' dir='ltr'>aut</span> <span class='ocrx_word' id='word_1_717' title='bbox 3257 4684 3499 4756; x_wconf 90' lang='lat' dir='ltr'>aliquod</span> <span class='ocrx_word' id='word_1_718' title='bbox 3547 4683 3648 4738; x_wconf 89' lang='lat' dir='ltr'>teli</span> <span class='ocrx_word' id='word_1_719' title='bbox 3680 4683 3771 4737; x_wconf 82' lang='lat' dir='ltr'>vel</span> 
     </span>
    </p>
   </div>
   <div class='ocr_carea' id='block_1_106' title="bbox 2108 4753 3770 4830">
    <p class='ocr_par' dir='ltr' id='par_1_106' title="bbox 2108 4753 3770 4830">
     <span class='ocr_line' id='line_1_106' title="bbox 2108 4753 3770 4830; baseline 0.001 -23"><span class='ocrx_word' id='word_1_720' title='bbox 2108 4753 2295 4824; x_wconf 89' lang='lat' dir='ltr'>jaculi</span> <span class='ocrx_word' id='word_1_721' title='bbox 2327 4769 2532 4830; x_wconf 66' lang='lat' dir='ltr'>genus.</span> <span class='ocrx_word' id='word_1_722' title='bbox 2560 4753 2695 4830; x_wconf 76' lang='lat' dir='ltr'><strong>X_YL.</strong></span> <span class='ocrx_word' id='word_1_723' title='bbox 2730 4787 2785 4830; x_wconf 54' lang='grc' dir='ltr'><strong>ῖ-</strong></span> <span class='ocrx_word' id='word_1_724' title='bbox 2826 4756 3159 4830; x_wconf 78' lang='grc' dir='ltr'>Βαρδούκιον</span> <span class='ocrx_word' id='word_1_725' title='bbox 3187 4753 3547 4830; x_wconf 67' lang='lat' dir='ltr'>securiculam</span> <span class='ocrx_word' id='word_1_726' title='bbox 3584 4757 3770 4809; x_wconf 78' lang='lat' dir='ltr'>inter—</span> 
     </span>
    </p>
   </div>
   <div class='ocr_carea' id='block_1_107' title="bbox 2112 4826 3769 4901">
    <p class='ocr_par' dir='ltr' id='par_1_107' title="bbox 2112 4826 3769 4901">
     <span class='ocr_line' id='line_1_107' title="bbox 2112 4826 3769 4901; baseline 0.003 -25"><span class='ocrx_word' id='word_1_727' title='bbox 2112 4830 2380 4901; x_wconf 75' lang='lat' dir='ltr'>pretatur</span> <span class='ocrx_word' id='word_1_728' title='bbox 2401 4826 2707 4901; x_wconf 79' lang='lat' dir='ltr'>Meursius.</span> <span class='ocrx_word' id='word_1_729' title='bbox 2728 4828 2850 4901; x_wconf 73' lang='lat' dir='ltr'>Quo</span> <span class='ocrx_word' id='word_1_730' title='bbox 2870 4826 3229 4901; x_wconf 77' lang='lat' dir='ltr'>argumento</span> <span class='ocrx_word' id='word_1_731' title='bbox 3247 4831 3273 4885; x_wconf 85' lang='lat'>?</span> <span class='ocrx_word' id='word_1_732' title='bbox 3294 4830 3440 4896; x_wconf 91' lang='lat' dir='ltr'>Quia</span> <span class='ocrx_word' id='word_1_733' title='bbox 3469 4827 3543 4883; x_wconf 88' lang='lat' dir='ltr'>ad</span> <span class='ocrx_word' id='word_1_734' title='bbox 3562 4844 3769 4901; x_wconf 84' lang='lat' dir='ltr'>zonam</span> 
     </span>
    </p>
   </div>
   <div class='ocr_carea' id='block_1_108' title="bbox 2115 4896 3770 4972">
    <p class='ocr_par' dir='ltr' id='par_1_108' title="bbox 2115 4896 3770 4972">
     <span class='ocr_line' id='line_1_108' title="bbox 2115 4896 3770 4972; baseline 0.001 -21"><span class='ocrx_word' id='word_1_735' title='bbox 2115 4896 2637 4972; x_wconf 83' lang='lat' dir='ltr'>appen_d_itur,quia</span> <span class='ocrx_word' id='word_1_736' title='bbox 2670 4898 2879 4972; x_wconf 75' lang='lat' dir='ltr'>projici</span> <span class='ocrx_word' id='word_1_737' title='bbox 2914 4896 3189 4970; x_wconf 70' lang='lat' dir='ltr'>p6test,et</span> <span class='ocrx_word' id='word_1_738' title='bbox 3224 4901 3361 4956; x_wconf 66' lang='lat' dir='ltr'>feras</span> <span class='ocrx_word' id='word_1_739' title='bbox 3385 4905 3561 4972; x_wconf 88' lang='lat' dir='ltr'>caput</span> <span class='ocrx_word' id='word_1_740' title='bbox 3591 4899 3770 4953; x_wconf 89' lang='lat' dir='ltr'>disse-</span> 
     </span>
    </p>
   </div>
   <div class='ocr_carea' id='block_1_109' title="bbox 2114 4967 3769 5044">
    <p class='ocr_par' dir='ltr' id='par_1_109' title="bbox 2114 4967 3769 5044">
     <span class='ocr_line' id='line_1_109' title="bbox 2114 4967 3769 5044; baseline 0.001 -22"><span class='ocrx_word' id='word_1_741' title='bbox 2114 4984 2269 5022; x_wconf 88' lang='lat' dir='ltr'>care.</span> <span class='ocrx_word' id='word_1_742' title='bbox 2306 4967 2552 5044; x_wconf 83' lang='lat' dir='ltr'>Divinat,</span> <span class='ocrx_word' id='word_1_743' title='bbox 2587 4974 2645 5021; x_wconf 92' lang='lat' dir='ltr'>et</span> <span class='ocrx_word' id='word_1_744' title='bbox 2692 4969 2841 5022; x_wconf 85' lang='lat' dir='ltr'>nihil</span> <span class='ocrx_word' id='word_1_745' title='bbox 2871 4967 2945 5024; x_wconf 85' lang='lat' dir='ltr'>ad</span> <span class='ocrx_word' id='word_1_746' title='bbox 2978 4967 3124 5025; x_wconf 45' lang='lat' dir='ltr'>rem&#39;</span> <span class='ocrx_word' id='word_1_747' title='bbox 3153 4967 3473 5044; x_wconf 54' lang='lat' dir='ltr'>depromit:</span> <span class='ocrx_word' id='word_1_748' title='bbox 3507 4974 3608 5026; x_wconf 79' lang='lat' dir='ltr'>Diu</span> <span class='ocrx_word' id='word_1_749' title='bbox 3638 4977 3769 5025; x_wconf 83' lang='lat' dir='ltr'>ante</span> 
     </span>
    </p>
   </div>
   <div class='ocr_carea' id='block_1_110' title="bbox 2115 5041 3768 5115">
    <p class='ocr_par' dir='ltr' id='par_1_110' title="bbox 2115 5041 3768 5115">
     <span class='ocr_line' id='line_1_110' title="bbox 2115 5041 3768 5115; baseline 0 -21"><span class='ocrx_word' id='word_1_750' title='bbox 2115 5057 2212 5115; x_wconf 83' lang='lat' dir='ltr'>me</span> <span class='ocrx_word' id='word_1_751' title='bbox 2231 5041 2365 5093; x_wconf 85' lang='lat' dir='ltr'>torsi</span> <span class='ocrx_word' id='word_1_752' title='bbox 2407 5046 2703 5109; x_wconf 73' lang='lat' dir='ltr'>antequam</span> <span class='ocrx_word' id='word_1_753' title='bbox 2758 5044 3015 5115; x_wconf 74' lang='lat' dir='ltr'>uocabuli</span> <span class='ocrx_word' id='word_1_754' title='bbox 3067 5041 3637 5115; x_wconf 40' lang='lat' dir='ltr'>hujus—signiﬁcatum</span> <span class='ocrx_word' id='word_1_755' title='bbox 3668 5059 3768 5115; x_wconf 75' lang='lat' dir='ltr'>ea:-</span> 
     </span>
    </p>
   </div>
   <div class='ocr_carea' id='block_1_111' title="bbox 2116 5112 3764 5181">
    <p class='ocr_par' dir='ltr' id='par_1_111' title="bbox 2116 5112 3764 5181">
     <span class='ocr_line' id='line_1_111' title="bbox 2116 5112 3764 5181; baseline 0.001 -15"><span class='ocrx_word' id='word_1_756' title='bbox 2116 5113 2335 5181; x_wconf 85' lang='lat' dir='ltr'>quirere</span> <span class='ocrx_word' id='word_1_757' title='bbox 2386 5126 2622 5181; x_wconf 83' lang='lat' dir='ltr'>possem,</span> <span class='ocrx_word' id='word_1_758' title='bbox 2677 5112 2884 5166; x_wconf 89' lang='lat' dir='ltr'>scribit</span> <span class='ocrx_word' id='word_1_759' title='bbox 2941 5112 3332 5172; x_wconf 80' lang='lat' dir='ltr'>Leunclavius</span> <span class='ocrx_word' id='word_1_760' title='bbox 3387 5112 3764 5172; x_wconf 88' lang='lat' dir='ltr'>Onomastico</span> 
     </span>
    </p>
   </div>
   <div class='ocr_carea' id='block_1_112' title="bbox 2118 5182 3769 5255">
    <p class='ocr_par' dir='ltr' id='par_1_112' title="bbox 2118 5182 3769 5255">
     <span class='ocr_line' id='line_1_112' title="bbox 2118 5182 3769 5255; baseline 0.002 -19"><span class='ocrx_word' id='word_1_761' title='bbox 2118 5182 2398 5255; x_wconf 88' lang='lat' dir='ltr'>secundo.</span> <span class='ocrx_word' id='word_1_762' title='bbox 2434 5185 2528 5237; x_wconf 84' lang='lat' dir='ltr'>Ait</span> <span class='ocrx_word' id='word_1_763' title='bbox 2566 5200 2701 5237; x_wconf 86' lang='lat' dir='ltr'>vero</span> <span class='ocrx_word' id='word_1_764' title='bbox 2753 5183 2971 5239; x_wconf 90' lang='lat' dir='ltr'>ibidem</span> <span class='ocrx_word' id='word_1_765' title='bbox 3009 5201 3019 5239; x_wconf 95' lang='lat'>:</span> <span class='ocrx_word' id='word_1_766' title='bbox 3061 5186 3274 5240; x_wconf 82' lang='lat' dir='ltr'>Bardac</span> <span class='ocrx_word' id='word_1_767' title='bbox 3320 5204 3535 5255; x_wconf 84' lang='lat' dir='ltr'>urceus,</span> <span class='ocrx_word' id='word_1_768' title='bbox 3569 5187 3769 5255; x_wconf 80' lang='lat' dir='ltr'>lagena</span> 
     </span>
    </p>
   </div>
   <div class='ocr_carea' id='block_1_113' title="bbox 2114 5254 3771 5325">
    <p class='ocr_par' dir='ltr' id='par_1_113' title="bbox 2114 5254 3771 5325">
     <span class='ocr_line' id='line_1_113' title="bbox 2114 5254 3771 5325; baseline 0.002 -18"><span class='ocrx_word' id='word_1_769' title='bbox 2114 5254 2302 5324; x_wconf 81' lang='lat' dir='ltr'>ﬁglini</span> <span class='ocrx_word' id='word_1_770' title='bbox 2345 5257 2544 5324; x_wconf 82' lang='lat' dir='ltr'>operis,</span> <span class='ocrx_word' id='word_1_771' title='bbox 2579 5272 2736 5324; x_wconf 58' lang='lat' dir='ltr'>aqua</span> <span class='ocrx_word' id='word_1_772' title='bbox 2765 5258 3045 5325; x_wconf 67' lang='lat' dir='ltr'>gestanda?</span> <span class='ocrx_word' id='word_1_773' title='bbox 3086 5260 3260 5325; x_wconf 77' lang='lat' dir='ltr'>facta.</span> <span class='ocrx_word' id='word_1_774' title='bbox 3296 5260 3403 5323; x_wconf 82' lang='lat' dir='ltr'>Qui</span> <span class='ocrx_word' id='word_1_775' title='bbox 3433 5254 3771 5313; x_wconf 78' lang='lat' dir='ltr'>Barducz‘um</span> 
     </span>
    </p>
   </div>
   <div class='ocr_carea' id='block_1_114' title="bbox 2117 5327 3770 5399">
    <p class='ocr_par' dir='ltr' id='par_1_114' title="bbox 2117 5327 3770 5399">
     <span class='ocr_line' id='line_1_114' title="bbox 2117 5327 3770 5399; baseline 0.002 -20"><span class='ocrx_word' id='word_1_776' title='bbox 2117 5328 2471 5395; x_wconf 75' lang='lat' dir='ltr'>imperatoris</span> <span class='ocrx_word' id='word_1_777' title='bbox 2527 5327 2695 5395; x_wconf 83' lang='lat' dir='ltr'>gerit,</span> <span class='ocrx_word' id='word_1_778' title='bbox 2719 5328 3055 5397; x_wconf 73' lang='lat' dir='ltr'>intelligitur</span> <span class='ocrx_word' id='word_1_779' title='bbox 3081 5329 3175 5382; x_wconf 87' lang='lat' dir='ltr'>ille</span> <span class='ocrx_word' id='word_1_780' title='bbox 3204 5333 3304 5398; x_wconf 82' lang='lat' dir='ltr'>qui</span> <span class='ocrx_word' id='word_1_781' title='bbox 3336 5331 3590 5399; x_wconf 85' lang='lat' dir='ltr'>lagenam</span> <span class='ocrx_word' id='word_1_782' title='bbox 3620 5346 3770 5399; x_wconf 74' lang='lat' dir='ltr'>aqua</span> 
     </span>
    </p>
   </div>
   <div class='ocr_carea' id='block_1_115' title="bbox 2114 5399 3766 5469">
    <p class='ocr_par' dir='ltr' id='par_1_115' title="bbox 2114 5399 3766 5469">
     <span class='ocr_line' id='line_1_115' title="bbox 2114 5399 3766 5469; baseline 0.002 -18"><span class='ocrx_word' id='word_1_783' title='bbox 2114 5399 2337 5468; x_wconf 81' lang='lat' dir='ltr'>plenam</span> <span class='ocrx_word' id='word_1_784' title='bbox 2367 5400 2613 5467; x_wconf 77' lang='lat' dir='ltr'>gestabat</span> <span class='ocrx_word' id='word_1_785' title='bbox 2670 5414 2829 5467; x_wconf 82' lang='lat' dir='ltr'>eques</span> <span class='ocrx_word' id='word_1_786' title='bbox 2886 5402 2959 5454; x_wconf 80' lang='lat' dir='ltr'>ad</span> <span class='ocrx_word' id='word_1_787' title='bbox 3014 5415 3170 5454; x_wconf 88' lang='lat' dir='ltr'>usum</span> <span class='ocrx_word' id='word_1_788' title='bbox 3200 5403 3572 5469; x_wconf 79' lang='lat' dir='ltr'>imperatoris.</span> <span class='ocrx_word' id='word_1_789' title='bbox 3610 5400 3766 5456; x_wconf 75' lang='lat' dir='ltr'>Reti-</span> 
     </span>
    </p>
   </div>
   <div class='ocr_carea' id='block_1_116' title="bbox 2117 5470 3767 5542">
    <p class='ocr_par' dir='ltr' id='par_1_116' title="bbox 2117 5470 3767 5542">
     <span class='ocr_line' id='line_1_116' title="bbox 2117 5470 3767 5542; baseline 0.001 -19"><span class='ocrx_word' id='word_1_790' title='bbox 2117 5472 2338 5542; x_wconf 77' lang='lat' dir='ltr'>nuerinl</span> <span class='ocrx_word' id='word_1_791' title='bbox 2396 5476 2446 5523; x_wconf 78' lang='lat' dir='ltr'>et</span> <span class='ocrx_word' id='word_1_792' title='bbox 2481 5471 2646 5524; x_wconf 85' lang='lat' dir='ltr'>Turci</span> <span class='ocrx_word' id='word_1_793' title='bbox 2700 5470 2801 5524; x_wconf 85' lang='lat' dir='ltr'>hoc</span> <span class='ocrx_word' id='word_1_794' title='bbox 2853 5473 3099 5540; x_wconf 82' lang='lat' dir='ltr'>ofﬁcium</span> <span class='ocrx_word' id='word_1_795' title='bbox 3135 5488 3147 5524; x_wconf 91' lang='lat'>:</span> <span class='ocrx_word' id='word_1_796' title='bbox 3180 5488 3310 5525; x_wconf 84' lang='lat' dir='ltr'>nam</span> <span class='ocrx_word' id='word_1_797' title='bbox 3340 5474 3489 5526; x_wconf 77' lang='lat' dir='ltr'>inter</span> <span class='ocrx_word' id='word_1_798' title='bbox 3534 5475 3767 5542; x_wconf 84' lang='lat' dir='ltr'>juvenes</span> 
     </span>
    </p>
   </div>
   <div class='ocr_carea' id='block_1_117' title="bbox 2118 5540 3767 5610">
    <p class='ocr_par' dir='ltr' id='par_1_117' title="bbox 2118 5540 3767 5610">
     <span class='ocr_line' id='line_1_117' title="bbox 2118 5540 3767 5610; baseline 0.002 -16"><span class='ocrx_word' id='word_1_799' title='bbox 2118 5540 2241 5596; x_wconf 81' lang='lat' dir='ltr'>illos</span> <span class='ocrx_word' id='word_1_800' title='bbox 2272 5548 2377 5596; x_wconf 79' lang='lat' dir='ltr'>tres</span> <span class='ocrx_word' id='word_1_801' title='bbox 2434 5544 2530 5610; x_wconf 83' lang='lat' dir='ltr'>qui</span> <span class='ocrx_word' id='word_1_802' title='bbox 2576 5542 2791 5596; x_wconf 79' lang='lat' dir='ltr'>sullano</span> <span class='ocrx_word' id='word_1_803' title='bbox 2819 5549 2943 5597; x_wconf 77' lang='lat' dir='ltr'>sunt</span> <span class='ocrx_word' id='word_1_804' title='bbox 2998 5544 3185 5597; x_wconf 81' lang='lat' dir='ltr'>intimi</span> <span class='ocrx_word' id='word_1_805' title='bbox 3238 5540 3591 5608; x_wconf 81' lang='lat' dir='ltr'>cubicularii,</span> <span class='ocrx_word' id='word_1_806' title='bbox 3624 5560 3767 5598; x_wconf 88' lang='lat' dir='ltr'>unus</span> 
     </span>
    </p>
   </div>
   <div class='ocr_carea' id='block_1_118' title="bbox 2119 5615 3767 5685">
    <p class='ocr_par' dir='ltr' id='par_1_118' title="bbox 2119 5615 3767 5685">
     <span class='ocr_line' id='line_1_118' title="bbox 2119 5615 3767 5685; baseline 0.001 -18"><span class='ocrx_word' id='word_1_807' title='bbox 2119 5620 2197 5667; x_wconf 88' lang='lat' dir='ltr'>est</span> <span class='ocrx_word' id='word_1_808' title='bbox 2240 5615 2485 5681; x_wconf 83' lang='lat' dir='ltr'>kinplar,</span> <span class='ocrx_word' id='word_1_809' title='bbox 2517 5616 2616 5682; x_wconf 89' lang='lat' dir='ltr'>qui</span> <span class='ocrx_word' id='word_1_810' title='bbox 2633 5621 2799 5683; x_wconf 80' lang='lat' dir='ltr'>polus</span> <span class='ocrx_word' id='word_1_811' title='bbox 2827 5615 3036 5669; x_wconf 80' lang='lat' dir='ltr'>sultani</span> <span class='ocrx_word' id='word_1_812' title='bbox 3065 5631 3256 5669; x_wconf 87' lang='lat' dir='ltr'>curam</span> <span class='ocrx_word' id='word_1_813' title='bbox 3304 5616 3448 5683; x_wconf 78' lang='lat' dir='ltr'>gerit</span> <span class='ocrx_word' id='word_1_814' title='bbox 3475 5620 3526 5668; x_wconf 78' lang='lat' dir='ltr'>et</span> <span class='ocrx_word' id='word_1_815' title='bbox 3555 5631 3767 5685; x_wconf 80' lang='lat' dir='ltr'>semper</span> 
     </span>
    </p>
   </div>
   <div class='ocr_carea' id='block_1_119' title="bbox 2120 5685 3769 5757">
    <p class='ocr_par' dir='ltr' id='par_1_119' title="bbox 2120 5685 3769 5757">
     <span class='ocr_line' id='line_1_119' title="bbox 2120 5685 3769 5757; baseline 0.001 -20"><span class='ocrx_word' id='word_1_816' title='bbox 2120 5700 2319 5753; x_wconf 87' lang='lat' dir='ltr'>aquam</span> <span class='ocrx_word' id='word_1_817' title='bbox 2335 5700 2454 5757; x_wconf 82' lang='lat' dir='ltr'>pro</span> <span class='ocrx_word' id='word_1_818' title='bbox 2468 5685 2688 5757; x_wconf 81' lang='lat' dir='ltr'>sultano</span> <span class='ocrx_word' id='word_1_819' title='bbox 2719 5702 2897 5741; x_wconf 85' lang='lat' dir='ltr'>secum</span> <span class='ocrx_word' id='word_1_820' title='bbox 2928 5685 3075 5741; x_wconf 79' lang='lat' dir='ltr'>vehit</span> <span class='ocrx_word' id='word_1_821' title='bbox 3104 5702 3264 5757; x_wconf 87' lang='lat' dir='ltr'>eques</span> <span class='ocrx_word' id='word_1_822' title='bbox 3296 5688 3353 5739; x_wconf 86' lang='lat' dir='ltr'>in</span> <span class='ocrx_word' id='word_1_823' title='bbox 3385 5686 3603 5754; x_wconf 87' lang='lat' dir='ltr'>lagena,</span> <span class='ocrx_word' id='word_1_824' title='bbox 3627 5689 3769 5740; x_wconf 80' lang='lat' dir='ltr'>sicut</span> 
     </span>
    </p>
   </div>
   <div class='ocr_carea' id='block_1_120' title="bbox 2119 5755 3768 5829">
    <p class='ocr_par' dir='ltr' id='par_1_120' title="bbox 2119 5755 3768 5829">
     <span class='ocr_line' id='line_1_120' title="bbox 2119 5755 3768 5829; baseline 0.001 -21"><span class='ocrx_word' id='word_1_825' title='bbox 2119 5756 2253 5829; x_wconf 81' lang='lat' dir='ltr'>olim</span> <span class='ocrx_word' id='word_1_826' title='bbox 2282 5772 2346 5809; x_wconf 87' lang='lat' dir='ltr'>ea</span> <span class='ocrx_word' id='word_1_827' title='bbox 2374 5755 2579 5829; x_wconf 74' lang='lat' dir='ltr'>solebat</span> <span class='ocrx_word' id='word_1_828' title='bbox 2612 5755 2783 5812; x_wconf 79' lang='lat' dir='ltr'>etiam</span> <span class='ocrx_word' id='word_1_829' title='bbox 2811 5775 2919 5828; x_wconf 86' lang='lat' dir='ltr'>pro</span> <span class='ocrx_word' id='word_1_830' title='bbox 2948 5755 3278 5829; x_wconf 77' lang='lat' dir='ltr'>imperatore</span> <span class='ocrx_word' id='word_1_831' title='bbox 3334 5758 3518 5813; x_wconf 58' lang='lat' dir='ltr'>Greco</span> <span class='ocrx_word' id='word_1_832' title='bbox 3549 5758 3605 5809; x_wconf 82' lang='lat' dir='ltr'>in</span> <span class='ocrx_word' id='word_1_833' title='bbox 3639 5759 3768 5811; x_wconf 81' lang='lat' dir='ltr'>bar—</span> 
     </span>
    </p>
   </div>
   <div class='ocr_carea' id='block_1_121' title="bbox 2121 5825 2663 5882">
    <p class='ocr_par' dir='ltr' id='par_1_121' title="bbox 2121 5825 2663 5882">
     <span class='ocr_line' id='line_1_121' title="bbox 2121 5825 2663 5882; baseline 0.002 -3"><span class='ocrx_word' id='word_1_834' title='bbox 2121 5826 2284 5881; x_wconf 82' lang='lat' dir='ltr'>ducio</span> <span class='ocrx_word' id='word_1_835' title='bbox 2311 5825 2455 5882; x_wconf 81' lang='lat' dir='ltr'>vehi.</span> <span class='ocrx_word' id='word_1_836' title='bbox 2488 5826 2663 5881; x_wconf 57' lang='lat' dir='ltr'>Gosa.</span> 
     </span>
    </p>
   </div>
  </div>
