4184 6432
310 470 473 536 1085

1652 471 1975 534 GEORGII
2019 472 2377 535 CEDRENI

3570 476 3728 537 1086

376 604 530 677 ’Λρτι
563 599 622 657 δὶ
649 607 748 657 τοῦ
779 598 1051 677 βασιλέως
1111 600 1346 676 Μιχαὴλ
1404 602 1542 660 κατὰ
1582 603 1815 676 Κρητῶν
1869 599 1951 672 ἰξ-

2137 604 2459 675 Postquam
2481 605 2694 665 deinde
2717 606 3039 663 Michaelus
3063 622 3197 663 cum
3216 606 3404 663 Barda
3423 607 3716 664 avunculo

309 692 604 753 ελάσαντος
665 692 799 766 μετὰ
852 690 1040 766 Βάρδα
1098 691 1371 767 Καίσαρος
1419 695 1516 747 τοῦ
1569 691 1713 754 θείου
1771 688 1958 761 «hoc,

299 783 390 838 καὶ
451 777 830 855 σοϐαρώτερον
911 777 1226 854 ἁπτομένου
1303 786 1413 836 τῶν
1473 780 1809 857 πραγμάτων
1865 783 1963 837 τοῦ

310 868 492 947 Βάρδα
520 871 610 926 καὶ
666 870 804 926 κατὰ
865 872 1061 944 μικρὸν
1119 870 1379 932 ἀνιῶντος
1432 871 1524 925 τὸν
1585 869 1814 945 βασιλέα
1868 869 1961 924 καὶ

296 967 414 1023 τοῖς
445 961 571 1035 περὶ
599 960 758 1015 αὐτὸν
811 959 1073 1021 ὑπονοίας
1129 961 1384 1037 ἅαορμήν
1439 957 1703 1027 διδόντος,
1737 960 1850 1018 ἐπεὶ
1907 957 1959 1013 ἐν

301 1056 423 1115 τοῖς
453 1053 660 1124 Κήποις
689 1048 931 1124 ἐγένοντο
963 1050 1156 1124 (τόπος
1200 1047 1258 1105 δὲ
1314 1051 1365 1105 οἱ
1424 1052 1607 1121 Κῆπυι
1664 1051 1800 1105 κατὰ
1858 1050 1957 1118 τὴν

301 1140 599 1215 παράλιον,
635 1143 716 1214 [Ρ.
744 1141 874 1211 566]
904 1134 1030 1194 ἔνθα
1050 1139 1191 1213 πρὸς
1220 1141 1318 1208 τήν
1371 1137 1642 1204 θάλασσαν
1704 1135 1959 1201 εἰσϐολὰς

297 1235 538 1286 ποιεῖται
595 1230 625 1285 6
703 1225 1013 1303 Μαίανδρος
1088 1230 1383 1301 ποταμὸς),
1442 1229 1668 1293 annos:
1736 1226 1801 1298 δὴ
1856 1235 1956 1297 τῆς

291 1321 558 1383 συηευῆς
605 1318 696 1374 καὶ
742 1316 975 1390 μελέτης
1006 1320 1304 1392 γενομένης
1351 1324 1467 1380 τοῖς
1519 1318 1646 1394 περὶ
1703 1319 1795 1372 τὸν
1855 1320 1956 1393 βα·-

294 1409 474 1473 σιλέα,
531 1409 622 1462 ἳνα
684 1410 759 1483 μὴ
819 1410 1286 1484 καταταχηθὲντες
1368 1409 1580 1463 πάθωσι
1647 1407 1861 1482 μᾶλλον

299 1497 594 1575 δράσωσιν,
680 1498 1095 1562 ἐπισπεύσαντες
1176 1499 1453 1573 ἀναιροῦσι
1538 1503 1632 1555 τὸν
1720 1496 1955 1573 Βάρδαν,

289 1590 474 1653 καθὼς
521 1587 724 1644 ἄνωθεν
786 1590 815 1642 6
870 1587 1040 1664 λόγος
1111 1586 1414 1665 διαρῥήδην
1476 1586 1745 1659 ἐδήλωσε,
1806 1606 1958 1664 mpi-

286 1676 565 1735 πλακίντα
593 1684 710 1740 τοῖς
740 1682 838 1734 τοῦ
883 1677 1155 1752 βασιλέως
1187 1680 1334 1735 ποσί.
1407 1681 1633 1753 Πρώτην
1698 1680 1798 1754 ἧγε
1854 1699 1952 1749 τηο

288 1771 519 1824 ’μικαῦτα
580 1769 688 1840 μὴν
749 1768 778 1822 ὁ
838 1768 1167 1834 Ἀπρίλλιος
1250 1775 1353 1837 τῆς
1428 1768 1495 1824 ιδ’
1555 1767 1951 1841 ἐπινεμήσεώς.

278 1857 755 1921 Ἀποκτανθέντος
815 1856 907 1912 οὖν
968 1862 1064 1914 τοῦ
1125 1855 1302 1932 Βάρδα
1389 1859 1547 1923 εὐθὺς
1607 1859 1636 1915 ὁ
1698 1857 1954 1934 βασιλεὺς

288 1950 393 2019 τήν
419 1966 477 2002 τε
507 1944 924 2022 στρατοπεδείαν
984 1946 1246 2005 καταλύει
1303 1948 1392 2004 καὶ
1437 1949 1630 2005 νόστου
1658 1950 1795 2025 πρὸς
1849 1951 1951 2019 τήν
1986 1974 2030 2038 Β

293 2035 689 2111 βασιλεύουσαν
765 2036 1062 2109 μέμνηται.
1146 2034 1491 2103 Ἐπανελθὼν
1562 2034 1619 2092 δὲ
1693 2038 1829 2111 πρὸς
1890 2038 1951 2093 τὸ

298 2127 621 2197 Βυζάντιον,
655 2127 875 2201 ἐπείπερ
907 2125 1108 2189 οἰκείας
1159 2127 1385 2202 ἡμοίρει
1448 2130 1638 2203 γονῆς,
1688 2126 1953 2184 εἰσποιεῖν

295 2218 392 2273 ταί
453 2238 513 2272 τε
566 2217 658 2272 τὸν
710 2216 991 2273 Βασίλειον
1029 2216 1118 2271 καὶ
1176 2217 1253 2281 εἰς
1314 2220 1414 2287 τὴν
1471 2221 1579 2273 τῶι
1642 2219 1953 2293 μαγίστρων

295 2301 608 2376 ἀναϐιϐάζει
639 2309 831 2379 τιμήν.
864 2308 929 2360 "0
964 2308 1038 2379 μή
1101 2308 1279 2384 φέρων
1316 2308 1419 2363 ὑπὸ
1470 2307 1669 2383 φθόνου
1729 2310 1757 2364 ὁ
1798 2315 1948 2382 Συμο

291 2393 484 2460 ϐἀτιος
548 2396 577 2451 6
628 2394 929 2472 λογοθὲτης
984 2401 1081 2451 τοῦ
1148 2394 1379 2471 δρόμου,
1440 2400 1467 2453 ὁ
1525 2403 1621 2452 τοῦ
1681 2399 1954 2471 Καίσαρος

287 2482 476 2560 Βάρδα
559 2479 830 2560 γαμϐρὸς,
899 2486 1376 2563 προφασισάμενος
1422 2486 1484 2540 τὸ
1547 2488 1622 2559 μή
1692 2483 1951 2551 δύνασθαι

291 2579 391 2647 ζῇν
420 2574 508 2630 ἐπὶ
564 2581 666 2643 τῆς
730 2571 1018 2649 βασιλίδος
1075 2577 1175 2643 τήν
1231 2580 1340 2632 τῶν
1400 2577 1722 2650 Θρᾳκησίων
1756 2575 1951 2647 ἐξαιτεῖ

287 2666 636 2740 στρατηγίαν,
676 2665 769 2720 καὶ
812 2662 878 2733 δὴ
933 2664 1023 2721 καί
1084 2661 1373 2739 λαμϐάνει.
1428 2665 1646 2742 Ὀλίγου
1717 2664 1773 2722 δὲ
1830 2688 1945 2722 και‹

290 2760 392 2831 ροῦ
421 2754 791 2829 παρελθόντος
826 2755 916 2810 καὶ
974 2762 1072 2824 τῆς
1134 2755 1413 2830 βασιλείας
1471 2755 1791 2833 ἐπισφαλῶς
1846 2779 1948 2813 κυ-

295 2839 671 2918 ϐερνωμένης,
711 2843 803 2898 ἅτε
829 2847 927 2898 τοῦ
960 2842 1232 2918 βασιλέως
1262 2844 1397 2919 πρὸς
1429 2842 1647 2916 ἄλλοις,
1698 2846 1826 2902 ἀλλ’
1878 2847 1942 2901 οὐ

291 2938 419 2997 ταῖς
470 2936 577 2988 τῶν
641 2933 980 3008 πραγμάτων
1039 2931 1342 3004 διοικήσεσι
1400 2935 1488 2989 τὸν
1540 2940 1661 2991 νοῦν
1694 2928 1943 3011 ἔχοντος,

290 3022 386 3079 καὶ
441 3026 539 3077 τοῦ
596 3033 825 3086 θανάτου
881 3021 937 3076 δὲ
978 3026 1075 3078 τοῦ
1116 3020 1299 3097 Βάρδα
1329 3025 1575 3100 καθαρῶς
1633 3023 1945 3101 ἐλέγξαντος

293 3114 397 3182 τήν
427 3111 598 3167 αὐτοῦ
627 3111 900 3176 οὗθίνειαν
948 3114 1037 3169 καί
1101 3111 1353 3191 ἀφέλειαν
1416 3111 1640 3188 (ἔκείνου
1696 3115 1798 3191 γὰρ
1847 3115 1942 3171 ἐπ-

296 3205 701 3277 αγρυπνοῦντα
732 3202 807 3264 ὡς
838 3207 1103 3257 κοινωνοῦ
1140 3206 1250 3258 τῶν
1305 3204 1664 3281 πραγμάτων,
1725 3206 1813 3261 καὶ
1843 3213 1943 3276 τῆς

294 3289 619 3362 διοικήσεως
650 3292 769 3355 καθ’
805 3290 928 3345 ὅσον
981 3291 1096 3345 οἷόν
1128 3313 1187 3348 τε
1244 3293 1634 3368 ἀντεχομένου,
1701 3299 1769 3369 τῇ
1824 3297 1944 3352 τού-

289 3401 390 3437 του
421 3378 713 3455 ἱπιμελείᾳ
740 3381 830 3436 καὶ
861 3379 1072 3455 σπουδῇ
1123 3383 1158 3450 ἡ
1216 3386 1313 3437 τοῦ
1378 3381 1649 3457 βασιλέως
1708 3383 1951 3441 οὐθένεία

292 3468 647 3526 ἐκαλύπτετο·
687 3467 802 3525 ἐπεὶ
848 3466 892 3523 δ’
953 3472 1156 3533 ὶκεῖνος
1217 3471 1504 3552 ἀπεσφάγη
1560 3474 1651 3529 καὶ
1708 3476 1743 3544 ἡ
1809 3481 1953 3531 πᾶσα

288 3567 396 3628 τῆς
429 3556 709 3635 βασιλείας
738 3561 960 3636 φροντὶς
995 3559 1072 3622 είς
1108 3561 1273 3633 μόνον
1329 3560 1583 3636 περιέστη
1641 3563 1732 3619 τὸν
1798 3565 1953 3640 βασι-

289 3647 411 3718 λέα,
469 3649 594 3704 τότε
661 3645 730 3718 δὴ
778 3650 1029 3723 καθαρῶς
1087 3648 1151 3704 τὸ
1210 3649 1375 3706 αὐτοῦ
1430 3649 1802 3722 ἀνεπιτήδειον
1861 3655 1952 3711 καὶ

287 3738 430 3813 πρὸς
511 3738 606 3799 τὰς
670 3735 962 3799 πολιτικὰς
1018 3737 1235 3813 πράξεις
1305 3739 1688 3802 ἀναπεπτωκὸς
1761 3742 1954 3813 ἰξηλία

289 3827 508 3903 γχετο),
540 3825 784 3902 ἐγίνοντο
818 3827 965 3902 παρὰ
1018 3830 1116 3881 τοῦ
1175 3831 1362 3882 κοινοῦ
1418 3834 1666 3902 συνεχεῖς
1724 3827 1951 3905 διαγαγ-

294 3918 503 3995 γυσμοὶ
541 3917 679 3973 κατὰ
735 3915 835 3972 τοῦ
892 3915 1187 3992 βασιλέως,
1247 3917 1337 3973 καὶ
1394 3917 1506 3972 οὔθ’
1562 3920 1596 3987 ἠ
1642 3918 1950 3992 σύγκλητος

294 4007 423 4064 οὕτε
506 4009 570 4064 τὸ
627 4007 943 4083 πολίτευμα
985 4014 1101 4071 τοῖς
1157 4007 1551 4084 πραττομένοις
1632 4010 1947 4085 ἠρέσκοντο,

290 4098 384 4154 καὶ
430 4097 562 4153 αὐτὸ
621 4094 689 4166 δὴ
745 4097 809 4151 τὸ
863 4100 1172 4173 στράτευμα
1231 4092 1666 4171 ἀνασεσϐημὲνον
1703 4101 1791 4155 καὶ
1861 4121 1948 4156 κι-

286 4187 580 4261 κινημὲνον
608 4185 925 4264 ίτύγγανεν.
967 4189 1161 4244 "Arma
1193 4185 1282 4244 διὰ
1338 4193 1445 4244 τῶν
1503 4188 1852 4247 οἰκειοτάτων
1922 4186 1950 4240 ὂ

288 4276 551 4353 βασιλεὺς
636 4276 1051 4351 ἐνωτιζόμενος,
1110 4278 1200 4332 καὶ
1271 4279 1371 4348 τὴν
1431 4280 1622 4334 ἑαυτοῦ
1677 4283 1952 4335 κατανοῶν

295 4366 435 4442 πρὸς
489 4366 587 4429 τὰς
640 4367 914 4439 κοσμικὰς
975 4365 1351 4443 ἐπιχειρήσεις
1436 4365 1778 4440 ἀδεξιότητα,
1838 4370 1953 4443 ἅμα

287 4453 350 4511 δὶ
379 4456 468 4511 καὶ
524 4454 880 4511 ἐπανάστασιν
937 4452 1286 4528 εὐλαϐηθεὶς,
1345 4458 1606 4513 κοινωνὸν
1647 4454 1784 4535 ἔγνω
1841 4464 1948 4515 τῶν

283 4544 621 4619 πραγμάτων
651 4539 1058 4617 προσλαϐέσθαι
1099 4546 1191 4600 καὶ
1246 4554 1347 4617 τῆς
1408 4547 1611 4622 ἀρχῆς.
1671 4548 1777 4603 Καὶ
1835 4547 1950 4604 imi

285 4634 396 4709 πρὸ
422 4633 642 4711 ὀλίγου,
675 4634 750 4697 ὡς
809 4635 1010 4690 ἄνωθεν
1064 4631 1311 4708 ε’ίπομεν,
1370 4635 1831 4711 υἱοποιησάμενος
1883 4638 1951 4707 ἦν

283 4722 380 4778 τᾶν
408 4720 717 4792 Βασίλειον,
748 4718 872 4796 ᾔδει
903 4719 961 4777 δὲ
1017 4721 1178 4779 αὐτὸν
1221 4724 1311 4779 καὶ
1376 4721 1569 4799 ἀνδρίᾳ
1605 4725 1697 4780 καὶ
1745 4726 1947 4782 συνέσει

2073 692 2511 763 eXpeditionem
2560 696 2844 767 suscepit,
2878 701 2937 750 et
2988 695 3208 753 Bardas
3242 695 3600 753 insolentius
3630 712 3724 751 res

2071 787 2323 838 tractare
2374 786 2567 856 accpit,
2617 786 3023 857 paulatimque
3075 785 3494 856 imperatorem
3537 786 3725 841 offen-

2072 870 2219 927 dens
2249 872 2510 931 sinistris
2541 875 2613 929 de
2646 893 2704 930 se
2739 874 3176 946 suspicionibus
3207 891 3415 933 ansam
3450 875 3724 947 prmbuit,

2069 966 2134 1016 ut
2162 965 2351 1033 Cepos
2385 970 2622 1020 ventum
2658 969 2747 1019 est
2794 964 2976 1035 (Cepi,
3011 964 3211 1020 Latine
3244 963 3447 1020 hortos
3481 963 3725 1031 dixeris,

2070 1052 2180 1109 loci
2215 1067 2435 1109 nomen
2480 1060 2570 1109 est
2621 1054 2925 1121 maritimi,
2957 1053 3058 1108 ubi
3092 1052 3387 1109 Maeander
3418 1052 3631 1108 ﬂuvius
3661 1053 3721 1107 in

2067 1159 2230 1201 mare
2257 1143 2566 1213 illabitur),
2599 1144 2925 1215 imperator
2956 1160 3088 1198 cum
3130 1143 3254 1198 suis
3285 1142 3420 1198 iniit
3448 1142 3721 1211 consilia,

2067 1249 2142 1288 ne
2173 1250 2207 1287 a
2236 1233 2425 1289 Barda
2457 1234 2739 1303 praeventi
2765 1233 3243 1304 Opprimerentur
3269 1249 3282 1300 ;
3307 1238 3366 1286 et
3394 1248 3457 1287 re
3490 1248 3722 1302 compo-

2068 1322 2181 1378 sita
2212 1328 2390 1394 atque
2422 1328 2713 1379 maturata
2734 1323 2886 1377 999
2924 1322 3141 1379 Bardas
3188 1322 3368 1392 pedes
3402 1322 3720 1393 imperato-

2067 1411 2150 1467 ris
2170 1412 2480 1482 amplexus
2504 1412 2834 1469 trucidatus
2857 1417 2984 1477 est;
3019 1429 3149 1481 qum
3172 1426 3266 1465 res
3290 1428 3467 1482 supra
3489 1428 3523 1466 a
3546 1411 3716 1466 nobis

2067 1499 2352 1570 exposita.
2388 1506 2601 1557 Actum
2636 1501 2746 1555 hoc
2781 1500 2874 1555 die
2907 1500 3099 1571 prima
3127 1499 3367 1571 Aprilis,
3390 1499 3715 1555 indictione

2067 1590 2151 1644 14.
2176 1589 2493 1645 Interfecto
2518 1589 2724 1655 Barda,
2758 1590 3083 1660 imperator
3104 1588 3479 1660 expeditione
3503 1589 3723 1645 omissa

2068 1678 2267 1733 statim
2305 1679 2643 1749 Byzantium
2688 1678 2865 1733 rediit
2893 1694 2907 1744 ;
2931 1686 2989 1735 et
3011 1695 3077 1732 eo
3100 1694 3537 1737 reversus.cuin
3554 1679 3717 1749 prole

2066 1768 2603 1835 oareret,Basilium
2627 1768 2701 1824 ad
2724 1767 3046 1840 magisterii
3070 1768 3417 1839 dignitatem
3452 1773 3713 1824 evectum

2064 1857 2383 1928 adoptavit.
2418 1856 2582 1921 Quod
2616 1874 2749 1913 cum
2782 1875 2903 1913 non
2936 1858 3115 1912 ferret
3146 1874 3264 1929 pra:
3298 1857 3519 1915 invidia
3550 1859 3718 1928 Sym-

2064 1948 2260 2005 batius
2292 1948 2485 2005 dromi
2516 1949 2835 2020 logotheta,
2873 1948 3073 2005 Bardm
3105 1966 3307 2019 gener,
3341 1949 3716 2019 praetendens

2066 2056 2127 2095 se
2159 2039 2324 2109 Cpoli
2357 2041 2551 2093 vivere
2582 2056 2701 2095 non
2735 2056 2928 2110 posse.
2961 2039 3133 2111 petiit
3162 2039 3617 2110 impetravitque
3650 2043 3717 2094 ut

2063 2128 2493 2185 Thracensibus
2519 2130 2936 2200 praiﬂceretur.
2959 2128 3208 2185 Paulum
3235 2128 3462 2185 etfluxit
3487 2134 3712 2199 tempo~

2063 2219 2165 2287 ris,
2195 2235 2328 2275 cum
2378 2219 2519 2275 satis
2552 2220 2744 2290 patuit
2784 2219 3100 2290 imperium
3136 2219 3465 2291 periculose
3496 2218 3712 2290 guber-

2062 2309 2214 2375 nari,
2249 2309 2469 2379 quippe
2501 2309 2788 2365 Michaelc
2835 2309 2971 2364 aliis
3011 2325 3192 2380 quam
3231 2308 3573 2379 reipublicae
3604 2325 3704 2379 ge-

2062 2399 2260 2455 rendas
2281 2399 2533 2470 negotiis
2561 2398 2810 2466 intento,
2846 2397 3095 2470 ejusque
3124 2398 3404 2455 {utilitate
3426 2415 3494 2453 ac
3516 2398 3708 2453 stulti~

2060 2488 2142 2545 tia
2170 2503 2205 2542 a
2260 2488 2461 2543 Bardw
2490 2489 2737 2545 interitu
2767 2489 2964 2558 palam
3014 2488 3441 2544 innotescente.
3477 2486 3707 2543 Etenim

2059 2578 2269 2643 Barda,
2300 2583 2368 2633 ut
2422 2578 2524 2648 qui
2583 2578 2959 2648 imperatoris
3018 2577 3240 2650 collega
3296 2583 3473 2642 esset,
3506 2596 3611 2648 pro
3644 2595 3705 2633 re

2058 2666 2296 2738 publica
2345 2666 2673 2723 excubante
2706 2665 2773 2723 ac
2822 2683 2926 2738 pro
2958 2667 3112 2722 virili
3162 2668 3291 2737 ejus
3322 2667 3708 2723 administra-

2056 2757 2203 2812 tioni
2236 2757 2487 2825 intento,
2502 2756 2798 2812 industria
2819 2755 2997 2827 hujus
3013 2763 3189 2827 atque
3212 2757 3519 2828 diligentia
3538 2757 3704 2828 igna-

2056 2848 2213 2902 viam
2242 2846 2515 2903 Michaeli
2565 2847 2910 2905 occultaret.
2945 2847 3185 2903 Sublato
3218 2846 3425 2915 Barda,
3460 2853 3517 2901 et
3542 2847 3707 2903 omni

2056 2935 2292 3007 imperii
2344 2936 2753 3006 procuratioee
2808 2936 2871 2990 in
2913 2935 3157 2990 unicum
3188 2934 3570 2991 incumbente
3601 2935 3711 2989 Mi-

2055 3026 2353 3095 chaelum,
2385 3025 2701 3097 perspicue
2743 3025 3019 3096 apparuit
3049 3041 3228 3095 quam
3259 3025 3309 3079 is
3341 3032 3500 3080 esset
3527 3025 3707 3081 homo

2055 3115 2131 3170 ad
2151 3130 2276 3170 rem
2299 3115 2600 3187 publicam
2624 3112 2994 3171 tractandam
3010 3114 3247 3185 ineptus
3275 3119 3454 3185 atque
3485 3114 3707 3187 segnis.

2053 3204 2257 3275 Itaque
2307 3203 2684 3261 subditorum
2741 3202 2962 3260 Crebra;
3012 3208 3181 3258 erant
3229 3202 3301 3258 de
3349 3202 3709 3273 imperatore

2060 3294 2339 3365 querelae,
2369 3299 2427 3349 et
2448 3310 2641 3365 neque
2671 3294 2903 3351 senatui
2935 3310 3130 3365 neque
3152 3292 3376 3349 civibus
3407 3300 3537 3348 acta
3566 3310 3710 3365 pro-

2059 3385 2533 3456 babantur,ipsiq
2544 3402 2613 3440 ue
2637 3385 2816 3443 etiam
2839 3384 3132 3440 exercitus
3154 3383 3710 3455 ferociebantatque

2062 3475 2529 3547 exagitabantur.
2563 3476 2702 3540 Quas
2752 3474 2959 3531 1900
2990 3474 3191 3531 omnia
3221 3473 3541 3530 Michaelus
3573 3489 3709 3528 cum

2061 3565 2596 3621 afamiliarissimis
2617 3564 2729 3621 sibi
2756 3564 3029 3620 nuntiata
3045 3564 3429 3636 percepisset,
3446 3563 3710 3619 sentiens

2062 3666 2243 3724 quam
2301 3653 2428 3725 ipse
2460 3658 2616 3709 esset
2645 3652 2719 3709 ad
2752 3654 2900 3711 tanti
2948 3652 3184 3724 imperii
3216 3653 3711 3725 gubernationem

2060 3758 2272 3813 parum
2294 3742 2566 3811 idoneus,
2592 3742 2889 3813 simulque
2908 3742 3019 3798 sibi
3041 3759 3075 3798 a
3095 3742 3388 3798 seditione
3413 3747 3709 3810 metuens,

2061 3832 2348 3903 collegam
2372 3833 2577 3890 statuit
2597 3832 2710 3888 sibi
2728 3832 3084 3891 adsciscere.
3103 3835 3174 3888 Et
3192 3834 3332 3903 quia
3351 3833 3528 3903 paulo
3547 3837 3710 3897 ante,

2058 3925 2124 3974 ut
2149 3919 2430 3984 diximus,
2467 3920 2748 3976 Basilium
2781 3920 3178 3990 adoptaverat,
3213 3921 3710 3992 sciebatqueeum

2056 4008 2307 4079 reliquis
2337 4007 2687 4061 fortitudine
2718 4014 2777 4062 et
2820 4009 3139 4079 prudentia
3166 4010 3415 4077 anteire,
3449 4015 3508 4064 et
3536 4027 3711 4082 posse

2060 4096 2308 4168 implere
2340 4096 2499 4166 quod
2549 4095 2662 4152 sibi
2691 4096 2765 4152 ad
2795 4096 3225 4169 rempublicam
3260 4099 3709 4170 temperandam

2060 4186 2427 4243 dexteritatis
2458 4186 2681 4253 deerat,
2713 4186 2973 4241 maxime
3003 4192 3202 4243 autem
3235 4205 3513 4259 suprema
3542 4195 3706 4260 pote-

2060 4282 2211 4333 state
2243 4293 2312 4334 eo
2335 4276 2526 4347 ipsum
2550 4276 3332 4348 impellente,imperatoriis
3361 4295 3495 4334 eum
3530 4280 3708 4337 hono-

2059 4367 2247 4434 ribus,
2270 4366 2603 4439 insignibus
2623 4371 2800 4437 atque
2823 4366 3033 4437 Opibus
3055 4374 3321 4437 exornat,
3354 4386 3705 4441 progressus

2059 4459 2237 4530 hujus
2266 4457 2353 4513 rei
2384 4471 2563 4513 causa
2594 4456 2829 4528 publice
2875 4457 2935 4511 in
2968 4458 3165 4514 nobile
3217 4458 3429 4515 divina)
3463 4461 3707 4531 Sapien-

2061 4550 2156 4605 tite
2182 4549 2483 4615 fanum,ac
2508 4547 2723 4603 Basilio
2749 4563 3029 4602 coronam
3051 4548 3272 4619 regiam
3304 4549 3558 4619 imponit
3578 4550 3706 4621 ipso

2061 4644 2279 4695 sanctae
2338 4639 2719 4693 Pentecostes
2773 4636 2923 4692 festo
2983 4637 3099 4705 die,
3133 4638 3233 4709 qui
3274 4638 3383 4693 fuit
3415 4638 3543 4695 dies
3577 4639 3709 4696 Maii

2052 4728 2332 4800 vigesima
2361 4732 2545 4792 sexta,
2580 4725 2903 4781 indictione
2931 4725 3162 4782 decima
3188 4732 3420 4798 quarta.

284 4817 396 4869 τῶν
423 4810 656 4868 πολλῶν
685 4808 1010 4889 διαφέροντα
1040 4813 1129 4867 καὶ
1163 4814 1346 4869 ἱκανὸν
1380 4812 1730 4889 ἀναπληροῦν
1760 4816 1821 4871 τὸ
1853 4816 1906 4869 ἓν
1934 4814 2004 4890 τῇ
2035 4811 2353 4889 κυϐερνήσει
2386 4818 2484 4870 τοῦ
2517 4818 2790 4887 κοσμικοῦ
2822 4812 3058 4892 σκάφους
3091 4816 3391 4891 ὓστὲρημα,
3422 4816 3485 4871 τὸ
3544 4816 3709 4873 πλὲον

281 4900 344 4958 δὲ
372 4903 462 4957 καὶ
493 4903 799 4977 ὓπερτάτης
829 4900 1112 4975 δυνάμεως
1150 4902 1449 4981 ἐναγούσης
1481 4903 1560 4968 εἰς
1586 4909 1752 4961 τοῦτο
1784 4904 1963 4977 αὐτὸν,
1996 4904 2086 4961 καὶ
2123 4902 2399 4981 βασιλείας
2425 4906 2566 4975 τιμῆ
2609 4904 2700 4959 καὶ
2754 4901 2880 4977 δόξῃ
2937 4905 3021 4961 καὶ
3058 4904 3325 4981 χρίσματι
3380 4912 3713 4979 κατακοσμεῖ

281 4992 377 5046 τὸν
413 4990 722 5063 Βασίλειον,
754 4992 891 5047 κατὰ
920 4993 1021 5061 τὴν
1057 4992 1205 5067 ἱερὰν
1227 4993 1316 5048 καὶ
1346 4992 1498 5068 ἁγίαν
1523 4993 1734 5070 ἡμέραν
1767 5001 1864 5065 τῆς
1897 4994 2299 5065 Πεντηκοστῆς,
2333 4990 2385 5046 ἰν
2417 4994 2496 5062 τῷ
2524 4992 2857 5066 περιωνύμῳ
2889 5001 2987 5062 τῆς
3036 4998 3133 5048 τοῦ
3163 4997 3296 5048 Θεοῦ
3322 4995 3525 5073 Σοφίας
3574 5000 3708 5067 ναῷ,

284 5079 560 5156 δημοσίαν
592 5079 831 5158 πρόοδον
861 5080 1257 5154 ποιησάμενος,
1284 5084 1375 5137 καὶ
1404 5084 1495 5137 τὸν
1533 5082 1812 5159 βασίλειον
1851 5089 1927 5158 τῷ
1961 5081 2227 5155 Βασιλείῳ
2249 5079 2563 5157 περιτίθησι
2587 5080 3052 5157 στέφανον,ἓκτην
3086 5084 3221 5158 πρὸς
3253 5081 3453 5138 εἴκοσιν
3483 5084 3707 5159 ἄγοντος

279 5176 382 5227 τοῦ
412 5172 587 5227 Μαΐου
623 5171 799 5246 μηνὸς
825 5178 926 5241 τῆς
961 5168 1023 5226 ιδ’
1051 5169 1446 5245 ἐπινεμήσεως.

351 5264 530 5319 Τοῦτο
565 5261 747 5335 μαθὼν
778 5261 805 5316 6
874 5255 1188 5336 Συμϐέτιος
1225 5263 1461 5337 μετρίως
1523 5263 1624 5318 οὐκ
1687 5262 1936 5338 ἤγεγκεν,

2119 5266 2239 5320 Ηοο
2258 5262 2364 5319 ubi
2384 5263 2626 5320 rescivit
2658 5263 3015 5333 Symbatius,
3048 5264 3252 5336 inique
3271 5264 3424 5331 tulit,
3461 5269 3707 5321 nactus-

273 5349 425 5407 ἆλλᾶ
450 5351 709 5428 συνεργὸν
742 5350 986 5429 εἰληφὼς
1029 5352 1117 5406 καὶ
1177 5351 1269 5406 τὸν
1324 5352 1611 5426 πατρίκιον
1668 5354 1928 5428 Πηγάνην

2062 5369 2158 5424 μισ
2190 5352 2419 5408 socium
2456 5350 2740 5409 facinoris
2781 5352 3078 5422 Peganem
3118 5354 3456 5424 patricium.
3487 5353 3707 5424 Opsicii

270 5440 676 5515 (πρατηγὲτης
706 5437 764 5494 δὲ
811 5438 973 5501 οὗτος
1003 5444 1101 5495 τοῦ
1154 5440 1408 5515 Ὀψικίου
1468 5441 1760 5520 ἐτύγχανε)
1794 5443 1932 5516 πρὸς

2062 5443 2417 5515 πωίοοῑιιω,
2448 5440 2839 5497 rebellionem
2873 5445 2961 5496 est
2990 5444 3255 5500 molitus.
3280 5444 3627 5501 Michaelem
3660 5444 3701 5499 ii

268 5528 569 5585 ἀπόστασιν
602 5526 767 5597 εἶδον,
805 5526 1039 5607 Μιχαὴλ
1102 5530 1199 5603 μὲν
1259 5530 1636 5607 εὐφημοῦντες
1692 5534 1784 5587 τὸν
1836 5536 1929 5604 βαε

2067 5538 2469 5604 mperatorem
2497 5530 2705 5586 faustis
2736 5529 2977 5587 vocibus
3022 5531 3369 5601 probabant,
3406 5540 3470 5589 ut
3499 5533 3705 5591 multi-

274 5617 453 5686 σιλὲα,
484 5620 569 5692 [Ρ.
598 5618 728 5690 567]
761 5617 835 5679 ὡς
867 5614 928 5672 ἄν
958 5618 1018 5673 ἑκ
1045 5618 1241 5673 τούτου
1298 5620 1364 5673 τὰ
1418 5619 1608 5691 πλήθη
1644 5619 1930 5696 ἐπάγοιντο

2062 5622 2314 5678 udinem
2339 5621 2450 5676 sibi
2474 5619 2886 5685 conciliarent,
2920 5636 3114 5690 neque
3135 5620 3473 5677 viderenter
3492 5629 3702 5679 contra

273 5709 364 5764 καὶ
400 5708 477 5782 μή
509 5705 722 5762 δοκοῖεν
779 5706 972 5781 Χεῖρας
1033 5707 1204 5782 αἳρειν
1262 5709 1398 5763 κατὰ
1434 5714 1535 5764 τοῦ
1598 5708 1928 5786 αὐτοκράτοο

2062 5729 2216 5768 suum
2247 5713 2673 5783 imperatorem
2697 5722 2912 5766 manus
2937 5708 3166 5779 tollere,
3187 5711 3471 5767 Basiliam
3498 5719 3699 5769 autem

276 5817 391 5874 ρος,
451 5794 864 5874 δυσφημσῖωτες
917 5792 976 5850 Si
1037 5797 1133 5853 τὸν
1204 5794 1489 5853 Βασίλειον
1546 5799 1641 5853 καὶ
1702 5799 1924 5875 μυρίαις

2064 5800 2456 5873 mprobabent
2483 5814 2553 5857 ιο
2607 5799 2860 5857 inﬁnitis
2891 5799 3358 5872 proscindebant
3380 5802 3688 5860 conviciis.
