4184 6456
350 465 510 527 1087

1498 457 2037 518 HISTORIABUM
2082 457 2640 522 COMPENDIUM.

3622 456 3783 519 1088

351 603 485 657 Haec
506 606 712 656 aestate
737 598 1082 673 agebantur.
1116 596 1228 651 Sed
1260 600 1323 649 ut
1354 594 1546 649 hiems
1566 593 1719 659 iniit,
1754 592 2002 664 dissipa-

2123 590 2418 654 πλύνοντες
2450 587 2657 667 ὕϐρεσι.
2692 592 2795 649 Καὶ
2832 595 3004 647 ταῦτα
3064 592 3158 665 μὲν
3215 591 3510 667 ἐπράττετο
3565 591 3777 668 θέρους·

354 698 415 748 ta
436 698 525 745 est
548 692 676 746 hmo
695 691 893 755 coitio,
928 687 1178 743 ducibus
1200 685 1443 740 sceleris
1466 683 1603 756 fuga
1621 683 1733 738 sibi
1758 681 2011 737 salutem

357 782 781 854 quaerentibus.
816 778 1153 850 Symbatius
1200 777 1407 831 Latum
1453 790 1662 830 saxum
1694 774 1894 828 1001
1929 773 2012 843 (id

359 878 448 926 est
504 873 656 927 Asia:
706 868 1017 925 castellum
1069 866 1370 921 excelsum
1412 870 1471 920 et
1517 863 2011 932 munitissimum)

355 962 610 1029 intravit,
673 961 933 1029 Peganes
1004 956 1329 1028 Cotymium
1404 954 1663 1009 obtinuit
1752 951 2010 1023 Uterque

350 1053 527 1121 paulo
579 1053 715 1120 post
756 1052 1125 1120 expugnatus
1157 1046 1216 1100 in
1248 1044 1500 1099 vinculis
1530 1047 1620 1098 est
1649 1041 1721 1097 ad
1752 1042 2008 1114 impera-

354 1146 541 1193 torem
567 1138 909 1211 perductus.
933 1136 1099 1191 Oculi
1134 1136 1207 1189 iis
1231 1134 1454 1201 effossi,
1478 1132 1781 1203 Symbatio
1804 1130 2011 1185 dextra

352 1233 677 1300 amputata,
709 1244 890 1283 nasus
921 1226 1158 1297 Pegani,
1195 1229 1254 1279 et
1282 1223 1529 1294 relegati
1564 1226 1723 1277 sunt.

2401 677 2444 700 hs

2124 681 2339 755 χειμὼν
2397 679 2444 734 δ’
2502 680 2721 742 ἐπιστὰς
2779 681 2876 743 τὰς
2935 680 3216 745 συστάσεις
3269 680 3480 736 τούτων
3540 679 3779 752 διέλυσε,

2120 774 2231 825 τῶν
2254 769 2519 844 ἀρχηγῶν
2547 777 2647 840 τῆς
2710 771 2965 834 ἀπονοίας
3016 775 3160 849 φυγῇ
3194 771 3293 839 τήν
3345 770 3619 844 σωτηρίαν
3648 791 3783 838 πρα-

2122 860 2602 935 γματευσαμένων.
2670 860 2733 916 Ὁ
2796 859 2890 933 μὲν
2948 858 3041 914 οὖν
3118 854 3428 933 Συμϐάτιος
3478 860 3578 929 τήν
3634 860 3780 915 Πλα-

2118 953 2265 1003 τεῖαν
2313 950 2511 1023 πέτραν
2562 947 2844 1027 (φρούριον
2899 945 2956 1002 δέ
2994 952 3156 1004 τοῦτο
3212 948 3444 1023 ἐρυμνὸν
3494 950 3583 1005 καὶ
3640 947 3777 1005 δυσ-

2122 1036 2337 1092 άλωτον
2360 1038 2496 1093 κατά
2526 1039 2624 1107 τήν
2655 1037 2841 1095 Ἀσίαν
2895 1034 3258 1113 διακείμενον)
3316 1038 3711 1117 ἐπεισέρχεται,
3747 1040 3777 1094 6

2122 1126 2179 1185 δὲ
2218 1129 2478 1205 Πηγάνης
2509 1131 2742 1205 κατέσχε
2789 1131 2850 1185 τὸ
2901 1132 3215 1188 Κοτυᾶειον.
3257 1129 3435 1188 Ἀλλά
3488 1133 3624 1205 μετά
3679 1152 3775 1205 μι-

2119 1220 2249 1293 κρὸν
2281 1218 2826 1294 καταπολεμηθέντες
2886 1218 3100 1293 δέσμιοι
3161 1221 3296 1291 πρὸς
3355 1220 3518 1276 αὐτὸν
3578 1221 3773 1302 ἀναφέ-

351 1336 536 1391 ρονται
567 1315 657 1370 τὸν
699 1313 946 1390 βασιλέα*
983 1314 1036 1368 οἳ
1066 1313 1154 1367 καὶ
1185 1312 1312 1373 τοὺς
1346 1308 1667 1388 ὀφθαλμοὺς
1700 1308 2067 1384 πηρωθέντι-ις,
2116 1308 2206 1363 καὶ
2257 1310 2482 1383 προσέτι
2540 1308 2748 1365 τούτων
2771 1310 2871 1380 τήν
2903 1310 2997 1383 μὲν
3030 1307 3207 1381 δεξιὰν
3240 1310 3269 1364 6
3302 1306 3641 1384 Συμϐάτιος,
3673 1313 3776 1382 τήν

348 1407 466 1480 ῥῖνα
496 1403 554 1460 δὲ
587 1407 614 1461 6
648 1405 907 1479 Πηγάνης
933 1402 1297 1476 ἀποτμηθεὶς,
1330 1399 1560 1475 έξορίαις
1591 1399 2068 1473 παραπέμπονται.

422 1497 714 1553 Omnibus
763 1499 1031 1552 Romano
1091 1494 1341 1565 imperio
1395 1491 1647 1547 subditis
1689 1495 1856 1563 grata
1893 1490 2008 1545 fuit

352 1585 554 1640 Basilii
602 1584 955 1657 designatio,
990 1582 1365 1653 cupientibus
1396 1596 1532 1635 eum
1579 1579 1774 1634 virum
1805 1578 2003 1634 videre

346 1675 420 1729 ad
452 1674 682 1730 clavum
714 1672 1059 1744 reipublicae
1084 1671 1412 1736 sedentem,
1444 1669 1544 1739 qui
1575 1666 1789 1739 privati
1812 1668 2000 1723 fortu-

347 1780 487 1819 nam
519 1767 797 1835 expertus
828 1778 950 1816 non
1003 1761 1303 1833 ignoraret
1347 1757 1647 1830 quomodo
1679 1757 1939 1813 humiles
1970 1774 2006 1813 a

348 1853 693 1925 potentibus
725 1856 1142 1907 tractarentur.
1178 1853 1472 1904 Praeterea
1516 1847 1833 1903 molestum
1878 1851 2006 1902 erat

2187 1489 2390 1550 Πάντες
2426 1486 2473 1543 δ’
2500 1489 2883 1569 ηύφράνθησαν
2913 1489 2999 1545 ἐπὶ
3048 1494 3116 1563 τῇ
3172 1488 3467 1566 ἀναῤῥήσει
3507 1494 3604 1544 τοῦ
3660 1493 3773 1548 Βα-

2116 1575 2326 1633 σιλείου
2358 1578 2414 1631 οἱ
2438 1585 2539 1646 τῆς
2569 1579 2858 1653 Ῥωμαίων
2910 1577 3191 1653 βασιλείας
3251 1579 3511 1650 ὑπήκοοι,
3558 1578 3774 1656 γλιχό-

2118 1687 2269 1741 μενοι
2302 1665 2470 1743 ἀνδρα
2491 1668 2779 1725 θεάσασθαι
2812 1668 2901 1724 ἐπὶ
2930 1674 3037 1724 τῶν
3073 1668 3274 1723 οἰάκων
3330 1674 3430 1738 τῆς
3493 1667 3774 1743 βασιλείας

2111 1760 2415 1831 καθήμενον
2451 1756 2737 1830 ἰδιωτικῆς
2767 1781 2825 1815 τε
2854 1759 3030 1830 τύχης
3097 1758 3493 1835 πεπειραμένον
3542 1759 3630 1814 καὶ
3692 1763 3770 1833 μὴ

2114 1845 2411 1922 ἀγνοοῦντα
2439 1851 2530 1903 οἶα
2578 1850 2884 1928 πάσχουσιν
2947 1848 3051 1903 ὑπὸ
3107 1853 3216 1904 τῶν
3278 1846 3659 1923 δυνατωτέρων
3720 1849 3774 1904 οἱ

352 1942 617 1997 Michaeli
652 1941 996 2013 imperium,
1022 1939 1293 1994 dissoluti
1318 1938 1594 2007 nimium,
1614 1937 1887 2008 nullique
1919 1937 2002 1991 rei

2118 1936 2511 2013 ταπεινότεροι.
2548 1939 2772 1993 Ἐλόπει
2801 1936 2905 2016 γὰρ
2955 1938 3150 2000 αὐτοὺς
3211 1937 3303 1992 καὶ
3360 1939 3395 2007 ἡ
3450 1941 3547 1992 τοῦ
3617 1938 3773 2013 βασι-

352 2049 532 2102 quam
591 2029 1124 2086 comessationibus
1183 2032 1241 2084 et
1292 2027 1551 2099 crapulae
1610 2026 1793 2082 dediti
1827 2031 2005 2097 atque

349 2120 819 2193 aurigationibus
872 2119 1213 2190 scurrisque
1245 2123 1303 2173 et
1347 2116 1480 2173 aliis
1512 2115 1644 2171 istis
1676 2116 2006 2171 decantatis

350 2211 548 2283 nugis,
578 2227 831 2280 quarum
864 2226 1045 2281 supra
1094 2208 1288 2263 obiter
1316 2207 1686 2262 mentionem
1733 2206 2003 2261 fecimus.

350 2300 513 2354 Idem
545 2300 823 2354 aerarium
854 2315 991 2354 cum
1024 2297 1228 2352 effusis
1260 2296 1321 2351 in
1354 2294 1642 2363 cinaedos,
1675 2294 2001 2350 sambucis-

352 2390 519 2457 trias,
566 2388 893 2443 saltatrices
946 2387 1245 2457 aliamque
1291 2386 1664 2457 impurorum
1695 2384 2006 2439 hominum

350 2485 647 2534 catervam
708 2477 1128 2549 largitionibus
1188 2474 1561 2531 exhausisset
1598 2479 1657 2529 et
1685 2474 1746 2528 in
1776 2478 2005 2528 arcium

348 2584 475 2623 rem
510 2570 837 2622 Romanam
868 2565 1178 2637 coegisset,
1215 2563 1430 2618 deinde
1463 2562 1665 2633 inopia
1696 2566 2004 2633 premente

346 2674 482 2713 cum
508 2674 625 2727 quo
650 2673 711 2711 se
734 2660 989 2711 verteret
1006 2670 1128 2709 non
1152 2652 1418 2721 haberet,
1448 2652 1701 2723 injustas
1722 2650 2002 2722 parandas

345 2763 462 2817 qua
486 2744 944 2801 necessitatibus
968 2745 1092 2799 suis
1106 2743 1447 2798 mederetur
1458 2740 1726 2812 pecunia:
1738 2740 2002 2795 rationes

345 2836 717 2907 excogitavit,
762 2850 1094 2905 manusque
1145 2832 1359 2904 impias
1405 2830 1583 2885 rebus
1633 2830 1784 2884 nihil
1833 2829 1906 2884 ad
1939 2846 2002 2884 se

345 2923 785 2995 pertinentibus
802 2923 1020 2977 intulit.
1046 2921 1197 2986 Quin
1221 2925 1281 2975 et
1301 2936 1436 2979 cum
1459 2922 1610 2974 cmtu
1634 2918 2001 2973 nefariorum

347 3019 525 3084 atque
558 3012 973 3068 obsccenorum
997 3010 1361 3066 cinaedorum
1383 3007 1563 3063 rebus
1586 3008 1771 3063 sacris
1795 3007 2001 3063 illude-

344 3102 467 3170 bat,
494 3102 846 3171 nullumque
879 3106 1006 3156 erat
1035 3099 1183 3155 adeo
1216 3097 1525 3153 infandum
1560 3098 1763 3153 1002
1806 3096 2001 3153 scelus

344 3192 503 3263 quod
535 3192 586 3246 is
618 3208 755 3247 cum
786 3191 909 3246 suis
940 3190 1186 3245 asseclis
1214 3188 1408 3244 verbis
1436 3204 1617 3259 reque
1648 3203 1772 3242 non
1794 3203 2001 3258 perpe-

344 3287 546 3337 traret.
598 3285 644 3335 A
667 3280 884 3352 quibus
915 3295 1050 3335 cum
1082 3295 1219 3334 eum
1251 3282 1516 3333 avertere
1541 3276 1809 3331 studeret
1836 3276 2000 3331 Basi-

341 3373 458 3427 lius
518 3386 766 3442 remque
824 3370 1041 3442 saapius
1100 3373 1405 3436 tentasset,
1439 3384 1560 3422 non
1622 3366 1797 3422 modo
1846 3367 1998 3422 nihil

343 3462 560 3528 effecit,
592 3460 696 3515 sed
721 3465 778 3514 et
807 3465 1016 3514 contra
1047 3475 1108 3512 se
1137 3456 1491 3511 Michaelum
1518 3455 1769 3510 irritavit
1791 3460 1997 3526 estque

345 3553 416 3608 ab
469 3568 535 3605 eo
574 3550 808 3605 insidiis
837 3549 1081 3621 petitus,
1114 3553 1182 3602 ut
1212 3564 1393 3618 supra
1423 3546 1755 3601 docuimus.
1788 3547 1997 3616 Itaque

345 3640 793 3698 continentibus
816 3639 1194 3710 imperatoris
1215 3643 1421 3693 contra
1453 3653 1514 3691 se
1539 3636 2000 3692 machinationi-

343 3731 456 3785 bus
487 3729 837 3801 perterritus
866 3732 1219 3799 praevertere
1255 3726 1614 3781 maleﬁcium
1640 3726 1846 3780 statuit
1869 3732 2001 3781 tan-

346 3821 693 3890 dem,reque
712 3834 846 3872 cum
867 3816 1222 3887 quibusdam
1246 3815 1369 3870 suis
1391 3814 1765 3881 necessariis,
1783 3831 2000 3887 cogna-

347 3914 421 3969 tis
470 3929 537 3967 ac
588 3909 1031 3967 excubitoribus
1080 3909 1283 3981 palatii
1337 3908 1689 3979 composita,
1724 3907 1893 3962 illum
1937 3908 1997 3962 in

343 4004 564 4077 palatio
589 4002 711 4057 Divi
734 4003 1046 4059 Mamantis
1070 4000 1387 4055 interfecit.

2039 3298 2081 3365 ρ
2115 3283 2325 3356 μικρῶν
2387 3280 2477 3334 καὶ
2536 3279 2784 3354 ἀσελγῶν
2848 3276 3208 3355 ἀνδρογύνων·

2116 2023 2259 2090 λέως
2324 2024 2555 2102 Μιχαὴλ
2597 2028 2745 2103 ἀρχὴ
2808 2026 2928 2082 λίαν
2993 2027 3130 2103 ὑγρά
3194 2027 3285 2083 καὶ
3343 2023 3770 2101 ἐκδεδιῃτημένη

2118 2114 2461 2195 ὑπάρχουσα,
2520 2115 2610 2171 καὶ
2684 2113 2854 2188 μηδὲν
2915 2113 3056 2173 ἄλλο
3113 2115 3269 2192 ἔργον
3317 2110 3525 2191 ἔχουσα
3554 2115 3679 2172 ἀλλ’
3734 2118 3773 2188 ἢ

2113 2207 2338 2277 κώμους
2422 2207 2513 2260 καὶ
2615 2205 2812 2280 μέθας,
2905 2205 2996 2261 καὶ
3082 2207 3410 2277 εὐθηνοῦσαι
3498 2203 3772 2277 ἱπποδρο-

2119 2292 2244 2366 μίαν
2273 2295 2363 2349 καὶ
2393 2293 2810 2370 γελωτοποιοὺς
2847 2295 2937 2350 καὶ
2966 2295 3064 2357 τὰς
3101 2292 3278 2357 ἄλλας
3337 2296 3433 2357 τὰς
3488 2296 3768 2369 παρεξηυ-

2116 2381 2361 2456 λημένας
2418 2388 2526 2438 τῶν
2589 2384 2857 2461 πράξεων,
2910 2384 2984 2439 ὧν
3054 2385 3130 2447 ὡς
3190 2383 3241 2439 έν
3303 2381 3528 2457 παρόδῳ
3584 2384 3769 2457 μνείαν

2114 2470 2314 2537 ἀνωθεν
2349 2476 2376 2528 6
2408 2473 2576 2550 λόγος
2609 2471 2700 2529 διὰ
2730 2474 2984 2550 βραχέων
3043 2468 3213 2543 ἔθετο,
3262 2476 3391 2537 τοὺς
3451 2474 3774 2550 βασιλικοὺς

2114 2561 2423 2635 θησαυροὺς
2480 2560 2743 2626 κιναίδοις
2789 2564 2878 2619 καὶ
2934 2559 3383 2639 σαμϐυκιστρίαις
3439 2564 3530 2619 καὶ
3590 2564 3773 2642 ὀρχη-

2115 2651 2290 2722 στρίσι
2319 2652 2411 2706 καὶ
2440 2651 2761 2708 ἀκολάστων
2822 2652 2970 2708 ὅλων
3029 2652 3240 2724 πληθύϊ
3297 2650 3570 2728 δικράνοις
3615 2652 3773 2718 ὅλοις

2111 2739 2529 2803 ἀποκενοῦντος.
2585 2743 2705 2819 Ἀφ’
2762 2740 2837 2797 ὧν
2895 2742 2963 2798 τὰ
3022 2742 3117 2816 μὲν
3189 2743 3480 2815 Ῥωμαίων
3559 2741 3767 2797 ἐστενο-

2113 2836 2351 2904 χωρεῖτο
2382 2832 2697 2907 πράγματα,
2747 2829 2908 2893 αὐτὸς
2975 2828 3034 2886 δὲ
3088 2832 3601 2911 στενοχωρούμενος
3661 2832 3768 2886 ὑπὸ

2108 2927 2208 2990 τῆς
2235 2918 2567 2992 ἐνδείας,καὶ
2601 2923 2676 2994 μή
2723 2915 2869 2998 ἔχων
2930 2922 2960 2976 6'
3018 2943 3069 2977 τι
3100 2923 3192 2977 καὶ
3245 2920 3511 2997 δράσειεν,
3547 2919 3770 2984 ἀδίκους

2109 3009 2315 3085 πόρους
2365 3010 2639 3067 ἐπενοεῖτο
2698 3011 2776 3074 εἰς
2834 3012 3117 3087 θεραπείαν
3177 3012 3323 3086 τάχα
3398 3018 3499 3082 τῆς
3550 3011 3764 3087 χρείας,

2108 3098 2197 3154 καὶ
2233 3105 2424 3176 χεῖρας
2455 3100 2705 3162 ἀνοσίους
2734 3094 3010 3156 ἐπέϐαλλε
3047 3105 3165 3164 τοῖς
3213 3101 3354 3157 κατὰ
3411 3098 3578 3174 μηδὲν
3614 3100 3764 3163 ὅλως

2109 3190 2257 3263 αὐτῷ
2282 3192 2643 3265 προσήκουσι.
2678 3190 2979 3259 Κατέπαιζε
3011 3187 3068 3245 δὲ
3124 3190 3214 3244 καὶ
3271 3193 3379 3245 τῶν
3412 3189 3568 3245 θείων
3631 3191 3770 3264 μετά

3295 3278 3386 3334 καὶ
3473 3276 3626 3334 οὐδὲν
3694 3281 3765 3350 ἧν

2109 3368 2544 3446 ἀρρητούργημα
2581 3369 2611 3423 ’ὀ
2641 3370 2717 3440 μή
2750 3367 2819 3423 δι’
2851 3368 3021 3423 αύτοῦ
3049 3369 3139 3423 καὶ
3195 3372 3305 3424 τῶν
3338 3366 3529 3431 ἄλλως
3588 3382 3771 3446 παρα-

2102 3456 2451 3537 τρεφομένων
2483 3457 2634 3528 αὐτῷ
2665 3457 2755 3511 καὶ
2788 3455 3008 3534 ἐλέγετο
3065 3456 3155 3512 καὶ
3213 3456 3533 3534 ἐπράττετο.
3592 3460 3769 3516 Ἀπο-

2103 3549 2318 3622 τρέπειν
2379 3544 2436 3601 δὲ
2490 3550 2597 3601 τῶν
2653 3546 2918 3601 τοιούτων
2997 3544 3269 3621 ἀθεμίτων
3334 3541 3512 3622 ἔργων
3569 3552 3764 3603 τοῦτον

2109 3636 2448 3715 βουλόμενος
2476 3639 2504 3692 ὁ
2538 3638 2824 3702 Βασίλειος
2861 3636 3140 3700 πολλάκις
3189 3626 3465 3714 πειραθεὶς
3497 3638 3560 3694 ού
3597 3640 3762 3713 μόνον

2107 3726 2440 3801 οὐκῖσχυσε,
2477 3725 2825 3799 μᾶλλονμὲν
2857 3724 2952 3781 οὖν
3009 3728 3096 3782 καὶ
3155 3729 3292 3799 πρὸς
3334 3726 3506 3803 ὀργήν
3567 3727 3770 3803 ἀνηρέ-

2107 3828 2244 3884 θισε,
2274 3816 2365 3872 καὶ
2400 3814 2628 3889 μελετᾷν
2678 3817 2796 3870 κατ’
2854 3816 3023 3871 αὑτοῦ
3082 3817 3243 3871 σκαιὰ
3294 3817 3384 3870 καὶ
3438 3813 3612 3872 ἄτοπα
3670 3817 3769 3871 ἀν·-

2107 3905 2342 3977 εκίνησε,
2372 3906 2551 3967 καθὼς
2592 3904 2645 3960 ἐν
2697 3911 2815 3970 τοῖς
2871 3902 3174 3979 ἔμπροσθεν
3235 3904 3465 3979 εἴρηται.
3521 3911 3649 3968 Ταῖς
3709 3906 3770 3961 δὲ

2105 3997 2224 4051 κατ’
2326 3994 2490 4051 αὐτοῦ
2593 3995 2873 4071 συνεχέσιν
2978 3991 3300 4057 ἐπιϐουλαῖς
3358 3994 3449 4050 καὶ
3513 3994 3770 4068 μελέταις

344 4091 763 4165 ἐκδειματωθεὶς
794 4091 821 4146 6
858 4088 1144 4150 Βασίλειος
1177 4086 1367 4162 δρᾶσαί
1398 4109 1449 4143 τι
1488 4086 1703 4161 μᾶλλον
1735 4088 1842 4162 πρὸ
1872 4091 1969 4142 τοῦ
2001 4089 2189 4142 παθεῖν
2246 4086 2581 4161 ἠγωνίσατο·
2652 4087 2848 4142 οὐκοῦν
2913 4086 3004 4142 καὶ
3062 4084 3572 4162 παρασκευσάμενος
3631 4087 3773 4159 μετά

343 4203 505 4237 τινων
537 4180 754 4237 οἰκείων
780 4201 841 4236 τε
864 4180 952 4234 καὶ
986 4184 1263 4255 συγγενῶν
1289 4178 1378 4232 καὶ
1413 4182 1521 4232 τῶν
1549 4176 1897 4252 παρακοίτων
1927 4175 1978 4230 έν
2018 4181 2133 4238 τοῖς
2170 4175 2472 4251 βασιλείοις
2529 4181 2872 4251 στρατιωτῶν
2928 4176 3140 4252 ἀναιρεῖ
3183 4177 3274 4231 τὸν
3312 4174 3539 4252 βασιλέα
3570 4176 3621 4232 έν
3647 4182 3770 4240 τοῖς

338 4269 627 4331 παλατίοις
650 4273 747 4324 τοῦ
780 4270 970 4343 Ἀγίου
1005 4265 1246 4344 μεγάλου
1282 4265 1558 4340 μάρτυρος
1585 4266 1908 4337 Μάμαντος.

413 4363 580 4417 Hunc
625 4361 810 4415 ﬁnem
861 4358 1129 4414 Michaeli
1181 4357 1380 4413 ntollis
1427 4372 1495 4412 ac
1547 4356 1837 4412 dissoluta
1884 4356 2003 4411 vita

341 4449 568 4505 habuit.
603 4452 682 4504 Eo
714 4447 965 4514 sublato,
1001 4448 1198 4503 statim
1227 4446 1482 4502 Basilius
1504 4446 1765 4517 primum
1795 4462 1829 4501 a
1859 4463 2003 4501 con-

340 4537 664 4608 jurationis
724 4538 921 4603 sociis,
952 4536 1167 4592 deinde
1213 4553 1248 4590 a
1296 4540 1503 4590 senatu
1556 4538 1614 4588 et
1655 4534 2001 4589 cohortibus

345 4627 746 4697 imperatoriis
768 4633 827 4681 et
858 4626 1020 4681 omni
1045 4625 1308 4679 exercitu
1341 4630 1517 4694 atque
1540 4623 1770 4679 urbana
1794 4624 1996 4678 multi-

2184 4355 2287 4411 Καὶ
2321 4353 2555 4429 Μιχαήλ
2591 4356 2687 4429 μὲν
2721 4352 2863 4409 οὕτω
2925 4355 3080 4429 βιοὺς
3139 4355 3433 4428 ἀνειμένως
3491 4356 3581 4411 καὶ
3618 4356 3768 4429 μαλ-

2113 4445 2292 4506 θακῶς
2323 4448 2570 4499 τοιοῦτον
2601 4445 2691 4500 καὶ
2747 4446 2810 4499 τὸ
2866 4443 3028 4507 τέλος
3082 4442 3319 4516 ἐδέξατο,
3380 4446 3770 4521 ἀναγορεύεται

2113 4529 2172 4588 δὲ
2205 4532 2485 4608 μόναρχος
2516 4532 2672 4598 εὐθὺς
2728 4534 2756 4588 ὁ
2817 4532 3103 4596 Βασίλειος
3158 4536 3304 4607 παρά
3360 4555 3418 4591 τε
3469 4540 3578 4592 τῶν
3635 4556 3771 4589 συν-

2111 4628 2346 4695 ωμοτῶν
2402 4627 2641 4697 πρῶτον,
2696 4623 2813 4678 εἶτα
2867 4624 2957 4679 καὶ
3014 4631 3113 4694 τῆς
3175 4623 3495 4701 συγκλήτου
3550 4625 3771 4699 βουλῆς

344 4683 549 4770 tudine
582 4717 908 4786 imperator
941 4720 1029 4768 est
1053 4683 1516 4769 declaratus-Ut
1547 4713 1804 4783 primum
1829 4730 1996 4768 occe-

2115 4712 2199 4765 καὶ
2229 4715 2339 4766 τῶν
2373 4709 2676 4786 βασιλικῶν
2707 4713 3002 4786 ταγμάτων
3034 4713 3125 4767 καὶ
3184 4714 3384 4775 παντὸς
3443 4717 3541 4768 τοῦ
3598 4734 3769 4788 στρα-

342 4804 431 4876 pit
481 4804 821 4875 imperium,
856 4809 1066 4858 senatu
1117 4819 1184 4857 ac
1227 4801 1671 4873 magistratibus
1703 4802 2002 4858 advocatis

342 4894 617 4949 aerarium
672 4893 1052 4965 imperatoris
1103 4892 1356 4962 aperuit,
1391 4891 1572 4962 inque
1622 4908 1691 4947 eo
1733 4893 1805 4947 de
1835 4897 2003 4948 tanta

344 4983 610 5054 pecunia;
642 4986 811 5057 copia
844 4982 999 5037 nihil
1032 4981 1331 5051 reliquum
1362 4981 1589 5035 invenit
1614 4987 1830 5052 praeter
1865 4983 2000 5049 tria,

343 5080 409 5126 ut
428 5071 1374 5141 diximus,cenlenaria.Qua3rens
1386 5075 1584 5125 autem
1606 5087 2000 5141 expensarum

342 5161 594 5229 tabulas,
627 5169 685 5217 et
715 5179 815 5217 eas
841 5177 1027 5233 penes
1071 5159 1388 5230 quemdam
1423 5175 1625 5214 senem
1659 5160 1999 5214 ennuchum

342 5254 668 5322 reperiens,
704 5251 805 5306 ubi
865 5248 1262 5321 deprehendit
1313 5264 1599 5318 quorsum
1649 5264 1719 5302 ea
1750 5250 2002 5319 pecunia

342 5346 496 5394 esset
526 5340 683 5403 data,
723 5339 1113 5411 optimatibus
1144 5353 1269 5391 rem
1302 5335 1749 5391 deliberandam
1783 5354 2003 5409 pr0po-

342 5431 478 5482 suit.
512 5432 617 5495 Qui
654 5447 789 5486 cum
839 5445 962 5484 una
1009 5426 1307 5483 sententia
1337 5426 1737 5481 decrevissent
1785 5428 2000 5483 debere

344 5517 550 5572 ιοοει
574 5535 674 5572 eos
703 5518 803 5589 qui
839 5516 1154 5588 pecuniam
1186 5515 1359 5570 malis
1392 5514 1724 5570 rationibus
1745 5517 2002 5587 accepis-

344 5610 497 5665 sent,
532 5620 659 5659 eam
695 5606 905 5661 aerario
940 5605 1274 5664 restituere.
1308 5604 1437 5675 ipse
1469 5604 1735 5676 mitigata
1758 5612 2003 5660 senten-

337 5692 423 5746 tia
444 5690 757 5746 dimidium
806 5693 973 5747 reddi
993 5693 1195 5763 jussit.
1230 5693 1347 5747 Hoc
1379 5692 1556 5755 modo
1580 5698 1846 5749 trecenta
1871 5696 1998 5749 auri

343 5779 691 5835 centenaria
717 5780 926 5833 aerario
950 5784 1302 5848 recuperata
1332 5786 1488 5834 sunt.
1514 5782 1674 5835 Inter
1703 5784 2019 5854 recipien-'

2108 4801 2379 4872 τεύματος
2416 4801 2507 4855 καὶ
2565 4808 2664 4870 τῆς
2716 4801 2965 4872 πληθύος
3022 4809 3124 4871 τῆς
3179 4805 3266 4876 [Ρ.
3328 4804 3454 4875 568]
3512 4802 3769 4871 ἀστικῆς,

2111 4892 2265 4963 Ἀμα
2296 4887 2352 4945 δὲ
2405 4895 2486 4962 τῷ
2540 4891 2831 4965 παρελθεῖν
2881 4890 2969 4945 ἐπὶ
3028 4894 3130 4961 τήν
3189 4896 3297 4947 τῶν
3352 4889 3498 4947 ὅλων
3559 4892 3771 4967 ἀρχὴν,

2111 4977 2628 5054 προσκαλεσάμενος
2658 4978 2848 5034 αὐτίκα
2900 4982 3000 5050 τήν
3049 4980 3331 5056 γερουσίαν
3385 4980 3476 5036 καὶ
3531 4981 3660 5043 τοὺς
3712 4983 3771 5037 ἐν

2111 5069 2383 5141 ἀξιώμασι
2416 5069 2783 5147 προῦχοντας,
2842 5070 2934 5124 τὸν
2994 5069 3280 5143 βασιλικὸν
3338 5070 3536 5142 ἡνέῳξε
3565 5072 3772 5141 θησαυ-

2111 5158 2227 5232 ρὸν,
2260 5157 2346 5211 καὶ
2398 5154 2551 5211 οὐδὲν
2610 5155 2792 5233 ἓτερον
2851 5156 2911 5213 ἐκ
2958 5157 3222 5214 τοσούτου
3276 5163 3386 5214 τῶν
3454 5160 3772 5235 χρημάτων

2110 5245 2359 5316 πλήθους
2413 5245 2604 5321 εὑρέθη
2675 5245 2725 5301 εἶ’
2780 5248 2880 5320 μή,
2941 5247 3016 5308 ὡς
3079 5246 3171 5301 καὶ
3236 5246 3468 5318 πρόσθεν
3527 5246 3771 5322 εἷ’ρηται,

2108 5334 2234 5408 τρία
2263 5334 2402 5407 μόνα
2432 5335 2776 5411 κεντηνάρια.
2831 5337 3079 5407 Ζητήσας
3140 5336 3233 5390 οὖν
3269 5339 3296 5391 ὁ
3350 5336 3606 5411 βασιλεὺς
3662 5341 3771 5408 τὴν

2108 5430 2208 5493 τῆς
2243 5419 2433 5493 ἐξόδου
2463 5423 2816 5503 ἀπογραφὴν,
2846 5425 2936 5480 καὶ
2995 5424 3200 5493 ταύτην
3244 5426 3420 5500 εὑρὼν
3482 5428 3626 5499 παρά
3656 5448 3772 5484 τινι

2110 5511 2328 5586 γέροντι
2387 5510 2658 5588 εὒνούχῳ,
2716 5515 2806 5569 καὶ
2870 5514 3054 5586 μαθὼν
3111 5513 3218 5584 ὅπη
3282 5519 3450 5570 ταῦτα
3488 5515 3773 5594 ἐχώρησε,

2116 5602 2327 5678 βουλὴν
2356 5604 2482 5678 περὶ
2512 5603 2710 5659 τούτου
2771 5605 3039 5680 προύθετο
3091 5610 3209 5670 τοῖς
3264 5605 3527 5681 ἀρίστοις.
3564 5611 3773 5687 Ψήφου

2111 5689 2167 5746 δέ
2198 5692 2346 5765 παρά
2376 5694 2590 5747 πάντων
2625 5689 2876 5765 δοθείσης
2907 5692 3146 5756 ἐκείνους
3204 5694 3333 5756 τοὺς
3388 5701 3571 5759 κακῶς
3600 5694 3776 5756 ταῦτα

2112 5776 2380 5843 Λαϐόντας
2411 5781 2759 5857 ἀντιστρέψαι
2792 5784 2861 5839 τὰ
2887 5783 3167 5857 ληφθέντα
3197 5786 3336 5860 πρὸς
3363 5787 3426 5840 τὸ
3475 5783 3772 5865 δημόσιον³
