4184 6450
386 455 541 517 1089

1789 447 2108 512 GEORGII
2152 445 2497 507 CEDRENI

3648 452 3810 514 1090

388 591 418 645 6
478 587 735 666 βασιλεὺς
793 593 892 645 τοῦ
946 585 1077 667 άγαν
1134 583 1450 652 ὖπενδιδοὺς
1502 587 1571 643 τὰ
1607 585 1786 661 ἡμίση
1817 581 1891 641 ὧν
1917 579 2025 639 ἓκα·

2159 583 2323 651 dum,
2353 582 2681 654 plurimum
2714 584 2983 655 pecuniae
3014 584 3078 641 in
3109 586 3556 644 multitudinem
3588 589 3808 660 divisit,

382 701 511 744 στος
543 673 734 735 ἔλαϐεν
767 679 1118 754 ἀντιστρέψαι
1148 678 1285 754 πρὸς
1325 678 1388 732 τὸ
1422 674 1709 752 βασιλικὸν
1754 677 2037 748 ταμειεῖον

381 768 651 836 ἔκέλευσε,
683 767 774 824 καὶ
806 768 980 832 οὕτως
1012 769 1118 823 ἀπὸ
1166 768 1274 823 τῶν
1331 766 1597 822 τοιούτων
1648 766 1899 844 συνήχθη
1958 763 2039 836 τῷ

382 857 640 933 δημοσίῳ
685 857 920 934 χρυσίου
971 856 1294 932 κεντηνάρια
1343 857 1651 933 τριακόσια.
1711 855 2040 924 Ἐποιήσατο

381 947 440 1004 δὲ
467 948 557 1004 καὶ
588 944 829 1023 πρόοδον
863 949 891 1003 6
936 946 1197 1022 βασιλεὺς
1259 943 1529 1020 δημοσίαν
1581 945 1670 1000 ἐπὶ
1727 944 1816 1000 τὸν
1876 943 2042 1017 μεγαν

379 1040 482 1107 τῆς
509 1041 609 1092 τοῦ
630 1040 766 1092 Θεοῦ
798 1035 980 1112 Λόγου
1011 1035 1211 1112 Σοφίας
1240 1035 1390 1107 ναὸν,
1429 1034 1518 1090 καὶ
1551 1034 1815 1111 χρήματα
1854 1029 2043 1087 πολλᾶ

384 1127 437 1183 ἐν
467 1128 547 1200 τῷ
574 1124 928 1203 ὑποστρέφειν
956 1130 1037 1198 τῷ
1079 1123 1282 1195 πλήθει
1349 1121 1635 1198 διένειμεν,
1694 1123 1794 1179 οὐκ
1848 1120 1909 1177 ἐκ
1934 1125 2043 1176 τῶν

381 1214 693 1289 δημοσίων,
720 1213 853 1271 ἀλλ’
878 1213 939 1270 ἐκ
966 1218 1073 1271 τῶν
1110 1212 1218 1286 ἰδίᾳ
1250 1211 1614 1291 διαφερόντων
1668 1213 1837 1283 αὐτῷ·
1870 1231 2040 1287 προσ-

382 1304 595 1379 εγένετο
624 1305 730 1381 γὰρ
778 1302 928 1376 αὐτῷ
981 1303 1196 1373 πλῆθος
1261 1302 1569 1378 χρημάτων
1628 1299 2044 1376 ἀπροσδόκητον

377 1394 470 1450 καὶ
502 1394 608 1449 ἀπὸ
656 1395 941 1468 θησαυρῶν
1000 1391 1393 1468 κεκρυμμένων
1479 1391 1888 1471 ἀναφανένντων
1943 1397 2047 1459 τῆς

378 1490 505 1560 γῆς.
544 1484 752 1558 Εὐρεθη
783 1480 841 1537 δὲ
868 1482 957 1537 καί
1012 1482 1064 1537 ἐν
1118 1487 1198 1555 τῷ
1254 1481 1442 1554 εἰδικῷ
1499 1485 1610 1555 (75)
1654 1481 1883 1557 χρυσίον
1939 1479 2046 1534 οὐκ

2150 689 2271 727 non
2302 672 2374 727 de
2407 672 2644 743 publico
2676 672 2779 728 sed
2812 673 2883 728 de
2918 691 3062 730 suo:
3097 675 3402 748 insperata
3428 678 3589 732 enim
3612 679 3664 734 ei
3698 696 3803 751 pe-

2148 761 2338 817 cuniaa
2370 762 2541 833 copia
2592 762 2803 836 obtigit
2833 781 2903 818 ex
2934 764 3185 819 occultis
3219 766 3396 821 etiam
3449 768 3743 823 thesauris
3774 786 3804 823 e

2151 856 2308 907 terra
2339 852 2803 923 emergentibus.
2835 853 2987 918 Quin
3038 860 3095 909 et
3144 855 3205 908 in
3254 856 3455 911 Eidico
3483 858 3611 912 auri
3646 857 3804 913 haud

2148 957 2360 1013 parum
2387 942 2692 996 inventum
2717 942 3147 1011 est,collectum
3179 960 3212 998 a
3236 944 3524 1000 Michaelo
3551 962 3564 1000 :
3590 964 3805 1018 nempe

2151 1030 2371 1086 nobilis
2423 1031 2539 1086 ista
2592 1031 2886 1102 platanus,
2946 1032 3062 1088 duo
3121 1033 3311 1088 solide
3361 1036 3526 1089 aurei
3570 1052 3806 1108 grypes,

2153 1120 2268 1175 duo
2302 1137 2373 1177 ex
2405 1137 2549 1177 auro
2603 1121 2763 1177 ducti
2809 1122 3035 1189 leones,
3070 1128 3257 1179 totum
3302 1140 3548 1180 aureum
3581 1126 3809 1181 instru-

2152 1215 2442 1277 mentum,
2493 1216 2550 1266 et
2607 1228 2746 1267 vasa
2800 1228 3023 1267 mensa}
3073 1229 3253 1269 aurea
3303 1214 3482 1284 varia,
3516 1232 3584 1270 ac
3617 1215 3807 1287 impe-

2151 1299 2388 1355 ratoria;
2449 1304 2657 1358 vestes.
2701 1300 2924 1365 Quibus
2976 1301 3025 1356 is
3055 1319 3161 1373 pro
3213 1321 3319 1358 sua
3367 1303 3614 1359 libidine
3667 1322 3804 1360 cum

2156 1394 2310 1444 esset
2357 1390 2674 1457 abusurus,
2708 1396 2898 1445 morte
2946 1396 3282 1461 praeventus
3330 1397 3421 1447 est
3467 1393 3698 1465 istaque
3729 1393 3803 1449 ad

2153 1477 2439 1533 Basiliam
2471 1478 2854 1534 devenerunt.
2885 1480 2999 1535 Sed
3030 1480 3156 1535 haec
3177 1486 3384 1552 postea
3412 1488 3543 1538 acta
3572 1487 3731 1539 sunt.

376 1571 588 1647 ὀλίγον,
614 1570 747 1646 ὅπερ
778 1572 807 1626 6
838 1565 1352 1647 προϐεϐασιλευκὼς
1412 1569 1644 1646 Μιχαὴλ
1703 1568 1969 1638 συνέλεξε,
2027 1567 2127 1636 τὴν
2185 1564 2563 1641 θρυλουμένην
2623 1564 2832 1637 ἐκείνην
2895 1566 3166 1623 πλάτανον
3210 1568 3489 1644 χωνεύσας
3520 1571 3612 1625 καὶ
3671 1572 3799 1632 τοὺς

375 1659 474 1717 δύο
534 1660 884 1737 ὁλοχρύσους
940 1665 1152 1737 γρῦπας
1210 1662 1300 1716 καὶ
1354 1659 1485 1724 τοὺς
1546 1657 1642 1715 δύο
1699 1656 2084 1737 σφυρηλάτους
2140 1655 2365 1717 λέοντας
2422 1656 2514 1710 καὶ
2580 1657 2643 1710 τὸ
2704 1654 3014 1735 ὁλόχρυσον
3071 1654 3303 1735 ὄργανον
3346 1661 3457 1732 (76)
3504 1659 3594 1714 καὶ
3648 1656 3806 1736 ἕτερα

373 1756 483 1807 τῶν
511 1750 601 1807 ἐπὶ
630 1758 732 1821 τῆς
758 1750 1030 1826 τραπέζης
1062 1750 1448 1831 χρυσωμάτων
1503 1748 1633 1826 ἔργα
1695 1746 1949 1824 διάφορα,
1982 1746 2074 1803 καὶ
2131 1744 2420 1821 βασιλικὰς
2475 1746 2565 1801 καὶ
2616 1745 2989 1822 Αύγουστικᾶς
3043 1746 3265 1820 στολὰς,
3325 1748 3516 1822 οἷσπερ
3575 1747 3807 1824 ἔμελλεν

376 1840 800 1920 ἀποχρήσασθαι
832 1842 970 1917 πρὸς
1035 1840 1104 1896 τὰ
1160 1839 1307 1913 αύτῷ
1338 1838 1668 1915 καταθύμια,
1701 1839 1902 1916 φθάσαν
1965 1835 2022 1892 δὲ
2074 1835 2139 1891 τὸ
2190 1835 2374 1909 χρεὼν
2409 1834 2484 1898 εἷς
2508 1834 2792 1891 Βασίλειον
2825 1840 2992 1891 ταῦτα
3020 1831 3367 1909 διεϐιϐάσθη.
3401 1835 3582 1893 Ἀλλὰ
3634 1842 3808 1895 ταῦτα

380 1930 476 2003 μὲν
502 1929 744 2005 ὓστερον.

442 2021 597 2095 ’Ἄρτι
652 2016 710 2074 δὲ
764 2022 863 2089 τῆς
922 2018 1101 2095 ἀρχῆς
1154 2013 1347 2080 ἐπιϐὰς
1396 2018 1423 2072 6
1482 2016 1770 2082 Βασίλειος
1813 2020 2025 2092 πρῶτον

2211 2018 2503 2072 Caeterum
2535 2016 2785 2072 Basilius
2834 2017 3130 2089 principio
3180 2017 3271 2072 sui
3316 2017 3576 2089 imperii,
3611 2021 3800 2093 magi-

378 2108 473 2181 μὲν
524 2105 613 2163 ἐπὶ
675 2107 767 2171 τὰς
825 2107 1000 2182 ἀρχὰς
1040 2104 1424 2181 ἄδωροτάτους
1485 2106 1816 2183 λεγομένους
1860 2106 2031 2182 πρού-

373 2191 614 2252 ϐάλλετο
644 2196 736 2251 καὶ
772 2195 1258 2271 μαρτυρουμένους
1287 2197 1385 2257 τὰς
1427 2192 1567 2255 ἰδίας
1624 2200 1814 2271 χεῖρας
1866 2196 2035 2249 καθα-

373 2285 470 2360 ρᾶς
503 2284 764 2340 παντοίου
796 2281 1177 2361 διαφυλάττειν
1239 2282 1560 2358 λήμματος,
1608 2285 1710 2348 εἶθ’
1738 2284 1913 2345 οὕτως
1947 2280 2033 2336 δι-

367 2373 664 2443 καιοσύνης
708 2370 1060 2447 ἐπεμελεῖτο,
1109 2374 1197 2429 καὶ
1258 2371 1543 2448 ἰσονομίαν
1578 2371 2032 2447 ἐμπολιτεύεσθαι

367 2467 488 2525 τοῖς
518 2462 852 2539 ἀρχομένοις
906 2462 998 2518 καὶ
1056 2463 1119 2517 τὸ
1183 2463 1260 2536 μή
1322 2460 1874 2527 καταδυναστεύεσθαι
1928 2462 2032 2517 ὑπὸ

367 2555 475 2607 τῶν
539 2551 824 2608 πλουσίων
881 2552 1012 2616 τοὺς
1095 2553 1448 2628 πενεστέρους
1531 2550 2029 2629 ἐπραγματεύσατο.

371 2640 662 2697 Πανταχοῦ
712 2639 771 2697 δὲ
831 2638 1174 2718 διατάγματα
1230 2641 1449 2712 ἐξετίθει
1498 2640 1689 2697 τέλεον
1748 2640 2030 2717 ἐξαρθῆναι

368 2732 471 2799 τήν
502 2728 715 2786 ἀδικίαν
751 2729 1026 2805 ὁρίζοντα.
1061 2730 1325 2793 Δικαστάς
1359 2752 1421 2787 τε
1471 2727 1642 2802 ἔταξε,
1699 2731 2032 2804 σιτηρεσίοις

369 2819 459 2874 καὶ
492 2817 846 2900 φιλοτιμίαις
878 2816 1248 2882 παντοδαπαῖς
1300 2818 1495 2882 αὖτοὺς
1553 2817 1882 2896 μεγαλύνας,
1938 2819 2027 2874 καὶ

370 2911 532 2982 τάξας
592 2906 940 2984 διημερεύειν
999 2911 1090 2965 καὶ
1145 2910 1241 2972 τὰς
1322 2907 1567 2981 διενέξεις
1626 2907 1864 2965 διαλύειν
1922 2914 2029 2963 τῶν

372 2998 858 3073 φιλονεικούντων,
891 2998 1096 3061 τόπους
1125 2999 1388 3078 ἀφορίσας
1440 2998 1623 3062 αὐτοῖς
1664 2995 2030 3071 ἐπιτηδείους,

368 3089 469 3158 τήν
511 3108 571 3142 τε
600 3087 928 3166 Μαγναύραν
975 3087 1066 3143 καὶ
1122 3088 1214 3144 τὸν
1271 3086 1610 3161 καλούμενον
1665 3083 2033 3162 ’ἱππόδρομον

370 3175 466 3230 καὶ
496 3177 598 3247 τήν
646 3174 952 3253 λεγομένην
1011 3177 1260 3248 Χαλκῆν,
1318 3177 1507 3254 χρόνῳ
1564 3179 1881 3254 μογήσασαν
1939 3177 2028 3232 καὶ

372 3264 498 3321 ὅσον
559 3264 777 3322 ούδὲπω
835 3272 1015 3322 πεσεῖν
1059 3264 1475 3323 κινδυνεύουσαν
1533 3265 1885 3329 ἐπισκευάσας
1944 3267 2032 3321 καὶ

365 3357 786 3432 καινουργήσας.
829 3357 1020 3427 Ἐταεε
1077 3354 1135 3412 δὲ
1188 3359 1279 3413 καὶ
1333 3359 1543 3434 τροφὴν
1601 3362 1717 3420 τοῖς
1776 3355 2023 3413 πενεστὲ-

368 3463 482 3520 ροις
507 3448 615 3500 τῶν
669 3446 766 3509 τὰς
825 3442 978 3508 δίκας
1037 3444 1307 3521 ἐχόντων,
1366 3448 1462 3503 ἳνα
1518 3448 1595 3522 μὴ
1655 3447 1758 3503 ὑπὸ
1815 3444 2023 3509 ἐνδείας

365 3534 683 3606 πιεζόμενοι
731 3539 850 3597 ταῖς
918 3532 1098 3600 δίκαις
1152 3536 1564 3613 ἀπαγορεύοιεν.
1625 3534 1911 3594 Ἐπεδίδου
1971 3534 2029 3591 δὲ

364 3619 455 3675 καὶ
524 3620 711 3676 ἑαυτὸν
763 3621 839 3684 εἷς
894 3622 958 3676 τὸ
1021 3628 1276 3679 τοιοῦτον
1354 3622 1538 3700 μέρος,
1627 3624 1864 3695 ὁπηνίκα
1915 3628 2024 3680 τῶν

368 3715 662 3783 στρατειῶν
688 3708 880 3790 ἔτυχεν
922 3711 1066 3788 ἃγων
1110 3715 1324 3788 σχολὴν
1357 3712 1446 3768 καὶ
1503 3717 1600 3768 τοῦ
1655 3713 2023 3789 χρηματίζειν

365 3803 485 3861 ταῖς
509 3801 886 3875 ἁπανταχόθεν
914 3796 1248 3878 πρεσϐείαις,
1307 3800 1397 3856 καὶ
1452 3799 1529 3863 εἰς
1598 3801 1662 3856 τὸ
1721 3801 2024 3879 λεγόμενον

366 3888 580 3962 γενικὸν
638 3894 754 3961 (77)
809 3892 1012 3947 κατιὼν
1067 3890 1195 3953 τοὺς
1248 3890 1743 3965 εἰσπραττομένους
1803 3889 2021 3945 ἐσκόπει

2141 2110 2360 2161 stratus
2409 2105 2709 2161 commisit
2757 2105 2830 2161 iis
2876 2107 2977 2177 qui
3028 2123 3064 2162 a
3102 2106 3416 2178 capiundis
3448 2110 3800 2165 muneribus

2140 2195 2602 2266 perhiberentur
2631 2212 2809 2267 quam
2834 2196 3094 2251 maxime
3117 2196 3318 2267 alieni,
3353 2202 3411 2252 et
3433 2215 3583 2269 quos
3605 2204 3797 2254 testa-

2142 2289 2268 2340 tum
2294 2289 2452 2340 esset
2471 2301 2686 2340 manus
2708 2285 2905 2340 omnis
2928 2290 3189 2357 capturaa
3212 2303 3392 2357 puras
3413 2287 3654 2343 habere.
3690 2290 3801 2343 De-

2141 2375 2283 2431 inde
2313 2390 2559 2446 operam
2590 2373 2756 2429 dedit
2777 2380 2844 2429 ut
2857 2374 3095 2446 justitia
3124 2376 3364 2448 vigeret,
3400 2380 3459 2431 et
3478 2394 3647 2448 aequo
3663 2377 3800 2450 jure

2143 2464 2300 2520 inter
2325 2481 2388 2520 se
2418 2465 2683 2520 viverent
2713 2464 2957 2532 subditi,
2991 2482 3187 2537 neque
3218 2482 3253 2521 a
3282 2466 3563 2522 divitibus
3594 2468 3803 2539 inopes

2142 2554 2646 2626 opprimerentur,
2679 2554 3002 2625 propositis
3044 2555 3267 2625 passim
3298 2555 3555 2610 decretis
3583 2557 3802 2627 quibus

2141 2642 2435 2716 injustitia
2475 2642 3006 2699 exterminabatur.
3037 2642 3276 2699 Judices
3307 2660 3545 2715 quoque
3574 2646 3801 2701 consti-

2142 2732 2273 2801 tuit,
2335 2732 2670 2803 amplisque
2722 2732 3037 2803 stipendiis
3109 2737 3168 2789 et
3223 2734 3552 2789 honoribus
3609 2737 3797 2808 auxit,

2134 2822 2337 2895 jussos
2362 2838 2470 2893 per
2495 2820 2653 2876 diem
2679 2820 2887 2876 sedere
2911 2839 3019 2893 pro
3043 2822 3328 2878 tribunali
3354 2827 3413 2878 et
3434 2822 3797 2896 litigantium

2141 2928 2349 2968 causas
2376 2912 2584 2966 1004
2609 2910 2962 2981 dijudicare.
2987 2911 3076 2967 Ad
3107 2928 3239 2967 eam
3270 2930 3397 2969 rem
3428 2914 3561 2971 loca
3591 2915 3663 2970 iis
3694 2915 3799 2970 de-

2142 3002 2395 3074 signavit
2417 3000 2751 3065 commoda,
2775 3003 3177 3072 Magnauram,
3201 3003 3437 3059 Circum
3461 3009 3519 3059 et
3538 3005 3798 3061 Chalcen

2140 3093 2388 3161 (Eream
2413 3091 2694 3162 portam),
2728 3107 2907 3161 quam
2929 3092 3218 3163 temporis
3231 3092 3410 3165 culpa
3430 3093 3801 3149 laborantem

2141 3179 2497 3251 ruinamque
2558 3179 2887 3234 minantem
2947 3180 3021 3235 ad
3066 3181 3179 3235 hoc
3225 3181 3579 3237 instauravit
3619 3188 3798 3254 atque

2138 3268 2466 3324 adornavit.
2515 3267 2815 3323 Alimenta
2867 3268 3047 3323 etiam
3093 3270 3550 3341 pauperioribus
3581 3271 3796 3342 quibus

2131 3356 2361 3430 judicio
2380 3361 2511 3412 erat
2529 3356 2989 3428 disceptandum
3017 3358 3334 3424 ordinavit,
3364 3376 3440 3414 ne
3471 3359 3675 3431 inopia
3696 3378 3793 3415 co-

2138 3446 2255 3502 acti
2300 3446 2642 3502 vadimonia
2682 3445 3049 3501 desererent.
3083 3447 3212 3518 Ipse
3265 3447 3441 3503 etiam
3493 3448 3586 3504 his
3618 3448 3795 3504 rebus

2140 3551 2382 3607 operam
2414 3534 2598 3600 dedit,
2631 3534 2865 3604 quoties
2896 3550 2930 3589 a
2958 3534 3116 3589 bello
3149 3540 3208 3589 et
3237 3534 3551 3591 audiendis
3583 3536 3793 3609 legatis

2137 3630 2373 3681 vacaret
2412 3639 2427 3691 ;
2481 3629 2539 3678 et
2585 3622 2954 3679 descendens
3005 3623 3079 3678 ad
3118 3625 3426 3689 Genicum,
3460 3625 3560 3681 ubi
3593 3625 3794 3698 reipu-

2136 3715 2308 3770 blicai
2365 3713 2610 3769 nomine
2666 3712 2978 3785 vectigalia
3008 3717 3066 3768 et
3122 3713 3345 3768 tributa
3393 3714 3791 3786 accipiuntur,

2133 3803 2446 3876 prospexit
2472 3819 2549 3858 ne
2579 3801 2651 3857 ab
2683 3802 2806 3857 ullo
2840 3801 3169 3873 quidquam
3191 3802 3413 3875 injuste
3436 3804 3789 3877 exigeretur,

2135 3899 2194 3948 et
2223 3892 2507 3964 injuriam
2531 3892 2725 3962 passis
2755 3890 3181 3962 opitulabatur.
3210 3893 3435 3948 Ferunt
3464 3910 3621 3961 eum,
3656 3912 3790 3950 cum

1570 4006 1934 4061 XYLANDRI
1974 4007 2061 4061 ET
2101 4006 2320 4061 GOARI
2362 4006 2587 4059 NOTAE.

439 4131 549 4204 (75)
580 4132 797 4188 Locum
824 4133 1056 4189 videtur
1083 4132 1210 4189 hmo
1240 4150 1349 4188 vox
1380 4130 1737 4205 significare,
1769 4131 2018 4187 fortasse

365 4201 428 4256 in
450 4201 638 4276 quem
669 4221 838 4260 suum
861 4205 1030 4276 quasi
1053 4205 1354 4275 peculium
1373 4201 1673 4276 quoddam
1695 4203 2022 4275 imperator

365 4271 738 4348 reconderet.
764 4271 902 4331 Χηῖ
927 4308 1003 4348 -—_-_
1018 4271 1179 4348 Legit
1197 4271 1581 4347 Curopalates
1598 4271 2021 4345 εἰδικῷῖαιιοιοι·

366 4345 672 4419 superiore
706 4363 765 4418 p.
799 4349 903 4402 544
961 4345 1142 4419 mixti},
1202 4351 1286 4403 Ex
1338 4345 1554 4418 quibus
1596 4348 2019 4419 conjecturam

362 4414 486 4491 non
515 4414 999 4490 levem—decerpo
1059 4414 1247 4489 εἰδικῷ
1305 4414 1854 4491 Γέροῐιοιιάυω’;οι
1910 4435 2017 4490 pro

366 4488 614 4562 privato,
641 4490 805 4562 regio
836 4488 1036 4546 tamen
1069 4491 1279 4546 aarario
1337 4488 1717 4555 sumendum,
1777 4490 1839 4544 in
1899 4488 2015 4559 quo

364 4574 484 4613 non
517 4560 667 4634 adeo
698 4560 974 4634 servatur
1014 4579 1194 4633 quam
1224 4563 1463 4634 cuditur
1493 4568 1552 4617 et
1581 4561 1848 4634 signatur
1878 4578 2014 4616 mo-

362 4636 519 4686 neta.
551 4630 646 4686 Nil
675 4630 1052 4706 communitis
1083 4633 1573 4706 quamrmrarium
1628 4630 1927 4706 publicum
1961 4638 2017 4687 et

361 4718 700 4769 commune,
724 4721 842 4775 quo
871 4703 1118 4777 publica
1136 4705 1460 4777 vectigalia,
1496 4711 1563 4759 ut
1594 4703 1768 4759 modo
1799 4720 2015 4777 narra-

360 4777 529 4848 turus
559 4779 649 4830 est
677 4781 904 4840 auctor,
938 4776 1254 4848 exiguntur
1282 4776 1341 4833 et
1370 4792 1719 4848 communes
1748 4776 2019 4848 omnium

360 4843 664 4921 reditu‘um
689 4842 1335 4921 redduntur'rationes,
1368 4845 1583 4921 γενικόν
1616 4847 1831 4921 vocari.
1867 4842 2018 4921 Εἰδιτ

358 4915 455 4967 κόν
485 4916 666 4997 igitur
693 4921 892 4997 γενικῷ
919 4920 1283 4991 respondeat
1308 4915 1563 4997 oportet,
1623 4919 1776 4997 sicut
1799 4920 2017 4997 generi

361 4991 587 5058 species
615 4991 996 5062 etiprivatum
1027 4991 1362 5047 communi.
1390 4994 1464 5047 At
1489 4991 1617 5047 leve
1651 4995 1762 5059 est,
1796 4991 2015 5062 inquis,

358 5061 739 5130 acumen,ubi
769 5062 1093 5119 auctoritas
1120 5063 1212 5119 vel
1244 5081 1314 5119 ex
1332 5063 1580 5119 historia
1599 5064 1764 5118 locus
1793 5061 2014 5116 deﬁcit.

359 5131 685 5207 Qtrumque
717 5133 874 5190 dicto
904 5134 1168 5207 facturus
1187 5135 1379 5207 ﬁdem
1410 5132 1903 5207 depremo._Leon
1960 5139 2019 5189 et

362 5200 909 5288 ConstantinusftA
942 5205 1067 5287 suis
1079 5205 1154 5287 .in
1182 5206 1413 5288 legibus
1445 5200 1505 5288 et
1540 5206 1589 5288 l_I
1607 5203 1766 5288 Juris
1784 5204 2013 5285 Graeco-

358 5274 594 5347 romani
628 5276 871 5332 insertis
899 5277 1093 5332 mrarii
1117 5274 1425 5333 ministros
1457 5276 2012 5347 instructuri,pprae-

359 5345 567 5421 ci‘puos
596 5354 936 5421 memorant
966 5348 1145 5421 tit._'_7,
1169 5346 1644 5421 quaastorem,v6v
1668 5343 2011 5421 ἐνδοξότατον

353 5414 578 5487 κόμη-ια
604 5421 714 5494 τῶν
747 5419 906 5494 Θείων
941 5414 1715 5494 εἶσοδίωνξειοινὶοεὶεεὶωιιω
1731 5414 2012 5494 comitem

355 5504 659 5566 sacrarum
692 5492 1096 5566 largitionum,
1129 5492 1563 5566 qui'logqtheta
1583 5495 1674 5546 est
1727 5493 2014 5566 τοῦχενι-

352 5562 472 5635 κοῦ,
498 5562 614 5635 qui
644 5558 810 5635 Πιρὶ
831 5558 1168 5635 adjungunt
1222 5558 1354 5617 τὸν*
1375 5559 1724 5635 ἐνδοξότατον
1792 5558 2014 5633 κόμητα

352 5634 460 5684 τῶν
492 5629 648 5708 θείων
678 5629 923 5707 εἷδικῶνξ
946 5629 1444 5708 gloriosissimum
1503 5629 1784 5708 comitem
1815 5629 2013 5708 sacra-

351 5719 485 5759 rum
516 5704 907 5779 privatarum,
932 5704 1070 5762 eum
1104 5704 1176 5762 de
1203 5723 1320 5778 quo
1352 5708 1415 5763 in
1453 5704 1732 5779 praesenti
1762 5706 2011 5779 quaastio

352 5781 640 5833 movetur.
678 5777 910 5835 Solidas
940 5794 1011 5835 ex
1042 5793 1189 5834 auro
1219 5777 1551 5850 machinas,
1583 5777 1847 5846 arbores,
1879 5778 2011 5833 ani-

2129 4130 2331 4193 malia,
2366 4128 2586 4184 variam
2619 4128 3055 4200 supellectilem
3085 4136 3389 4200 repererat
3428 4132 3790 4190 reconditam

2130 4203 2191 4257 in
2210 4200 2508 4256 thesauris
2543 4199 2821 4270 profusus
2864 4199 3110 4255 Michael
3130 4199 3448 4257 {nummos
3470 4220 3542 4259 ex
3558 4221 3626 4259 ea
3648 4223 3792 4260 con-

2129 4274 2381 4347 flaturqs
2449 4266 2705 4347 χαράξαι-
2737 4266 2968 4347 δέδωκεν
3020 4274 3116 4347 -τῷ
3170 4271 3461 4347 λβασιλικῷ
3526 4274 3787 4347 ταμιείῳ.

2131 4337 2549 4418 Παραπλησίῶς
2581 4337 2640 4418 δὲ
2687 4340 2960 4418 ἐποίησεν,
3017 4337 3211 4418 inquit
3266 4337 3610 4418 Δδιιίιιόιυῌρξ
3660 4337 3786 4417 556.

2126 4410 2221 4471 καῖ
2249 4413 2301 4468 ἐν
2333 4410 2453 4504 ταῖς
2472 4412 2710 4504 (στολαῖς
2745 4410 3183 4504 ρασιλικαῖξ,;ὦν
3221 4415 3283 4504 ‘ai
3353 4415 3451 4504 μὲν
3465 4410 3616 4504 (ἦσαν
3652 4410 3785 4472 ὀλόζ

2126 4485 2437 4563 χρυσοικαὶ
2469 4482 2995 4563 δὲῄχρυσούφαντοι,
3018 4482 3283 4563 ’δεδωκὼς
3326 4482 3406 4558 τῷ
3436 4482 3597 4563 ἰδικῷ
3629 4490 3779 4563 (lego

2127 4552 2451 4617 Eor'rectius
2500 4552 2713 4627 είδῖκῷ)
2762 4552 2901 4631 ὥστε
2945 4557 3260 4631 καὶ-ταύτας
3307 4552 3598 4631 χωνεῦσαί.
3632 4552 3786 4616 Cui?

2130 4633 2245 4705 nisi
2277 4631 2349 4686 de
2381 4647 2497 4702 quo
2530 4624 2723 4705 nuper
2759 4629 3006 4705 dixerat_
3032 4624 3234 4705 δέδωκε
3271 4624 3352 4702 τῷ
3385 4626 3785 4705 βασιλικῷῗταο-

2133 4698 2769 4776 μιείῳ,ιιι’νοοαῂιὶὶιιιιι
2801 4698 3205 4776 παραπλησίως
3232 4698 3473 4759 sensum
3507 4698 3784 4761 eumdem

2131 4773 2552 4847 conSequatur.
2580 4774 2704 4847 Non
2727 4773 2893 4828 fuere
2918 4778 3118 4829 tamen
3137 4775 3388 4847 signata,
3413 4793 3599 4847 eaque
3623 4778 3787 4832 Basi-

2128 4847 2246 4902 lius
2266 4844 2584 4919 imperium
2608 4844 2859 4919 adeptus
2880 4847 3121 4919 reperit.
3150 4844 3255 4919 Ubi
3276 4846 3304 4902 ?
3333 4845 3384 4900 ἐν
3418 4844 3599 4919 είδίξῳ
3633 4849 3783 4904 scri-

2129 4919 2217 4991 bit
2241 4915 2569 4991 Qed‘renus,
2592 4916 2685 4970 vel
2710 4915 2776 4991 ut
2806 4915 3081 4991 superius
3105 4916 3156 4970 ἐν
3189 4915 3368 4988 ίδικῷ,
3401 4915 3781 4991 Curopalates

2128 4988 2179 5044 ἐν
2213 4984 2420 5057 είδικῷ.
2457 4988 2580 5061 Uno
2628 4984 2897 5061 verbojii
2926 4989 3150 5061 privato
3184 4984 3393 5045 aerario
3434 4991 3527 5045 vel
3556 4984 3780 5047 δοῖ]Πᾶ-

2132 5061 2305 5125 torio,
2330 5055 2446 5130 quo
2477 5059 2764 5131 principis
2786 5055 2966 5127 εἶδος’;
2993 5063 3284 5131 species‘et
3312 5062 3495 5117 vultus
3523 5067 3780 5117 monetae

2129 5127 2511 5204 imprimitur.
2543 5127 3041 5204 Ea_u6is_Zonaras
3067 5149 3079 5185 :
3131 5127 3367 5204 Δὲδωκεν
3395 5131 3473 5193 εἷς
3510 5134 3573 5186 τὸ
3602 5139 3780 5201 κοπῆ-

2124 5198 2233 5276 ναί
2267 5201 2512 5276 νόμισμα
2562 5198 2664 5276 δι’⁸
2716 5200 2915 5276 αύτῷν,
2954 5201 3155 5276 *ἅτινα*
3196 5200 3404 5276 ἐκείνου
3482 5198 3778 5276 φθαρέντος

2127 5273 2231 5331 ἔτει
2302 5272 2586 5348 σωζόμενα
2644 5273 2672 5325 6
2735 5273 2850 5346 μετ’
2906 5272 3069 5327 αὐτὸν
3132 5272 3459 5348 βασιλεύσας
3492 5272 3777 5339 Βασίλειος

2125 5345 2509 5416 ἀνεκομίσατο·
2543 5347 2716 5400 GOAR.

2199 5421 2313 5487 (76)
2339 5420 2813 5489 Instrumentum
2829 5416 3125 5472 musicum
3149 5424 3312 5489 puto,
3336 5420 3424 5473 ein
3455 5421 3619 5489 Orgel
3647 5422 3781 5475 oder

2130 5494 2478 5619 Ιηεενιιιηὲιι.
2534 5489 2613 5543 De
2674 5487 2891 5543 Genico
2946 5487 3304 5545 annotatum
3357 5487 3777 5564 estprincipio

2130 5580 2342 5619 oneris.
2425 5578 2514 5616 XL.

2123 5580 2342 5620 ODBI‘IS.
2377 5578 2514 5619 AXL.

2162 5582 2342 5636 peris.
2377 5582 2514 5619 AXL.

2184 5635 2305 5706 (77)
2341 5630 2419 5706 T6
2464 5628 2762 5706 λεγόμενον
2818 5628 3053 5706 γενικόν,
3104 5632 3269 5687 locus
3314 5634 3376 5688 in
3433 5651 3550 5706 quo
3589 5635 3657 5688 τὰ
3687 5631 3783 5705 δη-

2125 5699 2453 5779 μόσιατὲλη
2496 5699 2931 5776 εἰσπράττονται.
2967 5705 3141 5759 (ἶοΑιι.
