4184 6482
432 406 591 466 1095

1594 402 2136 465 HISTORIARUM
2181 402 2750 468 COMPENDIUM.

3686 413 3848 473 1096

424 540 673 610 factum,
704 545 763 596 et
792 539 1033 596 Barbari
1091 539 1165 595 ad
1220 539 1425 594 urbem
1480 555 1669 609 usque
1727 539 1862 594 czesi
1904 542 2082 609 atque

2196 534 2539 612 ἀλαλαγμῶν
2605 540 2924 602 ἀπαντώσας
2985 541 3158 613 αὐτῷ,
3219 541 3302 604 οἷς
3360 547 3625 607 νεανικῶς
3649 545 3866 621 συμμί-

430 631 727 702 fugientes
758 630 895 698 acti,
929 631 1011 684 ita
1040 637 1106 684 ut
1136 629 1328 683 solum
1369 629 1528 699 quod
1575 629 1891 700 interjacet
1916 628 2086 684 cada-

432 720 669 775 veribus
701 720 879 774 fuerit
908 719 1230 789 Oppletum,
1263 718 1555 789 multique
1587 719 1697 772 vivi
1730 720 1792 773 in
1834 724 2087 789 potesta-

434 814 556 863 tem
590 812 982 864 Romanorum
1015 808 1307 873 venerint,
1340 814 1396 863 et
1424 808 1637 879 reliqui
1674 807 1925 880 turpiter
1957 824 2085 863 sese

432 900 723 955 mmnibus
753 899 1093 954 clauserint.
1130 900 1346 955 Statuit
1375 916 1511 971 ergo
1546 900 1799 955 Basilius
1829 916 1959 954 eam
1993 916 2086 953 ur-

428 990 566 1044 bem
622 988 913 1044 machinis
958 989 1239 1043 adhibitis
1271 1006 1633 1062 oppugnare.
1682 989 1794 1043 Sed
1840 1004 1973 1044 cum
2029 993 2089 1042 et

428 1077 689 1132 turribus
707 1078 998 1133 munitam
1020 1095 1152 1133 eam
1170 1084 1443 1133 cerneret
1469 1084 1527 1133 et
1546 1077 2087 1150 propugnatoribus

428 1166 754 1230 abundare,
805 1158 982 1239 atque
1022 1184 1052 1222 e
1101 1168 1364 1240 perfugis
1406 1172 1793 1241 cognosceret
1830 1166 2090 1221 maxima

426 1256 633 1310 1009
667 1272 735 1310 ea
763 1273 965 1311 rerum
997 1257 1474 1312 necessariarum
1508 1256 1679 1328 c0pia
1708 1256 2086 1322 instructam,

428 1345 511 1400 ita
540 1350 607 1400 ut
653 1346 930 1401 diuturna
981 1345 1287 1400 obsidione
1331 1346 1383 1400 ei
1415 1345 1567 1400 nihil
1609 1349 1765 1400 esset
1810 1345 2081 1424 periculi,

427 1435 605 1490 motis
636 1435 845 1490 castris
877 1434 1015 1489 inde
1044 1434 1119 1489 ad
1152 1435 1608 1490 Manichaeorum
1654 1434 1943 1488 ditionem
1975 1433 2087 1487 du-

424 1526 533 1581 xit.
572 1527 650 1580 Eo
681 1527 744 1580 in
777 1526 1003 1581 itenere
1037 1526 1238 1580 omnia
1279 1542 1633 1597 quacunque
1667 1526 1779 1580 iret
1809 1523 2085 1579 incendio

433 1615 496 1670 in
529 1615 758 1670 cineres
790 1616 1037 1686 redegit,
1062 1615 1336 1685 interque
1356 1615 1481 1671 hmo
1505 1615 2085 1687 Argauthum,Cuta-

431 1705 610 1772 cium,
647 1705 1067 1776 Stephanicum
1097 1710 1154 1760 et
1182 1706 1550 1760 Arachacum
1572 1704 1838 1760 castella.
1874 1705 1973 1759 His
2001 1721 2087 1758 re-

436 1793 549 1848 bus
581 1793 763 1865 gestis
796 1792 1002 1864 Cpolin
1028 1810 1167 1848 suos
1206 1793 1463 1861 reduxit,
1488 1798 1546 1848 et
1575 1793 1796 1848 milites
1828 1808 2085 1863 quorum

2194 626 2282 696 ξας
2338 627 2427 681 καὶ
2487 632 2704 702 πρῶτος
2762 635 2862 698 τὴς
2919 628 3205 709 φάλαγγος
3277 632 3679 707 προϊστάμενος
3727 635 3867 699 τοὺς

2192 715 2667 791 ἀντιτεταγμένους
2696 717 2981 792 ἐτρέψατο,
3016 720 3117 773 εἷθ’
3150 720 3201 773 οἱ
3243 718 3433 775 λοιποὶ
3464 723 3590 783 τοὺς
3623 720 3862 795 ἄλλους,

2193 808 2282 861 καὶ
2353 807 2519 883 μέχρι
2571 813 2668 863 τοῦ
2721 806 2925 872 ἄστεως
2984 810 3329 885 ἀναιροῦντες
3373 810 3727 882 ἐδίωκον,ὡς
3759 837 3863 870 κα-

2191 906 2570 974 ταστρωθῆναι
2627 900 2689 954 τὸ
2723 901 2919 973 μεταξὺ
2979 896 3175 979 ἔδαφος
3233 903 3322 957 καὶ
3378 903 3743 979 πληρωθῆναι
3774 928 3866 961 νε-

2193 992 2363 1059 κρῶν,
2418 984 2623 1042 ἁλῶναι
2684 986 2741 1043 δὲ
2789 990 2881 1043 καὶ
2940 994 3146 1059 ζῶντας
3209 991 3313 1047 οὐκ
3369 991 3774 1069 ὀλίγους,το·5ς
3806 994 3869 1050 ’δὲ

2195 1074 2427 1138 λοιποὺς
2466 1077 2699 1152 ἀγεννῶς
2733 1078 2863 1133 εἷ’σω
2920 1083 3123 1155 τειχῶν
3173 1080 3615 1155 συγκλεισθῆναι.
3667 1081 3863 1140 Ἐϐουσ

2196 1162 2339 1235 λήθη
2405 1166 2499 1238 μὲν
2561 1167 2651 1220 οὖν
2686 1167 2713 1221 6
2767 1166 3023 1243 βασιλεὺς
3078 1168 3368 1225 ἑλεπόλεσι
3425 1171 3517 1226 καὶ
3579 1177 3862 1247 μηχαναῖς

2194 1254 2588 1329 ἀποπειρᾶσθαι
2644 1260 2742 1310 τοῦ
2809 1258 3044 1332 χωρίου·
3109 1258 3183 1319 ὡς
3233 1256 3290 1313 δὲ
3340 1261 3486 1336 ἑώρα
3539 1262 3638 1329 τήν
3691 1261 3860 1318 πόλιν

2195 1341 2459 1421 εὔπυργον
2491 1345 2583 1400 καὶ
2619 1344 2819 1416 πλήθει
2869 1352 2976 1403 τῶν
3018 1348 3126 1404 ἀπὸ
3173 1353 3271 1404 τοῦ
3320 1351 3544 1430 τείχους
3576 1351 3862 1425 ἀμυνομέ-

2196 1454 2301 1487 οων
2348 1433 2664 1508 βρίθουσαν,
2724 1434 2951 1491 ἐπύθετο
2982 1434 3040 1492 δὲ
3068 1437 3161 1492 καὶ
3191 1439 3339 1514 παρὰ
3378 1444 3484 1494 τῶν
3533 1437 3867 1514 αὐτομόλων

2195 1522 2448 1600 ἀφθονίαν
2482 1520 2631 1599 ἔχειν
2682 1523 2904 1595 πολλὴν
2934 1532 3041 1581 τῶν
3076 1526 3405 1597 ἐπιτηδείων
3453 1529 3545 1585 καὶ
3581 1531 3656 1603 μὴ
3691 1528 3865 1585 δεδιέ-

2191 1629 2279 1663 ναι
2329 1629 2560 1685 ’χρονιαν
2629 1609 2985 1687 πολιορκίαν,
3072 1612 3205 1687 ἄρας
3284 1616 3520 1679 ἐντεῦθεν
3575 1621 3644 1691 τῇ
3685 1624 3867 1674 Μανι-

2194 1698 2373 1772 χαίων
2431 1696 2782 1776 προσϐάλλει
2841 1705 2937 1777 γῇ,
2992 1703 3083 1758 καὶ
3134 1725 3306 1759 παντα
3335 1706 3401 1759 τὰ
3434 1703 3488 1760 ἒν
3516 1705 3674 1761 ποσὶν
3707 1707 3866 1762 ἐκτε-

2195 1788 2437 1861 φρώσας,
2505 1790 2569 1845 τὸ
2650 1791 2920 1867 Ἀργαοὺθ
2973 1791 3265 1867 λεγόμενον
3328 1793 3588 1871 φρούριον
3644 1796 3737 1850 καὶ
3795 1797 3866 1851 τὸ

429 1899 497 1937 eo
529 1882 686 1937 bello
709 1882 893 1937 virtus
923 1882 1208 1953 praeclara
1239 1882 1471 1951 fuisset,
1492 1882 1815 1936 honoratos
1836 1880 2084 1935 dimisit.

2198 1876 2501 1933 Κουτακίου
2533 1877 2625 1934 καὶ
2664 1881 2727 1934 τὸ
2787 1882 3064 1957 Στεφάνου
3122 1882 3211 1936 καὶ
3268 1882 3332 1937 τὸ
3360 1884 3609 1959 Ἀραρὰχ
3639 1883 3865 1959 ἔμπρη-

423 1971 541 2043 Ipsi
573 1971 647 2027 ad
677 1972 885 2027 urbem
928 1988 1223 2038 reversus,
1255 1989 1391 2027 cum
1421 1972 1483 2026 in
1516 1971 1859 2027 'l‘hrcaciam
1900 1970 2081 2041 traje-

429 2061 627 2125 cisset,
662 2060 733 2116 ab
766 2060 1062 2116 Hebdomo
1123 2060 1360 2132 publice
1404 2078 1510 2132 per
1549 2063 1803 2115 Auream
1853 2064 2085 2130 portam

428 2149 693 2217 intravit,
749 2150 1424 2221 splendidissimumque
1484 2149 1651 2205 duxit
1692 2149 2086 2219 triumphum,

427 2239 703 2294 universo
762 2239 982 2310 populo
1041 2239 1298 2294 victoria)
1357 2238 1794 2311 gratulantibus
1848 2237 2087 2293 vocibus

431 2327 761 2398 faustisque
795 2328 1324 2383 acclamationibus
1358 2332 1759 2399 prosequente
1795 2343 1983 2398 usque
2013 2327 2088 2382 ad

433 2417 622 2473 aedem
656 2417 991 2488 Sapientiae,
1017 2434 1148 2487 quae
1177 2416 1444 2488 ejusdem
1472 2422 1562 2471 est
1589 2433 1723 2471 cum
1748 2416 1866 2471 Deo
1897 2432 2090 2471 essen-

428 2507 554 2562 tiw.
588 2507 673 2562 Ibi
697 2507 844 2562 actis
877 2507 992 2561 Deo
1022 2507 1225 2578 gratis,
1257 2506 1330 2561 ab
1377 2506 1595 2578 ignatio
1627 2506 1964 2576 patriarcha
1990 2522 2086 2559 co-

428 2596 600 2651 ronis
631 2595 945 2650 redimitus
976 2595 1036 2649 in
1068 2595 1291 2665 regiam
1323 2595 1541 2661 rediit;
1571 2612 1825 2666 cumque
1859 2612 1920 2650 se
1951 2611 2091 2666 pau-

422 2686 616 2741 lulum
675 2701 810 2740 cum
841 2701 1025 2739 uxore
1058 2684 1346 2739 etliberis
1406 2684 1793 2752 oblectasset,
1851 2701 2091 2739 rursum

424 2793 487 2831 se
508 2776 582 2830 ad
604 2774 1037 2846 rempublicam
1059 2773 1510 2846 gubernandam
1542 2773 1813 2830 contulit.

430 2864 692 2938 στηρίους
752 2859 992 2924 ἀποδοὺς
1048 2861 1270 2935 ὕμνους,
1350 2862 1497 2935 παρὰ

2195 1987 2288 2028 σας
2337 1968 2687 2041 κατέσκαψεν.
2749 1970 2984 2025 Ἐκεῖθεν
3044 1970 3264 2046 ἀγείρας
3322 1973 3415 2026 τὸν
3471 1974 3698 2046 στρατὸν
3752 1981 3867 2044 τῆς

2197 2054 2285 2110 ἐπὶ
2314 2056 2414 2125 τήν
2454 2054 2844 2130 βασιλεύουσαν
2891 2056 3098 2134 εἷ’χετο.
3157 2060 3262 2116 Καὶ
3314 2062 3445 2124 τοὺς
3490 2061 3585 2133 μὲν
3616 2061 3869 2134 ἀριστεύ-

2199 2165 2388 2206 σαντας
2415 2151 2524 2200 τῶν
2576 2151 2925 2221 στρατιωτῶν
2972 2150 3212 2221 τιμήσας
3260 2149 3548 2205 ἀπέλυσεν·
3605 2151 3770 2213 αὐτὸς
3803 2149 3869 2208 δὲ

2196 2236 2295 2305 τήν
2331 2232 2591 2309 βασιλίδα
2632 2236 2925 2312 κατασχὼν
2985 2237 3072 2293 καὶ
3136 2239 3463 2313 περαιωθεὶς
3512 2240 3590 2304 εἷς
3616 2243 3863 2316 Θρᾴκην,

2200 2322 2259 2378 ἐκ
2286 2329 2385 2378 τσῦ
2420 2319 2657 2396 Ἐϐόμου
2711 2327 2811 2395 τὴν
2861 2323 3135 2399 δημοσίαν
3186 2328 3560 2401 ποιησάμενος
3594 2328 3858 2405 πρόοδον,

2200 2409 2289 2467 διὰ
2315 2419 2415 2481 τῆς
2449 2417 2669 2482 Χουσῆς
2715 2414 2924 2488 πόρτης
2978 2413 3235 2479 εἰσελθὼν
3291 2417 3381 2471 καὶ
3429 2412 3697 2492 θρίαμϐον
3727 2439 3861 2473 κατ-

2202 2500 2417 2578 αγαγὼν
2477 2502 3080 2579 μεγαλοπρεπέστατον,
3109 2503 3209 2559 τοῦ
3270 2503 3451 2579 δήμου
3510 2508 3710 2569 παντὸς
3742 2507 3870 2562 ἐπι-

2197 2590 2392 2653 νικίοις
2451 2598 2655 2669 φωναῖς
2715 2592 2804 2647 καὶ
2865 2591 3165 2672 εὐφημίαις
3218 2594 3383 2651 αὐτὸν
3459 2596 3871 2672 μεγαλυνοντος

2201 2682 2333 2756 ἄχρι
2392 2684 2489 2735 τοῦ
2548 2685 2677 2735 ναοῦ
2732 2688 2835 2751 τῆς
2902 2686 3000 2737 τοῦ
3056 2688 3191 2738 Θεοῦ
3243 2681 3608 2740 ἐνυποστάτου
3657 2686 3871 2762 Σοφίας

2203 2770 2432 2846 ἐγένετο.
2492 2771 2698 2826 Ἑκεῖσε
2729 2768 2788 2825 δὲ
2840 2771 3131 2846 γενόμενος
3188 2773 3278 2828 καὶ
3323 2777 3403 2845 τῷ
3458 2778 3575 2846 Θεῷ
3632 2772 3866 2850 εὔχαρι-

1584 2860 1848 2938 Ἰγνατίου
1897 2881 1955 2915 τε
2011 2864 2107 2915 τοῦ
2164 2863 2507 2935 πατριάρχου
2564 2861 2880 2924 ταινιωθεὶς
2937 2861 3218 2941 στεφάνοις
3278 2866 3411 2934 (81),
3462 2861 3723 2928 ἐπανῆκεν
3784 2864 3871 2926 εἰς

422 2954 489 3008 τὰ
549 2950 801 3026 βασίλεια
838 2996 852 3022 ,
917 2952 1109 3027 μικρόν
1190 2973 1251 3007 τε
1310 2951 1594 3022 συνησθεὶς
1667 2954 1737 3024 τῇ
1810 2950 2021 3027 γυναικὶ
2088 2949 2179 3005 καὶ
2235 2954 2351 3011 τοῖς
2406 2948 2612 3013 τέκνοις
2657 2954 2765 3006 τῶν
2822 2948 3129 3006 πολιτικῶν
3189 2951 3342 3015 αὖθις
3401 2950 3587 3027 εἴχετο
3646 2950 3865 3012 διοική-

426 3062 588 3098 σεων.

497 3134 665 3187 Anno
699 3132 802 3203 qui
836 3132 994 3187 hunc
1015 3132 1283 3203 proxime
1317 3133 1667 3187 subsecutus
1690 3136 1940 3201 est,cum
1972 3133 2085 3185 Ma-

423 3224 640 3280 nichaei
673 3225 821 3280 duce
872 3224 1264 3294 Chrysochire
1299 3236 1511 3298 magno
1543 3241 1679 3279 cum
1725 3224 1989 3278 exercitu
2022 3223 2083 3276 in

422 3316 825 3369 Romanorum
842 3313 1132 3369 ditionem
1153 3314 1614 3385 impressionem
1632 3313 1918 3368 fecissent
1935 3328 2087 3366 eam-

422 3420 537 3474 que
567 3402 1408 3474 deprmdarentur,imperator
1430 3403 1501 3457 de
1518 3419 1681 3457 more
1697 3406 1905 3457 contra
1926 3403 2087 3455 hunc

423 3493 607 3547 mittit
636 3492 977 3547 scholarum
1017 3492 1371 3563 principem.
1404 3493 1459 3546 Is
1488 3492 1832 3546 universum
1884 3504 2085 3544 secum

423 3581 647 3637 ducens
665 3583 998 3636 Romanum
1024 3581 1511 3648 exercitum,cum
1530 3581 1601 3635 de
1624 3595 1862 3635 summa
1886 3594 2087 3633 rerum

424 3670 631 3740 prmlio
653 3670 958 3724 decertare
984 3686 1103 3724 non
1136 3669 1383 3725 auderet
1399 3669 1755 3739 aliquandiu
1775 3667 2086 3722 intervallo

426 3760 777 3831 interposito
817 3761 1051 3817 hostem
1097 3761 1460 3832 insequitur,
1514 3766 1571 3814 et
1601 3760 1795 3815 obstat
1826 3776 1900 3813 ne
1947 3758 2086 3812 hinc

421 3850 561 3905 inde
594 3867 908 3907 excurrere
937 3868 1005 3907 ac
1023 3853 1230 3907 1010
1249 3851 1504 3923 palando
1532 3867 1639 3923 per
1667 3850 1796 3905 loca
1826 3849 2084 3920 dispergi

429 3938 695 3995 auderet.
733 3940 846 3995 Sed
876 3940 979 3995 ubi
1012 3941 1303 3997 Barbarus
1335 3940 1604 4012 quadam
1639 3957 1841 4011 agens,
1865 3939 2085 4011 partim

421 4029 710 4100 propositi
744 4029 937 4101 impos
969 4029 1209 4086 domum
1242 4029 1439 4085 redire
1471 4028 1727 4084 intendit
1748 4046 1816 4084 ac
1846 4028 2086 4100 copiosa

423 4135 556 4173 cum
586 4119 788 4191 praeda
819 4120 934 4174 iter
958 4120 1106 4175 illud
1138 4120 1325 4188 inivit,
1360 4119 1723 4175 domesticus
1744 4118 2083 4173 scholarum

423 4206 656 4264 duobus
707 4207 977 4278 ducibus,
1028 4226 1282 4280 quorum
1331 4226 1490 4264 unus
1538 4206 1876 4263 Charsianis
1933 4207 2086 4262 alter

422 4298 796 4354 Armeniacis
827 4304 1100 4370 praeerat,
1132 4299 1404 4371 prmcipit
1431 4304 1498 4354 ut
1526 4315 1661 4353 cum
1692 4298 1765 4352 iis
1797 4312 1943 4367 quas
1976 4296 2083 4350 du-

422 4387 636 4442 cebant
661 4387 1005 4443 cohortibus
1028 4388 1483 4460 Chrysochirem
1507 4404 1697 4458 usque
1729 4385 1803 4441 ad
1840 4386 2081 4456 Bathyr-

415 4475 657 4532 rhacem
688 4493 840 4548 pone
888 4483 1236 4548 sequantur,
1291 4482 1351 4531 et
1380 4477 1429 4531 si
1479 4476 1721 4547 quidem
1752 4476 1801 4529 is
1849 4474 1986 4530 inde
2018 4474 2080 4528 in

2266 3131 2359 3201 Τῷ
2391 3126 2437 3183 δ’
2477 3128 2684 3183 ἐπιόντι
2743 3128 2932 3205 χρόνῳ
2980 3133 3067 3183 τιῦ
3113 3134 3222 3184 τῶν
3270 3129 3589 3204 Μανιχαίων
3635 3128 3863 3205 ἐξηγουο

2202 3222 2366 3294 μένου
2418 3222 2796 3296 Χρυσόχειρος
2827 3221 2904 3282 εἷς
2952 3222 3052 3289 τήν
3103 3226 3212 3277 τῶν
3255 3223 3546 3293 Ῥωμαίων
3579 3217 3864 3294 ἐμϐαλόν-

2194 3329 2286 3370 τος
2323 3311 2481 3384 βαρεῖ
2509 3313 2721 3385 στρατῷ
2751 3309 2843 3364 καὶ
2889 3310 3091 3380 ταύτην
3140 3309 3495 3383 ληϊζομένου,
3526 3309 3864 3367 ἀποστέλλει

2194 3399 2312 3452 κατ’
2359 3398 2524 3452 αὐτοῦ
2584 3399 2830 3468 συνήθως
2869 3398 2897 3452 6
2933 3397 3189 3473 βασιλεὺς
3236 3400 3328 3455 τὸν
3380 3401 3489 3454 τῶν
3527 3399 3751 3478 σχολῶν
3785 3400 3869 3471 ἐξ·

2197 3487 2526 3562 ηγούμενον.
2559 3487 2736 3551 Οὗτος
2780 3485 2860 3557 δὲ,
2909 3486 3084 3544 πάντα
3132 3490 3226 3543 τὸν
3268 3490 3575 3561 Ῥωμαϊκὸν
3629 3490 3863 3565 στρατὸν

2196 3574 2691 3652 συμπαρειληφώς,
2732 3574 2921 3644 ἐπειδὴ
2975 3574 3201 3648 σταδαίᾳ
3246 3579 3402 3652 μάχῃ
3433 3583 3618 3651 κρῖναι
3648 3578 3711 3633 τὸ
3753 3584 3865 3634 πᾶν

2198 3661 2425 3733 ἐδειλία,
2481 3665 2776 3740 παρείπετο
2832 3664 2968 3728 τέως
3013 3666 3160 3738 αὐτῷ
3187 3667 3294 3723 ἀπό
3347 3688 3499 3729 τινος
3552 3665 3864 3742 διαστήμα-

2193 3776 2310 3827 τος,
2370 3756 2459 3811 καὶ
2515 3756 2610 3819 τάς
2674 3757 2901 3833 μερικὰς
2952 3757 3163 3834 ἀνεῖργε
3220 3756 3598 3833 καταδρομὰς,
3658 3761 3747 3814 καὶ
3791 3761 3863 3815 οὐ

2194 3846 2495 3921 συνεχώρει
2552 3846 2691 3901 κατᾶ
2768 3853 2871 3914 τῆς
2949 3848 3140 3922 χώρας
3226 3845 3401 3909 ἀδεῶς
3462 3845 3862 3905 διασκίδναθαι.

2193 3935 2283 3998 Ὦς
2320 3935 2414 3989 οὗν
2462 3934 2530 3990 τὰ
2582 3935 2676 4009 μὲν
2730 3932 2873 4009 δρῶν
2926 3937 2994 3990 τὰ
3046 3933 3103 3991 δὲ
3161 3936 3475 4008 ἂπρακτῶν,
3508 3938 3536 3991 ὀ
3571 3932 3863 4012 Βὰρϐαρος

2193 4019 2303 4093 ἤδη
2337 4023 2558 4093 καὶτῆς
2604 4028 2745 4098 πρῦς
2791 4025 2859 4078 τὰ
2916 4024 3064 4079 οἲκοι
3131 4024 3398 4081 ἐπανόδου
3455 4025 3734 4098 ἐμέμνητο
3764 4029 3862 4082 καὶ

2197 4114 2331 4184 μετά
2385 4111 2534 4174 λείας
2601 4119 2811 4187 συχνῆς
2869 4113 3222 4188 ὑπέστρεψεν,
3286 4116 3314 4169 6
3365 4113 3688 4188 δομὲστικος
3740 4121 3859 4170 τῶν

2194 4201 2415 4280 σχολῶν
2471 4198 2567 4257 δύο
2622 4205 2731 4256 τῶν
2787 4203 3105 4277 στρατηγῶν
3166 4203 3430 4281 ἀφώρισε,
3486 4204 3579 4259 τόν
3635 4225 3694 4259 τε
3744 4209 3853 4259 τοῦ

2191 4294 2504 4365 Χαρσιανοῦ
2553 4293 2664 4363 (82)
2703 4291 2793 4346 καὶ
2840 4292 2935 4347 τὸν
2972 4296 3080 4346 τῶν
3127 4294 3526 4366 Ἀρμενιακῶν,
3580 4294 3716 4367 μετὰ
3752 4301 3860 4363 τῆς

2192 4379 2315 4454 περὶ
2365 4378 2524 4434 αὐτὸν
2581 4375 2863 4452 δυνάμεως
2937 4377 3159 4435 ἕκαστον
3230 4388 3718 4457 συμπαρομαρτεῖν
3774 4386 3864 4454 τῷ

2194 4469 2534 4543 Χρυσόχειρι
2590 4466 2724 4543 ἄχρι
2779 4474 2878 4524 τοῦ
2912 4469 3210 4544 λεγομένου
3242 4470 3641 4545 Βαθυρῥύακος,
3667 4472 3864 4526 κάκεῖ-

417 4565 714 4620 Romanos
761 4582 932 4637 agros
981 4583 1049 4621 ac
1083 4567 1233 4620 fines
1284 4565 1518 4621 emittat
1565 4564 1838 4632 militem,
1872 4563 1981 4617 sibi
2024 4561 2084 4617 id

2195 4568 2281 4622 θεν
2340 4557 2385 4612 εἰ
2446 4557 2539 4630 μὲν
2595 4556 2883 4634 ἐπαφήσει,
2946 4560 3106 4637 φησὶ,
3164 4560 3301 4615 κατὰ
3358 4564 3464 4614 τῶν
3522 4565 3855 4633 Ῥωμαϊκῶν

416 4652 772 4723 signiﬁcent,
822 4654 915 4708 sin
947 4654 1018 4709 ab
1079 4671 1148 4709 eo
1199 4657 1326 4709 loco
1380 4658 1541 4709 recta
1585 4652 1825 4707 domum
1871 4668 2078 4707 versus

420 4741 853 4810 proficiscatur,
888 4743 1017 4813 ipso
1066 4744 1285 4798 omisso
1316 4742 1392 4797 ad
1422 4759 1483 4797 se
1531 4746 1926 4796 revertantur.
1962 4740 2077 4797 Sub

422 4845 727 4900 vesperam
773 4846 907 4885 cum
939 4830 1014 4885 ad
1057 4831 1281 4886 dictum
1314 4825 1512 4887 locum
1559 4834 1799 4890 (nomen
1832 4836 1923 4886 est
1948 4830 2078 4886 loco

416 4918 489 4974 ab
517 4918 655 4974 altis
713 4919 966 4975 inditum
1019 4919 1450 4991 crepidinibus)
1508 4920 1747 4976 Barbari
1779 4922 1840 4975 in
1881 4919 2079 4975 radice

417 5008 639 5062 montis
695 5008 1130 5075 consedissent,
1170 5009 1328 5063 inter
1384 5009 1606 5066 milites
1653 5013 2076 5076 Romanorum,

415 5098 517 5169 qui
578 5100 919 5171 superioros
968 5100 1189 5155 montis
1244 5106 1442 5171 partes
1498 5105 1950 5171 occupaverant,
2007 5098 2080 5153 de

412 5188 645 5243 virtutis
675 5194 936 5260 praestari
954 5190 1031 5245 tia
1051 5196 1355 5246 certamen
1376 5190 1607 5258 incidit,
1634 5195 1887 5261 utroque
1920 5205 2083 5243 exer-

413 5277 531 5330 citu
567 5278 677 5333 sibi
705 5280 930 5351 primas
960 5279 1329 5334 fortitudinis
1355 5282 1687 5351 arrogante.
1711 5281 2080 5351 Augescente

415 5368 823 5434 contentione,
859 5372 916 5422 et
945 5375 1200 5439 utroque
1233 5370 1493 5423 exercitu
1525 5367 1597 5421 ad
1635 5368 1920 5439 majorem
1945 5384 2079 5438 pro-

2188 4649 2352 4721 ὁρίων
2412 4648 2638 4722 στρατὸν
2699 4644 2842 4716 δῆλα
2903 4648 3088 4713 θέσθαι
3148 4650 3295 4722 αὐτῷ
3352 4651 3420 4705 τὰ
3458 4651 3582 4724 περὶ
3629 4650 3859 4719 τούτου,

2189 4739 2272 4811 [Ρ.
2309 4738 2434 4811 572]
2484 4736 2528 4790 εἷ
2582 4734 2639 4791 δὲ
2696 4733 2882 4792 οἷ’καδε
2933 4737 3330 4814 ἀμεταστρεπτὶ
3378 4736 3664 4812 βαδίσειεν,
3697 4740 3862 4794 ὲάσαν

2186 4847 2285 4887 τας
2340 4830 2530 4881 τοῦτον
2583 4826 2733 4887 αὖθις
2790 4824 3101 4891 ἐπανελθεῖν
3158 4827 3297 4899 πρὸς
3349 4827 3532 4883 αὐτόν.
3590 4829 3859 4901 Ἐσπέρας

2190 4917 2284 4971 οὗν
2339 4911 2779 4986 καταλαϐούσης,
2846 4916 2936 4971 καὶ
2990 4921 3086 4971 τοῦ
3151 4912 3487 4992 βαρϐαρικοῦ
3546 4917 3859 4991 στρτεῦμασ-

2190 5027 2281 5068 τος
2311 5006 2603 5081 γεγονότος
2629 5004 2766 5060 κατᾶ
2820 5005 2915 5059 τὸν
2976 5004 3334 5079 Βαθυρῥύακα
3392 5005 3761 5079 αὐλισαμένου
3794 5029 3860 5063 τε

2188 5096 2325 5150 κατὰ
2372 5095 2472 5163 τὴν
2529 5097 2629 5149 τοῦ
2685 5091 2850 5166 ὅρους
2903 5094 3198 5168 ὑπώρειαν,
3257 5099 3366 5150 τῶν
3428 5093 3486 5149 δὲ
3544 5096 3857 5170 εἰρημένων

2191 5188 2512 5261 σιρατηγῶν
2570 5182 2928 5256 καταγόντων
2984 5184 3054 5237 τὰ
3098 5183 3295 5239 τούτου
3358 5184 3732 5260 μετεωρότερα
3760 5188 3862 5241 καὶ

2188 5275 2252 5329 τὸ
2313 5271 2511 5346 μέλλεν
2567 5271 3053 5341 ἀποσκοπούντῶν;
3110 5275 3371 5347 ἓμπίπτει
3434 5296 3518 5337 τις
3577 5271 3689 5348 ἔρις
3728 5277 3862 5350 περέ

2190 5362 2474 5439 πρωτείων
2504 5361 2592 5419 καὶ
2623 5360 2839 5434 ἅμιλλα
2870 5368 2986 5423 τοῖς
3022 5367 3129 5417 τῶν
3164 5360 3260 5418 δύο
3309 5364 3556 5436 θεμάτων
3589 5366 3863 5437 στρατιώ-

1638 5464 2005 5523 XYLANDRI
2046 5468 2128 5521 ET
2169 5465 2388 5521 (ΞΟΛηί
2427 5465 2650 5520 ΝΟΤΑΞ.

494 5560 602 5631 (81)
622 5565 813 5638 Semel
838 5566 1167 5638 suscipiens
1191 5566 1599 5636 imperium,et
1619 5564 1880 5620 secundo
1900 5581 2084 5635 quan-

422 5629 615 5699 doque
646 5629 1039 5708 triumphans,
1065 5629 1463 5692 coronabatur
1491 5638 1835 5708 imperator.
1870 5629 2081 5692 Primae

422 5706 832 5761 coronationis
885 5708 1115 5779 insigne
1169 5708 1386 5779 στέμμα
1431 5715 1522 5764 est
1551 5706 1796 5780 Codino,
1836 5708 2083 5765 alterius

2193 5565 2373 5637 hujus
2400 5560 2994 5637 τροπαιουχίαρὶᾶθῐη
3027 5582 3076 5618 c.
3124 5582 3197 5620 v1.
3235 5568 3317 5620 Ita
3365 5566 3646 5637 Georgius
3676 5567 3858 5624 Core-

2194 5634 2318 5691 sius
2350 5636 2407 5689 in
2438 5634 2735 5706 Epistolis.
2767 5636 2942 5690 GOAR.

2267 5709 2376 5777 (82)
2407 5705 2791 5778 Cappadocia
2822 5706 2957 5764 loci.
2994 5708 3170 5764 GUAR.
