4184 6418
348 409 504 469 1091

1560 407 1926 468 HISTORIA
1943 406 2118 466 RUM
2165 403 2721 465 COMPENDIUM.

3609 402 3772 463 1098

348 558 491 604 ταις⁸
524 541 577 595 οἱ
612 541 706 614 μὶν
764 539 869 615 γὰρ
933 542 1033 594 τοῦ
1092 539 1402 614 Χαρσιανοῢ
1459 539 1668 601 ἑαυτοῖς
1727 536 2001 593 ἐνίσταντο

2130 536 2352 593 .abente
2363 535 2740 609 jactantiam,
2761 534 3084 604 quemdam
3106 550 3177 589 ex
3189 533 3560 590 Armeniacis
3580 534 3786 590 ferunt

345 635 463 692 τοῖς
492 636 594 698 τῆς
635 626 854 703 ἀνδρίας
906 629 1166 703 ἁρμόζειν
1216 632 1478 702 πρωτεῖα,
1513 626 1753 701 ἔμπαλιν
1796 624 1851 682 δὲ
1882 627 2001 681 ἑαυ-

346 724 462 780 τοῖς
492 717 544 772 οἱ
578 717 955 792 Ἀρμενιακοί.
988 717 1077 777 Ὠς
1112 714 1204 770 οὖν
1254 715 1344 771 ἐπὶ
1394 714 1651 771 πλεῖστον
1711 715 1914 792 ἐχώρει
1943 716 2011 769 τὰ

346 816 447 877 τῆς
514 805 851 883 φιλονεικίας
919 806 1009 861 καὶ
1068 805 1205 881 πρὸς
1261 805 1326 860 τὸ
1385 804 1739 882 μεγάλαυχον
1786 805 2011 879 ἑκάτερα

348 891 540 972 ἕρῥεπε
593 900 700 951 τῶν
756 894 1096 969 ταγμάτων,
1169 892 1395 949 ἐνταῦθα
1464 892 1530 964 δὴ
1595 892 1813 968 λέγεται
1867 914 2013 967 παρα

345 1006 493 1045 τινος
543 984 808 1060 λεχθῆναι
841 987 937 1039 τοῦ
971 988 1078 1038 τῶν
1114 984 1492 1056 Ἀρμενιακῶν
1527 986 1901 1056 συστήματος,
1935 984 2010 1045 ὡς

350 1078 469 1132 ’Ίνα
498 1075 551 1129 τί
586 1075 782 1146 μάτην,
818 1075 863 1128 ὦ
896 1078 1311 1148 συστρατιῶται,
1344 1074 1602 1149 ἀπρεπῶς
1636 1073 2014 1148 θρασυνόμεθα

350 1163 466 1237 ἐξὸν
515 1168 633 1225 τοῖς
679 1162 864 1236 ’ἑργοις
933 1157 1422 1237 ἀναμφισϐήτητον
1500 1163 1694 1237 ἀρετὴν
1746 1159 2014 1234 ἐπιδείξα-

351 1266 512 1324 σθαι;
546 1255 614 1312 Οἱ
670 1251 934 1326 πολέμιοι
996 1252 1098 1329 γὰρ
1144 1251 1206 1307 οὐ
1251 1252 1483 1327 μακράν,
1535 1252 1626 1306 καὶ
1694 1245 1892 1324 ἔξεστιν
1926 1250 2014 1306 ἐπὶ

351 1348 456 1398 τῶν
519 1341 693 1419 ἔργων
758 1350 992 1421 φανῆναι
1048 1340 1175 1402 τοὺς
1233 1341 1490 1415 ἀριστεῖς.
1553 1342 1691 1401 Τοὺς
1720 1340 2005 1400 τοιούτους

349 1433 523 1487 τοίνυν
583 1431 786 1506 λόγους
856 1428 1293 1493 διενωτισθὲντες
1326 1432 1380 1484 οἱ
1428 1428 1729 1505 στρατηγοὶ
1780 1430 1869 1484 καὶ
1912 1429 2013 1498 την

349 1523 486 1596 πρὸς
516 1518 739 1595 ἀνδρίαν
774 1521 942 1595 ὁρκήν
993 1520 1426 1589 κατανοήσαντες
1480 1523 1577 1573 τοῦ
1630 1518 1789 1587 λαοῦ,
1840 1537 2012 1573 καταο

359 1609 623 1682 μαθόντες
654 1605 712 1663 δὲ
740 1609 827 1663 καὶ
860 1609 959 1676 τήν
1008 1608 1113 1662 ἀπὸ
1164 1612 1262 1662 τοῦ
1313 1606 1485 1662 τόπου
1538 1608 1816 1681 βοήθειαν,
1849 1607 1931 1661 ὅτι
1964 1605 2015 1678 ἐξ

357 1696 684 1772 ὑπερδεξίων
734 1695 1031 1770 μέλλουσιν
1078 1695 1412 1761 ἐπιτίθεσθαι
1468 1701 1587 1757 τοῖς
1641 1694 1933 1768 πολεμίοις
1966 1694 2016 1749 ἐν

352 1785 530 1861 κοίλῳ
560 1787 834 1860 κειμένοις
889 1787 1067 1858 τόπῳ,
1120 1783 1252 1861 διχῆ
1309 1783 1579 1860 διαιροῦσι
1635 1787 1734 1855 τὴν
1766 1782 2013 1857 δύναμιν.

351 1876 449 1931 Καὶ
489 1877 676 1950 τὸμὲν
738 1872 986 1951 ἔκκριτον
1052 1874 1255 1945 ταύτης
1324 1871 1490 1953 ἄχρις
1550 1874 1844 1944 ἑξακοσίων
1901 1875 2016 1947 μετ’
2054 1912 2098 1976 Β

398 1965 411 1976 .
466 1969 491 1976 _
697 1970 724 1976 μ
1078 1968 1102 1976 -
1341 1959 1370 1976 ο
1411 1962 1429 1976 .
1477 1968 1499 1976 _
1570 1962 1582 1976 .
1674 1963 1714 1976 ,λ
1829 1968 1854 1976 ..
1938 1968 1965 1976 -

353 1965 533 2021 αὐτῶν
567 1985 630 2040 γε
657 1970 767 2020 τῶν
829 1968 1144 2040 στρατηγῶν
1192 1959 1525 2039 προσϐαλεῖν
1568 1962 1755 2039 ἐκρίθη
1789 1968 1867 2035 τῷ
1898 1968 2007 2019 τῶν

359 2050 649 2130 βαρϐάρων
708 2058 950 2130 στρατῶ·
1007 2055 1070 2108 τὸ
1129 2050 1188 2108 δὲ
1245 2051 1441 2108 λοιπὸν
1498 2055 1588 2108 καί
1642 2052 2011 2127 εὐαρίθμητον

351 2150 451 2213 τῆς
485 2145 803 2217 Ῥωμαϊκῆς
837 2148 1088 2218 στρατιᾶς
1140 2142 1216 2204 εἰς
1274 2139 1501 2211 δόκησιν
1563 2140 1813 2212 πλήθους
1844 2145 2009 2197 αὐτοῦ

352 2256 459 2290 που
499 2235 850 2296 σκευάσαντες
883 2234 1020 2309 πρὸς
1068 2234 1136 2289 τά
1168 2233 1414 2307 μετέωρα
1460 2228 1708 2303 ἔστησαν,
1760 2231 2010 2306 σύνθημα

353 2322 532 2386 δόντες
560 2324 632 2378 'iv’
671 2323 797 2379 ὅταν
830 2322 981 2378 οὗτοι
1013 2318 1373 2399 προσϐάλωσι
1398 2327 1516 2386 τοῖς
1546 2321 1791 2397 ἐχθροῖς,
1815 2323 2009 2377 κάκεῖ-

352 2435 437 2467 νοι
497 2413 593 2469 σὺν
652 2411 967 2488 ἀλαλαγμῷ
1020 2413 1263 2486 μεγίστῳ
1316 2411 1407 2466 καὶ
1467 2408 1758 2489 σάλπιγξιν
1789 2410 2008 2484 ἐκπλη-

352 2503 546 2571 κτικῆν
609 2502 747 2577 βοὴν
810 2500 1177 2577 ἀναῤῥήξωσι,
1239 2500 1695 2575 συνεπηχούντων
1753 2501 1845 2557 καὶ
1900 2506 2007 2556 τῶν

354 2591 545 2666 ὀρέων,
580 2591 671 2645 καὶ
727 2589 903 2652 οὕτως
933 2590 1148 2666 ἀφανῶς
1179 2588 1269 2644 διὰ
1321 2593 1424 2655 τῆς
1478 2588 1669 2651 νυκτὸς
1719 2595 1789 2664 τῇ
1849 2610 2009 2665 στρα-

350 2679 606 2752 τοπεδείᾳ
632 2685 739 2735 τῶν
800 2678 1013 2755 ἐχθρῶν
1067 2677 1440 2749 πλησιάζωσι.
1494 2679 1596 2736 Καὶ
1628 2678 1883 2735 τοιούτου
1916 2677 2009 2735 δο-

356 2768 539 2833 θέντος
571 2770 941 2840 συνθήματος,
975 2768 1128 2824 οὔπω
1187 2772 1284 2823 τοῦ
1338 2766 1503 2836 ἡλίου
1559 2768 1656 2829 τὰς
1705 2766 2008 2843 ἀκρωρείας

355 2856 709 2932 αὐγάζοντος,
755 2859 860 2932 βοῇ
918 2852 1145 2932 στιϐαρᾷ
1202 2856 1571 2919 παιανίσαντες
1619 2857 1807 2912 καὶτὸ
1836 2865 2013 2911 Σταυ-

360 2949 452 3022 ρὸς
483 2946 750 3017 νενίκηκε,
785 2941 1195 3019 συμϐοήσαντες
1226 2946 1554 3001 ἐπιτίθενται
1610 2951 1727 3007 τοῖς
1761 2945 2009 3024 ἐχθροῖς,

359 3035 908 3105 συνεπαΑαλαζόντων
938 3034 1045 3091 ἀπὸ
1095 3040 1192 3090 τοῦ
1246 3031 1406 3110 ὅρους
1461 3034 1552 3090 καὶ
1608 3041 1718 3089 τῶν
1774 3033 2010 3092 λοιπῶν.

364 3124 541 3189 Εὐθὺς
572 3126 662 3179 οὖν
693 3125 745 3180 οἱ
776 3119 1053 3199 Βάρϐαροι
1082 3129 1160 3197 τῷ
1187 3122 1502 3197 ἀνελπίστῳ
1552 3121 2011 3199 καταπλαγέντες,

353 3214 447 3269 καὶ
473 3215 617 3285 μήτε
650 3220 911 3283 συστῆναι
948 3214 1087 3286 μήτε
1141 3212 1204 3266 τὸ
1261 3210 1413 3266 ἐπιὸν
1472 3210 1687 3282 πλῆθος
1744 3211 1871 3267 ὅσον
1902 3211 2011 3267 ἐστὶ

2121 626 2339 682 dixisse
2371 643 2382 680 :
2410 627 2703 690 Quorsum
2723 624 2956 689 attinet,
2979 623 3442 689 commilitones,
3470 629 3591 679 tam
3613 624 3785 680 inde-

2122 720 2328 771 center
2357 714 2603 769 ferocire
2626 713 2653 767 ?
2675 729 2810 767 cum
2829 712 3005 767 liceat
3021 712 3191 767 factis
3214 713 3488 768 virtutem
3510 718 3782 769 testatam

2122 803 2392 869 reddere,
2444 802 2723 857 hostibus
2766 802 2828 856 in
2859 801 3131 873 proximo
3170 802 3565 870 versantibus,
3596 819 3780 873 reque

2123 892 2253 963 ipsa
2282 893 2455 947 detur
2485 892 2895 947 demonstrare
2929 891 3029 961 qui
3063 892 3277 945 virtute
3318 891 3439 945 sint
3469 891 3670 961 primi.
3703 894 3786 946 Ea

2122 981 2301 1037 verba
2342 998 2480 1037 cum
2520 981 2596 1036 ad
2646 997 2820 1036 aures
2851 980 3070 1035 ducum
3104 978 3536 1050 pervenissent,
3569 986 3628 1035 et
3656 979 3781 1036 ala—

2124 1071 2395 1126 critatem
2420 1070 2679 1125 militum
2703 1068 2774 1124 ad
2798 1085 3054 1141 pugnam
3078 1068 3501 1140 intelligerent,
3526 1084 3637 1123 nec
3659 1085 3786 1123 non

2124 1157 2313 1229 ipsius
2342 1159 2457 1214 loci
2489 1158 2996 1230 opportunitatem
3031 1156 3324 1211 sentirent
3355 1155 3466 1210 sibi
3498 1155 3571 1210 ad
3602 1156 3789 1221 victo:-

2124 1247 2276 1302 riam
2329 1252 2696 1302 momentum
2731 1247 2929 1301 1011
2989 1245 3148 1300 haud
3190 1245 3312 1299 leve
3362 1244 3595 1310 afferre,
3629 1243 3789 1315 quod

2126 1352 2157 1390 e
2190 1336 2436 1391 sublimi
2486 1337 2615 1391 loco
2666 1336 2727 1390 in
2777 1336 2977 1390 hostes
3009 1339 3179 1389 erant
3234 1333 3521 1405 impetum
3567 1333 3785 1400 daturi,

2126 1426 2227 1496 qui
2261 1426 2322 1479 in
2354 1424 2501 1480 valle
2534 1431 2727 1481 castra
2757 1423 3075 1491 habebant,
3109 1422 3433 1478 exercitum
3464 1438 3704 1477 omnem
3724 1421 3789 1475 in

2127 1515 2274 1570 duas
2305 1513 2580 1569 dividunt
2626 1520 2846 1585 partes,
2880 1514 2964 1568 ita
3011 1518 3077 1567 ut
3132 1512 3337 1567 selecti
3371 1511 3444 1566 ad
3477 1516 3791 1566 sexcentos

2128 1604 2352 1659 milites
2384 1621 2519 1659 cum
2551 1603 2697 1676 ipsis
2727 1602 3074 1658 ductoribus
3105 1602 3167 1656 in
3200 1603 3432 1657 hostem
3466 1601 3789 1669 irruerent,

2127 1692 2344 1763 reliqui
2369 1710 2620 1748 numero
2642 1709 2761 1747 non
2793 1691 2967 1747 multi
2998 1691 3058 1746 in
3092 1690 3331 1746 sublimi
3357 1691 3793 1755 starent,simu-

2128 1784 2249 1840 lata
2273 1784 2660 1840 multitudine
2686 1803 2700 1851 ;
2734 1784 2934 1854 itaque
2965 1799 3090 1838 rem
3137 1787 3525 1853 componunt,
3557 1785 3623 1835 ut
3652 1796 3789 1835 cum

2128 1874 2215 1928 illi
2271 1874 2504 1930 hostem
2548 1872 2947 1941 adorirentur,
2999 1872 3161 1927 illico
3210 1872 3271 1925 hi
3324 1871 3583 1926 maximo
3656 1886 3793 1925 cum

2129 1962 2343 2034 plausu
2375 1967 2435 2018 et
2464 1962 2620 2017 tubis
2661 1962 3014 2019 canentibus
3045 1960 3374 2017 terribilem
3417 1960 3665 2015 ederent
3694 1975 3795 2013 vo-

2122 2052 2555 2119 ciferationem,
2588 2052 2975 2108 reboantibus
3015 2050 3198 2106 simul
3231 2049 3553 2105 montibus.
3581 2049 3681 2102 His
3706 2048 3793 2103 ita

2120 2142 2487 2214 compositis,
2546 2141 2778 2197 occulte
2831 2158 2937 2212 per
2987 2146 3245 2209 noctem,
3309 2144 3630 2209 antequam
3699 2137 3791 2192 sol

2121 2247 2356 2286 summa
2414 2232 2707 2286 montium
2758 2229 3098 2294 illustraret,
3149 2229 3223 2284 ad
3277 2233 3472 2283 castra
3525 2226 3787 2281 hostium

2118 2319 2491 2392 perveniunt,
2525 2335 2857 2391 magnaque
2892 2335 3031 2374 voce
3061 2334 3330 2389 paeanem
3360 2319 3692 2381 cantantes,
3726 2319 3787 2370 et

2123 2416 2276 2471 Vicit
2304 2433 2449 2472 crux
2476 2416 2941 2484 conclamantes,
2984 2415 3410 2488 aggrediuntur
3435 2414 3669 2469 hostem
3705 2411 3786 2467 si-

2120 2505 2247 2560 mul
2277 2506 2531 2577 reliquis
2560 2506 2632 2562 de
2665 2511 2868 2561 monte
2902 2505 3223 2559 militarem
3243 2502 3786 2559 conclamationem

2122 2593 2459 2649 edentibus.
2503 2597 2578 2649 At
2608 2594 2846 2655 Barbari
2898 2593 3094 2649 subito
3126 2609 3189 2647 re
3222 2592 3524 2663 insperata
3555 2594 3789 2662 perter—

2117 2684 2324 2750 reri,et
2352 2699 2548 2755 neque
2583 2683 2737 2738 inter
2767 2700 2829 2738 se
2861 2683 3043 2748 coire,
3075 2699 3271 2753 neque
3295 2680 3770 2752 contemplandis

2119 2773 2478 2829 irruentium
2522 2773 2787 2829 hostium
2834 2773 3237 2828 multitudinis
3269 2777 3504 2844 tempus
3531 2771 3780 2839 habere,

2121 2880 2316 2934 neque
2340 2863 2586 2919 omnino
2619 2865 2941 2935 quicquam
2964 2863 3223 2919 salutare
3255 2880 3323 2919 ex
3350 2867 3616 2934 tempore
3637 2878 3780 2917 con-

2126 2952 2322 3008 sulere
2369 2969 2563 3024 posse,
2598 2952 2702 3008 sed
2753 2953 2905 3023 fugae
2955 2968 3017 3008 se
3068 2952 3230 3009 dare.
3263 2953 3376 3007 Eos
3422 2952 3670 3007 Romani
3697 2950 3788 3006 in-

2124 3043 2317 3113 sequi,
2353 3047 2413 3097 et
2443 3042 2720 3098 absentes
2752 3042 2931 3098 simul
2960 3042 3222 3115 legiones
3253 3057 3577 3112 earumque
3607 3040 3789 3096 duces

2123 3147 2452 3199 accersere,
2483 3148 2739 3202 cumque
2761 3131 2855 3186 his
2887 3131 3281 3187 domesticum
3305 3129 3789 3197 scholarum,sic-

2124 3220 2211 3275 uti
2236 3220 2433 3276 fuerat
2455 3227 2841 3294 przeceptum.
2876 3224 3064 3277 Aucto
3096 3221 3448 3293 fugientium
3475 3236 3691 3292 pavore
3718 3236 3788 3275 ac

353 3297 616 3365 λαϐόντες
646 3306 834 3377 καιρὸν
878 3299 1031 3374 ἰδεῖν,
1068 3302 1196 3375 μήτ’
1228 3298 1370 3356 ἄλλο
1402 3323 1455 3356 τι
1488 3302 1759 3374 σωτήριον
1798 3302 2009 3363 ἑαυτοῖς

2130 3310 2410 3377 tumultu,
2446 3311 2697 3366 Romani
2749 3327 2850 3366 eos
2898 3326 3087 3382 usque
3116 3291 3192 3365 ad
3236 3308 3605 3364 tricesimum
3640 3306 3787 3363 mil-

357 3391 419 3447 ἐκ
472 3396 570 3448 τοῦ
634 3396 983 3468 παραχρῆμα
1044 3391 1482 3467 βουλεύσασθαι,
1553 3390 1818 3468 ὣρμησαν
1873 3391 2010 3467 πρὸς

355 3483 560 3559 φυγήν.
594 3485 715 3540 Τῶν
751 3483 840 3537 οὗν
905 3482 1216 3537 σιωκόντων
1286 3480 1581 3555 Ῥωμαίων
1638 3482 1728 3537 καὶ
1769 3482 1897 3544 τοὺς
1934 3484 2010 3556 μὴ

2121 3398 2268 3453 liare
2299 3398 2719 3470 insequuntur,
2735 3400 2995 3471 spatium
3018 3397 3430 3454 intermedium
3452 3397 3787 3453 innumeris

2125 3488 2388 3543 hostium
2418 3488 2804 3544 cadaveribus
2836 3493 3310 3544 consternentes.

362 3572 617 3635 συνόντας
675 3568 1067 3647 ἐπιϐοωμένων
1124 3570 1462 3648 στρατηγοὺς
1518 3571 1607 3627 καὶ
1665 3573 1733 3627 τὰ
1782 3573 2035 3649 τάγματα
2092 3577 2181 3629 καὶ
2239 3578 2331 3632 τὸν
2400 3581 2510 3631 τῶν
2567 3575 2792 3652 σχολῶν
2851 3577 3253 3654 ἀφηγούμενον,
3310 3572 3549 3649 καθάπερ
3606 3573 3791 3634 αὐτοῖς

358 3663 730 3733 συνετέτακτο,
782 3662 869 3717 καὶ
928 3666 1037 3716 τῶν
1108 3656 1416 3735 φευγόντων
1474 3661 1550 3721 είς
1608 3660 1835 3717 πλείονα
1879 3661 2355 3738 συνελαυνομένων
2386 3660 2556 3739 φόϐον
2616 3666 2706 3721 καὶ
2761 3667 3037 3742 ταραχὴν,
3096 3660 3295 3736 συνέϐη
3361 3662 3528 3742 μέχρι
3592 3661 3794 3737 μιλίων

361 3750 651 3826 τριάκοντα
674 3751 921 3826 γενέσθαι
950 3753 1048 3818 τήν
1083 3746 1269 3819 δίωξιν
1293 3748 1383 3802 καὶ
1412 3748 1504 3803 τόν
1537 3750 1730 3821 μεταξὺ
1763 3754 1949 3828 χῶρον
1986 3753 2229 3828 ἀπείροις
2260 3756 2708 3828 κάταστρωθῆναι
2740 3760 2970 3831 νεκροῖς.

432 3839 569 3896 Τότε
600 3837 667 3909 δὴ
696 3839 782 3894 καὶ
817 3840 846 3894 6
877 3835 1104 3907 ἀναιδὴς
1137 3838 1454 3912 Χρυσόχειρ
1504 3838 1597 3892 σὺν
1632 3836 1858 3914 ὀλίγους
1890 3840 2017 3919 φεύ-

2205 3846 2367 3900 Tunc
2393 3846 2572 3901 etiam
2604 3847 2921 3917 impudens
2954 3845 3054 3900 ille
3086 3844 3465 3917 Chrysochir,
3490 3859 3624 3898 cum
3652 3858 3797 3913 pau-

364 3948 477 4002 γων
516 3933 626 3983 τῶν
663 3929 778 4001 μετ’
832 3928 1014 3996 αὐτὸν,
1085 3927 1202 3983 ἐπεὶ
1267 3922 1631 3982 καταδιώκειν
1690 3924 1826 4001 ἔγνω
1882 3928 2024 3985 Ῥω-

372 4019 531 4090 μαῖόν
558 4039 679 4073 τινα
712 4016 1003 4088 Ιίουλάδην
1043 4016 1141 4085 τὴν
1176 4015 1572 4091 προσηγορίαν,
1609 4015 1668 4069 ὅν
1714 4015 2022 4091 αῗχμάλω-

362 4127 456 4162 τον
486 4102 649 4162 ἔλαϐὲ
680 4128 811 4163 ποτε
854 4108 991 4162 κατά
1039 4108 1139 4176 τήν
1169 4107 1442 4185 Τεφρικήν
1492 4105 1582 4159 καὶ
1616 4102 1704 4159 διὰ
1736 4105 2021 4178 ἀστεϊσμὸν

362 4197 453 4251 κάὶ
486 4195 689 4272 χάριτα
752 4198 955 4267 συνήθη
1020 4195 1141 4271 εἶχε
1193 4196 1282 4250 καὶ
1341 4196 1643 4270 γνώριμον,
1696 4196 2024 4270 θεασάμενος

363 4282 523 4338 αὐτὸν
554 4285 647 4339 καὶ
679 4284 967 4362 γνωρίσας,
1001 4285 1086 4358 [Ρ.
1122 4285 1248 4356 573]
1279 4280 1651 4361 ἐπιστραφεὶς,
1681 4283 1752 4340 Τί
1786 4305 1892 4353 σοι,
1926 4306 2027 4360 φη-

2135 3934 2221 3989 cis
2239 3950 2484 3989 suorum
2515 3934 2770 4006 fugiens,
2804 3951 2940 3989 cum
2972 3935 3196 3989 instare
3229 3933 3341 3988 sibi
3376 3932 3601 3987 videret
3630 3931 3800 3987 Pula-

2134 4021 2267 4077 dem
2293 4022 2615 4092 quemdam
2637 4038 2667 4076 e
2689 4023 2990 4090 Romanis,
3025 4038 3202 4092 quem
3236 4022 3361 4093 ipse
3394 4020 3560 4089 olim,
3588 4021 3797 4076 1012

2133 4112 2193 4165 in
2225 4110 2383 4166 bello
2417 4110 2574 4182 apud
2606 4111 2956 4183 Tephricam
2997 4116 3237 4183 ceperat
3264 4114 3592 4180 notumque
3625 4114 3684 4164 et
3712 4108 3798 4163 fa-

2134 4200 2433 4255 miliarem
2464 4199 2777 4269 habuerat,
2801 4217 3131 4274 agnoscens
3157 4200 3463 4255 hominem
3487 4203 3546 4254 et
3566 4198 3639 4253 ad
3662 4214 3801 4253 eum

2136 4305 2478 4358 conversus,
2511 4288 2681 4355 Quid,
2716 4288 2818 4356 ait,
2842 4289 3025 4344 miser
3046 4288 3321 4354 Pulades,
3356 4287 3499 4343 mali
3524 4286 3629 4341 tibi
3662 4287 3801 4357 feci,

363 4372 471 4441 σῖν,
521 4373 566 4427 ὦ
615 4372 774 4437 ἄθλιε
831 4369 1113 4443 Πουλάδη,
1183 4369 1558 4447 διεπραξάμην
1612 4373 1803 4444 κακὸν,
1837 4371 1920 4429 ὅτι
1956 4395 2018 4446 με

400 4461 426 4477 η
683 4459 769 4477 α,
1118 4458 2013 4477 ς..,,.-,κ...ηρ..

2134 4378 2294 4450 quod
2343 4396 2439 4434 me
2472 4383 2591 4433 tam
2635 4377 2856 4433 furiose
2890 4378 3290 4451 persequeris,
3322 4376 3661 4432 interﬁcere
3694 4392 3801 4431 cu-

364 4461 508 4517 οὕτω
538 4459 897 4525 καταδιώκεις
932 4458 1222 4535 μανιωδῶς
1264 4461 1541 4534 ἐπιθυμῶν
1586 4459 1834 4532 ἀνελεῖν;
1872 4463 1934 4520 Ὀ
1968 4460 2025 4518 δὲ

366 4551 651 4625 συντόμως
738 4546 1032 4607 ὑπολαϐὼν
1063 4594 1078 4618 ,
1164 4554 1282 4607 Τῶν
1344 4548 1658 4626 εὐεργεσιῶν
1718 4573 1813 4606 σου
1849 4596 1864 4623 ,
1917 4553 2023 4608 πά-

364 4660 508 4715 τρων
553 4643 686 4715 (83),
746 4641 846 4709 τὴν
903 4634 1174 4713 ἀμοιϐὴν,
1207 4633 1333 4717 ἔφη,
1394 4636 1691 4695 ἀποδοῦναί
1736 4640 1871 4696 κατὰ
1924 4643 2026 4710 τήν

368 4734 643 4804 παροῦσαν
703 4727 912 4803 ἡμέραν
968 4728 1249 4791 πεποιθώς
1308 4729 1423 4801 εἶμι
1481 4729 1562 4801 τῷ
1619 4733 1754 4801 Θεῷ.
1815 4731 1876 4787 Ὀ
1933 4731 2031 4803 μὲν

369 4820 462 4874 οὖν
505 4819 704 4895 προῂει
737 4820 831 4874 οἷά
857 4840 941 4882 τις
967 4814 1342 4895 ἐμϐρόντητος
1389 4817 1477 4873 καὶ
1515 4814 1902 4893 βεϐλαμμένος
1932 4822 2028 4883 τάς

367 4909 567 4987 φρένας
602 4952 617 4980 ,
677 4910 705 4963 6
756 4906 814 4964 δὲ
871 4907 1125 4986 ἐφείπετο
1187 4909 1305 4983 μετ’
1365 4907 1662 4982 εὐτολμίας
1722 4916 1970 4979 νεανικῆς
2015 4954 2027 4966 .

367 4999 575 5073 Τάφρῳ
627 4996 685 5053 δὲ
747 4997 937 5072 βαθείᾳ
968 4999 995 5052 ὁ
1029 4996 1370 5071 διωκόμενος
1427 4997 1692 5077 ἐντυχὼν,
1749 4998 1835 5054 καὶ
1874 4999 2031 5075 ὑπερ-

369 5082 614 5156 πηδῆσαι
642 5086 849 5156 ταύτην
900 5086 993 5141 τὸν
1023 5085 1198 5141 ἳππον
1261 5088 1337 5161 μὴ
1398 5090 1730 5165 συγχωρῶν,
1766 5086 2028 5161 βάλλεται

369 5175 597 5230 κατόπιν
631 5175 778 5251 παρά
814 5176 912 5231 τοὺ⁵
953 5172 1245 5232 Πουλάδου
1306 5176 1609 5254 φθάσαντος
1661 5181 1839 5231 κοντῶ
1896 5178 2033 5234 κατά

2134 4469 2306 4540 piens
2331 4468 2359 4523 ?
2387 4467 2491 4523 Cui
2525 4467 2783 4525 breviter
2807 4468 3085 4533 Pulades,
3120 4469 3261 4534 Deo,
3290 4466 3507 4537 inquit,
3540 4464 3801 4533 confido,

2136 4557 2245 4611 hac
2274 4555 2371 4611 die
2394 4573 2488 4611 me
2521 4556 2627 4611 tibi
2649 4574 2757 4629 pro
2777 4556 2895 4612 tuis
2915 4556 3146 4612 meritis
3168 4555 3418 4627 gratiam
3444 4553 3798 4609 relaturum.

2136 4644 2331 4715 Pergit
2360 4644 2571 4699 exinde
2603 4644 2961 4721 Chrysochir
3014 4644 3307 4699 attonitus
3339 4659 3407 4699 ac
3437 4658 3661 4710 vecors,
3689 4656 3803 4696 au-

2138 4742 2342 4798 dacter
2374 4742 2727 4814 insequente
2760 4742 3001 4810 Pulade,
3034 4742 3223 4798 donec
3254 4740 3329 4797 ad
3360 4741 3542 4797 altam
3583 4740 3805 4797 fossam

2138 4833 2491 4898 perventum
2525 4833 2616 4883 est
2668 4830 2811 4883 Eam
2842 4845 2977 4883 cum
3014 4827 3314 4883 transilire
3345 4844 3567 4899 equum
3614 4825 3806 4897 Chry-

2140 4916 2341 4971 sochir
2372 4932 2492 4970 non
2522 4922 2847 4988 pateretur,
2872 4920 3048 4973 conto
3082 4917 3237 4973 latus
3257 4933 3290 4971 a
3312 4916 3534 4972 Pulade
3556 4930 3807 4986 propere

2141 5005 2294 5060 ictus
2317 5003 2543 5061 doloris
2574 5006 2952 5078 impatientia
2972 5006 3045 5061 ab
3073 5022 3226 5077 equo
3249 5004 3567 5060 delabitur.
3588 5003 3811 5059 Aderat

2145 5092 2389 5165 quidam
2439 5095 2807 5150 Diaconitzes
2866 5096 3132 5150 nomine.
3168 5095 3220 5149 Is
3252 5093 3454 5149 statim
3485 5110 3519 5148 a
3550 5109 3659 5148 suo
3701 5091 3809 5148 de-

2146 5182 2353 5238 siliens
2385 5200 2537 5255 equo
2569 5184 3024 5256 Chrysocbirem
3056 5183 3385 5240 curandum
3419 5181 3688 5253 suscipit,
3722 5198 3791 5237 ca

1587 5294 1950 5351 XYLANDRI
1989 5297 2075 5352 ET
2114 5298 2329 5353 GOARI
2369 5300 2590 5354 ΝΟΤίΕ.

449 5408 564 5480 (83)
582 5409 713 5491 Non
739 5407 1111 5491 assequebar
1134 5408 1275 5480 quid
1301 5407 1412 5491 sibi
1438 5407 1590 5491 illud
1620 5407 1844 5491 πάτρων
1875 5410 2054 5466 vellet

373 5494 452 5533 an
490 5485 770 5561 parentes
810 5480 901 5534 vel
932 5481 1218 5562 majores,
1253 5480 1411 5551 quod
1438 5480 1550 5561 .vix
1600 5480 1873 5551 quadrat,
1916 5500 2052 5539 cum

379 5550 456 5605 ab
486 5567 617 5622 ipso
660 5550 1064 5623 Crbysochire
1122 5556 1334 5622 captus
1391 5551 1628 5606 dicatur
1674 5552 1942 5623 Pulades,
1976 5571 2051 5609 an

376 5627 705 5746 patronum
730 5622 1119 5696 significaret.
1153 5624 1353 5693 itaque
1386 5639 1522 5679 eum
1548 5622 1830 5692 σαρκάζων
1853 5622 2054 5697 appel-

401 5699 549 5746 aret.
601 5696 804 5746 Itaque
862 5695 1057 5746 omisi.
1120 5694 1258 5746 XYL.
1290 5725 1359 5734 -—-
1413 5695 1859 5746 Chrvsocheiris
1911 5697 2049 5746 nlim

401 5699 549 5750 aret.
601 5695 804 5765 Itaque
862 5695 1057 5750 omisi.
1119 5695 1258 5749 XYL.
1290 5725 1359 5734 --
1413 5695 1859 5766 Chrysocheiris
1893 5695 2051 5753 olim

659 5813 921 5874 ΡΑτιιοι..
967 5815 1082 5873 Gn.
1127 5812 1336 5874 CXXI.

2160 5414 2425 5485 captivus
2464 5414 2927 5486 Puladesgrecte
2978 5418 3149 5469 vocat
3188 5410 3633 5486 eum_1tdzrpmya
3659 5428 3671 5466 :
3694 5409 3817 5486 gha‘f

2159 5481 2419 5557 namque
2450 5503 2589 5541 voce
2622 5503 2692 5541 ex
2739 5484 2940 5542 Italica
2976 5492 3215 5557 patrone
3245 5481 3499 5557 deducta
3546 5481 3821 5557 domino?

2162 5553 2360 5630 etiam,
2386 5557 2564 5630 hodie
2622 5553 3000 5630 compellant
3025 5556 3359 5612 Orientales
3389 5553 3821 5630 cap_tivi._Alia§

2163 5629 2534 5717 Hesy'chius:
2596 5624 2876 5717 Πάτρώγες
2936 5627 3008 5717 εἳ
3080 5632 3291 5700 πρῶτοι
3328 5624 3821 5700 τῶν-ἀξιωθέντων

2162 5705 2261 5769 τῆς
2280 5698 2571 5772 Ῥωμαίων
2601 5698 2902 5761 πολιτείας.
2935 5701 3108 5756 GOAR.

3451 5821 3529 5880 35
