4184 6458
379 454 535 516 1103
1737 447 2063 511 GEORGII
2110 446 2455 507 CEDRENI
3645 459 3805 521 “04

369 594 571 661 rediit,
619 592 825 663 ibique
876 590 949 645 de
998 606 1164 646 more
1211 586 1469 643 victorias
1516 602 1799 643 coronam
1849 602 1884 641 a
1914 601 2021 657 pa-

2147 602 2193 637 re
2221 581 2313 637 καὶ
2361 586 2717 659 Σαρακηνῶν,
2775 581 2868 646 οῦς
2930 582 3168 648 ἅπαντας
3195 591 3276 658 τῷ
3304 586 3442 669 ξίφει
3492 589 3811 650 ἁπεσκευά-

377 684 642 740 triarcha
671 681 920 753 accepit,
950 686 1008 736 et
1057 678 1311 751 populus
1369 678 1424 733 ei
1457 677 1771 733 cantilenis
1828 682 2028 749 gratu-

2147 692 2291 727 σατο·
2353 671 2421 742 ἦν
2475 673 2579 748 γαρ
2647 672 3286 749 προκαταπεπλησμένον
3367 680 3431 734 τὸ
3491 683 3809 757 στράτευμα

369 773 529 831 latus
561 779 676 830 est.
2141 760 2401 841 λαφύρων
2431 761 2537 817 ἀπό
2567 782 2625 818 τε
2659 763 2857 836 Συρίας
2888 763 2979 818 καὶ
3012 767 3308 843 Τεφρικὴς,
3350 768 3441 824 καὶ
3494 768 3597 826 οὺχ
3644 767 3807 827 ἐϐού-

374 859 505 918 λετο
535 859 624 917 καὶ
652 861 879 921 τούτους
910 852 1055 933 ἔχειν
1110 854 1460 931 δύσχρηστον
1526 853 2019 931 παρακολούθημα.
2074 853 2163 908 Ἐν
2220 850 2458 924 Μηδαίψ
2515 848 2573 906 δὲ
2611 852 2925 926 γενόμενος.
2983 855 3073 909 καὶ
3121 857 3286 929 τιμὰς
3344 854 3631 932 διανείμας
3683 867 3806 924 τοῖς

375 950 668 1025 ἀριστεῦσι,
699 948 791 1005 καὶ
843 948 979 1020 πρὸς
1044 945 1489 1023 παραχειμασίαν
1554 944 1858 1018 ἐκπέμψας,
1918 942 2078 1003 αὐτὸς
2139 939 2375 1010 εὔζωνος
2428 941 2564 1015 πρὸς
2623 943 2723 1012 τὴν
2787 941 3179 1016 βασιλεύουσαν
3242 942 3457 1025 ἔφθασε,
3516 949 3607 1004 καὶ
3666 952 3812 1006 κατὰ

372 1039 435 1093 τὸ
467 1037 659 1102 εἰωθὸς
691 1033 781 1092 διὰ
808 1039 906 1091 τοῦ
934 1036 1279 1110 πατριάρχου
1311 1035 1402 1090 τὸν
1431 1041 1530 1105 τῆς
1559 1034 1716 1104 νίκης
1764 1030 1980 1102 ἐδέξατο
2033 1026 2316 1112 στέφανονΔ
2338 1030 2450 1112 καὶ,
2477 1030 2623 1105 παρὰ
2667 1035 2768 1087 τοῦ
2829 1031 3076 1103 πλήθους
3123 1035 3218 1097 τὰς
3278 1036 3573 1099 ἐπινικίους
3637 1036 3808 1112 ᾠδάς.

441 1120 729 1192 Tephrica
772 1119 885 1174 hoc
932 1118 1109 1174 modo
1159 1117 1403 1187 abolita,
1450 1116 1833 1172 Tarsensium
1878 1115 2031 1169 vires

369 1212 580 1267 ﬂorere
612 1226 680 1265 ac
709 1208 1073 1264 invalescere
1098 1211 1429 1279 cceperunt,
1457 1220 1819 1277 rursumque
1842 1203 1914 1259 ab
1938 1203 2031 1258 his

364 1303 772 1357 Romanorum
828 1298 978 1353 ﬁnes
1026 1297 1283 1370 graviter
1330 1295 1624 1353 infestari.
1656 1295 1877 1349 Contra
1923 1294 2031 1347 hos

374 1390 643 1446 Andreas
676 1389 893 1460 Scytha
930 1402 1344 1459 smpenumero
1394 1402 1521 1441 rem
1551 1384 1785 1440 fortiter
1832 1382 2035 1456 gessit,

376 1479 724 1550 multosque
757 1494 967 1533 eorum
996 1476 1100 1548 qui
1141 1474 1470 1547 praedatum
1521 1472 1914 1529 excurrebant
1943 1472 2039 1525 in-

376 1569 616 1625 terfecit
644 1574 747 1625 aut
776 1569 933 1640 cepit
960 1584 974 1634 ;
1006 1566 1207 1638 itaque
1257 1582 1393 1621 eum
1436 1566 1761 1637 imperator
1789 1562 2039 1635 patricia

376 1659 665 1733 dignitate
692 1659 1149 1714 cohonestatum
1172 1655 1390 1711 scholis
1413 1655 1697 1727 praafecit.
1713 1658 1902 1725 Atque
1924 1654 2039 1706 An-

2219 1108 2363 1182 ’Ήδη
2431 1108 2489 1166 δὲ
2542 1118 2643 1181 τῆς
2699 1115 2977 1188 Τεφρικῆς
3056 1114 3540 1190 ἀπομαρανθείσης
3700 1124 3813 1175 τῶν

2146 1201 2424 1269 Ταρσιτῶν
2458 1198 2620 1279 ἰσχὺς
2653 1199 2875 1265 θάλλειν
2907 1203 2996 1257 καὶ
3051 1202 3371 1274 αὐξάνεσθαι
3430 1205 3662 1281 ἤρχετο,
3720 1207 3811 1261 καὶ

2146 1287 2312 1343 πάλιν
2341 1289 2447 1345 ἀπὸ
2474 1291 2683 1345 τούτων
2712 1292 2768 1345 αἱ
2798 1295 2908 1347 τῶν
2949 1293 3278 1365 Ῥωμαϊκῶν
3338 1295 3506 1370 ὁρίων
3554 1294 3810 1370 ἐσχατιαὶ

2149 1373 2336 1440 δεινῶς
2371 1376 2673 1447 ἐπιέζοντο,
2732 1381 2857 1434 Καθ’
2899 1381 2971 1435 ὧν
3019 1377 3275 1457 Ἀνδρέας
3317 1381 3525 1446 ἐκεῖνος
3555 1383 3582 1437 6
3615 1404 3813 1458 στρατ-

2148 1465 2361 1537 ηλάτης
2393 1468 2420 1522 ὁ
2455 1466 2516 1523 ἐκ
2547 1473 2766 1533 Σκυθῶν
2816 1468 3090 1533 πολλάκις
3149 1468 3470 1547 ἠνδρίσατο,
3523 1471 3619 1528 καὶ
3667 1469 3810 1527 πολ-

2151 1555 2282 1618 λοὺς
2340 1563 2448 1612 τῶν
2511 1559 2590 1621 εἲς
2646 1560 2933 1634 προνομήν
2999 1558 3373 1636 ἐκτρεχόντων
3444 1560 3637 1636 ἀνῄρει
3716 1561 3811 1616 καὶ

2149 1646 2545 1722 αἰχμαλώτους
2577 1644 2900 1724 ἐλάμϐανεν·
2953 1651 3011 1705 ὅν
3045 1652 3073 1706 ὁ
3106 1649 3366 1726 βασιλεὺς
3414 1652 3810 1727 πατρικιότητί

375 1748 550 1805 dreas
580 1753 791 1804 nactus
823 1747 1114 1819 majorem
1137 1746 1265 1818 jam
1286 1750 1665 1817 potestatem,
1689 1742 2034 1812 viribusque

2147 1757 2207 1792 τε
2236 1735 2463 1811 ἐτίμησε
2492 1737 2581 1793 καὶ
2613 1737 2691 1803 εἷς
2717 1740 2820 1808 τὴν
2850 1739 3029 1815 ἀρχὴν
3092 1745 3199 1796 τῶν
3259 1738 3482 1817 σχολῶν
3534 1737 3815 1817 προϐιϐά-

377 1842 612 1907 auctus,
635 1837 787 1912 justi
817 1835 1043 1909 praeliis
1088 1834 1410 1906 aliquoties
1460 1850 1596 1889 cum
1648 1831 1940 1888 Melitenis
1971 1845 2040 1884 ac

381 1927 772 1984 Tarsensibus
813 1942 1171 1999 congressus
1216 1925 1524 1981 victoriam
1574 1921 1915 1996 reportavit.
1949 1920 2047 1975 Mi-

382 2018 462 2073 sit
488 2015 814 2088 aliquando
844 2016 1006 2071 Tarsi
1042 2031 1275 2071 ameras
1308 2014 1595 2086 superbas
1626 2013 1701 2068 ad
1744 2011 2045 2067 Andream

386 2105 640 2174 litteras,
691 2105 898 2178 plenas
944 2104 1446 2161 contumeliarum
1494 2103 1836 2175 impiarum.
1886 2103 2049 2156 Inter

384 2195 505 2252 alia
532 2195 884 2267 scripserat:
908 2194 1192 2266 Experiar
1221 2210 1297 2249 an
1328 2192 1435 2248 tibi
1458 2192 1536 2247 sit
1564 2191 2048 2247 commodaturus

386 2284 580 2339 Maria
609 2283 796 2339 Filius
827 2283 1077 2353 ejusque
1127 2284 1329 2349 Mater,
1361 2281 1464 2336 ubi
1514 2296 1678 2335 meas
1709 2281 1910 2351 copias
1939 2277 2048 2334 ad-

383 2388 591 2430 versus
622 2378 680 2429 te
715 2374 914 2428 που
944 2373 1225 2428 eduxero.
1258 2374 1403 2428 Eam
1435 2371 1750 2443 epistolam
1782 2370 2049 2426 Andreas

385 2461 632 2533 imagini
663 2459 929 2532 Deiparae
956 2459 1288 2531 suspendit,
1313 2459 1397 2514 ita
1424 2458 1604 2516 fatus.
1639 2457 1812 2513 Verbi
1846 2474 1913 2513 ac
1945 2456 2047 2512 Dei

382 2550 671 2618 Genitrix,
703 2555 887 2620 tuque
916 2551 1074 2605 Deus
1104 2550 1234 2621 ejus
1263 2548 1396 2616 Fili,
1429 2548 1559 2604 vide
1590 2553 1655 2603 ut
1684 2547 2047 2602 conviciatus

384 2644 477 2695 est
504 2644 564 2695 et
593 2654 772 2710 quam
803 2638 1134 2707 insolenter
1178 2637 1489 2694 infremuit
1515 2636 1919 2710 jactabundus
1949 2634 2048 2691 ille

382 2729 674 2786 barbarus
705 2734 911 2784 contra
938 2734 995 2782 te
1027 2733 1086 2783 et
1132 2727 1499 2799 peculiarem
1532 2731 1701 2782 tuum
1732 2726 2044 2798 populum.

384 2818 597 2874 Statim
625 2817 843 2873 deinde
875 2817 1201 2873 exercitum
1248 2833 1422 2871 suum
1455 2815 1528 2871 ad
1577 2817 1823 2871 Tarsum
1856 2815 2045 2870 duxit.

382 2909 650 2978 Cumque
684 2906 758 2962 ad
787 2906 987 2962 locum
1018 2906 1115 2961 cui
1142 2905 1425 2961 Podando
1456 2920 1678 2960 nomen
1730 2909 1821 2959 est
1849 2904 2046 2960 venis-

383 3001 493 3063 set,
524 2995 588 3049 in
619 2995 895 3051 adversos
919 2995 1121 3051 hostes
1152 2993 1383 3061 incidit,
1409 3009 1723 3066 pugnaque
1748 2996 2043 3060 conserta,

382 3084 686 3151 ingentem
719 3100 926 3139 eorum
986 3088 1242 3155 stragem
1302 3082 1508 3151 edidit,
1542 3082 1603 3136 in
1652 3081 1863 3153 primis
1914 3080 2042 3153 ipso

381 3174 562 3230 etiam
596 3190 801 3233 amera
852 3172 1184 3240 interfecto,
1239 3172 1565 3244 paucisque
1612 3171 1750 3243 fuga
1793 3176 2040 3227 Tarsum

380 3264 621 3335 elapsis.
652 3262 739 3318 Ibi
771 3268 899 3318 tum
930 3278 1068 3317 suos
1098 3261 1383 3323 humavit,
1417 3265 1477 3315 et
1515 3259 1902 3315 cadaveribus
1930 3260 2040 3314 ho-

382 3353 563 3409 stium
595 3352 657 3407 in
689 3368 877 3408 unum
909 3351 1205 3423 congestis
1236 3366 1511 3406 acervum
1534 3365 1816 3420 magnum
1851 3353 2044 3404 tumu-

372 3441 502 3498 lum
519 3458 587 3497 ac
610 3446 953 3497 columnam
977 3440 1251 3496 excitavit
1273 3439 1349 3494 ad
1371 3438 1628 3494 victorias
1654 3438 2038 3505 memoriam;

373 3536 553 3603 atque
613 3531 690 3588 ad
746 3547 855 3587 sua
911 3546 1183 3586 reversus
1235 3529 1438 3583 multis
1497 3545 1633 3584 cum
1691 3528 1942 3599 captivis
1984 3531 2043 3581 et

373 3620 576 3691 ampla
603 3618 827 3691 praeda,
854 3619 1279 3689 imperatorem
1311 3633 1418 3688 per
1437 3616 1667 3671 litteras
1694 3616 1766 3671 de
1794 3632 1858 3671 re
1877 3620 2044 3688 gesta

376 3708 697 3765 certiorem
728 3706 1009 3762 reddidit.
1043 3706 1148 3761 Hic
1187 3722 1361 3761 suum
1407 3706 1601 3761 tenuit
1630 3722 1859 3761 morem
1891 3703 2045 3759 iuvi-

383 3794 518 3863 dia;
554 3794 899 3865 inventique
950 3792 1196 3865 maligni
1248 3792 1546 3862 homines,
1589 3792 1688 3864 qui
1740 3792 2041 3847 Andream

376 3884 536 3959 apud
570 3884 855 3941 Basilium
902 3882 1387 3950 criminarentur,
1420 3881 1594 3937 facile
1626 3882 1680 3937 ei
1732 3881 1917 3937 fuisse
1949 3881 2041 3936 di-

372 3979 575 4033 centes
607 3975 791 4030 Tarso
841 3972 1043 4044 potiri,
1076 3970 1193 4027 nisi
1241 3971 1316 4026 ob
1358 3970 1649 4045 ignaviam
1705 3969 2039 4027 cunctando

387 4065 762 4121 occasionem
793 4060 1172 4135 perdidisset.
1202 4063 1388 4131 Atque
1438 4062 1530 4116 his
1560 4060 1880 4116 calumniis
1908 4077 2040 4115 cre-

384 4153 493 4209 bro
526 4151 840 4209 inculcatis
869 4166 1221 4224 persuasum
1253 4155 1343 4206 est
1370 4151 1713 4222 imperatori
1747 4155 1815 4205 nt
1847 4151 2040 4222 impe-

380 4244 541 4299 rium
587 4242 903 4315 abrogaret
949 4240 1221 4295 Andreae.
1273 4241 1340 4294 In
1391 4239 1520 4311 ejus
1564 4238 1762 4294 locum
1807 4241 2043 4296 suﬂ‘ecit

381 4332 769 4405 Stypeiotam,
799 4331 1000 4387 statim
1048 4345 1109 4385 se
1139 4331 1385 4385 Tarsum
1432 4334 1861 4400 occupaturum
1892 4329 2041 4384 alia-

2156 1832 2252 1897 ζει.
2288 1823 2426 1883 Τότε
2456 1825 2525 1896 δὴ
2561 1825 2777 1902 μᾶλλον
2808 1829 2836 1883 6
2869 1827 3126 1905 Ἀνδρέας
3185 1830 3290 1885 ἀπὸ
3353 1830 3605 1904 μείζονος
3660 1830 3813 1902 ἐξου-
3884 1872 3891 1881 ι

2152 1915 2269 1979 σίας
2329 1937 2390 1972 τε
2445 1916 2535 1973 καὶ
2595 1914 2880 1992 δυνάμεως
2940 1918 3202 1993 ἐμφανέσι
3261 1920 3467 1995 μάχαις
3535 1918 3814 1983 πολλάκις

2151 2004 2289 2080 πρός
2319 2027 2377 2061 τε
2403 2004 2534 2069 τοὺς
2562 2006 2667 2062 ἀπὸ
2728 2005 3046 2079 Μελιτηνῆς
3104 2009 3193 2063 καὶ
3247 2007 3375 2071 τοὺς
3432 2009 3537 2064 ἀπὸ
3591 2011 3809 2082 Ταρσοῦ

2152 2096 2490 2170 παρετάξατα
2512 2095 2603 2151 καὶ
2635 2096 2904 2169 νενίκηκε.
2957 2097 3062 2155 Καί
3118 2118 3254 2153 ποτε
3318 2099 3455 2172 μετά
3519 2099 3809 2177 φρυάγμα-

2151 2204 2246 2246 τος
2283 2186 2581 2261 γράμματα
2610 2184 2927 2260 πέμψαντος
2956 2191 3038 2259 τῷ
3078 2185 3300 2260 Ἀνδρέᾳ
3350 2191 3448 2242 τοῦ
3494 2186 3811 2262 ἀμηρεύον-

2152 2293 2245 2334 τος
2274 2281 2373 2343 τῆς
2402 2279 2638 2351 Ταρσοῦ,
2670 2273 3030 2355 βλασφημίας
3061 2273 3325 2347 ἀνάπλεα,
3379 2273 3676 2347 δηλοῦντα,
3732 2277 3808 2338 ὡς

2151 2359 2283 2419 Ἴδω
2314 2362 2367 2418 εἷ’
2391 2385 2449 2419 σε
2476 2365 2505 2419 6
2534 2370 2634 2434 τῆς
2668 2365 2876 2439 Μαρίας
2910 2364 3188 2445 ὠφελήσει
3246 2366 3372 2427 Υἱὸς
3418 2365 3510 2420 καὶ
3548 2368 3582 2435 ἡ
3615 2369 3811 2421 τοῦτον

2153 2457 2400 2524 τεκοῦσα,
2435 2454 2558 2509 ὅταν
2593 2452 2794 2524 ἐξέλθω
2851 2456 2988 2511 κατὰ
3045 2460 3143 2510 σοῦ
3194 2456 3331 2531 μετᾶ
3379 2462 3481 2526 τῆς
3533 2455 3659 2530 περὶ
3714 2454 3813 2530 ἐμὲ

2155 2539 2461 2615 δυνάμεως,
2493 2543 2556 2599 τὸ
2595 2541 2852 2620 λοίδορον
2911 2545 3261 2622 γραμμάτιον
3317 2542 3479 2607 οὗτος
3524 2542 3813 2619 δεξάμενος

2153 2636 2223 2707 τῇ
2246 2632 2415 2688 εἰκόνι
2444 2639 2543 2703 τῆς
2574 2635 2927 2708 Θεομήτορος
2959 2633 3352 2708 ἀπεκρέμασεν,
3381 2633 3573 2689 εἷ’πώψ
3603 2632 3733 2705 Ἴδε,
3767 2636 3812 2689 ὦ

2154 2728 2340 2797 Μῆτερ
2378 2728 2476 2779 τοῦ
2509 2723 2686 2800 Λόγου
2715 2745 2773 2780 τε
2801 2726 2889 2780 καὶ
2936 2730 3095 2796 Θεοῦ,
3144 2726 3235 2781 καὶ
3281 2724 3344 2779 σὺ
3377 2725 3405 2779 6
3434 2723 3639 2795 ταύτης
3683 2724 3810 2786 Υἱός

2152 2833 2210 2868 τε
2239 2814 2329 2867 καὶ
2369 2815 2522 2885 Θεὸς,
2579 2815 2674 2870 οἶα
2730 2812 2977 2871 ὠνείδισε
3031 2815 3123 2871 καὶ
3176 2813 3475 2895 ἐφρυάξατο
3536 2814 3671 2870 κατά
3703 2820 3808 2870 σοῦ

2154 2901 2367 2957 καὶτοῦ
2399 2908 2495 2959 σοῦ
2534 2904 2851 2978 περιουσίου
2910 2908 3048 2960 Λαοῦ
3092 2905 3120 2959 ὁ
3175 2900 3447 2979 βάρϐαρος
3500 2904 3656 2966 οὗτος
3712 2903 3807 2959 καὶ

2153 2988 2394 3060 ἀλαζών.
2429 2996 2611 3050 Ταῦτα
2652 2991 2709 3049 δὲ
2765 2993 2957 3062 εἰπὼν,
3016 2991 3148 3067 ἄρας
3200 2993 3295 3056 τὰς
3345 2994 3656 3065 Ῥωμαϊκὰς
3711 2989 3807 3046 δυ-

2152 3080 2342 3154 νάμεις
2376 3080 2532 3156 ἐπῂει
2561 3082 2698 3137 κατὰ
2724 3086 2953 3158 Ταρσοῦ.
2991 3082 3087 3139 Καὶ
3119 3079 3186 3151 δὴ
3235 3083 3374 3138 κατὰ
3426 3083 3488 3137 τὸ
3538 3079 3809 3137 Ποδανδὸν

2152 3168 2447 3244 γενόμενος
2519 3171 2675 3227 κάκεῖ
2732 3177 2849 3236 τοῖς
2901 3170 3159 3237 ἐναντίοις
3216 3173 3490 3246 συμμίξας
3551 3170 3807 3246 τρέπεται

2152 3259 2304 3338 φόνῳ
2334 3257 2536 3333 πολλῷ
2562 3261 2625 3316 τὸ
2654 3265 2762 3316 τῶν
2808 3257 3095 3337 βαρϐάρων
3123 3260 3361 3332 πλῆθος,
3410 3260 3673 3335 πρότερον
3706 3258 3804 3314 αὖα

2149 3352 2247 3402 τοῦ
2272 3349 2535 3412 πεσόντος
2566 3355 2664 3406 τοῦ
2698 3351 2907 3428 ἀμηρᾶ·
2944 3350 3131 3429 ὀλίγοι
3164 3348 3220 3406 δέ
3256 3371 3400 3412 τινες
3462 3349 3623 3426 μόγις
3668 3349 3810 3425 πρὸς

2152 3438 2366 3512 Ταρσὸν
2407 3439 2804 3509 ἀποσώζονται.
2868 3440 3052 3514 Θάψας
3104 3439 3161 3496 δὲ
3211 3440 3340 3503 τοὺς
3399 3438 3660 3510 οῗκείους,
3715 3438 3805 3492 καὶ

2148 3526 2277 3588 τοὺς
2308 3527 2615 3602 πολεμίους
2647 3529 2724 3590 εἷς
2752 3526 2849 3585 ἕνα
2879 3535 3081 3605 χῶρων
3138 3532 3223 3604 [Ρ.
3281 3532 3407 3602 576]
3465 3528 3808 3604 συναγαγὼν,

2150 3614 2243 3669 καὶ
2287 3615 2452 3689 μέγαν
2484 3619 2854 3692 ποιησάμενος
2882 3616 3127 3674 κολωνὸν
3157 3618 3232 3680 εἷς
3277 3614 3487 3688 στήλην
3538 3614 3630 3671 καὶ
3685 3620 3807 3675 τοῖς

2156 3705 2463 3779 μετέπειτα,
2498 3708 2634 3785 πρὸς
2664 3709 2731 3764 τὰ
2770 3708 2946 3764 οἰκεῖα
3006 3706 3301 3784 ὑπέστρεψε
3353 3706 3489 3781 μετᾶ
3548 3704 3808 3786 λαφύρων

2151 3795 2240 3849 καὶ
2275 3796 2665 3871 αἰχμαλωσίας
2696 3796 2938 3868 πολλῆς.
2965 3799 3211 3875 Ἔγραψε
3267 3793 3323 3851 δέ
3379 3795 3470 3851 καὶ
3517 3800 3597 3867 τῷ
3646 3796 3803 3870 βασι-

2152 3882 2243 3940 λεῖ
2268 3883 2646 3959 δηλοποιήσας
2677 3891 2778 3959 τὴν
2807 3888 2987 3960 νίκην.
3022 3889 3126 3946 Οἷα
3156 3884 3216 3942 δὲ
3245 3885 3398 3960 φιλεῖ
3425 3890 3606 3941 ποιεῖν
3628 3886 3656 3940 ὁ
3678 3887 3811 3959 φθό-

2150 3996 2262 4044 νος,
2296 3971 2689 4033 διαϐαλλουσιν
2722 3978 2774 4033 οἳ
2805 3976 3042 4053 πονηροὶ
3100 3977 3190 4032 τὸν
3243 3973 3415 4050 ἄνδρα
3451 3975 3589 4051 πρὸς
3640 3975 3806 4048 βασι-

2151 4061 2271 4135 λέα,
2301 4067 2390 4122 καὶ
2425 4064 2610 4141 ῥᾴδιόν
2644 4069 2696 4122 οἱ
2747 4071 3038 4142 κατασχεῖν
3099 4064 3355 4142 λέγοντες
3409 4064 3509 4132 τὴν
3566 4063 3803 4137 Ταρσὸν,

2151 4152 2265 4209 ὁδὶ
2321 4153 2592 4228 μελλήσει
2649 4157 2737 4211 καὶ
2800 4155 3041 4232 ῥᾳθυμίᾳ
3096 4156 3380 4229 προήκατο
3437 4152 3531 4208 τὸν
3587 4153 3801 4228 καιρόν.

2147 4243 2256 4319 Ὑφ’
2317 4244 2392 4297 ὧν
2448 4242 2722 4307 πολλάκις
2783 4243 3096 4320 λεγομένων
3160 4242 3502 4302 ἀναπεισθεὶς
3560 4242 3589 4296 6
3646 4241 3805 4317 βασι-

2151 4330 2276 4394 λεὺς
2305 4331 2572 4405 παραλύει
2602 4340 2702 4404 τῆς
2734 4332 2916 4412 ἀρχῆς
2967 4334 3060 4389 τὸν
3118 4330 3308 4409 ἃνδρα,
3353 4331 3445 4387 καὶ
3496 4329 3608 4386 ἀντ’
3662 4329 3804 4385 ⁷εκεί-

379 4439 495 4494 que
525 4422 715 4478 multa
743 4420 1023 4477 ferociter
1063 4420 1420 4492 jactantem.
1452 4419 1507 4473 Is
1558 4434 1693 4491 ergo
1738 4418 2038 4490 Stypeiota

2147 4442 2241 4476 νου
2269 4417 2646 4496 προϐάλλεται
2677 4423 2771 4479 τὸν
2807 4423 3159 4490 Στυπειώτην
3201 4420 3525 4499 λεγόμενον,
3583 4420 3682 4490 τήν
3735 4440 3797 4475 τε

379 4513 693 4570 confestim
725 4511 1055 4567 exercitum
1085 4509 1159 4565 ad
1187 4510 1433 4565 Tarsum
1465 4507 1647 4576 ducit,
1672 4507 1838 4563 nulla
1866 4526 2037 4580 pror-

2147 4511 2355 4586 Ταρσὸν
2411 4509 2611 4581 ἐξελεῖν
2695 4511 3131 4590 ὑπισχνούμενον
3217 4510 3307 4565 καὶ
3394 4507 3542 4565 ἄλλα
3614 4506 3808 4563 πολλὰ

378 4618 479 4657 sus
508 4601 895 4674 imperatoria
944 4598 1291 4666 calliditate,
1341 4597 1509 4653 nullo
1559 4614 1703 4653 usus
1743 4598 2035 4667 consilio;

379 4705 635 4761 cumque
664 4692 841 4745 Tarso
868 4689 1431 4761 appropinquasset,
1454 4691 1650 4741 castra
1675 4702 1744 4742 eo
1774 4687 1905 4742 loco
1934 4688 2036 4758 qui

376 4778 812 4851 Chrysobolum
860 4777 1082 4833 dicitur
1132 4776 1324 4848 ponit,
1374 4791 1569 4847 neque
1624 4775 1830 4831 1018
1877 4778 2037 4834 fossa

377 4870 521 4926 satis
552 4886 622 4926 ea
651 4884 847 4940 neque
879 4866 1145 4923 excubiis
1194 4865 1493 4921 muniens.
1526 4866 1710 4939 Cujus
1740 4866 2034 4923 incuriam

373 4974 510 5017 cum
567 4959 940 5015 observasset
1018 4956 1359 5020 Tarsenses,
1419 4970 1525 5027 per
1599 4960 1838 5011 noctem
1897 4973 2033 5013 eum

370 5047 745 5118 adoriuntur,
798 5046 904 5103 tali
951 5048 1293 5101 commento
1342 5045 1458 5099 usi.
1492 5045 1618 5110 Qua
1665 5050 1909 5117 accepta
1957 5046 2031 5101 ab

370 5138 610 5195 Andrea
635 5137 802 5194 clade
828 5136 904 5193 ad
926 5135 1204 5208 exiguum
1225 5133 1450 5190 redacti
1469 5149 1789 5189 numerum
1820 5152 2031 5208 pugna)

373 5227 737 5285 sustinendae
759 5242 935 5298 pares
956 5240 1079 5279 non
1099 5228 1291 5292 erant,
1308 5222 1511 5279 multis
1528 5220 1840 5279 conductis
1862 5225 2032 5294 equis

372 5316 447 5377 ab
480 5334 691 5374 eorum
712 5315 918 5373 caudis
943 5314 1100 5370 sicca
1121 5312 1283 5369 coria
1310 5311 1703 5385 suSpendunt,
1732 5311 2030 5385 simulque

374 5424 475 5462 eos
503 5407 577 5463 ad
607 5408 798 5463 varias
820 5409 1151 5462 castrorum
1182 5403 1587 5459 Romanorum
1609 5406 1806 5472 partes
1836 5402 2031 5459 dimit-

373 5498 544 5550 tunt:
579 5496 692 5567 ipsi
718 5512 755 5552 a
783 5499 947 5567 tergo
978 5509 1208 5559 eorum,
1240 5491 1400 5548 tubis
1429 5507 1498 5546 ac
1538 5490 1841 5561 tympanis
1870 5494 2030 5548 soni-

375 5588 501 5639 tum
534 5584 799 5655 edentes,
832 5584 1055 5640 strictis
1087 5597 1223 5638 cum
1271 5581 1484 5653 gladiis
1514 5580 1577 5636 ln
1609 5579 1808 5636 media
1838 5586 2032 5640 castra

372 5671 668 5727 insiliunt.
701 5674 841 5728 Orta
872 5671 1124 5742 proinde
1155 5671 1216 5725 in
1250 5671 1513 5726 exercitu
1543 5673 1810 5726 Romano
1846 5675 1995 5745 trepi
2014 5708 2026 5718 η

379 5758 640 5827 datione,
688 5763 746 5812 et
799 5775 907 5828 per
964 5759 1286 5815 tumultum
1335 5759 1473 5813 viris
1531 5759 1820 5830 equisque
1850 5762 1911 5817 in
1936 5782 1996 5821 se

2142 4599 2568 4677 φρυαττόμενον.
2597 4602 2697 4663 "Oc
2754 4602 2948 4656 αὐτίκα
3004 4593 3341 4676 παραλαϐὼν
3386 4598 3483 4661 τὰς
3542 4594 3805 4670 δυνάμεις

2139 4691 2242 4766 ἦγε
2271 4690 2407 4745 κατὰ
2439 4694 2676 4767 Ταρσοῦ,
2729 4689 2900 4764 μηδὲν
2954 4689 3315 4766 στρατηγικὸν
3347 4686 3601 4758 ἐννοήσας
3660 4685 3806 4759 μηδὲ

2140 4772 2431 4842 εὐϐουλίας
2465 4779 2704 4850 ἐπάξιον.
2738 4779 2984 4848 Πλησίον
3026 4777 3082 4834 δὲ
3111 4779 3400 4854 γενόμενος
3428 4784 3531 4846 τῆς
3578 4773 3802 4850 Ταρσοῦ

2138 4866 2419 4937 αὐλίζεται
2451 4869 2588 4924 κατά
2616 4889 2738 4924 τινα
2764 4870 2932 4925 τὸπον
2963 4870 3023 4931 ὃς
3076 4862 3506 4943 Χρυσόϐουλλον
3554 4863 3800 4943 λέγεται,

2141 4959 2282 5031 μήτε
2308 4958 2515 5034 τάφρον
2582 4958 2874 5036 ἀξιόλογον
2940 4968 3077 5032 μήτε
3122 4952 3543 5034 στρατοπεδείαν
3586 4953 3799 5032 ὀχυρὰν

2135 5047 2608 5120 προστησάμενος·
2643 5048 2738 5106 "Ov
2767 5049 3202 5119 κατανοήσαντες
3255 5046 3307 5101 οἱ
3360 5046 3593 5118 Ταρσεῖς
3649 5041 3803 5116 ἆμα-

2136 5133 2252 5198 λῶς
2312 5134 2651 5211 διακείμενον
2711 5136 3036 5203 ἐπιτίθενται
3102 5135 3283 5208 τούτῳ
3339 5133 3532 5194 νυκτὸς
3602 5152 3797 5207 στρατ·

2135 5230 2385 5303 ηγήματι
2418 5231 2764 5305 χρησάμενοι
2795 5230 3051 5302 τοιούτῳ·
3087 5224 3581 5307 Ὀλιγανδροῦντες
3605 5225 3712 5301 γὰρ
3744 5226 3799 5279 οἱ

2130 5323 2374 5374 τοιοῦτοι
2404 5319 2465 5374 ἐκ
2488 5323 2590 5385 τῆς
2618 5320 2757 5395 πρὸς
2815 5316 3077 5393 ’Δνδρέαν
3128 5314 3304 5387 ἤττης
3360 5317 3451 5372 καὶ
3511 5316 3587 5387 μὴ
3643 5312 3799 5377 ὄντες

2131 5407 2431 5484 ἀξιόμαχοι
2503 5408 2643 5483 πρὸς
2726 5407 3045 5483 παράταξιν,
3117 5406 3327 5468 ’ίπποὺς
3412 5404 3800 5479 συναγαγόντες

2132 5497 2368 5578 συχνοὺς
2397 5498 2488 5554 καὶ
2546 5498 2745 5574 βύρσας
2800 5499 2967 5575 ξηρὰς
3026 5498 3315 5572 ἐξάψαντες
3372 5497 3481 5553 ἀπὸ
3534 5499 3645 5551 τῶν
3702 5496 3797 5550 ἱπ-

2127 5588 2295 5643 πείων
2353 5588 2559 5663 οὐρῶν,
2624 5588 2711 5664 ὑφ’
2766 5586 2822 5643 ἓν
2885 5585 3220 5665 πράγγελμα
3274 5588 3414 5642 κατὰ
3461 5584 3649 5641 πολλὰ
3696 5588 3798 5640 τοῦ

2129 5678 2447 5750 Ῥωμαϊκοῦ
2513 5673 2883 5751 στρατοπέδου
2940 5679 3200 5755 ἐπαφιᾶσι
3264 5678 3428 5752 μέρη,
3461 5673 3680 5738 ὅπισθεν
3736 5670 3798 5728 δὲ

2130 5764 2287 5821 αὐτοὶ
2326 5770 2449 5827 ταῖς
2480 5764 2737 5843 σάλπιγξι
2769 5767 2858 5822 καὶ
2892 5770 3012 5830 τοῖς
3040 5767 3346 5840 τυμπάνοις
3388 5761 3798 5834 ἐπιδουπήσαν-
