4184 6444
415 413 568 476 1105

1540 413 1903 475 HISTORIA
1919 414 2096 476 RUM
2140 412 2699 478 COMPENDIUM.

3672 416 3830 477 1106

398 571 484 610 τες
518 547 679 621 μέσον
712 554 809 605 τοῦ
842 550 1087 626 χάρακος
1116 553 1345 624 γυμνοῖς
1375 553 1495 613 τοῖς
1524 549 1726 623 ξίφεσιν
1778 548 1887 603 εἷσε
1942 549 2047 619 πή-

2169 550 2413 606 confuse
2447 552 2868 624 incidentibus,
2898 555 3119 612 factum
3152 560 3243 611 est
3265 560 3330 611 ut
3361 553 3599 611 Barbari
3629 554 3834 610 vince-

402 637 596 710 δησαν.
628 645 887 715 Ταραχῆς
916 639 1013 695 οὖν
1045 638 1426 712 συμπεσούσης
1471 643 1551 711 τῷ
1597 642 1704 692 τῶν
1762 637 2052 712 Ῥωμαίων

406 729 795 805 στρατεύματι,
839 732 927 786 καὶ
990 727 1167 800 δειλίᾳ
1226 727 1707 805 συνταραχθέντων
1764 729 1907 801 ὁμοῦ
1963 728 2055 784 καὶ

398 824 508 873 τῶν
541 817 751 893 ἀνδρῶν
784 819 874 875 καὶ
899 824 1008 875 τῶν
1034 820 1220 874 ἳππων
1249 818 1337 873 καὶ
1394 818 1669 888 ἀλλήλοις
1696 817 2054 894 περιπιπτόν-

398 930 532 978 των,
592 903 794 978 συνέϐη
853 909 980 971 τοὺς
1039 904 1357 984 Βαρϐάρους
1413 914 1680 979 κρατῆσαι
1736 906 1830 961 καὶ
1891 904 2053 984 φόνον

403 1000 626 1072 ἄπειρον
667 997 1069 1074 ἀπεργάσασθαι
1119 1001 1226 1052 τῶν
1273 995 1586 1069 Ῥωμαίων,
1634 1000 1742 1051 τῶν
1783 994 2054 1051 πλείστων

2170 646 2305 695 rent
2316 641 3203 716 immensamqueRomanorum
3219 644 3442 701 cadem
3455 651 3832 717 peragerent,

2171 728 2472 802 plerisque
2504 747 2539 786 a
2565 732 2689 787 suis
2732 732 2998 805 ingloria
3032 733 3269 789 obtritis
3300 738 3479 806 atque
3510 720 3834 790 suffocatis.

2170 820 2488 876 Tarsenses
2518 822 2629 877 hac
2661 823 2971 895 inopinata
3007 824 3179 895 potiti
3210 824 3474 895 victoria,
3510 829 3568 880 et
3597 824 3835 880 conciso

2170 910 2436 966 Romano
2464 913 2750 980 exercitu,
2776 910 3086 968 barbarica
3116 912 3588 971 conclamatione
3611 921 3670 971 et
3693 918 3840 971 stre-

2172 1000 2300 1072 pitu
2332 1015 2602 1070 paanem
2640 1002 3008 1057 cecinerunt.

397 1083 678 1149 δυσκλεῶς
710 1086 1180 1161 συμπατουμένων
1208 1085 1298 1142 καὶ
1329 1084 1788 1160 συμπνιγομένων
1832 1085 1920 1160 ὑφ’
1950 1086 2176 1144 ἑαυτῶν.
2209 1086 2368 1144 Οὕτω
2400 1085 2458 1143 δέ
2483 1086 2805 1163 παραδόξως
2860 1088 3139 1166 κραδόξως
3187 1091 3553 1167 κρατήσαντες
3601 1091 3652 1145 οἱ
3683 1094 3827 1167 Ταρ-

395 1180 506 1238 σεῖς
537 1176 626 1231 καὶ
658 1177 761 1247 τὴν
790 1176 1108 1249 Ῥωμαϊκὴν
1148 1174 1306 1251 ἰσχὺν
1337 1174 1741 1249 κατακόψαντες
1776 1170 2133 1250 βαρϐαρικοῖς
2164 1175 2512 1253 ἀλαλαγμοῖς
2546 1177 2880 1249 ἐπαιάνιζον.

470 1265 567 1321 Καὶ
596 1266 663 1320 τὰ
700 1265 794 1339 μὶν
824 1265 961 1340 πρὸς
991 1264 1290 1341 ἀνίσχοντα
1339 1263 1502 1334 ¹ἥλιον
1563 1262 1737 1326 οὕτως
1787 1266 1931 1344 εἶχε,
1986 1265 2054 1320 τὰ

397 1351 456 1409 δέ
486 1355 621 1428 πρὸς
653 1355 881 1430 έσπέραν
939 1351 1119 1410 ἄπεισι
1180 1354 1351 1426 λέξων
1382 1354 1410 1408 ὁ
1446 1353 1632 1430 λόγος.
1683 1353 1788 1410 Καὶ
1843 1354 2054 1410 τούτων

394 1444 523 1521 γὰρ,
555 1444 763 1518 ὁμοίως
801 1450 919 1508 τοῖς
977 1442 1222 1513 λοιποῖς,
1283 1442 1369 1499 ἐπὶ
1431 1441 1599 1499 πλέον
1657 1442 2050 1517 ἀμεληθέντων

394 1531 482 1589 ἐπὶ
515 1540 615 1603 τῆς
670 1532 955 1609 βασιλείας
1013 1539 1109 1589 τοῦ
1165 1531 1427 1608 Μιχαὴλ,
1484 1533 1574 1588 καὶ
1622 1531 1799 1602 πάσης
1857 1529 2054 1607 σχεδὸν

396 1620 498 1694 ὅση
530 1627 599 1697 τῇ
636 1621 888 1697 βασιλείᾳ
912 1623 1203 1695 Ῥωμαίων
1265 1623 1450 1693 ἀνήκει
1493 1619 1751 1688 Ἰταλίας,
1797 1623 1885 1676 καὶ
1942 1627 2049 1676 τῶν

286 1707 291 1712 ’
395 1710 666 1766 πλείστων
696 1718 795 1782 τῆς
843 1710 1097 1772 Σικελίας
1157 1711 1260 1767 ὑπὸ
1315 1718 1418 1780 τῆς
1474 1716 1585 1766 τῶν
1648 1707 2046 1787 Καρχηδονίων

2236 1269 2340 1324 Hic
2368 1275 2495 1325 tum
2528 1275 2717 1326 status
2761 1288 2963 1327 rerum
2992 1272 3055 1327 in
3104 1272 3341 1328 Oriente
3369 1271 3500 1327 fuit.
3535 1273 3703 1329 Nunc
3731 1289 3829 1328 res

2162 1357 2225 1412 in
2255 1358 2579 1414 Occidente
2627 1367 2693 1415 ut
2737 1360 3078 1432 habuerint,
3113 1376 3503 1432 exponemus.
3535 1361 3682 1416 Cum
3723 1361 3830 1418 has

2165 1464 2424 1520 quoque,
2458 1450 2710 1520 perinde
2742 1466 2811 1505 ac
2863 1455 3079 1506 catera
3106 1450 3331 1518 omnia,
3364 1449 3685 1507 Michaelus
3714 1450 3829 1506 im-

2162 1543 2402 1609 perator
2430 1539 2816 1611 neglexisset,
2850 1540 3046 1596 omnis
3093 1556 3278 1613 prope
3327 1557 3460 1612 qua
3491 1540 3565 1595 ad
3612 1541 3829 1596 Roma-

2161 1644 2304 1683 num
2336 1628 2676 1699 pertinebat
2696 1630 3016 1701 imperium
3030 1629 3200 1686 Italia
3213 1635 3273 1685 et
3287 1630 3590 1702 pleraque
3613 1628 3825 1685 Sicilia

2159 1722 2359 1790 partes
2389 1733 2424 1771 a
2448 1717 3018 1790 Carthaginensibus
3057 1718 3370 1774 debellata
3403 1724 3461 1773 et
3492 1718 3819 1774 tributaria

399 1797 676 1884 δυνάμεως
708 1799 1266 1873 καταπολεμηθείσης
1297 1800 1387 1854 καὶ
1421 1799 1698 1879 ὑποφόρου
1736 1804 1851 1862 τοῖς
1904 1805 2041 1876 Βαρο

2160 1804 2428 1861 Barbaris
2444 1805 2613 1861 facta
2628 1810 2820 1863 erant.
2854 1805 3075 1861 Adhac
3107 1806 3357 1877 Scytha,
3376 1805 3477 1877 qui
3508 1806 3570 1861 in
3598 1807 3826 1861 Panno-

398 1882 588 1963 ϐάροις
617 1887 940 1964 γενομένης,
987 1884 1070 1944 ἕτε
1125 1886 1182 1944 δὲ
1238 1887 1329 1943 καὶ
1376 1893 1487 1943 τῶν
1545 1886 1596 1943 έν
1650 1888 1917 1960 ΙΙαννονίᾳ
1962 1889 2051 1944 καὶ

396 1975 683 2051 Δαλματίᾳ
740 1978 830 2034 καὶ
885 1982 994 2033 τῶν
1078 1976 1322 2034 ἐπέκεινα
1398 1979 1604 2033 τούτων
1697 1975 2054 2051 διακειμένων

391 2074 635 2137 Σκυθῶν,
667 2066 987 2146 Χρωϐάτων
1021 2075 1155 2144 (88),
1188 2070 1358 2150 φημὶ,
1391 2070 1483 2125 καὶ
1541 2065 1760 2145 Σέρϐων
1810 2072 1898 2126 καὶ
1949 2073 2053 2128 Ζα-

393 2154 680 2234 χλούϐων,
712 2155 1145 2235 Τερϐουνιωτῶν
1176 2181 1234 2215 τε
1276 2160 1368 2215 καὶ
1417 2160 1737 2217 Καναλιτῶν
1788 2161 1878 2214 καὶ
1929 2167 2056 2215 Διο-

392 2247 704 2319 κλτ,τιανῶν
760 2250 851 2304 καὶ
912 2250 1230 2322 Ῥεντανῶν,
1289 2257 1389 2321 τῆς
1446 2250 1695 2315 ἀνέκαθεν
1758 2249 2049 2323 Ῥωμαίων

387 2336 731 2413 ἐπικρατείας
781 2340 1200 2416 ἀφηνιασάντων
1258 2338 1351 2395 καὶ
1410 2338 1730 2412 αὐτονόμων
1787 2340 2053 2410 καθεστη-

387 2429 589 2499 κότων,
649 2427 996 2484 συνεπέθεντο
1054 2428 1189 2502 μετά
1240 2432 1337 2485 τοῦ
1422 2433 1616 2503 καιροῦ
1683 2429 1775 2484 καὶ
1835 2429 1888 2483 οἱ
1945 2429 2051 2484 ἀπὸ

389 2516 750 2598 Καρχηδόνος
794 2519 1110 2595 Ἀγαρηνοί.
1171 2518 1276 2576 Καὶ
1335 2516 1607 2595 ἄρχοντας
1668 2517 2051 2590 ἐπιστήσαντες

388 2609 480 2664 τόν
512 2630 572 2664 τε
605 2606 888 2664 Σολδανον
916 2609 1008 2664 καὶ
1041 2604 1218 2664 Σάϐαν
1253 2608 1344 2664 καὶ
1382 2609 1476 2664 τὸν
1529 2608 1815 2687 Καλφοὺς,
1859 2608 2054 2682 ἐμπει-

396 2699 483 2775 ρίᾳ
514 2695 798 2771 πολεμικῇ
854 2695 1126 2775 διαφέρειν
1186 2698 1713 2773 μεμαρτυρημένους
1758 2702 1868 2753 τῶν
1914 2699 2051 2772 ὁμο-

387 2787 600 2867 φύλων,
635 2789 718 2861 [Ρ.
751 2788 879 2860 577]
909 2781 963 2857 ἕξ
992 2788 1086 2842 καὶ
1113 2786 1406 2860 τριάκοντα
1458 2784 1672 2842 πλοίων
1728 2786 2049 2861 πολεμικῶν

384 2879 523 2933 κατὰ
552 2874 866 2950 Δαλματίας
898 2875 1094 2932 στόλον
1138 2875 1483 2946 ἀπέστειλαν,
1539 2876 1625 2955 ὑφ’
1676 2874 1738 2931 οῦ
1788 2873 2046 2955 διάφοροι

392 2963 585 3028 πόλεις
642 2964 891 3021 ἑάλωσαν
951 2963 1285 3039 Ααλματῶν,
1343 2964 1523 3036 οἶονῆ
1581 2986 1641 3020 τε
1698 2966 2046 3040 Βούταμα,ή

386 3057 566 3113 Ῥὦσα
631 3054 720 3110 καὶ
778 3055 849 3110 τὰ
904 3056 1052 3110 κάτω
1111 3055 1405 3130 Δεκάταρα.
1474 3053 1932 3131 Προχωρούντων
1992 3051 2049 3110 δὲ

379 3146 520 3200 κατὰ
543 3147 669 3199 νοῦν
711 3147 818 3199 τῶν
881 3141 1218 3220 πραγμάτων
1277 3148 1394 3206 τοῖς
1452 3145 1803 3221 Ἀγαρηνοῖς,
1866 3141 2040 3213 ἦλθον

2158 1894 2280 1960 nia,
2312 1895 2607 1951 Dalmatia
2625 1896 3130 1967 ulterioribusque
3150 1895 3821 1969 degebantregionibus,

2159 1983 2468 2039 Chrobata
2515 1985 2785 2056 inquam,
2816 1986 3022 2041 1019
3059 1986 3239 2054 Servi,
3270 1984 3574 2051 Zachlubi,
3606 1984 3825 2040 Terbu—

2158 2070 2359 2138 niota,
2385 2071 2691 2140 Canalita,
2715 2072 3068 2129 Diocletiani
3089 2078 3267 2144 atque
3291 2072 3543 2129 Reutani
3573 2073 3828 2129 Romani

2159 2163 2418 2235 imperii,
2451 2163 2546 2219 cui
2577 2164 2910 2236 antiquitus
2960 2164 3263 2234 suberant,
3287 2164 3433 2237 jugo
3484 2180 3734 2220 excusso
3764 2164 3828 2219 in

2159 2251 2501 2309 libertatem
2532 2269 2663 2309 sese
2694 2260 3094 2310 asseruerant.
3123 2255 3281 2319 Quos
3310 2259 3485 2326 capta
3513 2254 3826 2310 occasione

2159 2341 2353 2397 adorti
2384 2342 2876 2414 Carthaginenses
2906 2342 3182 2415 Agareni,
3207 2343 3545 2415 creatisque
3575 2341 3824 2399 ducibus

2159 2430 2439 2499 Soldano,
2468 2429 2620 2486 Saba
2646 2435 2706 2486 et
2734 2431 3052 2503 Calphuso,
3088 2431 3189 2502 qui
3213 2431 3369 2486 inter
3396 2431 3649 2504 gentiles
3671 2433 3825 2503 peri-

2157 2519 2255 2574 tia
2285 2518 2516 2574 bellica
2547 2520 2771 2591 primas
2802 2519 3028 2590 absque
3061 2520 3466 2576 controversia
3514 2520 3822 2588 tenebant,

2157 2606 2344 2663 classe
2375 2614 2606 2664 armata
2630 2609 2867 2675 navium
2895 2610 2963 2663 36
2995 2609 3237 2674 emissa,
3267 2608 3487 2665 multas
3519 2609 3827 2664 Dalmatia

2156 2696 2336 2751 urbes
2358 2701 2665 2769 ceperunt,
2694 2697 2877 2768 inque
2909 2697 3003 2752 his
3025 2698 3358 2767 Butamam,
3390 2699 3606 2755 Rosam
3629 2703 3689 2753 et
3712 2698 3826 2753 De-

2160 2789 2422 2839 cataram
2481 2783 2852 2840 inferiorem.
2898 2786 2985 2841 Ita
3032 2801 3314 2857 prospere
3366 2785 3826 2842 succedentibus

2155 2872 2332 2928 rebus
2388 2873 2643 2945 Agareni
2715 2875 3038 2946 Ragnsium
3117 2890 3354 2946 quoque
3428 2874 3611 2929 totius
3677 2889 3821 2947 gen-

2154 2963 2231 3018 tis
2262 2967 2439 3034 caput
2487 2964 2708 3036 agressi
2740 2963 2917 3036 longo
2970 2969 3237 3036 tempore
3261 2964 3670 3035 iobsederunt,
3699 2964 3821 3021 for-

2156 3053 2295 3107 titer
2320 3051 2533 3108 urbem
2566 3051 3029 3109 defendentibus
3051 3053 3153 3124 qui
3183 3054 3346 3109 intus
3368 3058 3559 3110 erant.
3592 3055 3662 3109 Hi
3684 3071 3820 3111 cum

2156 3143 2440 3199 arumnis
2486 3143 2590 3198 diu
2640 3142 2909 3199 toleratis
2940 3143 3182 3199 tandem
3214 3145 3277 3200 in
3320 3150 3588 3200 extremo
3618 3150 3824 3202 essent

385 3237 473 3291 καὶ
511 3235 612 3289 ὑπὸ
642 3235 741 3304 τήν
775 3239 874 3290 τοῦ
904 3233 1040 3290 ὅλου
1070 3232 1256 3298 ἔθνους
1292 3231 1644 3309 μητρόπολιν
1684 3233 1720 3304 ἢ
1754 3232 2038 3291 Ῥαούσιον

2160 3233 2467 3289 constituti
2495 3232 2866 3301 discrimine,
2898 3233 3253 3289 necessitate
3298 3240 3546 3307 urgente
3592 3234 3820 3306 legatos

389 3322 628 3399 λέγεται,
659 3322 752 3379 καὶ
776 3322 979 3393 ταύτην
1023 3321 1115 3378 ἐπὶ
1175 3323 1378 3402 χρόνον
1430 3321 1788 3398 ἐπολιόρκουν
1842 3322 2042 3394 πολὺν,

389 3411 639 3485 ἐκθύμως
670 3415 779 3467 τῶν
829 3406 981 3467 ἔνδον
1040 3411 1486 3487 ἀγωνιζομένων.
1532 3411 1681 3468 Ἐπεὶ
1734 3408 1792 3466 δὲ
1843 3411 2040 3488 χρόνον

391 3501 915 3575 ταλαιπωσούμενοι
948 3503 1001 3557 οἱ
1031 3502 1308 3560 Ῥαούσιοι
1366 3502 1444 3568 εἷς
1493 3503 1590 3565 τὰς
1649 3502 1881 3579 ἐσχάτας
1922 3525 2045 3558 συν-

391 3590 695 3663 ηλαύνοντο
753 3590 1005 3667 ἀπορίας,
1065 3591 1344 3664 πέμπουσι
1409 3586 1660 3666 πρέσϐεις
1706 3591 1758 3653 ές
1817 3591 2045 3668 βασιλέα

388 3681 492 3736 ὑπὸ
523 3687 625 3750 τῆς
656 3679 895 3756 ἀνάγκης
948 3680 1486 3755 στενοχωρούμενοι,
1540 3681 1812 3753 ἐπαμῦναι
1868 3702 2046 3758 παρα-

385 3769 681 3832 καλοῦντες
740 3774 857 3833 τοῖς
941 3766 1343 3825 κινδυνεύουσιν
1398 3769 1740 3845 ὑποχειρίοις
1795 3772 2044 3844 γενέσθαι

383 3864 493 3914 τῶν
526 3859 773 3933 ἀρνητῶν
803 3864 901 3914 τοῦ
941 3861 1205 3933 Χριστοῦ.
1258 3859 1447 3929 Μήπω
1496 3854 1554 3912 δὲ
1605 3862 1716 3913 τῶν
1766 3854 2044 3934 πρέσϐεων

381 3947 724 4027 ἀφικομένων
756 3947 993 4023 Μιχαὴλ
1047 3949 1143 4020 μὲν
1195 3947 1224 4002 ὁ
1276 3944 1533 4022 βασιλεὺς
1583 3948 1822 4018 θνήσκει,
1875 3967 2045 4003 κατα-

380 4033 718 4111 λαμϐάνουσι
750 4034 808 4092 δὲ
836 4038 927 4092 τὸν
962 4034 1241 4092 Βασίλειον
1277 4038 1328 4092 οἱ
1379 4030 1729 4111 πρεσϐευταί.
1783 4037 1880 4092 Ὧν
1920 4034 2043 4091 έπι-

385 4125 568 4199 μελῶς
596 4125 1012 4199 ἀκροασάμενος
1041 4126 1131 4181 καὶ
1165 4124 1298 4188 ὅλος
1328 4129 1425 4181 τοῦ
1480 4122 1686 4189 πάθους
1728 4126 2040 4203 γενόμενος,

382 4215 577 4271 στόλον
608 4214 1042 4289 έξαρτυσὰἱμενος
1100 4218 1234 4271 νεῶν
1296 4215 1484 4271 ἑκατὸν
1543 4214 1635 4270 καὶ
1693 4213 1861 4291 ἄνδρα
1913 4215 2041 4271 τού-

381 4326 498 4368 τοις
557 4305 854 4376 έπιστήσας
915 4304 1173 4380 ἐμπειρίᾳ
1228 4304 1318 4360 καὶ
1379 4301 1581 4360 συνέσει
1638 4311 1744 4362 τῶν
1813 4304 2042 4362 πολλῶν

385 4392 711 4473 διαφέροντα
738 4395 829 4449 τὸν
878 4393 1166 4468 πατρίκιον
1226 4396 1474 4465 Νικήταν
1531 4395 1622 4450 καὶ
1680 4392 2044 4472 δρουγγάριον

388 4488 489 4539 τῶν
560 4481 835 4555 πλωῒμων
887 4485 998 4556 (89)
1056 4481 1151 4537 τὸν
1205 4483 1304 4551 τήν
1362 4481 1673 4556 ἐπωνυμίαν
1751 4482 2040 4562 Ὡορύφαν,

2150 3323 2227 3378 ad
2258 3323 2679 3394 imperatorem
2731 3323 2999 3389 mittunt,
3031 3329 3302 3395 petentes
3352 3323 3465 3378 sibi
3495 3323 3821 3394 subveniri,

2151 3429 2227 3469 ne
2253 3412 2315 3466 in
2341 3417 2694 3484 potestatem
2719 3412 2981 3467 hostium
3003 3412 3302 3470 Christum
3320 3412 3707 3469 difﬁtentium
3729 3430 3820 3469 re-

2153 3502 2450 3574 digantur.
2482 3504 2820 3574 Antequam
2849 3501 3028 3575 legati
3055 3502 3348 3573 venirent,
3374 3502 3503 3574 jam
3541 3502 3813 3559 Michaeli

2151 3590 2318 3646 obitu
2350 3591 2668 3663 imperium
2718 3593 3051 3647 Romanum
3099 3592 3351 3648 Basilius
3399 3598 3810 3665 occupaverat.

2151 3683 2206 3737 Is
2236 3681 2461 3754 legatos
2486 3685 2709 3736 attente
2737 3681 2979 3749 audivit,
3012 3686 3292 3753 totusque
3318 3698 3528 3738 eorum
3557 3683 3808 3738 misera-

2151 3762 2314 3818 tione
2368 3762 2660 3828 concitus,
2720 3762 2974 3817 classem
3031 3762 3137 3817 100
3189 3762 3425 3818 navium
3484 3767 3811 3836 comparat,

2151 3867 2427 3923 eamque,
2459 3850 2610 3907 duce
2640 3851 2843 3907 Niceta
2870 3852 3123 3923 patricio
3149 3858 3208 3907 et
3237 3851 3558 3925 drungario
3588 3853 3674 3909 rei
3705 3868 3814 3908 na—

2149 3938 2318 4006 valis,
2352 3938 2706 4009 cognomine
2736 3939 2992 4009 Orypha,
3015 3939 3231 4010 peritia
3256 3956 3325 3994 ac
3350 3939 3669 4011 prudentia
3690 3941 3819 3997 sin-

2148 4035 2335 4107 gulari
2397 4035 2541 4100 viro,
2594 4035 2656 4088 in
2712 4034 3003 4090 Barbaros
3051 4036 3288 4092 emittit.
3338 4037 3618 4108 Agareni,
3668 4055 3817 4108 quos

2149 4125 2212 4179 in
2244 4122 2573 4179 obsidenda
2603 4122 2749 4177 urbe
2799 4140 3211 4194 perseverasse
3255 4123 3537 4194 diximus,
3570 4142 3705 4182 cum
3746 4143 3819 4183 ex

2149 4213 2471 4285 transfugis
2502 4211 2919 4284 cognovissent
2968 4211 3400 4284 Ragu‘sinorum
3449 4213 3524 4270 ad
3555 4215 3817 4286 impera-

2151 4308 2338 4358 torem
2371 4301 2596 4373 legatos
2644 4301 2853 4358 1020
2904 4301 3101 4368 ivisse,
3155 4300 3227 4357 de
3282 4303 3428 4358 urbe
3481 4304 3596 4359 cito
3631 4320 3816 4377 expu-

2146 4391 2381 4465 gnanda
2413 4389 2804 4462 desperantes
2837 4396 2897 4446 et
2930 4390 3156 4446 auxilia
3184 4391 3511 4448 missurum
3540 4393 3595 4449 ei
3626 4394 3818 4465 impe-

2148 4488 2406 4537 ratorem
2442 4486 2799 4546 metuentes,
2824 4478 3198 4535 obsidionem
3228 4480 3486 4551 solvunt,
3520 4487 3579 4538 et
3609 4483 3683 4538 ad
3714 4483 3818 4538 Ita-

382 4573 519 4629 κατὰ
548 4575 656 4627 τῶν
715 4569 1005 4643 πολεμίων
1066 4568 1356 4643 ἐκπέμπει.
1404 4572 1472 4628 Οἱ
1522 4568 1579 4627 δὲ
1620 4575 1689 4645 τῇ
1743 4571 2042 4647 πολιορκίᾳ

2160 4571 2249 4626 lia
2282 4586 2411 4625 eam
2461 4575 2688 4641 partem
2743 4585 2875 4638 qua
2926 4568 3336 4641 Longobardia
3381 4570 3559 4626 hodie
3600 4570 3821 4627 dicitur

378 4665 478 4716 τοῦ
534 4661 820 4715 Ῥαουσίου
878 4658 1283 4734 προσμένοντος
1369 4659 1665 4736 Ἀγαρηνοὶ
1745 4657 1835 4715 διά
1883 4680 2044 4714 τινων

382 4748 716 4821 αὐτομόλων
752 4748 1012 4821 μαθόντες
1044 4750 1146 4816 τὴν
1183 4748 1318 4822 πρὸς
1350 4747 1441 4803 τὸν
1472 4746 1699 4823 βασιλέα
1718 4752 1826 4803 τῶν
1853 4750 2040 4805 Ῥαου-

384 4838 513 4893 σίων
571 4831 882 4912 πρεσϐείαν,
940 4836 1319 4911 ἀπεγνωκότες
1359 4834 1418 4892 δὲ
1472 4838 1563 4891 καὶ
1620 4840 1721 4906 τήν
1773 4837 2038 4911 σύντομον

386 4924 614 4999 ἅλωσιν,
647 4931 809 4983 τοῦτο
850 4924 907 4981 δὲ
963 4927 1053 4981 καὶ
1106 4926 1206 4996 τὴν
1264 4924 1324 4980 ἐκ
1386 4924 1659 5002 βασιλέως
1712 4923 2040 5006 φοϐηθέντες

387 5016 666 5087 ἀφίξεσθαι
703 5014 1013 5089 μέλλουσαν
1047 5016 1329 5089 βοήθειαν,
1358 5013 1667 5084 λύουσιτήν
1689 5015 2037 5093 πολιορκίαν,

390 5108 530 5164 κατὰ
583 5103 641 5161 δὲ
696 5106 797 5174 τήν
873 5102 1133 5173 Ἰταλίαν,
1202 5103 1237 5174 ἢ
1295 5101 1388 5158 νῦν
1475 5098 1863 5182 Λαγγοϐαρδία
1920 5108 2033 5181 (90)
2092 5106 2426 5179 ὠνόμασται,

2154 4663 2519 4735 navigantes,
2552 4661 2726 4716 Barin
2758 4665 3019 4716 castrum
3046 4667 3361 4733 occupant,
3389 4661 3592 4734 ibique
3621 4664 3822 4719 consi-

2153 4752 2316 4807 dent.
2351 4751 2493 4806 lnde
2524 4748 2810 4823 paulatim
2865 4750 3138 4820 proxima
3177 4767 3430 4822 quaque
3475 4753 3732 4825 aggressi
3765 4757 3825 4807 et

2152 4841 2345 4913 potiti,
2405 4841 2746 4895 universam
2821 4838 3313 4911 Longobardiam,
3371 4846 3430 4896 et
3498 4841 3822 4913 aliquando

2155 4928 2444 5001 quidquid
2475 4928 2551 4983 ad
2584 4929 2775 4999 ipsam
2802 4944 2993 5000 usque
3024 4930 3271 4986 Romam
3306 4929 3449 4986 olim
3473 4930 3827 5004 gloriosissi-

2153 5034 2313 5074 mam
2345 5016 2598 5072 interest
2627 5016 2915 5089 regionis,
2948 5016 3357 5073 obtinuerunt.

2518 5102 2935 5179 διαπεράσαντες
3021 5104 3085 5158 τὸ
3169 5104 3398 5178 κάπρον
3455 5112 3556 5173 τῆς
3606 5107 3826 5181 Βάρεως

1597 5204 1965 5261 XYLANDRI
1995 5206 2082 5260 ET
2113 5206 2333 5261 GOABI
2364 5204 2585 5260 NOTAE.

457 5308 569 5379 (88)
598 5309 714 5361 Eos
748 5322 879 5363 esse
912 5304 1091 5379 credo
1122 5305 1226 5379 qui
1251 5305 1522 5379 _Crabata
1551 5304 1853 5379 dicuntur,
1886 5306 2053 5362 unde

685 5395 769 5450 gve
797 5377 1096 5450 Crabatia.
1121 5377 1307 5450 Paulo
1331 5377 1485 5433 infra
1504 5377 1564 5432 bi
1588 5377 1817 5450 Scytha
1841 5394 2053 5433 omnes

385 5450 602 5509 Salvini
637 5446 938 5505 dicuntur.
991 5446 1270 5521 Ῥατρσιον
1331 5455 1421 5504 est
1477 5446 1846 5521 Βειειιειὶιιω,Δ
1869 5450 2050 5521 etiam

388 5526 647 5579 Zonara.
680 5522 826 5577 XYL.
864 5551 921 5560 -—
971 5512 1292 5644 Χρωϐάτων
1351 5518 1494 5591 φημῖ
1552 5512 1643 5572 {ai
1707 5512 1925 5591 Σέρϐων
1978 5520 2051 5575 de

392 5593 644 5648 singulis
674 5593 836 5648 hisce
869 5608 1024 5648 nonu
1054 5591 1104 5645 is
1134 5608 1201 5645 ac
1234 5608 1439 5647 eorum
1496 5609 1531 5647 a
1582 5594 1884 5648 Romanis.
1930 5593 2050 5648 .De-

1054 5608 1104 5645 IS
1134 5608 1201 5645 ac
1234 5608 1439 5647 eorum
1496 5609 1531 5647 ἃ
1583 5608 1884 5648 11011181118.
1930 5608 2050 5648 ,υθ-

392 5662 648 5721 lectione
679 5662 915 5736 longam
948 5662 1257 5736 historiam
1292 5664 1439 5718 texit
1470 5664 1898 5720 Constantinus
1938 5664 2051 5718 im-

394 5742 635 5810 perator
667 5733 886 5791 toto'de
917 5733 1152 5790 Admin.
1188 5734 1335 5805 Imp.
1368 5736 1822 5792 commentario.
1873 5736 2050 5790 Gom.

386 5376 622 5436 Croatia
650 5395 769 5434 srve
797 5376 1096 5432 Crabatia.

392 5593 644 5666 singulis
674 5593 836 5666 bisce
869 5608 1024 5666 popu

2238 5305 2504 5382 (89)_Le_o
2536 5305 2596 5382 in
2620 5303 2923 5382 Naumacb
2951 5302 3279 5382 :gaté‘fﬁv
3310 5304 3577 5382 ὁμοίωσιν
3610 5308 3711 5382 τοῦ
3740 5307 3836 5382 βα-

2165 5371 2383 5431 σιλικοῦ
2417 5372 2688 5447 πλωΐμου
2719 5372 2809 5427 καὶ
2855 5373 2908 5447 ol.
2946 5377 3074 5447 τῦὶινΔ
3109 5371 3298 5447 ἄλλων
3342 5371 3601 5447 ,θεμάτων
3651 5371 3836 5433 πλῶϊ-

2168 5469 2268 5574 μοὲ
2296 5441 2593 5574 cepa-Enyo?
2653 5441 3012 5520 δρουγγάριοι
3058 5443 3349 5500 ἐκαλοῦντό
3388 5441 3521 5501 ποτε
3562 5453 3679 5510 τοῖς
3726 5448 3838 5505 ἅνω

2168 5540 2239 5574 νο
2274 5539 2406 5574 νοις.
2489 5535 2615 5574 OAR.

2274 5539 2406 5580 νοις.
2442 5535 2615 5574 bOAR.

2162 5540 2406 5598 χρονοις.
2442 5540 2615 5574 UOAR.

2168 5664 2182 5667 _
2237 5594 2349 5667 (99)
2379 5592 2607 5667 Ex‘quo
2640 5590 2951 5643 Ravenna
2992 5590 3206 5644 morati
3240 5597 3380 5667 sunt
3421 5608 3489 5667 ac
3520 5594 3579 5667 in
3611 5594 3842 5667 Longo-

2167 5662 2791 5737 bardiaprincipatum
2814 5667 3210 5737 exercuerunt
3231 5663 3491 5737 Orientis
3515 5662 3840 5737 imperato-

2172 5753 2292 5803 res,
2316 5731 2500 5791 alium
2532 5731 2951 5804 quemcunque
2993 5731 3189 5787 locum
3244 5734 3306 5788 in
3337 5735 3506 5791 Italia
3534 5731 3644 5792 sibi
3692 5735 3834 5793 reli-
