4184 6414
328 427 489 491 1109

1468 416 2020 484 HISTORIABUM
2062 416 2613 481 GOMPENDIUM.

3596 414 3757 481 1110

329 557 503 623 οὕτως
526 557 616 615 καὶ
664 557 725 615 lx
769 561 867 613 τοῦ
915 560 1239 634 χαμιρποῦς
1285 553 1563 634 ἕνδὲχεται
1593 552 1761 612 πάλιν
1802 551 1969 626 ἀρθῇ-

2090 552 2257 622 prius
2296 553 2515 611 attolar
2562 553 2890 625 fastigium.
2937 551 3037 611 His
3084 550 3304 609 auditis
3358 568 3463 608 rex
3519 550 3590 609 de
3642 569 3749 609 suo

327 672 412 705 ναι
445 650 582 724 πρὸς
610 646 673 703 τὸ
726 646 973 724 μέγεθος.
1006 669 1036 699 ››
1091 648 1305 702 Τούτου
1362 644 1595 705 ἂκούσας
1653 644 1683 700 6
1896 639 1989 695 καὶ

327 737 535 796 ἕννοιαν
566 742 677 793 τῶν
723 736 941 793 οἰκείων
988 731 1198 803 λαϐὼν,
1232 736 1447 790 συνετὸν
1477 755 1537 790 τε
1563 734 1656 791 τὸν
1684 731 1854 804 ἄνδρα
1884 729 1985 787 λο-

324 839 618 917 γισάμενος
670 835 760 892 διά
815 852 872 891 τε
932 836 1033 905 τήν
1091 832 1558 909 προηγησαμένην
1589 833 1770 908 ἀρχὴν
1798 830 1986 887 καὶτὸ

323 937 498 1005 γῖρας
524 929 612 983 καὶ
645 928 707 981 τὸ
739 925 1002 1003 εὐτυχίας
1059 940 1118 979 τε
1161 924 1274 996 ἅμα
1317 922 1408 978 καὶ
1455 920 1755 997 δυστυχίας
1793 940 1986 995 πειρα-

320 1023 501 1088 θῆναι,
534 1013 845 1092 παῤῥησίας
903 1028 963 1069 τε
1019 1010 1304 1087 μετεδίδου
1332 1012 1482 1083 αὐτῷ
1533 1011 1626 1067 καὶ
1666 1007 1985 1080 συνδιαιτήσ

321 1128 478 1170 σεως.
511 1107 573 1164 Ὁ
605 1104 662 1162 δὶ
690 1102 900 1166 δόλιοις
931 1124 1005 1159 ων
1036 1102 1125 1159 καὶ
1151 1107 1463 1177 πανοῦργος
1501 1103 1762 1180 μηχανὴν
1789 1099 1982 1177 pint-ct

320 1198 458 1253 κατὰ
484 1200 580 1251 τοῦ
609 1194 803 1271 ῥηγὸς,
834 1194 953 1261 ἣτις
991 1192 1083 1247 τὸν
1119 1193 1214 1264 μὲν
1253 1188 1395 1268 ρἦα
1423 1193 1524 1256 τῆς
1559 1187 1787 1259 Καπύης
1828 1185 1985 1243 ἰδίω-

322 1303 430 1369 ζεν,
463 1297 634 1366 ἑαυτῷ
666 1293 723 1351 δὲ
750 1296 850 1363 τὴν
905 1293 1042 1368 πρὸς
1090 1294 1157 1347 τὰ
1204 1290 1377 1347 οἰκεῖα
1416 1290 1764 1364 ὓποστροφήν
1795 1285 1981 1364 6x29!-

322 1408 472 1443 σατο.
506 1382 682 1447 Εἰδὼς
709 1382 813 1461 γὰρ
843 1383 870 1438 6
901 1386 1157 1445 τοιοῦτος
1207 1382 1282 1444 ὡς
1336 1382 1390 1435 αἱ
1440 1377 1537 1435 δύο
1574 1379 1840 1435 Ἰταλικαί
1874 1377 1977 1433 πό-

321 1472 438 1536 λεις
464 1470 641 1542 αὗται,
701 1467 737 1539 ἤ
795 1490 853 1525 τε
907 1467 1095 1539 Καπύη
1155 1468 1246 1523 καὶ
1303 1468 1339 1539 ἠ
1400 1461 1837 1534 Βενεϐενδὸς,ού
1868 1465 1975 1532 πρὸ

315 1560 533 1618 πολλοῦ
590 1562 1013 1631 προσκτηθεῖσαι
1065 1560 1147 1629 τῷ
1198 1556 1326 1633 ρηγὶ
1383 1551 1602 1632 βεϐαἷαν
1652 1553 1715 1610 οὗ
1767 1552 1974 1633 φυλέτ-

312 1674 466 1708 τουσι
496 1651 596 1720 τήν
628 1651 763 1723 πρὸς
803 1649 966 1705 αὐτὸν
1011 1646 1213 1715 πίστιν,
1263 1645 1392 1702 ἀλλ’
1423 1645 1506 1701 ἀεὶ
1537 1646 1636 1713 τὴν
1666 1641 1973 1719 ἔλευθερῖαν

313 1742 691 1822 φαντάζονται,
742 1738 842 1793 οὐκ
897 1737 1107 1811 ἀγνοῶν
1166 1733 1223 1791 δὲ
1280 1736 1366 1790 ’ὁτι
1421 1735 1511 1789 καὶ
1562 1733 1650 1788 διὰ
1680 1731 1970 1810 φροντίδος

312 1839 424 1895 ἐστῖ
455 1842 532 1910 τῷ
564 1837 695 1913 ῥηγὶ
723 1838 757 1907 ᾗ
787 1836 994 1891 τούτων
1028 1829 1223 1909 βεϐαία
1272 1833 1364 1889 καὶ
1415 1831 1665 1912 ἀσφαλὴς
1694 1834 1966 1907 κατάσχε-

314 1951 420 1995 σις,
452 1928 698 2003 πρόσεισι
729 1930 808 1999 τῷ
841 1922 967 2002 ρηγὶ
995 1923 1087 1980 καί
1128 1943 1313 2004 φησιν·
1365 1945 1392 1974 ιι
1422 1923 1597 1997 Ὁρῶν
1632 1941 1688 1976 σε
1719 1919 1808 1975 διὰ
1837 1940 1966 1976 πειν-
1998 1928 2045 1994 Β

309 2019 427 2090 τὸς,
468 2018 512 2071 ὧ
547 2016 792 2091 βασιλεῦ,
830 2017 1178 2089 μεριμνῶντα
1225 2014 1314 2068 καὶ
1368 2010 1723 2088 φροντίζοντα
1763 2014 1880 2074 πῶς
1910 2011 1969 2064 ἅν

314 2100 573 2180 ἀσφαλῶς
602 2099 840 2169 καθέξεις
870 2100 967 2160 τὰς
1016 2096 1288 2160 ἰταλικὰς
1333 2096 1530 2157 ταύτας
1558 2092 1772 2159 πόλεις,
1809 2093 1970 2170 ἔρχο-

320 2214 418 2267 μαι
449 2189 755 2266 προσοίσων
808 2187 1037 2265 βουλήν.
1082 2189 1218 2251 Ἴσθι
1252 2184 1366 2253 οὖν,
1400 2185 1445 2240 ὦ
1475 2183 1838 2261 γενναιότατε,
1892 2185 1968 2247 ὡς

313 2280 415 2337 ούκ
445 2276 631 2341 ἄλλως
687 2300 771 2334 σοι
828 2276 1221 2351 ἀμετάπτωτος
1279 2278 1315 2344 ἡ
1373 2276 1479 2330 τῶν
1513 2272 1730 2329 πόλεων
1761 2274 1970 2328 τούτων

307 2372 636 2448 κατάσχεσις
673 2364 869 2436 ἔσεται,
903 2367 949 2423 εἶ
984 2369 1061 2442 μή
1111 2365 1239 2427 τοὺς
1271 2366 1622 2443 προύχοντας
1652 2364 1862 2419 τούτων
1891 2365 1969 2427 εἰς

305 2471 372 2526 τὰ
402 2468 510 2541 ἤθη
547 2468 874 2543 μετοικίσεις
919 2470 1026 2521 τῶν
1078 2464 1368 2542 Φράγγων·
1403 2463 1554 2540 φύσει
1583 2462 1686 2537 γὰρ
1718 2462 1782 2517 τὸ
1812 2463 1970 2517 ἀκου-

308 2558 438 2623 σίως
472 2557 847 2632 δουλούμενον
880 2555 1162 2631 ἀντέχεται
1206 2559 1307 2623 τῆς
1361 2548 1689 2627 ἐλευθερίας,
1730 2551 1820 2607 καῖ
1852 2570 1969 2607 και-

308 2652 406 2726 ροῦ
437 2644 746 2723 λαϐόμενον
779 2647 1030 2724 ἐκρήσσει
1068 2645 1131 2700 τὸ
1181 2640 1644 2715 σπουδαζόμεναν.
1681 2666 1708 2693 ››
1739 2637 1967 2702 Τούτοις

306 2739 493 2811 ἡσθεὶς
518 2743 635 2800 τοῖς
670 2736 859 2812 Λόγοις
918 2734 946 2789 6
1168 2734 1255 2787 καὶ
1311 2728 1617 2787 λυσιτελεῖν
1661 2729 1807 2802 αὐτῷ
1838 2731 1963 2800 οἰη-

307 2827 436 2898 θεές,
468 2826 694 2904 ἐγνώκει
726 2826 869 2883 οὕτω
900 2829 1097 2880 ποιεῖν.
1135 2820 1326 2879 Κλοιοῖ
1374 2822 1555 2876 τοίνυν
1597 2818 1964 2896 ὲχαλκεύοντο

308 2916 601 2992 καὶδεσμᾶ
630 2913 950 2985 λεληθότως
1011 2914 1086 2975 ὡς
1144 2910 1229 2966 ἐπί
1288 2933 1392 2967 τινι
1452 2910 1613 2990 χρείᾳ
1658 2911 1803 2985 τάχα
1834 2930 1963 2965 κατ-

311 3006 628 3085 επειγούσῃ.
661 3006 822 3065 Οὒτω
854 3003 911 3060 δὲ
938 3004 1031 3058 τὸν
1065 3001 1206 3081 ρῆγα
1255 3000 1588 3077 εὐμηχάνως
1622 3002 1649 3055 6
1686 2997 1963 3061 Σολδάνος

314 3093 719 3176 ἀγδραποδίσας
776 3093 1024 3170 πρόσεισι
1091 3095 1210 3153 τοῖς
1268 3087 1521 3166 ἔξάρχοις
1560 3091 1668 3143 τῶν
1717 3087 1959 3144 πολιτῶν

310 3194 422 3267 (καὶ
456 3195 557 3272 γὰρ
616 3190 683 3261 δὴ
740 3189 830 3247 καὶ
887 3188 1108 3250 τούτοις
1165 3189 1402 3258 συνήθης
1463 3181 1671 3263 ἐγένετο
1716 3187 1802 3260 [Ρ.
1833 3188 1962 3263 579]

306 3284 396 3340 καὶ
427 3286 671 3359 συνεχῶς
722 3278 936 3354 ὁμιλῶν
986 3273 1239 3351 διετέλει)
1288 3276 1378 3331 καί
1411 3297 1541 3353 φησι
1572 3276 1711 3351 πρὸς
1741 3273 1959 3338 αὐτούς·
1996 3283 2038 3351 C

314 3395 336 3424 τ
371 3370 712 3451 Ἀπόῤῥητόν
746 3389 799 3423 τι
841 3366 1134 3443 ἐξενεγκεῖν
1191 3365 1467 3442 βούλομαι
1519 3363 1656 3440 πρὸς
1691 3364 1852 3438 ὑμᾶς,
1888 3361 1966 3419 δὲ-

309 3459 467 3517 δοικα
512 3458 570 3515 δὲ
621 3462 696 3533 μή
743 3456 1010 3513 ἔκπυστον
1052 3454 1347 3531 γενόμενον
1381 3451 1504 3529 ἐμοί
1535 3473 1593 3508 τε
1624 3452 1848 3528 ὄλεθρον
1875 3454 1964 3508 καὶ

309 3551 438 3624 ὑμῖν
482 3544 730 3605 κίνδυνον
790 3546 1115 3620 προξενήσῃ.
1178 3567 1205 3594 υ
1266 3545 1390 3601 Τῶν
1454 3539 1512 3597 δὲ
1553 3539 1968 3619 διομοσαμὲνων

308 3641 668 3714 ἐχεμυθήσειν
700 3635 791 3691 καὶ
848 3633 1145 3712 ἀνὲγφορον
1202 3638 1442 3705 τηρῆσαι
1482 3630 1545 3686 τὸ
1577 3626 1841 3701 λαληθὲν,
1872 3631 1962 3687 τὸν

309 3747 449 3815 ρῆγα
478 3736 580 3815 ἔφη
626 3734 919 3809 βούλεσθαι
977 3732 1179 3793 πάντας
1240 3731 1384 3803 ὕμᾶς
1428 3729 1567 3802 πρὸς
1621 3731 1719 3799 τήν
1770 3730 1964 3786 ἐαυτοῦ

307 3828 495 3903 χώραν
539 3832 640 3896 τῆς
691 3822 971 3899 Φραγγῖας
1024 3816 1482 3893 σιδηροδεσμίους
1542 3817 1839 3893 ἐκπέμψαι,
1888 3820 1962 3882 ὡς

309 3917 410 3972 οὐκ
440 3913 628 3977 ἄλλως
683 3912 851 3982 οὓσης
901 3910 1047 3983 αὐτῷ
1098 3907 1374 3987 ἀσφαλοῦς
1405 3914 1503 3978 τῆς
1542 3908 1647 3961 τῶν
1684 3907 1961 3981 ὑμετέρων

309 4003 714 4080 διακρατήσεως
762 3998 1000 4058 πόλεων.
1052 4000 1170 4055 Τῶν
1221 3996 1279 4053 δὲ
1326 3995 1710 4068 ἐνδοιαζὸντων
1752 3996 1839 4050 καὶ
1885 3996 1961 4071 μὴ

306 4103 471 4159 πιστὰ
514 4101 581 4158 τὰ
633 4098 905 4173 λεγόμενα
951 4096 1292 4171 ἡγουμένων,
1344 4092 1650 4166 ζητούντων
1706 4088 1763 4149 δὲ
1802 4114 1962 4171 σαφε-

305 4192 495 4267 στέραν
542 4194 650 4247 τῶν
696 4186 1007 4264 λεγομὲνων
1078 4183 1415 4258 κατάληψιν,
1462 4174 1771 4256 λαϐόμενόν
1818 4204 1964 4246 τινος

304 4287 413 4339 τῶν
448 4281 733 4356 ἀρχόντων
766 4275 1009 4346 ἀπῆλθεν
1061 4274 1137 4337 εἷς
1183 4272 1309 4335 τοὺς
1352 4270 1599 4350 χαλκεῖς,
1632 4272 1723 4329 καὶ
1756 4269 1965 4348 διερευο

302 4376 491 4437 νᾶσθαι
523 4366 915 4437 παρεκελεύετο
944 4364 1061 4420 τίνα
1086 4364 1154 4420 τὰ
1211 4364 1326 4436 μετ’
1357 4361 1653 4423 ἐπιτάσεως
1686 4360 1959 4436 χαλκευόο

308 4481 460 4537 μενα·
495 4459 609 4514 ἐπεὶ
658 4454 711 4512 δὲ
776 4458 937 4530 μάθοι
991 4454 1076 4509 ὅτι
1132 4451 1352 4516 ἁλύσεις
1402 4451 1505 4507 εἶσὶ
1535 4448 1832 4519 καὶπέδαι,
1866 4451 1966 4508 ἐπ-

304 4557 546 4622 ανελθὼν
580 4553 960 4634 πληροφορίαν
992 4550 1174 4608 ἐδίδου
1225 4556 1341 4612 τοῖς
1384 4548 1647 4629 ἄρχουσιν
1698 4550 1961 4616 εὐνοϊκῶς

2098 657 2333 711 quoque
2363 648 2518 700 statu
2551 643 2838 716 cogitans.
2866 641 3313 715 Soldanumque
3338 645 3396 698 et
3412 640 3485 697 ob
3514 647 3747 717 gestum

2095 736 2231 786 ante
2262 731 2579 802 imperium
2613 738 2673 791 et
2701 732 2779 790 ob
2808 736 3179 788 senectutem
3207 747 3276 787 ac
3304 730 3615 803 utriusque
3637 732 3751 788 for-

2094 825 2252 876 tunae
2276 822 2551 891 peritiam
2583 822 2775 880 virum
2818 819 3099 893 judicans
3148 820 3355 879 1022
3388 820 3746 895 sapientem,

2089 907 2277 965 libere
2308 910 2620 981 postmodo
2661 926 2865 968 secum
2896 908 3178 982 congredi
3237 924 3305 966 ac
3337 910 3557 967 versari
3605 925 3745 982 per-

2090 998 2272 1055 misit.
2313 1004 2379 1055 At
2406 999 2722 1068 Soldanus,
2754 1000 2933 1055 homo
2990 998 3149 1055 vafer
3205 1002 3265 1055 et
3318 1003 3615 1069 versutus,
3638 998 3748 1056 do-

2088 1086 2214 1144 lum
2246 1088 2367 1158 regi
2399 1088 2610 1155 tendit,
2642 1105 2762 1159 quo
2792 1103 2929 1145 eum
2977 1087 3175 1158 Capua
3225 1086 3451 1162 expulit
3508 1087 3745 1159 sibique

2086 1175 2161 1233 ad
2191 1192 2330 1235 suos
2361 1177 2619 1235 reditum
2672 1175 2946 1234 confecit.
3003 1176 3162 1232 Duas
3191 1175 3377 1232 Italiae
3408 1175 3607 1244 urbes,
3630 1176 3740 1235 Ca-

2085 1281 2265 1336 puam
2297 1281 2366 1322 ac
2396 1266 2818 1333 Beneventum,
2853 1264 3077 1323 sciebat
3128 1280 3320 1337 nuper
3366 1281 3400 1322 a
3430 1281 3567 1339 rege
3599 1265 3741 1324 sub-

2083 1359 2246 1410 actas
2277 1355 2339 1412 in
2371 1354 2487 1412 ﬁde
2512 1356 2644 1426 ejus
2692 1359 3039 1413 constanter
3068 1370 3191 1410 non
3224 1369 3602 1425 permanere.
3632 1352 3740 1413 sed

2083 1443 2276 1499 adhuc
2305 1442 2646 1501 libertatem
2678 1442 2979 1501 somniare
3000 1457 3223 1516 :neque
3238 1439 3549 1517 ignorabat
3578 1441 3737 1499 deiis

2081 1538 2241 1589 certo
2268 1538 2513 1603 tutoque
2558 1532 2892 1590 retinendis
2944 1547 3144 1604 regem
3203 1546 3334 1587 esse
3388 1530 3739 1588 sollicitum.

2079 1624 2229 1693 Ergo
2259 1638 2457 1695 regem
2488 1621 2874 1693 compellans,
2908 1620 3111 1684 Video,
3144 1619 3361 1692 inquit,
3406 1625 3464 1673 te
3501 1619 3739 1676 assiduo

2078 1711 2352 1768 meditari
2383 1716 2443 1768 et
2470 1727 2675 1769 curam
2714 1710 3061 1782 impendere
3093 1708 3389 1783 quomodo
3452 1708 3558 1765 bas
3591 1707 3738 1765 duas

2076 1801 2254 1859 urbes
2283 1808 2444 1858 certo
2504 1802 2761 1857 retineas
2820 1800 2881 1856 in
2940 1805 3042 1856 tua
3080 1803 3393 1872 potestate.
3428 1798 3508 1853 Ea
3558 1796 3629 1853 de
3672 1814 3735 1855 re

2074 1890 2396 1947 consilium
2431 1892 2668 1947 aﬂ‘erro.
2701 1890 2862 1945 Scias
2892 1889 3093 1961 itaque
3127 1904 3247 1945 non
3288 1887 3463 1944 aliter
3488 1885 3597 1941 tibi
3628 1885 3731 1942 ﬁr-

2077 1997 2238 2035 mum
2271 1980 2330 2035 in
2362 1996 2460 2037 eas
2487 1980 2610 2037 fore
2661 1978 2978 2050 imperium
3009 1993 3190 2049 quam
3236 1976 3287 2031 si
3330 1991 3536 2031 earum
3569 1975 3730 2047 prin-

2074 2069 2237 2139 cipes
2262 2068 2324 2125 in
2355 2068 2665 2125 Franciam
2698 2066 2995 2138 deportes.
3028 2067 3247 2123 Natura
3276 2064 3436 2121 enim
3466 2063 3547 2119 ita
3578 2079 3734 2120 com-

2075 2165 2349 2228 paratum
2383 2164 2474 2214 est
2503 2164 2569 2214 ut
2609 2157 2711 2228 qui
2766 2156 2937 2213 inviti
2997 2154 3241 2220 servint,
3301 2153 3342 2209 ii
3396 2152 3734 2210 libertatem

2075 2248 2377 2313 aﬂ‘ectent,
2443 2253 2503 2303 et
2554 2246 2711 2317 quod
2769 2247 3036 2317 cupiunt,
3088 2244 3164 2299 ad
3224 2243 3283 2300 id
3339 2241 3733 2299 obtinendum

2076 2344 2249 2407 capto
2307 2341 2578 2407 tempore
2639 2340 2967 2407 erumpant
3027 2335 3193 2391 Hunc
3251 2347 3584 2389 sermonem
3629 2346 3735 2388 rex

2073 2432 2308 2498 gratum
2344 2426 2571 2492 habuit,
2604 2441 2854 2496 esseque
2910 2426 3024 2482 boc
3079 2424 3141 2481 in
3190 2439 3318 2481 rem
3350 2437 3522 2479 suam
3570 2426 3736 2476 ratus

2075 2516 2282 2572 statuit
2337 2515 2602 2585 exsequi.
2653 2518 2859 2585 Itaque
2922 2514 3050 2584 jam
3108 2512 3339 2568 occulte
3415 2507 3735 2580 compedes

2073 2621 2241 2660 aarem
2272 2603 2640 2675 parabantur
2680 2609 2748 2657 et
2778 2602 3030 2663 vincula,
3064 2601 3244 2658 veluti
3275 2600 3351 2657 ad
3407 2616 3551 2658 usus
3580 2603 3732 2661 alios

2072 2693 2363 2765 quosdam
2414 2692 2883 2763 requirerentur.
2943 2693 3017 2747 At
3069 2690 3364 2747 Soldanus
3420 2691 3533 2749 hoc
3574 2708 3741 2749 com-

2071 2789 2273 2840 mento
2305 2798 2505 2854 regem
2533 2780 2896 2846 ludiﬁcatus,
2929 2780 3263 2853 principem
3302 2780 3514 2835 civium
3568 2782 3733 2851 (nam

2072 2874 2289 2932 horum
2319 2888 2555 2943 quoque
2586 2871 3055 2929 familiaritatem
3087 2886 3156 2927 ac
3178 2869 3449 2927 crebram
3478 2886 3730 2926 consue-

2072 2963 2343 3021 tudinem
2385 2962 2498 3018 sibi
2530 2960 2865 3033 paraverat)
2914 2976 3188 3032 agressus
3218 2958 3439 3017 habere
3469 2975 3532 3015 se
3562 2975 3728 3017 arca-

2071 3069 2215 3107 num
2246 3051 2528 3115 ostendit,
2557 3050 2714 3120 quod
2746 3050 2893 3121 ipsis
2924 3050 3165 3113 indicet,
3190 3048 3306 3106 nisi
3337 3047 3727 3106 metuendum

2070 3141 2184 3197 sibi
2215 3142 2293 3196 sit
2312 3156 2386 3197 ne
2424 3140 2465 3196 ii
2497 3156 2566 3195 eo
2598 3139 2867 3206 evulgato
2898 3138 3080 3195 indici
3112 3137 3381 3204 exitium,
3433 3137 3544 3193 sibi
3576 3137 3731 3208 peri-

2072 3229 2274 3287 culum
2335 3228 2542 3285 1023
2601 3227 2859 3283 creaturi
2926 3230 3144 3282 essent.
3206 3226 3280 3281 Ut
3326 3224 3725 3296 jurejurando

2072 3316 2425 3389 interposito
2459 3315 2927 3372 taciturnitatem
2958 3315 3312 3385 promisere,
3344 3312 3729 3371 constituisse

2068 3407 2314 3464 omnino
2340 3422 2541 3479 regem
2575 3403 2870 3477 signiﬁcat
2898 3404 3062 3475 ipsos
3091 3405 3153 3459 in
3214 3402 3463 3460 vinculis
3520 3402 3730 3459 ferreis

2069 3498 2131 3553 in
2157 3497 2470 3554 Franciam
2503 3495 2932 3559 transmittere,
2964 3493 3125 3564 quod
3147 3492 3450 3564 judicaret
3471 3508 3533 3547 se
3556 3491 3731 3549 aliter

2070 3584 2133 3639 in
2163 3584 2343 3640 urbes
2403 3584 2673 3654 ipsorum
2721 3581 2932 3636 stabile
2987 3581 3308 3652 imperium
3353 3580 3571 3637 habere
3607 3595 3732 3635 non

2069 3689 2265 3743 posse.
2300 3670 2722 3728 Dubitantibus
2752 3676 2811 3725 et
2841 3670 3021 3727 ﬁdem
3081 3669 3254 3725 dictis
3285 3685 3406 3724 non
3448 3668 3733 3726 adhiben-

2070 3761 2252 3827 tibus,
2283 3761 2389 3819 sed
2429 3761 2655 3817 certius
2723 3776 2930 3817 eorum
2988 3764 3404 3833 argumentum
3464 3774 3733 3832 quaeren—

2068 3850 2250 3916 tibus,
2284 3850 2605 3919 quemdam
2668 3849 3029 3921 principium
3086 3849 3376 3907 Soldanus
3405 3846 3480 3904 ad
3527 3847 3729 3905 fabros

2068 3938 2257 4005 duxit,
2282 3937 2585 4008 jussitque
2620 3938 2988 4009 interrogare
3011 3937 3301 4007 quidnam
3332 3940 3496 3993 tanta
3526 3936 3725 4008 aperis

2068 4026 2454 4083 contentione
2521 4024 2980 4081 fabricarentur.
3042 4024 3152 4089 Qui
3212 4041 3346 4081 cum
3414 4024 3724 4082 didicisset

2069 4121 2309 4173 catenas
2343 4121 2402 4171 et
2429 4114 2670 4186 pedicas
2700 4114 2921 4184 parari,
2953 4113 3028 4171 ad
3059 4130 3197 4171 suos
3237 4130 3506 4172 reversus
3544 4114 3724 4170 fidem

2070 4205 2157 4261 eis
2187 4204 2344 4272 fecit,
2378 4203 2623 4261 Soldani
2655 4203 2831 4261 verba
2874 4219 2910 4257 a
2956 4202 3371 4261 benevolentia
3400 4220 3538 4278 erga
3568 4204 3729 4279 ipsos

2069 4296 2335 4369 profecta
2360 4311 2497 4353 vera
2528 4310 2659 4351 esse
2717 4309 2787 4350 ac
2843 4294 3049 4365 patriai
3107 4293 3375 4365 ipsorum
3420 4295 3728 4355 salutaria.

2070 4385 2302 4443 Deinde
2333 4384 2636 4456 principes
2665 4383 2915 4440 istarum
2945 4382 3183 4439 urbium
3208 4399 3333 4441 rem
3384 4384 3466 4441 ita
3505 4384 3725 4443 habere

2068 4475 2361 4548 persuasi,
2392 4473 2465 4528 de
2497 4474 2727 4529 ratione
2762 4488 2880 4543 qua
2930 4472 3364 4531 ulciscerentur
3391 4489 3591 4546 regem
3622 4490 3721 4531 co-

2069 4566 2256 4637 gitant
2283 4581 2297 4629 ;
2330 4574 2755 4635 egressumque
2787 4560 3112 4632 aliquando
3135 4566 3413 4618 venatum
3432 4561 3618 4634 portis
3637 4579 3729 4620 oc-

305 4650 397 4704 τὸν
429 4644 597 4721 ἄνδρα
627 4641 839 4712 λαλεῖν,
878 4641 969 4697 καὶ
999 4640 1067 4697 τὰ
1096 4639 1412 4713 λαλούμενα
1442 4640 1625 4709 ἀληθῆ
1669 4640 1959 4714 τυγχάνειν

2074 4654 2255 4711 clusis
2284 4652 2483 4709 reditu
2511 4658 2739 4716 arcent,
2772 4652 2943 4723 isque
2974 4667 3111 4710 cum
3142 4652 3204 4709 in
3235 4652 3552 4725 presentia
3576 4651 3728 4711 nihil

307 4735 398 4791 καὶ
429 4738 547 4795 ταῖς
579 4735 739 4804 ἡμῶν
766 4733 1012 4804 σωτήρια
1063 4726 1278 4783 πόλεσι.
1313 4726 1835 4800 υληροφορηθέντες
1868 4728 1955 4782 οὖν

309 4825 364 4879 οἳ
395 4823 655 4898 ἄρχοντες
713 4819 803 4875 καὶ
862 4814 1103 4891 σύνεδροι
1142 4822 1247 4871 τῶν
1290 4815 1556 4891 ρηθεισῶν
1589 4814 1804 4872 πόλεων
1833 4815 1957 4889 τρό-

306 4935 410 4969 πον
452 4911 676 4984 ἐζήτουν
719 4908 868 4970 ὅπως
895 4907 988 4963 τὸν
1022 4906 1166 4984 ρἦα
1196 4904 1527 4979 ἀμύνωνται.
1564 4905 1664 4962 Καὶ
1714 4902 1782 4974 δὴ
1822 4906 1959 4974 πρὸς

305 5001 628 5075 κυνηγέσιον
688 4997 1000 5069 ἐξελθόντος
1056 4999 1187 5053 ποτὶ
1242 4995 1600 5052 ἀποκλείουσι
1648 4996 1765 5050 κατ’
1794 4995 1960 5051 αὐτοῦ

302 5093 398 5152 τὰς
424 5091 601 5152 πύλας
631 5089 722 5144 καὶ
773 5088 951 5144 οὐκετι
1002 5085 1380 5162 συγχωροῦσιν
1413 5084 1561 5157 αὐτῷ
1590 5086 1687 5153 τὴν
1722 5081 1957 5143 ε’ἲσοδον.

297 5196 360 5251 Ὀ
391 5191 448 5247 δὲ
480 5187 649 5265 μηδὶν
682 5188 743 5243 ὲκ
792 5184 889 5242 τοῦ
937 5191 1285 5260 παραχρῆμα
1334 5181 1634 5257 δυνάμενος
1663 5181 1961 5258 διαπράξα-

301 5293 423 5345 σθαι
472 5281 610 5356 πρὸς
668 5278 769 5347 τήν
826 5277 1020 5332 ὶαυτοῦ
1081 5274 1413 5342 δπενόστησε
1463 5274 1668 5349 χώραν.
1706 5274 1959 5350 Πρόσεισι

302 5369 393 5427 οὖν
433 5372 550 5431 τοῖς
584 5368 849 5443 ἄρχουσιν
904 5366 933 5420 ὁ
984 5361 1265 5424 Σολδάνος
1309 5365 1411 5432 τὴν
1444 5364 1608 5441 χάριν
1649 5370 1751 5433 τῆς
1784 5363 1962 5435 μηνύ-

298 5479 434 5520 σεως
486 5458 752 5511 ἀπαιτῶν·
802 5455 838 5522 ἡ
894 5451 952 5508 δὶ
999 5453 1066 5521 ἦν
1111 5452 1175 5508 τὸ
1222 5448 1564 5519 ἀπολυθῆναι
1612 5450 1701 5505 καὶ
1750 5449 1964 5507 ἐλευθε-

305 5547 439 5622 ρίως
473 5550 910 5620 συγχωρηθῆναι
941 5539 1194 5597 ἃπαλθεῖν
1236 5540 1312 5602 εἰς
1341 5542 1440 5608 τὴν
1474 5541 1669 5597 ἑαυτοῦ
1698 5536 1956 5614 πατρίδα.

297 5635 628 5699 Ἀπολυθεῖς
682 5631 798 5701 οὖν,
852 5632 927 5693 ὡς
984 5630 1129 5705 τάχα
1180 5629 1555 5703 εὐεργετήσας,
1584 5629 1673 5686 καὶ
1709 5630 1785 5691 εἰς
1819 5632 1961 5703 Καρ-

302 5723 518 5802 χηδόνα
552 5722 839 5799 γενόμενος
893 5720 983 5777 καὶ
1040 5720 1141 5787 τήν
1186 5715 1327 5773 ἰδίαν
1388 5718 1832 5793 ἀνακτησάμενος
1864 5720 1961 5793 ἀρ-

304 5800 439 5891 χὴν,
471 5810 808 5887 ὶκστρατεύει
867 5807 1003 5863 κατᾶ
1062 5804 1281 5877 Καπύης
1339 5805 1428 5861 καὶ
1480 5813 1580 5876 τῆς
1612 5800 1956 5865 Βενεϐενδοῦ,

2070 4759 2243 4815 agere
2268 4748 2488 4814 posset.
2514 4741 2763 4798 urbibus
2785 4742 2857 4796 iis
2879 4740 3156 4796 exclusus
3174 4748 3296 4799 tum
3328 4741 3389 4799 in
3420 4743 3730 4802 Franciam

2069 4832 2267 4889 rediit.
2301 4829 2594 4889 Soldanus
2650 4836 2849 4889 autem
2903 4830 3207 4903 principes
3234 4831 3376 4899 adit,
3410 4831 3483 4887 ab
3533 4832 3727 4904 iisque

2070 4923 2408 4981 mercedem
2439 4923 2641 4981 indicii
2676 4923 3121 4995 postulat;quas
3141 4924 3515 4981 eratutlibsr
3538 4925 3601 4980 in
3625 4941 3723 4996 pa-

2070 5013 2248 5071 triam
2269 5010 2465 5068 redire
2495 5012 2814 5071 sineretur.
2842 5012 2908 5068 Id
2943 5028 3048 5083 pro
3098 5012 3210 5069 boo
3255 5011 3549 5070 beneﬂcio
3579 5028 3720 5070 oon.

2070 5108 2309 5159 secutus
2340 5101 2631 5164 muneris.
2662 5100 3077 5172 Carthaginem
3108 5116 3401 5168 reversus,
3434 5116 3506 5158 ao
3532 5101 3723 5172 impe-

2069 5192 2158 5248 rio
2192 5189 2445 5262 pristino
2478 5188 3193 5263 recepto,expeditionem
3225 5195 3433 5247 contra
3460 5190 3723 5263 Capuam

2089 5297 2158 5337 ac
2182 5281 2583 5339 Beneventum
2613 5279 2879 5349 suscipit.
2895 5278 3194 5349 urbesque
3222 5295 3326 5337 eas
3354 5278 3565 5337 validis
3609 5280 3721 5337 oir-

2070 5370 2421 5442 cumpositis
2453 5368 2663 5427 castris
2691 5368 2855 5427 omni
2874 5368 2924 5424 vi
2957 5370 3481 5441 oppugnatPressi
3503 5370 3728 5430 obsidiv

2070 5476 2182 5517 one
2212 5459 2494 5532 Oppidani
2525 5456 2600 5515 ad
2630 5473 2828 5528 regem
2847 5456 3071 5527 legatos
3094 5459 3599 5525 mittunt,venism
3619 5460 3729 5519 de~

2070 5547 2194 5604 licti
2253 5553 2522 5619 petentes
2588 5546 2999 5617 auxiliumque
3066 5547 3267 5605 I024
3313 5548 3728 5619 implorantes.

2068 5638 2225 5701 Quos
2257 5637 2355 5693 ille
2389 5635 2818 5693 contumeliose
2843 5635 3090 5699 dimisit,
3116 5636 3328 5707 gaudio
3353 5637 3464 5691 sibi
3495 5637 3622 5693 fore
3647 5639 3731 5710 ip-

2070 5744 2274 5784 sorum
2303 5726 2547 5784 exitium
2578 5724 2969 5799 respondens.
3005 5726 3234 5799 Legatis
3266 5743 3328 5783 re
3377 5726 3598 5785 infecta
3625 5744 3723 5785 re-

2069 5814 2274 5883 versis,
2306 5813 2533 5869 obsessi
2561 5829 2678 5885 quo
2711 5829 2773 5868 se
2798 5819 3097 5869 verterent
3125 5830 3248 5869 non
3279 5813 3590 5882 habentes,
3618 5831 3726 5869 on-
