4184 6424
407 429 559 488 1111

1808 423 1964 484 GEO
1987 421 2151 483 RGII
2193 420 2543 484 CEDRENI

3680 427 3840 488 1112

408 561 849 635 pugnandoque
882 561 941 615 in
971 576 1234 616 summas
1277 557 1501 614 redacti
1560 556 1965 626 difficultates,
1988 556 2060 611 le-

2183 556 2275 611 καὶ
2336 558 2556 635 χάρακα
2613 557 2789 628 πήξας
2848 556 3052 632 ὀχυρὸν
3111 557 3344 633 ἐνἐργὣς
3397 557 3712 635 ἐπολιόρκει
3752 562 3852 626 τὰς

407 659 540 726 gato
573 651 648 707 ad
677 651 959 706 Basilium
994 654 1396 706 Romanorum
1429 650 1849 721 imperatorem
1892 649 2076 702 misso

418 748 486 796 ut
514 746 827 796 succurrat
856 739 965 794 sibi
984 738 1275 810 ﬂagitant.
1307 738 1938 808 Assentitimperator;
1959 742 2075 789 sta-

407 833 641 900 timque
672 830 930 899 legatum
962 828 1340 898 remittit,qui
1364 844 1503 881 suos
1532 827 1688 881 bono
1716 826 1916 880 animo
1946 840 2076 880 esse

417 920 675 991 juberet,
735 917 1159 987 nuntiaretque
1216 932 1355 971 mox
1386 915 1668 971 adfutura
1699 916 1840 970 satis
1884 914 2077 969 valida

410 1009 651 1073 auxilia,
685 1024 819 1078 quia
851 1006 1012 1077 ipsos
1044 1004 1378 1061 discrimini
1406 1004 1728 1075 eriperent.
1760 1004 1815 1059 Is
1846 1002 2074 1075 legatus

407 1098 469 1152 in
492 1096 688 1151 reditu
719 1095 793 1150 ab
824 1094 1097 1149 hostibus
1140 1098 1229 1148 est
1286 1099 1514 1165 captus.
1548 1094 1733 1165 Eique
1782 1091 2073 1148 Soldanus

415 1185 488 1240 ad
544 1201 607 1240 se
638 1183 915 1250 adducto,
966 1182 1138 1254 Optio
1198 1182 1325 1252 tibi,
1378 1182 1597 1253 inquit,
1643 1179 2072 1252 datur:delige

403 1273 563 1345 quod
592 1278 685 1328 est
705 1273 939 1328 melius.
965 1272 1023 1326 Si
1057 1272 1252 1327 salvus
1285 1287 1417 1326 esse
1471 1271 1555 1325 vis
1606 1270 1960 1343 magnisque
1993 1269 2073 1324 af-

400 1363 495 1418 ﬁci
519 1361 814 1430 donis,dic
845 1361 919 1416 iis
950 1361 1053 1433 qui
1076 1366 1132 1415 te
1164 1360 1475 1424 miserant,
1508 1359 1788 1415 omnibus
1819 1358 2072 1414 audien-

401 1453 579 1520 tibus,
614 1453 940 1525 denegasse
963 1453 1388 1523 imperatorem
1423 1454 1757 1507 Romanum
1792 1451 1866 1505 iis
1898 1450 2071 1504 auxi-

401 1541 505 1605 lia,
569 1542 664 1596 sin
721 1557 928 1596 verum
984 1540 1381 1605 renuntiabis,
1416 1540 1583 1595 illico
1635 1538 1879 1610 peribis.
1927 1538 2064 1593 Pro-

405 1631 591 1685 mittit
621 1630 851 1701 legatus
896 1647 957 1685 se
986 1629 1281 1685 facturum
1315 1628 1473 1700 quod
1500 1627 1770 1699 jusserat
1797 1643 2063 1693 ameras;

403 1728 462 1774 et
485 1736 620 1774 cum
651 1719 725 1774 ad
756 1717 982 1791 sagittas
1032 1719 1182 1773 ictus
1214 1717 1472 1789 spatium
1513 1718 1589 1774 ad
1618 1717 1836 1773 moenia
1865 1733 2064 1773 acces-

409 1808 643 1878 sissent,
706 1807 932 1878 primos
980 1807 1148 1862 urbis
1204 1806 1443 1878 prodire
1491 1806 1775 1878 postulat.
1833 1806 1941 1871 Qui
1998 1810 2066 1861 ut

2188 642 2401 707 πόλεις,
2439 646 2959 721 Στενοχωρούμενοι
2990 644 3047 702 δὲ
3083 648 3186 702 ὑπὸ
3230 648 3558 717 πολιορκίας
3591 652 3647 704 οἱ
3678 649 3851 706 πολῖ-

2185 755 2273 790 ται
2314 730 2795 810 διαπρεσϐεὑονται
2853 737 2989 811 πρὸς
3046 736 3142 791 τὸν
3202 736 3370 814 ῥῆγα,
3440 739 3738 814 συγγώμην
3783 761 3846 796 τε

2184 827 2285 889 τῆς
2313 822 2628 899 ἀμαρτάδος
2687 825 2963 886 αἰτοῦντες
3004 826 3093 880 καὶ
3144 827 3466 902 συμμαχίαν
3528 833 3844 897 ζητοῦντες.

2184 912 2366 969 Ἀλλὰ
2399 915 2518 985 μεθ’
2567 909 2775 989 ὕϐρεως
2827 915 3265 986 ἆποπέμπονται,
3317 915 3623 991 ἐπιχαίρειν
3656 917 3841 973 εἶπόν-

2183 1022 2275 1062 τος
2324 1006 2394 1075 τῇ
2445 1002 2695 1074 ἀπωλείᾳ
2743 1004 2946 1059 αὐτῶν.
3000 1003 3316 1079 Ἀπράκτων
3351 1002 3408 1059 δὲ
3437 1009 3545 1061 τῶν
3578 1002 3847 1082 πρεσϐευ-

2181 1095 2289 1144 τῶν
2335 1088 2845 1167 ἐπαναστρεψάντων
2897 1089 3324 1167 διαπορούμενοι
3373 1094 3464 1148 καὶ
3513 1096 3590 1169 μή
3622 1091 3842 1170 ἔχοντες

2182 1177 2212 1233 6'
2241 1200 2290 1233 τι
2323 1180 2411 1234 καὶ
2445 1176 2718 1254 δράσειαν,
2771 1178 2961 1243 δεινῶς
3009 1179 3065 1236 δὲ
3111 1181 3428 1255 πιεζόμενοι
3472 1184 3563 1237 καὶ
3592 1189 3710 1245 ταῖς
3739 1192 3842 1254 τῆς

2180 1265 2506 1342 πολιορκίας
2538 1266 2816 1345 ἀνάγκαις,
2848 1268 3175 1324 στέλλουσιν
3230 1268 3468 1347 ἂγγελον
3506 1270 3643 1346 πρὸς
3677 1272 3843 1327 Βασί-

2182 1354 2327 1411 λειον
2372 1357 2464 1411 τὸν
2520 1356 2747 1432 βασιλέα
2798 1358 3118 1431 Ῥωμαίων,
3154 1359 3414 1434 βοήθειαν
3444 1358 3839 1433 ἐξαιτούμενοι.

2180 1443 2350 1507 Οὗτος
2383 1441 2440 1499 δὲ
2490 1446 2591 1512 τὴν
2645 1440 2933 1521 πρεσϐείαν
2995 1443 3284 1519 δεξάμενος
3341 1453 3532 1511 θᾶττον
3567 1448 3838 1522 ἐκπέμπει

2176 1536 2268 1590 τὸν
2322 1531 2678 1610 πρεσϐευτήν,
2746 1534 2962 1611 θαρῥεῖν
3029 1540 3486 1612 παρεγγυησοντα
3553 1539 3630 1602 ὡς
3702 1540 3838 1611 μετὰ

2181 1626 2375 1699 μικρὸν
2433 1627 2543 1698 ἣξει
2598 1647 2659 1681 τε
2711 1625 2894 1688 αὐτοῖς
2950 1626 3257 1702 ἀποχρῶσα
3311 1629 3541 1703 βοήθεια
3600 1630 3688 1683 καὶ
3733 1636 3836 1699 τῆς

2176 1714 2410 1789 ἀνάγκης
2466 1714 2661 1777 αὐτοὺς
2720 1714 2997 1785 ἐξεκεῐται.
3054 1717 3421 1791 Ὑποστρέψας
3475 1715 3566 1771 οὖν
3620 1719 3648 1772 6
3702 1738 3835 1793 πρε·

2176 1800 2407 1875 σϐευτὴς
2474 1802 2841 1879 αἰχμάλωτος
2899 1802 3108 1881 ἐγένετο
3165 1810 3283 1868 τοῖς
3350 1805 3595 1880 ἐχθροῖς
3652 1805 3709 1861 ὅν
3743 1810 3834 1862 καὶ

400 1900 617 1968 praesto
659 1896 919 1964 fuerunt,
952 1896 1037 1952 sic
1079 1912 1180 1951 eos
1210 1895 1533 1966 compellat
1565 1913 1578 1950 :
1606 1895 1860 1951 Tametsi
1890 1895 2060 1962 mihi,

2171 1893 2661 1969 παραστησάμενος
2690 1894 2719 1947 6
2752 1891 3054 1963 Σολδάνος,
3087 1917 3115 1945 ‹‹
3150 1899 3331 1961 Δυιοῖν,
3365 1893 3493 1971 ἔφη,
3539 1895 3836 1969 προκειμέ-

409 2002 442 2040 o
468 1990 688 2056 patres-
723 1990 886 2040 certa
914 2001 1075 2040 mors
1098 1984 1404 2056 impendet
1462 1984 1813 2056 gladiusque
1844 1983 1919 2039 ad
1965 1984 2062 2055 ju-

394 2077 600 2148 gulum
632 2080 741 2137 est,
776 2091 897 2129 non
929 2080 1132 2130 tamen
1163 2074 1370 2130 celabo
1390 2076 1721 2140 veritatem,
1744 2079 1803 2129 et
1828 2089 1971 2146 rogo
1998 2078 2064 2127 ut

393 2164 565 2217 uxori
597 2163 923 2233 liberisque
951 2163 1103 2218 meis
1144 2164 1397 2236 gratiam
1428 2163 1757 2218 referratis.
1778 2164 1920 2235 Ego,
1955 2161 2062 2216 do-

399 2252 569 2321 mini,
604 2268 946 2323 quanquam
978 2268 1139 2307 nunc
1169 2253 1231 2306 in
1265 2252 1543 2308 manibus
1574 2252 1837 2307 hostium
1852 2251 2059 2306 1025

400 2358 553 2407 sum,
578 2340 940 2413 legationem
982 2357 1178 2396 meam
1210 2340 1461 2408 confeci,
1495 2346 1553 2395 et
1610 2357 1750 2397 mox
1807 2339 1998 2395 aderit
2028 2355 2063 2394 a

399 2432 665 2485 Romano
697 2431 946 2486 missum
975 2429 1333 2501 imperatore
1362 2429 1884 2500 auxiliumJtaque
1909 2434 2058 2483 state

395 2519 630 2574 fortiter
653 2536 665 2573 :
690 2518 853 2573 venit
872 2518 1032 2573 enim
1057 2519 1158 2589 qui
1181 2524 1247 2574 ut
1276 2536 1396 2574 non
1427 2535 1544 2583 me,
1569 2535 1672 2573 vos
1705 2519 1916 2572 saltem
1942 2516 2058 2571 eri-

397 2608 540 2680 piet.
564 2608 698 2663 Haac
728 2607 916 2663 fatum
955 2608 1118 2662 illico
1150 2608 1412 2663 ministri
1452 2607 1693 2663 Soldani
1752 2606 1965 2679 gladiis
1995 2607 2059 2660 in

397 2698 608 2770 exigua
632 2697 823 2753 frusta
834 2697 1224 2753 disciderunt.
1248 2697 1540 2753 Soldanus
1562 2701 1759 2753 autem
1783 2701 2059 2751 metuens

396 2785 508 2840 sibi
541 2786 613 2841 ab
644 2786 1044 2858 imperatoris,
1078 2787 1361 2857 quoniam
1387 2803 1523 2841 eum
1558 2786 1881 2841 missurum
1932 2802 2061 2855 οοέςς

394 2882 657 2946 noverat,
692 2877 951 2931 exercitu
984 2876 1180 2931 soluta
1210 2876 1523 2931 obsidione
1564 2876 1811 2930 domum
1853 2874 2054 2929 rediit.

394 2964 611 3036 Capuaa
647 2971 704 3020 et
724 2966 1059 3020 Benevento
1092 2965 1304 3020 exinde
1338 2967 1597 3021 societas
1618 2981 1686 3020 ac
1707 2964 1899 3020 fcedus
1920 2979 2055 3019 cum

394 3055 664 3109 Romano
697 3055 1057 3126 imperatore
1087 3054 1220 3109 fuit.

2171 2002 2286 2037 νοιν
2316 1980 2463 2037 ὀδοῖν
2498 1978 2670 2053 ἔξεστί
2724 2003 2810 2037 σοι
2865 1983 2966 2050 τὴν
3026 1981 3459 2059 ὠφελιμωτέραν
3494 1983 3731 2043 ἑλέσθαι.
3771 1987 3835 2043 Εἰ

2176 2073 2272 2146 μὲν
2320 2072 2421 2147 γάρ
2469 2069 2648 2137 θέλεις
2697 2073 2798 2141 τὴν
2844 2070 3038 2127 ἐαυτοῦ
3089 2072 3364 2147 σωτηρίαν
3408 2070 3626 2146 δωρεῶν
3657 2094 3715 2128 τε
3742 2095 3837 2128 τυ-

2170 2167 2291 2237 χεῖν
2325 2162 2415 2216 καὶ
2447 2160 2693 2240 χαρίτων
2753 2159 3007 2231 πολλῶν,
3068 2161 3309 2233 λάλησον
3359 2164 3496 2236 πρὸς
3527 2162 3658 2226 τοὺς
3688 2164 3841 2238 πέμ-

2171 2254 2375 2324 ψαντας
2408 2250 2460 2305 ἐν
2495 2251 2742 2324 ἐπηκόῳ,
2765 2252 2840 2315 ὡς
2868 2250 3159 2322 ἀπείρηται
3187 2257 3266 2324 τῷ
3300 2251 3520 2329 βασιλεῖ
3548 2254 3837 2327 Ῥωμαίων

2170 2342 2205 2409 ἡ
2240 2340 2377 2415 πρὸς
2420 2340 2562 2412 ὑμᾶς
2621 2340 2936 2418 συμμαχία,
2971 2343 3061 2395 καί
3123 2343 3369 2416 σωθήσῃ·
3410 2347 3516 2397 τῶν
3553 2341 3601 2397 δ’
3631 2342 3837 2414 ἀληθι-

2171 2434 2277 2483 νῶν
2311 2428 2654 2505 ἐπαγγελιῶν
2688 2428 2940 2504 ἐχομένῳ
2986 2450 3072 2484 σοι
3118 2427 3305 2504 ἕψεται
3335 2431 3642 2506 ταχύτατος
3673 2434 3838 2487 θάνα-

2166 2538 2279 2579 τος.
2315 2541 2344 2568 ››
2393 2522 2498 2571 T06
2556 2514 2602 2571 δ’
2661 2517 3061 2593 ἀγγελιαφόροι)
3122 2518 3443 2590 συνθεμένου
3484 2520 3547 2575 τὸ
3606 2518 3826 2594 θέλημα

2168 2615 2393 2677 ποιῆσαι
2425 2612 2522 2661 τοῦ
2550 2607 2763 2682 ἀμηρᾶ,
2797 2607 2913 2662 ἐπεὶ
2945 2607 3018 2670 ὠς
3064 2608 3169 2662 ἀπὸ
3198 2609 3358 2678 τόξου
3404 2608 3578 2684 βολῆς
3611 2615 3690 2682 τῷ
3720 2613 3831 2666 τεὶ-

2170 2715 2259 2771 χει
2292 2699 2694 2771 προσήγγισαν,
2752 2696 2878 2758 τοὺς
2934 2697 3189 2772 πρώτους
3221 2698 3249 2752 6
3281 2694 3622 2773 πρεσϐευτὴς
3652 2721 3832 2775 παρα-

2168 2786 2414 2862 γενέσθαι
2468 2789 2568 2849 τῆς
2628 2784 2845 2847 πόλεως
2905 2784 3220 2859 ἐξῃτήσατο.
3294 2788 3378 2860 [Ρ.
3422 2789 3547 2861 580]
3608 2790 3704 2843 Καὶ
3763 2785 3832 2858 δὴ

2166 2872 2646 2949 παραγενομένων,
2678 2873 2943 2928 τοιούτων
2984 2874 3119 2948 πρὸς
3160 2874 3358 2939 αὐτοὺς
3386 2876 3588 2949 ἤρξατο
3621 2876 3829 2949 λόγωνδ

2168 2986 2196 3013 ‹‹
2231 2962 2292 3019 Εἰ
2324 2963 2414 3017 καὶ
2470 2960 2758 3033 πρόδηλός
2815 2983 2910 3034 μοι
2958 2962 3218 3039 τυγχάνει
3250 2965 3277 3017 6
3310 2965 3559 3033 θάνατος,
3594 2964 3638 3020 ὦ
3669 2969 3832 3020 πατέ-

2168 3070 2275 3122 ρες,
2306 3050 2395 3105 καὶ
2429 3053 2490 3104 τὸ
2527 3050 2680 3124 ξίφος
2740 3050 2791 3105 ἐν
2849 3054 2918 3124 τῇ
2975 3056 3176 3128 σφαγῇ,
3218 3050 3345 3107 ἀλλ’
3376 3053 3528 3124 ὅμως
3559 3054 3660 3108 οὐκ
3689 3055 3831 3109 ἀπο-

392 3140 676 3215 κρύψομαι
704 3142 804 3210 τήν
835 3140 1119 3211 ἀλήθειαν.
1157 3141 1306 3196 Αἷτιῦ
1338 3138 1395 3195 δὲ
1446 3138 1747 3196 ἀποδοῦναί
1805 3162 1899 3214 μοι
1956 3141 2054 3208 τὴν
2118 3139 2279 3214 χάριν
2341 3139 2416 3201 εἰς
2446 3140 2512 3194 τὰ
2569 3138 2677 3210 ἐμὰ
2732 3134 2926 3212 ἔκγονα
2954 3141 3046 3195 καὶ
3072 3142 3171 3210 τήν
3203 3141 3478 3200 σύνευνον,
3513 3143 3657 3216 Ἐγὼ
3690 3143 3823 3218 γὰρ,

389 3231 434 3283 ὧ
464 3229 647 3305 κύριοί
679 3251 806 3304 μου,
839 3231 885 3285 εἰ
913 3230 1005 3285 καὶ
1031 3235 1153 3294 ταῖς
1180 3235 1288 3285 τῶν
1349 3229 1634 3303 πολεμίωι
1695 3232 2009 3303 κατέχομαι
2070 3227 2283 3302 χερσὶν,
2341 3228 2489 3283 ἀλλὰ
2535 3249 2595 3304 γε
2640 3229 2740 3298 τὴν
2798 3223 3088 3301 πρεσϐείαν
3153 3251 3257 3303 μου
3320 3229 3700 3305 ἐξεπλήρωσα,
3734 3235 3829 3288 καὶ

392 3319 681 3392 συντόμως
712 3317 1079 3395 προσδέχεσθε
1108 3321 1207 3388 τὴν
1269 3319 1329 3374 ἐκ
1384 3324 1480 3374 106
1544 3318 1817 3394 βασιλέως
1870 3324 1977 3373 τῶν
2039 3317 2331 3391 Ῥωμαίων
2398 3319 2679 3391 βοήθειαν,
2737 3318 2830 3372 Διὸ
2890 3325 3053 3387 στῆτε
3104 3319 3383 3395 γενναίως·
3413 3318 3632 3396 ἔρχεται
3664 3323 3766 3396 γὰρ
3801 3326 3829 3376 6

395 3407 657 3485 ῥυόμενος
688 3409 851 3481 ὑμᾶς,
885 3409 931 3463 εἷ
963 3410 1159 3482 καὶμὴ
1194 3407 1311 3480 ἐμέ.
1351 3433 1371 3459 ιι
1434 3408 1607 3470 Οὗτος
1659 3409 1752 3482 μὲν
1805 3409 1898 3463 οὖν
1952 3408 2189 3462 τοσαῦτα
2237 3408 2327 3460 καὶ
2377 3409 2603 3460 τοιαῦτα
2660 3405 2827 3460 εἰπὼν
2880 3406 3077 3470 εὐθέως
3115 3408 3216 3462 ὑπὸ
3271 3414 3379 3463 τῶν
3415 3410 3698 3484 ὑπηρετῶν
3727 3415 3827 3465 106

399 3494 681 3553 Σολδάνου
705 3504 823 3561 τοῖς
848 3498 1048 3576 ξίφεσιν
1081 3497 1158 3557 εἷς
1191 3496 1359 3571 μικρᾶ
1414 3496 1549 3572 μέρη
1585 3499 1673 3553 καὶ
1729 3497 1895 3570 μόρια
1922 3498 2262 3569 κατετμήθη·
2318 3495 2346 3548 ὁ
2408 3491 2687 3556 Σολδάνος
2715 3491 2773 3549 δέ
2798 3497 2898 3565 τήν
2933 3495 2991 3550 ἐκ
3014 3502 3115 3551 106
3151 3496 3418 3571 βασιλέως
3452 3498 3824 3572 ἐλευσομένην

399 3587 660 3659 βοήθειαν
692 3583 1014 3661 ὀρῥωδήσας
1042 3580 1202 3640 ἔλυσε
1231 3587 1331 3655 τήν
1356 3584 1685 3661 πολιορκίαν
1714 3585 1803 3641 καὶ
1837 3584 2020 3639 οἶκαδε
2054 3584 2430 3659 ὑπεχώρησεν.
2465 3583 2536 3640 Ai
2583 3580 2640 3638 δὲ
2687 3583 2969 3660 εἰρημέναι
2998 3583 3193 3647 πόλεις
3225 3586 3286 3641 τὸ
3319 3587 3425 3642 ἀπὸ
3452 3585 3615 3642 τοῦδε
3650 3585 3826 3643 διετέ-

395 3671 555 3727 λεσαν
587 3671 742 3749 φίλαι
773 3673 865 3726 καὶ
898 3670 1189 3746 σύμμαχοι
1218 3676 1553 3728 καθεστῶσαι
1587 3675 1911 3747 Ῥωμαίοις.
2216 3744 2219 3747 ἤ

469 3762 636 3817 Circa
656 3762 768 3817 hoc
792 3766 1025 3833 tempus
1040 3765 1259 3820 Esman
1281 3763 1445 3817 Tarsi
1459 3779 1714 3828 amaras,
1748 3765 2052 3835 superiore

2241 3760 2387 3817 Κατὰ
2413 3764 2604 3815 τοῦτον
2639 3760 2733 3816 τὸν
2782 3762 2984 3834 χρόνον
3039 3762 3129 3816 καὶ
3183 3763 3387 3835 Ἐσμὰν
3422 3764 3450 3818 6
3480 3770 3579 3832 τῆς
3608 3765 3828 3838 Ταρσοῦ

391 3851 636 3908 inﬂatus
668 3852 933 3919 victoria,
998 3852 1290 3908 maximas
1340 3869 1519 3908 naves
1552 3854 1815 3926 triginta,
1849 3853 2057 3925 quales

390 3942 668 3997 Saraceni
728 3942 1036 4013 cumparia
1086 3948 1318 4012 vocant,
1381 3942 1709 4010 adornavit,
1738 3944 1930 4015 iisque
1964 3959 2059 3997 ur-

387 4031 524 4087 bem
556 4031 843 4101 Euripum
876 4031 1068 4102 petiit.
1102 4031 1214 4086 Sed
1246 4032 1388 4103 quia
1416 4032 1526 4087 hoc
1556 4033 1921 4103 prmviderat
1941 4033 2054 4087 im-

385 4128 649 4193 perator,
680 4121 919 4178 Grasciaa
954 4122 1271 4192 praefectus
1302 4122 1597 4177 [Eneiates
1653 4123 1833 4194 hujus
1857 4122 2054 4193 jussu,

388 4218 679 4283 quantum
731 4210 898 4265 urbis
939 4210 1225 4281 prassidio
1284 4211 1591 4266 sufﬁceret
1638 4212 1929 4283 populum
1987 4227 2056 4266 ex

391 4301 670 4356 universa
693 4300 918 4356 Graecia
932 4299 1620 4371 introduxit,murosque
1634 4300 2058 4355 convenienter

388 4389 662 4457 munivit,
706 4388 940 4444 balistis
1001 4394 1059 4443 et
1115 4404 1256 4444 saxa
1314 4388 1731 4458 torquentibus
1762 4388 2056 4443 machinis

389 4478 1094 4549 adornatis,omninoque
1136 4478 1291 4532 nihil
1323 4494 1529 4533 eorum
1553 4494 1685 4547 quae
1712 4478 1788 4533 ad
1833 4493 2053 4549 oppug-

389 4567 695 4622 nationem
709 4566 1147 4639 proﬂigandam
1173 4567 1405 4622 faciunt
1426 4567 1702 4637 neglexit.
1719 4565 1793 4621 Ut
1812 4568 2057 4621 Tarsen-

386 4656 541 4710 sium
579 4656 786 4711 classis
816 4656 1083 4727 appulit,
1108 4662 1166 4710 et
1197 4657 1386 4711 muris
1416 4657 1904 4728 appropinquans
1936 4672 2055 4710 cre-

388 4743 513 4798 bris
536 4743 792 4798 telorum
816 4745 1026 4800 I026
1058 4761 1167 4799 con
1169 4745 1433 4815 jectibus
1472 4744 1803 4816 reppellere
1833 4760 1934 4799 eos
1952 4745 2053 4815 qui

392 4850 595 4888 muros
624 4832 949 4889 tuebantur
977 4833 1259 4902 intendit,
1278 4833 1382 4900 ibi,
1417 4834 1516 4905 qui
1547 4834 1748 4906 Euripi
1807 4835 1870 4889 in
1903 4851 2051 4905 prte-

389 4920 542 4976 sidio
561 4926 753 4994 erant,
784 4920 969 4976 animi
1001 4920 1214 4976 robore
1263 4922 1523 4993 impleti,
1572 4923 1866 4978 machinis
1912 4939 2054 4978 saxa

381 5010 789 5083 jaculantibus
821 5016 881 5065 et
909 5010 1143 5066 balistis
1163 5016 1342 5082 atque
1358 5012 1612 5067 arcubus
1634 5011 2051 5084 lapidibusque

388 5115 575 5155 manu
605 5099 896 5155 mittentis
956 5100 1039 5154 ita
1068 5116 1174 5170 pro
1205 5100 1351 5155 urbe
1411 5106 1953 5172 propugnaverunt,
1986 5106 2053 5155 ut

388 5187 716 5243 identidem
732 5188 953 5242 multos
970 5188 1365 5245 Barbarorum
1381 5188 1473 5260 dej
1484 5190 1710 5245 ecerint
1733 5206 1746 5255 ;
1763 5196 2056 5261 ventoque

389 5276 650 5333 secundo
681 5277 858 5331 obser
873 5283 1173 5344 vato,suas
1201 5278 1474 5333 triremes
1498 5278 1560 5333 in
1588 5277 1823 5333 hostem
1845 5279 2045 5334 immio

388 5366 971 5435 serunt,multasque
1020 5366 1282 5422 hostium
1313 5367 1702 5422 navesGraaco
1751 5367 1872 5439 igni
1901 5384 2056 5423 com-

397 5454 738 5509 busserunt.
765 5454 849 5509 Ob
883 5471 1015 5525 quae
1047 5455 1246 5510 animo
1278 5462 1540 5511 aestuans
1570 5458 1811 5521 Esman,
1834 5473 2055 5528 gnarus

398 5541 639 5596 interim
671 5542 894 5596 multos
925 5542 1194 5612 pecunias
1239 5544 1563 5615 cupiditate
1617 5551 1869 5600 mortem
1910 5563 2055 5600 con-

2167 3846 2408 3924 ἄμηρᾶς,
2464 3852 2533 3923 τῇ
2591 3848 3025 3924 προηγησαμένῃ
3086 3848 3446 3925 ἐπαιρόμενος
3493 3853 3634 3926 νίκῃ,
3673 3854 3830 3927 τριά-

2165 3959 2330 3993 κοντα
2368 3941 2539 3992 πλοῖα
2596 3942 2705 4009 (93)
2761 3937 2985 4013 μέγιστα
3037 3938 3462 4012 ἐξαρτυσάμενος
3492 3943 3833 4015 (κουμπᾴρια

2165 4031 2334 4083 ταῦτα
2384 4024 2571 4082 καλεῖν
2614 4026 2864 4082 εἰώθασιν
2912 4028 2963 4082 οἱ
3008 4030 3339 4103 Σαρακηνοὶ)
3367 4034 3437 4103 τῇ
3470 4028 3630 4086 πόλει
3662 4030 3835 4086 ἐπιτί-

2168 4117 2317 4170 θεται
2346 4119 2443 4170 τοῦ
2510 4115 2777 4190 Εὐρίπου.
2840 4118 3176 4191 Ηρογνόντος
3237 4116 3293 4172 δὲ
3346 4123 3510 4174 τοῦτο
3557 4125 3654 4175 τοῦ
3683 4121 3839 4195 βασι-

2172 4204 2334 4274 λέως,
2367 4206 2395 4259 6
2426 4207 2731 4280 στρατηγὸς
2790 4212 2889 4275 τῆς
2941 4204 3216 4268 Ἑλλάδος
3263 4207 3315 4280 (ό
3346 4210 3634 4279 Οἱνειάτης
3667 4209 3832 4273 οὗτος

2165 4297 2256 4369 ἦν)
2298 4296 2546 4352 κελεύσει
2603 4295 2867 4372 βασιλικῇ
2919 4299 3008 4353 τὸν
3062 4300 3247 4354 ἱκανὸν
3296 4299 3372 4361 εἰς
3428 4301 3679 4377 φυλακήν
3729 4310 3832 4372 τῆς

2166 4384 2384 4450 πόλεως
2433 4383 2564 4440 λαὸν
2612 4383 2718 4440 ἀπὸ
2767 4390 2945 4456 πάσης
2990 4385 3263 4452 Ἑλλάδος
3292 4389 3554 4465 εῗστξγαγε
3591 4391 3833 4454 καὶτοῖς

2165 4474 2373 4549 τείχεσι
2426 4476 2525 4543 τὴν
2578 4477 2966 4549 προσήκουσαν
3022 4478 3367 4551 παρασκευὴν
3400 4479 3833 4553 προσηνέγκατο,

2167 4559 2479 4637 πετροϐόλα
2502 4584 2561 4618 τε
2587 4561 2789 4639 ὄργανα
2845 4565 2935 4619 καὶ
2990 4560 3263 4634 τοξοϐόλα
3287 4570 3708 4640 τεκτηνάμενος,
3740 4572 3835 4624 καὶ

2167 4651 2327 4724 ἁπλῷ
2362 4650 2513 4726 λόγῳ
2557 4648 2725 4723 μηδὲν
2770 4657 2880 4707 τῶν
2930 4650 3235 4726 δυναμένων
3270 4651 3565 4710 ἀποσοϐεῖν
3597 4656 3832 4732 πολιορ-

2163 4741 2282 4795 κίαν
2313 4741 2667 4816 ἀμυντηρίων
2702 4742 3012 4800 ἀπολιπών.
3069 4744 3219 4799 Ἐπεὶ
3278 4742 3334 4798 δὲ
3380 4742 3647 4800 κατέλαϐε
3676 4749 3765 4802 καὶ
3803 4750 3833 4802 ὁ

2163 4836 2270 4885 τῶν
2300 4829 2548 4905 Ταρσέων
2585 4830 2804 4899 στόλος,
2863 4831 2952 4885 καὶ
3011 4837 3127 4894 τοῖς
3159 4833 3395 4911 τείχεσιν
3438 4832 3547 4905 ἤδη
3582 4840 3836 4911 προσήγ-

2162 4925 2299 4994 γιζε,
2344 4920 2433 4973 καὶ
2488 4920 2660 4995 βιλῶν
2721 4920 2903 4998 ἀαέσει
2962 4926 3176 4999 συχνῶν
3233 4921 3587 4978 ἀναστέλλειν
3621 4926 3832 5001 ἠγωνί-

2167 5013 2285 5077 ζετο
2316 5007 2448 5070 τοὺς
2505 5008 2610 5063 ἀπὸ
2666 5013 2774 5063 τῶν
2832 5014 3032 5083 τειχῶν
3094 5009 3498 5083 ἀμυνομένους,
3532 5014 3707 5084 θυμοῦ
3737 5014 3832 5069 καὶ

2169 5098 2479 5171 προθυμίας
2537 5094 2773 5173 πλήρεις
2831 5099 2884 5151 οἱ
2937 5102 3034 5153 106
3092 5099 3335 5173 Εὐρίπου
3394 5101 3681 5177 γενόμενοι
3711 5110 3834 5165 τοῖς

2166 5182 2531 5261 πετροϐόλοις
2562 5192 2671 5242 τῶν
2705 5188 2948 5263 ὀργάνων
2982 5187 3071 5242 καὶ
3119 5194 3236 5251 τοῖς
3280 5191 3703 5254 καταπελτικοῖς
3737 5194 3831 5268 βέ-

2169 5276 2289 5333 λεσι
2321 5278 2411 5333 καὶ
2442 5283 2561 5340 τοῖς
2591 5278 2772 5349 τόξοις
2826 5277 2917 5332 καί
2972 5284 3090 5340 τοῖς
3152 5278 3211 5334 ἐκ
3261 5284 3367 5335 τῶν
3410 5288 3616 5360 χειρῶν
3650 5282 3833 5348 λίθόις

2166 5367 2274 5422 ἀπὸ
2302 5372 2411 5423 τῶν
2444 5373 2646 5444 τειχῶν
2688 5368 2949 5444 γενναίως
3000 5368 3301 5443 ἠμύνοντο,
3332 5372 3422 5425 καὶ
3455 5372 3690 5448 συχνοὺς
3718 5381 3829 5429 τῶν

2169 5452 2467 5533 Βαρϐάρων
2526 5459 2646 5522 καθ’
2705 5457 2935 5527 ἑκάστην
2996 5457 3311 5528 ἀνήλισκον.
3358 5461 3836 5535 Ἐπιτηρήσαντες

2166 5543 2224 5600 δέ
2253 5546 2342 5600 καὶ
2392 5551 2603 5621 πνεῦμα
2655 5545 2916 5624 ἐπίφορον
2976 5546 3294 5618 ἐπαφείκασι
3337 5550 3433 5610 τὰς
3476 5551 3679 5606 ἑαυτῶν
3708 5572 3830 5627 τριη

1636 5640 2007 5698 XYLANDRI
2045 5642 2132 5700 ET
2170 5645 2386 5700 GOARI
2427 5645 2650 5700 NOTAE.

467 5734 578 5805 (93)
606 5736 648 5787 A
680 5735 987 5788 Saracenis
1012 5740 1218 5789 vocata
1245 5734 1583 5811 κουμπάρια,
1616 5740 1831 5808 inquit,
1864 5755 1932 5795 ac
1964 5740 2060 5796 infe

2171 5761 2215 5799 ls
2248 5737 2281 5795 ἃ
2312 5738 2378 5811 δὴ
2409 5740 2608 5816 γαλέας
2639 5741 3031 5816 κατονομάζειν
3065 5743 3307 5800 εἰώθασι.
3342 5747 3517 5803 GOAR.
