4184 6422
405 449 564 510 1113

1546 445 2093 509 HISTORIARUM
2138 447 2689 512 COMPENDlUM.

3672 450 3829 511 11M

402 585 555 657 ἡρεις
584 588 705 645 ταῖς
736 580 1029 651 ἐναντίαις,
1088 579 1178 635 καὶ
1231 578 1449 642 πολλάς
1479 583 1559 651 τῷ
1592 579 1740 654 ὑγρῷ
1768 575 1895 653 πυρί
1928 599 2036 633 κατι

2172 587 2463 647 temnere,
2495 588 2632 638 ante
2659 584 2881 640 vallum
2911 585 3179 658 aspidem
3214 601 3487 658 magnam
3520 603 3663 641 auro
3691 585 3819 656 ple-

402 673 722 745 ενέπρησαν.
788 672 930 745 Πρὸς
990 672 1123 745 ἅπερ
1183 671 1488 749 ἀμηχανῶν
1549 671 1578 724 ὁ
1637 664 2059 744 βάρϐαρος,καὶ

402 761 561 824 εἰδὼς
595 762 668 824 ὡς
702 759 881 839 ἔφεσις
921 760 1010 815 καὶ
1061 754 1199 834 ἔρως
1253 760 1558 833 χρημάτων
1604 756 1854 819 πολλοὺς
1884 777 2059 828 παρα-

407 852 655 920 σκευάζει
685 856 1039 930 καταφρονεῖν
1102 854 1202 903 τοῦ
1251 848 1500 916 Θανάτου,
1561 845 1761 902 ἀσπίδα
1805 843 2054 922 μεγάλην

403 940 509 1013 πρὸ
540 945 637 995 τοῦ
669 940 912 1016 χάρακος
945 940 1055 1001 θεὶς
1086 939 1177 993 καὶ
1236 939 1468 1013 χρυσίου
1520 937 1721 1008 ταύτην
1752 935 2055 1008 πεπληρω-

398 1029 510 1090 κὼς
539 1033 701 1084 τοῦτο
732 1029 889 1104 γέρας
923 1024 1024 1104 ἔφη
1055 1026 1265 1097 δώσειν,
1304 1028 1437 1101 μετὰ
1476 1027 1566 1082 καὶ
1622 1024 1895 1101 παρθένων
1923 1024 2052 1079 ἐπι-

400 1115 607 1173 λέκτων
649 1115 1084 1193 αἰχμάλωτίδων
1138 1118 1355 1185 ἓκατὸν,
1408 1120 1488 1189 τῷ
1535 1116 1770 1191 πρώτως
1801 1109 2050 1169 ἐπιϐάντι

394 1211 491 1261 τοῦ
523 1206 742 1286 τείχους
790 1207 880 1262 καὶ
919 1211 1042 1271 τοῖς
1086 1204 1398 1280 ὁμοφύλοις
1451 1207 1552 1273 τήν
1604 1204 1754 1274 νίκην
1808 1197 2050 1279 βραϐεύ-

396 1316 567 1351 σαντι.
602 1299 775 1371 ’Όπερ
807 1297 864 1350 οἱ
891 1295 950 1351 ἐκ
994 1302 1097 1365 τῆς
1152 1295 1370 1357 πόλεως
1405 1296 1753 1367 θεασάμενοι,
1800 1292 1955 1356 εὐθὺς
1991 1312 2050 1346 τε

392 1385 485 1438 τὸν
511 1387 633 1439 νοῦν
665 1390 772 1439 τῶν
817 1384 1205 1460 πραττομένων
1245 1385 1725 1453 κατανοιήσαντες,
1756 1379 2050 1457 παρακλη-

391 1479 568 1536 τικοῖς
597 1495 656 1528 τε
687 1470 874 1550 λόγοις
923 1475 1011 1529 καὶ
1056 1472 1412 1549 διεγερτικοῖς
1442 1472 1581 1547 πρὸς
1616 1471 1791 1540 ἀλκήν
1825 1469 2050 1531 ἑαυτοὺς

393 1563 916 1639 παραθαρρύνοντες,
950 1566 1041 1618 καὶ
1083 1563 1170 1619 ὑπ’
1197 1559 1249 1617 ἔν
1298 1563 1546 1635 σύνθημα
1596 1562 1694 1625 τὰς
1740 1560 1917 1622 πύλας
1949 1567 2049 1629 τῆς

393 1653 975 1726 πόλεως’ἀνοίξαντες
1013 1697 1027 1720 ,
1085 1650 1346 1727 ἀνδρείως
1396 1650 1534 1706 κατὰ
1586 1655 1695 1706 τῶν
1754 1645 2049 1724 Βαρϐάρων

394 1740 739 1816 ἐξώρμησαν.
775 1746 860 1815 [Ρ.
897 1744 1024 1815 581]
1051 1742 1153 1798 Καὶ
1212 1742 1347 1796 κατά
1399 1742 1498 1810 τὴν
1554 1742 1782 1816 πρώτην
1840 1734 2045 1813 συμϐο-

391 1829 495 1899 λήν
541 1831 755 1905 καιρίαν
805 1830 1098 1905 δεξαμένου
1146 1834 1243 1885 τοῦ
1287 1831 1477 1905 ἀμηρᾶ
1525 1830 1748 1905 πληγὴν
1800 1829 1889 1883 καὶ
1949 1849 2046 1883 πε-

2170 688 2306 726 nam
2337 674 2524 744 ponit,
2556 682 2734 745 atque
2766 675 2917 730 hanc
2945 681 3002 730 et
3033 682 3273 731 centum
3315 677 3678 748 captivarum
3710 675 3825 728 vir-

2169 762 2371 832 ginum
2404 764 2759 820 lectissimas
2792 767 3022 837 praemii
3047 766 3176 821 loco
3199 784 3260 821 se
3295 768 3347 821 ei
3381 768 3657 823 daturum
3690 784 3826 837 pro-

2170 851 2371 920 mittit,
2405 853 2505 922 qui
2538 854 2599 907 in
2631 870 2867 909 murum
2893 855 3121 926 primus
3144 856 3426 910 evasisset
3448 856 3691 926 suisque
3708 855 3827 909 vic-

2165 940 2332 995 toria:
2363 947 2571 996 auctor
2598 942 2828 997 fuisset.
2860 943 2924 997 Id
2957 960 3092 998 eum
3126 942 3392 998 viderent
3422 943 3726 1015 oppidani,
3759 960 3826 999 ac

2164 1029 2364 1084 statim
2390 1030 2522 1100 quis
2542 1047 2758 1102 scopus
2780 1033 2958 1104 hujus
2982 1032 3068 1086 rei
3094 1038 3248 1086 esset
3277 1033 3589 1097 sentirent,
3609 1033 3683 1086 ad
3714 1032 3830 1086 for-

2163 1116 2480 1173 titudinem
2502 1136 2629 1175 sese
2652 1125 2861 1175 mutuo
2883 1120 3172 1176 cohortati
3198 1126 3423 1175 tessera
3454 1120 3590 1175 data
3616 1136 3826 1179 omnes

2164 1213 2365 1277 portas
2395 1214 2761 1279 aperuerunt
2791 1214 2849 1263 et
2886 1211 2946 1263 in
2978 1209 3267 1264 Barbaros
3297 1226 3497 1264 aerem
3530 1210 3821 1280 impetum

2163 1294 2479 1352 dederunt.
2523 1297 2721 1353 Primo
2752 1314 3043 1353 concursu
3076 1314 3309 1354 ameras
3341 1298 3547 1354 lethali
3579 1304 3824 1368 accepto

2159 1384 2405 1438 vulnere
2434 1385 2667 1453 cecidit,
2701 1388 2992 1458 multique
3024 1404 3159 1443 cum
3201 1404 3270 1442 eo
3305 1388 3483 1442 occisi
3516 1392 3691 1442 sunt:
3726 1405 3824 1442 re—

2160 1472 2310 1543 liqui
2342 1474 2404 1528 in
2426 1473 2623 1546 fugam
2645 1476 2913 1531 conversi
2938 1474 3301 1531 instantibus
3330 1474 3610 1531 Romanis
3632 1492 3822 1546 usque

2159 1562 2236 1617 ad
2264 1562 2528 1633 reliquas
2558 1579 2738 1618 naves
2768 1564 2995 1635 ingenti
3027 1581 3162 1619 cum
3194 1564 3358 1619 clade
3400 1580 3643 1619 suorum
3675 1579 3823 1618 con—

2160 1650 2498 1705 tenderunt.
2530 1651 2887 1723 Superstites
2910 1652 3305 1708 Barbarorum
3332 1652 3538 1723 paucis
3574 1651 3821 1707 navibus

2160 1740 2423 1811 impletis
2453 1757 2588 1796 cum
2621 1741 2913 1797 dedecore
2937 1741 3180 1797 domum
3202 1759 3407 1797 versus
3438 1742 3818 1813 aufugerunt.

2160 1830 2280 1885 Hoc
2310 1829 2705 1886 infortunium
2736 1831 3041 1886 Tarsensis
3072 1832 3282 1886 habuit
3311 1831 3543 1886 classis.

395 1922 608 1993 σόντος,
630 1920 720 1977 καὶ
752 1920 979 1977 πολλῶν
1011 1919 1200 1977 ἄλλων
1229 1919 1321 1974 σὺν
1380 1921 1530 1990 αὐτῷ
1572 1919 1975 1990 ἀναιρεθέντων,
2034 1919 2089 1973 οἱ
2146 1915 2336 1973 λοιποὶ
2394 1917 2701 1993 ἐτράπησαν
2756 1920 2893 1993 πρὸς
2939 1920 3135 1997 φυγήν.
3197 1919 3586 1992 Ἐπικειμὲνων
3617 1915 3674 1972 δὲ
3702 1921 3811 1972 τῶν

392 2008 706 2066 διωκόντων
743 2012 911 2085 μέχρι
933 2015 1043 2065 τῶν
1094 2008 1414 2065 ὕπολοίπων
1447 2012 1578 2064 νεῶν
1608 2028 2063 2085 κατεσφαττοντο,
2093 2007 2184 2061 καὶ
2216 2006 2380 2083 φόνος
2411 2005 2614 2082 ἐγένετο
2672 2011 2780 2062 τῶν
2842 2002 3136 2082 Βαρϐάρων
3199 2006 3399 2076 πολὺς,
3460 2007 3512 2062 οἱ
3571 2004 3627 2061 δὲ
3656 2026 3818 2081 περι·

389 2099 696 2179 λειφθέντες
730 2098 923 2175 ὀλίγας
953 2098 1344 2172 πληρώσαντες
1374 2103 1483 2153 τῶν
1514 2102 1647 2152 νεῶν
1680 2098 1794 2170 μετ’
1855 2095 2119 2172 αἰσχύνης
2187 2094 2458 2173 ἀπέφυγον
2517 2097 2655 2173 πρὸς
2684 2096 2753 2152 τὰ
2802 2093 2930 2152 ἴδια.
2998 2097 3099 2153 Καὶ
3131 2098 3159 2150 ὁ
3194 2097 3288 2170 μὶν
3350 2096 3410 2151 ἐκ
3463 2103 3564 2166 τῆς
3594 2092 3805 2170 Ταρσοῦ

392 2188 589 2252 στόλος
620 2194 868 2245 τοιοῦτον
900 2184 1033 2268 ἔσχε
1059 2190 1121 2243 τὸ
1152 2188 1338 2263 πέρας.

460 2281 684 2354 Ἕτερος
737 2276 794 2334 δὶ
854 2277 1022 2333 πάλιν
1088 2278 1195 2333 ἀπὸ
1243 2284 1346 2347 τῆς
1404 2278 1633 2352 Κρήτης
1690 2273 2036 2348 ἀντηγείρετο

2154 2275 2357 2333 1027
2438 2275 2571 2331 Alia
2600 2292 2777 2347 porro
2808 2293 2842 2331 a
2871 2278 3042 2333 Creta
3091 2278 3287 2349 erupit
3314 2277 3536 2339 classis,
3574 2276 3811 2331 Etenim

387 2367 609 2431 στόλος.
646 2368 799 2437 Σαήλ
845 2370 950 2444 γὰρ
978 2372 1076 2423 τοῦ
1108 2367 1370 2443 Ἀπόχαψ
1401 2367 1651 2443 ἀρχηγοῦ
1682 2372 1781 2434 τῆς
1818 2365 2040 2437 Κρήτης

390 2458 755 2533 ὑπάρχοντος,
790 2457 1005 2520 Φώτιός
1036 2479 1121 2519 τις
1152 2458 1289 2531 ἀνὴρ
1320 2455 1664 2528 πολεμιστὴς
1694 2454 1780 2509 καὶ
1805 2450 2042 2529 δραστή-

391 2566 507 2620 ριος
536 2553 663 2620 παρ’
686 2546 850 2601 αὐτοῦ
898 2546 1035 2601 κατά
1064 2544 1355 2618 Ῥωμαίων
1405 2542 1692 2600 ἐστέλλετο
1744 2542 1877 2614 μετὰ
1908 2540 2041 2596 ἑπτὰ

391 2637 482 2690 καί
514 2635 687 2691 εἷ’κοσι
730 2636 1116 2712 κουμπαρίων,
1169 2637 1232 2697 ’ἀς
1292 2632 1358 2703 δὴ
1404 2632 1602 2709 γαλὲας
1646 2631 2042 2705 κατονομάζειν

387 2725 661 2794 εἰώθασιν,
694 2727 752 2788 ’ὀς
781 2724 1090 2801 ἐξορμήσας
1121 2724 1183 2779 ἐκ
1232 2726 1456 2798 Κρήτης
1486 2723 1581 2784 τὰς
1614 2721 1666 2776 ἐν
1702 2726 1784 2793 τῷ
1823 2720 2040 2794 Αἱγαίῳ

385 2818 587 2885 νήσους
635 2815 724 2870 καὶ
785 2816 880 2877 τὰς
941 2813 1247 2891 παραλίους
1303 2810 1687 2883 κατεληῒζετο,
1739 2810 1831 2865 καὶ
1874 2810 2040 2886 μέχρι

383 2911 486 2973 τῆς
539 2904 593 2960 ἓν
640 2900 1037 2975 Ἑλλησπόντῳ
1122 2904 1528 2978 ΙΙροικοννήσου
1600 2895 1914 2970 κατέλαϐε,
1974 2898 2042 2953 τὰ

382 2992 774 3068 παρατυχόντα
830 2990 1366 3066 ἀνδραποδιζόμενός
1412 3011 1471 3045 τε
1525 2988 1616 3044 καὶ
1688 2986 2037 3067 διαφθείρων,

386 3083 579 3155 Τούτῳ
638 3085 975 3152 συναντήσας
1038 3082 1174 3153 μετὰ
1226 3085 1326 3135 τοῦ
1383 3081 1698 3150 Ῥωμαϊκοῦ
1756 3076 1959 3131 στόλου
2008 3078 2037 3132 ὁ

387 3172 696 3246 πατρίκιοις
729 3173 972 3241 Νικήτας
1003 3170 1094 3224 καὶ
1127 3167 1491 3245 δρουγγάριος
1540 3165 1816 3238 πλωΐμων
1851 3168 1879 3221 ὁ
1908 3168 2038 3221 Ὠο-

382 3263 572 3340 ρύφας,
603 3262 820 3317 καὶτοῦ
867 3263 1180 3335 Ῥωμαῖκοῦ
1232 3260 1433 3317 στόλου
1469 3258 1774 3334 κατάρχειν
1819 3256 2035 3333 λαχὼν,

382 3353 506 3427 περὶ
536 3353 598 3406 τὸ
649 3352 875 3425 στόμιον
903 3355 1000 3406 τοῦ
1034 3351 1264 3425 Αἰγαίου
1293 3352 1442 3425 παρά
1497 3352 1597 3419 τὴν
1658 3345 1920 3423 Καρδίαν,
1945 3346 2036 3401 καὶ

384 3441 571 3515 μάχην
624 3441 888 3513 καρτερὰν
944 3440 1378 3514 συστησάμενος,
1438 3438 1593 3501 εὐθὺς
1623 3439 1691 3494 τὰ
1725 3440 1818 3511 μὲν
1863 3437 2036 3492 ε’ἰκοσι

379 3533 488 3584 τῶν
525 3535 808 3603 Κρητικῶν
853 3534 1069 3609 σκαφῶν
1101 3534 1179 3601 τῷ
1215 3530 1364 3604 ὑγρῷ
1428 3529 1559 3604 πυρὶ
1621 3527 2035 3606 συγκατέφλεξε,

2150 2364 2357 2420 Saelus
2386 2365 2719 2437 Apochapsi
2752 2366 2932 2432 illius,
2965 2368 3149 2422 Cretas
3199 2367 3499 2436 dominus,
3530 2366 3806 2421 Photium

2149 2454 2503 2510 bellicosum
2531 2460 2710 2525 atque
2742 2463 3051 2512 strenuum
3100 2457 3405 2512 hominem
3436 2473 3572 2512 cum
3603 2456 3806 2528 viginti

2150 2549 2378 2613 septem
2409 2544 2753 2615 cumpariis,
2799 2561 2945 2615 quas
2996 2552 3053 2600 et
3100 2546 3294 2617 galeas
3325 2546 3657 2609 nominant,
3701 2544 3810 2599 ad—

2147 2650 2350 2688 versus
2382 2636 2675 2689 Romanos
2696 2634 2893 2689 misit.
2929 2635 3036 2699 Qui
3088 2634 3319 2690 insulas
3346 2635 3407 2689 in
3436 2636 3624 2706 Aigaao
3656 2634 3808 2688 mari

2148 2723 2294 2777 situs
2313 2728 2371 2777 et
2390 2722 2689 2778 maritima
2705 2722 3053 2794 depraadans
3071 2741 3260 2794 usque
3277 2724 3351 2779 ad
3369 2722 3811 2779 Proconnesum

2148 2814 2209 2869 in
2243 2813 2689 2884 Hellespontum
2721 2815 3003 2886 perrexit,
3030 2814 3196 2869 obvia
3228 2830 3480 2885 quaeque
3513 2819 3805 2869 evastans.

2149 2904 2294 2959 Huic
2316 2920 2454 2959 cum
2479 2905 2743 2960 Romana
2768 2905 2960 2960 classe
2980 2905 3213 2960 Nicetas
3235 2906 3500 2976 Oryphas
3523 2904 3809 2976 patricius

2148 2999 2206 3048 et
2238 2994 2324 3048 rei
2353 2994 2577 3048 navalis
2608 2993 2964 3066 drungarius
2994 3011 3062 3049 ac
3112 2995 3320 3050 classis
3366 2995 3680 3066 prmfectus
3712 3010 3813 3048 oc—

2146 3100 2396 3139 currens
2418 3085 2479 3138 in
2501 3083 2773 3140 faucibus
2799 3085 2979 3140 maris
3000 3086 3175 3157 Aﬂgmi
3199 3085 3358 3157 apud
3384 3084 3808 3154 Cardiam,acri

2144 3173 2350 3245 praslio
2383 3174 2726 3239 commisso,
2774 3175 2975 3229 statim
3025 3174 3228 3245 viginti
3283 3175 3597 3229 Cretenses
3629 3190 3808 3229 naves

2148 3264 2348 3318 Graeco
2380 3264 2498 3336 igni
2534 3264 2897 3329 combussit;
2933 3264 3272 3320 classiarios
3307 3265 3522 3335 partim
3582 3263 3808 3319 ferrum

2146 3353 2362 3423 partim
2391 3353 2543 3424 ignis
2574 3359 2676 3408 aut
2701 3370 2856 3424 aqua
2885 3352 3167 3421 abolevit,
3190 3353 3436 3423 reliquas
3467 3369 3643 3408 naves
3671 3353 3808 3425 fuga

2144 3442 2398 3497 salutem
2430 3443 2850 3512 quaesiverunt.
2887 3444 3004 3498 Hoc
3036 3447 3157 3498 tam
3207 3442 3365 3515 gravi
3398 3446 3641 3513 accepto
3674 3442 3801 3495 vul-

2143 3548 2310 3597 nere,
2341 3534 2655 3587 Cretenses
2705 3534 3013 3603 quiescere
3064 3540 3262 3588 tamen
3294 3532 3486 3588 adhuc
3518 3548 3635 3587 non
3669 3549 3807 3587 sus-

380 3619 470 3672 καὶ
510 3618 639 3682 τοὺς
667 3617 720 3673 ἐν
773 3618 960 3682 αὐτοῖς
1007 3613 1329 3692 Βαρϐάρους
1388 3618 1638 3691 μάχαιρα
1682 3617 1772 3672 καὶ
1801 3621 1908 3691 πῦρ
1940 3617 2030 3670 καὶ

380 3703 439 3721 ,ις
560 3706 584 3721 οι
754 3706 765 3721 .
999 3705 1024 3721 ..
1129 3703 1171 3721 ρ..
1251 3707 1265 3721 .
1338 3706 1351 3721 ς
1490 3713 1516 3721 -
1834 3706 1845 3721 ,
2017 3706 2031 3721 .

2146 3624 2480 3687 tinuerunt,
2505 3623 2610 3678 sed
2642 3640 2877 3678 rursum
2906 3624 3238 3679 maritimas
3265 3640 3360 3678 res
3391 3627 3717 3689 tentarunt,
3740 3638 3809 3677 ac

377 3703 525 3782 ὕδωρ
556 3706 955 3782 διεμερίσαντοο
993 3705 1093 3760 ὅσα
1125 3703 1182 3760 δὲ
1211 3707 1305 3761 τὸν
1334 3706 1393 3760 ἐκ
1448 3713 1550 3774 τῆς
1600 3706 1913 3780 ναυμαχίας
1943 3706 2033 3760 καὶ

373 3797 465 3851 τὸν
498 3796 559 3852 ἐκ
608 3804 709 3867 τῆς
770 3794 1053 3862 θαλάσσης
1104 3792 1363 3870 διέφυγον
1419 3788 1688 3860 κίνδυνον,
1753 3798 1902 3872 φυγῇ
1934 3796 2038 3861 τήν

375 3887 647 3961 σωτηρίαν
692 3885 1228 3962 ἕπραγματεύσαντο.
1263 3883 1440 3941 Ἀλλά
1464 3884 1660 3957 καίπερ
1718 3883 1864 3937 οὕτω
1918 3880 2035 3938 δει-

374 3979 482 4037 νῶς
527 3977 872 4049 θραυσθέντες
907 3976 958 4029 οῖ
990 3978 1201 4049 Κρῆτες
1264 3973 1361 4028 οὐκ
1426 3972 1720 4048 ἠγάπησαν
1781 3973 2031 4045 ἠρεμεῖν,

377 4063 520 4119 ἀλκὰ
550 4063 717 4119 πάλιν
744 4070 852 4120 τῶν
903 4065 1038 4119 κατὰ
1087 4062 1358 4127 θάλασσαν
1417 4061 1736 4135 ἀντείχοντο
1778 4060 2031 4133 πραγμά-

378 4176 489 4209 των
548 4156 638 4209 καὶ
689 4152 985 4230 λῃστρίδας
1056 4155 1473 4229 ἐξαρτυσάμενοι
1518 4157 1650 4213 ναῦς
1704 4152 1805 4219 τήν
1859 4150 2032 4205 Πελο-

376 4244 640 4312 πόννησον
698 4244 788 4299 καὶ
845 4245 940 4307 τὰς
999 4244 1242 4299 κάτωθεν
1299 4241 1466 4313 αὐτῆς
1522 4243 1721 4311 νήσους
1767 4240 2029 4308 ἐλύπουν,

374 4334 468 4388 τὸν
499 4332 703 4388 ἄνωθεν
734 4333 963 4410 ῥηθέντα
985 4333 1202 4387 Φώτιον
1225 4332 1500 4406 ναύαρχον
1528 4328 1767 4408 ἔχοντες.
1792 4329 2033 4403 Ἐξορμᾷ

371 4423 463 4476 καὶ
511 4424 647 4477 κατά
700 4423 905 4477 τούτων
937 4423 964 4476 ὁ
995 4425 1092 4475 τοῦ
1123 4422 1441 4493 Ῥωμαῖκοῦ
1499 4417 1699 4473 στόλου
1730 4416 2030 4491 ἐξηγούμε-

374 4532 464 4572 νος
498 4514 745 4582 Νικήτας
803 4511 1091 4584 πατρίκιος
1142 4512 1171 4564 ὁ
1223 4512 1515 4583 Ὠορύφας,
1574 4505 1822 4585 ἔπνρόρῳ
1853 4505 1909 4560 δὲ
1940 4506 2030 4561 καὶ

376 4600 538 4674 αἰσίῳ
569 4601 916 4675 χρησάμενος
974 4600 1244 4672 πνεύματι
1307 4596 1379 4652 δι’
1432 4596 1635 4672 ὀλίγων
1685 4600 1907 4671 ἡμερῶν
1932 4617 2030 4650 κα-

374 4685 712 4762 ταλαμϐάνει
773 4692 874 4758 τὴν
924 4687 1341 4759 Πελοπόννησον
1387 4688 1584 4758 καὶτῷ
1633 4685 1816 4758 λιμένι
1865 4705 2030 4759 προσ-

379 4777 515 4853 ίσχει
547 4784 654 4833 τῶν
691 4782 1003 4854 Κεγχρεῶν.
1062 4778 1265 4835 Μαθὼν
1298 4774 1354 4831 δὲ
1388 4778 1472 4830 ὅτι
1528 4777 1594 4830 τὰ
1650 4780 1758 4829 τῶν
1811 4773 2026 4849 ἐχυρῶν

372 4868 548 4943 σκάφη
574 4868 641 4923 τά
681 4866 1014 4941 δυτικώτερα
1084 4868 1220 4942 μέρη
1269 4866 1689 4935 Πελοποννήσου
1750 4862 2024 4934 ληΐζεται,

373 4957 648 5028 Μοθώνην
678 4959 764 5013 καὶ
804 4957 983 5013 Πύλον
1013 4958 1103 5011 καὶ
1143 4956 1351 5027 Πάτρας
1396 4954 1487 5008 καὶ
1535 4954 1602 5009 τά
1633 4959 1880 5029 προσεχῆ
1919 4959 2022 5007 Ko-

373 5046 535 5119 ρίνθῳ
566 5047 766 5121 χωρία,
806 5046 1013 5122 βουλὴν
1061 5042 1382 5120 βουλεύεται
1414 5044 1639 5109 συνετὴν
1686 5042 1774 5097 καὶ
1828 5043 2022 5119 σοφήν.

374 5134 709 5212 Ἰλιγγιάσας
739 5137 842 5212 γὰρ
899 5132 1243 5203 περιοδεῦσαι
1299 5135 1398 5201 τήν
1460 5130 1877 5201 Πελοπόννησον
1938 5128 2028 5186 διὰ

372 5245 433 5279 τε
462 5226 732 5300 Ταινάρου
772 5227 862 5281 καὶ
905 5223 1130 5282 Μαλὲου
1187 5224 1278 5278 καὶ
1336 5222 1542 5301 χιλίων
1607 5221 1811 5294 μιλίων
1849 5228 2027 5294 μῆκος

372 5313 664 5384 τηνάλλως
709 5315 1178 5390 ἀναμετρήσασθαί
1217 5312 1306 5367 καί
1333 5317 1431 5367 τοῦ
1463 5314 1836 5386 προσήκοντος
1870 5311 2025 5365 ὑστε-

369 5408 531 5475 ρῆσαι
585 5407 804 5476 καιροῦ,
846 5404 921 5465 ὡς
954 5404 1128 5477 εἶχεν,
1170 5402 1326 5465 εὐθὺς
1373 5401 1426 5457 ἐν
1459 5402 1608 5456 νυκτὶ
1643 5398 1731 5455 δίά
1762 5404 1858 5455 τοῦ
1884 5401 2022 5455 κατά

368 5493 626 5566 Κόρινθον
676 5494 861 5566 ἷσμοῦ,
918 5492 1257 5570 πολυχειρίᾳ
1314 5494 1690 5568 χρησάμενος,
1753 5492 1887 5565 πρὸς
1918 5494 2017 5560 τήν

365 5580 568 5645 ἐκεῖθεν
601 5582 871 5644 θάλασσαν
902 5585 1037 5638 κατά
1093 5584 1156 5638 τὸ
1204 5583 1370 5657 ξηρὸν
1404 5576 1708 5651 διαϐιϐάζει
1742 5581 1837 5643 τάς
1868 5584 2015 5643 ναῦς.

366 5667 704 5740 Ἐμϐιϐάσας
735 5669 793 5727 δὲ
819 5675 911 5728 τὸν
945 5673 1076 5727 λαὸν
1122 5671 1175 5726 ἐν
1235 5671 1427 5734 αὐταῖς
1469 5667 1632 5747 ἕργοτ
1672 5670 1877 5749 εἷ’χετο.
1914 5672 2016 5728 Καὶ

362 5761 509 5814 οὕτω
544 5759 715 5833 μηδὲν
768 5764 1131 5836 πεπυσμένοις
1183 5756 1306 5835 περὶ
1336 5760 1505 5816 αὐτοῦ
1564 5766 1682 5823 τοῖς
1713 5759 2015 5834 πολεμίοις

2149 3713 2359 3768 Photio
2387 3713 2596 3768 eodem
2626 3713 2777 3768 duce
2826 3713 3198 3783 praedatoriis
3232 3713 3480 3785 navigiis
3511 3711 3807 3782 Pelopon~

2147 3818 2360 3858 nesum
2393 3808 2451 3857 et
2480 3803 2793 3858 inferiores
2824 3818 2893 3857 ea
2924 3803 3152 3859 insulas
3181 3802 3556 3858 infestarunt.
3587 3801 3805 3857 Adver-

2147 3908 2280 3946 sum
2311 3893 2419 3947 hos
2449 3894 2716 3962 Oryphas
2765 3909 2900 3947 cum
2949 3893 3141 3949 classe
3189 3893 3509 3962 profectus,
3543 3892 3804 3946 secundo

2142 3984 2317 4033 vento
2368 3979 2749 4033 commodum
2801 3981 3192 4050 propellente,
3245 3981 3447 4051 paucis
3495 3979 3702 4034 diebus
3729 3981 3803 4036 ad

2143 4068 2619 4138 Peloponnesum
2654 4068 2885 4139 appulit
2917 4070 2977 4123 in
3011 4070 3486 4124 Cenchreensem
3541 4076 3802 4141 portum.

2093 4228 2097 4233 '
2141 4156 2388 4226 Cognito
2421 4161 2618 4211 autem
2655 4158 2854 4212 hostes
2878 4159 3002 4213 suis
3026 4158 3270 4213 navibus
3292 4175 3495 4213 versus
3527 4175 3805 4214 occasum

2145 4246 2288 4301 sitas
2312 4245 2705 4316 Peloponnesi
2728 4252 2928 4318 partes
2943 4250 2981 4302 1
2995 4247 3150 4303 028
3172 4248 3439 4319 populari
3453 4248 3805 4313 ,Methonam

2139 4334 2375 4406 Pylum,
2412 4337 2616 4391 Patras
2649 4341 2707 4390 et
2738 4336 3014 4407 contigua
3059 4336 3340 4392 Corintho
3384 4336 3533 4405 loca,
3568 4337 3805 4409 sapiens

2142 4424 2458 4479 consilium
2474 4425 3001 4495 cepit.Abhorrens
3019 4426 3179 4480 enim
3193 4442 3228 4481 a
3243 4426 3804 4499 circumnaviganda

2143 4530 2247 4583 per
2267 4515 2577 4567 Tamarum
2601 4520 2659 4567 et
2681 4513 2925 4569 Maleam
2950 4514 3383 4585 Peloponneso,
3408 4531 3475 4570 ac
3498 4516 3799 4571 incassum

2145 4602 2305 4656 mille
2329 4602 2621 4657 conficere
2646 4601 2946 4672 milliaria,
2974 4604 3171 4674 itaque
3192 4604 3568 4659 occasionem
3592 4605 3673 4659 rei
3702 4620 3799 4675 ge-

2135 4691 2340 4745 rendae
2362 4691 2608 4762 perdere
2628 4691 2941 4757 nolens,ea
2959 4693 3088 4763 ipsa
3104 4708 3222 4762 qua
3239 4692 3495 4764 primum
3515 4693 3804 4765 applicuit

2142 4787 2314 4835 nocte
2348 4798 2454 4852 per
2482 4782 2929 4836 Corinthiacum
2967 4782 3275 4849 Isthmum,
3313 4800 3629 4854 operarum
3660 4800 3804 4839 usus

2138 4868 2544 4935 multitudine,
2580 4886 2757 4924 naves
2783 4888 2891 4942 per
2924 4872 3333 4929 continentem
3363 4873 3423 4928 in
3456 4873 3699 4928 alterius
3728 4872 3803 4927 la-

2136 4958 2279 5012 teris
2311 4973 2472 5012 mare
2508 4961 2951 5029 transportavit,
3010 4961 3426 5032 impositisque
3477 4961 3802 5016 classiariis

2061 5030 2105 5093 D
2136 5048 2336 5102 statim
2367 5048 2451 5102 rei
2486 5048 2760 5120 gerendas
2801 5030 3115 5116 incubuit;
3167 5030 3509 5120 hostesque,
3544 5051 3615 5104 ad
3649 5067 3798 5120 quos

2138 5136 2295 5191 fama
2322 5137 2508 5208 ipsius
2539 5138 2806 5194 nondum
2837 5143 3204 5210 pervenerat,
3230 5138 3423 5193 subito
3454 5140 3795 5207 adortus,eo

2136 5226 2263 5297 ipso
2298 5226 2369 5281 iis
2395 5227 2454 5281 in
2488 5234 2714 5283 metum
2738 5244 2805 5282 ac
2832 5227 3292 5298 trepidationem
3323 5228 3796 5299 conjectis,coire

2136 5331 2237 5370 eos
2262 5321 2320 5369 et
2349 5316 2421 5370 de
2451 5316 2502 5369 vi
2539 5316 2941 5387 propulsanda
2974 5317 3231 5388 cogitare
3280 5333 3400 5371 non
3442 5322 3533 5371 est
3563 5334 3795 5389 passus,

2131 5406 2233 5460 sed
2266 5405 2464 5461 effecit
2494 5411 2558 5460 ut
2588 5405 2886 5475 extemplo
2919 5406 3070 5477 fugas
3117 5423 3178 5460 se
3218 5405 3429 5460 darent
3482 5409 3630 5479 Ergo
3662 5408 3796 5463 aliis

2131 5493 2439 5550 hostilium
2468 5495 2703 5550 navium
2729 5494 3009 5555 incensis,
3027 5494 3157 5549 aliis
3171 5495 3478 5560 demersis,
3498 5495 3797 5551 Barbaris«

2127 5600 2243 5655 que
2274 5590 2375 5639 aut
2394 5583 2549 5638 ferro
2569 5581 2876 5637 trucidatis
2897 5589 2999 5638 aut
3021 5584 3081 5637 in
3105 5584 3465 5655 profundum
3489 5584 3789 5655 depressis

2126 5674 2323 5729 occiso
2347 5675 2525 5729 etiam
2558 5673 2792 5729 navium
2827 5672 3089 5738 ductore,
3125 5675 3317 5746 coegit
3354 5675 3616 5746 reliquos
3647 5676 3788 5731 hinc

2124 5764 2264 5819 inde
2296 5781 2402 5835 per
2430 5763 2658 5819 insulas
2690 5762 2996 5836 diffugere.
3027 5764 3184 5828 Quos
3215 5764 3341 5835 ipse
3372 5771 3579 5835 postea
3607 5782 3784 5837 opera
