4184 6446
364 455 522 519 1118

1722 448 2046 511 GEORGII
2090 448 2433 513 GEDBENI

3628 454 3790 516 H16

362 611 466 651 sua
493 592 802 663 indagatos
835 594 1012 661 atque
1033 591 1234 660 captos
1255 587 1430 643 variis
1448 586 1758 659 suppliciis
1792 587 2013 643 affecit.

2130 583 2396 666 αἰφνίδιον
2436 586 2754 659 ἐπιτίθεται,
2786 587 2878 644 καὶ
2906 593 2985 660 τῷ
3042 589 3172 663 παρ’
3226 585 3454 650 ἇλπίδας
3516 585 3620 645 δὲει
3663 612 3791 667 συγο

362 682 722 751 Quibusdam
759 681 939 735 cutim
985 692 1224 733 omnem
1275 677 1550 743 detraxit,
1586 677 1841 732 maxime
1871 676 2021 748 bapo

364 775 609 829 tismnm
642 770 854 825 Christi
885 766 1313 835 difﬁdentibus,
1347 766 1504 839 quod
1550 766 1914 837 baptismum
1959 784 2019 823 se

365 862 487 917 illis
509 861 733 915 diceret
760 857 909 911 nihil
942 856 1251 927 proprium
1281 855 1585 920 adimere;
1628 855 1762 911 aliis
1795 855 1921 911 lora
1949 855 2023 910 ab

367 948 641 1021 occipitio
663 947 735 1002 ad
760 946 901 1001 talos
922 961 1111 1015 usque
1135 960 1349 1016 magno
1374 944 1638 1015 ipsorum
1659 958 1794 1000 eum
1816 944 2023 1000 dolore

368 1039 594 1103 evellit;
625 1036 774 1092 alios
799 1035 1042 1090 funibus
1068 1035 1130 1089 in
1154 1034 1413 1090 sublime
1450 1038 1670 1090 tractos
1702 1035 1765 1089 in
1797 1034 2023 1089 lebetes

368 1128 685 1183 bullientes
706 1126 835 1198 pice
856 1126 1116 1196 repletos
1139 1125 1382 1179 demisit
1407 1138 1419 1189 ;
1455 1124 1598 1179 alios
1630 1124 1767 1178 aliis
1799 1124 2025 1179 crucia.

367 1227 529 1276 tuum
557 1218 765 1273 formis
796 1217 988 1271 torsit.
1024 1218 1215 1286 Atque
1247 1216 1359 1270 hoc
1392 1216 1599 1271 1029
1626 1219 1797 1285 pacto
1831 1214 2027 1270 effecit

366 1315 430 1364 ut
451 1310 526 1365 ad
550 1306 943 1364 invadendam
962 1308 1364 1360 Romanorum
1385 1305 1669 1359 ditionem
1692 1305 2025 1359 timidiores

369 1406 545 1471 atque
578 1399 881 1470 segniores
910 1400 1113 1452 essent
1138 1394 1414 1467 Agareni.

2130 676 2261 751 χέας
2292 679 2381 732 καὶ
2413 679 2736 754 συνταράξας
2769 679 2952 734 αὐτῶν
3004 679 3132 740 τοὺς
3196 676 3500 754 λογισμοὺς
3533 678 3659 735 οὐδὲ
3690 701 3790 734 aud

2132 774 2322 834 στῆναι
2363 767 2453 822 καὶ
2483 766 2662 838 ἀλκῆς
2698 769 3002 840 μνησθῆναι
3034 769 3437 841 συνεχώρησεν,
3469 767 3598 824 ἀλλ’
3624 768 3787 831 εὐθὺς

2133 854 2268 911 ῗδεῖν
2301 858 2438 933 πρὸς
2470 858 2669 935 φυγήν.
2722 857 2831 919 Τὰς
2887 857 2979 929 μὲν
3040 854 3134 912 οὖν
3181 855 3572 931 πυρπολήσας.
3601 858 3698 918 τὰς
3726 855 3786 913 δὶ

2132 946 2553 1003 καταποντιόσαῖ
2598 951 2703 1001 τῶν
2760 945 3044 1019 πολεμίων
3097 949 3255 1012 νεῶν,
3282 948 3365 1019 [Ρ.
3397 948 3524 1021 582]
3551 946 3641 1002 καὶ
3672 953 3784 1003 τῶν

2136 1030 2434 1109 Βαρϐάρων
2465 1034 2593 1096 τοὺς
2630 1036 2724 1109 μὶν
2756 1033 2960 1090 ἀνελὼν
2997 1038 3079 1106 τῷ
3109 1035 3278 1113 ξίφει,
3298 1034 3426 1097 τοὺς
3457 1033 3514 1090 δὶ
3543 1030 3787 1109 ὖποϐρυυ

2135 1125 2296 1200 χίους
2323 1128 2402 1196 τῷ
2434 1126 2583 1200 βυθῷ
2612 1126 3014 1197 ποιησάμενος,
3072 1123 3165 1178 καὶ
3217 1124 3311 1179 τὸν
3341 1129 3451 1180 τῶν
3479 1130 3613 1179 νεῶν
3645 1125 3790 1201 ἆρχ-

2136 1214 2273 1291 ηγὸν
2301 1213 2533 1283 ἀνελὼν,
2563 1213 2691 1275 τοὺς
2742 1212 2973 1277 λοιποὺς
3025 1209 3471 1282 διασκεδασθῆναι
3517 1213 3653 1269 κατὰ
3681 1216 3783 1283 τὴν

2136 1311 2302 1374 νῆσον
2334 1303 2656 1379 ἠνάγκασεν.
2706 1304 2881 1366 Αὐτὸς
2948 1301 3006 1358 δὲ
3064 1304 3376 1381 σαγηνεόων
3432 1303 3652 1379 ὕστερον
3693 1306 3784 1360 καὶ

2140 1398 2366 1468 ζωγρῶν
2420 1391 2704 1472 διαφόροις
2732 1392 3026 1467 τιμωρίαις
3084 1389 3345 1460 ὑπέϐαλε,
3379 1391 3506 1455 τοὺς
3552 1393 3646 1465 μὶν
3676 1395 3783 1463 τὴν

365 1492 465 1553 τῆς
525 1487 725 1562 σαρκὸς
782 1483 943 1557 δορὰν
999 1482 1424 1561 ἀφαιρούμενος,
1485 1482 1574 1536 καὶ
1633 1480 1847 1553 μᾶλλον
1906 1483 2033 1542 τοὺς
2081 1481 2490 1555 ἀρνησαμὲνους
2535 1483 2597 1537 τὸ
2660 1482 2942 1557 βάπτισμα
3000 1484 3110 1554 (94)
3164 1485 3260 1536 τοῦ
3314 1485 3569 1556 Χριστοῦ,
3628 1486 3794 1537 τοῦτο

370 1578 498 1649 παρ’
528 1575 706 1630 αὐτῶν
737 1573 1076 1653 ἀφαιρεῖσθαι
1104 1569 1278 1644 λέγων
1309 1570 1396 1625 καθ
1432 1569 1587 1625 οὐδέν
1620 1568 1783 1639 ἴδιον,
1815 1570 1875 1626 ἐκ
1932 1568 1990 1625 δὶ
2042 1575 2150 1626 τῶν
2183 1572 2415 1644 ἱμάντας
2475 1573 2581 1626 ἀπὸ
2632 1575 2728 1626 τοῦ
2786 1570 2929 1625 ἷνίου
2959 1568 3093 1645 ἄχρι
3123 1575 3231 1626 τῶν
3262 1574 3476 1648 σφυρῶν
3514 1571 3628 1643 μετ’
3658 1566 3789 1625 οδύο

365 1689 430 1735 νη
442 1687 467 1727 ς
520 1662 752 1733 ἒξὲλκων
792 1707 805 1731 ,

865 1660 1074 1723 ἄλλους
1131 1659 1378 1735 σχοίνοις
1434 1661 1673 1735 αἰωρῶν,
1734 1662 1852 1716 εἶτα
1909 1661 2045 1734 πρὸς
2100 1654 2339 1730 λέϐητας
2398 1665 2597 1731 πίσσης
2651 1659 3041 1734 καχλαζούσης
3100 1660 3328 1731 μεστοὺς
3384 1661 3651 1730 καθιμῶν,
3685 1660 3782 1714 καὶ

363 1752 568 1815 ἄλλους
597 1752 878 1812 παντοίαις
932 1748 1129 1810 ἄλλαις
1188 1754 1369 1804 κακῶν
1427 1743 1868 1813 καθυποϐάλλων
1920 1746 2112 1811 ἰδέαις.
2181 1749 2282 1805 Καὶ
2331 1754 2500 1805 ταῦτα
2557 1747 2990 1823 διαπραξάμενος
3049 1745 3168 1813 δὲος
3197 1747 3272 1809 εἰς
3302 1746 3495 1809 αὐτοὺς
3531 1744 3774 1815 ἐνέϐαλε,

357 1844 445 1898 καὶ
480 1840 874 1915 ὀκνηροτὲρους
894 1838 1119 1909 ἂποίησε
1154 1839 1229 1910 μή
1263 1838 1400 1892 κατὰ
1427 1845 1527 1907 τῆς
1558 1840 1876 1911 Ῥωμαῖκῆς
1908 1837 2253 1910 ἐπικρατείας
2282 1837 2601 1911 ἐκπέμπειν.

432 1934 720 1987 Caeterum
753 1930 872 1987 alia
902 1929 1295 1985 Barbarorum
1319 1929 1527 1984 classis
1549 1930 1729 1984 veluti
1759 1929 2018 2000 procella

2202 1928 2305 1986 Καὶ
2347 1927 2492 1998 ἄλλη
2553 1926 2612 1983 δὶ
2644 1924 2876 2001 δύναμις
2901 1927 3125 1996 ναυτικὴ
3185 1924 3369 2000 ὥσπερ
3425 1946 3511 1989 τις
3564 1923 3779 2000 λαῖλαψ

366 2022 636 2094 quaedam
669 2020 741 2075 ab
772 2019 1087 2076 Occidente
1111 2019 1173 2073 in
1195 2014 1527 2073 Romanum
1561 2018 1879 2089 imperium
1912 2019 2020 2072 im-

365 2113 699 2185 pegit.Nam
730 2112 939 2166 Africa:
988 2111 1265 2182 princeps
1292 2110 1579 2165 inusitata
1608 2108 2017 2182 magnitudine

364 2203 611 2258 navibus
643 2202 947 2273 sexaginta
985 2200 1289 2269 confectis,
1318 2200 1644 2271 grassando
1677 2200 2019 2269 multosque

363 2295 622 2364 captivos
648 2290 996 2347 abducendo
1025 2300 1210 2360 usque
1258 2289 1333 2344 ad
1375 2288 1798 2361 Cephaleniam
1831 2294 1892 2343 et
1920 2288 2020 2341 Zao

363 2386 605 2452 cyntum
635 2381 863 2435 insulas
895 2390 1244 2451 progressus
1272 2384 1380 2433 est.
1419 2376 1646 2433 Idcirco
1677 2378 1877 2433 statim
1910 2379 2017 2432 Na-

360 2489 476 2538 sar,
502 2470 601 2540 qui
626 2476 758 2541 post
779 2470 1041 2523 Nicetam
1070 2467 1375 2522 navalibus
1398 2473 1651 2538 praeerat
1673 2467 2019 2537 copiis,cum

359 2560 553 2615 valida
611 2559 942 2613 triremium
1002 2557 1378 2627 aliorumque
1436 2556 1678 2611 navium
1726 2556 2019 2611 velocium

360 2649 547 2704 classe
586 2647 905 2710 emittitur;
954 2645 1125 2717 isque
1147 2644 1221 2700 ad
1242 2645 1684 2700 festinationem
1706 2644 2024 2716 navigatio-

360 2738 455 2793 nis
489 2735 750 2792 secundo
780 2734 1023 2804 adjutus
1066 2739 1261 2802 vento,
1297 2748 1474 2805 parvo
1510 2735 1794 2805 temporis
1827 2735 2019 2805 spatio

362 2826 694 2881 Methonam
751 2826 1038 2896 pervenit.
1103 2825 1181 2878 Ne
1263 2830 1463 2878 autem
1522 2839 1701 2894 quam
1760 2824 2019 2895 primum

362 2916 562 2971 hostes
583 2914 938 2979 adoriretur,
972 2914 1125 2967 hanc
1156 2912 1367 2967 habuit
1386 2912 1824 2968 causamJlaud
1847 2913 2018 2984 pauci

358 3005 653 3059 sociorum
668 3004 965 3058 navalium
982 3001 1313 3073 periculum
1332 3001 1724 3057 formidantes
1739 3001 2022 3073 paulatim

359 3110 488 3148 sese
521 3090 967 3158 subduxerant;
1002 3107 1181 3162 quam
1231 3092 1306 3146 ob
1360 3108 1489 3146 rem
1539 3093 1727 3147 Nasar
1774 3091 2021 3146 navibus

359 3182 481 3237 suis
512 3182 735 3254 remige
765 3182 966 3236 vacuis
1007 3196 1125 3236 non
1172 3186 1390 3253 putans
1422 3182 1705 3253 expedire
1736 3197 2019 3253 pugnam,

2123 2016 2231 2072 ἀπὸ
2295 2024 2397 2086 τῆς
2453 2017 2717 2092 Ἐσπὲρας
2776 2016 3079 2089 ἢκαταιγὶς
3126 2016 3261 2071 κατὰ
3317 2022 3419 2085 τῆς
3475 2017 3781 2087 Ῥωμανιας

2123 2105 2418 2177 ἐπήλασεν·
2452 2108 2480 2162 ὁ
2512 2109 2618 2182 γὰρ
2645 2114 2749 2176 τῆς
2790 2107 3058 2181 Ἀφρικῆς
3116 2105 3343 2180 ἡγεμὼν
3401 2107 3781 2179 παμμεγίθεις

2124 2201 2252 2259 ναῦς
2299 2198 2559 2268 ἑξήκοντα
2616 2197 2707 2251 τὸν
2760 2194 2987 2270 ἀριθμὸν
3056 2195 3587 2267 κατασκευασάμενος
3640 2195 3779 2251 κατὰ

2125 2292 2223 2354 τῆς
2273 2285 2587 2357 Ῥωμαῖκῆς
2640 2283 2987 2359 ἐπικρατείας
3046 2282 3352 2359 ἐξώρμησε,
3414 2285 3500 2338 καὶ
3563 2283 3629 2339 τὰ
3681 2304 3776 2354 με·

2121 2375 2252 2446 ταξὺ
2286 2373 2619 2448 ληϊζόμενος
2649 2375 2740 2431 καὶ
2771 2374 2957 2431 πολλᾶ
3012 2376 3240 2447 σώματα
3271 2369 3567 2447 λαμϐάνων
3598 2372 3782 2448 αἲγῂμ-

2125 2465 2313 2521 άλωτα
2363 2463 2494 2544 ἄχρι
2551 2464 2897 2541 Κεφαληνίας
2946 2463 3036 2519 καὶ
3086 2463 3359 2519 Ζακύνθου
3409 2464 3631 2542 ἀφίκετο
3669 2468 3779 2519 τῶν

2122 2558 2320 2627 νήσων.
2356 2554 2531 2617 Εὐθὺς
2561 2553 2650 2609 οὖν
2681 2555 2709 2609 ὁ
2740 2555 2872 2627 μετὰ
2929 2556 3021 2609 τὸν
3081 2553 3312 2610 Νικέταν
3371 2557 3479 2608 τῶν
3509 2554 3773 2609 ναυτικῶν

2121 2646 2415 2720 κατάρχων
2474 2641 2992 2718 δυνάμεων(Νάσαρ
3049 2641 3106 2699 δὶ
3162 2643 3319 2704 οὗτος
3388 2642 3478 2712 ἦν)
3513 2643 3649 2714 μετᾶ
3679 2639 3778 2698 δυ·-

2122 2736 2339 2806 νάμεως
2389 2732 2723 2805 ἐκπέμπεται
2779 2730 2944 2807 ἁδρᾶς
2975 2734 3221 2805 τριήρων
3282 2732 3369 2786 καὶ
3429 2729 3618 2788 ἄλλων
3647 2736 3780 2786 νεῶν

2121 2827 2601 2902 ταχυναυτουσῶν.
2654 2821 2940 2895 Σύντομον
2973 2819 3031 2876 δὲ
3058 2821 3152 2875 τὸν
3184 2818 3418 2876 ἔκπλουν
3459 2823 3775 2891 ποιησάμε-

2122 2932 2214 2976 νος
2240 2914 2418 2982 οὗτος,
2449 2914 2538 2968 καὶ
2571 2911 2742 2986 οὐρίῳ
2771 2912 3124 2986 ’χρησάμενος
3157 2909 3448 2983 πνεύματι,
3481 2907 3552 2965 δι’
3582 2909 3772 2984 ὀλίγου

2123 3002 2330 3079 χρόνου
2367 3003 2467 3070 τὴν
2503 3000 2767 3071 Μεθώνην
2813 2994 3101 3059 κατέλαϐε.
3161 3005 3365 3054 Θᾶττον
3396 2996 3454 3055 δὶ
3501 2997 3778 3063 ἐπιθὲσθαι

2122 3100 2238 3155 τοῖς
2269 3089 2567 3164 πολεμίοις
2619 3087 2927 3160 διεκωλύθη
2956 3089 3062 3144 ἀπὸ
3117 3092 3219 3154 τῆς
3274 3088 3536 3158 τοιαύτης
3578 3088 3774 3143 αἰτίας·

2124 3188 2231 3239 τῶν
2265 3183 2371 3260 γὰρ
2402 3182 2596 3256 ἐρετῶν
2645 3181 2743 3236 οὐκ
2802 3178 2980 3257 ὀλίγοι
3048 3180 3183 3255 πρὸς
3238 3181 3331 3234 τὸν
3364 3176 3608 3235 κίνδυνον
3639 3181 3779 3235 ἀπο·-

360 3272 561 3327 missis
580 3272 677 3342 qui
699 3270 975 3326 celeriter
990 3271 1063 3326 ad
1081 3270 1502 3342 imperatorem
1518 3271 2018 3337 venirent,casum

2126 3270 2490 3332 δεικιάσαντες
2539 3271 2657 3324 κατ’
2697 3268 2927 3345 ὀλίγους
2986 3267 3266 3345 λαθραίως
3330 3265 3652 3345 ἀπέφευγον.
3691 3268 3793 3323 Ὧν

364 3362 520 3417 hunc
551 3361 811 3432 exponit.
871 3362 1200 3431 Imperator
1257 3361 1414 3415 dicto
1463 3359 1640 3415 citius
1678 3359 2018 3414 desertores

364 3453 510 3506 istos
533 3451 907 3522 conquisivit.
930 3467 998 3505 ac
1020 3450 1384 3520 reliquorum
1405 3449 1817 3504 terrendorum
1842 3465 2022 3504 causa

364 3541 661 3596 simulavit
690 3557 752 3595 se
785 3557 887 3594 eos
911 3539 1220 3610 suppliciis
1242 3540 1499 3593 afficere.
1518 3538 1781 3610 Triginta
1800 3539 2019 3609 quippe

361 3630 434 3684 de
460 3629 709 3699 captivis
745 3629 848 3698 qui
887 3627 948 3682 in
976 3628 1255 3697 praetorio
1286 3627 1743 3682 asservabantur
1773 3628 2019 3682 Sarace-

360 3717 695 3786 nis,faciem
717 3716 961 3780 fuligine
983 3715 1202 3769 oblitos
1219 3716 1281 3769 in
1304 3716 1529 3770 circum
1553 3716 1796 3787 produci
1818 3716 2018 3787 ibique

358 3805 558 3878 ﬂagris
580 3804 976 3877 ignominioso
1000 3820 1185 3858 cassos
1206 3805 1269 3859 in
1292 3803 1772 3875 PeIOponnesum
1803 3805 2017 3875 emitti,

360 3900 646 3965 tanquam
677 3895 715 3948 ii
748 3895 899 3965 fugm
929 3900 1201 3949 auctores
1223 3893 1471 3963 reliquis
1504 3895 1711 3949 1080
1739 3894 2015 3964 fuissent,

362 3990 539 4055 atque
570 3984 704 4039 istic
733 3982 893 4039 unde
926 3983 1329 4055 profugissent
1358 3984 1612 4039 interfici
1640 3984 1842 4055 jussit.
1869 3986 2016 4058 Ergo

367 4074 738 4129 desertorum
769 4074 898 4128 loco
931 4074 993 4127 in
1024 4072 1184 4143 palos
1236 4072 1468 4128 sufﬁxis
1507 4074 1570 4128 in
1608 4073 2017 4145 Peloponneso

368 4165 605 4236 triginta
625 4165 754 4219 istis
780 4163 1105 4230 Saracenis,
1131 4165 1428 4218 Romanos
1450 4163 1785 4218 classiarios
1807 4180 1893 4218 orr
1910 4180 2017 4219 nes

364 4256 577 4326 ingens
607 4260 800 4309 metus
831 4254 1111 4318 incessit;
1164 4253 1445 4323 omnique
1493 4253 1742 4307 mollitie
1769 4266 2020 4309 excussa

360 4344 517 4399 ultro
534 4343 746 4399 ducem
760 4342 1007 4398 orabant
1029 4346 1094 4396 ut
1109 4358 1171 4397 se
1192 4342 1254 4397 in
1273 4342 1474 4397 hostes
1494 4341 2018 4397 duceret.Proinde

358 4434 543 4487 Nasar
566 4431 1007 4487 classiariorum
1036 4430 1190 4486 lecto
1220 4448 1291 4486 ex
1321 4430 1613 4485 militibus
1645 4431 2015 4502 Peloponne-

359 4522 532 4577 siacis
585 4522 1023 4593 supplemento,
1085 4525 1143 4576 et
1202 4521 1302 4591 qui
1350 4520 1433 4575 ibi
1481 4525 1609 4575 erat
1643 4520 1921 4591 prmfecto
1954 4521 2017 4576 in

357 4612 643 4668 auxilium
665 4612 874 4667 ascito.
923 4611 997 4666 ad
1046 4627 1174 4666 rem
1224 4609 1543 4681 gerendam
1576 4627 1639 4664 se
1670 4616 1841 4681 parat
1886 4613 2013 4666 Iam

361 4702 501 4757 elati
534 4701 751 4756 animis
773 4700 1052 4756 Saraceni
1084 4699 1157 4754 ob
1189 4700 1583 4755 cessationem
1617 4706 2017 4771 antegressam

361 4789 644 4845 Romanis
661 4805 957 4843 summam
982 4788 1358 4843 timiditatem
1384 4788 2018 4861 imputabant.ipsique

362 4894 569 4934 secure
600 4895 631 4934 e
658 4878 905 4933 navibus
938 4877 1061 4931 suis
1092 4878 1310 4949 egressi
1342 4879 1611 4948 proxima
1635 4894 1886 4949 quasque
1914 4879 2018 4934 de-

359 4969 801 5041 praedabantur,
835 4983 970 5023 eum
1003 4967 1197 5021 subito
1222 4967 1429 5021 classis
1453 4969 1732 5025 Romanas
1764 4969 1881 5023 dux
1914 4986 2016 5024 eos

359 5067 713 5117 consecutus
738 5060 887 5115 nihil
914 5059 1029 5114 tale
1060 5063 1471 5130 exspectantes
1492 5075 1600 5130 per
1618 5064 1854 5115 noctem
1878 5059 2014 5115 dato

357 5152 522 5223 signo
555 5148 795 5205 invadit.
830 5150 917 5204 Ita
947 5163 1141 5219 neque
1172 5148 1426 5203 coeundi
1469 5162 1662 5219 neque
1695 5149 2014 5205 resistendi

353 5246 589 5310 tempus
619 5252 970 5294 concessum
1024 5237 1321 5304 Barbarie,
1382 5236 1545 5307 iique
1584 5236 1837 5309 ingloria
1867 5254 2015 5294 nece

356 5329 682 5400 perierunt,
718 5326 968 5381 navibus
1011 5327 1275 5398 ipsorum
1333 5336 1453 5381 una
1515 5342 1652 5382 cum
1681 5327 2015 5383 vectoribus

2123 3367 2192 3428 τῆ
2225 3361 2544 3433 λειποταξίᾳ
2583 3361 2645 3416 τὸ
2693 3366 2974 3433 προσῆκον
3016 3360 3198 3437 τάχος
3254 3356 3498 3436 ἀφῃρέθη
3538 3360 3566 3413 ὁ
3606 3378 3797 3433 στρατ-

2126 3452 2280 3526 ηγός·
2337 3451 2401 3505 οὐ
2457 3449 2560 3525 γὰρ
2621 3445 2798 3523 ἔκρινε
2874 3446 2993 3503 δὲον
3048 3448 3338 3524 ἐμφρόνως
3396 3445 3783 3520 κεκενωμένων

2127 3541 2292 3595 αὐτοῦ
2322 3543 2429 3593 τῶν
2464 3540 2685 3615 σκαφῶν
2746 3536 2994 3601 ἐπελθεῖθ
3042 3543 3160 3598 τοῖς
3200 3537 3439 3613 ἐχθροῖς.
3471 3536 3680 3606 Μηνύει
3722 3535 3782 3592 δὲ

2123 3630 2187 3685 τὸ
2238 3624 2449 3702 συμϐὰν
2498 3624 2848 3703 τυχυδρομίᾳ
2872 3631 2951 3698 τῷ
2985 3626 3222 3701 βασιλεῖ.
3280 3627 3343 3684 Ὁ
3374 3624 3430 3681 δὲ
3481 3626 3571 3682 καὶ
3605 3625 3779 3701 λόγου

2126 3720 2316 3773 θᾶττον
2372 3716 2502 3779 τοὺς
2560 3715 2920 3778 λειποτάκτας
2979 3714 3263 3791 ἐζώγρησε
3313 3716 3404 3770 καὶ
3464 3718 3663 3784 ποινὴν
3696 3716 3775 3779 εἷς

2125 3802 2417 3885 ἐκφόϐησιν
2449 3811 2556 3863 τῶν
2588 3806 2799 3861 λοιπῶν
2846 3826 2926 3877 τῳ
2975 3802 3151 3860 δοκεῖν
3186 3803 3486 3875 ἒπιτίθησι,
3520 3805 3782 3868 κελεύσας

2122 3897 2313 3959 νυκτὸς
2346 3894 2542 3971 ἄνδρας
2568 3897 2861 3971 τριάκοντα
2889 3896 2980 3949 τὸν
3011 3895 3249 3970 ἀριθμὸν
3277 3895 3386 3951 ἀπὸ
3442 3899 3554 3950 τῶν
3611 3895 3666 3950 ἂν
3695 3899 3777 3967 τῷ

2124 3985 2446 4062 πραιτωρίῳ
2477 3984 2865 4061 κατεχομένων
2926 3989 3261 4058 Σαρακηνῶν
3290 3982 3604 4062 ἀφελέσθαι,
3652 3983 3780 4039 τοῦ-

2124 4097 2233 4131 των
2263 4095 2322 4130 τε
2351 4072 2564 4149 ἀσϐόλῃ
2614 4074 2682 4130 τὰ
2711 4073 2979 4149 πρόσωπα
3009 4072 3339 4143 ἀλλοιῶσαι,
3380 4072 3476 4128 κᾶν
3504 4077 3583 4145 τῷ
3616 4072 3785 4129 imre-

2126 4163 2319 4240 δρόμῳ
2348 4186 2407 4220 τε
2436 4166 2679 4241 ἀγαγεῖν,
2735 4160 2824 4219 διὰ
2887 4163 3161 4237 μαστίγων
3223 4183 3282 4217 τε
3328 4160 3631 4233 ἐπεξελθεῖν
3684 4164 3779 4218 καὶ

2126 4256 2339 4325 ἀτίμως
2372 4252 2748 4329 ἰκπεμφθῆναι
2781 4252 2859 4314 εἰς
2892 4250 3282 4321 Πελοπόνησον
3315 4251 3389 4313 ὡς
3419 4251 3564 4325 τάχα
3596 4272 3781 4327 πρωτ-

2127 4341 2362 4419 ουργοὺς
2421 4349 2521 4410 τῆς
2575 4348 2750 4419 φυγῆς
2784 4380 2799 4405 ,
2855 4342 3071 4396 κάκεῖσε
3123 4340 3473 4415 ἀναιρεθῆναι
3533 4341 3657 4403 ὅθεν
3711 4338 3780 4409 δὴ

2123 4434 2587 4512 καῖπεφεύγασιν.
2622 4434 2688 4490 Ὀ
2740 4429 2808 4500 δὴ
2859 4433 2947 4487 καὶ
3002 4431 3215 4507 γὲγονε,
3272 4432 3363 4486 καὶ
3419 4429 3784 4486 ἀνεσκολοπί-

2126 4526 2326 4592 σθησαν
2362 4523 2415 4577 οἱ
2448 4521 2500 4577 λ’
2533 4519 2838 4595 Σαρακηνοὶ
2870 4519 2946 4582 ὠς
2980 4517 3142 4588 δῆθεν
3176 4520 3228 4573 οἱ
3259 4517 3644 4577 λειποτάκται.
3681 4518 3781 4573 Καὶ

2126 4606 2295 4690 φόϐος
2328 4611 2538 4686 ἐγένετο
2583 4610 2750 4683 μὲγας
2807 4609 2881 4671 εἰς
2943 4609 3113 4664 πάντα
3168 4607 3260 4662 τὸν
3311 4607 3622 4681 Ῥωμαῖκὸν
3653 4608 3785 4662 στό-

2125 4701 2222 4758 λον
2256 4703 2346 4757 καὶ
2405 4707 2576 4757 πᾶσαν
2637 4698 2905 4772 μαλακίαν
2966 4698 3223 4753 ἀπέθεντο
3272 4698 3363 4752 καὶ
3423 4697 3654 4774 τρυφὴν,
3687 4696 3778 4752 καὶ

2126 4790 2276 4869 ἄγειν
2320 4787 2535 4867 ταχέως
2586 4789 2724 4864 πρὸς
2770 4786 2899 4849 τοὺς
2946 4785 3254 4858 πολεμίους
3307 4787 3653 4860 παρεκάλουν
3684 4787 3779 4841 τὸν

2124 4880 2402 4957 ἡγεμόνα.
2434 4881 2516 4953 [Ρ.
2551 4881 2678 4953 583]
2712 4879 2796 4933 ’Ev
2826 4876 3043 4937 τούτοις
3079 4873 3135 4930 δὲ
3172 4876 3263 4931 καὶ
3299 4875 3461 4938 αὐτὸς
3492 4876 3553 4931 τὸ
3586 4875 3777 4951 λεῖπόν

2129 4976 2222 5038 τῆς
2258 4968 2545 5045 στρατείας
2587 4968 2692 5022 ἀπὸ
2728 4971 2835 5021 τῶν
2867 4964 2928 5019 ἐκ
2960 4965 3382 5034 Πελοποννήσου
3434 4970 3782 5040 στρατιωτῶν

2124 5056 2566 5128 ἀναπληῶώσας,
2597 5056 2688 5110 καὶ
2717 5056 2810 5110 τὸν
2841 5055 3138 5127 στρατηγὸν
3171 5058 3268 5108 τοῦ
3318 5053 3491 5108 τόπου
3540 5055 3789 5130 συνεργὸν

2125 5143 2611 5221 προσλαϐόμενος,
2653 5146 2790 5217 πρὸς
2850 5144 3089 5207 ἐπίθεσιν
3145 5142 3535 5217 εὖτρεπίζεται.
3578 5147 3694 5199 Τῶν
3727 5140 3786 5198 δὶ

2126 5240 2462 5309 Σαρακηνῶν
2493 5220 2986 5311 κατωφρυωμένων
3038 5228 3147 5300 ἤδη
3204 5233 3291 5287 καὶ
3323 5230 3545 5299 πολΛήν
3580 5229 3787 5288 δειλίαν

2122 5326 2498 5402 καταγνόντων
2529 5330 2627 5380 τοῦ
2670 5326 2989 5398 Ῥωμαῖκοῦ
3049 5322 3252 5377 στόλου
3302 5319 3391 5377 διὰ
3418 5324 3519 5392 τὴν
3552 5323 3783 5399 πρόσθεν

1569 5440 1933 5496 XYLANDRI
1971 5440 2058 5498 ET
2099 5445 2311 5501 GOARI
2354 5440 2573 5499 ΝΟΤᾸΞ.

433 5560 546 5628 (94)
576 5559 862 5624 Divinavi,
889 5559 1083 5620 verbis
1115 5559 1293 5617 etiam
1324 5557 1590 5616 obscuris
1623 5558 2019 5629 interpretan-

361 5631 473 5686 dis.
505 5631 863 5702 Credo,quia
886 5630 1181 5702 baptismo
1204 5630 1432 5702 ejurato
1458 5630 1711 5702 fuissent
1741 5630 2017 5686 Saraceni

359 5703 494 5756 facti
525 5708 583 5756 et
612 5700 871 5766 recutiti,
907 5700 1040 5756 eum
1097 5703 1207 5756 hoc
1238 5700 1517 5756 ’volnisse
1568 5701 1787 5761 dicere.
1835 5703 2016 5757 cutim

358 5774 623 5843 ipsorum
654 5773 959 5846 propriam
978 5784 1100 5827 non
1121 5784 1252 5828 esse
1271 5771 1666 5845 ssdreligioni
1697 5788 2014 5830 consecra-

2134 5567 2277 5617 tam.
2304 5560 2504 5617 Altero
2537 5575 2719 5630 supra
2747 5572 2921 5611 versu
2952 5554 3091 5609 κατά
3119 5560 3283 5630 νῆσον
3314 5556 3466 5630 verti
3492 5574 3599 5626 par
3628 5556 3796 5630 insue

2132 5632 2250 5690 las:
2281 5632 2546 5687 nondum
2584 5622 2743 5686 enim
2777 5634 2901 5683 erat
2929 5622 3183 5701 recepta,
3200 5628 3388 5682 Creta.
3426 5622 3608 5683 Nazar
3636 5629 3796 5701 apud

2130 5705 2417 5760 Zonaram
2451 5708 2693 5759 vocatur
2713 5702 2945 5755 Narsas.
2981 5699 3119 5755 XYL.
