4184 6414
326 425 490 489 111⁸1
1470 421 2033 487 ΗῙΞΤΟΜΑΗὉΗ
2076 424 2650 489 ΟΟΜΡΕΝΒΙΠΜ.
3598 423 3759 488 1118

323 561 501 636 ἁγίαν,
532 560 626 615 καὶ
659 558 744 615 ἐπ’
811 556 997 621 ἀδείας
1056 554 1281 627 πολλῆς
1341 554 1715 637 ἐξερχομένων
1749 557 1856 612 ἀπὸ
1883 561 1976 613 τῶι

2102 560 2445 618 combustis.
2484 563 2623 629 Qum
2642 567 2988 634 sepereraut
3016 577 3219 633 naves,
3242 577 3343 617 eas
3373 562 3560 616 Nasar
3588 562 3760 631 quasi

328 649 545 706 οἰκείων
575 653 711 705 νεῶν
738 649 829 703 καὶ
877 649 947 704 τὰ
974 649 1389 725 προσπίπτοντα
1434 647 1811 721 ληῖζομένων,
1844 646 1976 718 ἐξαί-

2103 650 2416 706 donarium
2436 652 2554 706 Deo
2575 650 3118 719 otl‘ert,Metbonaste
3154 650 3442 706 dedicans
3465 649 3753 705 ecclesias.

327 758 466 820 φνης
517 739 753 809 πλησίον
806 740 988 794 αὐτῶν
1029 737 1195 816 ἐφάνη
1229 734 1259 792 6
1291 740 1398 794 τῶν
1450 739 1740 812 Ῥωμαίων
1790 738 1976 812 ναύαρ-

2100 742 2429 811 Imperator
2459 757 2594 796 eum
2626 740 3030 796 collaudatum
3063 756 3308 812 pergere
3334 740 3527 812 jubet.
3561 738 3754 795 Alacri

328 848 472 910 χος,
532 830 623 884 καὶ
685 830 938 901 σύνθημα
998 826 1127 891 δοὺς
1174 827 1466 884 ἐπιτίθεται
1521 834 1639 889 τοῖς
1694 828 1976 902 πολεμίοις

2101 846 2236 902 ergo
2266 830 2339 885 ob
2372 836 2602 902 partam
2634 829 2942 885 victoriam
2973 828 3238 884 exercitu
3259 829 3321 883 in
3355 829 3614 885 Siciliam
3637 833 3754 884 tra-

326 918 658 995 ἀπροόπτως
715 917 767 972 ἐν
825 922 895 992 τῇ
957 918 1130 974 νυκτί.
1192 917 1294 974 Καὶ
1361 920 1501 991 μήτε
1556 923 1817 986 συστῆναι
1852 920 1976 989 μήτε

2094 920 2227 992 jicit
2257 921 2459 982 Nasar.
2492 926 2551 974 et
2580 936 2713 990 quas
2743 919 2823 973 ibi
2854 917 3420 989 Carthaginensibus
3453 923 3622 973 erant
3653 917 3759 972 stic

328 1010 467 1085 πρὸς
522 1007 698 1078 ἀλκὴν
752 1015 1023 1082 τραπῆναι
1095 1009 1321 1082 σχόντες
1388 1008 1575 1082 καιρὸν
1628 1005 1840 1071 ἀκλεῶς
1883 1007 1976 1062 ἀπ-

2098 1006 2424 1080 pendiarias
2470 1009 2671 1074 urbes,
2715 1008 3037 1080 populatur
3084 1013 3261 1078 atque
3295 1011 3501 1061 vastat.
3548 1007 3759 1063 Multas

325 1099 686 1175 εσφάττοντο,
748 1099 841 1153 καὶ
904 1099 956 1154 αἱ
995 1101 1121 1163 νῆες
1176 1097 1306 1173 πυρὶ
1369 1100 1506 1171 μετὰ
1552 1104 1662 1153 τῶν
1717 1093 1976 1152 ἐπιϐατῶι

2098 1099 2276 1154 etiam
2308 1114 2485 1154 naves
2508 1098 2811 1155 onerarias
2838 1098 3015 1169 capit,
3046 1113 3175 1168 quas
3198 1110 3332 1151 cum
3365 1096 3513 1151 alias
3536 1095 3756 1166 pretio-

320 1185 701 1264 παρεδίδοντο.
761 1189 873 1252 Τὰς
928 1185 986 1242 δὲ
1044 1187 1338 1267 ληφθείσας
1377 1187 1580 1249 ἀσινεῖς
1638 1188 1820 1264 ὥσπερ
1860 1189 1976 1243 ἀνάη

2099 1204 2194 1244 sas
2246 1188 2445 1244 1081
2525 1188 2796 1243 ferebant
2837 1203 3084 1252 merces,
3134 1191 3261 1240 tum
3310 1185 3531 1253 oleum,
3591 1189 3757 1240 tanta

321 1278 460 1352 θεμά
487 1300 539 1334 τι
573 1280 602 1333 6
634 1279 940 1354 στρατηγὸς
984 1277 1169 1353 Νάσαρ
1211 1276 1405 1333 δίδωσι
1444 1283 1528 1351 τῷ
1567 1284 1706 1352 Θεῷ,
1755 1284 1820 1353 τῇ
1853 1280 1976 1333 κατᾶ

2098 1278 2341 1349 quidem
2381 1279 2553 1349 copia
2580 1283 2648 1332 ut
2676 1277 2829 1332 libra
2860 1276 2977 1332 olei
3010 1281 3132 1331 tum
3167 1274 3341 1329 obolo
3371 1273 3748 1330 venderetur.

320 1368 585 1438 Μεθώνην
635 1365 903 1439 ἐκκλησίᾴ
961 1367 1128 1431 αὐτὰς
1186 1368 1689 1447 ἀποχαρισάμενος.
1751 1371 1853 1425 "Ov
1914 1368 2001 1423 ἐπὶ
2059 1372 2175 1428 τοῖς
2232 1367 2638 1441 πεπραγμένοις
2669 1363 2948 1426 ἐπαινέσας
3009 1365 3037 1418 6
3098 1360 3360 1437 βασιλεὺς
3419 1362 3755 1435 προσωτέρω

326 1462 530 1533 χωρεῖν
591 1452 891 1513 ἐκελεύετο.
948 1458 1065 1513 Ἐπὶ
1133 1463 1252 1520 τοῖς
1308 1458 1596 1533 προτέροις
1656 1459 1749 1513 οὗν
1803 1460 2182 1534 προτερήμασι
2241 1456 2530 1529 προθύμου
2585 1459 2685 1510 τοῦ
2749 1458 2979 1530 στρατοῦ
3035 1452 3425 1528 τυγχάνοντος,
3474 1449 3751 1525 διαπεραιο

316 1546 639 1623 οῦταιπρὸς
673 1546 949 1617 Σικελίαν,
1008 1547 1098 1601 καὶ
1153 1548 1251 1610 τὰς
1310 1547 1537 1612 ἐνταῦθα
1594 1547 1805 1613 πόλεις,
1866 1548 1984 1603 ὅσαι
2040 1552 2157 1608 τοῖς
2189 1544 2590 1621 Καρχηδονίοις
2650 1546 2903 1620 ὑπῆρχον
2959 1543 3252 1619 ὑπόφοροι,
3303 1540 3469 1597 ἐπιὼν
3529 1538 3746 1614 ἐπόρθει

319 1636 414 1690 καὶ
445 1637 859 1715 κατεστρέφετο,
914 1636 1004 1690 καὶ
1047 1641 1335 1714 φορτηγῶν
1395 1642 1531 1692 νεῶν
1591 1636 1942 1711 παμπόλλων
2002 1635 2317 1712 ἐκράτησεν,
2367 1636 2442 1690 ὧν
2473 1636 2502 1690 ὁ
2532 1636 2732 1713 φόρτος
2778 1632 2929 1689 ἄλλά
2985 1653 3045 1688 τε
3097 1633 3164 1701 ἧν
3193 1628 3380 1685 πολλά
3405 1634 3513 1715 τῷν
3546 1650 3751 1702 τιμιω-

318 1724 491 1798 τέρων
520 1724 610 1779 καὶ
634 1714 823 1795 δήκαὶ
873 1721 1061 1780 ἔλαιον
1122 1722 1371 1801 δαψιλές.
1417 1729 1507 1789 Ἐς
1561 1731 1820 1782 τοσοῦτον
1862 1722 1919 1782 δέ
1950 1746 2106 1804 φασιν
2162 1726 2357 1780 εὕωνον
2416 1726 2541 1780 τότε
2594 1726 2840 1802 γενέσθαι
2891 1722 2954 1778 τὸ
3010 1716 3196 1776 ἔλαιον
3226 1716 3367 1775 ὥστε
3414 1714 3618 1775 ὀϐολοῦ
3648 1720 3749 1786 τὴν

320 1811 508 1889 λίτραν
541 1814 959 1887 πιπράσκεσθαι.

392 1905 728 1978 Περαιωθεὲς
775 1902 832 1959 δὲ
862 1905 952 1959 καὶ
984 1907 1121 1981 πρὸς
1150 1904 1220 1960 τὰ
1246 1911 1346 1975 τῆς
1384 1905 1617 1970 Ἰταλίας
1652 1906 1789 1981 μίρη
1824 1908 1853 1962 ὁ
1883 1909 1976 1962 αύ-

2163 1907 2380 1963 Eadem
2413 1906 2616 1962 classis
2665 1906 2844 1960 etiam
2890 1904 2964 1959 ad
2996 1903 3178 1959 italiae
3230 1902 3379 1957 fines
3418 1905 3749 1956 transvecta

312 1993 405 2056 τὸς
431 1993 652 2060 στόλος,
687 1992 778 2048 καὶ
809 1998 929 2056 ταῖς
959 1994 1131 2049 ἐκεῖσε
1153 1994 1405 2060 ίππικαῖς
1431 1997 1766 2069 Ῥωμαϊκαῖς
1809 1994 1967 2051 δυνά-

321 2102 472 2156 μεσιν
528 2082 767 2153 δνωθεὶς,
817 2083 892 2138 ὧν
940 2083 1249 2157 Προκόπιος
1298 2087 1487 2160 ἠγεῖτο
1520 2087 1672 2141 ὁτοῦ
1706 2084 1979 2160 βασιλέως

314 2167 824 2247 πρωτοϐεστιάριος
872 2176 987 2247 (95)
1037 2175 1127 2227 καί
1175 2175 1326 2229 Λέων
1379 2176 1664 2250 πατρίκιος
1697 2176 1724 2230 6
1756 2179 1978 2250 Θρᾷκῶν

312 2261 403 2317 καὶ
437 2257 766 2317 Μακεδόνων
798 2260 1139 2336 ἀρχηγέτης,
1182 2260 1239 2317 ὅν
1272 2262 1379 2319 ἀπὸ
1413 2263 1683 2321 Στυπείου
1716 2262 1975 2332 ἐκάλουν,

318 2347 568 2421 ἀξιέπινα
623 2343 754 2425 ἔργα
820 2348 1132 2427 εἰργάσατοο
1182 2351 1274 2407 τόν
1329 2372 1387 2408 τε
1443 2353 1549 2427 γὰρ
1598 2351 1650 2422 ἐξ
1709 2353 1977 2429 Ἀφρικῆς

317 2436 485 2492 πάλιν
514 2436 797 2509 ἐξελθόντα
852 2437 1049 2496 στόλον
1106 2438 1157 2496 ἐν
1224 2445 1293 2515 τῇ
1349 2444 1501 2515 νήσῳ
1556 2448 1674 2503 ταῖς
1733 2441 1976 2513 Στήλαις

318 2529 664 2603 συγκυρήσας
720 2527 1174 2601 κατεπολέμησε,
1231 2531 1322 2587 καὶ
1370 2532 1437 2587 τὰ
1490 2533 1594 2589 ὑπὸ
1651 2537 1759 2587 τῶν
1812 2534 1979 2609 ’Λγα-

323 2619 507 2689 ρηνῶν
566 2614 910 2693 κατεχόμενα
976 2619 1209 2694 φρούρια
1270 2616 1325 2674 ἕν
1397 2640 1458 2675 τε
1540 2617 1823 2696 Καλαϐρίᾳ
1889 2621 1979 2677 καὶ

327 2697 711 2779 Λαγγοϐαρδίᾳ
767 2702 916 2774 πλὴν
978 2702 1178 2780 ὀλίγων
1233 2714 1332 2776 τῆς
1393 2703 1730 2783 βαρϐαρικῆς
1791 2710 1978 2787 χειρὸς

319 2790 665 2866 ἠλευθέρωσε
711 2793 804 2848 καὶ
854 2797 925 2868 τῇ
983 2796 1265 2870 Ῥωμαϊκῇ
1305 2796 1518 2869 ἐξουσίᾳ
1582 2798 1975 2855 ἐπανεσώσατο.

316 2881 419 2940 Καὶ
450 2881 478 2937 6
513 2881 609 2955 μὲν
640 2882 827 2957 Νάσαρ
872 2885 961 2937 καὶ
994 2885 1023 2939 6
1056 2890 1169 2957 μετ’
1225 2886 1396 2943 αὐτοῦ
1442 2888 1751 2962 Ῥωμαϊκὸς
1782 2888 1979 2952 στόλος

309 2971 574 3031 τοιούτων
632 2977 911 3049 τροπαίων
968 2975 1308 3051 ηὑμοίρησεν
1357 2976 1418 3034 ἐκ
1447 2984 1583 3037 Θεοῦ
1618 3023 1632 3049 ,
1687 2982 1779 3036 καὶ
1844 2986 1980 3056 μετὰ

309 3061 541 3120 πολλῶν
571 3060 833 3141 λαφύρων
891 3067 984 3120 καὶ
1042 3072 1342 3137 νικητικῶν
1400 3070 1668 3147 στεφάνων
1703 3069 1979 3145 ἐπανῆλθε

313 3151 455 3227 πρὸς
511 3152 578 3210 τὰ
637 3153 907 3225 βασίλειον
960 3156 1018 3212 αἱ
1073 3153 1130 3212 δὲ
1185 3158 1320 3212 κατά
1376 3153 1791 3235 Λαγγοϐαρδίαν
1825 3166 1979 3230 πεζιι

314 3240 407 3297 καὶ
438 3238 695 3354 δυνάμεις
743 3243 814 3352 ρύ
873 3243 1049 3354 πάντη
1089 3246 1205 3354 ,την
1278 3246 1542 3321 βάσκανον
1605 3246 1858 3327 διέφυγον
1890 3250 1978 3305 νέα
2010 3286 2053 3354 C

315 3350 465 3403 μεσιν
501 3376 515 3401 ,
562 3329 695 3386 ἀλλ’
742 3330 876 3410 ἔργα
935 3334 1029 3406 μὶν
1081 3332 1310 3411 ἀίδρικά
1360 3338 1451 3392 καὶ
1501 3336 1732 3413 λαμπρά
1761 3337 1978 3413 διεπρά-

316 3419 488 3490 ξαντο,
521 3418 572 3490 ἐξ
632 3414 812 3496 ἔριδος
866 3419 924 3477 δὲ
975 3424 1064 3478 καὶ
1097 3422 1430 3503 φιλονεικίας
1459 3429 1575 3482 κατ’
1625 3428 1784 3483 αὐτὸν
1837 3449 1977 3502 σαμ-

315 3509 588 3580 πεσούσης
617 3510 710 3565 τὸν
752 3511 934 3586 ἀγῶνα
981 3512 1334 3572 ἀπολωλέναι
1367 3513 1572 3588 συνήθη
1623 3518 1713 3573 τὸν
1750 3518 1978 3590 μείζονα

316 3599 649 3684 στρατηγόν.
680 3602 793 3656 Τοῦ
813 3601 915 3677 γὰρ
940 3603 1170 3666 Λέοντος
1192 3606 1331 3660 κατὰ
1360 3627 1412 3660 τι
1439 3603 1809 3682 διενεχθέντος
1841 3609 1978 3684 πρὸς

316 3686 411 3740 τὸν
447 3682 776 3761 ΙΙροκόπιον,
824 3689 914 3744 καὶ
959 3691 1068 3764 πρὸ
1116 3695 1212 3746 τοῦ
1263 3689 1631 3768 διαλλαγῆναι
1686 3682 1977 3770 συμϐολῆς

316 3771 618 3849 γενομένης
670 3777 807 3850 πρὸς
862 3777 990 3841 τοὺς
1050 3777 1303 3858 ἐχθροὺς,
1364 3777 1559 3852 συνέὅη
1614 3785 1706 3838 τόν
1743 3786 1839 3857 μὶν
1869 3786 1976 3841 ἀπὸ

319 3864 590 3942 Στυπείου
625 3868 759 3940 μετᾶ
802 3873 912 3925 τῶν
959 3874 1183 3944 Θρᾳκῶν
1232 3871 1323 3926 καὶ
1369 3869 1693 3929 Μακεδόνων
1740 3874 1879 3930 κατὰ
1913 3877 1975 3931 τὸ

317 3950 490 4023 δεξιὸν
520 3954 685 4031 μέρος
743 3958 1145 4033 ἀγωνιζόμενον
1204 3964 1419 4036 κρατεῖν
1476 3966 1584 4017 τῶν
1635 3962 1851 4039 ἐχθρῶν
1885 3965 1975 4020 καὶ

314 4041 490 4100 πολὺν
575 4044 739 4123 φόνον
817 4046 1135 4123 ἐργάζεσθαι
1235 4055 1342 4105 τῶν
1428 4058 1783 4127 Σαρακηνῶν,
1842 4055 1978 4110 κατὰ

314 4131 535 4208 θάτερον
577 4132 636 4189 δὲ
683 4136 773 4191 τὸν
830 4138 1140 4212 Προκόπιον
1200 4142 1286 4210 [Ρ.
1348 4141 1473 4213 584]
1522 4141 1974 4217 ἀντιταττόμενον

300 4222 455 4297 ¹μετὰ
483 4227 594 4278 τῶν
648 4220 972 4282 Σθλαϐίνων
1028 4228 1121 4282 καὶ
1176 4225 1410 4284 δπικῶν
1446 4230 1549 4285 ὑπὸ
1593 4232 1702 4287 τῶν
1729 4230 1978 4290 ἐναντίων

314 4310 613 4380 πιέζεσθαι.
682 4315 773 4383 Μὴ
831 4315 1137 4388 πεμθείσης
1191 4313 1250 4372 δὶ
1308 4318 1454 4392 παρὰ
1510 4325 1607 4376 τοῦ
1666 4327 1978 4400 στρατηγοῦ

320 4400 577 4476 βοηθείας
606 4406 688 4477 τῷ
718 4409 979 4461 πονοῦντι
1031 4403 1124 4461 διὰ
1167 4408 1267 4475 τὴν
1316 4408 1783 4484 προηγησαμένην
1815 4410 1981 4488 φιλο·

311 4492 542 4561 νεικίαν,
603 4490 839 4549 ἐνέκλινε
894 4496 1030 4567 πρὸς
1085 4498 1296 4571 τροπὴν
1363 4498 1426 4553 τὸ
1472 4500 1609 4555 κατᾶ
1645 4502 1737 4556 τὸν
1768 4502 1980 4579 Προκόο

2083 2013 2218 2052 cum
2251 1996 2626 2067 equestribus
2658 1997 3063 2050 Romanorum
3096 1991 3286 2063 copiis
3320 2007 3382 2046 se
3413 1989 3745 2061 conjunxit,

2082 2100 2229 2159 quas
2263 2085 2590 2157 Procopius
2621 2083 2895 2150 ducebat,
2933 2082 3313 2154 imperatoris
3347 2078 3745 2152 protovestia-

2081 2178 2229 2244 rius,
2262 2182 2319 2231 et
2344 2176 2455 2229 Leo
2488 2175 2798 2229 Patricius.
2832 2172 3092 2228 Thracia)
3114 2189 3182 2227 ac
3206 2169 3563 2227 Macedonius
3590 2185 3746 2239 prm—

2082 2265 2292 2333 fectus,
2323 2280 2506 2335 quem
2536 2280 2572 2319 a
2604 2264 2817 2334 Stypeo
2868 2262 3169 2327 vocabant,
3207 2264 3267 2316 et
3309 2259 3482 2314 laude
3532 2257 3741 2329 dignas

2083 2371 2179 2410 res
2233 2354 2432 2427 gessit.
2490 2355 2636 2409 Nam
2690 2358 2749 2409 et
2797 2352 3051 2408 classem
3110 2367 3180 2406 ex
3240 2350 3433 2406 Africa
3501 2363 3737 2427 rursum

2082 2423 2457 2519 progressam
2479 2444 2554 2503 ad
2575 2444 2833 2502 insulam
2867 2444 2961 2500 cui
2986 2443 3156 2498 Stelaa
3190 2441 3273 2514 (id
3305 2447 3394 2497 est
3420 2423 3747 2498 columnas)

2084 2552 2305 2592 nomen
2343 2535 2591 2601 devicit;
2627 2541 2684 2590 et
2704 2552 2836 2605 quae
2868 2534 2926 2589 in
2952 2531 3226 2589 Calabria
3249 2547 3317 2586 ac
3348 2527 3743 2601 Longibardia

2083 2623 2155 2680 ab
2188 2623 2472 2697 Agarenis
2501 2623 2862 2679 tenebantur
2911 2620 3178 2687 castella,
3212 2619 3417 2691 paucis
3461 2617 3740 2688 demptis,

2084 2714 2286 2772 omnia
2314 2730 2346 2769 ο
2377 2713 2769 2769 Barbarorum
2801 2709 3078 2768 manibus
3102 2710 3321 2781 eripuit
3343 2710 3738 2779 Romanaeque

2086 2803 2295 2858 ditioni
2319 2800 2596 2858 restituit.
2623 2800 2881 2857 Proinde
2902 2800 3105 2861 Nasar,
3130 2802 3190 2852 et
3210 2813 3341 2868 qua:
3364 2812 3498 2851 cum
3518 2811 3586 2850 eo
3610 2799 3741 2851 erat

2084 2895 2352 2949 Romana
2379 2890 2610 2956 classis,
2641 2894 2729 2945 tot
2774 2888 3035 2945 victoriis
3074 2886 3274 2942 divino
3304 2885 3499 2939 favore
3540 2883 3735 2955 potiti,

2084 2981 2299 3054 amplis
2329 2997 2464 3038 cum
2495 2979 2702 3051 spoliis
2733 2984 2792 3035 et
2817 2976 3076 3035 victorias
3105 2975 3343 3032 coronis
3374 2973 3449 3029 ad
3480 2974 3740 3046 impera-

2083 3079 2271 3128 torem
2301 3070 2627 3128 redierunt.
2650 3071 2725 3125 At
2750 3082 2881 3139 quas
2905 3066 2967 3122 in
3008 3064 3396 3138 Longibardia
3426 3068 3597 3119 erant
3628 3068 3741 3119 ter-

2082 3165 2303 3218 restres
2333 3160 2539 3232 capias,
2573 3157 2854 3213 invidiam
2884 3155 3157 3221 fortunas,
3179 3170 3463 3226 prospera
3484 3167 3736 3223 qumque

2084 3267 2326 3323 carpere
2350 3250 2561 3317 solitae,
2594 3265 2714 3306 non
2747 3248 3098 3319 effugerunt.
3126 3245 3359 3299 Etenim
3383 3243 3561 3298 rebus
3591 3257 3739 3314 preco

2081 3341 2239 3397 clare
2287 3341 2490 3411 gestis,
2524 3344 2651 3394 orta
2683 3336 2791 3394 sub
2831 3336 3019 3408 ipsius
3066 3334 3256 3407 praelii
3296 3338 3532 3404 tempus
3578 3332 3738 3387 inter

2082 3431 2263 3486 duces
2302 3428 2706 3493 contentione,
2756 3441 2961 3483 eorum
3009 3424 3293 3497 dignitate
3331 3423 3495 3494 prior
3532 3421 3733 3493 periit.

2083 3519 2380 3576 Inciderat
2427 3519 2605 3575 Leoni
2650 3516 2881 3587 aliquid
2911 3532 3046 3572 cum
3079 3513 3362 3585 Procopio
3393 3510 3734 3567 discordia).

2081 3610 2358 3667 Nondum
2398 3614 2598 3666 autem
2630 3607 3029 3677 redintegrata
3056 3605 3269 3659 horum
3300 3602 3487 3675 gratia
3516 3616 3730 3673 pugnas

2084 3716 2220 3757 cum
2249 3699 2522 3756 hostibus
2551 3695 2992 3753 committendas
3025 3710 3086 3750 se
3117 3692 3332 3749 obtulit
3362 3692 3613 3748 occasio.
3656 3691 3739 3746 Ea

2083 3791 2147 3846 in
2177 3806 2374 3863 pugna
2403 3790 2515 3846 Leo
2546 3805 2683 3846 cum
2715 3787 3037 3844 Thracibus
3067 3790 3126 3841 et
3154 3783 3572 3841 Macedonibus
3594 3781 3740 3838 dex—

2082 3884 2231 3934 tram
2291 3879 2439 3934 aciei
2502 3884 2712 3934 tenens
2764 3882 2995 3946 partem
3045 3875 3366 3930 Saracenos
3406 3871 3577 3938 fudit,
3612 3886 3737 3926 πιο-

2083 3980 2379 4038 gnamque
2427 3982 2635 4022 eorum
2679 3970 2935 4034 stragem
2964 3962 3123 4018 fecit.
3158 3961 3244 4015 Ab
3298 3960 3503 4017 108‘!
3553 3958 3740 4015 altera

2083 4062 2281 4112 autem
2314 4060 2480 4127 parte
2519 4053 2873 4123 Procopium
2924 4050 3190 4106 Slavinos
3221 4055 3282 4104 et
3327 4048 3738 4105 Occidentales

2085 4145 2422 4213 ducentem,
2443 4144 2644 4198 hostes
2665 4157 2801 4199 cum
2821 4144 3162 4212 premerent
3193 4154 3387 4208 neque
3415 4137 3467 4193 ei
3486 4154 3520 4194 a
3546 4139 3737 4193 Leone

2085 4234 2396 4290 discordia
2428 4238 2636 4288 tenace
2666 4229 3001 4287 subsidium
3046 4228 3404 4295 mitteretur,
3448 4230 3645 4283 evenit
3670 4230 3740 4283 ut

2084 4326 2135 4380 is
2165 4323 2452 4379 inclinata
2480 4337 2721 4376 suorum
2752 4319 2880 4374 acie
2912 4318 3143 4372 fortiter
3174 4332 3443 4388 pugnans
3474 4315 3735 4374 caderet.

2087 4415 2199 4470 Leo
2232 4420 2296 4469 ut
2326 4411 2611 4485 praeclaro
2643 4410 2905 4466 facinore
2939 4407 3148 4463 illatam
3178 4406 3252 4463 ob
3284 4406 3597 4462 dissidium
3626 4405 3739 4463 cla-

2087 4506 2221 4560 dem
2253 4502 2618 4567 obliteraret,
2652 4516 2785 4554 cum
2844 4514 2948 4551 suo
2999 4496 3283 4563 exercitu,
3316 4495 3388 4549 iis
3426 4495 3604 4550 etiam
3637 4494 3740 4565 qui

309 4600 434 4635 πιον
494 4580 690 4656 μέρος,
744 4584 837 4638 καὶ
895 4584 1061 4648 αὐτὸς
1113 4584 1317 4649 ἐκεῖνος
1373 4587 1657 4667 ἀπεσφάγη
1718 4593 1976 4666 ἡρωϊκῶς

2087 4610 2155 4651 ex
2186 4591 2573 4663 ProcOpianis
2603 4587 2893 4646 militibus
2936 4586 3167 4642 cladem
3216 4590 3525 4642 evaserant
3555 4584 3629 4641 ad
3662 4600 3725 4638 se

309 4669 723 4745 ἀγωνισάμενος
798 4672 890 4728 καί
974 4676 1093 4731 κατ’
1170 4674 1329 4731 αὖτὸν
1386 4678 1478 4731 τὸν
1525 4656 1715 4755 ’ἀγῶνα
1761 4656 1972 4741 ’πεσώνο

2083 4685 2358 4756 receptis,
2379 4656 2708 4738 ITarentum
2738 4684 3018 4746 castrum,
3055 4674 3212 4746 quod
3241 4675 3495 4748 Agareni
3544 4674 3740 4731 adhuc

309 4757 368 4846 ΤΟ
424 4755 482 4813 δὶ
540 4758 687 4816 Λέων
745 4760 921 4827 θέλων
990 4784 1042 4819 τι
1126 4766 1218 4819 καὶ
1298 4762 1486 4842 ἐτερον
1573 4768 1975 4846 ἀπεργάσασθαι

312 4844 569 4924 λαμπρὸν
623 4852 711 4905 καὶ
778 4854 841 4908 τὸ
892 4852 955 4908 ἐκ
1010 4859 1111 4923 τῆς
1170 4850 1349 4930 ἔριδος
1416 4844 1973 4935 συσκιάσαιήσυμϐὰν

310 4936 579 5014 ἀτύχημα
612 4984 626 5005 ,
684 4942 747 4997 τὸ
797 4940 1001 4998 οἰκεῖον
1060 4948 1370 5020 στράτευμα
1425 4944 1611 5005 λαϐὼν
1646 4994 1659 5021 ,
1701 4952 1792 5005 καὶ
1849 4953 1977 5016 τοὺς

310 5022 682 5091 διαπωθέντας
747 5030 806 5086 ἐκ
853 5038 956 5100 τῆς
1009 5042 1218 5108 τροπῆς
1301 5041 1410 5093 τῶν
1463 5040 1811 5112 ταττομένων
1871 5037 1974 5095 ὑπὸ

306 5116 402 5205 ⁶τὸν
453 5118 760 5191 Πρυκόπιον
821 5118 1293 5195 συμπαραλαϐὼν,
1351 5127 1415 5180 τὸ
1472 5129 1740 5202 Τάραντον
1774 5140 1971 5205 κατρον

310 5197 389 5259 ἔτι
422 5206 569 5280 παρὰ
593 5211 703 5262 τῶν
753 5209 1069 5285 Ἀγαρηνῶν
1116 5214 1492 5289 κατεχόμενον
1550 5197 1975 5294 ἐξεπολιόρκησε

305 5294 396 5348 καὶ
435 5294 609 5350 πάντα
656 5296 749 5352 τὸν
807 5297 860 5353 ἐν
919 5298 1065 5371 αύτῷ
1120 5298 1253 5357 λαὸν
1312 5301 1772 5380 ἠνδραποδίσατο,
1806 5307 1856 5381 ἐξ
1896 5310 1970 5363 ὦν

302 5382 368 5437 τό
423 5403 483 5438 τε
544 5390 933 5460 στρατιωτικὸν
992 5388 1279 5469 ὡφέλησεν
1336 5396 1696 5470 ἀποχρόντως
1752 5398 1841 5453 καὶ
1890 5402 1973 5471 τῷ

309 5473 527 5548 βασιλεῖ
563 5481 882 5557 προσήγαγε
921 5476 1162 5556 λάφυρα.
1229 5483 1387 5542 Ἀλλ’
1444 5487 1544 5543 οὐκ
1598 5484 1878 5561 ἐξιλὲωσεν
1914 5487 1966 5545 ἐν

2089 4775 2390 4842 tenebant,
2409 4769 2783 4844 expugnavit,
2806 4767 2996 4839 captis
3022 4767 3123 4837 qui
3156 4767 3217 4821 in
3248 4781 3318 4822 eo
3352 4770 3520 4821 erant
3549 4764 3739 4821 omni-

2086 4864 2224 4929 bas;
2250 4879 2366 4933 quo
2400 4862 2553 4917 facto
2585 4865 2646 4915 et
2682 4859 2903 4914 milites
2933 4857 3135 4928 prmda
3166 4856 3317 4911 haud
3351 4872 3561 4927 parum
3587 4854 3740 4925 juvit

2086 4959 2144 5008 et
2172 4953 2361 5025 spolia
2391 4951 2464 5006 ad
2495 4951 2925 5021 imperatorem
2947 4945 3162 5003 attulit.
3186 4947 3388 5015 Neque
3410 4950 3608 5003 tamen
3635 4943 3741 4998 im-

2084 5049 2420 5116 paratorem
2455 5057 2524 5095 ea
2552 5056 2647 5095 res
2672 5038 2947 5110 placavit,
2973 5035 3141 5092 sedis
3171 5034 3271 5090 ubi
3304 5034 3573 5105 cognovit
3604 5048 3739 5087 cau-

2085 5148 2211 5189 sam
2270 5131 2543 5203 ProcOpii
2601 5128 2914 5192 interitus;
2976 5126 3230 5183 Leonem
3291 5123 3574 5195 dignitate
3628 5136 3736 5179 sua

2084 5228 2326 5278 emtum
2358 5222 2419 5275 in
2451 5220 2756 5291 Cotymim,
2786 5216 2887 5272 ubi
2917 5214 3184 5271 habitare
3218 5213 3465 5281 solebat,
3507 5212 3735 5285 relega-

2086 5313 2181 5367 vit.
2214 5311 2437 5368 Exinde
2486 5309 2759 5370 Baianus,
2793 5305 2892 5377 qui
2926 5304 3136 5359 Leonis
3167 5304 3522 5374 equisonum
3564 5302 3736 5372 prin-

2082 5420 2219 5473 ceps
2266 5406 2410 5465 erat,
2463 5400 2684 5470 aliique
2735 5395 3005 5451 nonnulli
3065 5393 3209 5448 olim
3245 5392 3454 5448 Leonis
3502 5391 3732 5457 famuli,

2080 5492 2372 5548 actionem
2406 5487 2478 5546 de
2498 5485 2807 5559 majestate
2829 5483 3003 5541 Leoni
3037 5482 3377 5539 intendunt.
3401 5481 3566 5547 Quod
3597 5498 3731 5537 cum

1516 5590 1876 5647 XYLANDHI
1917 5590 2003 5645 ET
2041 5591 2253 5645 GOARI
2299 5589 2519 5645 ΝΟΤΑΕ.

377 5676 490 5742 (95)
537 5677 641 5733 Rei
701 5680 992 5736 vestiarius
1049 5697 1170 5753 prie
1229 5684 1477 5757 reliquis
1534 5684 1631 5743 hic
1688 5694 1962 5759 praeerat.
2019 5688 2307 5744 Meursius
2366 5686 2437 5741 de
2498 5684 2597 5740 illo
2647 5680 2821 5754 clare,
2881 5679 3072 5749 docte,
3133 5677 3260 5734 fuse
3301 5692 3350 5735 ν.
3388 5677 3728 5756 Βεστιάριος.

306 5760 461 5817 GOAa
471 5803 483 5817 .
