4184 6418
396 412 554 473 1119

1767 409 2089 473 GEORGII
2130 408 2483 471 GEDRENI

3660 419 3821 480 1120

394 547 773 602 rescivissent
803 546 1022 603 Bardas
1044 552 1103 602 et
1133 547 1406 612 Davidus,
1431 546 1610 618 hujus
1642 544 1773 613 ﬁlii,
1799 543 2047 599 Bainum

2160 540 2376 603 τούτοις
2406 541 2499 597 τὸν
2537 541 2785 618 βασιλέα,
2809 542 2957 599 ἀλλὰ
2989 546 3174 618 μαθων
3202 546 3305 616 τήν
3354 544 3531 602 αἰτίαν
3575 551 3677 619 τῆς
3721 555 3819 605 τοῦ

394 636 803 701 interficiunt;
837 641 1289 706 metuentesque
1319 635 1428 690 sibi
1461 635 1535 690 ab
1563 634 1713 689 irato
1746 634 1925 705 hujus
1958 632 2047 687 fa-

393 726 616 781 cinoris
646 741 826 780 causa
851 726 1542 796 imperatore,assumpto
1570 730 1737 795 patre
1758 723 1958 793 fugam
1986 723 2047 776 in

394 817 600 887 Syram
650 815 996 870 moliuntur.
1058 817 1390 886 Imperator
1448 814 1520 869 de
1572 831 1636 868 re
1666 813 1777 868 hac
1830 813 2050 867 certior

395 905 585 961 factus
607 904 948 975 praefectum
981 904 1314 960 sodalitatis
1357 920 1490 959 cum
1536 902 1894 975 quibusdam
1932 901 2046 955 mi-

393 994 596 1048 litibus
630 993 830 1059 mittit,
864 994 1140 1048 celeriter
1169 994 1405 1065 insequi
1446 999 1504 1048 et
1538 991 2045 1064 comprehendere

394 1099 494 1137 eos
528 1080 772 1153 jubens.
832 1083 898 1137 Hi
953 1082 1105 1138 nihil
1148 1083 1361 1138 morali
1411 1083 1474 1137 in
1523 1080 1901 1154 Cappadocia
1945 1096 2045 1136 eos

393 1177 774 1242 assequntur,
807 1172 1010 1227 1088
1041 1172 1104 1227 in
1154 1172 1381 1243 Syriam
1410 1176 1822 1244 properantes.
1867 1171 2043 1226 Cum-

391 1277 505 1330 que
539 1275 639 1315 eos
670 1276 987 1333 progressu
1019 1260 1407 1331 prohiberent
1435 1267 1613 1332 atque
1651 1260 1692 1315 ii
1723 1260 1776 1313 vi
1805 1259 2043 1314 resiste-

390 1356 545 1419 rent,
579 1351 655 1405 ad
688 1368 899 1407 manus
930 1357 1194 1419 ventum,
1229 1356 1288 1406 et
1320 1351 1477 1406 inter
1506 1349 1910 1407 dimicandum
1942 1349 2046 1405 filii

392 1440 603 1495 Leonis
635 1439 1001 1495 ceciderunt.
1048 1441 1160 1495 Leo
1192 1446 1401 1512 captus
1433 1444 1489 1494 et
1519 1438 1593 1494 ad
1623 1439 2046 1510 imperatorem

390 1528 713 1601 perductus
745 1534 853 1583 est.
888 1530 968 1584 De
1010 1546 1077 1584 eo
1124 1529 1352 1602 legibus
1399 1533 1596 1584 actum
1646 1528 2047 1597 damnatoque

394 1617 544 1673 alter
563 1618 872 1673 oculorum
896 1620 1145 1674 effossus
1169 1624 1227 1673 et
1255 1618 1443 1674 altera
1472 1633 1759 1673 manuum
1780 1622 2047 1689 amputa-

389 1713 488 1762 ta:
523 1706 585 1760 in
616 1706 1028 1761 Mesembriam
1060 1708 1356 1779 relegatus
1388 1707 1469 1762 ibi
1500 1706 1837 1763 consenuit.

391 1814 574 1848 νουσιν
627 1794 828 1855 αὖτοὺς
884 1793 937 1849 ἒν
992 1792 1352 1865 Καππαδοκίᾳ
1403 1793 1671 1856 συντόνως
1726 1795 1827 1862 τὴν
1904 1791 1993 1847 ἐπὶ
2074 1792 2274 1868 Συρίαν
2359 1790 2699 1857 ἐλαύνοντας.

2161 630 2474 705 Προκοπίου
2501 638 2714 709 σφαγῆς
2771 639 2873 703 τῆς
2930 653 2989 689 τι
3041 634 3223 709 ἀρχῆς
3291 640 3480 691 τοῦτον
3540 638 3819 715 παρέλυσε

2157 719 2246 774 καὶ
2307 716 2580 795 ἐξόριστον
2630 720 2705 782 εἰς
2756 721 2819 777 τὸ
2891 723 3210 792 Κοτυάειον,
3266 720 3388 779 ἔνθα
3442 726 3541 795 τὴν
3595 726 3816 798 οῗίκησιν

2159 809 2301 885 εἶχε,
2348 808 2696 885 παρέπεμψε.
2758 813 2991 868 Βαϊάνου
3025 809 3082 867 δὲ
3129 818 3227 868 τοῦ
3254 815 3477 889 πρώτου
3504 820 3615 871 τῶν
3645 818 3817 873 ἱππο-

2156 896 2345 969 κόμων
2377 897 2495 970 (96)
2559 895 2729 953 αὐτοῦ
2758 897 2846 952 καί
2881 920 3045 954 τινων
3087 898 3276 955 ἄλλων
3316 907 3426 957 τῶν
3478 900 3816 978 ἐξυπηρετη-

2159 985 2409 1057 σαμένων
2462 985 2610 1058 αὐτῷ
2662 988 2879 1064 γραφὴν
2959 990 3337 1054 καθοσιώνεως
3402 990 3812 1067 ἐνστησαμένων

2155 1075 2274 1128 κατ’
2342 1074 2530 1143 αὐτοῦ,
2596 1076 2862 1147 μαθόντες
2919 1080 3086 1133 τοῦτο
3138 1077 3349 1154 Βάρδας
3404 1080 3494 1135 καὶ
3550 1076 3716 1137 Δαϐὶδ
3760 1085 3813 1139 o't

2156 1160 2345 1226 παῖδες
2406 1162 2571 1219 αὐτοῦ
2601 1164 2692 1219 τὸν
2728 1165 2825 1239 μὶν
2881 1165 3110 1222 Βαῖάνον
3179 1167 3482 1245 ἀναιροῦσι,
3541 1167 3811 1248 φοϐηθέν-

2156 1274 2245 1316 τες
2277 1250 2334 1308 δὲ
2363 1256 2461 1325 τὴν
2495 1254 2554 1310 ἐκ
2588 1255 2861 1330 βασιλέως
2894 1255 3066 1335 ὀργῆν
3100 1253 3190 1312 διὰ
3223 1260 3286 1314 τὸ
3332 1258 3628 1334 τόλμημα,
3661 1263 3815 1318 ἀνει-

2158 1341 2397 1423 ληφότες
2428 1346 2518 1399 καὶ
2575 1346 2667 1400 τὸν
2722 1350 2869 1427 σφῶν
2926 1346 3150 1422 πατέρα,
3209 1347 3475 1427 ὥρμησαν
3521 1354 3657 1423 πρὸς
3692 1359 3805 1407 Συ-

2157 1433 2277 1507 ρίαν
2328 1440 2532 1512 φυγεῖν.
2591 1436 2767 1511 Ὅπερ
2805 1436 3113 1510 πυθόμενος
3165 1439 3193 1493 ὁ
3229 1439 3486 1514 βασιλεὺς
3526 1441 3815 1498 ἀπέστειλε

2154 1522 2246 1577 τὸν
2328 1529 2430 1593 τῆς
2499 1524 2765 1598 ἑταιρείας
2833 1524 3077 1604 ἄρχοντα
3144 1531 3256 1599 (97)
3309 1530 3444 1601 μετὰ
3502 1532 3589 1586 καὶ
3650 1552 3816 1587 τινων

2158 1617 2523 1688 στρατιωτῶν,
2584 1612 2963 1689 ἐντειλάμενος
3037 1624 3418 1694 καταταχῆσαι
3496 1620 3586 1675 καὶ
3639 1641 3815 1675 κατα-

2158 1708 2314 1777 σγεῖν
2368 1702 2586 1765 αὐτούς.
2620 1702 2691 1760 Οἳ
2730 1700 2798 1772 δὴ
2846 1705 2935 1760 καὶ
2993 1703 3410 1773 ἐπισπεύσαντες
3454 1706 3818 1783 καταλαμϐά-

2790 1792 3104 1857 Μέλλοντες
3173 1793 3231 1851 δὲ
3282 1795 3529 1853 κωλῦσαι
3587 1799 3815 1861 τούτους

393 1882 728 1958 προσωτέρω
794 1888 1000 1958 χωρεῖν
1080 1882 1234 1959 εὖρον
1304 1884 1729 1956 ἀνθισταμένους
1762 1927 1776 1953 ,
1832 1883 1920 1938 καὶ
1981 1880 2313 1955 συμπλοκῆς
2364 1880 2662 1959 γενομένης
2694 1883 2746 1938 οἱ
2780 1884 2877 1957 μὶν
2934 1882 3031 1939 δύο
3088 1883 3278 1948 παῖδας
3333 1886 3499 1942 αὐτοῦ
3560 1889 3815 1963 μαχόμε-

394 1992 479 2026 νοι
538 1970 850 2042 πίπτουσιν,
910 1972 1073 2036 αὐτὸς
1130 1970 1188 2028 δὲ
1248 1973 1486 2048 ζωγρίας
1539 1972 1770 2048 ληφθεὶς
1828 1970 1981 2047 ἤχθη
2042 1971 2178 2047 πρὸς
2237 1967 2465 2047 βασιλέα
2519 1970 2609 2026 καὶ
2662 1977 2779 2033 τοῖς
2835 1972 3030 2045 νόμοις
3083 1971 3324 2046 ἐξεδόθη.
3375 1977 3816 2055 Καταψηφισθεὶς

395 2078 493 2134 οῦν
526 2079 755 2151 ἐξεκόπη
804 2080 895 2135 τὸν
948 2078 1039 2135 ἕνα
1074 2085 1186 2136 τῶν
1240 2079 1566 2160 ὀφθαλμῶν,
1627 2080 1865 2158 ἀφῃρέθη
1919 2077 2095 2136 δὲκαὶ
2149 2080 2250 2150 τήν
2308 2080 2436 2154 μίαν
2491 2083 2600 2135 τῶν
2653 2086 2882 2157 χειρῶν,
2941 2082 3031 2136 καὶ
3087 2083 3149 2138 τὸ
3208 2082 3402 2139 λοιπὸν
3465 2083 3516 2140 ἐν
3579 2086 3814 2159 Μεσημ-

396 2164 522 2242 ϐρίᾳ
551 2168 823 2243 ἐξόριστος
848 2172 1238 2245 κατεγήρασεν.

465 2262 616 2316 Dum
658 2261 1036 2331 imperatoris
1094 2262 1274 2317 duces
1335 2277 1404 2317 ea
1462 2278 1593 2333 quae
1637 2261 1953 2317 retulimus
1984 2260 2045 2315 in
2078 2267 2125 2330 Β

396 2351 711 2408 Occidente
744 2356 975 2424 gerunt,
1021 2352 1264 2407 interim
1298 2353 1400 2424 qui
1443 2352 1517 2407 ad
1548 2351 1860 2407 meridiem
1887 2352 2045 2406 inco-

393 2440 527 2495 lunt
553 2441 777 2496 Arabes
824 2442 943 2496 otio
995 2440 1261 2496 deditum
1313 2442 1737 2514 imperatorem
1769 2446 2046 2513 putantes

395 2531 663 2585 animum
724 2530 1045 2601 recipiunt,
1104 2530 1442 2602 iterumque
1494 2548 1620 2587 rem
1662 2531 1810 2587 mari
1843 2546 2045 2601 gerere

394 2625 681 2677 statuunt.
716 2621 920 2691 Itaque
951 2620 1240 2676 confectis
1266 2620 1423 2692 apud
1454 2620 1704 2694 Egypti,
1729 2620 2045 2676 thnicim

392 2715 451 2765 et
480 2710 661 2782 Syriae
715 2710 1050 2766 maritimas
1079 2711 1257 2767 urbes
1299 2711 1549 2766 navibus
1600 2709 2045 2782 expeditionem

391 2799 672 2855 adversus
702 2801 997 2855 Romanos
1050 2805 1281 2872 parant,
1334 2799 1812 2872 exploratoribus
1845 2801 2042 2871 primo

392 2888 613 2956 missis,
635 2905 704 2942 ex
726 2888 941 2958 quibus
963 2895 1390 2961 cognoscerent
1423 2904 1540 2959 quo
1568 2888 1697 2943 loco
1730 2904 1824 2943 res
1855 2887 2043 2958 impe-

391 2977 605 3031 ratoris
627 2981 847 3031 essent.
881 2978 1080 3047 Neque
1104 2978 1214 3032 hoc
1238 2977 1576 3032 institutum
1600 2992 1805 3031 eorum
1835 2975 2048 3031 fefellit

394 3065 696 3132 Basilium,
725 3065 829 3120 sed
857 3066 1058 3121 omnia
1079 3083 1210 3137 quae
1240 3067 1303 3121 in
1327 3067 1497 3138 Syria
1516 3069 1865 3139 gererentur
1881 3081 2041 3121 com-

392 3154 565 3225 perit.
592 3156 655 3209 Et
677 3154 799 3226 ipse
822 3154 1075 3210 classem
1097 3171 1374 3228 magnam
1397 3154 1718 3211 fabricatus
1739 3154 1814 3211 ad
1834 3154 2046 3210 urbem

393 3242 669 3312 detinuit,
730 3243 946 3298 futuris
1002 3245 1288 3299 intentus.
1341 3244 1588 3299 Interim
1637 3260 1711 3299 ne
1764 3243 2047 3300 clasiiarii

394 3332 546 3386 nihil
568 3332 794 3404 agendo
808 3333 1134 3388 deteriores
1157 3332 1728 3403 flerent,quando,ut
1747 3333 1834 3388 ait
1849 3338 2044 3404 poeta,

392 3421 569 3477 inane
628 3423 711 3477 nil
770 3422 909 3477 boni
968 3422 1240 3495 producti
1286 3424 1496 3491 otium,
1557 3424 1619 3477 in
1696 3422 2046 3478 aadiﬂcando

395 3512 551 3581 quod
570 3517 710 3567 tunc
726 3527 882 3583 pone
904 3513 1348 3583 imperatoriam
1374 3513 1573 3568 aulam
1594 3512 2048 3567 substruebatur

393 3600 465 3655 de
488 3601 733 3655 nomine
754 3603 892 3655 Jesu
913 3601 1127 3656 Christi
1157 3601 1467 3672 templum,
1491 3601 1753 3671 itemque
1786 3599 2042 3656 caelestis

394 3688 625 3743 militiaa
644 3690 855 3744 ducem
884 3690 1174 3761 principis
1196 3695 1255 3744 et
1274 3690 1416 3744 Eliae
1438 3689 1728 3744 Thesbitze
1766 3689 1921 3745 fanis
1950 3689 2044 3744 ab-

398 3778 699 3833 solvendis
725 3794 931 3835 eorum
973 3795 1154 3850 opera
1201 3796 1345 3835 usus
1393 3785 1501 3844 est,
1554 3784 1919 3850 paratorum,
1942 3779 2044 3833 ubi

393 3869 654 3939 primum
704 3867 1007 3922 montibus
1038 3869 1245 3923 1084
1293 3885 1424 3925 sese
1472 3867 1771 3923 emitteret
1810 3868 2047 3940 Syriaca

394 3958 623 4027 classis,
657 3958 908 4013 navibus
956 3959 1299 4014 conscensis
1339 3957 1414 4013 ad
1455 3974 1591 4013 eum
1623 3957 2045 4015 debellandum

393 4047 579 4102 avehi.
615 4049 688 4101 At
714 4048 1143 4104 Saracenorum
1170 4047 1509 4120 explorator
1536 4064 1671 4102 cum
1703 4048 1915 4119 Cpolin
1948 4065 2046 4103 ve-

391 4137 582 4191 nisset
629 4137 950 4208 omniaque
994 4144 1200 4207 parata
1255 4137 1599 4205 invenisset,
1645 4153 1916 4192 reversus
1972 4136 2048 4192 ad

394 4243 534 4281 suos
562 4243 693 4297 quas
723 4226 951 4282 viderat
983 4226 1222 4294 retulit;
1262 4227 1421 4297 iique
1449 4226 1521 4281 ab
1550 4227 1826 4281 instituto
1857 4227 2047 4282 deter-

394 4314 499 4369 riri
534 4316 904 4386 quieverunt.

395 4399 552 4470 ιδὼν,
612 4401 917 4458 ἐπανελθὼν
978 4403 1113 4479 πρὸς
1168 4403 1297 4465 τοὺς
1369 4403 1688 4477 πέμψαντας
1747 4402 1847 4457 ὅσα
1902 4398 2039 4456 εἶδεν

394 4511 471 4561 πη
480 4511 574 4544 σαν
582 4537 594 4548 .

464 4582 755 4637 ϐαδιεῖ-[ιω
788 4584 1282 4655 Carthaginenses
1322 4583 1580 4654 acceptis
1606 4582 1876 4638 cladibus
1910 4581 2047 4636 facti

392 4670 743 4738 timidiores,
765 4689 900 4726 cum
922 4674 1106 4727 nullis
1128 4674 1499 4744 implicatum
1521 4673 1776 4744 negotiis
1800 4672 2049 4743 impera-

396 4764 584 4812 torem
644 4761 1072 4830 percepissent,
1134 4767 1468 4815 metuentes
1501 4776 1576 4815 ne
1609 4760 1805 4815 subito
1836 4760 2048 4816 classis

395 4850 663 4903 Romana
696 4848 757 4902 in
790 4849 1057 4919 ipsorum
1081 4850 1455 4904 emitteretur
1484 4850 1794 4911 ditionem.
1832 4849 2051 4905 multas

398 4954 575 4992 naves
603 4937 1027 4997 fabricati.suh
1064 4937 1299 4993 initium
1334 4939 1663 5006 veris,cum
1700 4939 1773 4994 ab
1805 4940 2054 5012 impera-

396 5030 519 5083 toré
543 5028 693 5083 nihil
718 5029 831 5083 tale
864 5029 991 5083 fieri
1024 5028 1453 5091 sentirent,rati
1486 5029 1762 5085 eumaliis
1783 5030 2054 5085 hostibus

396 5118 696 5189 impediri,
743 5118 1005 5173 Siciliam
1055 5118 1241 5173 classe
1272 5118 1628 5188 petiverunt,
1673 5117 2049 5189 obsessisque

395 5207 725 5277 Syracusis,
758 5223 889 5277 quaa
922 5209 1147 5262 circum
1181 5213 1351 5261 erant
1382 5205 1644 5277 populati
1680 5212 1835 5261 sunt.
1866 5209 1947 5262 Ea
1975 5206 2050 5261 de

2224 2260 2321 2316 ’Ev
2350 2261 2397 2333 ᾧ
2428 2257 2487 2315 δὲ
2517 2261 2661 2315 οὕτω
2710 2262 2847 2316 κατὰ
2874 2262 2974 2331 τὴν
3008 2262 3270 2337 Ἑσπέραν
3330 2259 3421 2318 διὰ
3474 2266 3584 2318 τῶν
3613 2284 3812 2340 στρατ-

2157 2352 2309 2422 ηγῶν
2333 2353 2415 2421 τῷ
2472 2349 2700 2406 Βασιλεῖ
2751 2350 3171 2422 κατεπράττετο,
3242 2353 3293 2406 οἱ
3345 2350 3405 2407 ἐκ
3464 2349 3815 2428 μεσημϐρίας

2156 2433 2395 2513 Ἄραϐες
2452 2437 2745 2515 σχολάζειν
2791 2439 2887 2495 τὸν
2949 2438 3176 2513 βασιλέα
3230 2438 3548 2514 νομίσαντες
3589 2442 3816 2517 ἀνεθάρ-

2158 2548 2326 2599 σησαν
2385 2528 2474 2582 καὶ
2558 2527 2726 2583 πάλιν
2810 2533 2918 2584 τῶν
3005 2530 3141 2584 κατὰ
3234 2530 3503 2586 θάλατταν
3554 2532 3814 2587 ἅπτεσθαι

2156 2618 2496 2693 πραγμάτων
2581 2615 2901 2693 διέγνωσαν.
2991 2624 3135 2684 Ναῦς
3226 2620 3321 2675 οῦν
3414 2623 3809 2693 τεκτηνάμενοι

2155 2708 2294 2763 κατὰ
2329 2727 2387 2762 τε
2416 2708 2518 2778 τὴν
2549 2705 2824 2784 Α⁴ίγυπτον
2860 2709 2951 2764 καὶ
2998 2710 3095 2772 τὰς
3153 2707 3205 2764 ἐν
3238 2708 3470 2785 Φοινίκῃ
3504 2712 3595 2765 xui
3637 2711 3807 2786 Συρίᾳ

2155 2795 2460 2872 παραλίους
2554 2795 2746 2860 πολεις
2780 2840 2796 2865 ,
2880 2798 3017 2854 κατὰ
3098 2799 3391 2872 Ῥωμαίων
3473 2799 3807 2875 ἐκτρατεύειν

2157 2883 2490 2953 διενοοῦντο,
2571 2886 2811 2949 σκοποὺς
2894 2886 3204 2962 πέμψαντες
3285 2884 3552 2964 πρότερον
3620 2887 3703 2964 ἐφ’
3761 2890 3809 2962 ᾧ

2159 2977 2346 3049 μαθεῖν
2380 2980 2498 3038 πῶς
2529 2972 2649 3056 ἔχει
2696 2978 2765 3032 τὰ
2806 2975 3098 3052 βασιλέως.
3140 2976 3301 3034 ἈΛλ’
3360 2976 3476 3033 οὐδ’
3534 2979 3809 3034 ἀλαοσκο-

2154 3062 2286 3131 πίην
2340 3061 2486 3137 εἶχεν
2545 3066 2657 3136 (98)
2689 3063 2718 3117 6
2754 3062 3033 3139 βασιλεὺς,
3075 3061 3222 3119 ἄλλα
3286 3064 3463 3121 πάντα
3521 3062 3808 3141 διέγνωστο

2157 3150 2303 3225 αὐτῷ
2353 3152 2419 3207 τὰ
2477 3151 2529 3207 ἐν
2589 3152 2762 3228 Συρία
2819 3154 3213 3227 πρατοόμενα.
3268 3156 3644 3229 Ναυπηγήσας
3713 3158 3808 3209 οῦν

2155 3242 2245 3322 καὶ
2275 3240 2437 3303 αὐτὸς
2469 3239 2699 3297 στόόλον
2731 3241 3036 3317 ἀξιόμαχον
3077 3248 3324 3319 συνεῖχεν
3374 3243 3426 3297 ἐν
3458 3248 3526 3318 τῇ
3563 3240 3808 3317 βασιλίδι

2153 3331 2244 3386 καὶ
2283 3330 2346 3385 τὸ
2380 3328 2589 3403 μέλλον
2617 3327 2956 3406 ἐκαραδόκει.
3000 3337 3081 3405 [Ρ.
3114 3335 3239 3406 585]
3272 3334 3387 3390 ’Ίνα
3435 3330 3492 3387 δὲ
3536 3335 3612 3406 μὴ
3646 3333 3810 3407 ἀργὸς

2154 3418 2421 3493 ὑπάρχων
2455 3420 2482 3473 6
2515 3417 2715 3481 στόλος
2766 3417 2996 3482 ἄτακτος
3052 3418 3267 3498 γένοιτο
3324 3422 3513 3493 (τίκτει
3543 3422 3644 3495 γὰρ
3675 3422 3811 3477 κατὰ

2151 3507 2245 3563 τὸν
2275 3508 2511 3578 ποιητὴν
2545 3505 2700 3562 οὐδὲν
2732 3505 2926 3573 ἐσθλὸν
2973 3508 3151 3564 εἰκαια
3208 3508 3437 3585 σχολὴ),
3468 3508 3521 3564 ἐν
3552 3513 3623 3583 τῇ
3652 3509 3809 3565 ἀνοι-

2155 3593 2374 3670 κοδομῇ
2421 3602 2520 3651 τοῦ
2576 3597 2714 3653 κατᾶ
2768 3599 2867 3666 τήν
2908 3600 3188 3674 βασίλειον
3231 3598 3405 3669 αὐλὴν
3461 3598 3809 3675 ἐγειρομένου

2153 3685 2277 3741 τότε
2305 3691 2438 3741 ναοῦ
2469 3686 2546 3749 εἲς
2578 3683 2753 3762 ὄνομα
2781 3692 2880 3744 τοῦ
2930 3695 3193 3767 Σωτηρος
3237 3693 3397 3764 ἡμῶν
3458 3688 3642 3761 Ἰησοῦ
3673 3693 3808 3765 Χρι-

2154 3780 2283 3831 στοῦ
2338 3776 2435 3832 τοῦ
2502 3781 2634 3833 Θεοῦ
2686 3779 2774 3834 καὶ
2862 3783 2969 3835 τῶν
3045 3780 3511 3859 ἀρχιστρατήγων
3565 3781 3680 3854 (99)
3715 3777 3810 3834 καὶ

2158 3864 2356 3921 Ἠλίου
2410 3870 2507 3922 τοῦ
2563 3861 2824 3922 Θεσϐίτου
2881 3865 3176 3943 διωρίσατο
3233 3869 3431 3931 αὐτοὺς
3491 3869 3808 3943 ὑπουργεῖν,

2158 3955 2416 4027 ἑτοίμους
2442 3956 2622 4017 ὄντας·
2653 3956 2706 4010 ἲν
2739 3953 2864 4012 ὅταν
2901 3958 3184 4033 ὑπερκύψας)
3243 3963 3351 4014 τῶν
3402 3959 3566 4033 ὁρίων
3608 3956 3811 4033 Συρίας

2157 4046 2186 4100 6
2218 4042 2437 4115 στόλος,
2492 4043 2940 4117 έμπαρασκεῦους
2995 4045 3193 4108 αὐτοὺς
3251 4046 3627 4117 ἀποσταλῆναι
3676 4047 3813 4119 πρὸς

2155 4133 2255 4201 τὴν
2316 4130 2534 4187 ἐκείνων
2623 4133 3064 4209 ἀντιπαραταξιν.
3149 4135 3253 4192 Καὶ
3313 4137 3341 4190 6
3400 4136 3495 4208 μὶν
3559 4132 3813 4211 βασιλεὺς

2157 4221 2563 4294 ᾠκονομήσατο
2615 4220 2811 4284 οὕτως’
2873 4224 2901 4277 ὁ
2942 4219 3001 4278 δὲ
3053 4227 3161 4279 τῶν
3220 4228 3553 4299 Σαρακηνῶν
3613 4223 3817 4284 σκοπὸς

2157 4306 2482 4367 καταλαϐὼν
2542 4313 2645 4380 τὴν
2708 4310 2965 4387 βασιλίδα
3021 4316 3114 4369 καὶ
3164 4314 3333 4370 πάντα
3401 4314 3633 4389 εὐτρεπῆ
3691 4333 3817 4368 κατ-

2098 4398 2449 4475 ἀπήγγειλεν.
2511 4400 2581 4458 Οἳ
2633 4399 2691 4456 δὲ
2745 4404 3178 4474 καταπτηξαντες
3226 4405 3327 4474 τήν
3356 4402 3596 4478 ἡσυχίαν
3659 4400 3811 4478 ἠγά-

2233 4575 2612 4654 Καρχηδόνιοι
2672 4576 2730 4634 δὲ
2805 4578 2972 4634 πάλιν
3054 4577 3141 4635 διὰ
3204 4580 3302 4642 τὰς
3353 4575 3815 4655 προηγησαμὲνας

2158 4668 2321 4736 ἥττας
2353 4663 2590 4730 δεδιότες
2620 4669 2720 4736 τήν
2760 4669 3001 4746 ἡσυχίαν
3049 4673 3146 4724 τοῦ
3196 4666 3470 4744 βασιλέως
3525 4669 3813 4741 μαθόντες,

2158 4757 2251 4811 καὶ
2280 4757 2611 4826 πτοηθέντες
2666 4756 2743 4829 μὴ
2774 4777 2891 4818 πως
2928 4756 3196 4836 αἰφνίδιον
3255 4757 3566 4831 Ῥωμαϊκὸς
3619 4754 3816 4816 στόλος

2160 4846 2300 4900 κατὰ
2376 4851 2475 4914 τῆς
2570 4844 2747 4900 αὐτῶν
2827 4845 3106 4920 ἑκπεμσθῇ
3165 4847 3390 4921 χώρας,
3447 4849 3574 4906 ναῦς
3631 4844 3815 4907 ἱκανὰς

2170 4933 2516 5005 ἐτεκτήναντο
2552 4978 2564 4991 .
2630 4937 2795 5008 Ἠρος
2851 4931 2897 4989 δ’
2955 4933 3362 5009 ἐπιλαμπυντος
3421 4934 3495 4995 ὡς
3551 4931 3815 5006 οὐδεμίαν

2165 5024 2391 5099 δύναμιν
2423 5048 2483 5081 εκ
2528 5026 2797 5100 βασιλέως
2846 5034 3183 5103 πεμφθεῖσαν
3234 5030 3588 5101 έμᾶνθαννον,
3622 5027 3816 5081 ὑποτο-

2159 5118 2429 5186 πήσαντες
2487 5117 2624 5191 πρὸς
2682 5114 2894 5179 ἄλλους
2964 5115 3209 5191 ἄσχολον
3266 5117 3403 5172 εἶναι
3431 5118 3524 5171 τὸν
3587 5112 3817 5191 βασιλέα

2160 5204 2578 5279 ἐκστρατεύουσι
2616 5206 2754 5261 κατὰ
2801 5204 3074 5276 Σικελίας,
3106 5206 3201 5260 καὶ
3250 5203 3316 5276 δὴ
3366 5206 3501 5280 πρὸς
3530 5205 3625 5273 τήν
3654 5200 3819 5257 πόλιν

1582 5321 1944 5378 XYLANDBI
1984 5324 2073 5377 ET
2111 5324 2323 5379 GOARI
2361 5324 2585 5379 ΝΟΤΑΞ.

606 5430 714 5504 Qui
747 5430 1210 5504 πρωτοστράτωρ,
1245 5431 1317 5486 de
1342 5448 1458 5502 quo
1493 5429 1653 5504 alibi.
1690 5430 1864 5504 βολῇ.

466 5501 572 5568 (97)
630 5498 930 5576 Ἐταιρείγας
990 5498 1234 5576 ἄρχοντα
1274 5498 1414 5576 inn-0
1465 5500 1748 5576 vocabulo
1789 5498 2055 5576 ἑταιριαρ-

395 5585 504 5649 χηι
548 5572 1038 5649 vocat_Codinus'
1065 5572 1568 5649 'confcrderatorum
1609 5574 1799 5627 ducem
1831 5572 1903 5627 de
1936 5572 2052 5643 quo

392 5644 521 5715 jam
534 5644 787 5715 abunde
819 5647 1112 5715 superius.
1148 5648 1326 5701 (£01m.

471 5708 583 5781 (98)
618 5712 681 5765 In
711 5708 977 5785 margine
1007 5716 1441 5791 τυφλοσκοπιήν.
1477 5718 1580 5771 Est
1609 5720 1807 5769 autem
1850 5715 2055 5771 Home-

2166 5432 2357 5486 ricum
2389 5430 2556 5485 Iliad.
2590 5433 2658 5485 K.
2693 5431 2764 5486 de
2791 5431 3067 5503 Apolline
3098 5437 3156 5487 et
3184 5433 3325 5487 alibi
3359 5431 3491 5487 XYL.

2236 5504 2347 5572 (99)
2405 5503 2707 5557 Michaelis
2764 5499 3172 5559 et'Gabrielis
3221 5503 3477 5560 caelestis
3526 5499 3822 5572 exercitus

2166 5570 2382 5643 ducum
2415 5591 2456 5702 ἓ
2481 5574 2699 5629 Graacis
2730 5575 2909 5630 simul
2941 5577 3243 5647 praecipua
3273 5573 3654 5631 veneratione
3687 5570 3815 5625 cul-

2164 5652 2381 5701 torum.
2462 5662 2588 5700 om.
