4184 6420
338 421 491 482 1121

1457 413 2002 477 HISTORIARUM
2049 414 2604 479 GOMPENDIUM.

3614 423 3771 483 1122

337 556 437 620 τὰς
494 552 849 627 Συρακούσας
902 548 1278 626 προσσχόντες
1335 547 1538 619 ταύτην
1605 545 1994 622 ἐπολιόρκουν.

2135 567 2177 607 'e
2236 550 2566 622 imperator
2617 568 2653 608 a
2710 552 2990 624 praefecto
3051 553 3268 610 Siciliaa
3300 555 3518 610 certior
3560 556 3773 627 factus,

338 643 524 700 καὶτὰ
554 641 707 705 ἐκτὸς
740 639 933 715 ἐδῄουν
967 647 1066 709 τῆς
1118 638 1311 715 χώρας
1359 637 1449 694 καὶ
1506 634 1816 708 ἐληίζοντο.
1878 641 1992 695 Τοῦ

342 730 400 788 δὲ
421 734 732 806 στρατηγοῦ
771 737 873 800 τῆς
931 726 1188 790 Σικελίας
1246 725 1391 797 δῆλα
1440 730 1611 782 ταῦτα
1676 728 1859 791 θέντος
1912 731 1993 799 τῷ

345 820 584 899 βασιλεῖ,
627 818 824 882 εὐθέως
872 822 908 889 ἡ
966 823 1489 892 προευτρεπισθεῖσα
1542 817 1769 885 ναυτική
1831 813 1997 871 δύνα-

350 932 441 987 μις
508 910 605 965 κάν
658 913 727 984 τῇ
785 910 957 965 κτίσει
1011 912 1110 964 τοῦ
1167 912 1300 962 ναοῦ
1356 903 1795 983 προσεδρεύουσα
1860 906 1997 982 πρὸς

345 998 601 1058 Σικελίαν
630 997 990 1072 ἐκπέμπεται,
1024 994 1307 1072 Ἀδριανὸν
1360 996 1452 1051 τὸν
1502 995 1789 1070 πατρίκιον
1832 989 2000 1073 ἔχου-

347 1111 412 1145 σα
449 1087 747 1167 ναύαρχον·
791 1088 850 1151 ’ὀς
906 1093 1006 1156 τῆς
1066 1082 1353 1161 βασιλίδος
1408 1085 1637 1158 ἀπάρας,
1701 1084 1777 1158 μὴ
1840 1084 1996 1139 εὐθυ-

346 1178 537 1235 πλοῶν
568 1175 646 1247 δὲ,
681 1175 844 1251 μόλις
901 1173 1171 1245 κατῆλθεν
1223 1174 1301 1237 εἰς
1360 1172 1804 1243 Πελοπόννησον,
1865 1171 2003 1227 κατὰ

347 1266 408 1325 δὲ
450 1270 553 1339 τὴν
613 1261 995 1341 Μονεμϐασίαν
1053 1264 1108 1320 ἐν
1146 1269 1226 1336 τῷ
1288 1263 1618 1337 καλουμένῳ
1681 1261 1865 1335 λιμένι
1904 1266 2003 1318 τοῦ

350 1359 591 1431 Ἱερακος
624 1355 1001 1431 προσορμίσας
1041 1352 1301 1430 ἐπίφορον
1360 1350 1723 1430 προσεδέχετο
1771 1355 2002 1426 πνεῦμα.

348 1445 476 1505 Ἐπὲ
504 1443 653 1501 πολὺ
685 1441 744 1499 δὲ
784 1438 1277 1523 χρονοτριϐοὖντος
1306 1442 1477 1498 αὐτοῦ
1533 1441 1671 1497 κατᾶ
1713 1441 1805 1497 τὸν
1854 1440 2006 1515 εἰρη-

353 1534 512 1610 μένον
556 1534 776 1608 λιμένα,
833 1534 926 1589 καὶ
990 1536 1065 1605 μὴ
1121 1532 1469 1608 βουλομένου
1518 1533 1653 1587 κατὰ
1706 1531 1803 1594 τὰς
1859 1551 2006 1601 νηνε-

355 1625 483 1698 μίας
523 1622 780 1700 εἷρεσίαις
840 1624 1083 1698 χρῆσθαι
1146 1619 1288 1695 μηδὲ
1343 1622 1479 1698 πρὸς
1536 1618 1777 1676 ἒναντίον
1834 1639 2008 1693 παρα-

357 1711 655 1788 βάλλεσθαι
699 1710 868 1786 κῦμα,
925 1716 1034 1766 τῶν
1094 1711 1413 1786 Ἀγαρηνῶν
1470 1706 1833 1786 σφοδρότερον
1891 1706 2008 1764 ἐπι-

351 1802 620 1877 κειμένων
680 1806 751 1876 τῇ
810 1799 1108 1876 πολιορκίᾳ
1165 1796 1362 1871 συνέϐη
1420 1802 1519 1871 τὴν
1578 1798 1740 1855 πόλιν
1800 1797 2009 1853 ἀλῶναι

2106 657 2471 713 quamquam
2490 642 2785 698 classiarii
2808 649 2935 699 tum
2957 650 3160 701 essent
3183 645 3404 717 templo
3422 646 3773 703 aedificando

2104 731 2400 803 occupati,
2434 738 2636 788 tamen
2660 749 2763 788 eos
2785 733 2934 788 duce
2957 733 3217 789 Adriano
3239 736 3492 806 patricio
3540 736 3601 791 in
3624 737 3776 791 Sici-

2109 818 2253 874 liam
2274 820 2479 876 mittit.
2522 822 2577 876 Is
2618 838 2751 877 cum
2777 829 3005 877 rectum
3029 839 3272 879 cursum
3313 841 3433 879 non
3457 825 3771 894 tenuisset,

2112 925 2266 981 aegre
2298 909 2373 965 ad
2413 914 2652 981 portum
2687 911 2787 982 qui
2841 912 3051 967 Hierax
3085 912 3322 981 dicitur,
3354 915 3773 970 Monembasiaa

2112 998 2175 1052 in
2204 998 2619 1070 Peloponneso
2675 1001 2924 1068 vicinus,
2983 1017 3160 1057 naves
3214 1000 3518 1073 applicuit,
3570 1004 3773 1074 ibique

2114 1086 2445 1143 secundum
2478 1095 2716 1144 ventum
2765 1090 3142 1161 praestolatus
3166 1094 3273 1145 est.
3326 1091 3595 1161 Dumque
3620 1098 3775 1147 tem-

2116 1194 2227 1248 pus
2260 1177 2344 1233 ibi
2378 1178 2535 1248 terit,
2568 1179 2783 1235 nolens
2842 1185 3013 1236 vento
3046 1197 3167 1235 non
3214 1180 3475 1251 spirante
3498 1182 3773 1254 navigare

2118 1272 2220 1321 aut
2249 1268 2566 1324 contrariis
2588 1285 2650 1324 se
2674 1269 2916 1324 credere
2940 1269 3240 1336 lluctibus,
3258 1270 3499 1325 interim
3521 1272 3777 1343 Agareni

2118 1358 2548 1429 oppugnationi
2580 1359 2876 1413 instantes
2908 1358 3214 1431 Syracusis
3267 1360 3614 1431 potiuntur;
3648 1376 3774 1416 ma-

2119 1460 2353 1516 gnaque
2377 1445 2537 1501 caade
2561 1446 2785 1514 edita,1
2799 1447 2949 1505 035
2960 1453 3019 1503 et
3041 1447 3138 1519 qui
3165 1454 3516 1520 supererant
3531 1448 3777 1520 captivis

2122 1534 2415 1604 abductis,
2440 1536 2651 1592 urbem
2674 1537 2923 1592 diruunt
2942 1555 3011 1593 ac
3035 1538 3174 1593 fana
3196 1539 3325 1610 ejus
3342 1538 3618 1594 incendio
3643 1555 3779 1608 per-

2123 1624 2291 1680 dunt.
2325 1625 2413 1681 Ita
2441 1625 2586 1682 urbs
2618 1643 2707 1697 ea,
2740 1628 3031 1683 hactenus
3062 1628 3219 1683 fama
3265 1628 3541 1698 celebris,
3569 1634 3627 1684 et
3649 1645 3779 1699 qua)

2123 1713 2311 1769 multa
2332 1715 2726 1771 Barbarorum
2758 1717 3172 1789 proﬂigaverat
3200 1716 3598 1790 bella,exiguo
3631 1723 3784 1772 tem-

2127 1801 2289 1872 poris
2322 1802 2513 1873 spatio
2536 1802 2805 1858 funditus
2831 1804 3025 1874 periit.

352 1892 446 1947 καὶ
501 1896 610 1947 τῶν
668 1891 722 1945 ἐν
780 1892 923 1965 αὐτῇ
982 1891 1142 1967 φόνον
1199 1891 1438 1967 γενέσθαι
1502 1887 1697 1957 πολὺν,
1763 1887 1890 1948 τοὺς
1950 1884 2007 1942 δὲ
2065 1886 2297 1950 λοιποὺς
2356 1886 2900 1964 αίχμαλωτισθῆναι,
2953 1898 3361 1967 κατασκαφῆναι
3421 1887 3478 1945 δὲ
3534 1892 3624 1946 καὶ
3683 1892 3785 1961 τήν

354 1980 539 2051 πόλιν,
570 1981 660 2036 καὶ
688 1980 814 2044 τοὺς
845 1979 899 2035 έν
932 1980 1074 2055 αὐτῇ
1106 1978 1526 2054 πυρποληθῆναι
1559 1977 1739 2042 θείους
1793 1976 1982 2045 ναοὺς,
2035 1971 2368 2051 περιϐόητον
2421 1978 2510 2032 καὶ
2566 1976 2824 2053 λαμπρὰν
2887 1978 3053 2055 μέχρι
3119 1977 3278 2035 τοῦδε
3330 1982 3631 2057 γενομένην
3691 1981 3782 2035 καὶ

353 2068 604 2133 πολλοὺς
639 2065 1004 2147 βαρϐαρικοὺς
1038 2068 1471 2143 ἀποσεισαμένην
1503 2067 1810 2142 πολέμους,
1872 2066 1923 2121 έν
1984 2066 2177 2141 ἀκαρεῖ
2234 2063 2292 2121 δὲ
2348 2066 2540 2142 χρόνῳ
2605 2071 2777 2122 πᾶσαν
2836 2063 3283 2138 ἀποϐεϐληκυΐαν
3344 2071 3443 2136 τὴν
3505 2067 3781 2125 ε’ὐκλειαν.

426 2163 538 2219 Τοῦ
595 2157 653 2215 δὲ
710 2155 1016 2235 συμϐάντος
1066 2157 1320 2231 αἶ’σθησιν
1378 2154 1569 2214 ἔλαϐεν
1642 2159 1670 2214 6
1726 2155 2009 2231 Ἀδριανὸς

2192 2158 2498 2214 Excidium
2549 2160 2988 2231 Syracusanum
3013 2160 3306 2216 Adrianus
3344 2161 3456 2215 hoc
3480 2160 3657 2215 modo
3681 2177 3782 2215 co-

363 2255 557 2305 τοῦτον
589 2249 681 2305 τὸν
712 2248 938 2324 τρόπον’
971 2249 1150 2312 Τόπος
1208 2248 1321 2303 ἐστὶ
1378 2250 1515 2304 κατὰ
1567 2248 1667 2316 τὴν
1726 2245 2018 2305 Πελοπόν-

2135 2248 2344 2322 gnovit.
2398 2250 2584 2305 Locus
2637 2255 2728 2305 est
2786 2250 2846 2304 in
2906 2250 3340 2321 Peloponneso,
3373 2250 3445 2306 ab
3491 2250 3785 2324 opacitate
3880 2255 3886 2261 “

356 2358 525 2408 νησον
575 2334 743 2400 Ἕλος
829 2336 1392 2414 προσαγορευόμενος,
1453 2333 1543 2392 διὰ
1595 2337 1660 2392 τὸ
1729 2334 2022 2412 συνηρεφὲς

356 2434 461 2497 τῆς
518 2425 696 2483 ἐκεῖσε
753 2427 895 2499 ὕλης
950 2428 1152 2498 ταύτην
1208 2426 1400 2504 λαχὼν
1456 2428 1556 2496 τήν
1613 2424 2018 2501 προσωνυμίαν.

360 2519 450 2575 Ἐν
477 2516 662 2590 τούτῳ
694 2519 757 2573 τὸ
785 2522 892 2572 τῶν
927 2517 1213 2591 Ῥωμαίων
1262 2516 1520 2588 ηὐλίζετο
1578 2517 1853 2573 ναυτικόν.
1906 2517 2022 2586 Μιᾷ

360 2611 498 2684 γοῦν
527 2611 637 2662 τῶν
693 2612 901 2662 νυκτῶν
958 2613 1069 2662 τῶν
1128 2606 1301 2662 ἐκεῖσε
1365 2605 1767 2662 κατοικούντων
1826 2602 2024 2679 δαιμό-

359 2719 467 2753 νων
500 2696 635 2771 πρὸς
666 2694 959 2767 ἀλλήλους
991 2695 1399 2772 διαλεγομένων
1432 2697 1671 2765 ἤκουσαν
1736 2696 1789 2751 οἱ
1836 2700 2023 2768 νομεῖς

365 2782 441 2846 ὠς
472 2785 618 2841 ἑάλω
648 2787 748 2853 τήν
790 2786 922 2861 χθὲς
979 2786 1190 2860 ἡμέραν
1252 2786 1572 2861 Συράκουσα
1622 2785 1714 2840 καὶ
1771 2783 2028 2839 κατέσκα-

370 2892 519 2931 πται.
555 2874 641 2947 Ἐξ
692 2873 879 2951 ἑτέρου
932 2871 991 2928 δὲ
1054 2874 1190 2948 πρὸς
1242 2870 1423 2949 ἕτερον
1480 2870 2024 2948 διαπορθμευομένου

371 2966 470 3017 τοῦ
499 2961 692 3039 λόγου,
719 2957 914 3040 ἔφθασε
960 2963 1218 3037 καὶπρὸς
1276 2959 1560 3038 Ἀδριανὸν
1628 2962 1692 3017 τὸ
1752 2959 2024 3037 διήγημα.

374 3051 461 3124 [Ρ.
492 3054 621 3126 586]
654 3053 714 3109 Ὀ
756 3048 812 3107 δὲ
867 3051 995 3115 τοὺς
1054 3051 1320 3125 ποιμένας
1380 3049 1885 3125 μετακαλεσαμενος
1937 3052 2026 3106 καὶ

330 3158 336 3164 ·
377 3139 922 3219 πολυπραγμονήσας
953 3140 1076 3216 εὗρε
1132 3143 1199 3198 τὰ
1257 3144 1584 3197 ακουσθέντα
1635 3146 1753 3204 τοῖς
1809 3139 2029 3196 ἐκείνων

375 3224 839 3305 έπιϐεϐαιούμενα
868 3230 1079 3306 λόγοις.
1131 3229 1435 3302 Βουληθεὶς
1494 3228 1553 3286 δὲ
1607 3232 1698 3286 καὶ
1754 3230 2031 3302 αὐτήκοος

372 3319 641 3397 γενέσθαι,
678 3320 814 3393 μετᾶ
840 3320 951 3376 τῶν
981 3318 1256 3393 ποιμένων
1305 3321 1361 3375 ἒν
1413 3324 1492 3393 τῷ
1540 3320 1696 3392 τόπῳ
1734 3319 2028 3395 γενόμενος

376 3410 466 3466 καὶ
496 3408 563 3466 δι’
593 3408 771 3465 αὐτῶν
839 3407 1105 3483 ἐρώτησιν
1162 3414 1281 3472 τοῖς
1342 3406 1565 3483 δαίμοσι
1621 3407 2031 3486 προσαγηοχὼς

376 3502 611 3570 ἤκουσεν
651 3499 726 3563 ὡς
752 3496 863 3569 ἤδη
895 3497 1044 3554 έάλω
1077 3499 1415 3574 Συράκουσα.
1472 3496 1778 3573 Ἀδημονίᾳ
1825 3497 1883 3553 δὲ
1941 3497 2029 3553 καὶ

2128 2340 2311 2408 silva,
2340 2355 2458 2410 qua
2486 2344 2577 2395 est
2607 2340 2897 2410 consitus,
2931 2341 3109 2397 Helos
3158 2340 3509 2413 appellatus.
3542 2342 3623 2395 Eo
3653 2340 3783 2396 loco

2125 2432 2408 2485 Romanae
2469 2435 2596 2484 tum
2655 2446 2834 2485 naves
2884 2430 2944 2485 in
3004 2430 3259 2487 statione
3302 2435 3494 2487 erant.
3522 2430 3786 2497 Quadam

2127 2523 2302 2575 nocte
2336 2524 2610 2590 pastores
2634 2520 2911 2576 audivere
2942 2519 3284 2577 daamonum
3316 2520 3397 2575 ibi
3442 2520 3786 2594 degentium

2127 2624 2332 2663 vocem
2362 2607 2521 2664 inter
2581 2626 2644 2664 se
2670 2608 3149 2679 colloquentium
3211 2614 3270 2665 et
3324 2609 3518 2681 pridie
3580 2614 3786 2681 captas

2131 2697 2478 2769 excisasque
2528 2698 2849 2769 Syracusas
2893 2698 3291 2754 narrantium.
3347 2700 3402 2753 Is
3460 2715 3657 2753 sermo
3707 2698 3781 2753 ab

2131 2786 2266 2843 aliis
2288 2786 2360 2843 ad
2382 2786 2532 2842 alios
2561 2792 2912 2860 pervagatus
2938 2788 3179 2843 tandem
3228 2788 3408 2843 etiam
3458 2788 3533 2844 ad
3584 2787 3788 2843 Adria-

2131 2892 2276 2931 num
2333 2876 2590 2948 pertigit.
2643 2878 2818 2947 Isque
2877 2876 2953 2932 ad
3005 2893 3067 2931 se
3116 2877 3342 2932 vocatis
3366 2877 3703 2949 pastoribus
3730 2882 3789 2932 et

2132 2965 2486 3020 examinatis
2518 2965 2914 3037 deprehendit
2963 2983 3267 3021 rumorem
3295 2967 3370 3023 ad
3400 2984 3463 3022 se
3493 2967 3788 3039 perlatum

2131 3054 2398 3126 ipsorum
2416 3054 2612 3110 verbis
2642 3056 3008 3110 confirmari.
3046 3056 3234 3126 thue
3259 3057 3382 3112 suis
3404 3057 3584 3112 etiam
3633 3057 3790 3112 auri-

2131 3143 2244 3199 bus
2274 3143 2452 3199 ﬁdem
2474 3145 2559 3199 rei
2582 3145 2882 3217 probaret,
2917 3145 3243 3218 perductus
3266 3145 3339 3201 ad
3366 3162 3505 3201 eum
3531 3146 3729 3201 locum
3761 3163 3795 3201 a

2130 3234 2923 3305 pastoribus,daemonesque
2951 3252 3157 3291 eorum
3178 3252 3358 3307 opera
3386 3241 3791 3308 percontatus,

2133 3329 2335 3395 captas
2357 3324 2483 3396 jam
2504 3341 2634 3379 esse
2665 3326 2984 3397 Syracusas
3014 3325 3256 3381 audivit.
3278 3326 3460 3391 Quam
3495 3342 3563 3381 ex
3598 3342 3668 3381 eo
3700 3326 3796 3380 in-

2135 3413 2289 3469 dicio
2312 3415 2498 3470 animi
2530 3420 2906 3472 contraxerat
2955 3416 3395 3489 mgritudinem,
3429 3434 3498 3473 eo
3528 3417 3796 3473 leniebat

2142 3520 2210 3558 ac
2233 3521 2362 3559 sese
2404 3504 2829 3560 consolabatur
2871 3506 3030 3577 quod
3088 3506 3390 3562 fallaciam
3450 3507 3791 3562 daemonum

379 3563 527 3663 λύπῃ
562 3563 792 3666 ληφθεὶς
842 3563 1008 3641 πάλιν
1068 3563 1286 3664 ἀνέίρερε
1340 3588 1431 3642 καὶ
1487 3563 1851 3663 παρεμυθεῖτο
1910 3586 2024 3641 ἑαυ-

2143 3595 2338 3651 verbis
2360 3595 2539 3651 fidem
2570 3613 2690 3651 non
2721 3563 3121 3651 adhibendam
3181 3597 3449 3651 sentiret.
3483 3597 3649 3651 Diem
3707 3601 3799 3651 ta-

376 3678 491 3748 τὸν,
530 3680 605 3752 μὴ
657 3678 860 3756 χρῆναι
918 3675 1189 3731 πιστεύειν
1245 3676 1446 3749 κρίνων
1505 3674 1694 3749 λόγοις
1754 3674 2032 3750 δαιμόνων

379 3767 709 3838 ἀπατηλοῖς.
744 3767 1161 3841 Ἐσημειώσατο
1208 3763 1265 3821 δὲ
1311 3766 1449 3827 τέως
1486 3767 1586 3835 τήν
1637 3766 1869 3841 ἡμέραν.
1929 3767 2030 3824 Καὶ

386 3862 521 3933 μετὰ
552 3856 781 3930 δεκάτην
814 3857 948 3927 ἧκον
1003 3854 1334 3933 αὐτάγγελοι
1379 3860 1488 3911 τῶν
1544 3852 1797 3932 φυγάδων
1831 3856 1895 3911 τὸ
1938 3877 2033 3929 γε-

380 3950 542 4024 γονὸς
583 3947 847 4023 ἀτύχημα
877 3944 1255 4023 διηγούμενοι.
1286 3945 1406 4019 Ἀφ’
1452 3945 1525 3998 ὧν
1580 3942 2033 4019 πληροφορηθεὶς

383 4035 722 4111 δ’Λδριανὸς
764 4038 920 4098 εὐθὺς
977 4034 1282 4111 ἀνεζεύγνυ,
1340 4035 1430 4089 καὶ
1477 4036 1578 4104 τὴν
1634 4031 1889 4110 βασιλίδα
1940 4054 2035 4088 τα-

381 4128 528 4204 χέως
564 4127 700 4198 μετά
733 4130 830 4182 τοῦ
861 4124 1064 4182 στόλου
1096 4120 1531 4198 καταλαμϐάαει,
1562 4124 1654 4179 καὶ
1685 4126 1755 4197 τῇ
1811 4121 2033 4196 Μεγάλῃ

385 4213 657 4287 ἰκκλησίᾳ
682 4213 868 4285 ἱκέτης
905 4211 1261 4292 προσέφυγεν.
1322 4210 1484 4269 Ἀλλ’
1532 4208 1685 4266 οὐδὲν
1743 4210 1907 4266 αὐτὸν
1962 4209 2038 4272 εἷς

382 4302 626 4374 παντελῆ
668 4304 958 4383 ἀποφυγὴν
1009 4297 1215 4373 ὤνησεν
1267 4303 1302 4367 ἡ
1342 4301 1625 4377 καταφυγή
1682 4298 1879 4356 ἐκεῖθεν
1929 4300 2036 4377 γὰρ

384 4394 747 4456 ἀποσπασθεὶς
776 4391 1044 4467 ἐξωρίσθη
1056 4439 1069 4452 ,

454 4482 884 4542 ’Λποστέλλεται
945 4481 1004 4537 δὲ
1078 4481 1345 4561 Στέφανος
1405 4483 1434 4537 ὁ
1489 4484 1589 4553 τὴν
1660 4482 2050 4556 προσηγορίαν⁷

388 4573 687 4644 Μαξέντιος
726 4573 754 4627 6
795 4570 1191 4642 Καππαδόκης,
1228 4572 1364 4646 μετά
1398 4592 1459 4626 τε
1507 4576 1731 4645 Θρᾳκῶν
1788 4570 1877 4624 καὶ
1922 4577 2041 4625 Μα-

386 4660 621 4719 κεδόνων
686 4662 773 4718 καὶ
861 4658 1243 4719 Καππαδοκῶν
1328 4660 1648 4732 ἐπιλέκτων,
1736 4661 2044 4736 στρατηγὸς

389 4746 818 4829 Δαγγοϐαρδίας.
853 4751 965 4807 Καὶ
991 4750 1190 4821 ταύτην
1246 4744 1573 4805 καταλαϐὼν
1614 4748 1705 4803 καὶ
1759 4745 1832 4803 δι’
1886 4748 2044 4803 ἀναν-

390 4836 542 4914 δρίαν
573 4841 660 4896 καὶ
710 4840 920 4919 τρυφὴν
973 4837 1145 4913 μηδὲν
1192 4836 1338 4912 ἄξιον
1398 4836 1567 4913 λόγοο
1610 4836 2043 4914 διαπραξάμενος

2145 3702 2285 3741 men
2311 3685 2384 3741 ab
2416 3685 2489 3742 iis
2522 3685 2849 3741 indicatum
2897 3686 3219 3742 annotavit.
3259 3686 3493 3741 Decimo
3517 3690 3651 3758 post
3680 3686 3798 3754 die,

2146 3776 2748 3846 quieSyracusarum
2790 3776 2969 3831 exitio
3029 3776 3165 3847 fuga
3217 3780 3547 3845 evaserant,
3605 3775 3799 3831 nuntii

2146 3863 2279 3934 ejus
2297 3863 2652 3919 calamitatis
2681 3870 2994 3920 venerunt.
3021 3864 3318 3918 Adrianus
3350 3864 3504 3918 nihil
3538 3864 3667 3934 jam
3702 3865 3803 3920 du-

2144 3950 2341 4005 bitans
2362 3967 2433 4005 ea
2454 3950 2526 4005 de
2556 3967 2620 4004 re
2653 3951 2855 4005 statim
2903 3967 3039 4005 cum
3071 3952 3256 4006 classe
3306 3950 3537 4022 Cpolim
3596 3951 3797 4021 rediit,

2146 4038 2515 4110 supplexque
2536 4040 2599 4094 in
2622 4040 2827 4094 1086
2857 4041 3129 4111 Magnum
3152 4041 3457 4112 Templum
3515 4042 3799 4114 confugit.

2146 4129 2347 4199 Neque
2378 4134 2580 4182 tamen
2604 4128 2849 4183 omnino
2872 4144 3010 4183 eum
3033 4145 3103 4183 ea
3118 4129 3474 4201 supplicatio
3506 4130 3801 4198 liberavit,

2148 4216 2251 4272 sed
2274 4216 2514 4272 avulsus
2540 4216 2762 4289 templo
2784 4217 2977 4272 solum
3003 4217 3196 4272 exsilii
3219 4234 3399 4275 causa
3420 4224 3648 4275 vertere
3672 4236 3808 4275 coa-

2148 4311 2278 4362 ctus
2309 4310 2419 4361 est.

2223 4481 2433 4536 Missus
2457 4480 2676 4536 deinde
2709 4480 2783 4536 ad
2841 4480 3290 4553 gubernandam
3348 4484 3802 4556 Longibardiam

2154 4570 2490 4641 Stephanus
2513 4576 2906 4641 cognomento
2949 4572 3276 4627 Maxentius
3302 4572 3637 4644 Cappadox,
3672 4591 3807 4628 cum

2152 4658 2382 4714 delecto
2441 4659 2756 4726 Thracum,
2811 4659 3197 4714 Macedonum
3251 4678 3318 4716 ac
3391 4662 3806 4733 Cappadocum

2153 4748 2436 4817 exercitu,
2471 4764 2608 4802 cum
2659 4747 2721 4801 in
2763 4748 3129 4819 provinciam
3155 4750 3417 4806 venisset
3446 4766 3513 4806 ac
3545 4750 3618 4805 ob
3643 4751 3811 4822 igna-

2152 4838 2308 4892 viam
2362 4841 2422 4891 et
2464 4836 2668 4892 luxum
2727 4836 2961 4892 nullum
3016 4838 3241 4894 faceret
3299 4856 3494 4911 operae
3525 4841 3808 4910 pretium,

389 4928 721 5003 περαλύεται
748 4936 849 4999 τῆς
880 4931 1082 5008 αρχῆς.
1144 4927 1567 4986 Ἀποστέλλεται
1620 4923 1678 4982 δὲ
1724 4928 1837 4982 ἀντ’
1877 4925 2024 4982 αὐτοῑ

2152 4924 2404 4997 imperio
2437 4932 2647 4979 exutus
2672 4930 2780 4982 est.
2805 4926 2947 4997 Ejus
2978 4926 3108 4982 loco
3154 4928 3521 4999 Nicephorus
3569 4929 3811 4995 missus,

391 5019 704 5098 Νικηφόρος
761 5020 790 5074 6
849 5018 985 5074 κατὰ
1038 5018 1131 5073 τὸν
1190 5022 1388 5073 Φωκᾶν
1476 5016 2040 5093 προσαγορευόμενος,

392 5108 527 5182 ἀνὴρ
554 5108 802 5185 γενναῖός
853 5128 913 5163 τε
966 5107 1059 5162 καὶ
1117 5104 1467 5182 δραστήριος.
1532 5107 1803 5180 Ἐπήγετο
1836 5102 1893 5161 δὲ
1926 5107 2040 5179 μεθ’

390 5195 582 5253 έαυτοῦ
640 5195 866 5272 δύναμίν
924 5217 984 5251 τε
1031 5197 1221 5266 ἱκανὴν
1275 5196 1364 5251 καὶ
1451 5195 1638 5269 τάγμα
1693 5193 2043 5269 Μανιχαίων,

391 5280 621 5366 ἔξαρχον
652 5281 783 5363 ἕχον
811 5286 901 5342 τὸν
949 5285 1321 5362 Χρυσόχειρον
1383 5282 1736 5354 Διακονίτζην
1778 5286 1875 5355 (1).
1939 5286 2047 5341 Κα-

391 5370 648 5430 ταλαϐὼν
682 5374 774 5430 οὗν
800 5375 893 5429 τὸν
921 5374 1093 5430 τόπον
1122 5372 1212 5429 καὶ
1260 5378 1378 5435 ταῖς
1430 5371 1564 5445 μετᾶ
1613 5375 1711 5427 τοῦ
1772 5371 2044 5448 Στεφάνου

2151 5014 2501 5088 cognomine
2529 5014 2775 5083 Phocas,
2807 5014 2986 5070 homo
3017 5031 3343 5087 generosus
3393 5021 3450 5071 et
3504 5021 3812 5084 strenuus,

2153 5120 2288 5160 cum
2312 5103 2543 5173 idoneis
2563 5102 2751 5175 copiis
2773 5104 2825 5158 ei
2849 5104 3091 5160 cohorte
3113 5104 3594 5173 Manichaeorum,
3628 5121 3809 5174 quam

2153 5192 2561 5265 Chrysochiris
2594 5193 2962 5249 Diaconitzes
2987 5193 3261 5251 ducebat.
3296 5196 3349 5250 ls
3374 5194 3681 5265 provincia
3710 5211 3812 5249 oc-

2154 5288 2389 5354 cupata,
2422 5298 2560 5337 cum
2593 5280 2704 5336 sibi
2733 5282 3030 5337 exercitus
3077 5283 3358 5354 Stephani
3376 5282 3810 5355 conjunxisset,

2155 5373 2376 5428 multas
2423 5372 2497 5427 de
2547 5373 2895 5428 Sarracenis
2941 5374 3266 5445 reportavit
3295 5374 3588 5430 victorias.
3612 5374 3813 5428 Primo

1612 5517 1967 5573 XYLANDBI
2007 5517 2096 5572 ET
2134 5517 2353 5573 GOARI
2392 5515 2611 5572 NOTAE.

464 5648 539 5716 (1)
570 5646 756 5702 Credo
798 5646 990 5702 tilium
1048 5644 1462 5716 Chrysochiris
1511 5642 1714 5716 fuisse,
1766 5643 1896 5716 ejus
1945 5641 2046 5716 qui

395 5714 574 5790 supra
604 5718 939 5775 ostenditur
967 5714 1336 5773 interfectus.
1372 5714 1605 5786 Alioqui
1638 5714 1933 5771 famulum
1966 5714 2041 5769 si-

2159 5643 2402 5715 gniﬁcat
2429 5637 2759 5715 vox,fo_r_ma
2781 5639 3156 5715 diminutiva,
3190 5659 3225 5696 a
3254 5642 3599 5711 diacono,ut
3627 5642 3810 5698 Theo~

2157 5710 2434 5786 philitzes
2463 5727 2570 5783 pro
2611 5710 2961 5783 Theophilo.
2994 5714 3130 5769 XYL.
