  <div class='ocr_page' id='page_1' title='image "/cluster/home/n/w/nwhite01/storage/ocr_20150623/121:no.1/coo.31924054870260/574.png"; bbox 0 0 4184 6416; ppageno 0'>
   <div class='ocr_carea' id='block_1_1' title="bbox 333 404 492 473">
    <p class='ocr_par' dir='ltr' id='par_1_1' title="bbox 333 404 492 473">
     <span class='ocr_line' id='line_1_1' title="bbox 333 404 492 473; baseline -0.013 -1"><span class='ocrx_word' id='word_1_1' title='bbox 333 404 492 473; x_wconf 72' lang='grc'><strong>1123</strong></span> 
     </span>
    </p>
   </div>
   <div class='ocr_carea' id='block_1_2' title="bbox 1459 411 2593 479">
    <p class='ocr_par' dir='ltr' id='par_1_2' title="bbox 1459 411 2593 479">
     <span class='ocr_line' id='line_1_2' title="bbox 1459 411 2593 479; baseline -0.001 -1"><span class='ocrx_word' id='word_1_2' title='bbox 1459 412 2008 479; x_wconf 76' lang='lat' dir='ltr'>HISTORIARUM</span> <span class='ocrx_word' id='word_1_3' title='bbox 2054 411 2593 477; x_wconf 82' lang='lat' dir='ltr'>COMPENDIUM.</span> 
     </span>
    </p>
   </div>
   <div class='ocr_carea' id='block_1_3' title="bbox 3602 418 3757 484">
    <p class='ocr_par' dir='ltr' id='par_1_3' title="bbox 3602 418 3757 484">
     <span class='ocr_line' id='line_1_3' title="bbox 3602 418 3757 484; baseline 0 -4"><span class='ocrx_word' id='word_1_4' title='bbox 3602 418 3757 484; x_wconf 76' lang='grc'>1126</span> 
     </span>
    </p>
   </div>
   <div class='ocr_carea' id='block_1_4' title="bbox 342 542 1977 623">
    <p class='ocr_par' dir='ltr' id='par_1_4' title="bbox 342 542 1977 623">
     <span class='ocr_line' id='line_1_4' title="bbox 342 542 1977 623; baseline -0.004 -16"><span class='ocrx_word' id='word_1_5' title='bbox 342 551 474 613; x_wconf 70' lang='grc' dir='ltr'>θῆκε</span> <span class='ocrx_word' id='word_1_6' title='bbox 504 545 637 600; x_wconf 83' lang='grc' dir='ltr'>νεὼν</span> <span class='ocrx_word' id='word_1_7' title='bbox 671 542 1037 623; x_wconf 68' lang='grc' dir='ltr'>ἡόώονταμρ)</span> <span class='ocrx_word' id='word_1_8' title='bbox 1095 549 1233 606; x_wconf 74' lang='grc' dir='ltr'>κατὰ</span> <span class='ocrx_word' id='word_1_9' title='bbox 1288 552 1388 620; x_wconf 83' lang='grc' dir='ltr'>τήν</span> <span class='ocrx_word' id='word_1_10' title='bbox 1438 570 1684 621; x_wconf 86' lang='grc' dir='ltr'>ποιησιν.</span> <span class='ocrx_word' id='word_1_11' title='bbox 1745 546 1844 604; x_wconf 77' lang='grc' dir='ltr'>Καὶ</span> <span class='ocrx_word' id='word_1_12' title='bbox 1901 544 1977 601; x_wconf 59' lang='lat' dir='ltr'>ta</span> 
     </span>
    </p>
   </div>
   <div class='ocr_carea' id='block_1_5' title="bbox 2088 542 3752 623">
    <p class='ocr_par' dir='ltr' id='par_1_5' title="bbox 2108 550 3752 612">
     <span class='ocr_line' id='line_1_5' title="bbox 2108 550 3752 612; baseline 0.005 -8"><span class='ocrx_word' id='word_1_13' title='bbox 2108 551 2417 606; x_wconf 76' lang='lat' dir='ltr'>exstruxit.</span> <span class='ocrx_word' id='word_1_14' title='bbox 2443 550 2562 608; x_wconf 84' lang='lat' dir='ltr'>Hoc</span> <span class='ocrx_word' id='word_1_15' title='bbox 2593 553 2770 609; x_wconf 90' lang='lat' dir='ltr'>modo</span> <span class='ocrx_word' id='word_1_16' title='bbox 2810 554 2991 610; x_wconf 86' lang='lat' dir='ltr'>etiam</span> <span class='ocrx_word' id='word_1_17' title='bbox 3022 553 3374 610; x_wconf 72' lang='lat' dir='ltr'>instauravit</span> <span class='ocrx_word' id='word_1_18' title='bbox 3403 555 3592 611; x_wconf 71' lang='lat' dir='ltr'>eadem</span> <span class='ocrx_word' id='word_1_19' title='bbox 3632 557 3752 612; x_wconf 89' lang='lat' dir='ltr'>Ste-</span> 
     </span>
    </p>
   </div>
   <div class='ocr_carea' id='block_1_6' title="bbox 334 634 1987 711">
    <p class='ocr_par' dir='ltr' id='par_1_6' title="bbox 334 634 1987 711">
     <span class='ocr_line' id='line_1_6' title="bbox 334 634 1987 711; baseline -0.002 -19"><span class='ocrx_word' id='word_1_20' title='bbox 334 634 488 707; x_wconf 71' lang='grc' dir='ltr'>ἒδ“τῇ</span> <span class='ocrx_word' id='word_1_21' title='bbox 534 640 690 711; x_wconf 77' lang='grc' dir='ltr'>[Ιηγῇ</span> <span class='ocrx_word' id='word_1_22' title='bbox 744 634 800 692; x_wconf 80' lang='grc' dir='ltr'>δὲ</span> <span class='ocrx_word' id='word_1_23' title='bbox 856 641 934 711; x_wconf 85' lang='grc'>(5)</span> <span class='ocrx_word' id='word_1_24' title='bbox 988 646 1089 709; x_wconf 85' lang='grc' dir='ltr'>τῆς</span> <span class='ocrx_word' id='word_1_25' title='bbox 1150 640 1417 695; x_wconf 84' lang='grc' dir='ltr'>Θεοτόκου</span> <span class='ocrx_word' id='word_1_26' title='bbox 1474 640 1602 695; x_wconf 89' lang='grc' dir='ltr'>ναὸν</span> <span class='ocrx_word' id='word_1_27' title='bbox 1658 640 1721 694; x_wconf 87' lang='grc' dir='ltr'>τὸ</span> <span class='ocrx_word' id='word_1_28' title='bbox 1753 636 1987 711; x_wconf 72' lang='grc' dir='ltr'>ἀρχαῖον</span> 
     </span>
    </p>
   </div>
   <div class='ocr_carea' id='block_1_7' title="bbox 334 717 1992 799">
    <p class='ocr_par' dir='ltr' id='par_1_7' title="bbox 334 717 1992 799">
     <span class='ocr_line' id='line_1_7' title="bbox 334 717 1992 799; baseline 0.001 -23"><span class='ocrx_word' id='word_1_29' title='bbox 334 717 687 778; x_wconf 73' lang='grc' dir='ltr'>ἀποϐαλόντα</span> <span class='ocrx_word' id='word_1_30' title='bbox 738 724 949 788; x_wconf 83' lang='grc' dir='ltr'>κάλλος</span> <span class='ocrx_word' id='word_1_31' title='bbox 1007 728 1362 784; x_wconf 71' lang='grc' dir='ltr'>ἀνενεώσατο.</span> <span class='ocrx_word' id='word_1_32' title='bbox 1416 729 1518 784; x_wconf 81' lang='grc' dir='ltr'>Καὶ</span> <span class='ocrx_word' id='word_1_33' title='bbox 1570 727 1662 782; x_wconf 82' lang='grc' dir='ltr'>τὸν</span> <span class='ocrx_word' id='word_1_34' title='bbox 1717 722 1898 799; x_wconf 67' lang='grc' dir='ltr'>ἕτερον</span> <span class='ocrx_word' id='word_1_35' title='bbox 1935 720 1992 777; x_wconf 80' lang='grc' dir='ltr'>δὲ</span> 
     </span>
    </p>
   </div>
   <div class='ocr_carea' id='block_1_8' title="bbox 329 814 1988 894">
    <p class='ocr_par' dir='ltr' id='par_1_8' title="bbox 329 814 1988 894">
     <span class='ocr_line' id='line_1_8' title="bbox 329 814 1988 894; baseline -0.001 -27"><span class='ocrx_word' id='word_1_36' title='bbox 329 817 431 880; x_wconf 83' lang='grc' dir='ltr'>τῆς</span> <span class='ocrx_word' id='word_1_37' title='bbox 504 814 770 869; x_wconf 80' lang='grc' dir='ltr'>Θεοτόκου</span> <span class='ocrx_word' id='word_1_38' title='bbox 828 815 979 883; x_wconf 88' lang='grc' dir='ltr'>ναὸν,</span> <span class='ocrx_word' id='word_1_39' title='bbox 1040 817 1098 878; x_wconf 78' lang='grc' dir='ltr'>ὃς</span> <span class='ocrx_word' id='word_1_40' title='bbox 1157 818 1219 872; x_wconf 87' lang='grc' dir='ltr'>τὸ</span> <span class='ocrx_word' id='word_1_41' title='bbox 1286 816 1468 894; x_wconf 81' lang='grc' dir='ltr'>Σίγμα</span> <span class='ocrx_word' id='word_1_42' title='bbox 1526 815 1988 887; x_wconf 61' lang='grc' dir='ltr'>κατονομάζεται,</span> 
     </span>
    </p>
   </div>
   <div class='ocr_carea' id='block_1_9' title="bbox 338 898 1989 981">
    <p class='ocr_par' dir='ltr' id='par_1_9' title="bbox 338 898 1989 981">
     <span class='ocr_line' id='line_1_9' title="bbox 338 898 1989 981; baseline 0.001 -27"><span class='ocrx_word' id='word_1_43' title='bbox 338 898 521 956; x_wconf 64' lang='grc' dir='ltr'>τέλεον</span> <span class='ocrx_word' id='word_1_44' title='bbox 556 901 659 957; x_wconf 80' lang='grc' dir='ltr'>ὑπὸ</span> <span class='ocrx_word' id='word_1_45' title='bbox 719 907 947 977; x_wconf 78' lang='grc' dir='ltr'>σεισμοῦ</span> <span class='ocrx_word' id='word_1_46' title='bbox 1001 907 1392 974; x_wconf 80' lang='grc' dir='ltr'>καταπεσόντα,</span> <span class='ocrx_word' id='word_1_47' title='bbox 1426 905 1484 960; x_wconf 78' lang='grc' dir='ltr'>ἐκ</span> <span class='ocrx_word' id='word_1_48' title='bbox 1535 906 1749 981; x_wconf 78' lang='grc' dir='ltr'>βάθρων</span> <span class='ocrx_word' id='word_1_49' title='bbox 1778 901 1989 975; x_wconf 81' lang='grc' dir='ltr'>ἀνῳκο-</span> 
     </span>
    </p>
   </div>
   <div class='ocr_carea' id='block_1_10' title="bbox 333 987 1989 1069">
    <p class='ocr_par' dir='ltr' id='par_1_10' title="bbox 333 987 1989 1069">
     <span class='ocr_line' id='line_1_10' title="bbox 333 987 1989 1069; baseline 0.002 -26"><span class='ocrx_word' id='word_1_50' title='bbox 333 987 544 1063; x_wconf 80' lang='grc' dir='ltr'>δόμησε</span> <span class='ocrx_word' id='word_1_51' title='bbox 625 993 717 1047; x_wconf 87' lang='grc' dir='ltr'>καὶ</span> <span class='ocrx_word' id='word_1_52' title='bbox 802 991 1018 1069; x_wconf 76' lang='grc' dir='ltr'>ἑδραῖον</span> <span class='ocrx_word' id='word_1_53' title='bbox 1078 998 1167 1051; x_wconf 79' lang='grc' dir='ltr'>καί</span> <span class='ocrx_word' id='word_1_54' title='bbox 1229 995 1564 1068; x_wconf 75' lang='grc' dir='ltr'>ὡραιὸτατον</span> <span class='ocrx_word' id='word_1_55' title='bbox 1625 997 1659 1065; x_wconf 69' lang='grc' dir='ltr'>ἤ</span> <span class='ocrx_word' id='word_1_56' title='bbox 1718 996 1989 1069; x_wconf 78' lang='grc' dir='ltr'>πρότερον</span> 
     </span>
    </p>
   </div>
   <div class='ocr_carea' id='block_1_11' title="bbox 329 1078 1989 1160">
    <p class='ocr_par' dir='ltr' id='par_1_11' title="bbox 329 1078 1989 1160">
     <span class='ocr_line' id='line_1_11' title="bbox 329 1078 1989 1160; baseline 0.001 -27"><span class='ocrx_word' id='word_1_57' title='bbox 329 1078 717 1155; x_wconf 79' lang='grc' dir='ltr'>ἀπειργάσατο·</span> <span class='ocrx_word' id='word_1_58' title='bbox 750 1084 841 1137; x_wconf 86' lang='grc' dir='ltr'>καὶ</span> <span class='ocrx_word' id='word_1_59' title='bbox 899 1086 992 1139; x_wconf 86' lang='grc' dir='ltr'>τὸν</span> <span class='ocrx_word' id='word_1_60' title='bbox 1050 1084 1101 1139; x_wconf 77' lang='grc' dir='ltr'>ἐν</span> <span class='ocrx_word' id='word_1_61' title='bbox 1162 1083 1534 1160; x_wconf 78' lang='grc' dir='ltr'>Αὐρηλιαναῖς</span> <span class='ocrx_word' id='word_1_62' title='bbox 1588 1084 1867 1153; x_wconf 82' lang='grc' dir='ltr'>Στεφάνου</span> <span class='ocrx_word' id='word_1_63' title='bbox 1891 1086 1989 1136; x_wconf 91' lang='grc' dir='ltr'>τοῦ</span> 
     </span>
    </p>
   </div>
   <div class='ocr_carea' id='block_1_12' title="bbox 329 1171 1986 1249">
    <p class='ocr_par' dir='ltr' id='par_1_12' title="bbox 329 1171 1986 1249">
     <span class='ocr_line' id='line_1_12' title="bbox 329 1171 1986 1249; baseline 0.002 -27"><span class='ocrx_word' id='word_1_64' title='bbox 329 1172 796 1247; x_wconf 73' lang='grc' dir='ltr'>πρωτομάρτυρος</span> <span class='ocrx_word' id='word_1_65' title='bbox 857 1171 1020 1249; x_wconf 74' lang='grc' dir='ltr'>ἄχρις</span> <span class='ocrx_word' id='word_1_66' title='bbox 1080 1171 1313 1249; x_wconf 75' lang='grc' dir='ltr'>ἐδάφους</span> <span class='ocrx_word' id='word_1_67' title='bbox 1369 1174 1738 1230; x_wconf 75' lang='grc' dir='ltr'>καταπεσόντα</span> <span class='ocrx_word' id='word_1_68' title='bbox 1785 1172 1845 1227; x_wconf 80' lang='grc' dir='ltr'>ἐκ</span> <span class='ocrx_word' id='word_1_69' title='bbox 1902 1184 1986 1235; x_wconf 49' lang='grc' dir='ltr'>θεέ</span> 
     </span>
    </p>
   </div>
   <div class='ocr_carea' id='block_1_13' title="bbox 332 1258 1987 1337">
    <p class='ocr_par' dir='ltr' id='par_1_13' title="bbox 332 1258 1987 1337">
     <span class='ocr_line' id='line_1_13' title="bbox 332 1258 1987 1337; baseline 0.001 -25"><span class='ocrx_word' id='word_1_70' title='bbox 332 1258 537 1330; x_wconf 87' lang='grc' dir='ltr'>μελίων</span> <span class='ocrx_word' id='word_1_71' title='bbox 596 1262 872 1337; x_wconf 77' lang='grc' dir='ltr'>ἀνήγειρε.</span> <span class='ocrx_word' id='word_1_72' title='bbox 934 1264 1030 1317; x_wconf 80' lang='grc' dir='ltr'>Καὶ</span> <span class='ocrx_word' id='word_1_73' title='bbox 1088 1263 1215 1324; x_wconf 81' lang='grc' dir='ltr'>τοὺς</span> <span class='ocrx_word' id='word_1_74' title='bbox 1264 1263 1359 1318; x_wconf 67' lang='grc' dir='ltr'>δεὸο</span> <span class='ocrx_word' id='word_1_75' title='bbox 1421 1262 1477 1319; x_wconf 72' lang='grc' dir='ltr'>δὲ</span> <span class='ocrx_word' id='word_1_76' title='bbox 1532 1269 1633 1319; x_wconf 88' lang='grc' dir='ltr'>τοῦ</span> <span class='ocrx_word' id='word_1_77' title='bbox 1675 1265 1987 1319; x_wconf 85' lang='grc' dir='ltr'>Βαπτιστοῦ</span> 
     </span>
    </p>
   </div>
   <div class='ocr_carea' id='block_1_14' title="bbox 329 1347 1988 1426">
    <p class='ocr_par' dir='ltr' id='par_1_14' title="bbox 329 1347 1988 1426">
     <span class='ocr_line' id='line_1_14' title="bbox 329 1347 1988 1426; baseline 0.003 -27"><span class='ocrx_word' id='word_1_78' title='bbox 329 1348 529 1415; x_wconf 81' lang='grc' dir='ltr'>σηκοὺς</span> <span class='ocrx_word' id='word_1_79' title='bbox 557 1347 613 1402; x_wconf 73' lang='grc' dir='ltr'>ἓν</span> <span class='ocrx_word' id='word_1_80' title='bbox 645 1369 702 1404; x_wconf 88' lang='grc' dir='ltr'>τε</span> <span class='ocrx_word' id='word_1_81' title='bbox 757 1355 827 1424; x_wconf 78' lang='grc' dir='ltr'>τῇ</span> <span class='ocrx_word' id='word_1_82' title='bbox 887 1348 1197 1426; x_wconf 69' lang='grc' dir='ltr'>Στροϐτςλῳ</span> <span class='ocrx_word' id='word_1_83' title='bbox 1252 1350 1342 1408; x_wconf 75' lang='grc' dir='ltr'>καί</span> <span class='ocrx_word' id='word_1_84' title='bbox 1400 1350 1832 1414; x_wconf 84' lang='grc' dir='ltr'>Μακεδονιαναῖς</span> <span class='ocrx_word' id='word_1_85' title='bbox 1896 1352 1988 1405; x_wconf 79' lang='grc' dir='ltr'>τὸν</span> 
     </span>
    </p>
   </div>
   <div class='ocr_carea' id='block_1_15' title="bbox 332 1435 1984 1515">
    <p class='ocr_par' dir='ltr' id='par_1_15' title="bbox 332 1435 1984 1515">
     <span class='ocr_line' id='line_1_15' title="bbox 332 1435 1984 1515; baseline -0.008 -8"><span class='ocrx_word' id='word_1_86' title='bbox 332 1435 425 1507; x_wconf 64' lang='grc' dir='ltr'>μὶν</span> <span class='ocrx_word' id='word_1_87' title='bbox 458 1435 519 1491; x_wconf 68' lang='grc' dir='ltr'>ἐκ</span> <span class='ocrx_word' id='word_1_88' title='bbox 550 1437 765 1512; x_wconf 70' lang='grc' dir='ltr'>βάθρων</span> <span class='ocrx_word' id='word_1_89' title='bbox 798 1440 1067 1515; x_wconf 73' lang='grc' dir='ltr'>ἀνήγειρε,</span> <span class='ocrx_word' id='word_1_90' title='bbox 1124 1446 1221 1496; x_wconf 88' lang='grc' dir='ltr'>τοῦ</span> <span class='ocrx_word' id='word_1_91' title='bbox 1277 1439 1334 1496; x_wconf 79' lang='grc' dir='ltr'>δὲ</span> <span class='ocrx_word' id='word_1_92' title='bbox 1384 1442 1445 1497; x_wconf 88' lang='grc' dir='ltr'>τὸ</span> <span class='ocrx_word' id='word_1_93' title='bbox 1476 1438 1738 1496; x_wconf 86' lang='grc' dir='ltr'>πλεῖστον</span> <span class='ocrx_word' id='word_1_94' title='bbox 1769 1440 1984 1513; x_wconf 85' lang='grc' dir='ltr'>ἀνῳκο-</span> 
     </span>
    </p>
   </div>
   <div class='ocr_carea' id='block_1_16' title="bbox 343 1521 1982 1600">
    <p class='ocr_par' dir='ltr' id='par_1_16' title="bbox 343 1521 1982 1600">
     <span class='ocr_line' id='line_1_16' title="bbox 343 1521 1982 1600; baseline 0.003 -23"><span class='ocrx_word' id='word_1_95' title='bbox 343 1521 574 1596; x_wconf 83' lang='grc' dir='ltr'>δόμησε.</span> <span class='ocrx_word' id='word_1_96' title='bbox 609 1530 713 1582; x_wconf 80' lang='grc' dir='ltr'>Καὶ</span> <span class='ocrx_word' id='word_1_97' title='bbox 741 1530 833 1583; x_wconf 88' lang='grc' dir='ltr'>τὸν</span> <span class='ocrx_word' id='word_1_98' title='bbox 866 1534 963 1583; x_wconf 83' lang='grc' dir='ltr'>τοῦ</span> <span class='ocrx_word' id='word_1_99' title='bbox 995 1528 1308 1585; x_wconf 78' lang='grc' dir='ltr'>ἀποστόλου</span> <span class='ocrx_word' id='word_1_100' title='bbox 1342 1529 1398 1585; x_wconf 77' lang='grc' dir='ltr'>δὲ</span> <span class='ocrx_word' id='word_1_101' title='bbox 1431 1530 1741 1600; x_wconf 83' lang='grc' dir='ltr'>Φιλίππου,</span> <span class='ocrx_word' id='word_1_102' title='bbox 1771 1532 1861 1584; x_wconf 83' lang='grc' dir='ltr'>καὶ</span> <span class='ocrx_word' id='word_1_103' title='bbox 1891 1530 1982 1583; x_wconf 85' lang='grc' dir='ltr'>τὸν</span> 
     </span>
    </p>
   </div>
   <div class='ocr_carea' id='block_1_17' title="bbox 334 1615 1985 1694">
    <p class='ocr_par' dir='ltr' id='par_1_17' title="bbox 334 1615 1985 1694">
     <span class='ocr_line' id='line_1_17' title="bbox 334 1615 1985 1694; baseline 0.003 -27"><span class='ocrx_word' id='word_1_104' title='bbox 334 1615 471 1687; x_wconf 80' lang='grc' dir='ltr'>πρὸς</span> <span class='ocrx_word' id='word_1_105' title='bbox 532 1616 756 1691; x_wconf 70' lang='grc' dir='ltr'>ἑσπέραν</span> <span class='ocrx_word' id='word_1_106' title='bbox 839 1617 1004 1673; x_wconf 76' lang='grc' dir='ltr'>αὐτοῦ</span> <span class='ocrx_word' id='word_1_107' title='bbox 1086 1620 1333 1692; x_wconf 82' lang='grc' dir='ltr'>κείμενον</span> <span class='ocrx_word' id='word_1_108' title='bbox 1410 1624 1509 1675; x_wconf 88' lang='grc' dir='ltr'>τοῦ</span> <span class='ocrx_word' id='word_1_109' title='bbox 1594 1619 1985 1694; x_wconf 79' lang='grc' dir='ltr'>εὐαγγελιστοῦ</span> 
     </span>
    </p>
   </div>
   <div class='ocr_carea' id='block_1_18' title="bbox 329 1703 1985 1784">
    <p class='ocr_par' dir='ltr' id='par_1_18' title="bbox 329 1703 1985 1784">
     <span class='ocr_line' id='line_1_18' title="bbox 329 1703 1985 1784; baseline 0.004 -28"><span class='ocrx_word' id='word_1_110' title='bbox 329 1708 530 1774; x_wconf 82' lang='grc' dir='ltr'>Λουκᾶ,</span> <span class='ocrx_word' id='word_1_111' title='bbox 579 1703 775 1761; x_wconf 85' lang='grc' dir='ltr'>πτῶλα</span> <span class='ocrx_word' id='word_1_112' title='bbox 833 1709 1093 1770; x_wconf 78' lang='grc' dir='ltr'>πεσόντας</span> <span class='ocrx_word' id='word_1_113' title='bbox 1154 1705 1346 1776; x_wconf 83' lang='grc' dir='ltr'>δεινὸν,</span> <span class='ocrx_word' id='word_1_114' title='bbox 1400 1708 1459 1765; x_wconf 80' lang='grc' dir='ltr'>ἐκ</span> <span class='ocrx_word' id='word_1_115' title='bbox 1514 1709 1731 1784; x_wconf 84' lang='grc' dir='ltr'>βάθρων</span> <span class='ocrx_word' id='word_1_116' title='bbox 1765 1706 1985 1763; x_wconf 74' lang='grc' dir='ltr'>ἀνέκτι-</span> 
     </span>
    </p>
   </div>
   <div class='ocr_carea' id='block_1_19' title="bbox 328 1794 1984 1874">
    <p class='ocr_par' dir='ltr' id='par_1_19' title="bbox 328 1794 1984 1874">
     <span class='ocr_line' id='line_1_19' title="bbox 328 1794 1984 1874; baseline 0.002 -27"><span class='ocrx_word' id='word_1_117' title='bbox 328 1813 437 1849; x_wconf 88' lang='grc' dir='ltr'>σεν.</span> <span class='ocrx_word' id='word_1_118' title='bbox 482 1795 883 1866; x_wconf 76' lang='grc' dir='ltr'>Ἐπεποιήσατο</span> <span class='ocrx_word' id='word_1_119' title='bbox 948 1794 1005 1852; x_wconf 73' lang='grc' dir='ltr'>δὲ</span> <span class='ocrx_word' id='word_1_120' title='bbox 1061 1799 1150 1852; x_wconf 83' lang='grc' dir='ltr'>καὶ</span> <span class='ocrx_word' id='word_1_121' title='bbox 1202 1798 1264 1853; x_wconf 80' lang='grc' dir='ltr'>τὸ</span> <span class='ocrx_word' id='word_1_122' title='bbox 1299 1798 1435 1874; x_wconf 75' lang='grc' dir='ltr'>μὲγα</span> <span class='ocrx_word' id='word_1_123' title='bbox 1491 1801 1716 1871; x_wconf 71' lang='grc' dir='ltr'>τέμενος</span> <span class='ocrx_word' id='word_1_124' title='bbox 1753 1797 1984 1854; x_wconf 83' lang='grc' dir='ltr'>Μωκίου</span> 
     </span>
    </p>
   </div>
   <div class='ocr_carea' id='block_1_20' title="bbox 325 1881 1978 1957">
    <p class='ocr_par' dir='ltr' id='par_1_20' title="bbox 325 1881 1978 1957">
     <span class='ocr_line' id='line_1_20' title="bbox 325 1881 1978 1957; baseline 0.003 -23"><span class='ocrx_word' id='word_1_125' title='bbox 325 1885 424 1934; x_wconf 89' lang='grc' dir='ltr'>τοῦ</span> <span class='ocrx_word' id='word_1_126' title='bbox 507 1883 801 1957; x_wconf 84' lang='grc' dir='ltr'>μάρτυρος,</span> <span class='ocrx_word' id='word_1_127' title='bbox 869 1885 959 1939; x_wconf 87' lang='grc' dir='ltr'>καὶ</span> <span class='ocrx_word' id='word_1_128' title='bbox 1018 1887 1079 1940; x_wconf 86' lang='grc' dir='ltr'>τὸ</span> <span class='ocrx_word' id='word_1_129' title='bbox 1139 1884 1337 1941; x_wconf 77' lang='grc' dir='ltr'>ἄδυτον</span> <span class='ocrx_word' id='word_1_130' title='bbox 1384 1886 1582 1942; x_wconf 63' lang='grc' dir='ltr'>τοῦτου</span> <span class='ocrx_word' id='word_1_131' title='bbox 1638 1881 1978 1955; x_wconf 72' lang='grc' dir='ltr'>καταϐληθεν</span> 
     </span>
    </p>
   </div>
   <div class='ocr_carea' id='block_1_21' title="bbox 328 1964 1979 2050">
    <p class='ocr_par' dir='ltr' id='par_1_21' title="bbox 328 1964 1979 2050">
     <span class='ocr_line' id='line_1_21' title="bbox 328 1964 1979 2050; baseline 0.002 -28"><span class='ocrx_word' id='word_1_132' title='bbox 328 1964 453 2042; x_wconf 70' lang='grc' dir='ltr'>ἔχει</span> <span class='ocrx_word' id='word_1_133' title='bbox 510 1976 640 2044; x_wconf 75' lang='grc' dir='ltr'>γῆς,</span> <span class='ocrx_word' id='word_1_134' title='bbox 696 1973 770 2034; x_wconf 80' lang='grc' dir='ltr'>ὡς</span> <span class='ocrx_word' id='word_1_135' title='bbox 828 1973 919 2027; x_wconf 86' lang='grc' dir='ltr'>καὶ</span> <span class='ocrx_word' id='word_1_136' title='bbox 997 1976 1096 2043; x_wconf 75' lang='grc' dir='ltr'>τήν</span> <span class='ocrx_word' id='word_1_137' title='bbox 1154 1976 1299 2050; x_wconf 74' lang='grc' dir='ltr'>ἱερὰν</span> <span class='ocrx_word' id='word_1_138' title='bbox 1358 1976 1606 2045; x_wconf 76' lang='grc' dir='ltr'>κατεάξαι</span> <span class='ocrx_word' id='word_1_139' title='bbox 1686 1974 1979 2049; x_wconf 78' lang='grc' dir='ltr'>τράπεζαν,</span> 
     </span>
    </p>
   </div>
   <div class='ocr_carea' id='block_1_22' title="bbox 328 2055 1983 2137">
    <p class='ocr_par' dir='ltr' id='par_1_22' title="bbox 328 2055 1983 2137">
     <span class='ocr_line' id='line_1_22' title="bbox 328 2055 1983 2137; baseline 0.002 -25"><span class='ocrx_word' id='word_1_140' title='bbox 328 2055 648 2130; x_wconf 70' lang='grc' dir='ltr'>ἐπιμελείας</span> <span class='ocrx_word' id='word_1_141' title='bbox 705 2061 900 2130; x_wconf 73' lang='grc' dir='ltr'>ἠξίωσε</span> <span class='ocrx_word' id='word_1_142' title='bbox 953 2063 1044 2116; x_wconf 79' lang='grc' dir='ltr'>καὶ</span> <span class='ocrx_word' id='word_1_143' title='bbox 1100 2065 1198 2117; x_wconf 88' lang='grc' dir='ltr'>τοῦ</span> <span class='ocrx_word' id='word_1_144' title='bbox 1256 2063 1552 2137; x_wconf 79' lang='grc' dir='ltr'>πτώματος</span> <span class='ocrx_word' id='word_1_145' title='bbox 1598 2061 1823 2137; x_wconf 69' lang='grc' dir='ltr'>ἤγειρε.</span> <span class='ocrx_word' id='word_1_146' title='bbox 1882 2062 1983 2119; x_wconf 76' lang='grc' dir='ltr'>Καὶ</span> 
     </span>
    </p>
   </div>
   <div class='ocr_carea' id='block_1_23' title="bbox 325 2147 1983 2229">
    <p class='ocr_par' dir='ltr' id='par_1_23' title="bbox 325 2147 1983 2229">
     <span class='ocr_line' id='line_1_23' title="bbox 325 2147 1983 2229; baseline 0.004 -28"><span class='ocrx_word' id='word_1_147' title='bbox 325 2148 418 2202; x_wconf 86' lang='grc' dir='ltr'>τὸν</span> <span class='ocrx_word' id='word_1_148' title='bbox 464 2147 841 2219; x_wconf 78' lang='grc' dir='ltr'>πλησιάζοντα</span> <span class='ocrx_word' id='word_1_149' title='bbox 896 2149 953 2206; x_wconf 78' lang='grc' dir='ltr'>δὲ</span> <span class='ocrx_word' id='word_1_150' title='bbox 1002 2151 1182 2225; x_wconf 77' lang='grc' dir='ltr'>τούτῳ</span> <span class='ocrx_word' id='word_1_151' title='bbox 1231 2152 1495 2228; x_wconf 71' lang='grc' dir='ltr'>Ἀνδρέου</span> <span class='ocrx_word' id='word_1_152' title='bbox 1523 2158 1621 2208; x_wconf 84' lang='grc' dir='ltr'>τοῦ</span> <span class='ocrx_word' id='word_1_153' title='bbox 1651 2151 1983 2229; x_wconf 84' lang='grc' dir='ltr'>πρωτοκλή-</span> 
     </span>
    </p>
   </div>
   <div class='ocr_carea' id='block_1_24' title="bbox 323 2237 1984 2319">
    <p class='ocr_par' dir='ltr' id='par_1_24' title="bbox 323 2237 1984 2319">
     <span class='ocr_line' id='line_1_24' title="bbox 323 2237 1984 2319; baseline 0.003 -27"><span class='ocrx_word' id='word_1_154' title='bbox 323 2237 414 2293; x_wconf 88' lang='grc' dir='ltr'>τόν</span> <span class='ocrx_word' id='word_1_155' title='bbox 444 2238 823 2310; x_wconf 71' lang='grc' dir='ltr'>πλησιάζοντα</span> <span class='ocrx_word' id='word_1_156' title='bbox 853 2239 912 2297; x_wconf 70' lang='grc' dir='ltr'>δὲ</span> <span class='ocrx_word' id='word_1_157' title='bbox 969 2243 1149 2315; x_wconf 79' lang='grc' dir='ltr'>τούτῳ</span> <span class='ocrx_word' id='word_1_158' title='bbox 1183 2241 1437 2319; x_wconf 80' lang='grc' dir='ltr'>Ἀνδρέου</span> <span class='ocrx_word' id='word_1_159' title='bbox 1493 2248 1590 2299; x_wconf 90' lang='grc' dir='ltr'>τοῦ</span> <span class='ocrx_word' id='word_1_160' title='bbox 1649 2240 1984 2318; x_wconf 78' lang='grc' dir='ltr'>πρωτοκλή-</span> 
     </span>
    </p>
   </div>
   <div class='ocr_carea' id='block_1_25' title="bbox 321 2330 1980 2408">
    <p class='ocr_par' dir='ltr' id='par_1_25' title="bbox 321 2330 1980 2408">
     <span class='ocr_line' id='line_1_25' title="bbox 321 2330 1980 2408; baseline 0.004 -26"><span class='ocrx_word' id='word_1_161' title='bbox 321 2348 419 2383; x_wconf 87' lang='grc' dir='ltr'>του</span> <span class='ocrx_word' id='word_1_162' title='bbox 458 2330 585 2383; x_wconf 73' lang='grc' dir='ltr'>ναὸν</span> <span class='ocrx_word' id='word_1_163' title='bbox 617 2330 851 2386; x_wconf 78' lang='grc' dir='ltr'>πεσόντα</span> <span class='ocrx_word' id='word_1_164' title='bbox 903 2331 979 2393; x_wconf 82' lang='grc' dir='ltr'>είς</span> <span class='ocrx_word' id='word_1_165' title='bbox 1048 2330 1111 2388; x_wconf 84' lang='grc' dir='ltr'>τὸ</span> <span class='ocrx_word' id='word_1_166' title='bbox 1162 2333 1395 2408; x_wconf 83' lang='grc' dir='ltr'>ἀρχαῖον</span> <span class='ocrx_word' id='word_1_167' title='bbox 1446 2331 1656 2395; x_wconf 80' lang='grc' dir='ltr'>κάλλος</span> <span class='ocrx_word' id='word_1_168' title='bbox 1708 2333 1980 2408; x_wconf 82' lang='grc' dir='ltr'>ἀνήγειρε.</span> 
     </span>
    </p>
   </div>
   <div class='ocr_carea' id='block_1_26' title="bbox 325 2419 1987 2498">
    <p class='ocr_par' dir='ltr' id='par_1_26' title="bbox 325 2419 1987 2498">
     <span class='ocr_line' id='line_1_26' title="bbox 325 2419 1987 2498; baseline 0.001 -24"><span class='ocrx_word' id='word_1_169' title='bbox 325 2420 411 2490; x_wconf 85' lang='grc' dir='ltr'>[Ρ.</span> <span class='ocrx_word' id='word_1_170' title='bbox 446 2420 572 2494; x_wconf 85' lang='grc'>588]</span> <span class='ocrx_word' id='word_1_171' title='bbox 608 2422 702 2475; x_wconf 75' lang='grc' dir='ltr'>Καὶ</span> <span class='ocrx_word' id='word_1_172' title='bbox 761 2422 850 2475; x_wconf 88' lang='grc' dir='ltr'>τὸν</span> <span class='ocrx_word' id='word_1_173' title='bbox 904 2424 1004 2476; x_wconf 85' lang='grc' dir='ltr'>τοῦ</span> <span class='ocrx_word' id='word_1_174' title='bbox 1054 2419 1211 2498; x_wconf 82' lang='grc' dir='ltr'>αγίου</span> <span class='ocrx_word' id='word_1_175' title='bbox 1268 2424 1558 2497; x_wconf 73' lang='grc' dir='ltr'>Ῥωμανοῦ</span> <span class='ocrx_word' id='word_1_176' title='bbox 1614 2421 1706 2477; x_wconf 84' lang='grc' dir='ltr'>καὶ</span> <span class='ocrx_word' id='word_1_177' title='bbox 1764 2422 1855 2477; x_wconf 84' lang='grc' dir='ltr'>τὸν</span> <span class='ocrx_word' id='word_1_178' title='bbox 1886 2427 1987 2492; x_wconf 82' lang='grc' dir='ltr'>τῆς</span> 
     </span>
    </p>
   </div>
   <div class='ocr_carea' id='block_1_27' title="bbox 318 2507 1977 2589">
    <p class='ocr_par' dir='ltr' id='par_1_27' title="bbox 318 2507 1977 2589">
     <span class='ocr_line' id='line_1_27' title="bbox 318 2507 1977 2589; baseline 0.003 -27"><span class='ocrx_word' id='word_1_179' title='bbox 318 2507 441 2582; x_wconf 86' lang='grc' dir='ltr'>γίας</span> <span class='ocrx_word' id='word_1_180' title='bbox 497 2510 696 2574; x_wconf 84' lang='grc' dir='ltr'>Ἀννας</span> <span class='ocrx_word' id='word_1_181' title='bbox 753 2509 803 2565; x_wconf 81' lang='grc' dir='ltr'>ἐν</span> <span class='ocrx_word' id='word_1_182' title='bbox 859 2512 940 2582; x_wconf 79' lang='grc' dir='ltr'>τῷ</span> <span class='ocrx_word' id='word_1_183' title='bbox 998 2513 1248 2586; x_wconf 80' lang='grc' dir='ltr'>Λευτὲρῳ</span> <span class='ocrx_word' id='word_1_184' title='bbox 1309 2510 1398 2567; x_wconf 79' lang='grc' dir='ltr'>καὶ</span> <span class='ocrx_word' id='word_1_185' title='bbox 1456 2513 1547 2567; x_wconf 88' lang='grc' dir='ltr'>τὸν</span> <span class='ocrx_word' id='word_1_186' title='bbox 1606 2516 1702 2567; x_wconf 90' lang='grc' dir='ltr'>τοῦ</span> <span class='ocrx_word' id='word_1_187' title='bbox 1738 2509 1977 2589; x_wconf 80' lang='grc' dir='ltr'>μεγαλο-</span> 
     </span>
    </p>
   </div>
   <div class='ocr_carea' id='block_1_28' title="bbox 326 2598 1982 2675">
    <p class='ocr_par' dir='ltr' id='par_1_28' title="bbox 326 2598 1982 2675">
     <span class='ocr_line' id='line_1_28' title="bbox 326 2598 1982 2675; baseline 0.003 -24"><span class='ocrx_word' id='word_1_188' title='bbox 326 2598 599 2673; x_wconf 78' lang='grc' dir='ltr'>μάρτυρος</span> <span class='ocrx_word' id='word_1_189' title='bbox 631 2600 957 2674; x_wconf 73' lang='grc' dir='ltr'>Δημητρίου</span> <span class='ocrx_word' id='word_1_190' title='bbox 989 2600 1080 2656; x_wconf 85' lang='grc' dir='ltr'>καὶ</span> <span class='ocrx_word' id='word_1_191' title='bbox 1111 2603 1201 2656; x_wconf 83' lang='grc' dir='ltr'>τὸν</span> <span class='ocrx_word' id='word_1_192' title='bbox 1233 2605 1330 2656; x_wconf 88' lang='grc' dir='ltr'>τοῦ</span> <span class='ocrx_word' id='word_1_193' title='bbox 1392 2604 1664 2675; x_wconf 82' lang='grc' dir='ltr'>μάρτυρος</span> <span class='ocrx_word' id='word_1_194' title='bbox 1715 2601 1982 2675; x_wconf 82' lang='grc' dir='ltr'>Αἰμιλια-</span> 
     </span>
    </p>
   </div>
   <div class='ocr_carea' id='block_1_29' title="bbox 318 2685 1975 2766">
    <p class='ocr_par' dir='ltr' id='par_1_29' title="bbox 318 2685 1975 2766">
     <span class='ocr_line' id='line_1_29' title="bbox 318 2685 1975 2766; baseline 0.004 -27"><span class='ocrx_word' id='word_1_195' title='bbox 318 2690 415 2741; x_wconf 84' lang='grc' dir='ltr'>νοῦ</span> <span class='ocrx_word' id='word_1_196' title='bbox 443 2688 537 2742; x_wconf 83' lang='grc' dir='ltr'>τὸν</span> <span class='ocrx_word' id='word_1_197' title='bbox 571 2687 621 2742; x_wconf 82' lang='grc' dir='ltr'>ἐν</span> <span class='ocrx_word' id='word_1_198' title='bbox 674 2694 743 2762; x_wconf 80' lang='grc' dir='ltr'>τῇ</span> <span class='ocrx_word' id='word_1_199' title='bbox 796 2685 1015 2762; x_wconf 76' lang='grc' dir='ltr'>Ῥάῦδῳ</span> <span class='ocrx_word' id='word_1_200' title='bbox 1047 2690 1106 2744; x_wconf 77' lang='grc' dir='ltr'>ἐκ</span> <span class='ocrx_word' id='word_1_201' title='bbox 1151 2688 1402 2745; x_wconf 82' lang='grc' dir='ltr'>παλαιῶν</span> <span class='ocrx_word' id='word_1_202' title='bbox 1459 2688 1610 2752; x_wconf 78' lang='grc' dir='ltr'>νὲους</span> <span class='ocrx_word' id='word_1_203' title='bbox 1669 2688 1975 2766; x_wconf 74' lang='grc' dir='ltr'>εἶργάσατο.</span> 
     </span>
    </p>
   </div>
   <div class='ocr_carea' id='block_1_30' title="bbox 319 2777 1974 2854">
    <p class='ocr_par' dir='ltr' id='par_1_30' title="bbox 319 2777 1974 2854">
     <span class='ocr_line' id='line_1_30' title="bbox 319 2777 1974 2854; baseline 0 -21"><span class='ocrx_word' id='word_1_204' title='bbox 319 2777 445 2833; x_wconf 79' lang='grc' dir='ltr'>Ἐπὶ</span> <span class='ocrx_word' id='word_1_205' title='bbox 495 2777 715 2839; x_wconf 76' lang='grc' dir='ltr'>τούτοις</span> <span class='ocrx_word' id='word_1_206' title='bbox 772 2779 863 2833; x_wconf 82' lang='grc' dir='ltr'>καὶ</span> <span class='ocrx_word' id='word_1_207' title='bbox 919 2780 1009 2834; x_wconf 88' lang='grc' dir='ltr'>τὸν</span> <span class='ocrx_word' id='word_1_208' title='bbox 1066 2782 1163 2833; x_wconf 89' lang='grc' dir='ltr'>τοῦ</span> <span class='ocrx_word' id='word_1_209' title='bbox 1194 2779 1356 2854; x_wconf 84' lang='grc' dir='ltr'>ἁγίου</span> <span class='ocrx_word' id='word_1_210' title='bbox 1410 2779 1687 2851; x_wconf 79' lang='grc' dir='ltr'>Ναζαρίου</span> <span class='ocrx_word' id='word_1_211' title='bbox 1739 2796 1974 2833; x_wconf 82' lang='grc' dir='ltr'>καταπε-</span> 
     </span>
    </p>
   </div>
   <div class='ocr_carea' id='block_1_31' title="bbox 321 2863 1978 2942">
    <p class='ocr_par' dir='ltr' id='par_1_31' title="bbox 321 2863 1978 2942">
     <span class='ocr_line' id='line_1_31' title="bbox 321 2863 1978 2942; baseline 0 -21"><span class='ocrx_word' id='word_1_212' title='bbox 321 2865 483 2921; x_wconf 87' lang='grc' dir='ltr'>σόντα</span> <span class='ocrx_word' id='word_1_213' title='bbox 531 2868 790 2937; x_wconf 72' lang='grc' dir='ltr'>ἀνέστησε</span> <span class='ocrx_word' id='word_1_214' title='bbox 823 2912 837 2925; x_wconf 94' lang='grc'>.</span> <span class='ocrx_word' id='word_1_215' title='bbox 901 2869 1009 2925; x_wconf 84' lang='grc' dir='ltr'>Κάν</span> <span class='ocrx_word' id='word_1_216' title='bbox 1063 2872 1181 2930; x_wconf 84' lang='grc' dir='ltr'>τοῖς</span> <span class='ocrx_word' id='word_1_217' title='bbox 1246 2863 1511 2942; x_wconf 74' lang='grc' dir='ltr'>ἐμϐόλοις</span> <span class='ocrx_word' id='word_1_218' title='bbox 1562 2871 1661 2923; x_wconf 92' lang='grc' dir='ltr'>τοῦ</span> <span class='ocrx_word' id='word_1_219' title='bbox 1712 2867 1978 2941; x_wconf 77' lang='grc' dir='ltr'>Δομνῖνου</span> 
     </span>
    </p>
   </div>
   <div class='ocr_carea' id='block_1_32' title="bbox 319 2956 1979 3032">
    <p class='ocr_par' dir='ltr' id='par_1_32' title="bbox 319 2956 1979 3032">
     <span class='ocr_line' id='line_1_32' title="bbox 319 2956 1979 3032; baseline -0.001 -20"><span class='ocrx_word' id='word_1_220' title='bbox 319 2956 413 3012; x_wconf 85' lang='grc' dir='ltr'>τὸν</span> <span class='ocrx_word' id='word_1_221' title='bbox 469 2958 570 3024; x_wconf 75' lang='grc' dir='ltr'>τῆς</span> <span class='ocrx_word' id='word_1_222' title='bbox 629 2959 873 3032; x_wconf 81' lang='grc' dir='ltr'>Χριστοῦ</span> <span class='ocrx_word' id='word_1_223' title='bbox 923 2957 1259 3020; x_wconf 81' lang='grc' dir='ltr'>ἀναστάσεως</span> <span class='ocrx_word' id='word_1_224' title='bbox 1312 2956 1402 3012; x_wconf 74' lang='grc' dir='ltr'>καὶ</span> <span class='ocrx_word' id='word_1_225' title='bbox 1462 2956 1818 3020; x_wconf 81' lang='grc' dir='ltr'>Ἀναστασίας</span> <span class='ocrx_word' id='word_1_226' title='bbox 1875 2964 1979 3027; x_wconf 83' lang='grc' dir='ltr'>τῆς</span> 
     </span>
    </p>
   </div>
   <div class='ocr_carea' id='block_1_33' title="bbox 322 3044 1976 3123">
    <p class='ocr_par' dir='ltr' id='par_1_33' title="bbox 322 3044 1976 3123">
     <span class='ocr_line' id='line_1_33' title="bbox 322 3044 1976 3123; baseline 0.001 -23"><span class='ocrx_word' id='word_1_227' title='bbox 322 3047 602 3123; x_wconf 85' lang='grc' dir='ltr'>μάρτυρος</span> <span class='ocrx_word' id='word_1_228' title='bbox 651 3044 961 3121; x_wconf 75' lang='grc' dir='ltr'>περικαλλῆ</span> <span class='ocrx_word' id='word_1_229' title='bbox 1029 3047 1156 3102; x_wconf 84' lang='grc' dir='ltr'>ναὸν</span> <span class='ocrx_word' id='word_1_230' title='bbox 1216 3046 1572 3109; x_wconf 72' lang='grc' dir='ltr'>ἐπισκευάσας</span> <span class='ocrx_word' id='word_1_231' title='bbox 1636 3045 1976 3121; x_wconf 83' lang='grc' dir='ltr'>ἐλάμπρυνε,</span> 
     </span>
    </p>
   </div>
   <div class='ocr_carea' id='block_1_34' title="bbox 319 3134 1974 3215">
    <p class='ocr_par' dir='ltr' id='par_1_34' title="bbox 319 3134 1974 3215">
     <span class='ocr_line' id='line_1_34' title="bbox 319 3134 1974 3215; baseline 0.001 -26"><span class='ocrx_word' id='word_1_232' title='bbox 319 3134 534 3204; x_wconf 84' lang='grc' dir='ltr'>λιθίνην</span> <span class='ocrx_word' id='word_1_233' title='bbox 595 3137 711 3191; x_wconf 84' lang='grc' dir='ltr'>ἀντὶ</span> <span class='ocrx_word' id='word_1_234' title='bbox 770 3137 993 3207; x_wconf 78' lang='grc' dir='ltr'>ξυλίνης</span> <span class='ocrx_word' id='word_1_235' title='bbox 1050 3140 1150 3207; x_wconf 76' lang='grc' dir='ltr'>τὴν</span> <span class='ocrx_word' id='word_1_236' title='bbox 1195 3138 1405 3215; x_wconf 72' lang='grc' dir='ltr'>ὀροφήν</span> <span class='ocrx_word' id='word_1_237' title='bbox 1438 3136 1831 3214; x_wconf 80' lang='grc' dir='ltr'>ἐργασάμενος.</span> <span class='ocrx_word' id='word_1_238' title='bbox 1868 3138 1974 3193; x_wconf 80' lang='grc' dir='ltr'>Καὶ</span> 
     </span>
    </p>
   </div>
   <div class='ocr_carea' id='block_1_35' title="bbox 316 3223 1971 3302">
    <p class='ocr_par' dir='ltr' id='par_1_35' title="bbox 316 3223 1971 3302">
     <span class='ocr_line' id='line_1_35' title="bbox 316 3223 1971 3302; baseline 0.001 -23"><span class='ocrx_word' id='word_1_239' title='bbox 316 3223 610 3288; x_wconf 77' lang='grc' dir='ltr'>Πλάτωνος</span> <span class='ocrx_word' id='word_1_240' title='bbox 667 3229 765 3280; x_wconf 90' lang='grc' dir='ltr'>τοῦ</span> <span class='ocrx_word' id='word_1_241' title='bbox 842 3226 1085 3302; x_wconf 82' lang='grc' dir='ltr'>μεγάλου</span> <span class='ocrx_word' id='word_1_242' title='bbox 1158 3226 1210 3281; x_wconf 81' lang='grc' dir='ltr'>ἐν</span> <span class='ocrx_word' id='word_1_243' title='bbox 1294 3227 1528 3302; x_wconf 82' lang='grc' dir='ltr'>μάρτυσι</span> <span class='ocrx_word' id='word_1_244' title='bbox 1588 3226 1823 3282; x_wconf 86' lang='grc' dir='ltr'>πεσόντα</span> <span class='ocrx_word' id='word_1_245' title='bbox 1881 3225 1971 3281; x_wconf 80' lang='grc' dir='ltr'>ἆν-</span> 
     </span>
    </p>
   </div>
   <div class='ocr_carea' id='block_1_36' title="bbox 2100 642 3756 714">
    <p class='ocr_par' dir='ltr' id='par_1_36' title="bbox 2100 642 3756 714">
     <span class='ocr_line' id='line_1_36' title="bbox 2100 642 3756 714; baseline 0.004 -20"><span class='ocrx_word' id='word_1_246' title='bbox 2100 642 2283 711; x_wconf 88' lang='lat' dir='ltr'>phani</span> <span class='ocrx_word' id='word_1_247' title='bbox 2315 650 2644 713; x_wconf 87' lang='lat' dir='ltr'>martyrum</span> <span class='ocrx_word' id='word_1_248' title='bbox 2676 643 2981 714; x_wconf 79' lang='lat' dir='ltr'>principis.</span> <span class='ocrx_word' id='word_1_249' title='bbox 3016 659 3147 714; x_wconf 61' lang='lat' dir='ltr'>quas</span> <span class='ocrx_word' id='word_1_250' title='bbox 3178 644 3239 699; x_wconf 89' lang='lat' dir='ltr'>in</span> <span class='ocrx_word' id='word_1_251' title='bbox 3265 644 3593 700; x_wconf 77' lang='lat' dir='ltr'>Aurelianis</span> <span class='ocrx_word' id='word_1_252' title='bbox 3614 663 3756 701; x_wconf 87' lang='lat' dir='ltr'>con-</span> 
     </span>
    </p>
   </div>
   <div class='ocr_carea' id='block_1_37' title="bbox 2101 730 3755 807">
    <p class='ocr_par' dir='ltr' id='par_1_37' title="bbox 2101 730 3755 807">
     <span class='ocr_line' id='line_1_37' title="bbox 2101 730 3755 807; baseline 0.004 -22"><span class='ocrx_word' id='word_1_253' title='bbox 2101 730 2224 786; x_wconf 87' lang='lat' dir='ltr'>dita</span> <span class='ocrx_word' id='word_1_254' title='bbox 2257 732 2422 786; x_wconf 88' lang='lat' dir='ltr'>humi</span> <span class='ocrx_word' id='word_1_255' title='bbox 2468 733 2886 804; x_wconf 88' lang='lat' dir='ltr'>procubuerat.</span> <span class='ocrx_word' id='word_1_256' title='bbox 2926 734 3200 805; x_wconf 69' lang='lat' dir='ltr'>Baptista)</span> <span class='ocrx_word' id='word_1_257' title='bbox 3258 735 3395 790; x_wconf 78' lang='lat' dir='ltr'>fana</span> <span class='ocrx_word' id='word_1_258' title='bbox 3420 736 3558 799; x_wconf 82' lang='lat' dir='ltr'>duo,</span> <span class='ocrx_word' id='word_1_259' title='bbox 3605 753 3755 807; x_wconf 89' lang='lat' dir='ltr'>quo-</span> 
     </span>
    </p>
   </div>
   <div class='ocr_carea' id='block_1_38' title="bbox 2097 822 3754 893">
    <p class='ocr_par' dir='ltr' id='par_1_38' title="bbox 2097 822 3754 893">
     <span class='ocr_line' id='line_1_38' title="bbox 2097 822 3754 893; baseline 0.004 -17"><span class='ocrx_word' id='word_1_260' title='bbox 2097 837 2231 877; x_wconf 90' lang='lat' dir='ltr'>rum</span> <span class='ocrx_word' id='word_1_261' title='bbox 2262 822 2373 877; x_wconf 90' lang='lat' dir='ltr'>hoc</span> <span class='ocrx_word' id='word_1_262' title='bbox 2405 822 2466 877; x_wconf 90' lang='lat' dir='ltr'>in</span> <span class='ocrx_word' id='word_1_263' title='bbox 2517 823 2785 879; x_wconf 88' lang='lat' dir='ltr'>Strobelo</span> <span class='ocrx_word' id='word_1_264' title='bbox 2817 822 2968 879; x_wconf 80' lang='lat' dir='ltr'>Illud</span> <span class='ocrx_word' id='word_1_265' title='bbox 3002 824 3062 878; x_wconf 90' lang='lat' dir='ltr'>in</span> <span class='ocrx_word' id='word_1_266' title='bbox 3108 824 3570 893; x_wconf 85' lang='lat' dir='ltr'>Macedonianis,</span> <span class='ocrx_word' id='word_1_267' title='bbox 3605 827 3754 882; x_wconf 87' lang='lat' dir='ltr'>alte-</span> 
     </span>
    </p>
   </div>
   <div class='ocr_carea' id='block_1_39' title="bbox 2100 911 3754 985">
    <p class='ocr_par' dir='ltr' id='par_1_39' title="bbox 2100 911 3754 985">
     <span class='ocr_line' id='line_1_39' title="bbox 2100 911 3754 985; baseline 0.004 -20"><span class='ocrx_word' id='word_1_268' title='bbox 2100 926 2233 966; x_wconf 88' lang='lat' dir='ltr'>rum</span> <span class='ocrx_word' id='word_1_269' title='bbox 2266 911 2494 985; x_wconf 83' lang='lat' dir='ltr'>majore</span> <span class='ocrx_word' id='word_1_270' title='bbox 2526 914 2614 968; x_wconf 79' lang='lat' dir='ltr'>sui</span> <span class='ocrx_word' id='word_1_271' title='bbox 2649 919 2813 985; x_wconf 89' lang='lat' dir='ltr'>parte</span> <span class='ocrx_word' id='word_1_272' title='bbox 2848 915 3160 985; x_wconf 78' lang='lat' dir='ltr'>reparavit,</span> <span class='ocrx_word' id='word_1_273' title='bbox 3196 914 3447 969; x_wconf 88' lang='lat' dir='ltr'>alterum</span> <span class='ocrx_word' id='word_1_274' title='bbox 3480 930 3510 969; x_wconf 91' lang='lat' dir='ltr'>e</span> <span class='ocrx_word' id='word_1_275' title='bbox 3543 917 3754 972; x_wconf 83' lang='lat' dir='ltr'>fonda—</span> 
     </span>
    </p>
   </div>
   <div class='ocr_carea' id='block_1_40' title="bbox 2098 1012 3756 1085">
    <p class='ocr_par' dir='ltr' id='par_1_40' title="bbox 2098 1012 3756 1085">
     <span class='ocr_line' id='line_1_40' title="bbox 2098 1012 3756 1085; baseline 0.003 -19"><span class='ocrx_word' id='word_1_276' title='bbox 2098 1014 2317 1067; x_wconf 88' lang='lat' dir='ltr'>mentis</span> <span class='ocrx_word' id='word_1_277' title='bbox 2350 1012 2697 1069; x_wconf 86' lang='lat' dir='ltr'>substruxit.</span> <span class='ocrx_word' id='word_1_278' title='bbox 2730 1014 3060 1083; x_wconf 86' lang='lat' dir='ltr'>Itidemque</span> <span class='ocrx_word' id='word_1_279' title='bbox 3092 1014 3345 1085; x_wconf 86' lang='lat' dir='ltr'>Philippi</span> <span class='ocrx_word' id='word_1_280' title='bbox 3388 1014 3659 1085; x_wconf 80' lang='lat' dir='ltr'>apostoli,</span> <span class='ocrx_word' id='word_1_281' title='bbox 3695 1022 3756 1071; x_wconf 90' lang='lat' dir='ltr'>et</span> 
     </span>
    </p>
   </div>
   <div class='ocr_carea' id='block_1_41' title="bbox 2101 1101 3748 1172">
    <p class='ocr_par' dir='ltr' id='par_1_41' title="bbox 2101 1101 3748 1172">
     <span class='ocr_line' id='line_1_41' title="bbox 2101 1101 3748 1172; baseline 0.001 -15"><span class='ocrx_word' id='word_1_282' title='bbox 2101 1118 2233 1172; x_wconf 64' lang='lat' dir='ltr'>qua)</span> <span class='ocrx_word' id='word_1_283' title='bbox 2266 1101 2339 1158; x_wconf 90' lang='lat' dir='ltr'>ab</span> <span class='ocrx_word' id='word_1_284' title='bbox 2367 1101 2480 1158; x_wconf 88' lang='lat' dir='ltr'>hac</span> <span class='ocrx_word' id='word_1_285' title='bbox 2509 1120 2713 1159; x_wconf 88' lang='lat' dir='ltr'>versus</span> <span class='ocrx_word' id='word_1_286' title='bbox 2747 1120 3022 1159; x_wconf 83' lang='lat' dir='ltr'>occasum</span> <span class='ocrx_word' id='word_1_287' title='bbox 3055 1103 3197 1158; x_wconf 86' lang='lat' dir='ltr'>solis</span> <span class='ocrx_word' id='word_1_288' title='bbox 3238 1103 3351 1158; x_wconf 84' lang='lat' dir='ltr'>sita</span> <span class='ocrx_word' id='word_1_289' title='bbox 3399 1107 3542 1157; x_wconf 88' lang='lat' dir='ltr'>erat.</span> <span class='ocrx_word' id='word_1_290' title='bbox 3582 1105 3748 1159; x_wconf 67' lang='lat' dir='ltr'>Lucas</span> 
     </span>
    </p>
   </div>
   <div class='ocr_carea' id='block_1_42' title="bbox 2099 1190 3752 1265">
    <p class='ocr_par' dir='ltr' id='par_1_42' title="bbox 2099 1190 3752 1265">
     <span class='ocr_line' id='line_1_42' title="bbox 2099 1190 3752 1265; baseline 0.002 -20"><span class='ocrx_word' id='word_1_291' title='bbox 2099 1190 2472 1264; x_wconf 75' lang='lat' dir='ltr'>evangelistae</span> <span class='ocrx_word' id='word_1_292' title='bbox 2521 1192 2731 1263; x_wconf 70' lang='lat' dir='ltr'>aedem,</span> <span class='ocrx_word' id='word_1_293' title='bbox 2784 1208 3018 1265; x_wconf 80' lang='lat' dir='ltr'>gravem</span> <span class='ocrx_word' id='word_1_294' title='bbox 3073 1208 3277 1262; x_wconf 88' lang='lat' dir='ltr'>passas</span> <span class='ocrx_word' id='word_1_295' title='bbox 3326 1190 3584 1253; x_wconf 88' lang='lat' dir='ltr'>ruinam.</span> <span class='ocrx_word' id='word_1_296' title='bbox 3643 1208 3752 1248; x_wconf 88' lang='lat' dir='ltr'>nec</span> 
     </span>
    </p>
   </div>
   <div class='ocr_carea' id='block_1_43' title="bbox 2097 1291 3747 1366">
    <p class='ocr_par' dir='ltr' id='par_1_43' title="bbox 2097 1291 3747 1366">
     <span class='ocr_line' id='line_1_43' title="bbox 2097 1291 3747 1366; baseline 0.001 -21"><span class='ocrx_word' id='word_1_297' title='bbox 2097 1309 2217 1346; x_wconf 84' lang='lat' dir='ltr'>non</span> <span class='ocrx_word' id='word_1_298' title='bbox 2269 1292 2558 1364; x_wconf 86' lang='lat' dir='ltr'>templum</span> <span class='ocrx_word' id='word_1_299' title='bbox 2614 1309 2891 1366; x_wconf 85' lang='lat' dir='ltr'>magnum</span> <span class='ocrx_word' id='word_1_300' title='bbox 2942 1291 3108 1347; x_wconf 85' lang='lat' dir='ltr'>Mocii</span> <span class='ocrx_word' id='word_1_301' title='bbox 3160 1292 3458 1363; x_wconf 73' lang='lat' dir='ltr'>martyris,</span> <span class='ocrx_word' id='word_1_302' title='bbox 3501 1292 3747 1362; x_wconf 79' lang='lat' dir='ltr'>ejusque</span> 
     </span>
    </p>
   </div>
   <div class='ocr_carea' id='block_1_44' title="bbox 2098 1380 3744 1453">
    <p class='ocr_par' dir='ltr' id='par_1_44' title="bbox 2098 1380 3744 1453">
     <span class='ocr_line' id='line_1_44' title="bbox 2098 1380 3744 1453; baseline 0.001 -17"><span class='ocrx_word' id='word_1_303' title='bbox 2098 1380 2405 1453; x_wconf 83' lang='lat' dir='ltr'>penetrale</span> <span class='ocrx_word' id='word_1_304' title='bbox 2429 1382 2556 1438; x_wconf 91' lang='lat' dir='ltr'>solo</span> <span class='ocrx_word' id='word_1_305' title='bbox 2588 1381 3104 1453; x_wconf 71' lang='lat' dir='ltr'>aaquatum,fracta</span> <span class='ocrx_word' id='word_1_306' title='bbox 3126 1380 3305 1436; x_wconf 90' lang='lat' dir='ltr'>etiam</span> <span class='ocrx_word' id='word_1_307' title='bbox 3328 1395 3496 1435; x_wconf 91' lang='lat' dir='ltr'>sacra</span> <span class='ocrx_word' id='word_1_308' title='bbox 3519 1396 3744 1451; x_wconf 85' lang='lat' dir='ltr'>mensa,</span> 
     </span>
    </p>
   </div>
   <div class='ocr_carea' id='block_1_45' title="bbox 2096 1471 3845 1544">
    <p class='ocr_par' dir='ltr' id='par_1_45' title="bbox 2096 1471 3845 1544">
     <span class='ocr_line' id='line_1_45' title="bbox 2096 1471 3845 1544; baseline 0 -19"><span class='ocrx_word' id='word_1_309' title='bbox 2096 1489 2126 1525; x_wconf 96' lang='lat' dir='ltr'>e</span> <span class='ocrx_word' id='word_1_310' title='bbox 2177 1473 2487 1544; x_wconf 83' lang='lat' dir='ltr'>parietinis</span> <span class='ocrx_word' id='word_1_311' title='bbox 2539 1473 2831 1528; x_wconf 85' lang='lat' dir='ltr'>excitavit.</span> <span class='ocrx_word' id='word_1_312' title='bbox 2886 1472 3164 1528; x_wconf 82' lang='lat' dir='ltr'>Restituit</span> <span class='ocrx_word' id='word_1_313' title='bbox 3211 1477 3271 1526; x_wconf 90' lang='lat' dir='ltr'>et</span> <span class='ocrx_word' id='word_1_314' title='bbox 3317 1471 3582 1543; x_wconf 74' lang='lat' dir='ltr'>pristinae</span> <span class='ocrx_word' id='word_1_315' title='bbox 3613 1471 3746 1543; x_wconf 86' lang='lat' dir='ltr'>pul-</span> <span class='ocrx_word' id='word_1_316' title='bbox 3841 1474 3845 1478; x_wconf 79' lang='grc'><em>’</em></span> 
     </span>
    </p>
   </div>
   <div class='ocr_carea' id='block_1_46' title="bbox 2096 1560 3748 1634">
    <p class='ocr_par' dir='ltr' id='par_1_46' title="bbox 2096 1560 3748 1634">
     <span class='ocr_line' id='line_1_46' title="bbox 2096 1560 3748 1634; baseline -0.001 -17"><span class='ocrx_word' id='word_1_317' title='bbox 2096 1560 2423 1617; x_wconf 89' lang='lat' dir='ltr'>chritudini</span> <span class='ocrx_word' id='word_1_318' title='bbox 2478 1560 2761 1618; x_wconf 87' lang='lat' dir='ltr'>refectam</span> <span class='ocrx_word' id='word_1_319' title='bbox 2813 1578 2882 1617; x_wconf 81' lang='lat' dir='ltr'>ex</span> <span class='ocrx_word' id='word_1_320' title='bbox 2931 1560 3194 1634; x_wconf 84' lang='lat' dir='ltr'>collapsa</span> <span class='ocrx_word' id='word_1_321' title='bbox 3251 1561 3439 1615; x_wconf 68' lang='lat' dir='ltr'>aedem</span> <span class='ocrx_word' id='word_1_322' title='bbox 3498 1561 3748 1616; x_wconf 67' lang='lat' dir='ltr'>Andrezn</span> 
     </span>
    </p>
   </div>
   <div class='ocr_carea' id='block_1_47' title="bbox 2096 1652 3751 1723">
    <p class='ocr_par' dir='ltr' id='par_1_47' title="bbox 2096 1652 3751 1723">
     <span class='ocr_line' id='line_1_47' title="bbox 2096 1652 3751 1723; baseline -0.002 -15"><span class='ocrx_word' id='word_1_323' title='bbox 2096 1652 2349 1723; x_wconf 86' lang='lat' dir='ltr'>apostoli</span> <span class='ocrx_word' id='word_1_324' title='bbox 2399 1660 2536 1708; x_wconf 87' lang='lat' dir='ltr'>ante</span> <span class='ocrx_word' id='word_1_325' title='bbox 2594 1653 2744 1708; x_wconf 90' lang='lat' dir='ltr'>alios</span> <span class='ocrx_word' id='word_1_326' title='bbox 2795 1653 3005 1720; x_wconf 86' lang='lat' dir='ltr'>vocati,</span> <span class='ocrx_word' id='word_1_327' title='bbox 3064 1652 3191 1707; x_wconf 90' lang='lat' dir='ltr'>istis</span> <span class='ocrx_word' id='word_1_328' title='bbox 3249 1652 3552 1717; x_wconf 81' lang='lat' dir='ltr'>vicinam;</span> <span class='ocrx_word' id='word_1_329' title='bbox 3610 1653 3751 1706; x_wconf 90' lang='lat' dir='ltr'>item</span> 
     </span>
    </p>
   </div>
   <div class='ocr_carea' id='block_1_48' title="bbox 2097 1750 3751 1815">
    <p class='ocr_par' dir='ltr' id='par_1_48' title="bbox 2097 1750 3751 1815">
     <span class='ocr_line' id='line_1_48' title="bbox 2097 1750 3751 1815; baseline -0.002 -9"><span class='ocrx_word' id='word_1_330' title='bbox 2097 1751 2287 1807; x_wconf 87' lang='lat' dir='ltr'>sancti</span> <span class='ocrx_word' id='word_1_331' title='bbox 2320 1752 2571 1807; x_wconf 81' lang='lat' dir='ltr'>Romani</span> <span class='ocrx_word' id='word_1_332' title='bbox 2603 1756 2657 1806; x_wconf 86' lang='lat' dir='ltr'>et</span> <span class='ocrx_word' id='word_1_333' title='bbox 2691 1755 2910 1806; x_wconf 66' lang='lat' dir='ltr'>sanctm</span> <span class='ocrx_word' id='word_1_334' title='bbox 2941 1753 3127 1806; x_wconf 69' lang='lat' dir='ltr'>Annae</span> <span class='ocrx_word' id='word_1_335' title='bbox 3159 1750 3219 1803; x_wconf 91' lang='lat' dir='ltr'>in</span> <span class='ocrx_word' id='word_1_336' title='bbox 3246 1750 3590 1815; x_wconf 89' lang='lat' dir='ltr'>Deutero,et</span> <span class='ocrx_word' id='word_1_337' title='bbox 3621 1765 3751 1803; x_wconf 90' lang='lat' dir='ltr'>ma—</span> 
     </span>
    </p>
   </div>
   <div class='ocr_carea' id='block_1_49' title="bbox 2093 1836 3746 1913">
    <p class='ocr_par' dir='ltr' id='par_1_49' title="bbox 2093 1836 3746 1913">
     <span class='ocr_line' id='line_1_49' title="bbox 2093 1836 3746 1913; baseline -0.001 -19"><span class='ocrx_word' id='word_1_338' title='bbox 2093 1840 2192 1912; x_wconf 85' lang='lat' dir='ltr'>gni</span> <span class='ocrx_word' id='word_1_339' title='bbox 2212 1841 2490 1913; x_wconf 83' lang='lat' dir='ltr'>martyris</span> <span class='ocrx_word' id='word_1_340' title='bbox 2516 1839 3103 1912; x_wconf 87' lang='lat' dir='ltr'>Demetrii,martyris</span> <span class='ocrx_word' id='word_1_341' title='bbox 3123 1838 3414 1894; x_wconf 66' lang='lat' dir='ltr'>zEmiliani</span> <span class='ocrx_word' id='word_1_342' title='bbox 3439 1837 3497 1893; x_wconf 92' lang='lat' dir='ltr'>in</span> <span class='ocrx_word' id='word_1_343' title='bbox 3522 1836 3746 1908; x_wconf 82' lang='lat' dir='ltr'>Rabdo,</span> 
     </span>
    </p>
   </div>
   <div class='ocr_carea' id='block_1_50' title="bbox 2016 1923 3748 2003">
    <p class='ocr_par' dir='ltr' id='par_1_50' title="bbox 2016 1923 3748 2003">
     <span class='ocr_line' id='line_1_50' title="bbox 2016 1923 3748 2003; baseline -0.003 -16"><span class='ocrx_word' id='word_1_344' title='bbox 2016 1923 2059 1987; x_wconf 88' lang='grc' dir='ltr'>Β</span> <span class='ocrx_word' id='word_1_345' title='bbox 2095 1931 2166 1985; x_wconf 93' lang='lat' dir='ltr'>de</span> <span class='ocrx_word' id='word_1_346' title='bbox 2199 1931 2462 2001; x_wconf 84' lang='lat' dir='ltr'>antiquis</span> <span class='ocrx_word' id='word_1_347' title='bbox 2493 1947 2673 1986; x_wconf 88' lang='lat' dir='ltr'>novas</span> <span class='ocrx_word' id='word_1_348' title='bbox 2705 1930 2951 2003; x_wconf 81' lang='lat' dir='ltr'>redegit.</span> <span class='ocrx_word' id='word_1_349' title='bbox 2987 1929 3264 1985; x_wconf 80' lang='lat' dir='ltr'>Restituit</span> <span class='ocrx_word' id='word_1_350' title='bbox 3297 1934 3352 1983; x_wconf 90' lang='lat' dir='ltr'>et</span> <span class='ocrx_word' id='word_1_351' title='bbox 3397 1927 3585 1983; x_wconf 86' lang='lat' dir='ltr'>sancti</span> <span class='ocrx_word' id='word_1_352' title='bbox 3635 1929 3748 1983; x_wconf 84' lang='lat' dir='ltr'>Na-</span> 
     </span>
    </p>
   </div>
   <div class='ocr_carea' id='block_1_51' title="bbox 2094 2015 3744 2092">
    <p class='ocr_par' dir='ltr' id='par_1_51' title="bbox 2094 2015 3744 2092">
     <span class='ocr_line' id='line_1_51' title="bbox 2094 2015 3744 2092; baseline -0.002 -20"><span class='ocrx_word' id='word_1_353' title='bbox 2094 2020 2227 2076; x_wconf 91' lang='lat' dir='ltr'>zarii</span> <span class='ocrx_word' id='word_1_354' title='bbox 2282 2020 2471 2076; x_wconf 74' lang='lat' dir='ltr'>eadem</span> <span class='ocrx_word' id='word_1_355' title='bbox 2524 2020 2900 2092; x_wconf 88' lang='lat' dir='ltr'>collapsam:</span> <span class='ocrx_word' id='word_1_356' title='bbox 2936 2025 2993 2074; x_wconf 93' lang='lat' dir='ltr'>et</span> <span class='ocrx_word' id='word_1_357' title='bbox 3042 2019 3103 2073; x_wconf 91' lang='lat' dir='ltr'>in</span> <span class='ocrx_word' id='word_1_358' title='bbox 3154 2017 3479 2091; x_wconf 85' lang='lat' dir='ltr'>porticibus</span> <span class='ocrx_word' id='word_1_359' title='bbox 3516 2015 3744 2072; x_wconf 88' lang='lat' dir='ltr'>domini</span> 
     </span>
    </p>
   </div>
   <div class='ocr_carea' id='block_1_52' title="bbox 2098 2108 3748 2183">
    <p class='ocr_par' dir='ltr' id='par_1_52' title="bbox 2098 2108 3748 2183">
     <span class='ocr_line' id='line_1_52' title="bbox 2098 2108 3748 2183; baseline -0.002 -18"><span class='ocrx_word' id='word_1_360' title='bbox 2098 2110 2389 2183; x_wconf 88' lang='lat' dir='ltr'>templum</span> <span class='ocrx_word' id='word_1_361' title='bbox 2424 2110 2880 2167; x_wconf 67' lang='lat' dir='ltr'>resurrectionis</span> <span class='ocrx_word' id='word_1_362' title='bbox 2912 2109 3216 2176; x_wconf 87' lang='lat' dir='ltr'>Christi,et</span> <span class='ocrx_word' id='word_1_363' title='bbox 3236 2108 3563 2163; x_wconf 69' lang='lat' dir='ltr'>Anastasim</span> <span class='ocrx_word' id='word_1_364' title='bbox 3599 2123 3748 2161; x_wconf 88' lang='lat' dir='ltr'>mar-</span> 
     </span>
    </p>
   </div>
   <div class='ocr_carea' id='block_1_53' title="bbox 2094 2195 3747 2270">
    <p class='ocr_par' dir='ltr' id='par_1_53' title="bbox 2094 2195 3747 2270">
     <span class='ocr_line' id='line_1_53' title="bbox 2094 2195 3747 2270; baseline -0.002 -17"><span class='ocrx_word' id='word_1_365' title='bbox 2094 2199 2243 2270; x_wconf 87' lang='lat' dir='ltr'>tyris</span> <span class='ocrx_word' id='word_1_366' title='bbox 2300 2200 2590 2255; x_wconf 84' lang='lat' dir='ltr'>refectum</span> <span class='ocrx_word' id='word_1_367' title='bbox 2649 2199 2883 2255; x_wconf 87' lang='lat' dir='ltr'>ornavit</span> <span class='ocrx_word' id='word_1_368' title='bbox 2938 2197 3193 2269; x_wconf 81' lang='lat' dir='ltr'>fastigio,</span> <span class='ocrx_word' id='word_1_369' title='bbox 3270 2195 3428 2267; x_wconf 89' lang='lat' dir='ltr'>quod</span> <span class='ocrx_word' id='word_1_370' title='bbox 3483 2195 3747 2268; x_wconf 85' lang='lat' dir='ltr'>ligneum</span> 
     </span>
    </p>
   </div>
   <div class='ocr_carea' id='block_1_54' title="bbox 2095 2296 3747 2372">
    <p class='ocr_par' dir='ltr' id='par_1_54' title="bbox 2095 2296 3747 2372">
     <span class='ocr_line' id='line_1_54' title="bbox 2095 2296 3747 2372; baseline -0.004 -16"><span class='ocrx_word' id='word_1_371' title='bbox 2095 2306 2232 2356; x_wconf 89' lang='lat' dir='ltr'>ante</span> <span class='ocrx_word' id='word_1_372' title='bbox 2265 2300 2480 2369; x_wconf 82' lang='lat' dir='ltr'>fuerat,</span> <span class='ocrx_word' id='word_1_373' title='bbox 2515 2300 2772 2372; x_wconf 86' lang='lat' dir='ltr'>lapideo.</span> <span class='ocrx_word' id='word_1_374' title='bbox 2809 2299 3069 2356; x_wconf 89' lang='lat' dir='ltr'>Platonis</span> <span class='ocrx_word' id='word_1_375' title='bbox 3101 2297 3300 2370; x_wconf 83' lang='lat' dir='ltr'>inclyti</span> <span class='ocrx_word' id='word_1_376' title='bbox 3350 2296 3629 2367; x_wconf 86' lang='lat' dir='ltr'>martyris</span> <span class='ocrx_word' id='word_1_377' title='bbox 3658 2298 3747 2351; x_wconf 84' lang='lat' dir='ltr'>fa-</span> 
     </span>
    </p>
   </div>
   <div class='ocr_carea' id='block_1_55' title="bbox 2092 2386 3750 2463">
    <p class='ocr_par' dir='ltr' id='par_1_55' title="bbox 2092 2386 3750 2463">
     <span class='ocr_line' id='line_1_55' title="bbox 2092 2386 3750 2463; baseline -0.003 -18"><span class='ocrx_word' id='word_1_378' title='bbox 2092 2407 2263 2457; x_wconf 88' lang='lat' dir='ltr'>num,</span> <span class='ocrx_word' id='word_1_379' title='bbox 2314 2391 2475 2463; x_wconf 88' lang='lat' dir='ltr'>quod</span> <span class='ocrx_word' id='word_1_380' title='bbox 2523 2395 2848 2458; x_wconf 87' lang='lat' dir='ltr'>corruerat,</span> <span class='ocrx_word' id='word_1_381' title='bbox 2899 2389 3130 2454; x_wconf 85' lang='lat' dir='ltr'>erexit;</span> <span class='ocrx_word' id='word_1_382' title='bbox 3181 2387 3557 2456; x_wconf 87' lang='lat' dir='ltr'>vicinumque</span> <span class='ocrx_word' id='word_1_383' title='bbox 3613 2386 3750 2440; x_wconf 85' lang='lat' dir='ltr'>huic</span> 
     </span>
    </p>
   </div>
   <div class='ocr_carea' id='block_1_56' title="bbox 2091 2474 3742 2551">
    <p class='ocr_par' dir='ltr' id='par_1_56' title="bbox 2091 2474 3742 2551">
     <span class='ocr_line' id='line_1_56' title="bbox 2091 2474 3742 2551; baseline -0.002 -19"><span class='ocrx_word' id='word_1_384' title='bbox 2091 2478 2303 2535; x_wconf 83' lang='lat' dir='ltr'>fanum</span> <span class='ocrx_word' id='word_1_385' title='bbox 2324 2479 2510 2534; x_wconf 89' lang='lat' dir='ltr'>nobili</span> <span class='ocrx_word' id='word_1_386' title='bbox 2530 2480 2779 2535; x_wconf 88' lang='lat' dir='ltr'>victoria</span> <span class='ocrx_word' id='word_1_387' title='bbox 2798 2478 3122 2551; x_wconf 75' lang='lat' dir='ltr'>insignium</span> <span class='ocrx_word' id='word_1_388' title='bbox 3146 2482 3473 2547; x_wconf 83' lang='lat' dir='ltr'>martyrum</span> <span class='ocrx_word' id='word_1_389' title='bbox 3498 2474 3742 2545; x_wconf 88' lang='lat' dir='ltr'>Hesperi</span> 
     </span>
    </p>
   </div>
   <div class='ocr_carea' id='block_1_57' title="bbox 2095 2574 3745 2647">
    <p class='ocr_par' dir='ltr' id='par_1_57' title="bbox 2095 2574 3745 2647">
     <span class='ocr_line' id='line_1_57' title="bbox 2095 2574 3745 2647; baseline -0.004 -14"><span class='ocrx_word' id='word_1_390' title='bbox 2095 2583 2154 2633; x_wconf 90' lang='lat' dir='ltr'>et</span> <span class='ocrx_word' id='word_1_391' title='bbox 2184 2581 2311 2633; x_wconf 75' lang='lat' dir='ltr'>Zoas</span> <span class='ocrx_word' id='word_1_392' title='bbox 2341 2578 2862 2643; x_wconf 68' lang='lat' dir='ltr'>condiditBuinm,</span> <span class='ocrx_word' id='word_1_393' title='bbox 2890 2593 3021 2647; x_wconf 61' lang='lat' dir='ltr'>quas</span> <span class='ocrx_word' id='word_1_394' title='bbox 3053 2574 3425 2643; x_wconf 87' lang='lat' dir='ltr'>imminebat,</span> <span class='ocrx_word' id='word_1_395' title='bbox 3453 2574 3745 2628; x_wconf 82' lang='lat' dir='ltr'>subtraxit</span> 
     </span>
    </p>
   </div>
   <div class='ocr_carea' id='block_1_58' title="bbox 2091 2659 3739 2738">
    <p class='ocr_par' dir='ltr' id='par_1_58' title="bbox 2091 2659 3739 2738">
     <span class='ocr_line' id='line_1_58' title="bbox 2091 2659 3739 2738; baseline -0.005 -14"><span class='ocrx_word' id='word_1_396' title='bbox 2091 2668 2287 2724; x_wconf 86' lang='lat' dir='ltr'>Acacii</span> <span class='ocrx_word' id='word_1_397' title='bbox 2322 2684 2557 2738; x_wconf 87' lang='lat' dir='ltr'>quoque</span> <span class='ocrx_word' id='word_1_398' title='bbox 2598 2659 2807 2724; x_wconf 70' lang='lat'>1040</span> <span class='ocrx_word' id='word_1_399' title='bbox 2857 2665 3135 2738; x_wconf 83' lang='lat' dir='ltr'>martyris</span> <span class='ocrx_word' id='word_1_400' title='bbox 3183 2665 3370 2719; x_wconf 80' lang='lat' dir='ltr'>aedem</span> <span class='ocrx_word' id='word_1_401' title='bbox 3410 2663 3471 2717; x_wconf 90' lang='lat' dir='ltr'>in</span> <span class='ocrx_word' id='word_1_402' title='bbox 3525 2664 3739 2733; x_wconf 81' lang='lat' dir='ltr'>Hepta-</span> 
     </span>
    </p>
   </div>
   <div class='ocr_carea' id='block_1_59' title="bbox 2092 2752 3742 2832">
    <p class='ocr_par' dir='ltr' id='par_1_59' title="bbox 2092 2752 3742 2832">
     <span class='ocr_line' id='line_1_59' title="bbox 2092 2752 3742 2832; baseline -0.004 -18"><span class='ocrx_word' id='word_1_403' title='bbox 2092 2759 2249 2814; x_wconf 87' lang='lat' dir='ltr'>scalo</span> <span class='ocrx_word' id='word_1_404' title='bbox 2283 2758 2742 2832; x_wconf 78' lang='lat' dir='ltr'>(Septigradium</span> <span class='ocrx_word' id='word_1_405' title='bbox 2770 2756 3069 2829; x_wconf 87' lang='lat' dir='ltr'>verteres),</span> <span class='ocrx_word' id='word_1_406' title='bbox 3104 2760 3163 2810; x_wconf 87' lang='lat' dir='ltr'>ct</span> <span class='ocrx_word' id='word_1_407' title='bbox 3194 2754 3336 2809; x_wconf 61' lang='lat' dir='ltr'>Elia;</span> <span class='ocrx_word' id='word_1_408' title='bbox 3368 2753 3512 2808; x_wconf 86' lang='lat' dir='ltr'>vatis</span> <span class='ocrx_word' id='word_1_409' title='bbox 3536 2752 3742 2808; x_wconf 86' lang='lat' dir='ltr'>fanum</span> 
     </span>
    </p>
   </div>
   <div class='ocr_carea' id='block_1_60' title="bbox 2093 2843 3745 2919">
    <p class='ocr_par' dir='ltr' id='par_1_60' title="bbox 2093 2843 3745 2919">
     <span class='ocr_line' id='line_1_60' title="bbox 2093 2843 3745 2919; baseline -0.002 -17"><span class='ocrx_word' id='word_1_410' title='bbox 2093 2849 2153 2904; x_wconf 91' lang='lat' dir='ltr'>in</span> <span class='ocrx_word' id='word_1_411' title='bbox 2186 2848 2381 2904; x_wconf 78' lang='lat' dir='ltr'>Patrio</span> <span class='ocrx_word' id='word_1_412' title='bbox 2413 2847 2725 2919; x_wconf 85' lang='lat' dir='ltr'>splendide</span> <span class='ocrx_word' id='word_1_413' title='bbox 2756 2847 3032 2903; x_wconf 87' lang='lat' dir='ltr'>restituit.</span> <span class='ocrx_word' id='word_1_414' title='bbox 3057 2843 3406 2900; x_wconf 84' lang='lat' dir='ltr'>lnstauravit</span> <span class='ocrx_word' id='word_1_415' title='bbox 3437 2847 3492 2897; x_wconf 81' lang='lat' dir='ltr'>et</span> <span class='ocrx_word' id='word_1_416' title='bbox 3526 2843 3745 2914; x_wconf 87' lang='lat' dir='ltr'>templa</span> 
     </span>
    </p>
   </div>
   <div class='ocr_carea' id='block_1_61' title="bbox 2090 2939 3742 3017">
    <p class='ocr_par' dir='ltr' id='par_1_61' title="bbox 2090 2939 3742 3017">
     <span class='ocr_line' id='line_1_61' title="bbox 2090 2939 3742 3017; baseline -0.004 -16"><span class='ocrx_word' id='word_1_417' title='bbox 2090 2945 2357 3017; x_wconf 85' lang='lat' dir='ltr'>palatina</span> <span class='ocrx_word' id='word_1_418' title='bbox 2401 2946 2694 3001; x_wconf 86' lang='lat' dir='ltr'>Servatori</span> <span class='ocrx_word' id='word_1_419' title='bbox 2744 2944 2996 3012; x_wconf 82' lang='lat' dir='ltr'>Christo,</span> <span class='ocrx_word' id='word_1_420' title='bbox 3058 2941 3340 2997; x_wconf 82' lang='lat' dir='ltr'>Michaelo</span> <span class='ocrx_word' id='word_1_421' title='bbox 3395 2939 3742 3011; x_wconf 80' lang='lat' dir='ltr'>angelorum</span> 
     </span>
    </p>
   </div>
   <div class='ocr_carea' id='block_1_62' title="bbox 2088 3029 3743 3109">
    <p class='ocr_par' dir='ltr' id='par_1_62' title="bbox 2088 3029 3743 3109">
     <span class='ocr_line' id='line_1_62' title="bbox 2088 3029 3743 3109; baseline -0.004 -19"><span class='ocrx_word' id='word_1_422' title='bbox 2088 3036 2343 3109; x_wconf 87' lang='lat' dir='ltr'>principi</span> <span class='ocrx_word' id='word_1_423' title='bbox 2375 3042 2433 3090; x_wconf 90' lang='lat' dir='ltr'>et</span> <span class='ocrx_word' id='word_1_424' title='bbox 2465 3035 2603 3089; x_wconf 82' lang='lat' dir='ltr'>Eliee</span> <span class='ocrx_word' id='word_1_425' title='bbox 2626 3035 2739 3089; x_wconf 86' lang='lat' dir='ltr'>vati</span> <span class='ocrx_word' id='word_1_426' title='bbox 2772 3034 3044 3089; x_wconf 87' lang='lat' dir='ltr'>dedicata</span> <span class='ocrx_word' id='word_1_427' title='bbox 3064 3036 3122 3086; x_wconf 92' lang='lat' dir='ltr'>et</span> <span class='ocrx_word' id='word_1_428' title='bbox 3150 3031 3415 3102; x_wconf 81' lang='lat' dir='ltr'>Deiparee</span> <span class='ocrx_word' id='word_1_429' title='bbox 3444 3047 3456 3083; x_wconf 93' lang='lat'>:</span> <span class='ocrx_word' id='word_1_430' title='bbox 3487 3047 3553 3084; x_wconf 79' lang='lat' dir='ltr'>ac</span> <span class='ocrx_word' id='word_1_431' title='bbox 3576 3029 3743 3084; x_wconf 84' lang='lat' dir='ltr'>Nico-</span> 
     </span>
    </p>
   </div>
   <div class='ocr_carea' id='block_1_63' title="bbox 2085 3118 3742 3196">
    <p class='ocr_par' dir='ltr' id='par_1_63' title="bbox 2085 3118 3742 3196">
     <span class='ocr_line' id='line_1_63' title="bbox 2085 3118 3742 3196; baseline -0.003 -17"><span class='ocrx_word' id='word_1_432' title='bbox 2085 3125 2162 3180; x_wconf 90' lang='lat' dir='ltr'>lai</span> <span class='ocrx_word' id='word_1_433' title='bbox 2198 3125 2355 3180; x_wconf 88' lang='lat' dir='ltr'>inter</span> <span class='ocrx_word' id='word_1_434' title='bbox 2384 3140 2662 3196; x_wconf 87' lang='lat' dir='ltr'>proceres</span> <span class='ocrx_word' id='word_1_435' title='bbox 2695 3122 3129 3179; x_wconf 77' lang='lat' dir='ltr'>ecclesiasticos</span> <span class='ocrx_word' id='word_1_436' title='bbox 3160 3118 3556 3186; x_wconf 84' lang='lat' dir='ltr'>celeberrimi,</span> <span class='ocrx_word' id='word_1_437' title='bbox 3580 3119 3742 3189; x_wconf 86' lang='lat' dir='ltr'>quod</span> 
     </span>
    </p>
   </div>
   <div class='ocr_carea' id='block_1_64' title="bbox 2086 3207 3741 3281">
    <p class='ocr_par' dir='ltr' id='par_1_64' title="bbox 2086 3207 3741 3281">
     <span class='ocr_line' id='line_1_64' title="bbox 2086 3207 3741 3281; baseline -0.005 -12"><span class='ocrx_word' id='word_1_438' title='bbox 2086 3216 2303 3270; x_wconf 86' lang='lat' dir='ltr'>Novam</span> <span class='ocrx_word' id='word_1_439' title='bbox 2334 3214 2649 3269; x_wconf 86' lang='lat' dir='ltr'>nominant</span> <span class='ocrx_word' id='word_1_440' title='bbox 2678 3212 3011 3273; x_wconf 83' lang='lat' dir='ltr'>ecclesiam,</span> <span class='ocrx_word' id='word_1_441' title='bbox 3046 3209 3439 3281; x_wconf 80' lang='lat' dir='ltr'>insuperabili</span> <span class='ocrx_word' id='word_1_442' title='bbox 3481 3207 3741 3279; x_wconf 78' lang='lat' dir='ltr'>pulchri-</span> 
     </span>
    </p>
   </div>
   <div class='ocr_carea' id='block_1_65' title="bbox 311 3291 1977 3392">
    <p class='ocr_par' dir='ltr' id='par_1_65' title="bbox 311 3291 1976 3392">
     <span class='ocr_line' id='line_1_65' title="bbox 311 3291 1976 3392; baseline 0.002 -23"><span class='ocrx_word' id='word_1_443' title='bbox 311 3314 527 3386; x_wconf 81' lang='grc' dir='ltr'>έστησε,</span> <span class='ocrx_word' id='word_1_444' title='bbox 597 3317 687 3370; x_wconf 79' lang='grc' dir='ltr'>καὶ</span> <span class='ocrx_word' id='word_1_445' title='bbox 742 3291 852 3371; x_wconf 38' lang='grc' dir='ltr'>τὸν·</span> <span class='ocrx_word' id='word_1_446' title='bbox 892 3291 1187 3392; x_wconf 72' lang='grc' dir='ltr'>ἐγγίζοντα</span> <span class='ocrx_word' id='word_1_447' title='bbox 1243 3291 1427 3389; x_wconf 75' lang='grc' dir='ltr'>τούτῳ</span> <span class='ocrx_word' id='word_1_448' title='bbox 1473 3321 1581 3372; x_wconf 82' lang='grc' dir='ltr'>τῶν</span> <span class='ocrx_word' id='word_1_449' title='bbox 1638 3315 1976 3373; x_wconf 87' lang='grc' dir='ltr'>καλλινίκων</span> 
     </span>
    </p>
   </div>
   <div class='ocr_carea' id='block_1_66' title="bbox 2088 3291 3735 3392">
    <p class='ocr_par' dir='ltr' id='par_1_66' title="bbox 2088 3298 3735 3372">
     <span class='ocr_line' id='line_1_66' title="bbox 2088 3298 3735 3372; baseline -0.005 -14"><span class='ocrx_word' id='word_1_450' title='bbox 2088 3304 2284 3358; x_wconf 79' lang='lat' dir='ltr'>tudine</span> <span class='ocrx_word' id='word_1_451' title='bbox 2313 3302 2640 3372; x_wconf 82' lang='lat' dir='ltr'>exornavit,</span> <span class='ocrx_word' id='word_1_452' title='bbox 2676 3301 2967 3357; x_wconf 84' lang='lat' dir='ltr'>reditibus</span> <span class='ocrx_word' id='word_1_453' title='bbox 3013 3299 3089 3356; x_wconf 85' lang='lat' dir='ltr'>ad</span> <span class='ocrx_word' id='word_1_454' title='bbox 3120 3298 3396 3354; x_wconf 84' lang='lat' dir='ltr'>lucernas</span> <span class='ocrx_word' id='word_1_455' title='bbox 3445 3301 3504 3352; x_wconf 91' lang='lat' dir='ltr'>et</span> <span class='ocrx_word' id='word_1_456' title='bbox 3533 3312 3735 3352; x_wconf 84' lang='lat' dir='ltr'>neces-</span> 
     </span>
    </p>
   </div>
   <div class='ocr_carea' id='block_1_67' title="bbox 322 3405 1972 3482">
    <p class='ocr_par' dir='ltr' id='par_1_67' title="bbox 322 3405 1972 3482">
     <span class='ocr_line' id='line_1_67' title="bbox 322 3405 1972 3482; baseline 0.002 -21"><span class='ocrx_word' id='word_1_457' title='bbox 322 3407 612 3481; x_wconf 82' lang='grc' dir='ltr'>μαρτύρων</span> <span class='ocrx_word' id='word_1_458' title='bbox 639 3405 764 3461; x_wconf 84' lang='grc' dir='ltr'>ναὸν</span> <span class='ocrx_word' id='word_1_459' title='bbox 806 3407 1068 3482; x_wconf 70' lang='grc' dir='ltr'>Ἑσπέρου</span> <span class='ocrx_word' id='word_1_460' title='bbox 1128 3428 1187 3463; x_wconf 87' lang='grc' dir='ltr'>τε</span> <span class='ocrx_word' id='word_1_461' title='bbox 1243 3408 1334 3463; x_wconf 88' lang='grc' dir='ltr'>καὶ</span> <span class='ocrx_word' id='word_1_462' title='bbox 1393 3414 1549 3478; x_wconf 79' lang='grc' dir='ltr'>Ζωῆς</span> <span class='ocrx_word' id='word_1_463' title='bbox 1582 3408 1972 3480; x_wconf 68' lang='grc' dir='ltr'>ἐπεποίῆσατο.</span> 
     </span>
    </p>
   </div>
   <div class='ocr_carea' id='block_1_68' title="bbox 316 3494 1974 3573">
    <p class='ocr_par' dir='ltr' id='par_1_68' title="bbox 316 3494 1974 3573">
     <span class='ocr_line' id='line_1_68' title="bbox 316 3494 1974 3573; baseline 0.003 -24"><span class='ocrx_word' id='word_1_464' title='bbox 316 3496 414 3550; x_wconf 80' lang='grc' dir='ltr'>Καὶ</span> <span class='ocrx_word' id='word_1_465' title='bbox 442 3497 535 3551; x_wconf 86' lang='grc' dir='ltr'>τὸν</span> <span class='ocrx_word' id='word_1_466' title='bbox 583 3494 678 3551; x_wconf 88' lang='grc' dir='ltr'>τοῦ</span> <span class='ocrx_word' id='word_1_467' title='bbox 739 3497 1014 3573; x_wconf 81' lang='grc' dir='ltr'>μάρτυρος</span> <span class='ocrx_word' id='word_1_468' title='bbox 1073 3499 1336 3553; x_wconf 82' lang='grc' dir='ltr'>Ἀκακίου</span> <span class='ocrx_word' id='word_1_469' title='bbox 1394 3497 1447 3553; x_wconf 78' lang='grc' dir='ltr'>ἐν</span> <span class='ocrx_word' id='word_1_470' title='bbox 1500 3497 1974 3572; x_wconf 84' lang='grc' dir='ltr'>τῳἙπτασκάλῳ</span> 
     </span>
    </p>
   </div>
   <div class='ocr_carea' id='block_1_69' title="bbox 314 3584 1976 3663">
    <p class='ocr_par' dir='ltr' id='par_1_69' title="bbox 314 3584 1976 3663">
     <span class='ocr_line' id='line_1_69' title="bbox 314 3584 1976 3663; baseline 0.001 -23"><span class='ocrx_word' id='word_1_471' title='bbox 314 3588 521 3640; x_wconf 80' lang='grc' dir='ltr'>πτῶσιν</span> <span class='ocrx_word' id='word_1_472' title='bbox 580 3584 909 3641; x_wconf 83' lang='grc' dir='ltr'>ἀπειλοῦντα</span> <span class='ocrx_word' id='word_1_473' title='bbox 965 3587 1320 3649; x_wconf 70' lang='grc' dir='ltr'>ἐπισκευάσας</span> <span class='ocrx_word' id='word_1_474' title='bbox 1374 3590 1473 3642; x_wconf 89' lang='grc' dir='ltr'>τοῦ</span> <span class='ocrx_word' id='word_1_475' title='bbox 1531 3584 1828 3661; x_wconf 83' lang='grc' dir='ltr'>πτώματος</span> <span class='ocrx_word' id='word_1_476' title='bbox 1872 3586 1976 3663; x_wconf 78' lang='grc' dir='ltr'>ἤρ-</span> 
     </span>
    </p>
   </div>
   <div class='ocr_carea' id='block_1_70' title="bbox 317 3672 1975 3755">
    <p class='ocr_par' dir='ltr' id='par_1_70' title="bbox 317 3672 1975 3755">
     <span class='ocr_line' id='line_1_70' title="bbox 317 3672 1975 3755; baseline 0.001 -26"><span class='ocrx_word' id='word_1_477' title='bbox 317 3695 473 3731; x_wconf 86' lang='grc' dir='ltr'>πασε.</span> <span class='ocrx_word' id='word_1_478' title='bbox 539 3672 949 3749; x_wconf 82' lang='grc' dir='ltr'>Παραπλησίως</span> <span class='ocrx_word' id='word_1_479' title='bbox 1006 3677 1099 3730; x_wconf 84' lang='grc' dir='ltr'>καὶ</span> <span class='ocrx_word' id='word_1_480' title='bbox 1160 3676 1252 3730; x_wconf 82' lang='grc' dir='ltr'>τὸν</span> <span class='ocrx_word' id='word_1_481' title='bbox 1312 3680 1411 3730; x_wconf 88' lang='grc' dir='ltr'>τοῦ</span> <span class='ocrx_word' id='word_1_482' title='bbox 1458 3678 1750 3755; x_wconf 76' lang='grc' dir='ltr'>προφήτου</span> <span class='ocrx_word' id='word_1_483' title='bbox 1780 3676 1975 3735; x_wconf 85' lang='grc' dir='ltr'>Ἠλίου</span> 
     </span>
    </p>
   </div>
   <div class='ocr_carea' id='block_1_71' title="bbox 317 3764 1975 3842">
    <p class='ocr_par' dir='ltr' id='par_1_71' title="bbox 317 3764 1975 3842">
     <span class='ocr_line' id='line_1_71' title="bbox 317 3764 1975 3842; baseline 0.002 -24"><span class='ocrx_word' id='word_1_484' title='bbox 317 3765 454 3819; x_wconf 77' lang='grc' dir='ltr'>κατὰ</span> <span class='ocrx_word' id='word_1_485' title='bbox 510 3764 573 3818; x_wconf 85' lang='grc' dir='ltr'>τὸ</span> <span class='ocrx_word' id='word_1_486' title='bbox 630 3766 859 3838; x_wconf 87' lang='grc' dir='ltr'>Πετρίον</span> <span class='ocrx_word' id='word_1_487' title='bbox 934 3765 1265 3835; x_wconf 68' lang='grc' dir='ltr'>ἀνεκτήσατο</span> <span class='ocrx_word' id='word_1_488' title='bbox 1328 3768 1621 3839; x_wconf 79' lang='grc' dir='ltr'>λαμπρῶς.</span> <span class='ocrx_word' id='word_1_489' title='bbox 1691 3767 1975 3842; x_wconf 76' lang='grc' dir='ltr'>Ἀνήγειρε</span> 
     </span>
    </p>
   </div>
   <div class='ocr_carea' id='block_1_72' title="bbox 317 3850 1973 3928">
    <p class='ocr_par' dir='ltr' id='par_1_72' title="bbox 317 3850 1973 3928">
     <span class='ocr_line' id='line_1_72' title="bbox 317 3850 1973 3928; baseline 0.001 -20"><span class='ocrx_word' id='word_1_490' title='bbox 317 3851 376 3908; x_wconf 75' lang='grc' dir='ltr'>δὲ</span> <span class='ocrx_word' id='word_1_491' title='bbox 404 3853 492 3907; x_wconf 77' lang='grc' dir='ltr'>καὶ</span> <span class='ocrx_word' id='word_1_492' title='bbox 526 3852 586 3907; x_wconf 75' lang='grc' dir='ltr'>ἐκ</span> <span class='ocrx_word' id='word_1_493' title='bbox 616 3860 806 3922; x_wconf 81' lang='grc' dir='ltr'>καινῆς</span> <span class='ocrx_word' id='word_1_494' title='bbox 835 3852 886 3909; x_wconf 77' lang='grc' dir='ltr'>ἐν</span> <span class='ocrx_word' id='word_1_495' title='bbox 917 3858 1037 3917; x_wconf 83' lang='grc' dir='ltr'>ταῖς</span> <span class='ocrx_word' id='word_1_496' title='bbox 1097 3851 1401 3928; x_wconf 76' lang='grc' dir='ltr'>βασιλείοις</span> <span class='ocrx_word' id='word_1_497' title='bbox 1459 3852 1657 3916; x_wconf 76' lang='grc' dir='ltr'>αὐλαῖς</span> <span class='ocrx_word' id='word_1_498' title='bbox 1691 3854 1767 3916; x_wconf 75' lang='grc' dir='ltr'>εἰς</span> <span class='ocrx_word' id='word_1_499' title='bbox 1799 3850 1973 3928; x_wconf 73' lang='grc' dir='ltr'>ὄνομα</span> 
     </span>
    </p>
   </div>
   <div class='ocr_carea' id='block_1_73' title="bbox 315 3940 1971 4017">
    <p class='ocr_par' dir='ltr' id='par_1_73' title="bbox 315 3940 1971 4017">
     <span class='ocr_line' id='line_1_73' title="bbox 315 3940 1971 4017; baseline 0.001 -20"><span class='ocrx_word' id='word_1_500' title='bbox 315 3945 414 3997; x_wconf 88' lang='grc' dir='ltr'>τοῦ</span> <span class='ocrx_word' id='word_1_501' title='bbox 437 3940 712 3997; x_wconf 76' lang='grc' dir='ltr'>Δισπότου</span> <span class='ocrx_word' id='word_1_502' title='bbox 755 3948 1017 4013; x_wconf 76' lang='grc' dir='ltr'>Σωτῆρος</span> <span class='ocrx_word' id='word_1_503' title='bbox 1049 3946 1293 4017; x_wconf 83' lang='grc' dir='ltr'>Χριστοῦ</span> <span class='ocrx_word' id='word_1_504' title='bbox 1335 3942 1427 3997; x_wconf 79' lang='grc' dir='ltr'>καὶ</span> <span class='ocrx_word' id='word_1_505' title='bbox 1467 3945 1564 3998; x_wconf 89' lang='grc' dir='ltr'>τοῦ</span> <span class='ocrx_word' id='word_1_506' title='bbox 1612 3944 1834 4017; x_wconf 78' lang='grc' dir='ltr'>πρώτου</span> <span class='ocrx_word' id='word_1_507' title='bbox 1864 3948 1971 3999; x_wconf 81' lang='grc' dir='ltr'>τῶν</span> 
     </span>
    </p>
   </div>
   <div class='ocr_carea' id='block_1_74' title="bbox 313 4028 1970 4109">
    <p class='ocr_par' dir='ltr' id='par_1_74' title="bbox 313 4028 1970 4109">
     <span class='ocr_line' id='line_1_74' title="bbox 313 4028 1970 4109; baseline 0.001 -24"><span class='ocrx_word' id='word_1_508' title='bbox 313 4028 561 4106; x_wconf 79' lang='grc' dir='ltr'>ἀγγέλων</span> <span class='ocrx_word' id='word_1_509' title='bbox 591 4028 824 4104; x_wconf 73' lang='grc' dir='ltr'>Μιχαὴλ</span> <span class='ocrx_word' id='word_1_510' title='bbox 851 4031 941 4085; x_wconf 83' lang='grc' dir='ltr'>καὶ</span> <span class='ocrx_word' id='word_1_511' title='bbox 990 4029 1184 4087; x_wconf 82' lang='grc' dir='ltr'>Ἠλίου</span> <span class='ocrx_word' id='word_1_512' title='bbox 1239 4030 1336 4086; x_wconf 84' lang='grc' dir='ltr'>τοῦ</span> <span class='ocrx_word' id='word_1_513' title='bbox 1391 4032 1700 4109; x_wconf 75' lang='grc' dir='ltr'>προφήτου.</span> <span class='ocrx_word' id='word_1_514' title='bbox 1755 4037 1880 4089; x_wconf 85' lang='grc' dir='ltr'>’Έτι</span> <span class='ocrx_word' id='word_1_515' title='bbox 1913 4029 1970 4087; x_wconf 75' lang='grc' dir='ltr'>δὲ</span> 
     </span>
    </p>
   </div>
   <div class='ocr_carea' id='block_1_75' title="bbox 313 4118 1967 4198">
    <p class='ocr_par' dir='ltr' id='par_1_75' title="bbox 313 4118 1967 4198">
     <span class='ocr_line' id='line_1_75' title="bbox 313 4118 1967 4198; baseline 0 -22"><span class='ocrx_word' id='word_1_516' title='bbox 313 4122 531 4192; x_wconf 72' lang='grc' dir='ltr'>καὶτῆς</span> <span class='ocrx_word' id='word_1_517' title='bbox 562 4122 920 4196; x_wconf 69' lang='grc' dir='ltr'>Θεομήτορος</span> <span class='ocrx_word' id='word_1_518' title='bbox 976 4118 1067 4176; x_wconf 80' lang='grc' dir='ltr'>καὶ</span> <span class='ocrx_word' id='word_1_519' title='bbox 1122 4121 1405 4177; x_wconf 81' lang='grc' dir='ltr'>Νικολάου</span> <span class='ocrx_word' id='word_1_520' title='bbox 1458 4126 1556 4177; x_wconf 85' lang='grc' dir='ltr'>τοῦ</span> <span class='ocrx_word' id='word_1_521' title='bbox 1614 4123 1967 4198; x_wconf 78' lang='grc' dir='ltr'>περιωνύμου</span> 
     </span>
    </p>
   </div>
   <div class='ocr_carea' id='block_1_76' title="bbox 2087 3385 3741 3462">
    <p class='ocr_par' dir='ltr' id='par_1_76' title="bbox 2087 3385 3741 3462">
     <span class='ocr_line' id='line_1_76' title="bbox 2087 3385 3741 3462; baseline -0.005 -16"><span class='ocrx_word' id='word_1_522' title='bbox 2087 3392 2292 3447; x_wconf 87' lang='lat' dir='ltr'>sitates</span> <span class='ocrx_word' id='word_1_523' title='bbox 2340 3407 2548 3448; x_wconf 90' lang='lat' dir='ltr'>eorum</span> <span class='ocrx_word' id='word_1_524' title='bbox 2608 3391 2710 3462; x_wconf 90' lang='lat' dir='ltr'>qui</span> <span class='ocrx_word' id='word_1_525' title='bbox 2768 3390 2976 3445; x_wconf 84' lang='lat' dir='ltr'>laudes</span> <span class='ocrx_word' id='word_1_526' title='bbox 3031 3387 3262 3443; x_wconf 79' lang='lat' dir='ltr'>divinas</span> <span class='ocrx_word' id='word_1_527' title='bbox 3330 3385 3741 3457; x_wconf 84' lang='lat' dir='ltr'>persolverent</span> 
     </span>
    </p>
   </div>
   <div class='ocr_carea' id='block_1_77' title="bbox 2086 3483 3739 3558">
    <p class='ocr_par' dir='ltr' id='par_1_77' title="bbox 2086 3483 3739 3558">
     <span class='ocr_line' id='line_1_77' title="bbox 2086 3483 3739 3558; baseline -0.005 -12"><span class='ocrx_word' id='word_1_528' title='bbox 2086 3491 2526 3546; x_wconf 79' lang='lat' dir='ltr'>sufﬁcientibus</span> <span class='ocrx_word' id='word_1_529' title='bbox 2553 3488 2911 3545; x_wconf 84' lang='lat' dir='ltr'>ditatam.De</span> <span class='ocrx_word' id='word_1_530' title='bbox 2942 3504 3059 3558; x_wconf 84' lang='lat' dir='ltr'>qua</span> <span class='ocrx_word' id='word_1_531' title='bbox 3090 3485 3233 3557; x_wconf 88' lang='lat' dir='ltr'>quid</span> <span class='ocrx_word' id='word_1_532' title='bbox 3262 3485 3477 3541; x_wconf 80' lang='lat' dir='ltr'>attinet</span> <span class='ocrx_word' id='word_1_533' title='bbox 3506 3483 3739 3555; x_wconf 83' lang='lat' dir='ltr'>prolixe</span> 
     </span>
    </p>
   </div>
   <div class='ocr_carea' id='block_1_78' title="bbox 2085 3574 3741 3650">
    <p class='ocr_par' dir='ltr' id='par_1_78' title="bbox 2085 3574 3741 3650">
     <span class='ocr_line' id='line_1_78' title="bbox 2085 3574 3741 3650; baseline -0.004 -16"><span class='ocrx_word' id='word_1_534' title='bbox 2085 3596 2352 3644; x_wconf 88' lang='lat' dir='ltr'>narrare,</span> <span class='ocrx_word' id='word_1_535' title='bbox 2371 3594 2509 3635; x_wconf 87' lang='lat' dir='ltr'>cum</span> <span class='ocrx_word' id='word_1_536' title='bbox 2540 3580 2737 3650; x_wconf 90' lang='lat' dir='ltr'>ipsum</span> <span class='ocrx_word' id='word_1_537' title='bbox 2762 3593 2911 3650; x_wconf 85' lang='lat' dir='ltr'>opus</span> <span class='ocrx_word' id='word_1_538' title='bbox 2941 3574 3452 3648; x_wconf 83' lang='lat' dir='ltr'>pulchritudinem</span> <span class='ocrx_word' id='word_1_539' title='bbox 3479 3589 3647 3628; x_wconf 87' lang='lat' dir='ltr'>suam</span> <span class='ocrx_word' id='word_1_540' title='bbox 3680 3577 3741 3627; x_wconf 87' lang='lat' dir='ltr'>et</span> 
     </span>
    </p>
   </div>
   <div class='ocr_carea' id='block_1_79' title="bbox 2087 3662 3740 3741">
    <p class='ocr_par' dir='ltr' id='par_1_79' title="bbox 2087 3662 3740 3741">
     <span class='ocr_line' id='line_1_79' title="bbox 2087 3662 3740 3741; baseline -0.004 -18"><span class='ocrx_word' id='word_1_541' title='bbox 2087 3674 2433 3741; x_wconf 83' lang='lat' dir='ltr'>sumptuum</span> <span class='ocrx_word' id='word_1_542' title='bbox 2457 3668 2519 3724; x_wconf 91' lang='lat' dir='ltr'>in</span> <span class='ocrx_word' id='word_1_543' title='bbox 2544 3667 2605 3723; x_wconf 91' lang='lat' dir='ltr'>id</span> <span class='ocrx_word' id='word_1_544' title='bbox 2627 3668 3035 3739; x_wconf 88' lang='lat' dir='ltr'>impensorum</span> <span class='ocrx_word' id='word_1_545' title='bbox 3055 3665 3426 3721; x_wconf 86' lang='lat' dir='ltr'>demonstret</span> <span class='ocrx_word' id='word_1_546' title='bbox 3446 3662 3740 3734; x_wconf 78' lang='lat' dir='ltr'>magnitu-</span> 
     </span>
    </p>
   </div>
   <div class='ocr_carea' id='block_1_80' title="bbox 2087 3751 3745 3825">
    <p class='ocr_par' dir='ltr' id='par_1_80' title="bbox 2087 3751 3745 3825">
     <span class='ocr_line' id='line_1_80' title="bbox 2087 3751 3745 3825; baseline -0.004 -14"><span class='ocrx_word' id='word_1_547' title='bbox 2087 3757 2289 3814; x_wconf 87' lang='lat' dir='ltr'>dinem</span> <span class='ocrx_word' id='word_1_548' title='bbox 2311 3758 2339 3813; x_wconf 86' lang='lat'><strong>?</strong></span> <span class='ocrx_word' id='word_1_549' title='bbox 2368 3758 2546 3815; x_wconf 81' lang='lat' dir='ltr'>Multa</span> <span class='ocrx_word' id='word_1_550' title='bbox 2575 3758 2693 3814; x_wconf 88' lang='lat' dir='ltr'>alia</span> <span class='ocrx_word' id='word_1_551' title='bbox 2710 3757 2891 3813; x_wconf 85' lang='lat' dir='ltr'>etiam</span> <span class='ocrx_word' id='word_1_552' title='bbox 2920 3755 3167 3811; x_wconf 85' lang='lat' dir='ltr'>delubra</span> <span class='ocrx_word' id='word_1_553' title='bbox 3196 3754 3260 3808; x_wconf 90' lang='lat' dir='ltr'>in</span> <span class='ocrx_word' id='word_1_554' title='bbox 3290 3753 3510 3825; x_wconf 83' lang='lat' dir='ltr'>palatio</span> <span class='ocrx_word' id='word_1_555' title='bbox 3542 3751 3745 3808; x_wconf 83' lang='lat' dir='ltr'>condi-</span> 
     </span>
    </p>
   </div>
   <div class='ocr_carea' id='block_1_81' title="bbox 2085 3850 3742 3927">
    <p class='ocr_par' dir='ltr' id='par_1_81' title="bbox 2085 3850 3742 3927">
     <span class='ocr_line' id='line_1_81' title="bbox 2085 3850 3742 3927; baseline -0.004 -18"><span class='ocrx_word' id='word_1_556' title='bbox 2085 3855 2271 3925; x_wconf 88' lang='lat' dir='ltr'>dit,de</span> <span class='ocrx_word' id='word_1_557' title='bbox 2303 3856 2547 3911; x_wconf 89' lang='lat' dir='ltr'>nomine</span> <span class='ocrx_word' id='word_1_558' title='bbox 2575 3855 2717 3910; x_wconf 74' lang='lat' dir='ltr'>Elius</span> <span class='ocrx_word' id='word_1_559' title='bbox 2749 3852 3245 3927; x_wconf 81' lang='lat' dir='ltr'>vatis,Clementis</span> <span class='ocrx_word' id='word_1_560' title='bbox 3276 3850 3577 3921; x_wconf 84' lang='lat' dir='ltr'>martyris,</span> <span class='ocrx_word' id='word_1_561' title='bbox 3603 3850 3742 3904; x_wconf 86' lang='lat' dir='ltr'>Jesu</span> 
     </span>
    </p>
   </div>
   <div class='ocr_carea' id='block_1_82' title="bbox 2085 3939 3742 4016">
    <p class='ocr_par' dir='ltr' id='par_1_82' title="bbox 2085 3939 3742 4016">
     <span class='ocr_line' id='line_1_82' title="bbox 2085 3939 3742 4016; baseline -0.005 -15"><span class='ocrx_word' id='word_1_562' title='bbox 2085 3945 2429 4012; x_wconf 83' lang='lat' dir='ltr'>Servatoris,</span> <span class='ocrx_word' id='word_1_563' title='bbox 2485 3944 2647 4000; x_wconf 85' lang='lat' dir='ltr'>Pauli</span> <span class='ocrx_word' id='word_1_564' title='bbox 2702 3944 2975 4016; x_wconf 85' lang='lat' dir='ltr'>apostoli,</span> <span class='ocrx_word' id='word_1_565' title='bbox 3030 3939 3318 4013; x_wconf 89' lang='lat' dir='ltr'>principis</span> <span class='ocrx_word' id='word_1_566' title='bbox 3366 3940 3742 3994; x_wconf 83' lang='lat' dir='ltr'>exercituum</span> 
     </span>
    </p>
   </div>
   <div class='ocr_carea' id='block_1_83' title="bbox 2082 4027 3741 4104">
    <p class='ocr_par' dir='ltr' id='par_1_83' title="bbox 2082 4027 3741 4104">
     <span class='ocr_line' id='line_1_83' title="bbox 2082 4027 3741 4104; baseline -0.005 -14"><span class='ocrx_word' id='word_1_567' title='bbox 2082 4034 2432 4103; x_wconf 71' lang='lat' dir='ltr'>cmlestium,</span> <span class='ocrx_word' id='word_1_568' title='bbox 2477 4048 2732 4104; x_wconf 86' lang='lat' dir='ltr'>quorum</span> <span class='ocrx_word' id='word_1_569' title='bbox 2785 4032 2845 4086; x_wconf 91' lang='lat' dir='ltr'>in</span> <span class='ocrx_word' id='word_1_570' title='bbox 2897 4029 3253 4087; x_wconf 85' lang='lat' dir='ltr'>declaranda</span> <span class='ocrx_word' id='word_1_571' title='bbox 3298 4032 3604 4084; x_wconf 85' lang='lat' dir='ltr'>venustate</span> <span class='ocrx_word' id='word_1_572' title='bbox 3646 4027 3741 4083; x_wconf 83' lang='lat' dir='ltr'>vel</span> 
     </span>
    </p>
   </div>
   <div class='ocr_carea' id='block_1_84' title="bbox 2081 4119 3190 4197">
    <p class='ocr_par' dir='ltr' id='par_1_84' title="bbox 2081 4119 3190 4197">
     <span class='ocr_line' id='line_1_84' title="bbox 2081 4119 3190 4197; baseline -0.005 -18"><span class='ocrx_word' id='word_1_573' title='bbox 2081 4122 2315 4197; x_wconf 86' lang='lat' dir='ltr'>poetica</span> <span class='ocrx_word' id='word_1_574' title='bbox 2343 4119 2628 4178; x_wconf 85' lang='lat' dir='ltr'>deficeret</span> <span class='ocrx_word' id='word_1_575' title='bbox 2657 4120 3190 4193; x_wconf 81' lang='lat' dir='ltr'>magniloquentia.</span> 
     </span>
    </p>
   </div>
   <div class='ocr_carea' id='block_1_85' title="bbox 313 4202 3737 4287">
    <p class='ocr_par' dir='ltr' id='par_1_85' title="bbox 313 4202 3737 4287">
     <span class='ocr_line' id='line_1_85' title="bbox 313 4202 3737 4287; baseline -0.002 -22"><span class='ocrx_word' id='word_1_576' title='bbox 313 4209 366 4265; x_wconf 80' lang='grc' dir='ltr'>ἐν</span> <span class='ocrx_word' id='word_1_577' title='bbox 396 4207 682 4287; x_wconf 69' lang='grc' dir='ltr'>ἱεράρχαις</span> <span class='ocrx_word' id='word_1_578' title='bbox 730 4210 821 4267; x_wconf 89' lang='grc' dir='ltr'>τὸν</span> <span class='ocrx_word' id='word_1_579' title='bbox 880 4208 1190 4284; x_wconf 82' lang='grc' dir='ltr'>περικαλλῆ</span> <span class='ocrx_word' id='word_1_580' title='bbox 1223 4212 1440 4267; x_wconf 83' lang='grc' dir='ltr'>τουτονὶ</span> <span class='ocrx_word' id='word_1_581' title='bbox 1498 4212 1622 4267; x_wconf 84' lang='grc' dir='ltr'>ναὸν</span> <span class='ocrx_word' id='word_1_582' title='bbox 1682 4212 1740 4266; x_wconf 80' lang='grc' dir='ltr'>’ὀν</span> <span class='ocrx_word' id='word_1_583' title='bbox 1793 4212 1926 4267; x_wconf 69' lang='grc' dir='ltr'>Νέαν</span> <span class='ocrx_word' id='word_1_584' title='bbox 1988 4211 2282 4279; x_wconf 64' lang='grc' dir='ltr'>ἐκκλησίαν</span> <span class='ocrx_word' id='word_1_585' title='bbox 2336 4211 2824 4285; x_wconf 82' lang='grc' dir='ltr'>κατονομάζουσιν,</span> <span class='ocrx_word' id='word_1_586' title='bbox 2888 4208 2966 4271; x_wconf 73' lang='grc' dir='ltr'>εἰς</span> <span class='ocrx_word' id='word_1_587' title='bbox 3023 4206 3347 4279; x_wconf 69' lang='grc' dir='ltr'>εὐπρίπειαν</span> <span class='ocrx_word' id='word_1_588' title='bbox 3406 4203 3496 4259; x_wconf 76' lang='grc' dir='ltr'>καὶ</span> <span class='ocrx_word' id='word_1_589' title='bbox 3526 4202 3737 4266; x_wconf 80' lang='grc' dir='ltr'>κάλλος</span> 
     </span>
    </p>
   </div>
   <div class='ocr_carea' id='block_1_86' title="bbox 312 4291 3739 4377">
    <p class='ocr_par' dir='ltr' id='par_1_86' title="bbox 312 4291 3739 4377">
     <span class='ocr_line' id='line_1_86' title="bbox 312 4291 3739 4377; baseline -0.002 -23"><span class='ocrx_word' id='word_1_590' title='bbox 312 4297 402 4354; x_wconf 80' lang='grc' dir='ltr'>καὶ</span> <span class='ocrx_word' id='word_1_591' title='bbox 443 4298 759 4373; x_wconf 80' lang='grc' dir='ltr'>ὡραιότητα</span> <span class='ocrx_word' id='word_1_592' title='bbox 818 4296 1010 4371; x_wconf 81' lang='grc' dir='ltr'>μηδενὶ</span> <span class='ocrx_word' id='word_1_593' title='bbox 1057 4300 1224 4376; x_wconf 71' lang='grc' dir='ltr'>ἑτέρῳ</span> <span class='ocrx_word' id='word_1_594' title='bbox 1286 4296 1600 4374; x_wconf 76' lang='grc' dir='ltr'>ὑπερϐολὴν</span> <span class='ocrx_word' id='word_1_595' title='bbox 1656 4300 1692 4370; x_wconf 73' lang='grc' dir='ltr'><strong>ἢ</strong></span> <span class='ocrx_word' id='word_1_596' title='bbox 1762 4300 2042 4377; x_wconf 67' lang='grc' dir='ltr'>σύγκρισιν</span> <span class='ocrx_word' id='word_1_597' title='bbox 2100 4299 2602 4375; x_wconf 81' lang='grc' dir='ltr'>καταλιμπάνοντα,</span> <span class='ocrx_word' id='word_1_598' title='bbox 2664 4295 2970 4374; x_wconf 81' lang='grc' dir='ltr'>προσόδους</span> <span class='ocrx_word' id='word_1_599' title='bbox 3010 4316 3069 4351; x_wconf 80' lang='grc' dir='ltr'>τε</span> <span class='ocrx_word' id='word_1_600' title='bbox 3127 4292 3303 4365; x_wconf 73' lang='grc' dir='ltr'>ἔταξεν</span> <span class='ocrx_word' id='word_1_601' title='bbox 3359 4294 3545 4355; x_wconf 71' lang='grc' dir='ltr'>ἱκανὰς</span> <span class='ocrx_word' id='word_1_602' title='bbox 3573 4291 3650 4357; x_wconf 63' lang='grc' dir='ltr'>εἵς</span> <span class='ocrx_word' id='word_1_603' title='bbox 3678 4314 3739 4348; x_wconf 77' lang='grc' dir='ltr'>τε</span> 
     </span>
    </p>
   </div>
   <div class='ocr_carea' id='block_1_87' title="bbox 315 4378 3736 4467">
    <p class='ocr_par' dir='ltr' id='par_1_87' title="bbox 315 4378 3736 4467">
     <span class='ocr_line' id='line_1_87' title="bbox 315 4378 3736 4467; baseline -0.002 -24"><span class='ocrx_word' id='word_1_604' title='bbox 315 4386 672 4466; x_wconf 74' lang='grc' dir='ltr'>φωταγωγίαν</span> <span class='ocrx_word' id='word_1_605' title='bbox 726 4386 815 4443; x_wconf 83' lang='grc' dir='ltr'>καὶ</span> <span class='ocrx_word' id='word_1_606' title='bbox 869 4389 1057 4458; x_wconf 72' lang='grc' dir='ltr'>χρείαν</span> <span class='ocrx_word' id='word_1_607' title='bbox 1121 4394 1229 4444; x_wconf 82' lang='grc' dir='ltr'>τῶν</span> <span class='ocrx_word' id='word_1_608' title='bbox 1287 4387 1752 4467; x_wconf 76' lang='grc' dir='ltr'>ὂοξολογοῦντων.</span> <span class='ocrx_word' id='word_1_609' title='bbox 1822 4390 1925 4446; x_wconf 88' lang='grc' dir='ltr'>Καί</span> <span class='ocrx_word' id='word_1_610' title='bbox 1979 4389 2032 4445; x_wconf 79' lang='lat' dir='ltr'><strong>1i</strong></span> <span class='ocrx_word' id='word_1_611' title='bbox 2092 4389 2175 4446; x_wconf 86' lang='grc' dir='ltr'>δεῖ</span> <span class='ocrx_word' id='word_1_612' title='bbox 2222 4386 2487 4460; x_wconf 77' lang='grc' dir='ltr'>διεξιόντά</span> <span class='ocrx_word' id='word_1_613' title='bbox 2544 4388 2634 4444; x_wconf 77' lang='grc' dir='ltr'>ἐπὶ</span> <span class='ocrx_word' id='word_1_614' title='bbox 2700 4386 2869 4444; x_wconf 65' lang='grc' dir='ltr'>πλέον</span> <span class='ocrx_word' id='word_1_615' title='bbox 2934 4386 3234 4458; x_wconf 83' lang='grc' dir='ltr'>μηκύνειν;</span> <span class='ocrx_word' id='word_1_616' title='bbox 3294 4383 3426 4438; x_wconf 76' lang='grc' dir='ltr'>αὐτὸ</span> <span class='ocrx_word' id='word_1_617' title='bbox 3456 4383 3520 4438; x_wconf 82' lang='grc' dir='ltr'>τὸ</span> <span class='ocrx_word' id='word_1_618' title='bbox 3576 4378 3736 4457; x_wconf 74' lang='grc' dir='ltr'>ἔργον</span> 
     </span>
    </p>
   </div>
   <div class='ocr_carea' id='block_1_88' title="bbox 310 4468 3743 4554">
    <p class='ocr_par' dir='ltr' id='par_1_88' title="bbox 310 4468 3743 4554">
     <span class='ocr_line' id='line_1_88' title="bbox 310 4468 3743 4554; baseline -0.002 -23"><span class='ocrx_word' id='word_1_619' title='bbox 310 4481 429 4538; x_wconf 81' lang='grc' dir='ltr'>τοῖς</span> <span class='ocrx_word' id='word_1_620' title='bbox 462 4474 759 4549; x_wconf 69' lang='grc' dir='ltr'>θεωμένοις</span> <span class='ocrx_word' id='word_1_621' title='bbox 788 4476 1082 4554; x_wconf 79' lang='grc' dir='ltr'>παρίστησι</span> <span class='ocrx_word' id='word_1_622' title='bbox 1138 4478 1237 4546; x_wconf 83' lang='grc' dir='ltr'>τὴν</span> <span class='ocrx_word' id='word_1_623' title='bbox 1314 4476 1514 4532; x_wconf 75' lang='grc' dir='ltr'>οἷ’κείαν</span> <span class='ocrx_word' id='word_1_624' title='bbox 1576 4477 1856 4547; x_wconf 85' lang='grc' dir='ltr'>καλλονὴν</span> <span class='ocrx_word' id='word_1_625' title='bbox 1910 4479 2001 4533; x_wconf 85' lang='grc' dir='ltr'>καὶ</span> <span class='ocrx_word' id='word_1_626' title='bbox 2057 4478 2437 4535; x_wconf 71' lang='grc' dir='ltr'>πολυτέλειαν.</span> <span class='ocrx_word' id='word_1_627' title='bbox 2498 4477 2603 4533; x_wconf 82' lang='grc' dir='ltr'>Καὶ</span> <span class='ocrx_word' id='word_1_628' title='bbox 2652 4474 2856 4538; x_wconf 74' lang='grc' dir='ltr'>ἄλλους</span> <span class='ocrx_word' id='word_1_629' title='bbox 2915 4473 2974 4529; x_wconf 66' lang='grc' dir='ltr'>δὲ</span> <span class='ocrx_word' id='word_1_630' title='bbox 3028 4471 3277 4535; x_wconf 76' lang='grc' dir='ltr'>πολλοὺς</span> <span class='ocrx_word' id='word_1_631' title='bbox 3340 4471 3520 4535; x_wconf 72' lang='grc' dir='ltr'>θείους</span> <span class='ocrx_word' id='word_1_632' title='bbox 3577 4468 3743 4533; x_wconf 76' lang='grc' dir='ltr'>ναοὺς</span> 
     </span>
    </p>
   </div>
   <div class='ocr_carea' id='block_1_89' title="bbox 310 4558 3740 4644">
    <p class='ocr_par' dir='ltr' id='par_1_89' title="bbox 310 4558 3740 4644">
     <span class='ocr_line' id='line_1_89' title="bbox 310 4558 3740 4644; baseline -0.001 -27"><span class='ocrx_word' id='word_1_633' title='bbox 310 4564 458 4627; x_wconf 74' lang='grc' dir='ltr'>ἐντὸς</span> <span class='ocrx_word' id='word_1_634' title='bbox 516 4569 612 4619; x_wconf 88' lang='grc' dir='ltr'>τοῦ</span> <span class='ocrx_word' id='word_1_635' title='bbox 670 4563 934 4621; x_wconf 85' lang='grc' dir='ltr'>πολανίου</span> <span class='ocrx_word' id='word_1_636' title='bbox 993 4565 1326 4640; x_wconf 68' lang='grc' dir='ltr'>ἐδομήσατο,</span> <span class='ocrx_word' id='word_1_637' title='bbox 1371 4565 1447 4628; x_wconf 75' lang='grc' dir='ltr'>εἷς</span> <span class='ocrx_word' id='word_1_638' title='bbox 1496 4562 1674 4640; x_wconf 76' lang='grc' dir='ltr'>ὄνομα</span> <span class='ocrx_word' id='word_1_639' title='bbox 1732 4565 1927 4623; x_wconf 87' lang='grc' dir='ltr'>Ἠλίου</span> <span class='ocrx_word' id='word_1_640' title='bbox 1984 4573 2082 4623; x_wconf 90' lang='grc' dir='ltr'>τοῦ</span> <span class='ocrx_word' id='word_1_641' title='bbox 2141 4568 2429 4644; x_wconf 74' lang='grc' dir='ltr'>προφήτου</span> <span class='ocrx_word' id='word_1_642' title='bbox 2486 4566 2576 4621; x_wconf 79' lang='grc' dir='ltr'>καὶ</span> <span class='ocrx_word' id='word_1_643' title='bbox 2632 4568 2731 4619; x_wconf 80' lang='grc' dir='ltr'>τοῦ</span> <span class='ocrx_word' id='word_1_644' title='bbox 2793 4564 3065 4640; x_wconf 82' lang='grc' dir='ltr'>μάρτυρος</span> <span class='ocrx_word' id='word_1_645' title='bbox 3119 4561 3437 4634; x_wconf 75' lang='grc' dir='ltr'>Κλήμεντος</span> <span class='ocrx_word' id='word_1_646' title='bbox 3494 4558 3586 4615; x_wconf 81' lang='grc' dir='ltr'>καὶ</span> <span class='ocrx_word' id='word_1_647' title='bbox 3642 4562 3740 4612; x_wconf 84' lang='grc' dir='ltr'>τοῦ</span> 
     </span>
    </p>
   </div>
   <div class='ocr_carea' id='block_1_90' title="bbox 311 4651 3743 4736">
    <p class='ocr_par' dir='ltr' id='par_1_90' title="bbox 311 4651 3743 4736">
     <span class='ocr_line' id='line_1_90' title="bbox 311 4651 3743 4736; baseline -0.002 -28"><span class='ocrx_word' id='word_1_648' title='bbox 311 4659 575 4729; x_wconf 75' lang='grc' dir='ltr'>Σωτῆρος</span> <span class='ocrx_word' id='word_1_649' title='bbox 633 4658 867 4730; x_wconf 77' lang='grc' dir='ltr'>Χριστοῦ</span> <span class='ocrx_word' id='word_1_650' title='bbox 922 4654 1012 4711; x_wconf 79' lang='grc' dir='ltr'>καὶ</span> <span class='ocrx_word' id='word_1_651' title='bbox 1061 4659 1158 4711; x_wconf 78' lang='grc' dir='ltr'>τοῦ</span> <span class='ocrx_word' id='word_1_652' title='bbox 1207 4654 1519 4711; x_wconf 77' lang='grc' dir='ltr'>ἀποστόλου</span> <span class='ocrx_word' id='word_1_653' title='bbox 1559 4656 1764 4732; x_wconf 82' lang='grc' dir='ltr'>Πέτρου</span> <span class='ocrx_word' id='word_1_654' title='bbox 1795 4659 1885 4712; x_wconf 79' lang='grc' dir='ltr'>καὶ</span> <span class='ocrx_word' id='word_1_655' title='bbox 1937 4661 2035 4713; x_wconf 90' lang='grc' dir='ltr'>τοῦ</span> <span class='ocrx_word' id='word_1_656' title='bbox 2093 4655 2564 4736; x_wconf 80' lang='grc' dir='ltr'>ἀρχιστρατήγου,</span> <span class='ocrx_word' id='word_1_657' title='bbox 2625 4653 2700 4708; x_wconf 79' lang='grc' dir='ltr'>ὧν</span> <span class='ocrx_word' id='word_1_658' title='bbox 2750 4655 2851 4723; x_wconf 82' lang='grc' dir='ltr'>τὴν</span> <span class='ocrx_word' id='word_1_659' title='bbox 2912 4652 3230 4727; x_wconf 81' lang='grc' dir='ltr'>ὡραιότητα</span> <span class='ocrx_word' id='word_1_660' title='bbox 3291 4651 3743 4725; x_wconf 75' lang='grc' dir='ltr'>παραστήσασθαι</span> 
     </span>
    </p>
   </div>
   <div class='ocr_carea' id='block_1_91' title="bbox 309 4742 1373 4823">
    <p class='ocr_par' dir='ltr' id='par_1_91' title="bbox 309 4742 1373 4823">
     <span class='ocr_line' id='line_1_91' title="bbox 309 4742 1373 4823; baseline 0.001 -25"><span class='ocrx_word' id='word_1_661' title='bbox 309 4743 574 4814; x_wconf 73' lang='grc' dir='ltr'>ποιητική</span> <span class='ocrx_word' id='word_1_662' title='bbox 606 4744 666 4799; x_wconf 82' lang='grc' dir='ltr'>ἂν</span> <span class='ocrx_word' id='word_1_663' title='bbox 700 4744 939 4817; x_wconf 83' lang='grc' dir='ltr'>ήτόνησε</span> <span class='ocrx_word' id='word_1_664' title='bbox 972 4742 1373 4823; x_wconf 84' lang='grc' dir='ltr'>μεγαληγορία·</span> 
     </span>
    </p>
   </div>
   <div class='ocr_carea' id='block_1_92' title="bbox 382 4828 1977 4914">
    <p class='ocr_par' dir='ltr' id='par_1_92' title="bbox 382 4828 1965 4911">
     <span class='ocr_line' id='line_1_92' title="bbox 382 4828 1965 4911; baseline 0.001 -23"><span class='ocrx_word' id='word_1_665' title='bbox 382 4830 575 4888; x_wconf 75' lang='grc' dir='ltr'>Πολλά</span> <span class='ocrx_word' id='word_1_666' title='bbox 604 4828 661 4888; x_wconf 65' lang='grc' dir='ltr'>δὲ</span> <span class='ocrx_word' id='word_1_667' title='bbox 689 4833 786 4888; x_wconf 81' lang='grc' dir='ltr'>κὰν</span> <span class='ocrx_word' id='word_1_668' title='bbox 826 4840 942 4895; x_wconf 83' lang='grc' dir='ltr'>τοῖς</span> <span class='ocrx_word' id='word_1_669' title='bbox 977 4834 1280 4911; x_wconf 81' lang='grc' dir='ltr'>βασιλείοις</span> <span class='ocrx_word' id='word_1_670' title='bbox 1330 4835 1642 4906; x_wconf 76' lang='grc' dir='ltr'>ἀνέστησεν,</span> <span class='ocrx_word' id='word_1_671' title='bbox 1676 4836 1749 4899; x_wconf 84' lang='grc' dir='ltr'>ὡς</span> <span class='ocrx_word' id='word_1_672' title='bbox 1792 4833 1849 4890; x_wconf 69' lang='grc' dir='ltr'>ἂν</span> <span class='ocrx_word' id='word_1_673' title='bbox 1879 4858 1965 4899; x_wconf 88' lang='grc' dir='ltr'>τις</span> 
     </span>
    </p>
   </div>
   <div class='ocr_carea' id='block_1_93' title="bbox 2088 4828 3741 4914">
    <p class='ocr_par' dir='ltr' id='par_1_93' title="bbox 2150 4831 3741 4906">
     <span class='ocr_line' id='line_1_93' title="bbox 2150 4831 3741 4906; baseline -0.007 -13"><span class='ocrx_word' id='word_1_674' title='bbox 2150 4838 2328 4893; x_wconf 85' lang='lat' dir='ltr'>Multa</span> <span class='ocrx_word' id='word_1_675' title='bbox 2357 4834 2537 4891; x_wconf 89' lang='lat' dir='ltr'>etiam</span> <span class='ocrx_word' id='word_1_676' title='bbox 2583 4835 2646 4891; x_wconf 88' lang='lat' dir='ltr'>in</span> <span class='ocrx_word' id='word_1_677' title='bbox 2693 4835 2916 4891; x_wconf 89' lang='lat' dir='ltr'>Palatio</span> <span class='ocrx_word' id='word_1_678' title='bbox 2958 4850 3062 4906; x_wconf 91' lang='lat' dir='ltr'>pro</span> <span class='ocrx_word' id='word_1_679' title='bbox 3114 4831 3575 4905; x_wconf 86' lang='lat' dir='ltr'>imperatoribus</span> <span class='ocrx_word' id='word_1_680' title='bbox 3606 4845 3741 4884; x_wconf 86' lang='lat' dir='ltr'>vere</span> 
     </span>
    </p>
   </div>
   <div class='ocr_carea' id='block_1_94' title="bbox 306 4918 1977 5001">
    <p class='ocr_par' dir='ltr' id='par_1_94' title="bbox 306 4918 1961 5001">
     <span class='ocr_line' id='line_1_94' title="bbox 306 4918 1961 5001; baseline 0.002 -24"><span class='ocrx_word' id='word_1_681' title='bbox 306 4918 497 4993; x_wconf 65' lang='grc' dir='ltr'>εἴποι,</span> <span class='ocrx_word' id='word_1_682' title='bbox 561 4921 833 4997; x_wconf 87' lang='grc' dir='ltr'>βασιλεων</span> <span class='ocrx_word' id='word_1_683' title='bbox 894 4923 1189 4999; x_wconf 83' lang='grc' dir='ltr'>βασίλεια’</span> <span class='ocrx_word' id='word_1_684' title='bbox 1276 4928 1445 4979; x_wconf 82' lang='grc' dir='ltr'>ταῦτά</span> <span class='ocrx_word' id='word_1_685' title='bbox 1503 4923 1560 4980; x_wconf 76' lang='grc' dir='ltr'>δὲ</span> <span class='ocrx_word' id='word_1_686' title='bbox 1612 4926 1961 5001; x_wconf 80' lang='grc' dir='ltr'>ἀριθμεῖσθαι</span> 
     </span>
    </p>
   </div>
   <div class='ocr_carea' id='block_1_95' title="bbox 2088 4918 3738 5001">
    <p class='ocr_par' dir='ltr' id='par_1_95' title="bbox 2088 4922 3738 5000">
     <span class='ocr_line' id='line_1_95' title="bbox 2088 4922 3738 5000; baseline -0.007 -18"><span class='ocrx_word' id='word_1_687' title='bbox 2088 4928 2239 5000; x_wconf 84' lang='lat' dir='ltr'>regia</span> <span class='ocrx_word' id='word_1_688' title='bbox 2283 4923 2535 4981; x_wconf 77' lang='lat' dir='ltr'>aediﬁcia</span> <span class='ocrx_word' id='word_1_689' title='bbox 2582 4924 2898 4991; x_wconf 87' lang='lat' dir='ltr'>condidit;</span> <span class='ocrx_word' id='word_1_690' title='bbox 2949 4940 3082 4995; x_wconf 71' lang='lat' dir='ltr'>quas</span> <span class='ocrx_word' id='word_1_691' title='bbox 3134 4922 3339 4977; x_wconf 79' lang='lat' dir='ltr'>omnia</span> <span class='ocrx_word' id='word_1_692' title='bbox 3385 4934 3738 4975; x_wconf 83' lang='lat' dir='ltr'>enumerare</span> 
     </span>
    </p>
   </div>
   <div class='ocr_carea' id='block_1_96' title="bbox 308 5006 1965 5089">
    <p class='ocr_par' dir='ltr' id='par_1_96' title="bbox 308 5006 1965 5089">
     <span class='ocr_line' id='line_1_96' title="bbox 308 5006 1965 5089; baseline 0.002 -23"><span class='ocrx_word' id='word_1_693' title='bbox 308 5006 408 5066; x_wconf 75' lang='grc' dir='ltr'>οῦκ</span> <span class='ocrx_word' id='word_1_694' title='bbox 437 5011 744 5085; x_wconf 74' lang='grc' dir='ltr'>ἀναγκαῖον.</span> <span class='ocrx_word' id='word_1_695' title='bbox 800 5013 993 5089; x_wconf 73' lang='grc' dir='ltr'>Ἔργον</span> <span class='ocrx_word' id='word_1_696' title='bbox 1056 5011 1114 5068; x_wconf 73' lang='grc' dir='ltr'>δὲ</span> <span class='ocrx_word' id='word_1_697' title='bbox 1161 5013 1359 5069; x_wconf 77' lang='grc' dir='ltr'>τούτου</span> <span class='ocrx_word' id='word_1_698' title='bbox 1414 5019 1511 5070; x_wconf 89' lang='grc' dir='ltr'>τοῦ</span> <span class='ocrx_word' id='word_1_699' title='bbox 1573 5012 1844 5089; x_wconf 70' lang='grc' dir='ltr'>βασιλέως</span> <span class='ocrx_word' id='word_1_700' title='bbox 1874 5017 1965 5073; x_wconf 80' lang='grc' dir='ltr'>καὶ</span> 
     </span>
    </p>
   </div>
   <div class='ocr_carea' id='block_1_97' title="bbox 305 5098 1965 5184">
    <p class='ocr_par' dir='ltr' id='par_1_97' title="bbox 305 5098 1965 5184">
     <span class='ocr_line' id='line_1_97' title="bbox 305 5098 1965 5184; baseline 0.004 -29"><span class='ocrx_word' id='word_1_701' title='bbox 305 5100 335 5155; x_wconf 84' lang='grc' dir='ltr'>ὁ</span> <span class='ocrx_word' id='word_1_702' title='bbox 392 5098 690 5176; x_wconf 81' lang='grc' dir='ltr'>λεγόμενος</span> <span class='ocrx_word' id='word_1_703' title='bbox 751 5103 903 5166; x_wconf 73' lang='grc' dir='ltr'>οἶκος</span> <span class='ocrx_word' id='word_1_704' title='bbox 962 5104 1030 5159; x_wconf 79' lang='grc' dir='ltr'>τὰ</span> <span class='ocrx_word' id='word_1_705' title='bbox 1079 5103 1345 5184; x_wconf 84' lang='grc' dir='ltr'>Μάγγανα</span> <span class='ocrx_word' id='word_1_706' title='bbox 1395 5103 1485 5161; x_wconf 74' lang='grc' dir='ltr'>καὶ</span> <span class='ocrx_word' id='word_1_707' title='bbox 1518 5106 1545 5160; x_wconf 88' lang='grc' dir='ltr'>ὁ</span> <span class='ocrx_word' id='word_1_708' title='bbox 1578 5099 1757 5179; x_wconf 80' lang='grc' dir='ltr'>ἔτερος</span> <span class='ocrx_word' id='word_1_709' title='bbox 1787 5107 1815 5161; x_wconf 83' lang='grc' dir='ltr'>ὁ</span> <span class='ocrx_word' id='word_1_710' title='bbox 1846 5106 1965 5169; x_wconf 79' lang='grc' dir='ltr'>νὲος</span> 
     </span>
    </p>
   </div>
   <div class='ocr_carea' id='block_1_98' title="bbox 2077 5008 3738 5088">
    <p class='ocr_par' dir='ltr' id='par_1_98' title="bbox 2077 5008 3738 5088">
     <span class='ocr_line' id='line_1_98' title="bbox 2077 5008 3738 5088; baseline -0.007 -14"><span class='ocrx_word' id='word_1_711' title='bbox 2077 5016 2229 5074; x_wconf 89' lang='lat' dir='ltr'>nihil</span> <span class='ocrx_word' id='word_1_712' title='bbox 2307 5014 2541 5072; x_wconf 88' lang='lat' dir='ltr'>attinet.</span> <span class='ocrx_word' id='word_1_713' title='bbox 2618 5015 2781 5088; x_wconf 86' lang='lat' dir='ltr'>Opus</span> <span class='ocrx_word' id='word_1_714' title='bbox 2841 5014 3044 5070; x_wconf 87' lang='lat' dir='ltr'>Basilii</span> <span class='ocrx_word' id='word_1_715' title='bbox 3121 5017 3213 5067; x_wconf 88' lang='lat' dir='ltr'>est</span> <span class='ocrx_word' id='word_1_716' title='bbox 3269 5010 3449 5065; x_wconf 85' lang='lat' dir='ltr'>etiam</span> <span class='ocrx_word' id='word_1_717' title='bbox 3523 5008 3738 5063; x_wconf 87' lang='lat' dir='ltr'>domus</span> 
     </span>
    </p>
   </div>
   <div class='ocr_carea' id='block_1_99' title="bbox 2078 5097 3736 5179">
    <p class='ocr_par' dir='ltr' id='par_1_99' title="bbox 2078 5097 3736 5179">
     <span class='ocr_line' id='line_1_99' title="bbox 2078 5097 3736 5179; baseline -0.006 -16"><span class='ocrx_word' id='word_1_718' title='bbox 2078 5122 2209 5179; x_wconf 77' lang='lat' dir='ltr'>quae</span> <span class='ocrx_word' id='word_1_719' title='bbox 2284 5107 2710 5177; x_wconf 79' lang='lat' dir='ltr'>Manganorum</span> <span class='ocrx_word' id='word_1_720' title='bbox 2769 5119 2991 5160; x_wconf 89' lang='lat' dir='ltr'>nomen</span> <span class='ocrx_word' id='word_1_721' title='bbox 3048 5102 3219 5174; x_wconf 78' lang='lat' dir='ltr'>gerit,</span> <span class='ocrx_word' id='word_1_722' title='bbox 3291 5105 3353 5154; x_wconf 85' lang='lat' dir='ltr'>et</span> <span class='ocrx_word' id='word_1_723' title='bbox 3427 5097 3548 5154; x_wconf 81' lang='lat' dir='ltr'>alia</span> <span class='ocrx_word' id='word_1_724' title='bbox 3601 5110 3736 5167; x_wconf 78' lang='lat' dir='ltr'>quas</span> 
     </span>
    </p>
   </div>
   <div class='ocr_carea' id='block_1_100' title="bbox 1496 5204 2509 5263">
    <p class='ocr_par' dir='ltr' id='par_1_100' title="bbox 1496 5204 2509 5263">
     <span class='ocr_line' id='line_1_100' title="bbox 1496 5204 2509 5263; baseline -0.002 0"><span class='ocrx_word' id='word_1_725' title='bbox 1496 5205 1864 5263; x_wconf 77' lang='lat' dir='ltr'>XYLANDRI</span> <span class='ocrx_word' id='word_1_726' title='bbox 1900 5208 1988 5262; x_wconf 93' lang='lat' dir='ltr'>ET</span> <span class='ocrx_word' id='word_1_727' title='bbox 2028 5205 2241 5263; x_wconf 74' lang='lat' dir='ltr'>GOARI</span> <span class='ocrx_word' id='word_1_728' title='bbox 2283 5204 2509 5261; x_wconf 66' lang='lat' dir='ltr'>NOTzE.</span> 
     </span>
    </p>
   </div>
   <div class='ocr_carea' id='block_1_101' title="bbox 380 5297 1968 5374">
    <p class='ocr_par' dir='ltr' id='par_1_101' title="bbox 380 5297 1968 5374">
     <span class='ocr_line' id='line_1_101' title="bbox 380 5297 1968 5374; baseline 0.006 -22"><span class='ocrx_word' id='word_1_729' title='bbox 380 5297 494 5370; x_wconf 78' lang='grc'>(44)</span> <span class='ocrx_word' id='word_1_730' title='bbox 525 5300 676 5357; x_wconf 89' lang='lat' dir='ltr'>Sane</span> <span class='ocrx_word' id='word_1_731' title='bbox 712 5308 769 5357; x_wconf 91' lang='lat' dir='ltr'>et</span> <span class='ocrx_word' id='word_1_732' title='bbox 799 5302 1183 5374; x_wconf 85' lang='lat' dir='ltr'>scribendum</span> <span class='ocrx_word' id='word_1_733' title='bbox 1208 5297 1496 5374; x_wconf 80' lang='grc' dir='ltr'>ἡϐώωντα.</span> <span class='ocrx_word' id='word_1_734' title='bbox 1533 5305 1841 5374; x_wconf 66' lang='grc' dir='ltr'>Ωιιίεῐτοιυ</span> <span class='ocrx_word' id='word_1_735' title='bbox 1874 5323 1968 5361; x_wconf 92' lang='lat' dir='ltr'>me</span> 
     </span>
    </p>
   </div>
   <div class='ocr_carea' id='block_1_102' title="bbox 310 5372 1971 5445">
    <p class='ocr_par' dir='ltr' id='par_1_102' title="bbox 310 5372 1971 5445">
     <span class='ocr_line' id='line_1_102' title="bbox 310 5372 1971 5445; baseline 0.005 -22"><span class='ocrx_word' id='word_1_736' title='bbox 310 5376 514 5445; x_wconf 83' lang='lat' dir='ltr'>monet</span> <span class='ocrx_word' id='word_1_737' title='bbox 534 5378 600 5426; x_wconf 90' lang='lat' dir='ltr'>ut</span> <span class='ocrx_word' id='word_1_738' title='bbox 628 5389 735 5444; x_wconf 91' lang='lat' dir='ltr'>pro</span> <span class='ocrx_word' id='word_1_739' title='bbox 764 5373 897 5427; x_wconf 84' lang='grc' dir='ltr'>νεών</span> <span class='ocrx_word' id='word_1_740' title='bbox 934 5372 1290 5432; x_wconf 84' lang='lat' dir='ltr'>sententiam</span> <span class='ocrx_word' id='word_1_741' title='bbox 1319 5377 1586 5431; x_wconf 88' lang='lat' dir='ltr'>fortassis</span> <span class='ocrx_word' id='word_1_742' title='bbox 1616 5372 1758 5445; x_wconf 84' lang='grc' dir='ltr'>νὲον,</span> <span class='ocrx_word' id='word_1_743' title='bbox 1791 5382 1858 5434; x_wconf 91' lang='lat' dir='ltr'>ut</span> <span class='ocrx_word' id='word_1_744' title='bbox 1881 5384 1971 5433; x_wconf 91' lang='lat' dir='ltr'>est</span> 
     </span>
    </p>
   </div>
   <div class='ocr_carea' id='block_1_103' title="bbox 309 5441 1967 5521">
    <p class='ocr_par' dir='ltr' id='par_1_103' title="bbox 309 5441 1967 5521">
     <span class='ocr_line' id='line_1_103' title="bbox 309 5441 1967 5521; baseline 0.004 -24"><span class='ocrx_word' id='word_1_745' title='bbox 309 5441 466 5521; x_wconf 86' lang='lat' dir='ltr'>apud</span> <span class='ocrx_word' id='word_1_746' title='bbox 499 5441 759 5521; x_wconf 51' lang='lat' dir='ltr'>poet—am,</span> <span class='ocrx_word' id='word_1_747' title='bbox 782 5448 1092 5521; x_wconf 81' lang='lat' dir='ltr'>scripsisse</span> <span class='ocrx_word' id='word_1_748' title='bbox 1112 5449 1468 5521; x_wconf 82' lang='lat' dir='ltr'>Cedrenum,</span> <span class='ocrx_word' id='word_1_749' title='bbox 1504 5441 1754 5519; x_wconf 77' lang='lat' dir='ltr'>aliquos</span> <span class='ocrx_word' id='word_1_750' title='bbox 1773 5450 1967 5521; x_wconf 85' lang='lat' dir='ltr'>suspi-</span> 
     </span>
    </p>
   </div>
   <div class='ocr_carea' id='block_1_104' title="bbox 307 5517 1968 5596">
    <p class='ocr_par' dir='ltr' id='par_1_104' title="bbox 307 5517 1968 5596">
     <span class='ocr_line' id='line_1_104' title="bbox 307 5517 1968 5596; baseline 0.006 -30"><span class='ocrx_word' id='word_1_751' title='bbox 307 5519 563 5596; x_wconf 46' lang='lat' dir='ltr'>e&#39;aturos.</span> <span class='ocrx_word' id='word_1_752' title='bbox 596 5519 717 5596; x_wconf 69' lang='lat' dir='ltr'>Ego</span> <span class='ocrx_word' id='word_1_753' title='bbox 746 5517 946 5575; x_wconf 78' lang='lat' dir='ltr'>tamen</span> <span class='ocrx_word' id='word_1_754' title='bbox 976 5517 1247 5596; x_wconf 74' lang='lat' dir='ltr'>allusisse</span> <span class='ocrx_word' id='word_1_755' title='bbox 1278 5520 1455 5575; x_wconf 85' lang='lat' dir='ltr'>modo</span> <span class='ocrx_word' id='word_1_756' title='bbox 1489 5517 1628 5596; x_wconf 79' lang='lat' dir='ltr'>enni</span> <span class='ocrx_word' id='word_1_757' title='bbox 1662 5521 1749 5596; x_wconf 77' lang='lat' dir='ltr'>ad</span> <span class='ocrx_word' id='word_1_758' title='bbox 1768 5517 1968 5578; x_wconf 76' lang='lat' dir='ltr'>locum</span> 
     </span>
    </p>
   </div>
   <div class='ocr_carea' id='block_1_105' title="bbox 303 5585 1964 5666">
    <p class='ocr_par' dir='ltr' id='par_1_105' title="bbox 303 5585 1964 5666">
     <span class='ocr_line' id='line_1_105' title="bbox 303 5585 1964 5666; baseline 0.005 -25"><span class='ocrx_word' id='word_1_759' title='bbox 303 5585 1318 5666; x_wconf 62' lang='lat' dir='ltr'>liomerisuspicormequeyoliusse</span> <span class='ocrx_word' id='word_1_760' title='bbox 1336 5591 1608 5664; x_wconf 84' lang='lat' dir='ltr'>templum</span> <span class='ocrx_word' id='word_1_761' title='bbox 1618 5591 1934 5666; x_wconf 81' lang='lat' dir='ltr'>adolescen</span> <span class='ocrx_word' id='word_1_762' title='bbox 1946 5624 1964 5636; x_wconf 86' lang='lat'><strong>-</strong></span> 
     </span>
    </p>
   </div>
   <div class='ocr_carea' id='block_1_106' title="bbox 302 5658 1967 5735">
    <p class='ocr_par' dir='ltr' id='par_1_106' title="bbox 302 5658 1967 5735">
     <span class='ocr_line' id='line_1_106' title="bbox 302 5658 1967 5735; baseline 0.006 -24"><span class='ocrx_word' id='word_1_763' title='bbox 302 5658 381 5711; x_wconf 87' lang='lat' dir='ltr'>tis</span> <span class='ocrx_word' id='word_1_764' title='bbox 402 5658 647 5735; x_wconf 72' lang='lat' dir='ltr'>nomine</span> <span class='ocrx_word' id='word_1_765' title='bbox 661 5658 927 5735; x_wconf 73' lang='lat' dir='ltr'>afficere.</span> <span class='ocrx_word' id='word_1_766' title='bbox 952 5658 1075 5718; x_wconf 59' lang='lat' dir='ltr'>&#39;Sed</span> <span class='ocrx_word' id='word_1_767' title='bbox 1103 5662 1237 5715; x_wconf 83' lang='grc' dir='ltr'>νεών</span> <span class='ocrx_word' id='word_1_768' title='bbox 1263 5663 1399 5733; x_wconf 90' lang='lat' dir='ltr'>(hoc</span> <span class='ocrx_word' id='word_1_769' title='bbox 1425 5658 1517 5719; x_wconf 77' lang='lat' dir='ltr'>est</span> <span class='ocrx_word' id='word_1_770' title='bbox 1538 5662 1685 5735; x_wconf 87' lang='grc' dir='ltr'>ναόν)</span> <span class='ocrx_word' id='word_1_771' title='bbox 1708 5663 1967 5721; x_wconf 82' lang='lat' dir='ltr'>ﬁnitima</span> 
     </span>
    </p>
   </div>
   <div class='ocr_carea' id='block_1_107' title="bbox 300 5727 1964 5814">
    <p class='ocr_par' dir='ltr' id='par_1_107' title="bbox 300 5727 1964 5814">
     <span class='ocr_line' id='line_1_107' title="bbox 300 5727 1964 5814; baseline 0.006 -33"><span class='ocrx_word' id='word_1_772' title='bbox 300 5727 711 5814; x_wconf 66' lang='lat' dir='ltr'>appellatione</span> <span class='ocrx_word' id='word_1_773' title='bbox 750 5731 968 5790; x_wconf 75' lang='lat' dir='ltr'>dixisse</span> <span class='ocrx_word' id='word_1_774' title='bbox 997 5750 1009 5788; x_wconf 93' lang='lat'><strong>:</strong></span> <span class='ocrx_word' id='word_1_775' title='bbox 1041 5744 1140 5791; x_wconf 81' lang='lat' dir='ltr'>res</span> <span class='ocrx_word' id='word_1_776' title='bbox 1172 5727 1413 5814; x_wconf 55' lang='lat' dir='ltr'>est&#39;non</span> <span class='ocrx_word' id='word_1_777' title='bbox 1443 5734 1642 5814; x_wconf 66' lang='lat' dir='ltr'>magni</span> <span class='ocrx_word' id='word_1_778' title='bbox 1667 5727 1964 5814; x_wconf 67' lang='lat' dir='ltr'>momenti</span> 
     </span>
    </p>
   </div>
   <div class='ocr_carea' id='block_1_108' title="bbox 305 5800 1965 5879">
    <p class='ocr_par' dir='ltr' id='par_1_108' title="bbox 305 5800 1965 5879">
     <span class='ocr_line' id='line_1_108' title="bbox 305 5800 1965 5879; baseline 0.004 -21"><span class='ocrx_word' id='word_1_779' title='bbox 305 5806 366 5858; x_wconf 77' lang='lat' dir='ltr'>et</span> <span class='ocrx_word' id='word_1_780' title='bbox 383 5800 678 5874; x_wconf 68' lang='lat' dir='ltr'>elegantia</span> <span class='ocrx_word' id='word_1_781' title='bbox 688 5820 811 5862; x_wconf 77' lang='lat' dir='ltr'>non</span> <span class='ocrx_word' id='word_1_782' title='bbox 823 5820 1255 5879; x_wconf 71' lang='lat' dir='ltr'>usquequaque</span> <span class='ocrx_word' id='word_1_783' title='bbox 1268 5800 1751 5879; x_wconf 58' lang='lat' dir='ltr'>eleganelllulit</span> <span class='ocrx_word' id='word_1_784' title='bbox 1764 5813 1965 5865; x_wconf 75' lang='lat' dir='ltr'>autem</span> 
     </span>
    </p>
   </div>
   <div class='ocr_carea' id='block_1_109' title="bbox 2031 5290 3735 5364">
    <p class='ocr_par' dir='ltr' id='par_1_109' title="bbox 2031 5290 3735 5364">
     <span class='ocr_line' id='line_1_109' title="bbox 2031 5290 3735 5364; baseline -0.01 -3"><span class='ocrx_word' id='word_1_785' title='bbox 2031 5291 2041 5299; x_wconf 82' lang='grc'><em>”</em></span> <span class='ocrx_word' id='word_1_786' title='bbox 2081 5305 2156 5360; x_wconf 88' lang='lat' dir='ltr'>ad</span> <span class='ocrx_word' id='word_1_787' title='bbox 2194 5302 2493 5360; x_wconf 75' lang='lat' dir='ltr'>thnicis</span> <span class='ocrx_word' id='word_1_788' title='bbox 2524 5302 2702 5357; x_wconf 83' lang='lat' dir='ltr'>verba</span> <span class='ocrx_word' id='word_1_789' title='bbox 2732 5298 2898 5355; x_wconf 88' lang='lat' dir='ltr'>Iliad.</span> <span class='ocrx_word' id='word_1_790' title='bbox 2932 5316 2987 5353; x_wconf 73' lang='grc' dir='ltr'><strong>ιχ</strong></span> <span class='ocrx_word' id='word_1_791' title='bbox 3023 5314 3035 5352; x_wconf 77' lang='grc' dir='ltr'>ε</span> <span class='ocrx_word' id='word_1_792' title='bbox 3067 5290 3202 5353; x_wconf 73' lang='grc' dir='ltr'>Οὐδ’</span> <span class='ocrx_word' id='word_1_793' title='bbox 3233 5290 3401 5348; x_wconf 74' lang='grc' dir='ltr'>εῗκέν</span> <span class='ocrx_word' id='word_1_794' title='bbox 3460 5313 3555 5364; x_wconf 88' lang='grc' dir='ltr'>μοι</span> <span class='ocrx_word' id='word_1_795' title='bbox 3604 5292 3735 5364; x_wconf 75' lang='grc' dir='ltr'>ὑπο-</span> 
     </span>
    </p>
   </div>
   <div class='ocr_carea' id='block_1_110' title="bbox 2081 5363 3730 5444">
    <p class='ocr_par' dir='ltr' id='par_1_110' title="bbox 2081 5363 3730 5444">
     <span class='ocr_line' id='line_1_110' title="bbox 2081 5363 3730 5444; baseline -0.007 -15"><span class='ocrx_word' id='word_1_796' title='bbox 2081 5374 2236 5444; x_wconf 77' lang='grc' dir='ltr'>σταίη</span> <span class='ocrx_word' id='word_1_797' title='bbox 2306 5374 2437 5435; x_wconf 82' lang='grc' dir='ltr'>Θεὸς</span> <span class='ocrx_word' id='word_1_798' title='bbox 2512 5372 2673 5432; x_wconf 77' lang='grc' dir='ltr'>αὐτὸς</span> <span class='ocrx_word' id='word_1_799' title='bbox 2741 5374 2919 5443; x_wconf 80' lang='grc' dir='ltr'>Γῆρας</span> <span class='ocrx_word' id='word_1_800' title='bbox 3003 5367 3271 5444; x_wconf 72' lang='grc' dir='ltr'>ἀποξύσας</span> <span class='ocrx_word' id='word_1_801' title='bbox 3351 5366 3538 5444; x_wconf 71' lang='grc' dir='ltr'>θήσειν</span> <span class='ocrx_word' id='word_1_802' title='bbox 3613 5363 3730 5419; x_wconf 79' lang='grc' dir='ltr'>νέον</span> 
     </span>
    </p>
   </div>
   <div class='ocr_carea' id='block_1_111' title="bbox 2078 5441 3602 5517">
    <p class='ocr_par' dir='ltr' id='par_1_111' title="bbox 2078 5441 3602 5517">
     <span class='ocr_line' id='line_1_111' title="bbox 2078 5441 3602 5517; baseline -0.006 -16"><span class='ocrx_word' id='word_1_803' title='bbox 2078 5441 2373 5516; x_wconf 67' lang='grc' dir='ltr'>ἡϐώωντα.</span> <span class='ocrx_word' id='word_1_804' title='bbox 2402 5445 2570 5511; x_wconf 88' lang='lat' dir='ltr'>Quod</span> <span class='ocrx_word' id='word_1_805' title='bbox 2599 5441 2843 5517; x_wconf 83' lang='lat' dir='ltr'>propter</span> <span class='ocrx_word' id='word_1_806' title='bbox 2871 5441 3271 5517; x_wconf 75' lang='lat' dir='ltr'>imperitiores</span> <span class='ocrx_word' id='word_1_807' title='bbox 3297 5443 3602 5517; x_wconf 54' lang='lat' dir='ltr'>adnotata.</span> 
     </span>
    </p>
   </div>
   <div class='ocr_carea' id='block_1_112' title="bbox 2153 5507 3731 5603">
    <p class='ocr_par' dir='ltr' id='par_1_112' title="bbox 2153 5507 3731 5603">
     <span class='ocr_line' id='line_1_112' title="bbox 2153 5507 3731 5603; baseline -0.001 1"><span class='ocrx_word' id='word_1_808' title='bbox 2153 5521 2230 5593; x_wconf 73' lang='grc' dir='ltr'>(δ)</span> <span class='ocrx_word' id='word_1_809' title='bbox 2256 5507 2575 5603; x_wconf 48' lang='lat' dir='ltr'>Proprium</span> <span class='ocrx_word' id='word_1_810' title='bbox 2599 5507 2769 5603; x_wconf 62' lang='grc' dir='ltr'>ἰπαιδν</span> <span class='ocrx_word' id='word_1_811' title='bbox 2801 5514 2894 5600; x_wconf 66' lang='grc' dir='ltr'>νει</span> <span class='ocrx_word' id='word_1_812' title='bbox 2942 5507 3731 5603; x_wconf 54' lang='grc' dir='ltr'>ίοξτζέξῖῖῖέγς,-¹ῗξαιυ¹.ο,,Ρρὲι</span> 
     </span>
    </p>
   </div>
   <div class='ocr_carea' id='block_1_113' title="bbox 2078 5576 3727 5664">
    <p class='ocr_par' dir='ltr' id='par_1_113' title="bbox 2078 5576 3727 5664">
     <span class='ocr_line' id='line_1_113' title="bbox 2078 5576 3727 5664; baseline -0.01 -16"><span class='ocrx_word' id='word_1_813' title='bbox 2078 5576 2296 5664; x_wconf 72' lang='lat' dir='ltr'>plurali</span> <span class='ocrx_word' id='word_1_814' title='bbox 2328 5576 2581 5664; x_wconf 69' lang='lat' dir='ltr'>numero</span> <span class='ocrx_word' id='word_1_815' title='bbox 2604 5576 2664 5640; x_wconf 64' lang='grc' dir='ltr'>ἓν</span> <span class='ocrx_word' id='word_1_816' title='bbox 2696 5576 2908 5664; x_wconf 44' lang='grc' dir='ltr'>πηγαῖς·</span> <span class='ocrx_word' id='word_1_817' title='bbox 2941 5583 3016 5664; x_wconf 70' lang='lat' dir='ltr'>aa</span> <span class='ocrx_word' id='word_1_818' title='bbox 3050 5576 3253 5664; x_wconf 58' lang='lat' dir='ltr'>remes;</span> <span class='ocrx_word' id='word_1_819' title='bbox 3273 5580 3448 5664; x_wconf 41' lang='lat' dir='ltr'>verti:</span> <span class='ocrx_word' id='word_1_820' title='bbox 3493 5576 3727 5664; x_wconf 70' lang='grc' dir='ltr'>Δοξολο-</span> 
     </span>
    </p>
   </div>
   <div class='ocr_carea' id='block_1_114' title="bbox 2079 5654 3727 5737">
    <p class='ocr_par' dir='ltr' id='par_1_114' title="bbox 2079 5654 3727 5737">
     <span class='ocr_line' id='line_1_114' title="bbox 2079 5654 3727 5737; baseline -0.005 -22"><span class='ocrx_word' id='word_1_821' title='bbox 2079 5654 2313 5737; x_wconf 66' lang='grc' dir='ltr'>γοῦν-τας</span> <span class='ocrx_word' id='word_1_822' title='bbox 2358 5658 2711 5737; x_wconf 76' lang='lat' dir='ltr'>paulo__post</span> <span class='ocrx_word' id='word_1_823' title='bbox 2763 5654 2911 5737; x_wconf 76' lang='lat' dir='ltr'>verti</span> <span class='ocrx_word' id='word_1_824' title='bbox 2962 5655 3254 5721; x_wconf 88' lang='lat' dir='ltr'>doctores,</span> <span class='ocrx_word' id='word_1_825' title='bbox 3314 5654 3727 5737; x_wconf 69' lang='lat' dir='ltr'>conjecturam</span> 
     </span>
    </p>
   </div>
   <div class='ocr_carea' id='block_1_115' title="bbox 2078 5725 3731 5805">
    <p class='ocr_par' dir='ltr' id='par_1_115' title="bbox 2078 5725 3731 5805">
     <span class='ocr_line' id='line_1_115' title="bbox 2078 5725 3731 5805; baseline -0.007 -14"><span class='ocrx_word' id='word_1_826' title='bbox 2078 5725 2502 5805; x_wconf 71' lang='lat' dir='ltr'>secutus,ciuod</span> <span class='ocrx_word' id='word_1_827' title='bbox 2528 5725 2603 5787; x_wconf 73' lang='lat' dir='ltr'>iis</span> <span class='ocrx_word' id='word_1_828' title='bbox 2628 5729 3193 5805; x_wconf 73' lang='lat' dir='ltr'>non_minue_quam</span> <span class='ocrx_word' id='word_1_829' title='bbox 3223 5725 3567 5805; x_wconf 57' lang='lat' dir='ltr'>cantoribus</span> <span class='ocrx_word' id='word_1_830' title='bbox 3597 5739 3731 5795; x_wconf 50' lang='lat' dir='ltr'>pro.</span> 
     </span>
    </p>
   </div>
   <div class='ocr_carea' id='block_1_116' title="bbox 2075 5799 3424 5875">
    <p class='ocr_par' dir='ltr' id='par_1_116' title="bbox 2075 5799 3424 5875">
     <span class='ocr_line' id='line_1_116' title="bbox 2075 5799 3424 5875; baseline -0.005 -13"><span class='ocrx_word' id='word_1_831' title='bbox 2075 5805 2274 5864; x_wconf 69' lang='lat' dir='ltr'>habile</span> <span class='ocrx_word' id='word_1_832' title='bbox 2305 5799 2384 5861; x_wconf 74' lang='lat' dir='ltr'>sit</span> <span class='ocrx_word' id='word_1_833' title='bbox 2411 5808 2586 5861; x_wconf 73' lang='lat' dir='ltr'>aucta</span> <span class='ocrx_word' id='word_1_834' title='bbox 2615 5806 2720 5860; x_wconf 78' lang='lat' dir='ltr'>aut</span> <span class='ocrx_word' id='word_1_835' title='bbox 2744 5801 2903 5858; x_wconf 74' lang='lat' dir='ltr'>faeta</span> <span class='ocrx_word' id='word_1_836' title='bbox 2933 5799 3250 5875; x_wconf 72' lang='lat' dir='ltr'>stipendia.</span> <span class='ocrx_word' id='word_1_837' title='bbox 3283 5799 3424 5856; x_wconf 71' lang='grc' dir='ltr'>ΧΠ..</span> 
     </span>
    </p>
   </div>
  </div>
