4184 6442
391 394 549 457 1127

1754 380 2075 444 GEORGII
2118 379 2457 443 CEDRENI

3668 399 3833 476 1123

384 531 540 585 Nova
568 527 1141 599 appellatur.Has,ut
1172 525 1271 595 qui
1302 523 1499 579 nollet
1520 522 1787 595 publicos
1820 522 2039 579 reditus

2170 515 2535 590 καλούμενος·
2600 518 2691 581 οὓς
2754 520 2861 575 ἀπὸ
2915 524 3175 596 τοιαύτης
3233 529 3585 585 κατεσκεύασε
3630 551 3829 607 προαι-

381 619 445 674 in
504 634 644 672 usus
721 618 983 689 privatos
1060 619 1310 682 vertere,
1373 613 1730 680 aedificavit;
1811 617 1869 667 et
1944 627 2036 665 re-

384 709 541 764 ditus
592 708 678 763 eis
727 725 799 763 ex
840 704 1219 778 agriculturae
1266 703 1690 759 emolumentis
1736 701 2047 759 constituit

384 798 655 868 idoneos,
741 798 894 852 unde
978 793 1363 865 imperatorio
1469 795 1670 849 1041
1781 791 2043 848 convivio

389 907 495 961 pro
528 905 611 955 se,
640 892 699 941 et
727 887 801 940 iis
833 885 932 956 qui
968 889 1088 939 toto
1143 883 1282 937 anni
1334 883 1589 939 decursu
1631 882 2044 947 invitarentur,

390 979 749 1034 sufficientes
782 982 840 1030 et
863 974 1022 1045 juste
1069 974 1222 1045 parti
1257 979 1530 1045 sumptus
1574 972 2043 1045 suppeditarent.

388 1066 661 1123 Condidit
693 1066 873 1121 etiam
904 1064 1191 1136 palatium
1223 1063 1297 1118 ad
1328 1065 1568 1130 Fontes,
1603 1067 1661 1117 et
1694 1062 1752 1116 id
1785 1062 1943 1132 quod
1984 1062 2045 1115 in

386 1157 535 1212 Eriis
567 1161 695 1210 erat
726 1154 1045 1221 decoravit,
1079 1154 1340 1209 cisterna
1371 1157 1898 1224 repurgata,quam
1931 1152 2045 1205 He-

385 1246 602 1301 raclius
651 1246 978 1316 imperator
1026 1250 1184 1298 terra
1216 1244 1448 1316 ingesta
1496 1241 1937 1313 complanatam
1986 1241 2046 1293 in

385 1336 626 1390 hortum
658 1333 971 1389 arboribus
1003 1333 1115 1387 hac
1137 1331 1400 1386 oleribus
1422 1330 1765 1402 plantandis
1792 1334 2049 1384 mutave—

388 1429 573 1492 rat,ut
603 1428 662 1478 et
692 1423 1011 1478 cisternam
1044 1439 1174 1477 eam
1209 1438 1339 1491 qua)
1366 1426 1456 1475 est
1485 1420 1558 1475 ad
1585 1421 2050 1492 Magnauram,et

389 1532 522 1585 qua)
554 1514 712 1568 inter
744 1512 1072 1567 triclinium
1103 1511 1542 1565 Justinianeum
1574 1525 1641 1563 ac
1675 1509 2043 1564 Lausiacum.

392 1603 628 1657 Etenim
678 1601 997 1674 praedictus
1052 1600 1358 1655 Heraclius
1408 1599 1754 1669 imperator,
1808 1615 1939 1652 cum
1994 1598 2047 1653 ei

386 1692 721 1762 Stephanus
753 1690 1142 1761 philosophus
1174 1689 1511 1743 examinato
1546 1687 1815 1742 siderum
1852 1686 2047 1757 qualis

382 1781 578 1836 fuerat
590 1779 714 1852 ipso
736 1784 1014 1834 nascente
1034 1778 1232 1850 positu
1247 1777 1622 1848 praadixisset
1635 1793 1854 1847 aquam
1868 1775 2049 1830 inter-

2156 606 2380 680 ρέσεως.
2416 608 2510 675 Μὴ
2560 607 2903 683 βουλόμενος
2964 614 3068 687 γὰρ
3127 616 3193 669 τὰ
3253 613 3494 690 δημόσια
3531 606 3827 694 πράγματα

2156 694 2232 756 εἰς
2295 695 2501 757 οἰκείας
2579 698 2993 754 κατανακίσκειν
3053 704 3244 777 χρείας
3326 727 3452 768 τους
3539 711 3831 774 τοιούτους

2155 781 2586 875 ανωκοδόμησεν
2642 787 2852 856 οἴκους,
2912 791 2998 845 καὶ
3069 791 3372 865 προσόδους
3431 795 3492 850 ἐκ
3546 801 3826 875 γεωργίας

2154 870 2409 945 ἀπέταξεν
2443 874 2629 938 αὐτοῖς
2662 876 2869 945 ἱκανὰς,
2902 879 2993 952 ἀφ’
3033 881 3106 934 ὧν
3140 885 3174 952 ἡ
3214 883 3474 958 βασιλικὴ
3524 870 3819 961 πανδαίσίᾳ

2162 961 2330 1017 αὐτοῦ
2362 984 2420 1018 τε
2476 964 2570 1018 καὶ
2602 970 2709 1020 τῶν
2743 965 2839 1021 ἀνὰ
2878 974 2980 1023 πᾶν
3017 966 3137 1033 ’ἐτος
3187 972 3278 1027 ὑπ’
3325 973 3490 1029 αἱ)τοῦ
3540 977 3818 1051 κεκλημέο

2154 1073 2261 1105 νων
2290 1049 2523 1130 ἄφθονον
2555 1054 2644 1109 καὶ
2678 1054 2886 1111 δικαίαν
2940 1061 3039 1129 τὴν
3080 1062 3357 1136 χορηγίαν
3408 1059 3639 1136 ἔμελλεν
3669 1049 3820 1142 ἔχειν

2159 1140 2264 1195 ἀεὶ·
2302 1138 2651 1215 Ἐδομήσατο
2712 1143 2769 1199 δὲ
2808 1148 2894 1201 xvi
2936 1147 3003 1202 τὰ
3064 1147 3116 1203 ἐν
3176 1156 3382 1227 Πηγαῖς
3424 1138 3819 1225 παλάτιαξκαὶ

2155 1229 2222 1282 τὰ
2278 1228 2330 1283 ἐν
2380 1237 2499 1293 τοῖς
2556 1232 2763 1306 Ἠρίοις
2822 1234 3266 1312 ἐκαλλωπίσατο,
3324 1241 3663 1316 ἀνακαθάρας
3719 1246 3813 1301 καὶ

2154 1319 2253 1386 τήν
2303 1318 2711 1397 ἀπογεωθεῖσαν
2803 1326 3136 1401 κινστέρναν,
3221 1329 3286 1399 ἢν
3372 1331 3696 1406 Ἡράκλειος
3783 1337 3812 1390 ὁ

2161 1407 2417 1480 βασιλεὺς
2458 1412 2793 1486 προσχώσας
2823 1412 3151 1488 παράδεισον
3184 1423 3364 1493 φυτῶν
3414 1422 3503 1475 καῖ
3555 1420 3813 1499 λαχάνων

2158 1495 2463 1571 εἰργάσατο.
2505 1505 2670 1573 *Οπερ
2696 1500 2922 1572 ἐποίησε
2967 1506 3059 1559 καὶ
3135 1504 3187 1560 ἐν
3245 1511 3367 1569 ταῖς
3427 1495 3815 1576 οὕσαιςννέντὸς

2154 1589 2250 1639 τοῦ
2317 1585 2610 1659 παλατίου,
2651 1594 2720 1665 τῇ
2774 1612 2834 1645 τε
2890 1594 2997 1667 πρὸ
3053 1616 3153 1664 της
3210 1598 3536 1675 Μαγναύρας
3594 1602 3685 1655 καὶ
3742 1607 3813 1676 τῇ

2160 1677 2357 1749 μεταξὺ
2391 1682 2771 1736 Ἰουστινιανοῦ
2798 1687 2895 1737 τοῦ
2951 1685 3261 1758 τρικλινίου
3293 1688 3383 1741 καὶ
3438 1690 3537 1744 τοῦ
3570 1697 3813 1746 Λαυσια-

2155 1772 2254 1821 κοῦ
2290 1812 2304 1826 ,
2356 1768 2417 1827 Ὁ
2465 1770 2571 1845 γὰρ
2626 1769 2913 1846 εἰρημένος
2977 1773 3231 1847 βασιλεὺς
3288 1776 3609 1852 Ἡράκλειος
3666 1783 3817 1856 παρᾶ

385 1872 535 1926 itum
567 1869 677 1941 ipsi
709 1869 1041 1937 allaturam,
1088 1868 1379 1923 cisternas
1419 1872 1581 1923 terra
1630 1870 1909 1937 congesta
1939 1883 2039 1937 op-

2157 1857 2428 1961 Στεφανου
2486 1862 2593 1961 τού
2639 1857 2942 1940 φιλοσόφου
2989 1863 3199 1936 μαθὼν,
3233 1866 3316 1938 [Ρ.
3351 1870 3478 1939 589]
3526 1870 3625 1939 τὴν
3658 1891 3813 1946 γενε-

382 1959 665 2031 pleverat.
692 1959 898 2028 Itaque
930 1956 1181 2012 Basilius
1213 1957 1533 2011 cisternam
1566 1957 1628 2009 in
1660 1955 1811 2009 Eriis
1842 1972 2044 2026 repur-

379 2048 554 2121 gavit,
588 2047 840 2118 locoque
872 2046 1029 2102 horti
1078 2046 1525 2117 receptaculum
1562 2062 1730 2114 aqua;
1787 2045 2039 2115 copiosae

382 2154 450 2192 ac
482 2135 795 2207 pellucidae
841 2135 1117 2191 confecit.
1151 2136 1220 2188 Et
1248 2135 1311 2188 in
1360 2133 1487 2189 foro
1520 2133 1836 2189 aedificavit
1883 2138 2038 2187 tem-

383 2226 551 2298 plum
579 2225 1050 2297 pulcherrimum
1079 2224 1348 2295 Deiparae
1379 2227 1711 2289 sacrum,ut
1743 2222 1824 2277 ibi
1856 2239 2038 2293 nego-

386 2315 631 2370 tiatores
652 2314 895 2369 domum
912 2313 1190 2385 precibus
1205 2312 1503 2367 faciundis
1516 2316 1713 2382 aptam
1731 2311 2042 2377 haberent,

384 2420 521 2460 cum
581 2421 650 2459 eo
702 2404 832 2457 loco
893 2402 966 2457 ob
1026 2401 1463 2472 negotiationes
1505 2404 2041 2456 commorarentur.

393 2492 589 2548 Sancti
622 2493 832 2547 Phocze
862 2491 1067 2546 fanum
1104 2491 1161 2544 in
1193 2492 1372 2545 Steno
1404 2490 2043 2557 adornavit,monasta—

385 2582 664 2651 riumque
694 2579 1289 2651 redegit,constitutis
1319 2596 1425 2649 pro
1458 2578 1531 2632 iis
1564 2576 1665 2649 qui
1699 2578 1759 2631 in
1792 2593 1859 2632 eo
1900 2576 2039 2632 reli-

386 2671 609 2742 giosam
639 2673 989 2725 exercerent
1018 2668 1199 2724 vitam
1234 2667 1672 2722 sufficientibus
1721 2665 2035 2721 reditibus.

387 2759 704 2815 Renovavit
736 2758 917 2813 etiam
949 2772 1233 2827 magnum
1265 2755 1454 2811 sancti
1487 2753 1757 2827 Michaeli
1798 2753 1859 2807 in
1904 2753 2037 2807 Sos-

384 2848 588 2904 thenio
622 2847 934 2919 templum,
968 2846 1126 2917 quod
1157 2852 1336 2902 antea
1379 2844 1663 2916 temporis
1711 2846 2036 2909 corruerat,

382 2943 441 2992 et
465 2937 540 2992 ad
571 2954 702 2993 eam
736 2953 854 3008 qua
884 2935 1059 2990 hodie
1090 2935 1302 2990 visitur
1332 2933 1690 3006 elegantiam
1736 2930 2033 3004 perduxit.

383 3027 581 3098 μένων.
652 3023 960 3081 Ανεκαίνισε
1019 3020 1075 3077 δὲ
1129 3022 1219 3076 καὶ
1274 3022 1366 3076 τὸν
1432 3016 1598 3095 μέγαν
1658 3023 1759 3075 τοῦ
1814 3018 2264 3095 ἀρχιστρατήγου
2349 3020 2476 3075 ναὸν

380 3115 632 3183 πεσόντα,
665 3112 755 3167 καὶ
788 3115 865 3177 εἱς
892 3113 953 3167 τὸ
985 3111 1306 3189 φαινόμενον
1338 3110 1549 3171 κάλλος
1585 3112 1874 3185 μετήγαγε.

2155 1967 2235 2000 σιν
2270 1946 2436 2001 αὐτοῦ
2496 1946 3159 2024 πολυπραγγονήσαντος,
3201 1953 3275 2016 ὡς
3325 1953 3375 2024 ἐξ
3427 1953 3622 2019 ὕδατος
3652 1956 3820 2015 αὑτὸν

2154 2031 2237 2088 δεῖ
2262 2034 2545 2107 τελευτᾷν,
2577 2037 2672 2098 τὰς
2702 2042 2808 2091 τῶν
2860 2045 3204 2114 κινστερνῶν,
3257 2042 3330 2103 ὡς
3375 2042 3613 2117 εἴρηται,
3644 2067 3822 2122 προσ-

2154 2124 2358 2198 χώσεις
2418 2123 2727 2199 εἷργασατο.
2798 2127 2878 2183 Τὰ
2935 2126 2987 2181 ἐν
3038 2134 3154 2191 τοῖς
3202 2131 3408 2201 ’Πρίοις
3466 2134 3558 2189 οὖν
3606 2134 3818 2191 ἀποκα-

2155 2213 2320 2285 θάρας
2358 2213 2609 2289 βασίλεια
2649 2213 2726 2279 εἶ¹ς
2756 2216 2817 2270 τὸ
2862 2215 3093 2292 ἀρχαῖον
3152 2226 3349 2294 σχῆμα
3424 2222 3684 2300 ἀνήγαγε,
3721 2226 3817 2281 καὶ

2155 2300 2268 2356 ἀντὶ
2305 2301 2633 2378 παραδείσου
2694 2303 2915 2384 δοχεῖον
2977 2306 3346 2383 ἀπειργάσατο
3405 2310 3601 2376 ὕδατος
3635 2314 3806 2392 ἀφθό-

2154 2411 2249 2446 νου
2288 2392 2377 2446 καὶ
2444 2391 2702 2457 διειδοῦς.
2768 2393 3054 2470 Ἐδείματο
3114 2395 3171 2453 δὲ
3228 2399 3328 2454 κάν
3384 2405 3462 2472 τῷ
3492 2404 3647 2482 φόρῳ
3676 2391 3805 2459 ναὸν

2151 2481 2648 2555 περικαλλέστατον
2708 2485 2790 2541 ἐπ’
2847 2486 3078 2561 ὀνόματι
3135 2493 3237 2555 τῆς
3301 2481 3590 2563 Θεοτόκου,
3639 2495 3713 2556 ὡς
3747 2496 3807 2550 ἂν

2151 2568 2331 2646 ἔχοιεν
2382 2572 2543 2628 αὐτὸν
2597 2574 2651 2629 οἱ
2698 2578 3212 2650 πραγματευόμενοι
3264 2580 3412 2635 οἷκον
3462 2592 3806 2662 προσευχῆς,

2154 2659 2319 2715 ὁπότε
2365 2668 2481 2723 ταῖς
2528 2663 2932 2739 πραγματείαις
2979 2661 3380 2741 ἐμϐραδύνωσι.
3433 2672 3529 2726 Καὶ
3579 2659 3807 2728 τὸντοῦ

2153 2749 2305 2823 ἁγίου
2356 2757 2527 2806 Φωκᾶ
2573 2749 2630 2807 δὲ
2659 2753 2785 2808 ναὸν
2842 2753 2893 2808 έν
2949 2760 3030 2829 τῷ
3085 2762 3268 2829 Στενῷ
3328 2757 3682 2824 ἐπισκευάσας
3713 2764 3803 2818 καὶ

2147 2837 2511 2903 καλλωπίσας
2560 2842 2881 2919 οἰκητήριον
2950 2849 3214 2920 μοναχῶν
3264 2847 3592 2920 ἀπετέλεσε,
3648 2852 3809 2922 τάξας

2148 2927 2455 3003 προσόδους
2510 2932 2693 2996 ἱκανὰς
2744 2933 2819 2995 είς
2860 2930 3131 3009 διάρκειαν
3178 2939 3286 2989 τῶν
3337 2936 3389 2992 ἐν
3420 2939 3568 3011 αότῷ
3610 2941 3806 2996 ἀσκου-

2569 3022 2661 3077 τὸν
2751 3021 2802 3077 ἐν
2886 3028 2967 3095 τῷ
3027 3024 3317 3097 Σωσθενίῳ
3384 3024 3491 3099 ἤδη
3556 3050 3806 3105 προκατα

455 3207 670 3263 Multos
688 3207 869 3263 etiam
890 3206 1231 3262 Iudaeorum
1254 3222 1574 3261 munerum
1598 3203 2039 3276 pollicitationi-

2216 3198 2471 3264 Πολλοὺς
2541 3200 2598 3257 δὲ
2655 3205 2744 3258 καὶ
2798 3210 2906 3259 τῶν
2962 3204 3239 3262 Ἰουδαίων
3300 3206 3520 3285 δωρεῶν
3568 3208 3802 3287 ἐπαγγε-

381 3297 492 3352 bus
523 3301 701 3367 atque
752 3294 1221 3351 exhibitionibus
1252 3295 1460 3350 1042
1510 3299 1569 3348 et
1598 3293 1773 3349 donis
1805 3293 1879 3347 ad
1930 3293 2036 3347 ba-

380 3387 667 3458 ptismum
696 3386 923 3441 allexit.
958 3385 1348 3457 Bulgarorum
1380 3390 1639 3454 gentem,
1665 3400 1796 3453 qua;
1829 3398 2039 3437 recens

383 3476 781 3531 Christianam
812 3477 1098 3547 pietatem
1152 3475 1430 3547 amplexa
1476 3479 1623 3542 erat,
1673 3473 1873 3528 missis
1922 3473 2035 3543 piis

376 3565 687 3620 monachis
717 3570 777 3619 et
804 3563 1217 3619 sacerdotibus
1241 3563 1459 3616 virtute
1488 3559 1821 3632 insignibus
1844 3560 1905 3614 in
1924 3559 2037 3613 ﬁde

381 3653 776 3709 conﬁrmavit.
808 3654 1026 3707 Rossos
1059 3652 1247 3723 pactis
1275 3650 1624 3722 compositis
1655 3649 1728 3705 ad
1760 3648 2037 3703 salutaris

384 3742 666 3813 baptismi
700 3742 1192 3796 communitatem
1225 3740 1535 3812 pertraxit,
1570 3739 1760 3809 iisque
1804 3738 2039 3810 pontiﬁ-

384 3849 518 3886 cum
550 3831 883 3903 principem
917 3831 1096 3885 misit.
1119 3831 1325 3902 Operaa
1357 3828 1615 3901 pretium
1647 3834 1737 3883 est
1765 3828 1877 3883 hoc
1907 3827 2035 3883 loco

382 3920 738 3975 miraculum
758 3918 1169 3989 referre,quod
1198 3935 1266 3973 eo
1290 3917 1510 3973 missus
1537 3916 1807 3988 pontifex
1830 3914 2034 3970 edidit.

381 4009 665 4081 Princeps
697 4009 825 4080 ejus
854 4008 1046 4081 gentis
1079 4025 1145 4063 ac
1176 4024 1453 4079 proceres
1485 4011 1545 4061 et
1594 4005 1908 4060 universus
1939 4021 2039 4075 po-

379 4099 556 4170 pulus
584 4099 736 4154 falsa
764 4098 1049 4167 religione
1083 4098 1276 4153 adhuc
1307 4096 1554 4163 detenti,
1579 4112 1712 4150 cum
1742 4093 2040 4149 delibera—

386 4194 519 4243 rent
546 4204 693 4243 eane
740 4187 1055 4243 retinenda
1084 4203 1161 4242 an
1209 4203 1343 4241 vero
1376 4185 1728 4240 Christianae
1772 4182 1912 4238 fidei
1943 4200 2034 4238 ar-

380 4278 716 4335 cedendum
739 4278 998 4346 esset,ad
1022 4295 1085 4334 se
1111 4278 1359 4333 missum
1382 4276 1727 4348 pontificem
1756 4275 1818 4329 in
1845 4274 2041 4330 conci-

388 4367 535 4422 lium
566 4367 890 4432 advocant;
925 4384 1182 4438 eumque
1215 4367 1494 4437 princeps
1516 4365 1843 4433 interrogat
1874 4362 2041 4434 quid-

382 4473 523 4513 nam
554 4457 641 4512 rei
675 4463 829 4513 esset
861 4455 1021 4527 quod
1051 4456 1433 4528 profiteretur
1465 4458 1522 4509 et
1553 4454 1712 4525 ipsos
1757 4453 2038 4507 docturus

381 4552 557 4603 esset.
591 4547 822 4601 Profert
870 4547 1183 4617 episcopus
1232 4561 1469 4599 sacrum
1521 4543 1700 4598 divini
1755 4540 2038 4614 evangelii

378 4636 625 4696 librum.
658 4642 718 4690 et
750 4634 1025 4706 quaadam
1060 4634 1350 4689 miracula
1383 4632 1628 4705 exponit
1658 4649 1693 4686 a
1722 4633 1864 4699 Deo,
1898 4630 2040 4685 dum

380 4725 430 4779 is
461 4725 521 4779 in
555 4725 820 4780 humana
847 4730 1064 4780 natura
1098 4730 1286 4779 terras
1317 4722 1463 4785 obit,
1483 4721 1662 4777 edita.
1703 4722 1782 4775 [bi
1816 4723 2035 4775 Rossus

380 4830 596 4887 negare
625 4830 687 4869 se
719 4819 821 4869 aut
850 4830 986 4868 suos
1016 4813 1128 4884 ipsi
1146 4813 1323 4867 fidem
1355 4811 1479 4866 ullo
1502 4810 1677 4867 modo
1705 4810 2033 4877 habituros,

380 4905 495 4959 nisi
530 4903 759 4974 aliquid
790 4904 1026 4968 horum,
1059 4902 1391 4974 praisertim
1433 4906 1798 4957 servatorum
1831 4900 1895 4955 in
1927 4899 2035 4954 lla-

376 4994 570 5065 granti
605 4994 844 5048 camino
870 4993 1050 5047 trium
1100 5008 1446 5063 puerorum,
1482 4990 1677 5046 simile
1724 4989 2034 5044 vidissent.

378 5083 469 5138 Ad
522 5084 649 5138 haec
699 5082 988 5155 pontifex,
1025 5081 1215 5137 fidens
1247 5081 1436 5136 veraci
1473 5081 1601 5153 ejus
1632 5078 1894 5135 sermoni
1936 5076 2037 5147 qui

379 5172 502 5227 suis
525 5171 755 5226 dixerat
784 5171 908 5226 fore
938 5174 1004 5225 ut
1034 5169 1326 5241 quidquid
1350 5175 1594 5240 propter
1624 5168 1819 5238 ipsum
1841 5170 2013 5237 postu

376 5259 604 5316 lassent
652 5261 1066 5331 impetrarent,
1122 5265 1177 5314 et
1228 5258 1326 5329 qui
1379 5258 1490 5329 ipsi
1538 5256 1717 5312 ﬁdem
1769 5256 2037 5322 haberet,

378 5348 563 5420 ipsius
582 5365 821 5420 quoque
846 5364 1031 5419 opera
1060 5346 1253 5418 iisque
1284 5347 1512 5418 majora
1540 5344 2039 5413 editurum,Tam—

379 5439 512 5505 etsi,
539 5437 761 5507 inquit,
788 5438 976 5493 Deum
1003 5440 1233 5491 tentare
1261 5437 1348 5491 fas
1380 5452 1500 5490 non
1533 5439 1641 5499 est,
1660 5438 1861 5488 tamen
1890 5432 1937 5486 si
1970 5449 2041 5487 ex

381 5526 580 5581 animo
615 5527 906 5581 statuistis
938 5526 1011 5582 ad
1046 5527 1229 5580 Deum
1266 5542 1366 5579 vos
1403 5524 1696 5591 conferre,
1747 5521 2040 5593 postulate

381 5616 589 5669 1043
625 5615 784 5682 quod
817 5616 1013 5683 vultis,
1048 5620 1106 5670 et
1134 5616 1182 5669 is
1215 5615 1459 5669 omnino
1486 5613 1541 5667 id
1577 5610 1881 5684 praestabit
1910 5627 2042 5681 pro-

382 5710 515 5775 pter
545 5703 728 5758 fidem
757 5710 1037 5773 vestram,
1066 5722 1411 5777 quanquam
1430 5722 1539 5760 nos
1566 5703 1799 5759 minimi
1833 5717 2039 5757 sumus

2144 3287 2293 3351 λίαις
2323 3292 2413 3345 καὶ
2469 3287 2647 3345 δόσεσι
2703 3293 2791 3347 καὶ
2836 3290 3026 3368 δώρων
3085 3295 3457 3373 ἀνταλλαγαῖς
3506 3301 3603 3353 τοῦ
3655 3299 3802 3354 θείου

2142 3377 2442 3449 κατηξίωσε
2497 3378 2891 3453 βαπτίσματος.
2955 3384 3057 3439 Καὶ
3104 3387 3167 3440 τὸ
3215 3390 3321 3441 τῶν
3372 3384 3708 3464 Βουλγᾶρων
3744 3386 3803 3443 δὲ

2142 3465 2294 3542 γένος
2344 3467 2640 3550 ἀρτιπαγὲς
2685 3469 2742 3522 ὃν
2793 3470 2929 3544 πρὸς
2988 3468 3290 3535 θεοσέϐειαν
3344 3479 3602 3550 μοναχῶν
3661 3475 3797 3531 ἀπο-

2143 3554 2315 3627 στολῇ
2350 3548 2598 3610 εὐλαϐῶν
2629 3556 2718 3610 καὶ
2751 3558 2937 3632 ἱερέων
2992 3562 3157 3636 ἄρετῇ
3207 3548 3642 3638 κεκοσμημένων
3676 3561 3795 3621 ἐϐε-

2143 3638 2348 3698 ϐαίωσε
2393 3643 2531 3717 πρὸς
2585 3646 2684 3714 τὴν
2752 3647 2953 3704 πίστιν.
3019 3650 3115 3704 Καὶ
3167 3657 3283 3714 τοῖς
3317 3653 3453 3716 Ῥὼς
3486 3649 3542 3708 δὲ
3583 3649 3801 3725 συμϐά-

2145 3751 2255 3794 σεις
2288 3730 2512 3805 θέμενος
2561 3731 2614 3787 ἐν
2668 3740 2884 3810 μετοχῇ
2935 3737 3178 3814 γενέσθαί
3221 3744 3316 3795 τοῦ
3370 3742 3646 3816 σωτηρίου
3698 3743 3770 3813 βα

2141 3820 2447 3894 πείσματος
2501 3819 2701 3884 αἶ’τινος
2784 3827 3010 3901 γέγονε,
3078 3831 3417 3908 πεμφθέντος
3472 3830 3660 3891 αὐτοῖς
3706 3831 3799 3885 καὶ

2142 3910 2469 3987 ἀρχιερέως.
2522 3912 2682 3969 Ἀλλ’
2741 3916 2887 3987 ἄξιον
2947 3914 3310 3993 διηγήσασθαι
3366 3921 3453 3975 καὶ
3484 3923 3545 3976 τὸ
3574 3922 3798 3996 γεγονὸς

2143 4005 2324 4074 θαῦμα
2376 4003 2521 4077 παρὰ
2564 4008 2661 4058 τοῦ
2719 4005 3020 4081 ἀρχιερέως
3076 4014 3173 4065 τοῦ
3217 4012 3554 4089 πεμφθέντος
3603 4011 3797 4068 ἐκεῖσε.

2142 4092 2266 4145 "En
2327 4091 2433 4166 γὰρ
2490 4096 2558 4166 τῇ
2627 4089 3032 4169 δεισιδαιμονίᾳ
3083 4100 3454 4177 κατεχόμενος
3488 4099 3653 4163 αὐτός
3679 4120 3738 4156 τε
3770 4102 3798 4155 ὁ

2145 4176 2336 4254 ἄρχων
2403 4179 2491 4233 καὶ
2516 4181 2567 4233 οἱ
2617 4188 2930 4257 μεγιστᾶνες
2978 4185 3149 4242 αὐτοῦ
3201 4176 3291 4243 καὶ
3339 4189 3401 4244 τὸ
3458 4186 3596 4244 ἅπαν
3625 4183 3798 4260 ἔθνος,

2141 4268 2650 4342 κατασκοπούμενοι
2718 4273 2844 4348 περί
2908 4295 2969 4330 τε
3017 4278 3118 4341 τῆς
3180 4278 3374 4348 πρώην
3430 4276 3605 4333 αὐτῶν
3662 4280 3801 4353 θρη-

2143 4357 2326 4420 σκείας
2357 4357 2448 4413 καὶ
2488 4364 2589 4428 τῆς
2642 4364 2749 4415 τῶν
2804 4363 3142 4437 Χριστιανῶν
3192 4365 3456 4437 πίστεως,
3485 4366 3800 4423 εἷσκαλοῦσι

2143 4446 2234 4501 τὸν
2296 4444 2419 4521 ἄρτι
2477 4448 2614 4523 πρὸς
2675 4449 2875 4513 αὐτοὺς
2944 4455 3285 4530 φοιτήσαντα
3343 4455 3620 4531 ἀρχιερέα·
3681 4456 3799 4511 ’ὀνό

2144 4532 2332 4611 ἅρχων
2368 4535 2629 4611 ἐπηρώτα
2665 4559 2786 4593 τινα
2831 4540 2897 4595 τὰ
2946 4544 3071 4616 παρ’
3103 4542 3267 4598 αὑτοῦ
3315 4543 3801 4619 καταγγελλόμενα

2143 4626 2231 4679 καὶ
2267 4626 2453 4687 αὐτοῖς
2508 4622 2852 4691 διδάσκεσθαι
2914 4629 3209 4703 μέλλοντα.
3267 4631 3374 4689 Τοῖ’)
3430 4629 3486 4686 δὲ
3516 4633 3615 4701 τήν
3649 4633 3799 4706 ἱερὰν

2143 4717 2241 4768 τοῦ
2273 4714 2417 4768 θείου
2468 4712 2809 4789 Εὗαγγελίου
2841 4719 3222 4794 προτείναντος
3275 4717 3490 4797 βίϐλον,
3540 4720 3631 4775 καί
3679 4742 3801 4776 τινα

2145 4805 2390 4877 θαύματα
2456 4803 2829 4882 ἐξηγουμένου
2884 4813 2992 4864 τῶν
3035 4811 3138 4866 ὑπὸ
3199 4815 3294 4867 τοῦ
3344 4816 3477 4867 Θεοῦ
3517 4811 3569 4866 ἐν
3600 4815 3668 4885 τῇ
3711 4811 3797 4866 ἂν·

2147 4891 2389 4968 θρωπίνῃ
2461 4892 2731 4968 ἐπιδημία
2786 4903 3373 4976 τερατουργηθὲντων,
3434 4927 3462 4953 ‹‹
3516 4903 3580 4958 Εἰ
3636 4903 3712 4975 μή
3745 4922 3799 4955 τι

2145 4986 2251 5037 τῶν
2303 4981 2512 5056 ὅμοίων
2557 4983 2620 5038 τὸ
2669 4983 2921 5055 πλῆθος,
2973 4984 3074 5068 ἔφη
3103 5034 3115 5057 ,
3175 4995 3283 5045 τῶν
3332 4991 3465 5052 Ῥὼς
3516 4991 3606 5046 καὶ
3637 4992 3801 5062 ἡμεῖς

2149 5071 2473 5143 θεασόμεθα,
2513 5071 2604 5125 καὶ
2641 5071 2879 5144 μάλιστα
2929 5076 3122 5133 ὁποῖον
3172 5076 3353 5154 λέγεις
3407 5076 3459 5134 ἐν
3490 5083 3556 5151 τῇ
3588 5077 3802 5151 καμίνῳ

2147 5163 2254 5215 τῶν
2287 5163 2452 5232 τριῶν
2513 5157 2723 5215 παίδων
2763 5165 3029 5239 γενέσθαι,
3081 5167 3184 5222 οὐκ
3242 5169 3305 5222 ἄν
3354 5188 3438 5222 σοι
3473 5164 3678 5245 ῥᾳδίως
3703 5188 3798 5221 πι-

2151 5249 2481 5321 στεύσωμεν.
2518 5272 2544 5299 n
2578 5250 2641 5307 Ὁ
2701 5247 2759 5304 δὲ
2785 5255 2865 5323 τῷ
2922 5253 3145 5327 ἀψευδεῖ
3191 5257 3479 5319 πιστεύσας
3521 5254 3670 5331 λόγῳ
3697 5259 3797 5310 τοῦ

2150 5339 2414 5406 εἰπόντος,
2450 5358 2535 5393 οτι
2572 5339 2667 5396 «Ὀ
2696 5338 2757 5395 ἄν
2792 5339 3053 5415 αῗτῆσητε
3077 5343 3127 5399 ἐν
3158 5350 3237 5417 τῷ
3270 5346 3501 5419 ὀνόματί
3537 5366 3667 5419 μου,
3694 5344 3799 5414 λή-

2149 5430 2330 5503 ψεσθε,
2361 5427 2451 5482 καῖ
2482 5429 2510 5481 ὁ
2550 5431 2822 5485 πιστεύων
2882 5433 2959 5495 εἰς
3009 5432 3109 5506 ἐμὲ
3165 5434 3231 5489 τὰ
3286 5429 3420 5513 ἔργα
3458 5435 3492 5490 ἃ
3517 5434 3629 5509 ἐγὼ
3659 5438 3805 5488 ποιῶ

2150 5520 2398 5580 κάκεῖνος
2427 5520 2647 5587 ποιήσει
2687 5520 2775 5574 καὶ
2825 5522 3047 5591 μείζονα
3092 5523 3300 5579 τούτων
3349 5527 3592 5595 ποιήσει,
3628 5547 3656 5575 ››
3698 5522 3802 5601 ἔφη

2150 5607 2285 5682 πρὸς
2317 5605 2531 5668 αὐτούς’
2567 5632 2595 5658 ‹‹
2628 5608 2693 5664 Εἰ
2723 5609 2811 5663 καὶ
2848 5612 2924 5683 μὴ
2980 5610 3183 5682 *ἔξεστιν
3240 5614 3573 5689 ἐκπειράζειν
3609 5611 3802 5685 Κύριον

2154 5697 2244 5753 τὸν
2275 5696 2422 5770 Θεὸν,
2457 5694 2613 5767 ὅμως
2662 5695 2708 5753 εἰ
2757 5696 2817 5753 ἐκ
2864 5702 3052 5776 ψυχῆς
3100 5700 3431 5777 διεγνώκατε
3480 5700 3805 5778 προσελθεῖν
