4184 6422
279 484 308 544 1
327 430 435 542 l33

1376 472 1914 539 HISTORIARUM
1959 468 2499 534 COMPENDIUM.

3537 476 3696 541 H34

276 608 398 669 λεία
428 614 565 687 πρὸς
604 614 778 692 ὀργὴν
831 614 969 672 κατᾶ
1025 617 1124 670 τοῦ
1181 613 1302 669 υἱοῦ
1360 608 1718 681 διανίσταται,
1749 606 1839 664 καὶ
1867 605 1921 663 ’ὲν

2043 641 2114 681 ex
2144 640 2212 681 eo
2234 624 2468 697 lapsum
2502 629 2591 680 est
2648 594 2963 697 temporis,
2987 626 3177 685 donec
3199 629 3399 686 1047
3454 629 3697 689 tandem

271 723 380 758 τινι
430 708 539 760 τῶν
603 703 899 780 βασιλείων
961 703 1144 763 οἷ’κων.
1208 706 1293 779 [Ρ.
1328 704 1454 777 591]
1484 702 1544 763 ὃς
1581 697 1925 777 μαργαρίτης

271 796 749 869 κατονομάζεται,
802 794 1111 873 ἔμφρουρον
1161 798 1351 850 τοῦτον
1400 792 1718 863 πεποίηκεν,
1764 787 1924 866 ἀφαι-

277 889 446 960 ρεῖται
480 881 538 941 δὲ
594 886 680 941 καὶ
741 887 809 940 τά
864 892 966 956 τῆς
1027 882 1307 961 βασιλείας
1372 882 1672 958 παράσημα
1727 888 1921 952 Διηρε-

275 974 451 1045 Θίζετο
484 971 543 1030 δὶ
572 976 721 1050 παρά
762 979 861 1031 τοῦ
893 969 1319 1053 Σανδαϐαρὴηνοῦ
1383 973 1474 1028 καὶ
1527 971 1656 1035 τοὺς
1684 969 1925 1048 λύχνους

279 1060 579 1121 ἀποσϐέσαι
636 1069 745 1120 τῶν
802 1062 1100 1142 ὀφθαλμῶν
1155 1062 1339 1121 αὐτοῦ.
1374 1060 1550 1120 Ἀλλὰ
1607 1066 1771 1117 τοῦτο
1833 1060 1928 1134 μὲν

278 1153 531 1227 ἐκωλύθη
566 1161 797 1226 ποιῆσαι
850 1154 955 1211 ὑπὸ
1003 1158 1100 1210 τοῦ
1146 1154 1495 1229 πατριάρχου
1532 1150 1621 1206 καὶ
1660 1157 1760 1221 τῆς
1793 1170 1927 1226 συγ-

277 1241 491 1314 κλήτου
552 1243 761 1321 βουλῆς
813 1252 913 1315 τῆς
972 1244 1192 1321 εἱρκτῆς
1253 1241 1311 1299 δὲ
1367 1242 1522 1316 ὅμως
1573 1240 1723 1319 εἶχεν
1753 1238 1924 1300 ἐντός.

277 1332 488 1407 Χρόνου
516 1330 575 1390 δὲ
618 1332 1066 1408 παραδραμόντος
1113 1337 1340 1409 συχνοῦ,
1382 1330 1471 1388 καὶ
1520 1328 1793 1393 πολλάκις
1822 1334 1925 1397 τῆς

278 1420 593 1499 συγκλήτου
637 1423 1008 1501 βουληθείσης
1042 1417 1561 1500 διαπρεσϐεύσασθαι
1622 1421 1742 1495 περὶ
1792 1418 1930 1475 τού-

271 1533 370 1569 του
400 1514 491 1569 καὶ
520 1514 640 1568 κατ’
672 1511 852 1585 ἄλλην
882 1514 974 1569 καί
1013 1511 1197 1585 ἄλλην
1250 1511 1430 1567 αἰτίαν
1461 1507 1650 1572 ἄλλως
1683 1509 1772 1564 καὶ
1823 1506 1929 1565 ἄλ-

275 1600 389 1668 λως
438 1601 801 1678 κωλυομένης
831 1648 847 1675 ,
901 1603 1175 1684 πρόφασις
1230 1599 1442 1659 δίδοται
1499 1601 1749 1676 εὔλογος.
1782 1599 1833 1670 ἐξ
1858 1602 1928 1669 ἧς

272 1688 642 1767 ὠδηγήθησαν
714 1692 793 1757 εἷς
847 1693 910 1748 τὸ
969 1691 1267 1748 καταλῦσαι
1332 1690 1399 1745 τὰ
1461 1685 1874 1761 σπουδαζόμενα
1910 1731 1924 1745 .

269 1784 416 1837 Ζῶον
452 1781 521 1852 ἦν
553 1804 606 1840 τι
638 1784 845 1855 πτηνὸν
887 1781 938 1838 ἐν
970 1778 1177 1855 κλωϐᾦ
1207 1781 1343 1837 κατὰ
1387 1781 1456 1835 τά
1509 1778 1761 1855 βασίλεια
1790 1779 1928 1835 αἰω-

272 1868 536 1944 ρούμενον
582 1872 719 1948 πρὸς
772 1871 890 1938 θέαν
955 1870 1049 1928 καὶ
1105 1872 1295 1947 τὲρψιν
1351 1874 1460 1928 τῶν
1515 1869 1802 1942 θεωμένων
1834 1867 1925 1923 καὶ

2038 719 2249 782 senatu
2273 729 2683 785 saepenumero
2707 731 2813 785 pro
2837 715 3028 771 Leone
3053 716 3422 774 intercedere
3454 725 3692 792 conato,

2037 802 2291 874 aliisque
2323 808 2501 875 atque
2533 802 2670 858 aliis
2729 804 2803 859 de
2863 805 3057 861 causis
3119 806 3426 879 impedito,
3463 811 3703 868 tandem

2036 893 2323 965 propositi
2347 894 2713 964 exsequendi
2735 894 2869 948 talis
2882 909 3009 949 sese
3027 895 3242 950 obtulit
3258 902 3694 969 opportunitas.

2036 984 2102 1037 In
2129 982 2347 1054 palatio
2373 983 2494 1037 avis
2525 982 2796 1053 quwdam
2821 983 3100 1039 humana:
3121 986 3280 1040 vocis
3318 987 3693 1062 aliarumque

2037 1072 2351 1140 imitatrix,
2377 1072 2616 1128 nomine
2633 1072 2941 1143 psittacus,
2976 1074 3035 1128 in
3058 1091 3236 1130 cavea
3266 1092 3557 1147 suspensa
3588 1078 3694 1135 de-

2036 1157 2230 1230 gebat,
2264 1166 2329 1213 ut
2386 1163 2747 1229 spectatores
2786 1164 2964 1230 atque
3009 1160 3311 1217 auditores
3343 1162 3687 1221 oblectaret.

2037 1249 2119 1302 Ea
2147 1248 2269 1303 avis
2309 1247 2429 1302 sive
2462 1247 2706 1304 fortuito
2742 1248 2861 1304 sive
2894 1249 2976 1305 ita
3005 1266 3039 1305 a
3069 1248 3329 1321 quodam
3360 1252 3557 1322 docta,
3588 1271 3686 1311 vo-

2039 1337 2273 1392 ciferari
2297 1336 2527 1393 solebat
2559 1355 2572 1393 :
2613 1339 2739 1393 Heu
2771 1338 2907 1403 heu,
2942 1339 3183 1395 domine
3229 1341 3363 1396 Leo.
3424 1343 3691 1409 Quodam

2038 1429 2306 1498 tempore
2337 1442 2473 1481 cum
2496 1425 2571 1482 ad
2616 1428 2948 1484 convivium
3002 1429 3330 1501 imperator
3386 1439 3692 1490 senatores

2038 1516 2371 1587 praecipuos
2403 1524 2944 1589 vocasset,eamque
2968 1536 3170 1575 vocem
3191 1522 3310 1577 avis
3338 1522 3689 1594 smpiuscule

2037 1605 2551 1666 ederet.mcrstitia
2570 1606 2779 1662 oborta
2801 1608 3057 1663 convivae
3080 1609 3209 1665 cibo
3227 1616 3490 1683 potuque
3512 1612 3690 1670 omis-

2038 1709 2102 1747 so
2135 1692 2518 1765 cogitabundi
2551 1694 3197 1767 assederunt.Cumque
3224 1696 3283 1751 id
3308 1698 3691 1755 animadver-

2038 1788 2168 1857 tens
2217 1784 2544 1854 im1eralor
2576 1800 2818 1840 causam
2851 1786 2936 1840 rei
2996 1787 3387 1858 perquireret,
3413 1789 3454 1843 ii
3485 1789 3691 1846 oculos

2036 1872 2315 1945 lacrymis
2346 1873 2591 1945 Oppleti,
2624 1896 2651 1923 «
2686 1874 3690 1949 Qui,inquiunt,imperator,cibum

269 1956 580 2017 ἀκουόντων
611 1962 896 2037 (ψιττακὸς
945 1960 1121 2036 ὄνομα
1173 1964 1253 2033 τῷ
1312 1960 1486 2055 ζώω),
1542 1956 1793 2055 μιμηλυὸν
1828 1958 1919 2055 καὶ

2035 1964 2242 2035 capian
2271 1980 2509 2027 us,voee
2541 1964 2746 2019 bestiae
2769 1964 2951 2037 hujus
2981 1965 3277 2038 objurgati
3321 1983 3431 2023 nos
3462 1969 3562 2040 qui
3594 1986 3687 2027 ra-

268 2045 599 2127 πολόιρωνον
651 2050 783 2128 ὅπερ
827 2050 933 2108 εἷ’τε
988 2049 1126 2126 πρός
1184 2071 1347 2106 τινων
1401 2046 1657 2127 διδαχθὲν
1691 2046 1919 2104 εἴτ’ἄλ-

273 2135 388 2200 λως
410 2160 528 2203 πως
550 2140 600 2212 ἐξ
615 2140 925 2216 αὐτομάτου
945 2140 1243 2211 πολλάκις,
1266 2164 1295 2192 ‹‹
1320 2138 1415 2210 Αἲ,
1431 2137 1508 2210 αἲ,
1531 2138 1686 2214 κύριε
1708 2136 1864 2206 Λέον,
1891 2160 1920 2190 ››

271 2222 585 2304 ἐφθέγγετο.
645 2231 904 2310 Εύωχίας
956 2228 1012 2286 δὲ
1039 2250 1175 2286 ποτε
1228 2225 1563 2301 τελουμένης
1590 2230 1671 2299 τῷ
1706 2224 1922 2303 βασιλεῖ

267 2316 355 2371 καὶ
392 2322 500 2374 τῶν
551 2322 783 2396 πρώτων
841 2328 943 2388 τῆς
1006 2318 1213 2396 βουλῆς
1276 2316 1715 2390 συνεστιωμένων
1749 2314 1919 2387 αὐτῷ,

269 2407 486 2463 καὶτοῦ
541 2407 755 2485 ὄρνιθος
819 2411 1092 2474 πολλάκις
1152 2408 1522 2487 φθεγγομένου
1576 2407 1639 2461 τὸ
1682 2403 1924 2480 προβρη·

270 2494 356 2559 οὶν
388 2541 402 2567 ,
458 2497 940 2575 ἐπιστυγνάσαντες
1007 2501 1060 2555 υἱ
1110 2496 1431 2572 δαιτυμόνες
1497 2500 1597 2563 τῆς
1679 2495 1919 2571 εὐωχίας

262 2583 562 2646 ἐπαύσαντο
592 2592 682 2647 καὶ
744 2591 831 2647 ἐπὶ
890 2591 1132 2654 συννοίας
1191 2590 1474 2661 ἐκάθηντο·
1537 2588 1726 2659 οἷσπερ
1756 2607 1922 2662 πΡ⁰σ⁶

261 2676 414 2751 σχὼν
446 2678 476 2733 ὁ
511 2679 773 2755 βασιλεὺς
830 2682 930 2751 τὴν
993 2681 1170 2738 αἰτίαν
1211 2684 1312 2747 τῆς
1360 2679 1582 2754 ἀποχῆς
1632 2681 1741 2734 τῶν
1778 2677 1918 2753 βρω-

264 2766 451 2838 μάτων
483 2766 740 2846 ἐπήρετο.
783 2772 851 2829 Οἱ
901 2769 959 2827 δὲ
1012 2768 1259 2845 δακρύων
1321 2767 1759 2839 ὑποπλησθὲντες
1788 2767 1918 2828 τοὺς

267 2853 614 2930 ὄφθαλμοὸς,
645 2885 673 2914 ‹‹
710 2861 862 2919 Τίνα.
896 2857 941 2916 ὥ
973 2860 1229 2926 δέσποτα,
1261 2862 1440 2927 εἷπον,
1476 2858 1686 2934 βηῶσιν
1719 2854 1915 2935 φαγού-

271 2957 431 3019 μιθα,
463 2951 639 3016 οὕτως
668 2951 771 3008 ὑπὺ
803 2959 905 3022 τῆς
936 2953 1120 3029 φωνῆς
1165 2954 1263 3005 τοῦ
1294 2949 1497 3023 ἀλόγου
1548 2947 1745 3003 τούτου
1778 2948 1913 3003 ὀνειο

267 3045 570 3121 διζόμενοι,
622 3040 911 3102 δοκοῦντες
966 3043 1134 3115 ἡμεῖς
1188 3037 1406 3115 λογικοί
1450 3058 1506 3092 τε
1548 3037 1640 3092 καὶ
1687 3034 1909 3114 φιλοδέ.

268 3153 511 3205 σποτοι;
557 3130 641 3190 ὅτι
701 3132 831 3188 αὐτὸ
867 3132 961 3205 μὲν
1018 3130 1082 3186 τὸ
1134 3127 1338 3205 ἄλογον
1401 3132 1538 3197 ζῶον
1589 3127 1682 3182 τὸν
1712 3126 1912 3181 οἰκεῖον

266 3223 616 3284 ἀνακαλεῖται
685 3220 971 3291 δεσπότην,
1048 3222 1211 3293 ἡμεῖς
1271 3216 1329 3273 δὲ
1374 3221 1682 3293 τρυφῶντες
1733 3213 1911 3286 λήθην

262 3321 361 3374 τοῦ
422 3311 592 3389 μηδὲν
652 3309 1014 3382 ἀδικήσαντος
1073 3304 1346 3382 ἐλάϐομεν
1379 3305 1664 3364 δεσπότου.
1711 3305 1770 3363 Εἰ
1814 3307 1912 3378 μὲν

2030 2053 2218 2108 ῐὶοῑιιε
2249 2060 2552 2125 compotes
2584 2060 2641 2109 et
2669 2054 3051 2111 dominorum
3076 2056 3327 2112 studiosi
3361 2058 3691 2116 credimur?

2030 2141 2210 2199 Bruta
2233 2142 2358 2198 hmo
2410 2143 2532 2199 avis
2594 2144 2821 2199 domini
2880 2145 2970 2200 sui
3003 2162 3224 2201 nomen
3248 2146 3526 2204 invocat:
3578 2167 3685 2207 nos

2029 2232 2193 2286 luxui
2216 2232 2403 2288 dediti
2436 2234 2740 2289 insontem
2758 2233 3043 2289 oblivioni
3066 2236 3684 2296 mandamus.Etenim

2032 2322 2079 2375 si
2100 2320 2454 2381 insidiarum
2478 2323 2629 2393 patri
2650 2328 3009 2379 structarum
3033 2325 3403 2382 convincitur
3423 2328 3687 2399 Leo,om-

2031 2429 2140 2468 nes
2161 2430 2271 2469 nos
2298 2413 2519 2469 nostris
2543 2431 2679 2469 eum
2703 2414 2979 2470 manibus
3007 2432 3218 2473 necare
3240 2417 3431 2489 parati
3456 2436 3683 2490 sumus,

2028 2518 2222 2574 neque
2253 2503 2493 2575 sanguis
2512 2504 2640 2574 ejus
2661 2504 2832 2559 nobis
2882 2505 3221 2561 saturandis
3253 2506 3528 2563 sufﬁciet.
3584 2509 3685 2564 Sin

2028 2591 2281 2647 crimina
2302 2591 2354 2647 ei
2378 2593 2675 2652 intentata
2703 2610 2823 2648 non
2855 2592 3330 2650 demonstrantui
3350 2613 3682 2669 ,quousque

2026 2680 2268 2737 tandem
2300 2682 2722 2737 calumniatrix
2753 2682 2956 2754 lingua
2986 2700 3123 2739 eum
3154 2685 3449 2756 opprimet
3474 2685 3501 2742 '?
3522 2688 3680 2756 ››Ηίε,

2024 2771 2220 2826 verbis
2252 2770 2630 2843 demitigatus
2660 2772 2987 2843 imperator
3016 2772 3173 2829 bono
3206 2774 3406 2830 animo
3440 2791 3566 2831 esse
3621 2777 3682 2833 in

2026 2859 2347 2930 praesentia
2377 2875 2477 2914 eos
2496 2859 2691 2931 jubet,
2726 2877 2909 2932 seque
2961 2878 3084 2918 rem
3119 2879 3275 2918 curm
3335 2863 3682 2923 habiturum

2023 2947 2339 3020 promittit.
2370 2948 2575 3004 1048
2605 2953 2685 3005 Ac
2714 2966 2837 3004 non
2867 2966 3082 3022 magno
3106 2958 3240 3023 post
3275 2954 3560 3024 temporis
3595 2955 3679 3010 in-

2025 3037 2370 3104 tervallo,ad
2405 3043 2679 3094 naturam
2707 3040 3261 3101 reversus,Leonem
3284 3058 3521 3099 carcere
3544 3043 3681 3101 edu-

2023 3134 2186 3184 ctum
2218 3128 2277 3183 in
2311 3134 2694 3200 conspectum
2727 3146 2899 3184 suum
2928 3130 3208 3198 admittit,
3236 3138 3460 3187 vestem
3509 3132 3682 3206 lugu-

2019 3218 2444 3287 bremtdemit,
2507 3235 2691 3274 comas
2750 3219 3072 3290 superflua,
3117 3237 3249 3292 quas
3300 3238 3408 3293 per
3454 3221 3683 3283 luctum

2030 3312 2359 3376 creverant,
2419 3308 2640 3363 auferri
2685 3307 2878 3377 jubet,
2916 3307 3387 3381 dignitatemque
3436 3312 3685 3368 Caesaris

268 3406 372 3484 γὰρ
424 3401 629 3460 ἀδικῶν
679 3399 963 3480 ἐλέγχεται
1011 3400 1102 3455 καὶ
1158 3400 1294 3455 κατὰ
1341 3402 1439 3453 τοῦ
1489 3398 1692 3470 πατρὸς
1732 3397 1918 3471 εὐτρεο

2034 3374 2354 3469 pristinam
2383 3396 2598 3452 reddit.

265 3481 428 3556 πίσας
485 3494 585 3561 τὴν
657 3488 853 3561 δεξιάν,
906 3489 1223 3566 αὐτόχειρες
1280 3490 1444 3561 ἡμεῖς
1500 3486 1695 3542 τούτου
1774 3485 2113 3562 γενησόμεθα
2206 3483 2425 3553 πάντες,
2504 3487 2601 3539 τοῦ
2659 3482 2889 3557 αἳματος
2942 3483 3107 3539 αὐτοῦ
3166 3485 3243 3554 μή
3306 3481 3686 3559 λαμϐάνοντες

262 3583 448 3658 κόρον.
487 3583 534 3639 ει
565 3579 614 3637 δ’
643 3579 726 3638 ἐφ’
757 3581 843 3641 οῖς
891 3577 1158 3649 ἐνεκλῆοη
1218 3576 1496 3652 διαφεύγει
1529 3576 1620 3632 τόν
1659 3573 1919 3654 ἔλεγχον,
1975 3575 2142 3650 μέχρι
2197 3575 2342 3637 τίνος
2402 3575 2437 3644 ἡ
2497 3573 2819 3652 συκοφάντις
2876 3572 3103 3652 γλῶσσα
3162 3576 3281 3629 κατ’
3333 3573 3495 3631 αὐτοῦ
3526 3573 3689 3631 δυνα-

266 3677 503 3747 μοῦταις
550 3668 923 3744 »Μαλαχθεὶς
972 3668 1067 3722 οὗν
1123 3672 1240 3729 τοῖς
1293 3667 1572 3728 τοιούτοις
1633 3664 1825 3740 λόγοις
1857 3666 1886 3720 ὁ
1920 3664 2180 3741 βασιλεὺς
2232 3662 2354 3718 τότε
2412 3663 2507 3738 μὲν
2565 3670 2893 3733 καθεσθῆναι
2950 3662 3167 3727 τούτοις
3220 3665 3685 3737 προσέταξε,σκο.

259 3770 432 3835 πῆσαι
492 3759 535 3817 δ’
587 3761 750 3823 αὐτὸς
806 3758 930 3832 περὶ
988 3760 1085 3812 τοῦ
1131 3757 1453 3832 πράγματος
1512 3753 1903 3829 ἐπηγγείλατο·
1973 3756 2091 3827 μετ’
2153 3752 2215 3809 οὐ
2280 3751 2430 3809 πολὺ
2482 3749 2538 3808 δὲ
2593 3752 2730 3827 πρὸς
2777 3752 2876 3821 τήν
2928 3753 3086 3830 φύσιν
3140 3751 3451 3811 ἐπανελθὼν
3511 3753 3686 3833 ἐξάγει

255 3875 318 3910 τε
346 3856 586 3931 φρουρᾶς
616 3851 707 3908 καὶ
767 3848 845 3911 εἲς
900 3843 1023 3923 ὄψιν
1083 3845 1201 3924 ἄγει
1257 3847 1350 3901 τὸν
1411 3847 1552 3917 υἱὸν,
1608 3845 1702 3900 καὶ
1757 3846 1858 3913 τήν
1914 3842 2179 3915 πένθιμον
2235 3839 2454 3915 ἀμείϐει
2514 3842 2742 3913 στολήν,
2801 3843 2888 3898 καὶ
2944 3843 3009 3899 τὸ
3065 3845 3315 3917 περιττὸν
3367 3848 3466 3910 τῆς
3519 3843 3572 3901 ἐν
3616 3850 3685 3922 τῇ

258 3927 410 4019 λύπη
441 3927 737 4017 τραφείσης
767 3938 948 4012 κόμης
976 3940 1270 4013 περιαιρεῖ,
1306 3934 1397 3990 καὶ
1421 3937 1523 4005 τὴν
1550 3933 1819 4009 προτέραν
1860 3938 1962 4003 τῆς
1995 3929 2279 4007 βασιλείας
2310 3931 2479 4002 τιμὴν
2508 3927 2864 3987 ἀποδίδωσιν.

330 4033 410 4091 Οὐ
442 4030 589 4087 πολὺ
638 4030 702 4085 τὸ
731 4027 784 4085 ἐν
822 4027 992 4102 μέσῳ.
1052 4027 1143 4082 καὶ
1192 4023 1471 4101 διαρροίας
1501 4025 1647 4097 νόσῳ
1695 4023 1919 4080 ἁλίσκε-

256 4142 375 4191 ται,
404 4118 665 4176 καὶκατὰ
715 4117 943 4193 μικκρὸν
988 4120 1059 4190 τῇ
1104 4114 1330 4189 τοιαύτῃ
1376 4111 1628 4186 τηκεδόνι
1678 4132 1918 4186 κατεμα-

263 4211 496 4285 ραίνετο.
528 4207 737 4270 Διαθεῖς
788 4204 833 4262 δ’
892 4206 966 4265 ὡς
1018 4202 1195 4261 ἐδόκει
1240 4204 1308 4260 τά
1356 4210 1456 4273 τῆς
1492 4200 1794 4278 βασιλείας,
1823 4201 1915 4255 καὶ

261 4300 358 4355 τὸν
390 4297 738 4375 κληρονόμον
764 4296 853 4351 καὶ
886 4292 1150 4371 διάδοχον
1198 4314 1473 4370 γνωριμον
1522 4293 1916 4364 ποιησάμενος,

263 4388 355 4444 τὸν
396 4388 509 4464 βίον
562 4384 817 4455 ἀπέλιπε,
877 4377 1319 4457 συμϐασιλεύσας
1368 4383 1464 4455 μὲν
1494 4386 1575 4454 τῷ
1614 4380 1721 4455 πρὸ
1752 4377 1917 4435 αξιτοῦ

264 4477 504 4558 Μιχαὴλ
536 4476 737 4553 χρόνον
788 4470 905 4544 ἕνα,
956 4472 1170 4548 ἑτέρους
1218 4470 1275 4527 δὲ
1324 4470 1473 4527 ἐννέα
1500 4472 1592 4526 καὶ
1625 4468 1752 4526 δέκα
1782 4466 1919 4549 χρό-

261 4586 389 4628 νους
419 4567 545 4643 περὶ
574 4567 674 4635 τὴν
714 4565 1089 4640 αὐτοκράτορα
1135 4571 1236 4633 τῆς
1287 4563 1569 4639 βασιλείας
1620 4559 1921 4637 διαπρέψας

261 4655 468 4738 ἀρχήν,
523 4653 844 4732 Διαδέχεται
892 4653 950 4710 3‘s
976 4656 1080 4725 τήν
1128 4652 1269 4725 ὃλην
1312 4659 1415 4723 τῆς
1462 4652 1706 4726 ἐξουσίας
1737 4650 1921 4731 ἀρχὴν

270 4746 425 4804 Λέων
458 4747 488 4803 ὁ
517 4748 638 4811 καθ’
669 4744 892 4817 ἠλικίαν
919 4748 1138 4817 πρῶτος
1162 4746 1271 4800 τῶν
1300 4742 1600 4816 περιόντων
1642 4742 1792 4797 υἱῶν.

2101 4020 2268 4077 Haud
2300 4020 2487 4077 multo
2529 4028 2663 4092 post
2693 4021 2946 4077 Basilius
2972 4021 3035 4077 in
3065 4022 3177 4078 alvi
3201 4023 3555 4095 proﬂuvium
3589 4026 3682 4082 in-

2029 4111 2211 4179 cidit;
2244 4128 2436 4182 eoque
2466 4110 2674 4166 morbo
2716 4111 3005 4183 paulatim
3064 4112 3512 4181 contabescens,
3546 4133 3683 4174 cum

2029 4219 2127 4257 res
2157 4201 2396 4273 imperii
2429 4217 2534 4272 pro
2586 4216 2694 4255 suo
2755 4200 3003 4255 arbitrio
3048 4202 3458 4259 constituisset
3495 4206 3688 4263 haere-

2033 4292 2288 4363 demque
2321 4295 2380 4346 et
2421 4306 2828 4346 successorem
2871 4307 3046 4347 suum
3088 4290 3471 4360 declarasset,
3524 4295 3685 4351 diem

2030 4381 2197 4438 obiit.
2225 4379 2540 4452 Imperavit
2559 4396 2694 4436 cum
2719 4380 3003 4436 Michaelo
3026 4397 3252 4438 annum
3282 4399 3494 4454 unum,
3528 4384 3690 4441 solus

2030 4469 2508 4542 unumdeviginti
2539 4485 2730 4523 annos
2789 4469 3107 4543 imperium
3168 4470 3451 4543 prmclare
3481 4474 3684 4548 gessit.

2032 4559 2329 4615 Successit
2385 4558 2439 4614 ei
2472 4559 2606 4625 Leo,
2638 4558 2899 4615 ﬁliorum
2960 4561 3349 4633 superstitum
3393 4563 3691 4621 maximus

2031 4652 2197 4705 natu.

334 4837 420 4909 [P.
452 4838 581 4910 593]
636 4836 786 4891 Λέων
816 4833 874 4889 δὲ
902 4837 1012 4890 τῶν
1043 4832 1189 4889 ὅλων
1218 4834 1509 4907 γενόμενος
1564 4830 1775 4907 κύριος,
1818 4833 1921 4885 τῶν

2111 4829 2224 4884 Leo
2252 4844 2489 4885 summa
2524 4845 2729 4885 rerum
2769 4828 2845 4885 ad
2903 4846 2965 4885 se
2999 4830 3294 4904 devoluta,
3354 4834 3526 4891 initio
3576 4851 3693 4893 cas-

262 4922 454 4985 ἆλλων
485 4928 594 4979 τῶν
656 4918 1135 4998 συμϐαλλομένων
1170 4926 1252 4996 τῷ
1298 4920 1663 4995 πολιτεύματι
1693 4919 1853 4995 όλίγα
1879 4918 1915 4989 ἢ

260 5016 329 5071 τὸ
359 5016 611 5091 παράπαν
657 5015 734 5088 μὴ
795 5012 1106 5091 φροντίσας,
1161 5017 1244 5086 τῷ
1299 5017 1460 5086 θυμῷ
1516 5008 1575 5067 δὲ
1632 5008 1918 5087 σφαδάζων

262 5104 357 5161 καί
383 5106 486 5175 τήν
518 5105 664 5179 παρὰ
712 5106 810 5159 τοῦ
870 5098 1294 5173 Σανδαϐαρηνοῦ
1349 5103 1466 5158 κατ’
1501 5104 1673 5157 αὐτοῦ
1728 5105 1918 5155 συστᾶ-

264 5214 361 5250 σαν
430 5192 726 5265 σκευωρίαν
812 5188 1040 5248 ἔναυλον
1123 5186 1294 5267 ἔχων,
1355 5190 1513 5255 εὐθὺς
1570 5188 1920 5260 διαναστῆναι

268 5280 444 5357 ἔκρινε
497 5282 638 5357 πρὸς
688 5278 990 5352 ἐκδίκησιν,
1049 5280 1639 5354 προκαταστησάμενος
1697 5278 1921 5355 εὐλογο-

266 5375 453 5447 φανεῖς
507 5370 729 5442 αίτίας,
793 5371 869 5432 ὡς
927 5369 987 5426 ἃν
1047 5366 1218 5441 δόξειε
1279 5370 1348 5425 τά
1400 5369 1749 5446 πραττόμενα
1807 5371 1925 5443 μετ’

273 5459 505 5535 εὐλόγου
556 5460 882 5535 πράττεσθαι
931 5458 1190 5540 ἀφορμῆς
1225 5502 1241 5529 ,
1295 5458 1385 5515 καὶ
1455 5459 1524 5515 τά
1579 5455 1817 5532 ἐμπόδια
1865 5456 1925 5514 ἐκ

263 5550 433 5628 μέσου
463 5553 757 5628 περιελὼν.
800 5548 981 5613 Εἰδὼς
1030 5551 1132 5627 γὰρ
1182 5552 1255 5613 ὡς
1296 5551 1396 5607 ούκ
1440 5549 1503 5606 ἄν
1552 5571 1603 5607 τι
1666 5546 1920 5618 δυνηθείη

263 5638 475 5722 φαῦλον
522 5638 818 5711 ἐνείξασθαι
872 5639 1011 5695 κατὰ
1060 5642 1158 5695 τοῦ
1218 5634 1661 5716 Σανδαϐαρηνοῦ,
1703 5638 1922 5694 Φωτίου

257 5731 353 5789 τὸν
408 5728 815 5808 πατριαρχικὸν
872 5727 1149 5793 ίθύνοντος
1223 5729 1439 5805 θρόνον.
1494 5730 1922 5808 (Προστήσεσθαι

268 5818 380 5902 γᾶρ
411 5817 582 5880 οὕτω
611 5819 989 5897 γενναιότερον
1016 5813 1107 5876 καὶ
1175 5814 1567 5898 ἀντιλήψοθαι
1622 5818 1949 5890 ὗπετόπυσε,

2027 4924 2292 4975 terorum
2324 4935 2456 4990 qua)
2486 4918 2561 4973 ad
2606 4935 2735 4975 rem
2790 4919 3092 4992 publicam
3149 4923 3534 4994 pertinebant
3584 4928 3689 4984 aut

2034 5006 2303 5077 exiguam
2338 5008 2441 5060 aut
2493 5003 2722 5060 nullam
2780 5021 2986 5063 curam
3036 5008 3239 5080 gessit,
3299 5008 3401 5065 sed
3448 5026 3569 5082 prae
3603 5009 3693 5067 ira

2033 5094 2406 5152 tumultuans
2438 5093 2807 5167 insidiasque
2839 5094 2901 5151 in
2932 5112 2993 5151 se
3024 5094 3429 5154 Sandabareni
3461 5099 3690 5156 recenti

2035 5183 2326 5241 memoria
2356 5183 2556 5240 animo
2597 5184 2917 5241 observans
2977 5186 3178 5243 statim
3231 5186 3303 5243 ad
3362 5187 3685 5263 exigendas

2034 5275 2106 5330 de
2138 5291 2207 5330 eo
2240 5290 2445 5346 poenas
2467 5290 2530 5330 se
2590 5275 2868 5343 accinxit,
2898 5291 3105 5353 causas
3154 5276 3216 5332 in
3272 5279 3535 5350 speciem
3582 5279 3689 5336 ho-

2032 5371 2233 5421 nestas
2263 5379 2333 5419 ac
2355 5362 2694 5434 probabiles
2711 5358 3064 5434 praeteiens.
3097 5372 3167 5423 ut
3193 5383 3325 5438 quas
3355 5367 3684 5440 agebantur

2033 5455 2235 5510 omnia
2261 5454 2491 5509 ratione
2521 5458 2686 5509 recta
2724 5453 2854 5508 fieri
2914 5460 3287 5526 putarentur,
3320 5463 3380 5511 et
3438 5457 3695 5529 impedi-

2034 5550 2238 5602 menta
2268 5541 2581 5598 amoliens.
2616 5541 2816 5599 Primo
2851 5544 3118 5600 omnium
3166 5544 3239 5603 de
3290 5546 3695 5604 submovenda

2034 5632 2246 5690 Pbotio
2278 5630 2617 5704 patriarcha
2660 5633 3002 5704 cogitatum,
3047 5633 3206 5704 quod
3236 5634 3349 5691 hoc
3378 5635 3696 5708 pontiﬁca—

2042 5727 2172 5781 tum
2204 5738 2377 5780 suum
2398 5719 2705 5779 obtinente
2727 5721 2977 5781 sentiret
2997 5721 3416 5795 Sandabareno
3448 5739 3512 5781 se
3539 5724 3699 5783 male

2059 5812 2256 5874 facere
2282 5825 2404 5870 non
2434 5821 2818 5888 posseauem
2847 5829 2883 5869 a
2910 5811 3122 5871 Photio
3143 5815 3362 5874 acriter
3382 5814 3702 5876 defensum
