4184 6428
340 434 506 545 ηδτ

1485 478 2042 545 HISTORIARUM
2087 483 2604 553 COMPENDIUM

3612 488 3775 551 1138

349 612 407 671 δὲ
436 615 632 672 τουτου
664 611 857 694 γέγονε
884 613 974 671 καὶ
1026 615 1054 669 6
1105 613 1236 677 ναὸς
1292 617 1389 670 τοῦ
1437 613 1629 693 ’Δγίου
1689 611 2002 669 ἀποστόλου

2117 621 2179 676 in
2209 622 2471 680 cinerem
2502 640 2572 681 ac
2602 624 2865 681 favillam
2896 624 3127 698 redegit
3156 641 3171 692 ;
3205 622 3366 696 quod
3396 633 3609 697 magno
3663 621 3772 680 de-

348 709 541 779 Θωμᾶ,
575 706 633 761 ὅν
657 706 995 783 τεφρωοέντα
1042 704 1132 760 καὶ
1190 702 1425 776 αἶθοὶλην
1484 706 1776 780 γενόμενον
1832 704 1861 759 6
1897 703 2006 780 βας

350 795 533 859 σιλευς
566 796 665 853 αὗθ
694 818 719 860 ς
762 795 1083 855 πολυτελῶς
1114 796 1467 853 ἀνεκαίνισεν.

423 885 676 962 ιιῖσήχυη
718 883 773 941 δὲ
804 886 892 941 καῖ
927 887 956 942 6
988 879 1404 957 Σανδαϐαρηνὸς
1437 884 1513 948 ἐς
1543 886 1641 955 τήν
1699 882 1884 952 πόλιν,
1915 884 2008 962 καί

351 959 603 1031 ὑπέθεντο
661 979 743 1048 τῷ
807 972 1025 1050 βασιλεῖ
1079 972 1334 1046 ’.ινδρὲας
1393 974 1422 1030 6
1480 972 1863 1050 στρατηλάτης
1918 959 2008 1029 καἰ

350 1067 625 1142 Στέφανος
663 1066 983 1141 μάγιστρος,
1018 1064 1072 1119 οἱ
1131 1063 1317 1121 πολλᾶ
1371 1065 1517 1139 παρᾶ
1569 1068 1669 1119 τοῦ
1725 1057 2008 1118 Σανδαὸα-

350 1159 523 1231 ρηνοῦ
552 1155 690 1230 πρὸς
725 1152 1008 1211 Βασίλειον
1043 1154 1135 1210 τὸν
1200 1152 1428 1232 βασιλέα
1485 1148 1893 1226 διαϐληθέντες.
1922 1149 2005 1223 ἐξ·

348 1244 617 1301 ιτοὶσαιτᾶ
646 1248 745 1312 τῆς
804 1245 1104 1321 γενομένης
1159 1246 1275 1301 κατ’
1331 1243 1497 1300 αὐτοῦ
1549 1248 1652 1301 τοῦ
1711 1237 2006 1319 βασιλέως,

344 1341 580 1415 γραφῆς.
618 1329 1033 1391 Διεϐεόαιοῦντο
1066 1331 1124 1390 δὲ
1176 1334 1269 1390 καὶ
1327 1330 1553 1389 δυνατὸν
1612 1332 1750 1389 εἶναι
1797 1331 2006 1406 ἐξελεγ-

346 1425 649 1505 χθῆναιὼς
684 1423 1017 1501 βουλόμενοι
1050 1423 1271 1488 Φώτιός
1316 1444 1377 1480 τε
1428 1426 1456 1480 6
1506 1423 1859 1500 πατριάρχης
1913 1420 2005 1477 καὶ

349 1514 508 1576 αὐτὸς
539 1514 567 1570 6
599 1509 1017 1590 Σανόαϐαρηνὸς
1043 1514 1162 1571 τινα
1185 1518 1296 1571 τῶν
1345 1518 1444 1569 τοῦ
1481 1512 1701 1568 Φωτίου
1733 1515 2001 1587 συγγενῶν

349 1604 425 1667 εἰς
465 1605 562 1675 τήν
622 1602 905 1679 βασιλείαν
962 1603 1249 1681 ἀναγαγεῖν
1301 1602 1364 1660 τὸ
1425 1600 1720 1676 μελιτηθὶν
1780 1602 2004 1677 ὑπεκρί-

347 1715 500 1750 ναντο
550 1691 753 1769 δρᾶμα.
809 1694 1151 1768 Πεμφοὲντες
1208 1694 1299 1750 οὖν
1352 1714 1491 1756 τινες
1533 1693 1669 1763 πρὸς
1726 1689 2002 1768 βασιλέως

348 1783 569 1860 ἀγαγεῖν
594 1783 688 1839 τόν
711 1803 769 1839 τε
801 1784 1015 1839 Φώτιον
1048 1784 1138 1838 καὶ
1167 1784 1259 1839 τὸν
1305 1777 1719 1858 Σανδαϐαρηνὸν
1776 1780 1828 1836 ἐν
1886 1787 2004 1844 τοῖς

348 1872 643 1937 παλατίοις
698 1878 805 1928 τῶν
865 1878 1065 1947 Πηγῶν
1125 1871 1537 1941 ἒκελείσθησαν.
1623 1869 1758 1943 ἰδίᾳ
1816 1869 2001 1944 μέντοι

2113 710 2251 767 inde
2278 712 2581 786 impendio
2610 715 2936 789 imperator
2965 712 3341 770 instauravit.

2181 894 2427 951 Interim
2458 895 2880 953 Sandabareno
2898 893 3458 965 Constantinopolin
3489 890 3770 961 adducto,

2110 984 2375 1041 Andreas
2401 986 2768 1042 exercituum
2800 985 2920 1042 dux
2973 991 3033 1042 et
3085 985 3421 1057 Stephanus
3466 982 3770 1056 magister,

2111 1090 2262 1145 quos
2292 1074 2749 1132 Sandabarenus
2784 1074 2942 1148 apud
2976 1074 3257 1130 Basilium
3292 1071 3495 1130 multis
3539 1071 3769 1128 calum-

2113 1163 2230 1220 niis
2254 1172 2542 1237 gravarat,
2580 1166 2757 1222 Leoni
2808 1164 3064 1222 suadent
3094 1170 3158 1220 ut
3217 1163 3289 1220 de
3344 1163 3599 1219 crimine
3655 1161 3772 1233 ipsi

2112 1253 2405 1310 intentato
2464 1255 2916 1327 inquisitionem
2969 1255 3291 1321 instituat;
3345 1252 3769 1324 affirmantque

2110 1342 2241 1398 ﬁeri
2271 1361 2445 1416 posse
2504 1350 2571 1400 ut
2626 1346 2806 1401 certis
2863 1345 3307 1401 demonstretur
3357 1342 3597 1400 indiciis
3651 1358 3771 1413 quo

2110 1439 2281 1506 pacto
2352 1434 2599 1492 Photius
2671 1435 3008 1509 patriarcha
3060 1441 3119 1492 et
3175 1432 3651 1497 Sandabarenus.
3705 1436 3774 1488 ut

2110 1522 2428 1596 quemdam
2486 1525 2680 1581 Photii
2730 1533 3046 1601 cognatum
3094 1523 3169 1581 ad
3214 1525 3411 1582 105I
3452 1521 3769 1594 imperium

2112 1614 2449 1677 eveherent,
2481 1614 2747 1671 fabulam
2799 1616 2976 1672 istam
3007 1612 3330 1671 commenti
3362 1612 3588 1670 fuerint
3639 1610 3769 1666 Mit-

2110 1708 2319 1759 tuntur
2347 1721 2486 1776 ergo
2516 1705 2589 1761 ah
2621 1705 2980 1777 imperatore
3040 1704 3141 1777 qui
3198 1702 3477 1758 Photium
3510 1706 3569 1756 et
3624 1700 3765 1757 San-

2112 1793 2478 1849 dabarenum
2512 1793 2572 1849 in
2607 1794 2887 1866 palatium
2922 1793 2996 1849 ad
3015 1794 3229 1849 Fontes
3259 1790 3558 1847 adducant
3579 1794 3771 1846 :uter-

2112 1899 2226 1954 que
2257 1884 2508 1939 seorsim
2544 1884 2606 1938 in
2638 1883 2907 1939 custodia
2949 1882 3219 1939 habetur.
3255 1880 3646 1952 Inquisitores
3708 1882 3766 1934 et

351 1964 552 2036 ὥριστο
611 1966 962 2042 φρουρεῖσθαι
1015 1963 1288 2039 ἑκάτερον.
1377 1963 1684 2034 Ἐξετασταὶ
1773 1959 1830 2017 δὲ
1913 1959 2001 2016 καί

2110 1974 2443 2044 cognitores
2470 1973 2791 2029 criminum
2806 1989 2935 2044 quae
2950 1971 3387 2045 objiciebantur
3402 1968 3766 2042 deliguntur,

350 2051 726 2130 διαγνώμονις
752 2059 860 2111 τῶν
894 2056 1010 2115 κατ’
1042 2053 1217 2111 αὐτῶν
1250 2052 1581 2126 κινουμένων
1635 2052 1792 2115 αὐτός
1860 2073 1919 2109 τε
1971 2053 1999 2108 6

349 2142 732 2220 στρατηλάτης
764 2144 1040 2223 ἐπὲμιξθη,
1072 2143 1330 2219 ’Δνδρέας
1360 2143 1448 2200 καὶ
1480 2144 1509 2200 6
1540 2144 1839 2219 μᾶγιστρος
1871 2143 2004 2198 Στὲ-

348 2255 531 2315 φανος,
561 2236 650 2291 καὶ
683 2236 711 2291 6
745 2235 1040 2311 μάγιστρος
1099 2236 1127 2291 6
1178 2232 1593 2309 Ἀγιοπολίτης,
1646 2234 1738 2289 καὶ
1796 2236 2003 2307 Κρατε-

349 2325 466 2400 ρὸς,
498 2325 584 2381 καὶ
615 2320 840 2401 ιὀὖϐερ,
872 2326 925 2381 οἱ
954 2324 1256 2399 πατρίκιοι.
1292 2325 1613 2402 Ἀγαγόντις
1642 2323 1732 2380 οὖν
1763 2324 1857 2380 τὸν
1895 2344 2000 2379 παι

346 2413 616 2490 τριάρχην
701 2415 916 2471 Φώτιον
997 2415 1089 2470 καὶ
1147 2414 1384 2490 ἐντίμως
1465 2416 1556 2470 ἓπί
1616 2415 1813 2491 θρόνου
1865 2424 2002 2478 καθ-

350 2502 575 2574 ίσαντες,
633 2504 722 2560 καὶ
780 2504 937 2562 αυτοὶ
984 2501 1345 2569 καθεσθέντες,
1403 2506 1503 2574 τὴν
1558 2504 1790 2576 ἐξέτασιν
1848 2502 2005 2559 ἐποι-

347 2595 524 2650 οὖντο.
559 2591 654 2648 Καί
686 2615 849 2675 φησιν
891 2595 919 2649 6
951 2591 1333 2665 στρατηλάτης
1385 2593 1523 2668 πρὸς
1576 2594 1669 2650 τὸν
1727 2592 2001 2668 πατριάρ-

346 2704 475 2761 χην’
509 2710 537 2738 ‹‹
573 2685 884 2759 Γνωρίζεις,
916 2685 964 2740 ὦ
992 2682 1352 2753 ὃὲσποτα,τὸν
1382 2685 1627 2764 μοναχὸν
1650 2682 1930 2760 Θεόδωρον
1949 2705 2002 2754 ς»

348 2774 409 2830 'U
450 2772 530 2846 δὶ,
562 2798 592 2828 ‹‹
625 2775 920 2848 Μοναχοὺς
952 2772 1078 2830 οἶδα
1134 2772 1451 2837 Θεοδώρους
1511 2772 1781 2841 πολλούς·
1843 2781 2000 2832 ποῖον

348 2861 581 2941 λέγειςί
636 2888 664 2917 »
721 2866 833 2921 Τοῦ
887 2859 946 2919 δὲ
1003 2860 1261 2933 ’Δνδρὲου
1316 2862 1687 2938 προσθεμένου
1744 2865 1845 2933 τήν
1905 2869 2004 2921 τοῦ

351 2948 771 3028 Σανδαόαρηνοῦ
850 2952 1244 3027 προσηγορίαν,
1304 2953 1334 3008 6
1386 2953 1759 3028 πατριάρχης,
1819 2977 1849 3007 ι(
1911 2960 2004 3010 Γι-

345 3044 589 3110 νώσκων,
616 3036 742 3122 ἔφη,
809 3043 901 3099 τὸν
960 3039 1152 3114 ἄνδρα,
1211 3039 1507 3099 ἐπίσκοπον
1546 3046 1656 3098 τῶν
1712 3042 2005 3119 Εὗχαίτων

350 3132 687 3210 ὑπάρχοντα.
754 3157 781 3184 υ
830 3134 1175 3209 Ἐνεχθεντος
1227 3129 1285 3188 δὲ
1340 3132 1432 3188 καὶ
1485 3136 1583 3188 τοῦ
1644 3130 2003 3209 Σανδαϐαρη-

345 3229 458 3282 νοῦ.
494 3225 624 3302 φησί
652 3224 791 3300 πρὸς
826 3223 985 3280 αὐτὸν
1020 3224 1049 3279 6
1081 3221 1359 3300 ’Av69éac'
1390 3247 1419 3278 «
1470 3226 1542 3282 Ὀ
1600 3222 1859 3300 βασιλεύς
1919 3245 2005 3281 σοι

348 3311 535 3385 δηλοῖ’
571 3317 681 3369 Ποῦ
707 3313 905 3370 εἰσιτᾶ
945 3315 1214 3389 χρήματα
1276 3313 1367 3369 καὶ
1423 3312 1490 3368 τὰ
1547 3313 1840 3389 πράγματα
1902 3321 2004 3385 τῆς

351 3403 630 3479 βασιλείας
661 3425 769 3478 μου
800 3423 821 3471 ;
852 3428 881 3457 ››
911 3404 974 3462 Ὁ
1004 3401 1062 3459 δὲ
1091 3398 1411 3460 ὑπολαϐών·
1438 3426 1466 3455 ι(
1494 3406 1626 3478 Παρ⁹
1657 3404 1882 3468 ἐκείνοις
1913 3406 2000 3468 οἷς
2035 3373 2084 3439 C

349 3490 551 3550 δέδωκα
607 3498 775 3550 ταῦτα
832 3495 861 3549 6
910 3495 1047 3550 κατὰ
1097 3496 1196 3562 τήν
1249 3493 1459 3569 ἡμέραν
1516 3492 1797 3571 βασιλεὺς.
1856 3496 2007 3551 Ἐπεὶ

348 3580 406 3639 δὲ
461 3587 553 3638 νῦν
610 3588 765 3655 ζητεῖ
810 3588 979 3639 ταῦτα
1032 3583 1061 3637 6
1117 3581 1240 3657 ἄρτι
1298 3588 1539 3652 κατῶν,
1597 3584 1837 3656 ἐξουσίαν
1886 3580 2004 3662 ἔχει

344 3672 434 3729 καὶ
469 3679 649 3743 ζητεῖν
691 3675 860 3728 ταῦτα
916 3671 1007 3726 καὶ
1062 3667 1385 3746 λαμϐάνειν.
1422 3696 1451 3723 ι)
1495 3673 1598 3729 Καὶ
1661 3676 1689 3729 6
1722 3673 2003 3749 ’Δνόρὲας·

346 3790 375 3818 α
407 3764 546 3821 Εἰπὶ
582 3765 740 3834 τὲως,
772 3762 836 3818 σὺ
864 3763 985 3819 τίνα
1014 3757 1311 3819 ὲϐουλεύου
1362 3759 1588 3839 βασιλέα
1617 3773 1866 3836 ποιῆσαι,
1925 3766 2006 3840 τῷ

345 3853 510 3930 πατρῖ
563 3857 664 3911 τοῦ
720 3851 989 3931 βασιλέως
1055 3853 1332 3917 ὑποτιθεὶς
1385 3858 1483 3910 τοῦ
1543 3854 1754 3909 οἰκείου
1811 3853 2007 3921 παιδὸς

347 3943 593 4018 ἰξοοόξαι
636 3950 764 4007 τοὺς
825 3940 1193 4022 ὀφθαλμοῦςς
1245 3943 1339 3998 σὸν
1398 3950 1627 4019 συγγενῆ
1660 3939 1697 4012 ἤ
1749 3947 1851 3998 τοῦ
1900 3964 2004 3999 πα-

343 4034 614 4113 τριάρχου
656 4053 671 4104 ;
711 4058 738 4084 ι»
768 4034 830 4091 Ὀ
864 4029 922 4088 δὲ
955 4032 1231 4107 ἐξώμνυτο
1266 4028 1435 4105 μηδὲν
1497 4033 1575 4089 ὧν
1634 4039 2004 4109 πατηγορεῖτο

344 4120 559 4181 αἶ’ὂὲναι.
595 4123 698 4180 Καί
727 4144 893 4202 φησιν
919 4124 948 4178 6
1010 4122 1311 4198 μάγιστρος
1362 4123 1650 4199 Στεφανος⁶
1678 4145 1704 4179 ι
1742 4124 1904 4192 Εἶτα,
1957 4124 2004 4179 ὧ

343 4214 661 4290 πολότροπε
719 4215 807 4271 καὶ
872 4213 1288 4290 μηχανορῥάφε,
1345 4218 1464 4276 πῶς
1543 4215 1820 4289 Έμήνυσας
1877 4214 2001 4288 περῖ

341 4304 543 4363 τούτου
572 4309 653 4378 τῷ
681 4301 900 4382 βασιλεῖ
929 4302 1219 4381 ἐξελέγξειν
1274 4303 1366 4358 τὸν
1404 4304 1756 4381 πατριάρχην
1792 4322 1806 4375 ;
1842 4329 1868 4355 υ
1896 4305 2002 4363 Καὶ

343 4395 425 4465 ὃς,
458 4396 532 4458 ὡς
564 4396 767 4465 ἤκουσε
793 4393 991 4450 τούτου
1019 4397 1117 4449 τοῦ
1177 4394 1371 4467 Λόγου,
1434 4393 1631 4456 εόθέως
1685 4389 2002 4467 ἐπιλαμϐἐ-

342 4506 488 4541 νεται
518 4489 627 4540 τῶν
654 4488 753 4540 τοῦ
784 4485 1130 4558 πατριάρχου
1158 4479 1368 4552 ποδῶν,
1401 4506 1431 4536 ‹‹
1489 4483 1723 4559 Ὁρκίζω
1780 4504 1859 4548 σε,
1914 4481 2004 4539 δὲ·

344 4595 544 4642 σποτα,
577 4576 714 4631 κατᾶ
734 4576 832 4630 τοῦ
854 4577 1008 4639 Θεοῦ,
1044 4570 1240 4646 λέγων,
1297 4572 1562 4649 πρότερόν
1619 4581 1687 4648 με
1734 4574 2003 4649 καθαιρῆ-

346 4685 458 4733 σαι,
498 4662 589 4720 καὶ
618 4662 742 4720 τότε
773 4662 979 4740 γυμνὸν
1038 4662 1343 4738 ἱερωσύνης
1395 4657 1857 4737 παραλαϐἐτωσαν
1909 4662 2001 4718 καὶ

2106 2061 2206 2117 ille
2237 2062 2398 2118 idem
2434 2061 2718 2126 Andreas.
2755 2063 3109 2134 Stephanus,
3143 2065 3201 2116 et
3229 2057 3615 2131 Hagiopolita,
3641 2071 3768 2111 ma-

2106 2152 2296 2224 gistri,
2324 2154 2600 2209 Craterus
2627 2159 2682 2207 et
2713 2152 2928 2219 Guber,
2963 2150 3211 2224 patricii.
3251 2149 3316 2205 Hi
3368 2146 3765 2220 patriarcham

2107 2241 2384 2298 Photium
2412 2241 2750 2315 producunt
2772 2247 2832 2297 et
2871 2241 2932 2297 in
2989 2240 3138 2297 solio
3196 2236 3522 2295 honorifice
3579 2233 3767 2291 collo.

2109 2336 2263 2397 cant,
2298 2335 2357 2385 et
2386 2331 2498 2404 ipsi
2521 2332 2695 2403 juxta
2732 2330 3065 2387 assidentes
3112 2344 3362 2385 examen
3421 2326 3768 2382 instituunt.

2107 2419 2194 2475 lbi
2225 2421 2493 2477 Andreas
2523 2421 2599 2476 ad
2629 2422 2944 2477 Photium:
2981 2445 3003 2469 ι
3040 2417 3769 2487 Nostin',domine,mona-

2108 2509 2287 2565 chum
2328 2510 2743 2567 Theodorum?
2774 2534 2800 2559 υ
2828 2509 3244 2582 Respondente
3278 2506 3489 2563 Photio
3548 2504 3769 2561 multos

2108 2614 2171 2654 se
2203 2600 2528 2656 monachos
2558 2599 2895 2656 Theodoros
2927 2615 3123 2667 nosse,
3155 2603 3213 2654 et
3257 2596 3330 2654 de
3361 2613 3479 2669 quo
3510 2596 3770 2651 interro-

2107 2697 2348 2762 garetur
2374 2675 2882 2758 nescire,nomen
2921 2686 3329 2745 Sandabareni
3359 2684 3590 2742 addidit
3644 2691 3769 2741 An'

2111 2777 2324 2847 dreas;
2358 2785 2417 2835 et
2445 2779 2693 2835 Photius
2721 2780 2880 2835 hunc
2905 2778 3019 2835 sibi
3076 2784 3287 2835 notum
3344 2792 3475 2833 esse
3525 2775 3765 2842 fatetur,

2111 2869 2457 2942 episcopum
2486 2868 2936 2925 Euchaitanum.
2971 2867 3303 2923 Adducitur
3340 2872 3518 2922 etiam
3544 2861 3767 2920 Sanda-

2108 2957 2396 3014 barenus.
2454 2958 2600 3014 Huic
2651 2958 2965 3014 Andreas:
3024 2980 3053 3008 ‹‹
3117 2955 3360 3022 Quaerit.
3424 2953 3639 3027 inquit,
3695 2966 3769 3008 ex

2112 3052 2169 3102 te
2201 3046 2526 3119 imperator
2553 3048 2655 3104 ubi
2688 3047 2958 3120 pecuniae
2979 3051 3041 3102 et
3062 3062 3159 3102 res
3190 3043 3425 3118 imperii
3457 3043 3548 3100 sui
3572 3041 3764 3099 sint?-

2112 3138 2447 3211 Bespondet
2479 3154 2494 3194 :
2530 3160 2558 3189 ‹‹
2590 3139 2657 3193 In
2687 3154 2893 3194 eorum
2924 3137 3221 3199 manibus,
3265 3135 3482 3207 quibus
3513 3133 3771 3205 impera-

2112 3234 2205 3285 tor
2234 3229 2411 3286 hodie
2443 3228 2761 3302 imper-ium
2813 3244 3026 3302 gerens
3086 3224 3408 3288 mandavit.
3470 3223 3770 3294 habetque

2114 3319 2545 3394 potestatem,si
2575 3318 2660 3375 ita
2688 3318 2940 3389 vult,eas
2970 3315 3275 3389 quaerendi
3298 3320 3359 3371 et
3384 3310 3771 3385 recipiendi.»

2114 3411 2382 3468 Andreas
2411 3426 2586 3482 porro
2625 3425 2638 3464 :
2674 3432 2700 3459 «ι
2734 3409 2858 3477 Dic,
2915 3408 3020 3475 ait,
3086 3406 3222 3479 quis
3290 3411 3418 3461 erat
3446 3404 3559 3460 iste
3588 3417 3769 3476 quem

2112 3500 2535 3573 imperatorem
2566 3498 2761 3555 facere
2814 3497 3073 3561 voluisti.
3108 3512 3225 3567 quo
3257 3500 3523 3566 tempore
3556 3491 3772 3547 Basilio

2113 3597 2321 3649 auctor
2349 3590 2512 3646 fuisti
2543 3595 2611 3645 ut
2657 3589 2781 3645 filio
2814 3605 2921 3645 suo
2977 3603 3136 3643 nunc
3191 3582 3510 3657 imperanti
3567 3581 3770 3638 oculos

2114 3687 2349 3740 erueret
2393 3682 2422 3738 ?
2472 3681 2680 3737 Tibine
2723 3680 2836 3735 fuit
2902 3678 3193 3752 sanguine
3269 3674 3640 3748 propinquus
3696 3687 3774 3729 an

2113 3772 2466 3845 patriarchas
2495 3771 2524 3828 ?
2554 3796 2580 3821 ι»
2614 3770 3034 3829 Sandabareno
3057 3769 3301 3842 jurante
3331 3764 3484 3822 nihil
3540 3780 3605 3820 se
3661 3762 3775 3819 sibi

2114 3878 2319 3920 eorum
2355 3880 2487 3933 quas
2513 3861 2955 3931 suincerentur
2983 3876 3114 3914 esse
3152 3856 3481 3923 conscium,
3515 3852 3771 3925 Stepha-

2112 3966 2247 4016 nus,
2279 3949 2639 4016 «Quomodo
2702 3941 2909 4006 1052
2941 3963 3102 4019 ergo,
3160 3947 3264 4015 ait,
3321 3947 3554 4000 versute
3611 3947 3772 3999 vete—

2111 4045 2295 4105 rator,
2325 4038 2399 4095 de
2431 4038 2541 4094 hac
2572 4054 2636 4093 re
2666 4036 2957 4093 indicium
2988 4036 3064 4092 ad
3111 4035 3533 4107 imperatorem
3591 4030 3770 4089 detu-

2110 4127 2255 4194 listi,
2287 4128 2693 4183 convicturum
2729 4132 2785 4181 te
2839 4125 3239 4199 patriarcham
3297 4123 3503 4179 dicens
3531 4121 3561 4178 τ
3581 4143 3608 4171 n
3635 4120 3770 4177 Haec

2111 4217 2287 4273 verba
2312 4216 2674 4288 simulatque
2705 4215 2932 4272 audivit
2986 4213 3464 4278 Sandabarenus,
3524 4210 3777 4284 patriar-

2110 4308 2237 4363 chao
2321 4306 2501 4379 pedes
2583 4305 2918 4377 amplexus,
2974 4326 3005 4354 ‹‹
3079 4303 3353 4360 Obtestor
3408 4307 3487 4368 te,
3554 4299 3773 4372 inquit,

2110 4396 2374 4463 domine,
2410 4413 2515 4468 per
2545 4397 2754 4460 Deum,
2794 4400 2861 4451 ut
2916 4393 3065 4450 mihi
3124 4391 3569 4450 sacerdotalem.
3604 4389 3773 4462 prius

2110 4488 2339 4543 adimas
2362 4486 2943 4560 dignitatem.atque
3000 4490 3126 4539 tum
3166 4486 3614 4538 exauctoratum
3669 4493 3767 4535 me

2109 4577 2151 4633 ii
2182 4578 2474 4649 arripiant
2503 4582 2563 4633 et
2591 4582 2655 4632 ut
2684 4575 3026 4631 maleﬁcum
3082 4572 3356 4647 puniant.
3414 4572 3559 4628 Nam
3615 4568 3763 4626 mihi

2109 4683 2211 4742 ego
2252 4667 2476 4724 nullius
2534 4666 2671 4722 talis
2728 4665 2814 4721 rei
2874 4680 3007 4721 sum
3059 4663 3354 4730 conscius,
3396 4677 3594 4735 neque
3651 4659 3766 4717 im-

342 4753 725 4825 κολαζέτωσαν
784 4753 861 4818 ὡς
917 4758 1243 4829 κακοῦργον.
1304 4754 1391 4828 [Ρ.
1469 4755 1596 4829 595]
1664 4751 1833 4813 Οὐδὲν
1893 4755 1997 4830 γὰρ

2110 4758 2370 4831 peratori
2402 4755 2729 4828 quidquam
2778 4752 3055 4811 indicavi.
3090 4774 3119 4803 »
3178 4754 3326 4809 Eum
3365 4750 3705 4825 patriarcha
3733 4766 3770 4807 a

339 4850 588 4902 τοιοῦτον
643 4840 862 4900 σῦνοιδα
944 4843 1188 4917 ἐμαυτῷ,
1274 4842 1398 4899 οὔτε
1441 4847 1524 4917 τῷ
1574 4842 1792 4919 βασιλεῖ
1856 4843 1997 4919 ἐμή·

342 4955 531 4992 νυσα..
555 4937 615 4994 '0
648 4931 705 4991 δὲ
734 4932 1083 5011 ππρὲάρχης
1117 4927 1520 5004 ἀναλαμϐάνων
1550 4932 1712 4989 αὑτὸν
1758 4934 1849 4989 καὶ
1886 4938 1994 4990 τῶν

342 5022 528 5083 ποδῶν
565 5023 817 5091 ἆνιστῶν,
842 5022 994 5100 φησί·
1039 5047 1067 5075 α
1105 5023 1196 5080 Μὰ
1218 5023 1317 5091 τήν
1342 5023 1486 5097 ἒμὴν
1517 5022 1814 5101 σωτηρίαν,
1844 5023 1998 5092 κύριε

344 5113 614 5185 Θεόδωρε,
643 5113 1085 5191 ἆρχιεπίσκοπος
1117 5111 1171 5168 εἴ
1197 5113 1288 5168 καὶ
1336 5110 1388 5168 ἰν
1447 5117 1528 5185 τῷ
1576 5118 1668 5169 νῦν
1695 5113 1857 5169 αίῶνι
1904 5113 1996 5171 καὶ

344 5204 400 5261 6v
428 5209 510 5279 τῷ
543 5202 827 5277 μέλλοντι.
861 5226 888 5255 ι)
923 5201 1207 5277 Θυμωθείς
1234 5198 1292 5257 δί
1323 5198 1578 5275 ’Δνδρὲας
1624 5202 1652 5257 6
1685 5203 1995 5279 πρατηλά·

342 5315 462 5366 της·
493 5320 520 5347 ‹‹
557 5293 660 5351 Καὶ
693 5292 793 5348 οὐκ
830 5293 1106 5364 ὲμήνυσας
1138 5288 1211 5346 δι’
1240 5289 1377 5364 ἐμοῧ
1404 5296 1485 5365 τῷ
1517 5290 1757 5367 βασιλεῖ,
1788 5294 1996 5350 ἀπατε-

345 5384 420 5441 ὼν
451 5384 540 5441 καὶ
574 5384 732 5460 γόης,
761 5383 853 5438 τὸν
882 5382 1232 5460 πατριάρχην
1264 5381 1389 5458 περὶ
1445 5381 1647 5437 τοῦτου
1677 5381 1888 5457 ἐλέγξαι
1921 5403 1937 5454 ;
1965 5408 1995 5438 ››

340 5478 402 5534 '0
424 5473 483 5531 δδ
531 5473 696 5531 πάλιν
752 5474 1050 5544 ἀπηρνεῖτο
1107 5470 1233 5545 περὶ
1288 5471 1485 5527 τούτου
1545 5469 1714 5545 μηδὲν
1776 5471 1994 5533 ι’δίναι.

340 5564 825 5641 Ὕποστρεψάντων
858 5559 916 5617 ὂὶ
942 5565 1053 5617 τῶν
1084 5560 1371 5635 ἀρχόντων
1424 5563 1516 5617 καὶ
1568 5561 1637 5618 τὰ
1690 5562 1999 5632 Λαληθὲντα

344 5656 592 5735 γνώριμα
672 5655 912 5727 θεμένων
985 5654 1065 5724 τῷ
1139 5651 1380 5727 βασιλεῖ,
1462 5651 1623 5715 αὐτὸς
1711 5658 1791 5725 τῷ
1842 5657 2001 5728 θυμῷ

347 5746 721 5827 φλεγμαῖνων,
752 5743 842 5800 καὶ
873 5739 1039 5799 πλέον
1070 5736 1159 5796 διὰ
1187 5740 1251 5796 τὸ
1284 5743 1361 5814 μὴ
1394 5743 1531 5798 κατὰ
1581 5747 1678 5799 τοῦ
1734 5745 2000 5821 πατριάρο

346 5858 457 5920 χου
478 5837 711 5916 οὕλογον
748 5833 924 5895 αἰτίαν
970 5833 1172 5910 εὑρεῖν,
1228 5830 1556 5896 ἀποστείλας
1600 5832 1854 5912 ζμάστιξι
1904 5837 1998 5896 τὸν

2105 4847 2360 4921 pedibus
2382 4846 2507 4903 suis
2531 4844 3037 4916 attollens,inquit
3057 4859 3071 4898 :
3089 4863 3119 4894 ι(
3144 4844 3256 4899 Per
3276 4842 3530 4899 salutem
3547 4855 3765 4912 meam,

2107 4940 2343 4998 domine
2371 4939 2699 5008 Theodore,
2729 4945 2787 4995 et
2817 4939 2880 4995 in
2938 4937 3049 4993 hoc
3079 4940 3140 4993 et
3185 4936 3248 4991 in
3305 4935 3506 4991 futuro
3542 4932 3765 4991 saeculo

2106 5031 2593 5103 archiepiscopus
2624 5045 2707 5087 es.
2743 5051 2771 5078 ι»
2804 5027 2893 5085 Λᾶ
2920 5026 3049 5084 haec
3106 5024 3373 5082 Andreas
3431 5021 3522 5082 ira
3570 5022 3765 5082 conci-

2105 5129 2224 5188 tus,
2255 5146 2282 5172 ιε
2316 5122 2485 5186 Hem,
2517 5120 2621 5186 ait,
2653 5119 2945 5191 impostor
2985 5122 3163 5189 atque
3218 5114 3633 5190 praestigiator,
3664 5129 3767 5171 an-

2106 5228 2225 5267 non
2255 5228 2363 5284 per
2390 5226 2487 5266 me
2519 5207 2862 5281 imperatori
2890 5206 3240 5280 significasti
3273 5210 3329 5260 te
3361 5202 3765 5277 patriarcham

2105 5301 2254 5358 velle
2297 5299 2698 5356 convincere?
2753 5320 2782 5349 ››
2840 5297 3185 5354 Theodorus
3244 5313 3481 5353 rursum
3542 5294 3768 5351 infitias

2106 5391 2215 5457 ire,
2265 5397 2324 5446 et
2373 5390 2700 5464 quidquam
2766 5388 2885 5444 tale
2945 5386 3056 5443 sibi
3144 5387 3446 5459 cognitum
3528 5399 3768 5458 negare.

2105 5482 2459 5552 Imperator,
2517 5496 2651 5535 cum
2708 5478 2783 5534 ad
2858 5493 2996 5534 eum
3056 5477 3278 5533 reversi
3357 5475 3766 5547 inquisitores,

2108 5571 2246 5643 quid
2309 5586 2662 5642 responsum
2722 5574 2881 5625 esset
2926 5566 3297 5623 retulissent.
3380 5567 3470 5621 ira
3526 5563 3766 5636 ardens,

2109 5661 2367 5717 maxime
2389 5659 2547 5730 quod
2582 5658 2951 5732 probabilem
2984 5673 3223 5713 causam
3246 5655 3439 5711 Photii
3462 5654 3615 5712 male
3650 5661 3766 5712 tra-

2106 5748 2306 5807 ctandi
2336 5767 2457 5807 non
2486 5747 3291 5825 inveniretﬁandaharenum
3310 5743 3511 5825 ﬂagris
3530 5743 3764 5807 atroci-

2109 5846 2200 5899 ter
2227 5839 2375 5899 caadi
2398 5840 2803 5914 jussit,eoque
2830 5839 2987 5898 facto
3017 5824 3279 5896 Athenas
3304 5824 3442 5895 cum
3461 5832 3769 5907 relegavit.
