4184 6458
370 441 524 506 1143

1734 434 2057 501 GEORGII
2099 434 2444 499 CEDRENI

3628 444 3797 508 1144

372 582 479 635 est.
506 577 677 633 Turci
708 576 954 633 victoria
995 576 1168 648 potiti
1207 576 1279 632 ab
1333 576 1692 647 imperatore
1723 578 1935 647 petunt
1962 576 2061 642 ut,

2173 572 2350 648 ἒπερὶ
2382 570 2444 629 τὸ
2484 573 2789 648 στράτευμα
2842 576 2906 632 τὸ
2960 576 3087 654 περί
3125 579 3216 635 τὸν
3274 584 3470 636 Φωκᾶν
3527 586 3628 638 τοῦ
3686 591 3795 639 Συ’

372 667 655 739 Bulgaros
712 683 748 723 a
802 683 865 722 se
923 671 1125 737 captos
1179 669 1354 721 emat.
1404 665 1630 721 Annuit
1683 664 2030 734 imperator,

376 757 586 814 1056
643 757 918 827 civesque
992 772 1130 810 suos
1204 761 1469 826 emptum
1544 754 1746 810 mittit.
1803 752 2041 806 Simeon

376 848 602 905 fractus
660 862 767 917 per
822 844 1205 917 drungarium
1266 845 1643 901 Eustathium
1702 858 1909 915 pacem
1968 840 2041 896 ab

382 938 741 1009 imperatore
762 935 928 1007 petit.
960 937 1015 989 Is
1038 951 1171 990 eam
1194 935 1529 991 concedens
1558 936 1810 990 Leonem
1834 948 2044 1003 cogno-

382 1026 544 1083 mine
574 1025 1120 1095 Cbrwrosphactam
1153 1026 1499 1095 (occisorem
1527 1024 1691 1097 porci
1724 1022 1783 1077 id
1816 1021 2047 1095 signiﬁ-

384 1117 498 1186 cat)
528 1114 604 1171 ad
650 1114 1022 1171 conditiones
1064 1114 1230 1186 pacis
1276 1115 1499 1171 dandas
1548 1110 2044 1186 accipiendasque

382 1205 585 1272 mittit,
616 1205 877 1261 Phocam
910 1204 1249 1260 scholarum
1282 1204 1678 1260 domesticum
1707 1208 1766 1259 et
1796 1201 2048 1272 drunga—

381 1295 535 1351 rium
568 1311 701 1349 cum
734 1293 924 1365 copiis
961 1293 1205 1348 domum
1236 1292 1431 1348 redire
1474 1291 1650 1365 jubet
1704 1291 1942 1346 Simeon
1973 1286 2047 1342 ad

357 1403 448 1442 “se
477 1384 815 1441 venientem
861 1383 1362 1456 Choerosphacten
1405 1400 1479 1439 ne
1511 1382 1774 1453 alloquio
1805 1379 2048 1452 quidem

383 1476 659 1549 dignatus
690 1475 753 1530 in
801 1490 1099 1530 carcerem
1151 1474 1414 1546 conjicit.
1468 1472 1610 1529 inde
1658 1487 1869 1544 magno
1913 1485 2049 1525 cum

386 1564 648 1620 exercitu
703 1564 766 1619 in
824 1564 1044 1620 Turcos
1104 1563 1259 1619 facta
1318 1562 1716 1635 expeditione,
1778 1576 1911 1616 cum
1974 1558 2048 1613 ob

387 1652 646 1708 subitam
694 1652 1180 1724 insperatumque
1229 1669 1357 1707 rem
1406 1651 1626 1707 auxilia
1677 1650 1760 1705 eis
1812 1647 2050 1703 mittere

362 1742 714 1813 imperator
742 1757 863 1796 non
897 1748 1117 1813 posset,
1144 1741 1207 1795 in
1236 1741 1432 1813 fugam
1469 1756 1569 1796 eos
1599 1738 1787 1812 pellit,
1822 1751 2053 1792 eorum-

390 1846 505 1901 que
543 1830 851 1902 regionem
884 1846 1123 1885 omnem
1157 1828 1556 1902 deprzedatur.
1588 1833 1733 1884 Eam
1764 1825 1838 1881 ob
1866 1825 2049 1881 victo-

2149 662 2310 735 μεὼν,
2341 662 2393 716 οἱ
2434 667 2664 738 Τοῦρκοι
2724 669 3116 737 περαιωθέντες
3171 669 3263 724 τὸν
3321 671 3572 746 ποταμὸν
3620 680 3798 730 πᾶσαν

2144 751 2242 819 τήν
2279 749 2621 830 Βουλγαρέαν
2681 752 2991 825 ἐληίσαντο.
3046 759 3213 834 Ὃπερ
3269 759 3346 822 ὡς
3404 761 3655 837 ἠγγέλθη
3714 767 3797 837 τῷ

2144 842 2397 913 Συμεὼν,
2427 844 2518 898 τὸν
2553 849 2750 900 Φωκᾶν
2782 847 2933 925 ἀφεὶς
2985 848 3121 904 κατὰ
3169 852 3278 905 τῶν
3335 849 3596 922 Τοόρκων
3638 851 3800 928 ἐτρά-

2145 930 2755 1008 πετο.1’λιχόμενοιδέ
2811 935 2901 991 καὶ
2957 937 3113 993 αὐτοὶ
3170 938 3560 1013 συμπλακῆναι
3619 941 3802 999 Βουλ-

2147 1020 2361 1094 γάροις,
2391 1023 2776 1095 περαιωθέντες
2844 1027 2936 1081 τὸν
2981 1027 3192 1103 Ἵστρον
3246 1029 3465 1093 τούτοις
3511 1024 3800 1104 προσϐαλ-

2150 1107 2306 1165 λουσι
2335 1109 2427 1165 καὶ
2465 1116 2655 1168 νικῶσι
2706 1113 2842 1169 κατὰ
2897 1115 3119 1191 κράτος,
3190 1114 3354 1190 μὸλις
3408 1124 3509 1175 τοῦ
3567 1120 3799 1194 Συμεὼν

2149 1198 2200 1254 έν
2258 1198 2583 1275 Δοροστόλῳ
2637 1201 2923 1274 σωθέντος,
2981 1204 3013 1260 ὅ
3066 1205 3157 1262 καὶ
3248 1206 3447 1277 Δρίστα
3524 1208 3797 1267 καλεῖται.

2152 1290 2236 1363 [Ρ.
2271 1291 2397 1364 597]
2438 1291 2775 1362 Νικήσαντες
2833 1294 2928 1349 οὗν
2996 1296 3050 1350 οἱ
3106 1299 3342 1373 Τοῢρκοι
3395 1297 3671 1373 ᾐτήσαντο
3710 1301 3802 1356 τὸν

2157 1377 2385 1456 βασιλέα
2412 1379 2539 1443 τοὺς
2572 1382 2998 1459 κατασχεθέντας
3038 1382 3126 1442 ἱδπ’
3174 1385 3353 1442 αὐτῶν
3405 1386 3804 1464 αἰχμαλώτους

2154 1467 2490 1524 ὠνήσασθαν
2545 1473 2685 1546 πρὸς
2742 1472 2772 1526 ὅ
2818 1474 2907 1529 καὶ
2965 1477 3288 1539 κατανεύσας
3375 1475 3502 1540 τοὺς
3572 1477 3806 1543 πολίτας

2154 1556 2521 1635 ἐξαπέστειλεν
2580 1562 2654 1623 εἰς
2734 1563 2833 1633 τήν
2889 1563 3098 1620 τοῦτων
3167 1565 3449 1638 έξώνησιν,
3519 1569 3811 1643 θραυσθεῖς

2155 1645 2249 1704 οὖν
2283 1649 2311 1703 ὂ
2345 1648 2571 1721 Συμεὼν
2624 1647 2712 1705 διὰ
2765 1655 2863 1707 τοῦ
2921 1649 3285 1731 δρουγγαρίου
3340 1655 3649 1714 Εὖσταθίου
3713 1659 3807 1715 τὸν

2158 1732 2389 1811 βασιλέα
2422 1734 2624 1793 ίκέτευε
2672 1738 2794 1815 περὶ
2849 1741 2947 1809 τῆς
2992 1739 3238 1813 εἰρήνης·
3289 1743 3428 1819 πρὸς
3480 1744 3548 1814 ἤν
3597 1744 3804 1820 ὑπεῖξεν

2158 1826 2186 1880 ὁ
2220 1823 2500 1901 βασιλεὺς,
2541 1828 2632 1882 καὶ
2689 1829 2781 1882 τὸν
2840 1830 3261 1908 Χοιροσφάκτην
3324 1831 3533 1889 Λέοντα
3586 1831 3677 1891 ἐπὶ
3731 1840 3814 1909 τῷ

388 1919 541 1976 riam
571 1920 866 1976 ferociens
896 1919 970 1975 ad
1010 1920 1435 1992 imperatorem
1491 1917 1716 1988 scribit,
1751 1932 1813 1972 se
1846 1930 2052 1988 pacem

2173 1916 2492 1986 ποιήσασθαι
2552 1914 2894 1987 ἐξαπέστειλε
2948 1920 3044 1984 τὰς
3102 1919 3358 1993 σπονδὰς,
3420 1922 3513 1978 καὶ
3570 1924 3600 1978 ὁ
3657 1920 3818 1998 δομέ-

391 2026 514 2066 non
556 2009 852 2065 facturum
898 2009 1015 2065 nisi
1062 2010 1318 2082 receptis
1368 2007 1610 2081 captivis
1658 2006 1943 2078 Bulgaris.
1991 2004 2055 2059 Id

2173 2024 2348 2066 στικος
2405 2009 2513 2061 τῶν
2571 2004 2795 2082 σχολῶν
2855 2008 2884 2063 ὀ
2948 2014 3147 2071 Φωκᾶς
3219 2011 3310 2066 καὶ
3370 2013 3399 2068 ὁ
3457 2008 3815 2090 δρουγγάριος

393 2117 628 2173 quoque
657 2100 1009 2156 admittente
1039 2100 1422 2173 imperatore,
1455 2098 1617 2154 venit
1645 2114 1779 2154 cum
1816 2097 2058 2152 Chmro-

393 2191 641 2262 sphacta
669 2189 1008 2247 Theodorus
1036 2190 1281 2262 quidam
1309 2190 1605 2246 Simeonis
1635 2186 1968 2256 familiaris,
1999 2192 2057 2241 et

380 2282 656 2353 captivos
687 2296 894 2336 omnes
925 2279 1204 2336 dimissos
1235 2280 1480 2335 domum
1513 2277 1772 2334 abducit.

2171 2093 2503 2171 ὑποστρέψαι
2542 2094 2678 2165 μετᾶ
2704 2100 2802 2152 τοῦ
2843 2102 2980 2153 Λαοῦ
3031 2096 3443 2171 ἐκελεύσθησαν,
3493 2102 3555 2160 Ὀ
3605 2099 3661 2158 δὲ
3705 2109 3817 2159 Συ-

2168 2182 2313 2255 μεὼν
2383 2180 2691 2247 ἀπελθόντα
2752 2187 2891 2260 πρὸς
2978 2187 3141 2243 αὐτὸν
3220 2190 3312 2245 τὸν
3398 2192 3814 2269 Χοιροσφάκτήν

2166 2271 2367 2329 Λέοντα
2397 2271 2449 2328 ἐν
2493 2272 2684 2349 εἰρκτῇ
2732 2276 2984 2351 κατέσχε,
3039 2275 3182 2351 μηδὲ
3228 2276 3402 2353 λόγου
3443 2278 3602 2336 αὐτὸν
3650 2281 3818 2352 ἀξιώ-

399 2388 516 2431 σας.
585 2368 1011 2443 Ἐκστρατεόσας
1069 2365 1126 2422 δὶ
1191 2368 1349 2442 βαρεῖ
1398 2369 1611 2440 στρατῷ
1668 2364 1805 2420 κατᾶ
1857 2367 1963 2419 τῶν
2021 2362 2307 2437 Τοῦρκων,
2370 2364 2446 2435 μή
2508 2360 2829 2435 δυνηθέντος
2893 2369 2991 2421 τοῦ
3052 2366 3324 2443 βασιλέως
3389 2365 3480 2424 διὰ
3550 2370 3615 2426 τὸ
3693 2369 3817 2447 αίφ-

392 2454 565 2513 νίδιόν
618 2476 678 2511 τε
735 2455 826 2511 καὶ
920 2454 1338 2531 ἀπροσδόκήοον
1425 2457 1678 2530 βοήθειαν
1732 2456 1914 2515 αὐτοῖς
1967 2457 2290 2533 παρασχεῖν,
2343 2452 2541 2517 αὐτούς
2607 2475 2666 2510 τε
2732 2454 2993 2531 ἐτρέψατο
3077 2457 3169 2512 καὶ
3239 2459 3341 2528 τὴν
3400 2460 3589 2535 χώραν
3649 2466 3821 2516 πᾶσαν

392 2542 713 2620 κατέδραμε.
769 2549 1011 2620 Γαυριῶν
1071 2543 1119 2599 δ’
1178 2544 1267 2600 ἐπὶ
1322 2548 1391 2620 τῇ
1455 2544 1579 2620 νῖκῃ
1634 2544 1725 2600 καὶ
1784 2542 2187 2624 φρυαττόμενος
2247 2539 2450 2620 ἔγραψε
2505 2543 2641 2618 πρὸς
2699 2544 2791 2601 τὸν
2831 2543 3077 2621 ,βασιλέα
3136 2548 3213 2621 μή
3268 2547 3532 2624 πρότερον
3589 2555 3818 2620 ποιῆσαι

395 2636 619 2711 εἰρήνην
679 2634 804 2709 πρὶν
867 2634 927 2690 ἄν
984 2634 1367 2707 ἀπολήψεσθαι
1427 2635 1556 2699 τοὺς
1610 2632 2006 2710 αἰχμαλώτους
2065 2629 2434 2709 Βουλγαρους.

2518 2632 2708 2659 ἰλ-..[.-Α
2741 2655 2789 2659 _-
2878 2633 2925 2659 ’Ἀ
3022 2657 3066 2659 κ-
3089 2637 3101 2659 5
3130 2657 3138 2659 -
3293 2642 3317 2653 ε-
3452 2639 3466 2659 0.
3539 2640 3567 2659 Λ
3669 2637 3689 2659 ς
3746 2639 3761 2659 I

2534 2636 2793 2690 Επένευσε
2874 2636 2932 2691 δὲ
3004 2637 3140 2712 πρὸς
3225 2642 3386 2694 τοῦτο
3445 2639 3474 2694 ὁ
3539 2637 3816 2715 βασιλεύς.

384 2726 591 2790 -Ἦλθεν
621 2726 714 2782 οὗν
750 2726 883 2801 μετὰ
912 2730 1010 2781 τοῦ
1041 2726 1456 2805 Χοιροσφᾶκτου
1487 2722 1769 2799 Θεόδωρός
1798 2743 1883 2785 τις
1915 2723 2114 2785 οἰκεῖος
2145 2720 2218 2777 ὥν
2252 2727 2330 2794 τῷ
2363 2725 2611 2797 Συμεὼν,
2643 2726 2731 2780 καὶ
2764 2726 3091 2804 παρειλήφει
3128 2727 3352 2790 πάντας.

469 2819 639 2875 Circa
670 2819 778 2875 hoc
812 2824 1044 2890 tempus
1078 2819 1469 2890 Nicephorum
1495 2818 1752 2872 Phocam
1788 2814 2066 2871 domesti.

402 2925 559 2975 cum,
586 2908 932 2980 imperatori
964 2925 1295 2979 percarum,
1321 2909 1561 2964 Zautzas
1582 2922 1867 2980 generum
1892 2922 2064 2960 suum

403 3000 599 3056 facere
639 2999 903 3063 studuit,
955 3004 1011 3053 et
1041 3004 1439 3063 recusantem,
1475 2998 1633 3069 quod
1666 3003 1960 3053 metueret
1990 3012 2064 3051 ne

407 3107 478 3145 eo
536 3090 689 3146 facto
744 3090 1125 3161 imperatoris
1182 3089 1652 3161 indignationem
1712 3088 2063 3155 incurreret,

2250 2814 2493 2891 Ἐξόχως
2520 2811 2578 2871 δὲ
2607 2816 2697 2872 τὸν
2741 2813 3065 2891 δομέστικον
3111 2820 3432 2899 Νικηφόρον
3484 2820 3576 2876 τὸν
3627 2824 3823 2877 Φωκᾶν

2179 2902 2282 2958 ὑπὸ
2340 2908 2438 2959 τοῦ
2517 2905 2787 2981 βασιλέως
2863 2907 3226 2985 ἀγαπώμενον
3301 2910 3329 2963 ὁ
3408 2908 3826 2985 βασιλεοπάτωρ

2177 2999 2449 3064 Ζαουτζᾶς
2531 2991 2782 3072 γαμϐρὸν
2839 2994 3139 3068 ἐσπούδαζε
3194 3000 3444 3063 ποιῆσαι.
3503 2999 3823 3056 Ἀπαναινοο

2181 3084 2339 3158 μένου
2399 3081 2459 3140 δὲ
2517 3086 2652 3161 πρὸς
2707 3091 2870 3143 τοῦτο
2928 3088 3019 3143 καὶ
3078 3087 3244 3162 ὀργὴν
3314 3088 3709 3152 ὑποπτεύοντος
3767 3088 3827 3146 ἐκ

400 3179 588 3236 iratus
647 3178 898 3235 conficto
955 3178 1205 3234 crimine
1264 3196 1371 3235 sua
1429 3178 1733 3233 functione
1790 3176 2061 3253 detrusit,

2180 3174 2470 3251 βασιλέως,
2530 3176 2805 3249 θυμωθεὶς
2893 3177 2921 3233 ὁ
3013 3180 3284 3248 Ζαουτζᾶς
3333 3179 3423 3236 καὶ
3481 3177 3655 3235 αἰτίαν
3708 3178 3828 3236 κατ’

402 3270 577 3341 eique
636 3269 870 3325 suffecit
925 3269 1240 3325 Catacalon
1317 3268 1622 3325 Abidelam
1689 3267 2057 3340 magistrum.

398 3358 766 3430 Nicephorus
818 3359 954 3414 eum
1004 3375 1128 3414 non
1178 3358 1277 3413 diu
1328 3359 1390 3414 in
1441 3358 1560 3413 otio
1611 3358 1876 3419 vixisset.
1929 3372 2064 3411 mox

395 3449 831 3505 Thracensibus
897 3450 1088 3504 I051
1153 3448 1500 3521 praeﬁcitur.
1562 3446 1850 3503 Omnibus
1913 3462 2064 3517 quos

395 3539 579 3612 gessit
652 3539 1097 3612 magistratibus
1174 3538 1462 3609 praeclara
1521 3537 1708 3594 edidit
1775 3536 2062 3603 facinora,

398 3629 707 3700 multaque
753 3629 825 3684 de
883 3628 1170 3701 Agarenis
1221 3627 1429 3684 statuit
1486 3634 1546 3684 et
1600 3618 1755 3684 aliis'
1788 3625 2065 3700 gentibus

398 3724 665 3791 tropaea;
701 3724 760 3773 et
782 3719 1231 3790 provectissima
1261 3724 1431 3774 aetate
1464 3723 1736 3774 mortuus
1776 3723 1886 3787 est,
1918 3715 2063 3771 duo-

402 3807 515 3863 bus
546 3807 770 3863 relictis
800 3806 962 3875 ﬁliis,
998 3806 1186 3863 Barda
1219 3813 1276 3862 et
1305 3809 1519 3863 Leone.

474 3991 766 4047 Caeterum
796 3989 1123 4063 imperator
1148 3989 1507 4054 Simeonem,
1532 3986 1691 4060 quod
1713 3987 1762 4044 is
1792 3987 2066 4061 paciﬁca-

402 4083 626 4138 tionem
640 4080 1200 4151 abnueret,prorsus
1214 4078 1929 4135 debellandumdelendun
1954 4093 2069 4150 que

396 4165 590 4242 ratus,
625 4171 879 4226 evocatis
902 4168 1294 4224 orientalibus
1326 4168 1683 4225 exercitibus
1712 4185 1779 4225 ac
1809 4167 2072 4223 cohorti-

406 4260 538 4329 bus,
570 4259 874 4316 adornatis
922 4259 1100 4314 etiam
1134 4258 1604 4314 occidentalibus
1635 4258 1872 4329 aliaque
1910 4256 2071 4313 haud

407 4352 616 4423 exigua
647 4348 1162 4407 multitudineeos
1185 4355 1391 4404 contra
1415 4348 1694 4421 Bulgaros
1718 4347 1902 4403 mittit
1922 4346 2069 4402 duce

406 4440 758 4497 Catacalone
783 4444 840 4494 et
862 4439 1076 4494 comite
1096 4440 1232 4495 huic
1251 4439 1450 4494 addito
1468 4437 1798 4493 Theodosio
1821 4437 2070 4511 patricio

404 4530 878 4605 protovestiario.
913 4528 981 4583 Hi
1013 4528 1275 4584 Simeoni
1306 4529 1536 4586 obviam
1571 4529 1833 4600 profecto
1869 4544 2069 4583 occur-

2174 3260 2340 3319 αἰ)τοῦ
2390 3262 2564 3341 eam;
2621 3263 2891 3338 παρέλυσε
2940 3270 3133 3323 τοῦτον
3186 3275 3286 3337 τῆς
3353 3268 3556 3345 ἀρχῆς,
3615 3264 3828 3344 προϐα-

2171 3350 2403 3426 λόμενος
2435 3353 2547 3409 ἀντ’
2592 3353 2757 3410 αὐτοῦ
2810 3354 3139 3412 Κατοκαλὼν
3195 3358 3496 3434 μάγιστρον
3543 3363 3637 3414 τὸν
3680 3352 3829 3416 Ἀϐί-

2172 3437 2369 3512 δηλαν.
2400 3442 2515 3498 Ἐπ’
2546 3440 2738 3518 ὀλίγον
2773 3440 2829 3499 δὲ
2859 3442 3144 3521 σχολάσας
3197 3447 3224 3501 ὁ
3275 3447 3590 3521 Νικηφόρος
3629 3466 3829 3522 στρατ-

2172 3531 2305 3605 ηγὸς
2361 3536 2468 3586 τῶν
2524 3531 2845 3606 Θρᾳκησίων
2919 3529 3316 3609 προϐάλλεται.
3407 3535 3713 3611 Ἀριστείας
3767 3532 3827 3591 δὲ

2171 3618 2387 3683 πολλὰς
2419 3619 2471 3676 ἐν
2499 3621 2695 3684 πάσαις
2741 3629 2862 3690 ταῖς
2910 3623 3076 3681 αὐτοῦ
3119 3624 3319 3701 ἀρχαῖς
3368 3621 3825 3700 διαπραξάμενος,

2170 3708 2480 3767 καὶπολλὰ
2531 3713 2667 3768 κατὰ
2721 3717 2831 3768 τῶν
2893 3716 3208 3792 Ἀγαρηνῶν
3266 3716 3357 3771 καὶ
3414 3714 3603 3772 ἄλλων
3659 3713 3825 3771 ἰονῶδ

2174 3801 2375 3872 στήσας
2405 3801 2661 3878 τρόπαια,
2721 3802 2948 3874 τελευτᾷ
3003 3801 3095 3858 τὸν
3160 3803 3279 3881 βίον
3337 3803 3389 3860 ἐν
3444 3806 3591 3882 γήρᾳ
3647 3805 3827 3881 βαθεῖ,

2175 3886 2271 3946 δύο
2303 3889 2504 3953 παῖδας
2533 3889 2853 3949 καταλιπὼν
2887 3890 3099 3970 Βάρδαν
3130 3893 3221 3951 καὶ
3261 3894 3485 3953 Λέοντα.

2243 3982 2302 4035 Ὀ
2333 3978 2390 4037 δὲ
2425 3978 2702 4057 βασιλεὺς,
2764 3984 2841 4055 μή
2905 3982 3233 4054 θελήσαντος
3286 3989 3385 4041 τοῦ
3444 3983 3674 4059 Συμεὼν
3730 3986 3829 4052 τὰς

2175 4068 2407 4133 σπονδὰς
2464 4069 2842 4147 ἐκπληρῶσαι,
2902 4070 3040 4149 ἔγνω
3092 4071 3199 4130 δεῖν
3283 4075 3446 4132 αὐτὸν
3520 4075 3830 4132 καταπολε-

2178 4168 2349 4234 μῆσθι
2405 4160 2495 4216 καὶ
2552 4159 2749 4235 τελείῳ
2804 4161 3098 4241 ἀφανισμῷ
3144 4162 3504 4241 παραδοῦναι.
3581 4164 3828 4241 Διορισά-

2179 4269 2341 4324 μενος
2367 4247 2546 4305 τοίνυν
2584 4250 2757 4305 πάντα
2813 4253 3183 4325 περαιωθῆναι
3241 4253 3309 4309 τὰ
3363 4259 3465 4323 τῆς
3522 4251 3829 4324 Ἀνατολῆς

2172 4341 2423 4417 τάγματα
2476 4362 2536 4397 τε
2590 4342 2681 4397 καὶ
2739 4345 2965 4417 θέματα,
3033 4345 3444 4421 παρασκευάσας
3501 4343 3560 4402 δὲ
3612 4345 3704 4401 καὶ
3757 4345 3828 4401 τὰ

2176 4435 2373 4490 Δυτικα
2403 4432 2493 4487 καὶ
2524 4430 2697 4488 ἄλλον
2747 4431 2847 4489 οὒκ
2903 4433 3088 4510 ὀλίγον
3152 4433 3309 4507 λαὸν,
3369 4434 3634 4510 ἰκπέμπει
3692 4434 3831 4491 κατὰ

2176 4527 2274 4578 τοῦ
2308 4522 2557 4594 Συμεὼν,
2598 4516 2825 4599 ἔξαρχον
2874 4523 3059 4587 αὐτοῖς
3108 4521 3403 4596 ἐπιστήσας
3446 4525 3538 4581 καὶ
3589 4523 3831 4600 ἡγεμόνα

407 4589 549 4678 i‘unt
578 4620 734 4693 apud
784 4619 1289 4691 BulgarOphytum
1337 4589 1618 4691 [plantam
1655 4617 2061 4690 Bulgaricam),

2177 4612 2268 4668 τὸν
2304 4608 2625 4686 δομέστικον
2655 4616 2764 4668 τῶν
2798 4612 3023 4693 σχολῶν
3056 4612 3418 4687 Κατακαλὼν,
3459 4615 3832 4689 συνεπόμενον

410 4715 471 4766 et
497 4727 695 4783 pugna
725 4710 1043 4764 commissa
1072 4709 1392 4764 vincuntur
1414 4723 1627 4782 magna
1655 4723 1899 4763 suorum
1931 4722 2069 4763 cum

411 4799 601 4864 clade,
635 4800 764 4872 ipso
816 4801 992 4855 etiam
1042 4799 1495 4870 protovestiario
1547 4799 1799 4870 turpiter
1829 4798 2068 4853 amisso.

338 4960 345 4967 ι
410 4888 637 4947 Deinde
668 4905 802 4945 cum
853 4889 1177 4960 imperator
1223 4905 1344 4944 una
1395 4904 1531 4943 cum
1576 4889 1689 4943 Zoa
1737 4887 1799 4943 in
1848 4887 2071 4960 ρι’ωάῑο

408 4986 610 5054 ageret
638 4978 796 5053 quod
824 4979 1095 5036 Damiani
1147 4985 1408 5044 vocatur,
1441 4985 1500 5035 et
1542 4977 1896 5035 domesticus
1937 4978 2074 5050 qui-

412 5068 661 5126 busdam
693 5068 829 5125 aliis
880 5068 1367 5141 conspirantibus
1417 5068 1469 5123 ei
1514 5068 1762 5123 insidias
1795 5071 2074 5128 strueret.

413 5161 522 5215 Zoe
555 5174 865 5215 murmura
902 5160 1351 5230 coniuratorum
1403 5156 1710 5213 inaudivit.
1744 5157 2072 5228 Statimque

415 5248 528 5305 Leo
581 5249 872 5304 excitatus
929 5262 1253 5302 conscenso
1307 5246 1541 5319 navigio
1590 5262 1626 5302 a
1682 5246 1967 5301 Fontibus
2012 5245 2074 5300 in

415 5338 704 5413 palatium
764 5338 1018 5407 traiecit.
1077 5340 1158 5395 Ac
1212 5338 1503 5394 Joannem
1562 5335 1805 5406 quidem
1861 5335 2076 5408 vigiliae

416 5429 825 5503 drungarium,
855 5427 1015 5499 quod
1045 5426 1117 5482 ab
1169 5443 1237 5483 eo
1271 5426 1657 5500 indiligenter
1693 5431 1850 5481 esset
1878 5431 2076 5480 custo-

417 5517 599 5583 ditus,
677 5517 807 5573 loco
878 5517 1104 5571 movit:
1181 5517 1449 5571 Zautzam
1521 5532 1657 5572 vero
1727 5512 2078 5585 aliquandiu

418 5612 723 5663 aversatus
781 5612 889 5674 est,
951 5606 1141 5661 donec
1196 5623 1297 5661 eos
1355 5606 1562 5663 1058
1623 5606 1735 5661 Leo
1800 5604 2083 5676 magister

423 5698 773 5769 cognomine
829 5696 1189 5766 Theodaces,
1234 5696 1473 5767 utrique
1530 5695 1780 5767 amicus,
1832 5695 1894 5750 in
1950 5709 2081 5767 gra-

421 5787 571 5846 tiam
593 5785 883 5858 reposuit.

2179 4698 2375 4782 ἔχοντα
2406 4700 2495 4756 καὶ
2535 4702 2625 4757 τὸν
2693 4703 2982 4777 πατρίκιου
3044 4701 3332 4761 Θεοδόσιον
3387 4703 3481 4761 καὶ
3537 4698 3833 4781 πρωτοϐε-

2182 4793 2443 4870 πιάριον.
2506 4792 2829 4869 Ἐρχομένῳ
2886 4792 3067 4850 τοίνυν
3120 4799 3199 4867 τῷ
3253 4792 3482 4869 Συμεὼν
3542 4796 3837 4851 συναντῶσι

2180 4881 2317 4938 κατᾶ
2343 4882 2406 4938 τὸ
2467 4881 2949 4963 Βουλγαρόιρυγον,
3002 4882 3096 4940 καὶ
3160 4881 3414 4957 πολέμου
3470 4882 3835 4959 κρυτηθέντος

2183 4970 2469 5047 τρέπονται
2541 4971 2835 5045 Ῥωμαῖοι,
2914 4971 3005 5026 καὶ
3085 4971 3260 5028 πολὺς
3334 4971 3550 5048 ἐγένετο
3607 4971 3836 5049 φθόρος,

2184 5060 2438 5117 ἀπώλετο
2489 5058 2548 5117 δὲ
2599 5061 2690 5116 καὶ
2747 5060 2908 5125 αὐτὸς
2941 5062 2970 5117 ὁ
3009 5057 3531 5138 πρωτοϐεστιαριος,
3592 5059 3838 5136 αῗσχρῶς

2183 5155 2282 5207 τοῦ
2336 5148 2665 5225 δομεστίκου
2707 5151 2825 5225 μετ’
2867 5148 3073 5226 ὀλίγων
3131 5156 3293 5207 τινῶν
3342 5150 3394 5207 ἐν
3451 5157 3531 5224 τῷ
3591 5147 3837 5225 Βουλγαο

2187 5241 2411 5319 ροφΰγῳ
2442 5240 2853 5318 περισωθέντος.
2898 5240 3264 5305 ’.ἀπελθόντος
3309 5239 3367 5297 δὲ
3418 5247 3515 5297 του
3566 5237 3838 5316 βασιλέως

2185 5332 2237 5388 ἐν
2265 5337 2382 5393 τοῖς
2417 5329 2739 5407 λεγομένοις
2786 5330 2982 5406 ἀγροῖς
3026 5334 3124 5387 τοῦ
3173 5335 3448 5405 Δαμιανοῦ
3501 5330 3635 5404 μετᾶ
3681 5335 3840 5400 Ζωῆς

2186 5429 2286 5492 τῆς
2316 5425 2415 5477 τοῦ
2445 5421 2702 5492 Ζαουτξέι,
2735 5420 2825 5475 καὶ
2893 5416 3048 5491 δόξαν
3106 5419 3255 5490 αὖτῷ
3316 5425 3497 5493 μεῖναι
3551 5418 3681 5481 ἐκεῖ,
3723 5418 3846 5474 ἑπι-

2187 5509 2398 5582 6ουλήν
2477 5512 2871 5581 συνεστήσαντο
2953 5512 3073 5566 κατ’
3148 5513 3313 5566 αὐτοῦ
3373 5512 3402 5566 ὁ
3452 5515 3549 5568 τοῦ
3606 5513 3851 5580 Ζαουτζὲἱ

2186 5602 2304 5664 υἱὸς
2339 5600 2508 5668 Λέων,
2542 5601 2918 5680 Χριστοφόρος
2950 5601 2978 5655 ὁ
3008 5598 3284 5672 Τζάντζης
3324 5600 3415 5656 καί
3462 5621 3605 5662 τινες
3658 5598 3849 5658 ἁλλοι.

2185 5697 2301 5762 Τῆς
2329 5688 2388 5746 δὲ
2435 5695 2591 5760 Ζωῆς
2640 5689 2734 5747 τὸν
2786 5684 3025 5767 θόρυϐον
3073 5687 3453 5760 ἐνωτιοθείσης
3503 5691 3532 5746 ὁ
3593 5687 3854 5766 βασιλεὺς

2189 5778 2476 5852 διυπνίσθη
2534 5779 2623 5858 [Ρ.
2692 5782 2820 5857 598]
2876 5780 2968 5837 καὶ
3020 5778 3181 5848 εὐθὺς
3233 5780 3286 5838 ἂν
3340 5778 3528 5855 πλοίῳ
3583 5777 3849 5845 εἰσελθὼν
