  <div class='ocr_page' id='page_1' title='image "/cluster/home/n/w/nwhite01/storage/ocr_20150623/121:no.1/coo.31924054870260/586.png"; bbox 0 0 4184 6418; ppageno 0'>
   <div class='ocr_carea' id='block_1_1' title="bbox 410 408 565 472">
    <p class='ocr_par' dir='ltr' id='par_1_1' title="bbox 410 408 565 472">
     <span class='ocr_line' id='line_1_1' title="bbox 410 408 565 472; baseline 0.006 -2"><span class='ocrx_word' id='word_1_1' title='bbox 410 408 565 472; x_wconf 69' lang='grc'>1149</span> 
     </span>
    </p>
   </div>
   <div class='ocr_carea' id='block_1_2' title="bbox 1546 406 2704 497">
    <p class='ocr_par' dir='ltr' id='par_1_2' title="bbox 1546 406 2704 497">
     <span class='ocr_line' id='line_1_2' title="bbox 1546 406 2704 497; baseline 0.004 -26"><span class='ocrx_word' id='word_1_2' title='bbox 1546 406 2098 497; x_wconf 72' lang='grc' dir='ltr'>ηιετοιιιΑιιυΜ</span> <span class='ocrx_word' id='word_1_3' title='bbox 2140 408 2704 478; x_wconf 77' lang='lat' dir='ltr'><strong>COMPENDIUM.</strong></span> 
     </span>
    </p>
   </div>
   <div class='ocr_carea' id='block_1_3' title="bbox 3671 411 3832 476">
    <p class='ocr_par' dir='ltr' id='par_1_3' title="bbox 3671 411 3832 476">
     <span class='ocr_line' id='line_1_3' title="bbox 3671 411 3832 476; baseline 0.012 -2"><span class='ocrx_word' id='word_1_4' title='bbox 3671 411 3832 476; x_wconf 78' lang='lat' dir='ltr'><strong>mo</strong></span> 
     </span>
    </p>
   </div>
   <div class='ocr_carea' id='block_1_4' title="bbox 405 536 2054 623">
    <p class='ocr_par' dir='ltr' id='par_1_4' title="bbox 405 536 2054 619">
     <span class='ocr_line' id='line_1_4' title="bbox 405 536 2054 619; baseline 0.001 -21"><span class='ocrx_word' id='word_1_5' title='bbox 405 545 501 599; x_wconf 74' lang='grc' dir='ltr'><strong>τοῦ</strong></span> <span class='ocrx_word' id='word_1_6' title='bbox 532 536 786 616; x_wconf 77' lang='grc' dir='ltr'>ἄμϐωνος</span> <span class='ocrx_word' id='word_1_7' title='bbox 818 537 1006 617; x_wconf 71' lang='grc' dir='ltr'>ῥάϐδῳ</span> <span class='ocrx_word' id='word_1_8' title='bbox 1062 538 1267 619; x_wconf 74' lang='grc' dir='ltr'>παχείᾳ</span> <span class='ocrx_word' id='word_1_9' title='bbox 1295 542 1386 597; x_wconf 84' lang='grc' dir='ltr'><strong>καὶ</strong></span> <span class='ocrx_word' id='word_1_10' title='bbox 1418 541 1618 619; x_wconf 77' lang='grc' dir='ltr'>ἰσχυρᾷ</span> <span class='ocrx_word' id='word_1_11' title='bbox 1646 540 1864 602; x_wconf 70' lang='grc' dir='ltr'>’ἔπαισεν</span> <span class='ocrx_word' id='word_1_12' title='bbox 1899 541 2054 601; x_wconf 76' lang='grc' dir='ltr'>αὸτὸν</span> 
     </span>
    </p>
   </div>
   <div class='ocr_carea' id='block_1_5' title="bbox 2166 536 3838 623">
    <p class='ocr_par' dir='ltr' id='par_1_5' title="bbox 2173 545 3838 623">
     <span class='ocr_line' id='line_1_5' title="bbox 2173 545 3838 623; baseline -0.002 -18"><span class='ocrx_word' id='word_1_13' title='bbox 2173 564 2363 622; x_wconf 90' lang='lat' dir='ltr'><strong>eoque</strong></span> <span class='ocrx_word' id='word_1_14' title='bbox 2428 548 2552 606; x_wconf 91' lang='lat' dir='ltr'><strong>ictu</strong></span> <span class='ocrx_word' id='word_1_15' title='bbox 2628 549 3062 623; x_wconf 87' lang='lat' dir='ltr'><strong>imperatorum</strong></span> <span class='ocrx_word' id='word_1_16' title='bbox 3138 550 3433 611; x_wconf 81' lang='lat' dir='ltr'><strong>necasset.</strong></span> <span class='ocrx_word' id='word_1_17' title='bbox 3491 546 3608 605; x_wconf 85' lang='lat' dir='ltr'><strong>nisi</strong></span> <span class='ocrx_word' id='word_1_18' title='bbox 3676 545 3838 603; x_wconf 87' lang='lat' dir='ltr'><strong>inter</strong></span> 
     </span>
    </p>
   </div>
   <div class='ocr_carea' id='block_1_6' title="bbox 405 629 2056 710">
    <p class='ocr_par' dir='ltr' id='par_1_6' title="bbox 405 629 2056 710">
     <span class='ocr_line' id='line_1_6' title="bbox 405 629 2056 710; baseline 0.002 -23"><span class='ocrx_word' id='word_1_19' title='bbox 405 631 542 687; x_wconf 84' lang='grc' dir='ltr'><strong>κατά</strong></span> <span class='ocrx_word' id='word_1_20' title='bbox 595 630 858 706; x_wconf 67' lang='grc' dir='ltr'>κεφαλῆς.</span> <span class='ocrx_word' id='word_1_21' title='bbox 927 631 1027 688; x_wconf 82' lang='grc' dir='ltr'><strong>Καὶ</strong></span> <span class='ocrx_word' id='word_1_22' title='bbox 1083 629 1409 696; x_wconf 71' lang='grc' dir='ltr'><strong>ἐθανάτωσεν</strong></span> <span class='ocrx_word' id='word_1_23' title='bbox 1458 629 1518 687; x_wconf 84' lang='grc' dir='ltr'><strong>ἃν</strong></span> <span class='ocrx_word' id='word_1_24' title='bbox 1577 635 1839 710; x_wconf 74' lang='grc' dir='ltr'>παρευθὺ,</span> <span class='ocrx_word' id='word_1_25' title='bbox 1880 633 1925 690; x_wconf 69' lang='grc' dir='ltr'>εἴ</span> <span class='ocrx_word' id='word_1_26' title='bbox 1982 636 2056 705; x_wconf 82' lang='grc' dir='ltr'>μὴ</span> 
     </span>
    </p>
   </div>
   <div class='ocr_carea' id='block_1_7' title="bbox 405 716 2062 799">
    <p class='ocr_par' dir='ltr' id='par_1_7' title="bbox 405 716 2062 799">
     <span class='ocr_line' id='line_1_7' title="bbox 405 716 2062 799; baseline 0.001 -23"><span class='ocrx_word' id='word_1_27' title='bbox 405 724 469 776; x_wconf 67' lang='grc' dir='ltr'>τε.</span> <span class='ocrx_word' id='word_1_28' title='bbox 500 719 666 793; x_wconf 71' lang='grc' dir='ltr'>ἄκρον</span> <span class='ocrx_word' id='word_1_29' title='bbox 721 728 822 791; x_wconf 81' lang='grc' dir='ltr'><strong>τῆς</strong></span> <span class='ocrx_word' id='word_1_30' title='bbox 880 716 1083 797; x_wconf 73' lang='grc' dir='ltr'>ῥάϐδου</span> <span class='ocrx_word' id='word_1_31' title='bbox 1139 725 1219 795; x_wconf 81' lang='grc' dir='ltr'><strong>τῷ</strong></span> <span class='ocrx_word' id='word_1_32' title='bbox 1275 721 1609 796; x_wconf 74' lang='grc' dir='ltr'>α”ωρημένῳ</span> <span class='ocrx_word' id='word_1_33' title='bbox 1664 723 1859 799; x_wconf 70' lang='grc' dir='ltr'>λύχνῳ</span> <span class='ocrx_word' id='word_1_34' title='bbox 1889 745 2062 795; x_wconf 69' lang='grc' dir='ltr'>προσ-</span> 
     </span>
    </p>
   </div>
   <div class='ocr_carea' id='block_1_8' title="bbox 406 810 2060 893">
    <p class='ocr_par' dir='ltr' id='par_1_8' title="bbox 406 810 2060 893">
     <span class='ocr_line' id='line_1_8' title="bbox 406 810 2060 893; baseline 0.002 -28"><span class='ocrx_word' id='word_1_35' title='bbox 406 810 700 886; x_wconf 83' lang='grc' dir='ltr'>κεκρουκὸς</span> <span class='ocrx_word' id='word_1_36' title='bbox 774 817 874 880; x_wconf 75' lang='grc' dir='ltr'>τῆς</span> <span class='ocrx_word' id='word_1_37' title='bbox 960 810 1143 885; x_wconf 77' lang='grc' dir='ltr'>βιαίας</span> <span class='ocrx_word' id='word_1_38' title='bbox 1230 811 1425 887; x_wconf 66' lang='grc' dir='ltr'>μικρὸν</span> <span class='ocrx_word' id='word_1_39' title='bbox 1511 811 1773 888; x_wconf 82' lang='grc' dir='ltr'>ἀνεσχέθη</span> <span class='ocrx_word' id='word_1_40' title='bbox 1833 817 2004 893; x_wconf 70' lang='grc' dir='ltr'>φορᾶς</span> <span class='ocrx_word' id='word_1_41' title='bbox 2045 856 2060 878; x_wconf 85' lang='grc'><strong>,</strong></span> 
     </span>
    </p>
   </div>
   <div class='ocr_carea' id='block_1_9' title="bbox 409 896 2061 978">
    <p class='ocr_par' dir='ltr' id='par_1_9' title="bbox 409 896 2061 978">
     <span class='ocr_line' id='line_1_9' title="bbox 409 896 2061 978; baseline 0.001 -22"><span class='ocrx_word' id='word_1_42' title='bbox 409 896 646 972; x_wconf 70' lang='grc' dir='ltr'>Αἵματος</span> <span class='ocrx_word' id='word_1_43' title='bbox 678 896 736 955; x_wconf 74' lang='grc' dir='ltr'><strong>δέ</strong></span> <span class='ocrx_word' id='word_1_44' title='bbox 766 896 1006 976; x_wconf 67' lang='grc' dir='ltr'>σφοδροῦ</span> <span class='ocrx_word' id='word_1_45' title='bbox 1063 906 1123 956; x_wconf 76' lang='grc' dir='ltr'>ἐκ</span> <span class='ocrx_word' id='word_1_46' title='bbox 1163 908 1266 969; x_wconf 71' lang='grc' dir='ltr'>τῆς</span> <span class='ocrx_word' id='word_1_47' title='bbox 1294 905 1395 956; x_wconf 81' lang='grc' dir='ltr'><strong>τοῦ</strong></span> <span class='ocrx_word' id='word_1_48' title='bbox 1429 900 1702 976; x_wconf 86' lang='grc' dir='ltr'>βασιλέως</span> <span class='ocrx_word' id='word_1_49' title='bbox 1733 901 2061 978; x_wconf 79' lang='grc' dir='ltr'>καταῤῥέον-</span> 
     </span>
    </p>
   </div>
   <div class='ocr_carea' id='block_1_10' title="bbox 402 990 2059 1070">
    <p class='ocr_par' dir='ltr' id='par_1_10' title="bbox 402 990 2059 1070">
     <span class='ocr_line' id='line_1_10' title="bbox 402 990 2059 1070; baseline 0 -25"><span class='ocrx_word' id='word_1_50' title='bbox 402 1011 497 1053; x_wconf 85' lang='grc' dir='ltr'><strong>τος</strong></span> <span class='ocrx_word' id='word_1_51' title='bbox 554 990 799 1068; x_wconf 77' lang='grc' dir='ltr'><strong>κεφαλῆς</strong></span> <span class='ocrx_word' id='word_1_52' title='bbox 858 992 1075 1066; x_wconf 76' lang='grc' dir='ltr'>ταραχή</span> <span class='ocrx_word' id='word_1_53' title='bbox 1125 1011 1184 1046; x_wconf 85' lang='grc' dir='ltr'><strong>τε</strong></span> <span class='ocrx_word' id='word_1_54' title='bbox 1236 990 1327 1047; x_wconf 79' lang='grc' dir='ltr'><strong>καὶ</strong></span> <span class='ocrx_word' id='word_1_55' title='bbox 1402 993 1548 1070; x_wconf 81' lang='grc' dir='ltr'><strong>φυγή</strong></span> <span class='ocrx_word' id='word_1_56' title='bbox 1608 999 1718 1048; x_wconf 78' lang='grc' dir='ltr'>τῶν</span> <span class='ocrx_word' id='word_1_57' title='bbox 1769 993 2059 1069; x_wconf 77' lang='grc' dir='ltr'>ἀρχόντων</span> 
     </span>
    </p>
   </div>
   <div class='ocr_carea' id='block_1_11' title="bbox 401 1076 2058 1157">
    <p class='ocr_par' dir='ltr' id='par_1_11' title="bbox 401 1076 2058 1157">
     <span class='ocr_line' id='line_1_11' title="bbox 401 1076 2058 1157; baseline 0.001 -22"><span class='ocrx_word' id='word_1_58' title='bbox 401 1078 665 1157; x_wconf 79' lang='grc' dir='ltr'>ἐγένετο.</span> <span class='ocrx_word' id='word_1_59' title='bbox 716 1076 1075 1150; x_wconf 62' lang='grc' dir='ltr'>Ἀλέξανδρος</span> <span class='ocrx_word' id='word_1_60' title='bbox 1135 1078 1192 1136; x_wconf 80' lang='grc' dir='ltr'>δὲ</span> <span class='ocrx_word' id='word_1_61' title='bbox 1245 1079 1273 1134; x_wconf 99' lang='lat'><strong>6</strong></span> <span class='ocrx_word' id='word_1_62' title='bbox 1329 1086 1427 1136; x_wconf 74' lang='grc' dir='ltr'>τοῦ</span> <span class='ocrx_word' id='word_1_63' title='bbox 1489 1078 1759 1156; x_wconf 80' lang='grc' dir='ltr'>βασιλέως</span> <span class='ocrx_word' id='word_1_64' title='bbox 1821 1078 2058 1153; x_wconf 74' lang='grc' dir='ltr'>ἀδελφὸς</span> 
     </span>
    </p>
   </div>
   <div class='ocr_carea' id='block_1_12' title="bbox 397 1165 2059 1244">
    <p class='ocr_par' dir='ltr' id='par_1_12' title="bbox 397 1165 2059 1244">
     <span class='ocr_line' id='line_1_12' title="bbox 397 1165 2059 1244; baseline 0.001 -21"><span class='ocrx_word' id='word_1_65' title='bbox 397 1168 552 1223; x_wconf 89' lang='grc' dir='ltr'>νόσον</span> <span class='ocrx_word' id='word_1_66' title='bbox 590 1167 943 1242; x_wconf 66' lang='grc' dir='ltr'>σκηψάμενος</span> <span class='ocrx_word' id='word_1_67' title='bbox 976 1168 1041 1223; x_wconf 81' lang='grc' dir='ltr'>οὗ</span> <span class='ocrx_word' id='word_1_68' title='bbox 1092 1174 1270 1244; x_wconf 82' lang='grc' dir='ltr'>παρῆν</span> <span class='ocrx_word' id='word_1_69' title='bbox 1314 1168 1366 1224; x_wconf 84' lang='grc' dir='ltr'>ἐν</span> <span class='ocrx_word' id='word_1_70' title='bbox 1414 1171 1484 1243; x_wconf 80' lang='grc' dir='ltr'><strong>τῇ</strong></span> <span class='ocrx_word' id='word_1_71' title='bbox 1516 1165 1738 1242; x_wconf 70' lang='grc' dir='ltr'>εῗσόδῳ,</span> <span class='ocrx_word' id='word_1_72' title='bbox 1770 1169 1859 1223; x_wconf 84' lang='grc' dir='ltr'><strong>καὶ</strong></span> <span class='ocrx_word' id='word_1_73' title='bbox 1893 1166 2059 1224; x_wconf 84' lang='grc' dir='ltr'>δέδω-</span> 
     </span>
    </p>
   </div>
   <div class='ocr_carea' id='block_1_13' title="bbox 398 1254 2055 1330">
    <p class='ocr_par' dir='ltr' id='par_1_13' title="bbox 398 1254 2055 1330">
     <span class='ocr_line' id='line_1_13' title="bbox 398 1254 2055 1330; baseline 0 -17"><span class='ocrx_word' id='word_1_74' title='bbox 398 1278 490 1313; x_wconf 86' lang='grc' dir='ltr'>γεν</span> <span class='ocrx_word' id='word_1_75' title='bbox 524 1257 784 1313; x_wconf 77' lang='grc' dir='ltr'>ὑπόνοιαν</span> <span class='ocrx_word' id='word_1_76' title='bbox 828 1262 944 1320; x_wconf 86' lang='grc' dir='ltr'>τοῖς</span> <span class='ocrx_word' id='word_1_77' title='bbox 977 1255 1214 1317; x_wconf 74' lang='grc' dir='ltr'>πολλοῖς</span> <span class='ocrx_word' id='word_1_78' title='bbox 1272 1258 1372 1325; x_wconf 68' lang='grc' dir='ltr'>τήν</span> <span class='ocrx_word' id='word_1_79' title='bbox 1431 1257 1691 1330; x_wconf 70' lang='grc' dir='ltr'>τοιαύτην</span> <span class='ocrx_word' id='word_1_80' title='bbox 1750 1254 2055 1329; x_wconf 73' lang='grc' dir='ltr'>ἔπιϐουλῆν</span> 
     </span>
    </p>
   </div>
   <div class='ocr_carea' id='block_1_14' title="bbox 399 1339 2056 1419">
    <p class='ocr_par' dir='ltr' id='par_1_14' title="bbox 399 1339 2056 1419">
     <span class='ocr_line' id='line_1_14' title="bbox 399 1339 2056 1419; baseline 0 -21"><span class='ocrx_word' id='word_1_81' title='bbox 399 1343 562 1405; x_wconf 76' lang='grc' dir='ltr'>αὑτὸς</span> <span class='ocrx_word' id='word_1_82' title='bbox 621 1341 893 1419; x_wconf 63' lang='grc' dir='ltr'>σορῥάψαι</span> <span class='ocrx_word' id='word_1_83' title='bbox 926 1385 941 1400; x_wconf 93' lang='grc'><strong>.</strong></span> <span class='ocrx_word' id='word_1_84' title='bbox 999 1343 1062 1400; x_wconf 76' lang='grc' dir='ltr'>Ὀ</span> <span class='ocrx_word' id='word_1_85' title='bbox 1102 1339 1160 1398; x_wconf 78' lang='grc' dir='ltr'>δὲ</span> <span class='ocrx_word' id='word_1_86' title='bbox 1207 1342 1299 1399; x_wconf 86' lang='grc' dir='ltr'>τὸν</span> <span class='ocrx_word' id='word_1_87' title='bbox 1355 1343 1583 1419; x_wconf 86' lang='grc' dir='ltr'>βασιλέα</span> <span class='ocrx_word' id='word_1_88' title='bbox 1630 1343 1843 1414; x_wconf 73' lang='grc' dir='ltr'>πλήξας</span> <span class='ocrx_word' id='word_1_89' title='bbox 1891 1364 2056 1399; x_wconf 85' lang='grc' dir='ltr'>κατα-</span> 
     </span>
    </p>
   </div>
   <div class='ocr_carea' id='block_1_15' title="bbox 395 1432 2055 1510">
    <p class='ocr_par' dir='ltr' id='par_1_15' title="bbox 395 1432 2055 1510">
     <span class='ocr_line' id='line_1_15' title="bbox 395 1432 2055 1510; baseline 0.001 -21"><span class='ocrx_word' id='word_1_90' title='bbox 395 1434 609 1510; x_wconf 72' lang='grc' dir='ltr'>σχεθεὶς</span> <span class='ocrx_word' id='word_1_91' title='bbox 679 1433 769 1489; x_wconf 78' lang='grc' dir='ltr'><strong>καὶ</strong></span> <span class='ocrx_word' id='word_1_92' title='bbox 830 1432 1045 1496; x_wconf 73' lang='grc' dir='ltr'>πολλὰς</span> <span class='ocrx_word' id='word_1_93' title='bbox 1095 1433 1394 1506; x_wconf 76' lang='grc' dir='ltr'>ὑπομείνας</span> <span class='ocrx_word' id='word_1_94' title='bbox 1448 1434 1741 1510; x_wconf 74' lang='grc' dir='ltr'>βασάνους,</span> <span class='ocrx_word' id='word_1_95' title='bbox 1791 1432 1905 1491; x_wconf 74' lang='grc' dir='ltr'>ἐπεὶ</span> <span class='ocrx_word' id='word_1_96' title='bbox 1943 1457 2055 1507; x_wconf 83' lang='grc' dir='ltr'>μη-</span> 
     </span>
    </p>
   </div>
   <div class='ocr_carea' id='block_1_16' title="bbox 397 1518 2057 1598">
    <p class='ocr_par' dir='ltr' id='par_1_16' title="bbox 397 1518 2057 1598">
     <span class='ocr_line' id='line_1_16' title="bbox 397 1518 2057 1598; baseline 0.001 -21"><span class='ocrx_word' id='word_1_97' title='bbox 397 1518 519 1577; x_wconf 77' lang='grc' dir='ltr'>δένα</span> <span class='ocrx_word' id='word_1_98' title='bbox 603 1521 994 1598; x_wconf 79' lang='grc' dir='ltr'>καθωμολόγει</span> <span class='ocrx_word' id='word_1_99' title='bbox 1075 1523 1383 1594; x_wconf 73' lang='grc' dir='ltr'>συνίστορα,</span> <span class='ocrx_word' id='word_1_100' title='bbox 1467 1528 1663 1598; x_wconf 80' lang='grc' dir='ltr'>χεῖρας</span> <span class='ocrx_word' id='word_1_101' title='bbox 1737 1523 1829 1579; x_wconf 86' lang='grc' dir='ltr'><strong>καὶ</strong></span> <span class='ocrx_word' id='word_1_102' title='bbox 1886 1521 2057 1588; x_wconf 82' lang='grc' dir='ltr'>πόδας</span> 
     </span>
    </p>
   </div>
   <div class='ocr_carea' id='block_1_17' title="bbox 397 1612 2056 1693">
    <p class='ocr_par' dir='ltr' id='par_1_17' title="bbox 397 1612 2056 1693">
     <span class='ocr_line' id='line_1_17' title="bbox 397 1612 2056 1693; baseline 0.004 -24"><span class='ocrx_word' id='word_1_103' title='bbox 397 1612 691 1686; x_wconf 76' lang='grc' dir='ltr'>ἐκτμηοεῖς</span> <span class='ocrx_word' id='word_1_104' title='bbox 750 1613 803 1669; x_wconf 85' lang='grc' dir='ltr'><strong>έν</strong></span> <span class='ocrx_word' id='word_1_105' title='bbox 858 1616 926 1687; x_wconf 78' lang='grc' dir='ltr'><strong>τῇ</strong></span> <span class='ocrx_word' id='word_1_106' title='bbox 986 1617 1083 1669; x_wconf 81' lang='grc' dir='ltr'><strong>τοῦ</strong></span> <span class='ocrx_word' id='word_1_107' title='bbox 1156 1613 1388 1671; x_wconf 73' lang='grc' dir='ltr'>ἱππ-κοῦ</span> <span class='ocrx_word' id='word_1_108' title='bbox 1473 1612 1673 1685; x_wconf 75' lang='grc' dir='ltr'>ἐκαύθη</span> <span class='ocrx_word' id='word_1_109' title='bbox 1732 1612 2056 1693; x_wconf 55' lang='grc' dir='ltr'>Σφενδονῃ.</span> 
     </span>
    </p>
   </div>
   <div class='ocr_carea' id='block_1_18' title="bbox 396 1697 2056 1779">
    <p class='ocr_par' dir='ltr' id='par_1_18' title="bbox 396 1697 2056 1779">
     <span class='ocr_line' id='line_1_18' title="bbox 396 1697 2056 1779; baseline 0 -19"><span class='ocrx_word' id='word_1_110' title='bbox 396 1703 708 1779; x_wconf 67' lang='grc' dir='ltr'>Ἐσχόλασε</span> <span class='ocrx_word' id='word_1_111' title='bbox 793 1700 840 1758; x_wconf 86' lang='grc' dir='ltr'>δ’</span> <span class='ocrx_word' id='word_1_112' title='bbox 904 1697 1090 1759; x_wconf 79' lang='grc' dir='ltr'><strong>ἔκτοτε</strong></span> <span class='ocrx_word' id='word_1_113' title='bbox 1143 1705 1236 1760; x_wconf 84' lang='grc' dir='ltr'><strong>καὶ</strong></span> <span class='ocrx_word' id='word_1_114' title='bbox 1295 1706 1330 1775; x_wconf 79' lang='grc' dir='ltr'>ἡ</span> <span class='ocrx_word' id='word_1_115' title='bbox 1399 1703 1624 1775; x_wconf 75' lang='grc' dir='ltr'>τοιαύτη</span> <span class='ocrx_word' id='word_1_116' title='bbox 1678 1703 2056 1779; x_wconf 82' lang='grc' dir='ltr'>προέλευσις,</span> 
     </span>
    </p>
   </div>
   <div class='ocr_carea' id='block_1_19' title="bbox 398 1789 2057 1871">
    <p class='ocr_par' dir='ltr' id='par_1_19' title="bbox 398 1789 2057 1871">
     <span class='ocr_line' id='line_1_19' title="bbox 398 1789 2057 1871; baseline 0.002 -23"><span class='ocrx_word' id='word_1_117' title='bbox 398 1789 496 1848; x_wconf 71' lang='grc' dir='ltr'><strong>κᾶν</strong></span> <span class='ocrx_word' id='word_1_118' title='bbox 526 1793 555 1848; x_wconf 89' lang='lat'><strong>6</strong></span> <span class='ocrx_word' id='word_1_119' title='bbox 587 1793 902 1871; x_wconf 67' lang='grc' dir='ltr'>σοφώτατος</span> <span class='ocrx_word' id='word_1_120' title='bbox 937 1793 1184 1871; x_wconf 84' lang='grc' dir='ltr'>μοναχός</span> <span class='ocrx_word' id='word_1_121' title='bbox 1235 1794 1479 1866; x_wconf 72' lang='grc' dir='ltr'>Μάρκος,</span> <span class='ocrx_word' id='word_1_122' title='bbox 1530 1794 1823 1870; x_wconf 50' lang='grc' dir='ltr'>οῗλκονόμος</span> <span class='ocrx_word' id='word_1_123' title='bbox 1855 1792 1929 1851; x_wconf 79' lang='grc' dir='ltr'>ὣν</span> <span class='ocrx_word' id='word_1_124' title='bbox 1956 1802 2057 1867; x_wconf 80' lang='grc' dir='ltr'>τῆς</span> 
     </span>
    </p>
   </div>
   <div class='ocr_carea' id='block_1_20' title="bbox 399 1880 2055 1960">
    <p class='ocr_par' dir='ltr' id='par_1_20' title="bbox 399 1880 2055 1960">
     <span class='ocr_line' id='line_1_20' title="bbox 399 1880 2055 1960; baseline 0.001 -22"><span class='ocrx_word' id='word_1_125' title='bbox 399 1882 663 1954; x_wconf 74' lang='grc' dir='ltr'>τοιαύτης</span> <span class='ocrx_word' id='word_1_126' title='bbox 725 1889 919 1956; x_wconf 73' lang='grc' dir='ltr'>μονῆς,</span> <span class='ocrx_word' id='word_1_127' title='bbox 974 1883 1002 1938; x_wconf 88' lang='lat'><strong>6</strong></span> <span class='ocrx_word' id='word_1_128' title='bbox 1046 1885 1109 1938; x_wconf 89' lang='grc' dir='ltr'>τὸ</span> <span class='ocrx_word' id='word_1_129' title='bbox 1136 1880 1470 1957; x_wconf 66' lang='grc' dir='ltr'>τετραῴδιον</span> <span class='ocrx_word' id='word_1_130' title='bbox 1525 1886 1637 1958; x_wconf 84' lang='grc'>(26)</span> <span class='ocrx_word' id='word_1_131' title='bbox 1682 1887 1779 1940; x_wconf 75' lang='grc' dir='ltr'><strong>τοῦ</strong></span> <span class='ocrx_word' id='word_1_132' title='bbox 1812 1884 2055 1960; x_wconf 67' lang='grc' dir='ltr'>μεγάλου</span> 
     </span>
    </p>
   </div>
   <div class='ocr_carea' id='block_1_21' title="bbox 401 1966 2059 2050">
    <p class='ocr_par' dir='ltr' id='par_1_21' title="bbox 401 1966 2059 2050">
     <span class='ocr_line' id='line_1_21' title="bbox 401 1966 2059 2050; baseline 0.003 -24"><span class='ocrx_word' id='word_1_133' title='bbox 401 1966 678 2028; x_wconf 79' lang='grc' dir='ltr'>σαϐϐάτου</span> <span class='ocrx_word' id='word_1_134' title='bbox 736 1970 1143 2044; x_wconf 76' lang='grc' dir='ltr'>ἀναπληρώσας</span> <span class='ocrx_word' id='word_1_135' title='bbox 1198 1976 1294 2029; x_wconf 74' lang='grc' dir='ltr'><strong>τοῦ</strong></span> <span class='ocrx_word' id='word_1_136' title='bbox 1349 1977 1520 2050; x_wconf 75' lang='grc' dir='ltr'>κυροῠ</span> <span class='ocrx_word' id='word_1_137' title='bbox 1578 1980 1812 2049; x_wconf 73' lang='grc' dir='ltr'>Κοσμέι,</span> <span class='ocrx_word' id='word_1_138' title='bbox 1867 1972 2059 2031; x_wconf 74' lang='grc' dir='ltr'>πολλὰ</span> 
     </span>
    </p>
   </div>
   <div class='ocr_carea' id='block_1_22' title="bbox 401 2056 2058 2139">
    <p class='ocr_par' dir='ltr' id='par_1_22' title="bbox 401 2056 2058 2139">
     <span class='ocr_line' id='line_1_22' title="bbox 401 2056 2058 2139; baseline 0.001 -23"><span class='ocrx_word' id='word_1_139' title='bbox 401 2056 701 2130; x_wconf 69' lang='grc' dir='ltr'>κατεδεῆθη</span> <span class='ocrx_word' id='word_1_140' title='bbox 761 2064 859 2115; x_wconf 76' lang='grc' dir='ltr'><strong>τοῦ</strong></span> <span class='ocrx_word' id='word_1_141' title='bbox 909 2060 1202 2136; x_wconf 85' lang='grc' dir='ltr'>βασιλέως.</span> <span class='ocrx_word' id='word_1_142' title='bbox 1262 2060 1475 2119; x_wconf 71' lang='grc' dir='ltr'>Τούτου</span> <span class='ocrx_word' id='word_1_143' title='bbox 1529 2062 1634 2139; x_wconf 80' lang='grc' dir='ltr'><strong>γὰρ</strong></span> <span class='ocrx_word' id='word_1_144' title='bbox 1675 2060 1938 2137; x_wconf 86' lang='grc' dir='ltr'>δεομένου</span> <span class='ocrx_word' id='word_1_145' title='bbox 1967 2064 2058 2118; x_wconf 84' lang='grc' dir='ltr'>καὶ</span> 
     </span>
    </p>
   </div>
   <div class='ocr_carea' id='block_1_23' title="bbox 397 2148 2055 2230">
    <p class='ocr_par' dir='ltr' id='par_1_23' title="bbox 397 2148 2055 2230">
     <span class='ocr_line' id='line_1_23' title="bbox 397 2148 2055 2230; baseline 0.003 -25"><span class='ocrx_word' id='word_1_146' title='bbox 397 2151 497 2205; x_wconf 76' lang='grc' dir='ltr'>τοῖ’)</span> <span class='ocrx_word' id='word_1_147' title='bbox 557 2148 829 2225; x_wconf 84' lang='grc' dir='ltr'>βασιλέως</span> <span class='ocrx_word' id='word_1_148' title='bbox 910 2148 1345 2224; x_wconf 76' lang='grc' dir='ltr'>ἀπαναινομένου</span> <span class='ocrx_word' id='word_1_149' title='bbox 1378 2196 1393 2224; x_wconf 84' lang='grc'><strong>,</strong></span> <span class='ocrx_word' id='word_1_150' title='bbox 1453 2152 1617 2230; x_wconf 74' lang='grc' dir='ltr'>φησὶν</span> <span class='ocrx_word' id='word_1_151' title='bbox 1668 2152 1696 2207; x_wconf 83' lang='grc' dir='ltr'>ὸ</span> <span class='ocrx_word' id='word_1_152' title='bbox 1758 2152 2003 2229; x_wconf 87' lang='grc' dir='ltr'>μοναχός</span> <span class='ocrx_word' id='word_1_153' title='bbox 2040 2195 2055 2210; x_wconf 96' lang='grc'><strong>.</strong></span> 
     </span>
    </p>
   </div>
   <div class='ocr_carea' id='block_1_24' title="bbox 402 2236 2053 2318">
    <p class='ocr_par' dir='ltr' id='par_1_24' title="bbox 402 2236 2053 2318">
     <span class='ocr_line' id='line_1_24' title="bbox 402 2236 2053 2318; baseline 0.004 -27"><span class='ocrx_word' id='word_1_154' title='bbox 402 2263 429 2291; x_wconf 87' lang='grc'><strong>‹‹</strong></span> <span class='ocrx_word' id='word_1_155' title='bbox 465 2238 558 2306; x_wconf 80' lang='grc' dir='ltr'><strong>Μὴ</strong></span> <span class='ocrx_word' id='word_1_156' title='bbox 603 2236 826 2315; x_wconf 68' lang='grc' dir='ltr'>όργῚςου</span> <span class='ocrx_word' id='word_1_157' title='bbox 891 2237 1034 2314; x_wconf 72' lang='grc' dir='ltr'>μῆδὶ</span> <span class='ocrx_word' id='word_1_158' title='bbox 1092 2237 1411 2316; x_wconf 75' lang='grc' dir='ltr'>χαλέπαινε,</span> <span class='ocrx_word' id='word_1_159' title='bbox 1448 2242 1531 2314; x_wconf 76' lang='grc' dir='ltr'><strong>[Ρ.</strong></span> <span class='ocrx_word' id='word_1_160' title='bbox 1566 2243 1692 2316; x_wconf 84' lang='grc'><strong>600]</strong></span> <span class='ocrx_word' id='word_1_161' title='bbox 1729 2245 1773 2296; x_wconf 85' lang='grc' dir='ltr'>ὧ</span> <span class='ocrx_word' id='word_1_162' title='bbox 1807 2242 2053 2318; x_wconf 75' lang='grc' dir='ltr'>βασιλεῦ·</span> 
     </span>
    </p>
   </div>
   <div class='ocr_carea' id='block_1_25' title="bbox 397 2325 2058 2407">
    <p class='ocr_par' dir='ltr' id='par_1_25' title="bbox 397 2325 2058 2407">
     <span class='ocr_line' id='line_1_25' title="bbox 397 2325 2058 2407; baseline 0.002 -23"><span class='ocrx_word' id='word_1_163' title='bbox 397 2325 894 2404; x_wconf 78' lang='grc' dir='ltr'>προγεγραμμένον</span> <span class='ocrx_word' id='word_1_164' title='bbox 941 2329 1045 2406; x_wconf 76' lang='grc' dir='ltr'><strong>γὰρ</strong></span> <span class='ocrx_word' id='word_1_165' title='bbox 1102 2329 1171 2400; x_wconf 78' lang='grc' dir='ltr'><strong>ἦν</strong></span> <span class='ocrx_word' id='word_1_166' title='bbox 1230 2335 1418 2395; x_wconf 83' lang='grc' dir='ltr'>παθεῖν</span> <span class='ocrx_word' id='word_1_167' title='bbox 1478 2352 1536 2386; x_wconf 90' lang='grc' dir='ltr'><strong>σε</strong></span> <span class='ocrx_word' id='word_1_168' title='bbox 1591 2331 1740 2404; x_wconf 74' lang='grc' dir='ltr'>παρᾶ</span> <span class='ocrx_word' id='word_1_169' title='bbox 1788 2335 1887 2387; x_wconf 77' lang='grc' dir='ltr'>τοῦ</span> <span class='ocrx_word' id='word_1_170' title='bbox 1916 2353 2058 2407; x_wconf 83' lang='grc' dir='ltr'>προ-</span> 
     </span>
    </p>
   </div>
   <div class='ocr_carea' id='block_1_26' title="bbox 398 2412 2052 2498">
    <p class='ocr_par' dir='ltr' id='par_1_26' title="bbox 398 2412 2052 2498">
     <span class='ocr_line' id='line_1_26' title="bbox 398 2412 2052 2498; baseline 0.002 -25"><span class='ocrx_word' id='word_1_171' title='bbox 398 2418 574 2496; x_wconf 73' lang='grc' dir='ltr'>φήτου</span> <span class='ocrx_word' id='word_1_172' title='bbox 605 2412 793 2489; x_wconf 78' lang='grc' dir='ltr'>Δαϐἓδ,</span> <span class='ocrx_word' id='word_1_173' title='bbox 828 2416 1136 2493; x_wconf 71' lang='grc' dir='ltr'>εἰρηκότος,</span> <span class='ocrx_word' id='word_1_174' title='bbox 1166 2421 1306 2476; x_wconf 69' lang='grc' dir='ltr'>*Οσα</span> <span class='ocrx_word' id='word_1_175' title='bbox 1356 2417 1760 2494; x_wconf 72' lang='grc' dir='ltr'>ἐπονηρεύσατο</span> <span class='ocrx_word' id='word_1_176' title='bbox 1791 2421 1820 2477; x_wconf 86' lang='lat'><strong>6</strong></span> <span class='ocrx_word' id='word_1_177' title='bbox 1852 2419 2052 2498; x_wconf 79' lang='grc' dir='ltr'>ἐχθρὸς</span> 
     </span>
    </p>
   </div>
   <div class='ocr_carea' id='block_1_27' title="bbox 397 2504 2053 2584">
    <p class='ocr_par' dir='ltr' id='par_1_27' title="bbox 397 2504 2053 2584">
     <span class='ocr_line' id='line_1_27' title="bbox 397 2504 2053 2584; baseline 0.002 -22"><span class='ocrx_word' id='word_1_178' title='bbox 397 2504 449 2562; x_wconf 77' lang='grc' dir='ltr'>ἒν</span> <span class='ocrx_word' id='word_1_179' title='bbox 509 2509 588 2578; x_wconf 83' lang='grc' dir='ltr'>τῷ</span> <span class='ocrx_word' id='word_1_180' title='bbox 654 2505 791 2580; x_wconf 77' lang='grc' dir='ltr'>ἀγίῳ</span> <span class='ocrx_word' id='word_1_181' title='bbox 845 2526 964 2577; x_wconf 90' lang='grc' dir='ltr'>σου,</span> <span class='ocrx_word' id='word_1_182' title='bbox 1017 2506 1106 2562; x_wconf 83' lang='grc' dir='ltr'><strong>καὶ</strong></span> <span class='ocrx_word' id='word_1_183' title='bbox 1177 2507 1616 2584; x_wconf 68' lang='grc' dir='ltr'>ένεκαυχτςσάντο</span> <span class='ocrx_word' id='word_1_184' title='bbox 1658 2509 1709 2564; x_wconf 79' lang='grc' dir='ltr'>οἱ</span> <span class='ocrx_word' id='word_1_185' title='bbox 1772 2510 2053 2584; x_wconf 73' lang='grc' dir='ltr'>μισοῦντές</span> 
     </span>
    </p>
   </div>
   <div class='ocr_carea' id='block_1_28' title="bbox 398 2595 2055 2671">
    <p class='ocr_par' dir='ltr' id='par_1_28' title="bbox 398 2595 2055 2671">
     <span class='ocr_line' id='line_1_28' title="bbox 398 2595 2055 2671; baseline 0.002 -19"><span class='ocrx_word' id='word_1_186' title='bbox 398 2617 456 2652; x_wconf 86' lang='grc' dir='ltr'><strong>σε</strong></span> <span class='ocrx_word' id='word_1_187' title='bbox 485 2595 538 2651; x_wconf 85' lang='grc' dir='ltr'>ἐν</span> <span class='ocrx_word' id='word_1_188' title='bbox 575 2596 724 2670; x_wconf 82' lang='grc' dir='ltr'>μέσῳ</span> <span class='ocrx_word' id='word_1_189' title='bbox 754 2602 856 2663; x_wconf 76' lang='grc' dir='ltr'><strong>τῆς</strong></span> <span class='ocrx_word' id='word_1_190' title='bbox 894 2597 1090 2671; x_wconf 68' lang='grc' dir='ltr'>ἑορτῆς</span> <span class='ocrx_word' id='word_1_191' title='bbox 1136 2618 1231 2652; x_wconf 91' lang='grc' dir='ltr'><strong>σου</strong></span> <span class='ocrx_word' id='word_1_192' title='bbox 1258 2600 1270 2654; x_wconf 83' lang='grc' dir='ltr'><strong>ι</strong></span> <span class='ocrx_word' id='word_1_193' title='bbox 1304 2604 1395 2653; x_wconf 88' lang='grc' dir='ltr'>Δεῖ</span> <span class='ocrx_word' id='word_1_194' title='bbox 1423 2598 1515 2653; x_wconf 81' lang='grc' dir='ltr'><strong>οὗν</strong></span> <span class='ocrx_word' id='word_1_195' title='bbox 1550 2619 1628 2669; x_wconf 88' lang='grc' dir='ltr'><strong>σε,</strong></span> <span class='ocrx_word' id='word_1_196' title='bbox 1661 2596 1915 2671; x_wconf 81' lang='grc' dir='ltr'>δέσποτα,</span> <span class='ocrx_word' id='word_1_197' title='bbox 1947 2599 2055 2656; x_wconf 88' lang='grc' dir='ltr'>ἀπὸ</span> 
     </span>
    </p>
   </div>
   <div class='ocr_carea' id='block_1_29' title="bbox 394 2681 2052 2765">
    <p class='ocr_par' dir='ltr' id='par_1_29' title="bbox 394 2681 2052 2765">
     <span class='ocr_line' id='line_1_29' title="bbox 394 2681 2052 2765; baseline 0.001 -24"><span class='ocrx_word' id='word_1_198' title='bbox 394 2686 494 2742; x_wconf 62' lang='lat' dir='ltr'><strong>to?)</strong></span> <span class='ocrx_word' id='word_1_199' title='bbox 522 2691 614 2742; x_wconf 73' lang='grc' dir='ltr'>νῦν</span> <span class='ocrx_word' id='word_1_200' title='bbox 646 2685 730 2742; x_wconf 79' lang='grc' dir='ltr'><strong>ἐπ’</strong></span> <span class='ocrx_word' id='word_1_201' title='bbox 760 2685 909 2743; x_wconf 77' lang='grc' dir='ltr'>ἄλλα</span> <span class='ocrx_word' id='word_1_202' title='bbox 935 2684 1060 2743; x_wconf 81' lang='grc' dir='ltr'>δέκα</span> <span class='ocrx_word' id='word_1_203' title='bbox 1094 2681 1188 2759; x_wconf 78' lang='grc' dir='ltr'>ἔτη</span> <span class='ocrx_word' id='word_1_204' title='bbox 1230 2694 1527 2765; x_wconf 82' lang='grc' dir='ltr'>κατασχεῖν</span> <span class='ocrx_word' id='word_1_205' title='bbox 1558 2690 1658 2760; x_wconf 71' lang='grc' dir='ltr'>τὴν</span> <span class='ocrx_word' id='word_1_206' title='bbox 1693 2687 1990 2764; x_wconf 81' lang='grc' dir='ltr'>βασιλείαν.</span> <span class='ocrx_word' id='word_1_207' title='bbox 2024 2714 2052 2743; x_wconf 79' lang='lat' dir='ltr'><strong>n</strong></span> 
     </span>
    </p>
   </div>
   <div class='ocr_carea' id='block_1_30' title="bbox 395 2774 2052 2856">
    <p class='ocr_par' dir='ltr' id='par_1_30' title="bbox 395 2774 2052 2856">
     <span class='ocr_line' id='line_1_30' title="bbox 395 2774 2052 2856; baseline 0.001 -22"><span class='ocrx_word' id='word_1_208' title='bbox 395 2777 466 2834; x_wconf 75' lang='grc' dir='ltr'><strong>⁸Ὀ</strong></span> <span class='ocrx_word' id='word_1_209' title='bbox 499 2774 565 2846; x_wconf 79' lang='grc' dir='ltr'>δὴ</span> <span class='ocrx_word' id='word_1_210' title='bbox 598 2777 689 2833; x_wconf 82' lang='grc' dir='ltr'><strong>καὶ</strong></span> <span class='ocrx_word' id='word_1_211' title='bbox 731 2778 967 2853; x_wconf 80' lang='grc' dir='ltr'>γέγονεν’</span> <span class='ocrx_word' id='word_1_212' title='bbox 1028 2776 1258 2833; x_wconf 82' lang='grc' dir='ltr'>ἀπέθανε</span> <span class='ocrx_word' id='word_1_213' title='bbox 1316 2778 1423 2853; x_wconf 81' lang='grc' dir='ltr'><strong>γὰρ</strong></span> <span class='ocrx_word' id='word_1_214' title='bbox 1470 2779 1605 2851; x_wconf 81' lang='grc' dir='ltr'>μετᾶ</span> <span class='ocrx_word' id='word_1_215' title='bbox 1658 2776 1786 2834; x_wconf 82' lang='grc' dir='ltr'>δέκα</span> <span class='ocrx_word' id='word_1_216' title='bbox 1814 2779 2052 2856; x_wconf 86' lang='grc' dir='ltr'>χρόνους</span> 
     </span>
    </p>
   </div>
   <div class='ocr_carea' id='block_1_31' title="bbox 391 2864 1627 2945">
    <p class='ocr_par' dir='ltr' id='par_1_31' title="bbox 391 2864 1627 2945">
     <span class='ocr_line' id='line_1_31' title="bbox 391 2864 1627 2945; baseline 0.002 -23"><span class='ocrx_word' id='word_1_217' title='bbox 391 2868 510 2922; x_wconf 84' lang='grc' dir='ltr'>κατ’</span> <span class='ocrx_word' id='word_1_218' title='bbox 549 2866 718 2935; x_wconf 74' lang='grc' dir='ltr'>αὐτὴν</span> <span class='ocrx_word' id='word_1_219' title='bbox 744 2867 846 2936; x_wconf 77' lang='grc' dir='ltr'><strong>τήν</strong></span> <span class='ocrx_word' id='word_1_220' title='bbox 875 2865 1084 2941; x_wconf 83' lang='grc' dir='ltr'>ἡμέραν</span> <span class='ocrx_word' id='word_1_221' title='bbox 1115 2865 1167 2922; x_wconf 80' lang='grc' dir='ltr'>ἐν</span> <span class='ocrx_word' id='word_1_222' title='bbox 1196 2864 1234 2941; x_wconf 72' lang='grc' dir='ltr'>ᾖ</span> <span class='ocrx_word' id='word_1_223' title='bbox 1264 2866 1354 2922; x_wconf 79' lang='grc' dir='ltr'><strong>καὶ</strong></span> <span class='ocrx_word' id='word_1_224' title='bbox 1384 2865 1627 2945; x_wconf 68' lang='grc' dir='ltr'>ἐπλήγη.</span> 
     </span>
    </p>
   </div>
   <div class='ocr_carea' id='block_1_32' title="bbox 464 2954 2048 3036">
    <p class='ocr_par' dir='ltr' id='par_1_32' title="bbox 464 2954 2048 3036">
     <span class='ocr_line' id='line_1_32' title="bbox 464 2954 2048 3036; baseline 0.001 -24"><span class='ocrx_word' id='word_1_225' title='bbox 464 2954 716 3032; x_wconf 77' lang='grc' dir='ltr'>Ηγάγετο</span> <span class='ocrx_word' id='word_1_226' title='bbox 760 2955 848 3010; x_wconf 73' lang='grc' dir='ltr'>καὶ</span> <span class='ocrx_word' id='word_1_227' title='bbox 911 2954 1174 3028; x_wconf 70' lang='grc' dir='ltr'>τετάρτην</span> <span class='ocrx_word' id='word_1_228' title='bbox 1234 2961 1464 3031; x_wconf 86' lang='grc' dir='ltr'>γυναῖκα</span> <span class='ocrx_word' id='word_1_229' title='bbox 1522 2956 1673 3013; x_wconf 82' lang='grc' dir='ltr'>Λέων</span> <span class='ocrx_word' id='word_1_230' title='bbox 1706 2959 1736 3014; x_wconf 85' lang='lat'><strong>6</strong></span> <span class='ocrx_word' id='word_1_231' title='bbox 1769 2958 2048 3036; x_wconf 71' lang='grc' dir='ltr'>βασιλεὺς,</span> 
     </span>
    </p>
   </div>
   <div class='ocr_carea' id='block_1_33' title="bbox 392 3037 2046 3125">
    <p class='ocr_par' dir='ltr' id='par_1_33' title="bbox 392 3037 2046 3125">
     <span class='ocr_line' id='line_1_33' title="bbox 392 3037 2046 3125; baseline 0.003 -27"><span class='ocrx_word' id='word_1_232' title='bbox 392 3045 547 3115; x_wconf 79' lang='grc' dir='ltr'>Ζιυήν</span> <span class='ocrx_word' id='word_1_233' title='bbox 577 3046 677 3113; x_wconf 73' lang='grc' dir='ltr'>τὴν</span> <span class='ocrx_word' id='word_1_234' title='bbox 740 3037 1193 3118; x_wconf 77' lang='grc' dir='ltr'>Καρϐωνοψῖναν,</span> <span class='ocrx_word' id='word_1_235' title='bbox 1243 3044 1367 3114; x_wconf 76' lang='grc' dir='ltr'>ἥτις</span> <span class='ocrx_word' id='word_1_236' title='bbox 1421 3039 1552 3101; x_wconf 79' lang='grc' dir='ltr'>ἐϐίω</span> <span class='ocrx_word' id='word_1_237' title='bbox 1584 3046 1787 3123; x_wconf 79' lang='grc' dir='ltr'>χρόνυν</span> <span class='ocrx_word' id='word_1_238' title='bbox 1845 3050 2046 3125; x_wconf 80' lang='grc' dir='ltr'>συχνὸν</span> 
     </span>
    </p>
   </div>
   <div class='ocr_carea' id='block_1_34' title="bbox 397 3129 2048 3211">
    <p class='ocr_par' dir='ltr' id='par_1_34' title="bbox 397 3129 2048 3211">
     <span class='ocr_line' id='line_1_34' title="bbox 397 3129 2048 3211; baseline 0.003 -25"><span class='ocrx_word' id='word_1_239' title='bbox 397 3132 514 3206; x_wconf 84' lang='grc' dir='ltr'>μετ’</span> <span class='ocrx_word' id='word_1_240' title='bbox 565 3131 732 3187; x_wconf 73' lang='grc' dir='ltr'>αὐτοῦ</span> <span class='ocrx_word' id='word_1_241' title='bbox 778 3132 1015 3211; x_wconf 74' lang='grc' dir='ltr'>ἀστεφής</span> <span class='ocrx_word' id='word_1_242' title='bbox 1071 3134 1205 3205; x_wconf 84' lang='lat'><strong>(27).</strong></span> <span class='ocrx_word' id='word_1_243' title='bbox 1263 3135 1383 3190; x_wconf 81' lang='grc' dir='ltr'><strong>Τῶν</strong></span> <span class='ocrx_word' id='word_1_244' title='bbox 1439 3129 1496 3188; x_wconf 76' lang='grc' dir='ltr'>δὲ</span> <span class='ocrx_word' id='word_1_245' title='bbox 1555 3132 1875 3210; x_wconf 80' lang='grc' dir='ltr'>βουλγάρων</span> <span class='ocrx_word' id='word_1_246' title='bbox 1929 3141 2048 3199; x_wconf 86' lang='grc' dir='ltr'>ταῖς</span> 
     </span>
    </p>
   </div>
   <div class='ocr_carea' id='block_1_35' title="bbox 390 3216 2041 3302">
    <p class='ocr_par' dir='ltr' id='par_1_35' title="bbox 390 3216 2041 3302">
     <span class='ocr_line' id='line_1_35' title="bbox 390 3216 2041 3302; baseline 0.004 -26"><span class='ocrx_word' id='word_1_247' title='bbox 390 3218 610 3297; x_wconf 72' lang='grc' dir='ltr'>ἐφόδοις</span> <span class='ocrx_word' id='word_1_248' title='bbox 662 3222 971 3295; x_wconf 72' lang='grc' dir='ltr'>Ῥωμαέους</span> <span class='ocrx_word' id='word_1_249' title='bbox 1024 3216 1440 3298; x_wconf 70' lang='grc' dir='ltr'>ἐπιτριϐόντων,</span> <span class='ocrx_word' id='word_1_250' title='bbox 1490 3224 1542 3279; x_wconf 79' lang='grc' dir='ltr'>οἱ</span> <span class='ocrx_word' id='word_1_251' title='bbox 1594 3223 1647 3296; x_wconf 79' lang='grc' dir='ltr'>ἐξ</span> <span class='ocrx_word' id='word_1_252' title='bbox 1709 3226 1884 3302; x_wconf 73' lang='grc' dir='ltr'>Ἅγαρ</span> <span class='ocrx_word' id='word_1_253' title='bbox 1941 3248 2041 3299; x_wconf 87' lang='grc' dir='ltr'>μα-</span> 
     </span>
    </p>
   </div>
   <div class='ocr_carea' id='block_1_36' title="bbox 386 3310 2050 3391">
    <p class='ocr_par' dir='ltr' id='par_1_36' title="bbox 386 3310 2050 3391">
     <span class='ocr_line' id='line_1_36' title="bbox 386 3310 2050 3391; baseline 0.003 -25"><span class='ocrx_word' id='word_1_254' title='bbox 386 3310 567 3377; x_wconf 84' lang='grc' dir='ltr'>θόντες</span> <span class='ocrx_word' id='word_1_255' title='bbox 623 3315 786 3367; x_wconf 73' lang='grc' dir='ltr'>τοῦτο</span> <span class='ocrx_word' id='word_1_256' title='bbox 820 3310 1018 3367; x_wconf 81' lang='grc' dir='ltr'>στόλον</span> <span class='ocrx_word' id='word_1_257' title='bbox 1080 3310 1461 3387; x_wconf 75' lang='grc' dir='ltr'>ἐξαρτ·3σαντες</span> <span class='ocrx_word' id='word_1_258' title='bbox 1516 3314 1654 3369; x_wconf 67' lang='grc' dir='ltr'>κατὰ</span> <span class='ocrx_word' id='word_1_259' title='bbox 1700 3319 1809 3370; x_wconf 84' lang='grc' dir='ltr'>τῶν</span> <span class='ocrx_word' id='word_1_260' title='bbox 1868 3335 2050 3391; x_wconf 87' lang='grc' dir='ltr'>παρα-</span> 
     </span>
    </p>
   </div>
   <div class='ocr_carea' id='block_1_37' title="bbox 382 3398 2046 3478">
    <p class='ocr_par' dir='ltr' id='par_1_37' title="bbox 382 3398 2046 3478">
     <span class='ocr_line' id='line_1_37' title="bbox 382 3398 2046 3478; baseline 0.002 -21"><span class='ocrx_word' id='word_1_261' title='bbox 382 3399 517 3458; x_wconf 74' lang='grc' dir='ltr'>λίων</span> <span class='ocrx_word' id='word_1_262' title='bbox 584 3407 683 3470; x_wconf 85' lang='grc' dir='ltr'><strong>τῆς</strong></span> <span class='ocrx_word' id='word_1_263' title='bbox 742 3398 924 3477; x_wconf 75' lang='grc' dir='ltr'>ἀρχῆς</span> <span class='ocrx_word' id='word_1_264' title='bbox 1002 3400 1295 3476; x_wconf 76' lang='grc' dir='ltr'>Ῥωμαίων</span> <span class='ocrx_word' id='word_1_265' title='bbox 1354 3401 1772 3478; x_wconf 78' lang='grc' dir='ltr'>ἐκπέμπουσιν,</span> <span class='ocrx_word' id='word_1_266' title='bbox 1820 3404 2046 3477; x_wconf 82' lang='grc' dir='ltr'>ἐπιστή-</span> 
     </span>
    </p>
   </div>
   <div class='ocr_carea' id='block_1_38' title="bbox 386 3488 2048 3572">
    <p class='ocr_par' dir='ltr' id='par_1_38' title="bbox 386 3488 2048 3572">
     <span class='ocr_line' id='line_1_38' title="bbox 386 3488 2048 3572; baseline 0.002 -26"><span class='ocrx_word' id='word_1_267' title='bbox 386 3511 569 3553; x_wconf 84' lang='grc' dir='ltr'>σαντες</span> <span class='ocrx_word' id='word_1_268' title='bbox 627 3493 708 3562; x_wconf 81' lang='grc' dir='ltr'>τῷ</span> <span class='ocrx_word' id='word_1_269' title='bbox 765 3488 953 3563; x_wconf 86' lang='grc' dir='ltr'>στόλῳ</span> <span class='ocrx_word' id='word_1_270' title='bbox 1010 3489 1288 3572; x_wconf 77' lang='grc' dir='ltr'>ναύαρχον</span> <span class='ocrx_word' id='word_1_271' title='bbox 1345 3494 1550 3548; x_wconf 83' lang='grc' dir='ltr'>Λέοντα</span> <span class='ocrx_word' id='word_1_272' title='bbox 1592 3493 1685 3549; x_wconf 85' lang='grc' dir='ltr'><strong>τὸν</strong></span> <span class='ocrx_word' id='word_1_273' title='bbox 1760 3491 2048 3561; x_wconf 79' lang='grc' dir='ltr'>’Δτταλέα,</span> 
     </span>
    </p>
   </div>
   <div class='ocr_carea' id='block_1_39' title="bbox 393 3578 2051 3661">
    <p class='ocr_par' dir='ltr' id='par_1_39' title="bbox 393 3578 2051 3661">
     <span class='ocr_line' id='line_1_39' title="bbox 393 3578 2051 3661; baseline 0.001 -23"><span class='ocrx_word' id='word_1_274' title='bbox 393 3582 494 3650; x_wconf 74' lang='grc' dir='ltr'>τὴν</span> <span class='ocrx_word' id='word_1_275' title='bbox 543 3580 884 3652; x_wconf 78' lang='grc' dir='ltr'>Χριστιανῶν</span> <span class='ocrx_word' id='word_1_276' title='bbox 940 3578 1344 3653; x_wconf 70' lang='grc' dir='ltr'>ἐξομοσάμενον</span> <span class='ocrx_word' id='word_1_277' title='bbox 1400 3581 1604 3649; x_wconf 83' lang='grc' dir='ltr'>πίστιν,</span> <span class='ocrx_word' id='word_1_278' title='bbox 1660 3582 1758 3639; x_wconf 75' lang='grc' dir='ltr'><strong>κάν</strong></span> <span class='ocrx_word' id='word_1_279' title='bbox 1818 3588 1886 3660; x_wconf 77' lang='grc' dir='ltr'><strong>τῇ</strong></span> <span class='ocrx_word' id='word_1_280' title='bbox 1916 3586 2051 3661; x_wconf 79' lang='grc' dir='ltr'>Τρι-</span> 
     </span>
    </p>
   </div>
   <div class='ocr_carea' id='block_1_40' title="bbox 390 3666 2049 3750">
    <p class='ocr_par' dir='ltr' id='par_1_40' title="bbox 390 3666 2049 3750">
     <span class='ocr_line' id='line_1_40' title="bbox 390 3666 2049 3750; baseline 0.002 -25"><span class='ocrx_word' id='word_1_281' title='bbox 390 3666 555 3725; x_wconf 83' lang='grc' dir='ltr'>πόλει</span> <span class='ocrx_word' id='word_1_282' title='bbox 586 3671 700 3737; x_wconf 80' lang='grc'>(28)</span> <span class='ocrx_word' id='word_1_283' title='bbox 759 3668 1053 3736; x_wconf 71' lang='grc' dir='ltr'>οἰκήσαντα</span> <span class='ocrx_word' id='word_1_284' title='bbox 1101 3669 1197 3739; x_wconf 69' lang='grc' dir='ltr'>κάξ</span> <span class='ocrx_word' id='word_1_285' title='bbox 1229 3670 1398 3739; x_wconf 76' lang='grc' dir='ltr'>αὐτῆς</span> <span class='ocrx_word' id='word_1_286' title='bbox 1431 3669 1701 3750; x_wconf 68' lang='grc' dir='ltr'>εῗληφότα</span> <span class='ocrx_word' id='word_1_287' title='bbox 1736 3674 1837 3743; x_wconf 78' lang='grc' dir='ltr'><strong>τήν</strong></span> <span class='ocrx_word' id='word_1_288' title='bbox 1869 3694 2049 3749; x_wconf 84' lang='grc' dir='ltr'>προσ-</span> 
     </span>
    </p>
   </div>
   <div class='ocr_carea' id='block_1_41' title="bbox 391 3752 2051 3840">
    <p class='ocr_par' dir='ltr' id='par_1_41' title="bbox 391 3752 2051 3840">
     <span class='ocr_line' id='line_1_41' title="bbox 391 3752 2051 3840; baseline 0.002 -26"><span class='ocrx_word' id='word_1_289' title='bbox 391 3758 619 3834; x_wconf 81' lang='grc' dir='ltr'>ηγορίαν</span> <span class='ocrx_word' id='word_1_290' title='bbox 676 3760 917 3836; x_wconf 73' lang='grc' dir='ltr'>Ἔφθασε</span> <span class='ocrx_word' id='word_1_291' title='bbox 964 3752 1021 3813; x_wconf 78' lang='grc' dir='ltr'>δὲ</span> <span class='ocrx_word' id='word_1_292' title='bbox 1074 3757 1166 3813; x_wconf 86' lang='grc' dir='ltr'><strong>τὸν</strong></span> <span class='ocrx_word' id='word_1_293' title='bbox 1231 3757 1458 3834; x_wconf 82' lang='grc' dir='ltr'>βασιλέα</span> <span class='ocrx_word' id='word_1_294' title='bbox 1500 3762 1535 3830; x_wconf 74' lang='grc' dir='ltr'><strong>ἡ</strong></span> <span class='ocrx_word' id='word_1_295' title='bbox 1585 3761 1710 3836; x_wconf 76' lang='grc' dir='ltr'>περὶ</span> <span class='ocrx_word' id='word_1_296' title='bbox 1758 3766 1860 3816; x_wconf 78' lang='grc' dir='ltr'><strong>τοῦ</strong></span> <span class='ocrx_word' id='word_1_297' title='bbox 1917 3764 2051 3840; x_wconf 86' lang='grc' dir='ltr'>Τρι-</span> 
     </span>
    </p>
   </div>
   <div class='ocr_carea' id='block_1_42' title="bbox 394 3844 2051 3923">
    <p class='ocr_par' dir='ltr' id='par_1_42' title="bbox 394 3844 2051 3923">
     <span class='ocr_line' id='line_1_42' title="bbox 394 3844 2051 3923; baseline -0.001 -16"><span class='ocrx_word' id='word_1_298' title='bbox 394 3847 633 3907; x_wconf 80' lang='grc' dir='ltr'>πολίτου</span> <span class='ocrx_word' id='word_1_299' title='bbox 690 3846 923 3922; x_wconf 77' lang='grc' dir='ltr'>ἀγγελία</span> <span class='ocrx_word' id='word_1_300' title='bbox 978 3849 1115 3903; x_wconf 84' lang='grc' dir='ltr'><strong>κατά</strong></span> <span class='ocrx_word' id='word_1_301' title='bbox 1163 3848 1226 3903; x_wconf 85' lang='grc' dir='ltr'><strong>τὸ</strong></span> <span class='ocrx_word' id='word_1_302' title='bbox 1284 3844 1550 3923; x_wconf 82' lang='grc' dir='ltr'>ἐμπόριον</span> <span class='ocrx_word' id='word_1_303' title='bbox 1606 3853 1705 3905; x_wconf 76' lang='grc' dir='ltr'><strong>τοῦ</strong></span> <span class='ocrx_word' id='word_1_304' title='bbox 1763 3851 2051 3922; x_wconf 81' lang='grc' dir='ltr'>Βοαιτίου,</span> 
     </span>
    </p>
   </div>
   <div class='ocr_carea' id='block_1_43' title="bbox 394 3935 2047 4015">
    <p class='ocr_par' dir='ltr' id='par_1_43' title="bbox 394 3935 2047 4015">
     <span class='ocr_line' id='line_1_43' title="bbox 394 3935 2047 4015; baseline -0.001 -21"><span class='ocrx_word' id='word_1_305' title='bbox 394 3937 566 3995; x_wconf 69' lang='grc' dir='ltr'>ἐκεῖσε</span> <span class='ocrx_word' id='word_1_306' title='bbox 636 3937 932 4014; x_wconf 87' lang='grc' dir='ltr'>γενόμενον</span> <span class='ocrx_word' id='word_1_307' title='bbox 1018 3935 1109 3992; x_wconf 66' lang='lat' dir='ltr'><strong>liti</strong></span> <span class='ocrx_word' id='word_1_308' title='bbox 1164 3940 1243 4011; x_wconf 81' lang='grc' dir='ltr'>τῷ</span> <span class='ocrx_word' id='word_1_309' title='bbox 1302 3939 1639 3994; x_wconf 83' lang='grc' dir='ltr'>ἀνακαινίσαι</span> <span class='ocrx_word' id='word_1_310' title='bbox 1715 3939 1817 4008; x_wconf 81' lang='grc' dir='ltr'><strong>τήν</strong></span> <span class='ocrx_word' id='word_1_311' title='bbox 1875 3943 2047 4015; x_wconf 81' lang='grc' dir='ltr'>μονὴν</span> 
     </span>
    </p>
   </div>
   <div class='ocr_carea' id='block_1_44' title="bbox 393 4023 2052 4110">
    <p class='ocr_par' dir='ltr' id='par_1_44' title="bbox 393 4023 2052 4110">
     <span class='ocr_line' id='line_1_44' title="bbox 393 4023 2052 4110; baseline -0.001 -21"><span class='ocrx_word' id='word_1_312' title='bbox 393 4030 772 4110; x_wconf 73' lang='grc' dir='ltr'>Χριστοφόρου</span> <span class='ocrx_word' id='word_1_313' title='bbox 833 4023 1339 4105; x_wconf 71' lang='grc' dir='ltr'>πρωτοϐεστιαρίου</span> <span class='ocrx_word' id='word_1_314' title='bbox 1413 4030 1600 4090; x_wconf 83' lang='grc' dir='ltr'>αὐτοῦ.</span> <span class='ocrx_word' id='word_1_315' title='bbox 1663 4033 2052 4109; x_wconf 78' lang='grc' dir='ltr'>Προσετίθεσαν</span> 
     </span>
    </p>
   </div>
   <div class='ocr_carea' id='block_1_45' title="bbox 398 4121 2046 4203">
    <p class='ocr_par' dir='ltr' id='par_1_45' title="bbox 398 4121 2046 4203">
     <span class='ocr_line' id='line_1_45' title="bbox 398 4121 2046 4203; baseline 0.001 -23"><span class='ocrx_word' id='word_1_316' title='bbox 398 4122 444 4180; x_wconf 84' lang='grc' dir='ltr'>δ’</span> <span class='ocrx_word' id='word_1_317' title='bbox 486 4126 534 4181; x_wconf 66' lang='grc' dir='ltr'>οἱ</span> <span class='ocrx_word' id='word_1_318' title='bbox 587 4121 975 4198; x_wconf 70' lang='grc' dir='ltr'>ἀγγελιαφόροι</span> <span class='ocrx_word' id='word_1_319' title='bbox 1027 4124 1103 4188; x_wconf 84' lang='grc' dir='ltr'>ὡς</span> <span class='ocrx_word' id='word_1_320' title='bbox 1154 4125 1274 4180; x_wconf 82' lang='grc' dir='ltr'>κατ’</span> <span class='ocrx_word' id='word_1_321' title='bbox 1327 4123 1498 4196; x_wconf 80' lang='grc' dir='ltr'>αὐτῆς</span> <span class='ocrx_word' id='word_1_322' title='bbox 1554 4122 1672 4201; x_wconf 79' lang='grc' dir='ltr'>ἔχει</span> <span class='ocrx_word' id='word_1_323' title='bbox 1728 4126 1829 4195; x_wconf 71' lang='grc' dir='ltr'><strong>τήν</strong></span> <span class='ocrx_word' id='word_1_324' title='bbox 1867 4127 2046 4203; x_wconf 76' lang='grc' dir='ltr'>ὁρμὴν</span> 
     </span>
    </p>
   </div>
   <div class='ocr_carea' id='block_1_46' title="bbox 400 4209 2050 4291">
    <p class='ocr_par' dir='ltr' id='par_1_46' title="bbox 400 4209 2050 4291">
     <span class='ocr_line' id='line_1_46' title="bbox 400 4209 2050 4291; baseline 0.002 -21"><span class='ocrx_word' id='word_1_325' title='bbox 400 4221 501 4285; x_wconf 79' lang='grc' dir='ltr'><strong>τῆς</strong></span> <span class='ocrx_word' id='word_1_326' title='bbox 555 4209 880 4289; x_wconf 78' lang='grc' dir='ltr'>βασιλίδος.</span> <span class='ocrx_word' id='word_1_327' title='bbox 943 4211 1152 4288; x_wconf 80' lang='grc' dir='ltr'>Πέμπει</span> <span class='ocrx_word' id='word_1_328' title='bbox 1212 4213 1301 4270; x_wconf 74' lang='grc' dir='ltr'>οὖν</span> <span class='ocrx_word' id='word_1_329' title='bbox 1360 4214 1389 4270; x_wconf 82' lang='grc' dir='ltr'>ὁ</span> <span class='ocrx_word' id='word_1_330' title='bbox 1441 4213 1699 4291; x_wconf 70' lang='grc' dir='ltr'>βασιλεὺς</span> <span class='ocrx_word' id='word_1_331' title='bbox 1759 4215 2050 4274; x_wconf 75' lang='grc' dir='ltr'>Εὐστάθιον</span> 
     </span>
    </p>
   </div>
   <div class='ocr_carea' id='block_1_47' title="bbox 397 4300 2049 4379">
    <p class='ocr_par' dir='ltr' id='par_1_47' title="bbox 397 4300 2049 4379">
     <span class='ocr_line' id='line_1_47' title="bbox 397 4300 2049 4379; baseline 0.002 -19"><span class='ocrx_word' id='word_1_332' title='bbox 397 4304 491 4360; x_wconf 85' lang='grc' dir='ltr'><strong>τὸν</strong></span> <span class='ocrx_word' id='word_1_333' title='bbox 536 4305 846 4374; x_wconf 76' lang='grc' dir='ltr'>’τηνικαῦτα</span> <span class='ocrx_word' id='word_1_334' title='bbox 879 4300 1237 4379; x_wconf 77' lang='grc' dir='ltr'>δρουγγάριον</span> <span class='ocrx_word' id='word_1_335' title='bbox 1270 4308 1377 4359; x_wconf 85' lang='grc' dir='ltr'>τῶν</span> <span class='ocrx_word' id='word_1_336' title='bbox 1436 4304 1710 4379; x_wconf 76' lang='grc' dir='ltr'>πλωΐμων</span> <span class='ocrx_word' id='word_1_337' title='bbox 1769 4305 1904 4379; x_wconf 83' lang='grc' dir='ltr'>μετὰ</span> <span class='ocrx_word' id='word_1_338' title='bbox 1952 4305 2049 4363; x_wconf 82' lang='grc' dir='ltr'>τοῦ</span> 
     </span>
    </p>
   </div>
   <div class='ocr_carea' id='block_1_48' title="bbox 396 4387 2050 4472">
    <p class='ocr_par' dir='ltr' id='par_1_48' title="bbox 396 4387 2050 4472">
     <span class='ocr_line' id='line_1_48' title="bbox 396 4387 2050 4472; baseline -0.001 -22"><span class='ocrx_word' id='word_1_339' title='bbox 396 4390 619 4457; x_wconf 82' lang='grc' dir='ltr'>στόλου,</span> <span class='ocrx_word' id='word_1_340' title='bbox 679 4392 740 4454; x_wconf 87' lang='grc' dir='ltr'><strong>’ὸς</strong></span> <span class='ocrx_word' id='word_1_341' title='bbox 792 4393 868 4465; x_wconf 85' lang='grc' dir='ltr'>μή</span> <span class='ocrx_word' id='word_1_342' title='bbox 914 4387 1161 4463; x_wconf 70' lang='grc' dir='ltr'>δυνηθεῗς</span> <span class='ocrx_word' id='word_1_343' title='bbox 1202 4392 1579 4465; x_wconf 80' lang='grc' dir='ltr'>ἀντιτάξασθαι</span> <span class='ocrx_word' id='word_1_344' title='bbox 1630 4398 1711 4467; x_wconf 81' lang='grc' dir='ltr'><strong>τῷ</strong></span> <span class='ocrx_word' id='word_1_345' title='bbox 1741 4394 2050 4472; x_wconf 73' lang='grc' dir='ltr'>Τριπολίτῃ</span> 
     </span>
    </p>
   </div>
   <div class='ocr_carea' id='block_1_49' title="bbox 399 4481 2047 4560">
    <p class='ocr_par' dir='ltr' id='par_1_49' title="bbox 399 4481 2047 4560">
     <span class='ocr_line' id='line_1_49' title="bbox 399 4481 2047 4560; baseline 0.001 -20"><span class='ocrx_word' id='word_1_346' title='bbox 399 4481 709 4559; x_wconf 66' lang='grc' dir='ltr'>ὑπεπρᾶςρη</span> <span class='ocrx_word' id='word_1_347' title='bbox 768 4482 922 4544; x_wconf 85' lang='grc' dir='ltr'>κενός</span> <span class='ocrx_word' id='word_1_348' title='bbox 957 4528 972 4540; x_wconf 93' lang='grc'><strong>.</strong></span> <span class='ocrx_word' id='word_1_349' title='bbox 1042 4481 1341 4557; x_wconf 79' lang='grc' dir='ltr'>Ἐπόμενος</span> <span class='ocrx_word' id='word_1_350' title='bbox 1408 4481 1466 4539; x_wconf 68' lang='grc' dir='ltr'><strong>δί</strong></span> <span class='ocrx_word' id='word_1_351' title='bbox 1520 4483 1701 4558; x_wconf 74' lang='grc' dir='ltr'>τούτῳ</span> <span class='ocrx_word' id='word_1_352' title='bbox 1761 4484 1790 4541; x_wconf 86' lang='lat'><strong>6</strong></span> <span class='ocrx_word' id='word_1_353' title='bbox 1847 4490 2047 4560; x_wconf 79' lang='grc' dir='ltr'><strong>Τριπο⁶</strong></span> 
     </span>
    </p>
   </div>
   <div class='ocr_carea' id='block_1_50' title="bbox 397 4569 2049 4646">
    <p class='ocr_par' dir='ltr' id='par_1_50' title="bbox 397 4569 2049 4646">
     <span class='ocr_line' id='line_1_50' title="bbox 397 4569 2049 4646; baseline 0 -15"><span class='ocrx_word' id='word_1_354' title='bbox 397 4571 556 4643; x_wconf 81' lang='grc' dir='ltr'>λίτης</span> <span class='ocrx_word' id='word_1_355' title='bbox 590 4569 839 4643; x_wconf 69' lang='grc' dir='ltr'>εἰσῆλθεν</span> <span class='ocrx_word' id='word_1_356' title='bbox 873 4571 951 4636; x_wconf 71' lang='grc' dir='ltr'>εἷς</span> <span class='ocrx_word' id='word_1_357' title='bbox 1008 4571 1077 4628; x_wconf 69' lang='grc' dir='ltr'><strong>τὰ</strong></span> <span class='ocrx_word' id='word_1_358' title='bbox 1122 4573 1282 4628; x_wconf 84' lang='grc' dir='ltr'>στενᾶ</span> <span class='ocrx_word' id='word_1_359' title='bbox 1335 4576 1433 4629; x_wconf 83' lang='grc' dir='ltr'><strong>τοῦ</strong></span> <span class='ocrx_word' id='word_1_360' title='bbox 1485 4573 1926 4646; x_wconf 77' lang='grc' dir='ltr'>Ἑλλησπόντου,</span> <span class='ocrx_word' id='word_1_361' title='bbox 1957 4576 2049 4633; x_wconf 82' lang='grc' dir='ltr'><strong>καὶ</strong></span> 
     </span>
    </p>
   </div>
   <div class='ocr_carea' id='block_1_51' title="bbox 2169 637 3837 710">
    <p class='ocr_par' dir='ltr' id='par_1_51' title="bbox 2169 637 3837 710">
     <span class='ocr_line' id='line_1_51' title="bbox 2169 637 3837 710; baseline -0.001 -16"><span class='ocrx_word' id='word_1_362' title='bbox 2169 638 2515 696; x_wconf 80' lang='lat' dir='ltr'><strong>feriendum</strong></span> <span class='ocrx_word' id='word_1_363' title='bbox 2566 639 2718 695; x_wconf 88' lang='lat' dir='ltr'><strong>fuste</strong></span> <span class='ocrx_word' id='word_1_364' title='bbox 2767 639 2830 694; x_wconf 88' lang='lat' dir='ltr'><strong>in</strong></span> <span class='ocrx_word' id='word_1_365' title='bbox 2862 655 3217 710; x_wconf 89' lang='lat' dir='ltr'><strong>suspensum</strong></span> <span class='ocrx_word' id='word_1_366' title='bbox 3262 639 3518 710; x_wconf 87' lang='lat' dir='ltr'><strong>impacto</strong></span> <span class='ocrx_word' id='word_1_367' title='bbox 3549 637 3837 694; x_wconf 71' lang='lat' dir='ltr'><strong>candela-</strong></span> 
     </span>
    </p>
   </div>
   <div class='ocr_carea' id='block_1_52' title="bbox 2175 728 3838 791">
    <p class='ocr_par' dir='ltr' id='par_1_52' title="bbox 2175 728 3838 791">
     <span class='ocr_line' id='line_1_52' title="bbox 2175 728 3838 791; baseline -0.002 -7"><span class='ocrx_word' id='word_1_368' title='bbox 2175 728 2376 791; x_wconf 85' lang='lat' dir='ltr'><strong>brum,</strong></span> <span class='ocrx_word' id='word_1_369' title='bbox 2408 730 2748 786; x_wconf 71' lang='lat' dir='ltr'><strong>violentiam</strong></span> <span class='ocrx_word' id='word_1_370' title='bbox 2781 731 2934 785; x_wconf 88' lang='lat' dir='ltr'><strong>ictus</strong></span> <span class='ocrx_word' id='word_1_371' title='bbox 2965 728 3243 785; x_wconf 87' lang='lat' dir='ltr'><strong>nonnihil</strong></span> <span class='ocrx_word' id='word_1_372' title='bbox 3267 729 3616 785; x_wconf 76' lang='lat' dir='ltr'><strong>remisisset.</strong></span> <span class='ocrx_word' id='word_1_373' title='bbox 3648 728 3838 784; x_wconf 86' lang='lat' dir='ltr'><strong>Pluri-</strong></span> 
     </span>
    </p>
   </div>
   <div class='ocr_carea' id='block_1_53' title="bbox 2170 817 3833 893">
    <p class='ocr_par' dir='ltr' id='par_1_53' title="bbox 2170 817 3833 893">
     <span class='ocr_line' id='line_1_53' title="bbox 2170 817 3833 893; baseline -0.001 -19"><span class='ocrx_word' id='word_1_374' title='bbox 2170 835 2336 874; x_wconf 87' lang='lat' dir='ltr'><strong>mum</strong></span> <span class='ocrx_word' id='word_1_375' title='bbox 2370 819 2610 893; x_wconf 84' lang='lat' dir='ltr'><strong>quidem</strong></span> <span class='ocrx_word' id='word_1_376' title='bbox 2644 819 2952 891; x_wconf 69' lang='lat' dir='ltr'><strong>sanguinis</strong></span> <span class='ocrx_word' id='word_1_377' title='bbox 2984 835 3054 874; x_wconf 81' lang='lat' dir='ltr'><strong>ex</strong></span> <span class='ocrx_word' id='word_1_378' title='bbox 3085 818 3329 874; x_wconf 80' lang='lat' dir='ltr'><strong>vulnere</strong></span> <span class='ocrx_word' id='word_1_379' title='bbox 3347 818 3616 885; x_wconf 82' lang='lat' dir='ltr'><strong>efﬂuxit;</strong></span> <span class='ocrx_word' id='word_1_380' title='bbox 3643 817 3833 874; x_wconf 85' lang='lat' dir='ltr'><strong>inter-</strong></span> 
     </span>
    </p>
   </div>
   <div class='ocr_carea' id='block_1_54' title="bbox 2170 906 3829 981">
    <p class='ocr_par' dir='ltr' id='par_1_54' title="bbox 2170 906 3829 981">
     <span class='ocr_line' id='line_1_54' title="bbox 2170 906 3829 981; baseline -0.001 -16"><span class='ocrx_word' id='word_1_381' title='bbox 2170 925 2286 980; x_wconf 87' lang='lat' dir='ltr'><strong>que</strong></span> <span class='ocrx_word' id='word_1_382' title='bbox 2314 926 2594 980; x_wconf 82' lang='lat' dir='ltr'><strong>proceres</strong></span> <span class='ocrx_word' id='word_1_383' title='bbox 2626 910 3051 966; x_wconf 74' lang='lat' dir='ltr'>tumultuatum</span> <span class='ocrx_word' id='word_1_384' title='bbox 3085 914 3143 964; x_wconf 90' lang='lat' dir='ltr'><strong>et</strong></span> <span class='ocrx_word' id='word_1_385' title='bbox 3173 909 3309 981; x_wconf 81' lang='lat' dir='ltr'><strong>fuga</strong></span> <span class='ocrx_word' id='word_1_386' title='bbox 3340 909 3493 963; x_wconf 87' lang='lat' dir='ltr'><strong>facta</strong></span> <span class='ocrx_word' id='word_1_387' title='bbox 3524 913 3632 963; x_wconf 86' lang='lat' dir='ltr'><strong>est.</strong></span> <span class='ocrx_word' id='word_1_388' title='bbox 3654 906 3737 963; x_wconf 70' lang='lat' dir='ltr'><strong>Ab</strong></span> <span class='ocrx_word' id='word_1_389' title='bbox 3760 924 3829 963; x_wconf 89' lang='lat' dir='ltr'><strong>ea</strong></span> 
     </span>
    </p>
   </div>
   <div class='ocr_carea' id='block_1_55' title="bbox 2169 997 3832 1071">
    <p class='ocr_par' dir='ltr' id='par_1_55' title="bbox 2169 997 3832 1071">
     <span class='ocr_line' id='line_1_55' title="bbox 2169 997 3832 1071; baseline -0.001 -16"><span class='ocrx_word' id='word_1_390' title='bbox 2169 1016 2390 1071; x_wconf 82' lang='lat' dir='ltr'>pompa</span> <span class='ocrx_word' id='word_1_391' title='bbox 2422 1000 2625 1056; x_wconf 76' lang='grc'><strong>1061</strong></span> <span class='ocrx_word' id='word_1_392' title='bbox 2668 1006 2793 1056; x_wconf 88' lang='lat' dir='ltr'><strong>tum</strong></span> <span class='ocrx_word' id='word_1_393' title='bbox 2829 998 3021 1055; x_wconf 86' lang='lat' dir='ltr'><strong>abfuit</strong></span> <span class='ocrx_word' id='word_1_394' title='bbox 3058 997 3411 1064; x_wconf 79' lang='lat' dir='ltr'><strong>Alexander,</strong></span> <span class='ocrx_word' id='word_1_395' title='bbox 3452 997 3832 1069; x_wconf 84' lang='lat' dir='ltr'><strong>imperatoris</strong></span> 
     </span>
    </p>
   </div>
   <div class='ocr_carea' id='block_1_56' title="bbox 2167 1088 3830 1151">
    <p class='ocr_par' dir='ltr' id='par_1_56' title="bbox 2167 1088 3830 1151">
     <span class='ocr_line' id='line_1_56' title="bbox 2167 1088 3830 1151; baseline -0.001 -8"><span class='ocrx_word' id='word_1_396' title='bbox 2167 1088 2374 1149; x_wconf 82' lang='lat' dir='ltr'><strong>frater.</strong></span> <span class='ocrx_word' id='word_1_397' title='bbox 2432 1089 2740 1146; x_wconf 82' lang='lat' dir='ltr'><strong>adversam</strong></span> <span class='ocrx_word' id='word_1_398' title='bbox 2809 1089 3213 1145; x_wconf 82' lang='lat' dir='ltr'><strong>valetudinem</strong></span> <span class='ocrx_word' id='word_1_399' title='bbox 3274 1093 3571 1145; x_wconf 75' lang='lat' dir='ltr'><strong>causatus.</strong></span> <span class='ocrx_word' id='word_1_400' title='bbox 3639 1088 3830 1151; x_wconf 85' lang='lat' dir='ltr'><strong>Quare</strong></span> 
     </span>
    </p>
   </div>
   <div class='ocr_carea' id='block_1_57' title="bbox 2169 1177 3834 1251">
    <p class='ocr_par' dir='ltr' id='par_1_57' title="bbox 2169 1177 3834 1251">
     <span class='ocr_line' id='line_1_57' title="bbox 2169 1177 3834 1251; baseline -0.002 -17"><span class='ocrx_word' id='word_1_401' title='bbox 2169 1178 2329 1251; x_wconf 83' lang='lat' dir='ltr'><strong>apud</strong></span> <span class='ocrx_word' id='word_1_402' title='bbox 2387 1180 2611 1235; x_wconf 88' lang='lat' dir='ltr'><strong>multos</strong></span> <span class='ocrx_word' id='word_1_403' title='bbox 2668 1179 2929 1251; x_wconf 85' lang='lat' dir='ltr'><strong>suspicio</strong></span> <span class='ocrx_word' id='word_1_404' title='bbox 2979 1195 3041 1234; x_wconf 90' lang='lat' dir='ltr'><strong>se</strong></span> <span class='ocrx_word' id='word_1_405' title='bbox 3092 1178 3415 1234; x_wconf 77' lang='lat' dir='ltr'><strong>insmuavxt</strong></span> <span class='ocrx_word' id='word_1_406' title='bbox 3459 1177 3655 1250; x_wconf 89' lang='lat' dir='ltr'><strong>ipsum</strong></span> <span class='ocrx_word' id='word_1_407' title='bbox 3704 1192 3834 1232; x_wconf 91' lang='lat' dir='ltr'><strong>esse</strong></span> 
     </span>
    </p>
   </div>
   <div class='ocr_carea' id='block_1_58' title="bbox 2166 1266 3834 1341">
    <p class='ocr_par' dir='ltr' id='par_1_58' title="bbox 2166 1266 3834 1341">
     <span class='ocr_line' id='line_1_58' title="bbox 2166 1266 3834 1341; baseline -0.001 -17"><span class='ocrx_word' id='word_1_408' title='bbox 2166 1270 2525 1326; x_wconf 85' lang='lat' dir='ltr'><strong>insidiarum</strong></span> <span class='ocrx_word' id='word_1_409' title='bbox 2548 1276 2876 1328; x_wconf 82' lang='lat' dir='ltr'><strong>auctorem.</strong></span> <span class='ocrx_word' id='word_1_410' title='bbox 2897 1269 3010 1326; x_wconf 89' lang='lat' dir='ltr'><strong>Sed</strong></span> <span class='ocrx_word' id='word_1_411' title='bbox 3035 1285 3385 1341; x_wconf 89' lang='lat' dir='ltr'><strong>pereusssor</strong></span> <span class='ocrx_word' id='word_1_412' title='bbox 3404 1266 3834 1339; x_wconf 84' lang='lat' dir='ltr'><strong>deprehensus,</strong></span> 
     </span>
    </p>
   </div>
   <div class='ocr_carea' id='block_1_59' title="bbox 2166 1356 3832 1433">
    <p class='ocr_par' dir='ltr' id='par_1_59' title="bbox 2166 1356 3832 1433">
     <span class='ocr_line' id='line_1_59' title="bbox 2166 1356 3832 1433; baseline -0.002 -19"><span class='ocrx_word' id='word_1_413' title='bbox 2166 1357 2505 1431; x_wconf 88' lang='lat' dir='ltr'><strong>multosque</strong></span> <span class='ocrx_word' id='word_1_414' title='bbox 2562 1376 2883 1433; x_wconf 88' lang='lat' dir='ltr'><strong>perpessus</strong></span> <span class='ocrx_word' id='word_1_415' title='bbox 2959 1359 3280 1421; x_wconf 84' lang='lat' dir='ltr'><strong>cruciatus.</strong></span> <span class='ocrx_word' id='word_1_416' title='bbox 3333 1373 3467 1413; x_wconf 91' lang='lat' dir='ltr'><strong>cum</strong></span> <span class='ocrx_word' id='word_1_417' title='bbox 3525 1356 3832 1412; x_wconf 90' lang='lat' dir='ltr'><strong>neminem</strong></span> 
     </span>
    </p>
   </div>
   <div class='ocr_carea' id='block_1_60' title="bbox 2166 1444 3832 1519">
    <p class='ocr_par' dir='ltr' id='par_1_60' title="bbox 2166 1444 3832 1519">
     <span class='ocr_line' id='line_1_60' title="bbox 2166 1444 3832 1519; baseline -0.001 -17"><span class='ocrx_word' id='word_1_418' title='bbox 2166 1448 2448 1505; x_wconf 84' lang='lat' dir='ltr'><strong>facinoris</strong></span> <span class='ocrx_word' id='word_1_419' title='bbox 2479 1449 2785 1505; x_wconf 87' lang='lat' dir='ltr'><strong>conscium</strong></span> <span class='ocrx_word' id='word_1_420' title='bbox 2829 1449 3136 1513; x_wconf 80' lang='lat' dir='ltr'><strong>fateretur,</strong></span> <span class='ocrx_word' id='word_1_421' title='bbox 3184 1446 3506 1519; x_wconf 82' lang='lat' dir='ltr'><strong>amputatis</strong></span> <span class='ocrx_word' id='word_1_422' title='bbox 3556 1444 3832 1501; x_wconf 76' lang='lat' dir='ltr'><strong>manibus</strong></span> 
     </span>
    </p>
   </div>
   <div class='ocr_carea' id='block_1_61' title="bbox 2167 1544 3828 1615">
    <p class='ocr_par' dir='ltr' id='par_1_61' title="bbox 2167 1544 3828 1615">
     <span class='ocr_line' id='line_1_61' title="bbox 2167 1544 3828 1615; baseline -0.001 -15"><span class='ocrx_word' id='word_1_423' title='bbox 2167 1550 2226 1600; x_wconf 90' lang='lat' dir='ltr'><strong>et</strong></span> <span class='ocrx_word' id='word_1_424' title='bbox 2259 1544 2508 1615; x_wconf 89' lang='lat' dir='ltr'><strong>pedibus</strong></span> <span class='ocrx_word' id='word_1_425' title='bbox 2528 1546 2589 1601; x_wconf 93' lang='lat' dir='ltr'><strong>in</strong></span> <span class='ocrx_word' id='word_1_426' title='bbox 2605 1545 2812 1602; x_wconf 89' lang='lat' dir='ltr'><strong>Funda</strong></span> <span class='ocrx_word' id='word_1_427' title='bbox 2828 1545 2977 1602; x_wconf 88' lang='lat' dir='ltr'><strong>Circi</strong></span> <span class='ocrx_word' id='word_1_428' title='bbox 3011 1550 3308 1603; x_wconf 90' lang='lat' dir='ltr'><strong>crematus</strong></span> <span class='ocrx_word' id='word_1_429' title='bbox 3332 1549 3422 1598; x_wconf 80' lang='lat' dir='ltr'><strong>est</strong></span> <span class='ocrx_word' id='word_1_430' title='bbox 3474 1544 3555 1599; x_wconf 84' lang='lat' dir='ltr'><strong>Ex</strong></span> <span class='ocrx_word' id='word_1_431' title='bbox 3588 1560 3655 1600; x_wconf 91' lang='lat' dir='ltr'><strong>eo</strong></span> <span class='ocrx_word' id='word_1_432' title='bbox 3677 1547 3828 1599; x_wconf 87' lang='lat' dir='ltr'><strong>tem-</strong></span> 
     </span>
    </p>
   </div>
   <div class='ocr_carea' id='block_1_62' title="bbox 2164 1632 3832 1709">
    <p class='ocr_par' dir='ltr' id='par_1_62' title="bbox 2164 1632 3832 1709">
     <span class='ocr_line' id='line_1_62' title="bbox 2164 1632 3832 1709; baseline 0 -21"><span class='ocrx_word' id='word_1_433' title='bbox 2164 1652 2307 1708; x_wconf 81' lang='lat' dir='ltr'><strong>pore</strong></span> <span class='ocrx_word' id='word_1_434' title='bbox 2340 1653 2559 1709; x_wconf 86' lang='lat' dir='ltr'><strong>pompa</strong></span> <span class='ocrx_word' id='word_1_435' title='bbox 2599 1637 2714 1693; x_wconf 89' lang='lat' dir='ltr'><strong>ista</strong></span> <span class='ocrx_word' id='word_1_436' title='bbox 2763 1637 3033 1693; x_wconf 85' lang='lat' dir='ltr'><strong>cessavit.</strong></span> <span class='ocrx_word' id='word_1_437' title='bbox 3066 1637 3138 1693; x_wconf 90' lang='lat' dir='ltr'><strong>Et</strong></span> <span class='ocrx_word' id='word_1_438' title='bbox 3182 1633 3421 1707; x_wconf 88' lang='lat' dir='ltr'><strong>quidem</strong></span> <span class='ocrx_word' id='word_1_439' title='bbox 3465 1632 3832 1707; x_wconf 85' lang='lat' dir='ltr'><strong>sapientissi-</strong></span> 
     </span>
    </p>
   </div>
   <div class='ocr_carea' id='block_1_63' title="bbox 2164 1721 3830 1798">
    <p class='ocr_par' dir='ltr' id='par_1_63' title="bbox 2164 1721 3830 1798">
     <span class='ocr_line' id='line_1_63' title="bbox 2164 1721 3830 1798; baseline -0.001 -17"><span class='ocrx_word' id='word_1_440' title='bbox 2164 1741 2297 1782; x_wconf 89' lang='lat' dir='ltr'><strong>mus</strong></span> <span class='ocrx_word' id='word_1_441' title='bbox 2323 1727 2654 1783; x_wconf 90' lang='lat' dir='ltr'><strong>monachus</strong></span> <span class='ocrx_word' id='word_1_442' title='bbox 2690 1725 2945 1785; x_wconf 84' lang='lat' dir='ltr'><strong>Marcus.</strong></span> <span class='ocrx_word' id='word_1_443' title='bbox 2974 1726 3106 1798; x_wconf 88' lang='lat' dir='ltr'><strong>ejus</strong></span> <span class='ocrx_word' id='word_1_444' title='bbox 3137 1723 3485 1781; x_wconf 85' lang='lat' dir='ltr'><strong>monasterii</strong></span> <span class='ocrx_word' id='word_1_445' title='bbox 3517 1721 3830 1794; x_wconf 87' lang='lat' dir='ltr'><strong>dispensa-</strong></span> 
     </span>
    </p>
   </div>
   <div class='ocr_carea' id='block_1_64' title="bbox 2165 1815 3831 1893">
    <p class='ocr_par' dir='ltr' id='par_1_64' title="bbox 2165 1815 3831 1893">
     <span class='ocr_line' id='line_1_64' title="bbox 2165 1815 3831 1893; baseline -0.002 -19"><span class='ocrx_word' id='word_1_446' title='bbox 2165 1824 2281 1879; x_wconf 87' lang='lat' dir='ltr'><strong>tor.</strong></span> <span class='ocrx_word' id='word_1_447' title='bbox 2315 1820 2417 1892; x_wconf 90' lang='lat' dir='ltr'><strong>qui</strong></span> <span class='ocrx_word' id='word_1_448' title='bbox 2450 1819 2813 1876; x_wconf 80' lang='lat' dir='ltr'><strong>tetraodium</strong></span> <span class='ocrx_word' id='word_1_449' title='bbox 2835 1818 3033 1893; x_wconf 81' lang='lat' dir='ltr'><strong>magni</strong></span> <span class='ocrx_word' id='word_1_450' title='bbox 3067 1816 3296 1874; x_wconf 86' lang='lat' dir='ltr'><strong>sabbati</strong></span> <span class='ocrx_word' id='word_1_451' title='bbox 3328 1815 3831 1888; x_wconf 77' lang='lat' dir='ltr'><strong>complevitquod</strong></span> 
     </span>
    </p>
   </div>
   <div class='ocr_carea' id='block_1_65' title="bbox 2166 1905 3834 1982">
    <p class='ocr_par' dir='ltr' id='par_1_65' title="bbox 2166 1905 3834 1982">
     <span class='ocr_line' id='line_1_65' title="bbox 2166 1905 3834 1982; baseline -0.002 -19"><span class='ocrx_word' id='word_1_452' title='bbox 2166 1908 2348 1965; x_wconf 87' lang='lat' dir='ltr'><strong>habet</strong></span> <span class='ocrx_word' id='word_1_453' title='bbox 2376 1910 2512 1982; x_wconf 84' lang='lat' dir='ltr'><strong>Cyri</strong></span> <span class='ocrx_word' id='word_1_454' title='bbox 2531 1912 2781 1979; x_wconf 66' lang='lat' dir='ltr'><strong>Cosmus,</strong></span> <span class='ocrx_word' id='word_1_455' title='bbox 2812 1910 3018 1966; x_wconf 79' lang='lat' dir='ltr'><strong>multis</strong></span> <span class='ocrx_word' id='word_1_456' title='bbox 3040 1908 3463 1981; x_wconf 88' lang='lat' dir='ltr'><strong>imperatorem</strong></span> <span class='ocrx_word' id='word_1_457' title='bbox 3482 1905 3834 1979; x_wconf 88' lang='lat' dir='ltr'><strong>deprecatus</strong></span> 
     </span>
    </p>
   </div>
   <div class='ocr_carea' id='block_1_66' title="bbox 2165 1994 3833 2071">
    <p class='ocr_par' dir='ltr' id='par_1_66' title="bbox 2165 1994 3833 2071">
     <span class='ocr_line' id='line_1_66' title="bbox 2165 1994 3833 2071; baseline -0.002 -17"><span class='ocrx_word' id='word_1_458' title='bbox 2165 2003 2272 2054; x_wconf 90' lang='lat' dir='ltr'><strong>est.</strong></span> <span class='ocrx_word' id='word_1_459' title='bbox 2306 2000 2375 2054; x_wconf 90' lang='lat' dir='ltr'><strong>Et</strong></span> <span class='ocrx_word' id='word_1_460' title='bbox 2418 2015 2488 2056; x_wconf 92' lang='lat' dir='ltr'><strong>eo</strong></span> <span class='ocrx_word' id='word_1_461' title='bbox 2531 2004 2856 2056; x_wconf 88' lang='lat' dir='ltr'><strong>renuente:</strong></span> <span class='ocrx_word' id='word_1_462' title='bbox 2902 2022 2930 2050; x_wconf 88' lang='grc'><em>‹‹</em></span> <span class='ocrx_word' id='word_1_463' title='bbox 2975 1997 3130 2063; x_wconf 79' lang='lat' dir='ltr'><strong>Noli,</strong></span> <span class='ocrx_word' id='word_1_464' title='bbox 3160 1997 3374 2071; x_wconf 83' lang='lat' dir='ltr'><strong>inquit,</strong></span> <span class='ocrx_word' id='word_1_465' title='bbox 3409 1995 3522 2052; x_wconf 91' lang='lat' dir='ltr'><strong>hoc</strong></span> <span class='ocrx_word' id='word_1_466' title='bbox 3564 1994 3833 2066; x_wconf 87' lang='lat' dir='ltr'><strong>iniquius</strong></span> 
     </span>
    </p>
   </div>
   <div class='ocr_carea' id='block_1_67' title="bbox 2162 2084 3830 2162">
    <p class='ocr_par' dir='ltr' id='par_1_67' title="bbox 2162 2084 3830 2162">
     <span class='ocr_line' id='line_1_67' title="bbox 2162 2084 3830 2162; baseline -0.001 -20"><span class='ocrx_word' id='word_1_467' title='bbox 2162 2087 2317 2144; x_wconf 90' lang='lat' dir='ltr'><strong>ferre</strong></span> <span class='ocrx_word' id='word_1_468' title='bbox 2343 2095 2447 2146; x_wconf 88' lang='lat' dir='ltr'><strong>aut</strong></span> <span class='ocrx_word' id='word_1_469' title='bbox 2486 2089 2686 2155; x_wconf 83' lang='lat' dir='ltr'><strong>irasci,</strong></span> <span class='ocrx_word' id='word_1_470' title='bbox 2718 2106 2752 2145; x_wconf 92' lang='grc' dir='ltr'><strong>ο</strong></span> <span class='ocrx_word' id='word_1_471' title='bbox 2785 2089 3131 2162; x_wconf 90' lang='lat' dir='ltr'><strong>imperator.</strong></span> <span class='ocrx_word' id='word_1_472' title='bbox 3161 2088 3308 2143; x_wconf 87' lang='lat' dir='ltr'><strong>Nam</strong></span> <span class='ocrx_word' id='word_1_473' title='bbox 3348 2091 3544 2142; x_wconf 85' lang='lat' dir='ltr'><strong>vastes</strong></span> <span class='ocrx_word' id='word_1_474' title='bbox 3577 2084 3830 2141; x_wconf 88' lang='lat' dir='ltr'><strong>Davidus</strong></span> 
     </span>
    </p>
   </div>
   <div class='ocr_carea' id='block_1_68' title="bbox 2163 2174 3825 2250">
    <p class='ocr_par' dir='ltr' id='par_1_68' title="bbox 2163 2174 3825 2250">
     <span class='ocr_line' id='line_1_68' title="bbox 2163 2174 3825 2250; baseline -0.002 -18"><span class='ocrx_word' id='word_1_475' title='bbox 2163 2177 2273 2234; x_wconf 88' lang='lat' dir='ltr'><strong>hoc</strong></span> <span class='ocrx_word' id='word_1_476' title='bbox 2304 2178 2411 2235; x_wconf 88' lang='lat' dir='ltr'><strong>tibi</strong></span> <span class='ocrx_word' id='word_1_477' title='bbox 2461 2180 2692 2236; x_wconf 84' lang='lat' dir='ltr'><strong>adversi</strong></span> <span class='ocrx_word' id='word_1_478' title='bbox 2738 2185 3091 2235; x_wconf 86' lang='lat' dir='ltr'><strong>eventurum</strong></span> <span class='ocrx_word' id='word_1_479' title='bbox 3132 2176 3425 2250; x_wconf 67' lang='lat' dir='ltr'><strong>praedixit,</strong></span> <span class='ocrx_word' id='word_1_480' title='bbox 3458 2174 3569 2231; x_wconf 87' lang='lat' dir='ltr'><strong>hoc</strong></span> <span class='ocrx_word' id='word_1_481' title='bbox 3614 2189 3825 2231; x_wconf 60' lang='lat' dir='ltr'><strong>versu:</strong></span> 
     </span>
    </p>
   </div>
   <div class='ocr_carea' id='block_1_69' title="bbox 2163 2267 3829 2341">
    <p class='ocr_par' dir='ltr' id='par_1_69' title="bbox 2163 2267 3829 2341">
     <span class='ocr_line' id='line_1_69' title="bbox 2163 2267 3829 2341; baseline -0.003 -19"><span class='ocrx_word' id='word_1_482' title='bbox 2163 2268 2383 2333; x_wconf 82' lang='lat' dir='ltr'><strong>Quanta</strong></span> <span class='ocrx_word' id='word_1_483' title='bbox 2431 2268 2768 2341; x_wconf 79' lang='lat' dir='ltr'><strong>melignatus</strong></span> <span class='ocrx_word' id='word_1_484' title='bbox 2816 2275 2894 2325; x_wconf 81' lang='lat' dir='ltr'><strong>est</strong></span> <span class='ocrx_word' id='word_1_485' title='bbox 2954 2269 3217 2324; x_wconf 80' lang='lat' dir='ltr'><strong>inimicus</strong></span> <span class='ocrx_word' id='word_1_486' title='bbox 3275 2267 3334 2321; x_wconf 83' lang='lat' dir='ltr'><strong>in</strong></span> <span class='ocrx_word' id='word_1_487' title='bbox 3386 2271 3576 2321; x_wconf 78' lang='lat' dir='ltr'><strong>sanrto</strong></span> <span class='ocrx_word' id='word_1_488' title='bbox 3625 2270 3741 2328; x_wconf 84' lang='lat' dir='ltr'><strong>tuo,</strong></span> <span class='ocrx_word' id='word_1_489' title='bbox 3776 2269 3829 2317; x_wconf 81' lang='lat' dir='ltr'><strong>et</strong></span> 
     </span>
    </p>
   </div>
   <div class='ocr_carea' id='block_1_70' title="bbox 2163 2351 3832 2437">
    <p class='ocr_par' dir='ltr' id='par_1_70' title="bbox 2163 2351 3832 2437">
     <span class='ocr_line' id='line_1_70' title="bbox 2163 2351 3832 2437; baseline -0.005 -19"><span class='ocrx_word' id='word_1_490' title='bbox 2163 2360 2399 2437; x_wconf 76' lang='lat' dir='ltr'><strong>gloriati</strong></span> <span class='ocrx_word' id='word_1_491' title='bbox 2444 2366 2572 2415; x_wconf 76' lang='lat' dir='ltr'><strong>sunt</strong></span> <span class='ocrx_word' id='word_1_492' title='bbox 2615 2362 2715 2433; x_wconf 84' lang='lat' dir='ltr'><strong>qui</strong></span> <span class='ocrx_word' id='word_1_493' title='bbox 2770 2359 3009 2415; x_wconf 82' lang='lat' dir='ltr'><strong>oderunt</strong></span> <span class='ocrx_word' id='word_1_494' title='bbox 3055 2364 3107 2413; x_wconf 82' lang='lat' dir='ltr'><strong>te</strong></span> <span class='ocrx_word' id='word_1_495' title='bbox 3152 2358 3210 2411; x_wconf 80' lang='lat' dir='ltr'><strong>in</strong></span> <span class='ocrx_word' id='word_1_496' title='bbox 3252 2355 3431 2412; x_wconf 82' lang='lat' dir='ltr'><strong>medio</strong></span> <span class='ocrx_word' id='word_1_497' title='bbox 3460 2351 3832 2411; x_wconf 71' lang='lat' dir='ltr'><strong>solemnitatis</strong></span> 
     </span>
    </p>
   </div>
   <div class='ocr_carea' id='block_1_71' title="bbox 2162 2443 3831 2523">
    <p class='ocr_par' dir='ltr' id='par_1_71' title="bbox 2162 2443 3831 2523">
     <span class='ocr_line' id='line_1_71' title="bbox 2162 2443 3831 2523; baseline -0.007 -13"><span class='ocrx_word' id='word_1_498' title='bbox 2162 2460 2276 2510; x_wconf 66' lang='lat' dir='ltr'><strong>tum</strong></span> <span class='ocrx_word' id='word_1_499' title='bbox 2323 2451 2420 2507; x_wconf 66' lang='lat'><strong>2“.7</strong></span> <span class='ocrx_word' id='word_1_500' title='bbox 2470 2450 2677 2522; x_wconf 86' lang='lat' dir='ltr'><strong>Itaque</strong></span> <span class='ocrx_word' id='word_1_501' title='bbox 2734 2454 2969 2523; x_wconf 80' lang='lat' dir='ltr'><strong>oportet</strong></span> <span class='ocrx_word' id='word_1_502' title='bbox 3025 2445 3237 2503; x_wconf 82' lang='lat' dir='ltr'><strong>exinde</strong></span> <span class='ocrx_word' id='word_1_503' title='bbox 3300 2451 3353 2501; x_wconf 89' lang='lat' dir='ltr'><strong>te</strong></span> <span class='ocrx_word' id='word_1_504' title='bbox 3415 2443 3566 2501; x_wconf 91' lang='lat' dir='ltr'><strong>alios</strong></span> <span class='ocrx_word' id='word_1_505' title='bbox 3624 2443 3831 2499; x_wconf 84' lang='lat' dir='ltr'><strong>decem</strong></span> 
     </span>
    </p>
   </div>
   <div class='ocr_carea' id='block_1_72' title="bbox 2168 2531 3825 2612">
    <p class='ocr_par' dir='ltr' id='par_1_72' title="bbox 2168 2531 3825 2612">
     <span class='ocr_line' id='line_1_72' title="bbox 2168 2531 3825 2612; baseline -0.008 -12"><span class='ocrx_word' id='word_1_506' title='bbox 2168 2558 2359 2600; x_wconf 88' lang='lat' dir='ltr'><strong>annos</strong></span> <span class='ocrx_word' id='word_1_507' title='bbox 2386 2541 2708 2612; x_wconf 89' lang='lat' dir='ltr'><strong>imperare.</strong></span> <span class='ocrx_word' id='word_1_508' title='bbox 2744 2560 2772 2589; x_wconf 92' lang='grc'><strong>››</strong></span> <span class='ocrx_word' id='word_1_509' title='bbox 2802 2538 2920 2594; x_wconf 79' lang='lat' dir='ltr'><strong>Hoc</strong></span> <span class='ocrx_word' id='word_1_510' title='bbox 2953 2535 3227 2592; x_wconf 87' lang='lat' dir='ltr'><strong>monachi</strong></span> <span class='ocrx_word' id='word_1_511' title='bbox 3254 2532 3599 2590; x_wconf 84' lang='lat' dir='ltr'><strong>vaticinium</strong></span> <span class='ocrx_word' id='word_1_512' title='bbox 3633 2531 3825 2587; x_wconf 81' lang='lat' dir='ltr'><strong>exitus</strong></span> 
     </span>
    </p>
   </div>
   <div class='ocr_carea' id='block_1_73' title="bbox 2157 2621 3823 2698">
    <p class='ocr_par' dir='ltr' id='par_1_73' title="bbox 2157 2621 3823 2698">
     <span class='ocr_line' id='line_1_73' title="bbox 2157 2621 3823 2698; baseline -0.006 -12"><span class='ocrx_word' id='word_1_513' title='bbox 2157 2649 2362 2690; x_wconf 84' lang='lat' dir='ltr'><strong>verum</strong></span> <span class='ocrx_word' id='word_1_514' title='bbox 2421 2628 2725 2687; x_wconf 87' lang='lat' dir='ltr'><strong>ostendit:</strong></span> <span class='ocrx_word' id='word_1_515' title='bbox 2777 2627 2984 2685; x_wconf 87' lang='lat' dir='ltr'><strong>decem</strong></span> <span class='ocrx_word' id='word_1_516' title='bbox 3037 2627 3196 2684; x_wconf 83' lang='lat' dir='ltr'><strong>enim</strong></span> <span class='ocrx_word' id='word_1_517' title='bbox 3230 2630 3364 2698; x_wconf 89' lang='lat' dir='ltr'><strong>post</strong></span> <span class='ocrx_word' id='word_1_518' title='bbox 3392 2624 3589 2693; x_wconf 87' lang='lat' dir='ltr'><strong>annis,</strong></span> <span class='ocrx_word' id='word_1_519' title='bbox 3622 2621 3823 2679; x_wconf 86' lang='lat' dir='ltr'><strong>eadem</strong></span> 
     </span>
    </p>
   </div>
   <div class='ocr_carea' id='block_1_74' title="bbox 2158 2715 3449 2797">
    <p class='ocr_par' dir='ltr' id='par_1_74' title="bbox 2158 2715 3449 2797">
     <span class='ocr_line' id='line_1_74' title="bbox 2158 2715 3449 2797; baseline -0.009 -16"><span class='ocrx_word' id='word_1_520' title='bbox 2158 2739 2278 2797; x_wconf 90' lang='lat' dir='ltr'><strong>qua</strong></span> <span class='ocrx_word' id='word_1_521' title='bbox 2309 2723 2462 2780; x_wconf 88' lang='lat' dir='ltr'><strong>ictus</strong></span> <span class='ocrx_word' id='word_1_522' title='bbox 2491 2722 2688 2779; x_wconf 86' lang='lat' dir='ltr'><strong>fuerat</strong></span> <span class='ocrx_word' id='word_1_523' title='bbox 2726 2718 2846 2788; x_wconf 85' lang='lat' dir='ltr'><strong>die,</strong></span> <span class='ocrx_word' id='word_1_524' title='bbox 2879 2734 3053 2775; x_wconf 90' lang='lat' dir='ltr'><strong>suum</strong></span> <span class='ocrx_word' id='word_1_525' title='bbox 3085 2716 3233 2774; x_wconf 90' lang='lat' dir='ltr'><strong>obiit</strong></span> <span class='ocrx_word' id='word_1_526' title='bbox 3267 2715 3449 2772; x_wconf 88' lang='lat' dir='ltr'><strong>diem.</strong></span> 
     </span>
    </p>
   </div>
   <div class='ocr_carea' id='block_1_75' title="bbox 2226 2959 3816 3037">
    <p class='ocr_par' dir='ltr' id='par_1_75' title="bbox 2226 2959 3816 3037">
     <span class='ocr_line' id='line_1_75' title="bbox 2226 2959 3816 3037; baseline -0.008 -10"><span class='ocrx_word' id='word_1_527' title='bbox 2226 2972 2506 3037; x_wconf 84' lang='lat' dir='ltr'><strong>Quartam</strong></span> <span class='ocrx_word' id='word_1_528' title='bbox 2540 2966 2756 3024; x_wconf 90' lang='lat' dir='ltr'><strong>deinde</strong></span> <span class='ocrx_word' id='word_1_529' title='bbox 2798 2980 3047 3023; x_wconf 83' lang='lat' dir='ltr'><strong>uxorem</strong></span> <span class='ocrx_word' id='word_1_530' title='bbox 3088 2962 3258 3020; x_wconf 84' lang='lat' dir='ltr'><strong>duxit</strong></span> <span class='ocrx_word' id='word_1_531' title='bbox 3307 2963 3439 3028; x_wconf 85' lang='lat' dir='ltr'><strong>Leo,</strong></span> <span class='ocrx_word' id='word_1_532' title='bbox 3472 2961 3643 3017; x_wconf 92' lang='lat' dir='ltr'><strong>Zoem</strong></span> <span class='ocrx_word' id='word_1_533' title='bbox 3678 2959 3816 3015; x_wconf 87' lang='lat' dir='ltr'><strong>Car-</strong></span> 
     </span>
    </p>
   </div>
   <div class='ocr_carea' id='block_1_76' title="bbox 2154 3051 3816 3132">
    <p class='ocr_par' dir='ltr' id='par_1_76' title="bbox 2154 3051 3816 3132">
     <span class='ocr_line' id='line_1_76' title="bbox 2154 3051 3816 3132; baseline -0.007 -17"><span class='ocrx_word' id='word_1_534' title='bbox 2154 3058 2571 3132; x_wconf 88' lang='lat' dir='ltr'><strong>bonopsinam,</strong></span> <span class='ocrx_word' id='word_1_535' title='bbox 2605 3074 2739 3129; x_wconf 75' lang='lat' dir='ltr'><strong>qum</strong></span> <span class='ocrx_word' id='word_1_536' title='bbox 2784 3073 2892 3129; x_wconf 86' lang='lat' dir='ltr'><strong>per</strong></span> <span class='ocrx_word' id='word_1_537' title='bbox 2920 3054 3175 3111; x_wconf 91' lang='lat' dir='ltr'><strong>multum</strong></span> <span class='ocrx_word' id='word_1_538' title='bbox 3232 3051 3520 3124; x_wconf 86' lang='lat' dir='ltr'><strong>temporis</strong></span> <span class='ocrx_word' id='word_1_539' title='bbox 3570 3067 3705 3107; x_wconf 90' lang='lat' dir='ltr'><strong>cum</strong></span> <span class='ocrx_word' id='word_1_540' title='bbox 3747 3065 3816 3104; x_wconf 83' lang='lat' dir='ltr'><strong>eo</strong></span> 
     </span>
    </p>
   </div>
   <div class='ocr_carea' id='block_1_77' title="bbox 2152 3133 3817 3220">
    <p class='ocr_par' dir='ltr' id='par_1_77' title="bbox 2152 3133 3817 3220">
     <span class='ocr_line' id='line_1_77' title="bbox 2152 3133 3817 3220; baseline -0.007 -14"><span class='ocrx_word' id='word_1_541' title='bbox 2152 3150 2301 3206; x_wconf 83' lang='lat' dir='ltr'><strong>vixit</strong></span> <span class='ocrx_word' id='word_1_542' title='bbox 2367 3155 2691 3220; x_wconf 90' lang='lat' dir='ltr'><strong>antequam</strong></span> <span class='ocrx_word' id='word_1_543' title='bbox 2746 3150 3153 3204; x_wconf 80' lang='lat' dir='ltr'><strong>coronaretur.</strong></span> <span class='ocrx_word' id='word_1_544' title='bbox 3187 3144 3333 3199; x_wconf 90' lang='lat' dir='ltr'><strong>Cum</strong></span> <span class='ocrx_word' id='word_1_545' title='bbox 3398 3157 3533 3196; x_wconf 86' lang='lat' dir='ltr'><strong>vero</strong></span> <span class='ocrx_word' id='word_1_546' title='bbox 3583 3133 3817 3212; x_wconf 77' lang='lat' dir='ltr'><strong>Bulgari</strong></span> 
     </span>
    </p>
   </div>
   <div class='ocr_carea' id='block_1_78' title="bbox 2157 3228 3817 3302">
    <p class='ocr_par' dir='ltr' id='par_1_78' title="bbox 2157 3228 3817 3302">
     <span class='ocr_line' id='line_1_78' title="bbox 2157 3228 3817 3302; baseline -0.008 -6"><span class='ocrx_word' id='word_1_547' title='bbox 2157 3238 2599 3296; x_wconf 86' lang='lat' dir='ltr'><strong>incursionibus</strong></span> <span class='ocrx_word' id='word_1_548' title='bbox 2627 3253 2756 3294; x_wconf 91' lang='lat' dir='ltr'><strong>rem</strong></span> <span class='ocrx_word' id='word_1_549' title='bbox 2800 3235 3130 3291; x_wconf 81' lang='lat' dir='ltr'><strong>Romanam</strong></span> <span class='ocrx_word' id='word_1_550' title='bbox 3184 3235 3531 3297; x_wconf 88' lang='lat' dir='ltr'><strong>attererent,</strong></span> <span class='ocrx_word' id='word_1_551' title='bbox 3563 3228 3817 3302; x_wconf 75' lang='lat' dir='ltr'><strong>Agareni</strong></span> 
     </span>
    </p>
   </div>
   <div class='ocr_carea' id='block_1_79' title="bbox 2160 3321 3821 3399">
    <p class='ocr_par' dir='ltr' id='par_1_79' title="bbox 2160 3321 3821 3399">
     <span class='ocr_line' id='line_1_79' title="bbox 2160 3321 3821 3399; baseline -0.009 -13"><span class='ocrx_word' id='word_1_552' title='bbox 2160 3345 2231 3386; x_wconf 87' lang='lat' dir='ltr'><strong>ea</strong></span> <span class='ocrx_word' id='word_1_553' title='bbox 2259 3327 2569 3385; x_wconf 87' lang='lat' dir='ltr'><strong>occasione</strong></span> <span class='ocrx_word' id='word_1_554' title='bbox 2601 3331 2882 3399; x_wconf 88' lang='lat' dir='ltr'><strong>percepta</strong></span> <span class='ocrx_word' id='word_1_555' title='bbox 2907 3322 3155 3380; x_wconf 89' lang='lat' dir='ltr'><strong>classem</strong></span> <span class='ocrx_word' id='word_1_556' title='bbox 3188 3321 3578 3379; x_wconf 86' lang='lat' dir='ltr'><strong>adornarunt.</strong></span> <span class='ocrx_word' id='word_1_557' title='bbox 3601 3325 3662 3373; x_wconf 90' lang='lat' dir='ltr'><strong>et</strong></span> <span class='ocrx_word' id='word_1_558' title='bbox 3682 3334 3821 3373; x_wconf 90' lang='lat' dir='ltr'><strong>con-</strong></span> 
     </span>
    </p>
   </div>
   <div class='ocr_carea' id='block_1_80' title="bbox 2162 3408 3816 3474">
    <p class='ocr_par' dir='ltr' id='par_1_80' title="bbox 2162 3408 3816 3474">
     <span class='ocr_line' id='line_1_80' title="bbox 2162 3408 3816 3474; baseline -0.007 -1"><span class='ocrx_word' id='word_1_559' title='bbox 2162 3423 2254 3473; x_wconf 88' lang='lat' dir='ltr'><strong>tra</strong></span> <span class='ocrx_word' id='word_1_560' title='bbox 2295 3417 2653 3474; x_wconf 89' lang='lat' dir='ltr'><strong>maritimam</strong></span> <span class='ocrx_word' id='word_1_561' title='bbox 2687 3417 3091 3471; x_wconf 80' lang='lat' dir='ltr'><strong>Romanorum</strong></span> <span class='ocrx_word' id='word_1_562' title='bbox 3123 3411 3415 3467; x_wconf 86' lang='lat' dir='ltr'><strong>ditionem</strong></span> <span class='ocrx_word' id='word_1_563' title='bbox 3468 3408 3816 3474; x_wconf 83' lang='lat' dir='ltr'><strong>emiserunt,</strong></span> 
     </span>
    </p>
   </div>
   <div class='ocr_carea' id='block_1_81' title="bbox 2161 3499 3822 3574">
    <p class='ocr_par' dir='ltr' id='par_1_81' title="bbox 2161 3499 3822 3574">
     <span class='ocr_line' id='line_1_81' title="bbox 2161 3499 3822 3574; baseline -0.007 -11"><span class='ocrx_word' id='word_1_564' title='bbox 2161 3507 2311 3563; x_wconf 86' lang='lat' dir='ltr'><strong>duce</strong></span> <span class='ocrx_word' id='word_1_565' title='bbox 2344 3507 2536 3563; x_wconf 88' lang='lat' dir='ltr'><strong>Leone</strong></span> <span class='ocrx_word' id='word_1_566' title='bbox 2585 3504 2839 3569; x_wconf 78' lang='lat' dir='ltr'><strong>Attaleo,</strong></span> <span class='ocrx_word' id='word_1_567' title='bbox 2891 3503 2991 3574; x_wconf 91' lang='lat' dir='ltr'><strong>qui</strong></span> <span class='ocrx_word' id='word_1_568' title='bbox 3044 3500 3442 3557; x_wconf 86' lang='lat' dir='ltr'><strong>Christianam</strong></span> <span class='ocrx_word' id='word_1_569' title='bbox 3489 3499 3822 3570; x_wconf 87' lang='lat' dir='ltr'><strong>ejuraverat</strong></span> 
     </span>
    </p>
   </div>
   <div class='ocr_carea' id='block_1_82' title="bbox 2162 3585 3821 3670">
    <p class='ocr_par' dir='ltr' id='par_1_82' title="bbox 2162 3585 3821 3670">
     <span class='ocr_line' id='line_1_82' title="bbox 2162 3585 3821 3670; baseline -0.007 -19"><span class='ocrx_word' id='word_1_570' title='bbox 2162 3596 2537 3670; x_wconf 81' lang='lat' dir='ltr'><strong>religionem,</strong></span> <span class='ocrx_word' id='word_1_571' title='bbox 2571 3594 2775 3650; x_wconf 69' lang='lat'><strong>106‘!</strong></span> <span class='ocrx_word' id='word_1_572' title='bbox 2810 3598 2868 3648; x_wconf 91' lang='lat' dir='ltr'><strong>et</strong></span> <span class='ocrx_word' id='word_1_573' title='bbox 2898 3590 3038 3661; x_wconf 88' lang='lat' dir='ltr'><strong>quia</strong></span> <span class='ocrx_word' id='word_1_574' title='bbox 3065 3589 3286 3662; x_wconf 86' lang='lat' dir='ltr'><strong>Tripoli</strong></span> <span class='ocrx_word' id='word_1_575' title='bbox 3322 3587 3648 3645; x_wconf 84' lang='lat' dir='ltr'><strong>habitabat.</strong></span> <span class='ocrx_word' id='word_1_576' title='bbox 3682 3585 3821 3641; x_wconf 90' lang='lat' dir='ltr'><strong>inde</strong></span> 
     </span>
    </p>
   </div>
   <div class='ocr_carea' id='block_1_83' title="bbox 2161 3676 3822 3758">
    <p class='ocr_par' dir='ltr' id='par_1_83' title="bbox 2161 3676 3822 3758">
     <span class='ocr_line' id='line_1_83' title="bbox 2161 3676 3822 3758; baseline -0.008 -17"><span class='ocrx_word' id='word_1_577' title='bbox 2161 3684 2476 3758; x_wconf 82' lang='lat' dir='ltr'><strong>Tripolites</strong></span> <span class='ocrx_word' id='word_1_578' title='bbox 2495 3683 2927 3756; x_wconf 77' lang='lat' dir='ltr'><strong>appellabatur.</strong></span> <span class='ocrx_word' id='word_1_579' title='bbox 2945 3679 3088 3752; x_wconf 86' lang='lat' dir='ltr'><strong>Ejus</strong></span> <span class='ocrx_word' id='word_1_580' title='bbox 3119 3677 3515 3751; x_wconf 80' lang='lat' dir='ltr'><strong>expeditionis</strong></span> <span class='ocrx_word' id='word_1_581' title='bbox 3545 3676 3822 3732; x_wconf 88' lang='lat' dir='ltr'><strong>nuntium</strong></span> 
     </span>
    </p>
   </div>
   <div class='ocr_carea' id='block_1_84' title="bbox 2165 3765 3822 3846">
    <p class='ocr_par' dir='ltr' id='par_1_84' title="bbox 2165 3765 3822 3846">
     <span class='ocr_line' id='line_1_84' title="bbox 2165 3765 3822 3846; baseline -0.007 -15"><span class='ocrx_word' id='word_1_582' title='bbox 2165 3780 2396 3831; x_wconf 86' lang='lat' dir='ltr'><strong>mature</strong></span> <span class='ocrx_word' id='word_1_583' title='bbox 2414 3774 2646 3846; x_wconf 89' lang='lat' dir='ltr'><strong>accepit</strong></span> <span class='ocrx_word' id='word_1_584' title='bbox 2665 3773 3011 3845; x_wconf 89' lang='lat' dir='ltr'><strong>imperator.</strong></span> <span class='ocrx_word' id='word_1_585' title='bbox 3033 3769 3133 3841; x_wconf 90' lang='lat' dir='ltr'><strong>qui</strong></span> <span class='ocrx_word' id='word_1_586' title='bbox 3162 3776 3284 3824; x_wconf 89' lang='lat' dir='ltr'><strong>tum</strong></span> <span class='ocrx_word' id='word_1_587' title='bbox 3314 3766 3471 3841; x_wconf 90' lang='lat' dir='ltr'><strong>apud</strong></span> <span class='ocrx_word' id='word_1_588' title='bbox 3488 3765 3822 3838; x_wconf 86' lang='lat' dir='ltr'><strong>emporium</strong></span> 
     </span>
    </p>
   </div>
   <div class='ocr_carea' id='block_1_85' title="bbox 2165 3856 3823 3932">
    <p class='ocr_par' dir='ltr' id='par_1_85' title="bbox 2165 3856 3823 3932">
     <span class='ocr_line' id='line_1_85' title="bbox 2165 3856 3823 3932; baseline -0.007 -10"><span class='ocrx_word' id='word_1_589' title='bbox 2165 3867 2371 3923; x_wconf 71' lang='lat' dir='ltr'><strong>Bomtii</strong></span> <span class='ocrx_word' id='word_1_590' title='bbox 2405 3870 2555 3930; x_wconf 89' lang='lat' dir='ltr'><strong>erat,</strong></span> <span class='ocrx_word' id='word_1_591' title='bbox 2586 3862 2919 3920; x_wconf 81' lang='lat' dir='ltr'><strong>dedicanda</strong></span> <span class='ocrx_word' id='word_1_592' title='bbox 2951 3859 3363 3932; x_wconf 87' lang='lat' dir='ltr'><strong>Christophori</strong></span> <span class='ocrx_word' id='word_1_593' title='bbox 3388 3856 3823 3930; x_wconf 88' lang='lat' dir='ltr'><strong>protovestiarii</strong></span> 
     </span>
    </p>
   </div>
   <div class='ocr_carea' id='block_1_86' title="bbox 2165 3954 3822 4023">
    <p class='ocr_par' dir='ltr' id='par_1_86' title="bbox 2165 3954 3822 4023">
     <span class='ocr_line' id='line_1_86' title="bbox 2165 3954 3822 4023; baseline -0.007 -3"><span class='ocrx_word' id='word_1_594' title='bbox 2165 3961 2529 4020; x_wconf 88' lang='lat' dir='ltr'><strong>monasterio</strong></span> <span class='ocrx_word' id='word_1_595' title='bbox 2573 3961 2861 4017; x_wconf 85' lang='lat' dir='ltr'><strong>intentus.</strong></span> <span class='ocrx_word' id='word_1_596' title='bbox 2901 3961 2972 4016; x_wconf 88' lang='lat' dir='ltr'><strong>Et</strong></span> <span class='ocrx_word' id='word_1_597' title='bbox 3000 3956 3331 4014; x_wconf 87' lang='lat' dir='ltr'><strong>ahdebatur</strong></span> <span class='ocrx_word' id='word_1_598' title='bbox 3359 3956 3470 4011; x_wconf 91' lang='lat' dir='ltr'><strong>hoc</strong></span> <span class='ocrx_word' id='word_1_599' title='bbox 3502 3972 3536 4011; x_wconf 90' lang='lat' dir='ltr'><strong>a</strong></span> <span class='ocrx_word' id='word_1_600' title='bbox 3574 3954 3822 4023; x_wconf 85' lang='lat' dir='ltr'><strong>nuntiis,</strong></span> 
     </span>
    </p>
   </div>
   <div class='ocr_carea' id='block_1_87' title="bbox 2163 4045 3827 4124">
    <p class='ocr_par' dir='ltr' id='par_1_87' title="bbox 2163 4045 3827 4124">
     <span class='ocr_line' id='line_1_87' title="bbox 2163 4045 3827 4124; baseline -0.007 -15"><span class='ocrx_word' id='word_1_601' title='bbox 2163 4068 2200 4110; x_wconf 89' lang='lat' dir='ltr'><strong>a</strong></span> <span class='ocrx_word' id='word_1_602' title='bbox 2228 4050 2510 4124; x_wconf 88' lang='lat' dir='ltr'><strong>Tripolita</strong></span> <span class='ocrx_word' id='word_1_603' title='bbox 2540 4051 2730 4123; x_wconf 89' lang='lat' dir='ltr'><strong>ipsam</strong></span> <span class='ocrx_word' id='word_1_604' title='bbox 2764 4049 2883 4121; x_wconf 89' lang='lat' dir='ltr'><strong>peti</strong></span> <span class='ocrx_word' id='word_1_605' title='bbox 2914 4047 3145 4121; x_wconf 91' lang='lat' dir='ltr'><strong>Cpolin.</strong></span> <span class='ocrx_word' id='word_1_606' title='bbox 3188 4045 3420 4102; x_wconf 86' lang='lat' dir='ltr'><strong>Emittit</strong></span> <span class='ocrx_word' id='word_1_607' title='bbox 3453 4060 3588 4118; x_wconf 86' lang='lat' dir='ltr'><strong>ergo</strong></span> <span class='ocrx_word' id='word_1_608' title='bbox 3623 4045 3827 4099; x_wconf 77' lang='lat' dir='ltr'><strong>Eusta-</strong></span> 
     </span>
    </p>
   </div>
   <div class='ocr_carea' id='block_1_88' title="bbox 2167 4132 3824 4211">
    <p class='ocr_par' dir='ltr' id='par_1_88' title="bbox 2167 4132 3824 4211">
     <span class='ocr_line' id='line_1_88' title="bbox 2167 4132 3824 4211; baseline -0.007 -15"><span class='ocrx_word' id='word_1_609' title='bbox 2167 4141 2384 4209; x_wconf 85' lang='lat' dir='ltr'><strong>thium,</strong></span> <span class='ocrx_word' id='word_1_610' title='bbox 2416 4140 2805 4211; x_wconf 66' lang='lat' dir='ltr'><strong>drungarium</strong></span> <span class='ocrx_word' id='word_1_611' title='bbox 2863 4138 2949 4194; x_wconf 92' lang='lat' dir='ltr'><strong>rei</strong></span> <span class='ocrx_word' id='word_1_612' title='bbox 2995 4136 3244 4205; x_wconf 87' lang='lat' dir='ltr'><strong>navalis,</strong></span> <span class='ocrx_word' id='word_1_613' title='bbox 3277 4151 3413 4192; x_wconf 92' lang='lat' dir='ltr'><strong>cum</strong></span> <span class='ocrx_word' id='word_1_614' title='bbox 3458 4134 3646 4190; x_wconf 68' lang='lat' dir='ltr'><strong>classe</strong></span> <span class='ocrx_word' id='word_1_615' title='bbox 3714 4132 3824 4198; x_wconf 88' lang='lat' dir='ltr'><strong>Qui</strong></span> 
     </span>
    </p>
   </div>
   <div class='ocr_carea' id='block_1_89' title="bbox 2164 4221 3827 4304">
    <p class='ocr_par' dir='ltr' id='par_1_89' title="bbox 2164 4221 3827 4304">
     <span class='ocr_line' id='line_1_89' title="bbox 2164 4221 3827 4304; baseline -0.007 -17"><span class='ocrx_word' id='word_1_616' title='bbox 2164 4247 2379 4304; x_wconf 73' lang='lat' dir='ltr'><strong>pugnae</strong></span> <span class='ocrx_word' id='word_1_617' title='bbox 2425 4247 2561 4286; x_wconf 91' lang='lat' dir='ltr'><strong>cum</strong></span> <span class='ocrx_word' id='word_1_618' title='bbox 2606 4227 2890 4302; x_wconf 90' lang='lat' dir='ltr'><strong>Tripolita</strong></span> <span class='ocrx_word' id='word_1_619' title='bbox 2938 4224 3358 4283; x_wconf 75' lang='lat' dir='ltr'><strong>commitendm</strong></span> <span class='ocrx_word' id='word_1_620' title='bbox 3408 4224 3602 4295; x_wconf 88' lang='lat' dir='ltr'><strong>impar</strong></span> <span class='ocrx_word' id='word_1_621' title='bbox 3646 4238 3708 4277; x_wconf 93' lang='lat' dir='ltr'><strong>re</strong></span> <span class='ocrx_word' id='word_1_622' title='bbox 3739 4221 3827 4275; x_wconf 80' lang='lat' dir='ltr'><strong>in-</strong></span> 
     </span>
    </p>
   </div>
   <div class='ocr_carea' id='block_1_90' title="bbox 2163 4311 3823 4389">
    <p class='ocr_par' dir='ltr' id='par_1_90' title="bbox 2163 4311 3823 4389">
     <span class='ocr_line' id='line_1_90' title="bbox 2163 4311 3823 4389; baseline -0.006 -15"><span class='ocrx_word' id='word_1_623' title='bbox 2163 4319 2318 4377; x_wconf 87' lang='lat' dir='ltr'><strong>fecta</strong></span> <span class='ocrx_word' id='word_1_624' title='bbox 2363 4319 2562 4376; x_wconf 86' lang='lat' dir='ltr'><strong>rediit.</strong></span> <span class='ocrx_word' id='word_1_625' title='bbox 2614 4320 2881 4389; x_wconf 91' lang='lat' dir='ltr'><strong>Eumque</strong></span> <span class='ocrx_word' id='word_1_626' title='bbox 2934 4316 3237 4373; x_wconf 68' lang='lat' dir='ltr'><strong>insecutus</strong></span> <span class='ocrx_word' id='word_1_627' title='bbox 3286 4313 3572 4385; x_wconf 87' lang='lat' dir='ltr'><strong>Tripolita</strong></span> <span class='ocrx_word' id='word_1_628' title='bbox 3620 4311 3823 4367; x_wconf 81' lang='lat' dir='ltr'><strong>fauces</strong></span> 
     </span>
    </p>
   </div>
   <div class='ocr_carea' id='block_1_91' title="bbox 2166 4399 3819 4481">
    <p class='ocr_par' dir='ltr' id='par_1_91' title="bbox 2166 4399 3819 4481">
     <span class='ocr_line' id='line_1_91' title="bbox 2166 4399 3819 4481; baseline -0.005 -17"><span class='ocrx_word' id='word_1_629' title='bbox 2166 4408 2536 4481; x_wconf 85' lang='lat' dir='ltr'><strong>Hellesponti</strong></span> <span class='ocrx_word' id='word_1_630' title='bbox 2595 4407 2836 4463; x_wconf 84' lang='lat' dir='ltr'><strong>intravit</strong></span> <span class='ocrx_word' id='word_1_631' title='bbox 2884 4411 2941 4462; x_wconf 91' lang='lat' dir='ltr'><strong>et</strong></span> <span class='ocrx_word' id='word_1_632' title='bbox 2986 4420 3176 4476; x_wconf 88' lang='lat' dir='ltr'><strong>usque</strong></span> <span class='ocrx_word' id='word_1_633' title='bbox 3230 4402 3305 4459; x_wconf 89' lang='lat' dir='ltr'><strong>ad</strong></span> <span class='ocrx_word' id='word_1_634' title='bbox 3354 4401 3593 4458; x_wconf 86' lang='lat' dir='ltr'><strong>Parium</strong></span> <span class='ocrx_word' id='word_1_635' title='bbox 3636 4399 3819 4455; x_wconf 85' lang='lat' dir='ltr'><strong>venit.</strong></span> 
     </span>
    </p>
   </div>
   <div class='ocr_carea' id='block_1_92' title="bbox 2165 4488 3821 4569">
    <p class='ocr_par' dir='ltr' id='par_1_92' title="bbox 2165 4488 3821 4569">
     <span class='ocr_line' id='line_1_92' title="bbox 2165 4488 3821 4569; baseline -0.007 -16"><span class='ocrx_word' id='word_1_636' title='bbox 2165 4498 2352 4569; x_wconf 85' lang='lat' dir='ltr'><strong>Hujus</strong></span> <span class='ocrx_word' id='word_1_637' title='bbox 2373 4498 2459 4553; x_wconf 91' lang='lat' dir='ltr'><strong>rei</strong></span> <span class='ocrx_word' id='word_1_638' title='bbox 2492 4496 2784 4552; x_wconf 89' lang='lat' dir='ltr'><strong>indicium</strong></span> <span class='ocrx_word' id='word_1_639' title='bbox 2815 4492 3160 4567; x_wconf 86' lang='lat' dir='ltr'><strong>imperatori</strong></span> <span class='ocrx_word' id='word_1_640' title='bbox 3192 4507 3503 4548; x_wconf 66' lang='lat' dir='ltr'><strong>maerorem</strong></span> <span class='ocrx_word' id='word_1_641' title='bbox 3538 4488 3821 4562; x_wconf 79' lang='lat' dir='ltr'><strong>pertuba-</strong></span> 
     </span>
    </p>
   </div>
   <div class='ocr_carea' id='block_1_93' title="bbox 2167 4578 3821 4659">
    <p class='ocr_par' dir='ltr' id='par_1_93' title="bbox 2167 4578 3821 4659">
     <span class='ocr_line' id='line_1_93' title="bbox 2167 4578 3821 4659; baseline -0.007 -17"><span class='ocrx_word' id='word_1_642' title='bbox 2167 4587 2514 4659; x_wconf 89' lang='lat' dir='ltr'><strong>tionemque</strong></span> <span class='ocrx_word' id='word_1_643' title='bbox 2546 4586 2730 4642; x_wconf 90' lang='lat' dir='ltr'><strong>animi</strong></span> <span class='ocrx_word' id='word_1_644' title='bbox 2779 4601 3012 4659; x_wconf 81' lang='lat' dir='ltr'><strong>gravem</strong></span> <span class='ocrx_word' id='word_1_645' title='bbox 3061 4582 3281 4639; x_wconf 89' lang='lat' dir='ltr'><strong>attulit.</strong></span> <span class='ocrx_word' id='word_1_646' title='bbox 3313 4581 3517 4652; x_wconf 81' lang='lat' dir='ltr'><strong>itaque</strong></span> <span class='ocrx_word' id='word_1_647' title='bbox 3560 4578 3821 4632; x_wconf 84' lang='lat' dir='ltr'><strong>Himerio</strong></span> 
     </span>
    </p>
   </div>
   <div class='ocr_carea' id='block_1_94' title="bbox 399 4657 2054 4748">
    <p class='ocr_par' dir='ltr' id='par_1_94' title="bbox 399 4657 2053 4744">
     <span class='ocr_line' id='line_1_94' title="bbox 399 4657 2053 4744; baseline 0.001 -25"><span class='ocrx_word' id='word_1_648' title='bbox 399 4664 694 4740; x_wconf 84' lang='grc' dir='ltr'>ωέχριτοῦ</span> <span class='ocrx_word' id='word_1_649' title='bbox 726 4659 931 4737; x_wconf 71' lang='grc' dir='ltr'>Παρίου</span> <span class='ocrx_word' id='word_1_650' title='bbox 985 4657 1307 4720; x_wconf 84' lang='grc' dir='ltr'>κατέλαϐεν.</span> <span class='ocrx_word' id='word_1_651' title='bbox 1365 4663 1539 4738; x_wconf 84' lang='grc' dir='ltr'>Ὅπερ</span> <span class='ocrx_word' id='word_1_652' title='bbox 1589 4668 1669 4737; x_wconf 85' lang='grc' dir='ltr'>τῷ</span> <span class='ocrx_word' id='word_1_653' title='bbox 1704 4660 1924 4740; x_wconf 83' lang='grc' dir='ltr'>βασιλεῖ</span> <span class='ocrx_word' id='word_1_654' title='bbox 1952 4664 2053 4744; x_wconf 74' lang='grc' dir='ltr'>ἀγ-</span> 
     </span>
    </p>
   </div>
   <div class='ocr_carea' id='block_1_95' title="bbox 2166 4657 3822 4748">
    <p class='ocr_par' dir='ltr' id='par_1_95' title="bbox 2166 4657 3822 4748">
     <span class='ocr_line' id='line_1_95' title="bbox 2166 4657 3822 4748; baseline -0.007 -15"><span class='ocrx_word' id='word_1_655' title='bbox 2166 4676 2624 4734; x_wconf 86' lang='lat' dir='ltr'><strong>secretariorum</strong></span> <span class='ocrx_word' id='word_1_656' title='bbox 2666 4657 2954 4748; x_wconf 84' lang='lat' dir='ltr'><strong>primario</strong></span> <span class='ocrx_word' id='word_1_657' title='bbox 2996 4673 3248 4729; x_wconf 76' lang='lat' dir='ltr'><strong>classem</strong></span> <span class='ocrx_word' id='word_1_658' title='bbox 3295 4672 3576 4727; x_wconf 86' lang='lat' dir='ltr'><strong>adversus</strong></span> <span class='ocrx_word' id='word_1_659' title='bbox 3606 4668 3822 4740; x_wconf 84' lang='lat' dir='ltr'><strong>Tripo-</strong></span> 
     </span>
    </p>
   </div>
   <div class='ocr_carea' id='block_1_96' title="bbox 393 4754 2053 4841">
    <p class='ocr_par' dir='ltr' id='par_1_96' title="bbox 393 4754 2053 4841">
     <span class='ocr_line' id='line_1_96' title="bbox 393 4754 2053 4841; baseline -0.001 -21"><span class='ocrx_word' id='word_1_660' title='bbox 393 4763 583 4839; x_wconf 71' lang='grc' dir='ltr'>γελθὶν</span> <span class='ocrx_word' id='word_1_661' title='bbox 643 4759 722 4826; x_wconf 81' lang='grc' dir='ltr'><strong>εἰς</strong></span> <span class='ocrx_word' id='word_1_662' title='bbox 781 4755 1025 4838; x_wconf 71' lang='grc' dir='ltr'>μεγάλην</span> <span class='ocrx_word' id='word_1_663' title='bbox 1087 4754 1338 4816; x_wconf 75' lang='grc' dir='ltr'>ἐνέϐαλεν</span> <span class='ocrx_word' id='word_1_664' title='bbox 1391 4762 1621 4837; x_wconf 77' lang='grc' dir='ltr'>ἀθυμίαν</span> <span class='ocrx_word' id='word_1_665' title='bbox 1661 4763 1752 4819; x_wconf 85' lang='grc' dir='ltr'><strong>καὶ</strong></span> <span class='ocrx_word' id='word_1_666' title='bbox 1777 4766 2053 4841; x_wconf 75' lang='grc' dir='ltr'>ταραχὴν,</span> 
     </span>
    </p>
   </div>
   <div class='ocr_carea' id='block_1_97' title="bbox 397 4851 2054 4933">
    <p class='ocr_par' dir='ltr' id='par_1_97' title="bbox 397 4851 2054 4933">
     <span class='ocr_line' id='line_1_97' title="bbox 397 4851 2054 4933; baseline -0.006 -23"><span class='ocrx_word' id='word_1_667' title='bbox 397 4851 624 4931; x_wconf 70' lang='grc' dir='ltr'>ἰμερίῳ</span> <span class='ocrx_word' id='word_1_668' title='bbox 668 4856 802 4929; x_wconf 76' lang='grc' dir='ltr'>γοῦν</span> <span class='ocrx_word' id='word_1_669' title='bbox 858 4855 938 4925; x_wconf 81' lang='grc' dir='ltr'><strong>τῷ</strong></span> <span class='ocrx_word' id='word_1_670' title='bbox 984 4857 1472 4927; x_wconf 83' lang='grc' dir='ltr'>πρωτοασθκρῆτις</span> <span class='ocrx_word' id='word_1_671' title='bbox 1530 4855 1628 4925; x_wconf 83' lang='grc' dir='ltr'><strong>τήν</strong></span> <span class='ocrx_word' id='word_1_672' title='bbox 1680 4856 1935 4927; x_wconf 77' lang='grc' dir='ltr'>ναυτικὴν</span> <span class='ocrx_word' id='word_1_673' title='bbox 1967 4853 2054 4933; x_wconf 79' lang='grc' dir='ltr'>ἐγ.</span> 
     </span>
    </p>
   </div>
   <div class='ocr_carea' id='block_1_98' title="bbox 470 4978 1022 5047">
    <p class='ocr_par' dir='ltr' id='par_1_98' title="bbox 470 4978 1022 5047">
     <span class='ocr_line' id='line_1_98' title="bbox 470 4978 1022 5047; baseline -0.007 -7"><span class='ocrx_word' id='word_1_674' title='bbox 470 4979 518 5017; x_wconf 82' lang='grc'><strong>²⁴</strong></span> <span class='ocrx_word' id='word_1_675' title='bbox 546 4979 706 5039; x_wconf 87' lang='lat' dir='ltr'><strong>Psal.</strong></span> <span class='ocrx_word' id='word_1_676' title='bbox 736 4995 936 5047; x_wconf 81' lang='lat' dir='ltr'><strong>Lxxm,</strong></span> <span class='ocrx_word' id='word_1_677' title='bbox 970 4978 1022 5036; x_wconf 89' lang='grc'>1.</span> 
     </span>
    </p>
   </div>
   <div class='ocr_carea' id='block_1_99' title="bbox 474 5199 2055 5278">
    <p class='ocr_par' dir='ltr' id='par_1_99' title="bbox 474 5199 2055 5278">
     <span class='ocr_line' id='line_1_99' title="bbox 474 5199 2055 5278; baseline 0 -16"><span class='ocrx_word' id='word_1_678' title='bbox 474 5206 587 5277; x_wconf 84' lang='lat'><strong>(26)</strong></span> <span class='ocrx_word' id='word_1_679' title='bbox 619 5199 1000 5278; x_wconf 83' lang='lat' dir='ltr'><strong>Tetraodium</strong></span> <span class='ocrx_word' id='word_1_680' title='bbox 1044 5201 1274 5258; x_wconf 83' lang='lat' dir='ltr'><strong>videtur</strong></span> <span class='ocrx_word' id='word_1_681' title='bbox 1307 5203 1562 5278; x_wconf 84' lang='lat' dir='ltr'><strong>hymnus</strong></span> <span class='ocrx_word' id='word_1_682' title='bbox 1593 5210 1848 5278; x_wconf 83' lang='lat' dir='ltr'><strong>quatuor</strong></span> <span class='ocrx_word' id='word_1_683' title='bbox 1876 5207 2055 5278; x_wconf 87' lang='lat' dir='ltr'><strong>parti-</strong></span> 
     </span>
    </p>
   </div>
   <div class='ocr_carea' id='block_1_100' title="bbox 402 5275 2054 5348">
    <p class='ocr_par' dir='ltr' id='par_1_100' title="bbox 402 5275 2054 5348">
     <span class='ocr_line' id='line_1_100' title="bbox 402 5275 2054 5348; baseline -0.001 -13"><span class='ocrx_word' id='word_1_684' title='bbox 402 5275 515 5336; x_wconf 78' lang='lat' dir='ltr'><strong>bus</strong></span> <span class='ocrx_word' id='word_1_685' title='bbox 545 5294 648 5333; x_wconf 90' lang='lat' dir='ltr'><strong>seu</strong></span> <span class='ocrx_word' id='word_1_686' title='bbox 681 5275 1047 5348; x_wconf 80' lang='lat' dir='ltr'><strong>carminibus</strong></span> <span class='ocrx_word' id='word_1_687' title='bbox 1077 5275 1359 5348; x_wconf 80' lang='lat' dir='ltr'><strong>constans</strong></span> <span class='ocrx_word' id='word_1_688' title='bbox 1387 5275 1731 5334; x_wconf 53' lang='lat' dir='ltr'><strong>fuissefSed</strong></span> <span class='ocrx_word' id='word_1_689' title='bbox 1763 5275 1905 5348; x_wconf 64' lang='lat' dir='ltr'><strong>quid</strong></span> <span class='ocrx_word' id='word_1_690' title='bbox 1928 5278 2054 5334; x_wconf 91' lang='lat' dir='ltr'><strong>ilud</strong></span> 
     </span>
    </p>
   </div>
   <div class='ocr_carea' id='block_1_101' title="bbox 404 5346 2139 5423">
    <p class='ocr_par' dir='ltr' id='par_1_101' title="bbox 404 5346 2139 5423">
     <span class='ocr_line' id='line_1_101' title="bbox 404 5346 2139 5423; baseline 0 -18"><span class='ocrx_word' id='word_1_691' title='bbox 404 5350 536 5423; x_wconf 80' lang='lat' dir='ltr'><strong>Cyri</strong></span> <span class='ocrx_word' id='word_1_692' title='bbox 559 5351 782 5423; x_wconf 73' lang='lat' dir='ltr'><strong>Cosmaa</strong></span> <span class='ocrx_word' id='word_1_693' title='bbox 818 5349 915 5412; x_wconf 84' lang='lat' dir='ltr'><strong>sit,</strong></span> <span class='ocrx_word' id='word_1_694' title='bbox 948 5346 1206 5423; x_wconf 81' lang='lat' dir='ltr'><strong>viderint</strong></span> <span class='ocrx_word' id='word_1_695' title='bbox 1224 5347 1286 5423; x_wconf 65' lang='lat' dir='ltr'><strong>al</strong></span> <span class='ocrx_word' id='word_1_696' title='bbox 1312 5347 1357 5402; x_wconf 91' lang='lat' dir='ltr'><strong>i.</strong></span> <span class='ocrx_word' id='word_1_697' title='bbox 1395 5349 1617 5423; x_wconf 75' lang='lat' dir='ltr'><strong>Psalmi</strong></span> <span class='ocrx_word' id='word_1_698' title='bbox 1649 5346 1825 5405; x_wconf 78' lang='lat' dir='ltr'><strong>verba</strong></span> <span class='ocrx_word' id='word_1_699' title='bbox 1846 5366 1918 5404; x_wconf 80' lang='lat' dir='ltr'><strong>ex</strong></span> <span class='ocrx_word' id='word_1_700' title='bbox 1939 5350 2057 5406; x_wconf 88' lang='lat' dir='ltr'><strong>usi-</strong></span> <span class='ocrx_word' id='word_1_701' title='bbox 2130 5406 2139 5412; x_wconf 76' lang='grc'><strong>,</strong></span> 
     </span>
    </p>
   </div>
   <div class='ocr_carea' id='block_1_102' title="bbox 401 5418 2057 5493">
    <p class='ocr_par' dir='ltr' id='par_1_102' title="bbox 401 5418 2057 5493">
     <span class='ocr_line' id='line_1_102' title="bbox 401 5418 2057 5493; baseline -0.002 -14"><span class='ocrx_word' id='word_1_702' title='bbox 401 5418 525 5479; x_wconf 74' lang='lat' dir='ltr'><strong>tata</strong></span> <span class='ocrx_word' id='word_1_703' title='bbox 575 5420 850 5476; x_wconf 83' lang='lat' dir='ltr'><strong>versione</strong></span> <span class='ocrx_word' id='word_1_704' title='bbox 901 5418 1171 5493; x_wconf 83' lang='lat' dir='ltr'><strong>apposui.</strong></span> <span class='ocrx_word' id='word_1_705' title='bbox 1224 5418 1361 5474; x_wconf 79' lang='lat' dir='ltr'><strong>XvL.</strong></span> <span class='ocrx_word' id='word_1_706' title='bbox 1395 5451 1460 5460; x_wconf 91' lang='lat'><strong>—</strong></span> <span class='ocrx_word' id='word_1_707' title='bbox 1489 5421 1757 5493; x_wconf 82' lang='lat' dir='ltr'><strong>Hymnus</strong></span> <span class='ocrx_word' id='word_1_708' title='bbox 1800 5428 2057 5493; x_wconf 87' lang='lat' dir='ltr'><strong>quatuor</strong></span> 
     </span>
    </p>
   </div>
   <div class='ocr_carea' id='block_1_103' title="bbox 400 5491 2053 5558">
    <p class='ocr_par' dir='ltr' id='par_1_103' title="bbox 400 5491 2053 5558">
     <span class='ocr_line' id='line_1_103' title="bbox 400 5491 2053 5558; baseline -0.001 -7"><span class='ocrx_word' id='word_1_709' title='bbox 400 5495 531 5551; x_wconf 88' lang='lat' dir='ltr'><strong>odis</strong></span> <span class='ocrx_word' id='word_1_710' title='bbox 557 5497 839 5548; x_wconf 89' lang='lat' dir='ltr'><strong>constans</strong></span> <span class='ocrx_word' id='word_1_711' title='bbox 861 5491 1106 5545; x_wconf 86' lang='lat' dir='ltr'><strong>sabbato</strong></span> <span class='ocrx_word' id='word_1_712' title='bbox 1144 5506 1357 5558; x_wconf 69' lang='lat' dir='ltr'><strong>magno</strong></span> <span class='ocrx_word' id='word_1_713' title='bbox 1385 5491 1716 5549; x_wconf 81' lang='lat' dir='ltr'><strong>cantandus</strong></span> <span class='ocrx_word' id='word_1_714' title='bbox 1738 5492 1799 5548; x_wconf 92' lang='lat' dir='ltr'><strong>in</strong></span> <span class='ocrx_word' id='word_1_715' title='bbox 1820 5491 2053 5549; x_wconf 87' lang='lat' dir='ltr'><strong>Triodio</strong></span> 
     </span>
    </p>
   </div>
   <div class='ocr_carea' id='block_1_104' title="bbox 396 5562 2056 5636">
    <p class='ocr_par' dir='ltr' id='par_1_104' title="bbox 396 5562 2056 5636">
     <span class='ocr_line' id='line_1_104' title="bbox 396 5562 2056 5636; baseline -0.001 -13"><span class='ocrx_word' id='word_1_716' title='bbox 396 5567 550 5625; x_wconf 91' lang='lat' dir='ltr'><strong>libro</strong></span> <span class='ocrx_word' id='word_1_717' title='bbox 568 5571 746 5620; x_wconf 62' lang='lat' dir='ltr'><strong>totuan</strong></span> <span class='ocrx_word' id='word_1_718' title='bbox 768 5562 1245 5636; x_wconf 12' lang='lat' dir='ltr'><strong>Quaidragesimze</strong></span> <span class='ocrx_word' id='word_1_719' title='bbox 1268 5563 1522 5636; x_wconf 79' lang='lat' dir='ltr'><strong>ofﬁcium</strong></span> <span class='ocrx_word' id='word_1_720' title='bbox 1544 5565 2056 5636; x_wconf 88' lang='lat' dir='ltr'><strong>continente,qua-</strong></span> 
     </span>
    </p>
   </div>
   <div class='ocr_carea' id='block_1_105' title="bbox 399 5633 2051 5709">
    <p class='ocr_par' dir='ltr' id='par_1_105' title="bbox 399 5633 2051 5709">
     <span class='ocr_line' id='line_1_105' title="bbox 399 5633 2051 5709; baseline -0.004 -14"><span class='ocrx_word' id='word_1_721' title='bbox 399 5639 476 5695; x_wconf 74' lang='lat' dir='ltr'><strong>lis</strong></span> <span class='ocrx_word' id='word_1_722' title='bbox 533 5636 611 5709; x_wconf 87' lang='lat' dir='ltr'><strong>sit</strong></span> <span class='ocrx_word' id='word_1_723' title='bbox 665 5633 1054 5709; x_wconf 36' lang='lat' dir='ltr'><strong>agnoscitur;</strong></span> <span class='ocrx_word' id='word_1_724' title='bbox 1085 5633 1264 5709; x_wconf 59' lang='grc' dir='ltr'>Κυροᾷ</span> <span class='ocrx_word' id='word_1_725' title='bbox 1295 5634 1646 5709; x_wconf 80' lang='lat' dir='ltr'><strong>diminutive</strong></span> <span class='ocrx_word' id='word_1_726' title='bbox 1679 5653 1782 5709; x_wconf 86' lang='lat' dir='ltr'><strong>pro</strong></span> <span class='ocrx_word' id='word_1_727' title='bbox 1841 5633 2051 5709; x_wconf 58' lang='grc' dir='ltr'><strong>κυρτορο</strong></span> 
     </span>
    </p>
   </div>
   <div class='ocr_carea' id='block_1_106' title="bbox 400 5704 2057 5783">
    <p class='ocr_par' dir='ltr' id='par_1_106' title="bbox 400 5704 2057 5783">
     <span class='ocr_line' id='line_1_106' title="bbox 400 5704 2057 5783; baseline -0.001 -18"><span class='ocrx_word' id='word_1_728' title='bbox 400 5722 506 5783; x_wconf 76' lang='lat' dir='ltr'><strong>vox</strong></span> <span class='ocrx_word' id='word_1_729' title='bbox 537 5704 769 5783; x_wconf 64' lang='lat' dir='ltr'><strong>integra</strong></span> <span class='ocrx_word' id='word_1_730' title='bbox 798 5704 1175 5783; x_wconf 57' lang='lat' dir='ltr'><strong>clarioribus;</strong></span> <span class='ocrx_word' id='word_1_731' title='bbox 1197 5704 1549 5783; x_wconf 72' lang='lat' dir='ltr'><strong>diminutiva</strong></span> <span class='ocrx_word' id='word_1_732' title='bbox 1569 5704 1737 5783; x_wconf 77' lang='grc' dir='ltr'>κυρός</span> <span class='ocrx_word' id='word_1_733' title='bbox 1764 5704 2057 5783; x_wconf 77' lang='lat' dir='ltr'><strong>inferiori-</strong></span> 
     </span>
    </p>
   </div>
   <div class='ocr_carea' id='block_1_107' title="bbox 400 5776 2053 5854">
    <p class='ocr_par' dir='ltr' id='par_1_107' title="bbox 400 5776 2053 5854">
     <span class='ocr_line' id='line_1_107' title="bbox 400 5776 2053 5854; baseline -0.002 -12"><span class='ocrx_word' id='word_1_734' title='bbox 400 5782 535 5854; x_wconf 79' lang='lat' dir='ltr'><strong>bus,</strong></span> <span class='ocrx_word' id='word_1_735' title='bbox 564 5776 1024 5854; x_wconf 67' lang='lat' dir='ltr'><strong>xﬁp&#39;humilibus</strong></span> <span class='ocrx_word' id='word_1_736' title='bbox 1054 5776 1418 5838; x_wconf 84' lang='lat' dir='ltr'><strong>conceditur.</strong></span> <span class='ocrx_word' id='word_1_737' title='bbox 1450 5776 1694 5842; x_wconf 81' lang='lat' dir='ltr'><strong>Cosmas</strong></span> <span class='ocrx_word' id='word_1_738' title='bbox 1724 5780 1825 5840; x_wconf 87' lang='lat' dir='ltr'><strong>hic</strong></span> <span class='ocrx_word' id='word_1_739' title='bbox 1859 5781 2053 5841; x_wconf 76' lang='lat' dir='ltr'><strong>Maiu-</strong></span> 
     </span>
    </p>
   </div>
   <div class='ocr_carea' id='block_1_108' title="bbox 2164 4760 3819 4835">
    <p class='ocr_par' dir='ltr' id='par_1_108' title="bbox 2164 4760 3819 4835">
     <span class='ocr_line' id='line_1_108' title="bbox 2164 4760 3819 4835; baseline -0.005 -12"><span class='ocrx_word' id='word_1_740' title='bbox 2164 4767 2313 4823; x_wconf 89' lang='lat' dir='ltr'><strong>liten</strong></span> <span class='ocrx_word' id='word_1_741' title='bbox 2347 4766 2682 4824; x_wconf 91' lang='lat' dir='ltr'><strong>ducendam</strong></span> <span class='ocrx_word' id='word_1_742' title='bbox 2724 4764 3066 4821; x_wconf 88' lang='lat' dir='ltr'><strong>committit.</strong></span> <span class='ocrx_word' id='word_1_743' title='bbox 3096 4763 3150 4822; x_wconf 88' lang='lat' dir='ltr'><strong>Is</strong></span> <span class='ocrx_word' id='word_1_744' title='bbox 3182 4760 3453 4835; x_wconf 78' lang='lat' dir='ltr'><strong>Abydum</strong></span> <span class='ocrx_word' id='word_1_745' title='bbox 3502 4765 3819 4834; x_wconf 68' lang='lat' dir='ltr'><strong>praeterve-</strong></span> 
     </span>
    </p>
   </div>
   <div class='ocr_carea' id='block_1_109' title="bbox 2165 4847 3824 4932">
    <p class='ocr_par' dir='ltr' id='par_1_109' title="bbox 2165 4847 3824 4932">
     <span class='ocr_line' id='line_1_109' title="bbox 2165 4847 3824 4932; baseline -0.007 -18"><span class='ocrx_word' id='word_1_746' title='bbox 2165 4864 2319 4927; x_wconf 90' lang='lat' dir='ltr'><strong>ctus,</strong></span> <span class='ocrx_word' id='word_1_747' title='bbox 2349 4859 2542 4932; x_wconf 61' lang='grc' dir='ltr'><strong>[Εεωο</strong></span> <span class='ocrx_word' id='word_1_748' title='bbox 2574 4857 2725 4914; x_wconf 86' lang='lat' dir='ltr'><strong>mari</strong></span> <span class='ocrx_word' id='word_1_749' title='bbox 2759 4872 3028 4923; x_wconf 89' lang='lat' dir='ltr'><strong>emenso,</strong></span> <span class='ocrx_word' id='word_1_750' title='bbox 3064 4853 3139 4910; x_wconf 90' lang='lat' dir='ltr'><strong>ad</strong></span> <span class='ocrx_word' id='word_1_751' title='bbox 3171 4850 3509 4909; x_wconf 88' lang='lat' dir='ltr'><strong>Strobelum</strong></span> <span class='ocrx_word' id='word_1_752' title='bbox 3541 4847 3784 4922; x_wconf 87' lang='lat' dir='ltr'><strong>appellit</strong></span> <span class='ocrx_word' id='word_1_753' title='bbox 3810 4863 3824 4916; x_wconf 86' lang='lat'><strong>;</strong></span> 
     </span>
    </p>
   </div>
   <div class='ocr_carea' id='block_1_110' title="bbox 1616 5079 2629 5140">
    <p class='ocr_par' dir='ltr' id='par_1_110' title="bbox 1616 5079 2629 5140">
     <span class='ocr_line' id='line_1_110' title="bbox 1616 5079 2629 5140; baseline 0.001 -4"><span class='ocrx_word' id='word_1_754' title='bbox 1616 5079 1979 5138; x_wconf 74' lang='lat' dir='ltr'><strong>XYLANDBI</strong></span> <span class='ocrx_word' id='word_1_755' title='bbox 2024 5081 2113 5139; x_wconf 85' lang='lat' dir='ltr'><strong>ET</strong></span> <span class='ocrx_word' id='word_1_756' title='bbox 2150 5081 2368 5139; x_wconf 79' lang='lat' dir='ltr'><strong>GOARI</strong></span> <span class='ocrx_word' id='word_1_757' title='bbox 2403 5081 2629 5140; x_wconf 74' lang='grc' dir='ltr'><strong>ΝΟἸῈ.</strong></span> 
     </span>
    </p>
   </div>
   <div class='ocr_carea' id='block_1_111' title="bbox 2163 5202 3824 5278">
    <p class='ocr_par' dir='ltr' id='par_1_111' title="bbox 2163 5202 3824 5278">
     <span class='ocr_line' id='line_1_111' title="bbox 2163 5202 3824 5278; baseline -0.004 -15"><span class='ocrx_word' id='word_1_758' title='bbox 2163 5207 2388 5263; x_wconf 90' lang='lat' dir='ltr'><strong>mensis</strong></span> <span class='ocrx_word' id='word_1_759' title='bbox 2438 5206 2552 5265; x_wconf 84' lang='lat' dir='ltr'><strong>fuit</strong></span> <span class='ocrx_word' id='word_1_760' title='bbox 2599 5204 2935 5278; x_wconf 88' lang='lat' dir='ltr'><strong>episcopus,</strong></span> <span class='ocrx_word' id='word_1_761' title='bbox 2985 5202 3334 5260; x_wconf 86' lang='lat' dir='ltr'><strong>Damasceni</strong></span> <span class='ocrx_word' id='word_1_762' title='bbox 3385 5205 3715 5278; x_wconf 65' lang='lat' dir='ltr'><strong>praeceptor</strong></span> <span class='ocrx_word' id='word_1_763' title='bbox 3762 5205 3824 5257; x_wconf 86' lang='lat' dir='ltr'><strong>et</strong></span> 
     </span>
    </p>
   </div>
   <div class='ocr_carea' id='block_1_112' title="bbox 2162 5276 3638 5352">
    <p class='ocr_par' dir='ltr' id='par_1_112' title="bbox 2162 5276 3638 5352">
     <span class='ocr_line' id='line_1_112' title="bbox 2162 5276 3638 5352; baseline -0.005 -16"><span class='ocrx_word' id='word_1_764' title='bbox 2162 5279 2428 5352; x_wconf 87' lang='lat' dir='ltr'><strong>plurium</strong></span> <span class='ocrx_word' id='word_1_765' title='bbox 2463 5276 2766 5352; x_wconf 79' lang='lat' dir='ltr'><strong>sacrorum</strong></span> <span class='ocrx_word' id='word_1_766' title='bbox 2802 5281 3158 5352; x_wconf 77' lang='lat' dir='ltr'><strong>hymnorum</strong></span> <span class='ocrx_word' id='word_1_767' title='bbox 3191 5280 3399 5352; x_wconf 85' lang='lat' dir='ltr'><strong>auctor</strong></span> <span class='ocrx_word' id='word_1_768' title='bbox 3438 5276 3638 5352; x_wconf 51' lang='lat' dir='ltr'><strong>Cosa.</strong></span> 
     </span>
    </p>
   </div>
   <div class='ocr_carea' id='block_1_113' title="bbox 2237 5344 3822 5424">
    <p class='ocr_par' dir='ltr' id='par_1_113' title="bbox 2237 5344 3822 5424">
     <span class='ocr_line' id='line_1_113' title="bbox 2237 5344 3822 5424; baseline -0.003 -18"><span class='ocrx_word' id='word_1_769' title='bbox 2237 5353 2350 5424; x_wconf 82' lang='lat'><strong>(27)</strong></span> <span class='ocrx_word' id='word_1_770' title='bbox 2383 5350 2684 5424; x_wconf 86' lang='lat' dir='ltr'><strong>Secundas</strong></span> <span class='ocrx_word' id='word_1_771' title='bbox 2707 5344 2925 5424; x_wconf 73' lang='lat' dir='ltr'><strong>leviore</strong></span> <span class='ocrx_word' id='word_1_772' title='bbox 2950 5348 3302 5419; x_wconf 73' lang='lat' dir='ltr'><strong>pmnitentia</strong></span> <span class='ocrx_word' id='word_1_773' title='bbox 3332 5344 3822 5424; x_wconf 85' lang='lat' dir='ltr'><strong>mult_ant.tertias</strong></span> 
     </span>
    </p>
   </div>
   <div class='ocr_carea' id='block_1_114' title="bbox 2166 5419 3818 5496">
    <p class='ocr_par' dir='ltr' id='par_1_114' title="bbox 2166 5419 3818 5496">
     <span class='ocr_line' id='line_1_114' title="bbox 2166 5419 3818 5496; baseline -0.004 -19"><span class='ocrx_word' id='word_1_774' title='bbox 2166 5419 2345 5496; x_wconf 78' lang='lat' dir='ltr'><strong>etiam</strong></span> <span class='ocrx_word' id='word_1_775' title='bbox 2368 5423 2633 5496; x_wconf 71' lang='lat' dir='ltr'><strong>.graviori</strong></span> <span class='ocrx_word' id='word_1_776' title='bbox 2667 5420 3016 5496; x_wconf 82' lang='lat' dir='ltr'><strong>subjiciunt.</strong></span> <span class='ocrx_word' id='word_1_777' title='bbox 3050 5427 3296 5496; x_wconf 71' lang='lat' dir='ltr'><strong>quartas</strong></span> <span class='ocrx_word' id='word_1_778' title='bbox 3326 5419 3571 5496; x_wconf 80' lang='lat' dir='ltr'><strong>omnino</strong></span> <span class='ocrx_word' id='word_1_779' title='bbox 3614 5434 3818 5496; x_wconf 61' lang='lat' dir='ltr'><strong>repro:</strong></span> 
     </span>
    </p>
   </div>
   <div class='ocr_carea' id='block_1_115' title="bbox 2162 5487 3818 5565">
    <p class='ocr_par' dir='ltr' id='par_1_115' title="bbox 2162 5487 3818 5565">
     <span class='ocr_line' id='line_1_115' title="bbox 2162 5487 3818 5565; baseline -0.005 -14"><span class='ocrx_word' id='word_1_780' title='bbox 2162 5493 2311 5551; x_wconf 87' lang='lat' dir='ltr'><strong>bant</strong></span> <span class='ocrx_word' id='word_1_781' title='bbox 2340 5487 2415 5551; x_wconf 68' lang='grc' dir='ltr'>δε</span> <span class='ocrx_word' id='word_1_782' title='bbox 2445 5495 2737 5552; x_wconf 89' lang='lat' dir='ltr'><strong>damnant</strong></span> <span class='ocrx_word' id='word_1_783' title='bbox 2766 5487 3004 5565; x_wconf 85' lang='lat' dir='ltr'><strong>nuptias</strong></span> <span class='ocrx_word' id='word_1_784' title='bbox 3038 5487 3244 5547; x_wconf 45' lang='lat' dir='ltr'><strong>G-rzeci.</strong></span> <span class='ocrx_word' id='word_1_785' title='bbox 3292 5496 3427 5565; x_wconf 70' lang='lat' dir='ltr'><strong>lj‘am</strong></span> <span class='ocrx_word' id='word_1_786' title='bbox 3468 5491 3542 5565; x_wconf 84' lang='lat' dir='ltr'><strong>ob</strong></span> <span class='ocrx_word' id='word_1_787' title='bbox 3586 5487 3711 5565; x_wconf 55' lang='lat' dir='ltr'><strong>rem</strong></span> <span class='ocrx_word' id='word_1_788' title='bbox 3745 5487 3818 5543; x_wconf 84' lang='lat' dir='ltr'><strong>ad</strong></span> 
     </span>
    </p>
   </div>
   <div class='ocr_carea' id='block_1_116' title="bbox 2164 5561 3815 5639">
    <p class='ocr_par' dir='ltr' id='par_1_116' title="bbox 2164 5561 3815 5639">
     <span class='ocr_line' id='line_1_116' title="bbox 2164 5561 3815 5639; baseline -0.005 -17"><span class='ocrx_word' id='word_1_789' title='bbox 2164 5561 2894 5639; x_wconf 76' lang='lat' dir='ltr'><strong>coronam_Augustarum</strong></span> <span class='ocrx_word' id='word_1_790' title='bbox 2943 5581 3105 5619; x_wconf 91' lang='lat' dir='ltr'><strong>more</strong></span> <span class='ocrx_word' id='word_1_791' title='bbox 3155 5562 3596 5639; x_wconf 78' lang='lat' dir='ltr'><strong>suscipiendam</strong></span> <span class='ocrx_word' id='word_1_792' title='bbox 3641 5561 3815 5639; x_wconf 83' lang='lat' dir='ltr'><strong>Zoem</strong></span> 
     </span>
    </p>
   </div>
   <div class='ocr_carea' id='block_1_117' title="bbox 2164 5634 3822 5708">
    <p class='ocr_par' dir='ltr' id='par_1_117' title="bbox 2164 5634 3822 5708">
     <span class='ocr_line' id='line_1_117' title="bbox 2164 5634 3822 5708; baseline -0.005 -13"><span class='ocrx_word' id='word_1_793' title='bbox 2164 5639 2320 5695; x_wconf 86' lang='lat' dir='ltr'><strong>hanc</strong></span> <span class='ocrx_word' id='word_1_794' title='bbox 2348 5634 2857 5708; x_wconf 75' lang='lat' dir='ltr'><strong>Carbonopsinam</strong></span> <span class='ocrx_word' id='word_1_795' title='bbox 2908 5652 3218 5708; x_wconf 89' lang='lat' dir='ltr'><strong>nunquam</strong></span> <span class='ocrx_word' id='word_1_796' title='bbox 3260 5634 3494 5691; x_wconf 87' lang='lat' dir='ltr'><strong>admitti</strong></span> <span class='ocrx_word' id='word_1_797' title='bbox 3526 5649 3702 5706; x_wconf 84' lang='lat' dir='ltr'><strong>passa</strong></span> <span class='ocrx_word' id='word_1_798' title='bbox 3730 5637 3822 5688; x_wconf 86' lang='lat' dir='ltr'><strong>est</strong></span> 
     </span>
    </p>
   </div>
   <div class='ocr_carea' id='block_1_118' title="bbox 2166 5709 3008 5767">
    <p class='ocr_par' dir='ltr' id='par_1_118' title="bbox 2166 5709 3008 5767">
     <span class='ocr_line' id='line_1_118' title="bbox 2166 5709 3008 5767; baseline -0.004 0"><span class='ocrx_word' id='word_1_799' title='bbox 2166 5710 2485 5767; x_wconf 89' lang='lat' dir='ltr'><strong>Orientalis</strong></span> <span class='ocrx_word' id='word_1_800' title='bbox 2516 5709 2798 5767; x_wconf 87' lang='lat' dir='ltr'><strong>Ecclesia.</strong></span> <span class='ocrx_word' id='word_1_801' title='bbox 2832 5710 3008 5766; x_wconf 66' lang='lat' dir='ltr'><strong>Goan.</strong></span> 
     </span>
    </p>
   </div>
   <div class='ocr_carea' id='block_1_119' title="bbox 2235 5780 2786 5858">
    <p class='ocr_par' dir='ltr' id='par_1_119' title="bbox 2235 5780 2786 5858">
     <span class='ocr_line' id='line_1_119' title="bbox 2235 5780 2786 5858; baseline -0.004 -19"><span class='ocrx_word' id='word_1_802' title='bbox 2235 5784 2348 5857; x_wconf 82' lang='lat'><strong>(28)</strong></span> <span class='ocrx_word' id='word_1_803' title='bbox 2377 5780 2579 5858; x_wconf 60' lang='lat' dir='ltr'><strong>Syria.</strong></span> <span class='ocrx_word' id='word_1_804' title='bbox 2607 5782 2786 5841; x_wconf 76' lang='lat' dir='ltr'><strong>Gon.</strong></span> 
     </span>
    </p>
   </div>
  </div>
