4184 6430
352 412 543 497 ιίιει

1752 428 2069 497 GEORGII
2111 432 2454 498 CEDllENI

3658 402 3813 504 ait:

383 566 521 625 inde
538 566 612 624 ad
633 567 900 625 Imbrum
927 566 1206 640 applicat.
1229 566 1302 623 Ac
1324 564 1717 637 Samothraca
1739 570 2029 638 superata,

2155 566 2405 642 χειρίσας
2437 563 2665 645 δύναμιν
2724 569 2859 627 κατὰ
2896 532 2995 627 τοῦ
3058 571 3399 648 Τριπολίτου
3456 569 3801 645 ἆπὲστειλεν,

386 657 588 715 hostes
618 658 790 715 Thasi
815 676 950 715 cum
981 658 1231 713 sentiret
1249 672 1428 712 naves
1452 655 1799 725 inIstatione
1821 655 2046 714 habere

391 748 777 805 multitudine
801 765 846 803 el
879 748 1180 803 alacritate
1204 747 1327 803 suis
1348 746 1809 818 gsuperioresme
1841 762 2047 819 appro-

386 837 680 910 pinquare
727 837 967 910 quidem
1020 835 1093 891 lis
1123 852 1303 892 ausus
1335 843 1442 891 est.
1489 836 1803 908 Tripolites
1844 846 2047 892 autem

389 932 546 983 retro
569 943 808 983 aversus
831 925 1311 983 Thessalonicam
1326 932 1647 1000 expugnat,
1671 925 2045 998 deprehenso

388 1016 451 1072 in
482 1033 552 1072 ea
582 1016 761 1072 etiam
806 1016 997 1073 Leone
1046 1016 1347 1089 praefecto,
1381 1017 1473 1072 cui
1513 1015 1904 1072 Chatzilacius
1936 1033 2043 1072 co-

386 1113 814 1178 gnomentum;
848 1106 1224 1178 multumque
1257 1104 1338 1161 ibi
1372 1105 1679 1176 sanguinis
1697 1106 1861 1174 facit,
1894 1105 2046 1161 mul-

386 1201 597 1267 tosque
621 1198 881 1268 captivos
912 1195 1172 1252 abducit.
1208 1196 1381 1252 Forte
1411 1195 1652 1268 quidam
1686 1194 1759 1251 de
1796 1195 2040 1252 cubicu-

384 1284 571 1354 lariis,
604 1288 850 1343 nomine
880 1285 1349 1359 Rhodophyllus,
1381 1286 1735 1342 necessariae
1756 1286 1843 1341 rei
1867 1302 2045 1342 causa

388 1371 450 1429 in
495 1373 761 1431 Siciliam
795 1375 1013 1431 missus
1047 1392 1183 1433 cum
1218 1378 1320 1430 100
1350 1376 1479 1430 auri
1511 1374 1700 1441 libris,
1734 1374 1796 1430 in
1828 1375 2041 1430 itinere

388 1464 596 1519 morbo
659 1471 969 1537 correptus
1039 1464 1519 1521 Thessalonicam
1580 1480 1642 1520 se
1709 1464 2043 1520 contulerat

386 1553 593 1609 1083
625 1554 874 1611 curandi
904 1555 1171 1627 corporis
1200 1571 1396 1610 causa.
1443 1556 1588 1609 Eum
1632 1552 1917 1625 Tripolita
1958 1552 2039 1608 ibi

391 1648 515 1699 tum
556 1652 817 1716 captum,
851 1644 980 1716 ejus
1025 1644 1154 1700 auri
1186 1660 1365 1700 causa
1393 1642 1497 1699 diu
1530 1647 1773 1709 tortum,
1806 1659 1941 1698 cum
1974 1658 2037 1698 se

389 1732 715 1805 quidquam
746 1734 965 1791 habere
991 1740 1360 1807 pernegaret,
1394 1733 1642 1790 necavit.
1676 1735 1746 1788 Et
1776 1749 1909 1788 vero
1940 1749 2039 1788 au-

384 1839 517 1879 rum
551 1823 612 1879 in
642 1824 856 1880 itinere
887 1824 1335 1897 Rhodophyllus
1362 1824 1707 1897 reliquerat,
1741 1822 1920 1894 idque
1953 1822 2037 1880 Si-

2152 655 2212 717 ’ὀς
2242 651 2476 714 Ἄϐυδον
2508 655 2844 716 διελθὼνκαῖ
2879 661 2941 717 τὸ
2975 660 3198 737 Α’γαῖον
3230 665 3468 739 πέλαγος
3503 657 3817 739 Στροϐιζλῳ

2150 748 2537 822 προσορμίζει,
2572 748 2688 805 εἶτα
2746 750 2993 821 καταίρει
3048 753 3187 822 πρός
3238 748 3486 828 Ἴμϐρον.
3516 753 3808 830 Σαμοθρᾲ·

2149 854 2252 903 κην
2284 830 2341 890 δὲ
2370 831 2561 900 διαϐὰς
2593 834 2861 895 κατέλλαϐε
2886 841 3017 902 τοὺς
3049 838 3353 915 πολεμίους
3403 841 3816 919 ναυλοχοῦντας

2151 921 2203 977 ἐν
2233 924 2408 997 Θάσῳ.
2441 926 2598 997 Ηλήν
2653 926 2862 999 πλήθει
2917 951 2977 986 τε
3005 930 3096 987 καὶ
3128 932 3408 1007 προθυμίᾳ
3442 931 3814 1008 ὑπερέχοντας

2150 1012 2345 1076 αὐτοὺς
2378 1012 2510 1071 ἱόὼν
2542 1013 2668 1073 οὐδὲ
2724 1014 3029 1090 πλησιάσαι
3083 1019 3304 1083 τούτοις
3357 1019 3721 1096 τετόλμηκεν.
3752 1021 3814 1075 '0

2150 1098 2209 1158 δὲ
2263 1103 2609 1179 Τριπολίτῃς
2705 1106 3119 1183 ὀπισθόρμητος
3204 1111 3445 1186 γεγονὼς
3526 1109 3814 1168 καὶκατὰ

2149 1191 2551 1267 Θεσσαλονίκην
2607 1198 2897 1273 γενόμενος
2943 1200 3149 1273 ταύτην
3202 1198 3590 1277 ἐπολιόρκησε.
3644 1222 3811 1258 κατα-

2149 1282 2434 1358 σχεθέντος
2489 1284 2580 1341 καὶ
2638 1286 2869 1351 Λέοντος
2926 1293 3025 1345 τοῦ
3084 1294 3395 1368 στρατηγοῦ
3444 1288 3497 1345 ἐν
3548 1290 3715 1364 αὐτῇ,
3756 1290 3805 1363 ᾧ

2146 1370 2513 1443 Χατζιλόκιος
2567 1377 2631 1430 τὸ
2678 1374 2991 1450 ἐπώνυμον.
3055 1376 3300 1454 ⁹Ιςῖγένετο
3357 1376 3417 1434 δὶ
3446 1377 3605 1455 χύσις
3633 1379 3802 1452 αἱμάο

2144 1481 2253 1548 των
2284 1460 2473 1533 πολλη
2499 1465 2587 1520 καὶ
2623 1465 3005 1542 αἱχμαλωσία.
3037 1464 3413 1548 Ῥοδύφυλλος
3448 1466 3505 1524 δὲ
3551 1488 3634 1530 τις
3671 1489 3801 1523 κου-

2145 1544 2508 1627 6ικουλάριος
2563 1574 2702 1611 κατα
2758 1576 2876 1613 τινα
2921 1555 3114 1635 χρείαν
3176 1544 3229 1611 ὲὺ
3266 1555 3491 1629 Σικελίᾳ
3529 1555 3795 1636 πεμφθεὶς

2145 1640 2282 1714 μετὰ
2340 1641 2574 1718 χρυσίου
2643 1648 2843 1723 Λιτρῶν
2907 1646 3118 1717 ἑκατὸν,
3174 1647 3323 1720 νόσῳ
3384 1646 3692 1720 περιπεσὼν
3743 1646 3798 1703 ιν

2143 1730 2509 1809 Θεσσαλονίκῃ
2587 1732 2836 1804 εἰσῆλθεν
2878 1735 2962 1817 ἐφ’
3018 1737 3064 1810 ᾧ
3124 1734 3416 1809 ἑπιμελίας
3468 1736 3789 1808 ἀξιωθῆναι.

2141 1820 2340 1899 Ὀνπερ
2397 1824 2689 1905 κατασχὼν
2755 1827 2784 1881 6
2838 1825 3179 1901 Τριπολίτης
3247 1827 3337 1882 καὶ
3393 1824 3580 1882 πολλὰ
3630 1827 3799 1900 βασα-

385 1931 560 1970 meon
594 1917 948 1971 secretarius
979 1931 1049 1971 ea
1078 1916 1378 1972 transiens
1422 1915 1765 1972 sustulerat.
1808 1914 1911 1970 Hic
1939 1913 2029 1969 Si-

2140 1908 2289 1973 νίσας
2320 1908 2409 1967 διὰ
2445 1913 2508 1968 τὸ
2557 1912 2784 1989 χρυσίον
2817 1912 3104 1972 ἀπέκτεινε
3155 1912 3328 1989 μηδὲν
3387 1913 3535 1991 ἃχειν
3574 1915 3805 1992 ῖσχυρι-

385 2020 561 2060 meon
591 2006 936 2077 Tripolitam
979 2005 1145 2062 urbis
1174 2006 1542 2062 eversionem
1573 2006 1774 2062 animo
1806 2005 2034 2077 agitan~

383 2097 503 2149 tem
535 2094 803 2151 hortatus
833 2102 922 2151 est
961 2101 1025 2151 ut
1069 2096 1295 2151 excidio
1344 2096 1669 2152 abstineret
1706 2111 1896 2167 eoque
1926 2111 2037 2150 no-

384 2184 544 2239 mine
575 2201 788 2242 aurum
836 2185 986 2242 illud
1030 2185 1363 2258 acciperet;
1412 2203 1480 2243 ac
1523 2185 1821 2259 persuasit
1867 2182 2034 2250 Quod

383 2273 676 2331 Simeonis
719 2275 941 2333 factum
990 2276 1073 2332 ita
1120 2283 1351 2349 gratum
1395 2277 1509 2332 fuit
1555 2274 1923 2347 imperatori,
1970 2278 2037 2329 ut

383 2378 519 2418 eum
552 2364 785 2436 patricii
829 2381 898 2420 ac
937 2365 1243 2421 secretarii
1274 2365 1543 2437 primarii
1579 2365 1864 2437 dignitate
1900 2363 2033 2419 ideo

381 2459 801 2509 remuneratus
832 2454 926 2508 sit.
954 2454 1271 2525 Himerius,
1303 2455 1539 2527 cognito
1561 2471 1596 2510 a
1615 2452 2034 2509 Thessalonica

378 2541 735 2599 Sarracenos
784 2543 1123 2613 recessisse,
1174 2543 1567 2615 insequendis
1615 2544 1688 2599 iis
1738 2558 1800 2599 se
1838 2547 2028 2616 parat.

379 2631 597 2688 Verum
626 2633 684 2690 hi
727 2633 801 2689 ad
849 2634 1082 2689 Cretam
1114 2634 1442 2706 appellunt,
1475 2632 1812 2706 praedaeque
1863 2639 2031 2705 parte

379 2723 759 2781 Cretensibus
791 2724 927 2780 data
948 2723 1279 2781 incolumes
1309 2725 1552 2781 domum
1573 2723 1848 2791 redeunt,
1877 2724 2030 2779 otio-

379 2828 512 2869 sum
544 2814 747 2871 Lemni
780 2815 1191 2887 relinquentes
1224 2815 1573 2874 Himerium.

2148 2000 2397 2074 ζόμενον·
2452 2006 2616 2059 τοῦτο
2676 2004 2780 2081 γὰρ
2836 2002 3001 2085 ἔτυχε
3065 2004 3387 2062 καταλιπὼν
3441 2005 3496 2061 ἐν
3556 2007 3625 2079 τῇ
3667 2002 3801 2077 ὁδῷ,

2144 2090 2275 2167 ὅπερ
2329 2092 2556 2168 Συμεὼν
2608 2093 2909 2169 ἆσηκρῆτις
2956 2093 3317 2172 διερχόμενος
3362 2093 3633 2153 ἀνείλετο.
3695 2094 3801 2152 Καὶ

2140 2186 2238 2238 τοῦ
2268 2181 2609 2256 Τριπολίτου
2654 2182 3021 2259 βουληθέντος
3083 2185 3446 2261 καταστρέψαι
3478 2185 3578 2255 τήν
3609 2183 3798 2255 πόλιν,

2144 2272 2173 2326 6
2205 2272 2433 2345 Συμεὼν
2494 2268 2683 2329 λαϐεῖν
2735 2274 2897 2330 αὐτὸν
2960 2274 3189 2350 χρυσίον
3245 2274 3483 2349 ἐμήνυσε
3546 2274 3637 2329 καί
3693 2277 3796 2341 τῆς

2142 2368 2519 2440 καταστροφῆς
2578 2361 2964 2439 ἀποσχέσθαι.
3014 2366 3099 2438 [Ρ.
3133 2365 3261 2439 601]
3309 2366 3381 2422 ’Ὀ
3436 2362 3526 2420 καὶ
3582 2364 3798 2441 γέγονε,

2140 2451 2231 2506 καί
2290 2444 2477 2507 λαϐὼν
2533 2450 2597 2507 τὸ
2654 2453 2887 2532 χρυσίον
2921 2453 2950 2509 6
2998 2451 3347 2527 Τριπολίτης
3401 2452 3788 2525 ὑπενόστησεν.

2142 2537 2573 2615 Ἀποδεξάμενος
2602 2540 2660 2597 δὲ
2714 2545 2805 2599 τὸν
2860 2548 3074 2618 Συρεῶν
3128 2547 3225 2600 τοῦ
3282 2539 3505 2619 ἔργουό
3537 2542 3799 2619 βασιλεὺς

2140 2630 2425 2707 πατρίκιον
2483 2631 2573 2687 καὶ
2651 2636 3147 2709 πρωτοασηκρῆτιν
3228 2635 3421 2689 τοῦτον
3476 2630 3739 2707 τετίμηκε
3783 2675 3799 2691 .

2139 2720 2451 2796 Πυθόμενος
2509 2716 2568 2776 δὶ
2617 2723 2718 2792 τὴν
2776 2726 2885 2777 τῶν
2946 2720 3281 2797 Σαρακηνῶν
3357 2722 3710 2801 ἀποστροφήν
3768 2721 3799 2779 6

2136 2811 2413 2888 ναύαρχος
2439 2810 2675 2887 Ἱμέριος
2722 2811 2861 2888 πρὸς
2917 2813 3018 2881 τήν
3078 2813 3196 2868 κατ’
3249 2811 3428 2868 αύτῶν
3462 2808 3795 2868 διανίσταται

379 2894 585 2971 δίωξιν.
617 2903 681 2958 et
711 2900 859 2977 δέτῇ
918 2906 1105 2979 Κρήτῃ
1160 2904 1547 2979 προσίσχουσι,
1599 2903 1691 2959 καὶ
1751 2902 2058 2977 ἀπόμοιραν
2115 2897 2294 2966 δόντες
2348 2906 2467 2965 τοῖς
2537 2896 2710 2977 Κρῇσὶ
2747 2905 2847 2969 τῆς
2905 2899 3054 2966 λείας
3086 2896 3348 2966 ἀϐλαϐεῖς
3380 2898 3567 2958 οἴκαδε
3604 2899 3799 2957 ἀπενό-

376 3013 596 3063 στησαν,
628 2993 901 3069 ἄπρακτον
934 2993 986 3048 ἐν
1020 2997 1095 3065 Λή
1108 3016 1225 3069 μνῳ
1256 2992 1647 3056 καταλιπόντες
1674 2995 1766 3049 τὸν
1796 2994 2056 3066 Ὶμὲριον.

446 3084 781 3141 Secundum
803 3086 924 3141 haec
948 3086 1270 3158 imperator
1296 3086 1444 3142 duos
1466 3085 1822 3142 fortissimos
1844 3083 2024 3141 duces

374 3174 430 3230 in
467 3174 764 3232 Orientem
788 3175 1026 3244 emittit,
1051 3176 1423 3233 Eustathium
1449 3175 1651 3249 stirpis
1674 3181 2025 3249 Argyrorum

372 3270 431 3320 et
459 3265 868 3321 Andronicum
899 3283 1114 3340 genere
1151 3267 1391 3323 Ducam.
1430 3265 1495 3321 Hi
1529 3266 1747 3322 multas
1778 3266 1850 3319 de
1882 3267 2027 3338 Aga-

371 3357 533 3412 renis
563 3364 945 3430 reportarunt
974 3358 1250 3415 victorias
1305 3363 1592 3414 Cmterum
1626 3359 1933 3422 Samonas,
1968 3358 2018 3413 is

2205 3080 2262 3137 '0
2328 3078 2385 3138 δὶ
2445 3080 2702 3159 βασιλεὺς
2784 3082 2922 3160 πρὸς
2988 3083 3090 3153 τὴν
3141 3078 3218 3140 ἓω
3277 3079 3373 3139 δύο
3428 3082 3794 3160 γενναιοτάτω

2133 3170 2400 3245 ἐκπέμπει
2458 3171 2771 3249 στρατηγὼ,
2827 3170 3128 3230 Εὖστοὶθίον
3186 3193 3245 3229 τε
3297 3176 3394 3229 τοῦ
3431 3172 3623 3249 γένους
3681 3177 3788 3229 τῶν

2135 3262 2416 3340 Ἀργυρῶν
2473 3260 2839 3338 καταὸὁμενον
2890 3262 2979 3319 καὶ
3032 3259 3372 3337 Ἀνδρόνικον
3432 3264 3526 3319 τόν
3581 3261 3643 3319 ιε
3688 3267 3792 3319 τοῦ

2134 3352 2357 3424 Δουκὸς,
2390 3352 2590 3416 οἳτινες
2627 3350 2815 3408 πολλὰ
2871 3354 3109 3426 τρόπαια
3155 3351 3450 3425 ἱστήσαντο
3506 3352 3644 3409 κατᾶ
3673 3357 3784 3409 τῶν

367 3463 545 3519 quem
563 3450 811 3506 insidias
829 3449 1175 3523 imperatori
1207 3449 1502 3505 detexisse
1525 3448 1858 3515 docuimus,
1881 3465 2017 3504 cum

2139 3446 2461 3520 Ἀγαρηνῶν.
2501 3444 2771 3514 scaeva;
2826 3439 2885 3498 δὶ
2941 3442 2969 3498 6
3024 3444 3125 3513 τήν
3183 3437 3519 3498 ἑπιόουλσςδν
3556 3462 3780 3518 καταμη

2174 3530 2189 3548 ,
2386 3536 2414 3548 ..
2513 3533 2542 3548 η
2642 3529 2662 3548 ς
2709 3537 2731 3548 ..
2863 3530 2887 3548 ι.
3067 3533 3080 3548 .
3423 3533 3435 3548 .
3739 3536 3765 3548 ..

372 3546 527 3595 esset
556 3540 714 3613 apud
734 3540 891 3598 hunc
921 3541 986 3597 in
1009 3558 1242 3597 summo
1266 3543 1514 3611 honore,
1539 3541 1830 3597 simulans
1864 3556 1926 3596 se
1949 3538 2023 3596 ad

369 3629 802 3686 monasterium
834 3647 1006 3686 suum
1038 3631 1221 3687 exire.
1247 3631 1662 3704 profugitcum
1695 3630 1950 3703 pecunia
1968 3633 2027 3684 et

374 3717 531 3789 quis,
564 3734 633 3774 ac
668 3718 1090 3792 dispositorum
1116 3736 1222 3792 per
1243 3718 1507 3786 singulas
1529 3718 1813 3775 stationes
1832 3717 2024 3791 publi-

374 3822 579 3862 corum
611 3824 902 3879 equorum
952 3825 1163 3866 nervos
1206 3808 1431 3866 incidit.
1472 3809 1581 3866 Leo
1632 3810 1812 3881 igitur
1842 3809 2027 3865 mittit

373 3897 1346 3970 quieuminsequantur.Basilium
1372 3899 1631 3956 sodalitii
1656 3900 2022 3973 praefectum,

371 3988 723 4059 cegnomine
755 3989 1225 4062 Camaterum(id
1257 3989 1719 4047 estlaboriosum
1756 3996 1815 4047 et
1841 3990 2023 4047 Geo‘ro

371 4075 532 4147 gium
568 4077 773 4133 1084
819 4078 1139 4135 Crenitam.
1169 4078 1485 4136 Samonam
1526 4081 1656 4151 jam
1690 4077 1877 4151 Halyn
1909 4076 2021 4134 flu-

370 4165 526 4221 vium
547 4172 956 4226 transeuntem
980 4169 1343 4242 Nicephorus
1360 4169 1638 4227 Caminas
1668 4169 2025 4242 drungarius

370 4255 783 4327 deprehendit,
817 4274 886 4315 ac
938 4259 1142 4315 multis
1186 4264 1550 4333 precantem,
1600 4258 1792 4317 multa
1844 4260 2024 4315 etiam

365 4345 522 4403 dona
536 4354 602 4403 ut
618 4348 1470 4422 dimittereturpromittentem
1486 4348 2025 4406 detinet.Samonas

369 4451 504 4492 cum
531 4437 878 4495 missionem
910 4456 1031 4496 non
1061 4439 1428 4512 impetraret,
1461 4439 1779 4513 prmtendit
1814 4456 1877 4495 se
1909 4438 2024 4495 voti

368 4542 545 4583 causa
574 4528 647 4584 ad
697 4526 1080 4586 Sirachanam
1124 4546 1361 4586 crucem
1393 4530 1708 4603 proficisci.
1742 4529 1854 4585 Sed
1887 4545 2023 4585 eum

369 4616 793 4674 Constantinus
843 4618 1160 4676 Andronici
1200 4621 1375 4676 Ducaa
1409 4619 1566 4676 illius
1598 4618 2024 4693 superveniens

370 4723 573 4762 secum
614 4707 825 4781 Cpolin
875 4708 1138 4767 abducit.
1193 4710 1305 4766 Leo
1346 4710 1666 4767 Samonam
1709 4709 1770 4764 in
1821 4708 2023 4765 Bardae

368 4792 613 4850 Cassaris
640 4793 897 4851 domoin
920 4795 1189 4853 custodio
1211 4798 1499 4853 asservari
1511 4797 1703 4870 jubet.
1726 4798 2019 4854 Constan-

366 4881 515 4951 tino,
556 4899 625 4939 ex
666 4901 783 4957 quo
822 4884 1108 4941 didicerat
1155 4891 1324 4942 extra
1371 4886 1836 4943 controversiam
1886 4899 2017 4941 esse

365 4972 523 5044 quod
555 4974 841 5031 Samonas
874 4974 935 5030 in
964 4974 1303 5032 Melitenam
1337 4976 1676 5048 tranfugere
1719 4974 2015 5031 intendis-

361 5068 472 5127 set,
505 5062 749 5120 mandat
777 5064 862 5120 uti
894 5063 1007 5121 hoc
1045 5064 1104 5120 in
1140 5070 1353 5121 senatu
1391 5063 1747 5131 dissimulet,
1782 5070 1841 5120 et
1879 5078 2017 5122 eum

361 5150 663 5209 Siracham
695 5154 810 5208 voti
843 5169 1023 5210 causa
1040 5154 1334 5228 proficisci
1369 5155 1626 5211 voluisse
1647 5154 1847 5212 dicat:
1875 5171 2015 5210 nam

358 5248 588 5299 veniam
607 5244 921 5300 Samonam
934 5245 1218 5316 consequi
1237 5244 1786 5302 volebat.Postridie
1804 5249 2015 5299 senatu

359 5332 643 5390 advocato
678 5333 1135 5391 Constantinum
1168 5335 1231 5391 in
1266 5335 1527 5391 medium
1559 5334 1821 5401 adducit,
1846 5334 2017 5404 jura-

358 5426 603 5494 tumque
626 5439 733 5495 per
762 5425 949 5481 Deum
974 5431 1032 5481 et
1052 5425 1428 5497 imperatoris
1455 5425 1636 5481 vitam
1668 5424 2013 5496 interrogat.

2133 3530 2289 3595 νύσας
2351 3536 2426 3604 νῷ
2512 3529 2777 3608 βασιλεῖ,
2859 3530 3226 3613 διαφερύντως
3299 3533 3613 3605 τιλιώςιενες
3699 3536 3778 3607 τῷ

2142 3620 2366 3700 βσιλεῖ.
2447 3621 2682 3693 ἐξελθεῖν
2756 3620 2809 3678 ἐν
2864 3626 2933 3697 τῇ
3004 3623 3174 3681 αὐτοῦ
3263 3627 3407 3700 μονῇ
3453 3623 3771 3705 προφασισί

2137 3732 2300 3785 μενος
2328 3715 2477 3791 φυγῇ
2525 3710 2803 3788 ἐχρήσατο
2852 3713 2966 3786 ἅμα
3006 3716 3259 3788 χρήμασι
3289 3715 3382 3770 καὶ
3436 3712 3524 3770 καὶ
3570 3712 3766 3777 ἳπποις

2132 3801 2259 3864 τοὺς
2317 3796 2369 3856 ἓν
2436 3800 2646 3875 ἰκάστῳ
2703 3806 2931 3877 σταθμῷ
3015 3797 3319 3877 δημοσίους
3409 3801 3613 3865 ἵππους
3687 3801 3786 3879 ἆγ-

2132 3890 2459 3947 κυΛοκοπῶν
2514 3894 2626 3964 (29)
2669 3936 2684 3952 .
2740 3890 3099 3949 Ἀποστὲλλει
3178 3892 3274 3947 οὖν
3307 3936 3321 3961 ,
3406 3893 3435 3948 6
3531 3890 3788 3967 βασιλεὺς

2131 3977 2460 4053 καταδιῶξαι
2572 3979 2733 4036 αὐτὸν
2840 3977 3128 4037 Βασιλειον
3222 3980 3608 4057 ὲταιρειάρχην
3694 3979 3787 4037 τὸν

2136 4071 2478 4145 Καματηρόν
2563 4069 2652 4125 καὶ
2748 4068 2843 4148 τὸν
2926 4068 3201 4144 Κρηνίτην
3280 4069 3572 4147 Γεώργιον.
3642 4066 3785 4139 Ἤδη

2136 4155 2193 4214 δὶ
2247 4158 2341 4214 τὸν
2397 4154 2565 4215 Ἀλυν
2621 4154 2965 4233 διαπερῶντα
3025 4158 3118 4213 τὸν
3176 4162 3449 4230 Σαμωνᾶν
3514 4152 3784 4215 κατέλαϐε

2136 4248 2449 4329 Νικηφόρος
2507 4244 2866 4325 δρουγγάριος
2948 4248 2978 4304 6
3046 4249 3318 4322 Καμινᾶςζ
3372 4248 3463 4304 καὶ
3520 4256 3786 4324 κατεσχεν

2134 4338 2439 4396 ’ίκετεύοντα
2484 4336 2673 4394 πολλὰ
2722 4338 2810 4394 καῖ
2862 4337 3303 4415 ὕπισχνούμενον
3364 4334 3575 4397 δώσειν.
3639 4339 3790 4397 Ἑπεὶ

2136 4426 2195 4485 δὲ
2250 4428 2350 4486 οὐκ
2397 4422 2628 4499 ἔπειθεν,
2691 4426 2767 4491 είς
2825 4429 2918 4484 τὸν
2975 4426 3026 4484 ἐν
3080 4432 3162 4502 τῷ
3224 4431 3430 4506 Σιρακᾷ
3470 4426 3793 4507 καταφεύγει

2136 4519 2365 4596 σταυρὸν
2433 4518 2605 4595 εὐχῆς
2665 4516 2830 4593 χάριν
2903 4516 3228 4589 ἰληλνθέναι
3288 4515 3789 4599 προφασισεὶμενος.

2134 4605 2346 4671 Ἐλθὼν
2427 4607 2520 4663 οὗν
2578 4609 2983 4671 Κωνσταντῖνος
3044 4608 3073 4663 6
3129 4610 3227 4663 τοῦ
3285 4604 3644 4683 Ἀνδρονίκου
3691 4608 3791 4663 τοῦ

2134 4696 2339 4762 Δουκὸς
2367 4697 2485 4762 υἱὸς
2515 4697 2605 4752 καὶ
2660 4701 2854 4753 τοῦτον
2882 4691 3173 4754 ἀναλαϐὼν
3234 4693 3289 4752 ἰν
3344 4699 3413 4771 σῇ
3472 4695 3655 4765 πόλει,
3686 4696 3790 4753 ὐπ-

2132 4785 2408 4864 ἐστρεψεν.
2442 4785 2811 4845 Εἰσελθόντων
2863 4784 2921 4844 δὲ
2960 4784 3012 4843 ἐν
3070 4791 3140 4864 τῇ
3194 4786 3791 4860 Κωνσταντινουπόλει,

2050 4853 2098 4916 D
2125 4853 2352 4953 1?».in
2384 4874 2440 4933 ἰν
2471 4876 2540 4952 τῇ
2586 4881 2683 4933 τοῦ
2714 4877 2987 4953 Καίσαρος
3018 4853 3136 4935 τοῦτ
3174 4873 3354 4952 Βίρδα
3406 4875 3553 4950 οίκέᾳ
3580 4853 3790 4953 φυλατλ

2126 4970 2306 5025 τεσθαι
2364 4964 2685 5042 προσὲταξεν
2743 4967 2771 5022 6
2832 4966 3111 5042 βασιλεὺς,
3173 4966 3562 5040 Κωνσταντίνῳ
3619 4963 3680 5022 δὶ
3709 4967 3791 5040 τῷ

2127 5056 2290 5114 Δουκὶ
2325 5103 2342 5129 ,
2394 5055 2615 5130 ἐπείπερ
2674 5055 3116 5135 ἐπληροφορήθη
3179 5058 3255 5122 ὡς
3312 5062 3432 5121 ταῖς
3497 5054 3786 5128 ἀληθείαις

2124 5147 2480 5227 προσφεύγωι
2507 5148 2575 5218 ἧν
2632 5146 2684 5203 ἐν
2746 5147 3029 5223 Μελιτηνῇ
3062 5149 3092 5204 6
3126 5154 3415 5222 Σαμωνᾶς,
3445 5148 3788 5227 παρήγγειλε

2129 5239 2205 5312 μή
2238 5242 2398 5295 τοῦτο
2428 5236 2663 5294 ἐνώπιον
2699 5244 2802 5310 τῆς
2836 5236 3147 5314 συγκλήτου
3197 5238 3391 5306 simis,
3423 5237 3554 5295 ἀλλ’
3593 5239 3678 5294 ὅτι
3707 5242 3790 5311 τῷ

2123 5332 2342 5404 Σιραχᾷ
2368 5327 2530 5403 χάριν
2586 5326 2759 5404 εὐχῆς
2817 5326 3004 5403 ἀπῄει·
3066 5322 3333 5385 ἐϐούλετο
3383 5329 3487 5403 γὰρ
3537 5330 3789 5405 συγγνώ-

2129 5439 2241 5492 μης
2281 5421 2475 5475 τοῦτον
2514 5421 2722 5494 τυχεῖν.
2773 5417 2980 5475 Ἕωθεν
3030 5415 3089 5474 δι
3140 5418 3652 5495 προσκαλεσάμενος
3680 5418 3784 5488 τήν

1592 5523 1907 5580 xvmom
1947 5522 2033 5577 ET
2071 5519 2289 5598 coam
2326 5518 2551 5575 NOTAE.

446 5622 539 5692 29)
576 5623 797 5696 Nempe
826 5624 1013 5696 utsui
1060 5623 1414 5696 insequendi
1449 5630 1629 5696 atque
1660 5640 1731 5680 ex
1763 5621 1897 5687 fuga
1928 5639 2024 5678 re-

357 5693 1138 5767 traliendi_comm.iditatem
1162 5693 1547 5767 imperatoris
1563 5696 1851 5752 ministris
1874 5712 2016 5767 prae-

356 5762 598 5845 riperet.
630 5763 771 5845 Χγι..
804 5795 873 5806 -
904 5767 1083 5845 Magis
1110 5762 1337 5845 arridet
1365 5768 1534 5845 uncis
1559 5768 1653 5824 vel
1672 5767 1847 5845 ferris
1874 5762 2017 5827 acu-

354 5834 436 5896 εὖ
458 5834 646 5909 pedes
672 5840 737 5894 et
761 5834 1025 5912 uagum
1037 5837 1374 5915 perforatae
1392 5842 1575 5916 quem
1594 5836 1809 5903 nervos
1838 5848 2017 5915 equoo

2132 5633 2265 5699 rum
2302 5619 2642 5699 _Samo_nam
2673 5618 3072 5699 praecidisse;
3121 5618 3322 5699 fugam
3380 5620 3537 5679 enim
3593 5619 3782 5699 latere

2123 5690 2421 5819 Eupiebat,
2454 5697 2513 5748 et
2534 5707 2641 5749 vox
2661 5690 3029 5768 ἀγκυλοκοπῶ
3058 5710 3094 5752 α
3123 5690 3410 5754 scissione
3440 5699 3531 5753 est
3558 5694 3777 5754 aliena.

2172 5778 2305 5820 eas.
