4184 6422
343 438 498 502 1155

1702 438 2022 504 GEORGII
2063 440 2401 506 CEDRENI

3610 446 3768 512 1156

391 563 582 634 Ἱιιιιὶο
616 588 823 630 mense
855 573 1281 631 Constantinus
1303 572 1442 629 Afer
1467 572 1529 629 in
1558 572 1978 631 monasterium

2180 571 2393 647 Ἰουνίῳ
2453 573 2512 634 δὲ
2594 576 2728 649 μηνὶ
2792 540 3148 653 προσεκλήθη
3204 576 3355 634 Λέων
3411 580 3440 636 6
3509 578 3766 655 βασιλεὺς

344 683 539 731 suum,
569 664 727 738 quod
747 680 927 736 prope
951 662 1152 718 fanum
1178 663 1595 734 Apostolorum
1628 664 1997 734 condiderat,

347 757 770 829 imperatorem
798 753 1079 813 invitavit.
1102 759 1167 808 ut
1191 751 1549 809 dedicationi
1583 754 1713 827 ejus
1745 761 1804 810 et
1822 770 2000 827 pran-

2103 667 2249 741 παρὰ
2307 666 2710 723 Κωνσταντίνου
2753 664 2850 723 τοῦ
2910 663 3075 730 Λιϐὸς
3135 666 3213 730 εἷς
3270 669 3370 737 τὴν
3428 690 3761 747 καινουργη-

2102 758 2279 811 θεῖσαν
2312 759 2437 833 παρ’
2468 757 2633 812 αὐτοῦ
2673 758 2850 830 μονὴν
2888 751 3067 833 ἔγγιον
3112 762 3221 813 τῶν
3252 757 3455 833 Ἀγίων
3485 760 3758 816 Ἀποστό-

347 847 445 903 dio
475 846 809 901 interesset.
834 844 918 898 lbi
947 844 1141 898 subito
1162 843 1484 899 vehemens
1507 844 1737 900 Africus
1761 851 1978 899 exortu:

2103 842 2239 907 λων,
2276 844 2356 925 ἐφ’
2410 845 2456 918 ᾦ
2514 845 2582 900 τά
2636 842 2877 921 ἐγκαένια
2925 843 3231 902 ἐπιτελέσαι
3289 846 3381 901 καὶ
3441 846 3755 920 ἀριστῆσαι.

345 936 534 993 multa
578 933 878 990 concussit
923 932 1176 989 mdiﬁcia
1232 933 1627 1006 hominesque
1685 934 1997 999 exterruit,

342 1027 488 1084 adeo
519 1031 585 1080 ut
612 1040 826 1079 omnes
855 1022 1132 1078 domibus
1163 1021 1389 1078 relictis
1419 1022 1527 1078 sub
1574 1023 1740 1079 dium
1786 1024 1997 1096 profu-

338 1116 549 1191 gerint.
588 1112 783 1169 Imber
812 1118 1011 1169 autem
1035 1113 1279 1168 obortus
1312 1128 1441 1169 eam
1474 1112 1800 1184 procellam
1832 1113 1995 1168 seda-

336 1211 436 1266 vit.
482 1212 705 1266 Rursus
760 1206 950 1262 classe
1005 1207 1411 1278 Agarenorum
1457 1210 1665 1259 contra
1694 1205 1992 1260 Romanos

336 1304 629 1373 provecta.
664 1313 786 1351 sua:
829 1295 1004 1351 classi
1048 1294 1374 1366 imperator
1420 1293 1751 1349 Himerium
1797 1292 1989 1348 dromi

332 1388 694 1462 logothetam
727 1384 998 1456 praaﬁcit,
1041 1383 1215 1454 eique
1262 1382 1537 1456 adjungit
1586 1381 1989 1437 Andronicum

336 1480 577 1533 Ducam.
611 1476 717 1531 Hic
749 1474 1057 1540 Samonas,
1089 1473 1188 1544 qui
1240 1472 1399 1544 quod
1426 1488 1460 1527 a
1488 1472 1870 1527 Constantino
1916 1487 1988 1526 ex

333 1569 489 1642 fuga.
518 1571 588 1622 ut
616 1563 1097 1627 monstravimus,
1131 1568 1423 1617 retractus
1452 1561 1666 1629 fuerat,
1699 1559 1984 1631 implaca-

330 1658 452 1712 bile
483 1657 543 1711 in
575 1657 766 1711 Ducas
797 1653 998 1709 odium
1022 1651 1282 1725 gerebat.
1308 1650 1628 1723 quemdam
1661 1649 1986 1706 Andronici

330 1745 718 1803 familiarium
752 1743 1057 1812 subornat,
1091 1742 1264 1812 eique
1298 1739 1620 1813 persuadet
1644 1745 1710 1794 ut
1752 1739 1984 1795 occulte

331 1834 742 1895 Andronicum
775 1849 880 1904 per
928 1832 1157 1887 litteras
1207 1836 1446 1886 moneat
1493 1846 1568 1885 ne
1616 1828 1813 1884 navim
1840 1844 1986 1884 con-

332 1924 615 1983 scendat:
660 1939 802 1978 nam
833 1922 1277 1994 imperatorem,
1309 1935 1344 1975 a
1372 1919 1630 1975 Samoua
1668 1934 1737 1973 eo
1783 1923 1978 1990 petra-
2014 1963 2061 2029 Β

370 2022 379 2029 .
523 2014 584 2029 ιιι
727 2012 738 2024 ο
805 2012 816 2023 ⁸
901 2012 912 2023 ο
970 2028 977 2029 ,
1016 2027 1136 2029 ,,4_4
1178 2008 1699 2029 __Aj3_..__J-L___
1730 2006 1953 2029 J-J1__-

330 2012 780 2073 ctum.llimerio
802 2012 989 2083 ipsius
1006 2009 1343 2066 excaacandi
1359 2008 1704 2064 mandatum
1724 2006 1982 2075 dedisse,

329 2112 389 2161 et
417 2104 794 2160 Andronicus
826 2100 1041 2156 litteris
1078 2099 1151 2154 iis
1182 2098 1442 2170 acceptis
1476 2097 1671 2153 noluit
1704 2112 1840 2151 cum
1889 2097 1983 2151 Hi-

327 2192 514 2250 merio
548 2191 608 2247 in
630 2190 857 2246 bellum
881 2188 987 2244 ire.
1013 2187 1309 2243 Himerius
1330 2188 1530 2258 itaque
1554 2185 1719 2241 solus
1740 2190 1981 2241 coactus

328 2285 631 2338 est/sexta
678 2277 951 2335 Octobris
988 2277 1082 2332 die
1133 2293 1269 2332 cum
1318 2275 1591 2330 hostibus
1638 2273 1982 2346 conﬂigere,

329 2385 553 2440 eosque
582 2367 797 2424 devicit
827 2371 887 2421 et
914 2365 1231 2420 interfecit.
1260 2366 1384 2429 Quo
1406 2364 1663 2436 cognito.
1696 2360 1985 2417 Androni-

327 2477 432 2518 cus
463 2458 798 2531 desperatis
831 2455 955 2511 suis
995 2454 1172 2510 rebus
1203 2470 1271 2509 ac
1302 2452 1652 2518 convasatis,
1686 2468 1820 2507 cum
1865 2467 1980 2507 ne-

322 2549 604 2607 cessariis
636 2564 703 2603 ac
732 2546 916 2602 servis
948 2544 1072 2600 suis
1102 2541 1414 2599 castellum
1439 2541 1740 2614 quoddam
1773 2541 1974 2597 1067

326 2638 634 2711 occupavit
665 2652 845 2709 supra
865 2633 1133 2690 Iconium
1165 2633 1367 2691 situm.
1400 2630 1678 2687 Cabalam
1711 2630 1976 2696 nomine,

323 2734 383 2785 et
421 2727 494 2783 ad
540 2726 933 2783 defectionem
963 2723 1268 2795 spectavit.
1304 2723 1378 2776 At
1421 2722 1709 2777 Samonas
1740 2724 1978 2791 arrepta

318 2816 628 2876 occasione
662 2830 784 2871 non
808 2811 984 2869 desiit
1010 2813 1433 2883 imperatorem
1457 2809 1652 2865 verbis
1674 2809 1975 2865 concitare

316 2914 501 2979 atque
531 2905 806 2961 irritare:
855 2919 916 2958 se
968 2901 1193 2958 dudum
1250 2901 1514 2955 sensisse
1564 2898 1977 2955 Andronicum

318 2996 715 3053 defectionem
763 2991 1079 3066 parturire,
1112 2996 1172 3045 et
1200 3005 1329 3044 esse
1360 2989 1489 3059 ejus
1536 2987 1773 3042 conatui
1819 2993 1979 3042 aute-

318 3083 700 3141 vertendum:
726 3082 1149 3154 imperatorem
1171 3076 1507 3135 cunctando
1532 3076 1817 3148 optimam
1841 3076 1973 3148 ejus

321 3176 407 3231 rei
438 3172 812 3230 occasionem
856 3169 1175 3236 aimisisse,
1207 3172 1385 3238 atque
1410 3167 1497 3222 ita
1531 3165 1765 3222 hostem
1796 3182 1827 3220 e
1858 3182 1975 3222 ma-

317 3265 493 3323 nibus
524 3262 798 3318 evasisse.
833 3259 945 3315 Sed
992 3257 1079 3313 vel
1115 3257 1200 3312 sic
1230 3254 1457 3327 aliquid
1501 3254 1862 3321 conandum,
1896 3271 1972 3310 ne

2100 933 2382 1010 Ἐξαῖφνης
2440 932 2530 990 οὖν
2600 927 2848 989 ἔπνευσεν
2905 935 3103 1008 ἄνεμος
3170 933 3272 1010 λῖψ
3345 934 3580 1016 σφοδρὸς
3662 938 3754 993 καὶ

2103 1022 2394 1079 συνέσεισεν
2451 1019 2749 1096 οἰκοδομάς
2806 1020 3047 1094 πολλάς,
3099 1025 3190 1079 καὶ
3252 1024 3569 1100 σύνετάραξε
3623 1026 3753 1091 τοὺς

2101 1113 2419 1188 ἀνθρώπους
2476 1112 2565 1168 καὶ
2621 1108 2976 1193 ἐξεφόϐησεν,
3040 1114 3115 1178 ὡς
3171 1114 3374 1177 πάντας
3423 1116 3639 1194 φεύγειν
3695 1116 3758 1175 ἐκ

2097 1208 2206 1257 τῶν
2241 1201 2434 1258 οῗκιῶν
2466 1202 2542 1265 είς
2570 1201 2636 1258 τὰ
2666 1202 2920 1276 ὕπαιθρα.
2977 1198 3229 1279 Ὄμϐρος
3259 1201 3307 1259 δ’
3362 1204 3752 1280 ἐπιγενόμενος

2097 1285 2290 1361 ἔστησε
2350 1293 2449 1360 τὴν
2515 1290 2776 1362 τοιαύτην
2851 1288 3141 1367 καταιγίδα
3177 1336 3190 1350 .
3256 1294 3469 1350 Στόλου
3529 1291 3588 1350 δὲ
3636 1301 3749 1352 τῶν

2097 1382 2416 1457 Ἀγαρηνῶν
2469 1382 2606 1438 κατὰ
2664 1381 2955 1455 Ῥωμαίων
3014 1382 3342 1454 ἐξελθόντος,
3403 1385 3432 1441 6
3484 1385 3745 1461 βασιλεὺς

2094 1470 2328 1545 Ὶμὲριον
2375 1472 2467 1527 τὸν
2528 1469 2825 1546 λογοθέτην
2879 1476 2977 1527 τοῦ
3033 1468 3243 1548 δρόμου
3301 1474 3615 1550 ἀρχηγέτην
3645 1479 3742 1531 τοῦ

2092 1563 2407 1633 Ῥωμαῖκοῦ
2463 1561 2760 1631 κατέστησε
2818 1559 3038 1618 στόλου.
3126 1563 3476 1644 Προπτέχθη
3543 1561 3603 1621 δὲ
3656 1567 3749 1621 καὶ

2094 1645 2438 1723 Ἀνδρόνικος
2466 1648 2493 1703 6
2526 1648 2657 1719 Δοὺξ
2698 1646 3058 1713 συνεισελθεῖν
3114 1649 3263 1722 αὐτῷ
3319 1651 3410 1706 καὶ
3467 1651 3744 1727 ἀγωνίσα-

2093 1739 2215 1792 σθαι
2270 1738 2407 1792 κατά
2460 1741 2570 1793 τῶν
2626 1739 2967 1813 Ἀγαρηνῶν,
3024 1737 3082 1792 '0
3139 1736 3198 1795 δὲ
3231 1745 3500 1813 Σαμωνᾶς
3525 1745 3605 1810 τῷ
3632 1746 3741 1798 τῶν

2091 1832 2309 1883 Δουκῶν
2340 1827 2481 1902 γὲνει
2522 1825 2936 1890 ἀκατάλλακτος
2985 1827 3061 1882 ὢν
3113 1827 3312 1905 ἐχθρὸς
3356 1827 3447 1885 διά
3473 1831 3572 1901 τήν
3600 1832 3749 1906 παρὰ

2089 1920 2186 1972 τοῦ
2263 1916 2663 1972 Κωνσταντίνου
2738 1917 3090 1993 κατάσχεσιν,
3178 1918 3394 1982 ὑποθείς
3474 1941 3580 1975 τινι
3635 1925 3743 1976 τῶν

2094 2002 2450 2080 Ἀνδρονίκαυ
2507 2003 2685 2083 φίλων
2745 2000 2925 2061 ἔπεισε
2979 2006 3181 2081 γράψαι
3241 2006 3520 2084 λαθραίως
3580 2010 3657 2083 μὴ
3691 2009 3744 2066 ἐν

2086 2100 2205 2157 τοῖς
2261 2094 2483 2159 πλοίοις
2560 2093 2848 2165 εἰσελθεῖν,
2906 2100 3004 2151 τοῦ
3072 2096 3316 2172 Ἱμερίου
3376 2095 3746 2176 παράγγελμα

2086 2179 2309 2263 ἔχοντος
2343 2182 2404 2239 ἐκ
2440 2182 2710 2260 βασιλέως
2743 2179 2997 2258 ὑποϐολῇ
3028 2189 3126 2241 τοῦ
3177 2192 3418 2259 Σαμωνᾶ
3459 2184 3737 2265 ἐκτυφλῶ-

2088 2293 2176 2327 σαι
2231 2272 2386 2328 αὐνόν
2422 2318 2436 2332 .
2492 2278 2578 2335 Ὦς
2639 2271 2728 2328 οὖν
2781 2269 2997 2345 ἒδέξατὸ
3057 2274 3291 2350 γράμμα
3326 2319 3341 2346 ,
3418 2276 3519 2332 οὐκ
3564 2275 3736 2346 ,ἤθελε

2085 2366 2164 2435 τῷ
2210 2362 2430 2435 Ἱμερίῳ
2488 2361 2868 2428 συνεισελθεῖν.
2931 2365 3023 2419 Διὸ
3073 2363 3164 2419 xxi
3215 2365 3379 2438 μόνος
3419 2367 3735 2441 ἠναγκάσθη

2085 2451 2223 2507 κατᾶ
2252 2452 2351 2523 τήν
2403 2460 2446 2517 ς’
2500 2456 2599 2507 τοῦ
2657 2446 2997 2527 Ὀκτωϐρίου
3054 2453 3228 2525 μηνὸς
3282 2450 3587 2527 συμϐαλεῖν
3617 2460 3737 2518 τοῖς

2085 2540 2329 2617 ἐχθροῖς.
2391 2540 2493 2600 Καὶ
2550 2535 2849 2615 συμϐαλὼν
2905 2539 3167 2616 ἐτρέψατο
3225 2542 3363 2599 κατά
3417 2544 3615 2618 κράτος
3647 2543 3738 2599 καὶ

2082 2631 2329 2708 ἠφάνισε.
2379 2633 2465 2706 [Ρ.
2524 2633 2651 2703 603]
2703 2632 2878 2688 Τοῦτο
2938 2631 3125 2705 μαθὼν
3183 2631 3211 2688 ὀ
3246 2630 3595 2709 Ἀνδρόνικος
3651 2636 3740 2689 καί

2081 2727 2199 2785 τοῖς
2256 2720 2412 2783 ὅλοις
2443 2720 2779 2796 ἀπεγνωκὼς
2838 2723 3309 2794 συσκευασάμενος
3373 2720 3489 2796 ἅμα
3548 2744 3742 2799 συγγε-

2078 2811 2188 2866 νέσι
2219 2810 2307 2865 καὶ
2340 2807 2563 2872 δούλοις
2594 2810 2764 2865 αὐτοῦ
2796 2807 3048 2875 ἀπελθὼν
3082 2809 3315 2888 κατέσχε
3369 2832 3424 2867 τι
3475 2812 3737 2889 φρούριον

2080 2902 2282 2958 ἄνωθει
2331 2906 2429 2958 τοῦ
2477 2901 2711 2959 Ἰκονίου
2744 2898 3110 2974 διακειμενον,
3159 2903 3189 2959 ’ὀ
3222 2896 3481 2959 Καϐἀλαν
3515 2902 3732 2975 ὠνόμα-

2082 2996 2194 3062 ζον,
2247 2991 2337 3047 καὶ
2395 2989 2471 3054 εἷς
2530 2991 2863 3046 ἀποστασῖαν
2921 2985 3167 3066 ἔϐλεψιν.
3229 2991 3341 3048 Οὐκ
3394 2990 3531 3048 ἀνίει
3601 2988 3649 3048 δ’
3707 2993 3735 3048 6

2077 3085 2343 3153 Σαμωνᾶς
2398 3079 2655 3156 ἀφορμῆς
2717 3077 2882 3154 δραξά
2904 3101 3050 3145 ιενος
3125 3081 3216 3137 καὶ
3271 3082 3580 3157 παροξύνων
3640 3082 3734 3137 καὶ

2075 3172 2453 3247 συνταράσσων
2481 3171 2574 3226 τὸν
2610 3170 2857 3247 βασιλέα,
2890 3171 2984 3226 καὶ
3018 3170 3225 3249 λέγων,
3259 3172 3333 3235 ὡς
3382 3172 3523 3249 Ἐγὼ
3556 3171 3730 3227 πάλαί

2072 3263 2485 3332 κατανενοήκειν
2534 3261 2623 3316 νὸν
2710 3258 3046 3331 ἄνθρωπον,
3107 3260 3198 3317 xxi
3270 3262 3344 3324 ὡς
3393 3261 3725 3317 ἀποστασίαν

317 3320 478 3427 quod
508 3351 579 3408 ab
609 3367 678 3407 eo
701 3349 1020 3421 accipiatur
1045 3320 1352 3402 damnum:
1387 3345 1507 3400 Hoc
1528 3344 1698 3416 quasi
1722 3320 1968 3399 stimulo

2085 3348 2263 3407 ὥδίνει
2291 3352 2379 3406 xxi
2432 3350 2507 3412 ὡς
2538 3351 2650 3426 χρὴ
2687 3343 3123 3426 προκαναλαϐεἶν
3177 3351 3274 3413 τάς
3330 3350 3506 3425 ὁρμάς
3546 3350 3734 3408 αὐτοῦ.

311 3444 596 3503 incitatus
629 3442 738 3495 Leo
780 3437 1091 3493 Iberitzam
1122 3436 1439 3508 Gregoram
1490 3434 1831 3489 scholarum
1861 3433 1968 3488 do-

311 3533 625 3592 mesticum
646 3535 704 3585 et
721 3526 1045 3584 Andronici
1066 3525 1306 3580 affinem
1325 3539 1457 3579 cum
1478 3522 1670 3578 valido
1705 3522 1966 3577 exercitu

312 3630 519 3679 contra
552 3617 961 3676 Andronicum
1007 3613 1243 3670 emittit.
1296 3611 1673 3669 Andronicus
1721 3611 1819 3666 ubi
1854 3611 1965 3665 hoc

313 3711 574 3771 rescivit,
617 3714 678 3764 et
733 3705 1040 3763 Nicolaum
1088 3703 1512 3774 patriarcham,
1551 3718 1668 3773 quo
1709 3702 1967 3756 maxime

315 3810 445 3860 erat
471 3801 677 3867 frctus,
710 3795 964 3853 ecclesia
1001 3794 1258 3865 ejectum
1291 3808 1443 3857 esse,
1494 3790 1714 3846 Gabala
1760 3790 1971 3845 relicta

314 3893 390 3951 ad
417 3893 719 3962 Agarenos
750 3903 882 3944 cum
918 3883 1197 3941 omnibus
1230 3882 1354 3938 suis
1380 3880 1675 3953 profugit;
1711 3896 1967 3952 eumque

310 3996 693 4040 amermunes
723 3975 1056 4033 honorifice
1081 3972 1400 4029 admodum
1434 3972 1682 4045 accepit.
1712 3973 1969 4044 Impera-

308 4079 401 4131 tor
428 4088 606 4146 porro
656 4076 942 4142 reputans
990 4069 1282 4137 quantum
1327 4064 1442 4119 isto
1490 4063 1711 4119 amisso
1753 4062 1968 4119 ducem

311 4163 612 4220 amisisset
640 4164 701 4216 et
731 4158 963 4232 qualem
989 4161 1147 4211 esset
1176 4153 1490 4209 habiturus
1520 4152 1967 4221 hostem,animi

313 4252 660 4327 angebatur.
694 4255 752 4304 et
772 4244 1071 4318 quomodo
1102 4259 1240 4301 eum
1270 4242 1584 4298 reduceret
1610 4241 1685 4298 ad
1717 4258 1856 4297 suos
1877 4258 1971 4297 co-

309 4344 556 4417 gitabat.
598 4339 949 4398 Scribuntur
999 4334 1240 4391 tandem
1286 4332 1499 4389 litteras
1548 4331 1967 4403 imperatoriae,

312 4434 532 4506 quibus
578 4429 915 4487 Andronico
945 4431 1004 4483 et
1033 4424 1395 4481 offensarum
1434 4421 1705 4478 omnium
1749 4421 1968 4490 oblivio

316 4529 375 4579 et
402 4521 630 4579 reditus
676 4518 918 4575 domum
952 4522 1012 4570 et
1038 4514 1295 4587 pristina
1342 4511 1600 4583 dignitas
1648 4516 1826 4582 atque
1848 4511 1970 4566 for-

315 4616 475 4670 tunae
500 4616 556 4667 et
592 4609 908 4665 innumera
957 4604 1114 4660 dona
1162 4617 1231 4658 ac
1277 4598 1571 4656 beneﬁcia
1614 4600 1965 4656 offeruntur.

2078 3441 2232 3497 Ἐπεὶ
2279 3437 2337 3495 δὶ
2392 3442 2463 3512 τῇ
2516 3441 2584 3514 σῇ
2639 3436 2929 3511 μελλήσει,
2963 3439 3009 3494 ὦ
3043 3438 3292 3515 βασιλεῦ,
3348 3445 3601 3516 παρεῖται
3635 3440 3732 3512 μὲν

2081 3530 2110 3586 6
2168 3526 2483 3598 ἐπιτήδειος
2564 3528 2654 3583 καὶ
2741 3527 2936 3604 ῥᾷστος
3027 3528 3117 3583 καὶ
3192 3527 3372 3606 ᾤχετο
3432 3528 3492 3585 ἐκ
3550 3528 3730 3603 μὲσων

2081 3621 2242 3692 ἡμῶν
2273 3623 2381 3674 τῶν
2408 3623 2611 3693 χειρῶν
2645 3618 2675 3672 6
2702 3616 2972 3692 πολὲμιος
2998 3619 3090 3675 τὸν
3147 3615 3397 3693 δεύτερον
3425 3617 3521 3675 κᾶν
3553 3618 3728 3676 πλοῦν

2080 3709 2365 3782 ποιητέον,
2399 3711 2475 3786 μή
2518 3708 2606 3765 xxi
2669 3710 2810 3784 λάθῃ
2868 3705 3067 3784 δράσας
3126 3730 3177 3764 τι
3212 3707 3423 3782 μᾶλλον
3456 3710 3490 3779 ἢ
3524 3710 3733 3773 παθών.

2080 3800 2312 3866 Τούτοις
2367 3805 2484 3865 τοῖς
2531 3798 2724 3878 λόγοις
2784 3796 2968 3875 ὥσπερ
3024 3799 3135 3856 τινὶ
3189 3796 3461 3873 πλήκτρῳ
3492 3797 3670 3874 νυγεῖς
3704 3800 3732 3854 6

2087 3889 2342 3967 βασιλεὺς
2394 3892 2490 3946 τὸν
2546 3884 2860 3962 Ἰϐηρίτζην
2917 3893 3229 3964 Γρηγορᾶν,
3261 3884 3588 3961 δομὲστικον
3622 3890 3729 3943 τῶν

2082 3978 2306 4057 σχολῶν
2338 3979 2427 4034 καὶ
2462 3974 2730 4049 κηδεστὴν
2779 3974 3134 4052 Ἀνδρονίκου
3188 3976 3551 4053 τυγχάνοντα,
3600 3977 3735 4049 μετὰ

2082 4066 2366 4139 δυνάμεως
2396 4065 2590 4140 ἀνδρᾶς
2639 4062 2968 4122 ἀποστέλλει
2998 4066 3114 4121 κατ’
3154 4061 3527 4139 Ἀνδρονίκου.
3560 4063 3730 4139 Ὅπερ

2087 4155 2271 4230 μαθὼν
2325 4154 2548 4221 ἐκεῖνος,
2593 4155 2686 4210 καὶ
2735 4155 2811 4219 ὡς
2848 4155 2877 4209 6
2917 4152 3269 4229 πατριάρχης
3327 4151 3607 4216 Νικόλαος
3639 4198 3655 4219 ,
3686 4154 3734 4225 ᾧ

2081 4246 2148 4300 τὰ
2179 4243 2367 4300 πολλά
2413 4242 2649 4321 ἰθάρῥει,
2681 4239 2951 4316 ἐξεϐλήθη
3009 4245 3110 4309 τῆς
3168 4241 3465 4311 ἐκκλησίας
3505 4240 3735 4298 καταλιο

2083 4334 2201 4391 πὼν
2249 4335 2350 4404 τήν
2417 4328 2670 4389 Καόάλαν
2739 4332 2958 4388 πανοικὶ
3034 4334 3346 4410 προσὲφυγε
3399 4338 3517 4394 τοῖς
3574 4333 3739 4409 Ἀγα-

2085 4428 2295 4500 ρηνοῖς’
2345 4424 2405 4479 δν
2455 4424 2485 4478 6
2537 4422 2938 4497 ἀμερμουμνῆς
2982 4420 3219 4494 ἓντίμως
3273 4421 3362 4476 καὶ
3397 4418 3741 4497 μεγαλοπρε-

2083 4517 2202 4575 πῶς
2260 4508 2495 4587 ἐδέξατο.
2550 4510 3045 4585 Ἀναλογισάμενος
3100 4506 3151 4565 δ’
3206 4510 3234 4565 6
3289 4508 3545 4587 βασιλεὺς
3614 4510 3735 4564 οἷον
3784 4525 3793 4539 “·

2084 4600 2337 4660 ἀπώλεσε
2392 4600 2696 4676 στρατηγὸν
2725 4598 2816 4655 καὶ
2857 4598 2975 4656 οἷον
3004 4596 3139 4671 ἕξειν
3172 4597 3446 4674 πολέμιον
3480 4593 3736 4674 ἔμελλεν,

312 4706 408 4759 Eae
439 4716 611 4757 cereo
655 4696 899 4752 inclusa
948 4694 1272 4750 Sarraceno
1304 4689 1565 4759 cuidam,
1597 4705 1628 4745 e
1668 4688 1967 4761 praetoria-

2085 4690 2335 4769 ἤσχαλλε
2392 4691 2486 4748 καὶ
2532 4686 2819 4765 ἐδυσφόρει
2866 4690 2958 4745 καὶ
3002 4689 3209 4764 τρόπον
3268 4687 3449 4760 ἐζήτει
3515 4692 3635 4752 πῶς
3676 4689 3737 4743 ἄν
3790 4726 3794 4731 ρ

311 4791 406 4850 nis
438 4788 685 4860 captivis
714 4786 787 4842 ad
821 4778 1121 4842 summum
1155 4784 1415 4838 favorem
1434 4779 1743 4850 producto,
1775 4779 1838 4834 in
1872 4778 1969 4850 Sy.

310 4882 461 4937 riam
486 4876 826 4936 Andronico
859 4871 1220 4947 perfereedee
1242 4870 1578 4926 traduntur.
1612 4866 1819 4925 τινος
1846 4868 1972 4925 Dis-

311 4971 621 5027 cedentem
667 4968 1061 5025 Sarracenum
1094 4961 1382 5017 Samonas
1414 4957 1664 5014 seorsim
1710 4956 1970 5030 compel-

310 5060 463 5118 lans.
489 5081 518 5111 «
543 5058 690 5122 Scis,
720 5057 825 5125 ait,
859 5052 1003 5126 quid
1034 5057 1234 5124 portes
1251 5049 1279 5106 7
1301 5070 1329 5099 »
1353 5064 1549 5104 ceram
1570 5047 1967 5103 innueus.Ne-

308 5150 491 5223 ganti,
527 5169 557 5199 ‹‹
588 5149 755 5215 Cera,
787 5142 1005 5214 inquit.
1036 5156 1216 5212 quam
1256 5143 1472 5211 gestas,
1505 5137 1689 5209 Syria!
1720 5142 1811 5192 est
1841 5137 1968 5192 exi-

310 5240 455 5294 tium
483 5257 497 5306 ;
531 5245 591 5293 et
620 5244 705 5302 tu,
738 5236 787 5291 si
821 5249 938 5305 qua
967 5231 1075 5287 tibi
1117 5229 1314 5303 gentis
1343 5234 1403 5284 et
1453 5225 1726 5283 eamdem
1771 5232 1968 5282 tecum

306 5329 657 5401 religionem
703 5323 1028 5382 colentium
1062 5326 1155 5376 est
1195 5335 1358 5385 cura,
1393 5333 1523 5374 eam
1556 5315 1728 5372 veziri
1753 5314 1815 5370 in
1848 5332 1968 5371 ma-

310 5435 422 5478 nus
454 5417 637 5474 trade.
664 5439 693 5467 ι)
724 5413 1184 5472 Promittentem
1217 5410 1298 5465 ita
1320 5408 1614 5465 facturum
1639 5406 1812 5463 donis
1842 5424 1971 5480 pre-

311 5507 482 5567 tiosis
515 5506 828 5580 magniﬁce
878 5509 970 5560 est
1020 5500 1365 5559 demeritus.
1420 5499 1570 5570 Ergo
1601 5498 1969 5556 Carracenus

2080 4782 2239 4838 αὐτὸν
2298 4785 2420 4843 τοῖς
2471 4778 2775 4855 Ῥωμαίοις
2831 4779 3246 4848 ὲπανασώσηται
3273 4821 3289 4837 .
3347 4774 3593 4853 Ἐγένετο
3645 4777 3739 4834 οὖν

2076 4870 2310 4946 γράμμα
2370 4866 2654 4943 βασιλικὸν
2704 4867 2879 4921 πᾶσάν
2925 4886 2984 4921 τε
3011 4865 3320 4939 ἀμνηστίαν
3365 4866 3513 4938 αὗτῷ
3557 4866 3740 4920 κακῶν

2078 4958 2472 5034 χαριζόμενον,
2519 4956 2620 5025 τὴν
2673 4952 2861 5011 οἶκαδὲ
2907 4975 2967 5011 τε
3023 4954 3358 5031 ἐπιστροφὴν
3418 4950 3732 5029 ἔπιτρέπον,

2077 5046 2167 5103 καὶ
2223 5049 2325 5119 τὴν
2375 5047 2643 5122 προτέραν
2692 5040 2991 5120 εὐημερίαν
3036 5042 3580 5120 καθυπισχνούμενον
3641 5043 3735 5098 καὶ

2083 5137 2277 5211 μυρίας
2308 5134 2480 5197 ἄλλας
2538 5131 2743 5211 δωρεᾶς
2798 5133 2889 5189 καὶ
2949 5131 3272 5210 εὐεργεσίας·
3335 5133 3468 5208 ὅπερ
3522 5130 3736 5203 ἑλὶεαν-

2076 5248 2167 5290 τες
2223 5230 2383 5302 κηρῷ
2440 5222 2689 5298 λαμπάδι
2747 5222 3099 5299 προσεοικότι
3180 5219 3392 5279 διδοῦσί
3462 5243 3571 5278 τινι
3624 5227 3731 5279 τῶν

2080 5320 2417 5392 Σαρακηνῶν
2450 5314 2558 5371 ἀπὸ
2606 5319 2705 5370 τοῦ
2755 5311 3098 5388 πραιτωρίου
3146 5315 3260 5387 (34)
3294 5307 3617 5383 ἐκϐληθέντι
3647 5311 3740 5368 καὶ

2083 5404 2519 5481 μεγαλοπρεπῶς
2569 5401 3025 5483 φιλοφρονηθέντι
3058 5445 3072 5473 ,
3123 5399 3520 5477 ἐπισκήψαντες
3571 5399 3743 5459 ἀπελ-

2079 5496 2190 5552 θεῖν
2224 5494 2275 5550 ἐν
2338 5492 2510 5568 Συρίᾳ
2575 5492 2666 5549 καὶ
2725 5490 3027 5570 ἐγχειρίσαι
3078 5493 3245 5548 τοῦτο
3271 5487 3741 5567 τῷἊνδρονίκῳ.

1484 5615 1850 5674 XYLANDRI
1889 5616 1976 5676 ET

2085 5616 2232 5674 mm
2272 5614 2496 5683 Nom.
3369 5680 3377 5686 _
3441 5666 3446 5673 _
3550 5666 3557 5672 .

375 5714 491 5790 (34)
518 5715 650 5790 Quo
677 5712 768 5773 rei
796 5711 875 5774 in
930 5706 1274 5774 monibus
1321 5722 1437 5768 nec
1486 5720 1611 5765 non
1660 5703 1939 5766 Saraceni
1968 5704 2047 5766 ob
2076 5704 2396 5781 profanam
2452 5702 2805 5780 religionem
2862 5701 3307 5767 detinebantur,
3360 5701 3430 5758 ut
3478 5697 3735 5773 jamjam

306 5785 581 5871 Mi!
598 5792 835 5871 ηδιον.
872 5796 1055 5864 οδω
1126 5834 1137 5845 -
