4184 6422
397 408 592 474 £10"

1746 387 2071 459 GEORGII
2088 380 2464 455 ’CEDBENI

3662 386 3820 458 1160

398 541 747 619 eonjecerit.
764 535 1148 613 hominisque
1167 534 1344 595 etiam
1365 533 1495 610 ejus
1512 531 1737 593 mentio
1759 535 2051 590 terrorem

2181 523 2525 619 nxalmexz!
2552 530 2670 591 τοῖς
2701 525 2763 584 ἑκ
2794 523 3126 601 Μελιτηνῆς
3171 530 3505 607 Αγαρηνοῖς,
3557 527 3651 585 καὶ
3690 527 3825 585 10'5-

399 635 673 697 hostibus
705 630 1045 689 incusserit.

473 799 765 854 Caeterum
786 799 1091 868 pactorum
1124 807 1305 849 causa
1332 806 1368 846 a
1396 791 1574 845 Tarso
1596 792 1656 843 et
1676 786 1952 842 Melitena
1976 784 2052 841 ad

404 890 661 947 Leonem
696 884 858 941 missi
884 888 1177 938 venerunt
1221 880 1429 951 Cpolin
1475 877 1800 934 Abelbaces
1842 880 1903 931 et
1949 876 2055 931 Sa-

403 996 597 1038 monm
631 981 814 1049 pater.
867 975 1026 1041 Quos
1077 971 1393 1046 magniﬁco
1452 968 1682 1041 excepit
1731 968 2057 1040 imperator

405 1067 668 1126 convivio
700 1065 761 1120 in
793 1065 1130 1136 Magnaura,
1165 1059 1478 1133 splendide
1510 1059 1821 1114 instructa.
1875 1058 2057 1111 Exor-

405 1161 565 1220 navit
594 1165 653 1214 et
684 1160 953 1230 Magnum
980 1154 1286 1226 Templum
1347 1152 1679 1221 magnifice,
1730 1149 2057 1222 legatisque

406 1249 764 1307 introductis
793 1244 995 1301 omnia
1025 1244 1205 1299 etiam
1247 1258 1385 1298 vasa
1433 1241 1510 1297 ad
1568 1239 1827 1295 divinam
1877 1237 2059 1310 perti-

408 1339 613 1400 nentia
653 1336 952 1409 liturgiam
1006 1331 1452 1390 demonstravit.
1501 1330 1565 1385 Id
1613 1328 1855 1401 quidem
1904 1332 2060 1382 statu

410 1427 747 1486 Christiano
778 1425 1085 1497 indignum
1135 1421 1267 1486 fuit,
1316 1418 1647 1493 peregrinis
1695 1415 2059 1482 hominibus,

412 1520 607 1590 iisque
637 1534 673 1572 a
702 1531 839 1571 vera
864 1513 1150 1586 religione
1181 1510 1418 1575 alienis,
1448 1525 1519 1564 ea
1564 1505 1877 1563 ostendere
1930 1520 2062 1576 qum

412 1625 489 1668 ne
519 1625 554 1665 ει
580 1606 694 1679 piis
715 1604 957 1678 quidem
979 1608 1036 1658 et
1053 1602 1297 1675 integrae
1319 1600 1449 1655 vitm
1473 1596 1818 1654 hominibus
1839 1601 2064 1651 temere

412 1699 699 1754 visuntur.
736 1697 806 1750 Et
834 1694 1103 1749 Samonw
1133 1697 1303 1763 pater
1330 1706 1466 1746 cum
1497 1687 1723 1743 videret
1774 1692 2064 1759 quantum

414 1787 696 1863 potentias
726 1791 905 1856 atque
937 1783 1183 1839 honoris
1217 1780 1375 1853 apud
1432 1779 1856 1852 imperatorem
1906 1775 2066 1831 filius

2146 636 2290 678 τους
2323 613 2525 692 ῥᾳδίως
2577 616 2850 692 ἐτρέπετο.
2915 619 3019 676 Καὶ
3077 617 3139 674 τὸ
3198 616 3370 695 ὄνομα
3428 620 3599 675 αὐτοῦ
3653 616 3822 693 μόνον

2163 706 2543 785 φημιζόμενον
2574 701 2853 786 φόϐητρον
2887 707 2954 776 ἦν
2988 713 3118 763 πᾶσι
3148 712 3265 771 τοῖς
3293 707 3641 770 ἀντιπάλοις.

2239 796 2411 869 Χάριν
2459 793 2521 852 δὶ
2574 795 2845 872 ἀλλαγίου
2896 797 3291 876 ἐκπεμφθέντες
3339 798 3445 854 ἀπό
3494 820 3555 855 τε
3607 801 3825 875 Ταρσοῦ

2165 885 2257 941 καὶ
2292 883 2607 957 Μελιτηνῆς
2662 886 2691 941 ὃ
2746 906 2806 943 τε
2844 882 3193 959 Ἀϐελϐάκης
3252 886 3455 950 ἐκεῖνος
3509 887 3600 943 καὶ
3650 887 3679 944 6
3727 891 3825 944 τοῦ

2168 978 2407 1047 Σαμωνᾶ
2463 975 2645 1050 πατὴρ
2703 970 3011 1031 κατέλαϐον
3069 977 3170 1046 τὴν
3242 976 3660 1054 βασιλεῦουσαν.
3720 976 3825 1035 Καὶ

2165 1064 2394 1127 τούτους
2418 1065 2447 1120 6
2481 1062 2741 1140 βασιλεὺς
2775 1061 3009 1137 ⁵ἐδέξατο
3062 1064 3310 1141 μεγάλην
3365 1064 3543 1143 δοχῆν
3590 1068 3829 1137 ποιήσας

2169 1154 2260 1210 καὶ
2316 1153 2511 1229 κόσμῳ
2566 1152 2766 1226 πολλῷ
2822 1156 2923 1227 τήν
2978 1156 3305 1232 Μαγναῦραν
3381 1159 3829 1231 κατακοσμήσεις.

2170 1241 2564 1301 Ἐκαλλώπισε
2595 1240 2652 1300 δὲ
2681 1245 2770 1299 καὶ
2800 1246 2899 1314 τήν
2935 1244 3195 1325 Μεγάλην
3227 1246 3558 1319 ἰζκκλησίαν
3591 1260 3834 1304 πολυτε-

2171 1330 2306 1397 λῶς.
2339 1334 2591 1409 [Ρεὸοό]
2617 1333 2709 1389 καὶ
2760 1332 3023 1415 εἶ’στςγαγε
3077 1336 3305 1400 τούτους
3360 1335 3556 1408 ἐκεῖσε,
3615 1336 3707 1393 καὶ
3764 1337 3831 1393 τὰ

2170 1422 2330 1496 τίμια
2395 1419 2665 1495 ὑπὲδειξεν
2722 1425 2930 1480 ἅπαντα
2986 1423 3077 1481 καί
3148 1426 3216 1483 τὰ
3269 1429 3339 1502 τῇ
3429 1426 3549 1499 θείᾳ
3606 1424 3830 1502 λατρεία

2176 1511 2600 1591 λειτουργοῦντα
2652 1513 2841 1585 σκεύη.
2928 1516 3103 1573 Τοῦτο
3190 1511 3248 1571 δὲ
3304 1514 3514 1587 ἀνάξιον
3569 1515 3637 1586 ἦν
3698 1517 3832 1590 Χρι-

2177 1611 2458 1675 στιανικῆς
2512 1606 2908 1676 καταστάσεως,
2966 1604 3309 1688 ἀλλοφύλοις
3368 1608 3679 1684 ἀνθρώποις
3737 1604 3829 1662 καὶ

2176 1692 2536 1757 ἀλλοπῖστοις
2567 1692 2792 1751 ἐκθεατα
2824 1698 2935 1770 (35)
2964 1702 3140 1753 ποιεῖν
3172 1696 3239 1753 τὰ
3284 1696 3375 1752 καὶ
3424 1703 3541 1762 τοῖς
3600 1698 3677 1771 μὴ
3728 1718 3831 1753 κα-

2178 1783 2293 1848 λῶς
2324 1785 2540 1860 βιοῦσιν
2571 1778 2841 1840 εὖσεϐἑσιν
2892 1784 3205 1861 ἀνθρώποις
3255 1784 3475 1851 ἀοὲατα.
3528 1787 3590 1845 Ὀ
3631 1783 3687 1842 δὲ
3732 1789 3831 1842 τοῦ

413 1877 732 1940 obtineret,
764 1890 900 1931 cum
934 1872 1058 1928 filio
1088 1887 1333 1927 manere
1362 1868 1550 1925 voluit
1577 1867 1771 1940 patria
1793 1865 2067 1921 Melitena

2181 1879 2410 1948 Σαμωνᾶ
2439 1874 2621 1950 πατὴρ
2648 1876 2748 1944 τήν
2782 1871 3112 1950 παῤῥησίαν,
3145 1876 3210 1948 ἢν
3246 1877 3274 1931 6
3307 1876 3507 1933 τούτου
3539 1876 3655 1939 υἱὸς
3702 1873 3834 1953 ἔσχε

413 1965 669 2023 deserta.
705 1964 917 2019 Verum
949 1963 1237 2018 Samonas
1269 1959 1328 2015 id
1357 1974 1567 2031 passus
1598 1973 1718 2012 non
1761 1960 1872 2022 est,
1921 1954 2063 2010 hor-

415 2060 572 2113 tatus
597 2059 826 2125 patrem
857 2056 922 2108 ut
952 2051 1196 2108 domum
1226 2048 1450 2105 rediret
1478 2052 1539 2103 et
1566 2046 1629 2101 in
1650 2061 1759 2101 sua
1775 2044 2064 2115 religione

414 2149 841 2219 perseveraret,
889 2157 958 2196 ac
1014 2156 1080 2196 ee
1138 2154 1374 2211 quoque
1423 2139 1815 2208 exspectaret,
1872 2133 2066 2206 prima

414 2249 650 2306 quoque
673 2232 985 2288 occasione
1007 2229 1248 2285 demum
1270 2227 1629 2284 rediturum.
1658 2226 1830 2281 Festo
1859 2226 2067 2280 Pente-

415 2322 823 2380 costm107l
888 2319 984 2375 die
1043 2319 1370 2390 imperator
1424 2316 1615 2372 filium
1682 2330 1857 2370 suum
1912 2315 2065 2369 Con-

416 2411 744 2468 stantiuum
768 2425 950 2481 opera
972 2406 1272 2479 Euthymii
1293 2404 1645 2477 patriarchae
1659 2402 1977 2459 coronavit.
1995 2404 2070 2458 At

415 2518 553 2557 vero
581 2500 884 2572 Samonas.
932 2503 1000 2552 ut
1044 2499 1368 2568 Augustam
1413 2494 1842 2559 demereretur,
1893 2508 2066 2547 suum

417 2589 760 2648 ministrum
813 2585 1271 2644 Constantinum
1332 2583 1578 2639 natione
1626 2581 2067 2655 Paphlagonem

423 2678 763 2737 eunuchum
808 2677 861 2731 ei
889 2693 995 2748 pro
1026 2674 1250 2733 famulo
1301 2672 1498 2729 tradit.
1545 2673 1599 2727 Is
1645 2671 2070 2728 Constantinus

420 2771 485 2826 in
516 2773 743 2826 tantam
776 2766 935 2822 venit
989 2770 1262 2838 Augustm
1312 2769 1371 2819 et
1412 2762 1625 2818 Leonis
1677 2762 1949 2835 gratiam,
2003 2766 2072 2817 ut

421 2860 547 2933 ipse
570 2859 747 2915 etiam
778 2859 1065 2914 Samonas
1097 2855 1320 2911 invidia
1346 2861 1657 2927 correptus
1684 2853 1841 2927 apud
1882 2854 2070 2926 impe-

422 2956 682 3008 ratorem
714 2965 849 3005 eum
881 2946 1183 3011 detulerit,
1213 2945 1381 3018 quasi
1412 2960 1547 3001 cum
1578 2942 1915 3017 Augustalis
1943 2959 2073 2999 rem

425 3039 687 3098 haberet.
725 3039 829 3095 Cui
859 3035 1261 3093 criminationi
1302 3033 1554 3090 credens
1582 3034 1718 3103 Leo,
1741 3033 2075 3090 Constanti-

426 3147 571 3188 num
600 3128 873 3185 monachi
906 3130 966 3184 in
990 3143 1216 3184 morem
1252 3125 1482 3181 tonderi
1524 3124 1718 3195 jubet,
1754 3131 1811 3179 et
1840 3124 1913 3179 ab
1946 3124 2073 3196 ipso

2169 1964 2304 2037 πρὸς
2359 1964 2587 2041 βασιλέα
2643 1964 2736 2018 καὶ
2802 1965 2903 2034 τήν
2962 1965 3134 2038 τιμὴν
3190 1964 3524 2037 θεασάμενος
3582 1963 3673 2021 καὶ
3728 1966 3832 2034 τήν

2170 2052 2350 2126 δόξαν,
2389 2051 2681 2129 ῄρετίσατο
2738 2058 2971 2109 συνεῖναι
3028 2059 3109 2129 τῷ
3170 2055 3294 2126 υἱῷ,
3358 2051 3673 2124 Μελιτηνὴν
3730 2054 3830 2124 τὴν

2170 2142 2402 2223 πατρίδα
2433 2144 2905 2220 ἀπαρνησάμενος.
2965 2148 3234 2219 Σαμιυνᾶς
3287 2142 3346 2201 δὲ
3394 2143 3456 2200 οὐ
3507 2144 3830 2220 συνεχώρει,

2169 2229 2489 2309 παρῄνειδὶ
2549 2230 2766 2308 μᾶλλον
2826 2232 2900 2295 είς
2958 2234 3025 2289 τὰ
3084 2231 3258 2289 οἰκεῖα
3316 2234 3682 2303 ὑπονοστῆσαι
3736 2231 3830 2289 καὶ

2170 2330 2270 2392 τῆς
2304 2320 2441 2386 ἰδίας
2467 2318 2691 2406 ἓχεσραί
2721 2321 2977 2391 πίστεως,
3022 2321 3348 2397 προσμένειν
3400 2319 3458 2378 δὶ
3502 2323 3593 2378 καὶ
3643 2322 3828 2392 αὐτὸν,

2174 2412 2220 2471 εἰ
2259 2416 2452 2489 καιροῦ
2510 2411 2766 2482 λάϐοιτο,
2826 2411 3001 2469 ἐκεῖσε
3038 2413 3303 2490 γενέσθαι.
3354 2417 3467 2484 Τῆς
3516 2410 3575 2470 δὲ
3631 2413 3827 2488 ἑορτῆς

2175 2502 2471 2574 ἰπιστέσης
2522 2501 2574 2559 ἒν
2631 2501 2668 2578 ᾗ
2723 2503 2786 2558 τὸ
2858 2505 3073 2576 Πνεῦμα
3130 2502 3194 2560 τὸ
3253 2502 3409 2577 ἆγιον
3465 2500 3516 2558 ἐν
3575 2501 3828 2577 πυρίναις

2173 2591 2451 2669 γλώσσαις
2504 2596 2621 2656 τοῖς
2702 2588 3038 2654 ἀποστόλοις
3126 2590 3427 2667 ἐφοίτησεν,
3489 2587 3677 2666 ἔστεψε
3740 2591 3832 2647 τὸν

2178 2683 2381 2741 οἰκεῖον
2413 2683 2527 2739 υἱὸν
2561 2685 2973 2741 Κωνσταντῖνον
3023 2683 3052 2738 6
3108 2681 3365 2757 βασιλεὺς
3413 2679 3503 2740 διὰ
3551 2681 3836 2758 Εὐθυμίου

2175 2781 2273 2833 τοῦ
2324 2775 2700 2851 πατριάρχου.
2773 2771 3032 2830 Σπεῦδων
3084 2771 3143 2831 δὶ
3182 2775 3211 2830 ὁ
3270 2778 3537 2848 Σαμωνᾶς
3594 2776 3695 2844 τήν
3740 2780 3839 2844 τῆς

2184 2862 2468 2943 βασιλίδος
2501 2863 2636 2941 πρὸς
2695 2864 2887 2920 ἑαυτὸν
2946 2863 3335 2920 ἐπισπάσασθαι
3398 2863 3633 2933 εὒνοιαν,
3688 2870 3839 2919 Κων-

2181 2961 2455 3012 σταντῖνον
2513 2955 2606 3010 τὸν
2660 2953 2858 3010 ἑαυτοῦ
2918 2953 3197 3030 ὑπηρέτην
3255 2952 3512 3028 ἐκτομίαν
3566 2955 3697 3010 ὄντα
3746 2951 3837 3008 καὶ

2181 3053 2282 3116 τῆς
2312 3049 2424 3101 τῶν
2459 3042 2833 3125 Παφλαγόνων
2887 3043 3215 3118 ὁρμώμενον
3271 3044 3462 3119 χώρας
3502 3046 3571 3117 τῇ
3621 3041 3839 3120 Αὐγού-

2184 3156 2284 3211 στῃ
2315 3132 2585 3210 παρέσχεν
2618 3133 2933 3208 ὑπηρετεῖν.
2966 3135 3241 3189 Τοσοῦτον
3275 3129 3332 3188 δὲ
3371 3133 3530 3196 οὗτος
3570 3132 3834 3208 ἠγαπήθη

424 3220 680 3277 Samnna
722 3217 783 3274 in
839 3216 1061 3274 Tarasii
1122 3213 1549 3271 monasterium
1603 3211 1836 3268 deduci.
1896 3212 2070 3269 Paulo

2187 3224 2317 3299 παρ’
2347 3224 2515 3294 αὐτῆς
2546 3222 2636 3278 καὶ
2667 3220 2900 3285 Λέοντος
2950 3227 3046 3279 τοῦ
3091 3220 3360 3299 βασιλέως
3410 3221 3485 3286 ὡς
3532 3222 3622 3278 καὶ
3672 3220 3833 3278 αὐτὸν

2222 3316 2235 3327 ι
2312 3319 2347 3327 --
2516 3317 2542 3327 -ι
2613 3310 2638 3327 ἢ
2764 3324 2777 3327 _
2797 3312 2810 3327 1
3041 3312 3056 3327 ι
3191 3324 3204 3327 -
3231 3312 3244 3327 1
3484 3311 3500 3327 ι
3556 3308 3581 3327 ἢ
3645 3307 3666 3327 ‘
3746 3308 3770 3327 β

415 3316 549 3381 post
563 3313 761 3364 autem
786 3311 1012 3362 mutata
1038 3303 1337 3361 sententia
1355 3302 1622 3374 recipere
1641 3317 1776 3357 eum
1796 3302 2068 3375 cupiens.

419 3397 690 3468 ejusdem
721 3397 993 3452 Samona)
1024 3410 1207 3466 opera
1236 3409 1372 3448 eum
1404 3393 1466 3448 in
1492 3391 1922 3448 monasterium
1947 3389 2069 3464 Spi-

416 3504 618 3545 rarum
654 3485 972 3543 transtulit.
1000 3485 1399 3557 Egressusque
1418 3481 1491 3538 ad
1515 3483 1896 3554 Damatryum
1925 3487 1986 3537 et
2006 3482 2070 3538 in

415 3578 689 3634 Samonm
711 3591 965 3649 pransus
987 3571 1513 3641 monasterio,cum
1531 3569 1758 3626 videret
1782 3572 2069 3627 Constan-

415 3668 632 3731 tinum,
663 3665 823 3720 illico
858 3662 1160 3719 mandavit
1192 3666 1256 3716 ut
1292 3660 1570 3717 monachi
1621 3659 1831 3716 habitu
1859 3665 2071 3715 exutus

416 3755 573 3813 civili
607 3754 819 3809 vestitu
850 3753 1233 3818 amiciretur;
1264 3756 1324 3806 et
1351 3748 1507 3821 apud
1566 3766 1703 3806 eum
1752 3750 2073 3806 convivans

415 3844 698 3920 poculum
728 3844 780 3899 ei
813 3859 988 3898 suum
1020 3840 1146 3897 darl
1171 3839 1374 3912 jussit,
1403 3855 1725 3911 secumque
1766 3839 2071 3896 hominem

414 3935 476 3992 in
504 3933 796 4008 palatium
827 3931 1082 3988 reduxit.
1115 3931 1404 3987 Samonas
1434 3928 1638 3987 videns
1695 3930 2074 4003 imperatoris

412 4025 477 4081 in
509 4025 963 4081 Constantinum
998 4036 1263 4077 amorem
1294 4035 1583 4085 crescere,
1633 4020 1964 4091 composita
2006 4037 2072 4077 re

414 4130 549 4170 cum
612 4112 852 4186 Megisto
912 4110 1205 4167 Cuetonita
1261 4114 1320 4165 et
1376 4107 1662 4166 Michaelo
1717 4108 2070 4178 Tzirithone,

413 4202 687 4263 libellum
724 4200 1008 4259 conviciis
1042 4199 1101 4255 in
1131 4200 1392 4254 Leonem
1422 4199 1756 4254 innumeris
1787 4198 2072 4256 refertum

419 4310 601 4367 Opera
630 4293 842 4350 scribae
882 4292 975 4348 sui
997 4290 1599 4349 Constantiniﬂhodii
1621 4289 1882 4351 conﬁcit.
1914 4307 2076 4348 eum-

420 4401 537 4456 que
571 4384 774 4439 ποτα
807 4381 1219 4455 consignatum
1250 4380 1312 4436 in
1344 4379 1636 4435 Mitatorio
1683 4378 1906 4451 abjicit.
1958 4380 2073 4436 Im-

419 4480 662 4548 perator
690 4472 924 4545 publice
958 4471 1020 4527 in
1053 4472 1321 4542 Magnum
1353 4468 1665 4542 Templum
1704 4485 2074 4541 progressus,

420 4580 560 4622 cum
588 4564 651 4620 in
691 4561 1051 4618 Mitatorium
1083 4559 1362 4623 venisset,
1397 4574 1513 4629 quo
1539 4557 1668 4614 loco
1698 4559 2072 4631 precabatur,

2183 3316 2275 3372 τὸν
2312 3317 2574 3388 Σαμωνᾶν
2610 3310 2899 3387 διερεθίσαι
2958 3312 3096 3385 πρὸς
3142 3312 3366 3391 ςσθόνον,
3412 3311 3503 3367 καὶ
3553 3307 3838 3367 διαλοιδο-

2178 3410 2387 3481 ριῖσοαι
2417 3403 2567 3476 αὐτῷ
2614 3403 2753 3477 πρὸς
2803 3399 3036 3477 βασιλέα
3089 3402 3163 3465 ὡς
3212 3406 3281 3475 τῇ
3344 3399 3632 3477 Αὖγοῦστῃ
3690 3400 3836 3474 τάχα

2176 3493 2565 3564 πλησιάζοντι·
2613 3489 2770 3565 ὅπερ,
2804 3490 2880 3551 ὡς
2904 3489 3109 3561 ἀληθὲς
3140 3489 3454 3555 πιστεύσας,
3504 3489 3835 3553 ἀποστείλας

2177 3582 2458 3657 ἀπέκειρεν
2500 3578 2663 3637 αὖτὸν
2699 3581 2942 3657 μοναχὸν
2976 3580 3027 3637 ἰν
3073 3583 3143 3656 τῇ
3174 3585 3272 3636 τοῦ
3320 3580 3513 3658 Ἀγίου
3558 3581 3834 3656 Ταρασίου

2181 3676 2325 3747 μσνῇ
2358 3670 2430 3728 δι’
2461 3668 2627 3727 αὐτοῦ
2658 3674 2755 3726 τοῦ
2814 3675 3072 3743 Σαμωνᾶ.
3124 3670 3257 3728 Μετ’
3310 3669 3501 3748 ὀλῖγον
3558 3667 3616 3725 δὲ
3671 3669 3836 3726 πάλιν

2182 3763 2476 3839 μεταγνοὺς
2515 3760 2606 3816 καὶ
2663 3757 3001 3836 προτλαϐεῖν
3056 3764 3250 3817 τοῦτον
3310 3757 3509 3816 ἐθέλων
3569 3762 3842 3836 μετήγαγε

2180 3851 2250 3910 δι’
2278 3851 2444 3909 αὐτοῦ
2488 3855 2585 3907 τοῦ
2640 3857 2878 3925 Σαμωνᾶ
2922 3851 2997 3912 εἷς
3036 3852 3134 3919 τῆν
3190 3853 3362 3923 μονήν
3409 3854 3518 3907 τῶν
3567 3855 3839 3925 Σπειρῶν.

2179 3942 2272 3999 Ἐν
2312 3944 2392 4013 τῷ
2441 3939 2722 4015 Δαματρῦϊ
2770 3939 2861 3994 οὖν
2908 3937 3143 4013 ἐξελθὼν
3178 3940 3207 3995 6
3242 3938 3500 4015 βασιλεὺς
3546 3938 3636 3994 καὶ
3678 3937 3729 3994 ἐν
3769 3941 3840 4013 τῇ
3890 3934 3895 3939 θ

2177 4035 2275 4087 τοῦ
2326 4033 2567 4099 Σαυωνᾶ
2624 4029 2918 4102 ἀριστήσας
2956 4031 3118 4102 μονῇ,
3167 4027 3256 4084 καὶ
3310 4027 3637 4101 Θεασάμενος
3686 4030 3844 4086 Κων-

2182 4121 2478 4188 σταντῖνον,
2512 4113 2708 4180 εὐθέως
2766 4112 3168 4183 διεκελεύσατο,
3221 4116 3309 4172 καὶ
3360 4113 3629 4173 ἀπέδυσαν
3680 4114 3842 4172 αὐτὸν

2179 4208 2246 4264 τὰ
2273 4210 2372 4263 τοῦ
2424 4207 2697 4279 μονήρους
2762 4205 2883 4280 βίου
2942 4210 3118 4283 ἀμφια
3172 4203 3263 4260 καὶ
3321 4202 3567 4261 ἑνέδυσαν
3632 4203 3842 4273 στολὴν

2182 4295 2460 4370 κοσμικήν
2523 4296 2658 4368 (36).
2719 4294 2824 4352 Καί
2902 4292 3290 4372 εὐωχούμενός
3371 4313 3431 4349 τε
3510 4293 3637 4369 παρ’
3696 4291 3843 4365 αὖτῷ

2183 4385 2408 4456 δοθῆναί
2442 4385 2496 4441 οἱ
2528 4383 2779 4441 ἒκέλευσε
2832 4384 2895 4441 τὸ
2942 4385 3209 4460 ποτήριον
3267 4381 3319 4440 ἐν
3366 4388 3445 4456 τῷ
3483 4383 3711 4459 ἀρίστῳ,
3750 4381 3843 4438 καὶ

2186 4475 2578 4555 εἰσερχόμενος
2636 4472 2692 4529 ἐν
2746 4477 2825 4544 τῷ
2880 4472 3135 4546 παλατίῳ
3184 4471 3464 4554 ἑφείλκετο
3535 4473 3626 4529 καὶ
3682 4472 3843 4528 αὐτὸν

2190 4566 2307 4639 μετ’
2340 4564 2530 4620 αὐτοῦ.
2577 4563 2750 4639 Ὀρῶν
2809 4560 2868 4618 δὲ
2922 4562 3014 4618 καὶ
3071 4564 3101 4619 6
3156 4566 3424 4634 Σαμωνᾶς
3473 4559 3844 4634 αὐξανομένην

420 4654 696 4711 libellum
728 4651 956 4708 invenit
987 4667 1057 4706 ac
1084 4649 1227 4719 legit
1281 4649 1359 4703 Ea
1388 4664 1485 4703 res
1538 4663 1639 4703 eos
1687 4647 1787 4721 qui
1831 4648 2070 4706 aderant

2189 4655 2290 4722 τὴν
2321 4653 2457 4726 πρὸς
2506 4651 2601 4709 τὸν
2658 4657 3063 4709 Κωνσταντῖνον
3119 4656 3219 4709 τοῦ
3288 4649 3563 4727 βασιλέως
3628 4650 3846 4726 ἀγάπην

418 4743 482 4800 in
538 4757 809 4805 magnam
864 4739 1123 4809 conjecit
1180 4734 1668 4803 sollicitudinem,
1729 4742 1908 4809 atque
1963 4737 2077 4810 ipsi

424 4832 603 4888 etiam
636 4830 817 4886 Leoni
871 4844 1075 4885 curam
1133 4827 1331 4883 attulit
1386 4820 1688 4881 aut-torem
1746 4828 2076 4898 quaerendi.

427 4920 546 4977 Sub
577 4919 735 4976 idem
771 4926 1004 4991 tempus
1034 4917 1190 4973 luna:
1222 4914 1488 4972 defectus
1518 4915 1813 4972 maximus
1839 4916 1967 4973 fuit.
2011 4921 2082 4975 Et

426 5009 540 5067 Leo
601 5008 1050 5083 Synnadensem
1131 5003 1593 5077 metropolitam,
1652 5005 2079 5065 Pantaleonem

425 5100 690 5155 nomine.
727 5096 1129 5155 astronomica
1159 5093 1452 5150 imbutum
1485 5092 1735 5149 scientia
1754 5095 1984 5163 accivit,
2016 5102 2083 5154 ut

426 5204 496 5245 ex
525 5205 594 5245 eo
639 5187 887 5259 deliquii
947 5186 1078 5258 ejus
1136 5184 1271 5257 quis
1329 5183 1563 5239 futurus
1621 5187 1779 5239 esset
1836 5185 2081 5243 eﬂ'ectus

425 5283 811 5352 cognosceret
838 5279 983 5334 Eum
1007 5274 1081 5331 ad
1096 5290 1292 5345 regem
1308 5272 1629 5330 intrantem
1648 5273 1934 5331 Samonas
1948 5294 2084 5348 per-

428 5374 700 5425 contatus
729 5371 822 5422 est
850 5365 1089 5421 cuinam
1122 5361 1366 5417 adversa
1412 5359 1928 5432 portenderentur.
1967 5365 2081 5421 Re-

427 5457 789 5530 spondaque
814 5470 828 5510 :
852 5475 882 5507 «
907 5452 1041 5510 Tibi.
1064 5451 1177 5509 Sed
1192 5458 1399 5508 tamen
1413 5448 1461 5506 si
1485 5451 1549 5505 13
1569 5449 1727 5506 Junii
1741 5449 1900 5507 diem
1914 5469 2085 5527 supe-

2189 4736 2495 4812 ἰπιϐουλήν
2554 4742 2672 4798 κατ’
2732 4740 2895 4797 αὐτοῦ
2948 4742 3164 4816 ῥάπτει,
3220 4737 3378 4796 τόνδε
3434 4738 3845 4813 ουντεθειμὲνην

2186 4832 2280 4889 τὸν
2333 4829 2560 4907 τρόπον·
2621 4827 3167 4905 κοινολογησάμενος
3218 4830 3473 4904 Μεγίστῳ
3512 4832 3593 4900 τῷ
3642 4832 3849 4884 κοῖτω-

2187 4916 2307 4990 νίτῃ
2334 4916 2424 4972 καὶ
2462 4912 2700 4995 Μιχαὴλ
2730 4915 2810 4988 τῷ
2841 4914 3140 4991 Τζιρίθωνι
3183 4913 3537 4990 γραμμάτιον
3569 4911 3850 4981 συντίθησι

2190 5002 2474 5080 λοιδυρίας
2513 5002 2644 5081 ἔχον
2675 5005 2812 5061 κατὰ
2868 5008 2966 5062 τοῦ
3028 5006 3301 5081 βασινὲως
3363 5001 3643 5080 ἀπείρους.
3692 5005 3853 5061 Κων-

2192 5096 2468 5153 σταντίνου
2526 5098 2624 5151 τοῦ
2683 5091 2920 5166 Ῥοδίου,
2976 5093 3036 5160 ὅς
3096 5092 3554 5172 ὑπεγραμμάτευε
3606 5095 3687 5164 τῷ
3739 5098 3853 5149 Σα-

2195 5189 2373 5260 μωνᾷ,
2402 5187 2567 5240 τοῦτο
2618 5184 2923 5249 συνθέντοςο
2984 5184 3119 5258 ὅπερ
3175 5183 3475 5259 γράψαντες
3531 5181 3621 5237 καὶ
3679 5196 3855 5257 σφρα-

2192 5274 2435 5353 γίσαντες
2467 5272 2521 5333 ἐν
2550 5293 2631 5347 τῳ
2659 5272 2980 5349 μιτατωρίῳ
3017 5268 3270 5349 ἕῤῥιψαν.
3324 5275 3433 5329 Τοῦ
3478 5268 3538 5328 δί
3579 5268 3851 5346 βασιλέως

2194 5363 2468 5439 δημοσίαν
2500 5359 2738 5439 πρόοδον
2768 5361 2821 5419 ἐν
2852 5367 2920 5437 τῇ
2961 5359 3190 5439 Μεγάλῃ
3227 5358 3533 5434 Ἐκκλησία
3554 5359 3859 5433 ποιησαμέ-

2191 5474 2309 5523 νου,
2341 5452 2437 5509 κάν
2472 5456 2553 5526 τῷ
2588 5453 2912 5530 μιτατωρίῳ
2944 5449 3312 5521 εἰσελθόντος,
3371 5450 3463 5508 καὶ
3494 5449 3546 5506 ἐν
3570 5449 3616 5524 ᾧ
3648 5446 3856 5526 ηϐχετο
3922 5482 3929 5489 ~

1635 5547 2017 5610 XYLANDRI.
2040 5555 2125 5611 ET
2163 5556 2383 5613 GOABI
2418 5554 2645 5613 ΝΟΤᾸΞ.

507 5655 621 5726 (35)
654 5652 802 5726 Lege
834 5650 1105 5726 εὖθέατα(
1127 5649 1187 5705 id
1218 5648 1380 5705 enim
1403 5720 1415 5726 _
1440 5663 1649 5726 sensus
1689 5648 1921 5726 videtur
1967 5652 2105 5726 exi-5

434 5719 1201 5801 gere:'-Heg€s¢mﬂmtonitz’
1214 5720 1458 5798 propria
1504 5719 1879 5779 cumanae
1926 5723 2089 5781 verbi

2198 5656 2467 5727 polsent,-
2494 5654 2739 5727 nam
2766 5654 3141 5727 oubiculario.
3169 5654 3318 5727 er}.
3626 5726 3631 5727 ί
3660 5706 3663 5711 ,
3695 5721 3724 5727 _
3928 5688 3935 5695 ι

2270 5728 2386 5798 (36)
2413 5721 2602 5795 Quam
2619 5725 2826 5783 Latina
2850 5726 3116 5785 Ecclesia
3127 5726 3449 5783 saecularem
3472 5726 3659 5781 vocat.
3686 5721 3865 5782 GOAR.
