4184 6418
358 457 511 516 1161
1522 453 2070 516 HlSTOIlIARUM
2118 452 2676 515 COMPENDIUM.
3639 449 3798 513 1162

350 589 511 660 τόπῳ
539 591 706 643 τοῦτο
764 585 1098 662 ἐριριμμένον
1153 583 1394 654 ἲδόντος,
1465 587 1769 667 εἰληφότος
1822 607 1882 642 τε
1937 607 2002 641 κα

2152 586 2555 655 raveris,nihil
2575 586 2791 642 deinde
2811 585 2956 641 mali
2980 583 3084 639 tibi
3110 581 3400 639 eveniet.»
3432 580 3520 636 Ah
3550 580 3804 652 impera-

353 674 702 751 ἀναγνόντος,
743 674 936 744 πολλή
991 675 1256 749 κατέσχεν
1311 675 1522 749 ἀπορία
1583 678 1713 739 τοὺς
1769 695 2005 750 συμπαρ-

2149 683 2264 733 tore
2295 677 2366 732 de
2399 678 2610 734 eadem
2641 693 2705 732 re
2737 677 3162 746 interrogatus,
3194 672 3481 744 proximas
3502 671 3576 727 ab
3608 672 3801 743 impe-

355 765 538 835 όντας,
625 761 976 834 διστάζοντος
1065 763 1296 818 ἑκάστου
1353 763 1445 818 καὶ
1532 765 1860 838 ἀγνοοῦντος
1930 764 2007 819 τὸε

2149 773 2332 822 ratore
2363 782 2634 836 personae
2665 764 3011 820 denuntiari
3053 762 3282 818 malum
3309 761 3474 816 dixit.
3511 761 3698 831 quue
3725 759 3801 817 de

361 851 610 930 ῥίψαντα·
642 853 886 928 Κατέσχε
924 849 986 907 δὲ
1011 853 1101 906 καί
1160 854 1251 908 τὸν
1293 851 1524 927 βασιλέα
1577 853 1782 927 ἀθυμία
1809 853 2013 922 πολλὴ

2150 855 2317 911 Fratre
2343 872 2449 910 suo
2492 853 2826 910 Alexandro
2872 852 3104 924 accepit
3127 853 3238 906 Leo
3270 868 3283 907 :
3318 850 3424 906 sed
3456 849 3590 920 quis
3621 850 3802 905 fuerit

357 941 449 997 καὶ
481 943 584 997 τὸν
609 942 953 1010 πεποιηκότα
981 940 1185 1012 ἐζήτει.
1224 943 1420 1019 Γέγονε
1477 939 1536 998 δὲ
1590 944 1728 998 κατὰ
1782 943 1876 998 τὸν
1937 943 2009 998 αὐτ

2149 944 2544 1016 pradictionis
2575 944 2789 1008 exitus,
2849 959 2992 996 mox
3049 942 3340 996 dicemus.
3386 939 3622 995 Etenim
3663 937 3801 1007 Leo,

359 1032 454 1086 τὸν
485 1032 682 1105 χρόνον
716 1030 807 1086 καὶ
847 1025 1098 1105 ἔκλειψις
1139 1029 1378 1103 σελήνης
1416 1033 1676 1109 μεγίστη,
1737 1029 1807 1086 δι’
1865 1033 1934 1102 ἤν
1999 1032 2011 1086 ἑ

2156 1051 2274 1089 :um
2307 1049 2442 1088 eum
2479 1031 2800 1087 Michaelus
2829 1031 3085 1086 Tziritho
3136 1029 3390 1085 seorsim
3447 1043 3808 1100 congressus

361 1120 620 1197 βασιλεὺς
671 1121 766 1176 τὸν
831 1119 1252 1193 μητροπολίτην
1316 1117 1570 1175 Συνάδων
1629 1119 2013 1194 μετεκαλέσατι

2152 1122 2472 1177 monuisset
2501 1120 2686 1176 libelli
2712 1120 2954 1176 infamis
2971 1125 3277 1175 auctorem
3297 1134 3428 1174 esse
3461 1119 3804 1185 Samonam,

360 1209 762 1278 Πανταλέοντα,
791 1213 892 1274 τῆς
941 1208 1352 1284 ἀστρονομικῆς
1404 1208 1654 1271 παιδείας
1713 1210 1768 1266 ἐν
1833 1211 2005 1282 μνήσε

2157 1211 2339 1267 statim
2364 1211 2608 1266 domum
2642 1226 2810 1265 suam
2842 1209 3144 1281 deportari
3179 1209 3497 1264 Samonam
3520 1210 3580 1261 et
3601 1221 3809 1262 mona-

357 1298 698 1373 τυγχάνοντα
729 1301 816 1372 ξΡ.
859 1301 1010 1372 606],
1052 1298 1115 1352 τὸ
1159 1305 1262 1368 τῆς
1319 1298 1624 1372 ἐκλείψεως
1678 1299 2009 1372 ἀποτέλεσμς

2155 1300 2233 1355 :hi
2267 1301 2328 1354 in
2361 1316 2588 1355 morem
2621 1297 3194 1371 radijussit,deinde
3220 1297 3281 1352 in
3303 1294 3807 1367 Euthymiipatri-

363 1393 555 1460 μαθεῖν
638 1387 1037 1462 ὀριγνώμενος.
1095 1388 1194 1444 ‘Ov
1277 1386 1672 1462 εἰσερχόμενον
1739 1388 1879 1462 πρὸς
1933 1387 2015 1443 τὸπ

2155 1391 2334 1445 irchaa
2361 1389 2794 1445 monasterium
2827 1387 3331 1457 deduci,indeque
3361 1385 3642 1441 conviciis
3665 1401 3807 1456 pro-

365 1472 599 1552 βασιλέα
630 1482 659 1530 ὸ
708 1480 979 1547 Σαμωνᾶς
1045 1473 1161 1547 ἰδίᾳ
1213 1471 1552 1550 παραλαϐὼν
1606 1477 1895 1549 ἠρώτησεν
1953 1477 2017 1537 εἷς

2155 1479 2391 1534 scissum
2443 1478 2506 1533 in
2565 1478 3053 1533 Martinaciorum
3115 1476 3446 1530 transferri.
3477 1476 3560 1529 Ea
3601 1473 3807 1534 omnia

360 1564 483 1622 τίνα
511 1566 610 1631 τήν
643 1564 883 1619 κάκωσιν
913 1562 1148 1634 ἔσεσθαι,
1205 1570 1296 1620 καὶ
1359 1562 1518 1621 τόνδε
1575 1567 1738 1644 φάναι
1796 1568 1880 1620 ὅτι
1938 1565 2012 1622 Eii

2158 1573 2270 1623 icta
2299 1573 2436 1622 ante
2467 1568 2624 1622 diem
2656 1584 2692 1622 a
2720 1567 3082 1622 Pantaleone
3115 1565 3490 1637 designatum
3520 1564 3810 1618 Constan—

359 1655 440 1710 σέο
497 1657 598 1721 τήν
665 1655 728 1729 ιγ’
796 1651 854 1708 δὲ
909 1657 1008 1708 τοῦ
1068 1653 1300 1710 Ἰουνίου
1373 1651 1732 1729 διερχόμενος
1817 1653 2011 1730 ἡμέραι

2171 1657 2330 1712 inum
2361 1657 2492 1712 loco
2546 1656 2819 1711 Samonaa
2869 1655 3152 1709 intimum
3212 1652 3648 1709 cubicularium
3693 1651 3823 1711 Leo.

361 1740 515 1800 οὐδὲν
548 1737 734 1798 ἔκτοτε
764 1743 927 1818 πείσῃ
978 1744 1168 1801 κακόν.
1227 1745 1558 1818 Ἐρωτηθεὶς
1621 1741 1680 1798 δὲ
1736 1743 1827 1800 καὶ
1884 1745 2013 1820 παρέ

2157 1746 2301 1813 ’θοίι,
2329 1746 2536 1801 1073
2571 1745 2746 1816 eique
2779 1743 3211 1800 monasterium
3247 1743 3309 1796 in
3361 1741 3590 1796 Nossiis
3613 1739 3809 1795 aedifi-

360 1836 461 1888 τοῦ
496 1830 766 1907 βασιλέως
797 1833 920 1904 περὶ
952 1831 1149 1887 τούτου
1189 1832 1339 1888 εἶπεν
1389 1831 1473 1887 ὅτι
1534 1831 1610 1894 εἷς
1654 1833 1719 1887 τὸ
1779 1829 2012 1909 δεότεροε

2155 1837 2312 1904 :avit,
2345 1835 2418 1890 de
2461 1834 2706 1889 nomine
2765 1833 3093 1890 Servatoris
3151 1832 3403 1898 dictum,
3434 1829 3616 1900 idque
3670 1845 3807 1886 cum

363 1921 665 1994 πρόσωπον
696 1923 731 1990 ἡ
790 1920 1031 1983 κάκωσις
1091 1919 1406 1995 ἐπισκήψει.
1466 1921 1806 1977 ’Υπώπτευεν
1854 1922 1948 1976 οὗν
1999 1924 2015 1978 ί

2157 1925 2457 1995 Euthymio
2502 1923 2844 1995 patriarcha
2899 1921 3216 1977 dedicavit.
3280 1919 3618 1975 Secundum
3679 1919 3809 1976 hmo

367 2009 630 2088 βασιλεὺς
670 2008 920 2085 δεύτερον
947 2011 1243 2086 πρόσωπον
1277 2012 1414 2066 εἶναι
1450 2012 1542 2066 τὸν
1597 2012 1790 2067 ἑαυτοῦ
1859 2010 2019 2068 ἀδελ-

2153 2013 2394 2087 Αεειιτεοὶ
2425 2015 2532 2067 300
2552 2029 2731 2067 naves
2762 2009 3328 2074 emittunt,ducibus
3354 2007 3640 2064 Damiano
3670 2006 3805 2078 Tyri

371 2101 473 2178 φὸν
521 2097 896 2174 Ἀλέξανδρον.
956 2100 1059 2155 Καὶ
1111 2101 1178 2154 τὰ
1226 2100 1324 2175 μέν
1389 2107 1492 2170 τῆς
1555 2100 1918 2177 προρρήσεως
1968 2102 2023 2172 ἢκ

2156 2119 2350 2161 amera
2378 2107 2435 2157 et
2467 2104 2662 2157 Leone
2699 2100 3005 2172 Tripolita.
3039 2099 3143 2155 His
3200 2098 3359 2170 apud
3418 2098 3677 2160 Samum,
3711 2096 3808 2154 cui

365 2186 528 2264 ἔσχεν
562 2185 1096 2263 ἀπόϐασιν,προϊὼν
1157 2191 1187 2244 ὁ
1245 2189 1415 2267 λόγος
1470 2187 1735 2259 δηλώσειο
1797 2190 2017 2266 Μιχαή]

2159 2201 2275 2251 tum
2300 2197 2606 2250 Romanus
2638 2193 2980 2263 Lacapenus
3010 2194 3284 2263 praeerat,
3319 2189 3580 2244 occurrit
3607 2187 3811 2244 Hime-

373 2277 434 2334 δὶ
461 2283 560 2333 τοῦ
591 2278 928 2354 Τζιρίθωνος
958 2279 1078 2334 κατ’
1111 2275 1252 2334 ὶδίαν
1289 2284 1372 2352 τῷ
1431 2280 1653 2354 βασιλεῖ
1702 2281 2025 2356 προσελθόν·

2158 2285 2275 2339 rius
2305 2283 2516 2338 classis
2546 2285 2826 2338 Romana)
2858 2281 3176 2353 prwfectus
3201 2299 3216 2346 ;
3240 2279 3550 2348 victusque
3607 2276 3682 2332 ab
3713 2277 3810 2347 iis,

365 2386 462 2429 τος
492 2369 585 2422 καὶ
616 2367 1106 2440 καταμηνόσαντος
1138 2368 1215 2430 ὡς
1267 2369 1296 2423 ὁ
1356 2374 1628 2443 Σαμωνᾶς
1676 2369 1762 2440 εἴη
1812 2369 1876 2426 τό
1915 2393 2013 2428 πιτ

2165 2373 2439 2444 lissipata
2497 2372 2686 2428 classe
2719 2387 2848 2439 sua,
2903 2386 3058 2443 aegre
3116 2369 3244 2440 ipse
3285 2366 3629 2438 Mitylenam
3675 2366 3817 2437 fuga

370 2454 560 2512 τάκιον
617 2459 731 2530 (37)
779 2455 1123 2526 πεποιηκὼς,
1191 2459 1433 2528 παρευθὺ
1484 2453 1907 2529 καταϐιϐάζεται
1965 2458 2022 2515 εἰ

706 2463 731 2529 “)
779 2455 1123 2526 πεποιηκὼς,
1191 2459 1433 2528 παρευθὺ
1484 2453 1907 2529 καταϐιϐάζεται
1965 2458 2044 2522 εΐς
2153 2461 2358 2518 evasit.

370 2545 468 2601 τὸν
501 2546 657 2599 οἶκον
690 2545 862 2599 αὐτοῦ
888 2544 980 2599 καὶ
1013 2546 1361 2621 ἀποκείρεται
1398 2549 1664 2623 μοναχὸς,
1723 2552 1840 2604 εἶτα
1892 2548 1946 2604 ἐν
1999 2552 2070 2624 τῇ
2132 2553 2275 2622 μονῇ
2339 2551 2438 2603 τοῦ
2493 2547 2843 2622 πατριάρχου
2899 2544 3182 2618 Εὐθυμίου
3212 2545 3502 2618 ἀπάγεται,
3563 2542 3811 2597 κάκεῖθεν

372 2631 812 2707 διαλοιδορηθεὶς
845 2634 921 2696 εἰς
949 2635 1050 2703 τὴν
1078 2639 1180 2690 τοῦ
1211 2636 1580 2710 Μαρτινακίου
1643 2638 2007 2711 μετατίθεται.
2061 2642 2242 2694 Ταῦτα
2282 2635 2340 2693 δὲ
2401 2636 2650 2713 ἐπράχθη
2715 2638 2887 2709 μήπω
2941 2641 3042 2704 τῆς
3102 2632 3417 2706 ὡρισμένης
3471 2631 3805 2706 προθεσμίας

369 2725 518 2799 παρᾶ
599 2729 698 2780 τοῦ
787 2724 1210 2799 μητροπολίτου
1282 2723 1720 2802 διαδραμούσης.
1791 2728 2054 2800 Ἐποίησε
2137 2727 2196 2784 δέ
2261 2727 2376 2785 ἀντ’
2435 2728 2601 2782 αὐτοῦ
2655 2727 2749 2783 τόν
2807 2728 3223 2784 Κωνσταντῖνον
3279 2723 3808 2799 παρακοιμώμενον.

371 2815 592 2873 Ἐκτισε
643 2813 702 2871 δὲ
755 2814 908 2888 αὗτῷ
964 2815 1053 2870 καὶ
1116 2820 1482 2892 μοναστήριον
1541 2819 1592 2874 ἐν
1649 2825 1770 2883 ταῖς
1813 2822 2096 2890 Νοσσιαῖς,
2156 2818 2240 2874 ἐπ’
2297 2820 2530 2891 ὀνόματι
2576 2823 2676 2874 τοῦ
2732 2825 3011 2892 Ζωτῆρος,
3073 2815 3104 2872 ὅ
3159 2817 3252 2872 καὶ
3309 2814 3636 2871 ἐνεκαίνισεν
3694 2813 3814 2886 ἅμα

371 2905 637 2978 Εὔθυμὲῳ
687 2907 768 2978 τῷ
826 2907 1167 2982 πατριάρχῃ.
1231 2908 1552 2982 Ἀγαρηνῶν
1609 2908 1668 2965 δὲ
1723 2910 2051 2984 ἐξελθόντων
2108 2911 2246 2983 μετά
2304 2908 2518 2964 πλοίων
2568 2909 2918 2984 τριακοσίων,
2963 2907 3038 2961 ὧν
3107 2909 3300 2982 ἡγεῖτο
3358 2904 3628 2978 Δαμιανός
3670 2925 3729 2961 τε
3786 2905 3816 2959 ὁ

373 2998 472 3062 τῆς
503 2996 932 3070 Τύρονάμηρᾶς
963 2997 1053 3051 καὶ
1099 2998 1248 3052 Λέων
1284 2998 1313 3052 6
1372 2997 1740 3074 Τριπολίτης,
1799 2999 2038 3074 Ἱμέριος
2099 3000 2128 3055 6
2187 2998 2489 3075 λογοθέτης
2553 2999 2828 3074 ναύαρχος
2886 2991 2961 3052 ὥν
3017 3002 3128 3052 τῶν
3187 2995 3473 3069 Ῥωμαίων
3527 2995 3665 3049 κατὰ
3721 2993 3814 3050 τὸν

368 3083 710 3161 Ὀκτώὸριον
777 3094 920 3159 μῆνα
977 3090 1280 3159 συνήντησε
1333 3089 1554 3154 τούτοις
1612 3091 1688 3154 εἷς
1743 3091 1952 3163 Σάμον,
2009 3093 2076 3161 ἧς
2135 3090 2460 3167 ἐστρατήγει
2515 3090 2799 3163 Ῥωμανὸς
2861 3088 2889 3143 6
2957 3086 3310 3156 Λακαπηνός.
3399 3087 3499 3142 Καὶ
3555 3083 3813 3159 συμπλα-

369 3179 484 3241 κεὶς
509 3184 625 3240 τοῖς
658 3180 774 3252 μετ’
801 3179 967 3234 αὐτοῦ
1006 3181 1244 3250 ἡττήθη,
1292 3185 1384 3235 καὶ
1435 3187 1542 3236 τῶν
1603 3183 1691 3238 ὑπ’
1747 3183 1906 3238 αὐτὸν
1965 3188 2101 3238 νεῶν
2161 3179 2668 3253 διασκεδασθεισῶν,
2735 3179 2898 3253 μόλις
2947 3180 3112 3241 αὐτὸς
3171 3176 3408 3248 διεσώθη
3491 3176 3570 3239 εἷς
3623 3182 3802 3232 Μιτυ-

324 3276 326 3279 ’
377 3267 579 3340 λήνην.

446 3357 725 3430 Κοιλιακῷ
781 3355 840 3413 δὲ
894 3360 1166 3432 νοσήματι
1224 3359 1456 3434 ληφθεὶς
1513 3363 1542 3416 ὁ
1609 3361 1892 3437 βασιλεὺς,
1948 3365 2098 3431 καὶ(

2220 3365 2551 3434 Imperator
2582 3366 2804 3427 autem,
2831 3359 3076 3416 cmliaco
3108 3358 3316 3414 morbo
3348 3360 3682 3428 correptus,
3713 3371 3816 3412 eo-

372 3445 462 3503 ἐπὶ
539 3448 737 3521 χρόνον
796 3451 876 3518 τῷ
937 3446 1173 3522 τοιούτῳ
1245 3451 1404 3504 πάθει
1491 3451 1879 3524 κατεργασθεὶς
1945 3450 2024 3505 καῖ

2163 3469 2263 3522 ine
2285 3451 2636 3522 aliquandiu
2667 3449 2972 3505 confectus
3003 3454 3062 3502 et
3093 3448 3155 3501 in
3209 3461 3506 3501 summam
3537 3444 3815 3500 redactus

374 3535 452 3597 εἷς
520 3535 758 3610 ἐσχάτην
819 3534 1122 3610 ἀδυναμίαν
1174 3537 1493 3608 ἐληλακὼς,
1551 3538 1715 3612 μόλις
1783 3536 2026 3609 ἠδυνήθη

2162 3541 2641 3599 ,nvaletudinem.
2673 3540 2772 3594 vix
2803 3538 2999 3610 potuit
3026 3537 3360 3592 orationem
3409 3534 3631 3607 jejunii
3668 3539 3814 3589 tem-

373 3623 426 3680 ἐν
465 3629 547 3694 τῷ
604 3631 704 3693 τῆς
763 3622 1081 3700 ἐγκρατείας
1137 3631 1316 3702 καιρῷ
1368 3631 1468 3697 τὴν
1531 3631 1740 3700 συνήθη
1801 3630 2025 3699 ποιήσα-

2167 3649 2289 3688 iore
2321 3649 2427 3702 pro
2458 3646 2624 3686 more
2658 3629 3115 3697 habere.ltaque
3147 3626 3430 3682 advocato
3448 3631 3574 3680 tum
3603 3627 3819 3679 senatu

374 3715 494 3768 σθαι
576 3711 921 3789 δημηγορίαν
1004 3718 1142 3785 (38).
1221 3719 1704 3792 Συνηθροισμένης
1753 3720 1860 3794 γὰρ
1937 3726 2026 3788 τῆς

2167 3723 2234 3777 ιὶο
2265 3722 2434 3776 inﬁt:
2465 3744 2492 3770 «
2521 3721 2668 3774 Caro
2716 3735 2874 3777 mea.
2931 3717 3132 3784 amici,
3195 3715 3405 3772 morbo
3464 3716 3819 3782 consumpta.

375 3802 686 3875 συγκλήτου
770 3803 1034 3858 τοιούτων
1094 3804 1300 3879 ἤρξατο
1384 3808 1521 3879 πρὸς
1582 3807 1781 3872 αὐτοὺς
1833 3809 2027 3883 λόγων·

2164 3810 2409 3866 lit‘lluxit
2429 3811 2701 3879 viresque
2733 3807 3184 3862 defecerunt.ac
3215 3803 3488 3860 fortassis
3509 3802 3816 3858 vobiscum

374 3893 512 3950 «Τὸ
574 3899 670 3964 μὲν
720 3891 851 3965 ἐμὸν
921 3893 1169 3968 σαρκίον,
1229 3895 1275 3948 ὥ
1341 3893 1520 3973 φίλοι.
1577 3897 1726 3969 νόσῳ
1758 3897 2026 3971 ἐκτρυχω-

2163 3901 2404 3972 implius
2433 3915 2556 3953 non
2587 3898 2796 3960 vivam,
2827 3911 3022 3966 neque
3055 3894 3131 3948 ad
3186 3893 3406 3948 festum
3448 3890 3815 3946 Hesurretio-

372 3981 460 4036 θὲν
508 3981 825 4055 ἀπέρῥευσε,
883 3983 974 4037 καὶ
1033 3984 1069 4052 ἡ
1118 3983 1284 4062 ῗσχὺς
1343 3983 1689 4054 ἐπιλέλοιπε,
1747 3987 1838 4042 καὶ
1895 3987 2024 4067 τάχα

2160 3991 2242 4046 ais
2271 3988 2489 4044 Christi
2551 3986 2708 4042 diem
2749 3986 2930 4039 vitam
2979 3983 3326 4054 perducam.
3389 3982 3550 4036 Hanc
3607 3980 3812 4049 itaque

375 4069 556 4125 οὐκέτι
595 4073 712 4142 μεθ’
766 4071 918 4144 ὑμῶν
982 4071 1242 4146 βιοτεύῳ,
1300 4072 1426 4128 οὐδέ
1481 4073 1880 4150 καταλήψομαι
1937 4079 2027 4146 τήι

2167 4096 2330 4136 mam
2360 4095 2429 4134 ac
2451 4083 2816 4148 postremam
2854 4089 2890 4128 a
2919 4072 3084 4127 vobis
3113 4071 3371 4143 gratiam
3404 4068 3640 4140 postulo
3665 4067 3819 4122 mihi

374 4163 476 4215 τοῦ
508 4161 784 4215 Δεσπότου
832 4161 1070 4234 Χριστοῦ
1128 4162 1467 4220 ’Δνάστασιν.
1509 4163 1650 4219 Μίαν
1705 4165 1892 4219 τοίνυν
1950 4167 2026 4221 κα

2171 4169 2275 4224 lari
2303 4184 2316 4222 :
2348 4163 2765 4222 Recordamini
2785 4177 2967 4233 quam
2997 4175 3091 4214 me
3121 4159 3289 4214 vobis
3320 4157 3650 4228 benignum
3672 4171 3823 4226 prai-

372 4248 688 4304 τελευταίαν
736 4249 876 4322 ὓμᾶς
904 4249 1044 4306 αἰτῶ
1091 4249 1259 4321 τήνδε
1313 4253 1416 4320 τήν
1475 4252 1659 4328 χάριν,
1700 4254 2024 4329 ἀπομνημο·

2176 4259 2402 4322 ιιιεπίιῃ,
2453 4262 2630 4326 atque
2662 4253 2796 4308 ideo
2827 4267 3074 4306 uxorem
3107 4249 3433 4318 ﬁliumque
3466 4245 3635 4301 vobis
3664 4260 3828 4300 com-

373 4341 559 4392 νεῦσαι
597 4337 667 4406 ἦν
709 4337 863 4394 εἶχον
925 4341 1065 4414 πρὸς
1125 4341 1266 4414 ὑμᾶς
1323 4345 1578 4416 χρηστὴν
1630 4340 1893 4409 διάθεσιν,
1949 4346 2025 4400 κα

2176 4347 2496 4404 nendatum
2528 4344 2825 4399 habetote.
2864 4361 2894 4390 »
2955 4340 3208 4394 Senatus
3265 4353 3404 4392 cum
3469 4335 3618 4390 ﬂetu
3647 4339 3828 4404 atque

373 4426 492 4481 ἀντὶ
541 4426 742 4498 ταύτης
829 4429 1042 4483 εὔνοιαν
1103 4433 1174 4503 τῇ
1259 4429 1370 4505 ἐμῇ
1429 4432 1650 4506 συζόγῳ
1707 4429 2025 4507 διατηρῆσα

2175 4436 2373 4507 :julatn
2405 4432 2670 4490 ostendit
2717 4446 2779 4485 se
2829 4428 3071 4499 jactura
3121 4425 3304 4496 hujus
3361 4422 3596 4478 domini
3647 4426 3827 4491 atque

372 4514 566 4584 καὶτῷ
594 4517 715 4587 υἱῷ.
752 4541 781 4566 ιι
841 4518 944 4573 Καὶ
1001 4519 1036 4587 ἡ
1097 4519 1192 4591 μὲν
1249 4524 1349 4574 τοῦ
1396 4520 1669 4595 βασιλέως
1721 4518 2024 4598 δημηγορία

2174 4524 2534 4596 mperatoris
2565 4517 2976 4576 incredibilem
3009 4514 3317 4587 percipere
3351 4512 3653 4578 dolorem;
3706 4511 3826 4566 Au-

371 4605 626 4675 τοιαύτη,
660 4608 696 4676 ἡ
754 4603 812 4660 δὲ
867 4605 1181 4684 σύγκλητος
1243 4609 1419 4684 βουλή
1484 4610 1754 4685 ὑπέσχετο
1813 4608 2023 4686 δακρυρ·

2171 4620 2334 4673 {ustae
2366 4618 2568 4668 autem
2603 4616 2661 4664 et
2692 4609 2815 4664 filio
2846 4604 3195 4677 imperatori
3227 4603 3438 4659 1074
3477 4600 3560 4655 ita
3582 4617 3644 4655 se
3675 4598 3823 4655 ﬁde-

374 4693 576 4769 ῥοοῦσα
623 4695 714 4748 καὶ
771 4696 888 4766 μετ’
947 4695 1283 4778 ὀλοφυρμῶν
1345 4697 1493 4773 λύπῃ
1560 4699 1657 4772 μὶν
1715 4699 2026 4774 συνέχεσθα‹

2161 4706 2234 4759 les
2262 4703 2390 4758 fore
2423 4707 2490 4756 ut
2515 4701 2604 4755 vel
2659 4698 2882 4753 millies
2912 4713 3020 4767 pro
3051 4711 3121 4748 eo
3173 4693 3312 4754 sint.
3345 4693 3427 4746 ita
3454 4689 3635 4745 rebus
3665 4704 3813 4760 pos-

374 4750 384 4769 I
771 4750 781 4766 Ι
983 4750 1076 4775 Vvi
1129 4750 1273 4778 ι,ι“““⁷
1345 4750 1493 4773 VV—Vil'
1560 4750 1649 4772 I""
1721 4750 2017 4774 "--h"'“

373 4783 794 4857 ἆπαραμυθήτῳ
848 4786 1105 4841 τοιούτου
1168 4792 1564 4862 στερισκομένη
1625 4786 1891 4844 δεσπότου
1946 4792 2025 4845 κα

2173 4790 2446 4858 :eutibus,
2489 4795 2742 4844 mortem
2794 4783 3116 4857 oiipetituri
3153 4800 3168 4849 ;
3215 4783 3420 4852 itaque
3461 4779 3825 4849 imperatore

375 4871 670 4946 βασιλέως,
722 4871 931 4930 εὔνοιαν
992 4873 1050 4931 δὲ
1110 4872 1464 4952 διατηρήσειν
1511 4878 1588 4942 εἷς
1647 4900 1707 4934 τε
1764 4881 1864 4946 τήν
1953 4876 2027 4936 δέ·

2167 4889 2490 4937 3xtremum
2546 4876 2916 4933 consalutato
2950 4875 3378 4930 discesserunt.
3435 4869 3551 4923 Leo
3611 4872 3819 4922 tamen

371 4982 601 5016 σποιναν
636 4962 844 5018 καὶτὸν
872 4965 1144 5040 ἡμέτερον
1208 4965 1482 5038 δεσπότην
1510 4968 1604 5023 καὶ
1665 4968 1895 5044 βασιλέα
1949 4989 2023 5025 κα

2171 4973 2358 5034 vitam,
2391 4967 2598 5024 morbo
2618 4967 2864 5022 interim
2889 4966 3106 5021 misere
3128 4961 3726 5028 conﬂictatus,usque
3748 4954 3823 5018 ad

376 5051 468 5106 σὸν
524 5052 663 5122 υἱὸν,
723 5049 885 5122 ὥστε,
973 5054 1022 5108 εἰ
1107 5053 1310 5127 δεήσει,
1405 5058 1662 5128 μυριάκις
1741 5056 2028 5131 ἔμπροσθε

2172 5065 2219 5117 ll
2249 5061 2381 5116 Maii
2411 5059 2571 5114 diem
2626 5057 2921 5129 produxit.
2966 5055 3222 5111 Moriens
3279 5049 3597 5121 imperium
3652 5045 3824 5107 fratri

374 5139 550 5196 αὐτῶν
611 5143 918 5199 ἀποθανεῖν.
976 5148 1152 5199 Ταῦτα
1210 5146 1440 5202 εἰποῦσα
1497 5149 1533 5217 ἡ
1595 5147 1909 5226 σύγκλητος
1956 5169 2026 5203 κα

2174 5166 2267 5204 suo
2295 5146 2628 5203 Alexandro
2657 5145 2918 5214 reliquit.
2960 5145 3145 5208 Quem
3203 5146 3568 5226 postremum
3628 5134 3704 5190 ad
3761 5149 3826 5190 se

373 5230 687 5286 τελευταῖον
737 5232 1026 5306 ἀσπασμὸν
1115 5232 1396 5290 ἀποδοῦσα
1451 5235 1532 5309 τῷ
1585 5223 1806 5312 βασιλεῖ
1871 5235 2025 5306 ἀπηλ

2176 5237 2501 5293 venientem
2534 5232 2739 5289 videns
2755 5237 2942 5287 Iertur
2964 5230 3189 5285 dixisse
3209 5246 3222 5284 :
3239 5253 3264 5278 ‹‹
3288 5229 3374 5282 En
3391 5223 3585 5280 malus
3602 5228 3828 5292 tempo-

390 5317 561 5396 λάγη.
598 5321 676 5378 Οὐ
739 5324 848 5395 μήν
893 5343 953 5398 γε
998 5325 1086 5379 καὶ
1152 5323 1306 5389 εὐθὺς
1367 5327 1396 5380 ὁ
1455 5310 1714 5394 βασιλεὺς
1773 5325 2042 5398 ἐτελεότη⁴

2175 5329 2248 5383 ris
2278 5326 2566 5384 articulus
2611 5328 2744 5396 post
2794 5320 3080 5376 tredecim
3137 5333 3398 5373 menses.
3455 5333 3486 5366 ι)
3545 5310 3827 5367 Eumdem

377 5429 489 5482 σεν,
545 5410 694 5466 ἀλλὰ
764 5409 1040 5468 διετέλεσε
1093 5414 1532 5489 νοσηλευόμενος
1581 5418 1674 5472 καὶ
1727 5416 2024 5494 σφακελιζό

2174 5417 2377 5472 multis
2407 5417 2679 5471 hortatus
2710 5415 2800 5466 est
2824 5415 2890 5464 ut
2940 5407 3400 5463 Constantinum
3447 5402 3701 5459 educare
3758 5413 3826 5454 ac

1590 5519 1958 5574 XYLANDRI
2000 5518 2086 5571 ET
2127 5518 2348 5573 GOARI
2388 5515 2612 5570 ΝΟΤᾸΞ.

450 5608 563 5681 (37)
597 5612 821 5680 Charta,
843 5612 1129 5688 schegiuta,
1150 5616 1408 5672 maxime
1438 5633 1512 5672 ex
1543 5616 1700 5688 pelle
1733 5617 2049 5672 chartacea
2158 5615 2332 5688 apud
2367 5611 2794 5688 Marcellinum,
2854 5601 3346 5688 Tiberiusnﬂpud
3413 5601 3824 5688 δίφρθθίίῇῖῗζ

378 5672 1128 5758 δίίῗιρθΐέδωθξλοονῧοηξ
1543 5672 1564 5688 ⁵
1685 5672 1690 5674 Ἴ
2159 5672 2317 5758 apud
2346 5683 2623 5758 aliosalii
2656 5672 3049 5754 imperatores
3070 5672 3240 5730 letho
3266 5673 3522 5745 proximi
3548 5672 3828 5747 leguntur

450 5754 565 5826 (38)
597 5756 785 5820 Quam
820 5757 880 5813 L.
923 5757 1300 5831 Verusapud
1323 5759 1746 5827 Herodianum,
1775 5759 2048 5816 Julianus
2160 5754 2460 5814 habuisse.
2494 5757 2673 5812 GOAR.

659 5876 932 5937 Ριιτιιοι.
981 5878 1192 5939 CXXI.
1243 5880 1354 5940 Gn.
3455 5861 3532 5918 37
