4094 6292
282 411 350 472 13
1561 413 1899 477 FABRU'P]

2043 413 2376 478 LDICATIO
3583 429 3660 489 14

270 547 560 638 Graeculo.
595 547 1374 638 bistoriamﬁurop‘alatm
1415 549 1718 638 eruisset,
1798 566 2064 628 eamque
2143 552 2512 638 contulisset
2546 635 2556 638 _
2587 573 2728 638 cum
2785 556 3088 638 Ciedreno,
3173 560 3661 638 deprehendisse

264 629 475 712 eadem
522 627 738 689 iisdem
773 629 993 712 verbis
1039 628 1118 689 ab
1147 627 1266 712 iis
1309 630 1455 712 dici,
1507 637 1574 690 ut
1617 631 1920 712 alteruter
1962 627 2334 693 necessario
2393 635 2734 712 plagiarius
2790 637 2891 698 sit.
2954 627 3145 700 Addit
3199 627 3658 706 Gasaubonus:

261 709 343 767 Al
394 726 520 767 cum
576 728 666 769 me
721 708 796 768 ab
857 708 964 800 illo
1025 710 1298 800 Gl'wculo
1358 710 1678 800 deceptum,
1739 709 2094 800 quimqgna
2152 733 2245 800 me
2291 708 2546 793 pec—uni}:
2575 727 2950 800 emunrerat,
3013 720 3216 800 inique
3273 725 3521 798 ferrem,
3559 725 3666 786 hoc

261 800 593 879 r‘nejamen
653 789 978 879 recreaoat,
1039 790 1198 871 quod
1253 809 1326 879 ex
1383 797 1689 879 utriusque
1745 788 2058 879 collatione
2115 788 2522 879 multdgposse
2571 797 2632 856 in
2689 808 2942 879 utroque
3006 788 3316 862 emendari
3363 788 3660 866 videbam.

266 867 598 961 (Iedrenum.
639 871 792 961 enim
843 872 978 961 ita_
1002 867 1118 930 esse
1146 953 1160 961 _
1192 871 1416 931 editum
1474 867 1748 961 sciebam,
1802 880 1867 929 ut
1908 872 2106 961 _mul(a
2147 867 2394 961 ⁵ιυςιιῖείήι
2453 877 2512 961 in
2565 879 2695 956 ejus
2752 867 2996 954 scriptis
3055 883 3398 961 turpissima
3455 886 3664 948 relicta

257 948 366 1038 sint
422 948 655 1009 menda.
711 952 874 1012 Sane
939 953 1347 1038 Casaubonus
1398 972 1548 1038 non;
1591 970 1627 1038 a
1685 952 1993 1030 Graeculo,
2056 948 2188 1038 qui'
2221 955 2281 1012 id
2343 957 2512 1034 quod
2550 948 2723 1038 erat,
2787 948 2974 1037 quam
3038 948 3294 1038 plurimi
3355 966 3657 1038 vendidit,

258 1029 356 1088 sed
394 1046 619 1125 errore.
656 1049 795 1125 suo,
848 1032 965 1125 qui_
1003 1033 1855 1125 ScxlitzamjnnCedrenum
1904 1035 2278 1125 translatum
2328 1029 2608 1109 nescivit,
2663 1029 2962 1118 deceptus
3020 1029 3133 1100 est.
3207 1044 3465 1106 Frustra
3509 1029 3660 1125 ergo

256 1110 526 1200 queritur
582 1109 661 1168 de
720 1112 1010 1200 Graeculo
1086 1109 1218 1200 illo,
1274 1113 1384 1191 qui
1458 1114 1858 1200 Gui‘opalatse
1916 1113 2262 1186 historiam,
2344 1136 2534 1194 quam
2595 1137 2739 1200 vere
2812 1109 3227 1198 profitebatur
3280 1143 3345 1184 se
3401 1109 3659 1200 habere,

250 1193 554 1254 vernalem
611 1194 952 1268 exposuit:
991 1200 1080 1279 _at
1135 1194 1267 1272 ipse
1320 1193 1545 1279 grandi
1605 1192 2406 1279 pecuniamercatuscst}
2470 1199 2716 1258 cautius
2741 1192 2872 1260 rem
2933 1221 3109 1261 suam
3141 1221 3358 1279 gerere
3399 1192 3654 1279 debuiti

246 1286 441 1351 rerum
506 1289 789 1349 namque
846 1274 1117 1351 pretium
1180 1274 1508 1333 vendentis
1567 1273 2056 1350 redimentisque
2123 1275 2538 1339 aestimatione
2613 1281 2933 1341 accrescit.
3007 1273 3260 1343 Vossius
3334 1284 3419 1345 De
3475 1273 3658 1346 lauto;

243 1347 378 1407 ricis
429 1347 862 1412 Graecisﬁlib.‘
897 1369 966 1413 ιιι
1023 1354 1086 1412 in
1142 1354 1387 1414 Joanne
1445 1352 1842 1414 Antiocheno
1901 1347 2149 1414 videtur
2207 1357 2372 1416 hunc
2430 1359 2888 1421 Antiochenum
2921 1363 3226 1423 Joannem
3289 1381 3429 1425 cum
3463 1368 3658 1428 Curo-

238 1429 444 1523 palata
503 1433 1190 1523 confu_ndere,__que_m
1267 1434 1424 1523 dicit
1490 1433 1886 1523 ‘ancellum,
1968 1437 2136 1523 quod
2215 1444 2423 1523 tamen
2502 1441 2726 1523 falsum
2800 1450 2917 1514 est,
2994 1445 3416 1523 exscripsisse.
3479 1449 3659 1519 Quod

236 1509 442 1602 multis
519 1512 583 1602 in
674 1513 850 1573 libris
927 1509 1329 1602 historicum~
1385 1509 2169 1602 (.Jedrenicompenllium
2232 1518 2545 1580 tribuetur
2618 1522 2847 1583 Joanni
2905 1509 3342 1602 'Curopalatse.
3403 1509 3655 1588 Certum

232 1593 435 1687 tamen
495 1599 816 1687 est,‘no.n
877 1594 1250 1687 universam”
1285 1594 1930 1687 Cedrenihistoriain,
1996 1598 2101 1687 sed
2166 1616 2303 1687 eam
2369 1605 2610 1660 tantum
2672 1621 2812 1680 quae
2873 1593 3296 1682 aNicephoro
3356 1609 3656 1687 Rangabe

233 1671 555 1763 exordium
631 1673 824 1763 ducit,
887 1673 1605 1763 Joannis_Curopalata3
1664 1692 1817 1763 esse.
1882 1677 2430 1763 [iuerile_denique
2464 1687 2598 1763 est,
2663 1671 2952 1743 dubitare
2997 1671 3111 1763 ((1).
3143 1704 3224 1745 an
3273 1671 3658 1750 Cedrenvusa

233 1752 643 1840 Europalata,
707 1754 834 1840 siv_e
890 1754 1020 1840 iste_
1065 1773 1101 1813 a
1159 1755 1464 1840 Q_edreno_
1498 1755 1832 1840 acceperit.
1897 1758 1982 1815 De
2041 1752 2519 1840 Cedrenoivide
2568 1752 3163 1825 Gcnebrardum'in
3224 1765 3558 1840 Chronico,
3593 1775 3658 1830 et

229 1832 690 1893 Bellarminum
751 1834 841 1894 De
893 1833 1290 1915 scriptoribus
1345 1834 1541 1896 eccles.
1605 1835 1818 1895 saecul.
1881 1852 1965 1908 x1,
2029 1855 2195 1897 anno
2257 1838 2433 1900 1070.

291 1974 703 2052 (q)_.|oannem
760 1974 1155 2052 Thracesiurn
1196 1975 1361 2052 (quiﬂ
1384 1975 1538 2052 idem
1614 1986 1705 2052 est
1753 1990 1886 2052 cum
1997 1978 2240 2052 Cedreni
2268 1983 2567 2052 synopsim
2595 1985 2834 2039 demum
2865 1984 2924 2039 in
2956 2002 3167 2042 manus
3216 1986 3524 2044 hominum
3560 2007 3654 2046 ve-

227 2044 483 2132 Scylit’ze)
519 2045 718 2132 sequi.
759 2062 820 2100 se
848 2062 962 2132 non
1013 2044 1613 2128 difﬁteturcedrenus
1657 2050 1715 2132 et
1738 2047 1885 2115 prio-
1999 2050 2106 2131 nit.
2136 2044 2449 2132 Georgium
2505 2053 2829 2132 Gedrenum
2876 2056 3123 2132 epistola
3179 2058 3287 2132 84,
3331 2058 3406 2132 ad
3434 2044 3656 2132 Eutbv-

230 2108 343 2200 rem
371 2108 593 2200 ἕκδὸσεν
613 2108 796 2200 ’ἱῌῇιιε
830 2118 1118 2200 utniqu‘e‘in
1151 2119 1448 2200 synopsirn
1489 2108 1887 2200 suam_tr'ans-
2001 2121 2182 2200 mium
2208 2108 2341 2179 citat
2361 2123 2486 2178 Nic.
2549 2108 3289 2200 eamdenbs’hﬁéioséii
3333 2108 3406 2184 in
3425 2108 3657 2189 H.513-

227 2183 396 2268 t_ulit:
461 2190 564 2244 sed
636 2188 822 2243 altera
876 2183 1141 2268 Seylitsas
1184 2183 1389 2268 'edi'tio
1488 2190 1558 2268 ad
1619 2187 1886 2268 Alexium
1997 2193 2236 2250 tionibus
2261 2198 2754 2268 mystagogicis,p.
2787 2198 2911 2254 361,

228 2260 617 2315 Commenum
655 2275 862 2330 usque,
891 2260 1083 2315 h.e.ad
1115 2262 1178 2315 A.
1216 2261 1886 2330 108l,continuata,post

1213 2371 3651 2404 Mm

233 2377 1201 2402 m—

1349 2465 1846 2556 FABROTI
1899 2465 2539 2552 DEDICATIO.

985 2749 1703 2814 EMINENTISSIMO
1747 2748 2139 2814 PRINCIPI
2175 2748 2418 2812 JULIO
2465 2747 2925 2813 MAZARINO

1595 2886 1652 2941 S.
1694 2886 1756 2942 R.
1798 2886 1859 2941 Ε.
1902 2884 2296 2942 CARDINALI.

310 3012 470 3072 Scite
527 3015 791 3072 Graecus
867 3017 1087 3071 auctor
1165 3011 1272 3083 ait,
1355 3011 1854 3072 Eminentissime
1929 3010 2297 3088 Cardinalis,
2378 3009 2637 3069 deorum
2719 3010 2966 3088 templis
3042 3012 3307 3070 donaria
3372 3011 3642 3072 dicanda

243 3107 386 3157 esse,
445 3092 596 3151 viris
653 3098 864 3152 autem
925 3092 1272 3151 illustribus
1338 3092 1573 3166 ingenii
1651 3097 2058 3151 monumenta
2137 3090 2579 3166 nuncupanda.
2653 3090 3196 3160 Quemadmodum
3276 3092 3439 3150 enim
3505 3110 3641 3150 mu-

244 3172 489 3230 neribus
550 3173 721 3231 hisce
781 3171 1146 3249 religionem
1206 3179 1484 3231 nostram
1547 3190 1696 3247 erga
1730 3175 1948 3242 Deum,
1983 3173 2071 3228 ita
2130 3179 2192 3229 et
2249 3169 2367 3228 hoc
2405 3169 2760 3228 animorum
2823 3173 2949 3229 fetu
3010 3171 3246 3230 cultum
3305 3189 3378 3231 ac
3436 3172 3643 3231 obser-

251 3253 525 3310 vantiam
579 3261 855 3312 nostram
912 3271 1062 3328 erga
1119 3252 1283 3311 viros
1315 3269 1577 3312 summae
1610 3251 1932 3327 dignitatis
1989 3249 2084 3308 vel
2125 3250 2427 3309 doctrinae
2488 3249 2821 3328 praecipuas
2856 3257 3183 3311 testamur.
3248 3253 3414 3311 Inter
3444 3253 3642 3313 Deum

261 3335 464 3389 autem
523 3337 584 3389 et
635 3332 912 3391 homines
968 3334 1154 3409 longe
1211 3333 1489 3402 interest,
1553 3333 1722 3409 quod
1784 3334 1966 3402 Deus,
2027 3331 2198 3389 velut
2255 3331 2536 3389 omnium
2597 3330 2896 3390 Conditor
2952 3339 3014 3391 et
3061 3331 3387 3404 Dominus,
3452 3333 3667 3393 rebus

265 3427 517 3490 quarum
592 3413 848 3488 precarii
926 3430 1311 3489 possessores
1386 3430 1602 3470 sumus
1661 3429 1786 3470 non
1843 3415 2044 3489 egeat,
2125 3410 2463 3470 illustrium
2523 3417 2734 3470 autem
2819 3411 3093 3471 virorum
3154 3420 3328 3488 gesta
3388 3413 3641 3490 penitus

258 3487 634 3564 intercidant,
696 3492 814 3551 nisi
847 3487 942 3551 sit
981 3493 1088 3570 qui
1145 3511 1219 3552 ea
1276 3493 1498 3552 litteris
1556 3492 1811 3550 mandet
1841 3487 1906 3550 et
1960 3490 2223 3569 posteris
2273 3490 2502 3550 tradat.
2539 3491 2657 3552 Sed
2716 3497 2777 3550 et
2834 3487 3635 3569 quemadmodum—humili

252 3571 463 3649 cuique
519 3574 597 3631 ad
650 3573 909 3632 deorum
946 3573 1180 3650 templa
1229 3573 1524 3632 accedere
1573 3579 1635 3632 et
1682 3571 1765 3631 ibi
1799 3577 1944 3632 vota
1999 3590 2111 3630 sua
2142 3589 2509 3648 nuncupare
2553 3573 2642 3632 fas
2673 3577 2782 3642 est,
2820 3573 2908 3632 ita
2939 3591 3050 3632 nec
3080 3572 3354 3632 illustres
3395 3575 3639 3632 animas

243 3667 313 3708 ea
369 3670 507 3730 quae
569 3653 887 3711 tenuiores
946 3653 1230 3712 homines
1260 3653 1348 3712 eis
1405 3653 1617 3712 dicant
1674 3651 1997 3728 aspernari
2029 3651 2333 3711 videmus.
2396 3651 2554 3711 Alta
2612 3651 2848 3712 scilicet
2907 3653 3132 3712 mentis
3189 3653 3474 3714 homines
3532 3671 3633 3712 se-

235 3731 363 3790 curi
420 3739 567 3792 sunt
630 3733 1076 3810 magnitudinis
1150 3752 1299 3805 sum,
1362 3734 1518 3793 adeo
1579 3739 1644 3792 ut
1704 3735 1898 3792 Deum
1959 3732 2191 3791 referre
2250 3731 2522 3808 quodam
2585 3750 2810 3809 genere
2870 3733 3222 3792 videantur.
3286 3736 3431 3793 Hec
3491 3751 3630 3792 cum

231 3810 360 3888 ipse
421 3831 671 3872 mecum
732 3820 1114 3891 reputarem,
1175 3831 1362 3872 ausus
1392 3831 1555 3883 sum,
1619 3811 2120 3873 Eminentissime
2165 3811 2535 3875 Cardinalis,
2599 3812 2886 3890 religiose
2944 3819 3004 3872 te
3057 3813 3229 3873 adire
3288 3819 3348 3873 et
3405 3813 3636 3872 librum

233 3909 419 3969 opera
473 3911 618 3952 mea
670 3893 1046 3971 perpolitum
1098 3893 1417 3953 licentiore
1468 3894 1629 3952 forte
1679 3892 1799 3952 hac
1847 3892 2111 3970 epistola
2160 3891 2272 3950 tibi
2327 3891 2688 3964 inscribere,
2749 3911 2875 3969 quo
2915 3893 3309 3953 devotionem
3371 3911 3521 3970 erga
3578 3898 3640 3952 te

234 3990 433 4032 meam
502 3973 753 4049 publice
814 3980 1097 4044 testarer,
1175 3974 1528 4050 scirentque
1585 3991 1800 4032 omnes
1859 3975 1937 4032 ad
2019 3971 2482 4031 venerationem
2558 3973 2648 4031 tui
2706 3975 2894 4035 etiam
2967 3992 3072 4033 eos
3129 3973 3236 4051 qui
3294 3974 3643 4050 longinque

238 4059 436 4128 agunt
502 4054 698 4112 libros
758 4053 865 4112 tibi
923 4054 1235 4122 dedicare,
1295 4060 1362 4112 ut
1419 4071 1494 4113 ex
1525 4070 1703 4112 sacro
1763 4052 2194 4112 etimmortali
2228 4053 2478 4112 nomine
2510 4059 2619 4111 tuo
2653 4055 2882 4111 famam
2918 4060 2979 4113 et
3036 4053 3304 4130 gloriam
3336 4054 3646 4130 sibiqua:-

226 4141 368 4192 rant
421 4151 503 4193 ac
562 4131 1037 4194 immortalitate
1095 4135 1431 4193 donentur.
1494 4136 1624 4193 Hoc
1683 4140 1890 4194 tamen
1952 4151 2189 4205 vereor,
2257 4150 2331 4190 ne
2389 4139 2450 4191 te
2507 4132 2567 4190 in
2645 4133 2891 4192 excelso
2948 4135 3367 4193 humanarum
3427 4151 3638 4192 rerum

225 4213 486 4290 fastigio
549 4213 822 4290 positum
880 4219 940 4273 et
1000 4232 1326 4292 nunquam
1385 4231 1654 4272 vacuum
1715 4233 1832 4292 ego
1891 4231 2053 4272 unus
2109 4232 2165 4292 ei
2203 4212 2382 4270 turba
2440 4211 2741 4292 audacius
2797 4213 3119 4274 incondito
3177 4232 3251 4272 ac
3308 4213 3449 4272 rudi
3507 4231 3635 4272 ser-

230 4310 419 4352 mone
481 4293 904 4371 interpellem,
985 4299 1170 4372 teque
1249 4312 1476 4365 morer,
1541 4295 1720 4369 cujus
1765 4291 2204 4369 amplissimis
2281 4291 2766 4368 cogitationibus
2843 4310 2915 4351 ac
2973 4293 3250 4354 consiliis
3303 4293 3639 4371 imperium

229 4373 540 4433 Gallicum
600 4375 1011 4450 gubernatur,
1070 4371 1211 4433 cum
1274 4374 1480 4452 potius
1538 4373 2056 4451 occupationibus
2114 4372 2238 4431 tuis
2295 4372 2461 4431 bono
2520 4371 2772 4450 publico
2831 4374 3218 4451 parcendum
3276 4379 3458 4434 εδει-ι.
3520 4372 3640 4434 Sed

229 4471 487 4531 magnae
548 4472 801 4532 quoque
859 4454 1087 4514 anima:
1147 4454 1451 4513 litteraria
1509 4453 1640 4512 haec
1696 4459 2107 4513 avocamenta
2165 4470 2289 4511 non
2351 4458 2660 4511 recusant.
2723 4452 2834 4513 Hic
2890 4461 3099 4514 autem
3133 4455 3427 4516 admirari
3469 4452 3639 4513 subit

223 4553 424 4612 quam
491 4535 702 4610 sagaci
759 4535 1021 4594 consilio
1078 4535 1352 4612 optimus
1411 4535 1845 4612 maximusque
1915 4533 2227 4610 princeps,
2294 4550 2434 4591 cum
2495 4533 2821 4592 excederet
2876 4535 2974 4592 vel
3034 4535 3242 4613 potius
3300 4534 3637 4612 intercipe-

226 4622 404 4674 retur
466 4621 530 4673 et
587 4615 646 4673 in
709 4616 934 4674 caelum
995 4615 1248 4685 rediret,
1311 4615 1444 4692 tibi,
1505 4614 1852 4674 Cardinalis
1908 4613 2432 4683 Eminentissime,
2524 4631 2679 4690 pene
2737 4613 3026 4687 dixerim,
3104 4620 3330 4674 cuncta
3387 4613 3644 4692 regendi

222 4713 389 4755 onus
453 4695 844 4771 imposuerit,
906 4713 1044 4754 cum
1118 4695 1410 4772 juvenilis
1485 4695 1858 4754 successoris
1915 4695 2163 4752 animus
2222 4694 2501 4751 nondum
2563 4711 2673 4770 par
2731 4701 2891 4753 esset
2945 4695 3233 4772 imperio.
3298 4694 3399 4754 Sic
3465 4695 3641 4754 Atlas

216 4794 366 4836 cum
427 4775 574 4834 caeli
633 4777 805 4835 oneri
866 4794 930 4835 se
983 4777 1378 4841 subduceret,
1443 4774 1769 4833 Herculem
1830 4774 2189 4833 submisisse
2223 4774 2441 4844 fertur,
2503 4775 2676 4832 velut
2707 4779 2898 4834 tantae
2957 4774 3140 4834 molis
3172 4792 3518 4852 capacem:
3574 4782 3639 4834 at

215 4857 482 4934 qualem
545 4855 802 4915 virum?
862 4857 1159 4934 majorem
1212 4855 1488 4914 humana
1544 4861 1788 4931 natura,
1851 4856 1977 4913 Deo
2037 4853 2418 4930 proximum,
2479 4853 2748 4931 denique
2803 4855 2996 4925 Jovis,
3053 4873 3175 4913 non
3226 4855 3634 4934 Amphitryo-

213 4937 316 4996 nis
381 4936 607 4994 ﬁlium.
669 4937 847 4994 Certe
905 4955 1029 4996 non
1088 4935 1247 4995 alius
1277 4953 1467 5012 quam
1528 4941 1711 4994 natus
1772 4939 1896 4994 Deo
1928 4935 2156 4994 coelum
2216 4935 2476 4992 deorum
2508 4934 2716 4992 sedem
2781 4935 2938 4994 ferre
2999 4941 3266 5012 poterat,
3327 4937 3488 4994 sicut
3520 4953 3634 4993 nec

217 5017 390 5076 alius
452 5035 642 5091 quam
703 5016 926 5076 divinae
989 5015 1212 5075 mentis
1274 5017 1462 5074 homo
1519 5033 1678 5074 onus
1736 5014 1980 5093 imperii
2040 5014 2260 5074 Gallici
2319 5014 2646 5073 sustinere.
2733 5017 2847 5084 Tu,
2912 5015 3194 5093 inquam,
3264 5014 3640 5074 liminentis-

216 5097 384 5155 sime
443 5097 812 5171 Cardinalis,
874 5103 1099 5156 vocatu
1156 5095 1322 5172 regis
1382 5095 1849 5173 prudentissimi
1909 5095 1988 5153 ad
2069 5094 2240 5171 regni
2302 5111 2532 5153 arcana
2615 5095 2944 5154 tractanda
3000 5115 3124 5155 non
3200 5094 3331 5154 sine
3388 5094 3644 5155 numine

221 5177 548 5235 admissus
606 5195 720 5246 es;
779 5177 842 5234 id
896 5177 1064 5255 quod
1124 5195 1200 5235 ex
1257 5176 1444 5235 rebus
1492 5175 1641 5252 ipsis
1700 5175 1964 5234 feliciter
2018 5181 2080 5233 et
2139 5193 2214 5233 ex
2276 5181 2420 5233 voto
2480 5173 2819 5255 fluentibus
2876 5176 3085 5235 notius
3153 5183 3245 5235 est
3325 5193 3516 5252 quam
3577 5181 3645 5234 ut

218 5258 566 5335 quisquam
630 5263 855 5334 praeter
919 5253 1244 5333 malignos
1319 5256 1650 5314 inlicietur.
1713 5257 1975 5326 Quando
2033 5255 2198 5314 enim
2281 5262 2588 5335 terrarum
2663 5253 2767 5314 ille
2846 5257 3082 5333 prmdo,
3158 5257 3415 5333 quando
3474 5255 3642 5316 orbis

215 5334 504 5396 universi
561 5339 929 5396 candidatus
987 5337 1214 5396 certius
1271 5336 1579 5394 intellexit
1636 5355 1698 5395 se
1758 5355 1965 5395 rerum
2015 5335 2215 5394 solum
2274 5334 2461 5412 potiri
2513 5353 2634 5392 non
2692 5354 2891 5414 posse,
2942 5355 3130 5414 seque
3191 5337 3396 5396 aliena
3446 5355 3640 5414 regna

215 5416 404 5477 irrita
462 5436 573 5495 spe
629 5418 979 5478 invadere?
1039 5417 1291 5495 quando
1330 5417 1589 5476 feliciter
1644 5435 1854 5476 secum
1889 5421 2096 5476 actum
2132 5417 2376 5492 putavit
2426 5415 2481 5495 isi
2516 5414 2671 5473 fines
2730 5435 2875 5475 suos
2933 5435 3056 5476 non
3116 5423 3498 5495 propagaret
3528 5419 3635 5477 sed

214 5494 533 5570 tueretur,
591 5498 709 5558 nisi
766 5517 841 5557 ex
900 5516 1023 5575 quo
1059 5494 1401 5578 principem
1461 5503 1742 5555 nostrum
1802 5496 2281 5556 invictissimum
2335 5494 2548 5578 anima
2597 5495 2900 5578 reliquit?
2948 5494 3134 5568 Quid,
3167 5494 3416 5575 singula
3465 5517 3636 5558 com-

217 5578 628 5638 memorem?
704 5575 1376 5656 Prostrato’primum
1434 5577 1740 5654 stupenda
1809 5578 2102 5637 felicitate
2179 5575 2451 5656 exercitu
2513 5575 2918 5646 validissimo,
3004 5584 3134 5637 tum
3207 5578 3638 5637 munitissimis

219 5658 478 5737 oppidis
535 5677 657 5736 qua
713 5659 993 5718 locorum
1061 5655 1288 5718 natura
1347 5677 1473 5734 qua
1534 5657 1726 5718 milite
1761 5676 1883 5718 non
1944 5657 2366 5735 ignavo,cum
2428 5655 2677 5714 interim
2738 5657 3070 5717 inclinatas
3128 5659 3292 5718 acies
3323 5665 3383 5717 et
3417 5658 3635 5717 laban-

216 5745 349 5810 tes,
403 5745 538 5800 tum
599 5739 823 5800 milites
880 5757 1019 5800 sues
1079 5737 1251 5800 velut
1280 5737 1582 5798 attonitos
1640 5745 1702 5798 et
1749 5756 1982 5816 pavore
2015 5737 2255 5799 deﬁxos
2308 5743 2611 5808 cerneret,
2636 5737 2975 5816 intremuit
3025 5737 3344 5798 Flandria.
3381 5737 3636 5797 Animos

224 5825 630 5901 sumpserant
687 5819 906 5880 Gallici
963 5819 1172 5881 hostes
1227 5817 1524 5894 nominis,
1585 5815 1888 5896 quoniam
1945 5818 2011 5878 in
2067 5816 2454 5878 contrarium
2522 5815 2816 5876 cecidisse
2891 5817 3271 5878 videbantur
3315 5816 3634 5877 Gallorum
