4094 6292
347 377 421 436 15
1655 368 1987 436 menon
2021 368 2448 456 .PRIEF'ATIO
3675 371 3754 431 16

335 507 908 596 impetusseniper
963 505 1248 596 hostibus
1303 504 1641 596 metuendi,
1705 505 1872 585 quod
1903 504 2140 596 scilicet
2169 509 2428 596 externa
2458 503 2826 596 vis_contra
2883 504 2974 596 fas
3029 503 3742 596 piumque__ei_s.aulfuis:

339 584 449 650 set
489 590 660 650 velut
716 584 880 650 Deus
936 607 969 648 e
1030 587 1342 665 machina,
1405 584 1866 666 quodque’eos
1923 584 2166 666 obsidio
2201 586 2496 646 liberatos
2528 585 2810 645 viderent
2866 587 2973 663 qui
3026 584 3156 664 jam
3219 584 3552 664 ingloriam
3587 585 3755 646 dedi-

339 673 571 732 tionem
633 670 991 748 parabunt:
1043 670 1152 730 sed
1236 665 1444 728 statim
1523 667 1684 730 Galli
1764 667 1999 748 ingenii
2083 665 2161 726 ad
2243 685 2521 745 pugnam
2601 666 2769 727 avidi
2845 668 3078 726 vicinas
3153 667 3336 727 urbes
3411 667 3754 726 animosius

342 747 836 829 aggressi’sunt;
888 749 1118 827 quibus
1165 749 1364 828 captis
1411 749 1699 808 extimuit
1752 747 1929 807 Italia
1979 765 2103 829 non
2142 765 2333 829 secus
2385 765 2458 806 ac
2500 748 2830 829 quondam
2872 748 3156 829 populus
3214 748 3494 825 gentium
3553 748 3754 829 victor

345 827 537 892 Gallis
592 831 974 890 instantibus
1030 827 1261 907 sapius
1317 830 1592 908 expavit,
1653 830 1721 888 ln
1782 828 2084 906 Hispania
2141 827 2308 887 bello
2366 827 2940 908 quidemrancipiti
3011 837 3390 908 pugnatum,
3438 835 3578 888 est:
3642 827 3752 908 sed

345 911 520 971 ducis
571 910 893 971 fortissimi
952 929 1178 969 nomen
1254 907 1532 988 Hispano
1598 908 1782 968 militi
1841 908 2146 968 vincendo
2195 908 2440 988 jamdiu
2509 907 2698 968 f.:tale
2771 916 2884 967 est.
2967 910 3304 970 Germania
3379 907 3544 968 bello
3610 907 3753 966 diu-

346 998 533 1052 turno
593 1000 839 1059 vexata,
893 1010 1188 1068 agrorum
1241 987 1776 1069 populationibus,
1830 989 2078 1048 urbium
2110 987 2586 1069 vastationibus
2633 1007 2958 1060 concussa,
3009 990 3453 1066 imperatorem
3510 989 3753 1069 miseris

349 1074 587 1132 dudum
635 1067 960 1150 imperare
1013 1067 1273 1148 ccepisse
1328 1067 1466 1131 non
1515 1071 1840 1133 diftitetur.
1911 1071 2061 1150 Hac
2109 1068 2296 1128 latius
2345 1080 2764 1146 exsequemur
2812 1069 3037 1128 horum
3088 1081 3442 1148 temporum
3505 1067 3746 1128 diserti.

351 1155 480 1232 Ego
537 1153 700 1230 stylo
735 1149 1113 1212 remissiore
1160 1151 1339 1228 attigi
1398 1158 1666 1216 tantum.
1704 1156 1768 1232 et
1823 1149 1992 1232 quod
2033 1149 2504 1232 longumesset
2549 1168 2624 1210 ea
2679 1151 2996 1228 prosequi,
3057 1158 3119 1209 et
3161 1152 3325 1232 quod
3383 1152 3643 1208 verebar
3674 1167 3750 1208 ne

349 1229 666 1292 fastidium
729 1242 1091 1292 nasceretur
1150 1252 1227 1293 ex
1277 1232 1582 1309 plurimis.
1645 1231 1884 1291 Caium
1963 1229 2156 1306 igitur
2209 1229 2554 1290 ambitione
2628 1232 2922 1290 allectcnt
2979 1231 3176 1290 exteri
3233 1231 3619 1309 (quanquam
3653 1248 3761 1290 ex-

347 1313 756 1391 pilationibus
805 1315 1028 1376 coelum
1092 1333 1214 1372 non
1278 1313 1528 1387 petitur,
1589 1310 1697 1371 sed
1747 1310 2050 1387 religione
2107 1315 2169 1369 et
2228 1311 2480 1388 pietate,
2541 1329 2681 1388 qua
2742 1330 2918 1388 reges
2974 1310 3535 1372 Christianissimus
3576 1311 3757 1370 astris

339 1391 674 1471 inserunt),
728 1393 936 1452 aliena
987 1412 1179 1469 regna
1231 1393 1418 1452 avido
1466 1392 1677 1452 animo
1729 1391 2119 1469 pervadant:
2185 1392 2462 1467 quandiu
2516 1392 2708 1450 stabit
2743 1391 2956 1471 Gallia
3013 1392 3398 1452 validissima
3447 1400 3752 1450 terrarum

334 1489 488 1550 pars
544 1470 762 1554 (quam
824 1473 1129 1554 pereundi
1188 1472 1430 1551 legibus
1489 1473 1888 1554 aliis__quam
1945 1488 2085 1554 qua
2150 1471 2288 1530 orbi
2346 1480 2669 1554 terrarum
2736 1470 3048 1554 imposita
3109 1481 3278 1543 sunt,
3334 1471 3606 1531 fatorum
3667 1471 3758 1530 vis

338 1550 723 1616 aterna'vel
776 1550 988 1630 potius
1020 1555 1184 1613 Deus
1237 1550 1510 1614 fatorum
1569 1551 1803 1612 arbiter
1858 1556 1920 1610 et
1978 1552 2376 1629 dispensator
2423 1550 2703 1630 exemit),
2741 1561 2947 1627 capta
2997 1552 3085 1612 eis
3142 1571 3466 1629 nunquam
3497 1570 3573 1611 ex
3609 1562 3750 1612 voto

332 1637 694 1694 succedent.
756 1633 912 1693 Cum
971 1642 1182 1692 autem
1263 1632 1694 1693 sereni-simus
1766 1631 2056 1710 princeps
2111 1639 2322 1690 noster
2371 1649 2512 1708 spes
2579 1633 2768 1692 totius
2818 1633 3062 1710 generis
3113 1631 3372 1692 humani
3429 1632 3750 1702 adolescit,

332 1733 474 1774 curn
536 1714 734 1774 animi
792 1715 926 1791 ejus
982 1714 1076 1774 vis
1132 1716 1434 1790 augescit,
1497 1713 1632 1784 tibi,
1695 1711 2044 1772 Cardinalis
2104 1712 2626 1785 Eminentissime,
2689 1730 2938 1772 summa
2998 1732 3201 1772 rerum
3275 1716 3580 1791 permissa
3639 1719 3753 1785 est,

337 1795 517 1873 cujus
575 1795 729 1853 fides
779 1793 840 1854 in
895 1794 1081 1855 rebus
1135 1793 1521 1854 difﬁcillimis
1572 1799 1877 1871 spectata,
1912 1791 2090 1870 cujus
2120 1793 2370 1852 devotio
2422 1811 2572 1868 erga
2623 1793 2970 1871 principem
3020 1813 3207 1854 omne
3255 1795 3507 1854 vincent
3539 1809 3754 1853 exem-

341 1875 539 1952 plum.
603 1878 798 1934 Nemo
855 1877 918 1933 in
975 1881 1292 1953 posterum
1354 1882 1412 1934 te
1462 1892 1669 1933 rerum
1734 1873 2124 1934 moderatore
2183 1879 2309 1932 tum
2367 1890 2620 1932 securus
2677 1874 2977 1951 potentia
3036 1875 3155 1934 erit
3212 1880 3279 1934 ut
3331 1875 3538 1933 Gallos
3598 1891 3756 1952 pene

341 1957 505 2015 inter
562 1955 792 2015 ferrum
856 1961 916 2014 et
969 1974 1147 2015 arma
1206 1963 1388 2016 natos
1448 1973 1788 2032 provocare
1848 1953 1943 2012 rel
1998 1954 2312 2014 offendere
2366 1953 2618 2022 audeat,
2682 1972 2840 2032 quos
2897 1955 3208 2032 intelliget
3268 1954 3502 2014 nullius
3561 1954 3753 2013 armis

345 2054 478 2096 esse
537 2036 943 2113 superabiles.
1007 2038 1202 2096 Nemo
1259 2036 1478 2097 Gallia
1532 2034 1732 2096 socios
1788 2039 1898 2094 aut
1927 2034 2264 2094 foederatos
2322 2033 2624 2104 lacesset;
2688 2052 2872 2094 nemo
2922 2036 3158 2095 amicos
3210 2035 3418 2105 ladet,
3468 2035 3577 2110 qui
3634 2035 3752 2093 hoc

347 2116 560 2177 Gallia
616 2116 867 2186 debent,
929 2122 999 2175 ut
1049 2117 1158 2192 qui
1213 2135 1460 2175 summa
1521 2134 1663 2175 cum
1713 2114 1946 2191 iniuria
1996 2121 2057 2173 et
2111 2115 2424 2174 bonorum
2482 2113 2763 2174 omnium
2821 2114 3256 2194 indignatione
3313 2115 3578 2173 fortunis
3622 2115 3751 2174 suis

347 2195 520 2256 exuti
577 2196 750 2256 velut
807 2196 959 2254 nudi
1015 2196 1409 2265 exsulabant,
1463 2195 1822 2272 plenissime
1873 2194 2140 2253 restituti
2197 2194 2368 2252 sint:
2431 2200 2608 2254 tanta
2665 2202 2759 2256 est
2804 2214 2945 2255 cum
3004 2197 3164 2256 sacri
3215 2195 3484 2256 nominis
3525 2194 3613 2253 tui
3646 2213 3747 2253 ve-

345 2277 612 2347 neratio,
671 2283 802 2335 tum
860 2275 1109 2353 imperii
1167 2276 1386 2336 Gallici
1418 2276 1678 2334 felicitas
1735 2291 1984 2350 semper
2037 2273 2292 2332 invicta.
2329 2273 2558 2333 Verum
2618 2293 2742 2351 quo
2815 2276 3109 2351 impellor
3165 2295 3282 2353 ego
3341 2275 3512 2335 fandi
3545 2276 3750 2353 impo-

343 2358 540 2416 tens?
597 2359 730 2416 Non
791 2356 957 2415 enim
994 2357 1258 2414 multum
1316 2356 1616 2414 interesse
1648 2362 1800 2432 puto
1857 2354 1986 2413 sive
2043 2354 2182 2431 quis
2211 2355 2445 2413 famam
2505 2355 2773 2431 alicujus
2830 2356 3041 2429 ladat,
3103 2356 3232 2417 sive
3289 2356 3455 2416 intra
3485 2356 3752 2432 dignita-

342 2441 466 2496 tem
523 2454 668 2496 eum
725 2436 960 2495 laudet.
1022 2436 1166 2497 Non
1228 2454 1479 2512 possum
1558 2444 1767 2495 tamen
1851 2433 1985 2493 hac
2055 2434 2213 2494 citra
2275 2435 2512 2493 crimen
2570 2435 2802 2512 ingrati
2863 2437 3182 2512 praeterire
3243 2437 3412 2512 quod
3467 2437 3748 2496 omnium

339 2516 886 2577 commendatione
955 2515 1392 2592 dignissimum
1467 2520 1604 2574 est:
1681 2514 2126 2574 bibliothecam
2200 2515 2437 2574 scilicet
2497 2517 2706 2574 multis
2763 2515 3067 2575 librorum
3133 2517 3409 2575 millibus
3470 2526 3756 2576 constan-

339 2602 467 2657 tem
525 2596 871 2667 instituisti,
934 2615 1121 2674 quum
1153 2597 1412 2655 eruditis
1469 2595 1762 2654 omnibus
1822 2602 2035 2670 patere
2093 2594 2203 2652 vis.
2267 2596 2336 2654 In
2395 2613 2522 2672 qua
2553 2596 2858 2674 quidquid
2891 2597 3094 2656 Gallia
3153 2598 3466 2656 bonarum
3521 2597 3753 2656 artium

337 2677 743 2747 feracissima,
807 2677 1112 2756 quidquid
1170 2677 1352 2738 Italia
1407 2676 1505 2736 vel
1551 2676 1886 2737 Germania
1946 2675 2264 2756 eruditum
2322 2675 2609 2756 protulit,
2668 2676 2944 2736 invenire
3000 2677 3063 2735 in
3124 2677 3291 2736 facili
3350 2683 3462 2736 est.
3515 2677 3756 2738 Omitto

339 2757 647 2838 praclara
703 2754 1207 2829 illa’marmora,
1268 2757 1622 2835 principum
1701 2762 1763 2816 et
1810 2756 2086 2815 virorum
2162 2754 2272 2833 qui
2341 2755 2563 2814 litteris
2639 2757 3322 2838 clarueiruntistatuas,
3385 2775 3544 2835 quas
3605 2775 3751 2816 cum

340 2837 554 2898 videas
609 2843 674 2898 et
726 2838 960 2914 ingenii
1009 2846 1417 2897 monumenta
1473 2839 1668 2914 legas,
1705 2843 1886 2915 putes
1944 2854 2068 2897 non
2131 2841 2303 2895 muta
2363 2853 2702 2908 marmora,
2763 2837 2871 2896 sed
2931 2837 3234 2909 animata,
3269 2845 3328 2896 et
3371 2857 3588 2897 eorum
3625 2856 3748 2896 non

341 2918 650 2979 interiisse
707 2936 996 2995 corpora,
1055 2920 1158 2978 sed
1219 2936 1361 2978 cum
1399 2919 1774 2977 animorum
1851 2917 1979 2976 fetu
2038 2917 2115 2996 de
2190 2915 2583 2994 perennitate
2641 2924 2902 2978 certare.
2966 2919 3100 2990 Quo
3177 2918 3430 2996 quidem
3491 2918 3743 2995 egregio

287 3069 290 3071 λ
341 2999 507 3059 facto
555 2994 959 3058 litterattores
1008 3016 1292 3076 quosque
1336 2997 1448 3058 tibi
1501 2997 1808 3057 obnoxios
1864 2994 2085 3064 fecisti,
2146 3002 2389 3076 etnon
2450 2996 2655 3056 minus
2711 2997 2774 3056 in
2834 3017 2941 3056 ore
3002 2994 3325 3057 hominum
3387 2994 3741 3076 agis’quam

342 3084 601 3158 propter
657 3079 812 3138 alias
866 3075 1205 3158 acerrima,
1246 3078 1472 3138 mentis
1535 3077 1760 3148 dotes;
1822 3095 1897 3136 ex
1958 3076 2188 3154 quibus
2245 3075 2666 3158 boni_omnes
2739 3077 3102 3155 intelligunt
3165 3086 3340 3137 tanto
3400 3075 3458 3137 te
3515 3075 3756 3139 caeteris

343 3156 716 3218 mortalibus
772 3157 1156 3236 superiorem
1213 3177 1368 3228 esse,
1430 3165 1668 3236 quanto
1725 3158 1976 3218 fortuna
2034 3164 2142 3216 tua
2197 3156 2502 3216 excelsior
2558 3165 2619 3218 et
2680 3158 3077 3235 prastantior
3143 3165 3259 3218 est.
3329 3158 3475 3219 Vive
3537 3161 3754 3236 igitur,

340 3238 844 3298 Eminentissime
901 3238 1266 3309 Cardinalis,
1325 3239 1544 3298 Gallia
1602 3237 1904 3308 felicitati,
1968 3255 2158 3316 qua,
2196 3243 2255 3295 te
2311 3236 2565 3313 sospite,
2626 3240 2875 3298 culmen
2930 3237 3314 3316 adipiscetur
3370 3246 3434 3298 et
3485 3239 3746 3299 diurna-

339 3317 478 3378 bit!
539 3317 712 3390 Vive,
769 3316 859 3376 rei
911 3317 1160 3377 Gallica
1222 3324 1422 3378 rector
1480 3324 1541 3376 et
1597 3324 1999 3395 propagator,
2063 3315 2242 3395 cujus
2301 3317 2639 3395 vigilantia
2682 3321 2802 3377 hoc
2858 3315 3142 3395 debetur,
3207 3326 3275 3379 ut
3333 3319 3495 3379 Galli
3530 3337 3747 3396 pacem

341 3396 715 3476 aquissimis
766 3397 1230 3457 conditionibus
1285 3414 1537 3475 sperare
1611 3396 1903 3468 debeant,
1964 3402 2074 3457 aut
2147 3397 2346 3456 exteri
2403 3398 2637 3458 bellum
2715 3397 3177 3459 internecinum
3254 3399 3534 3460 timere?
3598 3399 3757 3460 Vive

343 3478 476 3552 diu,
533 3477 757 3539 Gallia
810 3477 957 3538 felix
1018 3477 1216 3538 tutela
1273 3476 1619 3556 salusque!

781 3636 1154 3699 Eminentia
1214 3643 1338 3699 tua

2625 3720 3064 3782 devotissimus

2384 3826 2661 3888 Csaows
2704 3829 2987 3891 ANNIBAL
3031 3829 3471 3894 FABROTUS.

1835 4101 2317 4192 LECTORI

425 4411 510 4468 De
555 4408 962 4488 scriptoribus
1028 4408 1307 4468 historia
1365 4407 1722 4488 Byzantina
1781 4405 2176 4486 publicandis
2225 4426 2398 4486 spem
2459 4407 2719 4468 fecimus
2775 4409 2944 4469 edito
2990 4410 3233 4470 Joanne
3291 4411 3756 4471 Cantacuzcno.

342 4490 501 4549 Ecce
550 4487 736 4549 fidem
799 4495 1168 4568 prastamus
1221 4487 1604 4550 felicioribus
1661 4489 1954 4564 auspiciis
1998 4489 2234 4560 annixi,
2297 4488 2470 4567 jussu
2525 4508 2753 4567 nempe
2810 4489 3212 4551 illustrissimi
3270 4491 3553 4552 Francia
3609 4509 3756 4550 can-

343 4569 580 4630 cellarii
634 4571 804 4632 Petri
863 4570 1192 4644 Seguierii,
1250 4569 1360 4648 qui
1417 4576 1486 4628 ut
1542 4587 1698 4645 opus
1761 4569 1879 4628 hoc
1937 4568 2258 4644 egregium
2316 4568 2608 4628 ederetur
2664 4588 2794 4630 sua
2853 4589 3018 4631 cura
3093 4571 3257 4631 fecit.
3321 4572 3478 4640 Quid
3541 4580 3751 4631 autem

341 4649 490 4708 huic
546 4650 809 4710 Cedreni
862 4649 1122 4711 editioni
1184 4650 1531 4719 accesserit,
1593 4649 1812 4718 lector,
1871 4649 2220 4708 monendus
2277 4668 2364 4708 es.
2429 4648 2647 4708 Plures
2676 4669 2894 4728 eaque
2951 4653 3236 4728 ingentes
3296 4651 3538 4712 lacuna
3574 4658 3758 4711 erant

345 4728 410 4788 in
465 4729 739 4791 editione
799 4732 1026 4809 priore,
1089 4749 1226 4807 quae
1283 4731 1648 4810 Cedrenumr
1695 4729 2156 4788 deformabunt.
2219 4728 2371 4789 Alia
2443 4729 2716 4790 minores
2795 4731 3004 4808 plures
3062 4733 3324 4810 paginas
3403 4751 3753 4810 occupave‘

342 4819 508 4869 rant.
576 4815 688 4870 Eas
745 4830 962 4871 omnes
1017 4827 1092 4869 ex
1150 4810 1286 4869 aliis
1342 4809 1751 4887 scriptoribus
1809 4811 2053 4868 calamo
2113 4810 2387 4868 exaratis
2445 4810 2892 4888 supplevimus,
2961 4813 3156 4870 multa
3227 4809 3616 4872 correximus
3675 4831 3750 4871 ex

342 4890 585 4950 Joanne
643 4892 907 4967 Scylitze
964 4892 1357 4968 Curopalate,
1417 4891 1525 4968 qui
1579 4890 1928 4971 Cedrenum
1988 4893 2268 4971 αὐτολεξεξ
2329 4889 2740 4971 descripserat
2801 4892 2964 4950 unde
3017 4891 3230 4951 mirari
3286 4894 3454 4952 subit
3511 4899 3751 4971 quanta

341 4971 676 5030 securitate
733 4971 945 5031 saculi
1000 4972 1095 5031 sui
1151 4971 1556 5049 Cnropalates
1629 4970 1902 5030 alienum
1978 4989 2138 5048 opus
2194 4970 2308 5030 sibi
2370 4969 2719 5051 vindicarit.
2799 4972 3018 5050 Itaque
3077 4973 3127 5031 si
3206 4974 3344 5051 quis
3401 4969 3747 5051 Curopala-

345 5056 469 5130 tem
529 5051 856 5122 desideret,
918 5052 1074 5110 sciat
1130 5069 1269 5111 eum
1329 5051 1590 5111 Cedreni
1647 5051 1892 5111 simiam
1951 5067 2130 5110 esse:
2194 5067 2338 5109 nam
2399 5050 2656 5110 totidem
2737 5052 2942 5112 verbis
3009 5050 3420 5130 Curopalates
3475 5050 3746 5114 constat.

343 5129 459 5200 Qui
510 5137 715 5191 tamen
773 5151 895 5192 non
957 5150 1066 5209 per
1117 5132 1332 5192 omnia
1386 5131 1564 5191 nobis
1621 5131 1858 5190 inutilis
1917 5131 2053 5204 fuit,
2120 5131 2227 5190 sed
2285 5130 2655 5208 supplendo,
2718 5137 2788 5190 ut
2846 5133 2997 5203 dixi,
3062 5141 3121 5192 et
3180 5129 3574 5193 emendando
3634 5135 3752 5194 Ce-

344 5210 538 5292 dreno
600 5213 866 5273 multum
926 5211 1181 5292 profuit.
1244 5212 1552 5283 Quoniam
1619 5219 1828 5271 autem
1887 5217 2019 5271 toto
2096 5230 2256 5289 pene
2301 5211 2582 5292 Cedreno
2657 5213 2972 5290 exscripto
3061 5213 3471 5292 Guropalates
3527 5215 3759 5292 excipit

341 5289 449 5349 ubi
480 5292 794 5353 Cedrenus
854 5289 1102 5362 desinit,
1180 5292 1320 5352 ideo
1399 5311 1522 5353 non
1603 5292 1922 5369 ingratum
1983 5294 2113 5352 fore
2178 5290 2331 5350 duxi
2404 5291 2455 5350 si
2531 5310 2672 5352 cum
2750 5295 3030 5354 Cedreno
3090 5289 3400 5354 ederetur.
3481 5289 3759 5355 Joannes

336 5371 622 5449 Baptista
679 5373 908 5433 Gabius
965 5373 1272 5450 interpres
1329 5373 1463 5450 ejus
1525 5373 1734 5432 multis
1793 5372 1854 5431 in
1891 5373 2040 5432 locis
2101 5371 2179 5431 ab
2241 5371 2515 5432 auctoris
2547 5373 2860 5433 sententia
2919 5374 3347 5435 aberraverat.
3427 5376 3495 5434 Ei
3555 5394 3758 5452 quan-

337 5455 470 5534 tum
529 5452 666 5512 ﬁeri
725 5453 1342 5534 potuiticonsultum
1403 5459 1496 5513 est
1555 5453 1938 5532 interpolata
2005 5451 2139 5534 ejus
2215 5453 2520 5534 versione.
2564 5453 2895 5534 _Xylandri
2952 5474 3207 5534 quoque
3282 5451 3760 5516 versioncmin-

335 5533 586 5592 terdum
646 5533 1162 5605 emendavimus;
1228 5552 1341 5594 nec
1399 5541 1611 5595 tamen
1674 5540 1945 5594 veterem
2008 5533 2145 5593 loco
2203 5551 2316 5592 suo
2376 5532 2874 5609 deturbavimus,
2938 5532 3045 5596 sed
3106 5532 3384 5596 nostram
3446 5536 3523 5595 ad
3585 5555 3761 5598 oram

335 5609 484 5694 libri
543 5611 894 5694 rejecimus.
960 5611 1270 5676 Praterea
1333 5616 1560 5676 fatetur
1617 5614 1926 5694 interpres
1984 5613 2254 5692 ingenue
2313 5613 2474 5675 sein
2533 5614 2911 5692 quibusdam
2975 5617 3234 5678 harere.
3297 5616 3422 5678 Nos
3466 5616 3598 5676 sine
3633 5617 3762 5678 ulla

338 5690 754 5757 insectatione
813 5695 1186 5758 sententiam
1245 5701 1527 5758 nostram
1585 5690 2078 5776 proposuimus;
2117 5699 2179 5755 et
2235 5699 2418 5754 notas
2477 5690 2783 5773 quasdam
2845 5697 3204 5758 addidimus
3271 5697 3326 5759 ei
3400 5695 3751 5758 firmanda.
