4106 6288
306 363 376 422 17
1599 355 1919 418 XYLAND

2110 357 2468 421 REFATIO
3656 363 3731 424 18

307 497 589 577 Denique
635 496 1037 579 Glossarium
1097 493 1462 579 adiecimus,
1527 512 1666 579 q_uo_
1718 512 1896 554 voces
1973 493 2452 579 mixobarbarae,
2531 494 2758 575 quibus
2833 498 3150 579 Cedrenus
3236 499 3452 579 utitur,
3526 499 3728 579 expli-

313 574 559 651 cantur,
616 577 966 656 dignitates
995 574 1425 636 ecclesiasticae
1474 574 1772 656 palatinas
1821 580 1883 634 et
1916 575 2233 656 militares
2282 574 2704 654 exponuntur.
2768 580 2902 650 Quo
2962 578 3024 638 in
3083 577 3523 640 concinnando
3575 574 3727 642 usus

315 679 440 721 non
498 678 634 718 sum
693 655 892 732 opera
953 656 1220 726 Meursii,
1284 674 1468 733 quem
1531 655 1814 734 plerique
1873 655 1979 714 alii
2037 656 2142 732 qni
2200 664 2384 734 rapto
2445 657 2660 718 vivunt
2735 659 2937 718 solent
3013 661 3383 730 exscribere,
3468 659 3574 720 sed
3633 662 3731 724 vel

316 747 605 800 auctores
657 739 941 798 nondum
993 737 1349 818 editosivel
1402 735 1848 818 alios‘omnino
1897 742 2185 818 auctores
2235 738 2314 795 ad
2350 738 2774 798 testimonium
2831 741 2953 798 cito
3015 740 3123 818 (a).
3188 741 3508 801 Accedunt
3541 741 3731 802 etiam

317 823 386 880 Ρι.
452 824 519 880 P.
584 821 808 879 Jacobi
865 823 1031 878 Goar
1091 817 1280 876 varias
1339 817 1399 874 in
1460 815 1808 875 Cedrenum
1869 816 2445 878 animadversiones
2504 819 2960 889 eruditissimae,
3027 815 3167 897 quae
3228 840 3352 880 non
3413 822 3730 883 modicam

312 902 601 962 Cedreno
662 901 862 960 lucem
923 898 1208 957 afferent.
1270 898 1596 956 Postremo
1656 915 1992 979 numerosa
2049 915 2384 975 operarum
2449 900 2678 961 menda
2724 902 3109 970 sustulimus,
3149 919 3275 979 quo
3309 908 3436 960 tam
3489 903 3734 963 auctior

313 982 504 1042 editio
567 999 758 1056 quam
818 979 1210 1039 emendatior
1271 996 1466 1060 opera
1523 985 1761 1060 nostra
1799 977 2440 1060 prodiretnCedreno
2497 981 2689 1058 igitur
2749 982 2973 1056 fruere,
3055 977 3242 1058 quem
3303 989 3510 1053 antea,
3573 1002 3732 1060 pene

314 1063 604 1136 dixerim,
670 1079 826 1119 auro
909 1066 1128 1119 contra
1211 1057 1471 1139 veniisse
1545 1057 2022 1139 nonignoras.
2067 1059 2450 1139 rCedrenum
2533 1057 2831 1138 sequetur
2901 1057 3323 1139 Theophanes
3382 1057 3728 1124 multorum

313 1143 468 1201 votis
529 1143 864 1208 exnetitus,
930 1157 1114 1216 quem
1173 1157 1246 1198 ex
1330 1138 1490 1213 regis
1567 1136 2081 1197 Christianissimi
2140 1139 2523 1198 bibliotheca
2595 1136 2657 1201 in
2735 1144 2935 1200 lucem
3016 1136 3291 1208 edemus.
3384 1162 3507 1202 una
3581 1162 3723 1204 cum

303 1222 628 1284 Anastasii
690 1219 1164 1299 Bibliothecarii
1237 1217 1500 1299 historia
1567 1217 1988 1277 ecclesiastica
2064 1218 2370 1280 hactenus
2445 1219 2703 1287 inedita,
2787 1239 2929 1299 qua
3009 1221 3310 1282 benelicio
3378 1223 3728 1284 Cardinalis

302 1301 804 1363 Eminentissimi
861 1298 1173 1359 Francisci
1231 1297 1557 1360 Barberini
1615 1299 1692 1357 ad
1756 1316 1868 1356 nos
1900 1301 2205 1376 pervenit.
2270 1304 2626 1378 Sequentur
2684 1308 2746 1362 et
2794 1297 2900 1361 alii
2958 1320 3034 1362 ex
3093 1303 3283 1363 variis
3330 1302 3728 1364 bibliothecis

304 1385 490 1454 eruti,
550 1400 716 1460 quos
778 1399 902 1440 non
963 1379 1219 1464 interire
1277 1385 1580 1464 quantum
1642 1378 2005 1456 reipublicae.
2063 1379 2384 1440 litterariae
2443 1381 2688 1442 intersit
2747 1381 2812 1442 hi
2881 1387 3126 1443 tantum
3203 1383 3564 1462 intelligunt
3621 1384 3729 1464 qui

300 1459 889 1523 litteras’tractant
949 1460 1043 1519 vel
1102 1460 1334 1519 fovent.
1396 1459 1567 1519 Vale.

365 1599 443 1668 (α)
476 1597 598 1651 Non
630 1593 1134 1668 possumus‘citra
1166 1591 1385 1668 crimen
1421 1591 1643 1668 ingrati
1677 1592 1970 1668 praeterire
2081 1592 2402 1668 clarissimi
2425 1599 2482 1650 et
2537 1595 2914 1650 eruditissimi
2959 1595 3158 1652 Jacobi
3217 1597 3473 1654 Mentelli
3516 1597 3727 1656 medici

307 1663 572 1725 auctores
605 1668 811 1723 Graeco
853 1666 1155 1734 barbaros,
1181 1665 1390 1734 quibus
1415 1665 1504 1718 usi
1537 1680 1746 1719 sumus
1768 1664 1826 1718 in
1862 1663 1970 1720 hoc
2088 1663 2458 1721 Parisiensis.
2487 1669 2779 1723 Fssaows
2809 1669 2864 1722 in
2898 1669 3046 1724 calce
3074 1668 3292 1724 Nicetis.

314 1739 612 1811 glossario,
646 1738 827 1794 nobis
884 1737 1135 1792 utendos
1167 1737 1336 1791 datos
1385 1751 1448 1790 ex
1481 1734 1835 1791 bibliotheca
1862 1735 1969 1790 viri

324 1865 2768 1890 Μ

1046 1959 1959 2097 GUlLliiL'Ml
2061 1956 2980 2096 XYLATV‘DRI

1811 2178 2230 2237 AUGUSTANI

785 2317 904 2402 IN
954 2312 1438 2400 GEORGII
1503 2313 2002 2399 CEDRENI
2081 2314 2574 2400 ANNALES
2624 2284 3249 2403 PIUEFATIO.

298 2605 394 2670 Ad
449 2603 816 2684 magniﬁcos
876 2613 935 2663 et
989 2619 1297 2684 generosos
1330 2600 1591 2684 dominos
1628 2601 1726 2684 _D.
1763 2602 2042 2684 Marcum
2101 2609 2152 2660 et
2211 2599 2288 2661 D.
2322 2600 2613 2684 Joannem
2669 2599 3000 2684 Fuggeros,
3032 2601 3304 2684 Antonii:
3472 2605 3727 2667 Fratres

383 2680 742 2757 Germanos,
803 2680 1176 2762 Kircgbergi
1227 2693 1281 2743 et
1354 2680 1794 2743 Weissenlzoani
1847 2681 2135 2749 dominos,
2197 2691 2335 2754 ctc.,
2398 2681 2758 2761 optimarum
2817 2682 3161 2742 litterarum
3239 2680 3508 2744 alumnos
3578 2703 3726 2764 gra-

387 2767 678 2827 tissimus.
2481 2778 2490 2786 '

380 2848 633 2923 Georgii
698 2842 960 2906 Cedreni
1022 2845 1305 2923 annales,
1369 2842 1475 2918 qui
1535 2841 1831 2916 auspiciis
1908 2859 1982 2900 ac
2039 2840 2339 2923 impensis
2416 2842 2656 2923 vestris,
2718 2842 2845 2923 viri
2893 2842 3287 2920 amplissimi,
3347 2863 3384 2904 θ,
3443 2863 3541 2904 me
3599 2862 3724 2905 non

303 2929 437 2988 sine
499 2921 749 3003 magnis
808 2922 1106 2984 aerumnis
1167 2923 1225 2980 in
1287 2923 1575 2982 Latinam
1642 2923 1917 2998 linguam
1983 2922 2266 3003 conversi
2324 2921 2387 2979 in
2453 2921 2768 2999 publicum
2832 2921 3018 3003 hodie
3076 2930 3326 2995 eXeunt,
3387 2943 3500 3002 pro
3551 2943 3723 2985 more

303 3002 714 3068 dedicaturus
773 3005 878 3063 diu
932 3005 1325 3078 multumque
1385 3003 1654 3079 cogitavi
1703 3019 1978 3080 quanam
2038 3002 2115 3060 de
2176 3020 2237 3060 re
2299 3003 2691 3077 potissimum
2751 3002 2918 3079 apud
2956 3021 3060 3058 vos
3120 3003 3514 3062 dissererem.
3579 3006 3721 3064 Sive

301 3090 470 3150 enim
533 3085 813 3145 hi<toriae
866 3084 1165 3142 utilitates
1216 3083 1604 3159 explicandae
1655 3087 1878 3148 essent.
1933 3099 2058 3158 quo
2110 3081 2211 3140 hic
2271 3081 2430 3139 liber
2477 3081 2755 3157 prodiret
2804 3081 3305 3141 commendatior
3334 3090 3524 3160 atque
3571 3102 3719 3161 gra-

302 3169 452 3240 tior,
512 3165 891 3244 jampridem
954 3164 1463 3244 idpropositum
1528 3162 1614 3221 ita
1674 3163 1936 3244 copiose
1974 3167 2326 3244 ornateque
2386 3179 2603 3244 noram
2657 3179 2692 3219 a
2737 3161 2998 3244 summis
3051 3160 3196 3244 viris
3247 3160 3606 3244 tractatum,
3652 3169 3722 3224 ut

309 3249 474 3308 citra
513 3239 904 3324 arrogantia;
964 3239 1208 3324 crimen
1262 3261 1383 3324 non
1449 3260 1690 3320 possem
1727 3240 1942 3324 conari
1972 3239 2088 3324 ista
2151 3243 2244 3324 vel
2276 3240 2663 3324 amplificare
2696 3241 2788 3300 vel
2825 3241 3040 3324 etiam
3099 3241 3435 3324 inculcare.
3472 3243 3616 3303 Sive
3657 3244 3721 3304 in

320 3327 546 3386 vestris
601 3319 881 3384 laudibus
943 3323 1360 3401 praedicandis
1418 3319 1787 3399 Occupanda
1847 3320 2071 3402 oratio,
2135 3320 2212 3380 ad
2256 3339 2432 3402 quas
2491 3319 2771 3398 profecto
2821 3319 3227 3402 illustrandae
3273 3323 3721 3402 augendasque

324 3407 468 3466 haec
525 3407 764 3464 Cedreni
827 3400 1030 3465 versio
1091 3403 1408 3478 editioque
1468 3403 1816 3462 conducere
1893 3400 2102 3473 debet,
2163 3400 2314 3478 quid
2373 3401 2447 3459 iis
2525 3401 2878 3461 ornamenti
2937 3408 3186 3479 poterat
3244 3400 3381 3462 mea
3439 3400 3722 3464 conferre

323 3485 642 3547 infantia?
687 3490 811 3545 Aut
860 3483 1383 3562 quotusquisque,
1434 3487 1501 3542 ut
1551 3501 1717 3541 nunc
1767 3485 1911 3562 sunt
1960 3498 2162 3541 mores
2210 3479 2573 3562 hominum,
2609 3500 2730 3540 non
2797 3481 3001 3558 potius
3033 3482 3413 3542 assentando
3448 3501 3546 3544 me
3579 3503 3718 3545 mu-

315 3586 432 3628 nus
491 3573 746 3643 captare
803 3560 990 3640 quam
1051 3560 1210 3638 grati
1270 3562 1470 3643 animi
1523 3561 2041 3639 significationem
2099 3560 2258 3643 raris
2315 3563 2611 3620 virtutum
2645 3562 2948 3640 exemplis
3006 3562 3512 3623 demonstrandis
3543 3581 3720 3624 com-

318 3641 826 3722 mendandisque
901 3645 1084 3703 edere
1157 3651 1291 3703 erat
1339 3641 1814 3722 judicaturus?
1870 3641 2390 3722 Itaqueihorum
2450 3659 2565 3719 ego
2648 3649 2984 3720 utrumque
3062 3644 3337 3721 prudens
3393 3645 3722 3722 sciensque

315 3730 529 3797 omisi,
591 3721 936 3806 praesertim
996 3741 1145 3806 cum
1198 3725 1564 3781 recordarer
1620 3724 1694 3780 de
1729 3721 1934 3806 priore
1993 3721 2141 3780 alibi
2202 3739 2304 3806 me
2333 3722 2860 3806 nonnihil_etiam
2922 3724 3168 3782 dixisse.
3204 3723 3325 3785 Sed
3355 3731 3417 3784 et
3446 3721 3720 3785 alienum

314 3801 904 3886 aliquid—personis
961 3803 1180 3886 vestris
1238 3809 1720 3886 autAprmsente
1765 3801 2350 3886 instituto,_qualia
2407 3802 2486 3861 ad
2547 3802 2823 3886 animum
2859 3804 3225 3864 accidebant
3287 3806 3485 3886 multa
3532 3813 3724 3884 atque

311 3882 520 3958 varia,
582 3882 648 3946 in
711 3886 983 3945 medium
1062 3883 1286 3942 afferre
1363 3882 1900 3963 intempestivum_
1950 3883 2540 3963 videbaturﬁatque
2614 3883 2910 3954 insolens,
2987 3903 3190 3963 neque
3253 3885 3418 3945 enim
3477 3882 3727 3946 laud—ari

313 3968 669 4031 sentiebam
730 3985 870 4026 eum
933 3963 1042 4043 qui
1101 3963 1469 4043 delphinum
1532 3964 1701 4022 silvis
1760 3961 2070 4040 appinxit,
2131 3961 2426 4022 ﬂuctibus
2463 3981 2726 4043 aprum.
2791 3966 3012 4042 Itaque
3068 3961 3132 4024 in
3195 3967 3527 4043 praesentia
3574 3967 3726 4026 satis

312 4050 516 4110 habui
577 4065 780 4124 pauca
837 4045 914 4104 de
957 4042 1104 4122 ipso
1137 4044 1256 4103 hoc
1290 4042 1585 4124 historico
1644 4061 1831 4120 opere
1863 4049 1963 4124 et,
1985 4062 2123 4102 mea
2155 4042 2554 4124 quamvobis
2580 4061 2655 4102 ac
2716 4045 3076 4121 reipublicae
3106 4045 3168 4104 in
3197 4042 3302 4105 ’eo
3333 4047 3724 4106 conficiendo

314 4129 546 4190 navavi
577 4122 772 4202 opera
802 4125 1047 4195 dicere;
1084 4125 1296 4202 itaque
1327 4123 1559 4183 lectore
1613 4142 1736 4182 non
1769 4122 2093 4200 inutiliter,
2149 4130 2214 4182 ut
2261 4123 2510 4202 quidem
2563 4141 2679 4200 ego
2717 4132 2890 4200 puto,
2939 4125 3014 4183 de
3046 4125 3423 4202 quibusdam
3458 4145 3728 4204 praemo-

317 4212 477 4281 nito,
511 4205 925 4268 dedicationis
958 4223 1216 4264 munere
1248 4204 1528 4279 defungi.

401 4279 543 4350 Jam
603 4288 903 4366 primum,
967 4285 1105 4362 quis
1163 4283 1351 4366 fuerit
1407 4283 1742 4350 Cedrenus,
1806 4288 1976 4366 certo
2033 4281 2504 4366 deprehendere
2562 4281 2743 4366 nullo
2794 4279 3038 4366 indicio
3086 4283 3486 4366 potui,_cum
3539 4285 3616 4346 de
3658 4303 3722 4347 se

319 4369 466 4448 ipso
524 4361 703 4439 nihil,
766 4367 884 4426 hoc
943 4361 1196 4448 quidem
1254 4363 1317 4448 in
1378 4381 1591 4448 Opere,
1655 4363 1975 4448 m_emoriaa
2028 4361 2390 4448 prodiderit,
2431 4379 2631 4448 neque
2690 4363 2768 4421 ab
2826 4363 2962 4422 aliis
2991 4361 3102 4448 sit,
3154 4364 3323 4448 quod
3355 4383 3472 4444 ego
3503 4366 3723 4440 sciam,

318 4441 616 4509 laudatus
649 4454 758 4508 aut
790 4441 1147 4506 nominatus
1197 4441 1640 4525 scriptoribus.
1697 4445 1784 4502 Eo
1835 4449 2040 4525 tamen
2088 4441 2348 4525 inclinat
2395 4443 2663 4525 animus
2694 4448 2759 4502 ut
2787 4441 3188 4525 sacerdotem,
3230 4441 3421 4506 fuisse
3449 4447 3728 4525 suspicer

321 4538 436 4588 aut
491 4529 678 4590 ctiam
740 4526 1173 4598 monachum;
1238 4521 1487 4585 tametsi
1546 4523 1791 4583 videtur
1848 4523 1968 4584 hoc
2051 4541 2174 4582 non
2262 4522 2447 4582 fuisse
2520 4521 3050 4604 dissimulaturus.
3131 4526 3278 4586 Meae
3349 4521 3730 4604 conjec—tura

323 4627 542 4669 ansam
604 4608 882 4686 praebent
938 4623 1080 4666 cum
1140 4622 1338 4686 genus
1369 4605 1617 4686 dicendi
1675 4610 1925 4686 quoest
1985 4622 2151 4686 usus,
2218 4609 2345 4686 tum
2407 4622 2564 4680 quas
2622 4604 2699 4663 de
2759 4603 3059 4680 religione
3090 4612 3151 4664 et
3182 4603 3571 4667 caeremoniis
3616 4608 3729 4666 ha-

319 4691 429 4750 bet
487 4682 966 4765 disputationes.
1029 4688 1117 4745 De
1177 4684 1403 4761 quibus
1435 4704 1558 4743 non
1589 4683 1864 4766 impedio
1925 4683 2075 4762 quin
2133 4682 2399 4761 quisque
2459 4702 2572 4742 suo
2631 4690 2816 4760 captu
2879 4691 2942 4743 et
2997 4704 3181 4744 sensu
3233 4687 3511 4760 judicet:
3574 4687 3727 4766 quid

318 4789 442 4847 ego
493 4764 795 4845 judicem,
857 4767 1010 4847 satis
1073 4767 1424 4847 credoesse
1458 4764 1635 4847 bonis
1697 4769 1964 4834 notum;
2031 4782 2232 4841 neque
2291 4770 2383 4822 est
2412 4781 2549 4847 cur
2587 4773 2843 4847 mutem‘
2883 4767 3253 4847 sententiam
3316 4767 3446 4826 ulla
3501 4764 3730 4828 idonea

321 4843 541 4910 causa.
602 4850 864 4920 Quando
925 4845 1169 4914 vixerit,
1209 4844 1402 4904 nihilo
1464 4845 1661 4925 magis
1691 4850 2155 4925 constatquam
2216 4863 2342 4920 qua
2373 4843 2730 4925 conditione
2791 4843 3059 4918 vixerit;
3118 4845 3233 4904 nisi
3285 4847 3450 4914 quod
3498 4848 3727 4925 proba-

320 4931 453 4990 bile
511 4936 601 4990 est
659 4946 867 4990 rerum
930 4925 1128 5004 potito
1184 4925 1398 4985 Isaaco
1455 4922 1772 4985 Comneno
1831 4923 2163 5004 (quiiiniit
2220 4924 2551 5000 imperium
2612 4924 2829 5004 eodem
2890 4925 3017 4984 fere
3076 4944 3200 5003 quo
3259 4922 3591 4987 Heinricus
3653 4927 3729 4988 IV

322 5029 519 5082 anno,
579 5009 684 5088 qui
743 5007 862 5067 fuit
919 5003 953 5066 a
1011 5011 1158 5088 nato
1217 5004 1484 5088 Christo
1519 5005 1595 5063 59
1654 5021 1844 5080 supra
1877 5003 2860 5088 millesimum)__eum_scripsisse
2913 5023 3058 5088 suos
3090 5007 3399 5088 Annales:
3438 5007 3500 5066 hi
3560 5008 3727 5069 enim

320 5092 387 5152 in
449 5083 634 5151 istum
693 5088 1008 5149 desinunt.
1072 5085 1128 5145 Is
1182 5085 1290 5164 qui
1349 5085 1628 5145 codicem
1687 5090 1959 5144 vestrum
2015 5083 2621 5164 scripsitlibrarius,
2660 5084 2866 5164 lsaaci
2913 5085 3135 5162 Angoli
3194 5086 3526 5163 aliquoties
3560 5105 3726 5149 men-

319 5172 555 5232 tionem
609 5171 754 5229 t‘ecit
808 5169 869 5227 in
925 5161 1224 5242 margine.
1279 5166 1421 5225 Fuit
1470 5164 1571 5224 hic
1628 5165 1878 5224 Isaacus
1926 5163 2223 5223 Friderici
2265 5161 2673 5246 Ahenobarbi
2723 5161 3122 5246 imperatoris
3173 5161 3464 5227 Germani
3505 5186 3723 5246 aequa-

318 5252 419 5319 lis,
481 5259 560 5312 et-
596 5249 840 5328 accepit
896 5246 1295 5328 Cpoﬁlitanum
1371 5263 1633 5328 regnum
1695 5246 1861 5328 circa
1934 5262 2168 5328 annum
2233 5244 2408 5328 1185,
2469 5250 2570 5328 u_t__
2605 5249 2856 5328 centum
2901 5245 3062 5328 __fere
3105 5246 3299 5328 _annis
3357 5244 3728 5310 codex'iste

319 5339 577 5393 auctore
634 5323 768 5390 suo
804 5323 1112 5388 recentior
1169 5324 1358 5385 fuisse
1418 5325 1724 5386 videatur.
1806 5327 1940 5385 Non
2018 5324 2432 5383 dissimulavit
2509 5323 2804 5383 librarius
2858 5325 3190 5404 aliquoties
3247 5345 3313 5386 se
3387 5328 3450 5388 in
3509 5347 3727 5390 exem-

322 5414 504 5487 plari,
567 5412 734 5490 quod
794 5407 1144 5486 descripsit,
1206 5405 1449 5490 aliquot
1508 5405 2595 5490 paginarum_det‘ectumnsensisse.
2661 5404 2780 5463 Sed
2829 5411 3036 5464 utrum
3095 5405 3337 5484 reliqua
3366 5411 3580 5469 omnia
3637 5411 3728 5472 ita

318 5483 551 5554 iuerint
589 5483 689 5551 'ab
748 5483 1017 5549 auctore
1060 5487 1410 5562 composita
1469 5483 1786 5564 quomodo
1847 5484 1926 5543 ad
2004 5502 2114 5542 nos
2173 5483 2394 5543 scribas
2472 5483 2648 5543 istius
2705 5503 2897 5561 Opera
2949 5494 3390 5561 pervenerunt,
3453 5490 3730 5551 dubitari

321 5573 492 5633 haud
547 5570 786 5649 injuria
840 5572 1080 5645 potest:
1135 5585 1258 5626 non
1318 5567 1482 5625 enim
1545 5566 1842 5649 mendosa
1896 5564 2084 5649 modo
2140 5565 2461 5649 quaedam,
2519 5564 2627 5649 sed
2683 5566 2866 5643 plura
2895 5566 3086 5649 etiam
3150 5566 3245 5626 his
3291 5569 3584 5631 mutilata
3629 5572 3724 5632 vel

319 5644 1162 5732 comperi'velgsuspicatus
1219 5665 1387 5732 sum,
1442 5647 1622 5732 quod
1673 5646 2004 5732 aliquoties
2061 5645 2124 5702 in
2181 5644 2694 5732 annotationibus
2725 5646 2991 5732 ostendi.
3057 5650 3251 5708 Porro
3283 5655 3493 5710 autem
3540 5651 3722 5732 facile

320 5724 694 5796 crediderim
771 5724 1038 5790 lectores
1105 5727 1170 5787 in
1246 5727 1424 5788 bonis
1507 5725 1916 5805 scriptoribus
1989 5731 2269 5785 versatos
2316 5729 2378 5785 et
2453 5724 2693 5803 judicio
2769 5726 3162 5804 aliquantum
3237 5745 3426 5806 quam
3501 5731 3722 5808 vulgus
