4106 6288
247 288 317 348 21
1055 269 1058 274 ’
1569 296 1988 358 XYLANDRI
2035 299 2448 362 PRIEFATIO
3628 301 3705 360 22

248 423 517 514 honeste
574 426 963 514 sentientes,
1032 430 1384 514 impulsore
1442 432 1836 514 maxiine_D.
1894 433 2207 492 Ludovico
2267 435 2516 507 Carino,
2561 452 2708 494 sene
2776 433 2960 514 longe
3008 432 3372 494 doctissimo
3429 452 3703 513 veroque

248 504 650 594 ollicioseein
717 504 1670 594 cultoresbonorumartium,
1733 512 2144 573 humanitatis
2202 504 2512 594 exemplo,
2574 504 3056 590 vobisquevnon
3116 514 3355 591 absque
3407 504 3702 592 gravissi-

256 585 377 644 mis
436 587 644 672 causis
704 595 767 648 et
835 592 1094 672 meritis
1150 591 1518 652 charissimo
1571 599 1632 652 et
1661 594 2118 670 acceptissimo,
2170 597 2248 656 de
2300 585 2637 656 meantem
2679 585 2925 669 jamdiu
2974 597 3062 654 ita
3092 585 3314 654 merito
3349 585 3439 654 υ(
3461 597 3699 672 gratia-

255 684 394 753 rum
455 670 782 728 actionem
842 671 1042 748 (quas
1101 672 1267 731 enim
1321 672 1544 747 possim
1608 692 1718 750 pro
1751 679 1841 732 tot
1899 674 2216 734 beneﬁciis
2278 677 2393 735 hac
2455 695 2591 735 mea
2646 675 3004 734 conditione
3037 675 3350 753 referre?)
3391 670 3492 734 hic
3523 678 3701 737 locus

259 747 525 833 dignam
575 768 711 807 non
773 747 1015 828 capiat,
1074 753 1437 812 memoriam
1471 747 1681 812 autem
1715 754 1794 811 ab
1847 773 1920 814 eo
1964 755 2026 812 in
2062 773 2159 813 me
2215 759 2638 833 profectarum
2671 755 3192 815 commoditatum
3235 747 3337 814 me
3363 756 3502 815 vivo
3537 756 3696 816 nihil

267 828 950 914 situopbliteraturum;
1013 833 1423 914 suadentibus
1462 834 1644 914 idem
1690 852 1831 893 cum
1889 835 2028 894 aliis
2088 828 2401 911 primariis
2460 837 2604 896 viris
2667 844 2797 894 tum
2858 836 2994 911 ipso
3039 835 3225 894 etiam
3287 837 3535 910 Wolfio,
3585 837 3697 914 qui

274 907 642 993 (nihitjam
701 912 788 993 de
833 913 1032 990 ipsius
1091 913 1381 972 laudibus
1438 913 1666 982 dicam,
1719 932 1860 972 cum
1923 907 2432 992 prmd'icationcm
2495 935 2698 977 meam
2755 907 3084 992 excedant,
3147 934 3350 993 neque
3399 907 3527 976 hoc
3576 907 3696 977 sibi

277 991 494 1065 reponi
544 992 831 1074 muneris
884 1011 997 1069 pro
1045 993 1183 1074 suis
1223 994 1457 1052 meritis
1505 995 1636 1071 ipse
1691 991 1937 1073 cupiat),
1976 997 2365 1056 abundantia
2425 998 2696 1074 quadam
2757 997 2988 1054 amoris
3037 991 3282 1074 semper
3341 1015 3437 1055 me
3486 1015 3695 1074 prose-

281 1079 456 1128 cutus
513 1070 692 1146 quasi
746 1071 1112 1150 lampadem
1173 1073 1334 1134 hanc
1391 1075 1453 1133 in
1514 1070 2252 1137 decursione’vertendae
2315 1070 2543 1138 Grai-cae
2604 1078 2880 1137 historias
2944 1083 3106 1135 recte
3177 1070 3249 1135 se
3309 1070 3692 1137 traditurum

485 1151 922 1235 exi~timavitg;
980 1159 1513 1235 postquamrergo
1562 1155 1821 1214 (Iedreni
1874 1157 2276 1216 convertendi
2337 1158 2718 1235 provinciam
2775 1157 2924 1215 mihi
2975 1156 3325 1214 credidistis
3383 1157 3464 1233 (id
3523 1158 3693 1233 quod

284 1231 630 1315 mihi_fu‘it,
687 1238 758 1290 ut
809 1233 1052 1305 debuit,
1081 1231 1575 1315 gratissimum),
1638 1237 1929 1312 equidem
1979 1236 2042 1294 in
2094 1236 2210 1296 hoc
2242 1231 2497 1298 incubui
2543 1245 2611 1297 ut
2656 1236 3108 1314 exsqectationi
3165 1231 3693 1315 vestrm‘meisque

278 1311 600 1395 promissis
653 1317 1018 1395 maturaret
1070 1313 1335 1374 ﬁdeliter
1391 1311 1834 1375 satisfacerem.
1896 1316 2120 1375 Omnia
2173 1318 2465 1394 expeditu
2530 1317 2736 1377 facilia
2792 1311 2927 1376 fore
2959 1318 3170 1376 animo
3241 1311 3689 1395 praecepera'm,

279 1391 542 1475 fortasse
599 1411 728 1451 non
777 1393 976 1475 nimis
1036 1401 1423 1472 arroganter,
1488 1402 1556 1454 ut
1610 1396 1717 1473 qui
1779 1414 1902 1454 non
1961 1415 2126 1455 nunc
2185 1391 2456 1474 primum
2517 1398 2637 1457 hoc
2695 1414 2891 1475 genus
2949 1397 3038 1456 rei
3097 1391 3522 1474 tractandum,
3583 1391 3693 1457 su?-

276 1474 606 1556 sciperem.
668 1474 793 1532 Sed
851 1473 915 1532 in
974 1492 1302 1553 progressu
1362 1480 1570 1535 tamen
1628 1477 1692 1534 id
1769 1484 2066 1553 expertus
2122 1473 2258 1536 sum
2317 1479 2487 1556 quod
2571 1473 2812 1539 Alcmus
2897 1477 3049 1538 olim
3133 1477 3454 1555 eleganter
3506 1473 3690 1538 ceci—

277 1552 370 1611 nit
403 1569 416 1610 :

1398 1633 1589 1690 Delata
1617 1636 1675 1690 in
1703 1636 1884 1690 altum
1913 1651 2037 1690 cum
2065 1637 2230 1692 semel
2261 1642 2341 1692 est
2372 1653 2546 1702 mare,

1397 1705 1726 1777 Quocunque
1755 1711 2047 1776 tempestas
2077 1708 2305 1774 vocabit,

1399 1778 1463 1833 Ut
1484 1778 1586 1832 tibi
1614 1779 1772 1833 navis
1797 1785 1888 1834 eat
1917 1794 2128 1834 necesse
2155 1787 2254 1834 est.

295 1893 502 1951 multa
549 1909 710 1973 spem
760 1909 967 1973 meam
1020 1891 1395 1952 fefellerunt.
1449 1893 1646 1955 Incidi
1692 1895 1754 1954 in
1805 1895 1942 1955 loca
1988 1895 2084 1955 vel
2132 1896 2398 1958 obscura
2447 1897 2540 1957 vel
2577 1895 2796 1957 mutila
2827 1913 3042 1973 saepe;
3106 1895 3212 1954 ubi
3271 1913 3408 1954 cum
3443 1893 3688 1954 nonnisi

281 1989 455 2031 unus
511 1971 704 2055 codex
757 1972 912 2055 milii
971 1979 1134 2055 esset
1191 1978 1300 2055 aut
1357 1973 1505 2033 alibi
1566 1975 1782 2035 eadem
1845 1982 1953 2034 aut
2010 1975 2238 2035 similia
2298 1977 2642 2055 perscripta
2698 1977 2758 2035 in
2822 1971 3115 2053 promptu
3176 1993 3300 2034 non
3361 1974 3681 2055 haberem,

275 2051 559 2129 oportuit
621 2069 715 2111 me
775 2051 1041 2113 haerere.
1104 2053 1506 2134 coniecturas
1564 2055 1692 2115 scio
1753 2055 1990 2133 aliquid
2053 2075 2251 2134 posse,
2300 2051 2420 2116 'sed
2500 2051 2587 2116 ese
2651 2051 2850 2133 neque
2927 2051 3076 2114 satis
3133 2062 3284 2114 tutae
3343 2053 3685 2132 aliquando

269 2137 447 2202 sunt,
507 2139 571 2213 et
629 2150 756 2213 non
819 2151 963 2192 raro
1023 2133 1191 2210 quod
1250 2133 1623 2212 conjicerem
1686 2143 1796 2195 aut
1852 2155 1978 2213 quo
2039 2154 2134 2196 me
2194 2139 2485 2196 referrem
2551 2155 2673 2196 non
2733 2135 3160 2195 succurrebat.
3223 2137 3306 2193 Ne
3339 2141 3546 2194 tamen
3591 2135 3688 2194 vel

272 2212 679 2293 auctoriivel
743 2211 960 2271 lectori
1022 2230 1157 2272 mea
1213 2213 1526 2290 ignoratio
1585 2216 1786 2274 fraudi
1849 2211 2028 2286 esset,
2064 2217 2166 2276 ubi
2228 2217 2429 2276 visum
2489 2223 2581 2276 est
2641 2235 2766 2276 rem
2820 2216 3052 2275 habere
3085 2215 3322 2293 aliquid
3359 2217 3682 2287 momenti,

269 2292 800 2374 annotationibus
859 2293 1012 2352 meis
1072 2311 1183 2370 pro
1243 2294 1405 2354 virili
1464 2313 1592 2354 rem
1654 2298 1917 2374 exposui
1975 2303 2084 2356 aut
2141 2297 2360 2357 saltem
2423 2297 2562 2357 aliis
2618 2297 3013 2357 enodandam
3052 2292 3370 2374 proposui.
3417 2295 3686 2355 Maxime

264 2373 610 2456 barbarica
675 2391 773 2431 me
833 2378 1216 2456 vexaverant
1275 2374 1605 2456 vocabula,
1671 2373 1938 2453 quorum
2003 2395 2292 2454 magnam
2355 2378 2598 2456 copiam
2662 2377 2856 2438 lector
2928 2373 3225 2448 inveniet,
3286 2375 3687 2456 partimrhy-

257 2453 599 2536 bridarum
632 2470 706 2536 ac
763 2453 1179 2536 μιξοϐαρϐάρωγ
1216 2461 1326 2513 aut
1372 2455 1449 2532 (si
1498 2454 1586 2514 ita
1635 2457 1783 2516 velit
1815 2458 1870 2516 al

2075 2453 2450 2535 μὶξελλήνωνζ
2498 2457 2726 2536 partim
2778 2474 3034 2534 prorsus
3083 2465 3145 2516 et
3203 2453 3372 2532 apud
3433 2455 3683 2515 Latinos

260 2541 325 2594 et
386 2535 559 2611 apud
620 2535 874 2592 Graecos
934 2534 1429 2611 peregrinorum.
1493 2536 1767 2606 Quorum
1828 2538 1954 2597 alia
2011 2534 2217 2595 rerum
2279 2545 2444 2608 sunt,
2499 2534 2576 2598 'ut
2633 2540 3160 2613 scaramangium,
3197 2537 3466 2604 tuldum,
3503 2554 3682 2595 cum-

260 2616 470 2692 paria,
537 2614 934 2696 barducium,
993 2614 1170 2696 laesa,
1219 2621 1281 2673 et
1337 2615 1472 2696 alia
1522 2617 1748 2692 plura;
1811 2618 1932 2676 alia
1992 2617 2340 2677 ofﬁciorum
2374 2617 2852 2696 appellationes,
2919 2627 2986 2676 ut
3044 2617 3326 2693 barangi,
3389 2623 3683 2693 protove-

261 2696 529 2775 stiarus,
596 2694 912 2768 logmbeta
970 2693 1615 2775 dromircaniclium,
1695 2697 2260 2774 protospatharius,
2324 2693 2722 2775 drungarius,
2803 2715 3071 2756 amaras.
3135 2696 3428 2773 Reperiet
3485 2696 3676 2756 etiam

263 2774 479 2835 multa
542 2775 764 2831 Latina
819 2775 1031 2856 Graeco
1088 2773 1323 2856 habitur
1371 2777 1594 2842 velata,
1653 2784 1884 2856 κινστέρκ

2053 2785 2284 2854 κάμνον,
2329 2773 2550 2856 λεγάτὰ,
2613 2778 2952 2848 silentium,
3025 2778 3350 2848 asecretia,
3413 2777 3674 2850 scalam,

260 2859 855 2935 xpﬁgsov,sexcetlta
901 2854 1047 2912 alia.
1085 2855 1147 2912 ln
1201 2855 1426 2930 quibus
1493 2854 2064 2917 animadvertendis
2141 2865 2200 2915 et
2259 2854 2574 2918 vertendis
2649 2876 2834 2935 quam
2897 2857 3122 2916 fuerim
3184 2857 3352 2928 felix,
3415 2857 3674 2917 nescio:

264 2934 354 2992 fui
412 2933 1328 3014 certe,molesteﬂoccupatus.
1393 2937 1571 3008 Quod
1634 2939 1712 2995 ad
1789 2938 2228 2996 annotationes
2301 2955 2470 2997 meas
2529 2933 2770 3005 attinet,
2836 2945 3119 3014 poteram
3179 2955 3283 2995 eas
3342 2938 3680 2997 extendere

266 3020 345 3094 et?
386 3013 783 3090 ampliﬁcare
842 3013 1223 3073 indicatioue
1298 3021 1358 3073 et
1418 3017 1889 3094 comparatione
1964 3035 2179 3077 eorum
2258 3035 2399 3094 quas
2459 3017 2628 3093 apud
2707 3016 2862 3074 alios
2930 3015 3263 3091 scriptores
3319 3015 3541 3074 iisdem
3600 3018 3678 3076 de

267 3093 455 3174 rebus
515 3096 878 3165 habentur;
941 3094 1109 3171 quod
1171 3094 1398 3172 ignavo
1457 3093 1735 3156 fortassis
1812 3102 1921 3156 aut
1999 3093 2302 3155 librorum
2382 3097 2564 3174 COpia
2619 3095 2918 3154 destituto
2982 3093 3195 3154 lectori
3275 3095 3493 3154 fuisset
3551 3114 3677 3155 non

271 3173 616 3250 ingratum.
663 3174 893 3232 Verum
956 3191 1072 3252 ego
1133 3174 1422 3234 brevitati
1469 3177 1730 3249 studui;
1805 3183 1867 3236 et
1915 3194 2055 3235 cum
2111 3183 2423 3253 postremo
2468 3173 2591 3236 eas
2648 3175 3011 3252 relegerem,
3078 3176 3389 3252 permulta
3445 3193 3678 3254 ampu-

279 3254 408 3334 tavi
469 3253 782 3334 qum‘alio
841 3254 982 3312 loco
1040 3255 1430 3334 commodius
1491 3274 1587 3314 me
1647 3262 2118 3332 persecuturum
2180 3255 2492 3326 videbam,
2555 3275 2697 3315 cum
2760 3255 2861 3315 hic
2923 3255 3018 3315 vel
3075 3256 3324 3314 brevius
3382 3253 3573 3334 quam
3609 3262 3679 3318 ut

288 3332 438 3414 satis
495 3331 980 3414 intelligerentur
1035 3333 1313 3392 indicare
1371 3353 1445 3394 ea
1476 3331 1818 3412 oporteret,
1878 3336 1976 3394 vel
2007 3337 2490 3396 commentando
2540 3344 2719 3394 extra
2770 3337 2924 3394 ﬁnes
2973 3336 3319 3395 annotandi
3351 3331 3672 3414 progredi.

290 3413 412 3494 lies
469 3418 668 3471 autem
725 3412 889 3493 ipsas
947 3415 1380 3474 annotationes
1440 3415 1652 3474 lectori
1716 3433 2011 3493 magnum
2077 3423 2460 3476 momentum
2515 3417 2818 3475 allaturas
2874 3417 2949 3474 arl
3025 3412 3503 3494 intelligendum
3565 3418 3674 3476 Ce-

279 3491 562 3574 drenum,
624 3491 1005 3574 aut‘saltem
1067 3495 1356 3571 quaedam
1417 3495 1780 3571 diligentius
1830 3491 2265 3567 scrutandum,
2327 3496 2598 3556 conﬁdo.
2658 3496 2810 3556 Mihi
2870 3496 3123 3574 quidem
3182 3491 3530 3556 incredibili
3589 3497 3674 3556 la-

263 3571 417 3654 bore
479 3573 914 3654 constiterunt.
976 3576 1255 3633 Ponetur
1311 3575 1371 3633 in
1434 3577 1606 3636 lucro
1664 3595 1702 3635 a
1760 3578 1978 3654 gratis,
2039 3577 2089 3635 si
2149 3577 2225 3636 ad
2285 3575 2442 3635 alios
2501 3595 2754 3654 quoque
2828 3571 3271 3653 intelligendos
3331 3578 3668 3654 scriptores

255 3651 404 3734 inde
462 3652 710 3734 aliquid,
777 3659 1069 3730 poterunt
1108 3661 1334 3734 petere
1366 3655 1714 3733 adjumenti
1753 3651 1789 3714 ε*
1827 3657 1993 3733 quod
2027 3675 2144 3734 ego
2198 3675 2380 3733 spero
2430 3651 2583 3717 fore.
2635 3657 2887 3716 Numeri
2919 3651 3134 3716 eorum
3196 3651 3475 3718 numeris
3502 3675 3667 3716 mar-

250 3733 390 3815 gini
429 3733 845 3815 _Cedreniano
901 3733 1688 3815 appositis_respondent;
1744 3736 1861 3796 nisi
1919 3733 2089 3813 quod
2147 3755 2313 3814 sape
2373 3737 2555 3815 plura
2615 3736 2796 3797 unico
2853 3754 3070 3796 sumus
3126 3736 3440 3813 complexi
3496 3736 3657 3797 loca.

247 3813 350 3875 Ad
417 3812 609 3871 ﬁnem
673 3812 921 3872 tabulas
976 3813 1454 3892 chronologicas
1510 3817 1600 3894 (α)
1659 3812 2291 3893 adjeci,jampridem
2347 3812 2450 3876 eas
2507 3835 2674 3876 ame
2733 3816 3132 3894 compositas,
3167 3812 3395 3876 etcum
3429 3815 3510 3875 ad
3541 3816 3668 3876 alia

250 3894 536 3976 tumAad
588 3897 1039 3976 auyxpovtspob;
1099 3902 1392 3972 prompto
1448 3895 1855 3956 inveniendos
1919 3914 1992 3956 ac
2057 3897 2385 3956 intervalla
2453 3903 2805 3974 temporum
2869 3896 3272 3973 supputanda
3329 3897 3534 3957 utiles.
3594 3898 3665 3958 In

421 3973 552 4030 fere
612 3972 750 4056 sum
809 3972 1153 4056 Funckium
1200 3981 1478 4056 secutus,
1542 3995 1904 4053 quanquam
1964 3977 2095 4053 ipse
2153 3996 2405 4056 quoque
2463 3978 2539 4035 dc
2585 3972 3198 4054 'quibusdam’quod
3259 3995 3546 4037 moneam
3607 3985 3669 4036 et

242 4055 579 4128 disputem
641 4053 858 4134 videor
894 4053 1057 4134 mihi
1110 4053 1391 4125 habere;
1447 4060 1612 4131 quod
1664 4056 1866 4134 ipsum
1919 4058 2104 4134 quale
2153 4053 2250 4129 sit,
2306 4053 2430 4116 alio
2490 4059 2648 4131 loco,
2711 4059 2761 4115 si
2821 4061 2982 4115 Deus
3038 4057 3226 4121 volet,
3292 4058 3664 4134 proferetur.

235 4137 524 4192 Graecus
575 4133 775 4191 codex
834 4133 1041 4192 editur
1099 4133 1570 4209 diligentissime
1625 4133 1703 4194 et,
1754 4133 2001 4195 summa
2061 4137 2183 4196 ﬁde
2215 4155 2286 4196 ac
2345 4137 2559 4195 labore
2620 4155 2742 4194 non
2778 4139 3005 4211 exiguo
3065 4135 3436 4214 descriptus,
3470 4137 3668 4196 colla-

235 4219 490 4289 tusque
539 4231 678 4271 cum
730 4219 935 4294 vestro
985 4216 1296 4290 exemplo.
1349 4216 1436 4273 Ex
1486 4234 1559 4274 eo
1587 4217 1818 4294 poterit
1864 4215 2221 4276 emendatio
2271 4235 2486 4276 eorum
2543 4216 2704 4274 sumi
2763 4215 2824 4274 in
2881 4214 3107 4291 quibus
3163 4225 3254 4274 est
3311 4234 3347 4276 a
3407 4234 3501 4275 me
3535 4234 3672 4294 pec-

233 4300 505 4375 catum.
565 4295 645 4375 Ut
694 4293 857 4352 enim
919 4311 1229 4370 nusquam
1294 4293 1894 4375 mehallucinatum
1946 4298 2269 4375 profitear,
2332 4314 2454 4355 non
2517 4296 2696 4355 facile
2757 4294 2912 4355 mihi
2965 4295 3296 4372 quisquam
3347 4293 3670 4375 persuase-

229 4373 355 4432 rit.
430 4372 690 4456 Conﬁdo
750 4379 959 4456 tamen
1020 4391 1234 4450 aequos
1292 4374 1648 4456 peritosque
1717 4372 2049 4436 rerum—et
2121 4395 2542 4437 mrumnarum
2604 4393 2745 4454 quae
2824 4377 2884 4456 in
2951 4375 3311 4453 hujusmodi
3352 4372 3669 4456 'operibus

221 4461 398 4514 sunt
459 4453 856 4512 exantlandaa
914 4453 1178 4514 lectores
1237 4474 1358 4514 non
1415 4455 1504 4515 ita
1537 4453 1732 4515 multa
1788 4457 2270 4528 desideraturos,
2331 4463 2397 4516 ut
2428 4475 2552 4516 non
2609 4453 2732 4515 sint
2785 4455 2938 4516 mihi
2995 4475 3106 4532 pro
3141 4453 3457 4517 laboribus
3485 4458 3663 4517 hisce

226 4534 532 4615 gratiam
595 4533 1138 4615 habituri.U_Vobis
1190 4542 1424 4615 autem,
1484 4536 1612 4595 Viri
1668 4538 2066 4614 amplissimi,
2139 4537 2317 4598 vobis
2373 4543 2696 4615 acceptum
2756 4538 2914 4596 ferre
2980 4537 3231 4609 debent,
3293 4556 3483 4615 quam
3543 4537 3664 4596 hoc

222 4633 448 4692 opere
504 4613 769 4689 legendo
822 4613 1157 4694 utilitatem
1236 4613 1841 4694 delectationemqtie
1898 4619 2194 4694 capient:
2285 4617 2481 4688 vobis,
2524 4613 2854 4694 linquam,
2928 4635 3050 4676 non
3133 4613 3330 4676 mihif
3396 4617 3667 4678 Tametsi

216 4696 418 4755 enim
485 4694 693 4774 studio
749 4693 1107 4769 reipublicae
1189 4694 1503 4756 litterariae
1563 4693 1862 4774 juvandae
1931 4693 2120 4773 atque
2179 4693 2920 4773 locupletandm’tenear
2972 4698 3069 4754 vel
3129 4698 3426 4767 maximo,
3505 4717 3667 4774 pau-

209 4776 475 4855 cisque
507 4772 701 4851 (quod
760 4774 964 4855 velim
996 4791 1181 4832 nemo
1228 4775 1463 4836 dictum
1516 4772 1914 4854 arrogantius
1950 4772 2152 4854 putet)
2200 4772 2525 4836 voluntate
2572 4777 2730 4836 bene
2785 4776 3063 4834 merendi
3107 4777 3186 4835 de
3236 4779 3440 4855 patria
3483 4772 3663 4849 cedo,

211 4863 352 4918 aut
425 4853 690 4912 fortasse
737 4853 994 4920 nemini,
1054 4863 1262 4913 tamen
1323 4873 1391 4914 ea
1443 4863 1536 4916 est
1592 4875 1800 4915 rerum
1853 4853 2462 4929 mearum’tennitas,
2527 4864 2597 4916 ut
2651 4856 2765 4915 nisi
2825 4857 2964 4914 aliis
3027 4853 3405 4916 locata—mea
3447 4875 3663 4934 opera,

208 4937 342 5017 qui
421 4933 820 5017 fortunarum
883 4952 1200 5017 mearumg
1225 4934 1495 4994 habeant
1551 4955 1624 4996 ac
1680 4937 1965 4996 laborum
2001 4943 2061 4996 et
2113 4956 2242 4998 sum
2301 4937 2691 4997 liberalitatis
2745 4937 3079 5017 rationem,
3115 4938 3425 4996 scribendi
3471 4933 3668 4996 facul-

207 5014 443 5079 tetern
508 5014 775 5074 habeam
836 5014 1098 5073 nullam.
1157 5015 1235 5074 Et
1284 5017 1572 5092 quamvis
1628 5017 1824 5076 multo
1882 5025 1976 5077 est
2033 5037 2220 5094 quam
2281 5017 2556 5094 imperiti
2613 5016 2868 5076 credere
2932 5017 3172 5093 possint
3226 5017 3664 5089 aerumnosius,

202 5101 379 5166 ista,
461 5095 676 5171 qualia
735 5111 847 5152 nos
905 5095 1032 5152 fere
1078 5095 1388 5155 edidimus
1446 5097 1678 5167 adhuc,
1731 5098 2158 5170 conscribere;
2226 5104 2291 5157 ut
2337 5117 2460 5156 non
2494 5099 2748 5156 domino
2801 5103 3045 5155 tantum
3094 5097 3268 5157 fundi
3303 5097 3662 5168 maximam,

201 5180 331 5240 sed
409 5181 482 5234 et
541 5177 768 5234 colono
825 5174 1101 5250 aliquam
1164 5177 1430 5251 gratiam
1491 5177 1718 5236 debere
1771 5177 1963 5236 videri
2021 5178 2264 5255 possint
2321 5178 2430 5254 qui
2488 5178 2772 5253 frugibus
2824 5183 3198 5247 vescuntur;
3259 5196 3376 5255 ego
3409 5177 3662 5238 interim

201 5257 408 5340 quod
483 5255 580 5340 ab
623 5255 762 5340 aéiis
812 5255 1058 5331 exigam
1121 5273 1242 5313 non
1305 5255 1530 5340 habeo,
1595 5257 1693 5340 cui
1737 5257 1996 5340 dubium
2032 5277 2154 5318 non
2188 5258 2268 5317 sit
2325 5259 2474 5334 quin
2538 5277 2704 5340 meos
2759 5257 2819 5340 i_n
2881 5257 3003 5340 hoc
3055 5275 3243 5340 opere
3276 5257 3523 5340 labores
3555 5277 3669 5336 pro

203 5335 459 5398 vestra
518 5335 896 5394 liberalitate
954 5343 1144 5410 atque
1229 5337 1657 5396 muniﬁcentia
1733 5338 1818 5395 ita
1875 5339 2009 5395 sitis
2084 5337 2575 5412 compensaturi.
2639 5343 2705 5394 ut
2780 5337 3008 5413 insigni
3079 5335 3256 5395 vobis
3331 5335 3670 5398 obstrictus

205 5415 559 5482 beneﬁcio
619 5421 954 5492 perpetuas
985 5414 1468 5494 simrdebiturus
1499 5423 1687 5493 atque
1741 5417 2067 5476 habiturus
2119 5418 2374 5491 gratias.
2412 5422 2611 5494 Atque
2639 5435 2756 5493 ego
2813 5435 2961 5475 sane
3017 5434 3219 5494 neque
3280 5421 3418 5478 volo
3465 5437 3670 5494 neque

205 5501 450 5562 debeo
513 5495 701 5554 etiam
759 5493 1038 5562 diffiteri,
1108 5493 1267 5554 hanc
1331 5496 1480 5554 mihi
1541 5497 1923 5571 potissimam
1985 5499 2172 5557 fuisse
2230 5516 2384 5557 mea
2443 5493 2617 5558 vobis
2673 5514 2882 5574 operae
2940 5495 3273 5557 offerendas
3333 5505 3523 5576 atque
3558 5493 3669 5557 na-

198 5579 473 5642 vandae
532 5593 814 5645 causam,
878 5579 943 5655 ut
999 5582 1336 5655 consecuto
1395 5578 1560 5654 quod
1625 5577 1816 5646 volui,
1879 5597 2063 5637 nemo
2126 5578 2282 5637 alius
2367 5597 2551 5655 porro
2630 5578 2708 5636 sit
2783 5576 3214 5654 appellandus.
3281 5583 3360 5638 At
3447 5585 3666 5637 vestrae

199 5655 730 5737 magniﬁcentiae
789 5653 954 5733 quis,
1016 5654 1133 5713 nisi
1185 5655 1379 5714 animi
1422 5653 1708 5734 prorsus
1766 5657 2044 5734 obnoxii,
2109 5653 2432 5735 negaverit
2481 5657 2821 5734 plurimum
2884 5675 2920 5716 a
2978 5657 3302 5735 republica
3360 5658 3666 5744 littera'ria

276 5779 547 5913 nihil?)
575 5777 971 5849 ohronologia,
1003 5779 1140 5848 quia
1157 5778 1414 5835 virorum
1445 5780 1750 5836 doctorum
1776 5782 1997 5852 judicio
2031 5799 2144 5837 non
2177 5783 2318 5838 satis
2350 5784 2620 5836 accurata
2650 5787 2763 5847 est,
2791 5781 2849 5836 in
2885 5780 2993 5835 hac
3028 5779 3280 5836 editione
3312 5784 3664 5852 praetermis-

276 5881 283 5913 ι
425 5891 445 5908 .
525 5865 796 5907 nemo.

208 5877 283 5918 ,ι
311 5865 445 5913 ut.
487 5865 796 5907 ruamus.
