4106 6288
332 357 410 417 27
1685 355 2006 418 GEORGII
2049 355 2398 421 CEDBENI
2466 369 2472 376 ’
3677 370 3756 429 28

335 488 496 550 runt,
528 483 763 554 ipsique
791 482 945 537 inter
973 499 1034 538 se
1067 483 1497 540 dissenserunt.
1553 487 1678 540 lam
1727 484 1980 539 Joannes

2100 482 2336 554 Ῐωᾶννης
2395 487 2423 540 ὁ
2481 491 2788 560 Θρᾳκήσιος
2840 490 2900 544 τὸ
2973 490 3281 563 ἐπώνυμον,
3342 494 3755 569 συντομωτέραν

334 570 846 636 Protovestiarius,
880 579 1274 644 cognomento
1305 574 1673 641 Thracesius,
1710 588 1985 644 compen-

336 663 655 720 diosiorem
687 679 891 718 eorum
924 680 1054 734 quas
1081 663 1330 721 diversis
1363 665 1986 736 evenerunttempori-

331 751 444 807 bus
464 752 735 807 notitiam
769 752 999 807 tradere
1031 760 1301 817 conatus,
1333 771 1513 826 supra
1543 770 1982 811 commemora-

335 845 531 896 torum
555 841 908 912 scriptorum
933 842 1200 898 historiis
1222 849 1496 899 accurate
1519 843 1798 916 perfectis
1821 844 1986 898 inde-

337 945 452 1000 que
480 930 540 984 in
595 947 734 985 suos
765 933 1226 988 commentarios
1274 950 1405 1004 quae
1437 933 1512 988 ad
1555 949 1681 988 rem
1721 932 1987 989 facerent

333 1019 588 1084 collatis,
621 1020 694 1075 ab
726 1021 887 1075 exitu
915 1022 1252 1092 Nicephori.
1289 1023 1458 1094 cujus
1483 1022 1658 1095 paulo
1690 1027 1828 1077 ante
1859 1038 1984 1077 πιθε-

334 1109 627 1166 minimus
659 1125 902 1166 exorsus
935 1113 1502 1184 eerepudiatisquc
1535 1129 1668 1183 quas
1702 1127 1771 1166 ex
1801 1111 1984 1166 animi

333 1199 737 1254 commotione
771 1205 872 1254 aut
903 1201 963 1254 in
993 1201 1241 1274 gratiam
1274 1201 1530 1273 alicujus
1581 1202 1803 1272 scripta
1853 1200 1983 1256 fue-

333 1293 490 1352 rant,
511 1287 734 1344 nudam
765 1289 1078 1344 historiam
1112 1290 1376 1347 tradidit.
1410 1293 1526 1346 Nos
1555 1296 1753 1346 autem
1785 1289 1984 1346 evolu-

334 1376 410 1431 tis
441 1375 652 1431 horum
702 1376 892 1444 libris,
941 1378 1200 1450 indeque
1251 1380 1323 1434 iis
1353 1396 1485 1450 quas
1527 1379 1818 1435 attinebat
1864 1378 1986 1434 col-

333 1464 525 1532 lectis,
576 1465 828 1537 adjectis
885 1467 1146 1522 (Setiam
1204 1485 1358 1540 quae,
1399 1484 1534 1524 cum
1594 1485 1717 1523 non
1785 1473 1987 1523 essent

333 1553 656 1626 scripta,ab
674 1555 937 1627 antiquis
959 1556 1304 1612 horninibus
1327 1557 1545 1612 tradita
1561 1556 1984 1626 didiceramus,

2101 568 2370 628 ἐνδιδόναι
2398 575 2710 650 κατάληψιν
2739 583 2848 634 τῶν
2880 578 2932 634 ἐν
2989 577 3274 658 διαφόροις
3323 568 3750 655 συμϐεϐηκότων

2099 667 2335 752 καιροῖς,
2367 663 2461 752 τὰς
2490 669 2598 720 τῶν
2631 665 2724 721 ἃνο
2755 667 3148 744 θενλεχθέντων
3196 671 3550 752 συγγραφέων
3601 673 3752 728 ἱστο-

2100 750 2218 822 ρίας
2269 751 2663 826 ἀναλεξάμενος
2694 757 2782 810 καὶ
2814 755 3204 832 ἐγκατάσκευον
3246 750 3618 834 ποιησάμενος
3645 764 3748 832 τήν

2097 841 2308 918 γραφήν
2341 841 2448 896 ἀπὸ
2476 848 2572 898 τοῦ
2601 842 2796 908 τέλους
2817 847 3028 924 ’ἤρξατο
3067 853 3164 904 τοῦ
3225 849 3330 904 ἀπὸ
3373 856 3605 924 γενικῶν
3655 859 3750 907 Νιο

2099 931 2368 1008 κηφόρον,
2399 931 2490 986 καὶ
2529 934 2596 987 τὰ
2621 933 2883 1006 ἐμπαθῶς
2915 936 2949 1006 ἢ
2981 936 3072 992 καὶ
3102 939 3239 1013 πρὸς
3271 940 3434 1014 χάριν
3485 939 3750 1014 λεχθέντα

2097 1015 2580 1093 ἀποδιοπόμπησε,
2627 1025 2838 1096 γυμνὴν
2891 1025 2992 1093 τήν
3050 1027 3293 1100 ἱστορίαν
3347 1026 3750 1104 παραδέδωκεν.

2097 1107 2286 1180 Ἡμεῖς
2317 1105 2395 1178 δὲ,
2423 1111 2518 1173 τὰς
2545 1110 2751 1164 τούτων
2786 1110 3104 1175 ἐπελθόντες
3154 1111 3410 1190 βίϐλους,
3455 1118 3523 1172 τὰ
3569 1118 3754 1174 εἰκότα

2097 1193 2469 1270 συνελέξαμεν,
2527 1199 2845 1275 προσθέντες
2895 1202 2985 1257 καὶ
3041 1202 3140 1259 ὅσα
3203 1204 3462 1283 ἀγράφως
3522 1206 3582 1262 ἐκ
3645 1229 3754 1264 πα·-

2097 1285 2268 1343 λαιῶν
2302 1284 2511 1358 ἀνδρῶν
2542 1284 2936 1364 ἐδιδάχθημεν.
2980 1289 3161 1347 Ἀλλὰ
3195 1295 3302 1366 μῆν
3353 1295 3442 1350 καὶ
3494 1295 3599 1350 ἀπὸ
3650 1304 3752 1368 τῆς

2097 1377 2312 1440 Λεπτῆς
2339 1375 2666 1438 Γενέσεσεως
2705 1379 2818 1451 (13)
2879 1378 2978 1434 οὐκ
3031 1377 3195 1456 ὀλίγα
3250 1380 3604 1453 συλλέξαντες
3657 1385 3750 1441 καὶ

2095 1463 2202 1548 iure
2258 1461 2725 1532 ἐκκλησιαστικῶν
2783 1467 3040 1539 ἱστοριῶν
3103 1469 3193 1523 καὶ
3254 1470 3344 1547 ἀφ’
3402 1470 3598 1546 ἐτέρων
3663 1474 3750 1548 βι-

2096 1547 2294 1618 ϐλίων,
2368 1551 2459 1608 καὶ
2539 1555 2628 1628 ὑφ’
2699 1551 2756 1610 ἓν
2831 1553 3208 1629 ἐπιδρομάδην
3251 1559 3589 1632 συνθέμενοι,
3625 1547 3745 1626 τοῖς

334 1659 456 1698 non
486 1659 676 1714 pauca
719 1644 896 1700 etiam
931 1659 1004 1700 ex
1063 1661 1242 1716 parva
1273 1645 1509 1711 Genesi,
1566 1644 1980 1701 ecclesiasticis

2099 1641 2568 1716 μεταγενεστέροις
2597 1640 3076 1718 καταλελοίπαμεν
3128 1647 3336 1724 τροφήν
3389 1647 3606 1716 ἁπαλὴν
3655 1649 3743 1705 καὶ

331 1731 598 1786 historiis
628 1731 884 1804 aliisque
912 1732 1048 1787 libri
1082 1732 1394 1805 complexi,
1429 1733 1649 1789 cursim
1691 1733 1893 1789 omnia
1923 1733 1980 1788 in

2092 1727 2502 1815 ἀληλεσμένην,
2533 1728 2614 1801 ἵν,
2648 1733 2700 1788 οἱ
2743 1733 2840 1806 μὲν
2893 1734 2988 1795 τὰς
3043 1738 3151 1790 τῶν
3206 1735 3481 1810 ῥηθέντων
3536 1737 3746 1815 ἕστορι-

331 1836 519 1876 unum
551 1821 997 1892 composuimus
1028 1822 1326 1878 volumen.
1357 1822 1524 1888 Quod
1555 1839 1702 1894 opus
1732 1819 1980 1894 posteris

2093 1823 2208 1919 κῶν
2241 1813 2470 1919 βίϐλους
2507 1819 2824 1919 ἐπελθόντες
2859 1819 3041 1898 ἔχοιεν
3078 1824 3448 1898 ὑπομνήματα
3478 1823 3618 1899 (οἶδε
3644 1813 3745 1904 γὰρ

335 1908 729 1980 relinquimus
745 1916 1029 1982 tanquam
1045 1912 1398 1968 alimentum
1417 1917 1688 1968 tenerum
1713 1928 1781 1968 ac
1825 1910 1980 1967 mola

2095 1911 2131 1978 ἡ
2182 1907 2481 1982 ἀνάγνωσις
2537 1907 2832 1983 ἀνάμνησιν
2891 1910 3164 1984 ἐμποιεῖν,
3221 1915 3256 1982 ἡ
3319 1910 3390 1968 δι’
3446 1915 3750 1989 ἀνάμνησις

335 2005 753 2072 praeparatum,
813 2005 878 2055 ut
937 2005 996 2056 et
1046 2001 1147 2070 qui
1207 2000 1501 2057 dictorum
1557 2001 1986 2058 historicorum

341 2089 562 2161 scripta
592 2088 884 2158 legerunt,
936 2091 1397 2145 commentarios
1447 2089 1708 2146 habeant
1745 2088 1986 2160 (etenim

337 2178 513 2234 lectio
565 2178 639 2233 ad
678 2178 1152 2234 recordationem
1205 2181 1581 2237 excitandam
1615 2187 1704 2236 est
1751 2180 1983 2245 efﬁcax,

335 2267 736 2322 recordationi
761 2267 834 2322 ad
851 2267 1128 2323 alendam
1151 2269 1608 2342 augendamque
1631 2268 1986 2325 memoriam

334 2355 419 2410 vis
448 2355 1072 2427 est,quemadmodum
1107 2363 1314 2414 contra
1343 2358 1576 2414 incuria
1595 2364 1654 2414 et
1681 2358 1983 2432 negligen-

327 2443 413 2499 tia
429 2444 810 2500 immemores
833 2445 1058 2512 reddit;
1083 2445 1240 2502 unde
1263 2463 1507 2520 prorsus
1529 2447 1744 2503 oblivio
1769 2463 1982 2504 conse-

2093 1997 2307 2074 τρέφειν
2335 1997 2423 2052 καὶ
2461 1995 2776 2073 μεγαλύνειν
2833 2001 2933 2069 τήν
2990 2002 3242 2072 μνήμην,
3292 2000 3474 2078 ὣσπερ
3523 2003 3745 2060 τούναν-

2094 2086 2278 2154 τίονὴ
2339 2083 2569 2159 ἀμέλεια
2615 2086 2707 2140 καὶ
2766 2084 3015 2161 ῥᾳστώνη
3087 2087 3357 2166 ἐπιφέρειν
3416 2093 3742 2164 αμνηστίαν,

2092 2177 2239 2247 ᾗτινι
2294 2176 2512 2238 πάντως
2568 2173 2752 2232 ’ὲπεται
2810 2176 2983 2248 λήθη,
3077 2179 3393 2254 ἀμαυροῦσα
3461 2181 3552 2236 καὶ
3609 2203 3749 2258 συγ-

2094 2263 2297 2338 χέουσα
2353 2265 2452 2332 τήν
2511 2265 2734 2338 μνήμην
2788 2269 2897 2320 τῶν
2952 2268 3402 2344 πεπραγμένων),
3463 2271 3514 2323 οἱ
3577 2271 3747 2342 μήπω

2091 2352 2508 2428 ἐντετυχηκότες
2555 2358 2674 2416 ταῖς
2727 2353 2991 2429 ἱστορίαις
3049 2352 3255 2430 ἁδηγὸν
3343 2355 3524 2433 ἔχοιεν
3581 2356 3746 2432 τήνδε

2089 2445 2188 2513 τήν
2221 2441 2511 2516 ἐπιτομήν.

332 2533 912 2606 quitur,memoriam
941 2549 1140 2590 rerum
1168 2541 1468 2606 gestarum
1499 2537 1825 2594 obscurans
1855 2543 2034 2609 atque
2065 2533 2548 2605 confundens),et
2575 2534 2679 2606 qui
2709 2534 2990 2592 historias
3018 2535 3286 2592 nondum
3318 2546 3718 2612 cognoverunt
3741 2583 3758 2613 ,

331 2622 443 2678 hoc
473 2622 825 2694 compendio
857 2622 1122 2680 ductoris
1152 2623 1282 2680 loco
1314 2630 1578 2680 utantur.

403 2711 700 2782 Principio
731 2711 871 2766 fecit
902 2712 1054 2768 Deus
1083 2713 1299 2769 caalum
1322 2719 1382 2768 et
1405 2713 1977 2771 terram.Confusius

2157 2711 2242 2768 Ἐν
2276 2711 2424 2784 ἀρχῇ
2484 2708 2734 2778 ἐποίησεν
2789 2710 2818 2765 ὁ
2879 2709 3008 2773 Θεὸς
3057 2711 3150 2766 τὸν
3207 2713 3439 2788 οὐρανὸν
3502 2715 3595 2770 καὶ
3645 2717 3744 2786 τήν

329 2800 406 2856 iic
431 2799 634 2855 mundi
655 2800 922 2872 partibus
944 2801 1264 2858 nominatis
1285 2817 1418 2873 qua;
1439 2803 1696 2859 maxime
1717 2801 1976 2874 reliquas

2092 2807 2206 2878 γῆν.
2242 2801 2586 2875 Παχυμερῶς
2615 2797 2780 2854 εἰπὼν
2818 2798 2886 2854 τὰ
2940 2800 3374 2857 συνεκτικώτατα
3427 2807 3538 2859 τῶν
3596 2825 3748 2860 στοι-

329 2888 390 2943 in
451 2903 511 2943 se
564 2889 894 2954 continent,
943 2889 1282 2946 distinctius
1322 2891 1603 2963 deinceps
1661 2890 1980 2948 creationis

2092 2874 2286 2966 χείων,
2345 2874 2479 2960 μετᾶ
2529 2891 2698 2942 ταῦτα
2752 2887 3110 2962 λεπτομερῶς
3163 2890 3431 2966 ἐξηγεῖται
3495 2893 3596 2962 τήν
3646 2893 3748 2968 ἀρ..

1531 2990 1896 3046 XYLANDRI
1933 2991 2023 3046 ET
2062 2989 2280 3046 GOABI
2319 2987 2538 3043 ΝΟΤΛΕ.

331 3101 511 3156 quam
551 3101 620 3142 ac
649 3103 779 3142 rem
810 3085 1152 3158 gerendam,
1187 3087 1347 3158 quod
1394 3105 1468 3144 ex
1513 3087 1664 3143 locis
1703 3087 1983 3158 plurimis

329 3157 1075 3231 constatzquinetiamrin
1106 3157 1320 3216 Basilio
1365 3159 1612 3216 Romani
1669 3157 1794 3216 ﬁlio
1844 3176 1982 3231 pro-

329 3229 704 3283 tovestiarius
765 3229 878 3302 Leo
913 3229 1221 3302 _dictator_r
1250 3231 1635 3302 imperatoria
1676 3229 1981 3302 potes—tate

329 3305 567 3354 creatur
605 3299 1124 3372 contraSclerum.
1144 3299 1500 3370 Aliquando,
1532 3299 1812 3372 quod—est
1839 3303 1982 3356 inti-

331 3386 588 3442 morum,
621 3369 694 3442 ad
725 3371 972 3424 insidias
994 3369 1382 3442 ipsistructas
1406 3369 1751 3442 imperatori
1777 3373 1984 3442 explo-

330 3441 645 3497 randasut
672 3441 732 3495 in
767 3442 957 3496 Leone
992 3440 1192 3496 Basilii
1221 3441 1342 3498 filio
1374 3440 1580 3498 noster
1609 3440 1888 3497 ostendit.
1914 3443 1986 3498 Et

330 3513 392 3568 in
425 3513 814 3585 Constantino
837 3511 1086 3568 Romani
1115 3512 1238 3585 lilio
1261 3513 1696 3585 protovestiarii
1726 3513 1984 3585 dignitas

371 3585 601 3639 roxima
657 3601 692 3640 a
741 3584 1066 3639 domestico
1125 3583 1463 3640 scholarum
1523 3589 1580 3640 et
1619 3583 1980 3650 accub'itore,

375 3655 506 3728 iglae
537 3655 856 3728 drungario
889 3655 1162 3728 superior
1177 3656 1534 3728 ostenditur.
1567 3655 1733 3728 Quod
1757 3655 1806 3710 si
1830 3655 1983 3728 cuia

327 3725 559 3798 vestitu,
605 3725 925 3798 deductum
963 3725 1096 3798 ’hoc
1155 3742 1374 3798 nomen
1415 3725 1981 3798 minus‘placettis

331 3799 481 3870 sciat
541 3796 850 3870 βεστιάοιον
902 3797 1068 3870 apud
1121 3797 1466 3870 Chonialmn
1522 3795 1980 3870 κάντὶ-*ταμιείου

329 3869 493 3942 poni,
541 3867 651 3939 pro
683 3867 960 3942 cubiculo
1011 3868 1315 3942 nimirum.
1355 3875 1436 3930 ut,
1486 3869 1645 3942 sicut
1685 3867 1826 3942 dixi,
1869 3868 1981 3924 hac

373 3955 568 4010 uoque
593 3940 1192 4010 rationeintimorum
1214 3940 1475 4010 aliquem
1493 3939 1981 3996 administrorum

373 3959 568 4010 uoque
593 3959 821 3995 ratione
846 3959 1192 3994 intimorum
1214 3959 1475 4010 aliquem
1493 3959 1978 3996 aun‘unlsu'orum

329 3959 616 4084 designet.
649 4011 738 4084 ᾼᾴ
768 4005 1033 4064 ἐνδιδόναι
1065 4009 1285 4084 deestt
1294 4011 1532 4084 opinor,
1577 4011 1978 4082 participium,

324 4079 529 4155 utpote
554 4079 895 4155 βουλόμενος
925 4089 1027 4138 aut
1047 4081 1238 4138 simile
1267 4079 1477 4155 Xii..—
1498 4079 1980 4155 Joannem—istum

331 4153 602 4228 eumdem
638 4171 767 4210 esse
799 4154 898 4228 qui
919 4155 1088 4228 vulgo
1121 4153 1714 4228 Curopalata.probat
1736 4171 1978 4223 nomen,

331 4226 690 4298 conﬁrmant
747 4225 987 4298 scripta,
1025 4225 1791 4298 'auctor'ipseMCedrenus
1855 4241 1978 4281 non

331 4297 578 4370 pbscure
619 4297 888 4370 seggeritl
925 4299 1148 4370 Nomen
1181 4298 1242 4370 in
1291 4297 1611 4370 manifeste
1652 4303 1789 4370 est;
1837 4298 1978 4370 ejus

2092 3087 2171 3143 sit
2199 3085 2408 3144 eadem
2426 3087 2702 3158 narratio
2727 3083 2944 3158 verbis,
2968 3087 3016 3142 si
3046 3103 3238 3158 pauca
3267 3086 3494 3153 demas,
3527 3087 3742 3145 iisdem

2091 3163 2389 3218 contexta.
2423 3157 2582 3213 hunc
2615 3173 2686 3213 ex
2715 3157 2832 3212 alio
2863 3173 2972 3212 sua
3023 3157 3281 3215 mutuari
3319 3158 3432 3214 fuit
3469 3176 3736 3219 necesse.

2092 3229 2434 3286 Memoratis
2473 3234 2672 3284 autem
2725 3229 2786 3283 in
2833 3229 3141 3300 utriusque
3191 3231 3476 3300 prommio
3528 3231 3745 3289 iisdem

2090 3301 2477 3356 historiarum
2510 3300 2872 3366 auctoribus,
2903 3301 3148 3356 Joannis
3177 3300 3478 3358 Thracesii
3523 3320 3746 3360 nomen

2091 3378 2151 3446 et
2178 3388 2361 3446 opera
2408 3371 2712 3446 Cedrenus
2765 3371 3064 3446 exprimit,
3119 3373 3292 3446 cujus
3339 3372 3499 3429 velut
3545 3375 3736 3446 ipsius

2090 3440 2341 3498 Cedreni
2392 3441 2551 3512 apud
2599 3440 3028 3517 Cyropalatam
3065 3440 3233 3500 nulla
3279 3440 3743 3517 mentior—quod

2091 3518 2444 3587 argumento
2503 3518 2594 3587 es_t
2629 3512 2917 3587 Joannem
2969 3512 3162 3587 illum,
3211 3515 3484 3587 quisquis
3539 3512 3741 3587 fuerit,

2091 3583 2505 3658 Qedrenomon
2537 3583 2892 3658 Curopalata
2923 3584 3180 3658 priorem
3205 3583 3397 3658 {alia—5
3438 3583 3740 3658 quomodo

2089 3655 2457 3728 Curopalataa
2478 3653 2786 3728 ignotussi
2801 3653 3204 3728 praeessisset
3217 3655 3246 3728 ῗέ
3261 3657 3348 3712 vel
3367 3653 3486 3728 qua
3507 3660 3742 3718 ratione

2091 3743 2127 3782 a
2155 3723 3092 3798 Curopalata'praaviosi'historim
3123 3723 3443 3798 scriptorcs
3493 3747 3738 3788 enume-

2090 3804 2259 3853 rante
2292 3796 2416 3853 tum
2457 3796 2714 3852 Joannes
2745 3797 2869 3862 ille,
2900 3797 2946 3852 si
2977 3797 3131 3853 foret
3157 3796 3331 3861 alius,
3365 3805 3494 3856 tum
3524 3803 3733 3858 Cedre-

2090 3885 2204 3924 nus
2257 3869 2384 3940 ipse
2438 3868 2736 3946 sileretur,
2799 3867 2846 3922 si
2905 3868 3153 3946 Cedreni
3201 3870 3392 3946 verba
3441 3870 3736 3946 sigillatim

2089 3939 2329 3997 secutus
2358 3945 2603 3996 cunctos
2633 3939 2783 3994 alios
2815 3945 3084 3996 auctores
3116 3939 3324 3997 ordine
3374 3939 3732 4010 rece'nseret,

2091 4011 2303 4068 horum
2334 4010 2580 4082 nomina
2609 4027 2926 4082 suppressa
2955 4010 3130 4068 vellet
3154 4027 3226 4068 ex
3254 4013 3475 4070 invidia
3515 4015 3603 4070 vel
3662 4031 3737 4072 ex

2088 4081 2370 4154 ignavia?
2398 4081 2590 4137 Satius
2619 4081 2822 4154 itaque
2852 4081 3532 4140 dicendum.Cedrenum
3556 4090 3730 4142 {etate

2089 4153 2454 4226 Curopalataa
2469 4153 2784 4226 supparem
2800 4153 3066 4226 nondum
3080 4155 3400 4210 absolvisse
3413 4157 3732 4224 historiam,

2087 4224 2504 4297 Curopalatam
2527 4241 2664 4297 vero
2692 4225 2944 4297 ulterius
2975 4225 3376 4288 deduxisse,et
3401 4243 3472 4282 ex
3493 4243 3564 4283 eo
3593 4244 3733 4284 nec-

2088 4313 2211 4353 non
2245 4293 2376 4353 aliis
2406 4295 2575 4368 plura
2603 4295 2826 4367 absque
2853 4293 3056 4368 labore
3089 4297 3491 4368 et_immutato
3536 4315 3736 4356 narra-

329 4368 579 4424 historia
609 4359 868 4442 ab‘exite
900 4369 1233 4442 Nicephori,
1269 4383 1319 4442 a_
1351 4365 1649 4442 Michaelis
1703 4359 1978 4442 videlicet
2007 4359 2056 4425 D
2086 4369 2268 4442 tionis
2299 4359 2476 4442 stylfo,
2509 4367 2570 4422 in
2603 4359 2770 4442 suam
2801 4367 3107 4442 synopsim
3137 4366 3470 4424 Cedrenum
3503 4369 3732 4442 integre

332 4445 723 4511 cognomento
773 4438 1062 4511 Rancabis
1111 4438 1383 4510 imperio,
1443 4438 1626 4493 sumit
1650 4439 1974 4511 exordium

331 4509 443 4566 nec
475 4515 564 4564 est
591 4510 949 4582 scriptorum
974 4509 1078 4582 hic
1108 4509 1574 4582 me’moratorum
1604 4509 1763 4565 ullus
1793 4527 1827 4566 a
1857 4527 1974 4582 quo

329 4582 504 4654 plura
533 4581 842 4654 collegisse
873 4581 1178 4654 Cedrenus
1202 4581 1622 4654 convincatur,
1675 4581 1775 4651 qui
1817 4581 1980 4638 coim-

330 4651 714 4724 pendiosamI
736 4669 853 4722 qua
883 4652 1153 4724 graditur
1197 4651 1316 4720 ille,
1350 4652 1518 4724 viam,
1555 4658 1794 4724 secutus
1844 4659 1976 4724 est;

327 4722 440 4780 nec
487 4724 562 4779 ad
615 4722 1023 4780 damnandum
1073 4723 1162 4778 vel
1210 4722 1748 4778 commendandam
1797 4723 1978 4779 ullius

329 4795 703 4861 memoriam,
739 4795 897 4864 quod
931 4795 990 4848 in
1023 4793 1128 4849 illo
1168 4793 1391 4857 laudat,
1425 4811 1672 4850 manum
1703 4793 1778 4850 ad
1832 4795 1975 4851 scri-

329 4867 585 4922 beneum
615 4882 677 4920 se
708 4865 1042 4922 admovisse
1073 4872 1343 4922 testatur.
1375 4867 1736 4922 Adversatur
1763 4865 1979 4922 nihilo-

329 4939 548 4996 minus.
585 4937 745 5008 quod
775 4954 953 4992 nemo
984 4937 1158 5009 facile
1209 4955 1329 4994 non
1363 4937 1791 5009 deprehendat,
1847 4937 1980 5009 Scy-

328 5011 480 5066 litzae
505 5025 832 5080 cognomen
863 5015 921 5064 et
945 5008 1211 5080 ofﬁcium
1239 5008 1658 5080 curopalatae.a
1679 5008 1976 5065 Thracesii

332 5088 390 5135 et
441 5079 869 5152 protevestiarii
923 5080 1144 5152 notatis
1196 5079 1294 5152 hic
1335 5079 1454 5152 non
1491 5079 1740 5152 modico
1786 5081 1976 5152 spatio

329 5149 550 5209 dissita.
598 5158 670 5207 At
702 5153 749 5206 si
781 5151 997 5224 patrimi
1018 5150 1135 5214 hic,
1169 5151 1310 5224 alibi
1341 5151 1582 5224 familiae
1615 5149 1865 5224 nomon,
1889 5149 1976 5224 nil

328 5224 488 5294 quod
520 5240 720 5279 secum
749 5223 1184 5294 oppositionem
1210 5223 1382 5278 vehat
1400 5223 1978 5294 producitur.0fllcia

325 5311 463 5350 vero
513 5295 958 5365 quantumlibet
1004 5294 1167 5349 varia
1213 5294 1614 5350 diversitatem
1663 5295 1976 5351 hominum

327 5383 448 5423 non
482 5371 737 5433 arguunt
766 5365 1272 5436 frequenter,cum
1303 5365 1356 5421 is
1387 5365 1544 5420 idem
1577 5367 1771 5437 primo
1803 5383 1978 5422 curo-

327 5438 523 5509 palata
557 5437 862 5509 historiam
896 5442 1252 5501 texere,tum
1284 5437 1504 5492 secutis
1533 5438 1706 5493 annis
1737 5437 1809 5492 ad
1841 5453 1976 5508 pro-

331 5507 653 5562 investiarii
711 5507 1060 5580 dignitatem
1115 5509 1447 5580 promoveri
1503 5523 1691 5580 eoque
1737 5507 1908 5563 titulo
1942 5523 1976 5563 a

329 5580 576 5634 (:edreni
631 5579 892 5649 potuerit
940 5578 1228 5634 decorari.
1291 5579 1538 5634 Alienus
1587 5578 1804 5651 quippe
1841 5595 1972 5651 sum

329 5668 434 5724 ego
467 5653 538 5705 ab
593 5667 798 5724 eorum
844 5651 1212 5724 conjectura,
1263 5651 1364 5724 qui
1417 5650 1834 5724 CurOpalatam
1865 5650 1975 5706 Ce-

327 5722 514 5779 dreno
545 5723 938 5794 posteriorem
968 5722 1289 5780 afﬁrmant.
1321 5723 1467 5780 Nam
1498 5737 1634 5782 cum
1664 5722 1974 5796 utriusque

2089 4445 2147 4498 et
2176 4439 2464 4513 plagiario
2495 4439 3101 4513 transtulisse._Goxn.

2156 4508 2462 4582 (l3)‘ldem
2495 4509 2655 4582 liber
2697 4508 3085 4582 Apocalypsis
3136 4509 3312 4582 biliosis
3363 4511 3734 4581 nominatur,

2083 4579 2353 4652 utpaulo
2384 4586 2518 4652 post
2547 4579 2848 4637 Cedrenus
2880 4579 3103 4635 monet.
3126 4579 3342 4652 iHujus
3372 4582 3553 4639 etiam
3608 4579 3729 4640 me;

2084 4598 2148 4636 ut
2180 4598 2353 4652 paulo
2425 4598 2518 4638 ost
2547 4598 2848 4637 uearenus
2880 4598 3103 4635 monet.
3155 4598 3342 4652 nujus
3372 4598 3553 4639 etiam
3608 4601 3729 4640 me-

2084 4653 2314 4726 minere
2344 4598 2685 4726 Theodorus
2713 4652 3075 4716 Metochites,
3109 4651 3387 4726 zonaras,
3420 4654 3628 4726 Glycas
3676 4659 3735 4710 et

2084 4723 2435 4806 Syncellusn
2473 4723 2596 4806 Est.
2621 4729 2820 4806 autem
2871 4722 3276 4849 aprocrycphus
3313 4739 3328 4790 ;

2084 4811 2298 4849 manna
2331 4795 2632 4849 religionis
2653 4799 2713 4848 et
2743 4795 3076 4849 litterarum
3147 4799 3322 4849 etrim

2083 4795 2298 4868 magno
2331 4795 2632 4867 religionis
2653 4799 2713 4848 et
2743 4795 3076 4868 litterarum
3107 4795 3468 4868 detrimento
3489 4813 3731 4868 prorsus

2083 4867 2408 4941 interiisse2
2438 4865 2558 4941 una
2607 4881 2742 4922 cum
2793 4866 3018 4941 Enochi
3066 4865 3422 4941 Apocalypsi
3468 4865 3724 4941 aliisque

2084 4937 2352 5008 ejusdem
2385 4937 2592 4994 farinae
2622 4937 3005 5008 commentis.
3029 4936 3308 5008 arbitror.
3337 4936 3540 5002 Qualis
3569 4936 3730 4997 enim

2082 5005 2286 5082 tuerit.
2320 5009 2482 5082 satis,
2511 5025 2586 5082 ex
2611 5009 2685 5082 iis
2733 5025 2864 5080 qum
2908 5007 3047 5063 inde
3087 5005 3476 5082 proferuntur
3515 5011 3724 5082 liquet.

2083 5081 2339 5170 Zonaras
2391 5079 2690 5170 principio
2751 5077 2994 5170 suorum
3029 5077 3350 5162 annalium
3405 5077 3732 5170 prudenter

2085 5168 2219 5208 eum
2277 5149 2800 5220 ἀποδιοπομπεῖται.
2859 5149 3043 5222 ,Ιυάωῇ
3103 5165 3379 5222 magnam
3405 5149 3728 5222 'Genesim,

2083 5239 2363 5296 magnum
2396 5223 2756 5296 Le_viti_cum_,_
2778 5226 2914 5286 etc.,
2947 5221 3188 5296 habent,
3218 5223 3280 5276 in
3318 5223 3512 5296 iisque
3549 5221 3730 5281 miras

2084 5292 2287 5364 nug'as.
2324 5294 2491 5360 Quod
2550 5293 2622 5349 de
2681 5293 2972 5364 alimento
3022 5292 3314 5364 sequitur,
3372 5292 3446 5350 ad
3487 5297 3729 5352 verbum

2084 5311 2168 5352 nu
2206 5312 2287 5351 as.
2324 5311 2491 5360 Quoa
2550 5311 2622 5349 ue
2681 5311 2967 5349 aumento
3022 5311 3314 5364 sequitur,
3372 5311 3446 5350 au
3487 5311 3729 5352 vernum

2081 5311 2334 5439 recfdidi.
2371 5368 2694 5439 Est‘autem
2746 5379 2928 5439 prope
2959 5363 3071 5418 hoc
3121 5363 3281 5434 quod
3324 5365 3554 5439 vulgato
3604 5385 3734 5439 pro-

2081 5437 2284 5492 verbio
2316 5436 2715 5502 extulisset,se
2745 5436 2914 5506 quasi
2942 5450 3342 5506 prmmansum
3375 5436 3448 5492 in'
3469 5455 3536 5492 os
3558 5436 3730 5494 nobis

2081 5509 2374 5581 ingerere,
2429 5507 2782 5581 compendio
2832 5507 3099 5581 omnium
3149 5511 3390 5581 aetatum
3446 5509 3728 5566 historias

2082 5577 2437 5635 tradentem.
2473 5579 2540 5634 In
2567 5577 2688 5650 quo
2737 5584 2936 5650 tamen
2983 5578 3155 5650 plura
3201 5577 3392 5650 multo
3439 5581 3731 5650 promittit

2081 5667 2258 5723 quam
2291 5647 2896 5723 prmstarepotuerit,
2929 5647 3084 5703 utin
3127 5647 3476 5720 prafatione
3524 5651 3725 5708 docui-

2080 5738 2233 5782 mus.
2266 5738 2399 5780 Ᾱνῐι.

3389 4741 3568 4796 quem
3611 4741 3731 4782 non
