4106 6288
367 301 439 368 31
1641 305 1962 370 GEORGII
2006 313 2016 362 4

2127 303 2353 369 unum
3696 304 3782 371 3,

364 447 491 500 erat
519 441 771 499 istorum
795 442 1252 514 consectarium)
1284 443 1593 502 tenebras:
1630 449 1857 516 septem
1901 461 2013 500 nu-

2127 441 2186 496 τὸ
2217 439 2426 509 σκότος,
2483 442 2625 515 ὁμοῦ
2668 436 2799 520 ἔργα
2830 444 2982 500 ἑπτά.
3039 445 3099 502 Ὀ
3160 441 3219 499 δὶ
3285 444 3609 521 Ἀφρικανὸς
3666 438 3780 519 (19)

364 549 530 588 mero
562 547 743 603 opera
773 531 1322 590 eii‘ecta.Africanus
1348 538 1546 589 autem
1577 532 1834 607 primum
1860 532 2018 589 diem

366 622 762 694 intelligentia
784 626 1012 677 tantum
1048 622 1414 679 considerari
1438 624 1540 690 ait,
1577 623 1739 695 quhd
1771 628 2018 679 eatenus

365 712 468 767 lux
501 728 631 781 qum
660 716 797 766 ante
828 712 1031 767 omnia
1068 719 1269 768 creata
1322 712 1454 778 fuit,
1512 712 1838 768 internosci
1895 729 2016 769 non

366 802 626 876 potuerit
655 819 723 857 ac
753 802 968 858 diffusa
1011 802 1208 859 fuerit.
1243 802 1514 859 Secunda
1554 804 1811 859 naturali
1843 803 1938 859 die
1968 802 2015 859 8

368 893 811 948 ﬁrmamentum
843 896 934 947 est
965 890 1217 947 factum:
1245 909 1393 965 opus
1424 909 1630 950 unum.
1669 894 1788 948 Hoc
1818 897 2016 948 autem

368 997 587 1037 nomen
618 981 1137 1053 habet.propterea
1154 983 1312 1052 quod
1332 982 1528 1038 tenuis
1559 986 1651 1037 est
1680 987 1739 1037 et
1767 998 1902 1038 rara
1924 998 2018 1037 eo-

361 1087 493 1126 rum
531 1087 661 1141 qua)
690 1087 869 1142 supra
898 1070 956 1124 id
983 1076 1161 1141 atque
1192 1070 1349 1127 infra
1380 1077 1520 1128 sunt
1548 1071 2016 1128 natura.leum

364 1168 563 1217 autem
593 1162 814 1225 (Graece
845 1158 1087 1233 οὐρανός)
1118 1161 1356 1220 dicitur.
1390 1161 1550 1233 quod
1600 1162 1773 1237 pellis
1829 1162 2018 1218 instar

365 1250 599 1306 videtur
624 1267 802 1321 supra
857 1255 1035 1321 caput
1094 1265 1443 1321 expansum.
1500 1250 1695 1305 Tertia
1723 1249 1818 1306 die
1844 1254 2014 1305 terrm

365 1339 655 1412 apparitio
688 1355 755 1395 ac
786 1338 1047 1400 siccatio,
1070 1339 1399 1409 paradisus,
1431 1339 1624 1395 omnis
1650 1339 1887 1412 generis
1918 1355 2016 1395 ar-

362 1427 764 1496 bores,herbas
789 1432 849 1484 et
884 1428 1115 1483 semina
1150 1445 1163 1482 :
1198 1433 1457 1498 quatuor
1485 1444 1686 1499 opera.
1709 1429 1891 1484 Arida
1919 1444 2017 1483 au-

364 1521 485 1573 tem
536 1533 639 1571 seu
697 1517 857 1572 cicca
894 1517 1193 1588 appellata
1221 1515 1334 1572 fuit
1363 1522 1540 1584 terra,
1576 1517 1734 1587 quod
1792 1533 2013 1574 nomen

363 1612 590 1663 naturae
624 1606 751 1677 ejus
781 1606 1087 1677 proprium
1120 1611 1243 1661 est:
1281 1607 1519 1679 proprie
1576 1606 1737 1661 enim
1790 1607 2013 1662 siccum

362 1695 524 1766 quod
556 1696 649 1764 sit,
684 1701 842 1750 terra
871 1700 976 1751 est.
1022 1695 1155 1751 Haec
1203 1695 1303 1750 ubi
1362 1712 1423 1751 se
1466 1694 1705 1766 injectis
1761 1695 2016 1767 desuper

365 1784 537 1855 aquis
568 1784 926 1852 exoneravit,
952 1783 1122 1855 jussa
1151 1800 1326 1856 porro
1358 1789 1448 1839 est
1476 1785 2014 1857 germinareJussa

363 1879 452 1930 est
478 1878 677 1929 autem
711 1873 1040 1945 producere
1089 1872 1348 1929 animam
1419 1873 1731 1935 viventem.
1756 1878 1823 1929 ut
1873 1872 2013 1928 inde

363 1967 820 2037 cognosceretur
847 1961 1005 2018 bruti
1032 1977 1100 2018 ac
1125 1962 1386 2019 hominis
1402 1963 1619 2018 animus
1649 1962 1971 2019 discrimen
1995 1977 2011 2018 :

363 2068 502 2110 nam
540 2053 850 2108 brutorum
882 2051 1083 2108 anima
1111 2068 1181 2106 ex
1215 2057 1371 2108 terra
1416 2055 1505 2107 est
1534 2055 1694 2119 nata,
1752 2050 2013 2108 hominis

362 2146 561 2201 autem
595 2156 667 2195 ex
697 2140 897 2195 divina
926 2139 1317 2212 inspiratione
1349 2146 1479 2196 orta
1508 2145 1616 2197 est.
1641 2140 1782 2196 Esse
1811 2145 2011 2197 autem

364 2231 677 2290 brutorum
707 2230 970 2286 animam
988 2235 1288 2286 terrenam
1317 2245 1555 2287 rursum
1575 2245 1646 2286 ex
1674 2229 1808 2301 ipsa
1820 2234 2015 2301 potest

364 2318 619 2391 intelligi
653 2318 955 2390 Scriptura
979 2334 991 2371 :
1015 2317 1159 2373 dicit
1187 2317 1382 2373 enim:
1407 2339 1436 2368 «
1455 2318 1670 2374 Anima
1699 2317 1893 2373 omnis
1908 2333 2015 2389 pe-

365 2411 519 2467 coris
552 2414 642 2464 est
671 2409 909 2481 sanguis
939 2409 1089 2480 ejus.
1115 2429 1145 2458 »
1191 2410 1376 2464 Porro
1408 2409 1648 2480 sanguis
1699 2412 2013 2464 concretus

363 2501 426 2557 in
485 2516 727 2556 carnem
786 2505 1071 2565 mutatur,
1106 2515 1242 2556 caro
1273 2515 1378 2555 suo
1429 2499 1674 2555 interitu
1696 2499 1759 2554 in
1790 2504 2013 2554 terram

367 2590 728 2647 dissolvitur.
786 2589 988 2660 Itaque
1047 2592 1516 2645 consentaneum
1575 2593 1663 2643 est
1701 2587 2012 2644 brutorum

368 2681 629 2737 animam
662 2694 791 2734 esse
820 2677 1366 2743 terrenam.Quarta
1386 2677 1482 2732 die
1509 2676 1934 2740 solem,funam
1958 2681 2016 2732 et

367 2769 570 2826 stellas
592 2770 746 2825 Deus
775 2767 950 2824 fecit:
987 2768 1100 2822 tria
1149 2783 1349 2839 opera,
1382 2766 1792 2823 Luminarium
1849 2772 2014 2822 ortus

362 2858 756 2930 multiplicem
813 2857 1085 2913 universo
1144 2856 1462 2912 utilitatem
1493 2855 1712 2919 attulit,
1746 2870 1881 2911 cum
1911 2854 2012 2909 lu-

365 2948 551 3006 cendo
584 2963 809 3018 suoque
825 2946 1144 3018 splendore
1156 2945 1449 3002 mundum
1461 2945 1688 3001 affatim
1705 2944 2014 3000 illustrau-

365 3035 461 3107 do,
492 3040 619 3091 tum
651 3040 784 3090 ortu
807 3034 1091 3106 obituque
1124 3050 1232 3090 suo
1266 3039 1535 3105 tempora
1565 3031 2007 3105 distinguendo.

362 3126 508 3183 Tum
544 3124 745 3197 qualia
776 3124 944 3194 signa
973 3123 1298 3194 praebeant,
1331 3123 1475 3178 luna
1505 3121 1771 3178 declarat
1802 3121 2013 3192 ;cujus

2129 531 2228 601 τήν
2249 532 2476 606 πρώτην
2501 529 2714 608 ἡμέραν
2770 534 2978 604 νοητὴν
3037 531 3205 610 λέγει,
3259 530 3350 589 διὰ
3402 534 3465 589 τὸ
3495 531 3782 611 ἀδιάγνω-

2129 641 2251 677 στον
2287 622 2423 676 εἶναι
2452 620 2587 683 τέως
2616 621 2680 676 τὸ
2713 623 3118 696 πρωτόκτιστον
3157 626 3271 699 φῶς
3327 622 3416 677 καὶ
3449 627 3779 703 κεχυμένον.

2124 713 2218 768 Ἐν
2249 731 2330 782 τῳ
2355 706 2588 783 δευτέρῳ
2620 706 2676 764 δὲ
2705 709 3044 789 νυχθημέρῳ
3076 710 3284 787 ἐγένετο
3331 713 3613 787 στερέωμα
3642 716 3779 787 (20),

2126 796 2289 875 ἔργον
2317 796 2391 858 ἵν,
2425 799 2717 874 Στερέωμα
2756 796 2814 855 δὶ
2859 798 3068 870 ἐκλήθη
3128 801 3190 856 τὸ
3231 801 3628 875 δημιούργημα
3688 799 3784 857 διὰ

2124 889 2186 943 τὸ
2242 889 2344 956 τήν
2405 888 2560 963 φύσιν
2644 891 2750 941 τῶν
2821 886 3217 963 ὑπερκειμένων
3291 891 3325 961 ἢ
3404 890 3779 965 ὑποκειμένων

2126 976 2330 1047 λεπτὴν
2372 977 2505 1032 εἶναι
2539 976 2627 1032 καὶ
2655 976 2862 1051 ἀραιὰν,
2912 976 3135 1053 οὐρανὸς
3164 975 3222 1033 δὲ
3275 975 3365 1033 διὰ
3413 980 3476 1034 τὸ
3534 985 3780 1054 καθορᾶ-

2126 1069 2246 1122 σθαι
2274 1066 2477 1142 τρόπον
2513 1063 2750 1142 δερῥεως
2788 1066 2920 1140 ὑπὲρ
2977 1065 3223 1148 κεφαλῆς
3279 1066 3635 1142 ἡπλωμένος.
3689 1070 3779 1125 Ἐν

2123 1156 2202 1228 τῷ
2250 1156 2388 1232 τρίῳ
2443 1155 2781 1231 νυχθημέρῳ
2838 1157 3133 1235 φανέρωσις
3199 1163 3300 1231 γῆς
3343 1158 3430 1212 καὶ
3486 1158 3784 1233 ἀναξήραν-

2126 1265 2227 1311 σις,
2261 1241 2612 1318 παράδεισος,
2663 1241 2851 1315 δένδρα
2880 1250 3133 1316 παντοῖα,
3202 1247 3425 1320 βοτάναι
3484 1246 3573 1302 καὶ
3606 1246 3781 1323 σπέρ-

2128 1354 2286 1406 ματα,
2319 1326 2449 1407 ἔργα
2477 1333 2728 1406 τέσσαρα.
2763 1333 2925 1408 Ξηρᾶ
2978 1331 3035 1389 δὲ
3084 1333 3360 1405 ἐπεκλήθη
3399 1337 3433 1406 ἡ
3464 1343 3558 1409 γῆ,
3589 1334 3777 1408 ἐπειδὴ

2121 1421 2212 1477 καὶ
2240 1420 2385 1477 ἳδιον
2413 1420 2584 1490 αὐτῆς
2614 1420 2725 1477 ἐστι
2772 1422 2908 1476 κατὰ
2939 1421 3097 1501 φύσιν
3138 1423 3202 1478 τὸ
3233 1424 3548 1498 πρόσρημα’
3578 1424 3641 1479 τὸ
3673 1424 3777 1502 γὰρ

2121 1509 2324 1585 κυρίως
2355 1510 2517 1585 ξηρὸν
2543 1517 2613 1587 γῆ
2639 1509 2798 1568 ἐστιν.
2862 1508 3086 1580 Ἐπειδή
3122 1510 3304 1587 ὥσπερ
3354 1534 3406 1567 τι
3442 1513 3608 1589 βάρος
3639 1512 3779 1569 ἀπέ-

2123 1603 2243 1656 θετο
2274 1600 2339 1655 τὰ
2378 1598 2688 1671 ἐπικείμενα
2750 1599 2885 1675 αὐτῇ
2946 1597 3133 1668 ὕδατα,
3197 1601 3395 1656 λοιπὸν
3449 1600 3770 1677 βλαστάνειν

2121 1686 2495 1766 προσετάχθη.
2527 1690 2731 1768 Ψυχὴν
2762 1686 2818 1744 δὶ
2849 1693 3026 1758 ζῶσαν
3052 1690 3326 1764 ἐξαγαγεῖν
3358 1690 3673 1763 ἐκελεύσθη,
3702 1679 3778 1745 ’ἶν’

2123 1777 2183 1834 έκ
2210 1779 2407 1834 τούτου
2434 1778 2768 1856 γινώσκηται
2797 1785 2898 1849 τῆς
2925 1799 2985 1834 τε
3014 1778 3221 1855 ἀλόγου
3253 1783 3438 1856 ψυχῆς
3473 1782 3509 1850 ἡ
3543 1778 3778 1856 διαφορά

2124 1868 2345 1938 καὶτῆς
2385 1867 2740 1942 ἀνθρωπείας’
2799 1866 2859 1921 ἐκ
2914 1867 3015 1942 γὰρ
3074 1871 3178 1945 γῆς
3233 1868 3368 1946 ἐφύη
3401 1873 3508 1924 τῶν
3561 1868 3778 1945 ἀλόγων

2125 1959 2161 2028 ἡ
2195 1958 2373 2033 ψυχὴ,
2404 1959 2439 2026 ἡ
2474 1954 2531 2011 δὶ
2558 1960 2656 2011 τοῦ
2710 1955 3002 2032 ἀνθρώπου
3056 1955 3117 2012 ἐκ
3173 1958 3271 2013 τοῦ
3324 1956 3468 2013 θείου
3526 1958 3781 2038 ἐμφυσή-

2130 2067 2297 2120 ματος
2325 2043 2570 2117 συνέστη.
2604 2045 2708 2102 Καὶ
2747 2043 2830 2100 ὅτι
2889 2044 3064 2121 γεηρά
3119 2044 3231 2101 ἐστι
3289 2050 3398 2102 τῶν
3460 2045 3682 2122 ἀλόγων
3738 2050 3774 2119 ἡ

2126 2137 2305 2215 ψυχῆν
2376 2134 2425 2205 ἐξ
2486 2133 2656 2203 αὐτῆς
2712 2127 2825 2189 ἴστι
2871 2137 3072 2209 γνῶναι
3139 2134 3304 2190 πάλιν
3358 2141 3461 2205 τῆς
3534 2139 3792 2215 Γραφῆς.

2128 2221 2338 2297 ε’ίρηται
2371 2223 2495 2299 γάρ’
2525 2247 2553 2276 ‹‹
2585 2222 2755 2291 Ψυχὴ
2787 2222 2989 2288 παντὸς
3009 2224 3243 2294 κτήνους
3272 2225 3406 2300 (21),
3432 2224 3495 2280 τὸ
3527 2227 3667 2298 αἷμα
3686 2225 3789 2281 αύυ

2125 2316 2223 2368 τοῦ
2250 2312 2413 2369 ἐστιν.
2452 2336 2480 2363 ››
2503 2313 2661 2386 Αἷμα
2699 2308 2758 2367 Si
2788 2310 3128 2388 πηγνύμενον
3180 2311 3256 2374 εἷς
3305 2312 3478 2389 σάρκα
3510 2308 3789 2389 μεταϐάλ-

2127 2399 2296 2457 λεται·
2331 2401 2458 2476 σὰρξ
2492 2398 2549 2457 δὲ
2594 2398 2923 2478 φθειρομένη
2995 2399 3073 2463 εῒς
3119 2406 3222 2477 γῆν
3275 2400 3586 2458 ἀναλύεται.
3622 2400 3791 2457 Εἴκό-

2124 2512 2232 2552 τως
2266 2486 2357 2545 οὖν
2389 2488 2603 2566 γεώδης
2656 2493 2691 2558 ἡ
2731 2493 2841 2544 τῶν
2898 2487 3118 2566 ἀλόγων
3175 2492 3353 2565 ψυχή.
3415 2493 3497 2565 Τῇ
3557 2490 3791 2567 τετάρτῃ

2125 2581 2305 2655 ἡμέρᾳ
2344 2579 2595 2647 ἐποίησεν
2629 2580 2656 2634 ὁ
2688 2579 2818 2642 Θεὸς
2880 2580 2969 2634 τὸν
3001 2575 3183 2647 ἣλιον,
3237 2580 3334 2648 τήν
3396 2576 3632 2650 σελήνην
3685 2578 3779 2633 καὶ

2122 2670 2251 2731 τοὺς
2281 2666 2528 2744 ἀστέρας,
2560 2665 2690 2742 ἔργα
2718 2667 2861 2742 τρία.
2918 2669 3039 2724 Τῶν
3097 2668 3402 2744 φωστήρων
3433 2669 3517 2743 [Ρ.
3565 2668 3623 2744 ip]
3679 2689 3776 2744 γε-

2120 2756 2364 2830 νομένων
2402 2753 2718 2831 πολυμερὲς
2743 2759 2823 2826 τῷ
2873 2756 3035 2810 παντὶ
3091 2754 3407 2830 παρεσχέθη
3472 2752 3693 2833 ὄφελος,
3724 2749 3786 2811 ἔκ

2124 2866 2183 2900 τε
2210 2848 2306 2901 τοῦ
2337 2844 2545 2915 φαίνειν
2605 2844 2695 2899 καὶ
2726 2848 2845 2904 ταῖς
2911 2843 3155 2905 οἰκείαις
3211 2841 3534 2916 λαμπηδόσι
3592 2863 3790 2898 καταυ-

2121 2934 2301 3009 γάζειν
2332 2933 2425 2990 τὸν
2456 2934 2663 3006 κόσμον
2694 2932 2999 3002 πλουσίως,
3027 2925 3087 2987 ἔκ
3129 2954 3187 2988 τε
3239 2936 3337 2987 τοῦ
3395 2931 3640 3007 ἀνίσχειν
3696 2932 3789 2988 καὶ

2123 3020 2608 3091 καωδύεσθαιτήν
2673 3026 2780 3077 τῶν
2842 3020 3055 3098 χρόνων
3117 3021 3493 3094 ἀπαρίθμησιν
3524 3020 3793 3097 γίνεσθαι.

2122 3109 2303 3168 Ἀλλᾶ
2331 3111 2423 3166 καὶ
2469 3113 2576 3167 τῶν
2613 3110 2879 3184 σημείων,
2934 3111 3025 3163 οἱα
3070 3107 3180 3164 ἔστι
3231 3108 3318 3164 διὰ
3372 3115 3476 3177 τῆς
3548 3108 3793 3180 σελήνης

361 3195 588 3268 cornua
619 3217 789 3267 acuta
811 3226 879 3265 ac
909 3227 1058 3281 pura
1088 3211 1136 3264 si
1169 3211 1307 3277 sint,
1357 3215 1734 3266 constantem
1764 3208 1884 3264 diei
1917 3223 2011 3264 se-

2127 3200 2422 3281 φαίνεσθαι.
2464 3200 2650 3268 Λεπτή
2706 3200 2809 3276 γὰρ
2869 3196 3003 3254 οὖσα
3055 3202 3173 3261 ταῖς
3230 3197 3472 3273 κεραίαις
3536 3198 3626 3253 καὶ
3693 3219 3793 3254 κα-

361 3302 681 3357 renitatem
701 3300 749 3354 9
782 3298 1095 3370 promittit,
1114 3298 1207 3353 sin
1226 3297 1454 3352 obtusis
1485 3296 1765 3353 cornibus
1786 3312 1854 3352 ac
1876 3296 2017 3351 sub-

365 3390 590 3448 rubens
642 3394 946 3463 appareat,
1006 3391 1110 3442 aut
1172 3385 1368 3459 largos
1413 3385 1637 3443 imbres
1694 3389 1796 3441 aut
1852 3389 2013 3439 tem-

364 3484 656 3552 pestatem
676 3477 803 3534 fore
844 3476 1086 3531 indicat.
1119 3474 1339 3530 Eodem
1368 3472 1546 3529 modo
1571 3471 1655 3529 sol
1689 3471 2013 3545 quoque,si

364 3582 571 3643 pruna
598 3567 788 3621 instar
816 3562 1067 3620 candeat
1095 3579 1163 3619 ac
1208 3561 1514 3635 sanguinis
1568 3560 1765 3617 colore
1797 3563 2014 3615 tinctos

364 3659 565 3717 radios
597 3655 1094 3730 splendoremque
1126 3653 1282 3715 edat.
1304 3659 1533 3711 motum
1551 3652 1875 3709 violentum
1907 3651 2015 3705 imo

364 3749 593 3806 minere
626 3743 1112 3802 ostendit.Testes
1143 3742 1352 3799 harum
1386 3758 1582 3797 rerum
1626 3744 1765 3797 sunt
1794 3745 2012 3807 nauta,

362 3836 935 3910 agricolm.viatores.
955 3833 1175 3898 Quinta
1202 3831 1301 3889 die
1333 3831 1622 3903 repentia,
1641 3843 2014 3903 quacunque

365 3932 593 3996 natant,
629 3923 1038 3995 cetos,pisces,
1064 3926 1123 3976 et
1152 3936 1521 3993 quascunque
1535 3919 1596 3977 in
1610 3919 1781 3992 aquis
1793 3919 2010 3973 vivunt.

2129 3293 2266 3367 θαρά
2294 3290 2421 3367 περὶ
2450 3292 2552 3359 τὴν
2581 3288 2814 3362 ἡμέραν,
2866 3289 3140 3363 σταθηρὰν
3194 3284 3373 3343 εὐδίαν
3428 3284 3799 3362 κατεπαγγέλ-

2127 3378 2303 3450 λεται,
2354 3380 2560 3437 παχεῖα
2613 3374 2670 3434 δι
2696 3382 2815 3440 ταῖς
2845 3375 3087 3452 κεραίαις
3142 3376 3234 3432 καὶ
3296 3374 3601 3452 ὑπέρυθρος
3667 3397 3797 3454 φαι-

2123 3468 2395 3543 νομένηῆ
2430 3463 2578 3541 ὔδωρ
2604 3461 2809 3540 λάϐρον
2864 3465 2972 3520 ἀπὸ
3038 3468 3215 3538 νεφῶν
3274 3465 3310 3535 ἢ
3369 3469 3622 3539 χειμῶνα
3679 3463 3794 3520 ἔσε-

2126 3558 2246 3612 σθαι
2308 3557 2526 3628 μηνύει.
2611 3553 2884 3614 Ὡσαύτως
2935 3551 3026 3608 καὶ
3085 3553 3114 3608 ὁ
3183 3552 3347 3622 ἠλιος
3432 3549 3793 3628 ἀνθρακώδης

2121 3647 2406 3722 γενόμενος
2437 3644 2528 3698 καὶ
2569 3641 2803 3721 ὕφαιμος
2832 3646 2953 3704 ταῖς
2982 3641 3193 3696 ἀκτῖσιν
3253 3640 3289 3711 ἥ
3346 3641 3410 3697 τὸ
3457 3641 3786 3717 ἀπαύγασμα

2126 3732 2308 3808 βιαίαν
2373 3730 2583 3801 κίνησιν
2672 3725 2842 3801 δηλοῖ
2896 3725 3250 3803 ἐπιγενέσθαι.
3329 3728 3427 3785 Καὶ
3510 3728 3779 3803 μάρτυρες

2122 3822 2330 3879 τούτων
2362 3820 2681 3894 πλωτῆρας,
2711 3816 2802 3873 καὶ
2826 3818 3086 3894 γεωργοὶ,
3118 3817 3210 3872 καὶ
3265 3814 3575 3892 ὁδοιπόροι.
3632 3821 3710 3891 Τῇ
3744 3816 3783 3872 ε’

2122 3907 2304 3987 ἡμέρᾳ
2332 3911 2400 3966 τὰ
2438 3909 2656 3983 ἑρπετὰ,
2685 3907 2754 3963 τὰ
2781 3906 2957 3976 νηκτᾶ
2985 3907 3179 3979 πάντα,
3237 3908 3406 3978 κήτη,
3447 3904 3633 3981 ἰχθύες
3689 3901 3781 3961 καὶ

1574 4016 1948 4072 XYLANDRI
1987 4014 2074 4070 ET
2115 4002 2335 4068 GOABI
2369 4008 2595 4067 ΝΟΤᾸΞ.

433 4114 545 4185 (19)
577 4112 887 4185 Africanus
919 4107 1316 4185 scri_ptor_fuit
1338 4102 2013 4185 ecclesiasticusmagni

360 4173 643 4244 no‘mi'nis.
676 4182 964 4239 Eusebius
996 4173 1140 4237 citat
1168 4179 1241 4236 de
1273 4178 1622 4251 genealogia
1666 4176 1896 4251 Christi
1918 4173 2017 4251 'ad

366 4196 643 4244 nominis.
677 4196 964 4239 Eusebius
996 4196 1140 4237 citat
1168 4196 1241 4236 ae
1311 4196 1622 4251 eneaiogia
1666 4196 1885 4233 unnsu

366 4257 685 4333 Aristidem
717 4254 1029 4333 epistolam
1078 4253 1209 4333 ejus
1240 4196 1342 4333 lii.
1363 4253 1650 4333 _1”Hi§tor.n
1664 4247 1902 4333 ευριπ..

363 4320 778 4397 Augustinusu
809 4320 1445 4397 Retract,et“vn,et_ali_i.
1479 4320 1814 4397 G_otefridus
1845 4320 2018 4397 Vi_ter-

364 4389 614 4466 bie‘ns‘is,
648 4397 748 4471 qui
779 4397 1059 4471 historias
1090 4393 1450 4471 conscripsit
1477 4393 1635 4471 circa
1655 4407 1880 4471 annum
1900 4389 2014 4471 Do.-

367 4472 514 4530 mini
540 4463 839 4534 16706,.lulii
868 4466 1127 4522 Africani
1150 4463 1431 4522 chronica
1450 4463 1559 4519 sub
1573 4464 1857 4534 MCrasso
1880 4463 2019 4534 scri-

367 4550 469 4617 pta
490 4558 555 4617 se
578 4532 798 4597 habere
815 4539 1092 4617 affirmat.
1128 4536 1294 4617 Quod
1314 4552 1420 4617 ego
1442 4536 1516 4617 ab
1542 4532 2017 4617 ineptonhomine

367 4604 698 4688 profectum
722 4610 1005 4683 puto,qui
1030 4625 1165 4665 cum
1197 4604 1419 4688 legeret
1440 4604 1719 4688 Marcum,
1745 4604 2019 4688 gressum

368 4675 956 4756 ascripserit'crasso
993 4696 1233 4756 errore,
1264 4675 1365 4749 qui
1379 4684 1608 4756 praeter
1742 4675 2020 4756 Crassum

369 4742 601 4815 nullum
636 4758 891 4810 Marcum
923 4742 1457 4816 sciret.Quis'eni'm
1489 4765 1610 4803 non
1630 4746 1790 4802 videt
1806 4742 2021 4816 hociad

369 4829 694 4886 Antonium
726 4825 940 4881 debere
971 4815 1229 4879 referri?
1247 4823 1396 4877 Sane
1428 4820 1538 4875 sub
1561 4816 1883 4874 Commodo
1906 4815 2024 4872 ﬂo-

371 4903 562 4957 ruisse
603 4898 905 4953 Cedrenus
957 4892 1423 4968 nosterialicubi
1484 4891 1703 4968 tradit._
1734 4887 2022 4968 Eusebius

372 4975 515 5029 Hist.
559 4971 739 5026 eccles.
776 4985 848 5031 VI,
880 4970 940 5021 3i
1007 4967 1114 5021 sub
1171 4964 1488 5020 Maximino
1521 4979 1658 5018 eum
1688 4962 2021 5031 innotuisse

375 5043 667 5117 perhibet.
693 5029 952 5117 AfriCani
994 5037 1177 5117 libros
1208 5036 1677 5117 xs‘ovoypacptxdiy.
1739 5029 2022 5117 Eusebius

374 5102 446 5172 de
483 5115 890 5183 Prwpumtione
922 5102 1248 5183 cvagzgelicii
1270 5107 1308 5161 l.
1341 5102 1653 5183 x'CitatLet
1707 5102 1869 5159 alibi.
1903 5102 2020 5156 Cie-

375 5193 564 5242 terum
599 5176 792 5239 'locus
844 5187 935 5236 est
981 5176 1288 5254 obscurus.
1350 5194 1483 5234 cum
1542 5176 1841 5254 C_edrenus
1888 5190 2022 5254 301;-

370 5256 461 5311 τόν
491 5255 669 5311 modo
702 5254 761 5309 id
811 5253 969 5308 dicat
1025 5249 1187 5322 quod
1245 5255 1445 5304 mente
1503 5249 1631 5322 sola
1676 5245 2022 5322 percipitur,

376 5329 552 5385 modo
585 5327 644 5381 id
674 5325 829 5396 quod
865 5323 970 5396 sub
998 5314 1114 5377 alio
1159 5322 1474 5396 indicatur.
1498 5320 1635 5396 Mihi
1668 5314 1740 5396 de
1770 5314 1863 5396 his
1894 5314 2026 5386 phi-

380 5389 831 5468 losoiihari'non
864 5395 1168 5468 libet,cun_1
1201 5393 1424 5458 Basilii,
1448 5389 1770 5468 Ambrosii,
1800 5391 2030 5468 Augus-

379 5456 521 5527 stini
542 5470 914 5537 aliorumque
946 5456 1022 5520 de.
1050 5482 1112 5519 re
1140 5465 1249 5519 hac
1282 5456 1515 5519 exstent
1535 5456 2030 5517 doctissimea‘dis-

382 5542 746 5615 putationes.
780 5539 915 5615 Χγι.
1130 5614 1135 5615 7
1310 5606 1339 5615 Α
1699 5603 1711 5614 .

450 5614 559 5686 (20)
616 5613 739 5667 Vox
820 5614 1231 5679 ﬁrmamentum
1302 5606 1519 5667 Graecae
1589 5603 1715 5662 voci
1795 5599 2031 5674 στερέω-

1377 4268 1397 4329 i
1410 4247 1650 4329 ,ΗίεῖῑοτκΔ
1664 4247 1858 4329 sectas.
1962 4250 2020 4302 et
2050 4264 2095 4329 υ

2130 4096 2470 4172 inridetur
2507 4110 2629 4151 non
2660 4095 2918 4172 pessime
2948 4094 3332 4172 respondere.
3351 4093 3675 4172 gedrenus
3707 4093 3783 4150 de

2127 4164 2275 4228 c0310
2298 4164 2770 4239 interpretatur:
2812 4165 2913 4239 alii
2954 4164 3163 4239 aerem
3223 4164 3607 4239 intelligunt,_
3648 4181 3786 4239 cum

2130 4241 2347 4314 quibus
2375 4236 2518 4296 facit
2546 4238 2833 4314 abnesra
2862 4236 3541 4314 Ju_da30rum,_ut_a_iunt,
3576 4236 3787 4314 doctis-

2129 4308 2337 4381 simus,
2371 4317 2521 4368 teste
2554 4308 2787 4367 Kimchi
2819 4308 2880 4364 in
2910 4309 3005 4365 Ps.
3038 4326 3157 4381 xix.
3206 4309 3278 4381 Et
3327 4308 3621 4381 Thargum
3653 4309 3789 4381 Hie-

2127 4379 2625 4457 rosolymitanum
2646 4397 2752 4452 pro
2783 4396 2925 4435 voce
2975 4379 3083 4457 cui
3120 4379 3406 4457 στερέωμα
3428 4379 3781 4457 respondet,

2126 4450 2336 4513 Genes.
2382 4472 2399 4510 ι
2457 4450 2729 4526 posuisse
2788 4450 3266 4526 aeremhtestis‘
3292 4455 3386 4526 est
3427 4450 3584 4508 Elias
3632 4451 3785 4506 The-

2126 4527 2293 4583 sbitze
2322 4520 2596 4581 suofSed
2648 4539 2848 4579 meum
2876 4538 2996 4578 non
3026 4520 3139 4579 fuit
3169 4520 3496 4594 quidquam
3525 4528 3780 4579 mutare.

2125 4598 2363 4656 Aridum
2394 4612 2568 4667 porro
2612 4596 2899 4667 etrs‘icnam
2952 4599 3178 4667 terram
3212 4594 3643 4667 cognominari
3664 4611 3715 4648 ν.
3752 4596 3784 4648 6

2127 4664 2411 4727 usitatum
2444 4673 2551 4723 est.
2585 4665 2902 4737 EpithetOn
2952 4664 3080 4737 loco
3138 4664 3489 4737 substantivi
3521 4665 3781 4736 positum

2127 4739 2328 4797 nescio
2361 4755 2436 4796 an
2478 4735 2812 4793 inveniatur
2839 4735 2995 4809 apud
3027 4735 3286 4805 Latinos,
3319 4737 3436 4792 nisi
3493 4735 3629 4808 quis
3664 4737 3785 4791 Vir-

2126 4812 2350 4887 giliana
2364 4812 2491 4866 haec
2521 4808 2913 4887 sic_accipia_t,
2937 4808 3108 4887 donec
3133 4813 3528 4887 rostra__tenent
3557 4809 3779 4887 siccum,

2127 4879 2344 4940 FEneid.
2375 4900 2433 4945 π,
2467 4888 2525 4937 et
2552 4879 2695 4937 alibi
2727 4879 2917 4950 adaxint
2940 4882 3006 4950 in
3032 4882 3260 4950 siccum.
3314 4880 3602 4950 Homerus
3663 4879 3791 4950 qui-

2129 4956 2266 5011 dem
2297 4951 2384 5006 ἐπὶ
2414 4951 2685 5027 τραφερήν
2716 4970 2775 5005 τε
2804 4949 3310 5027 καὶζὸγρήνῌῶζὶι.
3345 4949 3509 5027 1ίίαά.
3557 4952 3627 5027 ΞΖ,
3662 4949 3787 5027 308,

2129 5033 2351 5082 terram
2379 5020 2632 5081 etmare
2663 5027 2877 5079 notans
2902 5020 3134 5077 humidi
3177 5026 3235 5077 et
3265 5021 3405 5078 sicci
3451 5021 3737 5078 vocabulo
3772 5039 3787 5075 :

2132 5104 2222 5171 est
2276 5094 2753 5171 enim_-cgaz_cpsgov
2807 5092 2871 5171 τρ
2939 5091 3363 5171 συμπαγὶςλιαὶ
3416 5091 3638 5166 στερρὸν
3697 5091 3789 5146 καὶ

2133 5149 2408 5224 δίζω-ξιτ
2440 5149 2615 5240 ιγροδ*
2661 5149 3072 5240 amoma.
3100 5234 3110 5240 ,
3136 5149 3391 5240 ἐοιίάμιη
3442 5149 3519 5221 αα·
3547 5149 3787 5240 ’φωνῇ-

2133 5248 2293 5298 ctum
2327 5233 2531 5311 probe.
2567 5239 2697 5295 Jam
2729 5233 2943 5293 cmlum
2975 5234 3131 5311 napa‘t
3163 5233 3226 5289 τὸ
3287 5234 3416 5308 ὁρᾷν
3471 5233 3788 5311 a_videndo

2134 5307 2361 5369 dictum
2395 5326 2523 5366 esse
2549 5311 2753 5382 opinio
2796 5314 2888 5382 est
2936 5307 3217 5382 recepta;
3268 5307 3328 5382 et
3375 5307 3532 5382 apud
3588 5313 3790 5382 poetas

2134 5377 2628 5509 Doricaxdialect'o
2662 5377 2860 5455 ὀρανός
2893 5377 3153 5450 positum
3200 5378 3316 5450 ipsi
3372 5377 3786 5435 animadverti-

2136 5472 2294 5509 mus.
2379 5470 2466 5509 γι.

2136 5472 2294 5512 mus.
2331 5470 2466 5509 ᾹΥΙ...

2208 5525 2321 5598 (2t)
2354 5525 2566 5598 Omnis
2592 5524 2814 5598 carnis,
2838 5525 2927 5577 est
2960 5520 3236 5598 ir_i_Levit.
3259 5538 3373 5578 xvu
3394 5520 3614 5598 σαρκός,
3645 5538 3788 5589 non,

2138 5590 2442 5655 ut‘No'ster
2471 5595 2671 5667 habet,
2704 5594 2964 5666 κτήνους.
2995 5590 3136 5650 Χη.
