4106 6288
249 382 321 443 33

1409 382 1952 451 HISTORIARU‘M
1996 383 2559 453 GOMPENDIUM.
3613 397 3697 457 ἕλη

256 513 353 570 ὅσα
377 512 426 570 ξι
451 519 569 577 τοῖς
607 513 855 591 ὕδασιν,
913 517 996 576 ἔτι
1049 540 1105 577 τε
1159 520 1250 575 καὶ
1310 521 1548 591 πετεινὰ,
1607 515 1736 598 ἔργα
1788 518 1932 597 τρία.

2059 533 2114 576 ιο
2170 528 2459 593 praeterea
2512 524 2781 581 volucres
2834 527 2986 583 Deus
3033 526 3293 583 creavit:
3344 542 3523 600 opera
3563 528 3697 584 tria.

262 609 346 679 Tit
398 606 440 670 ς“
496 608 687 682 ἡμέρᾳ
753 610 835 667 τὰ
894 608 1216 686 τετράποδα,
1270 609 1339 666 τὰ
1413 610 1611 686 ἑρπετᾶ
1689 614 1818 688 γῆς,
1875 609 1945 666 τὰ

270 695 434 773 θηρία
491 697 581 752 καὶ
649 698 751 754 τὸν
831 698 1146 776 ἄνθρωπον,
1214 698 1344 777 ἔργα
1433 704 1681 776 τίσσαρα.
1766 701 1942 772 Ὁμοῦ

273 787 541 843 πάντατὰ
586 782 728 862 ἔργα
789 787 1090 857 εἰκοσιδύο,
1146 789 1409 866 ἰσάριθμα
1455 796 1575 853 τοῖς
1633 784 1942 864 Ἑϐραϊκοῖς

284 877 589 953 γράμμασι,
618 877 714 932 καὶ
745 885 875 941 ταῖς
907 877 1177 936 εἰκοσιδύο
1208 880 1381 937 αὐτῶν
1410 875 1630 943 ϐίϐλοις
1660 882 1796 955 (22),
1852 877 1943 935 καὶ

282 971 403 1029 ταῖς
435 967 541 1022 ἀπὸ
596 963 788 1041 Ἀδὰμ
833 970 942 1030 ἓως
998 965 1195 1026 Ἰακὼϐ
1247 966 1522 1026 εἰκοσιδύο
1578 969 1944 1046 γενεαρχίαις,

288 1055 366 1117 ὡς
394 1055 446 1110 ἑν
481 1059 666 1129 Δεπτῇ
697 1058 919 1134 φέρεται
949 1060 1178 1126 reum,
1235 1058 1302 1129 ἢν
1351 1058 1444 1114 καὶ
1506 1056 1744 1121 Μωσέως
1803 1056 1941 1112 εἷναί

288 1145 425 1221 quoi
454 1167 596 1208 τινες
626 1147 1003 1223 ἀποκάλυψιν.
1071 1147 1220 1220 Αὕτη
1282 1151 1378 1212 τὰς
1433 1147 1719 1219 οὐρανίους
1776 1144 1942 1203 δυνά-

288 1255 413 1308 μεις
444 1238 516 1309 τῇ
548 1238 744 1311 πρώτη
776 1237 961 1311 ἡμέρᾳ
992 1238 1139 1313 Λέγει
1170 1237 1428 1295 ἐκτίσθαι.
1459 1238 1622 1300 Τίνος
1677 1234 1735 1292 δὶ
1781 1236 1942 1312 χάριν

273 1326 383 1393 τήν
420 1327 464 1394 ζ’
527 1325 746 1401 ⁴ἡμέραν
803 1326 1097 1400 εὐλόγησεν
1156 1326 1185 1382 ὀ
1243 1328 1393 1396 Θεὸς,
1458 1327 1549 1381 καὶ
1606 1326 1669 1381 οὐ
1724 1328 1943 1395 πάησας;

284 1413 420 1491 φασί
451 1433 618 1477 τινες.
654 1414 897 1490 Δὲγομεν
932 1417 1026 1472 οῦν
1083 1415 1165 1472 ὅτι
1224 1417 1420 1488 ἑκάστη
1477 1418 1584 1470 τῶν
1645 1413 1831 1470 ἄλλων
1886 1414 1947 1468 ἐκ

273 1509 384 1572 τῆς
417 1502 472 1558 ἐν
500 1504 644 1577 αὐτῇ
676 1503 979 1578 γενομένης
1035 1501 1397 1580 δημιουργίας
1451 1500 1581 1580 ἔσχε
1628 1505 1730 1573 τὴν
1783 1502 1946 1559 εὐλο-

265 1592 420 1667 γίαν·
457 1588 651 1662 ἐπειδή
707 1588 766 1648 δὶ
819 1586 1052 1665 ἔμελλεν
1111 1593 1247 1662 αὕτη
1312 1592 1451 1666 μόνη
1509 1590 1684 1665 μένειν
1745 1592 1946 1667 ἀγὲρα-

272 1699 435 1748 στος,
499 1676 778 1753 μηδεμιᾶς
831 1678 886 1735 ἐν
944 1680 1081 1754 αὐτῇ
1166 1678 1465 1756 γενομὲνης
1555 1676 1942 1755 δημιουργίας,

269 1772 484 1828 τούτου
512 1772 681 1847 χάριν
710 1769 1010 1848 ηὖλογήθη
1042 1770 1135 1827 καὶ
1183 1770 1318 1841 αὕτη
1377 1771 1480 1826 ὑπὸ
1525 1775 1624 1826 τοῦ
1670 1774 1807 1827 Θεοῦ
1853 1770 1943 1825 καὶ

2049 609 2222 667 Sexta
2279 612 2375 668 die
2435 613 2865 688 quadrupeda;
2923 632 2994 672 ea
3049 634 3180 687 quas
3226 616 3392 672 humi
3426 623 3699 688 serpunt,

2051 698 2271 756 bestias
2317 707 2378 757 et
2436 703 2785 760 hominem:
2848 722 3028 776 opera
3075 710 3349 777 quatuor.
3405 708 3699 762 Numerus

2050 790 2322 845 omnium
2346 808 2593 863 operum
2627 793 2805 848 simul
2826 793 3030 866 viginti
3080 794 3196 849 duo
3231 813 3246 863 ;
3277 811 3410 865 quae
3466 811 3700 851 summa

2051 885 2247 949 aaquat
2267 895 2585 938 numerum
2611 882 2944 939 litterarum
2965 882 3473 948 Hebraicarum,et
3489 901 3697 940 rursus

2050 966 2338 1025 librorum
2399 971 2615 1043 quibus
2670 972 2852 1028 Judaei
2884 979 3153 1041 utuntur,
3189 973 3450 1045 itemque
3493 974 3699 1048 viginti

2050 1055 2165 1113 duo
2188 1058 2476 1132 graduum
2497 1061 2733 1131 generis
2754 1062 2827 1117 ab
2850 1061 3072 1117 Adamo
3086 1078 3273 1133 usque
3288 1062 3363 1119 ad
3390 1063 3701 1130 Jacobum,

2051 1151 2117 1202 ut
2146 1147 2209 1202 in
2241 1164 2418 1219 parva
2449 1150 2663 1206 Genesi
2706 1150 2941 1224 legitur,
2976 1168 3153 1223 quam
3185 1154 3364 1208 etiam
3425 1152 3702 1209 nonnulli

2051 1235 2221 1292 aiunt
2250 1253 2381 1293 esse
2415 1238 2589 1294 Mosis
2619 1241 3076 1311 patefactionem
3136 1241 3297 1297 ldem
3328 1241 3482 1297 liber
3522 1243 3706 1298 tradit

2051 1325 2319 1381 omlestes
2351 1344 2589 1399 quoque
2620 1331 2918 1401 potentias
2948 1330 3141 1402 prima
3163 1330 3258 1386 die
3290 1337 3520 1387 creatas
3550 1346 3700 1387 esse.

2050 1416 2165 1470 Cur
2193 1417 2702 1488 autem,inquiunt
2729 1418 3121 1489 quidam,non
3148 1419 3489 1489 omnes,sed
3520 1420 3703 1491 septi-

2049 1519 2216 1559 mum
2250 1504 2538 1562 duntaxat
2566 1505 2723 1561 diem
2756 1508 2910 1564 Deus
2958 1509 3220 1563 faustum
3282 1524 3410 1565 esse
3462 1510 3646 1581 jussit
3677 1508 3707 1563 ?

2049 1593 2880 1667 Respondemus,reliquarum
2890 1612 3372 1669 unamquamque
3387 1615 3456 1654 ex
3468 1597 3707 1670 opificio

2052 1680 2211 1752 quod
2233 1698 2303 1739 ea
2322 1682 2416 1738 die
2440 1692 2744 1755 peractum
2768 1692 2877 1756 est,
2902 1703 3070 1741 suam
3092 1686 3311 1743 habere
3345 1687 3708 1759 prosperita-

2051 1771 2126 1827 tis
2174 1771 2726 1830 denuntiationem:
2777 1791 2913 1832 cum
2963 1782 3163 1832 autem
3196 1777 3323 1833 sola
3354 1777 3606 1849 septima
3635 1793 3706 1832 eo

270 1866 548 1940 ἡγιάσθη,
623 1863 722 1919 καὶ
801 1856 1082 1918 Σάϐϐατον
1159 1862 1235 1926 ὡς
1265 1860 1702 1955 Δκαταπαόσιμ.ος
1773 1879 1941 1955 προσο

2059 1860 2278 1917 honore
2305 1868 2460 1918 esset
2489 1864 2766 1920 caritura.
2800 1865 2966 1921 nullo
3014 1882 3082 1921 ea
3111 1865 3205 1921 die
3242 1882 3419 1938 opere
3441 1867 3707 1933 condito,

274 1952 591 2028 ηγορεόθη,
621 1951 711 2007 καὶ
742 1952 818 2014 ὡς
847 1950 1016 2013 τύπος
1074 1957 1175 2020 τῆς
1231 1944 1477 2022 ἑϐδόμης
1532 1945 1943 2027 χιλιοετηρίδος

271 2043 521 2110 καὶτῆς
576 2046 686 2095 τῶν
746 2039 1091 2115 ἁμαρτωλῶν
1151 2035 1481 2112 συντελείας,
1539 2038 1614 2100 ὡς
1675 2037 1942 2107 Ἰώσηπος

277 2135 557 2206 μαρτυρεῖ
582 2130 673 2186 καὶ
714 2131 751 2198 ἡ
787 2130 970 2197 Λεπτὴ
1003 2129 1230 2191 Γένεσις.

351 2414 432 2468 Τὰ
508 2413 675 2488 θηρία
748 2410 839 2466 καὶ
912 2409 980 2465 τὰ
1048 2405 1357 2486 τετράποδα
1428 2408 1519 2464 καὶ
1593 2407 1661 2464 τὰ
1747 2407 1945 2482 ἑρπετὰ

275 2501 557 2578 δμόᾳωνα
597 2500 738 2569 ἦσαν
791 2498 899 2573 πρὸ
955 2504 1056 2568 τῆς
1105 2492 1462 2575 παραϐάσεως
1518 2500 1599 2568 τῷ
1655 2494 1945 2572 ἀνθρώπῳ,

276 2588 457 2659 διότι,
493 2590 685 2667 φησὶν,
737 2588 766 2642 ὁ
824 2588 951 2665 δφις
1008 2586 1310 2662 ἀνθρωκίνῃ
1372 2589 1527 2665 φωνῇ
1587 2584 1827 2655 ἐλάλησε
1875 2589 1944 2660 τῇ

276 2678 426 2748 Εὕα.
463 2679 616 2734 Πᾶσα
643 2674 700 2732 δὶ
726 2677 928 2754 λογῑκή
982 2676 1142 2756 φύσις
1201 2677 1316 2750 (23)
1373 2676 1491 2731 κατ’
1550 2672 1732 2729 εἰκόνα
1788 2676 1943 2729 Θεοῦ·

282 2771 465 2823 ταῦτα
498 2762 557 2820 δὶ
586 2765 688 2821 οὐκ
708 2764 807 2821 εἰσί
864 2765 1002 2819 κατᾶ
1058 2764 1238 2820 εῗκόνα
1294 2766 1453 2820 Θεοῦ·
1509 2762 1602 2818 τὸν
1653 2762 1757 2838 γὰρ
1823 2756 1944 2839 ὄφιν

283 2854 677 2929 ὁμολογοῦμεν
708 2852 1073 2925 λελαληκὲναι
1113 2857 1185 2927 τῇ
1247 2848 1378 2923 Εόᾳ,
1429 2852 1607 2924 στόμα
1648 2850 1946 2925 γενόμενον

285 2950 363 3017 τῷ
391 2948 582 3016 νοητῷ
612 2942 752 3023 ὄφει,
784 2942 836 2997 ἰν
866 2943 913 3015 ᾧ
960 2942 1254 3018 ἐνεργήσας
1314 2941 1389 3006 ὡς
1436 2942 1648 3011 συνήθει
1704 2937 1818 2995 ὄντι
1868 2944 1947 3013 τῷ

292 3035 565 3108 ἀνθρώπῳ
594 3033 743 3108 παρᾶ
769 3034 837 3087 τὰ
894 3029 1065 3087 λοιπὰ
1125 3030 1289 3106 θηρία
1348 3026 1420 3085 δι’
1478 3026 1641 3084 αὐτοῦ
1706 3028 1949 3098 ἠπάτήσι

295 3124 420 3185 τοὺς
450 3121 825 3199 προπάτορας,
856 3120 885 3175 ὁ
920 3120 1057 3195 μετὰ
1099 3123 1267 3175 τοῦτο
1315 3118 1408 3173 καί
1458 3117 1511 3172 ἐν
1574 3117 1815 3193 ἀψύχοις
1872 3117 1946 3173 εἷ’-

2054 1949 2186 2005 ideo
2219 1950 2349 2021 ipsa
2396 1969 2632 2023 quoque
2677 1969 2711 2008 a
2743 1954 2859 2009 Deo
2916 1953 3111 2010 fausta
3166 1972 3295 2011 esse
3322 1955 3493 2027 jussa
3523 1962 3612 2011 est
3639 1972 3708 2011 ac

2052 2045 2397 2095 consecrata
2427 2045 2485 2094 et
2522 2040 2840 2096 Sabbatum
2873 2043 3169 2114 eppellata
3193 2061 3206 2110 ;
3230 2050 3296 2098 ut
3316 2061 3447 2114 quas
3478 2045 3706 2115 requie-

2055 2132 2173 2183 tem
2204 2128 2431 2195 ati‘erat,
2475 2134 2536 2184 et
2580 2136 2969 2201 repraesentet
3024 2132 3345 2203 septimum
3403 2149 3702 2188 annorum

2052 2216 2479 2283 millenarium,
2516 2217 2816 2291 finemque
2859 2220 3232 2291 peccantium
3264 2219 3601 2289 hominum,
3632 2226 3699 2276 ut

2050 2303 2343 2378 Iosephus
2370 2312 2622 2364 testatur
2651 2315 2710 2364 et
2733 2310 2917 2366 Parva
2942 2308 3204 2365 Genesis.

2124 2395 2332 2451 Bestiae
2363 2413 2431 2452 ac
2462 2396 2847 2471 quadrupeda
2891 2405 2951 2453 et
2985 2400 3223 2470 reptilia
3249 2404 3385 2455 ante
3416 2399 3702 2457 delictum

2054 2485 2356 2542 communi
2387 2501 2520 2541 cum
2554 2486 2896 2542 hominibus
2931 2488 3028 2543 lo
3059 2503 3195 2544 voce
3214 2504 3326 2544 usa
3368 2495 3526 2545 sunt.
3556 2492 3701 2545 Nam

2054 2577 2294 2650 (inquit)
2329 2594 2573 2652 serpens
2595 2580 2857 2637 humana
2876 2596 3016 2636 voce
3038 2581 3213 2637 Evam
3265 2586 3356 2639 est
3383 2581 3699 2639 allocutus.

2054 2670 2260 2727 Omnis
2290 2677 2487 2728 autem
2512 2678 2726 2729 natura
2742 2674 2974 2730 ratione
2998 2675 3248 2746 praadita
3265 2680 3354 2731 est
3371 2674 3703 2731 secundum

2052 2759 2371 2833 imaginem
2421 2762 2544 2818 Dei.
2577 2764 2651 2818 At
2678 2778 2815 2818 vero
2862 2763 2978 2819 ista
2999 2780 3120 2821 non
3143 2765 3457 2821 suntfacta
3487 2779 3702 2822 secun-

2054 2845 2194 2904 dum
2225 2850 2546 2922 imaginem
2592 2851 2719 2906 Dei.
2778 2853 3012 2909 Etenim
3068 2859 3406 2925 serpentem
3446 2853 3706 2909 fatemur

2052 2938 2186 2993 Evas
2212 2938 2387 2994 verba
2416 2938 2747 3005 fecisse,ita
2769 2940 3010 3011 quidem
3052 2942 3188 2996 utis
3210 2942 3331 2997 oris
3363 2942 3494 2998 loco
3526 2942 3709 3010 fuerit

2055 3028 2337 3098 serpenti,
2370 3043 2545 3098 quem
2576 3032 2633 3081 et
2654 3028 3050 3099 signiﬁcatum
3074 3028 3470 3100 intelligentia
3492 3029 3704 3101 depre-

2053 3115 2513 3171 hendimuleic
2542 3115 2668 3178 illo,
2706 3122 2771 3172 ut
2800 3132 2936 3172 cum
2962 3116 3202 3174 homine
3232 3118 3361 3190 ples
3392 3133 3573 3192 quam
3607 3134 3703 3174 re-

303 3210 505 3273 δώλοις
530 3210 777 3283 λαλήσας
805 3215 925 3275 τοῖς
955 3209 1044 3264 ὑπ’
1072 3208 1236 3264 αὐτοῦ
1279 3204 1617 3295 δελεασθεῖσι
1678 3205 1941 3279 πολυτρό·

2059 3202 2238 3275 liquis
2266 3203 2345 3258 sit
2366 3201 2768 3260 animantibus
2789 3205 3240 3262 consuetudinis
3272 3206 3548 3276 habente,
3569 3221 3708 3263 usus

314 3321 432 3362 πως
461 3297 897 3375 εἰδωλολάτραις.
931 3299 1011 3357 Τὸ
1042 3295 1099 3354 δὶ
1151 3297 1289 3354 εἶναι
1335 3296 1425 3352 τὸν
1477 3294 1599 3377 θφιν
1645 3295 1944 3371 τετράπουν

318 3391 381 3445 τὸ
409 3389 528 3462 πρὶν
569 3390 653 3443 καὶ
713 3389 849 3462 μετὰ
902 3390 1003 3457 τὴν
1052 3386 1295 3463 πονηρὰν
1354 3385 1636 3461 εἰσήγησιν
1693 3386 1948 3461 δρπυστι-

311 3481 423 3547 γόν,
453 3479 537 3532 καί
564 3477 642 3532 ἰὸν
668 3477 819 3543 αὖτῷ
848 3474 937 3532 ἰπὶ
967 3477 1068 3546 τὴν
1106 3474 1357 3550 γλῶσσαν
1416 3471 1713 3544 ἐντεθῆναι,
1771 3474 1856 3547 [Ρ.
1889 3473 1946 3546 li]

295 3566 393 3623 οὐκ
418 3566 774 3639 ἀπιστοῦμεν·
806 3564 1086 3640 Φρόνιμος
1117 3561 1175 3618 δὲ
1205 3563 1234 3619 ό
1281 3557 1406 3642 ὄφις
1459 3560 1694 3632 ἐκλήθη,
1749 3559 1837 3618 ὅτι
1884 3561 1946 3617 τό

289 3655 513 3733 λογικὸν
542 3660 686 3727 ζῶον
718 3655 810 3710 τὸν
868 3651 1172 3729 ἄνθρωπον,
1230 3651 1321 3708 καί
1375 3655 1484 3707 τῶν
1540 3649 1729 3707 ἄλλων
1780 3650 1950 3731 ἀγχι-

284 3747 410 3819 νοίᾳ
464 3744 746 3823 διαφέρον,
802 3745 1028 3815 ὲεαπτᾷν
1085 3740 1340 3817 ἔμελλεν.
1400 3738 1606 3799 Ἀλλοι
1678 3737 1735 3795 δέ
1790 3761 1950 3820 φασιν

285 3838 372 3893 ὅτι
404 3837 470 3893 οὐ
502 3840 586 3907 τῷ
641 3834 779 3890 κατὰ
833 3832 1118 3910 προφορὰν
1174 3830 1332 3905 λόγῳ
1385 3830 1413 3884 ὁ
1472 3827 1596 3905 ὄφις
1650 3828 1952 3906 ἐχρήσατο,

278 3924 412 3982 ἀλλ’
480 3925 536 3978 οἱ
595 3920 1045 4000 πρωτόπλαστοι,
1102 3920 1194 3976 ἅτε
1245 3920 1438 3981 κακίας
1503 3919 1651 3979 ’ὀντες
1712 3918 1953 3995 ἀμιγεῖς,

276 4010 686 4091 ἆκριϐεστάτας
744 4011 898 4091 εἶχον
948 4011 1045 4073 τὰς
1121 4008 1400 4079 αἴσθήσεις
1478 4006 1569 4063 καὶ
1639 4005 1785 4063 πολὺ
1843 4008 1951 4063 τῶν

274 4105 579 4179 ἡμετέρων
640 4098 1093 4170 διαλλαττούσας,
1171 4094 1308 4152 ὥστε
1391 4096 1492 4165 τὴν
1552 4096 1721 4166 ἀκοήν
1777 4095 1952 4153 αὐτῶν

275 4193 468 4263 πάσης
530 4191 800 4265 ὑπάρχειν
889 4194 1073 4267 φωνῆς
1156 4186 1505 4257 ἀκουστικήν.
1566 4183 1791 4255 Ἐπειδὴ
1852 4185 1956 4261 γὰρ

290 4280 564 4359 βασιλεῦς
592 4277 777 4354 ὥσπερ
807 4280 1068 4355 πρνήχθη
1128 4274 1181 4331 ἰν
1212 4281 1293 4345 τῷ
1339 4273 1534 4348 κόσμῳ
1584 4275 1613 4329 ὁ
1652 4274 1957 4350 ἂνθρωπος,

286 4371 534 4431 εἰκότως
564 4369 681 4426 κατ’
740 4368 918 4424 εἰκόνα
974 4370 1108 4422 Θεοῦ
1160 4363 1489 4441 γεγέννηται·
1549 4360 1660 4419 ’ἔδει
1708 4364 1809 4438 γὰρ
1866 4365 1959 4419 τὸν

289 4460 594 4536 μέλλοντα
623 4458 815 4534 ἄρχειν
840 4458 949 4513 τῶν
978 4453 1165 4513 ἄλλων
1198 4452 1382 4529 ὥσπερ
1423 4454 1545 4508 τινὰ
1593 4452 1775 4508 εἰκόνα
1822 4453 1960 4509 εἶναι

2057 3293 2479 3360 instrumento,
2509 3294 2744 3366 generis
2774 3295 2961 3351 nostri
2992 3302 3266 3353 auctores
3297 3295 3709 3369 decepit.ltem

2053 3379 2367 3454 postmodo
2398 3382 2579 3438 etiam
2598 3383 2660 3438 in
2684 3383 3019 3440 simulacris
3052 3385 3339 3441 inanimis
3363 3385 3597 3443 locutus
3621 3392 3711 3442 est

2056 3471 2130 3528 ad
2159 3470 2335 3528 variis
2365 3472 2559 3529 modis
2590 3488 2623 3527 a
2654 3488 2715 3528 se
2748 3473 3042 3530 inescatos
3089 3473 3548 3532 simulacrorum
3575 3474 3707 3531 cul-

2056 3563 2235 3614 tores.
2266 3559 2466 3630 Neque
2490 3566 2689 3616 tamen
2710 3575 2833 3616 non
2863 3560 3161 3616 credimus
3184 3561 3707 3633 serpenteminitio

2056 3647 2241 3705 fuisse
2267 3648 2734 3721 quadrupedem,
2773 3665 2841 3705 ac
2863 3655 2996 3720 post
3016 3649 3377 3706 malitiosam
3408 3649 3582 3706 istam
3613 3651 3706 3705 in-

2057 3737 2400 3794 ductionem
2454 3737 2620 3792 humi
2664 3738 2941 3810 serpendi
2972 3740 3325 3795 necessitate
3356 3745 3703 3807 astructum,

2058 3828 2396 3900 linguisque
2422 3827 2552 3899 ejus
2571 3828 2731 3884 virus
2776 3828 3143 3900 impositum.
3182 3831 3431 3885 Vocatus
3463 3835 3553 3884 est
3582 3845 3703 3884 ser-

2061 3932 2210 3989 pens
2226 3915 2663 3988 callidus,quod
2687 3916 3187 3985 homini,animali
3209 3919 3438 3974 ratione
3459 3918 3707 3990 praedito

2062 4010 2120 4060 et
2148 4004 2399 4077 reliquis
2430 4005 2703 4060 acumine
2738 4005 2951 4061 mentis
2974 4007 3276 4078 praestanti
3300 4008 3709 4078 essetimposi-

2061 4100 2251 4150 turus.
2288 4094 2402 4149 Alii
2434 4093 2640 4149 dicunt
2663 4111 2784 4150 non
2830 4096 3123 4167 expressis
3165 4096 3359 4151 verbis
3381 4113 3553 4153 usum
3586 4113 3707 4153 ser-

2061 4189 2324 4255 pentem,
2352 4182 2456 4237 sed
2496 4184 2688 4254 primo
2749 4190 2977 4239 creatos
3035 4185 3332 4251 homines,
3389 4191 3591 4257 utpote
3636 4186 3709 4241 ab

2064 4272 2227 4327 omni
2258 4271 2486 4327 malitia
2531 4289 2732 4344 puros,
2757 4273 3135 4329 acutissimos
3166 4273 3443 4330 habuisse
3499 4291 3711 4330 sensus

2064 4361 2371 4433 multoque
2390 4361 2612 4417 nostris
2634 4362 3079 4433 praastantiores
3103 4381 3116 4431 ;
3142 4363 3342 4435 itaque
3374 4380 3479 4419 suo
3503 4363 3710 4419 auditu

2065 4449 2266 4506 omnia
2296 4449 2454 4506 vocis
2512 4467 2730 4524 genera
2784 4453 3138 4524 percepisse.
3176 4453 3424 4519 Quando
3457 4453 3617 4509 enim
3649 4453 3708 4507 in

284 4550 562 4631 ἔμψυχον
591 4554 691 4617 τῆς
713 4549 809 4602 τοῦ
838 4539 1231 4640 παμϐασιλέως
1251 4540 1604 4640 ὁμοιότητος,
1618 4540 1728 4640 ,οὐκ
1747 4541 1801 4640 εν
1828 4562 1949 4640 πορ-

2064 4540 2357 4596 mundum
2388 4540 2565 4598 homo
2596 4544 2879 4612 tanquam
2904 4558 3005 4596 rex
3026 4541 3351 4613 productus
3369 4542 3711 4606 fuit,conve-

283 4628 494 4718 ιρῡρίδί
518 4635 610 4690 καὶ
642 4636 906 4709 σκήπτρῳ
942 4632 1035 4689 καὶ
1065 4628 1363 4702 διαδήματι
1394 4631 1494 4698 τῆν
1545 4628 1692 4718 ἀξίαν
1750 4628 1949 4718 ἐμφαί-

2066 4629 2271 4687 niebat
2290 4645 2425 4685 eum
2458 4629 2532 4686 ad
2555 4629 2873 4703 imaginem
2896 4631 2999 4688 Dei
3038 4631 3260 4687 factum
3292 4646 3424 4687 esse
3460 4631 3717 4703 :quippe

272 4716 475 4797 νοντα,
511 4724 629 4781 imi
663 4722 803 4797 μηδὲ
831 4724 894 4779 τὸ
924 4721 1231 4798 ἀρχέτυπον
1267 4718 1320 4774 ἐν
1352 4718 1570 4782 τούτοις
1612 4716 1778 4788 ἰστῖν,
1829 4716 1961 4774 ἀλλ’

278 4818 339 4874 ἄν
371 4820 462 4887 τῷ
516 4814 890 4887 κεκοσμῆσθαι
935 4816 1005 4885 τῇ
1064 4808 1333 4886 ἀφθαρσίᾳ
1386 4808 1478 4862 καὶ
1536 4806 1819 4879 ἀθανασίᾳ,
1868 4807 1958 4863 καὶ

281 4908 491 4982 ἀρετῇ·
527 4903 743 4963 τούτοις
782 4902 887 4980 γὰρ
942 4898 1196 4975 τιμηθεῖς
1248 4898 1278 4953 δ
1337 4896 1620 4971 ἄνθρωπος
1666 4898 1767 4966 τήν
1823 4898 1958 4972 πρὸς

279 4981 351 5052 to
383 4993 761 5069 πρωτότυπον
793 4990 972 5047 εῗκόνα
1016 4989 1108 5045 καὶ
1152 4986 1460 5062 ’ὁμοιότητα
1513 4981 1789 5055 διασώζει.
1837 4988 1959 5043 Ἔτι

286 5084 350 5141 δὶ
377 5083 480 5140 καὶ
536 5083 572 5154 ἡ
617 5080 1029 5153 αὖτεξουσιότης
1075 5077 1139 5133 τὸ
1190 5074 1473 5153 βασιλικὸν
1523 5074 1612 5130 καὶ
1662 5074 1961 5151 ἐπῃρμένον

280 5182 393 5245 τῆς
426 5173 651 5253 φύσεως
675 5175 774 5229 τοῦ
803 5170 1090 5246 ἀνθρώπου
1129 5167 1219 5223 καὶ
1268 5186 1406 5242 προς
1447 5165 1547 5235 τὴν
1589 5162 1736 5219 θείαν
1778 5165 1961 5221 εἰκόνα

2069 4718 2379 4791 oportebat
2399 4736 2534 4775 eum
2568 4720 2670 4791 qui
2700 4720 2833 4776 aliis
2867 4726 3023 4777 esset
3078 4721 3496 4793 imperaturus,
3529 4720 3713 4775 veluti

2068 4809 2389 4883 imaginem
2421 4809 2739 4881 quamdam
2771 4810 3093 4865 animatam
3121 4826 3247 4866 esse
3301 4809 3713 4867 similitudinis

2070 4901 2200 4970 ejus
2214 4899 2314 4970 qui
2342 4901 2462 4955 Rex
2490 4899 2892 4966 estomnium;
2928 4900 3028 4970 qui
3061 4916 3179 4955 non
3195 4906 3715 4972 purpura,sceptro

2069 5007 2137 5046 ac
2168 4988 2494 5045 diademate
2524 4989 2870 5062 dignitatem
2895 5006 3062 5045 suam
3092 4990 3717 5061 monstraret,quando

2070 5084 2131 5134 et
2162 5078 2465 5151 exemplar
2515 5077 2588 5134 ad
2622 5078 2779 5149 quod
2831 5078 2930 5134 ille.
2958 5079 3147 5134 factus
3206 5085 3294 5135 est
3328 5078 3478 5133 nihil
3506 5078 3718 5134 horum

2069 5168 2268 5233 habet,
2301 5167 2404 5223 sed
2435 5184 2503 5223 eo
2536 5167 2694 5239 quod
2725 5167 3000 5224 interitus
3021 5168 3337 5234 vacuitate,
3362 5167 3720 5226 immortali-

1511 5265 1873 5322 XYLANDBI
1913 5267 2000 5325 ET
2034 5267 2251 5324 GOARI
2280 5266 2503 5321 ΝΟΤᾸΞ.

356 5378 491 5450 (22)
552 5373 869 5450 Receptius
917 5377 1026 5450 est,
1073 5368 1369 5440 hodieque
1418 5365 1726 5450 usitatum,
1773 5364 1959 5450 libros

282 5435 534 5505 Ve‘ter'is
591 5435 952 5501 Testamenti
1000 5435 1129 5498 xxiv
1175 5435 1524 5502 recenseri;
1573 5435 1731 5492 unde
1781 5438 1959 5494 etiam

279 5524 480 5578 Vetus
514 5518 979 5590 Testamentum.
1012 5530 1144 5590 quae
1182 5516 1322 5590 sunt
1371 5508 1958 5590 ludmorumubibtia,

278 5597 553 5665 anxyri
572 5600 753 5658 mae,
783 5588 846 5665 id
873 5592 985 5665 est,
1011 5579 1213 5660 viginti
1244 5587 1519 5665 quatuor,
1550 5579 1962 5665 inscribuntur

278 5649 349 5725 a—c
367 5649 888 5735 habiaafntdrpe
910 5649 1476 5735 utraquesententia
1497 5649 1962 5735 satisfacietnon

274 5722 477 5795 nimio
510 5733 752 5791 curioso
791 5730 999 5789 lectori
1048 5722 1328 5803 prologus
1384 5725 1447 5781 D.
1500 5722 1844 5796 Hieronymi
1898 5724 1960 5780 in

2069 5365 2278 5433 Biblia,
2304 5364 2403 5436 qui
2434 5364 2647 5432 galeati
2674 5366 2844 5424 titulo
2868 5371 3073 5422 exstat.
3104 5368 3241 5423 XYL.

2140 5439 2250 5510 (r23)
2290 5436 2544 5510 ﬁctione
2577 5440 2822 5508 pradita
2878 5444 2979 5494 aut
3047 5454 3332 5496 sermone:
3395 5446 3713 5510 utrumque

2071 5504 2455 5582 θιιὶιιιᾞλογόι
2502 5504 2838 5582 signiﬁcat;
2897 5525 3091 5581 neque
3140 5518 3231 5567 est
3286 5513 3395 5568 hoc
3452 5504 3713 5582 unquam

2070 5579 2501 5709 ῗίῐιοὲἓιιοβιιω
2533 5579 2720 5638 oratio
2752 5579 2830 5639 sit
2857 5579 3026 5654 quasi
3057 5583 3294 5639 sensilis
3327 5579 3601 5655 qumdain
3622 5598 3719 5636 ra-

2096 5669 2173 5708 ιο.
2262 5668 2348 5708 vL.

2069 5652 2173 5708 tio.
2210 5653 2348 5708 XvL.
