4106 6288
348 383 427 445 35
1653 371 1980 435 GEORGII
2019 376 2378 439 CEDRENI
3680 378 3759 438 36

347 517 468 569 tate
525 527 592 567 ac
649 506 862 562 virtute
921 505 1240 558 exornatus
1267 506 1460 556 esset:
1503 501 1596 557 his
1626 503 1788 558 enim
1817 502 1988 562 rebus

2109 503 2339 582 ἐμφερές
2396 508 2812 584 προφανέσαατα
2893 505 3150 564 δείκνυσι.
3210 505 3360 564 Κατὰ
3415 509 3608 561 τοῦτον
3671 503 3765 559 τὸν

347 601 662 658 decoratus
677 597 854 652 homo
872 591 1326 649 similitudinem
1342 591 1782 664 imaginemque
1804 611 1998 650 exem-

347 691 533 764 plaris
553 688 627 745 ad
661 688 754 742 II
789 683 946 756 quod
978 683 1221 738 effectus
1256 685 1364 746 est,
1411 689 1740 738 conservat.
1773 684 1900 740 Jam
1932 686 1999 740 li-

348 781 549 841 bertas
606 791 846 850 quoque
903 773 1212 845 potestatis
1259 789 1402 838 sum,
1462 775 1996 832 naturaliumanaa

345 871 572 945 regiam
603 862 1206 940 praestantiaminque
1220 879 1290 918 ea
1315 861 1528 918 divinae
1546 863 1994 936 imaginissimi-

344 959 666 1016 litudinem
688 953 1171 1012 manifestissime
1193 951 1774 1024 demonstrat.Atque
1794 970 2000 1010 secun-

347 1049 490 1106 dum
506 1049 656 1103 hanc
680 1044 970 1101 rationem
985 1042 1162 1096 homo
1183 1057 1466 1097 manuum
1487 1041 1586 1097 Dei
1612 1058 1761 1114 opus
1782 1042 2000 1099 dicitur

348 1138 423 1194 ob
453 1137 800 1210 dignitatem
822 1137 1135 1190 structura:
1162 1149 1176 1187 :
1209 1146 1386 1186 omne
1412 1130 1570 1186 enim
1593 1131 1706 1186 hoc
1737 1139 1827 1187 est
1855 1149 1990 1188 con-

349 1227 469 1284 silii
503 1226 760 1282 eﬂ'ectio.
791 1225 976 1280 Porro
1002 1221 1128 1276 hanc
1157 1237 1216 1274 :«
1243 1219 1548 1276 Faciamus
1577 1219 1631 1276 ei
1661 1221 1995 1293 adjutorem

355 1317 806 1373 accomodatum
839 1313 949 1386 ipsi
979 1330 994 1379 ;
1029 1333 1055 1361 »ι
1091 1316 1330 1382 propter
1358 1310 1614 1366 futuram
1648 1309 1829 1384 prolis
1856 1331 1992 1384 pro-

348 1413 711 1464 creationem
743 1404 919 1460 dicit:
953 1401 1192 1472 adjuvat
1220 1399 1380 1456 enim
1413 1399 1636 1456 femina
1667 1417 1893 1457 marem
1930 1403 1992 1458 in

345 1497 725 1573 propagando
759 1493 1280 1565 conservandoque
1301 1509 1538 1565 genere.
1564 1494 1781 1550 Eﬂecta
1795 1500 1994 1552 autem

343 1589 761 1652 muliere,cum
792 1601 924 1640 eam
950 1581 1324 1653 conspicatus
1359 1587 1514 1637 esset
1561 1581 1842 1649 Adamus,
1875 1599 1995 1642 non

342 1680 424 1734 ita
445 1676 718 1739 Eaffectus
747 1673 947 1730 animo
1004 1677 1094 1728 est
1119 1677 1187 1728 ut
1217 1671 1318 1742 qui
1349 1671 1662 1727 mulierem
1699 1679 1992 1730 cerneret.

343 1767 448 1822 sed
477 1764 723 1837 perinde
755 1780 823 1820 ac
853 1779 915 1818 se
947 1761 1143 1832 ipsum
1173 1759 1586 1831 contemplans
1617 1761 1849 1818 laetatus
1870 1763 1990 1834 spi-

341 1857 460 1912 ritu
493 1861 602 1922 est,
633 1853 840 1909 videns
869 1867 999 1907 eam
1048 1849 1230 1906 simili
1275 1847 1450 1904 modo
1483 1850 1762 1952 e‘l‘fictam.
1793 1851 1906 1906 Sed
1938 1857 1996 1906 et
2025 1887 2070 1952 Β

342 1945 560 2004 mulier
578 1943 764 1998 virum
797 1945 1088 1997 contuens
1113 1954 1325 2011 magno
1365 1937 1578 2010 gaudio
1610 1945 1700 1994 est
1729 1939 1988 2011 perfusa,

339 2033 678 2106 intelligens
711 2047 770 2087 se
799 2029 854 2085 ei
911 2045 1040 2084 esse
1095 2027 1456 2099 adjunctam.
1527 2028 1817 2084 Caeterum
1865 2029 1991 2084 haec

337 2121 534 2190 verba,
569 2121 784 2175 «Morte
809 2115 1173 2183 moriemini,
1197 2137 1224 2164 »
1248 2114 1306 2170 id
1328 2114 1690 2186 signiﬁcant,
1717 2116 1991 2172 Mortales

338 2211 542 2276 eritis;
575 2206 873 2280 quomodo
907 2206 1085 2260 etiam
1139 2205 1532 2274 Symmachus
1562 2203 1990 2276 interpretatus

337 2305 446 2356 est.
479 2297 724 2370 Operari
757 2301 815 2351 et
855 2293 1154 2351 custodire
1179 2293 1540 2365 signiﬁcant,
1591 2292 1741 2348 illud
1771 2295 1990 2365 gratia-

345 2407 478 2448 rum
509 2391 802 2448 actionem
835 2391 892 2443 et
917 2384 1319 2442 laudationem
1341 2389 1427 2440 tot
1447 2389 1867 2456 tantorumque
1892 2384 1990 2441 bo-

343 2496 559 2538 norum
589 2477 890 2551 praebitori
914 2474 1262 2546 rependere,
1287 2473 1400 2530 hoc
1429 2489 1635 2530 cavere
1653 2489 1729 2529 ne
1751 2475 1989 2545 quando

339 2585 448 2640 per
476 2567 832 2625 vmcordiam
865 2565 954 2622 sui
986 2563 1388 2622 benefactoris
1418 2561 1638 2618 oblitus
1696 2568 1991 2634 prasente

337 2658 622 2716 felicitate
653 2674 722 2713 ac
749 2655 880 2712 vitae
903 2653 1326 2711 commoditate
1357 2650 1607 2708 excidat.
1643 2649 1855 2707 Adami
1890 2667 1990 2706 vo-

2109 591 2278 672 λόγον
2308 595 2400 651 καὶ
2458 601 2661 674 χειρῶν
2721 601 2856 653 Θεοῦ
2912 592 3072 674 ἔργον
3113 599 3143 653 ὀ
3172 595 3456 672 ἅνθρωπος
3524 591 3616 650 διὰ
3657 595 3762 663 τῆν

2106 687 2276 758 τιμὴν
2303 692 2402 757 τῆς
2431 695 2785 758 κατασκευῆς·
2827 687 2916 744 καὶ
2975 689 3082 764 γαρ
3139 685 3350 763 βουλῆς
3401 684 3642 763 ένέργεια
3695 683 3756 740 τὸ

2107 781 2234 832 πᾶν.
2266 778 2367 834 Τὸ.
2399 801 2427 828 ‹‹
2462 779 2788 853 Ποιήσωμεν
2821 777 2966 850 αὐτῷ
2995 777 3197 854 βοηθὸν
3227 777 3346 832 κατ’
3391 774 3572 844 αὐτὸν,
3604 797 3634 827 »
3668 771 3758 828 διὰ

2106 863 2170 918 τὸ
2203 861 2408 936 μέλλον
2468 867 2570 936 τῆς
2626 865 2978 942 παιδογονίας
3027 865 3194 943 λέγει’
3255 867 3503 942 συνεργεῖ
3555 865 3658 939 γάρ
3697 861 3762 918 τὸ

2108 950 2250 1021 θῆλυ
2281 957 2360 1026 τῷ
2391 951 2545 1030 ἀνδρὶ
2572 957 2709 1032 πρὸς
2747 957 2846 1026 τήν
2895 959 2993 1011 τοῦ
3033 956 3222 1029 γένους
3279 950 3506 1023 αὔξησίν
3553 971 3614 1006 τε
3668 949 3760 1006 καὶ

2109 1037 2401 1115 διαμονήν.
2463 1042 2807 1116 Πλασθείσης
2864 1041 2922 1100 δέ
2976 1051 3077 1113 τῆς
3143 1043 3420 1120 γυναικὸς,
3479 1041 3554 1103 ὡς
3613 1041 3759 1115 έώρα

2107 1128 2275 1199 αὐτὴν
2306 1132 2335 1186 ὁ
2365 1128 2571 1203 Ἀδὰμ,
2603 1133 2717 1212 οὐχ
2773 1134 2848 1198 ὡς
2903 1138 3127 1209 γυναῖκα
3182 1132 3456 1205 θεώμενος
3495 1125 3758 1210 ἔπασχεν,

2106 1217 2236 1274 ἀλλ’
2267 1221 2341 1284 ὡς
2373 1220 2559 1278 ἑαυτὸν
2611 1223 2752 1298 ὁρῶν
2809 1226 3191 1297 πνευματικῶς
3251 1219 3596 1301 ηὐφραίνετο,
3652 1220 3754 1290 τὴν

2107 1308 2302 1381 ὁμοίαν
2369 1307 2590 1385 βλέπων
2657 1311 2748 1368 καὶ
2813 1309 3014 1382 ταύτην
3079 1309 3313 1386 ἔχουσαν
3396 1309 3752 1379 κατασκευήν.

2105 1397 2377 1460 Ὡσαύτως
2435 1399 2524 1454 καὶ
2581 1402 2616 1470 ἡ
2683 1401 2822 1476 γυνή
2891 1402 3075 1475 ὁρῶσα
3122 1401 3215 1456 τὸν
3275 1397 3442 1475 ἄνδρα
3497 1397 3757 1473 μεγάλως

2105 1485 2410 1560 ἠγάλλετο,
2440 1491 2560 1544 κατ’
2586 1487 2744 1544 αὐτὸν
2801 1488 2963 1544 οὖσαν
3011 1489 3204 1558 ἑαυτήν
3255 1487 3496 1546 έννοῦσα.
3551 1489 3626 1544 Τὸ
3675 1485 3755 1555 δὶ,

2107 1600 2135 1627 ιι
2169 1575 2386 1649 Θανάτῳ
2411 1576 2784 1648 ἀποθανεῖσθε,
2819 1603 2847 1630 ››
2887 1579 3087 1649 Θνητοὶ
3139 1577 3318 1634 ἔσεσθε
3362 1577 3639 1652 σημαίνει,
3678 1576 3756 1637 ὡς

2105 1674 2264 1730 καὶὸ
2325 1674 2633 1751 Σύμμαχος
2689 1678 3048 1750 ἡρμήνευσεν.
3107 1677 3459 1754 Ἐργάζεσθαι
3512 1675 3603 1730 καὶ
3659 1695 3756 1752 φυ-

2105 1761 2325 1818 λάσσειν
2377 1764 2654 1836 σημαίνει,
2711 1765 3022 1842 ἐργάζεσθαι
3085 1765 3181 1840 μὶν
3245 1767 3346 1834 τὴν
3403 1763 3752 1840 εὐχαριστίαν

2104 1851 2195 1907 καὶ
2224 1853 2324 1922 τὴν
2355 1852 2554 1909 αῖνεσιν
2613 1858 2692 1928 τῷ
2746 1853 3020 1910 τοσούτων
3073 1855 3160 1910 καὶ
3219 1851 3566 1926 τηλικούτων
3623 1852 3756 1928 ἀγα-

2098 1941 2208 1995 θῶν
2261 1948 2519 2018 παροχεῖ,
2579 1941 2872 2020 φυλάσσειν
2957 1939 3016 1999 δὲ
3097 1943 3189 1998 καὶ
3271 1948 3482 2016 τηρεῖν,
3555 1943 3755 2016 μήπως

2097 2028 2425 2101 ἆπονοηθεὶς
2453 2031 2544 2087 καὶ
2584 2029 2763 2102 λήθην
2823 2032 2919 2087 τοῦ
2976 2031 3259 2106 εὐεργέτου
3318 2027 3504 2087 λαϐὼν
3554 2037 3654 2100 τῆς
3693 2029 3746 2085 έν

2098 2121 2286 2194 χερσῖν
2320 2120 2566 2195 ἀποπέσῃ
2602 2121 3004 2197 μακαριότητος
3033 2123 3121 2177 καὶ
3172 2121 3427 2192 εὐζωῒας.
3459 2118 3644 2194 Ἀδὰμ
3690 2117 3749 2175 δὲ

2099 2207 2458 2284 ἑρμηνεύεται
2486 2207 2705 2285 γήίνος,
2736 2211 2856 2268 Εὕα
2885 2207 2944 2265 δὶ
2975 2213 3110 2282 ζωήο
3161 2211 3252 2266 καὶ
3297 2211 3400 2286 γὰρ
3448 2209 3602 2266 αὐτοὶ
3649 2209 3749 2279 τῆς

2099 2297 2300 2376 γηΐνης
2330 2299 2422 2355 καὶ
2454 2307 2716 2374 σαρκικῆς
2761 2307 2905 2370 ζωῆς
2961 2300 3202 2376 ἀρχηγοὶ
3258 2300 3348 2356 καὶ
3397 2299 3621 2376 πατέρες
3673 2303 3753 2370 τῷ

2099 2381 2209 2441 ὄντι
2242 2388 2706 2462 χρηματίζουσιν,
2753 2386 2938 2464 ὥσπερ
2994 2396 3095 2459 τῆς
3151 2389 3411 2464 οὐρανίας
3451 2389 3543 2444 καὶ
3599 2387 3750 2444 meo;

2101 2481 2337 2548 ματικῆς
2371 2479 2580 2548 Ἰησοῦς
2611 2479 2841 2553 Χριστὸς
2894 2478 2923 2534 ὁ
2961 2476 3080 2542 νέος
3125 2475 3323 2552 Ἀδὰμ,
3371 2478 3459 2533 καὶ
3493 2479 3528 2548 ἡ
3557 2477 3746 2552 ἀπειρ-

2099 2561 2310 2638 άνδρως
2341 2564 2501 2622 αὐτὸν
2557 2571 2808 2638 τεκοῦσα,
2854 2565 3082 2643 ἀπαρχὴ
3123 2566 3216 2624 καὶ
3273 2565 3417 2624 αἰτία
3459 2571 3578 2632 τοῖς
3612 2571 3746 2623 πᾶσι

2093 2657 2193 2709 τοῦ
2224 2657 2358 2710 Θεοῦ
2384 2655 2595 2719 τέκνοις
2626 2655 2780 2714 εἲσίν.

333 2745 611 2802 cabulum
643 2753 920 2802 terrenum
971 2742 1212 2811 signifit,
1260 2742 1426 2796 Eavaa
1457 2741 1650 2795 vitam.
1686 2739 1830 2796 Nam
1879 2739 1919 2794 ii
1969 2742 2170 2814 reipsa
2211 2745 2581 2813 nominibus,
2614 2761 2746 2819 quin
2776 2763 2880 2803 eos
2935 2752 3188 2804 terrena
3216 2764 3286 2806 ac
3315 2747 3575 2807 carnalis
3601 2747 3736 2804 vita

335 2833 636 2906 principes
666 2848 733 2888 ac
776 2835 1053 2903 parentes
1083 2827 1388 2896 denotant,
1442 2827 1830 2900 respondent,
1863 2829 2016 2885 sicut
2067 2833 2238 2890 Jesus
2296 2834 2563 2892 Christus
2617 2852 2803 2892 novus
2835 2836 3114 2906 Adamus,
3145 2843 3205 2893 et
3251 2838 3323 2894 de
3365 2855 3483 2909 qua
3511 2837 3749 2894 nullum

341 2928 582 2993 experta
611 2922 800 2976 virum
834 2921 961 2992 ipse
993 2925 1167 2974 natus
1198 2917 1569 2986 est,coelestis
1586 2933 1654 2974 ac
1685 2917 2013 2990 spiritualis
2042 2922 2172 2979 vitm
2204 2924 2598 2995 primordium
2641 2931 2702 2981 et
2752 2941 2932 2982 causa
2963 2933 3103 2982 sunt
3131 2927 3415 2983 omnibus
3467 2927 3570 2983 Dei
3603 2925 3746 2982 ﬁliis

408 3011 508 3066 12
541 3009 874 3065 Notandum
907 3014 998 3064 est
1027 3008 1336 3080 quosdam,
1367 3007 1452 3063 ita
1478 3012 1544 3062 ut
1577 3006 1860 3063 traditum
1891 3024 1988 3063 an-

2170 3013 2464 3075 Ὀτιτινὶς
2509 3011 2570 3069 έκ
2615 3009 2964 3090 παραδόσεως
3022 3015 3209 3070 δκατὸν
3261 3010 3356 3085 ἔτη
3414 3014 3506 3070 τὸν
3565 3011 3750 3086 Ἀδὰμ

336 3100 584 3171 tiquitus
633 3106 741 3169 est,
798 3099 1040 3156 referre.
1098 3097 1390 3153 Adamum
1429 3101 1670 3152 centum
1701 3111 1892 3152 annos
1921 3097 1984 3152 iu

333 3187 608 3244 Paradiso
668 3187 951 3260 exegisse.
1001 3187 1114 3240 Alii
1169 3186 1340 3242 tertia
1387 3186 1534 3242 hora
1583 3185 1788 3241 fictum
1821 3191 1985 3242 sexta

331 3295 628 3351 peccasse.
655 3295 813 3334 nona
839 3280 1098 3350 ejectum
1130 3279 1468 3348 perhibent,
1502 3294 1570 3332 eo
1633 3284 1983 3349 argumento

331 3367 752 3438 uteules,quod
785 3369 932 3422 hora
981 3371 1147 3422 sexta
1187 3367 1480 3420 Dominus
1537 3365 1698 3420 cruci
1747 3366 1982 3433 afﬁxus,

333 3474 493 3513 nona
524 3474 630 3530 pro
665 3457 837 3513 nobis
869 3463 1139 3512 mortuus
1170 3462 1280 3524 est,
1311 3455 1582 3510 fortassis
1610 3454 1690 3526 jeo
1747 3470 1986 3526 quoque

333 3547 397 3601 in
427 3547 582 3602 hanc
609 3547 847 3602 adducti
872 3545 1216 3618 Opinionem
1246 3544 1407 3618 quod
1436 3544 1544 3600 sub
1575 3560 1881 3617 vesperam
1912 3543 1987 3599 ad

336 3652 438 3692 eos
459 3637 945 3693 venitDominus.
981 3635 1092 3692 Sed
1152 3634 1331 3689 trium
1385 3634 1670 3689 horarum
1729 3632 1986 3705 spatium

335 3741 451 3796 quo
473 3726 535 3780 in
569 3724 844 3797 paradiso
879 3723 1141 3780 Adamus
1171 3728 1438 3778 moratus
1457 3723 1552 3790 sit,
1576 3721 1749 3776 breve
1777 3721 1986 3776 admo-

331 3814 475 3869 dum
507 3820 567 3870 et
592 3814 773 3870 nimis
805 3812 1156 3868 incredibile
1189 3818 1280 3867 est
1301 3828 1365 3867 ac
1387 3809 1836 3883 magniﬁcentia
1857 3810 1987 3882 ejus

332 3903 434 3974 qui
465 3900 1393 3974 universaimpervestigabilibus
1419 3899 1726 3970 sapientia;
1739 3897 1986 3971 judiciis

330 3991 652 4062 cispensat,
675 3990 1007 4062 indignum.
1032 3990 1140 4055 Qui
1173 3989 1332 4045 enim
1365 3988 1426 4042 in
1457 3987 1645 4043 tribus
1678 3987 1806 4042 istis
1824 3986 1986 4041 horis

333 4079 595 4135 Adamus
616 4078 690 4135 ad
721 4079 1148 4152 imponendum
1181 4077 1460 4134 omnibus
1511 4075 1892 4132 terrestribus
1918 4091 1986 4130 ac

333 4168 672 4224 volucribus
691 4169 938 4224 nomina
968 4175 1201 4242 tempus
1227 4165 1580 4222 habuisset?
1608 4163 1847 4230 Qurndo
1893 4179 1985 4219 re-

336 4257 517 4329 liquis
559 4258 622 4312 in
653 4258 926 4330 paradiso
959 4257 1246 4314 fructibus
1301 4255 1615 4323 vescendo,
1648 4254 1722 4310 ad
1778 4270 1986 4310 eorum

326 4347 634 4419 gruitionis
682 4349 1015 4403 satietatem
1065 4347 1382 4419 prolapsus
1441 4344 1825 4416 cupiditatem
1881 4359 1986 4416 gu-
2015 4386 2062 4450 D

335 4435 559 4491 standze
583 4437 812 4491 arboris
839 4453 956 4508 qua
987 4437 1037 4491 ei
1062 4436 1444 4491 interdictum
1466 4434 1598 4501 fuit,
1627 4433 1689 4487 in
1719 4434 1982 4488 animum

333 4524 668 4581 induxisset
696 4526 723 4580 ‘l
752 4525 824 4581 Ut
853 4525 1095 4579 noxiam
1146 4521 1488 4578 invidentiaa
1515 4521 1747 4576 frudem
1779 4526 1836 4576 et
1855 4537 1980 4576 ser-

332 4615 530 4686 pontis
563 4615 636 4670 ad
668 4613 986 4670 mulierem
1013 4628 1322 4686 aggressus
1370 4617 1547 4681 atque
1600 4609 1980 4665 consultatio-

333 4721 471 4759 nem
505 4720 625 4760 non
657 4719 1142 4770 commemorem,
1167 4719 1299 4773 quae
1321 4701 1450 4772 ipsa
1465 4699 1720 4772 amplius
1751 4715 1818 4755 ee
1838 4705 1986 4754 tem-

329 4810 440 4867 pus
471 4793 879 4864 requirebant.
913 4793 1285 4864 Quapropter
1321 4789 1630 4862 probabile
1661 4787 1984 4844 admodum

331 4903 400 4942 ac
431 4884 716 4941 credibile
749 4889 838 4940 est
870 4890 1035 4940 sexta
1062 4883 1157 4942 die
1191 4887 1248 4937 et
1277 4887 1442 4938 sexta
1499 4880 1646 4936 hora
1696 4879 1983 4936 delictum

329 4975 482 5030 illud
511 4974 585 5030 ab
618 4974 692 5029 iis
712 4973 1064 5038 admissum,
1097 4987 1377 5043 nonaque
1399 4969 1670 5042 ejusdem
1689 4968 1806 5024 diei
1841 4969 1985 5025 hora

329 5064 608 5120 Paradiso
641 5081 708 5120 ae
742 5064 858 5120 vita
887 5063 960 5118 ob
990 5061 1269 5119 violatum
1295 5061 1398 5116 Dei
1445 5057 1793 5116 mandatum
1824 5059 1985 5114 exci-

332 5153 531 5208 dissef
568 5153 670 5209 sed
703 5169 860 5209 anno
891 5151 1132 5207 demum
1165 5149 1416 5222 septimo
1447 5148 1507 5204 id
1557 5147 1801 5214 factum,
1835 5147 1989 5203 sicut

335 5258 406 5298 ex
435 5243 698 5313 antiquis
734 5241 978 5314 quidam
1010 5239 1495 5312 pronuntiarunt.
1521 5236 1698 5308 Atqui
1728 5237 1986 5292 Joannes

330 5331 788 5402 Chrysostomus
836 5331 923 5384 vir
961 5329 1156 5401 magni
1207 5329 1362 5384 inter
1399 5327 1673 5382 doctores
1704 5325 1985 5398 nominis,

333 5421 397 5475 in
431 5419 799 5492 expositione
831 5418 982 5475 sacri
1013 5417 1312 5492 Evangelii
1333 5415 1490 5488 quod
1511 5432 1545 5471 a
1568 5415 1823 5470 Mattheo
1845 5431 1987 5470 con-

334 5509 623 5580 scriptum
653 5509 786 5576 fuit,
804 5515 969 5564 sexta
992 5507 1088 5563 die
1120 5507 1326 5579 primas
1350 5505 1451 5561 18
1484 5503 1854 5576 septimana,
1876 5503 1988 5562 hoc

332 5605 425 5658 est
453 5601 548 5657 die
580 5601 898 5658 efﬁctionis
927 5600 1160 5668 Adami,
1193 5600 1352 5655 hunc
1381 5603 1440 5654 et
1495 5598 1670 5652 Evam
1711 5597 1985 5653 Paradiso

332 5690 556 5764 ejectos
586 5689 686 5748 ait.
713 5689 818 5750 Cui
851 5693 910 5746 et
929 5704 1040 5747 nos
1061 5687 1240 5746 fidem
1273 5686 1584 5754 habemus,
1603 5700 1802 5756 neque
1832 5685 1987 5742 ulte-

2095 3099 2148 3156 ἐν
2179 3107 2260 3175 τῷ
2296 3098 2612 3178 Παραδείσῳ
2659 3103 2788 3182 φασὶ
2846 3103 3219 3175 πεποιηκέναι.
3270 3100 3475 3160 ’Δλλοι
3532 3099 3590 3158 δὲ
3635 3100 3750 3176 τρί-

2094 3211 2196 3261 την
2229 3194 2324 3265 μέν
2353 3188 2497 3264 ὥραν
2527 3190 2857 3260 πεπλάσθαι,
2888 3187 3049 3261 ἕκτην
3080 3194 3168 3266 [Ρ.
3200 3192 3254 3266 θ]
3304 3187 3364 3246 δὶ
3409 3185 3750 3268 παραϐῆναι,

2095 3280 2316 3353 έννάτην
2349 3279 2407 3338 δὲ
2436 3275 2825 3352 ἐκϐεϐλῆσθαι,
2856 3281 2919 3337 τὸ
2949 3280 3002 3336 έν
3048 3277 3180 3356 ἕκτῃ
3233 3281 3330 3355 μὶν
3379 3278 3498 3355 ὥρᾳ
3542 3279 3754 3336 ξνσταυ-

2100 3374 2299 3445 ρῶσθαι
2329 3371 2420 3426 τὸν
2483 3373 2719 3441 Ἰησοῦν,
2781 3368 2970 3444 έννάτῃ
3031 3367 3088 3426 δὶ
3144 3373 3337 3426 τοῦτον
3397 3369 3530 3446 ὑπέρ
3587 3370 3752 3443 ἡμῶν

2096 3457 2383 3523 ἀποθανεῖν
2406 3461 2705 3534 τεκμήριον
2733 3460 3026 3533 τιθέμενοι.
3076 3459 3237 3524 Ἴσως
3285 3455 3364 3528 δὲ,
3425 3457 3511 3514 δτι
3556 3458 3646 3514 καὶ
3688 3459 3753 3514 τὸ

2097 3543 2334 3602 δειλινὸν
2380 3545 2548 3616 ἦλθεν
2610 3549 2639 3604 ὁ
2691 3547 2887 3624 Κύριος
2943 3547 3080 3625 πρὸς
3138 3548 3359 3614 αὐτοὺς,
3417 3547 3494 3610 εἰς
3553 3548 3754 3620 ταύτην

2099 3634 2460 3712 ὑπενεχθῆναι
2533 3637 2633 3706 τήν
2708 3636 2992 3694 ὑπόνοιαν.
3069 3636 3264 3694 Στενὸν
3321 3633 3380 3692 δὲ
3429 3633 3636 3712 κομιδῇ
3691 3637 3754 3692 τὸ

2097 3723 2327 3799 τρίωρον
2357 3730 2460 3794 τῆς
2499 3722 2552 3780 έν
2609 3722 2922 3798 παραδείσῳ
2979 3719 3267 3800 διατριϐῆς
3322 3722 3420 3780 τοῦ
3476 3725 3750 3802 προπάτο-

2099 3833 2192 3890 ρος
2223 3809 2520 3887 διάστημα,
2578 3813 2669 3868 καὶ
2719 3812 2840 3869 λίὰν
2901 3814 3158 3870 ἀπίθανον
3214 3815 3290 3876 ὡς
3344 3821 3445 3884 τῆς
3508 3811 3756 3892 μεγαλο-

2096 3901 2356 3977 πρεπείας
2384 3905 2483 3957 τοῦ
2512 3903 2578 3957 τὰ
2634 3901 2812 3958 πάντα
2850 3899 3251 3978 δυσθεωρήτοις
3301 3901 3491 3981 τοφίας
3539 3903 3750 3975 κρίμα-

2100 4011 2180 4046 σιν
2211 3991 2626 4064 οἶκονομοῦντος
2653 3991 2888 4062 ἀνάξιον,
2916 3993 3054 4047 Πότε
3099 3993 3201 4068 γάρ
3258 3990 3310 4047 έν
3359 3991 3534 4064 τρισὶν
3585 3989 3754 4066 ὥραις

2100 4081 2381 4158 χερσαίοις
2406 4101 2466 4136 τε
2490 4081 2580 4136 καὶ
2619 4085 2852 4152 πτηνοῖς
2902 4085 3066 4136 πᾶσιν
3113 4080 3353 4156 ὀνόματα
3397 4078 3583 4136 καλεῖν
3632 4079 3754 4156 εἶχε

2097 4170 2326 4245 καιρόνς
2361 4171 2499 4226 Πότε
2530 4167 2590 4226 δὲ
2617 4174 2724 4227 τῶν
2783 4167 2974 4226 ἄλλων
3033 4168 3087 4227 έν
3136 4175 3216 4244 τῷ
3261 4168 3574 4246 παραδείσῳ
3620 4189 3759 4246 καρ-

2097 4265 2217 4318 πῶν
2273 4260 2586 4336 μετασχὼν,
2673 4259 2764 4314 καὶ
2837 4261 2936 4329 τῆς
3003 4259 3181 4317 αὐτῶν
3239 4258 3600 4334 μεταλήψεως
3655 4259 3754 4314 κό-

2098 4371 2191 4427 ρον
2231 4347 2439 4419 λαϐὼν,
2501 4349 2578 4414 εἲς
2639 4349 2931 4424 ἐπιθυμίαν
2991 4357 3092 4420 τῆς
3151 4355 3248 4407 τοῦ
3305 4350 3751 4427 ἀπηγορευμένου

2092 4439 2258 4514 ξύλου
2289 4440 2526 4518 γεύσεως
2558 4438 2825 4510 έλήκυθεν
2861 4459 2876 4509 ;
2906 4441 3024 4495 Ἵνα
3057 4441 3134 4514 μή
3169 4437 3316 4516 λέγω
3345 4439 3444 4508 τῆν
3484 4437 3742 4514 ἐπήρειαν

2090 4535 2190 4598 τῆς
2225 4527 2516 4604 βασκανίας
2545 4527 2638 4584 καὶ
2668 4535 2769 4598 τῆς
2819 4531 2917 4584 τοῦ
2964 4523 3140 4608 ὅερεως
3190 4527 3328 4602 πρὸς
3373 4530 3472 4599 τήν
3521 4533 3749 4603 γυναῖκα

2091 4610 2411 4690 προσϐολῆς
2467 4617 2558 4672 καὶ
2608 4611 2970 4689 συμϐουλίαςο
3015 4618 3106 4672 καὶ
3153 4617 3256 4692 γὰρ
3300 4615 3436 4684 αὐτὴ
3495 4614 3751 4678 πλείονος

2093 4703 2268 4760 έδεῖτο
2299 4711 2398 4774 τῆς
2429 4709 2526 4760 τοῦ
2559 4705 2765 4781 χρόνου
2794 4700 3012 4782 τριϐῆς.
3048 4705 3146 4762 Διὰ
3172 4709 3336 4782 τοῦτο
3373 4705 3466 4778 μὶν
3524 4703 3577 4760 έν
3615 4700 3745 4780 iam

2094 4791 2278 4866 ἡμέρᾳ
2304 4791 2393 4848 καὶ
2418 4790 2472 4847 ἐν
2509 4789 2643 4868 ἕκτῃ
2696 4781 3228 4868 ὥρᾳίτετολμῆσθαι
3278 4794 3380 4862 τήν
3419 4787 3748 4866 παράϐασιν,

2095 4879 2286 4956 ἐννάτῃ
2322 4878 2379 4936 δὲ
2407 4881 2524 4954 ὥρᾳ
2547 4887 2646 4951 τῆς
2679 4880 2846 4951 αὐτῆς
2875 4879 3085 4956 ἡμέρας
3120 4884 3218 4936 τοῦ
3270 4877 3605 4954 Παραδείσοῦ
3655 4883 3752 4937 καὶ

2092 4978 2193 5041 τῆς
2221 4969 2274 5027 ἐν
2306 4971 2455 5044 αὐτῷ
2510 4976 2656 5042 ζωῆς
2709 4973 2839 5036 τοὺς
2895 4972 3257 5042 ἆθετήσαντας
3315 4971 3554 5027 ἐκπεσεῖν
3611 4971 3746 5049 σφό-

2096 5056 2197 5138 δρα
2227 5061 2452 5116 πιθανὸν
2473 5061 2566 5115 καὶ
2597 5061 2806 5129 πιστὸν,
2857 5057 2929 5115 δι’
2976 5059 3112 5116 ἐτῶν
3163 5056 3222 5116 δὲ
3269 5061 3404 5116 έπτά
3449 5064 3614 5117 τοῦτο
3667 5081 3748 5139 γε

2094 5149 2298 5220 νέσθαι,
2343 5149 2418 5211 ὡς
2475 5153 2580 5204 τῶν
2639 5145 3020 5226 πρεσϐυτέρων
3078 5149 3218 5212 τινὶς
3273 5148 3630 5226 ἀπεφήναντο.
3683 5151 3746 5208 Ὁ

2097 5236 2155 5294 δέ
2183 5260 2244 5313 γε
2278 5236 2442 5314 μέγας
2473 5237 2524 5293 ὲν
2559 5235 2916 5301 διδασκάλοις
2966 5241 3218 5310 Ἰωάννης
3271 5239 3298 5294 ὁ
3337 5239 3731 5315 Χρυσὸστομος

2092 5326 2146 5384 ἐν
2169 5330 2237 5402 τῇ
2269 5327 2528 5400 ἑρμηνείᾳ
2555 5332 2651 5382 τοῦ
2680 5327 2816 5383 κατᾶ
2845 5329 3128 5393 Ματθαῖον
3184 5327 3338 5402 ἁγίου
3391 5325 3730 5404 Εὐαγγελίου

2093 5419 2164 5492 τῇ
2192 5415 2322 5492 ἓκτῃ
2355 5415 2540 5490 ἡμέρᾳ
2569 5422 2668 5486 τῆς
2715 5416 2942 5492 πρώτης
2999 5411 3328 5489 ἑϐδομάδος,
3382 5421 3628 5472 τουτέστι
3676 5419 3746 5491 τῇ

2095 5506 2237 5579 αὐτῇ
2267 5503 2452 5581 ἡμέρᾳ
2494 5511 2596 5576 τῆς
2654 5507 2910 5568 πλάσεως
2966 5504 3155 5576 αὐτοῦ,
3215 5501 3364 5580 λέγει
3418 5505 3511 5561 τὸν
3568 5501 3749 5578 ’Δδὰμ

2095 5589 2428 5666 ἐκϐληθῆναι
2479 5598 2577 5651 τοῦ
2635 5593 2970 5672 Παραδείσου
3025 5595 3115 5651 καὶ
3172 5595 3273 5665 τήν
3327 5592 3495 5654 Εὕαν·
3555 5593 3602 5667 ᾧ
3656 5591 3749 5649 καὶ

2095 5686 2258 5758 ἡμεῖς
2285 5685 2606 5759 πε.θόμεθα.
2658 5684 2758 5740 Καὶ
2810 5683 2878 5741 οὐ
2925 5683 3040 5761 χρὴ
3097 5688 3277 5756 ζητεῖν
3334 5682 3636 5762 περαιτέρω
3682 5680 3751 5738 τὰ
