4094 6292
314 333 391 397 37
1457 321 2005 395 HISTORIARUM
2051 315 2609 382 COMPENDIUM.
3659 318 3739 378 εδ

311 473 383 543 τῇ
443 468 787 541 θεοπνεύστῳ
837 470 1027 546 Γραφῇ
1088 465 1192 523 ὑπὸ
1242 470 1341 523 τοῦ
1426 464 1584 542 ἀγίου
1656 460 1973 534 Πνεύματος

2097 452 2213 510 rius
2244 448 2605 523 inquirenda
2628 454 2768 507 sunt
2798 466 2930 522 qum
2961 449 3212 523 Spiritus
3237 453 3476 506 sanctus
3500 448 3563 504 in
3594 447 3744 503 divi-

316 558 676 633 σεσιγημένα,
713 557 807 613 ’ἱνα
860 558 936 629 μὴ
998 556 1113 611 ἀντὶ
1170 553 1398 632 κέρδους
1462 556 1659 629 μικροῦ
1722 547 1971 627 μεγάλην

318 648 747 721 ἔπισπασώμεθα
777 644 1001 720 ζημίαν.

395 740 469 795 T6
499 735 556 793 δὶ
600 735 886 811 εἰρημένον
945 734 1028 791 ὅτι
1105 759 1134 789 ‹‹
1168 732 1347 810 Ἀδὰμ
1404 734 1621 811 γέγονεν
1682 733 1757 795 ὡς
1812 730 1889 791 εἷς
1921 726 1971 801 ἐξ

316 831 507 901 ἡμῶν,
534 851 562 878 ››
594 826 706 901 οὐχ
728 825 803 887 ὠς
835 822 904 881 δι’
932 825 1206 891 ἀπειθείας
1239 825 1324 881 iri
1350 824 1539 879 κακίαν
1566 822 1973 897 προκόψαντος,

317 916 469 973 ἀλλὰ
498 915 595 971 δνά
630 917 694 970 τὸ
754 913 1049 990 εἰρηκέναι,
1094 940 1121 967 ‹‹
1158 915 1285 971 Κατ’
1315 913 1498 970 εἰκόνα
1553 916 1687 969 Θεοῦ
1724 908 1976 979 ἐποίησεν

314 1006 498 1063 αὐτόν.
537 1030 564 1058 »ι
604 1003 782 1062 Ἀλλὰ
815 1006 890 1077 μὴ
923 1024 1006 1067 τις
1032 998 1287 1078 ύπολάϐῃ
1320 1004 1403 1059 8::
1436 1003 1499 1059 :6
1530 1000 1689 1073 ξύλον
1717 998 1976 1068 τοιαύτης

309 1097 381 1166 ἧν
413 1095 626 1174 φύσεως
657 1093 731 1156 ὠς
761 1098 963 1166 γνῶσιν
994 1092 1254 1169 παρεχειν
1289 1090 1463 1148 καλοῦ
1525 1092 1613 1146 καὶ
1672 1093 1861 1145 κακοῦ.
1895 1087 1973 1145 Οὐ

312 1186 422 1261 γὰρ
452 1187 518 1254 ἦν
550 1205 605 1238 τι
640 1177 909 1259 βλαϐερὸν
941 1183 992 1238 ἐν
1047 1180 1388 1258 ΙΙαραδείσῳ,
1445 1182 1572 1256 ὅρος
1614 1176 1671 1236 δὶ
1701 1179 1848 1248 ἐτέθη
1886 1175 1973 1231 ἐπὶ

311 1278 396 1348 τῷ
430 1277 583 1352 φυτῷ
612 1274 750 1348 πρὸς
798 1272 1067 1348 γυμασίαν
1105 1279 1205 1342 τῆς
1256 1269 1724 1346 ξλετθεριότητος.
1759 1266 1855 1322 Καὶ
1889 1265 1971 1320 8::

317 1362 381 1418 οὐ
412 1363 477 1418 :6
510 1360 671 1434 ξύλον
703 1360 876 1417 αἶ’τιον
910 1362 1162 1436 γνώςεως
1190 1364 1268 1431 τῷ
1299 1357 1475 1433 Ἀδὰμ
1510 1356 1717 1434 γέγονε,
1777 1353 1971 1425 δῆλον⁶

312 1454 351 1521 ἡ
383 1453 490 1527 γαρ
521 1448 724 1520 ἐντολή
767 1450 842 1512 ὠς
873 1450 1011 1524 πρὸς
1041 1448 1225 1505 εἰδότα
1254 1448 1422 1527 ἄμφω
1461 1447 1648 1517 ἐδόθη,
1697 1447 1759 1502 τό
1789 1466 1847 1501 τε
1874 1464 1974 1500 κα-

310 1541 414 1599 λὸν
445 1541 536 1595 καὶ
567 1540 830 1617 πονηρὸν,
861 1542 963 1610 τὴν
994 1560 1053 1595 τε
1084 1539 1329 1607 ὑπακοὴν
1373 1537 1464 1593 καὶ
1511 1537 1610 1608 τὴν
1669 1535 1972 1612 παρακοήν,

314 1629 521 1701 ὥστεὴ
580 1634 781 1706 γνῶσις
836 1623 1119 1704 προῦλαϐε
1174 1629 1273 1697 τήν
1328 1626 1583 1696 ἓντολὴν.
1642 1622 1865 1681 Δεδοται
1918 1620 1975 1679 δὲ

314 1719 456 1791 αὕτη
491 1718 582 1775 διὰ
617 1720 706 1789 τὸ,
739 1720 814 1780 ὡς
849 1716 1084 1793 εἷ’ρηται,
1152 1716 1481 1791 αὐτεξουσίῳ
1515 1714 1827 1791 βουλήματι
1885 1734 1973 1768 γι-

2079 542 2240 599 nitus
2271 540 2582 613 inspiratis
2621 540 2853 596 Litteris
2884 541 3141 605 reticuit,
3175 557 3249 596 ne
3281 539 3410 595 loco
3442 538 3635 611 exigui
3657 538 3743 594 lu-

2079 632 2163 687 cri
2195 646 2471 704 magnam
2504 628 2678 686 nobis
2712 645 3086 685 accersamus
3118 629 3424 685 damnum.

2150 721 2316 786 Quod
2348 725 2547 776 autem
2571 718 2799 775 dictum
2834 726 2942 786 est,
3001 742 3026 768 ‹‹
3092 718 3349 774 Adamus
3407 718 3601 774 factus
3654 723 3744 774 est

2077 815 2367 882 tanquam
2400 825 2554 864 unus
2588 826 2657 864 ex
2690 808 2885 871 nobis.
2922 830 2951 858 »
2985 824 3106 865 non
3142 825 3212 863 eo
3247 807 3626 863 referendum
3659 812 3749 863 est

2082 898 2239 971 quod
2271 915 2378 971 per
2407 897 2879 953 inobedientiam
2914 897 2974 953 in
3008 897 3218 952 vitium
3251 896 3486 962 excidit,
3524 896 3625 952 sed
3669 897 3744 952 ad

2081 988 2140 1044 id
2173 987 2331 1059 quod
2361 986 2586 1044 dictum
2618 985 2730 1041 fuit
2758 1003 2771 1041 :
2802 1009 2829 1036 «
2864 986 2949 1040 Ad
2983 985 3304 1058 imaginem
3339 985 3441 1040 Dei
3473 984 3747 1040 condidit

2082 1093 2240 1134 eum.
2282 1099 2307 1125 ››
2340 1078 2541 1147 Neque
2572 1074 2803 1147 opinari
2835 1075 3128 1146 quispiam
3163 1074 3337 1129 debet
3358 1074 3583 1147 lignum
3610 1076 3741 1147 ejus

2080 1168 2265 1224 fuisse
2292 1171 2520 1221 natura:
2552 1173 2613 1220 ut
2650 1164 2789 1219 boni
2818 1165 3080 1235 malique
3107 1164 3380 1219 notitiam
3412 1163 3738 1236 praeberet:

2079 1256 2229 1312 nihil
2264 1255 2421 1310 enim
2458 1255 2518 1311 in
2552 1254 2831 1310 Paradiso
2857 1260 2983 1309 erat
3002 1269 3266 1310 noxlum.
3284 1252 3397 1309 Sed
3418 1255 3544 1309 haec
3567 1252 3743 1309 arbor

2082 1345 2318 1400 termini
2343 1345 2471 1401 loco
2491 1349 2688 1399 statua
2708 1348 2885 1410 est,ut
2906 1350 3062 1399 esset
3076 1342 3366 1399 libertatis
3389 1342 3736 1399 exercendas

2078 1434 2372 1491 materies.
2392 1442 2464 1488 Ac
2480 1433 2662 1503 liquet
2678 1433 2950 1489 arborem
2970 1432 3131 1488 Adam
3150 1448 3314 1489 onon
3332 1433 3509 1489 fuisse
3522 1447 3747 1488 causam

2081 1522 2435 1596 cognitionis
2452 1521 2689 1593 quando
2708 1527 3043 1594 pra-ceptum
3074 1521 3127 1576 ei
3144 1521 3738 1593 tanquamutriusque

2081 1613 2420 1686 cognitione
2446 1611 2693 1683 praedito
2719 1611 2921 1667 datum
2943 1608 3742 1681 est,boni,inqnam,etmali,

2083 1701 2440 1757 obedientiaa
2474 1707 2531 1756 et
2562 1701 2977 1756 contumacim.
3032 1702 3238 1771 Itaque
3297 1700 3555 1771 cognitio
3593 1714 3744 1770 prse-

316 1810 581 1882 νούμενον
634 1829 728 1863 τον
766 1806 1076 1882 ἄνθρωπον,
1135 1805 1217 1861 ἐπ’
1273 1804 1453 1867 ἀδείας
1507 1826 1567 1860 τε
1622 1801 1822 1884 ἔχοντα
1869 1802 1973 1857 ἀπό

2097 1796 2324 1863 ceptum
2358 1796 2697 1863 antegressa
2728 1795 2839 1845 est.
2874 1790 2993 1844 Hoc
3024 1795 3223 1845 autem
3256 1789 3458 1844 datum
3491 1794 3598 1852 est,
3659 1791 3745 1854 ut,

319 1899 540 1954 πάντων
577 1890 1011 1969 μεταλαμϐάνειν
1068 1900 1176 1951 τῶν
1238 1891 1424 1950 ἄλλων
1459 1890 1717 1967 δένδρων,
1749 1891 1867 1953 ἑνὸς
1924 1887 1980 1945 δὲ

318 1990 495 2062 μόνου
554 1987 708 2058 νόμῳ
765 1983 1236 2059 προσταττόμενον
1304 1983 1620 2058 ἀπέχεσθαι,
1678 1981 1769 2036 καὶ
1819 1979 1983 2055 γινώ-

232 2080 235 2081 ⁷
322 2099 468 2133 σκειν
502 2076 578 2138 ὡς
614 2076 717 2130 ὑπὸ
740 2073 1010 2144 δεσπότην
1042 2073 1152 2129 ἐστὶ
1184 2074 1278 2129 τὸν
1308 2072 1399 2128 καὶ
1423 2073 1523 2142 τὴν
1556 2070 1786 2141 ἰντολὴν
1815 2065 1983 2124 δεδω-

325 2166 466 2223 κότα
499 2207 515 2221 .
574 2164 656 2221 Τὸ
714 2159 771 2217 δὶ
806 2205 821 2232 ,
886 2184 918 2215 ι(
960 2159 1364 2236 Διηνοίχθησαν
1424 2160 1599 2215 αὐτῶν
1658 2158 1709 2213 οἱ
1768 2154 1979 2232 ὀφθαλ-

330 2257 453 2329 μοὶ,
487 2278 515 2304 ιι
576 2252 688 2328 οὐχ
715 2252 790 2313 ὡς
829 2252 953 2306 τότε
1013 2249 1328 2326 βλεψάντων
1385 2252 1558 2325 [Ρ-Ἱ]
1614 2253 1720 2304 τῶν
1772 2266 1987 2320 πρωτοο

322 2343 590 2399 πλείστων
622 2339 838 2416 εἴρηται
892 2337 1213 2414 (δείκνυνται
1245 2341 1351 2415 γὰρ
1375 2340 1463 2395 καὶ
1533 2338 1639 2414 πρὸ
1693 2344 1794 2408 τῆς
1828 2337 1983 2413 βρώ-

341 2454 477 2495 σεως
511 2432 745 2507 δρῶντες
764 2433 828 2486 εκ
881 2433 978 2485 τοῦ
1044 2428 1320 2507 λέγεσθαι’
1377 2452 1405 2479 ‹‹
1436 2428 1534 2484 Καὶ
1602 2425 1744 2483 εἶδεν
1777 2428 1813 2497 ἡ
1845 2428 1983 2503 γυνὴ

340 2522 430 2579 8::
458 2519 627 2577 καλὸν
662 2521 723 2575 τὸ
753 2517 914 2590 ξύλον
974 2517 1050 2583 είς
1091 2519 1295 2595 βρῶσιν
1328 2518 1416 2574 καὶ
1449 2517 1534 2573 8::
1592 2516 1812 2591 ἀρεστόν
1872 2515 1986 2573 ἐστι

348 2618 470 2673 τοῖς
500 2608 810 2690 ὀφθαλμοῖς
844 2606 975 2665 ἰδεῖν
1008 2611 1077 2683 ››)’
1107 2607 1235 2665 ἀλλ’
1274 2609 1347 2671 ὡς
1376 2610 1436 2663 τὸ
1458 2608 1816 2683 ἀπειρόκακον
1848 2607 1987 2662 ἀπο-

339 2700 590 2774 θεμένων
650 2696 738 2753 διά
774 2693 1143 2774 παραϐάσεως,
1184 2699 1213 2753 '6
1242 2698 1330 2753 καὶ
1360 2699 1460 2768 τήν
1518 2696 1798 2773 γύμνωσιν
1832 2692 1989 2750 ἀδιά-

334 2808 510 2868 φορον
540 2785 829 2862 παρέσχεν,
860 2786 1066 2862 ἐρρήθη
1128 2787 1211 2842 8::
1271 2783 1667 2865 διηνοίχθησαν
1726 2785 1903 2841 αὐτῶν
1934 2784 1985 2839 0':

329 2876 643 2959 ὀφθαλμοί.
691 2874 895 2954 Πέφυκε
922 2876 1024 2952 γὰρ
1058 2876 1086 2930 6
1121 2873 1404 2954 ὀφθαλμὸς
1457 2873 1593 2938 ἅπας
1628 2874 1732 2931 ὑπὸ
1758 2879 1856 2930 τοῦ
1887 2872 1987 2929 λο-

326 2971 531 3045 γισμοῦ
618 2962 977 3039 διεγείρεσθαι
1036 2966 1172 3041 πρὸς
1232 2966 1263 3019 ἄ
1330 2963 1560 3039 βλέπει·
1623 2964 1829 3019 σύνεσιν
1881 2964 1986 3038 γὰρ

330 3059 450 3111 καθ’
492 3056 683 3111 ἑαυτὸν
739 3054 903 3115 αὐτὸς
962 3052 1061 3109 οὐκ
1116 3051 1252 3129 ἔχει.
1308 3060 1468 3108 Ὥστε
1525 3050 1800 3117 πολλάκις
1851 3052 1986 3125 πρὸς

330 3142 487 3220 ⁴ἕτερα
513 3152 614 3214 τῆς
643 3141 888 3204 διανοίας
922 3140 1346 3221 ἀσχολουμένης
1400 3141 1610 3221 τυφλοῦ
1661 3139 1816 3211 δίκην
1847 3161 1987 3214 παρ-

342 3234 618 3307 ερχόμεθα
645 3232 814 3287 ἑνίοτε
841 3232 932 3287 καὶ
972 3233 1063 3286 τὸν
1122 3232 1260 3286 πάνυ
1314 3232 1614 3306 γνώριμον,
1648 3232 1738 3285 καὶ
1770 3226 1984 3287 ἐπειδὰν

349 3317 725 3393 ἒγκληθῶμ-ν,
750 3324 820 3394 τῇ
854 3317 1096 3394 ἀσχολίᾳ
1125 3324 1222 3375 τοῦ
1251 3318 1521 3395 λογισμοῦ
1548 3318 1611 3372 τὸ
1645 3316 1819 3373 αἴτιον
1860 3317 1985 3372 ἀνα-

353 3406 582 3468 τιθέντες
635 3407 1078 3483 ἀπολογούμεθα.
1130 3407 1318 3469 Οὕτως
1370 3407 1461 3461 οὗν
1494 3407 1522 3461 ὁ
1573 3404 1750 3479 Ἀδὰμ
1802 3406 1893 3461 καὶ
1951 3409 1986 3475 ἡ

348 3494 462 3557 Εὔα
489 3500 554 3570 τῇ
583 3496 827 3568 αἰσθήσει
860 3501 958 3552 τοῦ
1016 3500 1110 3552 νοῦ
1166 3498 1302 3573 πρὸς
1357 3499 1455 3565 την
1513 3491 1635 3568 ὄψιν
1692 3495 1988 3571 διηγέρθη-

343 3605 455 3640 σαν.
491 3585 560 3642 Τὸ
586 3585 712 3661 γὰρ,
748 3608 777 3637 ‹‹
808 3578 1048 3661 ἔγνωσαν
1092 3584 1175 3640 8::
1208 3583 1404 3659 γυμνοὶ
1433 3583 1595 3653 ἦσαν,
1627 3608 1648 3635 ι
1710 3580 1985 3638 ἀποκάλυ-

336 3677 427 3749 ψιν
482 3673 743 3746 σημαίνει
774 3675 874 3743 τὴν
911 3671 1264 3749 ἐγγενομένην
1305 3676 1384 3745 τῷ
1424 3671 1702 3748 λογισμῷ,
1734 3670 1833 3726 οὐκ
1864 3672 1988 3727 ἀνά-

332 3758 530 3837 6λεψιν
591 3762 922 3839 ὀφθαλμῶν.
981 3763 1323 3841 Λεχθήσεται
1385 3758 1442 3816 δὲ
1501 3763 1739 3830 κάκεῖνο,
1776 3759 1859 3816 ὅτι
1882 3761 1991 3835 πρό

329 3859 433 3923 τῆς
458 3850 759 3918 ἀπειθείας,
789 3848 977 3919 ἐπειδή
1019 3850 1207 3920 καιρὸν
1268 3849 1367 3905 οὐκ
1416 3850 1539 3925 εἶχε
1567 3850 1633 3904 :5:
1660 3855 1760 3919 τῆς
1792 3846 1991 3905 παιδοα

329 3941 542 4007 ποιίας,
593 3940 697 3994 οὐκ
752 3936 966 3995 ἰδέδοτο
1024 3941 1170 4013 παρά
1227 3944 1361 3995 Θεοῦ
1393 3940 1836 4013 ἡπαρατήρησις
1890 3945 1992 4008 τῆς

326 4031 693 4105 γυμνώσεως,
751 4028 897 4085 ἀλλὰ
952 4029 1226 4086 διετέλουν
1285 4031 1360 4093 ὠς
1420 4030 1668 4107 ἂσαρκοι,
1729 4032 1993 4107 σαρκικῆς

330 4116 637 4183 διαθέσεως
695 4116 849 4174 οἷίπω
905 4120 1092 4195 καιρὸν
1151 4114 1389 4195 ἔχοντες.
1427 4117 1650 4188 Ἐπειδὴ
1684 4117 1742 4174 δὲ
1774 4121 1810 4189 ἡ
1840 4118 1996 4175 ἀπεί-

334 4220 463 4272 θεια
518 4204 864 4281 ἰπισυμϐἆσα
890 4208 954 4263 :6
983 4209 1175 4279 θνητὸν
1236 4208 1562 4283 ἐπηγάγετο,
1623 4208 1843 4271 εἰκότως
1873 4207 1998 4263 λοι-

336 4299 449 4352 πὸν
510 4294 727 4368 ἐνεδόθη
788 4298 1007 4359 τούτοις
1055 4300 1090 4367 ἡ
1140 4298 1276 4374 πρὸς
1324 4297 1609 4368 ἀλλήλους
1665 4294 1853 4360 αἰδώς·
1906 4298 2002 4353 καὶ

339 4385 666 4455 νενοήκασιν
721 4384 942 4462 ὕστερον
1015 4390 1122 4441 τῶν
1192 4387 1496 4462 σχημάτων
1555 4388 1653 4455 τὴν
1715 4384 1998 4464 διαφορὰν,

330 4480 821 4550 προθεωρηθεῖσαν
851 4479 932 4547 τῷ
963 4475 1245 4548 πλάσματι
1280 4476 1415 4552 πρὸς
1460 4476 1521 4531 τὸ
1572 4475 1866 4554 ἀναγκαῖον
1898 4482 1999 4545 τῆς

2090 1879 2596 1952 quemadmodum
2627 1879 2908 1945 diximus,
2939 1878 3264 1943 voluntate,
3297 1878 3467 1950 cujus
3490 1878 3614 1949 ipse
3640 1895 3747 1949 po-

2086 1974 2362 2023 testatem
2389 1967 2711 2035 obtineret,
2744 1972 2940 2022 motus
2972 1967 3173 2035 homo,
3234 1965 3523 2036 permisso
3574 1965 3625 2019 ei
3683 1970 3749 2020 ut

2084 2057 2375 2116 fructibus
2406 2056 2677 2111 omnium
2695 2055 3063 2126 reliquarum
3086 2055 3365 2112 arborum
3386 2059 3742 2120 vesceretur,

2085 2162 2324 2217 unaque
2354 2150 2587 2200 tantum
2620 2150 2686 2199 ut
2710 2144 3039 2201 abstineret
3069 2142 3749 2215 imperato,intelligeret

2086 2252 2162 2291 ne
2193 2234 2301 2291 sub
2334 2234 2583 2290 Domino
2614 2234 2788 2289 istius
2815 2232 3080 2289 mandati
3112 2238 3355 2288 auctore
3402 2247 3551 2287 esse.
3613 2232 3746 2286 Hinc

2086 2330 2308 2387 autem,
2340 2344 2368 2374 «
2403 2323 2604 2396 Aperti
2636 2328 2776 2378 sunt
2806 2339 3011 2378 eorum
3042 2322 3223 2386 oculi,
3261 2342 3290 2371 »
3324 2337 3445 2376 non
3465 2319 3749 2376 dicuntur

2088 2414 2256 2486 quasi
2272 2418 2397 2469 tum
2410 2413 2652 2470 demum
2674 2412 2870 2468 videre
2884 2412 3172 2483 cmperint
3189 2412 3203 2482 ζ
3212 2426 3351 2468 nam
3370 2411 3499 2467 visu
3513 2409 3745 2483 praediti

2089 2503 2268 2560 etiam
2286 2509 2425 2559 ante
2449 2519 2612 2561 esum
2631 2502 3079 2559 demonstratur
3102 2516 3174 2558 ex
3196 2500 3289 2558 his
3321 2499 3531 2570 verbis,
3585 2522 3613 2551 ‹‹
3649 2500 3713 2555 Vi
3730 2529 3746 2541 -

2090 2592 2293 2664 ditque
2326 2592 2544 2649 mulier
2574 2591 2850 2647 arborem
2886 2597 2943 2647 et
2974 2590 3049 2646 ad
3087 2605 3254 2647 esum
3284 2587 3661 2646 commodam
3692 2594 3751 2644 et

2092 2687 2336 2752 aspectu
2367 2687 2594 2753 gratam
2632 2683 2699 2751 »),
2734 2680 2838 2737 sed
2866 2695 2935 2736 eo
2970 2680 3297 2752 pertinent,
3331 2679 3489 2751 quod
3530 2695 3601 2734 eo
3649 2677 3751 2733 de-

2090 2769 2231 2825 licto
2262 2772 2455 2825 omnis
2508 2769 2649 2825 mali
2699 2769 3166 2839 ignorationem,
3221 2784 3353 2839 quin
3412 2766 3745 2822 nuditatem

2093 2861 2195 2914 ’14
2226 2875 2462 2931 quoque
2486 2860 2569 2913 eis
2591 2858 3030 2914 indill‘erentem
3057 2855 3744 2929 redegerat.amiserunt.

2095 2948 2302 3004 Omnis
2332 2948 2493 3003 enim
2524 2948 2751 3013 oculus,
2787 2964 2923 3004 cum
2954 2948 3080 3017 ipse
3112 2963 3146 3001 a
3199 2961 3326 3000 sese
3371 2946 3745 3001 intellectum

2097 3052 2217 3091 non
2241 3035 2476 3101 habeat,
2503 3051 2571 3090 ea
2590 3041 2681 3090 est
2701 3041 2913 3089 natura
2930 3040 3049 3088 uta
3068 3033 3295 3088 ratione
3318 3032 3390 3087 ad
3445 3032 3540 3104 obj
3551 3038 3746 3087 ectum

2100 3123 2260 3195 quod
2280 3122 2437 3177 videt
2458 3122 2765 3177 excitetur.
2783 3123 2986 3194 Itaque
3008 3137 3416 3193 saepenumero
3439 3120 3747 3176 intellectu

2018 3186 2061 3252 (ἶ
2100 3212 2233 3267 aliis
2257 3211 2430 3268 rebus
2451 3217 2734 3282 occupato
2757 3212 2936 3267 etiam
2960 3211 3303 3267 notissimos
3321 3211 3592 3267 homines
3615 3216 3748 3265 tan-

2097 3318 2275 3374 quam
2306 3302 2445 3357 caeci
2477 3302 2869 3373 praeterimus,
2903 3318 3091 3373 eoque
3124 3301 3367 3357 nomine
3398 3301 3745 3372 reprehensi

2095 3392 2320 3464 rejecta
2349 3392 2415 3451 in
2444 3391 2663 3446 mentis
2696 3392 3150 3463 occupationem
3183 3407 3360 3446 causa
3390 3407 3498 3446 nos
3536 3406 3745 3463 purga-

2096 3497 2249 3538 mus.
2273 3482 2365 3537 Sic
2387 3497 2523 3554 ergo
2546 3480 2805 3537 Adamus
2824 3487 2883 3536 et
2901 3482 3015 3537 Eva
3031 3497 3211 3536 sensu
3230 3481 3443 3536 mentis
3469 3478 3543 3535 ad
3574 3480 3746 3536 visio-

2097 3588 2235 3627 nem
2266 3570 2697 3627 excitabantur.
2758 3572 2901 3625 Nam
2959 3571 3107 3631 hmc,
3166 3592 3193 3619 ‹‹
3246 3574 3651 3642 cognoverunt
3680 3583 3742 3623 se

2098 3663 2289 3718 nudos
2309 3678 2454 3727 esse,
2483 3683 2512 3711 »
2533 3660 2987 3733 patefactionem
3011 3660 3366 3733 signiﬁcant,
3391 3676 3522 3732 quas
3548 3660 3610 3714 in
3642 3676 3744 3714 ra-

2101 3753 2260 3808 tione
2282 3752 2462 3818 venit,
2489 3767 2609 3806 non
2635 3750 2943 3807 oculorum
2976 3750 3368 3821 apertionem.
3408 3749 3472 3803 Id
3515 3764 3752 3819 quoque

2100 3840 2419 3897 dicendum
2451 3839 2641 3895 nobis.
2680 3845 2828 3895 Ante
2892 3839 3311 3906 defectionem,
3354 3853 3489 3892 cum
3547 3836 3756 3891 liberis

2101 3931 2242 3987 dare
2273 3946 2514 4002 operam
2546 3928 2812 3984 nondum
2846 3928 2917 3983 iis
2944 3935 3101 3983 esset
3147 3927 3583 3999 tempestivum,
3634 3942 3753 3981 non

2103 4020 2349 4077 dederat
2374 4020 2485 4074 hoc
2515 4018 2635 4073 illis
2670 4018 2825 4075 Deus
2853 4024 2919 4073 ut
2948 4017 3337 4072 nudationem
3369 4015 3633 4087 corporis
3665 4031 3757 4070 ca—

2102 4115 2327 4178 verent,
2360 4108 2464 4163 sed
2491 4107 2785 4179 degebant
2812 4107 2992 4161 veluti
3027 4108 3223 4162 carnis
3257 4111 3550 4175 expertes,
3607 4122 3754 4160 non-

2104 4200 2246 4255 dum
2278 4202 2610 4267 opportuno
2642 4196 2974 4249 alTectionis
3004 4194 3260 4249 carnalis
3291 4200 3582 4264 tempore.
3644 4193 3756 4248 Sed

2102 4293 2418 4360 postquam
2440 4284 2817 4339 contumacia
2848 4283 3275 4355 superveniens
3331 4282 3755 4338 mortalitatem

2102 4373 2962 4442 introduxit,convenienterin
2981 4380 3286 4445 posterum
3319 4373 3405 4428 eis
3449 4372 3639 4427 indita
3670 4377 3761 4426 est

2104 4462 2708 4530 mutuaverecundia;
2737 4479 2805 4518 ac
2850 4462 3160 4535 postmodo
3212 4460 3761 4517 animadverterunt

334 4569 440 4621 τοῦ
466 4570 651 4639 γενους
700 4562 992 4642 διαδοχῆς.
1035 4567 1130 4623 Ἐκ
1160 4549 1387 4645 φύλλων
1421 4565 1479 4622 δὲ
1537 4549 1703 4637 συκῆς
1738 4564 1988 4637 ἐποίησαν

2106 4556 2429 4628 figurarum
2451 4553 2876 4618 diversitatem,
2893 4553 3021 4624 jam
3046 4557 3184 4607 ante
3206 4551 3502 4623 provisam
3536 4550 3598 4604 in
3631 4549 3758 4621 ipso

335 4653 559 4714 ἑαυτοῖς
598 4654 970 4728 περιζώματα,
1007 4654 1391 4729 αἰνιττομένων
1426 4652 1514 4709 διὰ
1561 4659 1658 4709 τοῦ
1701 4655 1870 4728 ξύλου
1900 4655 1994 4710 τὸν

331 4743 548 4816 τρόπον
576 4748 678 4812 τῆς
709 4744 1105 4820 κακοπραγίας·
1166 4745 1242 4807 ὡς
1283 4744 1390 4819 γὰρ
1419 4742 1556 4814 ἡδὺς
1585 4745 1613 4798 ὁ
1643 4748 1849 4819 καρπὸς
1895 4751 1999 4814 τῆς

337 4839 541 4901 συκῆς,
588 4833 765 4908 τραχὺ
825 4830 884 4890 δὲ
937 4835 1027 4890 καὶ
1085 4834 1410 4909 πικρότατον
1447 4835 1510 4890 τὸ
1563 4832 1797 4914 φύλλον,
1857 4833 2001 4889 οὕτω

334 4926 495 4977 nam
552 4921 788 4995 ἀμαρτία
845 4922 899 4978 ἐν
961 4925 1056 4997 μὶν
1142 4928 1212 4998 τῇ
1288 4925 1478 5000 πράξει
1526 4921 1792 4979 δείκνυται
1821 4920 2002 4995 ἡδεῖα,

338 5010 490 5085 μετὰ
519 5007 577 5065 δὲ
611 5014 779 5066 ταῦτα
836 5009 1034 5084 ὀδύνην
1085 5015 1314 5090 παρέχει
1374 5017 1454 5085 τῷ
1510 5011 1840 5088 πεπραχότι.
1875 5012 2002 5089 Περὶ

335 5097 407 5155 δὲ
437 5102 548 5153 τῶν
581 5096 913 5173 δερματίνων
946 5104 1197 5177 χιτώνων
1248 5103 1410 5178 φησὶν
1442 5104 1470 5159 6
1502 5101 1764 5177 θεολόγος
1797 5103 2004 5179 Γρηγό-

336 5208 470 5266 ριος
499 5185 582 5242 8::
610 5189 802 5259 θνητὸν
852 5192 1014 5247 αὐτὸν
1068 5193 1377 5269 ἀπεφήνατο
1425 5194 1454 5248 ὁ
1521 5192 1652 5253 Θεὸς
1719 5192 2006 5265 νεκρότητι

334 5271 731 5351 περιϐάλλων.
764 5281 943 5336 Τοῦτο
972 5281 1076 5357 γάρ
1105 5283 1156 5336 0':
1190 5278 1506 5358 δερμάτινοι
1539 5284 1773 5360 χιτῶνες
1804 5280 2005 5355 σημαί-

334 5387 432 5424 νει
465 5366 574 5421 ἀπὸ
601 5371 698 5421 τοῦ
730 5366 905 5448 λόγου
936 5377 1038 5441 τῆς
1089 5376 1197 5427 τῶν
1261 5372 1413 5441 ζώων
1471 5368 1822 5446 νεκρότητος,
1857 5370 2008 5432 ὅπως

346 5456 451 5512 διὰ
479 5461 582 5525 τῆς
612 5455 819 5522 Λύσεως
870 5464 966 5515 τοῦ
1018 5464 1274 5535 σώματος
1301 5461 1391 5517 καὶ
1429 5467 1533 5530 τῆς
1561 5455 1737 5533 ὄψεως
1769 5461 1805 5529 ἡ
1840 5460 2011 5535 ἁμαρ-

342 5545 449 5605 τία
491 5547 636 5601 πᾶσα
685 5546 1059 5625 αὐτόπρεμνος
1097 5548 1390 5629 διαφθαρῇ.
1447 5551 1546 5606 Διά
1575 5549 1678 5625 γὰρ
1709 5552 1870 5604 τοῦτο
1918 5550 2007 5604 καὶ

330 5638 459 5694 τοῦ
512 5632 845 5711 Παραδείσου
898 5634 1365 5713 ὶκϐἀλλεται,’ίια
1425 5646 1502 5715 μὴ
1561 5642 1630 5711 τῇ
1664 5637 2011 5710 αὐτεξουσιό-

2110 4646 2390 4717 ﬁgmento
2408 4641 2480 4696 ob
2501 4641 2735 4713 generis
2762 4640 3126 4712 propagandi
3141 4640 3575 4695 necessitatem.
3612 4637 3763 4692 Sub-

2106 4732 2363 4805 ligacula
2391 4737 2590 4786 autem
2623 4728 2736 4784 sibi
2759 4730 3029 4784 fecerunt
3071 4745 3140 4783 ex
3191 4728 3427 4783 ﬁculnis
3462 4727 3641 4794 foliis,
3674 4727 3757 4780 rei

2112 4823 2268 4879 male
2298 4824 2475 4894 gestm
2510 4819 2749 4875 modum
2782 4836 2853 4874 ex
2885 4820 3012 4889 ejus
3044 4818 3274 4873 arboris
3328 4824 3542 4874 natura
3591 4816 3759 4887 quasi

2113 4929 2221 4985 per
2251 4910 2528 4981 ambages
2562 4909 2963 4965 indicantibus
2998 4925 3010 4961 :
3043 4908 3548 4979 quemadmodum
3600 4906 3762 4960 enim

2114 5002 2339 5057 fructus
2361 4998 2506 5054 ficus
2528 4997 2719 5052 dulcis
2736 5003 2843 5062 est,
2878 4997 3086 5053 folium
3110 5013 3384 5067 asperum
3422 5002 3480 5050 et
3511 4995 3760 5049 amaris-

2118 5091 2357 5159 simum,
2392 5087 2477 5143 sic
2506 5103 2681 5142 omne
2715 5091 3024 5156 peccatum
3058 5086 3353 5141 actionem
3386 5082 3629 5155 quidem
3657 5082 3763 5138 ba-

2115 5180 2256 5235 bere
2277 5176 2610 5250 jucundum
2644 5174 2997 5241 ostenditur,
3031 5180 3240 5246 postea
3268 5190 3402 5229 vero
3429 5172 3696 5228 dolorem
3710 5173 3763 5227 ei

2119 5271 2218 5342 qui
2244 5266 2504 5341 peccavit
2525 5264 2714 5321 affert.
2740 5266 2819 5320 De
2853 5266 3122 5337 pelliceis
3153 5280 3328 5335 porro
3360 5252 3577 5320 tunicis
3625 5263 3769 5318 Gre-

2118 5360 2316 5433 gorius
2336 5354 2666 5427 Theologus
2689 5355 2888 5420 sentit,
2915 5356 3101 5409 Deum
3120 5353 3201 5408 ita
3218 5352 3638 5408 mortalitatem
3659 5353 3767 5406 ho-

2118 5448 2299 5505 minis
2327 5443 2681 5512 declarasse,
2715 5443 2982 5499 mortalis
3014 5442 3219 5497 exuvio
3267 5458 3405 5498 eum
3454 5441 3764 5497 amiciens.

2120 5539 2242 5594 Hoc
2273 5533 2369 5590 18
2402 5531 2564 5589 enim
2596 5532 2861 5604 pellicem
2891 5532 3109 5587 tunica:
3149 5531 3480 5603 designant,
3539 5528 3767 5584 ratione

2122 5630 2196 5689 ab
2227 5622 2582 5685 animalium
2613 5622 2974 5679 mortalitate
3020 5620 3216 5689 ducta,
3256 5626 3323 5675 ut
3370 5618 3758 5675 dissolutione
