4094 6292
285 386 362 446 39
1637 375 1953 440 GEORGII
1995 355 2344 441 causam

3618 381 3700 445 40

284 517 549 590 corporis
569 531 636 571 ac
656 515 815 572 visus
836 514 1157 571 abolitione
1181 528 1356 569 omne
1375 514 1684 586 peccatum
1734 508 1914 567 fundit

2052 528 2180 580 τητι
2208 504 2554 585 κεχρημένος
2582 503 2727 584 λάϐῃ
2754 509 2855 566 τοῦ
2896 508 3061 582 ξῦΛου
3107 517 3207 584 τῆς
3239 516 3385 584 ζωῆς
3412 511 3504 568 καὶ
3532 510 3696 588 γένη-

282 612 378 663 tus
401 606 726 662 aboleatur.
765 609 956 676 Atque
990 603 1062 660 ob
1100 604 1254 659 hanc
1275 619 1516 658 causam
1537 601 1719 659 etiam
1748 601 1924 656 Para-

2032 618 2123 653 ται
2151 598 2215 654 τὸ
2250 598 2415 654 κακὸν
2453 598 2737 657 ἀθάνατον.

281 695 408 751 diso
440 680 859 766 expellitur,ne
890 692 1165 747 libertate
1186 691 1506 747 voluntatis
1537 695 1712 745 utens
1737 705 1984 745 manum
2013 689 2171 763 ligno
2202 689 2334 746 vitae
2363 689 3107 766 injiceret,malumqueita
3136 683 3476 751 immortale
3500 694 3694 751 ﬁeret.

354 784 600 838 Satanas
632 784 1012 838 Hebraeorum
1033 782 1236 855 lingua
1260 780 1627 837 desertorem
1642 778 1938 852 signiﬁcat

281 878 339 929 et
368 872 791 928 adversarium.
828 870 1108 926 Diabolus
1155 886 1190 926 a
1251 869 1556 926 calumnia
1598 868 1934 941 appellatur

284 962 518 1026 ercis,
554 976 671 1032 qua
703 962 883 1015 Deum
916 960 987 1015 ab
1019 959 1364 1015 hominibus
1394 956 1770 1015 abalienavit.

350 1051 566 1108 Cainus
598 1050 825 1122 primus
855 1049 1010 1104 inter
1040 1049 1321 1105 homines
1354 1047 1656 1105 homicida
1683 1046 1932 1110 exstitit,

279 1140 604 1198 Lamechus
619 1139 948 1195 secundus:
976 1138 1237 1209 quiduas
1278 1154 1492 1194 uxores
1533 1136 1700 1193 duxit
1724 1142 1783 1193 et
1812 1136 1929 1192 duo

277 1228 600 1286 homicidia
620 1227 778 1283 fecit.
800 1229 896 1282 Vir
912 1234 1109 1287 autem
1127 1233 1186 1284 et
1201 1227 1546 1303 adolescens
1568 1241 1719 1298 quos
1750 1225 1931 1281 inter-

274 1318 432 1387 fecit,
466 1319 688 1374 Enochi
714 1319 960 1375 fuerunt
988 1319 1223 1385 fratres,
1256 1318 1357 1390 qui
1380 1323 1542 1373 certa
1570 1313 1929 1389 impetrandi

275 1409 494 1465 ﬁducia
526 1411 709 1465 Deum
736 1414 1015 1481 precatus
1046 1425 1122 1464 ne
1155 1407 1335 1463 talem
1368 1424 1546 1479 porro
1588 1407 1788 1463 videre
1828 1422 1928 1461 nev

276 1516 405 1557 cem
429 1503 759 1572 cogeretur,
795 1499 1109 1554 exauditus
1131 1504 1190 1553 et
1208 1513 1238 1552 e
1263 1502 1420 1553 terra
1449 1496 1775 1553 translatus
1813 1500 1922 1550 est.

343 1591 564 1648 Abelus
580 1590 881 1661 justitiam
902 1588 1087 1645 coluit
1113 1605 1127 1644 :
1168 1589 1300 1645 ideo
1324 1589 1493 1645 aiunt
1510 1587 1758 1644 cadaver
1794 1587 1925 1659 ejus

272 1697 302 1737 ο
335 1686 653 1751 conspectu
685 1678 997 1733 hominum
1031 1677 1330 1735 sublatum
1361 1677 1568 1742 fuisse,
1619 1692 1735 1748 quo
1793 1679 1926 1746 post

272 1770 466 1843 ipsum
489 1769 657 1841 juste
687 1767 898 1823 victuri
924 1768 987 1822 in
1044 1767 1265 1823 bonam
1323 1782 1489 1838 spem
1548 1768 1920 1821 vocarentur.

272 1859 486 1915 Cainus
516 1857 744 1931 primus
773 1861 1038 1913 aratrum
1069 1856 1310 1924 invenit,
1367 1855 1696 1926 urbemque
1755 1855 1922 1909 Enon

273 1948 396 2003 tilio
413 1965 518 2005 suo
543 1947 960 2021 cognominem
973 1946 1263 2003 condidit.
1302 1946 1466 2001 Idem
1516 1949 1652 2016 post
1680 1944 1921 1999 damna-

270 2038 494 2095 tionem
519 2044 721 2110 raptor
736 2038 847 2093 fuit
868 2036 1149 2093 etalienis
1166 2036 1336 2092 bonis
1367 2035 1640 2101 inhiavit;
1672 2035 1923 2106 primus—
1955 2058 1999 2124 Β

270 2144 384 2199 que
416 2144 729 2183 mensuras
760 2133 820 2182 et
846 2127 1110 2198 pondera
1166 2132 1225 2181 et
1272 2126 1492 2180 limites
1552 2124 1919 2196 excogitavit,

273 2232 528 2287 suosque
552 2217 613 2270 in
636 2232 822 2271 unum
849 2215 1173 2271 conductos
1195 2214 1352 2269 bello
1377 2230 1621 2285 operam
1641 2213 1781 2269 dare
1811 2212 1920 2267 do-

272 2305 411 2361 cuit.
438 2305 601 2361 ldem
624 2306 696 2360 ab
717 2322 786 2361 eo
811 2312 1078 2377 tempore
1103 2321 1218 2376 quo
1244 2320 1379 2359 eum
1402 2305 1556 2361 Deus
1579 2307 1921 2359 exsecratus

276 2402 381 2460 est,
406 2395 652 2451 humilis
671 2395 805 2463 fuit,
829 2410 1157 2465 omnesque
1178 2393 1250 2448 ab
1273 2410 1341 2449 eo
1366 2392 1657 2465 prognati.
1681 2394 1920 2448 Terram

275 2489 468 2540 autem
494 2484 747 2540 incoluit
767 2500 898 2555 qum
923 2489 1185 2539 tremens
1205 2487 1372 2537 estet
1410 2481 1674 2549 humilis,
1719 2480 1920 2535 Adami

273 2572 553 2628 mandato
578 2589 614 2629 a
635 2572 796 2627 Sethi
820 2571 1103 2643 progenie
1125 2575 1452 2642 separatus.
1483 2570 1731 2625 Cainum
1762 2569 1920 2624 hunc

272 2663 457 2717 Parva
491 2662 751 2723 Genesis,
777 2678 908 2733 qum
929 2661 1072 2716 Mosi
1092 2660 1457 2725 inscribitur,
1505 2659 1679 2716 ruina
1709 2659 1921 2714 domus

273 2768 394 2807 suas
422 2767 773 2822 oppressum
807 2750 985 2805 vitam
1039 2749 1296 2806 ﬁnivisse
1352 2748 1550 2805 tradit.
1603 2747 1920 2820 Lapidibus

272 2840 430 2895 enim
464 2841 708 2895 fratrem
764 2855 932 2895 suam
990 2838 1244 2894 Abelum
1300 2844 1658 2895 necaverat:
1718 2838 1920 2908 itaque

270 2927 397 3000 ipse
430 2945 665 3000 quoque
698 2927 996 3000 lapidibus
1022 2932 1114 2985 est
1143 2926 1543 2984 interfectum.

339 3020 440 3074 16
462 3018 676 3074 Sethus
695 3018 904 3073 Adami
933 3017 1144 3073 tertius
1175 3017 1336 3075 filius
1393 3020 1760 3084 recensetur,
1814 3015 1917 3085 qui

266 3123 546 3182 germana
566 3125 766 3165 sorore
787 3123 913 3183 sua,
937 3108 1030 3163 cui
1053 3122 1273 3164 nomen
1297 3109 1575 3175 Asuama,
1604 3106 1668 3162 in
1716 3104 1915 3162 matri-

265 3201 535 3256 monium
567 3199 745 3255 ducta
775 3199 1035 3253 Enosum
1065 3197 1416 3270 procreavit.
1479 3197 1640 3255 Sethi
1690 3212 1912 3252 nomen

268 3289 705 3344 restitutionem
730 3292 913 3342 notat.
945 3289 1092 3341 Deus
1114 3301 1351 3358 quoque
1372 3286 1531 3341 idem
1580 3285 1914 3356 appellatus

271 3381 379 3439 est,
409 3373 482 3432 ob
505 3375 883 3447 splendorem
904 3374 1098 3442 faciei,
1119 3390 1294 3445 quem
1320 3390 1428 3446 per
1465 3389 1705 3428 omnem
1735 3374 1913 3429 vitam

269 3464 495 3521 habuit.
529 3464 654 3530 Qua
681 3464 870 3537 gratia
899 3463 1079 3520 etiam
1104 3465 1289 3520 Moses
1309 3462 1592 3534 praaditus
1614 3461 1805 3517 velata
1827 3461 1914 3518 fa—

266 3556 356 3611 cie
377 3571 512 3611 cum
544 3554 760 3610 Iudaeis
800 3552 1203 3624 loquebatur“
1235 3554 1257 3574 "
1287 3550 1679 3624 quadraginta
1717 3551 1912 3607 annis.

261 3644 424 3703 Idem
446 3644 657 3699 Sethus
679 3648 905 3714 septem
928 3641 1267 3699 errantibus
1316 3640 1536 3709 stellis,
1570 3640 1754 3696 Graeci
1786 3639 1913 3712 pla'

262 3739 432 3790 netas
454 3732 933 3799 vocant,nomina
958 3730 1268 3803 imposuit;
1298 3729 1751 3800 cmlestiumque
1768 3746 1911 3785 con-

260 3821 598 3877 versionum
626 3821 939 3875 scientiam
967 3819 1332 3892 excogitavit,
1367 3833 1550 3889 quam
1563 3817 1794 3874 duabus
1812 3834 1910 3873 co-

259 3909 504 3975 lumnis,
528 3908 777 3980 lapidem
792 3908 1092 3977 uni,alteri
1109 3907 1400 3976 lateritiaa,
1418 3907 1909 3979 inscripsit.Praa-

261 3998 488 4053 sciebat
507 3998 669 4054 enim
681 3996 941 4053 universi
955 3997 1471 4068 interitum,quem
1495 3996 1545 4051 si
1562 4012 1718 4067 aqua
1735 3998 1911 4052 affer-

258 4092 371 4155 ret,
403 4087 700 4158 lapideam
729 4093 1166 4159 superaturam,
1198 4086 1290 4143 sin
1324 4085 1501 4158 ignis,
1536 4085 1857 4141 lateritiam
1891 4102 1906 4154 ;

260 4180 436 4248 atque
452 4177 604 4233 hanc
623 4178 952 4233 etiamnum
967 4181 1195 4232 exstare
1208 4176 1271 4231 in
1285 4174 1477 4230 Sirido
1507 4180 1708 4230 monte
1743 4176 1903 4232 Jose-

258 4267 412 4337 phus
427 4272 692 4323 testatur.
705 4267 865 4323 Idem
882 4267 1092 4323 Sethus
1106 4264 1420 4321 Hebraicas
1433 4264 1662 4320 litteras
1674 4265 1905 4321 conscri

260 4355 396 4426 psit.
411 4356 555 4410 Nam
571 4356 977 4411 ducentesimo
991 4354 1294 4426 trigesimo
1309 4352 1519 4408 Adami
1552 4369 1710 4408 anno
1731 4359 1906 4410 natus

261 4448 375 4498 est:
401 4460 655 4515 cumque
681 4449 838 4501 esset
857 4456 1152 4499 annorum
1177 4440 1513 4509 duodecim,
1535 4440 1864 4499 ablactatus
1888 4459 1902 4510 ;

259 4548 536 4604 annoque
569 4533 778 4588 Adami
810 4549 991 4605 supra
1021 4529 1497 4586 ducentesimum
1539 4532 1905 4605 septuagesi-

256 4636 354 4675 mo
388 4626 588 4692 raptus
621 4620 693 4676 ab
727 4619 938 4693 angelo
969 4618 1233 4674 imbutus
1283 4622 1372 4672 est
1427 4617 1764 4690 cognitione
1820 4619 1906 4674 fu-

2112 777 2237 835 Ὀτι
2264 777 2292 831 ὁ
2323 780 2566 842 Σατανᾶς
2601 779 2738 834 κατὰ
2763 778 2863 849 τήν
2892 784 3000 836 τῶν
3029 775 3296 856 Ἐϐραίων
3340 782 3527 857 φωνὴν
3555 781 3694 837 ἀπο-

2044 863 2241 936 στάτης
2267 861 2482 941 λέγεται
2521 866 2613 921 καὶ
2651 866 3045 943 ἀντικείμενοςο
3104 863 3367 933 διάϐολος
3399 867 3458 925 δὲ
3482 869 3557 933 ὡς
3593 869 3690 925 τὸν

2042 954 2171 1009 Θεὸν
2200 955 2335 1031 πρὸς
2363 954 2491 1019 τοὺς
2525 957 2840 1032 ἀνθρώπους
2870 961 3281 1038 συκοφαντήσας
3312 956 3543 1035 εἶ’ρηται.

2110 1045 2232 1101 Ὃτι
2264 1045 2292 1100 ὁ
2323 1044 2452 1101 Κάῖν
2483 1044 2536 1101 έν
2564 1046 2872 1123 ἀνθρώποις
2926 1053 3143 1124 πρῶτος
3202 1049 3393 1128 φονεὺς
3452 1049 3689 1127 ἐγένετο,

2044 1128 2293 1209 δεύτερος
2324 1131 2382 1190 δὲ
2422 1136 2450 1190 ὁ
2492 1137 2707 1211 Λάμεχ,
2764 1136 2860 1192 δύο
2891 1144 3148 1213 γυναῖκας
3205 1134 3416 1213 λαϐὼν,
3474 1141 3564 1196 καὶ
3592 1137 3690 1197 δύο

2042 1222 2238 1300 φόνους
2269 1222 2496 1283 ἐτέλεσε.
2530 1228 2637 1289 Οὓς
2672 1224 2729 1283 δὲ
2757 1227 2988 1297 ἀνεῖλεν,
3022 1226 3186 1305 ἄνδρα
3250 1229 3339 1285 καί
3390 1229 3688 1303 νεανίσκον,

2040 1310 2269 1390 ἀδελφοὶ
2323 1315 2459 1384 ἦσαν
2506 1319 2605 1370 τοῦ
2671 1317 2870 1393 Ἐνὼχ,
2912 1317 2972 1382 ’ὸς
3008 1319 3100 1373 καὶ
3165 1318 3342 1377 πίστει
3391 1321 3691 1396 προσευξά-

2042 1424 2205 1475 μενος
2242 1409 2339 1461 τοῦ
2371 1406 2448 1478 μὴ
2493 1403 2623 1462 ἰδεῖν
2655 1404 2736 1462 ἔτι
2790 1412 3037 1463 τοιοῦτον
3099 1408 3347 1480 θάνατον,
3407 1411 3687 1473 ἀκουσθείς

2042 1493 2297 1569 μετετέθη
2308 1537 2319 1549 .

2110 1583 2193 1656 [Ρ.
2226 1584 2278 1657 8]
2307 1584 2429 1639 Ὅτι
2483 1579 2655 1642 Ἅϐελ
2716 1582 3063 1658 δικαιοσύνης
3121 1585 3421 1664 ἐφρόντιζε·
3480 1585 3687 1644 διὸκαὶ

2034 1667 2097 1724 τδ
2130 1673 2290 1744 σῶμα
2342 1669 2506 1727 αὐτοῦ
2559 1673 2715 1751 φασὶν
2771 1674 2969 1745 ἀφανὲς
3015 1674 3300 1751 γεγονέναι
3352 1683 3471 1743 τοῖς
3530 1677 3684 1752 μετέο

2036 1779 2192 1814 πειτα
2231 1756 2469 1824 δικαίοις
2502 1761 2707 1837 ἀγαθὰς
2740 1760 2968 1828 έλπίδας
3019 1765 3336 1844 ὑποφαῖνον.
3369 1768 3430 1826 Ὁ
3461 1762 3517 1822 δὲ
3547 1768 3682 1826 Κάϊν

2034 1853 2255 1922 πρῶτος
2280 1847 2516 1927 ἄροτρον
2545 1852 2690 1928 εὗρε,
2721 1853 2813 1909 καὶ
2877 1852 3041 1910 πόλιν
3098 1852 3273 1912 ἔκτισε
3328 1854 3419 1912 ἐπὶ
3446 1859 3525 1929 τῷ
3555 1856 3684 1912 ὀνό-

2036 1942 2287 2009 ματιτοῦ
2312 1939 2434 1994 υἱοῦ
2482 1938 2649 1997 αὐτοῦ
2715 1942 2890 2001 Ενών.
2954 1943 3051 1998 Καὶ
3103 1942 3189 2000 ὅτι
3222 1945 3357 2019 μετὰ
3386 1946 3488 2015 τήν
3516 1966 3681 2002 κατα-

2033 2022 2188 2098 δίκην
2254 2028 2424 2104 ἅρπαξ
2485 2028 2575 2085 καὶ
2631 2028 2967 2103 πλεονέκτης
3051 2031 3279 2109 ἐγένετο,
3341 2030 3511 2108 μέτρα
3591 2033 3681 2088 καὶ

2031 2116 2242 2189 σταθμὰ
2292 2115 2384 2173 καὶ
2434 2118 2594 2194 ὅρους
2631 2125 2736 2195 γῆς
2794 2124 3011 2195 πρῶτος
3082 2119 3395 2195 ἐπινοήσας,
3433 2121 3683 2184 καὶτοὺς

2030 2204 2266 2271 οἰκείους
2296 2205 2372 2269 εἷς
2400 2201 2453 2263 έν
2513 2209 2832 2287 συναγαγὼν
2888 2209 2942 2266 έν
2996 2208 3268 2285 πολέμοις
3326 2208 3680 2289 ἆσχῦλεῖσθαι

2030 2291 2326 2353 ἐδίδασκεν.
2359 2298 2533 2361 Οὗτος
2593 2297 2884 2375 χθαμαλὸς
2916 2303 2980 2371 ἦν
3012 2300 3120 2358 ἀπὸ
3170 2309 3271 2373 τῆς
3319 2303 3555 2379 κατάρας
3584 2307 3681 2359 τοῦ

2030 2388 2187 2457 Θεοῦ,
2215 2385 2307 2440 καὶ
2363 2388 2558 2449 πάντες
2619 2390 2669 2443 οἱ
2723 2386 2774 2462 ἐξ
2826 2389 2996 2446 αὐτοῦ
3052 2390 3360 2470 γενόμενοι.
3419 2391 3570 2472 "Qui
3623 2387 3681 2448 δὲ

2027 2473 2126 2543 τήν
2156 2481 2285 2551 γῆν,
2311 2476 2434 2547 ἣτις
2477 2475 2592 2533 ἐστὶ
2643 2479 2939 2555 τρέμουσα,
3001 2479 3299 2555 χθαμαλὴ
3372 2479 3535 2537 οὖσαν
3591 2501 3682 2538 κε·-

2030 2563 2374 2638 χωρισμένος
2400 2564 2665 2643 ὑπάρχων
2697 2566 2804 2623 ἀπὸ
2835 2575 2937 2638 τῆς
2985 2574 3082 2625 τοῦ
3129 2572 3241 2640 Σὴθ
3295 2576 3480 2646 γενεᾶς
3531 2571 3676 2627 κατά

2028 2652 2315 2728 πρόσταξιν
2364 2653 2461 2710 τοῦ
2521 2652 2718 2729 Ἀδάμ.
2779 2656 2953 2721 Οὗτος
3010 2658 3039 2712 ὁ
3098 2658 3257 2732 Κάϊν,
3316 2660 3457 2730 ὡςὴ
3492 2660 3677 2730 Λεπτή

2029 2740 2267 2805 Μωσέως
2322 2744 2532 2808 Γὲνεσις
2604 2745 2792 2821 φησὶν,
2846 2753 2948 2818 τῆς
3006 2746 3208 2810 οἰκείας
3259 2747 3530 2820 πεσούσης
3588 2749 3679 2823 ἐπ,

2028 2830 2190 2916 αὐτὸν
2216 2830 2462 2904 τελευτᾷ·
2520 2832 2694 2898 λίθοις
2750 2834 2854 2911 γὰρ
2910 2836 3001 2891 τὸν
3061 2834 3296 2916 ἀδελφὸν
3361 2834 3527 2896 Ἅϐελ
3581 2840 3677 2895 άπ-

2029 2915 2249 2990 έκτεινε,
2274 2919 2364 2976 καὶ
2387 2918 2569 2986 λίθοις
2597 2923 2807 2998 ὁμοίως
2827 2923 2918 2980 καὶ
2949 2924 3108 2989 αὐτὸς
3138 2927 3464 2999 ἀπεκτάνθη.

2096 3010 2219 3066 ’Ὁτι
2293 3009 2321 3064 ὁ
2379 3011 2496 3081 Σήθ
2563 3011 2750 3088 τρίτος
2828 3013 2947 3076 υἱὸς
3033 3013 3387 3093 ἆναγέγραται
3470 3014 3672 3091 ’Δδάμ·

2026 3097 2085 3159 ’ὀς
2186 3099 2286 3168 τήν
2395 3095 2534 3154 ἷδίαν
2635 3097 2877 3180 ἀδελφὴν
2982 3102 3228 3179 Ἀσουάμ
3325 3103 3673 3177 καλουμένην

2022 3189 2206 3263 γήμας
2280 3186 2536 3265 ἐγέννησε
2618 3190 2709 3245 τὸν
2794 3192 2982 3254 Ἐνώς.
3070 3193 3339 3271 Σημαίνει
3423 3190 3484 3250 δὶ
3562 3196 3676 3266 Σὴθ

2023 3276 2386 3348 ἐξανάστασιν.
2465 3280 2779 3355 Ὠνομάσθη
2883 3279 2941 3338 δὲ
3013 3283 3104 3339 καὶ
3181 3285 3312 3350 Θεὺς
3387 3282 3478 3341 διὰ
3577 3287 3676 3355 τήν

2025 3365 2236 3442 λάμψιν
2291 3373 2392 3424 τοῦ
2452 3369 2750 3444 προσώπου
2824 3370 3012 3444 αὐτοῦ,
3095 3372 3161 3444 ἢν
3236 3373 3395 3449 ἔσγεν
3449 3373 3502 3431 ἐν
3570 3375 3675 3450 ὅλῃ

2024 3454 2189 3512 αὐτοῦ
2245 3462 2314 3533 τῇ
2401 3463 2537 3534 ζωῇ.
2622 3459 2835 3530 Ταύτην
2910 3458 2968 3517 δὶ
3024 3464 3123 3532 τήν
3185 3465 3346 3539 χάριν
3402 3464 3492 3520 καὶ
3546 3470 3677 3523 Μω-

2024 3550 2122 3614 σῆς
2197 3543 2366 3619 ἔχων,
2440 3547 2505 3602 τὸ
2604 3547 2873 3622 κάλυμμα
2973 3551 3140 3616 τιθεὶς
3248 3550 3460 3626 ὦμίλεῖ
3556 3559 3676 3618 τοῖς

2026 3629 2360 3697 Ἰουδαίοις.
2463 3636 2589 3692 Ἐπὶ
2693 3638 2917 3714 χρόνοις
3014 3641 3419 3715 τεσσαράκοντα
3520 3645 3674 3719 (24),

2019 3727 2137 3786 τοῖς
2165 3744 2224 3780 τε
2252 3723 2387 3781 ἒπτᾶ
2436 3723 2740 3797 πλανήταις
2797 3726 3045 3802 ὀνόματα
3100 3731 3384 3804 τεθεικὼς,
3442 3731 3533 3788 καὶ
3569 3734 3672 3804 τὴν

2019 3818 2128 3869 τῶν
2167 3808 2428 3889 οὸρανίων
2478 3818 2745 3888 κινήσεων
2796 3819 2984 3899 σοφίαν
3033 3818 3317 3891 ἐπενόησε.
3378 3823 3478 3879 Καὶ
3537 3824 3673 3893 στή-

2020 3902 2122 3966 λας
2175 3902 2295 3975 δύο,
2362 3903 2574 3977 λιθίνην
2619 3928 2679 3964 τε
2733 3909 2824 3964 καὶ
2881 3908 3197 3983 πλινθίνην,
3262 3912 3659 3974 κατασκευάσας

2019 3991 2130 4048 ἐκεῖ
2156 3998 2324 4050 ταῦτα
2372 3991 2628 4072 ἔγραψεν,
2687 3995 2846 4062 εἰδὼς
2903 4001 3003 4071 τήν
3054 4004 3151 4055 τοῦ
3207 4002 3403 4063 παντὸς
3462 4001 3662 4081 φθορὰν

2015 4081 2107 4138 καὶ
2134 4083 2208 4145 ὡς
2235 4082 2281 4139 εί
2316 4085 2409 4158 μὶν
2442 4084 2495 4155 ἐξ
2549 4082 2743 4149 ὕδατος
2803 4090 3050 4163 γένηται,
3106 4091 3205 4160 τήν
3244 4088 3461 4161 λεθίνην
3493 4090 3660 4159 σώζε-

2015 4183 2160 4243 σθαι,
2192 4171 2237 4227 εί
2269 4170 2329 4228 δὲ
2358 4170 2447 4228 διὰ
2480 4174 2676 4250 πυρὸς,
2712 4178 2813 4247 τὴν
2868 4176 3177 4249 πλινθίνην·
3235 4179 3357 4249 ἥτις
3411 4179 3666 4250 σώζεται,

2016 4262 2092 4324 ὡς
2120 4263 2387 4334 Ἰώσηπος
2429 4270 2713 4342 μαρτυρεῖ,
2744 4264 2823 4328 είς
2852 4267 2913 4322 τὸ
2947 4265 3165 4344 Σίριδον
3210 4264 3357 4345 ὅρος,
3421 4267 3528 4332 ’ὲως
3577 4268 3670 4325 καὶ

2012 4354 2124 4408 νῦν.
2208 4352 2382 4417 Οὗτος
2467 4352 2558 4410 καὶ
2614 4354 2682 4410 τὰ
2738 4350 3000 4430 Ἐϐραϊκά
3059 4355 3356 4431 γράμματα
3406 4358 3671 4434 συνεγρά-

2013 4442 2174 4514 ψατο.
2256 4444 2353 4516 Τῷ
2425 4443 2527 4520 γὰρ
2616 4441 2976 4517 διακοσιοστῷ
3051 4450 3360 4521 τριακοστῷ
3414 4440 3522 4501 ἔτει
3574 4450 3671 4503 τοῦ

2014 4528 2191 4605 Ἀδάμ
2220 4529 2477 4606 ἐγεννήθη
2512 4533 2540 4587 ὁ
2575 4534 2706 4602 Σὴθ,
2741 4534 2829 4589 καὶ
2897 4532 3190 4609 γενόμενος
3249 4533 3383 4592 έτων
3443 4531 3671 4591 δώδὲκα³

2011 4616 2454 4694 ἀπεγαλακνίσθη
2489 4640 2501 4654 ·
2563 4620 2655 4676 καὶ
2711 4625 2791 4694 τῷ
2848 4619 3212 4695 διακοσιοστῷ
3266 4619 3668 4698 ἑϐδομηκοστῷ

257 4713 405 4764 turis
436 4723 679 4765 suorum
737 4713 1112 4779 posterorum
1171 4704 1516 4778 impietatis,
1577 4706 1678 4777 qui
1720 4704 1902 4762 iidem

2031 4703 2121 4764 ἔτει
2145 4712 2244 4765 τοῦ
2277 4706 2457 4783 Ἀδάμ
2479 4711 2507 4765 ὁ
2538 4711 2656 4779 Σήθ
2683 4710 2978 4787 ἀραπαγεῖς
3025 4711 3128 4768 ὑπὸ
3165 4712 3401 4788 ἀγγέλου
3455 4713 3665 4786 ἐμυάθη

259 4798 576 4870 Egregores
605 4798 984 4870 appellantur
1040 4802 1098 4853 et
1151 4795 1260 4851 filii
1316 4795 1443 4863 Dei,
1495 4810 1564 4849 ac
1609 4794 1814 4852 diluvii
1845 4803 1906 4853 et

2031 4798 2082 4853 τά
2120 4797 2246 4874 περὶ
2274 4805 2377 4870 τῆς
2401 4784 2760 4875 παραϐάσεως
2821 4784 3101 4876 μέλλοντα
3157 4784 3367 4858 ἔσεσθαι
3395 4784 3507 4858 τῶν
3538 4803 3669 4859 υἱῶν

1451 4977 1811 5037 XYLANDRI
1850 4981 1945 5037 ET
1980 4981 2201 5039 GOARI
2239 4985 2463 5041 ΝΟΤᾸΞ.

329 5126 435 5194 (24)
492 5122 739 5189 Χρόνους
797 5124 1143 5196 frequenter
1188 5119 1321 5176 loco
1378 5123 1637 5196 ενιαυτῶν
1706 5124 1899 5196 ponit,

257 5192 425 5265 quod
444 5196 616 5253 facile
647 5204 736 5253 est
786 5192 971 5251 cuivis
1029 5195 1362 5250 observare.
1414 5192 1533 5265 Sed
1591 5192 1728 5249 ante
1775 5195 1900 5252 haec

256 5264 435 5339 verba
465 5268 632 5323 deest
671 5268 896 5339 aliqiud
931 5286 943 5323 :
1006 5264 1596 5339 itaqueasteriscnm
1628 5266 1894 5339 appinxi.

257 5338 429 5411 Apud
460 5336 788 5411 Iosephum'
811 5356 930 5396 non
963 5344 1052 5394 est
1077 5336 1305 5392 Siridus
1362 5352 1574 5411 mons.
1604 5336 1725 5393 sed
1764 5337 1899 5411 κατὰ

252 5406 351 5484 τῇν
387 5406 645 5480 Συριαδᾶ,
697 5412 780 5476 in,
817 5412 1001 5484 Syria.
1061 5406 1580 5484 Egregores__quid
1619 5410 1899 5484 vocabuli

256 5481 355 5547 sit,
389 5479 509 5537 non
540 5479 958 5555 assequorfDe
989 5479 1338 5555 coruscante
1383 5479 1758 5555 Mosts__facie
1807 5499 1900 5538 res

256 5558 346 5608 est
376 5568 443 5608 ex
474 5555 657 5610 sacris
682 5550 915 5610 Litteris
944 5559 1106 5615 nota,
1127 5550 1307 5607 Exod.
1328 5564 1519 5619 xxxvr,
1553 5551 1602 5606 ll
1631 5554 1897 5611 Corinth.

249 5640 331 5696 ιιι,
364 5632 476 5681 etc.
509 5624 649 5683 Χγσ.
695 5626 876 5682 Filios
905 5626 1043 5682 Seth
1074 5626 1192 5681 Deo
1223 5621 1492 5692 dilectos,
1549 5623 1700 5693 pios,
1762 5643 1898 5697 pro-

2011 5140 2199 5214 (ξενος,
2232 5127 2547 5214 formosos,
2591 5129 2953 5214 sacerdotes,
2988 5134 3269 5214 natarum
3318 5130 3460 5188 Cain
3507 5131 3666 5214 cupi-

2012 5196 2148 5253 dine
2180 5205 2404 5274 captos2
2438 5217 2677 5256 necnon
2721 5196 2963 5259 exortos
3020 5219 3086 5259 ex
3134 5203 3378 5274 profano
3409 5219 3544 5260 cum
3582 5196 3677 5259 iis

2008 5270 2321 5356 complexu
2342 5270 2566 5356 liberos
2600 5270 3221 5356 Georgius_SyncelIus
3252 5281 3419 5356 vocat
3450 5274 3664 5356 :11:qu-

2005 5343 2173 5415 γόρου
2205 5364 2235 5421 ρ
2263 5343 2335 5421 ab
2366 5350 2607 5421 edomare
2633 5343 2822 5421 dictos
2855 5343 3220 5421 Ἐγρήγορᾳς,
3239 5347 3497 5421 _a_patris
3526 5343 3664 5421 seu.

2008 5366 2173 5415 γῠρου
2207 5366 2235 5392 ››
2263 5366 2335 5399 an
2366 5366 2607 5400 aucwre
2633 5366 2822 5402 uicws
2856 5366 2913 5401 rs
2958 5366 3022 5421 ρη
3068 5366 3220 5418 ορας,
3247 5366 3283 5404 a
3312 5366 3497 5418 patris
3526 5366 3664 5403 Dem

2008 5420 2312 5496 venustate
2336 5431 2349 5470 :
2373 5409 2633 5496 ,Εέίσεϐἠς
2669 5415 2738 5496 ἧῌν
2770 5415 2799 5471 ὁ
2832 5366 2951 5496 Σὴθ
2976 5366 3078 5496 καλ.
3103 5412 3500 5496 εὐδιάπλαοξτος
3527 5416 3664 5496 opo-

2010 5480 2140 5557 δρα,
2193 5484 2283 5539 καὶ
2341 5485 2392 5541 οί
2446 5485 2499 5557 ἕξ
2556 5480 2725 5543 ανῦτοῧ
2775 5480 2970 5552 πάντες
3028 5482 3266 5551 εὐσεϐεῖς
3323 5487 3414 5545 καὶ
3470 5480 3663 5566 ὡράῖοι

2007 5553 2167 5624 ἦσαν.
2201 5558 2377 5615 chi.

2051 5574 2167 5613 σαν.
2201 5574 2377 5615 una.

4058 3534 4087 3705 ι

4040 3538 4094 6264 Ξ
