4094 6292
298 429 367 487 41
1292 478 1297 481 ν
1443 423 1988 486 HISTORIARUM
2033 426 2578 490 COMPENDIUM.
3635 429 3712 488 43

294 558 463 614 αὗτοῦ
493 556 647 635 (ἤτοι
699 564 812 616 τῶν
870 548 1251 638 Ἐγρηγόρων,
1310 557 1511 621 οἵτινες
1555 556 1646 613 καὶ
1678 556 1789 613 υἱοὶ
1815 562 1949 613 Θεοῦ

2063 560 2349 617 adventus
2375 563 2722 619 Servatoris.
2738 564 2883 619 Cum
2914 569 3111 620 autem
3130 560 3587 636 quadragesima
3615 562 3711 618 die

295 647 574 725 ἐλέγοντο)
632 651 727 704 καὶ
784 651 854 706 τὰ
901 650 1026 724 περὶ
1079 655 1179 705 τοῦ
1255 648 1653 721 κατακλυσμοῦ
1708 648 1798 702 καὶ
1853 652 1957 716 τῆς

293 740 601 814 παρουσίας
650 744 755 794 τοῦ
816 746 1097 814 Σωτῆρος.
1153 739 1367 813 Ἡμέρᾳ
1436 735 1492 792 δὲ
1550 740 1954 811 τεσσαρακοστῇ

300 826 536 905 ἄφαντος
563 830 829 903 γεγονὼς,
878 829 1052 892 ἐλθὼν
1104 825 1409 903 διηγήσατο
1450 832 1569 889 τοῖς
1618 824 1959 903 πρωτοπλά-

296 938 450 979 στοις
482 916 581 972 ὅσα
605 916 822 991 ἐμυήθη
855 916 946 973 διὰ
974 922 1072 972 τοῦ
1126 916 1389 993 ἀγγέλου.
1425 915 1656 986 Εὐειδὴς
1683 914 1741 972 δὲ
1769 916 1836 985 ἧν
1864 916 1956 971 καὶ

294 1003 705 1069 εὐδιάπλαστος
760 1003 935 1081 σόδρα
990 1008 1155 1069 αὐτός
1213 1027 1273 1061 τε
1318 1005 1409 1061 καὶ
1468 1007 1520 1061 οἱ
1551 1005 1600 1076 ἐξ
1634 1007 1803 1061 αὐτοῦ
1834 1025 1956 1082 γεν-

300 1097 562 1170 νώμενοι,
595 1097 935 1175 Ἐγρήγορες
987 1096 1078 1151 καὶ
1134 1095 1245 1150 υἱοὶ
1303 1098 1438 1151 Θεοῦ
1496 1090 1584 1150 διὰ
1612 1095 1711 1163 τὴν
1743 1094 1956 1168 λάμψιν

296 1190 401 1241 τοῦ
427 1185 728 1262 προσώπου
776 1188 877 1240 τοῦ
939 1186 1052 1253 Σὴθ
1111 1183 1418 1260 λεγόμενοι·
1449 1183 1540 1239 καὶ
1587 1184 1686 1253 τήν
1737 1183 1956 1258 ὑψηλο-

295 1277 459 1350 τέραν
489 1282 593 1353 γῆν
629 1281 731 1345 τῆς
779 1269 950 1347 Ἐδὶμ
1005 1273 1203 1347 ᾣκουν,
1241 1273 1482 1344 πλησίον
1537 1276 1636 1330 τοῦ
1693 1270 1956 1349 παραδεί-

292 1385 396 1421 σου
442 1363 748 1438 ἆγγελικῶς
800 1364 1073 1439 βιοῦντες,
1111 1361 1218 1425 ’ὲως
1266 1365 1364 1417 τοῦ
1408 1359 1701 1440 χιλιοστοῦ
1745 1381 1951 1435 κοσμι-

288 1457 396 1509 κοῦ
456 1450 632 1514 ἔτους.
689 1452 907 1508 Τούτων
959 1454 1059 1522 τὴν
1110 1449 1359 1527 ἑνάρετον
1407 1448 1687 1506 πολιτείαν
1748 1451 1823 1523 μὴ
1859 1449 1955 1528 φέ-

292 1563 406 1618 ρων
438 1544 469 1598 ὁ
490 1541 799 1618 ἀρχέκακος
825 1541 1071 1616 βλέπειν,
1098 1542 1172 1604 εἷς
1196 1542 1295 1610 τήν
1321 1540 1637 1616 ὡραιότητα
1654 1545 1764 1596 τῶν
1791 1551 1954 1617 θυγα-

286 1630 467 1705 τέρων
498 1636 605 1686 τῶν
638 1630 939 1705 ανθρώπων
983 1630 1108 1700 ἢτοι
1164 1634 1267 1685 τοῦ
1308 1635 1440 1686 Καϊν
1472 1628 1665 1692 αὐτοὺς
1695 1622 1947 1704 ἔτρωσεν.

365 1722 453 1795 [Α.
489 1721 566 1793 9.]
597 1721 722 1777 Ὀτι
772 1719 857 1786 τὸ,
917 1743 944 1770 ι(
975 1719 1142 1781 Ἐνὼς
1193 1715 1429 1788 ἤλπισεν
1480 1717 1853 1774 ἐπικαλεῖσθαι
1886 1717 1948 1773 τὸ

290 1809 472 1881 ὗνομα
516 1809 722 1884 Κυρίου
776 1812 874 1864 τοῦ
924 1807 1057 1864 Θεοῦ
1115 1812 1332 1882 πρῶτος
1367 1831 1395 1858 n
1455 1805 1945 1884 προσαγορεύεσθαι

2065 670 2302 708 rursum
2334 653 2396 709 in
2426 654 2739 711 hominum
2769 660 3152 727 conspectum
3178 655 3469 719 rediisset,
3505 673 3713 730 paren-

2065 743 2222 798 tibus
2248 760 2317 799 ea
2341 744 2556 817 quibus
2579 744 2652 800 ab
2671 746 2879 818 angelo
2895 745 3193 801 initiatum
3211 745 3469 803 diximus
3498 748 3711 803 recita-

2063 832 2164 885 vit.
2197 834 2235 887 l
2251 835 2289 887 7
2316 834 2633 889 Formosus
2654 840 2852 890 autem
2870 832 3192 891 admodum
3230 835 3362 900 fuit,
3378 830 3446 892 et
3464 836 3711 908 pulchre

2067 919 2203 974 ficto
2236 936 2484 993 corpore
2505 937 2642 979 cum
2672 923 2800 995 ipse
2833 930 2955 980 tum
3007 930 3064 979 et
3119 925 3413 997 prognati,
3457 925 3708 998 Egrego-

2062 1024 2158 1064 res
2190 1014 2249 1064 et
2280 1008 2381 1066 Dei
2416 1010 2524 1066 filii
2557 1011 2631 1067 ob
2659 1012 2821 1068 Sethi
2880 1012 3052 1069 faciei
3101 1011 3480 1085 splendorem
3520 1012 3660 1071 dicti
3692 1030 3708 1083 ;

2064 1102 2404 1171 terramque
2434 1100 2652 1156 Edenis
2681 1098 3091 1158 sublimiorem
3125 1103 3524 1172 incoluerunt,
3569 1100 3709 1160 vici-

2063 1186 2246 1258 nique
2296 1188 2572 1261 paradiso
2632 1191 2810 1247 vitam
2870 1186 3217 1265 angelorum
3273 1182 3405 1248 vita;
3453 1191 3713 1249 similem

2063 1281 2313 1348 egerunt
2340 1293 2528 1349 usque
2560 1277 2637 1335 ad
2665 1278 3053 1336 millesimum
3081 1279 3287 1337 mundi
3313 1274 3716 1351 annum.Quo-

2061 1381 2195 1421 rum
2226 1365 2541 1422 honestam
2570 1368 2704 1423 vitae
2730 1368 3227 1432 consuetudinem
3257 1375 3465 1427 auctor
3482 1364 3711 1446 primus

2061 1453 2357 1510 malorum
2389 1452 2609 1512 intueri
2641 1473 2761 1513 non
2793 1458 3116 1529 sustinens,
3150 1454 3520 1517 formositate
3559 1460 3712 1518 illia-

2060 1558 2193 1599 rum
2224 1540 2560 1613 hominum,
2589 1544 2650 1601 id
2681 1552 2767 1602 est
2798 1544 2985 1617 Caini,
3019 1565 3120 1603 eos
3150 1549 3457 1609 sauciavit.

2131 1714 2263 1769 Haec
2294 1715 2471 1772 verba
2504 1738 2531 1767 ‹‹
2564 1717 2796 1773 Enosus
2830 1718 3059 1789 primus
3108 1720 3367 1790 speravit
3422 1704 3711 1795 appellari

2057 1817 2279 1859 nomen
2311 1806 2546 1861 Domini
2578 1807 2702 1874 Dei,
2741 1828 2762 1857 ι
2800 1807 2909 1862 hoc
2943 1808 3302 1880 signiﬁcant,
3336 1800 3709 1867 nomiue‘lmi

291 1900 524 1973 ὀνόματι
556 1903 711 1969 Θεοῦ,
743 1894 886 1954 ἔστιν
1099 1899 1267 1961 Ἐνὼς
1315 1899 1421 1975 γὰρ
1459 1897 1811 1974 ἑρμηνεύεται
1841 1896 1941 1953 ἅν-

2062 1893 2247 1948 vocari
2272 1911 2284 1948 :
2309 1910 2446 1949 nam
2469 1894 2754 1951 Hebraica
2775 1896 2977 1968 lingua
2999 1896 3227 1953 Enosus
3252 1894 3426 1953 homo
3468 1905 3574 1955 est.
3617 1899 3707 1955 Sic

288 1992 513 2064 θρωπος
567 1990 705 2044 κατὰ
770 1990 862 2045 τὸν
922 1982 1208 2063 Ἐϐραϊκὸν
1263 1993 1405 2043 νοῦνο
1467 1987 1638 2050 οὕτως
1667 1989 1695 2043 ὁ
1744 1989 1942 2061 Σωτὴρ

287 2080 417 2140 Υἱὸς
446 2077 619 2140 ὅντως
648 2077 966 2153 ἀνθρώπου,
998 2078 1135 2132 κατᾶ
1172 2077 1263 2133 τὸ)
1294 2078 1518 2156 φυσικὸν
1552 2075 1720 2152 λόγον
1753 2078 1952 2152 Ἀφρι-

287 2172 480 2225 κανοῦ.
516 2167 686 2231 Ἑνὼς
716 2165 773 2222 δὲ
815 2171 972 2242 γεννᾷ
999 2167 1092 2221 τὸν
1121 2165 1443 2236 Μαλελεήλ,
1477 2168 1505 2221 ὁ
1537 2163 1594 2221 δὲ
1620 2167 1712 2221 τὸν
1745 2163 1948 2242 Ἴάρεδ,

282 2255 336 2330 ἐξ
370 2256 435 2311 οὗ
466 2257 672 2331 Ἑνώχ.
726 2255 901 2317 Οὗτος
960 2260 1179 2331 πρῶτος
1233 2256 1538 2330 γράμματα
1573 2255 1826 2327 μανθάνει
1858 2270 1948 2325 καὶ

284 2342 555 2415 διδάσκει,
612 2346 707 2400 καὶ
764 2345 926 2399 θείων
985 2344 1300 2417 μυστηρίων
1335 2343 1738 2419 ἀποκαλύψεως
1765 2344 1953 2415 ἀξιοῦ-

278 2456 395 2491 ται.
429 2436 537 2491 Καὶ
576 2435 772 2508 πρώτη
822 2430 1075 2509 περίοδος
1134 2438 1243 2489 τῶν
1289 2433 1656 2489 πεντακοσίων
1698 2433 1949 2509 τριάκον-

280 2545 347 2580 τα
380 2522 479 2579 δύο
510 2522 647 2579 ἐτῶν
680 2524 1016 2599 πληροῦται·
1048 2522 1117 2591 ἦν
1172 2519 1231 2577 δὲ
1286 2523 1485 2599 χρόνος
1544 2526 1640 2577 τοῦ
1704 2523 1797 2595 μὲν
1836 2525 1949 2592 Σήθ

280 2613 591 2687 τριακόσιοί
627 2610 747 2683 δύο,
780 2615 881 2666 τοῦ
911 2610 971 2666 δὲ
1000 2612 1185 2687 Ἑνὼχ
1218 2610 1734 2681 ἐννενηκονταοκτώ.

357 2797 482 2851 Ὀτι
508 2790 699 2865 Ἀδὰμ
727 2795 811 2864 τῷ
857 2791 1220 2863 ἓξακοσιοστῷ
1272 2785 1377 2846 ἔτει
1441 2793 1778 2864 μετανοήσας
1807 2790 1948 2866 ἔγνω

288 2880 361 2938 δι’
390 2879 802 2955 ἀποκαλύψεως
859 2880 928 2935 τὰ
978 2879 1104 2950 περὶ
1158 2884 1266 2934 τῶν
1325 2879 1680 2957 Ἑγρηγόρων
1730 2880 1950 2935 καὶτοῦ

287 2971 706 3045 κατακλυσμοῦ,
745 2972 838 3023 καὶ
896 2968 962 3023 τὰ
1018 2968 1143 3043 περὶ
1206 2967 1489 3039 μετανοίας
1541 2968 1630 3023 καὶ
1679 2971 1781 3033 τῆς
1805 2967 1950 3030 θείας

288 3060 640 3133 σαρκώσεως,
687 3058 781 3113 καὶ
839 3057 963 3131 περὶ
1020 3060 1130 3112 τῶν
1190 3057 1309 3110 καθ’
1368 3056 1596 3126 ἑκάστην
1627 3057 1770 3131 ὥραν
1799 3059 1947 3128 ἠμε-

288 3153 448 3224 ριν-ἧν
505 3150 599 3205 καὶ
674 3149 988 3223 νυκτερινὴν
1068 3146 1548 3220 ἆναπεμπομένων
1633 3145 1814 3220 εὐχῶν
1869 3150 1949 3217 τῷ

286 3244 413 3311 Θιῷ
436 3238 547 3293 απὸ
573 3239 784 3293 πάντων
845 3240 957 3292 τῶν
1010 3235 1322 3308 κτισμάτων
1378 3232 1448 3289 δι’
1490 3231 1705 3309 Ονόριὴλ
1735 3237 1831 3288 τοῦ
1857 3231 1945 3287 ἐπὶ

293 3335 401 3395 τῆς
439 3324 719 3397 μετανοίας
746 3323 1120 3405 ἀρχαγγέλου,
1172 3324 1372 3386 οὕτως·
1413 3325 1555 3396 ⁸Ὠρᾳ
1582 3322 1776 3397 πρώτᾳ
1802 3323 1942 3393 ἠμε-

301 3418 434 3487 ρενῇ
466 3413 653 3487 πρώτη
683 3411 815 3489 εὗχή
846 3412 1177 3469 ἐπιτελεῖται
1231 3413 1284 3467 ἐν
1336 3415 1418 3484 τῷ
1458 3409 1695 3485 οὐρανῷ,
1728 3407 1948 3483 δευτέρᾳ

296 3502 443 3577 εὐχὴ
496 3500 762 3578 ἄγγέλων,
811 3503 970 3577 τρίτῃ
1022 3500 1162 3576 εὖχή
1216 3505 1459 3571 πτηνῶν,
1532 3498 1760 3573 τετάρτῃ
1804 3497 1943 3573 εὐχὴ

284 3597 531 3662 κτηνῶν,
560 3592 779 3667 πέμπτῃ
844 3590 985 3665 εὖχῆ
1043 3590 1273 3665 θηρίων,
1316 3587 1441 3662 ἕκτῃ
1497 3585 1748 3664 ἀγγέλων
1772 3587 1949 3663 παρά·

284 3700 475 3742 στασις
529 3680 621 3735 καὶ
681 3678 951 3755 διάκρισις
997 3680 1178 3750 πάσης
1235 3678 1485 3765 κτίσεως,
1538 3672 1750 3765 ἑϐδόμῃ
1792 3678 1951 3765 ἀγγέ,

279 3769 400 3825 λων
431 3766 646 3831 εἴσοδος
712 3768 848 3841 πρὸς
900 3769 1029 3823 Θεὸν
1083 3769 1174 3823 καὶ
1233 3763 1417 3840 ἔξοδος
1474 3763 1752 3843 ἀγγέλων,
1781 3763 1951 3843 ὀγδόῃ

284 3859 494 3920 αἲνεσις
546 3858 640 3912 καὶ
695 3858 877 3931 θυσίαι
935 3855 1206 3931 ἀγγέλων,
1265 3856 1451 3930 ἐννάτῃ
1499 3852 1682 3927 δέησις
1727 3856 1815 3911 καὶ
1848 3853 1952 3911 λα-

292 3947 447 4023 τρεία
477 3947 795 4022 ἀνθρώπου,
851 3943 1048 4019 δεκάτῃ
1104 3944 1396 4001 ἐπισκοπαὶ
1454 3942 1662 4000 ὑδάτων
1698 3945 1790 3999 καὶ
1822 3942 1952 4014 δεή-

294 4057 409 4100 σεις
437 4036 712 4111 οὐρανίων
751 4035 843 4089 καὶ
895 4033 1166 4109 ἐπιγείων,
1223 4031 1478 4107 ἑνδεκάτῃ
1505 4032 1952 4107 ἀνθομολόγησις

289 4124 388 4181 καῖ
418 4123 750 4202 ἂγαλλίασις
780 4124 1023 4195 πάντων,
1054 4120 1335 4198 δωδεκάτῃ
1384 4117 1613 4192 ἔντευξις
1650 4121 1952 4196 ἀνθρώπων

292 4214 373 4277 εἷς
407 4212 683 4275 εὐδοκίας.
712 4210 860 4285 Τῷδὶ
890 4211 1286 4285 ἐννακοσιοστῷ
1302 4214 1610 4288 τριακοστῷ
1633 4208 1739 4266 ἔτει
1773 4207 1953 4283 ’Δδᾶμ

288 4300 577 4375 ἐκοιμήοη
633 4303 754 4356 κατ’
806 4300 975 4371 αὐτὴν
1026 4308 1128 4371 τῆς
1186 4295 1543 4375 παραϐάσεως
1590 4299 1822 4373 ἡμέραν,
1861 4298 1951 4353 καὶ

289 4391 376 4453 εἷς
426 4391 524 4458 τὴν
580 4396 681 4466 γῆς
738 4388 788 4459 ἕξ
841 4391 907 4458 ἧς
963 4387 1177 4467 ἐλήφθη
1236 4386 1471 4459 ἀπῆλθε,
1502 4387 1832 4463 καταλείψας
1864 4385 1955 4462 ἄῤ-

2059 1982 2332 2037 Servator
2350 1982 2535 2037 Filius
2556 1999 2690 2038 vere
2712 1983 2998 2050 hominis,
3017 1989 3081 2039 ut
3102 1985 3412 2041 Africanus
3443 1986 3504 2040 in
3535 1990 3708 2042 natu-

2060 2070 2169 2125 rali
2192 2072 2460 2128 oratione
2483 2076 2689 2127 auctor
2707 2078 2817 2128 est.
2841 2073 3067 2128 Enosus
3092 2073 3457 2129 Maleleelem
3479 2075 3704 2147 genuit,

2059 2158 2109 2214 is
2137 2161 2436 2218 Jaredum.
2473 2162 2590 2217 Hoc
2624 2161 2895 2217 Enochus
2927 2163 3212 2220 nascitur.
3263 2158 3535 2220 Enochus
3591 2165 3708 2236 pri-

2059 2265 2192 2305 mus
2218 2249 2425 2305 didicit
2447 2266 2514 2305 ac
2546 2250 2747 2307 docuit
2778 2250 3027 2317 litteras,
3063 2269 3130 2307 ac
3162 2244 3495 2308 divinorum
3544 2240 3709 2309 arca-

2057 2353 2272 2394 norum
2293 2340 2689 2412 patefactione
2716 2334 2929 2413 dignus
2960 2347 3050 2397 est
3069 2341 3326 2398 habitus.
3351 2342 3494 2398 Tum
3518 2343 3712 2414 prima

2057 2429 2521 2502 quingentorum
2553 2431 2797 2502 triginta
2823 2429 3075 2486 duorum
3114 2447 3411 2488 annorum
3469 2428 3705 2489 revolu-

2059 2518 2140 2572 tio
2169 2517 2429 2589 perfecta
2459 2523 2567 2586 est,
2600 2535 2825 2576 annum
2878 2525 3086 2592 agente
3146 2516 3324 2576 Setho
3374 2521 3706 2578 secundum

2057 2623 2091 2662 a
2163 2608 2604 2676 trecentesimo,
2690 2608 2928 2665 Enocho
3009 2602 3471 2681 nonagesimum
3552 2606 3707 2668 octa-

2059 2711 2218 2752 vum.

2129 2786 2388 2843 Adamus
2441 2789 2871 2844 sexcentesimo
2924 2787 3085 2845 anno
3140 2806 3276 2845 cum
3336 2790 3707 2867 resipuisset,

2057 2875 2450 2945 patefactione
2481 2877 2677 2933 divina
2706 2878 2779 2933 de
2807 2879 3205 2951 Egregoribus
3238 2884 3298 2933 et
3326 2879 3544 2936 diluvio
3568 2880 3708 2936 edo-

2057 2969 2185 3019 ctus
2214 2970 2323 3029 est,
2355 2982 2423 3021 ac
2471 2966 2542 3020 de
2590 2968 2939 3037 paenitentia
2996 2972 3054 3021 et
3119 2962 3531 3023 incarnatione
3580 2969 3706 3036 Dei,

2057 3056 2233 3122 atque
2289 3051 2362 3107 de
2419 3052 2693 3124 precibus
2753 3070 2884 3125 quze
2929 3054 3005 3109 ad
3048 3054 3237 3110 Deum
3283 3054 3355 3110 ab
3413 3055 3710 3112 universis

2056 3143 2344 3195 creaturis
2362 3140 2479 3195 diei
2502 3158 2567 3196 ac
2586 3141 2779 3196 noctis
2822 3141 3072 3215 singulis
3119 3138 3284 3198 horis
3325 3142 3710 3216 perferuntur

2056 3227 2130 3282 ab
2160 3227 2379 3293 Urielo,
2413 3229 2513 3301 qui
2545 3229 2890 3302 angelorum
2921 3232 3200 3305 princeps
3254 3232 3704 3306 (archangelum

2057 3314 2239 3373 Graeci
2262 3316 2491 3389 vocant)
2517 3318 2880 3390 poenitentia:
2922 3321 3278 3392 praepositus
3330 3326 3437 3377 est.
3481 3322 3594 3378 Res
3623 3322 3707 3377 ita

2056 3402 2263 3459 habet:
2281 3407 2321 3460 ι
2334 3404 2382 3460 8
2399 3406 2597 3461 Prima
2613 3405 2729 3462 diei
2742 3407 2890 3463 hora
2901 3424 3106 3479 preces
3120 3415 3483 3482 peraguntur
3495 3411 3701 3482 prima:

2055 3494 2117 3547 in
2146 3494 2316 3563 caelo,
2349 3495 2611 3551 secunda
2637 3513 2844 3568 preces
2888 3498 3258 3571 angelorum,
3318 3492 3491 3555 tertia
3538 3500 3705 3556 volu-

2055 3583 2921 3657 crium,quartajumentorum,
2939 3589 3149 3659 quinta
3160 3589 3509 3645 bestiarum:
3540 3595 3706 3646 sexta.

2054 3672 2247 3745 angeli
2269 3674 2574 3741 assistunt,
2601 3686 2926 3746 omnesque
2951 3676 3343 3732 dicernuntur
3374 3683 3659 3734 creaturas
3687 3694 3702 3745 ;

2056 3763 2308 3835 septima
2337 3762 2411 3818 ad
2440 3763 2628 3819 Deum
2659 3764 2854 3837 angeli
2886 3765 3114 3820 intrant
3143 3772 3200 3820 et
3218 3771 3438 3822 exeunt
3460 3784 3475 3833 ;
3500 3771 3703 3823 octava

2055 3848 2316 3908 laudatio
2339 3858 2395 3908 et
2417 3853 2709 3909 sacriﬁcia
2752 3853 3117 3927 angelorum,
3148 3871 3307 3911 nona
3350 3856 3611 3928 precatio
3642 3862 3702 3913 et

2054 3941 2250 3996 cultus
2275 3941 2347 3997 ab
2379 3942 2743 4010 hominibus,
2777 3942 3008 4000 decima
3063 3960 3354 4016 aquarum
3411 3944 3700 4018 inspectio

2057 4046 2382 4102 precesque
2402 4031 2731 4088 caelestium
2758 4039 2815 4088 et
2831 4034 3546 4101 terrestrium,undecima
3569 4052 3705 4092 mu-

2057 4124 2159 4175 tua
2199 4119 2492 4175 confessio
2546 4126 2606 4175 et
2652 4122 2935 4178 exultatio
2996 4124 3288 4189 omnium,
3356 4123 3709 4181 duodecima

2057 4206 2455 4279 interpellatio
2476 4208 2787 4264 hominum
2810 4210 2927 4265 Deo
2952 4211 3482 4282 accepta.Adamus
3500 4204 3711 4268 nonin-

2057 4297 2384 4368 gentesimo
2438 4294 2737 4353 tricesimo
2795 4314 2959 4354 anno
3026 4300 3143 4355 vita
3200 4299 3514 4358 defunctus
3597 4292 3710 4373 est,

2059 4386 2266 4442 eadem
2298 4403 2416 4458 qua
2446 4388 2588 4443 olim
2654 4389 2991 4462 deliquerat
3045 4391 3185 4460 die;
3248 4397 3307 4447 et
3353 4394 3416 4449 in
3466 4400 3708 4461 terram,

288 4479 456 4555 ῥένας
489 4478 639 4541 υἱοὺς
672 4478 760 4555 λγ⁸
790 4477 882 4532 καὶ
913 4477 1208 4553 θυγατέρας
1263 4478 1363 4547 κζ’.
1418 4477 1593 4540 Οὗτος
1624 4478 1951 4554 ἡγεμόνευσε

2062 4475 2218 4531 unde
2240 4476 2431 4533 fuerat
2463 4477 2834 4552 desumptus,
2857 4495 3127 4536 reversus
3161 4486 3272 4550 est,
3316 4477 3539 4540 relictis
3572 4475 3713 4539 filiis

281 4573 392 4625 τοῦ
431 4566 621 4643 γὲνους
649 4570 756 4621 τῶν
788 4566 1092 4637 ἀνθρώπων
1138 4563 1210 4621 δι’
1258 4563 1398 4636 ὅλης
1447 4565 1617 4622 αὐτοῦ
1646 4572 1747 4637 τῆς
1781 4571 1948 4636 ζωῆς.

2061 4566 2149 4631 33,
2176 4565 2413 4621 filiabus
2434 4570 2524 4622 27.
2576 4568 2891 4640 Imperavit
2934 4574 3133 4626 autem
3186 4570 3284 4626 hic
3329 4571 3590 4657 humano
3620 4589 3715 4657 ge.—

284 4657 363 4715 Ἠ
406 4652 468 4710 δὶ
523 4657 669 4730 ταφὴ
722 4654 891 4711 αὐτοῦ
945 4656 1082 4710 κατά
1132 4656 1234 4724 τὴν
1295 4659 1402 4710 τῶν
1454 4655 1850 4730 Ἱεροσολύμων
1880 4653 1951 4732 γέ-

2073 4655 2201 4710 neri
2232 4670 2339 4727 per
2368 4660 2553 4712 totam
2586 4673 2754 4713 suam
2780 4659 2976 4713 vitam.
3018 4658 3289 4731 Sepultus
3321 4666 3410 4718 est
3438 4662 3501 4718 in
3558 4642 3718 4719 terra

281 4767 423 4821 γονε
453 4752 584 4819 γῆν,
617 4745 690 4807 ὡς
723 4744 994 4814 Ἰώσηπος
1019 4745 1248 4820 ⁴ἱστορεῖ.
1306 4747 1399 4818 Τῷ
1458 4744 1608 4817 αὖτῷ
1640 4745 1828 4823 χρόνῳ
1858 4745 1949 4800 καὶ

288 4837 439 4893 Κάιν
467 4834 716 4904 ἀπέθανε,
742 4833 997 4895 πεσόντος
1028 4832 1112 4888 ἐπ’
1159 4833 1322 4889 αὐτὸν
1350 4837 1448 4890 τοῦ
1478 4833 1601 4905 οίκή
1615 4854 1801 4902 ματος,
1837 4836 1953 4908 μετ’

287 4923 552 4981 ἐνιαυτὸν
576 4920 668 4979 ἕνα
694 4929 794 4993 τῆς
826 4925 923 4978 τοῦ
952 4918 1133 4997 Ἀδὰμ
1160 4923 1440 4992 τελευτῆς.

2062 4743 2620 4817 Hierosolymitana,
2645 4751 2711 4802 ut
2727 4747 3016 4819 Iosephus
3038 4753 3261 4805 narrat.
3290 4748 3511 4807 Eodem
3568 4744 3717 4823 tem:

2063 4850 2204 4907 pore
2270 4833 2488 4889 Cainus
2556 4851 2794 4907 quoque
2863 4836 3029 4903 obiit,
3098 4853 3217 4893 uno
3282 4846 3419 4912 post
3511 4829 3720 4896 Adam'i

2063 4929 2317 4980 mortem
2350 4940 2530 4993 anno,
2563 4932 2876 4983 corruente
2935 4942 3114 4997 supra
3170 4944 3308 4985 eum
3360 4929 3541 4986 domo
3590 4923 3715 4999 sua,

78 4538 167 6132 ἱ

1498 5040 1859 5098 XYLANDRI
1896 5040 1984 5096 ET
2022 5041 2239 5096 GOARI
2276 5041 2504 5097 ΝΟΤᾹΞ.

379 5134 502 5205 (25)
532 5133 653 5205 Hoc
671 5132 813 5199 vult,
842 5133 1102 5188 Enosum
1144 5130 1265 5205 _Dei
1318 5130 1563 5186 nomine
1591 5128 1960 5205 appellatum
2073 5145 2329 5205 eumque
2388 5130 2620 5186 ﬁducia:
2678 5132 2890 5204 plenus
2943 5136 3253 5192 invocavit.
3313 5138 3493 5191 Porro
3551 5134 3717 5191 locus

290 5200 523 5280 fuisse:
551 5203 660 5259 Sed
692 5204 1099 5280 ineptaa__sunt
1144 5202 1234 5280 hae
1278 5218 1470 5280 nugae,
1507 5206 1565 5257 et
1591 5200 1722 5280 quin
1756 5203 1852 5273 (ne
1888 5202 1960 5258 de
2072 5200 2646 5280 videtur_corruptus
2666 5200 2697 5258 :—
2714 5206 3031 5280 manifesto
3059 5208 3299 5280 quidem
3332 5207 3573 5280 rfalsum
3631 5213 3721 5262 est

295 5275 600 5351 Hebraica
626 5272 870 5351 geritate
903 5273 1189 5351 dicamus)
1222 5290 1332 5351 usu
1366 5274 1579 5329 Graecae
1612 5272 1958 5351 linguwre-
2072 5272 2528 5351 Mabalaleelem'
2554 5275 2942 5351 fuisseEnosi
2972 5272 3189 5351 Villium,
3248 5279 3420 5351 cujus
3477 5278 3590 5333 fuit
3634 5294 3718 5351 ex

288 5344 1961 5426 fel_lt_1ntur.Estenimmedium,utvocanttverbumjrrt-
2072 5344 2311 5399 Cenano
2338 5361 2542 5426 nepos.
2590 5347 2754 5426 quod
2814 5350 3085 5426 sequitur
3139 5344 3212 5426 de
3263 5344 3480 5418 Urielo,
3530 5350 3722 5426 ambit

286 5418 608 5488 καλὲομαι,
640 5420 852 5492 inuoco,
887 5416 1048 5488 quod
1078 5433 1255 5472 nemo
1287 5417 1479 5492 nescit
1508 5417 1621 5492 nisi
1654 5418 1755 5492 qui
1777 5417 1964 5473 biblia
2072 5432 2250 5492 gnum
2270 5422 2391 5492 estA
2416 5416 2546 5471 isne
2593 5416 2917 5475 Adamum_
2941 5421 3208 5477 docuerit
3254 5438 3330 5477 an
3384 5416 3590 5492 preces
3646 5420 3721 5477 ad

286 5487 511 5562 (ξιτ-εεοᾲ
540 5505 662 5562 non
695 5490 856 5562 legit.
889 5487 1118 5562 Enosus
1150 5504 1309 5561 ergo,
1335 5487 1963 5562 qui_a_vitzehumanm

287 5560 572 5621 miseriis
600 5561 713 5617 hoc
742 5559 965 5617 nomen
990 5560 1170 5616 habet
1200 5559 1381 5630 (quod
1426 5559 1713 5615 Hebraice
1746 5560 1964 5617 eruditi

284 5639 550 5695 norunt,
583 5639 641 5688 et
674 5631 785 5689 hoc
834 5632 963 5687 loco
1015 5631 1425 5704 demonstrare
1483 5631 1964 5704 intempestivum

290 5709 412 5777 est)
445 5706 610 5761 inter
640 5720 739 5760 eas
768 5705 996 5777 primus
1028 5703 1091 5757 in
1148 5703 1264 5758 Deo
1294 5717 1461 5775 spem
1493 5703 1966 5776 suam’reposuit

591 5823 855 5884 ΡΑτιιοι.
900 5825 1014 5882 Gn.
1060 5820 1266 5884 CXXI.

3404 5838 3443 5894 2

2078 5487 2257 5567 Deum
2290 5486 2554 5567 deferat;
2587 5505 2769 5567 quam
2811 5508 2921 5567 ego
2979 5486 3449 5567 ambiguitatexir
3483 5491 3718 5567 reliqui.

2077 5558 2244 5613 Prius
2274 5557 2512 5636 probo,_
2544 5557 2684 5636 quia
2726 5557 2957 5636 Urielus
3010 5557 3174 5621 idem
3226 5570 3361 5636 post
3410 5557 3718 5621 Enochum

2074 5645 2311 5701 quoque
2342 5630 2615 5703 quaedam
2647 5633 2920 5690 docuisse
2951 5630 3394 5693 traditum-lin.
