4094 6292
461 407 543 466 43
572 455 576 460 .
1823 394 2113 461 ϐΕΟῐὶῦῐ

2223 391 2513 456 EDRENI
3845 396 3932 454 44

534 543 676 597 Post
707 541 990 599 Adamum
1023 541 1235 596 Sethus
1290 538 1553 596 humano
1608 534 1812 609 generi
1851 531 2107 606 praefuit.

2297 527 2410 596 Σὴθ
2473 528 2608 601 μετᾶ
2662 525 2846 604 Ἀδὰμ
2903 527 3238 606 ἡγεμόνευσε
3290 533 3396 585 τῶν
3452 527 3823 607 ἀνθρώπων.
3861 529 3932 587 Οἱ

468 635 640 687 Anno
663 631 735 686 ab
758 631 984 704 origine
1010 630 1218 686 mundi
1243 631 1400 700 1200,
1451 629 1553 702 qui
1592 628 1705 683 fuit
1745 625 1954 682 Jaredo
1988 624 2118 678 vitm

471 736 666 774 annus
723 719 1236 793 quadragesimus,
1297 719 1476 774 Setho
1556 714 2120 788 septingentesimus

467 809 1302 882 septuagesimus,Egregores
1353 807 1514 862 Sethi
1561 804 1874 878 progenies
1922 818 2122 858 errore

469 897 628 954 ducti
661 897 1123 964 descenderunt,
1157 915 1223 953 ac
1252 897 1366 953 sibi
1425 895 1706 952 mulieres
1754 894 1826 949 de
1884 891 2123 947 ﬁliabus

465 987 779 1046 hominum
803 989 921 1043 sive
955 988 1119 1043 Caini
1139 987 1624 1060 desumpserunt,
1654 991 1832 1057 atque
1856 983 2125 1056 gigantes

459 1075 594 1132 illos
626 1075 892 1132 celebres
916 1082 1370 1150 generaverunt.
1429 1077 1708 1149 Gigantes
1767 1073 1825 1130 hi
1880 1077 2128 1146 propter

455 1165 688 1237 justum
720 1165 962 1220 Sethum
993 1165 1234 1224 fuerunt
1265 1165 1492 1220 robusti
1525 1162 1959 1220 acvastissimis
2000 1177 2128 1236 cor_

459 1256 730 1328 poribus,
762 1257 1209 1328 monstrosique
1244 1257 1344 1312 I9
1380 1257 1454 1312 ob
1489 1257 1550 1311 id
1600 1261 1661 1311 et
1713 1251 2123 1335 abominandi,

459 1344 619 1400 unde
649 1350 709 1400 et
737 1361 959 1402 nomen
1016 1345 1090 1400 iis
1149 1346 1520 1418 impositum,
1582 1349 1828 1417 propter
1876 1341 2126 1413 impium

455 1443 593 1482 vero
622 1428 869 1484 Cainum
900 1428 1098 1491 validi,
1131 1428 1450 1484 fortissimi
1507 1432 1566 1484 et
1627 1425 1974 1482 firmissimo
2026 1440 2129 1478 ro.

455 1517 755 1584 bore,vita
776 1517 1114 1574 homicidiis
1136 1525 1194 1573 et
1219 1518 1513 1590 impietati
1563 1534 1630 1572 ac
1666 1515 1926 1572 lascivias
1957 1512 2124 1569 dedi-

451 1605 704 1662 tissima.
737 1605 989 1672 Quidam
1021 1607 1129 1662 hos
1159 1607 1378 1679 anguip
1401 1606 1544 1662 edes
1602 1604 2123 1678 cognominarunt,

455 1693 573 1750 sive
605 1695 764 1765 quod
795 1701 1102 1750 venenatas
1137 1695 1345 1751 bestias
1376 1696 1441 1751 in
1464 1710 1694 1751 morem
1719 1693 2000 1749 efferatus
2023 1706 2126 1746 eo-

453 1799 588 1838 rum
621 1785 856 1840 animus
905 1783 1185 1855 nullaque
1234 1785 1389 1840 bona
1449 1791 1576 1840 erat
1635 1783 1937 1856 cogitatio,
2003 1779 2124 1836 sive

2221 615 2280 674 δὶ
2309 616 2369 672 ἐκ
2398 614 2586 692 γένους
2615 619 2782 674 αὐτοῦ
2818 621 3152 697 Ἐγρήγορες
3211 617 3579 692 διακοσιοστῷ
3615 617 3934 694 χιλιοστῷ

2219 712 2324 775 τῆς
2381 706 2768 781 κοσμογενείας
2821 703 2950 778 ἔτει,
3007 712 3440 783 τεσσαρακοστοῦ
3490 704 3546 762 δὲ
3599 705 3794 767 ὄντος
3824 710 3933 762 τοῦ

2220 791 2418 868 Ἰάρεδ,
2449 793 2616 850 αὐτοῦ
2669 793 2727 850 δὲ
2782 800 2880 852 τοῦ
2939 797 3055 866 Σήθ
3112 793 3533 852 ἑπτακοσιοποῦ
3561 791 3933 869 ἑϐδομηκο-

2224 887 2378 950 στοῦ,
2435 881 2800 954 πλανηθέντες
2867 880 3194 956 κατέϐησαν,
3251 885 3343 940 καὶ
3401 880 3604 941 ἔλαϐον
3683 885 3926 947 ἑαυτοῖς

2224 976 2484 1042 γυναῖκας
2518 969 2578 1026 ἐκ
2631 977 2742 1028 τῶν
2799 974 3108 1050 θυγατέρων
3163 979 3270 1030 τῶν
3327 975 3457 1029 υἱῶν
3516 978 3634 1029 τῶν
3681 973 3931 1046 ἀνθρώ-

2225 1081 2342 1115 πων
2391 1061 2561 1135 ἤγουν
2615 1065 2714 1116 τοῦ
2772 1062 2921 1132 Κάϊν,
2979 1062 3069 1118 καὶ
3125 1061 3414 1140 ἐγέννησαν
3463 1064 3591 1126 τοὺς
3628 1062 3924 1140 γίγαντας

2223 1147 2352 1211 τοὺς
2381 1147 2738 1224 ὀνομαστούς.
2797 1152 2862 1209 Οἱ
2921 1149 2978 1207 δὲ
3034 1153 3282 1228 γίγαντες
3327 1151 3478 1208 οὗτοι
3511 1149 3607 1208 διὰ
3673 1153 3788 1227 μὲν
3827 1153 3928 1207 τὸν

2229 1236 2437 1294 δίκαιον
2496 1240 2610 1308 Σήθ
2665 1239 2904 1315 ἐγένοντο
2963 1240 3183 1321 ἰσχυροί
3240 1244 3328 1298 καὶ
3392 1241 3656 1318 μέγιστοι
3715 1241 3928 1298 καὶτὸ

2230 1329 2458 1405 μὲγεθος
2517 1333 2612 1385 τοῦ
2671 1335 2924 1404 σώματος
3008 1331 3367 1408 ὑπερμήκεις⁹
3441 1329 3806 1406 τερατώδεις
3869 1354 3931 1388 τε

2227 1419 2318 1473 καὶ
2358 1420 2616 1474 ἀπευκτοὶ
2667 1421 2806 1492 (ὃθεν
2865 1421 2956 1476 καὶ
3013 1424 3113 1492 τήν
3171 1423 3562 1497 προσωνυμίαν
3617 1423 3931 1498 ἐσχήκασι

2229 1509 2386 1582 [26]),
2447 1505 2536 1563 διὰ
2594 1505 2650 1564 δὲ
2703 1509 2795 1565 τὸν
2857 1505 3098 1583 βέϐηλον
3159 1511 3293 1568 Κάϊν
3353 1509 3582 1584 ἄλκιμοι
3619 1511 3729 1567 καὶ
3783 1531 3929 1586 κραι-

2226 1595 2504 1652 ταιότατοι
2533 1597 2624 1652 καὶ
2671 1597 2884 1674 στεῤῥοὶ
2935 1599 3022 1653 καὶ
3083 1600 3180 1668 τήν
3237 1599 3436 1669 ἀλκὴν,
3465 1600 3556 1654 τὸν
3593 1596 3661 1655 δὲ
3696 1600 3928 1672 τρόπον

2229 1686 2592 1762 φονικώτατοι
2665 1685 2756 1740 καὶ
2832 1681 3178 1744 ἀσεϐέστατοι
3280 1687 3370 1743 καὶ
3471 1685 3925 1765 ἀσελγέστατοιο

2228 1775 2309 1847 [Ρ.
2346 1775 2434 1846 10]
2465 1774 2558 1838 οὓς
2602 1773 2692 1828 καὶ
2722 1771 3161 1850 δρακοντόποδάς
3217 1797 3358 1841 τινες
3416 1777 3924 1854 προσηγόρευσαν,

459 1870 638 1942 quod,
671 1877 738 1926 ut
769 1871 1040 1926 nonnulli
1078 1873 1380 1927 memorias
1414 1871 1825 1944 prodiderunt,
1886 1867 2113 1934 bellum

2228 1861 2264 1930 ἤ
2297 1861 2369 1924 ὡς
2400 1864 2838 1937 τεθηριωμένους
2874 1869 2994 1927 ταῖς
3051 1865 3295 1940 γνώμαις
3343 1865 3433 1920 καὶ
3477 1863 3660 1938 μηδὲν
3698 1865 3924 1940 ἀγαθὸν

465 1921 600 2016 dum
625 1921 986 2032 quibusdam
1017 1963 1078 2018 in
1107 1961 1336 2018 excelso
1369 1921 1782 2018 habitantibus
1812 1921 2113 2032 ,gerentes

2224 1951 2640 2030 λογιζομένους,
2697 1953 2732 2024 ἢ
2791 1951 2868 2017 ὥς
2931 1921 3074 2017 τινες
3123 1956 3455 2031 ἱστοροῦσιν,
3488 1956 3571 2011 ὅτι
3633 1921 3924 2030 πόλεμον

467 2050 764 2116 manibus,
783 2051 1036 2122 pedibus
1056 2069 1124 2108 ac
1149 2052 1210 2108 in
1232 2057 1494 2108 ventrem
1519 2050 1691 2124 proni
1731 2049 2014 2122 anguium
2055 2047 2116 2102 in

465 2140 710 2196 modum
736 2157 973 2198 sursum
1001 2145 1356 2212 reptassent,
1388 2158 1423 2196 a
1454 2141 1672 2211 quibus
1729 2139 1906 2195 etiam
1959 2153 2115 2208 saepe

459 2227 634 2282 multi
660 2226 916 2299 desuper
945 2227 1081 2283 telis
1113 2228 1400 2299 conjectis
1432 2227 1730 2283 interfecti
1789 2232 1948 2280 sunt.
2001 2225 2112 2278 Ho-

459 2329 596 2369 rum
627 2313 848 2369 multos
875 2313 1104 2369 coalitus
1124 2315 1277 2370 Deus
1305 2313 1492 2386 igneis
1531 2313 1721 2385 globis
1771 2313 1890 2368 sive
1919 2309 2116 2367 fulmi-

460 2401 638 2458 nibus
671 2402 820 2457 ictos
852 2401 1226 2474 absumpsit:
1258 2418 1394 2458 cum
1427 2407 1625 2457 autem
1682 2400 1898 2472 reliqui
1947 2399 2114 2455 nullo

458 2508 648 2564 pinum
679 2508 859 2547 sensu
892 2497 1272 2547 moverentur
1301 2507 1496 2563 neque
1528 2491 1812 2562 quiddam
1843 2489 1916 2546 de
1948 2489 2115 2562 flagi-

463 2581 616 2637 tiosa
646 2581 766 2636 vita
797 2580 1221 2647 desciscerent,
1280 2586 1487 2652 postea
1541 2580 1762 2636 diluvio
1803 2580 2114 2635 universos

466 2669 728 2726 sustulit.
755 2670 903 2727 Hiin
925 2675 1128 2724 monte
1179 2670 1520 2724 Hermonim
1553 2670 2014 2740 coniuraverunt
2051 2685 2114 2724 se

461 2775 677 2815 uxores
701 2775 771 2814 ex
805 2759 1038 2816 ﬁliabus
1055 2759 1365 2815 hominum
1390 2775 1493 2814 seu
1523 2758 1804 2831 progenie
1818 2758 1984 2815 Caini
2001 2757 2111 2812 sibi

463 2846 799 2904 delecturos
833 2863 846 2914 ;
877 2848 1183 2918 montique
1215 2847 1276 2902 id
1331 2863 1552 2902 nomen
1613 2845 1907 2912 indidere,
1950 2844 2112 2916 quod

463 2937 526 2991 in
548 2953 616 2992 eo
649 2937 1069 3008 conjurassent
1098 2952 1280 3007 seque
1311 2935 1458 2992 diris
1506 2941 1712 2991 mutuo
1757 2935 2110 2990 obstrinxis-

463 3032 616 3083 sent.
647 3027 715 3082 Hi
749 3043 887 3082 suas
944 3043 1159 3082 uxores
1213 3026 1501 3082 veneficia
1558 3031 1615 3081 et
1675 3025 2110 3082 incantationes

2221 2037 2442 2117 ἔχοντες
2477 2043 2612 2114 μετά
2640 2063 2802 2097 τινων
2855 2043 3156 2100 οἷ’κούντων
3198 2044 3250 2099 ἐν
3287 2043 3543 2122 ὑψηλοῖς,
3577 2045 3712 2100 εἶτα
3747 2045 3924 2121 χερσὶ

2219 2131 2307 2186 καὶ
2340 2131 2471 2186 ποσὶ
2501 2132 2591 2186 καὶ
2649 2129 2890 2195 κοιλίαις
2943 2132 3018 2196 ὡς
3081 2130 3371 2210 δράκοντες
3431 2133 3750 2209 ἀνρποντες
3796 2131 3924 2190 κατ’

2220 2218 2418 2288 αὐτῶν,
2455 2219 2540 2298 ὑφ’
2573 2221 2648 2274 ὧν
2679 2220 2769 2276 καὶ
2797 2218 3006 2276 πολλοὶ
3035 2219 3308 2286 πολλάκις
3350 2220 3554 2288 ἄνωθεν
3585 2222 3920 2298 ἀνῃροῦντο

2224 2305 2593 2385 βαλλόμενοι,
2653 2308 3087 2386 δρακοντόποδες
3143 2311 3456 2384 ἐκέκληντο.
3505 2311 3748 2371 Τούτων
3813 2312 3921 2370 οὐκ

2222 2396 2444 2474 ὀλίγους
2480 2399 2580 2472 μὲν
2613 2399 2866 2475 σφαίραις
2917 2401 3088 2477 πυρὸς
3137 2399 3264 2472 ἤτοι
3314 2407 3594 2478 κεραυνοῖς
3653 2402 3917 2480 οὐρανό-

2221 2497 2306 2552 θεν
2337 2487 2364 2542 ὁ
2405 2489 2663 2561 Ὕψιστος
2722 2487 3028 2560 ἐξανάλωσε
3089 2489 3298 2565 βαλώνο
3359 2493 3819 2563 ἀνεπαισθήτους
3854 2490 3916 2547 δὲ

2217 2575 2346 2638 τοὺς
2376 2575 2733 2652 περιλοίπους
2781 2580 2872 2634 καὶ
2918 2577 3287 2654 ἀδιορθώτους
3319 2579 3684 2653 ἐπιμένοντας
3726 2602 3912 2638 κατα-

2219 2665 2453 2738 κλυσμῷ
2487 2667 2622 2740 μετᾶ
2649 2673 2820 2723 ταῦτα
2859 2671 2986 2732 τοὺς
3043 2669 3244 2732 πάντας
3294 2667 3628 2741 ἐξανάλωσεν
3673 2672 3705 2726 ὁ
3742 2670 3904 2732 Θεός.

2219 2756 2381 2813 Οὗτοι
2415 2754 2636 2829 ὢμοσαν
2688 2755 2739 2812 ἐν
2787 2761 2866 2830 τῷ
2913 2753 3030 2834 ὄρει
3066 2763 3148 2830 τῷ
3197 2759 3522 2834 Ἐρμονιεὶμ
3561 2757 3903 2831 ἐκλέξασθαι

2219 2851 2475 2922 γυναῖκας
2531 2847 2637 2902 ἀπὸ
2691 2851 2798 2903 τῶν
2855 2848 2988 2902 υἱῶν
3042 2853 3146 2904 τῶν
3207 2849 3506 2924 ἀνθρώπων
3558 2851 3744 2925 ἤγουν
3793 2857 3900 2919 τῆς

2216 2940 2313 2990 τοῦ
2354 2935 2478 2990 Κάϊν
2505 2941 2708 3010 γενεᾶς,
2750 2937 2841 2991 καὶ
2897 2935 3156 2992 ἐκάλεσαν
3214 2939 3277 2994 τὸ
3334 2938 3462 3015 ὄρος
3496 2940 3720 3014 Ἐρμών
3757 2943 3898 3013 (2⁸7).

2216 3024 2409 3079 καθότι
2439 3022 2662 3096 ὢμοσαν
2695 3025 2786 3080 καὶ
2833 3023 3218 3098 ἀνεθεμάτισαν
3268 3025 3556 3096 ἀλλήλους
3606 3027 3660 3084 ἐν
3715 3027 3898 3099 αότῷ.

462 3115 835 3182 docuerunt;
868 3117 1216 3188 primusque
1248 3115 1512 3184 Azaelus,
1545 3115 1813 3171 decimus
1845 3115 2107 3186 ipsorum

2220 3112 2382 3169 Οὗτοι
2439 3109 2752 3168 διδάσκουσι
2818 3114 2915 3174 τὰς
2973 3119 3236 3188 γυναῖκας
3291 3115 3468 3170 αὐτῶν
3538 3115 3900 3195 φαρμακείας

461 3205 738 3276 princeps
767 3207 932 3274 (nam
963 3221 1172 3259 eorum
1205 3204 1305 3274 qui
1339 3203 1779 3260 descenderunt
1810 3205 2110 3276 principes

2215 3201 2305 3256 καὶ
2339 3199 2643 3264 ἐπαοιδίας.
2684 3202 2782 3260 Καὶ
2841 3207 3057 3278 πρῶτος
3119 3203 3328 3274 Ἀζαήλ
3359 3206 3388 3259 6
3421 3203 3646 3270 δέκατος
3689 3204 3894 3282 ἄρχων

462 3291 701 3347 ducenti
755 3291 970 3364 erant),
1031 3292 1232 3346 docuit
1289 3308 1390 3346 eos
1447 3292 1670 3363 gladios
1726 3309 1794 3348 ac
1843 3293 2113 3348 thoraces

2220 3292 2396 3348 αὐτῶν
2429 3293 2542 3366 (καὶ
2601 3293 2706 3367 γὰρ
2765 3293 2817 3346 οἱ
2870 3289 3132 3368 ἄρχοντες
3179 3298 3292 3348 τῶν
3350 3293 3728 3351 κατελθόντων
3763 3294 3895 3350 δια-

465 3379 742 3435 fabricari
774 3381 1094 3451 omniaque
1126 3379 1525 3435 instrumenta
1577 3379 1811 3445 bellica,
1871 3385 1996 3437 tum
2039 3397 2112 3434 ex

463 3468 786 3525 visceribus
803 3475 976 3525 terras
998 3473 1546 3539 aurum,argentum
1561 3474 1618 3522 et
1630 3469 1859 3539 reliqua
1876 3469 2116 3525 metalla

463 3571 693 3614 eruere.
731 3557 1016 3613 Similiter
1043 3557 1236 3628 quivis
1267 3557 1604 3628 principum
1627 3556 1854 3627 aliquid
1871 3557 2073 3612 docuit
2097 3574 2110 3612 :

463 3647 616 3702 alius
651 3647 916 3718 corporis
947 3646 1416 3712 exornationem,
1447 3645 1601 3701 alius
1629 3645 1922 3717 pretiosos
1959 3645 2111 3717 lapi-

461 3736 566 3792 des
599 3742 659 3791 et
696 3737 1008 3802 tincturas,
1068 3736 1221 3791 alius
1279 3733 1508 3790 radices
1558 3735 1902 3803 herbarum,
1959 3735 2113 3791 alius

463 3825 816 3896 sapientiam
841 3830 898 3880 et
929 3840 998 3880 ea
1023 3839 1154 3895 qua)
1181 3823 1966 3879 incantationesinefﬁcaces
1979 3821 2115 3878 red-

467 3915 695 3982 derent,
729 3917 884 3971 alius
915 3917 1018 3972 20
1049 3915 1473 3971 astronomiam
1505 3919 1564 3970 et
1593 3915 1856 3971 siderum
1903 3915 2112 3972 obser-

466 4005 782 4070 vationem,
808 4005 962 4060 alius
983 4003 1386 4076 astrologiam,
1410 4003 1563 4059 alius
1585 4005 1740 4060 aeris
1771 4005 2111 4060 considera-

467 4095 712 4163 tionem,
745 4093 896 4150 alius
926 4100 1098 4150 terrm
1127 4093 1312 4166 signa,
1345 4093 1496 4149 alius
1527 4093 1670 4149 solis
1700 4101 1758 4148 et
1789 4094 1963 4150 lunai.
1989 4093 2112 4150 Ita-

463 4199 579 4255 que
613 4189 736 4240 tum
769 4199 962 4255 neque
1003 4182 1460 4256 Babyloniorum
1509 4189 1636 4238 erat
1690 4199 1886 4256 neque
1946 4183 2111 4240 Chal-

460 4275 724 4330 daeorum
755 4290 1026 4347 regnum,
1051 4279 1118 4328 ut
1145 4274 1392 4330 Berosso
1421 4279 1480 4329 et
1511 4290 1645 4329 eum
1697 4275 1918 4330 secutis
1970 4291 2114 4329 con-

460 4368 552 4419 tra
606 4379 805 4418 sacras
856 4363 1105 4418 Litteras
1162 4363 1424 4434 placuit;
1482 4378 1676 4433 neque
1733 4365 2111 4436 Egyptorum

457 4451 852 4524 principatus,
903 4457 970 4506 ut
1029 4452 1304 4506 Manetho
1365 4450 1628 4518 tradidit,
1709 4453 2112 4524 Egyptiorum

462 4545 699 4614 gentem
733 4539 1055 4595 extollendi
1091 4539 1286 4594 studio
1311 4539 1627 4594 mentiens.
1672 4541 1904 4595 Etenim
1957 4541 2116 4612 prin-

2219 3380 2399 3436 κόσιοι
2453 3383 2613 3454 ἦσαν)
2673 3379 2910 3452 ἐδίδαξεν
2966 3381 3162 3445 αὐτοὺς
3215 3389 3390 3439 ποιεῖν
3453 3385 3730 3460 μαχαίρας
3791 3383 3890 3439 καί

2221 3470 2469 3544 θώρακας
2524 3469 2612 3524 καὶ
2664 3475 2767 3524 πᾶν
2827 3474 3016 3533 σκεῦος
3075 3470 3411 3546 πολεμικὸν,
3459 3475 3548 3528 καὶ
3579 3475 3644 3528 τὰ
3671 3472 3732 3527 ἐκ
3764 3477 3882 3526 τῶν

2225 3556 2515 3630 μετάλλων
2573 3565 2675 3628 τῆς
2733 3567 2857 3635 γῆς,
2916 3561 3030 3615 οἷον
3091 3563 3340 3636 χρυσίον,
3391 3563 3646 3638 ἀργύριον
3676 3560 3772 3616 καὶ
3809 3563 3885 3616 τα

2221 3647 2408 3702 λοιπά.
2445 3647 2548 3702 Καὶ
2585 3645 2810 3710 ἕκαστος
2866 3649 3098 3721 ὁμοίως,
3133 3651 3161 3705 6
3197 3652 3292 3724 μὲν
3324 3648 3720 3723 καλλωπισμὸν
3757 3651 3881 3703 σώ-

2222 3756 2410 3808 ματος,
2461 3736 2489 3790 6
2543 3732 2602 3790 δὲ
2638 3733 2930 3800 ἐκλεκτοὺς
2990 3736 3177 3802 λίθους
3233 3740 3324 3794 καὶ
3377 3741 3444 3795 τὰ
3494 3739 3720 3818 βαφικᾶ,
3754 3739 3785 3793 6
3821 3735 3882 3792 δὲ

2219 3824 2368 3898 ῥίζας
2405 3825 2664 3898 βοτανῶν,
2701 3825 2730 3880 6
2762 3822 2820 3880 δὲ
2849 3829 3040 3905 σοφίαν
3091 3827 3180 3882 καὶ
3230 3825 3498 3883 ἒπαοιδῶν
3551 3826 3810 3902 λυτήρία,
3845 3827 3874 3882 6

2219 3910 2276 3968 δὲ
2348 3912 2710 3987 ἀστρονομίαν
2783 3913 2871 3968 καὶ
2950 3914 3367 3990 ἀστροσκοπίαν,
3443 3915 3618 3979 ἄλλος
3665 3915 3872 3990 ἀστρο-

2218 4000 2436 4078 λογίαν,
2470 4003 2499 4057 ὁ
2532 3999 2590 4056 δὲ
2645 4002 3024 4077 ἀεροσκοπίαν,
3083 4005 3111 4059 6
3173 4003 3232 4060 δὲ
3289 4011 3493 4078 σημεῖα
3533 4013 3658 4080 γῆς,
3690 4003 3870 4064 ἄλλος

2216 4090 2384 4161 ἡλίου
2422 4091 2513 4146 καὶ
2543 4093 2797 4163 σελήνης.
2850 4094 3012 4148 Ὥστε
3068 4091 3194 4148 οὐδὲ
3246 4089 3614 4150 Βαϐυλωνίων
3648 4095 3711 4164 ἦν
3741 4089 3875 4149 οὐδε

2216 4178 2501 4236 Χαλδαίων
2538 4179 2810 4255 βασιλεία,
2853 4182 2927 4244 ὡς
2972 4187 3052 4255 τῷ
3106 4185 3372 4258 Βηροσσῷ
3394 4185 3485 4239 καὶ
3515 4189 3634 4248 τοῖς
3665 4178 3872 4259 ἑπομέ-

2215 4285 2330 4332 νοις
2361 4267 2511 4325 δοκεῖ
2558 4269 2694 4344 πρὸς
2745 4271 3050 4346 ἀνατροπὴν
3109 4277 3215 4327 τῶν
3271 4271 3430 4336 θείων
3461 4277 3712 4352 Γραφῶν,
3745 4271 3875 4328 οὔτε

2217 4357 2535 4434 Αἰγυπτίων
2566 4354 2872 4428 δυναστεία,
2906 4359 2982 4420 ὡς
3029 4364 3109 4432 τῷ
3160 4361 3392 4434 Μανέθῳ
3423 4361 3748 4435 ψευδομένῳ
3780 4359 3870 4416 καί

2221 4445 2577 4522 μεγαλύνοντί
2632 4447 2697 4502 τὸ
2749 4451 2859 4502 τῶν
2917 4447 3226 4522 Αἰγυπτίων
3281 4445 3451 4511 ἔθνος·
3496 4452 3531 4518 ἡ
3581 4451 3682 4526 γάρ
3715 4449 3872 4528 ἀρχὴ

2217 4543 2317 4605 τῆς
2362 4540 2467 4590 τῶν
2530 4531 2894 4592 Βαϐυλωνίων
2948 4529 3226 4599 ϐασιλείας
3257 4538 3381 4606 ἤτοι
3433 4535 3729 4596 Χαλδαίων
3761 4537 3872 4592 ἀπὸ

461 4628 684 4702 cipium
735 4629 895 4702 regni
951 4627 1412 4699 Babyloniorum
1501 4629 1621 4683 sive
1696 4627 2109 4684 Chaldaeorum

2220 4620 2445 4699 Νεϐρὼδ
2509 4629 2606 4680 τοῦ
2667 4625 2802 4698 μετὰ
2874 4624 2966 4680 τὸν
3020 4627 3404 4701 κατακλυσμὸν
3474 4628 3550 4691 εἰς
3618 4624 3874 4698 ἕξακόσια

461 4734 497 4772 a
521 4717 812 4774 Nemrodo
844 4717 1100 4784 ducitur,
1135 4717 1234 4788 qui
1265 4716 1340 4772 ad
1371 4732 1560 4772 annos
1621 4719 1724 4772 630
1783 4721 1916 4788 post
1961 4716 2110 4773 dilu-

459 4805 617 4861 vium
647 4805 869 4862 ﬂoruit.
900 4805 1248 4876 Quicunque
1305 4822 1441 4860 vero
1502 4805 1573 4860 de
1631 4806 1724 4860 his
1779 4805 2106 4863 fabulosius

459 4895 844 4966 scripserunt,
879 4895 919 4949 ii
951 4910 1082 4966 quae
1110 4911 1181 4950 ex
1229 4893 1512 4950 divinitus
1569 4894 1858 4967 inspirata
1905 4901 2106 4950 nostra

457 4983 758 5056 Scriptura
787 4983 1056 5040 sutl'urati
1091 4988 1278 5051 erant,
1327 4983 1437 5038 sibi
1495 4981 1912 5049 vindicarunt;
1955 5000 2102 5056 pro-

2216 4714 2508 4789 τριάκοντα
2574 4713 2916 4784 ἀκμάσαντος
2989 4715 3230 4790 γέγονεν.
3272 4715 3484 4778 υἳτινες
3551 4715 3610 4773 δὲ
3683 4715 3876 4779 ἄλλως

2216 4802 2338 4877 περὶ
2367 4803 2574 4857 τούτων
2623 4803 2993 4878 μυθικώτερον
3043 4805 3398 4884 γεγράφασιν,
3450 4806 3556 4865 ἀπὸ
3608 4813 3716 4862 τῶν
3748 4809 3868 4861 θεοο

2215 4890 2490 4946 πνεύστων
2539 4892 2701 4962 ἡμῶν
2753 4895 2980 4967 Γραφῶν
3029 4891 3328 4967 κλέψαντες
3374 4895 3704 4974 γεγράφασιν
3737 4892 3872 4950 ἰδιο-

2213 4981 2598 5054 ποιησάμενοι’
2634 4975 2705 5033 δι’
2735 4980 2808 5032 ὧν
2862 4980 2911 5034 οἱ
2969 4979 3336 5059 ἁπλούστεροι
3379 4984 3470 5039 καὶ
3500 4990 3620 5046 τοῖς
3651 4983 3872 5047 λοιποῖς

1666 5117 2022 5173 XYLANDRI
2064 5119 2150 5172 ET
2184 5116 2401 5173 GOARI
2437 5114 2668 5172 ΝΟΤιΕ.

528 5245 643 5315 (26)
666 5244 816 5300 Sane
877 5241 1058 5315 Γίγας
1097 5243 1361 5315 Graacum
1414 5242 1644 5297 videtur
1709 5243 2098 5312 vocabulum;

458 5313 766 5396 placetque
797 5313 1103 5396 Eustathio
1135 5313 1291 5396 idem
1333 5315 1667 5396 signiﬁcare
1724 5315 1880 5396 quod
1929 5335 2100 5392 γηγε-

454 5387 574 5454 νής,
621 5393 779 5442 terra
835 5392 1030 5452 natus,
1087 5402 1207 5439 non
1266 5385 1465 5466 inepto
1523 5385 1764 5467 quidem
1823 5385 2032 5458 etymO'
2067 5405 2102 5444 a

457 5453 696 5510 δίνεσθαι
727 5463 781 5512 et
811 5459 897 5513 γᾶ.
931 5457 1232 5513 Exemplis
1280 5456 1340 5510 id
1388 5456 1618 5513 probat.
1659 5475 1723 5512 ιιι
1759 5457 2010 5513 Ulvsseaa
2063 5468 2100 5513 Δ

457 5468 696 5510 δινεσθαι
727 5468 781 5512 et
811 5468 897 5529 γα.
932 5468 1232 5527 Exemplis
1280 5468 1340 5510 id
1388 5468 1618 5528 probat,
1659 5475 1723 5512 ιιι
1759 5468 2010 5529 Ulyssem
2063 5468 2100 5513 Δ

455 5529 529 5585 ad
547 5531 729 5584 v.159.
757 5512 1252 5589 Hebraicezntbvn
1275 5534 1579 5592 vocantur,
1605 5529 1761 5598 quod
1788 5537 1853 5584 ut
1882 5530 2098 5588 doctis-

455 5601 590 5672 simi
623 5599 960 5656 Judaaorum
997 5599 1383 5672 scripserunt,
1411 5616 1530 5672 cor,
1568 5599 1780 5672 horum
1839 5604 1939 5672 qui
1999 5619 2099 5658 eos

455 5671 655 5730 vident
685 5689 802 5745 pra:
843 5677 1067 5726 terrore
1119 5671 1413 5726 concidat.
1473 5670 1782 5726 Chaldaeus
1837 5670 2006 5735 131‘s
2067 5691 2101 5730 a

2210 5243 2423 5299 robore
2457 5238 2780 5295 transtulit.
2830 5240 2942 5296 Sed
2997 5250 3056 5298 et
3109 5260 3145 5299 a
3196 5251 3419 5302 terrore
3459 5248 3640 5304 iidem
3673 5256 3862 5309 ωνηικ

2213 5315 2621 5379 nominantur,
2657 5311 2978 5378 terribiles,
3012 5315 3180 5370 Deut.
3217 5334 3260 5372 ιι
3287 5323 3346 5372 et
3375 5319 3518 5374 alibi
3549 5321 3688 5375 XYL.

2285 5386 2395 5456 (27)
2423 5395 2548 5444 ΩἾΠ
2581 5383 2899 5464 anathema
2922 5384 3237 5464 signiﬁcat,
3260 5389 3532 5446 iudicum
3553 5407 3628 5464 vit
3659 5395 3718 5447 et
3747 5392 3862 5445 Nu-

2212 5454 2533 5534 mer.'xv_m
2567 5460 2624 5507 et
2653 5454 2820 5524 alibi,
2853 5454 3014 5534 rem;
3029 5454 3323 5534 devotam.
3367 5463 3566 5534 Itaque
3599 5463 3708 5518 hoc
3740 5467 3861 5534 ριγ-

2211 5546 2352 5612 mon
2385 5527 2583 5608 colore
2614 5542 2734 5608 non
2764 5533 2945 5612 caret.
2974 5529 3250 5612 Et‘hujus
3279 5527 3640 5612 narrationis
3672 5527 3857 5606 persio

2211 5601 2414 5676 milem
2447 5598 2922 5676 invenies_apud
2979 5598 3269 5657 Hilarium
3304 5603 3364 5659 in
3395 5607 3488 5662 Ps.
3535 5598 3862 5676 l32,'quam

2213 5674 2433 5727 referre
2465 5668 2844 5739 supersedeo.
2875 5675 3010 5726 XYL.
