4094 6292
243 416 317 474 45
1359 414 1720 476 HISTORIA
1737 414 1910 475 RUM
1957 412 2484 474 COHPENDIUM
2497 461 2509 474 .
3559 415 3636 476 46

233 546 438 601 τούτων
523 543 804 622 ληρῄμασι
873 547 1237 622 προσέχοντες
1296 545 1540 623 εὐχερῶς
1595 545 1861 620 βλάπτον-

1991 552 2121 618 pter
2177 564 2308 618 quas
2392 548 2789 620 simpliciores
2866 549 3046 604 etiam
3104 548 3352 621 reliquis
3434 563 3638 606 eorum

226 657 342 693 ται.
1986 638 2161 708 nugis
2194 639 2464 693 animum
2499 639 2876 694 attendentes
2908 639 3086 694 facilo
3118 638 3513 710 decipiuntur.

303 727 421 780 ’Ὁτι
451 729 534 796 τῷ
569 728 732 794 αυπη⁹
763 723 866 781 ἔτει
896 730 994 780 ruﬁ
1025 727 1236 798 κόσμου
1272 725 1454 799 Ἑνὼχ
1510 725 1767 797 μετετέθη
1828 722 1861 778 ἐ·

2059 729 2230 782 Anno
2263 727 2471 782 mundi
2535 731 2669 783 1488
2697 729 2969 783 Enochus
3029 729 3089 782 in
3149 728 3491 800 paradisum
3549 734 3638 784 est

226 819 300 885 τῷ
344 812 678 888 παραδείσῳ,
751 818 1077 890 τριακοσίων
1139 818 1401 887 ἑξήκοντα
1457 815 1614 871 πέντε
1667 815 1861 888 χρόνον

1985 817 2522 884 translatus,annos
2553 824 2727 873 natus
2758 819 2859 872 365
2888 835 2901 870 :
2936 825 3060 873 erat
3112 819 3271 872 enim
3306 819 3422 873 Deo
3464 834 3632 872 acce-

225 905 533 976 γενόμενος.
561 905 911 980 Εὐηρέστησε
941 911 1022 978 τῷ
1053 910 1196 979 Θεῷ·
1247 931 1270 958 u
1303 907 1396 960 Καὶ
1434 905 1541 983 οὐχ
1587 905 1861 978 ηὐρίσκετι

1985 909 2158 974 ptus:
2189 907 2235 973 (ι
2270 908 2336 960 Et
2357 924 2477 961 non
2500 907 3078 979 inveniebatur,quia
3108 906 3262 962 Deus
3286 923 3420 963 eum
3443 912 3634 962 trans-

226 989 358 1045 διότι
392 991 683 1064 μετέθηκεν
737 993 896 1048 αὐτὸν
926 997 953 1049 6
986 996 1137 1057 Θεός.
1168 1018 1193 1048 ιι
1987 992 2137 1047 tulit.
2178 1018 2204 1043 ››

289 1084 400 1136 Ὀτι
467 1082 606 1137 κατᾶ
658 1083 791 1145 τοὺς
849 1082 1180 1159 λεγομένους
1245 1083 1581 1159 γεωμέτρας,
1641 1083 1752 1138 ἐστὶ
1812 1086 1861 1138 τε

2054 1083 2380 1140 Geometras
2408 1084 2655 1140 tradunt
2684 1085 2993 1141 dimidiam
3028 1093 3256 1158 partem
3288 1092 3458 1142 terrae
3497 1103 3630 1159 quas

220 1169 384 1244 ἥμισυ
412 1178 514 1240 τῆς
548 1173 984 1245 κατοικουμένης
1014 1181 1114 1242 τῆς
1166 1173 1244 1237 εἷς
1274 1171 1336 1228 τὸ
1373 1180 1548 1246 μῆκος
1587 1171 1747 1246 μίλια
1779 1195 1861 1251 χι-

1985 1172 2374 1242 inhabitatur,
2411 1174 2692 1230 milliaria
2722 1175 2782 1230 in
2812 1175 3054 1248 longum
3085 1175 3406 1232 duodocies
3438 1176 3630 1232 millia

215 1256 393 1321 λιάδες
450 1258 708 1335 δώδεκα,
768 1261 846 1325 εἷς
903 1260 962 1317 δὲ
1015 1262 1078 1317 τὸ
1145 1261 1354 1324 πλάτος
1414 1261 1576 1334 μίλια
1623 1259 1861 1337 χιλιάδες

1985 1267 2203 1333 patere,
2239 1263 2300 1317 in
2342 1263 2530 1319 latum
2568 1263 2851 1320 milliaria
2899 1264 3096 1321 decies
3128 1282 3195 1322 ac
3249 1266 3439 1322 sexies
3491 1265 3631 1321 mil-

213 1345 332 1408 δέκα

277 1440 396 1498 Ὀτι
429 1439 495 1494 τὰ
545 1440 652 1515 ὅρη
715 1441 950 1517 ’Δραρὰτ
1006 1441 1157 1515 ἴσμεν
1215 1441 1267 1498 ἐν
1328 1442 1537 1516 Παρθίὰ
1593 1448 1694 1510 τῆς
1753 1443 1872 1515 Ἀρ-

208 1527 385 1600 μενίας
417 1531 536 1601 (28)
571 1531 735 1584 εἶναι·
785 1531 930 1592 τινες
966 1528 1022 1586 δέ
1080 1553 1262 1604 φασιν,
1319 1530 1370 1586 ἐν
1422 1530 1709 1592 Κελαιναῖς
1767 1538 1867 1600 τῆς

209 1617 471 1695 Φρυγίας.

273 1709 357 1779 [Ρ.
397 1711 646 1781 11]*Οτι
690 1707 780 1763 ἐπὶ
839 1710 1026 1764 ἑκατὸν
1086 1709 1308 1784 χρόνοις
1371 1709 1684 1779 ἐσκευάζετο
1715 1713 1748 1778 ἡ
1782 1730 1868 1764 κι-

208 1789 394 1858 ϐωτὸς,
428 1795 737 1871 ἰτλῃρώθη
773 1794 829 1851 δὶ
858 1802 938 1869 τῷ
970 1799 1090 1873 φςΘ’
1133 1793 1237 1852 ἔτει
1290 1801 1387 1867 τῆς
1423 1804 1568 1867 ζωῆς
1597 1803 1692 1852 τοῖ’)
1718 1801 1865 1866 Νῶε,

1980 1351 2082 1408 lia.

2051 1442 2275 1497 Montes
2307 1445 2516 1498 Ararat
2545 1445 2765 1499 scimus
2799 1445 2858 1500 in
2893 1445 3132 1500 Parthia
3154 1446 3451 1502 Armenias
3474 1462 3624 1501 esse.

1975 1529 2224 1595 Quidam
2257 1531 2428 1586 aiunt
2457 1531 2615 1604 apud
2644 1532 2908 1587 Celaenas
2943 1533 3208 1604 Phrygias
3241 1533 3549 1605 oppidum.

2042 1715 2192 1769 Arca
2221 1715 2353 1768 Noae
2385 1721 2623 1771 centum
2655 1716 2829 1770 annis
2863 1721 3204 1771 constructa
3235 1715 3622 1786 est,absoluta

1971 1817 2127 1858 anno
2162 1804 2291 1857 vitas
2325 1805 2457 1858 Noae
2491 1821 2607 1862 uno
2631 1805 2703 1861 de
2735 1807 3188 1874 sexcentesimo,
3215 1822 3420 1860 mense
3447 1806 3616 1869 Maio,

209 1885 329 1953 μηνί
360 1905 466 1978 τινι
501 1883 670 1959 Μαΐῳ
708 1894 808 1950 κς’,
869 1887 1052 1961 ἡμέρᾳ
1107 1889 1299 1961 πρώτῃ
1359 1893 1491 1960 (29)·
1527 1889 1554 1942 6
1584 1887 1772 1961 πῆχυς
1805 1885 1861 1942 δὲ

1985 1891 2248 1947 vicesima
2281 1898 2442 1946 sexta
2475 1893 2590 1961 die,
2622 1895 2814 1964 prima
2845 1895 3192 1965 septimana)
3224 1894 3339 1949 die.
3375 1894 3619 1950 Cubitus

200 1979 294 2040 τῆς
332 1969 578 2029 κιϐωτοῦ
614 1975 808 2054 ὀργυιὰ
863 1977 1096 2052 μεγίστη
1148 1976 1258 2031 ἐστὶ
1315 1977 1433 2032 κατ’
1505 1977 1855 2054 Αἰγυπτίους

209 2065 256 2135 μ’
308 2063 363 2118 δὲ
414 2065 633 2139 ἡμέρας
715 2069 1029 2140 κατήρχετο
1084 2068 1110 2122 6
1175 2068 1328 2131 ὑετὸς
1382 2069 1472 2122 καὶ
1530 2069 1581 2140 μ’
1637 2068 1853 2129 νύκτας.

205 2155 513 2229 Ἀπριλλίῳ
538 2155 597 2211 δὲ
612 2157 770 2235 φηνῖ,
792 2157 969 2232 ἡμέρα
993 2160 1183 2233 πρώτῃ
1205 2166 1302 2228 τῆς
1328 2154 1856 2232 ἑϐδομάδος,ἒξῆλθε

207 2245 323 2300 Νῶε
377 2243 437 2298 ἐκ
491 2253 597 2314 τῆς
661 2242 902 2302 κιϐωτοῦ
936 2289 950 2302 .
1008 2249 1161 2308 Τινὲς
1218 2245 1294 2317 δὲ,
1346 2250 1464 2311 καθ’
1524 2249 1588 2319 ἢν
1647 2251 1856 2322 ἡμέραν

209 2331 449 2404 ἐκλείσθη
482 2340 708 2410 πρῶτον
741 2334 1064 2404 ἠκιθωτὸς,
1118 2339 1234 2392 κατ’
1290 2337 1454 2406 αὐτήν
1508 2342 1588 2409 τῷ
1647 2335 1853 2394 ἐπιόντι

210 2429 372 2496 καιρῷ
403 2409 691 2498 ἀνωγῇ-ναί
740 2446 918 2502 φασιν,
951 2425 1003 2482 ἐν
1035 2431 1113 2498 τῷ
1161 2424 1523 2503 δισχιλιοστῷ
1577 2425 1852 2484 διακοσιο-

216 2516 316 2583 στῷ
341 2519 766 2586 τεσσαρακοστῷ
795 2515 962 2590 τρίτῳ
1000 2511 1104 2575 ἔτει
1134 2523 1236 2585 τῆς
1293 2521 1390 2571 τοῦ
1439 2517 1650 2590 κόσμου
1706 2518 1850 2593 γενὲ-

217 2621 351 2662 σεως.
388 2601 482 2656 Καὶ
505 2604 702 2666 θυσίας
732 2603 1022 2678 προσάγων
1049 2609 1128 2674 τῷ
1172 2609 1316 2677 Θεῶε
1376 2606 1595 2661 ίκετεύει
1660 2607 1852 2679 μηκέτι

215 2696 371 2745 ποιεῖν
400 2692 778 2764 κατακυσμόν.
840 2693 1274 2768 Ἀποδεξάμενος
1329 2697 1419 2750 οὗν
1481 2698 1508 2751 6
1568 2698 1696 2758 Θεὸς
1753 2701 1853 2768 τήν

214 2784 299 2833 τοῦ
343 2778 522 2855 ἀνδρὸς
574 2781 772 2853 ἀρετὴν
834 2782 1099 2857 ὑπέσχετο
1148 2789 1592 2860 τοῦτο,σημεῖον
1651 2789 1852 2850 ἐπιθεὶς

223 2869 279 2922 τὸ
303 2869 443 2939 τόξον
465 2877 578 2939 τῆς
609 2866 804 2944 ἴριδοςο

281 2958 392 3014 Ὃτι
421 2959 447 3012 6
476 2962 610 3012 Νῶε
631 2957 933 3032 Ξίσουϐρος
961 2962 1106 3036 ποιρᾶ
1135 2961 1429 3025 Χαλδαίοις
1461 2963 1697 3040 ἐλέγετο.

286 3047 394 3102 Ὀτι
430 3048 533 3119 πρὸ
573 3051 672 3101 τοῦ
719 3047 1108 3123 κατακλυσμοῦ
1139 3049 1264 3107 οὔτε
1292 3045 1440 3114 ἔθνος
1471 3053 1536 3122 ἦν
1598 3053 1722 3108 οὔτε
1764 3056 1856 3127 βοι-

235 3133 406 3190 σιλείι·
439 3135 574 3190 ἐτῶν
633 3133 690 3189 δὲ
737 3137 993 3212 περίοδος
1051 3140 1142 3208 ἦν.
1204 3135 1518 3216 Περιόχεται
1580 3139 1637 3196 δὶ
1693 3141 1742 3194 ἐν
1777 3145 1854 3210 τῷ

243 3218 424 3296 βιϐλίῳ
449 3229 549 3278 τῶν
599 3224 960 3305 ’Δποκρύφων
995 3228 1172 3304 Ἑνὼχ
1204 3228 1286 3283 ὅτι
1320 3227 1532 3305 Οὐριήλ
1566 3230 1593 3282 6
1626 3226 1856 3304 ἅγγελος

248 3309 463 3384 ἒμήνυσε
518 3315 598 3382 τῶ
642 3313 825 3390 Ἑνὼχ
861 3359 873 3383 ,
944 3316 996 3370 τί
1052 3317 1163 3373 ἐστι
1227 3319 1320 3390 μὶν
1375 3320 1464 3373 καὶ
1519 3320 1696 3392 τροπὴ
1765 3318 1853 3371 καὶ

257 3399 487 3466 ἐνιαυτὸς,
515 3400 602 3454 καί
628 3402 715 3455 τὸν
746 3400 984 3459 ἐνιαυτὸν
1017 3402 1164 3480 ἒχειν
1197 3406 1278 3480 νβ“
1307 3400 1637 3478 ἑϐδομάδας.

307 3584 404 3639 Ὀτι
432 3589 461 3654 ἡ
494 3589 778 3663 Αἴγυπτος
824 3589 927 3642 ὑπὸ
968 3592 1065 3642 τοῦ
1114 3588 1385 3662 Μεστρὲμ,
1443 3592 1540 3642 τοῦ
1600 3585 1856 3662 δευτέρου

239 3673 343 3727 υἱοῦ
379 3677 492 3750 Χὰμ
541 3680 681 3734 κατὰ
712 3680 810 3748 τήν
843 3684 1078 3754 Γραφην,
1132 3679 1278 3742 θείου
1338 3677 1395 3732 δὲ
1450 3682 1546 3732 τοῦ
1603 3673 1857 3752 Νεϐρὼδ,

232 3762 337 3816 υἱοῦ
389 3769 546 3836 Χοῦς,
601 3769 721 3822 υἱοῦ
779 3767 905 3840 Χᾶμ
958 3769 1056 3821 τοῦ
1120 3767 1361 3842 πρώτου,
1412 3766 1714 3830 οἰκισθεῖσα
1766 3766 1856 3822 καὶ

234 3851 596 3924 βασιλευθεῖσα
632 3852 737 3919 ἓως
789 3853 947 3911 τοῦδε
1000 3857 1126 3930 παρ’
1183 3851 1458 3929 Ἑϐραίοις
1515 3857 1602 3910 καὶ
1661 3857 1860 3930 Σύροις

229 3941 306 3995 καὶ
334 3944 527 4020 Ἄραψι
559 3945 822 4020 Νεστραία
853 3943 1117 4000 καλεῖται.

293 4032 405 4088 Ὀτι
434 4038 511 4106 τῷ
542 4033 912 4112 δισχιλιοστῷ
953 4031 1277 4104 διακοσιστῴ
1333 4038 1684 4106 πεντηκοστῷ
1713 4036 1858 4109 πρώ-

230 4137 298 4190 τῳ
355 4118 454 4177 ἔτει
504 4124 632 4179 Νῶε
689 4122 973 4199 ἐφύτευσεν
1027 4121 1324 4192 ἀμπελῶνα
1371 4120 1425 4176 ἐν
1478 4118 1592 4198 ὄρει
1646 4118 1856 4177 Λουϐὰν

228 4214 318 4276 τῆς
347 4211 650 4286 Ἀρμενίας,
684 4212 846 4275 θύσας
878 4232 935 4267 τε
965 4215 1041 4283 τῷ
1071 4214 1188 4283 Θεῷ
1219 4210 1306 4265 καὶ
1337 4211 1476 4265 πιὼν
1534 4211 1680 4266 οἶνον
1729 4210 1857 4287 ἐγυ-

239 4298 434 4369 μνώθη.

294 4387 406 4442 Ὅτι
463 4390 897 4463 ἡγεμονεύοντος
954 4383 1184 4462 Νεϐρὼδ
1234 4387 1453 4459 ἐκτίσθη
1512 4391 1546 4458 ἡ
1599 4385 1864 4444 Βαϐυλὼν

1887 3281 1934 3345 C

1971 1987 2168 2036 autem
2202 1998 2316 2051 quo
2352 1999 2482 2037 eam
2515 1999 2757 2037 mensus
2789 1990 2896 2050 est,
2925 1984 3182 2038 maxima
3214 1990 3302 2038 est
3337 1984 3615 2055 .Egyptiis

1969 2070 2129 2126 ulna.
2160 2072 2253 2126 2|
2293 2071 2690 2144 Quadraginta
2721 2071 2848 2126 dies
2882 2071 3238 2142 totidemque
3261 2078 3463 2127 noctes
3481 2071 3611 2143 plu-

1968 2163 2060 2216 via
2090 2162 2330 2217 decidit.
2363 2163 2563 2218 Prima
2594 2162 2688 2217 die
2739 2163 3085 2233 septimanae
3121 2164 3343 2218 mensis
3390 2162 3610 2234 Aprilis

1967 2252 2086 2305 Noa
2117 2268 2388 2322 egressus
2419 2257 2509 2307 est
2539 2269 2610 2307 ex
2640 2268 2794 2307 arca.
2829 2251 3079 2316 Quidam
3113 2252 3319 2308 eadem
3350 2251 3445 2306 die
3490 2267 3608 2322 qua

1965 2347 2102 2396 ante
2129 2358 2349 2397 annum
2380 2343 2582 2398 clausa
2611 2342 2822 2408 fuerat,
2862 2348 3127 2413 apertam
3185 2358 3382 2397 arcam
3443 2358 3604 2397 asse-

1963 2438 2286 2500 runt,anno
2319 2433 2391 2487 ab
2423 2432 2649 2504 origine
2689 2432 2896 2487 mundi
2929 2433 3236 2487 2243.Tum
3271 2434 3391 2487 Noa
3421 2433 3605 2487 Deum

1964 2539 2027 2577 re
2060 2540 2226 2578 sacra
2256 2525 2409 2579 facta
2439 2523 2792 2594 deprecatus
2825 2527 2915 2578 est
2937 2540 3010 2577 ne
3042 2522 3287 2593 posthac
3319 2521 3605 2578 diluvium

1965 2617 2135 2666 terra:
2159 2612 2796 2670 immitteret.Probans
2818 2617 3018 2667 autem
3041 2612 3194 2666 Deus
3209 2611 3468 2666 hominis
3483 2611 3612 2682 ejus

1965 2701 2351 2770 virtutem,ita
2380 2702 2504 2756 fore
2536 2700 2833 2772 pollicitus
2865 2705 3223 2768 est,tesseraa
3253 2699 3384 2755 loco
3409 2716 3613 2755 arcum

1965 2789 2068 2861 qui
2099 2789 2205 2845 Iris
2235 2790 2453 2845 dicitur
2483 2791 2874 2846 constituens.

2039 2964 2159 3016 Noa
2191 2962 2481 3017 Chaldaeis
2513 2962 2794 3016 Xisuther
2824 2961 3020 3015 dictus
3052 2963 3183 3018 fuit.

2036 3054 2183 3105 Ante
2216 3050 2499 3105 diluvium
2532 3066 2724 3119 neque
2770 3065 2913 3121 gens
2952 3049 3076 3103 ulla
3119 3049 3232 3104 fuit
3284 3065 3476 3119 neque
3527 3066 3614 3104 re-

1965 3154 2468 3212 gnum,annorum
2504 3143 2702 3192 autem
2728 3137 2999 3192 circuitio
3033 3143 3177 3192 erat.
3214 3138 3280 3193 In
3317 3137 3468 3192 libro
3503 3139 3613 3194 Oc—

1967 3228 2262 3283 cultorum
2293 3228 2514 3282 Enochi
2542 3227 2882 3282 continetur
2903 3227 3482 3299 scriptum,Urielum
3505 3244 3607 3284 an-

1966 3317 2163 3391 gelum
2217 3317 2459 3372 Enocho
2517 3317 2814 3372 indicasse
2863 3315 3006 3387 quid
3057 3318 3278 3373 mensis
3327 3317 3424 3382 sit,
3467 3317 3610 3388 quid

1967 3407 2460 3477 solstitium,quid
2499 3422 2731 3471 annus;
2766 3423 2831 3462 ac
2864 3424 3086 3462 annum
3121 3407 3361 3478 quidem
3384 3410 3452 3463 52
3469 3425 3608 3466 con-

1967 3503 2124 3553 stare
2157 3496 2524 3568 septimanis.

2037 3587 2315 3658 }Egyptus
2338 3601 2372 3640 a
2394 3587 2970 3653 Mezromo,secundo
2989 3587 3193 3642 Chami
3210 3587 3331 3642 ﬁlio
3353 3589 3614 3659 (auctore

1969 3676 2532 3746 Scriptura),patruo
2551 3681 2749 3729 autem
2765 3675 3042 3730 Nemrodi
3075 3682 3236 3741 (nam
3260 3678 3310 3731 is
3333 3676 3614 3742 Chusum,

1969 3765 2067 3835 qui
2104 3766 2332 3835 primus
2363 3764 2568 3819 Chami
2603 3763 2759 3818 filius
2789 3763 3155 3836 fuit,patrem
3187 3763 3417 3834 habuit)
3455 3763 3616 3822 culta

1969 3871 2036 3909 ac
2061 3859 2304 3926 regnata
2328 3853 2396 3908 ad
2424 3853 2546 3909 haec
2570 3869 2759 3924 usque
2781 3859 3050 3925 tempora
3072 3854 3146 3909 ad
3167 3853 3616 3925 Hebraais,Syris

1970 3949 2028 4000 et
2056 3943 2348 3998 Arabibus
2381 3944 2620 3998 Mezraea
2649 3944 3013 3999 nominatur.

2042 4037 2164 4087 Noa
2194 4031 2285 4086 bis
2312 4031 2634 4086 millesimo
2667 4032 3075 4087 ducentesimo
3123 4033 3614 4103 quinquagesimo

1969 4122 2163 4193 primo
2194 4137 2350 4176 anno
2383 4121 2614 4174 vineam
2636 4120 2923 4190 plantavit
2956 4121 3016 4174 in
3049 4121 3287 4176 Lubano
3319 4120 3614 4176 Armenias

1969 4216 2172 4266 monte
2197 4225 2209 4275 ;
2243 4225 2497 4280 cumque
2517 4211 2633 4263 Deo
2657 4225 2784 4264 rem
2809 4226 3038 4264 sacram
3058 4209 3295 4264 fecisset
3324 4227 3389 4264 ac
3411 4210 3616 4264 vinum

1970 4300 2240 4367 bibisset,
2273 4299 2469 4354 nudus
2491 4299 2702 4371 jacuit.

2044 4387 2338 4444 Nemrodo
2363 4388 2694 4459 imperante
2715 4387 2977 4460 Babylon
2999 4389 3290 4446 aadiﬁcata
3314 4394 3404 4446 est
3421 4394 3480 4444 et
3498 4393 3620 4444 tur-

1413 4488 1774 4544 XYLANDRI
1813 4489 1898 4542 ET
1938 4486 2150 4544 GOARI
2193 4487 2411 4544 NOTAE.

295 4603 399 4675 (28)
457 4605 605 4660 Aliis
681 4605 1036 4676 apocryphis
1113 4610 1352 4660 auctore
1427 4605 1632 4660 relatis
1691 4606 1861 4659 venia

1985 4595 2231 4676 ῗάτήριον
2407 4599 2498 4654 τὸν
2556 4599 2722 4655 τόπον
2783 4599 3063 4676 καλεῖσθαι
3122 4607 3240 4676 τοῖς
3305 4602 3618 4675 ’Δρμενίοις

232 4671 574 4742 data,'liceat
626 4671 737 4748 hoc
767 4693 836 4731 ex
865 4671 1260 4732 A'rmenorum
1305 4677 1541 4748 scriptis
1599 4677 1863 4731 historiis

232 4751 285 4799 et
309 4750 567 4816 paternis
601 4747 1015 4820 traditionibus
1048 4748 1392 4820 adjungere.
1448 4748 1623 4803 Jacob
1672 4750 1863 4820 Mons-

231 4833 410 4940 ponoe
441 4819 797 4874 catholicum
819 4819 924 4888 (ita
952 4819 1167 4874 vocant
1184 4819 1605 4890 patriarcham)
1629 4819 1866 4890 impulit

255 4887 402 4940 ibido
433 4891 504 4940 ad
545 4904 889 4940 supremum
948 4892 1238 4940 montium
1301 4895 1506 4940 Ararat
1564 4893 1863 4940 verticem.

255 4887 402 4962 igbido
433 4891 504 4946 ad
545 4887 889 4962 supremum
947 4887 1240 4945 montium
1299 4895 1506 4947 Ararat
1564 4887 1863 4956 verticem,

235 4959 425 5034 μεθείς»
466 4959 710 5028 dictum,
770 4962 1084 5033 proficisci.
1145 4969 1210 5017 ut
1253 4963 1543 5018 curiosius
1601 4964 1865 5034 inspecto

234 5029 355 5087 loco
386 5039 442 5088 et
471 5035 703 5103 generis
752 5029 994 5088 Humani
1054 5035 1170 5089 Deo
1229 5041 1568 5104 reparatore
1601 5029 1865 5099 adorato,

238 5117 303 5176 ex
333 5104 530 5159 diluvii
562 5106 829 5176 reliquiis
861 5107 1077 5172 (arcam
1126 5105 1287 5160 enim
1341 5107 1558 5161 Noeam
1590 5106 1746 5160 inter
1776 5106 1870 5160 ni-

238 5174 385 5248 vium
431 5174 734 5248 aggeratos
791 5177 1063 5232 cumulos
1119 5177 1199 5230 ibi
1253 5193 1564 5247 superesse
1621 5177 1871 5232 credunt

240 5247 887 5321 accolsalfragmentum
921 5248 1088 5319 ligni,
1123 5248 1481 5321 sigdaretur,
1515 5254 1868 5320 asportaret.

241 5315 345 5391 lter
389 5315 712 5391 aggressus,
742 5335 776 5373 a
807 5315 1010 5374 Massi's
1054 5319 1289 5391 'vesticis
1347 5315 1600 5375 accessu
1648 5326 1873 5376 secreta

239 5387 804 5462 virtute"repulsus,
893 5390 1167 5462 precibus
1246 5391 1416 5460 fusis,
1476 5392 1870 5462 fragmentum

244 5459 386 5535 quod
425 5459 722 5535 optaverat
777 5462 877 5515 Dei
897 5459 1381 5535 idonohrecepit,
1439 5459 1597 5534 quod
1649 5465 1711 5518 in
1766 5481 1875 5535 op-

240 5530 600 5606 pidoAquiri
635 5534 708 5588 ad
742 5534 960 5588 montis
992 5533 1224 5589 radices
1251 5530 1362 5588 sito
1395 5530 1723 5606 repositum
1757 5530 1871 5589 Ar-

245 5603 389 5656 meni
433 5603 801 5730 frequentius
858 5605 1142 5674 invisunt,
1166 5610 1225 5660 et
1256 5622 1438 5676 penes
1462 5603 1555 5669 se.
1588 5613 1652 5661 ut
1683 5607 1872 5670 aiunt,

247 5682 528 5730 asservant
562 5677 763 5730 ianum
777 5691 892 5730 auo
916 5678 1069 5730 Deus
1083 5677 1872 5730 humaniaenerisreliauias

247 5682 528 5751 asservant
540 5677 763 5751 lignum
777 5691 896 5751 quo
916 5678 1069 5751 Deus
1083 5677 1325 5732 humani
1340 5693 1450 5751 gen
1461 5678 1575 5732 eris
1589 5677 1875 5751 reliquias

242 5746 403 5813 jussit
433 5746 690 5822 quodam
713 5747 784 5804 ab
799 5746 987 5804 exitio
1011 5746 1375 5820 praservari'.
1411 5750 1666 5807 Zonaras
1690 5767 1702 5806 :
1723 5746 1874 5803 Emo-

1977 4672 2139 4748 φησὶν
2201 4673 2228 4725 ὁ
2276 4673 2586 4746 Ἰώσηππος
2625 4716 2637 4741 ,

1973 4743 2240 4816 λόρνακος
2276 4742 2404 4798 ἐκεῖ.
2439 4745 2637 4816 ίζίοέιιι.Δ

2049 4810 2155 4886 ἰ29)
2172 4817 2566 4891 Nimirumtiq
2583 4810 3073 4891 ἑϐδομάδος-,ςΠοᾲ
3089 4817 3242 4891 infra
3255 4834 3616 4891 expressum,

2049 4835 2155 4886 ικν)
2173 4835 2566 4883 lVlmll‘um‘t'qq
2583 4835 3073 4942 εοοομαοοςἺυοα
3089 4835 3242 4873 intra
3255 4835 3615 4891 expressum,

1975 4889 2072 4943 hic
2103 4888 2590 4943 omiserat.Porro
2612 4904 2836 4943 annum
2867 4888 2924 4942 di
2958 4889 3163 4944 uviiab
3196 4891 3364 4945 initio
3390 4891 3615 4950 mundi.

1977 4959 2253 5015 eumdem
2282 4959 2459 5013 habet
2479 4959 2862 5030 Nicephorus.
2881 4960 2993 5016 Sed
3013 4961 3333 5016 Hebraicus
3355 4960 3616 5016 calculus

1980 5031 2157 5114 habet
2192 5031 2700 5114 1656,quen1docti
2719 5032 3615 5114 εθιλιιιξηῐωκϐιεωεηεέιεξδηο

1979 5103 2185 5174 drinus
2217 5118 2405 5174 annos
2435 5103 2508 5157 ab
2540 5103 2764 5160 Adamo
2796 5101 2947 5174 facto
2980 5120 3168 5174 usque
3197 5105 3270 5159 ad
3329 5103 3616 5158 diluvium

1979 5173 2122 5230 2142
2148 5180 2206 5227 et
2235 5175 2267 5226 4
2325 5173 2451 5228 dies
2483 5180 2776 5238 numerat,
2820 5173 2856 5227 Ι.
2918 5173 3179 5228 iStrom.
3225 5175 3387 5240 Quod
3441 5174 3616 5240 paulo

1979 5251 2114 5318 post
2142 5245 2431 5318 sequitur.
2466 5246 2644 5318 Noam
2677 5262 2710 5299 a
2741 5245 3030 5301 Chaldaeis
3062 5246 3243 5301 fuisse
3273 5245 3619 5318 Xisuthrum

1981 5316 2368 5402 appellatum,
2404 5316 2967 5402 Eusebius-IPrmpar.
3005 5318 3212 5402 Evgng.
3226 5335 3296 5402 _1_x
3351 5317 3619 5402 Abydeni

1980 5387 2282 5459 Assyriam
2306 5387 2615 5459 historiam
2639 5388 2801 5451 citat,
2835 5387 2895 5444 in
2922 5405 3036 5458 qua
3069 5389 3355 5445 Seisither
3386 5387 3622 5454 dicitur,

1983 5458 2277 5526 Ζείσιθρος,
2317 5458 2420 5513 fol.
2482 5459 2815 5532 Graeco243
2873 5459 2929 5532 Ι),
2964 5461 3251 5515 Caeterum
3311 5478 3507 5532 proo':
3566 5461 3627 5513 in

1982 5533 2260 5587 Mestrom
2293 5536 2352 5585 et
2376 5530 2738 5604 Mestraea,id
2771 5531 2931 5604 quod
2961 5532 3272 5604 perspicue
3303 5530 3507 5587 verum
3541 5536 3632 5604 est

1985 5608 2246 5670 secutus,
2283 5603 2550 5673 (posui;
2584 5603 2700 5658 nisi
2746 5600 2879 5673 quis
2917 5600 3171 5672 o'malit,
3223 5609 3290 5658 ut
3339 5610 3429 5659 est
3475 5600 3631 5673 apud

1983 5676 2293 5731 Zonaram.
2328 5678 2458 5730 XvL.

2715 4674 2801 4726 καὶ
2875 4673 3098 4748 λείψανα
3159 4671 3460 4730 δείκνυσθαι
3517 4681 3616 4744 τῆς
