4106 6288
275 329 348 388 69
730 352 734 354 ‘
1472 341 2013 403 HlSTOHlARUM
2062 337 2613 403 COMPENDIUM.
3700 352 3779 412 50

285 461 451 529 λείας
487 468 593 543 [Ρ.
636 476 706 530 ιι
745 477 805 549 b]
842 474 1142 531 Χαλδαίων
1169 474 1293 545 ἤτοι
1347 470 1721 532 Βαϐυλωνίων
1779 470 1867 528 διὰ
1908 475 2002 529 Νε-

2121 475 2358 529 niorum
2374 491 2616 547 regnum
2632 477 2967 533 institutum
2982 478 3375 535 fuisse.Aiunt
3388 482 3580 538 solum
3596 460 3777 541 Hebe-

303 550 491 633 ὖρώδ.
516 562 679 616 Φασὶ
718 561 782 619 δὲ
815 567 902 620 ὅτι
938 565 1101 638 μόνος
1130 567 1157 618 6
1183 559 1346 639 Ἔϐερ
1387 566 1415 619 6
1464 568 1564 619 τοῦ
1614 560 1804 618 Φάλεκ
1832 564 2012 637 πατὴρ

325 648 390 703 οὐ
424 650 697 714 συνέθετο
729 658 803 728 τῇ
830 657 1021 729 πράξει
1047 661 1147 724 τῆς
1204 671 1569 729 πυργοποιαςο
1607 649 1691 706 διὸ
1742 653 1854 720 καὶ,
1913 659 2014 721 τῆς

338 744 447 796 τῶν
512 737 712 796 ἄλλων
777 747 969 820 φωνῆς
1028 743 1399 818 συγχεθείσης,
1454 743 1488 811 ἠ
1539 745 1636 797 τοῦ
1695 736 1859 816 Ἔϐερ
1916 741 2016 795 οὐκ

349 829 628 886 ἀπώλετο.
667 831 822 903 Αὕτη
865 829 922 888 δέ
984 832 1127 888 ἐστιν
1273 833 1365 887 καὶ
1424 828 1602 903 Ἀδὰμ
1659 828 1865 886 ἐλάλει*
1927 830 2014 885 καὶ

350 923 552 993 ταύτην
584 923 639 975 οἱ
688 926 887 977 τοῦτον
932 920 1299 995 διαδεξάμενοι
1357 920 1621 996 ἀπόγονοι
1662 939 2015 994 πατρωνυμι-

358 1017 473 1072 χῶς
501 1011 724 1073 ἑαυτοὺς
756 1007 1050 1089 Ἐϐραίους
1092 1010 1540 1087 προσηγόρευσαν
1607 1010 1698 1065 καὶ
1754 1005 2017 1085 Ἐϐραῒδα

356 1103 461 1169 τήν
518 1103 704 1179 ιρωνήν
765 1098 1050 1157 ἐκάλεσαν.
1130 1104 1445 1175 Τεχμηριον
1501 1098 1559 1154 δὲ
1613 1099 1816 1167 ταύτην
1874 1100 2013 1153 εἶναι

351 1194 457 1260 τήν
491 1192 596 1265 πρὸ
626 1198 727 1261 τῆς
761 1192 1083 1271 συγχύσεως
1113 1192 1299 1268 φωνὴν
1344 1191 1410 1246 τά
1439 1194 1549 1246 τῶν
1606 1189 1859 1244 παλαιῶν
1892 1189 2011 1243 ὀνό-

353 1301 524 1354 ματα’
549 1279 633 1355 ἐφ’
652 1281 729 1333 ὧν
763 1291 866 1355 γάρ
888 1281 1005 1334 κατ’
1027 1277 1285 1352 οὐδεμίαν
1309 1278 1560 1353 γλῶσσάν
1583 1278 1692 1332 ἐστι
1723 1278 1786 1332 τὸ
1818 1299 1884 1348 or,
1897 1299 2016 1350 μαι-

343 1370 587 1442 νόμενον
620 1367 994 1437 ἐπιλύσασθαι,
1033 1369 1150 1423 κατ’
1180 1369 1349 1435 αὐτὴν
1376 1368 1439 1423 τὸ
1474 1366 1807 1439 ζητούμενον
1838 1367 2014 1441 ἑρμη-

337 1458 581 1514 νεύεται·
617 1458 731 1512 οἷον
764 1455 940 1530 Ἀδὰμ
963 1458 1085 1512 καθ’
1115 1456 1296 1531 ἑτέραν
1332 1456 1426 1528 μὶν
1449 1452 1708 1528 οὐδεμίαν
1734 1456 1918 1535 φωνήν
1950 1454 2012 1509 τὸ

346 1544 704 1619 δηλούμενον
758 1546 1080 1621 εὑρίσκεται.
1157 1546 1294 1599 κατὰ
1362 1542 1423 1598 δὲ
1473 1543 1674 1613 ταύτην
1724 1541 2011 1618 ἅνθρωπος

344 1634 738 1709 ἑρμηνεύεται·
786 1635 876 1689 καὶ
944 1636 979 1704 ἡ
1040 1639 1135 1688 1:03
1201 1634 1329 1689 Νῶε
1383 1634 1725 1707 προσηγορία
1802 1629 2007 1686 δικαιο-

2126 563 2524 633 rum,Phaleci
2556 567 2877 636 patrem,in
2908 567 3408 625 substructionem
3441 572 3618 627 turris
3650 591 3769 629 non

2123 655 2520 709 consensisse:
2535 655 2734 726 itaque
2749 656 3321 727 etiam,reliquorum
3338 659 3555 730 linguis
3568 662 3772 718 confu-

2125 743 2443 807 sis,Heberi
2458 760 2653 799 sermo
2668 746 2894 816 integer
2905 748 3325 816 permansit.Ea
3339 754 3427 803 est
3440 749 3638 820 lingua
3651 768 3769 822 qua

2126 833 2385 888 Adamus
2406 850 2551 889 usus
2569 835 2680 889 fuit
2703 852 2716 901 ;
2751 840 2809 889 et
2837 835 2907 890 ab
2928 836 3039 890 hoc
3063 838 3282 907 posteri
3306 839 3519 895 Heberi
3540 857 3602 895 se
3628 858 3770 913 gen-

2125 922 2300 976 tilitio
2327 923 2568 979 nomine
2601 924 2876 980 Hebraeos
2897 942 2964 980 ac
2988 924 3247 997 linguam
3281 926 3624 985 Hebraicam
3648 948 3764 986 no-

2124 1012 2515 1067 minaverunt.
2539 1014 2743 1068 Fuisse
2760 1014 2912 1069 hanc
2930 1014 3192 1083 linguam
3209 1021 3345 1071 ante
3360 1017 3765 1076 confusionem
3780 1020 3785 1025 ”

2125 1106 2284 1156 certo
2318 1101 2585 1157 indicant
2613 1107 2876 1157 veterum
2908 1104 3177 1172 nomina,
3201 1122 3332 1175 quae
3363 1107 3505 1176 quid
3537 1109 3767 1181 signifi-

2126 1194 2405 1245 centcum
2418 1191 2585 1245 nulla
2606 1191 2722 1246 alia
2746 1191 2948 1264 lingua
2966 1193 3245 1264 explicari
3269 1195 3767 1265 possit,Hebraica
3782 1198 3799 1229 ’-

2125 1278 2327 1351 lingua
2378 1279 2932 1351 interpretationem
2988 1283 3264 1354 suggerit.
3332 1284 3501 1339 Verbi
3556 1287 3763 1357 gratia,

2121 1368 2383 1424 Adamus
2401 1368 2565 1424 nullo
2585 1370 2701 1424 alio
2721 1386 2994 1426 sermone
3009 1372 3648 1443 quidquam,Hebraica
3662 1392 3768 1431 au-

2123 1461 2241 1512 tem
2282 1457 2587 1513 hominem
2619 1459 2719 1515 28
2752 1465 2938 1515 notat.
2973 1461 3065 1515 Sic
3104 1464 3226 1517 Noa
3256 1463 3575 1534 justitiam,
3609 1465 3764 1520 Chus

2120 1544 2470 1616 Ethiopem,
2506 1547 2830 1600 Mezromus
2859 1549 3186 1619 Egyptum,
3215 1550 3505 1605 Phalecus
3534 1551 3767 1607 divisio-

2121 1649 2278 1700 nem,
2315 1633 2576 1705 Babylon
2608 1633 3037 1692 confusionem.

344 1726 520 1793 σόνην
606 1724 882 1798 σημαίνει,
935 1724 1027 1779 καὶ
1085 1722 1230 1785 Χοὺς
1286 1721 1486 1796 Αἰθίοψ
1520 1765 1534 1791 ,
1590 1723 1679 1777 καὶ
1757 1722 2015 1797 Μεστρὲμ
2074 1719 2361 1796 Αἴγυπτος,
2418 1723 2507 1776 καὶ
2568 1721 2754 1777 Φαλέκ
2808 1725 3096 1798 μερισμὸς,
3156 1725 3245 1780 καὶ
3294 1720 3559 1781 Βαϐυλὼν
3624 1727 3751 1804 σύγ-

355 1834 544 1889 χυσις.

424 1915 550 1968 ’Ότι
617 1913 752 1985 μετὰ
808 1912 901 1967 τὸν
958 1908 1341 1984 κατακλυσμὸν
1397 1906 1500 1972 ἕως
1558 1916 1658 1978 τῆς
1710 1906 2002 1981 διασπορᾶς

2186 1913 2232 1966 Α
2262 1911 2485 1966 diluvio
2516 1928 2704 1982 usque
2736 1913 2809 1967 ad
2841 1912 3271 1985 dispersionem
3299 1918 3525 1970 tantum
3549 1916 3609 1971 hi
3641 1922 3762 1972 tres

341 2001 517 2073 μόνοι
548 2003 599 2056 οἳ
631 2007 776 2076 τρεῖς
806 2002 1081 2076 ἡγήσαντο
1137 2003 1244 2054 τῶν
1301 1998 1527 2054 πολλῶν
1572 1992 1831 2065 εὐσεϐῶς,
1866 2001 2007 2065 Νῶε,

337 2091 481 2161 Σὴμ
509 2091 600 2144 καὶ
642 2088 917 2166 Ἀρφαξάδ
950 2090 978 2142 6
1006 2088 1121 2150 υἱὸς
1150 2092 1246 2143 τοῦ
1289 2089 1440 2160 Σήμ,
1483 2081 1576 2156 ἔτη
1612 2083 1753 2163 φλδ’.
1783 2088 1892 2143 Τοῦ
1953 2084 2011 2138 δὲ

332 2179 561 2251 κόσμου
594 2175 712 2239 ἔτος
745 2181 811 2247 ἦν
856 2179 1034 2253 βψοεί·
1094 2181 1174 2249 τῷ
1226 2178 1329 2252 γὰρ
1372 2176 1537 2256 βφιθβ
1570 2170 1673 2230 ἔτει
1703 2174 1791 2229 καὶ
1823 2176 1948 2230 Νῶε
1981 2174 2009 2228 6

339 2266 565 2329 δίκαιος
597 2267 895 2340 ἐκοιμήθη,
941 2264 1014 2321 ὢν
1065 2263 1198 2321 ἐτῶν
1264 2264 1588 2320 ἐννακοσίων
1647 2265 2004 2334 πεντήκοντα.

335 2364 471 2413 Τῶν
506 2355 564 2412 δὲ
622 2355 745 2436 φλδ“
794 2356 1009 2435 χρόνων
1040 2354 1324 2430 ὁάριθμός
1375 2355 1550 2418 οὗτος
1605 2358 1724 2410 Νῶε
1753 2354 1820 2408 τὰ
1875 2353 2010 2427 μετὰ

339 2449 442 2502 τὸν
472 2445 859 2518 κατακλυσμὸν
904 2443 995 2515 ἔτη
1037 2452 1133 2515 τιν’,
1184 2446 1311 2517 Σήμ
1340 2443 1431 2515 ἔτη
1468 2449 1562 2518 ρν¹,
1595 2443 1683 2498 καὶ
1740 2439 2006 2517 Ἀρφαξάδ

341 2535 445 2608 ἔτη
481 2536 585 2613 λγ⁹·
622 2538 764 2609 ὁμοῦ
820 2533 916 2606 ἓτη
963 2534 1113 2614 φλγ’,
1169 2543 1268 2605 τῆς
1330 2536 1507 2611 ἀρχὴς
1564 2539 1671 2589 τῶν
1719 2531 1905 2588 ἄλλων
1953 2531 2005 2585 ἐν

342 2629 431 2696 τῷ
497 2623 743 2697 τετάρτῳ
794 2624 983 2699 χρόνῳ
1043 2617 1494 2696 λαμϐανομένης.
1568 2625 1910 2700 Συκίγραφεῖς
1952 2616 2009 2674 δὲ

342 2719 457 2770 τῶν
494 2714 809 2789 Αἰγυπτίων
841 2713 931 2767 καὶ
991 2709 1283 2768 Χαλδαίων
1343 2712 1513 2766 οὗτοι’
1579 2711 1819 2772 Μάνεοος
1850 2712 1878 2765 6
1906 2713 2005 2779 τήν

345 2809 460 2861 τῶν
518 2802 831 2878 Αἰγυπτίων
894 2800 1262 2872 ποιησάμενος
1320 2801 1668 2875 συγγραφὴν,
1729 2801 2008 2875 Βηροσσὸς

344 2895 375 2948 ὁ
406 2893 476 2946 τά
506 2889 795 2947 Χαλδαϊκὰ
828 2890 1167 2964 συναγαγὼν,
1199 2889 1411 2963 Μῶχός
1472 2908 1529 2942 τε
1580 2887 1669 2942 καὶ
1720 2889 2007 2957 Ἑστιαῖος,

338 2983 438 3038 καὶ
485 2982 627 3056 πρὸς
678 2979 896 3040 τούτοις
957 2979 1245 3053 Αἰγύπτιος
1301 2976 1643 3053 Ἱερώνυμος.
1705 2980 1771 3033 Οἱ
1831 2975 1889 3032 δὲ
1942 2978 2009 3031 τὰ

345 3073 588 3127 Φοινικᾶ
692 3069 1136 3145 συγγραψάμενοι
1209 3065 1460 3128 Ἡσίοδος
1528 3088 1587 3121 τε
1659 3067 1750 3121 καὶ
1851 3069 2010 3121 Ἐκα-

347 3169 537 3231 ταῖος,
587 3160 917 3223 Ἑλλάνικος
973 3160 1062 3213 καὶ
1122 3156 1483 3227 Ακουσίλαος,
1538 3156 1750 3233 Εφορός
1805 3177 1865 3210 τε
1920 3156 2009 3211 καὶ

365 3253 415 3307 Ν
426 3248 667 3309 ικόλαος.
876 3307 880 3310 ,

438 3341 539 3410 Τῷ
568 3340 719 3415 βφοβ
741 3336 851 3394 ἕτει
879 3343 978 3394 τοῦ
1007 3336 1242 3409 κόσμου,
1291 3338 1651 3407 ἐνακοσιοστῷ
1700 3340 2006 3410 τριακοστῷ

362 3428 473 3484 ἔτει
505 3432 596 3483 τοῦ
627 3430 925 3497 Νῶε,κατά
962 3432 1104 3491 θεῖον
1166 3424 1425 3496 δηλονότι
1476 3427 1731 3501 χρησμὸν
1789 3424 2003 3501 ἐμέρισε

355 3520 476 3574 Νῶε
508 3524 621 3579 τοῖς
652 3519 825 3593 τρισὶν
866 3518 1006 3577 υἱοῖς
1062 3515 1227 3571 αὐτοῦ
1286 3516 1383 3584 τὴν
1440 3522 1542 3589 γῆν
1572 3515 1735 3572 οὕτω.
1771 3517 1899 3587 Σήμ
1920 3519 2001 3586 τῷ

343 3606 692 3681 πρωτοτόκῳ
739 3606 907 3660 αὐτοῦ
966 3605 1090 3675 υἱῷ,
1141 3600 1323 3678 ἄγοντι
1383 3600 1502 3663 ἔτος
1557 3602 1999 3678 τετρακοσιοστὸν

337 3696 670 3769 τριακοστὸν
715 3699 951 3769 πρῶτον,
1012 3689 1208 3747 ἔδωκεν
1261 3693 1368 3746 ἀπὸ
1429 3688 1688 3766 Περσίδος
1740 3692 1829 3746 καὶ
1860 3691 2002 3746 Βάκ-

333 3808 485 3861 τρων
516 3782 623 3845 ἕως
674 3780 907 3851 Ἰνδικῆς
973 3788 1170 3855 μῆκος,
1222 3780 1428 3843 πλάτος
1491 3776 1549 3834 δὲ
1605 3780 1709 3835 ἀπὸ
1767 3777 2000 3849 Ἰνδικῆς

332 3872 444 3936 ’έως
475 3871 950 3946 Ῥινοκουρούρων
983 3877 1106 3939 τῆς.
1155 3869 1456 3944 Αἰγύπτου,
1487 3866 1612 3937 ἤτοι
1640 3869 1707 3924 τὰ
1737 3868 1841 3923 ἀπὸ
1872 3869 2001 3924 ἀνα-

329 3964 511 4031 τολῆς
537 3960 647 4023 ἓως
690 3964 887 4035 μέρους
920 3966 1020 4027 τῆς
1082 3952 1454 4031 μεσημϐρίας,
1495 3961 1602 4028 πήν
1661 3979 1720 4012 τε
1779 3959 1998 4033 Συρίαν,

332 4054 370 4121 ἢ
403 4053 501 4107 καὶ
534 4048 776 4107 Ἰουδαία
810 4050 1025 4122 Λέγεται
1055 4047 1169 4119 (καὶ
1220 4047 1325 4122 γὰρ
1380 4046 1471 4100 καὶ
1528 4046 1580 4100 oi
1638 4044 1864 4101 παλαιοί
1894 4048 2001 4102 Σύ-

340 4162 472 4216 ρους
523 4140 653 4201 τοὺς
714 4136 1122 4207 Παλαιστηνοὺς
1182 4136 1494 4209 ὠνόμαζον)
1526 4181 1542 4207 ,
1610 4135 1699 4189 καὶ
1758 4133 1998 4207 Μηδίαν,

338 4230 434 4286 καὶ
474 4229 727 4302 ποταμὸν
778 4225 1090 4296 διορίζοντα
1136 4224 1301 4278 αὐτοῦ
1353 4224 1422 4279 τὰ
1453 4224 1575 4298 ὁρία
1628 4225 1719 4278 τὸν
1783 4224 1998 4302 Εὐφρά-

340 4341 469 4391 την.
504 4320 635 4392 Χάμ
662 4316 721 4372 δὲ
746 4322 826 4390 τῷ
856 4315 1091 4389 δευτέρῳ
1129 4312 1297 4369 αὐτοῦ
1354 4314 1480 4386 υἱῷ,
1524 4312 1710 4390 ἄγοντι
1736 4311 1858 4378 ἓτος
1901 4315 1999 4387 of,

338 4411 516 4470 ἔδωκε
543 4413 646 4480 τὴν
679 4410 815 4484 πρὸς
868 4406 1022 4463 νότον
1076 4406 1169 4463 καὶ
1228 4400 1388 4461 λίϐαν
1447 4404 1538 4461 καί
1596 4406 1760 4481 μέρος
1786 4412 1885 4477 τῆς
1916 4404 2002 4461 δύ-

2116 1999 2486 2054 multitudini
2517 2000 2611 2070 pic
2636 2001 3019 2072 praefuerunt,
3050 2004 3191 2069 Noa,
3225 2003 3432 2058 Semus
3491 2010 3550 2057 et
3580 2006 3762 2076 hujus

2117 2088 2275 2143 illius
2290 2088 2879 2159 Arphaxadus,annis
2892 2091 3014 2156 534,
3039 2089 3111 2144 ad
3126 2104 3200 2145 an
3214 2108 3357 2145 num
3374 2093 3581 2147 mundi
3598 2096 3760 2148 2776.

2115 2179 2377 2232 Mortuus
2398 2178 2557 2232 enim
2581 2182 2669 2232 est
2691 2181 2738 2231 Ν
2744 2193 2815 2232 oa
2821 2178 3021 2249 justus
3045 2195 3201 2234 anno
3224 2183 3382 2245 2592,
3428 2197 3618 2236 annos
3646 2199 3758 2237 na-

2114 2273 2208 2321 tus
2239 2269 2361 2321 950.
2399 2269 2579 2321 Porro
2615 2268 2720 2321 534·
2751 2284 2899 2338 quos
2930 2267 3206 2337 diximus,
3240 2269 3381 2324 anni
3433 2271 3516 2325 sic
3546 2288 3761 2327 nume-

2114 2361 2323 2411 rantur
2350 2373 2362 2410 :
2397 2358 2517 2411 Noa
2546 2362 2679 2427 post
2709 2356 2997 2412 diluvium
3032 2374 3220 2414 annos
3252 2360 3377 2428 350,
3412 2360 3617 2415 Semus
3650 2378 3755 2417 an-

2115 2460 2224 2499 nos
2258 2445 2379 2513 150,
2414 2444 2802 2516 Arphaxadus
2833 2462 3021 2501 annos
3054 2448 3118 2501 33
3151 2463 3163 2500 :
3199 2464 3433 2503 summa
3453 2450 3594 2503 anni
3627 2452 3757 2516 533,

2114 2533 2287 2588 initio
2331 2533 2697 2605 reliquorum
2746 2535 2808 2589 in
2846 2537 2879 2588 4
2917 2552 3095 2607 supra
3144 2538 3248 2591 530
3291 2553 3448 2593 anno
3498 2545 3754 2610 sumpto.

2114 2624 2223 2688 Qui
2254 2641 2348 2679 res
2380 2624 2744 2696 .Egyptiacas
2774 2630 2833 2679 et
2861 2624 3210 2682 Chaldaicas
3250 2627 3753 2699 conscripserunt,

2114 2714 2175 2767 hi
2207 2718 2390 2768 sunt:
2427 2714 2734 2769 Manethus
2779 2714 3015 2784 scripsit
3063 2717 3416 2787 Egyptiaca,
3474 2718 3756 2773 Berossus

2114 2802 2428 2858 Chaldaica
2480 2802 2738 2875 collegit,
2778 2808 2901 2857 tum
2951 2804 3188 2859 Mochns
3237 2810 3296 2860 et
3338 2806 3644 2875 Hestiaeus,
3689 2825 3757 2863 ac

2115 2896 2330 2963 praeter
2358 2892 2467 2946 hos
2492 2893 2885 2962 Hieronymus
2917 2895 3237 2964 Egyptius.
3270 2896 3610 2951 Phrenicum
3661 2913 3756 2953 res

2115 2981 2596 3051 conscripserunt
2655 2981 2963 3047 Hesiodus,
3025 2982 3349 3050 Hecataeus,
3391 2985 3755 3056 Hellanicus,

2118 3069 2450 3138 Acusilaus,
2482 3070 2751 3140 Ephorus
2782 3074 2842 3123 et
2872 3068 3161 3125 Nicolaus.

2190 3336 2357 3389 Anno
2390 3333 2461 3388 ab
2495 3334 2722 3406 origine
2749 3335 2953 3389 mundi
2985 3338 3126 3388 2572
3156 3337 3277 3391 Noa
3308 3351 3529 3393 annum
3567 3341 3757 3395 astatis

2113 3441 2293 3498 agens
2304 3424 2678 3491 930,0raculo
2692 3425 2972 3479 nimirum
2988 3424 3270 3480 divinitus
3283 3432 3546 3499 accepto,
3566 3429 3752 3484 tribus

2112 3516 2234 3572 suis
2262 3515 2400 3570 ﬁliis
2430 3520 2650 3570 terram
2682 3516 3003 3583 distribuit,
3037 3517 3150 3572 hoc
3182 3519 3356 3573 modo
3383 3536 3395 3572 :
3427 3519 3597 3574 Semo
3626 3522 3751 3591 pri-

2112 3609 2409 3680 mogenito
2442 3624 2547 3661 suo
2585 3607 2729 3675 ﬁlio,
2767 3624 2992 3662 annum
3025 3609 3213 3663 aetatis
3245 3610 3753 3682 quadringentesi-

2111 3713 2273 3751 mum
2305 3694 2672 3749 tricesimum
2703 3695 2958 3766 primum
2990 3697 3206 3768 agenti,
3239 3698 3402 3751 dedit
3459 3699 3749 3770 quidquid

2110 3790 2283 3840 terra)
2316 3784 2376 3839 in
2407 3784 2646 3857 longum
2677 3802 2712 3839 a
2739 3784 2975 3840 Perside
3010 3789 3067 3839 et
3097 3785 3313 3840 Bactris
3333 3803 3521 3857 usque
3551 3787 3624 3841 ad
3655 3788 3750 3843 In-

2113 3874 2269 3929 diam
2305 3872 2713 3944 porrigitur,in
2736 3873 2920 3927 latum
2944 3872 3015 3927 ab
3034 3874 3202 3928 India
3222 3890 3411 3946 usque
3434 3875 3508 3930 ad
3533 3875 3751 3933 Rhino-

2111 3979 2322 4018 corura
2352 3962 2597 4034 Egypti,
2632 3963 2750 4015 sive
2782 3978 2912 4032 quae
2942 3962 3014 4016 ab
3047 3969 3180 4017 ortu
3213 3963 3355 4017 solis
3394 3970 3533 4019 sunt
3560 3983 3750 4039 usque

2112 4051 2185 4107 ad
2218 4052 2448 4123 plagam
2479 4050 2954 4118 meridionalem,
2982 4052 3210 4123 Syriam
3243 4070 3479 4125 nempe,
3531 4073 3662 4126 quas
3694 4063 3753 4112 et

2109 4141 2309 4196 Judaaa
2339 4140 2558 4194 dicitur
2582 4141 2739 4209 (nam
2771 4140 3001 4211 antiqui
3035 4140 3205 4211 Syros
3231 4141 3518 4197 vocabant
3565 4144 3748 4200 Palas-

2113 4228 2344 4298 stinos),
2369 4232 2428 4282 et
2455 4227 2724 4294 Mediam,
2743 4233 2800 4282 et
2828 4228 3186 4299 Euphratem
3214 4228 3455 4285 ﬂuvium
3479 4231 3750 4305 designa-

2110 4318 2209 4383 vit,
2244 4317 2343 4389 qui
2374 4316 2596 4372 limites
2625 4317 2779 4372 Semi
2814 4318 2915 4374 24
2946 4318 3242 4373 definiret.
3276 4319 3496 4376 Chamo
3549 4324 3749 4379 autem

2111 4406 2373 4464 secundo
2388 4423 2493 4461 suo
2506 4406 2878 4474 tilio,annum
2893 4407 3087 4480 agenti
3101 4407 3748 4482 quadringentesimum

340 4524 481 4564 σεως
543 4473 1143 4573 ἀπό⁴ῥιειοκουρούρων
1198 4501 1300 4564 τῆς
1349 4495 1653 4571 Αἱγύπτου,
1713 4495 2000 4560 Αἰθιοπίαν

2114 4496 2677 4569 septimum,terram
2709 4473 3091 4566 addixitvquaa
3120 4473 3333 4552 :Austro
3359 4473 3417 4553 ξι
3446 4498 3640 4555 Africo
3663 4505 3753 4555 est

1544 4625 1911 4681 XYLANDRI
1951 4627 2037 4685 ET
2076 4625 2287 4681 GOARI
2329 4625 2549 4680 NOTAE.

337 4759 585 4816 Latinas
615 4756 863 4818 litteras,
896 4752 1012 4807 huc
1044 4751 1337 4820 ﬁngamus
1366 4751 1551 4823 recipi
1582 4751 1715 4806 ideo
1740 4767 1862 4806 non
1882 4769 1998 4808 me-

335 4831 575 4886 ruisse:
610 4827 752 4898 quid
774 4829 976 4881 autem
1000 4824 1103 4878 flet
1130 4822 1350 4877 titteris
1379 4840 1431 4890 ε,
1478 4822 1528 4889 15,
1549 4840 1605 4898 ιν,
1627 4839 1682 4883 o,
1711 4828 1769 4877 et
1799 4824 1997 4898 aliis?

336 4901 483 4958 Mihi
518 4895 758 4970 quidem
812 4898 939 4951 haec
967 4899 1311 4970 commenta
1358 4910 1478 4970 non
1508 4895 1763 4966 placent.
1808 4895 1994 4970 Credo

336 4965 630 5030 adhibitis
660 4971 825 5042 prius
864 4967 1042 5042 rectis
1090 4965 1264 5020 lineis
1296 4966 1473 5042 etiam
1507 4965 1711 5042 curvas
1752 4982 1869 5020 non
1901 4967 1992 5021 in-

335 5037 761 5101 commode-iis
810 5039 1094 5108 adiectas.
1123 5038 1454 5108 praesertim
1506 5037 1629 5107 jam
1691 5044 1992 5092 crescente

332 5130 731 5172 numerorum
761 5111 1015 5183 agmine.
1048 5109 1135 5163 Sit
1155 5124 1292 5189 ergo
1326 5108 1990 5189 semicirculus__littcrzn

331 5206 366 5244 ο
397 5185 687 5243 assimilis
712 5179 854 5239 nota
912 5179 1278 5245 centenarii;
1332 5180 1490 5250 quod
1540 5196 1607 5234 eo
1640 5180 1871 5234 facilius
1905 5186 1994 5235 est

331 5258 590 5321 credita,
624 5257 765 5323 quia
793 5252 1010 5323 reliqui
1067 5251 1462 5323 characteres,
1506 5252 1683 5306 etiam
1713 5252 1991 5307 millena-

329 5333 587 5393 riorum,
611 5322 685 5383 ab
706 5328 837 5382 hoc.
854 5322 1343 5387 ut’ostendemus,
1366 5323 1659 5378 oriuntur.
1686 5326 1828 5378 Nam
1852 5324 1990 5378 huic

331 5392 675 5458 contrarius
701 5416 733 5453 ο
764 5396 966 5453 addita
1002 5392 1231 5466 lineola
1258 5394 1343 5448 sic
1372 5410 1444 5456 ιο,
1480 5394 1833 5466 quingentas
1856 5396 1985 5449 uni-

330 5480 491 5530 tates
521 5474 720 5537 refer,,
743 5467 1056 5525 semissem
1086 5464 1371 5537 nimirum
1405 5464 1747 5533 millenarii,
1784 5468 1885 5537 qui
1904 5467 1989 5521 sic

329 5535 1160 5615 antiquitusexprimebatur,
1191 5552 1295 5603 cm,
1315 5535 1558 5615 _lineola
1587 5539 1744 5615 inter
1764 5535 1988 5615 priores

336 5605 716 5675 characteres
746 5605 1078 5683 interjecta,
1100 5625 1189 5683 n_e_
1207 5605 1712 5683 coalescerentmt
1740 5605 1982 5681 opinor;

339 5705 475 5764 qua
497 5685 721 5744 lineola
750 5690 811 5740 et
829 5679 976 5751 in'L,
1000 5679 1159 5752 quod
1174 5679 1543 5751 longiuscula
1560 5679 1904 5753 pingeretur
1929 5688 1986 5736 et

2108 4752 2351 4807 litteral
2379 4755 2708 4823 putaretur,
2738 4751 3066 4809 deformata
3097 4758 3186 4808 est
3213 4769 3247 4808 a
3274 4752 3747 4811 1ibrariis.lidem

2106 4830 2172 4878 ut
2200 4840 2319 4878 uno
2353 4823 2565 4878 calami
2597 4824 2777 4879 ductu
2815 4824 2974 4881 mille
3015 4824 3362 4889 scriberent,
3394 4841 3447 4876 ω
3467 4840 3745 4884 exarave-

2106 4901 2263 4959 runt,
2299 4894 2451 4969 sicut
2482 4902 2537 4949 et
2567 4896 2698 4969 inin
2729 4913 2762 4950 ι)
2794 4895 3051 4951 litteram
3076 4898 3742 4969 mutaruntiidem,qum

2104 4967 2416 5031 Manutius,
2451 4968 2732 5037 praeclare
2782 4969 3018 5022 notavit.
3054 4985 3090 5022 Μ
3116 4985 3222 5038 pro
3254 4968 3571 5024 millenarii
3602 4967 3743 5027 nota

2104 5038 2413 5106 usurliarie
2436 5038 2610 5092 hodie
2637 5044 2841 5092 notum
2866 5045 3038 5107 est,et
3059 5045 3521 5095 commemorata
3541 5057 3737 5100 causa.

2103 5110 2352 5182 Reliqua
2378 5115 2444 5182 ut
2472 5110 2613 5163 hinc
2643 5116 2984 5173 nascantur,
3019 5111 3079 5164 in
3111 5116 3386 5182 promptu
3418 5112 3739 5170 estvidere.

2100 5180 2339 5253 Nostras
2371 5181 2607 5253 interim
2633 5187 2802 5236 notas
2824 5182 3096 5237 utilitatis
3112 5180 3180 5236 ac
3202 5180 3540 5253 compendii
3562 5201 3741 5241 causa

2100 5251 2339 5334 plurimi
2371 5252 2545 5317 facio,
2568 5256 2936 5334 utbOOLG‘iii,
2973 5260 3079 5334 etc.
3105 5254 3223 5334 .S‘od
3246 5251 3604 5334 majusculas
3634 5257 3740 5312 has

2100 5323 2161 5377 in
2191 5323 2356 5378 libris
2388 5325 2659 5393 usurpari
2693 5342 2723 5378 e
2754 5324 3036 5395 dignitate
3067 5325 3506 5383 videtur.Porro
3529 5344 3740 5383 novem

2100 5395 2279 5470 (verbi
2312 5394 2518 5465 gratia)
2551 5396 2740 5451 millia
2761 5394 2879 5470 ego
2899 5397 3320 5470 compendiose
3358 5405 3628 5470 putarem
3654 5402 3739 5455 sic

2099 5466 2272 5521 scribi
2309 5483 2361 5520 ix
2393 5484 2478 5520 C20
2516 5474 2615 5521 aut
2648 5466 2816 5523 lxclni
2851 5468 2959 5523 Sed
2994 5466 3064 5522 de
3100 5468 3192 5523 his
3243 5466 3513 5526 hoc—loco
3545 5471 3686 5525 satis
3722 5490 3734 5524 :

2099 5538 2349 5610 quisque
2382 5545 2662 5607 sequatur
2693 5539 2852 5609 quod
2881 5540 3049 5610 valet,
3083 5538 3405 5597 dummodo
3437 5542 3584 5597 alios
3614 5559 3735 5597 non

2095 5609 2404 5681 vituperet.
2439 5611 2571 5664 XYL.
