4094 6292
370 363 445 420 51
1741 360 2056 420 GEORGII
2106 363 2440 424 (‘EDRENI
3761 360 3842 418 52

374 495 666 568 exposita,
721 501 781 551 et
827 499 1055 567 partem
1111 494 1467 562 Occidentis,
1501 511 1534 551 a
1593 495 2022 550 Rhinocoruris

2144 494 2223 548 καὶ
2272 493 2545 570 Αἴγυπτον
2603 493 2692 550 καὶ
2753 489 2988 566 Λιϐύην,
3045 496 3311 573 Ἀφρικὴν
3380 493 3476 548 καὶ
3547 493 3846 565 Μαυριτα·

377 586 625 659 Egypti,
655 584 1034 655 Ethiopiam,
1067 586 1398 656 Egyptum,
1434 584 1696 656 Lybiam,
1747 583 2030 650 Africam,

379 675 1010 746 Mauritaniam,usque
1042 675 1116 730 ad
1150 674 1460 729 columnas
1491 673 1894 740 Herculis,seu
1927 691 2028 728 us-

381 781 494 836 que
517 763 587 819 ad
611 763 926 819 occiduum
957 781 1024 819 ac
1049 763 1311 820 Africum
1338 763 1904 832 oceanumﬁuvium
1928 762 2027 833 qui

382 854 512 926 ejus
551 853 761 908 ditioni
795 855 1086 908 terminus
1118 858 1294 919 esset,
1328 853 1518 908 Nilum
1551 852 1879 920 constituit,
1927 853 2027 923 qui

381 944 539 999 idem
566 945 724 998 Geon
757 948 814 997 et
867 943 1303 1014 Chrysorrhoas
1335 939 1526 1013 (quasi
1577 941 1888 1013 aurifluus)
1921 959 2024 1013 ap-

381 1034 658 1105 pellatur.
689 1035 892 1104 Japeto
925 1034 1096 1088 tertio
1128 1033 1249 1088 ﬁlio
1278 1049 1502 1088 annum
1535 1032 1727 1105 agenti
1763 1033 1886 1098 425,
1938 1036 2030 1086 at-

380 1123 589 1179 tribuit
619 1122 909 1194 quidquid
940 1139 974 1178 a
997 1122 1183 1178 Media
1203 1122 1276 1177 ad
1309 1122 1775 1194 septentrionem
1810 1126 1867 1175 et
1889 1121 2030 1176 solis

381 1228 658 1267 occasum
691 1214 970 1284 pertinet,
995 1228 1182 1283 usque
1202 1212 1275 1266 ad
1297 1211 1487 1267 Gades
1517 1211 1868 1282 insulasque
1902 1209 2025 1263 Bri-

381 1300 673 1369 tannicas,
705 1301 1640 1368 Armeniam,lberiam,Pontum,
1674 1299 1924 1355 Colchos
1947 1303 2029 1351 at-

382 1407 498 1462 que
555 1389 870 1445 ulteriores
911 1390 1179 1462 regiones
1228 1395 1405 1460 atque
1448 1389 1675 1444 insulas
1718 1404 1906 1459 usque
1954 1387 2029 1442 ad

380 1480 637 1544 Italiam,
657 1480 891 1546 Gallias,
917 1480 1281 1550 Hispaniam,
1306 1479 1683 1534 Celtiberiam
1716 1483 1775 1532 et
1801 1477 2026 1532 Lusita-

381 1587 511 1626 nos.
544 1571 688 1626 Cum
720 1569 794 1624 ad
834 1569 992 1624 hunc
1049 1568 1292 1624 modum
1334 1567 1629 1624 divisisset
1689 1569 2027 1639 scriptoque

382 1676 552 1715 suam
581 1659 944 1714 voluntatem
977 1663 1222 1714 testatus
1257 1664 1435 1721 esset,
1466 1662 1531 1712 ut
1580 1657 1916 1729 perhibent,
1967 1655 2025 1709 id

382 1748 501 1803 illis
525 1747 812 1814 recitavit,
846 1752 1024 1818 atque
1045 1753 1180 1819 post
1199 1747 1575 1818 obsignatum
1615 1763 1798 1818 penes
1831 1763 1892 1800 se
1925 1745 2025 1799 de-

2138 582 2270 653 νίαν,
2295 581 2398 646 ἓως
2428 583 2761 659 Ἡρακλείων
2806 582 3022 654 στηλῶν
3056 582 3178 652 ἤτοι
3219 579 3326 646 ἕως
3389 587 3496 637 τοῦ
3565 580 3834 637 δυκτικοῦ

2137 676 2225 729 καὶ
2265 669 2502 730 Λιϐυκού
2534 677 2799 745 ὠκεανοῦ,
2844 678 2928 750 [1³.
2968 679 3054 749 12]
3087 676 3342 748 ποταμὸν
3379 672 3444 729 δὲ
3499 671 3834 749 διοριζοντα

2137 764 2229 818 τὸν
2262 765 2485 830 Νεῖλον,
2519 763 2577 828 ὅς
2637 766 2723 819 καὶ
2786 769 2927 819 Γεῶν
2985 763 3076 819 καὶ
3135 763 3513 840 Χρυσορῥόας
3581 765 3835 838 λέγεται.

2140 853 2315 927 Ἰἀφεθ
2349 851 2406 906 δὲ
2435 857 2514 924 τῷ
2543 852 2710 928 τρίτῳ
2735 853 2899 908 αὐτοῦ
2954 854 3078 925 υίῳ,
3111 850 3294 929 ἄγοντι
3352 851 3488 915 ἓτος
3547 855 3687 918 uxe',
3722 852 3836 908 ἀπὸ

2140 940 2360 1012 Μηδίας
2389 944 2455 996 τὰ
2505 944 2638 1017 πρὸς
2699 941 2892 1016 ἄρκτον
2951 942 3042 997 καὶ
3084 941 3289 1016 δυσμὰς
3358 942 3475 1004 ἓως
3542 940 3833 1015 Γαδείρων

2138 1032 2226 1086 καὶ
2259 1034 2630 1107 Βρεττανικῶν
2663 1036 2863 1102 νήσων,
2897 1035 3211 1108 Ἀρμενίαν,
3263 1029 3556 1108 Ἰϐηρίαν,
3594 1034 3833 1100 Πόντον,

2139 1121 2394 1197 Κόλχους
2424 1123 2513 1178 καὶ
2543 1123 2637 1185 τὰς
2668 1126 2784 1179 κατ’
2815 1124 2998 1194 Ἰόπην
3057 1125 3244 1199 χώρας
3303 1128 3428 1198 (31)
3459 1125 3558 1179 καὶ
3622 1127 3836 1194 νήσους

2134 1209 2240 1274 ἓως
2276 1209 2506 1274 Ἰταλίας
2535 1213 2624 1268 καὶ
2659 1213 2926 1280 Γαλλιῶν,
2969 1214 3236 1275 Ἰσπανίας
3290 1235 3352 1269 τε
3404 1213 3505 1268 καὶ
3544 1208 3836 1285 Κελτιϐη-

2141 1302 2254 1377 ρίας
2295 1303 2384 1358 καὶ
2418 1307 2754 1358 Λυσιτανῶν.
2787 1303 2945 1360 Οὕτω
2979 1303 3202 1379 μερίσας
3228 1305 3314 1358 καὶ
3357 1303 3676 1380 ἐγγράφως
3712 1301 3835 1360 δια-

2136 1392 2379 1464 θέμενος,
2413 1391 2486 1454 ὥς
2519 1414 2699 1469 φασιν,
2731 1392 3065 1471 ἐπαναγνοὺς
3103 1414 3161 1449 τε
3209 1394 3403 1455 αὐτοῖς
3466 1397 3576 1463 τὴν
3625 1391 3834 1464 διαθή-

2134 1503 2234 1552 κην
2256 1481 2422 1537 αὐτοῦ
2478 1481 2857 1558 ἐσφραγίσατο,
2918 1484 3046 1558 παρ’
3107 1485 3280 1554 ἑαυτῷ
3338 1485 3668 1559 κατασχὼν
3727 1481 3837 1545 ἕως

2133 1575 2230 1627 τοῦ
2287 1573 2468 1652 ’βφίιβ
2523 1570 2676 1634 ἓτους
2725 1573 2831 1627 ἀπὸ
2890 1570 3088 1646 Ἀδὰμ,
3139 1572 3191 1627 ἐν
3243 1572 3289 1644 ᾧ
3347 1573 3451 1628 καὶ
3507 1572 3834 1646 ἐκοιμήθη.

2137 1658 2376 1717 Μέλλων
2435 1658 2492 1716 δὲ
2544 1661 2800 1732 τελευτᾷν
2857 1661 3160 1717 ἐνετείλατο
3242 1668 3362 1724 τοῖς
3421 1662 3616 1735 τρισὶν
3682 1663 3830 1724 υἱοῖς

2135 1749 2299 1804 αὐτοῦ
2333 1747 2536 1822 μηδένα
2575 1749 2818 1806 ἐπελθεῖν
2871 1756 2986 1812 τοῖς
3040 1755 3137 1804 τοῦ
3195 1749 3448 1826 ἀδελφοῦ
3486 1752 3676 1824 ὁρίοις
3731 1752 3828 1805 καὶ

382 1837 562 1895 tinuit
586 1853 774 1908 usque
804 1835 878 1891 ad
902 1853 1128 1892 annum
1161 1836 1232 1891 ab
1265 1835 1486 1891 Adamo
1515 1839 1678 1903 2592,
1697 1852 1814 1906 quo
1846 1834 2022 1890 vitam

2144 1839 2378 1899 Ξιτάκτως
2412 1838 2688 1914 ἐνεχθῆναι
2721 1841 2856 1912 πρὸς
2903 1839 2996 1894 τὸν
3054 1833 3258 1914 ἕτερον,
3318 1840 3397 1902 ὡς
3461 1840 3680 1896 τούτου
3733 1863 3824 1914 γε·

382 1928 590 1983 ﬁnivit.
616 1926 930 1982 Moriturus
955 1926 1142 1981 tribus
1167 1925 1304 1981 filiis
1327 1928 1448 1982 suis
1471 1925 1772 1981 mandavit
1792 1942 1866 1979 ne
1890 1925 2023 1996 quis

382 2033 588 2072 eorum
618 2016 818 2072 fratris
850 2015 1153 2088 regionem
1184 2015 1488 2072 invaderet
1539 2033 1743 2070 eumve
1803 2015 2025 2086 injuria

381 2107 579 2178 aliqua
608 2105 873 2162 afﬁceret
906 2122 918 2159 :
949 2105 1212 2176 alioquin
1243 2106 1355 2160 hoc
1387 2106 1471 2160 eis
1504 2104 1936 2161 discordiarum
1969 2108 2027 2158 et

381 2195 675 2252 bellorum
708 2194 1127 2249 intestinorum
1160 2210 1399 2250 causam
1431 2194 1774 2248 allaturum.
1823 2195 2024 2247 Testa-

382 2288 652 2342 mentum
683 2283 876 2347 Semo,
910 2282 1128 2352 quippe
1161 2287 1331 2336 aatate
1353 2298 1420 2336 ac
1452 2281 1667 2352 pietate
1698 2282 2024 2353 praestanti,

385 2373 634 2429 tradidit
660 2388 673 2426 :
709 2372 758 2426 is
789 2371 841 2426 ei
873 2373 934 2426 in
964 2372 1214 2443 imperio
1248 2373 1554 2440 successit,
1573 2378 1750 2443 atque
1777 2373 2026 2429 eximias

385 2460 986 2534 prosperitates,quas
1017 2459 1069 2514 ei
1101 2465 1373 2530 precatus
1403 2460 1596 2516 fuerat
1626 2466 1812 2533 pater,
1839 2460 2029 2515 haere-

385 2551 568 2607 ditate
595 2555 949 2606 consecutus
974 2555 1084 2617 est,
1116 2549 1274 2620 quod
1307 2550 1485 2605 etiam
1517 2550 1577 2604 in
1608 2551 1819 2605 Genesi
1880 2550 2028 2606 scri-

386 2645 553 2712 ptum
585 2644 793 2695 exstat.
824 2641 1110 2694 Humatus
1141 2643 1231 2695 est
1258 2639 1319 2694 in
1349 2645 1550 2694 monte
1582 2640 1828 2695 Lubaro.

458 2737 627 2789 Anno
659 2732 866 2788 mundi
898 2736 1057 2801 2791,
1091 2732 1264 2788 annis
1290 2733 1363 2787 ab
1394 2733 1556 2788 obitu
1609 2735 1743 2788 Noae
1803 2733 2025 2788 ducen-

383 2825 481 2890 tis,
510 2822 715 2878 Chami
775 2823 933 2877 ﬁlius
958 2823 1236 2878 Chanaan
1295 2823 1391 2880 25
1428 2840 1606 2878 novas
1661 2841 1756 2878 res
1789 2825 2030 2879 molitus

385 2913 540 2967 Semi
585 2912 732 2967 ﬁnes
763 2912 1062 2984 ingressus
1095 2918 1182 2966 est
1211 2917 1434 2966 contra.
1469 2912 1607 2968 Noae
1641 2917 2025 2984 praeceptum,

384 3019 518 3058 cum
553 3007 779 3074 septem
806 3019 876 3056 ex
909 3018 969 3057 se
1001 3003 1145 3056 ortis
1175 3002 1448 3072 gentibus
1473 3002 2031 3070 Amorrhmisﬁhet‘

383 3091 532 3156 tteis,
586 3091 933 3158 Pherezaais,
993 3090 1198 3159 Evaais,
1255 3091 1600 3163 Gergesaeis,
1647 3091 1930 3148 Jebusaais
1973 3099 2033 3147 et

383 3181 734 3237 Chananaais
759 3196 770 3233 :
808 3196 955 3250 quas
985 3186 1190 3249 gentes
1212 3181 1366 3235 Deus
1387 3197 1491 3251 per
1513 3183 1729 3236 Mosem
1755 3183 2026 3237 etJesum

2129 1927 2416 1999 νησονένου
2465 1927 2642 1983 αἰτίου
2699 1930 2908 1990 στάσως
2966 1929 3149 1991 αὐτοῖς
3209 1930 3296 1983 καὶ
3357 1929 3651 2003 πολέμων
3710 1935 3824 1984 τῶν

2130 2018 2265 2092 πρὸς
2295 2015 2601 2088 ἀλλήλους.
2635 2020 2752 2087 Τὴν
2812 2015 2868 2072 δὲ
2926 2014 3189 2088 διαθήκην
3249 2017 3420 2073 αὐτοῦ
3481 2015 3708 2074 δέδωκε
3739 2023 3821 2090 τῷ

2133 2107 2263 2179 Σήμ
2293 2106 2365 2166 ὡς
2395 2105 2733 2180 πρωτοτόκῳ
2791 2105 2894 2176 υἱῷ
2949 2105 3038 2159 καὶ
3096 2103 3533 2183 θεοφιλεστέρῳ,
3599 2108 3665 2170 ὃς
3724 2106 3820 2160 καὶ

2131 2197 2228 2264 τήν
2263 2193 2558 2268 ἡγεμονίαν
2616 2192 2884 2264 διεδέξκτο
2919 2195 3036 2267 μετ’
3089 2193 3246 2249 αὐτὸν
3299 2194 3392 2249 καὶ
3450 2197 3559 2257 τὰς
3618 2194 3826 2270 ἐξαιρέο

2131 2306 2259 2347 τους
2301 2288 2406 2340 τῶν
2449 2285 2576 2358 παρ’
2633 2283 2796 2339 αὐτοῦ
2856 2283 3122 2359 εὐλογιῶν
3176 2283 3575 2359 ἐκληρώσατο,
3611 2287 3692 2348 ὡς
3727 2287 3823 2339 καὶ

2133 2373 2186 2428 ἐν
2217 2377 2284 2448 τῇ
2336 2375 2540 2428 Γενέοει
2601 2375 2839 2451 φέρεται.
2876 2375 2979 2430 Καὶ
3037 2374 3308 2446 ἐκοιμήθη
3379 2374 3436 2430 ἐν
3493 2371 3622 2450 ὅρει
3678 2376 3825 2430 Λού-

2136 2460 2260 2538 ϐαρ.

2208 2733 2294 2788 Ἐν
2328 2730 2383 2786 δὲ
2415 2737 2496 2804 τῶ
2526 2733 2694 2810 ,βψιια
2725 2754 2830 2788 ετει
2859 2738 2962 2788 τοῦ
3017 2735 3250 2806 κόσμου,
3309 2737 3440 2805 ἦτοι
3493 2737 3642 2808 μετά
3696 2735 3822 2790 δια-

2135 2824 2294 2878 κόσια
2350 2822 2442 2892 ἔτη
2491 2831 2592 2892 τῆς
2656 2823 2914 2891 τελευτῆς
2975 2829 3099 2880 Νῶε
3134 2869 3147 2892 ,
3205 2826 3536 2901 νεωτερίσας
3622 2829 3652 2881 ὁ
3713 2831 3814 2881 τοῦ

2137 2912 2266 2984 Χὰμ
2322 2912 2437 2974 υἱὸς
2497 2913 2698 2966 Χαναὰν
2755 2907 2920 2982 ἐπέϐη
2965 2918 3082 2974 τοῖς
3143 2913 3318 2988 ὁρίοις
3373 2919 3478 2968 τοῦ
3546 2918 3686 2988 Σήμ
3724 2914 3814 2970 καὶ

2136 3001 2449 3073 κατῴκησεν
2483 3001 2610 3062 ἐκεῖ,
2647 2995 2894 3075 παραϐὰς
2933 3003 3031 3068 τὴν
3062 3002 3289 3072 ἐντολὴν
3344 3005 3501 3071 Νῶε,
3538 3006 3638 3058 σὺν
3694 3009 3814 3064 τοῖς

2137 3089 2186 3163 ἐξ
2219 3089 2381 3144 αὐτοῦ
2405 3089 2718 3166 γενομένοις
2750 3085 2949 3145 ἔθνεσιν
3003 3091 3157 3158 ἑπτὰ,
3218 3093 3615 3168 Ἀμορραίοις,
3651 3101 3818 3166 Φερε-

2141 3179 2336 3248 ζαίοις,
2396 3178 2634 3245 Εὐαίοις,
2695 3179 3059 3256 Γεργεσαίοις,
3121 3175 3474 3249 Ἰεϐουζαίοις
3539 3184 3634 3237 καὶ
3703 3185 3810 3239 Χα-

387 3271 556 3324 Navae
588 3267 778 3324 ﬁlium
811 3241 1047 3334 excidit,
1079 3282 1147 3323 ac
1177 3285 1282 3323 suo
1308 3241 1521 3324 deinde
1553 3275 1818 3341 tempore
1861 3271 2028 3326 Judi-

2144 3269 2396 3332 ναναίοις⁶
2430 3269 2524 3332 οὓς
2581 3267 2670 3323 διὰ
2723 3272 2963 3332 Μωσέως
3020 3270 3109 3323 καὶ
3142 3271 3326 3340 Ἰησοῦ
3355 3275 3456 3325 τοῦ
3491 3277 3651 3339 Ναυῆ
3687 3271 3814 3341 ἐξω-

393 3375 528 3415 cum
540 3374 720 3430 opera
733 3357 1085 3414 ﬁliislsraeli
1099 3358 1318 3413 avitam
1333 3365 1553 3414 terram
1568 3359 2032 3426 reddidit,etiam

395 3449 458 3504 in
479 3449 592 3503 hoc
615 3463 782 3502 suam
795 3447 1092 3518 justitiam
1117 3445 1442 3503 declarans.
1461 3449 1600 3502 Nam
1617 3447 1900 3502 Israelita;
1929 3464 2034 3520 per

393 3538 610 3611 gradus
641 3542 978 3608 propagata)
1009 3537 1200 3608 gentis
1226 3539 1292 3591 38
1323 3554 1358 3592 a
1387 3537 1556 3592 Semo
1591 3537 1704 3592 orti
1736 3542 2034 3603 erant,an-

388 3628 482 3682 nis
519 3626 720 3683 108⁸7...
754 3641 942 3697 usque
1001 3625 1074 3680 ad
1119 3627 1459 3681 Mastusiam
1513 3626 1618 3681 llio
1678 3627 2030 3698 oppositam.

388 3718 678 3790 Regiones
709 3721 907 3771 autem
939 3731 1141 3770 eorum
1172 3722 1329 3782 sunt,
1365 3716 1570 3778 Media,
1598 3715 1870 3781 Albania,
1923 3720 2032 3771 Ar-

388 3806 589 3862 menia
620 3805 812 3877 major
841 3809 899 3859 et
929 3804 1146 3870 minor,
1182 3806 1545 3859 Amazonum
1577 3805 1758 3876 regio,
1784 3804 2030 3875 Paphla-

388 3897 584 3966 gonia,
643 3893 1030 3965 Cappadocia,
1091 3893 1334 3960 Galatia,
1388 3892 1641 3960 Colchis,
1691 3894 2032 3964 Bosporeni,

389 3984 630 4050 Maeotis,
692 3984 909 4050 Derris,
972 3982 1279 4052 Sarmatia,
1341 3982 1640 4046 Tauriani,
1714 3984 2031 4050 Bactriani,

390 4073 647 4145 Scythia,
681 4072 946 4134 Thracia,
1001 4071 1362 4137 Macedonia,
1423 4071 1662 4140 Graecia,
1707 4073 2032 4139 Thessalia,

390 4163 634 4226 Boeotia,
687 4161 904 4227 Locris,
952 4161 1183 4230 AStolia,
1234 4160 1472 4229 Achaia,
1524 4161 2030 4233 Pelopponnesus,

391 4252 747 4320 Acarnania,
801 4250 1032 4321 Epirus,
1086 4249 1408 4320 Illyricum,
1461 4251 1780 4322 Lychnitis,
1832 4251 2030 4320 Adria,

391 4341 549 4396 unde
577 4342 728 4395 mari
760 4339 1057 4394 Adriatico
1081 4357 1301 4398 nomen
1330 4340 1549 4395 factum
1577 4357 1590 4394 :
1624 4341 2034 4409 Calabria,lta-

391 4429 496 4495 lia,
528 4427 734 4493 Gallia,
789 4427 1043 4491 Etruria,
1097 4427 1418 4490 Lusitania,
1463 4427 1700 4493 Celtica,
1755 4429 2030 4498 Massilia,

391 4516 754 4590 Celtogallia,
777 4516 1058 4587 Hispania
1087 4517 1278 4588 major
1308 4522 1366 4571 et
1396 4517 1609 4572 minor.
1646 4517 1727 4572 ibi
1761 4517 1908 4573 ﬁnes
1937 4519 2030 4572 Ja-

2143 3357 2428 3432 λόθρευσεν
2461 3358 2672 3423 ὁΘεὸς,
2731 3358 2820 3411 καὶ
2879 3357 3013 3430 μετὰ
3069 3379 3219 3422 τινας
3275 3360 3507 3433 καιροὺς
3570 3359 3666 3415 διὰ
3703 3366 3814 3415 τῶν

2143 3449 2356 3521 Κριτῶν
2413 3444 2658 3500 ἀπέδωκε
2713 3453 2830 3506 τοῖς
2889 3447 3028 3508 υἱοῖς
3088 3448 3308 3522 Ἰσραὴλ
3369 3450 3474 3515 τήν
3542 3451 3807 3523 πατρῴαν

2140 3541 2264 3610 γῆν,
2297 3533 2504 3596 δίκαιος
2535 3535 2626 3588 καὶ
2686 3533 2736 3588 ἐν
2791 3536 2970 3608 τούτῳ
3023 3538 3202 3612 φανεὶς
3233 3539 3262 3592 ὁ
3313 3538 3470 3606 Θεὸς,
3507 3540 3588 3601 ὡς
3620 3541 3686 3593 ἐκ
3713 3541 3811 3591 τοῦ

2145 3624 2274 3695 Σήμ
2300 3624 2697 3695 κατασομένοις
2729 3621 2817 3678 διὰ
2853 3630 3043 3696 γενεῶν
3077 3626 3182 3696 λη’,
3236 3626 3368 3680 ἐτῶν
3425 3627 3630 3705 χιλίον
3689 3627 3809 3694 ἑξα-

2143 3713 2342 3768 κοσίων
2373 3709 2708 3786 ὀγδοήκοντα
2739 3715 2872 3768 ἑπτά
2909 3718 3085 3785 (32)...
3119 3712 3224 3778 ἓως
3272 3716 3355 3788 [Ρ.
3393 3719 3483 3789 llr]
3539 3719 3807 3772 Μαστοῦ-

2143 3801 2260 3863 σίας
2293 3806 2403 3873 (33)
2441 3809 2540 3870 τῆς
2571 3803 2705 3857 κατὰ
2734 3801 2921 3858 “Ἰλιον.
2952 3804 3019 3859 Αἱ
3051 3807 3232 3878 χῶραι
3265 3801 3322 3858 δὲ
3360 3803 3544 3860 αὐτῶν
3589 3801 3800 3874 Μηδία,

2147 3887 2432 3958 Ἀλϐανία,
2501 3893 2760 3964 Ἀρμενία
2813 3892 2980 3966 μικρά
3035 3893 3124 3947 καὶ
3187 3892 3422 3969 μεγάλη,
3483 3893 3805 3967 Ἀμαζονίς,

2143 3979 2512 4056 Παφλαγονία,
2556 3979 2934 4047 Καππαδοκία,
2994 3981 3250 4051 Γαλατία,
3312 3983 3548 4058 Κολχὶς,
3585 3987 3804 4039 Βοσπο-

2144 4070 2324 4144 ρηνοὶ,
2362 4072 2634 4142 Μαιῶτις,
2689 4069 2898 4144 Δέῥρις,
2957 4069 3242 4144 Σαρματία
3273 4073 3597 4145 Ταυριανοὶ,
3655 4075 3803 4127 Βακ-

2140 4157 2374 4228 τριανοὶ,
2427 4157 2649 4230 Σκυθία,
2700 4159 2906 4230 Θρᾷκη,
2964 4157 3290 4226 Μακεδονία,
3335 4157 3564 4229 Ἑλλὰς,
3601 4166 3801 4214 Θεττα-

2145 4245 2261 4314 λία,
2290 4247 2542 4316 Βοιωτὶς,
2581 4247 2807 4322 Λοκρία,
2866 4245 3134 4317 Αἰτωλία,
3194 4249 3412 4322 Ἀχαία,
3447 4249 3799 4317 Πελοπόννη-

2143 4357 2237 4398 σος
2271 4383 2285 4407 ,
2345 4337 2608 4413 Ἀκαρνία
2641 4381 2654 4406 ,
2723 4338 3098 4411 Ἠπειρῶται,
3161 4335 3446 4410 Ἰλλυρὶς,
3503 4344 3798 4413 Λυχνῖται,

2143 4423 2432 4500 ’Δδριακή,
2483 4425 2574 4502 ἀφ’
2629 4427 2695 4497 ᾖς
2732 4426 2794 4480 τὸ
2848 4423 3190 4500 Ἀδριατικὸν
3251 4425 3494 4502 πέλαγος
3558 4427 3794 4497 ἐκλήθη,

2144 4510 2453 4589 Καλαϐρία,
2505 4515 2730 4584 Ἰταλία,
2793 4513 3022 4584 Γαλλία,
3090 4520 3374 4587 Θουσκηνή
3412 4562 3424 4585 ,
3477 4515 3792 4583 Λυσιτανία,

389 4607 510 4679 peti
542 4606 1088 4675 terminantur,qua
1117 4605 1553 4677 septentriones
1584 4607 1915 4678 respiciunt
1934 4623 2030 4660 us-

2145 4603 2403 4676 Κελτική,
2439 4603 2746 4672 Μασσαλία,
2808 4601 3213 4680 Κελτογαλλία,
3275 4601 3508 4681 Ἰϐηρία,
3555 4605 3797 4662 Ἰσπανία

392 4712 506 4767 que
537 4694 611 4750 ad
646 4695 1012 4750 Britannicas
1043 4694 1288 4749 insulas.
1327 4694 1509 4750 Habet
1548 4702 1745 4750 autem
1787 4695 2031 4762 insulas,

391 4782 780 4852 Britanniam,
815 4783 1098 4849 Siciliam,
1132 4785 1434 4851 Euboeam,
1477 4785 1770 4850 Rhodum,
1803 4785 2033 4852 Chium,

395 4872 962 4944 Lesbum/Cythera,
995 4874 1380 4945 Zacynthum,
1411 4873 1855 4944 Cephaleniam,
1889 4876 2038 4930 Itha-

395 4979 548 5028 cam,
581 4979 648 5018 ac
679 4962 984 5034 Cyclades,
1019 4969 1077 5016 et
1106 4963 1257 5018 Asia:
1290 4968 1518 5034 partem
1552 4981 1680 5034 qum
1713 4965 1876 5020 lonia
1924 4982 2036 5036 ap-

395 5051 792 5123 pellatur.Pro
823 5051 1080 5107 termino
1105 5058 1193 5105 est
1217 5051 1401 5123 Tigris
1424 5051 1764 5122 ﬁuvius,qui
1790 5054 2039 5109 Mediam

2145 4699 2179 4766 ἡ
2217 4693 2427 4771 μεγάλη
2470 4695 2559 4750 καὶ
2615 4695 2800 4770 μικρά.
2863 4695 3123 4751 Ἐνταῦοα
3187 4694 3483 4773 καταλήγει
3542 4698 3608 4753 τὰ
3672 4691 3792 4768 ὅρια

2145 4789 2240 4838 τοῦ
2274 4785 2468 4860 Ίάφεθ,
2498 4781 2602 4845 ἓως
2644 4786 3011 4856 Βρεττανικῶν
3052 4785 3234 4854 νήσῶν
3274 4786 3339 4840 τὰ
3397 4787 3530 4861 πρὸς
3593 4782 3789 4859 βορῥᾶν

2151 4872 2442 4947 βλέποντα.
2490 4873 2647 4947 Ἔχει
2717 4869 2773 4926 δὲ
2829 4873 3026 4942 νήσους
3096 4871 3416 4946 Βρεττανίαν
3454 4919 3467 4942 ,
3520 4871 3791 4938 Σικελίαν,

2151 4957 2405 5028 Εὔϐοιαν,
2436 4957 2643 5028 Ῥόδον,
2692 4960 2850 5029 Χίον,
2888 4958 3111 5016 Δέσλον.
3175 4962 3446 5037 Κύθηραν,
3506 4963 3788 5028 Ζάκυνθον,

2153 5049 2523 5126 Κεφαληνίαν,
2587 5049 2824 5120 Ἰθάκην,
2885 5052 2967 5122 [Ρ.
3017 5055 3080 5107 14
3111 5053 3162 5124 b]
3221 5051 3308 5104 καὶ
3363 5057 3456 5114 τας
3487 5048 3792 5118 Κυκλάδας,

1592 5195 1954 5252 XYLANDBI
1995 5197 2080 5251 ET
2119 5196 2324 5252 GOABI
2366 5196 2584 5250 ΝΟΤίΕ.

465 5322 578 5394 (31)
612 5322 729 5377 Hoc
761 5321 934 5394 quale
969 5320 1070 5394 sit,
1095 5320 1197 5375 alii
1247 5321 1535 5394 viderunt.
1593 5321 1709 5374 κατ’
1767 5319 2033 5386 Εὐρώπην

393 5389 540 5469 puto
565 5389 909 5469 legendum,
942 5389 1167 5469 κα-τᾷπιν
1202 5393 1398 5469 potius
1433 5395 1674 5469 :_loppaa
1731 5395 1892 5469 enim
1942 5395 2039 5448 hic

394 5463 567 5522 nihil.
603 5463 713 5519 Sed
744 5464 1136 5535 geographica
1167 5463 1307 5518 alibi
1340 5463 1729 5534 explicantur.
1762 5465 1893 5520 XVL.

471 5537 585 5610 (3'2)
613 5538 751 5601 Qua:
785 5537 941 5590 hunc
972 5535 1340 5610 exciderunt,
1376 5537 1796 5610 dumalterius
1819 5537 2040 5610 codicis

404 5607 520 5682 ope,
546 5612 955 5682 restituantur,
989 5625 1061 5663 ex
1089 5608 1341 5682 Josepho
1375 5614 1432 5662 et
1462 5607 1595 5662 aliis
1650 5609 2040 5682 scriptoribus

405 5679 522 5752 peti
559 5679 793 5733 debent.
821 5679 972 5734 Satis
1003 5685 1248 5750 apparat
1280 5679 1608 5749 descriptus
1638 5679 1821 5733 fuisse
1853 5681 2040 5734 natio-

2151 5339 2277 5382 nes.
2304 5337 2435 5392 quae
2458 5337 2490 5376 a
2513 5320 2650 5374 ﬁliis
2673 5320 2805 5392 Noa-
2830 5324 2973 5374 ortae
2988 5325 3054 5392 et
3074 5326 3372 5391 occupatm
3395 5322 3631 5378 fuerint.
3656 5319 3785 5392 XvL.

2221 5391 2337 5460 (33),
2357 5393 2631 5447 Mastusia
2661 5391 2920 5445 Thracia}
2941 5391 3292 5446 Chersonesi
3325 5391 3785 5460 promontorium

2151 5472 2241 5518 est
2264 5482 2292 5518 ο
2325 5465 2564 5536 regione
2597 5463 2708 5529 llii,
2743 5463 3121 5536 Hellesponto
3143 5460 3542 5520 interfluente.
3577 5460 3782 5521 Derris,

2154 5554 2278 5607 qua:
2313 5535 2416 5590 hic
2439 5553 2572 5590 cum
2606 5535 2870 5589 Maeotide
2903 5541 2960 5607 e_t_
2990 5535 3778 5607 Sarmatiacommemoratur

2153 5600 2353 5680 ignota
2386 5607 2528 5662 mihi
2565 5613 2668 5661 est.
2731 5608 2842 5680 Pro
2890 5601 3074 5680 Εῧοια
3105 5607 3380 5680 Eubceam
3438 5609 3573 5680 legi,
3631 5600 3778 5680 quod

2155 5677 2283 5733 o'rat
2308 5680 2366 5734 in
2398 5685 2695 5750 promptu.
2723 5678 2946 5733 Caetera
2980 5679 3155 5749 hujus
3178 5679 3287 5735 loci
3317 5695 3434 5734 non
3459 5677 3611 5734 sunt.
3646 5677 3768 5730 XvL.
