4094 6292
211 335 294 395 53
1350 332 1905 395 HISTOltlAHUM
1949 333 2107 395 COM
2120 335 2516 398 PENDIUM.
3558 337 3648 396 54

211 466 305 522 καὶ
365 464 532 541 μέρος
609 473 712 536 τῆς
786 466 975 527 Ἀσίας
1048 467 1149 534 τὴν
1224 463 1434 521 Ἰωνίαν
1508 463 1877 538 καλουμένην,

2005 484 2028 523 1
2049 468 2372 539 Babylonia
2389 469 2723 525 dividit.llis
2747 486 2882 544 ergo
2904 471 3231 543 implentur
3250 472 3403 526 ﬁnes
3423 471 3639 543 Japeti,

218 557 473 627 ποταμὸν
548 553 608 611 δὲ
680 553 896 632 Τίγριν,
974 552 1277 627 διορίζοντα
1373 555 1565 628 μεταξὺ
1666 551 1880 624 Μηδίας

219 646 315 700 καὶ
394 639 772 707 Βαϐυλωνίας.
850 645 941 700 Ἐν
1015 641 1230 703 τούτοις
1305 641 1394 697 οῦν
1433 640 1743 717 πληροῦται
1816 644 1885 698 τὰ

221 737 328 788 τοῦ
404 732 577 809 Ἰάφεθ
637 732 759 807 ὅρια
830 729 921 786 διὰ
995 731 1057 786 τὸ
1148 730 1422 806 εἷρηκέναι
1494 732 1593 799 τήν
1667 734 1883 808 Γραφην

230 848 250 871 ι
295 820 577 878 υλατύναι
609 823 636 875 6
679 821 807 883 Θεὸς
837 812 921 892 τῷ
949 822 1145 897 Ἰάφεθ·
1190 844 1218 873 ››
1248 821 1348 889 τήν
1381 825 1550 875 πᾶσαν
1574 821 1676 896 γὰρ
1701 820 1885 895 Εὐρώ‹

224 933 338 980 πην
369 911 457 965 καὶ
487 911 655 983 μέρος
692 908 755 965 οὐ
798 909 989 985 μικρὸν
1039 915 1139 979 τῆς
1200 908 1443 984 μεγάλης
1504 910 1683 971 Ἀσίας
1736 910 1882 980 ἀπη-

225 1002 482 1074 νέγκατο·
547 995 630 1053 διὸ
685 999 776 1054 καὶ
835 998 1069 1072 εἴρηται,
1134 1020 1158 1051 α
1205 997 1295 1052 καὶ
1357 999 1772 1068 κατασκηνώσαι
1828 999 1879 1054 ἐν

226 1097 351 1153 τοῖς
384 1091 702 1163 σκηνώμασι
731 1094 831 1144 τοῦ
860 1091 1007 1163 Σήμ.
1043 1113 1071 1142 »
1102 1089 1176 1144 Οὐ
1238 1088 1400 1162 μόνον
1461 1086 1538 1155 δὶ,
1596 1088 1743 1144 ἀλλὰ
1792 1091 1883 1145 καὶ

229 1182 366 1236 κατὰ
396 1180 742 1256 ἆναγωγικὸν
772 1180 995 1254 τρόπον,
1041 1180 1125 1233 ὅτι
1176 1184 1321 1233 πᾶσα
1349 1180 1384 1248 ἡ
1421 1180 1577 1253 μερὶς
1627 1183 1724 1234 τοῦ
1773 1182 1880 1236 Ἰά-

228 1273 325 1343 φεθ
358 1268 559 1346 σχεδὸν
591 1274 673 1343 τῷ
707 1269 1040 1346 βαπρίσματι
1072 1270 1160 1323 καὶ
1189 1273 1259 1343 τῇ
1306 1270 1380 1330 εἰς
1429 1271 1660 1343 Χριστὸν
1707 1270 1884 1325 πίστει

227 1361 557 1434 προσετέθη,
618 1357 773 1413 ἅτινά
830 1358 941 1413 ἐστι
1028 1359 1360 1430 σκηνώματα
1408 1363 1504 1413 τοῦ
1562 1361 1708 1431 Σήμ,
1766 1358 1882 1414 ἐπεὶ

226 1450 317 1505 καὶ
382 1448 431 1518 ἐξ
496 1448 659 1503 αὐτοῦ
718 1450 746 1502 6
806 1443 1057 1522 Ἀϐρααμ
1138 1447 1228 1502 καὶ
1290 1448 1341 1501 οἱ
1400 1450 1759 1526 πατριάρχαι,
1832 1447 1882 1519 ἐξ

231 1538 305 1593 ὧν
331 1540 423 1593 καὶ
456 1539 512 1593 αἱ
544 1537 735 1593 λοιπαὶ
765 1537 1078 1612 γενεαρχίαι
1125 1534 1228 1599 ’ἑως
1284 1541 1527 1613 Χριστοῦ
1578 1538 1882 1614 ἡγουμένου

232 1633 417 1705 σαῳῶς
445 1625 915 1703 γενεαλογοῦνται.
966 1627 1076 1682 Τοῦ
1136 1622 1193 1679 δὲ
1246 1626 1376 1698 Χὰμ
1429 1624 1657 1681 πλεῖστα
1719 1627 1883 1703 μέχρι

229 1717 322 1771 καὶ
354 1720 446 1769 νῦν
480 1712 606 1783 ἔθνη
647 1713 790 1769 ἐστὶν
848 1712 901 1768 ἐν
954 1713 1277 1785 ἀποστασία,
1334 1714 1472 1769 κατά
1523 1735 1585 1789 γε
1630 1716 1723 1777 τὰς
1788 1718 1884 1772 Ἰν-

232 1804 348 1866 δίας
380 1805 473 1859 καὶ
504 1802 789 1865 Αἰθιοπίας
837 1804 928 1857 καὶ
987 1802 1371 1878 Μαυριτανίας’
1435 1801 1486 1857 ἐν
1544 1804 1627 1865 οἷς
1679 1804 1767 1858 καὶ
1828 1806 1880 1860 αἱ
1912 1847 1959 1912 Β

232 1896 241 1912 Ι
260 1900 274 1912 Α
304 1894 318 1912 9
342 1896 356 1910 ο
402 1890 456 1912 ,Ι
614 1892 629 1912 \
682 1889 754 1912 ’,δ
912 1891 923 1912 Ι
1125 1892 1139 1909 Ι
1208 1898 1242 1912 Α
1308 1896 1335 1907 ν
1465 1894 1480 1912 \
1586 1898 1612 1908 ο
1718 1895 1730 1912 ο
1792 1895 1803 1912 1

227 1890 632 1971 Ἀῤῥαὸίαικαὶ
682 1889 961 1966 Ἰδουμαία
1015 1892 1151 1947 κατὰ
1206 1896 1338 1947 Θεοῦ
1394 1894 1481 1947 καὶ
1546 1898 1653 1948 τῶν
1709 1895 1881 1970 ἁγίων

229 1984 396 2040 αὐτοῦ
427 1981 801 2056 θρασύνονται,
877 1985 946 2055 τῇ
1004 1984 1099 2035 τοῦ
1167 1980 1291 2054 Χᾶμ
1352 1983 1443 2037 καὶ
1505 1987 1602 2036 τοῦ
1671 1985 1881 2039 Χαναὰν

229 2076 439 2147 κατάρᾳ
523 2065 1098 2143 καθυποϐεϐλημένου
1150 2068 1235 2125 διὸ
1292 2070 1381 2125 καὶ
1440 2068 1610 2125 παῖδα
1668 2070 1884 2143 οἰκέτην

224 2162 318 2216 τὸν
351 2161 493 2233 Χὰμ
519 2163 622 2213 τοῦ
655 2158 782 2230 Σήμ
810 2156 899 2212 καί
924 2161 1022 2212 τοῦ
1055 2157 1229 2235 Ἰάφεθ
1285 2159 1320 2226 ἡ
1370 2159 1556 2236 Γραφή
1606 2157 1881 2237 ἀπεφήνα.

225 2272 315 2318 το,
347 2247 439 2304 διὰ
469 2252 568 2303 τοῦ
613 2246 825 2305 Χαναὰν
880 2251 976 2302 τοῦ
1034 2247 1153 2301 υἱοῦ
1211 2248 1297 2301 καὶ
1361 2247 1521 2302 αὐτὸν
1583 2247 1883 2321 σημαίνου-

226 2361 314 2397 σα.

298 2440 420 2493 Ὀτι
448 2435 545 2492 δύο
576 2434 953 2509 κατακλυσμοὶ
984 2434 1120 2489 κατὰ
1166 2436 1266 2503 τὴν
1322 2432 1566 2492 Ἐλλάδα
1610 2442 1711 2512 γῆν
1766 2434 1885 2491 δια-

233 2524 571 2600 ϐεϐοημένοι
601 2525 868 2600 γεγόνασι,
898 2529 1115 2600 πρῶτος
1150 2524 1244 2598 μὶν
1285 2522 1372 2579 ἐπὶ
1429 2524 1663 2600 Ὠγύγου
1708 2524 1760 2579 ἐν
1812 2529 1882 2600 τῇ

234 2620 485 2689 Ἀττικῇ,
519 2614 747 2693 χρόνοις
795 2611 851 2668 δὲ
907 2613 1126 2688 ὕστερον
1188 2614 1316 2687 σμη¹
1374 2612 1424 2667 ἐν
1485 2613 1748 2686 Θετταλίᾳ
1793 2615 1882 2670 ὲπὶ

236 2702 609 2765 Δευκαλίωνος
656 2701 1042 2777 βασιλεύοντος
1093 2702 1373 2772 Ἀθήνησι,
1434 2699 1686 2775 δευτᾶρου
1741 2705 1885 2779 Κρα-

234 2796 368 2850 ναοῦ
404 2793 762 2867 αὐτόχθονος.
795 2790 1001 2847 Τούτου
1032 2794 1129 2846 τοῦ
1185 2789 1594 2863 κατακλυσμοῦ,
1649 2796 1745 2846 τοῦ
1794 2790 1882 2846 ἐπὶ

235 2883 616 2944 Δευκαλίωνος
651 2879 935 2951 δηλονότι,
984 2877 1202 2934 δοκοῦσι
1267 2882 1573 2952 μεμνῆσθαι
1632 2881 1722 2935 καὶ
1780 2882 1881 2939 Αἰ.

237 2974 481 3048 γῦπτιοι,
543 2971 835 3050 φάσκοντες
894 2972 992 3038 τὴν
1049 2970 1238 3044 χώραν
1296 2967 1469 3023 αὐτῶν
1524 2972 1599 3042 μὴ
1664 2990 1885 3025 κατακε-

236 3061 488 3126 κλύσθαι.
550 3061 657 3117 Καὶ
717 3056 940 3120 δικαίως
990 3062 1355 3136 φιΛονεικοῦσι
1417 3060 1491 3131 μὴ
1548 3059 1885 3114 κατακεκλύ-

239 3164 357 3217 σθαι
390 3153 515 3206 τότε
541 3151 639 3217 τὴν
672 3148 964 3223 Αἴγυπτον·
1014 3148 1237 3207 τοπικὸς
1296 3148 1400 3222 γὰρ
1453 3169 1669 3224 γεγονεν
1725 3150 1883 3211 οὗτος

246 3214 700 3310 ὂ-κατακλυσμός.
731 3214 837 3295 ’ἑὸν
889 3238 993 3314 γὰρ
1038 3214 1320 3312 πρότερον·
1348 3214 1477 3306 ἦτοι
1521 3214 1613 3291 τὸν
1662 3237 1888 3293 καθολι-
1918 3214 1960 3279 C

252 3331 348 3384 κὸν
381 3327 741 3401 κοτακλυσμόν
804 3326 927 3382 οὐδὲ
982 3329 1350 3400 γινώσκουσιν.
1404 3328 1559 3381 οὔπω
1608 3327 1709 3399 γὰρ
1761 3328 1824 3394 ἦν
1858 3327 1886 3379 6

257 3419 599 3493 πατριάρχης
650 3417 828 3473 αὐτῶν
884 3416 1185 3494 γεννηθείς.
1247 3415 1373 3479 Χᾶμ.
1436 3412 1493 3470 δὲ
1549 3416 1577 3470 6
1630 3415 1744 3477 υίὸς
1795 3418 1888 3469 τοῦ

250 3512 371 3562 Νῶε
401 3506 572 3578 πατὴρ
604 3507 668 3576 ἦν
701 3506 978 3578 Μεστρὶμ,
1013 3505 1103 3580 ἀφ’
1134 3502 1196 3560 οὗ
1225 3504 1536 3579 Αἰγύπτιοι.

310 3599 433 3652 ’Ὁτι
492 3596 583 3650 τὸν
644 3590 868 3667 Νεϐρὼδ
927 3595 1332 3655 ἀποθεώσαντες
1391 3595 1441 3647 οἱ
1502 3592 1776 3668 ’Λσσύριοι
1833 3592 1884 3647 ἐν

238 3693 351 3747 τοῖς
432 3683 649 3759 ἄστροις
724 3688 820 3738 τοῦ
896 3683 1130 3757 οὐρανοῦ
1205 3680 1409 3753 ἔταξαν,
1485 3683 1573 3737 καὶ
1629 3682 1886 3739 καλοῦσιν

235 3776 490 3850 Ὠρίωνα.
527 3775 704 3836 Οὗτος
750 3770 1017 3842 κατέδειξε
1067 3772 1165 3840 τὴν
1223 3774 1601 3848 κυνηγετικήν·
1659 3770 1743 3827 διὸ
1798 3772 1887 3827 καὶ

232 3867 321 3921 τὸν
368 3863 717 3935 καλούμενον
774 3864 908 3919 κύνα
964 3862 1155 3938 ἂστρον
1214 3868 1292 3935 τῷ
1348 3862 1567 3938 Ὠρίωνι
1623 3865 1886 3937 συνῆψανο

235 3958 447 4012 Τοῦτον
480 3951 742 4008 καλοῦσιν
774 3952 863 4007 καὶ
896 3950 1101 4027 Κρόνον
1160 3951 1236 4014 εἰς
1279 3951 1378 4019 τήν
1429 3950 1744 4025 ἐπωνυμίαν
1789 3956 1888 4007 τοῦ

233 4042 537 4114 πλάνητος.

299 4150 428 4200 νΟτι
457 4142 914 4216 διαμερισθέντων
945 4146 1052 4195 τῶν
1111 4138 1279 4195 ἐθνῶν
1329 4140 1569 4217 ἀνεφάνη
1621 4162 1704 4203 τις
1749 4140 1889 4215 ἀνὴρ

231 4230 423 4300 Ἰνδὸς,
455 4231 521 4286 ἐκ
549 4235 651 4286 τοῦ
704 4231 892 4306 γένους
949 4226 1244 4305 Ἀρφαξὰδ,
1300 4226 1544 4301 τοῦνομα
1595 4224 1892 4285 Ἀνδουϐά-

234 4344 377 4398 ριος,
410 4321 469 4383 ὅς
500 4316 783 4393 πσρέδωκε
812 4324 929 4380 τοῖς
970 4315 1160 4380 Ἰνδοῖς
1190 4318 1568 4393 ἀστρονομίαν.

303 4414 391 4484 [Ρ.
428 4413 519 4482 15]
546 4412 670 4466 “On
701 4412 783 4481 τῷ
816 4404 1180 4482 δισχιλιοστῷ
1226 4411 1666 4479 πεντακοσιοστῷ
1692 4404 1890 4481 ὀγδοη-

226 4504 417 4571 κοστῷ
469 4500 508 4553 ε’
566 4492 672 4553 ἔτει
732 4494 993 4552 διοδεύων
1055 4498 1255 4554 Καϊνᾶν
1316 4494 1368 4550 ἐν
1428 4500 1506 4569 τῷ
1561 4493 1734 4568 πεδίῳ
1774 4497 1893 4569 εὗρε

1991 557 2131 628 quia
2161 563 2249 613 est
2273 559 2332 613 in
2366 560 2702 630 Scriptura:
2740 582 2767 609 ιι
2799 560 3136 631 Ampliﬁcct
3166 559 3267 616 26
3292 561 3446 616 Deus
3474 562 3641 632 Iape-

1991 651 2137 701 tum.
2174 671 2198 696 ‹‹
2228 648 2569 703 Universam
2595 650 2811 720 quippe
2835 651 3213 720 Europam,et
3234 666 3462 721 magna
3483 650 3638 705 Asiaa

1991 738 2147 793 haud
2170 740 2440 811 exiguam
2478 746 2705 811 partem
2756 740 3036 806 abstulit;
3083 741 3334 811 ideoque
3366 740 3636 797 additum

1991 834 2099 893 est,
2138 849 2161 879 ι
2197 834 2253 883 et
2282 829 2509 884 habitet
2540 830 2601 884 in
2634 828 3033 885 tabernaculis
3077 832 3253 886 Semi.
3289 853 3315 880 ››
3350 833 3547 902 Neque
3580 832 3641 887 id

1992 918 2189 984 modo,
2220 920 2322 974 sed
2355 920 2529 974 etiam
2566 920 3024 976 reconditiorem
3075 938 3316 977 sensum
3374 922 3637 977 eruendo

1989 1008 2567 1081 intelligimus,quod
2580 1012 2767 1082 Japeti
2794 1010 2914 1065 fere
2931 1016 3053 1066 tota
3069 1012 3260 1083 portio
3276 1010 3639 1082 baptismum

1990 1114 2058 1153 ac
2087 1098 2265 1153 ﬁdem
2289 1098 2349 1152 in
2377 1099 2673 1154 Christum
2703 1105 2792 1154 est
2823 1099 3120 1171 amplexa,
3153 1099 3310 1170 quod
3344 1115 3449 1171 per
3478 1100 3635 1154 Semi

1992 1187 2375 1244 tabernacula
2406 1194 2665 1254 notatur,
2696 1188 2933 1260 quando
2966 1188 3143 1243 etiam
3176 1188 3547 1243 Abrahamus
3604 1204 3639 1243 a

1992 1277 2161 1331 Semo
2194 1293 2379 1347 genus
2406 1276 2574 1332 duxit
2603 1284 2779 1350 atque
2810 1278 3224 1350 patriarchte,a
3254 1277 3469 1348 quibus
3499 1293 3638 1348 per-

1990 1366 2193 1436 spicue
2219 1367 2456 1438 generis
2506 1367 2851 1438 propagatio
2904 1384 3009 1438 per
3038 1366 3308 1422 ordinem
3341 1382 3527 1436 usque
3561 1366 3634 1420 ad

1990 1454 2287 1508 Christum
2339 1454 2672 1510 deducitur.
2709 1457 2782 1508 At
2816 1456 3018 1511 Chami
3067 1461 3271 1525 gentes
3338 1454 3639 1525 pleraeque

1990 1542 2294 1597 etiamnum
2309 1544 2368 1597 in
2382 1543 2712 1599 defectione
2726 1560 2760 1598 a
2772 1543 3223 1599 ﬁdeChristiana
3235 1549 3643 1615 permaneant,

1991 1631 2052 1685 in
2076 1631 2277 1695 lndiis,
2298 1632 3025 1703 £thiopiis,Mauritaniis,
3060 1633 3119 1687 in
3136 1632 3350 1703 quibus
3367 1632 3641 1705 gentibus

1991 1720 2167 1775 etiam
2196 1721 2424 1776 Arabiae
2457 1728 2849 1777 numerantur
2880 1739 2947 1777 ac
2968 1721 3252 1787 Idumaea,
3285 1723 3387 1793 qui
3436 1721 3641 1793 populi

1991 1826 2199 1865 omnes
2230 1810 2509 1866 adversus
2568 1812 2753 1865 Deum
2786 1817 2843 1865 et
2897 1816 3133 1865 sanctos
3164 1811 3291 1882 ejus
3320 1812 3641 1878 ferociunt,

1993 1899 2382 1955 exsecrationi
2413 1901 2503 1954 cui
2536 1901 2821 1954 Chamum
2849 1905 2906 1954 et
2936 1900 3313 1955 Chanaanem
3350 1901 3502 1954 Deus
3534 1900 3641 1955 ob-

1995 1990 2240 2045 noxium
2271 1990 2492 2045 fecerat
2516 1989 2757 2045 addicti.
2797 1992 2997 2060 itaque
3021 1991 3323 2060 Scriptura
3352 1991 3639 2045 Chamum

1996 2078 2153 2133 Semi
2213 2085 2271 2132 et
2318 2078 2504 2149 Iapeti
2567 2096 2800 2133 servum
2852 2078 3275 2149 pronuntiavit,
3337 2095 3441 2148 per
3497 2079 3645 2133 Cha-

1996 2182 2251 2222 naanem
2284 2168 2473 2223 filium
2508 2167 2635 2239 ipso
2661 2167 2839 2222 etiam
2871 2173 3035 2238 patre
3067 2167 3285 2221 Chamo
3315 2172 3542 2222 notato.

2070 2454 2191 2507 Duo
2222 2449 2444 2506 diluvia
2464 2451 2523 2505 in
2542 2451 2768 2507 Graecia
2790 2451 3009 2506 celebri
3032 2451 3191 2507 fama
3212 2450 3646 2521 fuerunt,prius

1997 2543 2060 2597 in
2089 2542 2302 2608 Attica,
2358 2541 2535 2614 Ogygi
2586 2546 2777 2610 aetate,
2812 2542 3109 2613 posterius
3141 2541 3315 2596 annis
3347 2539 3417 2596 ab
3444 2557 3513 2594 eo
3543 2539 3648 2593 248

1999 2632 2060 2686 in
2073 2629 2760 2695 Thessalia,Deucalione
2777 2631 3022 2685 Athenis
3038 2637 3346 2701 regnante,
3382 2628 3642 2684 secundo

1999 2737 2031 2776 a
2075 2721 2299 2775 Cranao
2346 2719 2643 2791 indigena.
2697 2718 2882 2789 Hujus
2933 2720 3041 2774 sub
3094 2720 3452 2775 Deucalione
3505 2718 3642 2773 facti

1998 2808 2201 2863 diluvii
2224 2809 2497 2863 videntur
2516 2809 2693 2863 etiam
2720 2809 2967 2880 :Egyptii
3003 2807 3642 2874 meminisse,dicentes

2001 2914 2169 2953 suam
2193 2902 2410 2951 terram
2437 2897 2845 2951 inundationis
2869 2902 3170 2967 expertem
3195 2897 3483 2951 fuisse.Et
3511 2895 3643 2966 qui-

1999 2987 2133 3041 dem
2150 2992 2305 3039 recte
2330 2985 2697 3040 contendunt
2718 2986 3024 3055 Egyptum
3051 2991 3191 3037 tunc
3213 2984 3499 3036 diluvium
3523 2999 3645 3037 non

2000 3092 2126 3129 esse
2156 3091 2409 3145 passam,
2447 3090 2580 3127 cum
2631 3072 2689 3125 id
2739 3072 3024 3126 diluvium
3058 3078 3217 3126 certo
3251 3077 3479 3127 tantum
3509 3072 3642 3126 Ioco

2000 3162 2347 3217 substiterit.
2365 3161 2535 3215 Prius
2556 3166 2753 3215 autem
2772 3159 3081 3227 diluvium,
3115 3159 3273 3230 quod
3304 3159 3641 3214 universam

2004 3257 2219 3306 terram
2276 3250 2601 3315 inundavit,
2658 3250 2834 3320 plane
2886 3249 3158 3321 ignorant
3190 3267 3202 3304 :
3240 3249 3507 3304 nondum
3539 3250 3635 3305 27

1997 3341 2155 3395 enim
2189 3346 2313 3394 tum
2340 3346 2517 3394 natus
2536 3340 2726 3395 fuerat
2755 3339 3028 3394 conditor
3057 3340 3248 3411 gentis
3273 3356 3480 3395 eorum
3498 3340 3641 3395 Cha-

1994 3446 2148 3496 mus,
2185 3428 2344 3484 ﬁlius
2378 3430 2536 3495 Noae,
2567 3434 2739 3499 pater
2787 3429 3080 3499 Mezromi,
3142 3445 3176 3484 a
3219 3445 3337 3499 quo
3390 3430 3641 3502 )Egyptii

2000 3523 2141 3573 sunt
2160 3518 2295 3572 orti.

2065 3605 2358 3661 Nemrodo
2413 3606 2638 3676 Assyrii
2692 3605 2950 3659 divinam
3007 3605 3310 3659 ascribunt
3356 3611 3646 3675 naturam,

1996 3694 2153 3749 inter
2177 3693 2372 3747 sidera
2405 3692 2667 3747 cmlestia
2724 3692 3084 3747 collocantes
3117 3697 3173 3745 et
3221 3692 3496 3747 Orionem
3552 3710 3643 3747 vo-

1996 3790 2219 3839 cantes.
2254 3782 2356 3838 Hic
2389 3781 2638 3837 venandi
2672 3787 2857 3836 artem
2884 3782 3110 3852 primus
3135 3781 3397 3853 protulit.
3432 3783 3637 3852 Itaque

1997 3873 2200 3929 Orioni
2225 3872 2574 3941 sidus,quod
2605 3872 2778 3925 Canis
2800 3876 3060 3938 vocatur,
3097 3870 3454 3942 adjungunt.
3488 3871 3641 3936 Quin

1997 3967 2057 4018 et
2077 3961 2531 4029 Saturni,stellee
2554 3960 2717 4016 illius
2736 3961 3249 4027 erraticm,nomen
3272 3960 3324 4014 ei
3350 3960 3639 4016 tribuunt.

2067 4141 2377 4212 Dissipatis
2403 4139 2676 4211 gentibus
2704 4138 2882 4194 Indus
2923 4138 3168 4209 quidam
3190 4137 3263 4194 ab
3288 4139 3641 4210 Arphaxado

1996 4246 2181 4302 genus
2213 4229 2435 4283 ducens
2467 4227 2959 4295 exstitit,nomine
3002 4226 3384 4282 Andubarius
3416 4245 3431 4294 ;
3464 4228 3636 4297 isque

1998 4318 2158 4373 Indis
2189 4317 2613 4373 astronomiam
2649 4315 2910 4371 tradidit.

2068 4411 2239 4463 Anno
2272 4407 2343 4462 ab
2366 4407 2591 4479 origine
2625 4406 2831 4461 mundi
2873 4407 3009 4461 3585
3041 4405 3335 4461 Cainanus
3365 4423 3643 4478 campum

2001 4514 2322 4571 peragrans
2363 4497 2718 4568 scripturam
2748 4495 3052 4568 gigantum
3108 4496 3351 4566 reperit,
3396 4502 3454 4551 et
3507 4512 3642 4554 cum

227 4592 331 4659 τήν
370 4589 588 4665 γραφὴν
643 4591 749 4642 τῶν
803 4586 1065 4661 γιγάντων
1124 4585 1216 4641 καὶ
1279 4583 1477 4660 ἔκρυψε
1527 4591 1651 4661 παρ’
1688 4586 1882 4658 ἑαυτῷ,

2005 4585 2123 4659 ipse
2149 4602 2217 4641 ea
2248 4585 2557 4640 tractanda
2586 4584 2861 4655 deliquit,
2897 4589 3019 4639 tum
3052 4584 3200 4639 alios
3249 4584 3506 4641 absurda
3536 4585 3651 4640 ista

227 4681 322 4736 καί
353 4677 524 4739 αὐτὸς
557 4677 651 4750 μὲν
684 4677 740 4731 ἒν
771 4675 957 4735 αὐτοῖς
991 4673 1345 4751 ἐξημάρτανε,
1377 4674 1467 4730 καὶ
1513 4676 1643 4736 τοὺς
1688 4673 1891 4738 ἄλλους

226 4771 332 4839 τήν
396 4767 567 4834 αὐτὴν
626 4764 852 4821 ἀτοπίαν
907 4760 1298 4835 ἐξεπαίδευσεν.
1357 4765 1424 4821 Οἱ
1483 4761 1540 4819 δὶ
1604 4768 1697 4819 τον
1742 4763 1891 4821 Σάλα

229 4859 367 4938 φασὶ
400 4857 604 4926 ταύτην
634 4853 943 4929 εὑρηκέναι.

304 4961 433 5016 ’Ὁτι
465 4956 521 5011 ἐν
547 4959 625 5026 τῷ
654 4949 765 5029 ὄρει
797 4958 894 5008 τοῦ
945 4947 1181 5008 Λιϐάνου
1241 4952 1426 5028 ἰχθύες
1472 4951 1744 5023 θαλάσσης
1800 4952 1889 5008 εί)-

233 5051 494 5125 ρὲθησαν,
531 5045 584 5101 ἐν
612 5042 830 5105 κοίλοις
868 5043 1057 5105 τόποις
1117 5039 1349 5111 ὑδάτων,
1417 5044 1517 5112 τὴν
1574 5046 1671 5097 τοῦ
1726 5063 1887 5097 κατα-

226 5138 489 5208 κλυσμοῦ
519 5133 877 5205 πιστούμενοι
905 5130 1299 5206 πανωλεθρίαν,

297 5229 432 5284 ’Ὁτι
465 5228 685 5298 πρῶτος
717 5222 913 5296 Λάμεχ
941 5221 1047 5296 πρὸ
1074 5224 1170 5275 τοῦ
1202 5218 1344 5275 ἰδίου
1383 5221 1587 5295 πατρὸς
1639 5219 1885 5290 τελευτᾷν

231 5317 407 5390 ἤγουν
433 5313 535 5369 τοῦ
566 5308 919 5367 Μαθουσάλα.

297 5408 422 5458 Ὀτι
454 5402 565 5457 ἀπὸ
602 5404 701 5456 τοῦ
759 5396 933 5473 Ἀδὰμ
987 5394 1088 5462 ἕως
1138 5401 1237 5453 τοῦ
1285 5397 1695 5471 κατακλυσμοῦ,
1752 5399 1889 5453 κατὰ

232 5494 355 5557 τοὺς
390 5488 833 5565 Ἐϐδομήκοντα,
880 5486 975 5557 ἔτη
1036 5489 1210 5563 βσμβ,
1282 5488 1363 5549 οίς
1421 5489 1511 5543 καὶ
1563 5491 1598 5558 ἡ
1658 5488 1887 5558 ἁκήθεια

238 5581 593 5655 ἰπιμκρτυρεῖ
647 5579 739 5634 καὶ
796 5579 850 5632 αἱ
909 5577 1157 5640 ἀνέκαθεν
1225 5577 1422 5638 πάσαις
1477 5583 1596 5638 ταῖς
1646 5577 1885 5645 Ἐκκλη-

243 5673 374 5734 stat:
405 5670 839 5745 ἅπικρατήσασαι
889 5664 1234 5744 παραδόσεις,
1294 5666 1379 5722 ἐπὶ
1441 5664 1496 5723 δὲ
1545 5667 1607 5721 τὸ
1666 5672 1881 5742 πρῶτον

2002 4675 2221 4731 docuit.
2254 4674 2370 4731 Alii
2394 4691 2426 4730 a
2459 4674 2593 4729 Sala
2618 4674 2799 4729 fuisse
2823 4690 2953 4729 eam
2976 4673 3331 4745 scripturam
3354 4679 3651 4745 repertam

2000 4770 2293 4820 asserunt.

2072 4959 2136 5011 In
2161 4959 2358 5010 monte
2382 4954 2601 5009 Libano
2632 4953 2825 5025 pisces
2857 4953 3073 5009 marini
3105 4955 3331 5010 inventi
3389 4959 3546 5023 sunt,
3579 4956 3644 5011 in

1998 5046 2152 5102 cavis
2168 5062 2296 5116 quas
2319 5061 2501 5114 aquas
2518 5043 3357 5113 receperant,internecionem
3374 5044 3641 5099 omnium

1997 5134 2370 5198 animalium,
2405 5150 2537 5203 quae
2569 5131 2788 5186 diluvio
2812 5132 3046 5199 accidit,
3083 5133 3490 5187 testificantes.

2071 5223 2306 5277 Primus
2366 5221 2689 5276 Lamecbus
2748 5238 2853 5275 suo
2911 5227 3076 5291 patre
3128 5221 3453 5278 Mathusala
3482 5223 3647 5294 prior

2002 5317 2273 5368 mortuus
2302 5316 2411 5366 est.

2068 5401 2154 5456 Ab
2210 5398 2436 5455 Adamo
2494 5416 2682 5471 usque
2740 5398 2815 5455 ad
2872 5399 3161 5454 diluvium
3224 5399 3294 5455 de
3351 5403 3647 5459 sententia

1999 5490 2379 5561 Septuaginta
2425 5490 2817 5561 interpretum
2865 5490 3006 5543 anni
3043 5496 3436 5545 numerantur
3480 5495 3642 5545 2242-

1996 5579 2219 5643 Quibus
2247 5585 2304 5633 et
2325 5581 2539 5634 veritas
2557 5579 2912 5650 astipuletur
2924 5585 2981 5633 et
2997 5580 3369 5647 traditiones,
3390 5597 3639 5650 quarum

1995 5669 2316 5726 auctoritas
2338 5669 2410 5724 ab
2433 5670 2677 5741 antiquo
2698 5685 2805 5741 per
2827 5685 3038 5725 omnes
3063 5670 3313 5725 invaluit
3329 5669 3634 5725 Ecclesiae.
