4094 6292
446 317 526 376 55
842 368 845 369 κ
1814 311 2142 375 GEORGII
2184 310 2532 375 CEDRENI
3815 331 3890 390 53

444 451 529 509 Ad
557 467 786 509 annum
816 450 917 525 τε
946 450 1266 533 Abrahami
1288 453 1547 531 primum
1578 456 1971 529 numerantur
1991 464 2093 504 an-

2209 439 2348 537 ?roc
2388 443 2641 537 Ἀϐραάμ
2687 455 2798 527 (34)
2850 451 2945 527 ἔτη
2999 458 3160 535 γτιβ“.
3225 461 3327 519 Καὶ
3393 462 3546 534 μιτᾶ
3603 459 3772 537 lupa
3825 466 3895 520 οι⁹

447 540 508 597 ni
540 540 613 597 ab
644 540 873 613 origine
914 528 1124 598 mundi
1155 542 1315 599 3343.
1351 528 1494 599 Post
1545 528 1629 598 75’
1664 540 1877 599 deinde
1908 554 2099 596 annos

452 647 523 686 ex
550 630 847 686 Charrane
861 647 1134 705 egressus
1154 634 1217 687 in
1247 637 1408 688 terra
1422 632 1701 689 Chanaan
1733 629 2100 702 inquilinum

456 720 592 793 egit,
625 736 757 792 qua
786 736 950 777 nunc
978 721 1300 779 Palastina
1325 727 1588 779 vocatur.

528 808 820 865 Phalecus
845 813 980 865 ante
1012 815 1241 882 patrem
1274 827 1446 868 suum
1470 809 1764 867 Heberum
1789 808 2107 865 obiit.Tria

456 898 646 955 millia
709 916 1003 955 annorum
1060 901 1136 957 ad
1180 901 1416 959 Phaleci
1476 906 1728 959 mortem
1770 900 1843 957 ab
1874 900 2099 955 Adamo

456 992 901 1061 computantur.
925 988 1073 1045 Hinc
1094 989 1340 1047 nomina
1364 992 1701 1048 Gracorum
1722 990 1970 1047 deorum
1995 987 2102 1043 ini-

457 1077 610 1134 tium
640 1083 906 1135 sumunt.

526 1170 706 1224 Natus
764 1173 856 1224 est
927 1167 1130 1224 Cbami
1166 1169 1350 1244 stirpe
1405 1170 1493 1226 vir
1536 1170 1780 1226 nomine
1844 1169 2097 1236 Chusus,

454 1250 800 1335 ﬁthioszs
822 1257 1183 1314 Nemrodum
1214 1259 1438 1332 genuit,
1461 1259 1563 1329 qui
1594 1264 1654 1314 et
1682 1259 1864 1315 Orion
1895 1258 2100 1331 appel-

452 1346 637 1425 latur,
678 1345 1053 1422 conditorem
1104 1347 1421 1419 Babylonis
1456 1364 1470 1415 ;
1503 1353 1682 1421 atque
1738 1348 1835 1404 hic
1893 1352 2103 1403 auctus

452 1422 721 1511 potentia
748 1435 979 1507 primus
1000 1436 1315 1493 hominum
1334 1437 1617 1511 regnavit,
1638 1437 2101 1508 Assyriisimpe-

451 1510 615 1581 rans.
648 1525 811 1580 Idem
848 1525 1134 1582 Saturnus
1192 1527 1388 1582 dictus
1416 1510 1559 1592 est,
1617 1530 2012 1600 cognomento
2070 1541 2105 1580 a

455 1601 698 1688 planeta
728 1613 925 1670 ducto.
960 1615 1209 1671 Uxorem
1244 1632 1314 1671 ex
1372 1616 1585 1672 eadem
1633 1616 1816 1687 stirpe
1873 1614 2102 1679 habuit,

458 1703 701 1759 nomine
722 1703 1101 1761 Semiramin.
1128 1705 1261 1759 Hac
1284 1705 1453 1761 frena
1482 1705 1707 1777 reperit
1736 1710 1797 1759 et
1842 1704 2101 1776 pyrami-

2204 531 2299 627 ἐτη
2332 535 2552 610 ἐξῆλθεν
2577 540 2638 597 ἐκ
2667 544 2904 620 Χαρράν,
2951 531 3290 622 παροικήσας
3347 531 3435 613 εἰς
3498 558 3614 627 γῆν
3676 531 3884 609 έαναᾶν

2205 624 2305 693 τὴν
2335 633 2424 684 νῦν
2457 632 2821 706 Παλαιστίνην
2851 633 3179 711 λεγομένην.

2278 806 2460 862 ’Ότιὸ
2492 803 2678 861 Φάλεκ
2706 806 2811 879 πρὸ
2842 811 2939 862 τοῦ
2988 809 3192 885 πατρὸς
3241 812 3410 868 αὐτοῦ
3465 808 3645 888 Ἔϐερ
3696 812 3888 871 τελευ-

2211 898 2292 965 τᾷ,
2326 893 2605 969 συνάγεται
2638 896 2696 949 δὲ
2752 894 2818 952 τὰ
2866 897 3040 952 πάντα
3085 893 3177 971 ἔτη
3228 900 3334 956 ἀπὸ
3389 905 3498 957 τοῦ
3562 900 3760 978 Ἀδάμ
3809 904 3893 961 ἐπὶ

2205 985 2305 1054 τὴν
2338 981 2436 1041 τοῦ
2468 981 2655 1039 Φάλεκ
2681 983 2943 1056 τελευτὴν
2975 981 3068 1058 ἔτη
3100 988 3418 1069 τρισχίλια.
3456 992 3659 1049 Ἔνθεν
3712 994 3891 1070 ἀρχὴν

2206 1077 2316 1129 τῶν
2345 1071 2693 1145 Ἑλληνικῶν
2727 1079 2861 1138 θεῶν
2898 1072 3236 1150 λαμϐάνουσι
3267 1081 3334 1136 τά
3363 1081 3655 1155 ὀνόματα.

2282 1164 2581 1237 Ἐγεννήθη
2616 1161 2673 1219 δὶ
2702 1163 2762 1220 ἐκ
2787 1172 2889 1235 τῆς
2921 1165 3102 1245 φυλῆς
3148 1173 3246 1224 τοῦ
3306 1171 3443 1243 Σήμ
3507 1171 3655 1246 ἀνὴρ
3719 1174 3892 1247 ὄνομα

2207 1257 2361 1314 Χοῦς
2390 1252 2613 1327 Αΐθίοψ,
2648 1251 3006 1331 ὅςνέγέννησε
3059 1258 3152 1313 τὸν
3195 1253 3431 1334 Νεϐρὼδ
3485 1260 3588 1316 τὸν
3638 1263 3745 1331 τὴν
3796 1264 3895 1319 Βα-

2209 1337 2433 1398 ϐυλῶνα
2488 1343 2764 1411 κτίσαντα,
2853 1345 2943 1399 τὸν
3031 1347 3125 1402 καὶ
3206 1348 3444 1423 Ὠρίωνα
3535 1349 3892 1415 ἐπικλθέντα.

2209 1431 2379 1493 Οὗτος
2412 1429 2631 1494 δυνατὸς
2662 1433 2947 1508 γενόμενος
3004 1430 3323 1493 ἐϐασίλευσε
3368 1444 3610 1514 πρῶτος
3661 1438 3754 1496 ἐπὶ
3796 1448 3893 1510 τῆς

2210 1528 2310 1597 γῆς
2368 1521 2420 1576 ἐν
2474 1526 2589 1585 τοῖς
2650 1522 2976 1597 Ἀσσυρίοις.
3036 1523 3095 1589 ὅς
3152 1526 3240 1581 καὶ
3300 1527 3621 1600 ὠνομάσθη
3687 1528 3893 1605 Κρόνος

2211 1610 2288 1671 εἷς
2317 1610 2415 1679 τήν
2467 1610 2780 1684 ἐπωνυμίαν
2836 1617 2936 1667 τοῦ
2994 1612 3291 1684 πλάνητος.
3347 1616 3538 1679 Οὗτος
3601 1610 3741 1693 ἔσχε
3795 1640 3887 1695 γυ-

2208 1698 2581 1769 ναῖκαέκτῆς
2638 1697 2805 1771 αὓτῆς
2861 1701 3065 1779 φυλῆς,
3123 1705 3481 1777 καλουμένην
3541 1708 3885 1782 Σεμίραμιν.

461 1794 564 1850 des
604 1809 752 1865 quas
807 1798 1019 1848 vocant
1065 1795 1372 1849 exstruxit.
1427 1796 1587 1851 Hanc
1642 1794 1823 1850 etiam
1879 1794 2097 1850 Rheam

2213 1789 2360 1860 Αὕτη
2400 1794 2516 1851 τοῖς
2589 1797 2859 1863 ποταμοῖς
2934 1789 3226 1868 περιέϐαλε
3300 1795 3531 1867 στόμια.
3618 1799 3713 1853 καὶ
3791 1799 3883 1862 τὰς

459 1882 866 1951 nominarunt,
899 1887 965 1937 ut
994 1899 1125 1954 qua
1160 1883 1503 1939 hominibus
1524 1899 1739 1957 magna
1769 1900 1904 1939 cum
1934 1889 2100 1955 pote-

457 1977 607 2029 state
640 1977 698 2027 et
726 1972 951 2049 ingenti
982 1977 1207 2028 terrore
1230 1973 1569 2044 imperaret.
1595 1974 1727 2029 Hac
1758 1972 2101 2031 Semiramis

457 2050 648 2118 ﬁlium
680 2061 889 2117 habuit
918 2062 1161 2117 nomine
1195 2062 1423 2125 Picum.
1457 2067 1850 2135 cognomento
1879 2064 2101 2129 Jovem,

455 2168 524 2208 ac
538 2155 755 2223 prater
766 2152 927 2208 hunc
941 2151 1146 2207 Belum
1162 2168 1231 2207 ac
1244 2153 1478 2210 Nimnm
1493 2157 1551 2208 et
1562 2153 1771 2209 Filiam
1782 2155 1809 2208 Ι
1818 2169 2100 2209 unonem.

452 2240 660 2308 Ninus,
714 2240 813 2310 qui
853 2240 1123 2296 Ninivem
1171 2257 1449 2313 magnam
1498 2240 1787 2309 condidit,
1848 2247 2101 2297 matrem

454 2345 623 2384 suam
676 2328 1032 2383 Semiramin
1080 2330 1282 2384 uxoris
1312 2330 1441 2385 loco
1500 2329 1725 2384 habuit.
1787 2330 2101 2385 Africanus

461 2418 716 2473 Saturno
732 2422 1021 2489 praterea
1052 2418 1250 2473 Afrum
1272 2418 1464 2474 filium
1486 2418 1749 2488 ascribit,
1766 2435 1801 2474 a
1830 2435 1947 2490 quo
1979 2419 2101 2473 Afri

463 2506 607 2562 dicti
641 2508 860 2563 sunt.Is
892 2507 1032 2561 Afer
1051 2506 1229 2562 ducta
1247 2511 1574 2579 Astynoma
1593 2524 1777 2563 uxore
1812 2510 2101 2563 Venerem

457 2596 820 2669 genuit,qua
842 2596 1057 2651 Gracis
1084 2595 1352 2652 Afrodita
1368 2596 1897 2653 dicitur.Saturnus
1919 2614 2100 2670 regno

460 2685 739 2757 expulsus
761 2703 797 2741 a
828 2686 950 2740 filio
983 2703 1089 2741 suo
1110 2687 1245 2741 Jove
1297 2687 1358 2741 in
1382 2687 1657 2742 occiduas
1702 2692 1873 2742 terra
1903 2694 2102 2758 partes

459 2774 700 2830 devenit
719 2791 785 2830 ac
842 2775 1070 2830 Italiam
1101 2775 1378 2831 obtinuit.
1404 2776 1550 2831 Dein
1581 2776 1811 2849 Jupiter
1849 2779 2102 2848 Assyriis

458 2865 808 2933 decessit,ac
836 2862 910 2920 ad
928 2869 1158 2937 patrem
1182 2881 1244 2920 se
1270 2865 1714 2937 contulit,quiei
1736 2882 1984 2938 regnum
2002 2867 2101 2923 29

458 2953 644 3011 Italia
666 2954 894 3011 dimisit
909 2971 921 3009 :
936 2954 1037 3011 ubi
1060 2972 1192 3010 cum
1213 2972 1320 3027 per
1335 2955 1556 3011 multos
1573 2972 1760 3012 annos
1775 2962 2101 3029 regnasset,

454 3044 637 3099 vitam
662 3060 798 3101 eum
811 3047 1001 3099 morte
1041 3044 1449 3112 commutavit,
1483 3044 1617 3100 etin
1638 3046 1809 3100 Creta
1831 3044 2100 3117 sepultus

453 3138 561 3187 est.
596 3133 734 3187 Post
755 3133 971 3189 Ninum
996 3131 1252 3203 Assyriis
1290 3133 1521 3189 Thurus
1542 3133 1875 3205 imperavit,
1910 3135 2008 3206 qui
2043 3139 2103 3190 et

452 3222 603 3275 Mars
616 3219 951 3293 appellatur
963 3226 1167 3292 utpote
1180 3220 1862 3279 bellicosissimus.Hunc
1874 3224 2101 3296 Assyrii

455 3308 695 3363 Baalum
710 3307 829 3362 sive
852 3308 1059 3363 Belum
1074 3308 1249 3364 deum
1268 3311 1667 3382 appellarunt,
1702 3318 2017 3383 statuaque
2050 3314 2104 3368 ei

455 3395 709 3451 excitata
734 3395 951 3450 divinis
975 3396 1301 3453 honoribus
1320 3399 1657 3455 coluerunt.
1684 3402 1727 3454 A
1744 3406 1935 3455 morte
1950 3400 2105 3455 Jovis

453 3484 712 3552 Faunus,
735 3501 804 3540 eo
833 3490 1283 3557 natus,regnum
1311 3488 1635 3543 tenuit.Hic
1664 3490 1988 3543 Mercurius
2003 3489 2105 3543 de-

456 3573 804 3629 nominatus
824 3573 957 3644 fuit,
993 3574 1151 3644 quod
1185 3575 1478 3631 facundus
1499 3577 1819 3632 admodum
1851 3583 2007 3632 esset
2038 3593 2106 3631 ac

458 3661 1015 3719 mathematicarum
1064 3680 1262 3719 rerum
1320 3665 1717 3722 sciens.ldem
1761 3666 2104 3722 hominibus

458 3752 586 3808 auri
618 3769 688 3808 ex
718 3756 891 3808 terra
911 3752 1234 3809 visceribus
1264 3755 1507 3810 eruendi
1530 3761 1719 3813 artem
1750 3757 2106 3812 invenit.Ve-

457 3860 572 3900 nus
594 3844 825 3900 erudita
836 3844 1155 3900 admodum
1169 3846 1282 3901 fuit
1300 3851 1360 3901 et
1379 3846 1555 3902 variis
1568 3846 1745 3903 rebus
1767 3854 1976 3904 ornata
1997 3864 2102 3903 nu-

453 3933 573 4004 psit
596 3932 847 3988 Adonidi
897 3933 1125 4004 Cinyra
1164 3935 1289 3989 tilio
1330 3934 1681 4007 philosopho
1701 3936 1813 4008 ipsi
1838 3954 2095 4009 quoque.

454 4024 706 4077 Narrant
732 4038 834 4076 eos
863 4021 937 4076 ad
968 4029 1222 4077 mortem
1279 4040 1468 4094 usque
1527 4041 1647 4081 una
1701 4026 2097 4097 philosophia

450 4125 703 4167 vacasse.
738 4110 932 4179 Picus,
966 4111 1065 4182 qui
1094 4112 1248 4168 idem
1279 4118 1368 4167 est
1384 4114 1631 4186 Jupiter,
1663 4132 1797 4170 cum
1857 4116 2101 4189 triginta

450 4218 639 4257 annos
669 4200 926 4273 Assyriis
974 4201 1347 4274 imperasset,
1405 4221 1585 4276 regno
1631 4206 1689 4261 in
1721 4223 1935 4262 manus
1989 4207 2095 4262 ﬁlii

450 4290 542 4346 sui
574 4290 697 4345 Beli
756 4295 815 4345 et
867 4291 1136 4359 Iunonis,
1192 4309 1323 4364 qua
1381 4310 1550 4349 soror
1605 4295 1734 4368 ejus
1765 4295 2097 4369 eademque

449 4377 668 4449 conjux
700 4379 1174 4446 erat,tradito,ad
1206 4386 1434 4451 patrem
1468 4398 1641 4436 suum
1674 4384 1993 4440 Saturnum
2031 4402 2093 4440 se

450 4467 722 4534 contulit,
744 4473 1081 4538 provectam
1127 4470 1254 4542 jam
1307 4475 1540 4525 atatem
1590 4471 1806 4527 misere
1839 4474 2094 4529 toleran—

2209 1877 2553 1953 καλουμένας
2582 1878 2896 1954 πυραμίδας
2952 1883 3228 1959 ἀνήγειρε.
3286 1885 3516 1955 Ταύτην
3577 1887 3676 1943 καὶ
3736 1888 3884 1943 Ῥέαν

2209 1969 2498 2042 ὠνόμασαν
2554 1970 2629 2032 ὡς
2687 1968 2742 2025 ἐν
2799 1967 3022 2043 δυνάμει
3109 1972 3200 2027 καὶ
3258 1973 3481 2048 ἐξουσίᾳ
3560 1977 3660 2032 καὶ
3723 1976 3884 2052 ὑπερ-

2211 2051 2471 2113 ϐάλλοντι
2547 2053 2703 2134 φόϐῳ
2758 2063 2864 2114 τῶν
2922 2061 3219 2133 ἀνθρώπων
3276 2066 3592 2138 ἄρχουσαν.
3653 2051 3880 2135 Αὕτηνή

2213 2146 2518 2221 Σεμίραμις
2551 2143 2711 2227 ἔσχεν
2775 2149 2891 2211 υίὸς
2946 2149 3008 2203 οὗ
3064 2151 3127 2205 τὸ
3184 2150 3357 2224 ὄνομα
3416 2151 3623 2224 Ηῖκος,
3677 2155 3740 2217 ὅς
3797 2154 3885 2210 καὶ

2212 2238 2610 2311 μετωνομάσθη
2642 2238 2795 2299 Ζεύς·
2828 2238 2917 2293 καὶ
2950 2237 3155 2302 ἄλλους
3188 2237 3245 2296 δὲ
3274 2238 3436 2321 ἔσχεν
3494 2242 3659 2306 υἱοὺς
3703 2243 3884 2313 Βῆλόν

2207 2347 2265 2382 τε
2293 2325 2382 2381 καὶ
2414 2330 2596 2398 Νῖνον,
2628 2326 2717 2381 καὶ
2773 2328 3044 2403 θυγατέρα
3099 2330 3198 2398 τήν
3254 2332 3451 2404 ἽΙραν.
3521 2333 3633 2389 Καὶ
3700 2334 3729 2388 ὁ
3792 2333 3882 2406 μὲν

2211 2421 2393 2483 Νῖνος,
2427 2413 2487 2479 ὃς
2525 2414 2743 2485 καὶτὴν
2802 2415 2990 2475 Νινευΐ
3048 2420 3149 2486 τὴν
3206 2420 3454 2494 μεγάλην
3521 2418 3732 2491 ἔκτισε,
3790 2425 3882 2491 τὴν

2212 2502 2350 2560 ἰδίαν
2387 2503 2597 2580 μητέρα
2631 2506 2936 2581 Σεμίραμιν
2968 2501 3099 2581 ἔσχε
3129 2514 3378 2581 γυναῖκα.
3412 2516 3507 2573 Ὡς
3576 2508 3640 2567 δὲ
3696 2514 3885 2590 ’Δφρι-

2208 2589 2378 2657 κανός
2418 2614 2572 2670 φησι,
2632 2594 2722 2648 καὶ
2785 2592 2967 2667 ἓτερον
3030 2596 3145 2650 υἱὸν
3205 2592 3366 2675 ἔσχεν
3423 2599 3456 2653 ὁ
3522 2598 3739 2677 Κρόνος
3780 2589 3879 2654 τὸν

2208 2688 2435 2760 νΑφρον,
2468 2682 2518 2753 ἐξ
2550 2684 2612 2737 οὗ
2643 2684 2868 2760 Ἀφροι·
2904 2682 2961 2747 ὅς
3013 2687 3196 2759 γήμας
3246 2687 3607 2761 Ἀστυνόμην
3661 2687 3880 2756 ἐποίησε

2210 2772 2469 2847 θυγατέρα
2540 2774 2639 2842 τὴν
2702 2771 3052 2853 Ἀφροδίτην.
3114 2776 3174 2832 Ὀ
3233 2772 3292 2831 δὲ
3349 2777 3565 2852 Κρόνος
3628 2777 3873 2849 ἐξωσθεὶς

2206 2863 2307 2929 τῆς
2341 2858 2623 2934 βασιλείας
2658 2860 2761 2915 ὑπὸ
2790 2865 2886 2915 τοῦ
2939 2858 3078 2917 ἰδίου
3138 2864 3258 2917 υἱοῦ
3302 2864 3450 2936 Διὸς,
3504 2865 3794 2921 κατελθὼν
3822 2862 3871 2919 ἐν

2206 2954 2276 3025 τῇ
2305 2947 2451 3005 δύσει
2475 2955 2663 3025 κρατεῖ
2694 2957 2793 3020 τῆς
2826 2950 3082 3013 Ἰταλίας.
3124 2952 3258 3009 Εἶτα
3306 2955 3334 3008 6
3383 2952 3518 3018 Ζεὺς
3565 2956 3871 3035 ὑποχωρή-

2211 3060 2306 3103 σας
2359 3044 2467 3095 τῶν
2526 3039 2826 3113 Ἀσσυρίων
2877 3040 3230 3116 παραγίνεται
3289 3044 3423 3117 πρὸς
3487 3045 3587 3100 τὸν
3649 3043 3867 3117 πατέρα·

2130 3171 2176 3239 C
2212 3130 2241 3185 6
2272 3125 2330 3184 δὲ
2358 3133 2682 3205 παραχωρεῖ
2708 3129 2854 3201 αὐτῷ
2914 3128 3224 3196 βπσιλεύειν
3279 3138 3381 3201 τῆς
3436 3132 3714 3196 Ἰταλίας.
3773 3132 3870 3190 Καὶ

2211 3216 2447 3281 πολλοῖς
2482 3216 2618 3274 ἔτεσι
2680 3216 3026 3293 βασιλεύσας,
3087 3222 3206 3275 εἷτα
3254 3220 3594 3293 τελευτήσας
3655 3220 3868 3278 κατατί-

2210 3310 2356 3364 θεται
2388 3307 2439 3362 ἐν
2475 3311 2542 3381 τῇ
2583 3309 2795 3383 Κρήτῃ.
2843 3309 2991 3363 Μετὰ
3048 3307 3106 3363 δὲ
3155 3313 3309 3365 Νῖνον
3379 3305 3713 3368 ἐϐασίλευσε
3768 3314 3869 3367 τῶν

2212 3397 2511 3470 Ἀσσυρίων
2541 3400 2745 3470 Θοῦρος
2780 3396 2928 3451 ὁκαὶ
2987 3398 3158 3470 Ἄρης
3217 3397 3443 3469 κληθεὶς
3503 3402 3581 3464 ὡς
3634 3399 3865 3472 πολεμιο

2209 3486 2475 3546 κώτατος.
2508 3486 2717 3541 Τοῦτον
2751 3485 2804 3539 οἱ
2835 3486 3110 3560 Ἀσσύριοι
3141 3488 3230 3561 [Ρ.
3272 3490 3358 3562 16]
3392 3487 3553 3545 Βάαλ
3589 3490 3720 3546 Θεὸν
3750 3489 3867 3559 ἤτοι

2212 3574 2331 3638 Βῆλ
2380 3593 2843 3645 μετονομασαντες
2898 3574 2988 3628 καὶ
3044 3574 3534 3647 ἀναστηλώσαντες
3598 3573 3863 3634 σέϐονται.

2208 3661 2356 3717 Μετᾶ
2386 3658 2442 3716 δὲ
2470 3661 2567 3729 τήν
2596 3666 2693 3717 τοῦ
2724 3662 2845 3724 Διὸς
2876 3662 3133 3733 τελευτὴν
3193 3671 3407 3727 Φαῦνος
3451 3667 3479 3721 6
3532 3668 3651 3731 οἷὸς
3702 3667 3863 3721 αὐτοῦ

2209 3744 2575 3815 ἐϐασίλευσεν,
2634 3746 2692 3811 ὅς
2752 3750 3145 3824 μετωνομάσθη
3205 3752 3436 3828 Ἐρμῆςο
3498 3758 3569 3824 ἦν
3618 3756 3724 3830 γὰρ
3779 3752 3863 3808 λο-

2206 3840 2509 3914 γικώτατος
2537 3837 2674 3893 πάνυ
2705 3838 2794 3893 καὶ
2857 3840 3257 3912 μαθηματικός·
3319 3841 3377 3903 ὅς
3416 3844 3510 3897 καὶ
3571 3848 3669 3899 τοῦ
3727 3861 3856 3921 χρυ-

2208 3936 2305 3986 σοῦ
2365 3932 2462 4000 τὴν
2551 3929 2705 4007 φύσιν
2786 3927 2988 4004 ἐξεῦρεν
3043 3928 3102 3984 ἐκ
3170 3929 3460 4005 μετάλλων
3522 3932 3853 4009 ἀνθρώποις.

2224 4023 2267 4077 Il
2305 4019 2485 4093 μέντοι
2526 4016 2825 4099 Ἀφροδίτη
2888 4017 3087 4096 λογικὴ
3150 4021 3241 4075 καὶ
3299 4022 3529 4095 ποικίλη
3586 4019 3853 4100 λεγομένη

2204 4111 2459 4188 ἐγαμήθη
2490 4107 2572 4182 τῷ
2617 4104 2877 4164 Ἀδώνιδι
2937 4113 3015 4180 τῷ
3078 4110 3180 4182 υἱῷ
3232 4115 3329 4165 τοῦ
3381 4112 3640 4189 Κινύρου,
3699 4110 3852 4189 φιλο-

2207 4199 2358 4277 σόφῳ
2390 4194 2505 4254 ὄντι
2534 4198 2625 4253 καὶ
2657 4196 2823 4270 αὐτῷ’
2870 4195 2961 4261 οὕς
3019 4197 3107 4253 καὶ
3156 4198 3287 4275 ἄχρι
3338 4200 3567 4258 θανάτου
3635 4200 3856 4281 φιλοσο-

2210 4294 2436 4353 φοῦντας
2468 4290 2559 4343 σὺν
2587 4285 2865 4359 ἀλλήλοις
2894 4289 3093 4364 βιῶσαι
3134 4289 3434 4366 ἱστοροῦσι.
3494 4293 3649 4350 Μετὰ
3697 4288 3755 4345 δὲ
3799 4287 3856 4343 τὸ

2206 4377 2524 4453 βασιλεῦσαι
2554 4376 2855 4454 Ἀσσυρίων
2889 4382 3058 4432 Πῖκον
3110 4378 3204 4433 τὸν
3255 4378 3347 4433 καὶ
3406 4380 3503 4437 Δία
3559 4376 3655 4449 ἔτη
3706 4377 3853 4454 τριά-

2200 4490 2387 4537 κοντα,
2462 4469 2554 4524 τὸν
2632 4468 2748 4522 υἱὸν
2821 4465 2990 4523 αὐτοῦ
3068 4468 3249 4537 Βῆλον
3324 4470 3729 4545 ὀνομαζόμενον
3768 4465 3849 4523 καὶ

451 4562 593 4612 tem.
635 4533 808 4613 Pater
855 4558 908 4613 ei
940 4533 1150 4614 statim
1198 4575 1449 4631 regnum
1498 4559 1771 4629 dimisit;
1807 4568 1866 4618 et
1918 4565 2092 4620 Picus

2209 4533 2505 4635 Ἥραν-τὴν
2527 4563 2755 4634 γυναῖκα
2783 4557 2883 4625 τήν
2930 4557 3020 4611 καὶ
3080 4533 3321 4627 ἀδελφήν
3380 4533 3467 4613 ἐπὶ
3511 4533 3625 4628 *της
3680 4558 3851 4633 ἀρχῆς

388 4635 393 4639 ’
452 4645 717 4718 potentia
737 4651 903 4701 actus
929 4661 1035 4717 per
1056 4649 1123 4700 62
1163 4646 1311 4702 alios
1360 4663 1549 4703 annos
1595 4649 1824 4706 Italiam
1871 4651 2094 4708 rexisse

2202 4648 2519 4707 καταλιπὼν
2552 4647 2687 4722 πρὸς
2733 4646 2827 4702 τὸν
2886 4644 3050 4701 αὐτοῦ
3106 4648 3310 4723 πατέρα
3371 4649 3574 4724 Κρόνον
3632 4642 3850 4722 παραγί·

1656 4779 2015 4835 XYLANDRI
2052 4782 2139 4838 ET
2176 4780 2392 4839 GOARI
2424 4778 2650 4835 ΝΟΤΕ.

519 4874 631 4950 (Ζξῇ
658 4873 844 4950 {tuuis
891 4872 1208 4950 duodecim
1236 4874 1447 4950 plures
1493 4876 1672 4932 habet
1698 4879 2087 4950 Nicephorus.

447 4945 527 4999 Ex
551 4943 755 4999 Bibliis
787 4944 859 4998 ab
889 4945 1112 5007 origine
1138 4943 1343 5001 mundi
1379 4946 1452 5001 ad
1501 4949 1729 5005 natales
1771 4943 2089 5007 Ahrahami

447 5015 911 5092 (exclus_ive_)non
931 5015 1117 5088 pluris
1146 5018 1281 5092 1959
1303 5018 1473 5092 a_r_m_is
1500 5023 2088 5092 computantur.Cum

445 5103 561 5165 qua
574 5087 1024 5165 ratiocinatiOne
1039 5089 1312 5165 convehit
1325 5087 1706 5147 Hebraeorum
1723 5096 2085 5165 supputatio,

444 5160 544 5237 qui
577 5176 610 5214 a
640 5160 975 5237 linguarum
993 5160 1359 5237 contusione
1389 5178 1579 5237 agnos
1598 5160 1886 5237 praeterea
1899 5160 2087 5237 usque

444 5229 518 5286 ad
532 5229 759 5307 natales
775 5231 978 5307 Isaac‘ii
992 5233 1059 5307 {52
1080 5234 1568 5307 numerant.Ergo
1590 5229 1640 5290 is
1663 5241 1836 5291 natus
1858 5237 1969 5292 fuit
1987 5229 2086 5293 an-

350 5320 355 5333 ι
445 5303 706 5377 no_2048
749 5302 840 5377 vel
884 5303 1043 5377 eoas),
1114 5318 1339 5377 annum
1362 5302 1589 5377 agente
1636 5307 1867 5364 Abi-alio
1942 5324 2085 5364 cen-

443 5371 746 5455 tesimum.
774 5371 945 5455 Paulo
976 5378 1107 5455 post
1156 5391 1205 5427 ν.
1240 5376 1271 5427 8
1317 5371 1446 5455 ubi:
1477 5378 1686 5455 scripsi
1743 5396 1814 5435 ea:
1853 5380 2085 5455 Chai-mi

442 5445 638 5521 stirpe,
672 5444 949 5521 Semiest
976 5444 1288 5521 in_Graco,
1322 5447 1426 5501 sed
1485 5444 1795 5521 perspicue
1846 5450 2080 5508 falsum.

445 5516 576 5569 Mox
605 5516 680 5569 de
705 5516 1116 5590 Semiramide,
1159 5521 1347 5590 [roma
1374 5516 1641 5590 repperit.
1673 5524 1737 5577 In
1766 5524 1962 5579 Graco
1996 5531 2084 5579 est

445 5593 719 5661 ποταμοῖς
743 5580 1048 5661 περιέϐαλε
1076 5580 1260 5659 στόμι,
1293 5580 1452 5661 quod
1471 5580 1708 5649 .mendo
1738 5610 1859 5650 non
1890 5602 2077 5652 vacat.

447 5657 570 5733 Ego.
595 5657 864 5736 suspicor
892 5657 1329 5732 ποταμοῖςεεεὲ
1354 5662 1669 5731 vitiosum;
1722 5663 1840 5719 sive
1885 5663 2080 5725 ἳπποις

2200 4882 2321 4936 sive
2347 4877 2489 4951 quid
2520 4877 2683 4951 aliud
2714 4875 3026 4951 scripserit
3047 4881 3273 4951 auctor,
3297 4880 3721 4951 utuequestrisg
3749 4891 3839 4951 _re-

2197 4948 2459 5008 inven'tio
2472 4949 2768 5023 bellicosa
2780 4948 3405 5023 viraginitribuatui'\’i
3416 4948 3617 5023 rgilius
3629 4948 3845 5022 quidem

2201 5023 2406 5079 Ereid.
2444 5039 2513 5076 vu
2546 5022 2747 5076 Picum
2780 5020 2959 5090 hujus
3011 5019 3220 5086 ﬁlium,
3274 5021 3320 5074 si
3372 5019 3668 5077 Cedrenus
3718 5034 3843 5073 vera

2199 5095 2426 5153 retulit.
2463 5108 2749 5164 equorum
2784 5090 3137 5164 domitorem
3161 5092 3452 5164 nominat,
3485 5094 3837 5164 fortassiseo

2200 5171 2441 5223 invento
2476 5160 2792 5237 insignem,
2825 5168 2891 5217 ut
2919 5162 3142 5237 ibidem
3166 5163 3319 5218 alius
3350 5166 3693 5237 perhibetur
3719 5160 3836 5237 viti-

2203 5246 2383 5295 sator.
2420 5232 2632 5306 Στόμιᾶ
2663 5237 2881 5307 franos
2904 5234 3240 5305 significare
3270 5232 3477 5292 notum
3500 5243 3606 5293 est.
3627 5232 3839 5307 Signiﬁ-

2198 5316 2339 5365 cant
2371 5305 2550 5364 etiam
2580 5305 2807 5362 orificia
2839 5323 2943 5360 seu
2974 5322 3096 5365 ora.
3125 5311 3193 5360 ut
3222 5322 3512 5373 vasorum,
3546 5305 3833 5365 venarum.

2196 5382 2277 5437 De
2303 5379 2682 5456 fluminibus,
2707 5394 2911 5456 eorum
2936 5377 3087 5456 ostia
3104 5382 3173 5456 ut
3190 5372 3546 5456 signiﬁcent,
3564 5396 3677 5456 non
3708 5372 3827 5456 legi,

2195 5469 2393 5524 neque
2423 5452 2653 5524 videtur
2680 5449 2994 5524 quadrare.
3029 5447 3193 5524 Infra
3216 5447 3456 5519 quidem
3490 5447 3548 5506 in
3580 5447 3825 5506 Heraclio

2196 5520 2397 5595 στόμια
2428 5520 2641 5596 ἐρήμου
2670 5522 2873 5577 fauces
2894 5527 3059 5577 vocat
3080 5522 3199 5596 sive
3221 5524 3541 5595 angustias,
3573 5539 3674 5594 per
3691 5531 3820 5589 quas

2191 5596 2253 5651 in
2284 5593 2665 5653 Solitudinem
2697 5598 3060 5665 penetratur.
3095 5593 3231 5647 Χγι..
