4094 6292
228 403 300 464 ετ
1365 373 1909 464 HlSTOBlARUM
1952 393 2503 457 COMPENDIUM.
3560 395 3638 455 δε

224 558 392 610 νεται,
449 536 563 609 ἤδη
626 550 963 614 γεγηρακοτα
1013 537 1106 592 καὶ
1161 535 1676 610 ταλαιπωρήσαντα·
1708 532 1755 605 ᾧ
1783 531 1877 586 καῖ

1997 529 2194 585 fertur.
2255 529 2430 585 Belus
2487 530 2648 587 illius
2680 532 2811 602 ejus
2848 531 2961 585 hoc
3015 545 3234 585 nomen
3284 530 3358 587 ob
3389 528 3446 585 id
3481 531 3640 601 quod

230 632 561 707 παραχωρεῖ
586 630 686 697 τῆς
721 626 1000 704 βασιλείας
1051 625 1227 696 εὐθὺς,
1289 626 1378 681 καὶ
1438 625 1597 686 οὗτος
1654 620 1879 682 δυνατὸς

234 718 306 772 ὧν
333 714 475 772 ἄλλα
496 710 598 788 ἔτη
635 718 891 788 ἑξήκοντα
929 713 1026 771 δύο
1082 716 1219 771 κατά
1269 717 1369 785 τὴν
1427 712 1661 770 Ἰταλίαν
1724 712 1881 787 βασι-

232 805 418 862 λεῦσαι
464 806 711 884 λέγεται.
773 808 952 877 Βῆλος
985 803 1043 861 δὲ
1073 807 1102 862 6
1132 806 1248 868 υίὸς
1306 803 1399 861 διὰ
1443 805 1504 861 τὸ
1567 802 1881 877 ὀξυκίνητος

231 897 357 951 εἶναι
397 896 577 958 οὕτως
660 895 889 968 ἐκλήθη,
963 896 1053 951 καὶ
1130 893 1225 951 δύο
1301 890 1395 965 ἔτη
1476 888 1880 970 βεϐασιλευκὼς

230 984 518 1059 Ἀσσυρίων
572 984 821 1055 τελευτᾷ.
874 986 1039 1048 Νῖνος
1086 981 1143 1039 δὲ
1173 983 1428 1040 ὁτούτου
1486 987 1628 1046 θεῖος
1688 980 1882 1056 ἐγκρα-

226 1075 321 1136 τὴς
373 1072 666 1148 γενόμενος
719 1080 822 1144 τῆς
879 1074 1060 1150 ἀρχῆς
1118 1075 1203 1150 νβ’
1259 1070 1351 1144 ἔτη
1410 1076 1516 1127 τῶν
1579 1070 1881 1144 ’Λσσυρίων

226 1158 593 1220 έϐασίλευσεν.
631 1166 728 1222 Ἐκ
755 1161 855 1219 τοῦ
910 1165 1094 1240 γένους
1148 1164 1240 1220 οὗν
1298 1162 1462 1218 αὐτοῦ
1521 1161 1610 1217 καὶ
1672 1159 1884 1235 Ζωροά-

227 1273 387 1328 στρης
424 1253 455 1307 6
485 1247 829 1327 περιϐόητος
866 1252 1200 1328 ἀστρονόμος
1259 1250 1313 1306 έν
1374 1248 1605 1325 Πέρσαις
1653 1250 1883 1326 γενόμε-

219 1362 307 1403 νος
336 1336 541 1411 ηὔξατο
573 1340 685 1396 ὑπὸ
714 1342 884 1416 πυρὸς
945 1341 1129 1415 αερίου
1174 1342 1579 1417 κεραυνωθῆναι
1626 1339 1715 1394 καὶ
1760 1338 1881 1392 ἀνα-

218 1428 481 1500 λωθῆναι,
546 1428 934 1504 ἐντειλάμενος
981 1436 1100 1492 τοῖς
1148 1431 1377 1505 Πέρσαις
1421 1428 1489 1484 τὰ
1537 1428 1669 1483 ὀστᾶ
1717 1425 1884 1482 αὐτοῦ

222 1521 353 1594 μετᾶ
399 1521 503 1589 τήν
564 1520 764 1576 καῦσιν
823 1516 1113 1576 ἀναλαϐεῖν
1171 1520 1261 1575 καὶ
1346 1517 1633 1596 φυλάττειν
1689 1515 1885 1580 αὐτοὺς

221 1608 307 1664 καὶ
361 1614 551 1682 τιμᾷψ
619 1610 717 1664 καὶ
769 1606 876 1672 ἕως
935 1609 1026 1675 οὗ,
1080 1609 1237 1685 φησὶ,
1292 1607 1527 1672 σώσεσθε
1580 1609 1767 1674 ταῦτα,
1819 1605 1883 1660 τὸ

228 1697 503 1774 βασίλειον
560 1705 673 1768 τῆς
729 1699 878 1772 ὑμῶν
935 1697 1125 1777 χώρας
1212 1696 1312 1752 οὐκ
1368 1696 1625 1770 ἐκλείψει.
1694 1697 1883 1755 Οὕτως

229 1795 316 1846 οὖν
374 1790 580 1847 τούτου
639 1792 770 1866 πυρὶ
833 1789 1070 1867 οὐρανίῳ
1123 1788 1485 1870 τεφθωθέντος
1533 1789 1601 1844 τὰ
1661 1787 1887 1863 λείψανα

226 1881 387 1935 αὖτοῦ
416 1878 511 1936 διὰ
539 1887 720 1954 τιμῆς
753 1881 910 1955 εἶχον
967 1880 1019 1934 οἱ
1068 1879 1292 1952 Πέρσαι,
1333 1875 1438 1940 ἕως
1483 1877 1681 1934 τούτου
1722 1899 1884 1932 κατα-

224 1972 592 2044 φρονήσαντες
673 1970 763 2023 καὶ
838 1974 940 2037 τῆς
1016 1965 1295 2042 βασιλείας
1354 1965 1619 2038 ἐξέπεσον.
1694 1965 1885 2022 Τοίνυν

226 2058 354 2132 μετᾶ
384 2059 553 2115 Νῖνον
580 2058 682 2114 τὸν
714 2062 811 2114 τοῦ
844 2056 967 2119 Διὸς
998 2054 1232 2130 ἀδελφὸν
1273 2061 1480 2130 Θοῦρος
1532 2059 1642 2111 τῶν
1694 2056 1883 2112 Ἀσσυ-

227 2148 349 2222 ρίων
384 2145 700 2223 βασιλεύει.
734 2149 945 2205 Τοῦτον
977 2147 1005 2201 ὁ
1033 2147 1215 2221 πατὴρ
1246 2143 1411 2201 αὐτοῦ
1471 2143 1661 2216 Ζάμις,
1710 2144 1770 2206 ’ὸς
1821 2147 1889 2212 ήν

222 2242 315 2306 τῆς
349 2235 502 2298 Ῥέας
566 2232 832 2313 ἀδελφὸς,
895 2235 984 2290 ἐπί
1034 2239 1114 2307 τῷ
1173 2235 1398 2308 ὀνόματι
1450 2237 1548 2289 τοῦ
1605 2231 1886 2304 πλάνητος

225 2325 438 2401 ἀστέρος
470 2327 660 2400 ’Ἄρεα
689 2321 963 2381 ἐκάλεσεν.
1001 2325 1101 2381 Ἢν
1152 2321 1210 2378 δὲ
1266 2325 1294 2379 6
1352 2324 1529 2398 Ἀρης
1583 2323 1741 2386 οὗτος
1792 2343 1883 2377 πι-

226 2416 348 2488 κρὸς
376 2418 464 2471 καί
497 2415 638 2489 ἄγαν
675 2412 1176 2488 δυσκαταγώνιστος
1220 2411 1586 2486 πολεμιστὴς,
1637 2412 1697 2475 ὅς
1751 2419 1886 2467 Καυ-

229 2506 372 2577 κάσῳ
399 2505 504 2560 τινὶ
536 2503 700 2580 ἀνδρὶ
752 2508 1111 2580 γιγαντογενεῖ
1166 2498 1395 2574 δυνατῷ,
1455 2500 1515 2556 ἐκ
1551 2509 1650 2572 τῆς
1705 2500 1884 2580 φυλῆς

230 2596 395 2672 Ἰάφεθ
421 2577 780 2669 ὡρμημένῳ,
826 2577 1076 2657 ἐπελθὼν
1132 2592 1222 2647 καὶ
1278 2577 1739 2664 καταπαλεμήσας
1794 2577 1884 2645 καἱ

232 2681 424 2738 ἀνελὼν
490 2676 785 2753 παρέλαϐε
840 2682 941 2750 τήν
999 2680 1190 2755 χώραν
1252 2678 1440 2748 αὐτοῦ,
1491 2678 1582 2733 καὶ
1640 2677 1727 2732 ἐπὶ
1782 2679 1882 2746 τήν

236 2771 432 2846 Θρᾴκην
462 2771 656 2827 ἐλθὼν
687 2770 776 2825 καὶ
809 2769 1136 2840 τελευτήσας
1192 2767 1304 2824 ἐκεῖ
1361 2768 1638 2823 θάπτεται.
1690 2767 1884 2840 Τούτῳ

234 2865 306 2933 τῷ
341 2862 491 2936 Ἀρεῖ
547 2861 790 2936 πρώτην
851 2857 1059 2930 στήλην
1126 2857 1417 2928 ἀνέστησαν
1478 2857 1531 2912 οἱ
1583 2855 1883 2931 Ἀσσύριοι,

235 2951 317 3006 καὶ
370 2951 440 3015 ὥς
492 2950 636 3006 Θεὸν
704 2945 1088 3025 προσκυνοῦσι,
1177 2945 1322 3002 Βάαλ
1408 2944 1790 3021 ὀνομάζοντες,
1852 2944 1883 3000 6'

240 3040 583 3114 ἑρμηνεύεται
644 3040 816 3113 Ἄρης
885 3034 1148 3110 πολέμων
1216 3035 1368 3097 Θεός.
1434 3036 1581 3091 Μετᾶ
1644 3039 1838 3090 τοῦτον
1906 3037 2084 3109 Λάμις
2151 3042 2260 3091 τῶν
2325 3032 2622 3112 Ἀσσυρίων

1989 619 2263 676 celeriter
2293 624 2631 677 moveretur
2675 621 2900 677 habuit.
2932 622 2986 676 Is
3021 637 3153 676 cum
3178 638 3284 693 per
3328 620 3639 677 biennium

1988 725 2235 783 regnum
2268 711 2645 783 Assyriorum
2677 709 2979 783 gessisset,
3039 710 3100 764 in
3144 711 3264 766 fata
3322 711 3637 768 concessit.

1986 800 2238 854 Patruus
2270 799 2399 872 ejus
2430 801 2615 856 Ninus
2637 815 2818 873 regno
2851 799 3096 871 potitus,
3128 802 3195 853 57
3218 815 3408 854 annos
3465 800 3637 870 Assy-

1989 890 2094 945 riis
2124 889 2452 961 imperavit.
2486 891 2570 945 Ex
2600 889 2781 961 hujus
2815 905 3029 961 genere
3070 889 3247 943 etiam
3299 891 3637 946 Zoroastres

1990 977 2206 1034 nobilis
2237 978 2338 1032 ille
2369 978 2525 1052 apud
2554 978 2762 1034 Persas
2820 983 3198 1033 astronomus
3239 978 3498 1045 exstitit;
3532 978 3634 1050 qui

1991 1084 2053 1124 se
2084 1066 2333 1124 fulmine
2356 1069 2539 1124 ictum
2561 1084 2630 1123 ac
2651 1071 3069 1140 consumptum
3093 1067 3163 1121 iri
3194 1066 3501 1139 praedixit,
3534 1069 3638 1124 80

1990 1157 2409 1230 mandavitque
2429 1157 2625 1213 Persis
2645 1162 2711 1212 ut
2731 1174 2865 1213 ossa
2880 1174 2986 1213 sua
2999 1173 3067 1211 ex
3081 1157 3358 1213 incendio
3373 1157 3640 1231 legerent

1991 1263 2058 1302 ac
2090 1247 2459 1303 custodirent
2490 1253 2667 1319 atque
2689 1252 3137 1315 venerarentur,
3167 1248 3519 1319 promittens
3544 1264 3637 1304 re-

1989 1353 2171 1410 gnum
2194 1353 2264 1392 ex
2294 1338 2556 1408 ipsorum
2586 1337 2829 1392 natione
2862 1336 3123 1392 ablatum
3166 1354 3285 1392 non
3317 1337 3388 1392 iri
3448 1353 3639 1408 quan-

1993 1424 2095 1481 diu
2126 1442 2195 1481 ea
2216 1426 2502 1482 colerent.
2536 1428 2615 1483 Eo
2639 1426 2841 1497 itaque
2873 1426 3129 1483 fulmine
3159 1427 3221 1481 in
3280 1427 3511 1483 cineres
3555 1444 3643 1483 re—

1992 1516 2163 1572 dacto
2194 1517 2480 1589 reliquias
2511 1515 2639 1588 ejus
2690 1518 2880 1572 Persea
2924 1518 3259 1581 coluerunt,
3319 1518 3509 1573 donec
3565 1518 3641 1572 iis

1990 1609 2277 1682 neglectis
2307 1626 2553 1682 regnum
2586 1610 2763 1665 etiam
2792 1611 3142 1667 amiserunt.
3171 1612 3460 1667 Caeterum
3488 1611 3638 1666 Nino

1989 1699 2142 1754 Jovis
2186 1699 2353 1754 fratri
2382 1699 2611 1756 Thurus
2634 1701 2695 1755 in
2713 1716 2961 1773 regnum
2985 1700 3287 1773 Assyrium
3309 1701 3633 1773 {successit

1992 1789 2159 1843 Hunc
2211 1789 2402 1843 Zamis
2447 1794 2634 1860 pater,
2667 1789 2851 1844 frater
2880 1789 3076 1859 Rhea),
3123 1791 3364 1846 Martem
3396 1790 3639 1845 nomine

1917 1902 1964 1967 Β
1991 1879 2246 1949 planetm
2278 1879 2613 1951 appellavit.
2646 1881 2784 1934 Erat
2813 1884 3008 1935 autem
3037 1896 3175 1936 acer
3199 1880 3364 1937 valde
3398 1884 3455 1936 et
3472 1898 3638 1953 supe-

1994 1973 2127 2022 ratu
2154 1967 2545 2023 difﬁcillimus
2573 1967 2845 2024 bellator.
2879 1970 2931 2023 Is
2960 1970 3307 2037 Caucasum,
3333 1975 3637 2041 potentem

1997 2056 2300 2111 hominem
2335 2061 2393 2111 et
2447 2057 2881 2129 gigantigenam
2940 2074 3009 2111 ex
3062 2059 3250 2127 Japeti
3310 2057 3638 2114 ditionibus

1994 2144 2323 2216 profectum
2352 2162 2660 2217 aggressus
2680 2145 2837 2202 bello
2874 2147 3009 2202 vicit
3031 2153 3090 2201 et
3118 2147 3354 2213 occidit,
3387 2149 3636 2220 ejusque

1996 2234 2279 2289 ditionem
2312 2235 2789 2306 occupavit.Post
2808 2236 2869 2291 in
2900 2236 3205 2291 Thraciam
3232 2236 3410 2303 venit,
3438 2237 3638 2309 ibique

1994 2323 2111 2378 vita
2140 2322 2380 2378 functus
2400 2329 2459 2379 et
2518 2324 2870 2380 tumulatus
2898 2330 3006 2381 est.
3059 2327 3204 2381 Huic
3234 2327 3399 2382 Marti
3459 2327 3638 2398 primo

1997 2417 2250 2468 statuam
2275 2418 2602 2483 posuerunt
2631 2414 2876 2485 Assyrii,
2908 2419 3085 2486 atque
3120 2421 3184 2469 ut
3214 2415 3393 2471 deum
3426 2416 3639 2472 adora-

1993 2507 2223 2566 verunt,
2257 2502 2496 2557 Baalum
2516 2503 2931 2569 nominantes;
2971 2504 3128 2575 quod
3162 2510 3333 2560 sonat
3392 2507 3637 2561 Martem

1991 2585 2283 2647 bellorum
2300 2590 2644 2646 deum.Post
2659 2593 2818 2648 hunc
2832 2593 3024 2648 Lamis
3039 2594 3292 2664 Assyriis
3309 2578 3637 2667 imperavit.

1993 2682 2056 2735 Ei
2107 2681 2540 2753 Sardanapalus
2594 2688 2985 2755 cognomento
3044 2686 3282 2757 Magnus
3330 2686 3640 2752 successit,

1993 2786 2170 2841 quem
2196 2772 2448 2826 Perseus
2477 2772 2634 2826 Jovis
2657 2788 2725 2826 ex
2748 2773 2944 2827 Danae
2974 2773 3133 2827 filius
3164 2773 3464 2829 interfecit
3488 2793 3502 2841 ;
3550 2791 3641 2828 re-

1991 2877 2224 2933 gnoque
2247 2863 2502 2932 Assyriis
2529 2863 2805 2934 adempto
2839 2880 2939 2918 eos
2970 2881 3004 2919 a
3052 2881 3112 2918 se
3142 2865 3347 2920 Persas
3370 2865 3642 2920 denomi-

1991 2950 2173 3015 nuvit,
2206 2950 2396 3021 iisque
2430 2967 2536 3022 per
2565 2954 2631 3004 53
2664 2967 2851 3005 annos
2877 2951 3205 3020 imperavit.

2719 3032 3083 3103 ἐϐασίλευσεν,
3171 3039 3286 3091 εἶτα
3356 3036 3640 3113 Σαρδανά-

242 3126 448 3190 παλεςῦ
483 3125 774 3202 μέγας,ὅν
822 3125 913 3180 καὶ
981 3125 1009 3179 6
1069 3124 1191 3185 Διὸς
1247 3124 1336 3178 καὶ
1386 3123 1590 3195 Δανάης
1649 3123 1765 3185 υἱὸς
1830 3124 2060 3198 Περσεὺς
2128 3123 2470 3191 ἀποκτείνας,
2533 3124 2622 3178 καὶ
2682 3124 2789 3178 ἀπὸ
2839 3124 3139 3200 Ἀσσυρίων
3198 3127 3297 3195 τήν
3355 3124 3637 3201 βασιλείαν

248 3216 586 3292 ἆγελόμενος,
617 3215 695 3280 εἷς
721 3215 784 3270 τὸ
815 3212 955 3270 ἴδιον
989 3212 1164 3287 ὄνομα
1198 3212 1401 3288 Πέρσας
1431 3213 1809 3286 μετωνόμασεν
1838 3211 2055 3282 αὐτοὺς,
2081 3213 2171 3267 καὶ
2202 3207 2546 3268 ἐϐασίλευσεν
2578 3214 2753 3267 αὐτῶν
2787 3207 2879 3283 ἔτη
2911 3214 3004 3289 νγ“,

321 3307 409 3375 Μὴ
433 3306 728 3361 λανθανέτω
761 3301 820 3360 δέ
861 3300 1069 3377 μηδένα
1109 3302 1408 3376 ἀνθρώπων
1457 3306 1566 3356 τῶν
1618 3299 1877 3371 ἀληθείας

2064 3306 2262 3375 Neque
2292 3320 2428 3359 vero
2461 3304 2775 3376 quisquam
2805 3305 3069 3361 veritatis
3091 3305 3391 3363 studiosus
3417 3306 3649 3378 ignoret

266 3395 715 3468 ἀντιποιουμένων.
777 3393 866 3449 ὅτι
943 3398 1112 3456 Πῖκος
1188 3391 1352 3453 οὗτος
1411 3392 1439 3445 6
1495 3391 1624 3451 Ζεὺς
1683 3390 1898 3446 πάντων

268 3483 535 3558 ἀνθρώπων
587 3488 695 3538 τῶν
758 3483 853 3537 ἀπ’
911 3481 1110 3544 αἰῶνος
1167 3483 1248 3557 [Ρ.
1312 3481 1399 3554 17]
1459 3478 1898 3556 ἐξεγηγερμένων

262 3571 477 3646 πλάνων,
509 3575 758 3649 γοήτων,
820 3575 1251 3650 φαντασιαστῶν,
1297 3569 1479 3645 μάγων
1526 3566 1737 3641 δεινῶν,
1796 3590 1900 3643 μυ-

263 3668 447 3737 σαρῶν,
478 3662 752 3720 τελεστῶν
784 3660 1049 3729 ἐκτόπων,
1081 3659 1243 3722 αὐοὸς
1274 3658 1340 3729 ἦν
1401 3659 1780 3735 μυσαρώτερος
1808 3658 1901 3713 καί

262 3749 692 3827 δραστικώτσρος
719 3751 811 3806 καὶ
870 3747 1301 3827 βδελυρώτερος,
1350 3746 1627 3824 μοιχείαις
1674 3747 1765 3802 καὶ
1808 3746 1899 3802 ἀν-

259 3838 571 3915 δρομανίαις
602 3840 691 3895 καὶ
723 3839 1142 3915 ἆρῥητοποιίαις
1169 3857 1226 3892 τε
1266 3838 1462 3900 πάσαις
1518 3836 1607 3891 καὶ
1663 3835 1905 3910 μιαρίαις

255 3930 337 3985 καὶ
364 3928 720 4005 ἁκαθαρσίαις
776 3927 870 3982 καὶ
924 3924 1120 3988 πείσαις
1174 3922 1620 4001 ἀθεμιτουργίαις
1677 3923 1767 3979 καὶ
1816 3925 1903 3979 αἱ-

260 4019 589 4097 σχρουργίας
611 4017 985 4092 έναγεστάταις
1016 4013 1076 4070 ἐκ
1101 4013 1299 4084 νηπίου
1345 4013 1449 4076 ἓως
1493 4014 1682 4069 ἑκατὸν
1730 4013 1923 4073 ε’ἰκοσι.

260 4107 463 4185 χρόνων
496 4115 603 4178 τῆς
636 4113 782 4176 ζωῆς
809 4104 972 4160 αὐτοῦ
1003 4107 1259 4179 (τοσαῦτα
1287 4105 1391 4180 γὰρ
1420 4124 1575 4180 φασιν
1605 4102 1766 4159 αὐτὰν
1799 4110 1901 4174 ζῆ-

264 4201 367 4272 σαι)
397 4197 747 4278 έσχολακὼς.
778 4196 982 4260 πάντας
1009 4195 1135 4257 τοὺς
1166 4194 1273 4270 πρὸ
1298 4193 1462 4249 αὐτοῦ
1483 4194 1572 4249 καὶ
1599 4196 1713 4269 μετ’
1744 4195 1904 4253 αὐτόν

266 4288 552 4364 ἀθεμίτους
622 4281 967 4362 ὑπερϐαλών.
1048 4288 1267 4358 Πνεῦμα
1351 4284 1454 4360 γὰρ
1516 4284 1758 4365 θεμάχον

259 4378 689 4454 ἆκαθαρτότατον
738 4376 953 4431 πάντων
1006 4374 1329 4448 πνευμάτων
1390 4378 1643 4448 πονηρῶν
1702 4374 1767 4444 ἧν
1820 4361 1907 4431 ἐπ’

259 4469 418 4542 αὐτῷ,
461 4468 523 4531 ὃς
556 4465 647 4524 ἰπὶ
677 4465 902 4528 πλείους
929 4463 1164 4541 χρόνους
1216 4466 1316 4531 τῆς
1364 4461 1598 4527 Ἰταλίας
1649 4461 1903 4541 βασιλεύ-

258 4577 347 4620 τας
374 4556 444 4613 δι’
478 4553 793 4634 ὑπερϐολὴν
821 4560 916 4611 τοῦ
968 4546 1205 4629 ὑψίστου
1233 4553 1323 4608 καὶ
1378 4554 1543 4628 μόνου
1600 4552 1734 4610 Θεοῦ
1797 4575 1901 4628 μα-

1999 3394 2204 3450 Picum
2262 3396 2465 3463 istum,
2525 3395 2625 3466 qui
2685 3401 2743 3449 et
2797 3396 3024 3468 Jupiter
3082 3395 3321 3466 dicitur,
3380 3399 3648 3453 omnium

1998 3491 2265 3557 quoquot
2312 3487 2384 3541 ab
2430 3487 2591 3540 omni
2653 3503 2773 3542 aevo
2821 3487 3176 3542 exstiterunt
3235 3490 3648 3561 impostorum,

1998 3576 2518 3648 praestigiatorum,
2552 3576 2717 3631 falsis
2740 3576 3096 3649 imaginibus
3123 3577 3482 3641 ludentium,
3504 3579 3650 3633 diris

1999 3670 2176 3737 atque
2207 3665 2627 3721 abominandis
2652 3666 2743 3721 8|
2785 3666 3009 3721 artibus
3042 3668 3285 3739 magicis
3321 3668 3648 3735 utentium,

2002 3756 2293 3812 sacriﬁcia
2312 3756 2384 3811 ab
2398 3773 2507 3812 usu
2532 3756 2840 3812 hominum
2863 3757 3244 3813 abhorrentia
3273 3758 3645 3825 obeuntium,

2003 3845 2457 3917 turpitudinem,
2490 3846 2863 3903 atrocitatem
2919 3847 3444 3919 impuritatemque
3470 3865 3647 3920 supe-

2004 3938 2168 3991 rasse
2197 3951 2209 3989 :
2245 3935 2463 4006 quippe
2474 3936 2601 4007 jam
2625 3935 2763 3990 inde
2787 3954 2821 3991 a
2843 3938 3097 4007 pueritia
3114 3937 3649 4004 adulteriis,mares

2005 4023 2408 4096 depereundo,
2441 4025 2601 4079 dictu
2658 4024 2828 4080 fmdis
2889 4024 3237 4081 libidinibus
3312 4045 3380 4082 ac
3453 4028 3648 4096 factis,

2005 4117 2200 4170 omnis
2258 4114 2493 4186 generis
2548 4115 2912 4169 obscenitate
2979 4121 3155 4186 atque
3213 4116 3555 4186 impuritate
3584 4134 3652 4172 ac

2007 4204 2311 4276 quibusvis
2343 4203 2582 4276 ﬂagitiis
2613 4203 2932 4275 impiisque
2964 4198 3144 4275 supra
3166 4222 3345 4275 quam
3403 4206 3519 4261 dici
3550 4224 3656 4278 po-

2007 4299 2121 4349 test
2149 4292 2473 4348 sceleribus
2505 4290 2759 4361 deditus,
2787 4309 2971 4364 usque
3001 4293 3075 4347 ad
3110 4310 3334 4348 annum
3398 4295 3496 4348 120
3543 4296 3654 4367 (tot

2007 4382 2164 4438 enim
2189 4381 2404 4436 vixisse
2443 4381 2651 4453 fertur)
2684 4380 3087 4453 turpissimam
3119 4383 3296 4438 vitam
3350 4383 3645 4456 produxit,

2005 4470 2301 4544 prioribus
2334 4471 2704 4542 posterisque
2727 4471 3005 4527 omnibus
3034 4473 3135 4545 qui
3185 4473 3469 4529 scelerate
3503 4475 3653 4530 vixe-

2007 4567 2148 4618 runt
2174 4577 2209 4618 a
2235 4578 2297 4616 se
2329 4576 2400 4616 ea
2428 4577 2490 4615 re
2523 4561 2837 4633 superatis.
2862 4562 3005 4616 Nam
3048 4562 3262 4634 spiritu
3291 4564 3409 4618 Deo
3439 4562 3648 4619 adver-

259 4649 576 4723 κροθυμίας,
620 4648 710 4705 καὶ
767 4648 940 4708 πάσας
994 4643 1159 4721 κόρας
1207 4643 1441 4742 ῶραίας,
1501 4643 1638 4742 ὅσας.
1685 4644 1890 4742 λίχνοιι

2011 4656 2178 4708 sante
2194 4651 2582 4727 omniumque
2605 4650 2921 4721 spirituum
2935 4651 3228 4706 malorum
3248 4652 3651 4724 impurissimo

257 4736 391 4795 εἶδεν
424 4739 755 4817 ὀφθαλμοῖς,
791 4733 1125 4815 διαφθείρας,
1178 4730 1254 4797 εἷς
1305 4734 1347 4788 0‘
1399 4732 1758 4806 ποσουμένας,
1808 4732 1900 4787 καὶ

256 4832 372 4890 ταῖς
416 4825 657 4889 πολλαῖς
713 4824 890 4881 αὐτῶν
948 4825 1084 4899 μετὰ
1139 4826 1442 4900 φαντασιῶν
1501 4820 1753 4897 ἆρῥήτων
1808 4821 1898 4875 καὶ

258 4922 534 4990 μυστικῶν
591 4916 1013 4988 συναπτόμενος,
1062 4912 1124 4968 οὐ
1168 4912 1276 4987 μὴν
1325 4908 1384 4966 δὲ
1434 4908 1583 4965 ἀλλᾶ
1639 4911 1725 4964 καὶ
1782 4913 1898 4972 ταῖς

252 5004 467 5063 πλείοσι
549 5009 656 5061 τῶν
749 5002 914 5059 αὐτοῦ
990 5000 1319 5075 θυγατέρων,
1380 5002 1500 5064 θεὸν
1567 4997 1898 5077 φημίζεσίὶαι

252 5101 439 5151 τοῦτον
499 5093 588 5150 καῖ
638 5090 1096 5167 ἀνακηρύττεσθαι
1153 5094 1269 5152 τοὶς
1345 5086 1582 5150 πολλοῖς
1634 5088 1892 5143 ἀνέπεισε.

262 5186 353 5239 Καὶ
382 5188 446 5240 τὸ
477 5182 542 5255 δὴ
570 5188 763 5263 χεῖρον
791 5175 871 5236 ἔτι
898 5180 1093 5235 τούτου
1125 5179 1215 5234 καὶ
1272 5179 1635 5251 ἀτοπώτερον,
1686 5179 1767 5232 ὅτι
1804 5176 1894 5246 καὶ

263 5275 394 5346 μετᾶ
421 5275 520 5343 τήν
549 5272 713 5328 αὐτοῦ
742 5268 998 5340 τελευτὴν
1026 5269 1116 5324 καὶ
1153 5268 1329 5347 ταφὴν
1380 5269 1479 5336 τὴν
1532 5264 1585 5322 έν
1626 5270 1695 5341 τῇ
1746 5268 1892 5342 Κρής

257 5386 347 5440 τῃ,
404 5366 540 5421 κατᾶ
593 5363 881 5439 πρόσταξιν
935 5359 1119 5428 αὐτοῦ,
1179 5360 1232 5415 οἱ
1289 5359 1489 5435 οἰκεῖον
1547 5357 1710 5414 αὐτοῦ
1765 5359 1890 5414 ναὸν

257 5457 344 5510 καὶ
406 5459 673 5529 μνημεῖον
762 5448 1224 5525 οἰκοδομήσαντες
1304 5449 1629 5523 κατέθαψαν,
1700 5448 1746 5521 ᾧ
1801 5448 1890 5503 καὶ

258 5545 426 5608 οὔτως
482 5544 808 5621 ἐπέγραψαν·
864 5566 891 5594 ι(
935 5536 1170 5605 ΔἘινθιὶδε
1219 5543 1394 5595 κεῖται
1448 5540 1621 5594 θανὼν
1668 5543 1832 5601 Πῖκος
1862 5539 1891 5593 6

255 5635 340 5690 καὶ
370 5634 515 5696 Ζεύς.
550 5659 576 5685 ››
609 5632 708 5689 Καὶ
770 5631 904 5705 μετᾶ
957 5633 1124 5685 ταῦτα
1153 5631 1188 5699 ἡ
1222 5633 1320 5684 τοῦ
1378 5633 1669 5702 θεομισοῦς
1725 5626 1888 5684 αὐτοῦ

258 5724 341 5779 ui
398 5721 739 5803 ὑπερηφένηνη
794 5717 1097 5792 πνεύματος
1186 5717 1331 5791 ὀσμὴ
1391 5720 1487 5788 τήν
1554 5717 1884 5796 οἰκουμένην

2008 4741 2308 4814 agebatur.
2346 4742 2396 4796 [ε
2418 4739 2592 4796 Picus
2613 4756 2751 4794 eum
2772 4757 2880 4810 per
2902 4745 3021 4795 tam
3046 4740 3263 4796 multos
3294 4758 3501 4808 annos,
3535 4744 3651 4800 Deo

2007 4831 2457 4904 longanimitate
2508 4845 2741 4884 summa
2770 4830 2881 4884 hoc
2913 4832 3267 4900 sustinente,
3300 4832 3531 4889 Italiam
3562 4851 3656 4889 re-

2009 4921 2213 4988 xisset,
2266 4935 2593 4990 omnesque
2638 4917 2930 4973 formosas
2984 4919 3228 4989 puellas,
3265 4938 3650 4994 quascunque

2006 5009 2287 5065 mollibus
2311 5007 2432 5064 suis
2462 5008 2654 5064 oculis
2702 5007 2948 5076 viderat,
2981 5011 3362 5081 corrupisset,
3396 5028 3649 5081 quarum

2007 5114 2291 5152 numerus
2320 5096 2396 5153 ad
2425 5099 2492 5150 7O
2523 5096 2836 5168 colligitur,
2868 5096 3154 5165 quasdam
3177 5098 3353 5152 etiam
3388 5099 3649 5156 infandis

2006 5201 2074 5240 ac
2104 5184 2369 5256 mysticis
2399 5182 2869 5254 apparitionibus
2901 5182 3161 5249 delusas,
3194 5201 3440 5255 cumqus
3497 5188 3645 5245 adeo

2002 5274 2314 5346 plerasque
2347 5289 2483 5328 suas
2528 5271 2680 5327 ﬁlias
2719 5272 3003 5340 vitiasset,
3036 5273 3228 5329 malus
3276 5274 3376 5329 ille
3408 5278 3650 5348 spiritus

2004 5363 2373 5420 multitudini
2405 5367 2600 5418 tamen
2624 5363 2918 5434 persuasit
2948 5370 3012 5417 ut
3034 5380 3169 5419 eum
3193 5363 3369 5421 deum
3394 5385 3649 5438 pronun-

2000 5454 2236 5509 tiarent.
2270 5453 2335 5508 Id
2364 5468 2499 5507 vero
2521 5452 2783 5507 deterius
2807 5452 3000 5507 adhuc
3060 5460 3148 5509 est
3194 5459 3252 5509 et
3308 5455 3641 5516 absurdius.

2001 5542 2159 5615 quod
2190 5559 2325 5598 cum
2357 5547 2625 5599 mortuus
2656 5549 2715 5597 et
2746 5542 2922 5613 (quod
2956 5543 3358 5618 mandaverat)
3387 5547 3451 5603 in
3474 5550 3643 5604 Creta

2000 5632 2268 5706 sepultus
2300 5637 2474 5703 esset,
2499 5631 2597 5688 ubi
2631 5633 2954 5687 necessarii
2988 5633 3040 5688 ei
3065 5634 3304 5692 humato
3338 5636 3540 5692 fanum
3572 5654 3641 5691 ac

1998 5729 2452 5783 monumentum
2484 5722 2899 5779 exstruxerunt
2925 5740 3053 5779 cum
3091 5723 3199 5780 hac
3222 5726 3637 5799 inscriptione:
