4094 6292
415 381 495 438 59
1775 378 2091 441 GEORGII
2134 377 2470 439 GIDRENI
3778 390 3858 448 60

419 536 447 564 «
479 514 621 571 Huic
645 514 792 569 situs
817 519 906 569 est
954 516 1148 584 Picus,
1182 518 1283 587 qui
1307 521 1365 572 et
1411 517 1658 587 Jupiter,
1692 519 1985 582 mortuus,
2037 534 2064 561 ››

2186 507 2567 586 διατρέχουσα,
2612 511 2883 586 βασιλέων
2943 534 2999 569 τε
3055 515 3144 570 καὶ
3198 517 3488 592 ἀρχόντων
3545 517 3642 573 καὶ
3707 517 3855 575 λαῶν

421 604 738 658 Postmodo
757 605 903 658 odor
914 605 1022 659 deo
1045 606 1269 660 inimici
1295 605 1457 660 illius
1473 622 1541 660 ac
1563 604 1799 677 superbi
1821 603 2075 674 quicum

415 699 652 747 rexerat
673 693 936 763 spiritus,
956 694 1159 750 orbem
1189 701 1478 750 terrarum
1503 711 1680 750 cursu
1703 697 2072 765 pervagatus,

417 799 618 853 regum
652 783 1014 854 principum,
1041 784 1395 855 populorum
1426 784 1811 857 gentiumque
1862 781 2078 837 stolida

416 871 595 926 corda
611 871 967 943 implevit,ut
983 873 1200 926 animis
1218 873 1454 928 inscitia
1470 878 1646 944 atque
1662 871 1967 943 impietate
1983 888 2077 926 oc-

417 962 643 1033 cupatis
657 962 816 1016 hunc
837 962 986 1017 falso
1003 963 1378 1018 nominatum
1393 963 1570 1018 deum
1583 962 2074 1032 Jovem,aliosque

419 1052 597 1123 hujus
619 1051 847 1106 similes
897 1057 955 1105 et
1011 1058 1291 1124 cognatos
1352 1052 1678 1119 daemones,
1729 1051 1829 1106 82
1878 1050 2077 1106 divino

417 1141 580 1196 cultu
613 1146 790 1211 atque
817 1141 1169 1196 adoratione
1204 1158 1272 1196 eo
1304 1158 1493 1213 usque
1525 1142 1909 1206 honorarent,
1935 1139 2076 1194 dum

419 1229 674 1284 Verbum
694 1231 797 1286 Dei
820 1246 1063 1286 carnem
1096 1230 1311 1296 induit,
1348 1231 1528 1302 idque
1555 1229 1832 1303 gentibus
1871 1228 2076 1284 beato-

416 1334 549 1382 rum
570 1317 974 1388 apostolorum
996 1334 1062 1372 ac
1089 1324 1413 1388 martyrum
1435 1318 1772 1373 ministerio
1797 1317 2075 1372 innotuit.

419 1409 672 1461 Narrant
692 1407 850 1460 hunc
865 1408 1065 1462 Jovem
1089 1424 1155 1462 ac
1176 1413 1430 1462 matrem
1453 1408 1584 1479 ejus
1626 1406 2078 1462 Semiramidem

416 1495 834 1568 reliquumque
859 1497 989 1568 ejus
1009 1513 1194 1567 genus
1221 1496 1538 1551 Abrahami
1557 1501 1730 1551 aetate
1755 1495 2079 1550 exstitisse.

417 1585 817 1643 Conveniebat
868 1586 1028 1640 enim
1081 1592 1146 1641 ut
1201 1603 1380 1656 quam
1413 1591 1647 1641 aatatem
1701 1585 1974 1640 diabolus
2004 1585 2080 1640 ad

421 1675 746 1746 perniciem
808 1674 1012 1729 multis
1070 1692 1252 1746 opera
1306 1674 1648 1729 invisissimi
1698 1674 1870 1728 istius
1925 1673 2080 1728 Jovis

424 1762 766 1817 struendam
799 1763 1120 1834 delegerat,
1147 1763 1351 1818 eadem
1385 1763 1565 1818 etiam
1599 1780 1768 1817 verus
1799 1764 1952 1819 Deus
1985 1779 2080 1817 sa-

2185 600 2451 654 ἀσυνὲτων
2504 600 2590 654 καὶ
2647 599 2812 665 ἐθνῶν
2869 600 3092 676 καρδίας
3149 603 3521 679 πληρώσασα,
3583 605 3695 669 ἕως
3755 616 3854 678 τῆς

2181 689 2276 744 τοῦ
2339 691 2517 763 Λόγου
2577 695 2710 745 Θεοῦ
2797 694 3118 760 σαρκώσεως
3177 695 3264 748 καὶ
3315 693 3401 750 ἐπὶ
3471 696 3545 750 τά
3595 691 3725 767 ἔθνη
3787 696 3858 753 δι’

2185 777 2509 834 ἀποστόλων
2561 779 2724 854 ἁγίων
2785 781 2872 835 καὶ
2935 783 3219 858 μαρτύρων
3280 783 3614 854 ἀναδείξεως
3677 791 3852 842 πᾶσαν

2183 869 2368 942 ψυχὴν
2403 868 2592 943 ἀγνοίᾳ
2631 870 2720 923 καὶ
2777 866 2990 942 ἀσεϐείᾳ
3047 873 3380 946 κρατουμένη
3443 875 3526 935 εἰς
3593 874 3852 950 λατρείαν

2182 956 2271 1010 καὶ
2304 957 2670 1031 προσκύνησιν
2726 964 2822 1014 τοῦ
2876 957 3234 1034 ψευδωνύμου
3292 968 3427 1018 Θεοῦ
3492 966 3702 1019 οούτου
3759 970 3855 1020 τοῦ

2185 1045 2306 1099 Διὸς
2339 1047 2702 1120 προετρέπετο
2757 1049 2845 1102 καὶ
2901 1053 3007 1104 τῶν
3065 1051 3272 1123 ὁμοίων
3329 1051 3507 1106 αὐτοῦ
3575 1050 3856 1126 δαιμόνων

2182 1135 2271 1189 καὶ
2305 1140 2596 1210 συγγενῶν.
2633 1138 2790 1192 Εἶναι
2823 1138 2878 1192 δὲ
2923 1140 3020 1208 τὴν
3079 1139 3274 1195 τούτου
3334 1143 3559 1216 μητέρα
3613 1145 3855 1219 Σεμίρα-

2188 1246 2277 1297 μιν
2310 1223 2397 1278 καὶ
2430 1225 2589 1279 αὐτὸν
2633 1227 2722 1282 τὸν
2783 1229 2878 1282 Δία
2935 1230 3023 1284 καὶ
3081 1231 3180 1299 τήν
3237 1233 3418 1304 γενεὰν
3481 1233 3664 1287 αὐτοῦ
3723 1235 3856 1288 κατά

2181 1313 2308 1376 τοὺς
2365 1315 2603 1388 χρόνους
2660 1316 2935 1392 ἱστοροῦσι
3000 1318 3097 1372 τοῦ
3142 1314 3410 1394 Ἀϐραὰμ·
3481 1317 3696 1396 ἔπρεπε
3754 1323 3856 1396 γάρ

2181 1404 2278 1455 τοῦ
2311 1397 2573 1457 διαϐόλου
2602 1404 2675 1465 εἰς
2709 1403 2891 1478 λύμην
2920 1404 3148 1461 πολλῶν
3197 1408 3295 1476 τὴν
3350 1409 3493 1462 κατά
3555 1410 3651 1463 τὸν
3710 1403 3861 1484 ἔχθι-

2183 1511 2308 1544 στον
2347 1495 2538 1546 τοῦτον
2596 1493 2691 1548 Δία
2747 1494 2931 1569 γενεάν
2979 1494 3356 1569 ἐκλεξαμένου,
3415 1498 3551 1553 τότε
3611 1498 3706 1553 καὶ
3763 1500 3853 1552 τὸν

2185 1580 2312 1634 Θεὸν
2359 1580 2450 1634 τὸν
2505 1579 2686 1651 ἀληθῆ
2759 1583 2834 1646 εἰς
2891 1581 3092 1638 πολλῶ
3148 1585 3421 1660 σωτηρίαν
3487 1588 3585 1640 τὸν
3650 1585 3857 1642 δίκαιον

2183 1664 2713 1744 καλέσαιἈϐραὰμ.
2765 1671 2937 1734 Οὗτος
2997 1674 3024 1727 ὁ
3084 1675 3209 1736 Ζεὺς
3268 1675 3404 1750 πρὸς
3467 1682 3593 1738 τοῖς
3658 1674 3853 1736 ἄλλοις

2183 1761 2322 1817 υἱοῖς
2356 1754 2484 1831 ἔσχε
2515 1759 2600 1812 καὶ
2655 1764 2864 1814 Φαῦνον
2922 1763 3008 1815 καὶ
3064 1764 3272 1836 Περσὲα
3329 1763 3419 1818 καὶ
3485 1761 3852 1820 Ἀπόλλωναο

417 1849 558 1906 lutis
594 1851 916 1908 multorum
941 1867 1118 1906 causa
1141 1851 1370 1922 justum
1396 1851 1797 1906 Abrahamum
1821 1855 2069 1908 vocaret.

2186 1843 2330 1900 ἀλλά
2386 1847 2478 1900 τὸν
2531 1849 2625 1919 μὲν
2687 1855 2901 1905 Φαῦνον
2962 1851 3043 1906 ἐπ’
3103 1852 3326 1924 ὀνόματι
3385 1859 3490 1908 τοῦ
3563 1853 3851 1923 πλάνητος

417 1941 646 2010 Jupiter
670 1957 805 1995 cum
838 1940 986 1995 alios
1020 1940 1195 2009 ﬁlios,
1232 1946 1352 1995 tum
1387 1942 1674 2011 Faunum,
1706 1943 1984 1996 Perseum
2019 1945 2078 1996 et

413 2029 750 2101 Apollinem
783 2029 1008 2084 habuit.
1045 2033 1124 2084 Ac
1158 2031 1422 2085 Faunum
1473 2031 1716 2102 quidem
1762 2030 2074 2102 desumpto

417 2123 489 2178 ab
523 2128 756 2178 errante
790 2123 962 2177 stella
1016 2123 1257 2178 nomine
1293 2126 1644 2180 Mercurium
1697 2123 2018 2195 appellavit
2057 2141 2072 2190 ;

416 2213 586 2282 isque
619 2228 652 2266 ει
684 2218 872 2266 morte
887 2212 1045 2266 Jovis
1067 2228 1317 2286 regnum
1339 2212 1523 2268 Italiae
1556 2229 1745 2267 annos
1769 2215 1834 2265 35
1860 2213 2072 2279 tenuit;

420 2301 598 2356 homo
629 2301 741 2354 fuit
783 2306 1073 2368 versutus,
1107 2301 1586 2370 mathematicus,
1620 2301 2071 2356 disertissimus.

419 2391 562 2444 Cum
596 2406 730 2444 vero
763 2388 999 2443 insidiis
1038 2389 1407 2459 reliquorum
1463 2390 1713 2445 fratrum
1773 2395 2079 2460 peteretur

417 2478 601 2552 (filius
631 2479 793 2533 enim
845 2478 1088 2533 Maiadis
1120 2478 1390 2534 mulieris
1424 2485 1572 2544 erat,
1609 2495 1787 2549 quam
1815 2479 1875 2532 in
1908 2477 2076 2534 Italia

415 2571 668 2642 primam
693 2570 900 2625 habuit
923 2587 1167 2625 uxorem
1188 2571 1458 2642 Jupiter;
1487 2587 1555 2626 ac
1587 2575 1721 2642 post
1761 2587 1892 2626 eam
1944 2569 2076 2626 Ale-

416 2676 652 2714 menem
685 2658 1049 2724 Thebanam.
1083 2677 1214 2730 qua
1246 2661 1298 2715 ei
1337 2661 1726 2732 trivesperum
1760 2659 2074 2717 Herculem

418 2749 690 2820 peperit,)
724 2765 937 2821 magna
969 2749 1019 2802 vi
1052 2750 1179 2804 auri
1209 2750 1626 2804 suffarcinatus
1657 2749 1716 2804 in
1764 2752 2073 2823 Aigyptum

417 2838 772 2893 venit.Ibiob
787 2839 916 2894 auri
931 2839 1058 2910 ejus
1083 2838 2074 2911 larginationem,facundiam,divi-

417 2929 594 2982 nandi
623 2927 933 2984 scientiam
954 2935 1011 2983 et
1048 2928 1290 2984 oracula
1329 2929 1622 3000 gratiosus
1657 2929 1846 2984 factus
1868 2947 1934 2985 ac
1966 2949 2072 3002 pro

418 3017 526 3072 deo
550 3017 1096 3082 habitus,Mezromo
1119 3018 1320 3074 Chami
1356 3017 1607 3090 ﬁlio,qui
1640 3035 1890 3092 regnum
1904 3022 2068 3093 ZEgy-

415 3109 499 3181 pti
519 3113 660 3163 tunc
690 3108 1192 3173 tenebat,m0rtuo
1220 3107 1592 3181 subrogatur.
1619 3107 1723 3164 Ubi
1749 3126 1884 3166 cum
1916 3110 2069 3165 fastu

419 3204 476 3252 et
507 3197 890 3268 praedictione
950 3196 1308 3263 futurorum,
1363 3197 1508 3252 deus
1555 3197 1910 3268 appellatus,
1960 3215 2068 3270 per

421 3302 608 3341 annos
658 3285 1210 3355 undequadraginta
1242 3285 1300 3338 id
1359 3302 1603 3358 regnum
1635 3288 1836 3356 gessit.
1871 3288 2062 3343 Caete-

420 3391 552 3428 rum
584 3373 817 3445 Apollo,
851 3389 986 3427 cum
1014 3372 1086 3426 ab
1121 3374 1360 3428 ineunte
1393 3379 1563 3428 aetate
1593 3375 1806 3446 spiritu
1857 3376 2069 3445 Pytho-

421 3463 513 3517 nis
570 3463 782 3517 fuisset
845 3461 1102 3526 afllatus,
1150 3462 1316 3534 isque
1359 3463 1604 3533 spiritus
1663 3463 1715 3518 ei
1755 3479 1875 3534 ‘per
1931 3481 2068 3518 om-

419 3569 558 3610 nem
589 3551 766 3607 vitam
811 3550 1115 3613 adfuisset,
1148 3568 1221 3606 ne
1257 3556 1488 3606 mortuo
1535 3551 1776 3622 quidem
1829 3567 1895 3606 eo
1927 3553 2068 3608 ista-

421 3657 552 3694 rum
586 3656 876 3711 nugarum
910 3639 1088 3694 finem
1121 3639 1261 3694 fecit
1283 3639 1573 3694 diabolus.
1626 3640 1876 3695 Maxima
1920 3640 2065 3694 divi-

420 3729 600 3784 nandi
633 3730 910 3785 facultate
944 3729 1003 3782 id
1031 3745 1218 3801 genus
1240 3729 1482 3800 spiritus
1517 3729 1717 3798 pollet,
1765 3729 1951 3784 multa
1972 3748 2067 3785 ve-

416 3819 792 3890 ra,pleraque
816 3824 1014 3873 autem
1029 3818 1306 3890 ambigua
1325 3823 1382 3871 et
1421 3818 1704 3888 ancipitia
1739 3817 1812 3872 ob
1831 3819 2068 3890 ignora—

412 3891 635 3962 tionem
661 3908 1073 3962 dicens.88At
1096 3907 1378 3961 Hercules
1393 3907 1453 3962 in
1468 3907 1740 3962 Occiduis
1756 3912 1924 3962 terra)
1939 3925 2067 3980 par-

417 3996 572 4050 tibus
587 3995 814 4065 primus
834 3995 1271 4065 philosophiam
1287 3995 1748 4068 instituit,quem
1766 4000 2065 4052 mortuum

414 4086 486 4140 ab
517 4086 644 4156 ipso
678 4084 948 4156 prognati
981 4084 1041 4138 in
1073 4083 1322 4138 deorum
1356 4101 1674 4140 numerum
1708 4085 2062 4153 retulerunt,

414 4175 698 4246 sidusque
725 4175 785 4229 in
816 4173 962 4228 caelo
991 4173 1230 4229 nomine
1265 4174 1394 4245 ejus
1443 4175 1787 4231 affecerunt.
1849 4176 2063 4232 Hercu-

416 4265 534 4320 lem
585 4265 763 4320 istum
796 4265 1046 4334 pingunt
1102 4263 1379 4318 indutum
1431 4264 1562 4319 loco
1619 4265 1798 4320 vestis
1856 4265 2063 4322 exuvio

416 4354 629 4421 leonis,
664 4353 888 4408 clavam
919 4352 1210 4409 ferentem
1267 4370 1334 4408 ac
1387 4354 1498 4408 tria
1551 4359 1853 4409 tenentem
1885 4355 2062 4423 mala,

417 4460 546 4515 qua:
579 4442 920 4498 fabulantur
950 4459 1083 4497 cum
1115 4443 1373 4497 dracone
1431 4442 1594 4498 clava
1638 4444 1831 4499 occiso
1862 4444 2062 4501 abstu-

414 4535 578 4601 lisse,
611 4535 722 4588 hoc
744 4539 1041 4602 notantes,
1068 4550 1203 4589 eum
1237 4533 1390 4590 mala
1443 4551 1511 4589 ac
1571 4536 1728 4590 varia
1771 4535 2064 4606 cupidita-

419 4626 492 4679 tis
523 4623 772 4679 consilia
820 4623 1019 4692 clavae,
1053 4623 1164 4678 boc
1194 4628 1284 4678 est
1312 4624 1725 4695 philOSOphiae,
1757 4641 1868 4696 ope
1900 4625 2064 4679 vicis-

2178 4616 2371 4692 ἔχοντα
2439 4613 2793 4690 περιϐόλαιον
2874 4623 3117 4690 γενναῖον

421 4732 505 4781 se,
534 4714 815 4769 amictum
848 4713 1022 4768 veluti
1056 4713 1209 4786 pelle
1245 4713 1435 4768 leonis
1485 4713 1687 4768 animo
1728 4730 2013 4786 generoso
2047 4731 2060 4781 ;

416 4809 593 4874 atque
615 4805 696 4858 ita
712 4803 822 4859 tria
868 4802 1026 4858 mala
1047 4801 1384 4871 abstulisse,
1418 4807 1535 4857 tres
1551 4803 1775 4858 scilicet
1796 4803 2062 4872 virtutes,

418 4911 548 4965 quae
571 4899 708 4947 sunt
738 4909 854 4948 non
871 4893 1192 4959 irasci,non
1217 4909 1343 4947 esse
1367 4891 1760 4962 voluptatibus
1774 4892 2062 4963 deditum,

417 5001 534 5038 non
596 4999 725 5038 esse
785 4982 1067 5052 cupidum
1118 4982 1384 5052 pecunias
1441 4981 1603 5036 clava
1660 4982 1820 5036 enim
1879 4983 2062 5039 animi

416 5071 745 5141 tolerantis,
780 5088 846 5125 ac
884 5069 1062 5141 pelle,
1092 5069 1146 5123 id
1185 5076 1274 5123 est
1303 5072 1717 5140 temperantia,
1761 5076 2062 5128 terrenum

416 5177 608 5232 pravw
631 5159 1132 5230 concupiscentiae
1146 5163 1446 5214 certamen
1458 5159 2061 5232 vicit,philosopliiam

417 5271 604 5324 usque
638 5254 709 5308 ad
742 5258 993 5307 mortem
1024 5250 1274 5306 colendo
1295 5269 1308 5317 ;
1328 5251 1486 5322 quod
1506 5251 1579 5306 de
1610 5270 1678 5306 eo
1711 5252 2058 5324 Herodotus,

414 5342 794 5398 doctissimus
855 5341 1129 5411 scriptor,
1189 5341 1489 5394 memoriaa
1549 5341 1827 5411 prodidit,
1915 5341 2060 5397 alios

415 5450 650 5503 quoque
685 5438 912 5504 septem
946 5430 1225 5486 Hercules
1244 5431 1426 5486 fuisse
1458 5448 1729 5488 narrans.

416 5524 725 5578 Enimvero
784 5523 1124 5588 Mercurius,
1176 5521 1447 5592 cognitis,
1481 5529 1546 5576 ut
1599 5522 1880 5590 diximus,
1929 5540 2058 5594 quaa

411 5613 526 5667 sibi
563 5611 894 5666 afratribus
928 5613 1118 5681 (erant
1148 5616 1345 5664 autem
1372 5611 1493 5664 ,Ιονὶ
1536 5627 1603 5665 ex
1647 5611 1895 5666 diversis
1936 5613 2058 5666 nati

411 5701 763 5762 mulieribus
796 5697 904 5756 {llii
937 5700 1174 5756 circiter
1199 5701 1285 5768 70)
1320 5697 1714 5755 tendebantur
1736 5700 2057 5770 insidiis,in

2187 1934 2407 2010 ἀστέρος
2465 1937 2712 1993 ἐκάλεσεν
2774 1941 2999 2014 Ἐρμῆν,
3059 1940 3117 2005 ὅς
3172 1942 3262 1996 καὶ

2181 2024 2441 2093 τελευτὴν
2498 2022 2812 2082 ἐϐασίλευσε
2893 2035 2991 2098 τῆς

3352 1944 3495 2016 μετά
3552 1946 3656 2012 τήν
3731 1946 3851 2006 Διὸς

3075 2031 3308 2095 Ἰταλίας
3379 2027 3478 2102 ἔτη
3553 2035 3852 2107 τριάκοντα

2183 2115 2358 2184 πέντε,
2390 2115 2456 2183 ἦν
2491 2113 2546 2170 δί
2603 2121 2906 2192 πανοῦργος
2965 2119 3098 2192 ἀνήρ
3157 2120 3245 2174 καὶ
3306 2123 3707 2194 μαθηματικὸς
3763 2122 3849 2176 καὶ

2185 2201 2549 2280 λογιώτατος.
2582 2207 2733 2263 Ἐπεὶ
2767 2205 2822 2262 δὲ
2859 2209 2961 2264 ὑπὸ
3015 2215 3120 2264 τῶν
3176 2209 3364 2266 ἄλλων
3417 2210 3686 2289 ἀδελφῶν
3733 2213 3850 2268 ἐπε·

2186 2287 2456 2364 Ευυλεύθη
2489 2294 2672 2367 (αὐτὸς
2701 2297 2804 2372 γὰρ
2847 2295 3088 2360 Μαιάδος
3146 2301 3403 2373 γυναικὸς
3465 2303 3537 2370 ἦν
3579 2287 3734 2370 υἱὸς,
3788 2302 3850 2370 ἢν

2183 2383 2406 2455 “trp-5r:in
2437 2378 2591 2458 ἔσχεν
2618 2386 2646 2440 ὁ
2694 2387 2820 2448 Ζεὺς
2855 2385 2905 2441 ἐν
2962 2388 3192 2459 Ἰταλίᾳ,
3244 2386 3587 2464 Ἀλκμήνην
3640 2394 3729 2467 [Ρ.
3766 2394 3847 2465 18]

2184 2467 2368 2541 δὲτῇν
2409 2467 2646 2542 Θηϐαίαν
2709 2477 2822 2547 μετ’
2879 2476 3069 2545 αὐτὴν,
3132 2478 3180 2548 ἐξ
3237 2480 3304 2547 ἧς
3370 2479 3466 2534 τὸν
3525 2480 3845 2554 τριέσπερον

2183 2554 2336 2635 ἔσχεν
2379 2561 2686 2637 Ἡρακλέα),
2739 2563 2909 2620 πολὺν
2966 2568 3167 2640 χρυσὸν
3227 2567 3732 2642 ἐγκοκπωσάμενος
3777 2570 3847 2631 εἰς

2181 2649 2466 2726 Αἴγυπτον
2495 2651 2655 2722 ἦλθε,
2687 2655 2779 2710 καὶ
2809 2659 2876 2729 τῇ
2904 2655 3098 2710 τούτου
3131 2655 3370 2712 ἐπιδόσει
3405 2660 3502 2713 καὶ
3563 2664 3646 2731 τῷ
3698 2659 3842 2735 λόγῳ

2181 2742 2271 2798 καὶ
2302 2747 2370 2816 τῇ
2404 2744 2623 2816 μαντείᾳ
2675 2744 2763 2799 καὶ
2823 2751 2939 2806 τοῖς
2997 2743 3486 2821 χρησμῳδῆμασιν
3540 2749 3842 2825 ἀγαπηθεὶς

2180 2834 2265 2887 καὶ
2303 2832 2390 2886 ὑπ’
2421 2831 2593 2886 αὐτῶν
2641 2833 2997 2901 ἀποθεωθεὶς,
3061 2833 3315 2909 Μέστρεμ
3374 2841 3474 2891 τοῦ
3531 2839 3657 2892 υἱοῦ
3715 2837 3842 2910 Χάμ

2179 2927 2276 2977 τοῦ
2325 2920 2436 2977 ἐκεῖ
2516 2921 2900 2996 βασιλεύοντος
2983 2923 3343 2986 ἀποθανόντος
3401 2927 3566 2988 εὺθῦς
3644 2929 3839 3000 ἀναγο-

2183 3014 2412 3088 ρεύεται,
2471 3012 2560 3066 καὶ
2636 3011 2687 3067 ἐν
2750 3012 3084 3088 ὑπερηφανίᾳ
3162 3015 3250 3068 καὶ
3324 3020 3433 3070 τῶν
3522 3012 3833 3089 μελλόντων

2180 3104 2476 3180 προρῥησει
2511 3104 2584 3163 ὡς
2637 3104 2753 3166 θεὸς
2812 3103 3164 3176 κλεῖζόμενος
3224 3105 3310 3158 ἐπὶ
3370 3104 3454 3160 λθ⁹
3515 3103 3612 3176 ἔτη
3675 3106 3838 3180 Aw-

2179 3215 2315 3249 πτου
2351 3192 2735 3268 βασιλεύει.’0
2793 3190 2849 3248 δὶ
2903 3191 3195 3248 Ἀπόλλων
3251 3195 3528 3269 πνεύματι
3587 3197 3831 3257 Πύθωνος

2179 3283 2238 3340 ἐκ
2264 3285 2518 3354 νεότητος
2549 3285 2788 3362 κάτοχος
2839 3281 2914 3336 ὥν
2971 3279 3074 3344 ἕως
3139 3283 3397 3353 τελευτῆς
3464 3286 3659 3357 αὐτοῦ,
3715 3282 3834 3340 οὑδὲ

2175 3377 2312 3448 μετά
2369 3374 2627 3444 τελευτὴν
2688 3375 2855 3430 αὐτοῦ
2915 3379 3010 3440 τῆς
3071 3373 3408 3454 φληναφείας
3470 3377 3747 3435 ἐπαύσατο
3803 3377 3828 3430 ὁ

2175 3465 2437 3539 πονηρός·
2472 3461 2710 3540 ἔστιγὰρ
2757 3470 2920 3519 τοῦτο
2979 3462 3128 3526 εἶδος
3181 3465 3492 3538 πνεύματος
3558 3468 3830 3540 μαντικώ-

2171 3568 2353 3618 τατον,
2387 3545 2572 3602 πολλά
2612 3548 2705 3620 μὲν
2739 3545 2944 3616 ἀληθῆ,
2976 3549 3043 3602 τά
3102 3545 3159 3602 δὲ
3217 3547 3449 3604 πλεῖστα
3510 3551 3669 3624 λέγον
3726 3551 3827 3621 ἀμ-

2174 3631 2378 3715 φίϐολα
2407 3637 2498 3690 καὶ
2529 3636 2849 3713 ἀμφιρῥεπῆ
2881 3633 2968 3690 διὰ
2999 3638 3096 3704 τὴν
3155 3636 3394 3714 ἄγνοιαν.
3451 3645 3512 3697 Ὁ
3564 3639 3622 3695 δὲ
3668 3641 3825 3714 ’Πρα-

2171 3723 2311 3794 κλῆς
2368 3729 2583 3799 πρῶτος
2635 3723 2904 3798 κατέδειξε
2989 3724 3312 3804 φιλοσοφεῖν
3363 3725 3417 3782 ἐν
3471 3734 3591 3792 τοῖς
3652 3731 3827 3785 Ἑσπε-

2175 3814 2314 3890 ρίοις
2371 3814 2576 3890 μέρεσι.
2635 3817 2842 3870 Τοῦτον
2900 3815 3205 3870 ἀπεθέωσαν
3267 3817 3318 3870 οἱ
3375 3815 3434 3871 ἐκ
3493 3823 3592 3873 τοῦ
3648 3816 3822 3893 γένους

2173 3901 2340 3956 αὐτοῦ
2402 3901 2534 3973 μετὰ
2588 3903 2687 3969 τήν
2745 3902 2912 3956 αὐτοῦ
2969 3899 3253 3969 τελευτήν,
3313 3903 3398 3956 καὶ
3463 3903 3722 3960 ἐκάλεσαν
3776 3901 3822 3955 ἐν

2171 3995 2251 4062 τῷ
2309 3989 2524 4062 οὖρανῷ
2589 3991 2784 4064 ἀστέρα
2853 3989 2934 4046 ἐπ’
3018 3991 3246 4063 ὀνόματι
3330 3993 3516 4051 αὐτοῦ.
3607 3996 3819 4050 ’Όντινα

2164 4069 2447 4154 Ἠρακλέα
2508 4078 2862 4156 ἐγγράφουσιν
2912 4080 3026 4134 ἀντὶ
3084 4085 3321 4158 χιτῶνος
3380 4079 3544 4158 δοράν
3605 4081 3817 4138 λέοντος

2171 4168 2543 4245 ἠμφιεσμένον
2601 4169 2690 4222 καὶ
2750 4167 2993 4242 ῥόπαλον
3048 4169 3278 4246 φέροντα
3341 4171 3431 4224 καὶ
3489 4170 3615 4244 τρία
3673 4167 3814 4241 μῆλα

2170 4262 2485 4333 κρατνῦντα,
2562 4256 2696 4332 ἅπερ
2782 4256 3075 4335 ἀφελέσθαι
3160 4258 3321 4313 αὐτὸν
3405 4258 3811 4334 ἐμυθολόγησαν

2169 4353 2246 4419 τῷ
2278 4346 2508 4422 ῥοπάλῷ
2561 4346 2892 4424 φονεύσαντα
2945 4347 3036 4401 τὸν
3097 4345 3384 4421 δράκοντα,
3444 4351 3687 4405 τουτέστι
3737 4366 3814 4399 νι-

2170 4440 2414 4508 κήσαντα
2465 4438 2554 4492 τὸν
2607 4438 2849 4512 πονηρὸν
2903 4435 2993 4491 καὶ
3049 4436 3301 4493 ποικίλον
3361 4447 3462 4509 τῆς
3531 4434 3812 4510 ἐπιθυμίας

2169 4526 2445 4602 λογισμὸά
2500 4524 2588 4581 διὰ
2641 4527 2737 4582 τοῦ
2798 4525 3041 4601 ῥοπάλου
3100 4525 3224 4596 ἢτοι
3310 4532 3409 4593 τῆς
3472 4525 3808 4607 φιλοσοφίας,

3207 4619 3468 4693 φρόνημα
3525 4621 3597 4680 ὡς
3655 4615 3804 4690 δόράν

2175 4706 2418 4772 λέοντὸς,
2451 4705 2538 4760 καῖ
2569 4707 2742 4768 οὕτως
2791 4706 3125 4787 ἀφελόμενον
3182 4707 3248 4762 τά
3293 4709 3417 4781 τρία
3463 4706 3634 4783 μῆλα,
3683 4706 3803 4774 ὅπερ

2174 4797 2284 4854 ἐστὶ
2314 4798 2409 4860 τὰς
2439 4803 2584 4873 τρεῖς
2613 4797 2828 4872 ἀρετὰς,
2857 4798 2921 4853 τὸ
2955 4797 3031 4869 μὴ
3101 4797 3429 4872 ὀργίζεσθαι,
3489 4799 3550 4855 τὸ
3598 4798 3671 4870 μὴ
3723 4814 3806 4872 φι-

2177 4885 2449 4956 ληδονεῖν,
2479 4887 2540 4942 τὸ
2577 4888 2653 4960 μή
2686 4887 3059 4963 φιλαργυρεῖν.
3098 4887 3196 4941 Διά
3241 4888 3345 4962 γὰρ
3400 4892 3496 4942 τοῦ
3547 4885 3798 4960 ῥοπάλου,

2171 4979 2272 5042 τῆς
2298 4983 2622 5052 καρτερικῆς
2655 4979 2860 5050 ψυχῆς,
2893 4975 2982 5030 καὶ
3035 4981 3136 5044 τῆς
3192 4972 3373 5050 δορᾶς,
3423 4974 3661 5032 τουτέστι
3711 4973 3797 5025 τοῦ

2173 5066 2457 5142 σώφρονος
2491 5070 2785 5138 λογισμοῦ,
2820 5064 3032 5134 ἐνίκησε
3077 5067 3169 5120 τὸν
3216 5068 3402 5140 γήϊνον
3453 5073 3550 5134 τῆς
3597 5059 3794 5140 φαύλης

2172 5154 2464 5224 ἐπιθυμίας
2524 5154 2724 5230 ἀγῶνα,
2785 5153 3164 5229 φιλοσοφήσας
3225 5154 3354 5232 ἄχρι
3413 5157 3654 5220 θανᾶτου,
3709 5169 3792 5204 κα·

2171 5245 2280 5306 θὼς
2355 5241 2648 5318 Ἡρόδοτος
2707 5245 2734 5298 ὁ
2793 5245 3106 5322 σοφώτατος
3161 5249 3546 5321 συνεγράψατο,
3612 5242 3667 5305 ὅς
3713 5233 3791 5293 καῖ

2170 5333 2400 5397 ἄλλους.
2433 5332 2725 5410 Ἡρακλεῖς
2747 5333 2998 5410 ἱστόρησε
3029 5336 3273 5410 γενέσθαι
3305 5334 3456 5394 ἑπτά.

2239 5524 2298 5579 Ὀ
2341 5525 2470 5594 γοῦν
2532 5523 2740 5595 Ἐρμῆς
2796 5522 2958 5596 γνοὺς
3011 5523 3109 5590 τὴν
3167 5525 3283 5578 κατ’
3331 5523 3492 5581 αὐτοῦ
3547 5515 3779 5580 συσηυήν

2168 5615 2273 5666 τῶν
2304 5608 2552 5689 ἀδελφῶν
2588 5612 2775 5677 αὐτοῦ,
2809 5611 2882 5673 ὡς
2913 5610 3138 5684 ε’ἰπομεν
3185 5614 3328 5687 (περὶ
3377 5633 3480 5668 που
3535 5610 3629 5685 γὰρ
3672 5603 3782 5661 τοὺς

2169 5705 2208 5758 o'
2247 5688 2497 5780 ὑπῆρχον
2533 5701 2638 5756 ἀπὸ
2687 5697 2960 5779 διαφόρων
3017 5706 3282 5775 γυναικῶν
3340 5700 3662 5780 γεννηθέντες
3711 5688 3780 5763 τῷ
