4094 6292
188 380 263 440 61
1307 376 1855 439 HISTORIARUM
1896 375 2435 439 COMPENDIUM.
3517 378 3594 436 62

190 512 318 583 Διὶ),
349 511 695 587 ἀνεχώρησεν
751 510 826 572 εἷς
876 507 1148 585 Αἴγυπτον
1194 510 1331 586 πρὸς
1384 511 1486 579 τήν
1525 507 1707 583 φυλὴν
1737 513 1836 564 τοῦ

1956 513 2258 585 Egyptum
2289 512 2436 569 abiit
2463 511 2539 566 ad
2581 512 2827 585 stirpem
2880 511 3107 579 Chami,
3143 511 3243 583 qui
3276 517 3405 569 erat
3434 512 3596 568 illius

185 604 321 673 Χὰμ
368 601 487 655 υἱοῦ
537 596 679 669 Νῶε,
741 601 938 662 οἵτινες
992 597 1239 672 ἐδέξαντο
1291 598 1451 654 αὐτὸν
1486 598 1539 656 ἑν
1583 602 1742 673 τιμῇ·
1777 600 1837 664 δς

184 692 275 747 καὶ
343 684 604 765 διέτριϐεν
658 688 768 744 ἐκεῖ
827 690 1200 766 ὑπηρηφανῶν
1250 689 1451 750 πάντας
1503 688 1596 743 καὶ
1657 692 1838 764 φορῶν

184 787 404 857 χρυσῆν
463 777 688 849 στολήν.
753 779 853 836 Καὶ
910 775 1227 856 ἐφιλοσόφει
1284 780 1430 853 παρὰ
1483 782 1599 840 τοῖς
1634 778 1840 851 Αἰγυπ-

179 869 535 945 τίοις,λέγων
567 868 752 930 αὐτοῖς
814 867 1084 942 μαντείας·
1146 866 1371 941 λογικὸς
1425 868 1531 942 γὰρ
1561 866 1626 936 ἧν
1660 865 1835 941 φύσει.

184 960 288 1017 Kal
342 959 711 1032 προσεκύνουν
756 957 916 1012 αὐτὸν
967 959 1177 1032 Ἑρμῆν
1222 958 1298 1019 ὡς
1348 955 1577 1034 λέγοντα
1603 956 1671 1012 τὰ
1705 954 1839 1029 μὲλ-

180 1047 353 1104 λοντα
410 1047 499 1103 καὶ
558 1043 914 1102 διακονοῦντα
969 1045 1157 1108 αὐτοῖς
1215 1048 1316 1117 τήν
1369 1051 1477 1100 τῶν
1522 1043 1837 1118 μελλόντων

179 1137 241 1193 ἑκ
268 1140 372 1192 τοῦ
409 1139 547 1191 Θεοῦ
601 1132 760 1204 δῆθεν
816 1134 1103 1211 ἀπόκρισιν
1161 1138 1252 1191 καὶ
1307 1134 1620 1215 παρέχοντα
1650 1134 1841 1197 αὐτοῖς

175 1228 486 1303 χῶήματα·
520 1225 579 1281 ὅν
618 1227 709 1281 καὶ
748 1222 1124 1296 πλουτοδότην
1174 1223 1406 1282 ἰκάλουν
1450 1224 1524 1286 ὡς
1569 1228 1667 1280 τοῦ
1699 1243 1840 1299 χρυο

176 1319 273 1372 σοῦ
302 1316 433 1378 θεὸν
467 1314 799 1389 νομίζοντες.

244 1406 336 1461 Ἐν
380 1392 497 1466 τοῖς
536 1406 671 1477 μετὰ
697 1408 864 1459 ταῦτα
921 1401 978 1459 δὲ
1034 1404 1278 1480 χρόνοις,
1310 1402 1395 1457 ἐπὶ
1427 1409 1527 1471 τῆς
1564 1400 1842 1476 βασιλείας

171 1495 471 1563 Φοίνικος,
501 1496 567 1560 ἦν
593 1492 875 1567 Ἡρακλῆς
928 1494 956 1547 ὁ
1014 1490 1319 1572 φιλόσοφος
1352 1493 1381 1547 ὁ
1411 1490 1706 1567 λεγόμενος
1734 1490 1841 1548 Τύ-

171 1605 311 1658 ριος,
344 1583 506 1645 ὅστις
535 1580 727 1660 ὲφεῦρε
779 1584 880 1652 τήν
939 1584 1025 1656 [Ρ.
1063 1584 1151 1657 19]
1207 1579 1523 1656 κογχύλην.
1561 1583 1840 1651 Μετεωρι-

169 1675 413 1750 ζόμενός
442 1674 548 1750 γὰρ
595 1673 674 1735 εἰς
731 1673 795 1727 τὸ
851 1670 1129 1747 παράλιον
1195 1672 1359 1744 μερος
1389 1676 1490 1739 τῆς
1522 1669 1700 1745 Τύρου
1731 1668 1843 1725 εἶδε

166 1764 510 1838 ποιμενικὸν
547 1763 679 1817 κύνα
736 1760 984 1816 ἐσθίοντα
1036 1761 1137 1829 τήν
1196 1757 1505 1838 λεγομένην
1531 1757 1840 1835 κογχύλην,

1940 603 2083 660 Noe.
2117 603 2202 658 Ab
2235 603 2308 658 iis
2337 607 2426 658 est
2456 619 2592 659 cum
2639 603 2866 659 honore
2897 608 3194 675 acceptus,
3228 602 3430 673 ibique
3461 619 3597 674 per-

1943 693 2165 748 mansit
2194 708 2403 748 omnes
2424 710 2544 764 prae
2568 709 2631 747 se
2653 691 2991 765 despiciens
3010 698 3068 747 et
3089 695 3343 747 Auream
3371 697 3594 747 vestem

1942 798 2173 854 gerens.
2208 782 2666 854 Philosophatus
2720 788 2811 837 est
2857 788 3057 837 autem
3108 782 3267 854 apud
3297 782 3593 855 Egyptios

1942 872 2290 939 vaticinans,
2323 878 2391 928 ut
2413 877 2543 927 erat
2571 877 2786 927 natura
2807 872 3086 927 disertus.
3121 871 3490 927 Adorabatur
3518 872 3590 927 ah

1942 962 2037 1032 iis,
2069 978 2136 1017 ac
2177 963 2499 1019 Mercurius
2528 963 2629 1018 84
2662 963 2807 1017 deus
2854 961 3286 1034 appellabatur.
3319 960 3479 1033 quod
3507 962 3595 1017 fu-

1943 1057 2077 1108 tura
2105 1051 2470 1125 praediceret,
2497 1068 2566 1107 ac
2606 1052 2888 1109 divinitus
2919 1052 3203 1107 nimirum
3235 1051 3307 1106 de
3339 1052 3412 1106 iis
3459 1068 3592 1122 qum

1942 1147 2079 1214 post
2099 1147 2299 1198 essent
2314 1147 2595 1198 eventura
2616 1157 2904 1213 responsa
2922 1141 3390 1208 administraret,
3410 1157 3595 1213 pecu-

1943 1231 2223 1303 niamque
2274 1232 2718 1304 suppeditaret;
2772 1231 2972 1301 itaque
3026 1231 3203 1286 etiam
3255 1230 3595 1286 divitiarum

1945 1320 2213 1376 datorem
2244 1320 2551 1389 vocabant,
2585 1320 2851 1391 pecuniae
2882 1320 3059 1374 deum
3088 1325 3386 1391 putantes.

2014 1409 2403 1467 lnferioribus
2428 1409 2792 1482 temporibus
2821 1409 3097 1464 Phoenice
3123 1414 3428 1483 regnante,
3454 1409 3596 1464 Her-

1944 1500 2109 1556 cules
2139 1499 2253 1556 fuit
2272 1499 2662 1571 philosophus
2686 1504 3077 1572 cognomento
3103 1500 3330 1571 Tyrius.
3361 1500 3438 1563 Is,
3461 1516 3600 1571 pur-

1944 1604 2154 1662 puram
2188 1591 2431 1646 invenit.
2492 1591 2637 1645 Cum
2692 1589 2850 1644 enim
2910 1590 2971 1645 in
3022 1606 3151 1644 eam
3199 1590 3329 1660 Tyri
3365 1594 3596 1661 partem

1944 1680 2314 1736 ascendisset
2343 1696 2474 1751 quae
2500 1678 2574 1735 ad
2606 1695 2770 1735 mare
2796 1679 3074 1750 pertinet,
3108 1678 3363 1751 pastoris
3388 1695 3597 1734 canem

1944 1770 2089 1826 vidit
2117 1769 2403 1825 concham
2433 1785 2657 1833 vorare,
2686 1774 3104 1840 pastoremque
3135 1784 3170 1823 a
3200 1784 3344 1823 cane
3369 1768 3601 1840 sangui-

165 1855 256 1910 καὶ
289 1852 570 1927 ποιμένα,
599 1850 899 1926 νομίζοντα
946 1849 1239 1923 αἱμάσσειν
1284 1850 1377 1904 τὸν
1410 1848 1562 1919 κύνα,
1596 1848 1702 1903 ἀπὸ
1729 1853 1838 1903 τῶν

1956 1876 2081 1914 nem
2115 1859 2305 1913 emitti
2336 1863 2667 1931 putantem,
2693 1858 2831 1913 lana
2852 1857 2922 1913 ab
2946 1874 3049 1912 ove
3077 1863 3317 1928 accepta
3348 1857 3506 1928 quod
3527 1874 3597 1911 ex

165 1937 479 2019 προϐάτων
526 1940 695 1997 πόκον
744 1938 896 2014 ὶρέας
937 1934 1174 1995 λαϐόντα
1220 1939 1586 2012 καταμάσσειν
1640 1938 1706 1993 τὰ
1734 1958 1836 1992 xa-

164 2032 531 2111 ταφερόμενα
584 2029 644 2086 ἐκ
693 2033 792 2084 τοῦ
858 2027 1127 2101 στόματος
1179 2031 1277 2083 τοῦ
1330 2027 1508 2089 κυνός.
1568 2028 1630 2084 Ὁ
1665 2023 1838 2082 δὶἩ-

166 2121 397 2197 ρακλῆς
446 2120 846 2195 προσεσχηκὼς
895 2119 982 2173 καὶ
1037 2114 1165 2173 ἰδὼν
1208 2115 1338 2172 αύτὸ
1392 2117 1586 2192 βάμμα
1614 2137 1667 2171 τι
1705 2116 1840 2183 ἐξαί-

166 2233 281 2268 σιον
377 2210 674 2284 ἐθαύμασε·
735 2209 824 2263 καὶ
884 2207 1046 2282 γνοὺς
1104 2208 1187 2262 ὅτι
1246 2205 1306 2262 ὲκ
1362 2212 1462 2276 τῆς
1546 2203 1838 2282 κογχύλης

167 2303 332 2372 ἐστὶν,
408 2299 654 2376 εἰληφὼς
709 2298 801 2354 τὸν
868 2297 1037 2353 πόκον
1111 2295 1186 2359 ὡς
1247 2296 1386 2370 μέγα
1438 2293 1616 2369 δῶρον
1675 2315 1840 2369 προσ-

169 2394 375 2467 ήνεγκε
406 2393 488 2461 τῷ
522 2386 739 2463 βασιλεῖ
776 2389 876 2452 τῆς
923 2385 1105 2460 Τύρου
1155 2385 1393 2451 Φοίνικι,
1424 2382 1482 2447 ὅς
1508 2385 1599 2440 καὶ
1630 2382 1836 2440 ἐκπλα-

175 2481 287 2559 γεὶς
335 2478 437 2533 ἐπὶ
496 2481 567 2552 τῇ
624 2475 720 2549 θέᾳ
773 2479 870 2533 τοῦ
932 2475 1220 2550 βάμματος
1279 2471 1557 2529 ἐκέλευσεν
1590 2471 1640 2543 ἐξ
1673 2471 1839 2528 αὐτοῦ

181 2571 426 2648 βαφῆναι
485 2566 636 2642 ἐρὲαν
694 2566 785 2621 καὶ
841 2564 1084 2640 γενέσθαι
1142 2564 1294 2635 αύτῷ
1355 2562 1637 2637 βασιλικὸν
1692 2563 1841 2638 περὶ-

180 2654 437 2727 ϐόλαιον,
470 2654 503 2711 6'
533 2648 965 2729 περιϐαλόμενος
1024 2652 1185 2715 αὐτὸς
1242 2657 1458 2724 πρῶτος
1506 2649 1838 2723 ἐθαυμάζετο

187 2748 288 2801 ὑπὸ
315 2747 562 2801 πάντων·
598 2744 704 2818 πρὸ
737 2740 934 2798 τούτου
980 2741 1084 2817 γὰρ
1114 2740 1214 2796 οὐκ
1260 2737 1482 2815 ᾔδεισαν
1532 2741 1585 2795 οἱ
1628 2739 1841 2817 ἄνθρω-

185 2856 278 2891 ποι
312 2834 538 2909 βάπτειν
594 2831 809 2908 χροιάς.
863 2831 1015 2887 Μετὰ
1060 2833 1191 2904 γοῦν
1237 2830 1469 2906 χρόνους
1507 2828 1754 2893 πολλοὺς
1786 2831 1840 2885 οἱ

188 2926 457 2997 Ῥωμαῖοι
503 2924 607 2993 τὴν
668 2921 944 2977 Φοινίκων
1004 2920 1191 2995 χώραν
1249 2920 1615 2994 κατασχόντες
1669 2920 1733 2974 τὸ
1789 2918 1840 2990 ἐξ

194 3015 370 3089 ἀρχῆς
418 3012 684 3083 ἀληθινὸν
737 3009 797 3065 ἐκ
844 3015 944 3078 τῆς
994 3005 1285 3084 κογχύλης
1333 3015 1524 3084 σχῆμα
1558 3006 1840 3084 βασιλικὸν

195 3103 468 3181 ἱφόρεσαν.
534 3102 687 3158 Μετᾶ
744 3096 802 3154 δὲ
854 3100 1053 3171 Ῥέμου
1127 3099 1215 3153 καὶ
1270 3096 1553 3170 Ῥωμύλον
1616 3100 1840 3172 Νουμᾶς

200 3191 520 3268 βασιλεύσας
593 3190 910 3262 Ῥωμαίων,
984 3187 1076 3243 καὶ
1152 3185 1437 3261 δεξάμενος
1512 3182 1840 3262 πρεσϐευτὰς

205 3252 266 3336 ὶκ
304 3287 402 3350 τῆς
431 3280 615 3356 χώρας
667 3252 775 3334 τέύν
835 3252 1151 3354 λεγομὲνων
1205 3252 1497 3350 ἡελασγῶν
1545 3252 1845 3352 ιροροῦντας
1873 3252 1916 3319 C

211 3366 503 3445 χλαμύδας
554 3368 775 3444 ἱχούσας
832 3361 1037 3423 ταϐλία
1090 3370 1200 3441 (35)
1258 3364 1449 3439 ῥούσια
1505 3365 1747 3440 καθάπερ
1794 3365 1847 3420 οἱ

214 3458 323 3513 ἀπὸ
349 3464 443 3527 τῆς
470 3458 723 3533 ἰσαυρίας
772 3457 983 3532 χώρας,
1034 3454 1124 3509 καὶ
1182 3456 1433 3529 τερφθεὶς
1466 3458 1542 3526 τῷ
1575 3456 1847 3529 σχήματι,

207 3544 456 3617 ἐπενόησε
487 3551 701 3617 πρῶτος
739 3545 792 3600 ἐν
845 3547 913 3619 τῇ
969 3544 1160 3618 Ῥώμῃ
1212 3539 1507 3620 χλαμύδας
1566 3549 1848 3618 ωορεῖσθαι

198 3639 294 3701 τὰς
342 3641 432 3714 μὲν
481 3638 773 3715 βκσιλικάς
821 3637 1129 3716 πορφύρας,
1182 3634 1418 3713 ἐχούσας
1465 3631 1668 3692 ταϐλία
1708 3636 1850 3713 χρύ-

199 3749 307 3799 σεα,
338 3729 430 3792 τὰς
481 3725 539 3783 δὲ
587 3732 695 3783 τῶν
743 3731 1127 3802 συγκλητικῶν
1173 3725 1264 3781 καὶ
1310 3725 1407 3790 τὰς
1452 3729 1561 3780 τῶν
1593 3723 1647 3781 ἔν
1678 3726 1851 3796 ἀξίαις

191 3819 278 3874 καὶ
338 3817 647 3891 στρατείαις
723 3814 1017 3892 χλαμύδας
1103 3813 1335 3892 ἐχούσας
1412 3818 1695 3891 σήμαντρα
1751 3819 1849 3885 τῆς

197 3907 491 3984 βασιλικῆς
526 3906 801 3984 φορεσίας,
849 3901 1050 3962 ταϐλία
1098 3910 1350 3983 πορφυρᾶ
1398 3902 1671 3976 δηλοῦντα
1699 3905 1846 3976 ἀξίαν

1946 1964 2048 2003 ore
2071 1948 2234 2003 canis
2256 1946 2557 2001 deﬂuebat
2575 1946 3013 2017 abstergere.At
3033 1944 3441 2015 Hercules,qui
3470 1961 3597 2001 rem

1945 2036 2305 2103 observaret,
2339 2036 2657 2090 tincturam
2711 2035 2840 2105 ejus
2898 2035 3050 2089 lanea
3107 2034 3399 2106 egregiam
3459 2049 3592 2087 cum

1946 2124 2338 2181 admiratione
2369 2124 2546 2190 vidit;
2573 2123 3106 2194 animadversoque
3133 2123 3427 2193 liquorem
3458 2138 3592 2177 eum

1950 2231 2022 2270 ex
2052 2214 2278 2269 concha
2308 2213 2420 2268 ista
2463 2213 2726 2279 ﬂuxisse,
2777 2212 2975 2268 lanam
3023 2213 3198 2267 istam
3229 2212 3425 2283 magni
3456 2210 3598 2267 doni

1950 2303 2079 2359 loco
2101 2302 2175 2359 ad
2200 2317 2396 2375 regem
2421 2302 2552 2374 Tyri
2574 2302 2914 2357 Phaenicem
2936 2300 3156 2356 attulit.
3178 2299 3597 2370 Is,spectaculo

1947 2394 2221 2449 tincturse
2275 2392 2444 2447 istius
2493 2391 2801 2456 attonitus,
2826 2390 3012 2463 jussit
3052 2391 3164 2445 hoc
3193 2389 3368 2445 modo
3401 2390 3601 2445 lanam

1948 2483 2097 2556 tingi
2128 2487 2306 2554 atque
2336 2496 2405 2536 ex
2435 2497 2504 2537 ea
2543 2480 2653 2536 sibi
2708 2480 2933 2551 regiam
2963 2484 3184 2534 vestem
3216 2478 3449 2550 parari;
3484 2494 3602 2548 qua

1948 2573 2181 2644 primus
2210 2570 2523 2626 hominum
2582 2569 2829 2625 indutus
2886 2568 3163 2624 omnibus
3218 2566 3602 2623 admirationi

1950 2660 2080 2716 fuit.
2116 2660 2261 2715 Nam
2288 2664 2464 2715 antea
2496 2659 2777 2729 temporis
2799 2658 3065 2713 colorum
3091 2658 3408 2712 tincturam
3440 2657 3604 2728 igno-

1952 2754 2226 2804 raverant
2255 2748 2548 2803 homines.
2584 2748 2779 2819 Longo
2837 2752 2973 2819 post
3030 2752 3295 2818 tempore
3326 2746 3599 2814 Romani,

1953 2837 2255 2893 Phoenicia
2277 2837 2542 2903 subacta,
2561 2853 2758 2892 veram
2782 2841 2839 2890 et
2859 2836 3120 2907 antiquas
3142 2834 3604 2906 respondentem

1952 2944 2275 3001 purpuram
2301 2927 2373 2982 ad
2394 2928 2619 2999 regium
2644 2928 2927 2983 amictum
2951 2926 3374 2981 adhibuerunt.
3393 2927 3603 2988 Numa,

1954 3019 2054 3088 qui
2080 3022 2216 3089 post
2244 3016 2562 3073 Romulum
2587 3023 2647 3071 et
2666 3019 2914 3071 Remum
2946 3018 3144 3070 Homm
3166 3014 3450 3085 regnavit,
3469 3030 3605 3068 cum

1954 3105 2029 3160 ad
2072 3122 2210 3161 eum
2258 3104 2639 3174 Pelasgorum
2698 3104 2872 3176 legati
2930 3102 3229 3158 venissent
3259 3101 3602 3172 chlamydes

1955 3201 2253 3268 gestantes
2284 3200 2597 3266 praetextas
2645 3194 2907 3259 coccino,
2956 3192 3163 3263 quales
3203 3192 3383 3248 etiam
3416 3192 3601 3248 Isauri

1954 3290 2203 3359 gestant,
2238 3302 2306 3341 ea
2334 3285 2526 3342 forma
2575 3284 2901 3340 delectatus
2932 3284 3159 3356 primus
3190 3282 3449 3338 instituit
3477 3288 3543 3337 ut
3571 3298 3605 3335 a

1955 3374 2237 3430 Romanis
2293 3373 2639 3446 chlamydes
2694 3379 3085 3447 gestarentur,
3145 3389 3180 3428 a
3234 3372 3331 3430 85
3368 3371 3604 3445 regibus

1956 3479 2292 3536 purpurea),
2325 3469 2623 3536 praetextae
2654 3480 2822 3528 auro,
2848 3479 2882 3518 a
2906 3461 3280 3519 senatoribus
3312 3466 3369 3516 et
3400 3461 3473 3516 iis
3503 3462 3604 3532 qui

1957 3570 2092 3609 cum
2126 3554 2472 3626 magistratu
2503 3559 2605 3609 aut
2632 3553 2883 3624 imperio
2930 3556 3131 3607 essent
3174 3551 3305 3606 alia:
3338 3567 3469 3621 quas
3500 3567 3605 3621 pro

1958 3642 2177 3700 indicio
2205 3644 2349 3717 regii
2380 3644 2728 3717 gestaminis
2759 3659 3020 3715 purpura
3050 3648 3251 3699 essent
3279 3647 3604 3714 prastextas;

1958 3749 2075 3804 quo
2108 3734 2543 3807 signiﬁcaretur
2575 3735 2851 3788 Romanas
2882 3733 2967 3786 rei
2997 3731 3249 3803 publicae
3272 3730 3526 3802 dignitas
3549 3734 3607 3781 et

1959 3823 2274 3896 subjectio.
2309 3824 2619 3895 Edixitque
2650 3840 2724 3879 ne
2751 3823 2885 3895 quis
2916 3823 3043 3878 sine
3074 3820 3415 3893 hujusmodi
3449 3819 3605 3875 chla-

1960 3912 2133 3984 myde
2160 3913 2221 3970 in
2250 3913 2538 3984 palatium
2570 3929 2745 3969 suum
2776 3912 3290 3967 intromitteretur.

193 4008 522 4081 Ῥῶμαϊκήν
550 4005 833 4070 πολιτείας
861 4005 951 4061 καὶ
975 4005 1254 4080 ὑποταγὴν
1289 4001 1592 4080 διαγωγὴν,
1624 4003 1882 4069 κελεύσας
1914 4005 2122 4081 μηδένα
2172 4010 2248 4072 εἰς
2294 4008 2358 4065 τὸ
2406 4010 2572 4065 αὐτοῦ
2615 4009 2879 4064 παλάτιον
2912 4006 3171 4063 εἰσελθεῖν
3202 4004 3608 4083 συγχωρεῖσθαι

194 4095 312 4153 ἄνευ
339 4101 446 4152 τοῦ
477 4098 768 4171 σχήματος
798 4101 899 4164 τῆς
929 4094 1190 4165 τοιαύτης
1217 4091 1531 4169 χλαμύδος.

269 4189 465 4257 Φοῖνιξ
520 4182 578 4240 δὲ
627 4186 656 4240 ὁ
704 4185 821 4246 υἱὸς
861 4188 959 4239 τοῦ
1006 4184 1304 4261 Ἀγήνορος
1352 4182 1486 4259 ἀνὴρ
1517 4183 1724 4261 ἐγένετο
1758 4207 1852 4240 σο-

195 4277 317 4355 φὸς,
387 4275 452 4340 ες
495 4274 867 4349 συνεγράψατο
919 4276 1197 4334 Φοινικοῗς
1244 4274 1534 4349 γράμμασι
1582 4276 1682 4344 τὴν
1740 4275 1853 4349 ἀρι-

194 4366 477 4441 θμητικήν
525 4362 874 4443 φιλοσοφίαν,
945 4360 1222 4436 ὑπεξέθετο
1272 4359 1331 4416 δδ
1375 4362 1465 4416 καὶ
1525 4360 1851 4437 ἀσωμάτους

2032 4189 2278 4248 Phoenix
2307 4191 2591 4263 Agenoris
2622 4189 2781 4245 ﬁlius
2812 4189 2898 4243 vir
2925 4188 3038 4243 fuit
3063 4187 3320 4259 sapiens,
3352 4186 3453 4259 qui
3485 4186 3615 4256 phi"

1959 4280 2294 4352 losophiam
2321 4279 2392 4335 de
2424 4279 2691 4334 numeris
2720 4277 3074 4348 conscripsit
3104 4274 3317 4331 litteris
3346 4273 3606 4330 Punicis.

1959 4370 2242 4442 Exposuit
2271 4369 2448 4426 etiam
2486 4368 2780 4441 principia
2825 4368 3177 4439 incorporea
3205 4370 3265 4420 et
3291 4380 3607 4437 corporum

192 4455 403 4534 ἀρχὰς,
456 4451 549 4508 καὶ
598 4453 825 4526 σώματα
875 4448 931 4506 Si
981 4447 1438 4525 μεταϐάλλεσθαι,
1488 4449 1578 4507 καὶ
1624 4451 1717 4514 τὰς
1747 4455 1844 4525 ψυ-

1960 4460 2318 4515 mutationes
2344 4459 2798 4529 animarumque
2827 4456 2891 4512 in
2938 4455 3185 4511 alterius
3214 4454 3450 4527 generis
3478 4453 3606 4509 ani-

192 4512 307 4620 is?
351 4512 436 4605 είς
484 4512 792 4616 ἀλλογέννῆ
841 4546 957 4611 ζῶα
981 4512 1243 4596 ἐίσιὲναι.
1300 4512 1473 4603 Οὗτός
1526 4512 1844 4616 πρῶτοςεξ-

1958 4550 2139 4606 malia
2170 4548 2569 4621 migrationes.
2614 4546 2856 4604 Primus
2913 4545 3010 4601 hic
3066 4545 3181 4600 ista
3218 4543 3508 4616 exposuit,
3542 4547 3610 4598 ut

194 4635 348 4698 tacto
411 4635 602 4700 ταῦτα,
672 4630 748 4693 ὡς
817 4627 1050 4703 Κλήμης
1135 4628 1510 4703 συνεγράψατο
1578 4629 1606 4682 ὁ
1674 4629 1855 4705 σοφώ-

196 4742 427 4870 “ita
484 4807 542 4866 δὶ
600 4813 698 4881 τὴν
753 4811 962 4883 Ἐρμοῦ
1007 4806 1267 4875 τελευτὴν
1327 4807 1356 4861 ὁ
1406 4812 1706 4883 ’Ἥφαιστος
1764 4805 1854 4862 ἐπὶ

189 4904 433 4976 τέσσαρα
487 4901 657 4973 ἣμισυ
714 4894 809 4969 ἔτη
861 4904 960 4967 τῆς
1016 4896 1295 4973 Αἰγύπτου
1349 4890 1708 4952 ἐϐασίλευσεν.
1753 4898 1852 4954 Ἦν

1963 4639 2238 4696 Clemens
2266 4638 2444 4693 homo
2476 4635 2855 4692 doctissimus
2879 4635 3165 4706 scriptum
3199 4631 3462 4704 reliquit.

2038 4808 2082 4862 Α
2110 4810 2300 4860 morte
2329 4802 2601 4859 Mercurii
2631 4800 2923 4856 Vulcanus
2953 4814 3201 4872 regnum
3249 4796 3475 4869 Egypti
3506 4812 3613 4868 per

1963 4910 2151 4950 annos
2183 4896 2438 4965 quatuor
2466 4907 2603 4947 cum
2662 4890 2908 4945 semisse
2948 4887 3157 4943 tenuit.
3207 4887 3426 4942 Ferent
3453 4885 3613 4939 hunc

1399 5025 1766 5082 XYLANDRI
1806 5025 1892 5080 ET
1931 5024 2151 5080 GOARI
2187 5022 2410 5079 ΝΟΤΑΞ.

269 5143 386 5213 (35)
422 5140 548 5213 Non
578 5135 878 5213 observavi
903 5134 1055 5213 alibi
1075 5127 1302 5213 funalia.
1335 5133 1624 5213 Yidentur
1652 5138 1851 5213 autem

196 5205 285 5271 sic
314 5205 610 5284 appellari
641 5205 1202 5284 panniculi,_qui_but
1224 5221 1341 5261 orae
1355 5205 1549 5284 laneas
1572 5210 1850 5284 praetexe-

197 5275 530 5348 renturﬂie
550 5275 722 5336 bra—1n.
749 5277 871 5334 Nisi
892 5275 1026 5348 quis
1046 5276 1241 5333 clavos
1255 5275 1524 5341 malit,de
1543 5275 1659 5347 quo
1681 5275 1849 5348 alias.

198 5347 596 5433 .50'30’10vverti.
618 5347 948 5433 coccinum.
970 5351 1355 5433 Qussatorum
1381 5347 1723 5433 aurigarum
1742 5347 1856 5433 fuit

196 5415 410 5503 genus,
443 5423 599 5503 quod
631 5423 696 5503 in
715 5423 974 5503 _l‘.lero.ne‘
995 5419 1436 5503 )gi_philinusnex
1450 5415 1652 5503 Ilione
1676 5415 1855 5491 πυρῥᾷ

198 5490 366 5571 ἕκευῇ
395 5490 681 5571 appellat.
715 5492 984 5571 Meminit
1012 5490 1163 5547 Plin.
1193 5508 1287 5556 vn,
1322 5492 1410 5545 53.
1449 5490 1728 5571 Plerique
1755 5490 1854 5545 ro-

200 5561 376 5630 seum
406 5561 616 5625 vocant
644 5567 806 5623 hunc
835 5564 1115 5630 colorem,
1167 5578 1362 5634 neque
1402 5577 1546 5618 sane
1576 5578 1612 5617 a
1638 5561 1854 5617 rubore

1962 5130 2263 5186 Martialis.
2287 5128 2423 5184 Χγι..
2449 5159 2516 5168 -
2538 5125 2628 5181 Nil
2654 5124 2900 5181 dubium
2923 5123 3068 5193 quin
3086 5139 3222 5177 voce
3239 5114 3481 5173 ταϐλίων
3506 5123 3614 5176 Bo-

1964 5217 2276 5257 manorum
2327 5201 2474 5254 latus
2504 5198 2686 5252 clavus
2717 5203 2768 5250 et
2800 5196 2996 5249 limbus
3021 5208 3335 5263 purpureus
3383 5198 3609 5248 vestem

1962 5273 2277 5344 insigniter
2299 5279 2630 5344 prmtexens
2653 5267 2730 5322 sit
2749 5262 3188 5344 intelligendus.
3216 5262 3432 5344 ῥούσιον
3452 5263 3614 5319 enim

1963 5338 2169 5419 χρῷῖια
2196 5338 2378 5419 roseus
2410 5346 2501 5419 est
2529 5340 2658 5419 sive
2677 5354 2987 5419 purpureus
3029 5338 3193 5419 color,
3250 5340 3425 5419 atque
3458 5353 3613 5419 unus

1965 5409 2037 5472 ἔκ
2066 5409 2139 5470 iis
2169 5430 2318 5485 quos
2347 5414 2507 5467 inter
2535 5410 2923 5485 auriganduln
2962 5409 3611 5485 factionesnostentasse

1965 5488 2171 5544 scribit
2189 5479 2399 5543 auctor
2429 5487 2490 5540 in
2521 5479 2803 5537 Michaele
2852 5479 3159 5551 Theophili
3190 5479 3343 5551 ﬁlio.
3366 5481 3610 5534 Prasino

1967 5576 2164 5632 porro,
2197 5560 2415 5632 Veneto
2449 5562 2505 5611 et
2535 5554 2797 5632 Candido
2861 5550 3075 5625 ῥούσιον
3109 5550 3397 5621 adjungit,
3432 5568 3609 5620 quem

205 5626 532 5716 sanguineo
580 5638 778 5716 colore
834 5626 1215 5716 praeditarurn
1266 5626 1544 5716 rosarum
1576 5634 1740 5716 color
1770 5637 1860 5716 est
1964 5626 2175 5689 roseum
2206 5631 2690 5701 interpretantur.
2726 5626 2903 5680 Cosa.

208 5704 437 5772 alienus
485 5710 809 5769 Coccinum
838 5704 1019 5763 talem
1051 5707 1315 5780 aurigam
1347 5705 1611 5779 appellat
1639 5704 1856 5761 alicubi
