4106 6288
456 365 536 424 B3

1804 364 2141 445 GEORGII
2182 347 2530 429 CEDRENI
3801 369 3874 426 οι

449 494 800 551 bellatorem
829 494 1035 564 fuisse,
1057 511 1126 551 ac
1145 511 1282 552 cum
1304 511 1458 569 equo
1487 501 1862 554 comentem
1879 497 2098 570 pedem
2127 559 2129 565 η

2236 497 2291 566 ἱὲ,
2323 496 2474 577 φασί,
2507 497 2872 573 πολεμιστὴς,
2922 496 2980 553 ὅν
3034 469 3374 572 συμπεσόντα
3419 501 3502 570 τῷ
3530 494 3704 569 ’ίππῳ
3733 494 3875 568 πλη-

451 584 718 656 fregisse,
735 584 895 640 unde
916 585 992 640 ad
1012 591 1268 641 mortem
1287 602 1476 658 usque
1495 586 1744 644 claudus
1765 603 2107 660 permanse-

452 673 551 730 rit.
585 675 650 728 In
681 673 932 730 deorum
965 669 1284 732 numerum
1309 692 1447 731 eum
1473 677 1720 749 Egyptii
1751 677 2107 744 retulerunt,

458 763 617 834 quod
645 763 771 836 lege
803 763 924 820 lata
951 763 1218 835 ipsorum
1252 781 1470 821 uxores
1498 782 1617 821 uno
1648 767 1770 822 viro
1802 770 2110 824 contentas

457 869 588 909 esse
618 857 676 907 et
703 853 918 924 pudice
970 853 1162 909 vivere
1203 855 1506 926 jussisset,
1539 855 2018 928 suppliciumque
2049 857 2110 910 in

457 942 758 1001 adulteras
815 943 1262 1011 constituisset;
1293 949 1394 1001 aut
1433 961 1590 1016 vero,
1644 951 1710 1000 ut
1765 946 1930 1002 Plato
1965 945 2109 1013 vult,

457 1033 614 1106 quod
637 1034 724 1089 eis
743 1032 1093 1092 bellicorum
1117 1039 1177 1089 et
1197 1035 1553 1092 rusticorum
1575 1036 2110 1092 instrumentorum

453 1141 525 1180 ex
553 1122 710 1178 ferro
731 1122 1185 1179 fabricationem
1209 1123 1714 1182 demonstrasset:
1747 1129 1884 1181 ante
1913 1125 2110 1196 ipsum

450 1213 612 1270 enim
638 1212 937 1285 lapidibus
965 1219 1026 1268 et
1048 1213 1304 1270 fustibus
1328 1214 1772 1286 prmliabantur.
1798 1215 1964 1271 Hunc
1984 1231 2112 1287 my-

455 1304 604 1360 stica
631 1302 889 1375 quadam
947 1304 1290 1374 precatione
1324 1303 1494 1362 aiunt
1549 1322 1620 1361 ex
1659 1321 1796 1360 aere
1825 1305 2114 1378 forcipem

459 1393 832 1465 impetrasse,
866 1397 1046 1464 atque
1076 1393 1158 1448 ita
1187 1393 1468 1467 Egyptiis
1500 1393 1634 1449 aeris
1661 1393 1989 1450 fabricandi
2021 1411 2114 1451 ar-

459 1482 578 1538 iem
611 1481 948 1538 tradidisse.

533 1571 634 1626 ιο
665 1570 926 1627 Vulcano
947 1570 1226 1626 defuncto
1250 1570 1412 1626 ﬁlius
1435 1571 1683 1628 nomine
1705 1573 1805 1629 Sol
1828 1566 2122 1629 successit

458 1677 527 1717 ac
557 1677 665 1718 rex
693 1661 1097 1734 Egyptiorum
1125 1651 1300 1716 annis
1351 1661 1556 1735 viginti
1597 1662 1782 1718 semis
1813 1661 1945 1718 fuit.
1981 1667 2120 1718 Post

459 1751 620 1806 hunc
645 1751 829 1815 Sosis,
861 1749 1000 1806 inde
1042 1751 1252 1818 Osiris,
1305 1757 1512 1824 postea
1540 1753 1713 1820 Orus,
1745 1757 1872 1808 tum
1897 1751 2119 1808 Thules

2213 592 2374 662 γῆναι
2412 587 2506 642 τὸν
2561 584 2702 642 πόδα
2761 588 2851 642 καὶ
2909 587 3227 662 χωλεύοντα
3283 585 3414 666 ἄχρι
3461 583 3674 648 τέλους
3725 581 3874 657 διαρ-

2214 675 2386 734 κέσαι.
2448 678 2762 748 Ἀπεθεώθη
2821 674 2878 733 Si
2933 678 2962 732 6
3018 678 3316 756 Ἥφαιστος
3387 676 3490 732 ὑπὸ
3554 676 3874 750 Αἳγυπτίων

2216 763 2306 822 διὰ
2335 767 2396 822 τὸ
2427 773 2798 840 νομοθετῆσαι
2858 763 3174 842 μονανδρεῖν
3233 766 3321 821 καὶ
3384 764 3692 843 σωφρόνως
3728 765 3875 840 βιουν

2216 857 2312 918 τὰς
2359 861 2619 934 γυναῖκας
2669 860 2776 912 τῶν
2834 855 3168 932 Αἰγυπτίων,
3217 856 3312 919 τᾶς
3364 852 3419 911 δὲ
3468 852 3876 929 μοιχευομέναις

2215 948 2600 1018 τιμωρεῖσθαι,
2631 943 2780 1000 ἀλλὰ
2812 946 2920 1020 μὴν
2959 946 3046 1001 καὶ
3099 947 3173 1007 ὡς
3204 946 3232 1000 ὁ
3265 944 3519 1010 Πλάτων,
3555 941 3876 1018 πολεμικῶν

2217 1035 2311 1090 καὶ
2367 1039 2685 1110 γεωργικῶν
2758 1032 3054 1110 ἐργαλείων
3127 1035 3226 1104 τήν
3297 1031 3358 1089 ἐκ
3413 1029 3658 1105 σιδήρου
3721 1052 3880 1087 κατα-

2220 1123 2418 1191 σκευὴν
2447 1123 2634 1185 αὐτοῖς
2671 1121 3040 1194 ὑποδείξανταο
3075 1121 3253 1186 λίθοις
3307 1123 3411 1198 γὰρ
3467 1123 3568 1177 καὶ
3613 1118 3878 1198 ῥοπάλοις

2219 1207 2526 1286 ἰπολέμουν
2560 1212 2668 1286 πρὸ
2698 1210 2884 1280 αὐτοῦ,
2941 1215 3133 1266 τοῦτον
3192 1209 3249 1267 δὶ
3303 1233 3429 1290 φασι
3488 1209 3585 1266 διὰ
3622 1216 3882 1282 μυστικῆς

2219 1303 2392 1378 εὐχῆς
2445 1302 2545 1370 τήν
2599 1295 2876 1372 ὁξυλάεην
2922 1299 3211 1374 δεξάμενον
3258 1299 3320 1356 ἐκ
3362 1304 3460 1356 τοῦ
3517 1298 3708 1375 ἀέρος,
3740 1296 3880 1353 οὕτω

2219 1393 2320 1460 τῆν
2352 1389 2723 1466 χαλκευτικήν
2761 1390 3079 1468 Αἲγυπτίοις
3109 1387 3462 1467 παραδοῦναι.

2298 1575 2442 1630 Μετὰ
2492 1571 2548 1629 δὲ
2603 1575 2902 1654 Ἥφαιστον
2959 1575 2987 1629 ὁ
3045 1575 3160 1635 υἱὸς
3219 1573 3384 1628 αὐτοῦ
3439 1571 3652 1634 "alio:
3687 1571 3879 1626 καλού-

2228 1685 2388 1740 μενος
2420 1662 2507 1718 ἐπὶ
2537 1661 2710 1717 εἷ’κοσι
2744 1665 2826 1732 [Ρ.
2869 1665 2961 1738 20]
3013 1663 3104 1718 καὶ
3134 1659 3308 1736 ἥμισυ
3336 1659 3432 1732 ’ἐτη
3467 1669 3576 1730 τῆς
3606 1660 3881 1736 Αἲγῦπτου

2224 1749 2564 1824 ἒϐασίλευσε,
2619 1753 2710 1808 καὶ
2789 1754 2906 1825 μετ’
2993 1751 3154 1808 αὐτὸν
3215 1757 3410 1821 Σῶσις,
3467 1752 3595 1808 εἶτα
3653 1752 3882 1824 Ὄσιρις,

461 1843 792 1914 Egyptum,
825 1841 980 1897 alius
1009 1845 1143 1913 post
1170 1841 1356 1898 alium
1387 1848 1686 1898 rexerunt.
1721 1841 1936 1899 Thules
1981 1859 2116 1899 om~

2236 1845 2344 1914 μεθ’
2375 1842 2430 1897 ὅν
2463 1846 2645 1917 Ὦρος,
2669 1840 2758 1896 καὶ
2808 1843 2924 1914 μετ’
2972 1839 3134 1896 αὐτὸν
3167 1839 3403 1911 Θοῦλης,
3438 1839 3498 1904 ὅς
3531 1836 3768 1901 καὶιὲως
3795 1841 3881 1893 τοῦ

464 1947 603 1988 nem
635 1935 854 1987 terram
885 1947 1076 2002 usque
1107 1931 1181 1986 ad
1233 1932 1530 1988 Oceanum
1576 1933 1918 2003 occupavit:
1977 1931 2117 1988 inde

465 2021 529 2075 in
562 2019 818 2076 Africam
849 2035 1118 2077 reversus
1149 2021 1454 2078 oraculum
1488 2021 1808 2090 consuluit,
1843 2021 2117 2094 quisnam

465 2127 527 2165 se
556 2110 718 2181 prior
747 2113 974 2166 tantum
1007 2111 1317 2182 potestatis
1361 2110 1688 2177 habuisset,
1728 2127 1795 2166 ac
1826 2111 1962 2183 quis
1990 2116 2126 2184 post

360 2260 364 2265 ,
465 2199 663 2271 ipsum
687 2199 1057 2254 tantumdem
1074 2199 1386 2256 habiturus
1408 2201 1675 2256 esset.lta
1695 2200 1748 2255 ei
1769 2217 2123 2272 responsum

422 2350 437 2370 ν
467 2287 852 2360 perhibetur:
884 2289 902 2358 (
929 2309 956 2336 ‹‹
994 2285 1288 2358 Principio
1327 2287 1496 2354 deus,
1528 2287 1668 2342 hinc
1698 2305 1914 2356 sermo,
1946 2294 2126 2360 atque

471 2377 567 2432 his
599 2375 844 2447 spiritus
866 2376 1133 2447 junctus.
1169 2377 1304 2431 Haec
1361 2375 1474 2431 tria
1527 2380 1812 2448 cognata:
1867 2383 1959 2432 est
2005 2376 2127 2432 illis

474 2471 699 2523 ωῐεεηθ.
751 2469 1032 2537 potestas.
1079 2465 1360 2530 Mortalis,
1421 2465 1603 2522 celeri
1650 2483 1858 2538 gressu
1900 2471 1956 2521 te
1985 2466 2129 2522 hinc

475 2556 750 2629 protinus
780 2554 966 2619 aufer,
1003 2554 1292 2610 incertam
1341 2553 1560 2627 degens
1605 2554 1784 2610 dubio
1815 2555 2129 2610 conamine

475 2645 678 2700 vitam.
712 2646 766 2708 »)
809 2643 1030 2698 Ferunt
1070 2643 1250 2710 hunc,
1301 2643 1400 2699 ubi
1456 2644 1716 2716 primum
1748 2644 1874 2700 aede
1904 2643 2128 2700 oraculi

479 2749 752 2806 egressus
783 2737 890 2796 est,
926 2749 960 2788 a
989 2731 1113 2787 suis
1144 2749 1274 2788 esse
1303 2734 1362 2788 in
1394 2733 1524 2805 ipsa
1553 2733 1743 2790 Africa
1764 2733 2126 2808 jugulatum.

480 2821 776 2879 Successit
827 2822 880 2877 ei
939 2823 1244 2889 Sesostris,
1302 2839 1370 2878 ac
1425 2826 1495 2878 20
1551 2824 1726 2879 annis
1783 2839 2030 2898 regnum
2069 2824 2132 2880 in

478 2911 777 2985 Egyptios
805 2911 1005 2985 gessit.
1039 2912 1143 2967 Hic
1175 2913 1468 2986 Assyrios,
1499 2912 1806 2970 Chaldaeos
1838 2919 1896 2968 et
1924 2914 2132 2969 Persas

481 3017 671 3073 usque
701 2999 775 3056 ad
805 3000 1168 3073 Babylonem
1215 3001 1467 3074 subegit,
1507 3001 1828 3074 Asiamque
1861 3007 1919 3058 et
1945 3004 2133 3058 Euro-

479 3078 642 3164 pam,
676 3088 920 3160 Mysiam
975 3095 1034 3144 et
1090 3091 1410 3163 Scythiam.
1469 3093 1757 3148 Reversus
1787 3091 2131 3164 quindecim

400 3196 403 3198 ·
482 3179 676 3234 millia
703 3178 1052 3250 Scytharum
1075 3180 1360 3250 juvenum
1385 3181 1667 3252 delectos,
1691 3182 1794 3253 qui
1815 3181 2133 3239 bellatores

483 3273 684 3324 essent
705 3269 938 3340 optimi,
970 3270 1034 3324 in
1064 3271 1304 3326 Perside
1333 3271 1786 3328 collocavit.Sub
1809 3273 1920 3328 hoc
1936 3273 2136 3331 ferunt

483 3357 836 3414 Mercurium
868 3359 930 3413 in
956 3361 1198 3430 Egypto
1230 3360 1582 3428 innotuisse,
1615 3360 2029 3420 admirabilem
2058 3365 2138 3419 vi-

483 3463 614 3502 rum
646 3452 706 3501 et
726 3447 1033 3518 sapientiae
1063 3463 1242 3503 causa
1261 3449 1639 3520 stupendum.
1665 3451 1721 3504 Is
1751 3449 1854 3506 Dei
1875 3449 2136 3506 universi

484 3536 666 3608 hujus
691 3535 1028 3593 Conditoris
1052 3541 1172 3591 tres
1191 3553 1319 3593 esse
1341 3539 1630 3594 maximas
1644 3537 1979 3608 facultates,
2001 3539 2136 3596 uni-

486 3641 617 3681 cam
660 3625 1106 3682 vero-divinam
1165 3631 1440 3682 naturam
1493 3627 1658 3681 dixit.
1707 3629 1910 3699 Itaque
1956 3628 2138 3684 etiam

485 3715 905 3787 Trismegistus
964 3716 1230 3786 Hermes,
1289 3717 1448 3787 quod
1507 3723 1586 3771 est
1653 3719 1952 3773 Mercurius
2029 3723 2140 3772 ter-

485 3807 780 3872 maximus,
812 3804 1234 3860 denominatus
1267 3811 1374 3861 est.
1413 3805 1601 3877 Hujus
1633 3804 1703 3861 ad
1735 3805 2138 3877 Esculapium

487 3892 807 3966 quemdam
839 3893 966 3948 haec
996 3898 1134 3948 sunt
1181 3893 1388 3950 verba:
1437 3916 1465 3944 ει
1500 3895 1639 3950 Erat
1666 3893 1767 3950 lux
1797 3893 2139 3968 intelligens

487 3986 624 4037 ante
651 3981 846 4037 lucem
899 3983 1373 4056 intelligentem;
1416 3989 1676 4056 eratque
1709 3999 1945 4056 semper
1968 4000 2139 4040 mens

490 4087 622 4142 quae
641 4071 857 4126 mentis
881 4088 1060 4127 causa
1077 4077 1455 4144 esset,neque
1483 4073 1810 4144 quidquam
1833 4077 1960 4129 erat
1979 4072 2140 4130 aliud

491 4177 668 4233 quam
699 4162 880 4235 hujus
905 4162 1124 4219 mentis
1162 4164 1378 4219 unitas.
1429 4165 1510 4220 Ea
1539 4180 1709 4220 mens
1738 4180 1874 4220 cum
1904 4180 2142 4237 semper

421 4297 424 4300 .
491 4252 554 4308 in
585 4267 712 4308 sese
745 4253 874 4324 ipsa
912 4252 1008 4320 sit,
1063 4267 1300 4326 semper
1354 4269 1462 4310 sua
1525 4253 1712 4324 ipsius
1770 4257 1970 4310 mente
2008 4254 2139 4310 luce

489 4345 666 4410 atque
725 4341 936 4412 spiritu
987 4342 1266 4398 universa
1321 4343 1606 4398 continet.
1656 4343 1752 4398 87
1803 4343 1981 4400 Extra
2009 4359 2140 4402 eam

489 4433 755 4485 mentem
786 4445 981 4502 neque
1011 4431 1160 4487 deus
1179 4436 1270 4487 est
1296 4447 1494 4503 neque
1526 4431 1996 4504 angelus,neque
2025 4433 2140 4490 dae-

488 4535 651 4585 mon,
686 4535 879 4590 neque
909 4519 1026 4576 alia
1051 4520 1178 4576 ulla
1207 4520 1722 4578 natura.0mnium
1753 4521 1914 4577 enim
1934 4521 2136 4577 Domi-

486 4625 601 4665 nus
631 4609 788 4664 Deus
819 4614 880 4664 et
906 4610 1080 4666 Pater
1126 4613 1233 4666 est.
1268 4609 1384 4666 Sub
1432 4610 1564 4682 ipso
1595 4615 1654 4666 et
1683 4610 1746 4666 in
1775 4610 1904 4682 ipso
1931 4611 2136 4667 omnia

491 4703 650 4755 sunt.
684 4699 886 4754 Sermo
933 4699 1092 4754 enim
1149 4699 1358 4770 ipsius,
1391 4700 1490 4772 qui
1523 4700 1823 4772 perfectus
1861 4699 2140 4757 omnibus

489 4788 682 4844 modis
713 4793 806 4843 est
833 4793 892 4844 et
920 4788 1208 4844 fecundus
1237 4804 1306 4845 ac
1347 4782 1563 4862 Opifex',
1594 4788 1668 4844 ab
1709 4789 1838 4858 ipsa
1863 4803 2138 4861 progres-

489 4893 591 4933 sus
615 4882 815 4932 mente
846 4877 1027 4949 inque
1057 4893 1296 4948 aquam,
1327 4877 1499 4948 cujus
1528 4883 1620 4934 est
1661 4877 1875 4935 fertilis
1904 4881 2138 4946 natura,

488 4965 780 5031 incidens,
815 4967 995 5022 fetam
1029 4983 1243 5038 aquam
1273 4965 1555 5024 reddidit.
1587 4989 1614 5014 »
1651 4967 1784 5022 Haec
1811 4966 1968 5022 fatus
1998 4967 2142 5022 Her-

490 5071 616 5110 mes
649 5055 732 5110 sic
763 5061 1036 5127 precatus
1069 5061 1194 5111 est:
1229 5079 1256 5104 «
1281 5055 1503 5129 Adjuro
1525 5061 1604 5121 te,
1629 5055 1758 5110 caeli
1786 5056 1979 5128 magni
2012 5055 2142 5127 opi-

491 5145 626 5200 fex:
660 5145 868 5217 adjuro
900 5149 978 5211 te,
1031 5161 1142 5199 vox
1196 5146 1407 5213 Patris,
1441 5160 1618 5216 quam
1647 5144 1904 5216 primam
1935 5143 2140 5210 edidit,

491 5235 860 5308 unigenitum
891 5250 1066 5290 suum
1090 5234 1365 5304 Verbum,
1389 5235 1681 5308 propitius
1710 5240 1908 5291 esto.»
1931 5236 2143 5291 Beatus

2221 1935 2481 1988 Ὠκεανοῦ
2537 1935 2710 1986 πᾶσαν
2770 1931 2870 2000 τὴν
2925 1937 3028 2006 γῆν
3081 1927 3444 2004 παρείληφεν.
3503 1928 3640 1986 Ἐπὶ
3692 1925 3750 1982 δὲ
3796 1927 3883 1994 τήν

2225 2022 2489 2099 ’Λφρικήν
2552 2021 2902 2099 ὑποστρέφων
2973 2019 3048 2081 εἷς
3119 2017 3182 2072 τὸ
3242 2023 3490 2091 μαντεῖον
3566 2016 3882 2082 ἐπυνθάνετο

2223 2111 2309 2174 τίς
2339 2111 2446 2185 πρὸ
2499 2111 2667 2166 αὐτοῦ
2716 2109 2807 2164 καὶ
2863 2109 2946 2172 τίς
3011 2114 3126 2181 μετ’
3181 2107 3343 2163 αὐτὸν
3389 2107 3544 2163 οὕτω
3577 2105 3882 2178 δυνήσεται·

2227 2202 2454 2258 ἀκοῦσαι
2487 2198 2544 2256 δὲ
2571 2205 2668 2256 τοῦ
2698 2203 2960 2280 χρησμοῦ
3019 2200 3216 2259 οὕτως’
3251 2223 3279 2251 ι(
3332 2187 3532 2274 Πρῶτά
3581 2198 3716 2260 Θεὸς
3756 2195 3882 2268 (36),

2234 2291 2522 2364 μετεπειτα
2581 2288 2770 2365 λόγος,
2819 2288 2907 2344 καὶ
2964 2293 3178 2361 πνεῦμα
3235 2287 3328 2342 σὺν
3385 2287 3602 2350 αὐτοῖς’
3639 2287 3886 2364 σύμφυτα

2233 2376 2289 2434 δέ
2323 2379 2424 2434 εἶσι
2452 2376 2598 2448 τάδε,
2632 2379 2706 2434 ὢν
2760 2379 2956 2454 κράτος
3005 2377 3248 2434 αἰώνιον.
3303 2375 3482 2432 Ὠκέσι
3512 2397 3652 2432 ποσι
3684 2371 3882 2450 βάδιζε,

2231 2466 2410 2536 θνητέ,
2447 2462 2652 2535 Ξὶδηλον
2687 2461 2914 2520 διανῦων
2947 2464 3090 2539 βίον.
3127 2487 3154 2516 ››
3197 2465 3405 2520 Τοῦτον
3435 2462 3600 2527 εὐθὺς
3630 2465 3729 2516 τοῦ
3761 2479 3883 2533 μαν-

2231 2553 2384 2610 τείου
2416 2552 2780 2628 ἐξεληλυθότα
2826 2554 2878 2607 o't
2924 2549 3054 2608 ἷ¹διοι
3111 2549 3164 2606 ἐν
3219 2551 3358 2625 αὐτῇ
3388 2555 3456 2626 τῇ
3489 2553 3736 2628 Ἀφρικῇ
3767 2569 3882 2603 κατ-

2235 2644 2480 2722 έσφαξαν.
2513 2643 2660 2699 Μετᾶ
2708 2639 2766 2698 δὲ
2822 2646 3018 2698 τοῦτοο
3080 2641 3384 2717 Σέσωστρις
3425 2645 3536 2695 τῶν
3569 2637 3880 2716 Αἲγυπτίων

2234 2734 2323 2790 ἐπὶ
2363 2733 2562 2790 εἴκοσιν
2615 2728 2708 2804 ἔτη
2767 2728 3136 2791 ἓϐασίλευσεν.
3197 2733 3372 2808 Οὗτος
3431 2731 3762 2808 Ἀσσυρίους
3804 2727 3882 2782 καί

2235 2821 2543 2886 Χαλδαίους
2591 2824 2678 2879 καὶ
2741 2822 2944 2898 Πέρσας
3001 2817 3106 2886 ἕως
3161 2808 3492 2884 Βαϐυλῶνος
3521 2820 3775 2890 ὑπέταξε,
3802 2817 3884 2872 καὶ

2235 2915 2335 2984 τὴν
2395 2911 2602 2982 Ἀσίαν,
2659 2911 2954 2987 Εὐρώπην,
3013 2913 3104 2968 καὶ
3199 2913 3406 2968 Μυσίαν
3487 2912 3583 2967 καὶ
3643 2909 3882 2965 Σκυθίαν.

2236 3001 2611 3083 Ὑποστρέφων
2668 2999 2725 3058 δὲ
2783 2999 3070 3058 δεκαπέντε
3129 2999 3388 3076 χιλιάδας
3445 2998 3658 3078 ἀνδρῶν
3718 2995 3887 3054 νεανί-

2239 3116 2405 3162 σκων,
2458 3098 2676 3158 Σκυθῶν
2726 3091 3136 3167 μαχιμωτάτων
3194 3085 3522 3161 ἐπιλέκτων,
3555 3088 3612 3145 ἐν
3657 3091 3727 3162 τῇ
3760 3092 3888 3160 Περ-

2242 3189 2370 3260 σικῇ
2418 3187 2491 3260 γῇ
2539 3183 2860 3256 κατῴκισεν.
2921 3180 3042 3238 Ἐπὶ
3099 3179 3296 3236 τούτου
3351 3180 3564 3255 Ἑρμῆν
3623 3199 3781 3256 φασιν
3837 3175 3881 3230 ἐν

2243 3271 2506 3349 Αἰγύπτῳ
2561 3269 2868 3343 θαυμαστὸν
2927 3267 3092 3343 ἄνδρα
3145 3269 3452 3343 γνωσθῆναι
3509 3269 3604 3323 καὶ
3666 3261 3886 3340 φοϐερὸν

2241 3359 2329 3416 ἐπὶ
2361 3357 2538 3436 σοφίᾳο
2601 3359 2662 3418 ’ὸς
2717 3351 2913 3434 ἔφρασε
2963 3361 3109 3432 τρεῖς
3171 3356 3430 3434 μεγίστας
3458 3355 3602 3411 εἶναι
3637 3353 3882 3426 δυνάμεις

2239 3452 2336 3504 τοῦ
2369 3449 2720 3521 Δημιουργοῦ
2769 3449 2878 3500 τῶν
2932 3445 3079 3500 ὅλων
3132 3445 3287 3517 Θεοῦ,
3334 3446 3460 3518 μίαν
3495 3445 3734 3515 θεότητα
3762 3441 3882 3495 εἶναι

2243 3541 2380 3596 εἴπεο
2441 3537 2526 3592 διὸ
2583 3537 2670 3591 καὶ
2729 3538 3122 3612 Τρισμέγιστος
3177 3538 3388 3610 Ἑρμῆς
3445 3535 3880 3606 κατωνόμασται.

2240 3630 2338 3689 "Oc
2367 3624 2515 3680 οὕτω
2547 3625 2681 3700 πρός
2737 3645 2854 3679 τινα
2908 3624 3243 3695 Ἀσκληπιὸν
3276 3623 3459 3686 αὐτοῖς
3491 3625 3560 3699 ρή
3573 3643 3734 3697 μασιν
3766 3614 3880 3697 ἔφη·

2247 3740 2270 3768 ι
2303 3717 2405 3774 Ἦν
2435 3719 2550 3791 φῶς
2581 3714 2766 3789 νοερὸν
2797 3713 2905 3788 πρὸ
2963 3715 3146 3786 φωτὸς
3193 3717 3403 3788 νοεροῦ,
3437 3713 3524 3768 καὶ
3557 3713 3628 3782 ἦν
3657 3709 3738 3767 ἀεὶ
3767 3710 3882 3766 νοῦς

2240 3809 2333 3861 νοῦ
2363 3803 2554 3873 αἴτιον,
2581 3802 2672 3858 καὶ
2703 3800 2857 3858 οὐδὲν
2905 3796 3084 3878 ἕτερον
3144 3801 3210 3871 ἦν
3269 3803 3306 3873 ἢ
3365 3803 3400 3870 ἡ
3453 3801 3656 3857 τούτου
3685 3799 3880 3866 ἑνότης.

2241 3893 2357 3953 Ἀεὶ
2388 3891 2440 3949 ἐν
2482 3892 2630 3964 αὖτῷ
2686 3886 2759 3946 ὤν
2819 3889 2900 3946 ἀεὶ
2955 3895 3036 3962 τῷ
3093 3891 3289 3945 δαυτοῦ
3345 3890 3432 3944 νοῒ
3486 3889 3579 3945 καὶ
3637 3882 3880 3970 φωτίκαί

2242 3983 2510 4056 πνεύματι
2563 3981 2737 4060 πάντα
2791 3980 3058 4054 περιέχει.
3119 3979 3308 4040 Ἐκτὸς
3375 3978 3574 4034 τούτου
3627 3977 3690 4033 οὗ
3743 3973 3880 4038 Θεὸς,

2245 4072 2344 4130 οὐκ
2371 4066 2626 4148 ἅγγελος,
2657 4069 2724 4124 οὔ
2756 4067 2988 4142 δαίμων,
3021 4068 3121 4124 οὒκ
3166 4067 3324 4124 οὐσία
3351 4089 3435 4130 τις
3467 4065 3642 4139 ἄλλον
3678 4067 3878 4120 πάντων

2241 4162 2342 4240 γὰρ
2400 4163 2596 4236 Κύριος
2651 4161 2738 4216 καὶ
2801 4160 2928 4221 Θεὸς
2984 4159 3074 4214 καὶ
3151 4159 3360 4233 Πατήρ·
3421 4158 3514 4213 καὶ
3572 4157 3744 4213 πάντα
3801 4149 3880 4206 ὑπ’

2242 4255 2411 4310 αὐτοῦ
2440 4251 2528 4308 καὶ
2559 4253 2612 4308 ἐν
2642 4251 2792 4324 αὐτῷ
2849 4249 3011 4305 ἐστιν.
3067 4249 3126 4303 '0
3182 4250 3286 4325 γὰρ
3347 4248 3520 4324 λόγος
3561 4248 3727 4304 αὐτοῦ
3757 4259 3878 4318 προ-

2243 4341 2416 4408 ελθὼν
2470 4339 2786 4400 παντέλειος
2837 4338 2929 4394 καὶ
2985 4357 3213 4414 γονιμος
3275 4336 3362 4392 καὶ
3421 4335 3784 4413 δημιουργὸς,
3833 4327 3880 4382 ἓν

2241 4452 2457 4510 γονιμῳ
2501 4429 2654 4508 φύσει
2701 4428 2878 4484 πεσὼν
2929 4431 3066 4499 (37),
3124 4425 3176 4480 ἐν
3223 4427 3441 4502 γονίμῳ
3486 4423 3664 4492 ὕδατι,

2243 4507 2307 4578 τὸ
2335 4518 2482 4594 ’ὐδιυρ
2515 4507 2807 4589 εποίησεν.
2839 4539 2866 4572 ι
2927 4518 3120 4578 Οὕτως
3171 4516 3339 4572 εἰπὼν
3371 4516 3399 4571 6
3427 4516 3642 4590 Ἑρμῆς
3668 4507 3877 4584 ηὔξατο·

2241 4634 2270 4666 ‹‹
2300 4609 2536 4684 Ὁρκίξω
2567 4629 2646 4675 σε,
2705 4607 2936 4682 οὐρανοῦ
2993 4605 3236 4681 μεγάλου
3301 4603 3525 4681 ἐργάται,
3579 4601 3780 4680 ὁρκίζω
3809 4616 3880 4652 σε»

2249 4700 2404 4774 φωνὴ
2455 4697 2664 4768 Πατρὸς
2714 4696 2781 4765 ἤν
2828 4693 3123 4774 ἐφθέγξατο
3183 4695 3430 4770 πρώτην,
3480 4694 3574 4750 τὸν
3631 4689 3878 4774 μονογενῆ

2251 4772 2412 4866 λόγον
2464 4788 2663 4858 αὐτῶ,
2698 4772 2877 4846 ⁴ίλεως
2917 4779 3028 4840 ἔσο.
3065 4808 3093 4834 ››
3148 4787 3274 4842 Τῶν
3321 4787 3515 4862 φωνῶν
3559 4781 3763 4839 τούτων
3799 4772 3879 4832 καὶ

2251 4879 2280 4932 6
2309 4878 2454 4953 ἱερὸς
2487 4872 2768 4949 Κύριλλος
2797 4873 3044 4949 ἐμνήσθη
3095 4873 3261 4928 εἰπὼν
3300 4873 3388 4928 ὃτι
3417 4872 3505 4928 καὶ
3537 4873 3566 4928 6
3595 4867 3876 4953 Τρισμέγιῗ

2253 4949 2378 5029 στος
2408 4967 2619 5040 Ἑρμῆς
2651 4959 2860 5037 Τριάδα
2889 4960 3196 5040 ὡμολόγει.
3241 4963 3304 5020 Ὀ
3334 4959 3392 5016 δὶ
3424 4961 3726 5036 Σέσωστρις
3759 4949 3879 5028 μετά

2250 5056 2350 5124 τήν
2401 5055 2557 5125 νίκην
2611 5053 2710 5121 τὴν
2767 5050 3036 5126 Αἴγυπτον
3103 5046 3428 5108 καταλαϐὼν
3479 5049 3721 5119 τελευτᾷ.
3771 5045 3874 5100 Ἀν-

2251 5145 2377 5214 έστη
2439 5141 2496 5198 δὲ
2551 5143 2662 5216 μετ’
2718 5141 2880 5197 αὐτὸν
2942 5141 3200 5216 βασιλεὺς
3253 5139 3334 5197 ἐπ’
3385 5138 3660 5216 Αἴγυπτον
3693 5128 3876 5206 Φαραὼ

2253 5234 2282 5288 6
2313 5234 2404 5289 καὶ
2435 5232 2667 5307 Ναρεχὼ
2724 5229 3087 5305 καλούμενος,
3144 5231 3416 5305 κρατήσας
3463 5223 3580 5300 ἔτη,
3638 5224 3711 5288 ὥς
3739 5239 3870 5299 φασιν

1689 5359 2055 5416 XYLANDBI
2093 5361 2182 5416 ET
2221 5359 2438 5418 GOARI
2475 5358 2699 5416 NOTE.

561 5492 672 5561 (36)
705 5490 918 5544 Versus
950 5491 1090 5542 sunt
1116 5486 1346 5561 confusi
1377 5487 1696 5561 inﬁrmoo,
1727 5501 1981 5557 quorum
2013 5501 2142 5541 sen-

491 5557 742 5620 tentiam
774 5562 1021 5616 conatus
1051 5575 1180 5614 sum
1215 5560 1410 5615 edere.
1443 5557 1576 5613 XYL.

564 5631 882 5706 (37lgApud
911 5630 1151 5686 Suidam
1181 5631 1242 5706 i_n
1269 5630 1484 5706 Ἑρμῆς
1516 5629 1642 5706 haec
1668 5628 1903 5706 eadem,
1933 5626 2136 5706 paucis

490 5694 776 5775 mutatis;
791 5703 1152 5760 referuntur.
1177 5702 1289 5759 Sed
1319 5694 1526 5758 vitioso
1555 5697 1638 5758 ibi
1667 5699 1886 5774 legitur
1913 5694 2041 5760 παῖς
2063 5694 2140 5752 ὤν

2248 5482 2524 5573 agit-sicut
2563 5489 2766 5573 contra
2811 5501 2928 5573 nos
2948 5485 3158 5573 vitiose
3207 5482 3380 5573 εαυτῷ
3417 5483 3869 5573 nauigante-‘22

2245 5553 2392 5625 αὐτῷ
2415 5555 2797 5638 habebamus.
2821 5554 2934 5612 Sed
2956 5562 3012 5611 et
3035 5556 3293 5628 precatio
3314 5553 3471 5627 apud
3487 5555 3718 5612 Suidam
3737 5557 3872 5601 non—

2249 5627 2400 5684 nihil
2431 5633 2635 5684 vanat.
2671 5628 2809 5682 XYL.

4041 1595 4043 1696 ἰ

4041 1697 4043 1790 ψ

4041 1945 4043 2030 1
