4094 6292
199 347 272 406 68
1326 344 1865 407 HISTORIABUM
1913 343 2429 408 GOMPENDIUM
2441 391 2454 406 .
3537 352 3620 411 66

202 478 568 549 πεντήκοντα·
631 478 692 537 ὲκ
767 478 960 537 τούτου
1010 481 1061 535 οἱ
1116 478 1224 535 ἀπὸ
1278 481 1375 534 τοῦ
1457 474 1646 552 γένους
1695 475 1852 533 αὐτοῦ

1975 494 2212 551 quoque
2242 477 2498 551 Cyrillus
2529 478 2740 535 harum
2790 494 2999 536 vocum
3046 479 3421 538 mentionem
3460 482 3621 552 fecit,

202 568 570 641 καταγόμενοι
637 568 880 645 βασιλεῖς
938 569 1142 644 Φαραὼ
1198 567 1687 645 προσαγορύονται.
1716 568 1858 629 Ἕως

204 653 310 712 ὧδε
338 659 394 712 αἱ
422 662 537 713 τῶν
566 660 883 737 Αἰγυπτίων
915 657 1207 736 βασιλεῖαι.

1971 567 2176 624 dicens
2195 567 2354 638 quod
2377 569 2555 624 etiam
2577 569 2821 623 Hermes
2842 570 3261 642 Trismegistus
3272 571 3620 627 Trinitatem

1969 656 2046 711 sit
2102 656 2430 713 confessus.
2492 658 2783 713 Caaterum
2842 658 3125 715 Sesostris
3177 665 3348 731 parta
3378 660 3624 716 victoria

200 749 513 820 Aigyptum
574 751 828 823 adeptus
878 751 1132 808 decessit
1181 750 1313 806 vita.
1365 752 1504 806 Post
1547 763 1684 805 eum
1727 763 1831 802 rex
1875 745 2105 801 Pharao
2156 747 2402 816 exstitit,
2448 746 2550 818 qui
2594 752 2653 802 et
2723 748 2985 803 Narecho
3043 749 3278 806 dicitur.
3338 751 3620 824 Regnavit

201 852 407 906 annos,
436 844 508 895 ut
537 840 738 910 aiunt,
769 841 1217 914 quinquaginta.
1250 840 1337 897 Ab
1366 841 1480 896 hoc
1508 853 1694 912 genus
1727 835 2010 892 ducentes
2035 851 2201 907 reges
2231 836 2570 893 Pharaones
2615 837 2899 908 appellati
2955 843 3113 895 sunt.
3174 839 3469 896 Hactenus
3526 857 3620 895 re-

198 942 381 998 gnum
409 929 853 1003 Egyptiorum.

274 1016 361 1074 Ἐν
395 1013 455 1071 δὲ
484 1022 612 1080 τοῖς
646 1020 871 1094 χρόνοις
921 1020 1093 1076 ΙΙίκου
1149 1023 1247 1075 τοῦ
1303 1017 1392 1075 καὶ
1451 1016 1575 1080 Διὸς
1623 1012 1857 1094 ἀνεφάνη

200 1125 282 1166 τις
310 1102 371 1160 ἐκ
390 1112 498 1175 τῆς
528 1107 717 1185 φυλῆς
746 1113 844 1165 τοῦ
872 1108 1050 1187 Ἰάφεθ
1081 1107 1132 1165 ἂν
1194 1110 1356 1185 χώρᾳ
1411 1112 1519 1164 τῶν
1578 1103 1859 1180 Ἀργείων,

202 1192 415 1269 Ἴναχος
456 1192 788 1271 λεγόμενος.
845 1199 930 1272 [9,
957 1199 1050 1272 21]
1105 1200 1200 1260 Ὃς
1253 1198 1342 1253 καὶ
1399 1197 1451 1252 ἐν
1505 1194 1640 1268 αὐτῇ
1705 1194 1860 1270 βασι-

200 1281 391 1346 λεύσας
420 1284 601 1354 κτίζει
645 1284 810 1342 πόλιν
843 1285 931 1343 Ἰὼ
987 1286 1076 1343 καὶ
1133 1284 1389 1345 Ἰώπολιν
1455 1283 1678 1341 ἐκάλεσε
1730 1282 1858 1338 ταύ-

197 1392 293 1443 την
331 1370 409 1436 εἰς
470 1368 663 1448 ὄνομα
725 1383 825 1446 τῆς
880 1375 1139 1447 σελήνης·
1195 1377 1248 1432 οἱ
1304 1376 1408 1454 γὰρ
1468 1375 1709 1450 Ἀργεῖοι
1759 1372 1859 1439 τήν

198 1461 429 1533 σελήνην
465 1464 561 1520 Ἰὼ
604 1463 893 1522 καλοῦσιν.
926 1466 1099 1541 Ἔσχε
1158 1462 1216 1521 δὲ
1272 1465 1363 1521 καὶ
1412 1464 1676 1540 θυγατέρα
1738 1463 1855 1519 Ἰώ·

197 1547 254 1604 ἐκ
282 1548 488 1619 ταύτης
519 1552 550 1606 ὁ
583 1553 721 1617 Ζεὺς
777 1551 1040 1628 θυγατέρα
1090 1550 1220 1629 ἔσχε
1270 1554 1370 1622 τήν
1426 1548 1655 1625 Λιϐύην.
1702 1552 1853 1622 Αὕτη

197 1639 349 1706 ἡἺὼ
380 1639 501 1695 ἐπεὶ
550 1640 726 1718 ἐμίγη
784 1647 864 1714 τῷ
921 1641 1026 1714 Διὶ,
1086 1641 1440 1720 αἰσχυνθεῖσα
1503 1641 1594 1731 τὸν
1651 1639 1855 1715 πατέρα

196 1726 369 1804 φεύγει
402 1728 482 1790 εἷς
514 1728 827 1807 Αἴγυπτον,
877 1730 1049 1788 ἐκεῖσε
1103 1730 1160 1786 δὲ
1212 1733 1304 1787 τὸν
1356 1726 1566 1807 Ἐρμῆν
1626 1729 1856 1806 βασιλέα

196 1817 418 1892 εὐροῦσα
447 1818 570 1876 ἐπεὶ
604 1822 673 1876 τὸ
706 1819 937 1878 Σίλπιον
969 1820 1097 1899 ὅρος
1122 1829 1224 1894 τῆς
1270 1821 1469 1898 Συρίας
1518 1816 1851 1896 μεταϐαίνει,

2042 1015 2328 1085 Tempore
2357 1014 2501 1084 Pici,
2534 1015 2635 1087 qui
2667 1020 2726 1070 et
2749 1016 2976 1088 Jupiter
3022 1024 3339 1089 usurpatas
3384 1024 3495 1088 est,
3554 1020 3617 1077 in

1967 1103 2318 1176 Argivorum
2333 1103 2572 1178 regione
2597 1105 2842 1179 quidam
2864 1106 2935 1161 de
2955 1107 3145 1179 Japeti
3167 1108 3349 1180 stirpe
3373 1109 3618 1179 exstitit,

1969 1193 2210 1250 nomine
2235 1193 2511 1249 Inachus.
2538 1195 2643 1250 Hic
2664 1211 2845 1267 regno
2870 1197 3218 1269 Argivorum
3264 1199 3484 1269 potitus
3517 1214 3616 1254 ur-

1967 1279 2104 1337 bem
2131 1284 2191 1337 lo
2209 1282 2498 1351 condidit,
2555 1289 2613 1339 et
2654 1283 2907 1355 lopolim
2945 1284 3112 1341 illam
3142 1287 3365 1342 vocavit
3395 1304 3429 1343 a
3456 1287 3617 1344 luna

1968 1371 2250 1438 nomine;
2285 1372 2429 1429 luna
2460 1374 2577 1428 eim
2607 1375 2667 1428 Io
2702 1373 2775 1429 ab
2806 1373 3033 1447 Argivis
3084 1376 3447 1433 nominatur.
3506 1378 3623 1433 Ha-

1966 1457 2097 1514 buit
2127 1465 2184 1515 et
2213 1460 2400 1518 filiam
2432 1464 2488 1516 lo
2520 1463 2788 1529 nomine,
2847 1480 2921 1518 ex
2977 1481 3097 1535 qua
3144 1466 3371 1538 Jupiter
3431 1466 3618 1522 filiam

1965 1548 2208 1621 Libyam
2242 1552 2500 1620 sustulit,
2528 1554 2668 1624 .Ipsa
2697 1554 2757 1608 lo
2805 1553 3165 1610 verecundia
3193 1556 3400 1626 patris,
3456 1555 3619 1627 quod

1966 1654 2101 1694 cum
2130 1640 2265 1696 Jove
2298 1641 2738 1711 concubuisset,
2799 1643 2862 1697 in
2917 1645 3227 1716 Aigyptum
3274 1645 3470 1717 fugit;
3516 1645 3619 1701 ubi

1963 1744 2099 1784 cum
2124 1729 2480 1789 Mercurium
2515 1749 2713 1804 regem
2744 1732 3090 1800 invenisset,
3123 1735 3186 1791 in
3208 1735 3500 1808 Silphium
3526 1738 3622 1808 Sy-

1962 1821 2064 1879 ria
2089 1829 2355 1879 montem
2388 1825 2554 1890 abiit,
2588 1825 2688 1880 ubi
2720 1832 2929 1897 postea
2958 1827 3060 1883 88
3083 1828 3368 1900 temporis
3411 1828 3618 1883 Seleu-

194 1881 324 1963 δπου
370 1908 660 1975 Σέλευκος
717 1913 746 1966 6
804 1881 1067 1970 Mansdi
1122 1881 1364 1987 ὕστερον⁸
1396 1911 1472 1974 εἷς
1528 1909 1705 1985 ὄνομα
1753 1915 1852 1967 τοῦ

1963 1926 2065 1965 cus
2097 1912 2333 1970 Macedo
2367 1930 2640 1986 magnam
2672 1915 3047 1971 Antiochiam
3078 1916 3152 1972 de
3203 1917 3311 1972 tilii
3370 1918 3616 1974 nomine

192 1997 327 2056 ἰδίου
378 2002 505 2057 υἱοῦ
564 2003 676 2072 τὴν
731 2003 979 2078 μεγάλην
1045 2004 1386 2079 Ἀντιόχειαν
1465 1999 1848 2077 ᾠκοδόμησεν.

190 2091 329 2147 Ἐκεῖ
356 2089 448 2146 οῦν
483 2094 520 2161 ἠ
556 2094 655 2148 Ἰὼ
689 2091 934 2165 τελευτᾷ.
995 2099 1218 2169 Ἴναχος
1248 2090 1307 2149 δὲ
1345 2093 1373 2148 6
1411 2092 1615 2165 ταύτης
1668 2094 1851 2168 πατὴρ

196 2176 435 2243 πολλοὺς
467 2181 547 2244 εἰς
576 2182 916 2254 ἀναζήτησιν
944 2184 1113 2253 αὐτῆς
1154 2181 1482 2261 πεπομφὼς,
1535 2180 1682 2239 ἀλλὰ
1739 2184 1849 2258 μὴν

196 2269 279 2323 καὶ
310 2269 435 2334 τοὺς
462 2271 648 2341 αὐτῆς
680 2268 975 2350 ἀδελφοὺς,
1013 2272 1403 2350 παρήγγειλεν,
1462 2273 1509 2328 εἱ
1567 2274 1646 2346 μὴ
1679 2273 1851 2342 αὐτὴν

201 2357 462 2433 ἀγάγοιεν,
499 2357 653 2432 μηδέ
681 2360 879 2425 αὐτοὺς
925 2361 1262 2428 ἐπανελθεῖν.
1320 2362 1388 2419 Οἱ
1449 2359 1506 2416 δὲ
1553 2362 1654 2431 τὴν
1688 2360 1852 2437 Αἴγυ-

199 2469 322 2504 πτον
350 2444 637 2513 διαϐάντες
671 2452 764 2506 καὶ
803 2452 940 2528 πρὸς
965 2453 1167 2526 Συρίαν
1217 2450 1464 2516 ἰλθόντες
1521 2447 1651 2528 ὄναρ
1711 2463 1852 2517 θεω-

206 2540 343 2611 ροῦσι
372 2534 616 2610 δάμαλιν
682 2539 993 2615 ἀνθρωπίνῃ
1048 2543 1204 2618 φωνῇ
1255 2540 1707 2619 χρηματίζουσαν
1759 2543 1854 2597 οὓ-

208 2644 320 2686 τως
376 2652 402 2678 u
427 2625 658 2692 Ὲνθάδε
724 2627 841 2701 εἰμὶ
904 2628 1010 2702 ἐγὼ
1039 2632 1075 2699 ἡ
1108 2631 1217 2687 Ἰώ.
1253 2654 1280 2681 υ
1330 2630 1730 2694 Διτπνισθέντες
1764 2629 1854 2686 οὖν

213 2711 312 2768 ἐκεῖ
348 2715 486 2789 ἱερὸν
569 2717 669 2772 καὶ
718 2717 933 2794 πόλιγ,
1088 2719 1178 2773 καὶ
1247 2718 1467 2776 Ἰώπλιν
1537 2721 1847 2794 ὼνόμησαν,

218 2801 667 2877 οἰκοδομήσαντες
701 2803 939 2879 ἔμειναν,
974 2808 1051 2880 μὴ
1104 2806 1422 2881 τολμῶντες
1444 2809 1579 2884 πρὸς
1632 2812 1851 2885 Ἴναχον

219 2889 504 2949 ἐπανελθεῖν
556 2890 746 2965 Λιϐύη
809 2892 867 2951 δὲ
914 2898 949 2965 ἡ
992 2896 1234 2972 θυγάτηρ
1277 2898 1466 2966 αὐτῆς,
1522 2899 1588 2969 ἢν
1642 2898 1701 2954 ἐκ
1726 2900 1850 2962 Διὸς

222 2973 379 3056 ἔσχεν,
405 2980 662 3058 ἐγαμήθη
702 2981 1000 3041 Ηοσειδῶνι
1039 2988 1120 3057 τῷ
1149 2985 1361 3060 Κρόνου
1397 2987 1491 3060 μὶν
1546 2986 1671 3059 υἱῷ,
1699 2985 1857 3044 ἀδελ-

227 3073 303 3144 φῷ
328 3066 382 3124 δὲ
404 3070 541 3135 Διός.
592 3072 827 3134 Τούτοις
856 3079 1001 3147 τρεῖς
1054 3071 1265 3145 παῖδες,
1323 3075 1575 3151 Ἀγήνωρ
1641 3077 1732 3132 καὶ
1766 3077 1857 3135 Βέ-

233 3157 322 3220 λος
368 3162 452 3215 καὶ
500 3160 788 3226 Ἐνυᾶλιος
846 3161 1162 3239 ἐνέχθησαν.
1223 3169 1314 3219 Ὧν
1348 3165 1376 3219 6
1407 3164 1577 3225 Βέλος
1630 3167 1724 3237 μὲν
1755 3167 1854 3235 τὴν

243 3246 360 3303 Σίόα
384 3252 697 3326 γεγάμηκεν,
738 3254 832 3328 ἀφ’
861 3256 927 3323 ἧς
975 3254 1247 3329 Αἴγυπτον
1303 3256 1392 3311 καὶ
1452 3256 1655 3311 Δαναὸν
1698 3251 1858 3334 ἔσχεν

250 3338 404 3406 υἱοὺς,
428 3338 475 3410 ἐξ
516 3341 572 3396 οὗ
626 3343 715 3398 καὶ
776 3346 810 3412 ἡ
846 3344 1004 3419 χώρα
1064 3341 1338 3418 Αἴγυπτος
1381 3342 1665 3415 κέκληται⁸
1704 3345 1733 3400 6
1762 3347 1852 3403 Ἀ·

247 3428 407 3502 γήνωρ
433 3426 483 3485 δὲ
508 3432 590 3487 ἐπὶ
618 3435 724 3502 τήν
758 3433 1014 3504 Φοινίκη,
1047 3432 1221 3498 ἐλθὼν
1250 3434 1490 3509 ἠγάγετο
1519 3435 1619 3503 τήν
1666 3436 1853 3509 Τυρὼ,

240 3514 285 3585 ἐξ
328 3520 384 3587 ἧς
431 3519 647 3594 Κάδμος
711 3524 968 3598 ἐγεννήθη
1027 3524 1118 3579 καὶ
1163 3524 1350 3595 Φοῖνιξ
1390 3525 1476 3579 καὶ
1536 3524 1710 3600 Σύρος
1763 3517 1854 3580 καὶ

232 3605 370 3678 Κίλιξ
394 3610 477 3664 καὶ
532 3612 785 3687 θυγάτηρ
847 3613 1088 3687 Εὐρώπη
1147 3611 1493 3686 καλουμένη.
1556 3614 1738 3684 Κτίζει
1797 3612 1855 3671 δὲ

227 3695 445 3772 Ἀγήνωρ
472 3701 575 3769 τὴν
606 3701 805 3774 Τύρον,
845 3699 928 3757 ἐπ’
985 3702 1214 3775 ὀνόματι
1270 3702 1478 3777 Τύροῦς
1534 3710 1634 3773 τῆς
1686 3706 1855 3760 αὐτοῦ

220 3793 455 3857 γαμετῆς,
489 3787 776 3862 βασιλεύει
815 3787 873 3845 δὲ
925 3793 1033 3845 τῶν
1081 3796 1258 3866 μερῶν
1317 3791 1538 3848 ἐκείνων
1599 3787 1695 3863 ἔτη
1753 3794 1855 3868 ξγ’.

223 3876 340 3928 Φασὶ
372 3873 427 3931 ὂὶ
452 3877 546 3932 τὸν
572 3881 785 3952 Ταῦρον
815 3884 932 3941 τοῖς
964 3879 1193 3958 χρόνοις
1223 3878 1449 3943 ἐκείνοις
1486 3887 1587 3951 τῆς
1634 3884 1854 3957 Κρήτης

228 3961 585 4039 βασιλεύοντα,
611 3968 897 4047 ναυμαχίᾳ
952 3970 1089 4023 κατὰ
1139 3975 1241 4039 τῆς
1298 3969 1476 4045 Τύρου
1534 3969 1855 4044 ἔπιθέμενον

223 4055 305 4105 τοῦ
330 4056 627 4130 Ἀγήνορος
659 4054 915 4132 ἀλλαχοῦ
960 4058 1097 4131 μετὰ
1149 4064 1253 4127 τῆς
1314 4057 1516 4122 οἰκείας
1572 4056 1853 4132 δυνάμεως

225 4139 445 4216 πόλεμον
472 4146 832 4218 ποιουμένου,
882 4147 1017 4222 πρὸς
1076 4146 1303 4223 ἑσπέραν
1351 4148 1450 4217 τὴν
1482 4147 1651 4220 Τόρον
1687 4147 1855 4220 ἑλεῖν,

224 4226 408 4294 ἄλλους
439 4254 492 4289 τε
519 4231 777 4297 πολλοὺς
823 4234 1222 4309 αἰχμαλώτους
1253 4237 1344 4292 καὶ
1377 4235 1445 4307 δὴ
1474 4238 1565 4292 καὶ
1622 4239 1720 4307 τήν
1748 4239 1856 4295 Εὐ-

226 4321 392 4391 ρώπην
449 4323 720 4399 θυγατέρα
771 4324 1089 4399 ⁸Λγήνορος,
1142 4326 1210 4395 ἢν
1268 4327 1354 4381 καὶ
1409 4332 1634 4401 γυναῖκα
1688 4348 1853 4398 ποιη-

222 4408 424 4480 σάμενος
461 4417 642 4468 πᾶσαν
695 4413 796 4481 τὴν
823 4415 924 4487 γήν
988 4414 1165 4491 Ἰάφεθ
1219 4414 1491 4489 Εὐρώπην
1549 4416 1852 4489 ὠνόμασεν,

223 4494 382 4580 ᾦσπερ
406 4494 620 4571 Λιϐύην
656 4502 685 4555 ὁ
716 4498 991 4558 Ποσειδῶν
1041 4504 1143 4573 τὴν
1181 4507 1279 4558 τοῦ
1309 4504 1444 4577 Χὰμ
1472 4510 1582 4580 γῆν
1635 4504 1726 4560 διὰ
1754 4510 1853 4562 At-

1964 1999 2049 2054 sic
2071 1999 2289 2057 dictam
2312 2002 2599 2058 condidit.
2621 2003 2707 2057 lbi
2730 2010 2968 2059 mortua
3013 2012 3103 2060 est
3145 2007 3227 2061 Io.
3278 2008 3454 2062 Pater
3479 2023 3613 2062 vero

1962 2089 2216 2147 Inachus
2245 2092 2467 2148 multos
2488 2109 2624 2148 cum
2646 2093 2910 2149 misisset
2932 2096 3033 2165 qui
3055 2111 3186 2150 eam
3218 2096 3615 2167 requirerent,

1965 2178 2121 2235 ﬁlios
2155 2197 2391 2252 quoque
2422 2198 2560 2237 suos
2588 2199 2658 2238 ea
2686 2182 3027 2239 conditione
3049 2185 3339 2257 ablegavit
3368 2192 3433 2240 ut
3463 2202 3610 2242 non-

1964 2267 2080 2321 nisi
2115 2285 2245 2324 eam
2296 2268 2650 2326 reducentes
2709 2270 2951 2326 domum
3009 2273 3291 2329 redirent.
3352 2274 3420 2329 Hi
3467 2292 3612 2330 cum

1962 2357 2202 2429 )Egypto
2220 2366 2528 2431 peragrata
2544 2360 2619 2416 ad
2657 2361 2888 2432 Syriam
2936 2363 3345 2434 accessissent,
3378 2381 3483 2435 per
3513 2365 3607 2420 in-

1962 2447 2261 2503 somnium
2292 2448 2566 2506 viderunt
2594 2449 2896 2516 buculam,
2953 2468 3083 2522 quas
3145 2453 3408 2509 humana
3461 2470 3604 2509 voce

1963 2534 2088 2592 hac
2109 2535 2312 2592 ederet
2336 2554 2349 2591 :
2376 2560 2404 2588 ‹‹
2429 2539 2531 2593 Hic
2553 2555 2683 2594 sum
2706 2556 2810 2612 ego
2832 2539 2909 2595 lo.
2940 2562 2967 2589 ››
2987 2541 3202 2596 Somno
3240 2541 3417 2598 soluti
3462 2543 3601 2597 fauo

1964 2624 2044 2679 ibi
2076 2630 2135 2679 et
2163 2626 2306 2682 urbe
2338 2627 2524 2700 Iopoli
2555 2627 2863 2685 wdiﬁcatis
2918 2646 2987 2685 eo
3046 2630 3175 2686 loco
3233 2637 3601 2699 manserunt,

1965 2729 2099 2768 cum
2130 2714 2203 2770 ad
2235 2716 2517 2773 Inachum
2551 2718 2761 2773 reverti
2792 2736 2913 2775 non
2944 2720 3252 2776 auderent.
3296 2723 3370 2775 At
3426 2721 3605 2793 Libya

1962 2803 2058 2858 Ius
2082 2810 2139 2859 et
2156 2805 2308 2861 Jovis
2334 2805 2454 2861 tilia
2479 2806 2750 2878 Neptuno
2773 2810 2995 2880 nupsit,
3020 2810 3253 2865 Saturni
3277 2811 3423 2882 filio,
3454 2812 3609 2867 Jovis

1961 2893 2151 2949 fratri.
2189 2898 2267 2950 Ex
2298 2896 2410 2951 hoc
2439 2898 2714 2970 conjugio
2746 2899 2869 2953 nati
2898 2904 3015 2954 tres
3045 2899 3172 2966 filii,
3204 2904 3458 2973 Agenor,
3498 2902 3607 2957 Be-

1963 2982 2058 3037 lus
2088 2988 2147 3039 et
2177 2984 2477 3056 Enyalius.
2512 2986 2772 3050 Quorum
2804 2988 2976 3042 Belus
2998 2987 3175 3042 ducta
3201 2990 3264 3042 in
3295 2990 3609 3044 matrimo-

1965 3075 2132 3130 nium
2160 3076 2298 3132 Side
2328 3078 2662 3148 Egyptum,
2696 3077 2852 3133 unde
2912 3081 3157 3152 :Egypto
3216 3081 3442 3152 regioni
3500 3098 3609 3137 no-

1964 3181 2123 3231 men,
2157 3168 2216 3219 et
2243 3164 2510 3221 Danaum
2542 3166 2698 3222 ﬁlios
2721 3167 2945 3238 genuit.
2982 3171 3208 3241 Agenor
3260 3171 3323 3224 in
3381 3172 3614 3227 thni-

1887 3238 1931 3304 C
1967 3269 2095 3308 cem
2126 3253 2423 3325 profectus
2453 3256 2601 3326 Tyro
2631 3273 2875 3312 uxorem
2903 3238 3104 3325 duxit;
3128 3275 3198 3314 ex
3237 3275 3355 3330 qua
3403 3261 3457 3316 ei
3486 3260 3613 3316 nati

1961 3348 2100 3398 sunt
2119 3343 2393 3411 Cadmus,
2413 3344 2682 3416 Phaenix,
2707 3347 2886 3417 Syrus
2914 3347 3084 3415 Cilix,
3117 3353 3176 3403 et
3192 3349 3314 3405 ﬁlia
3359 3350 3612 3421 EurOpa.

1960 3433 2194 3504 Agenor
2218 3433 2433 3503 Tyrum
2454 3433 2764 3503 exstruxit,
2787 3435 2859 3490 ab
2877 3452 3062 3493 uxore
3085 3438 3168 3493 ita
3217 3438 3607 3502 nominatam,

1959 3535 2329 3593 regnumque
2363 3521 2423 3577 in
2455 3521 2529 3577 iis
2560 3522 2902 3594 regionibus
2932 3542 3040 3597 per
3073 3543 3285 3596 annos,
3318 3532 3383 3581 ut
3423 3528 3614 3597 aiunt,

1960 3610 2029 3663 63
2054 3608 2332 3667 obtinuit.
2365 3612 2445 3666 Ea
2476 3616 2823 3683 tempestate
2856 3615 3110 3671 traditur
3140 3617 3394 3671 Taurum
3427 3617 3610 3672 Cretas

1959 3714 2159 3771 regem
2190 3700 2378 3756 classe
2409 3700 2624 3773 Tyrum
2658 3707 2942 3771 tentasse,
2973 3709 3239 3777 Agenore
3293 3723 3428 3761 cum
3487 3707 3614 3761 suis

1960 3789 2148 3861 copiis
2179 3788 2321 3845 alibi
2379 3789 2605 3847 bellum
2663 3800 2955 3866 gerente;
3015 3812 3084 3851 ac
3137 3795 3246 3850 sub
3305 3812 3611 3867 vesperam

1960 3883 2132 3948 capta
2148 3879 2296 3949 Tyro
2318 3895 2452 3934 cum
2476 3879 2625 3936 alios
2646 3882 2866 3938 multos
2888 3884 3147 3955 captivos
3173 3890 3295 3941 tum
3317 3886 3613 3957 Europam

1962 3981 2196 4039 quoque
2227 3968 2513 4040 Agenoris
2545 3969 2732 4026 ﬁliam
2770 3971 3139 4030 abduxissse.
3188 3975 3349 4030 Hauc
3396 3973 3612 4030 deinde

1960 4055 2060 4111 89
2093 4072 2344 4111 uxorem
2376 4056 2604 4123 habuit,
2638 4059 2711 4115 ab
2742 4077 2934 4132 eaque
2965 4064 3213 4135 Europae
3236 4080 3457 4119 nomen
3508 4063 3615 4119 toti

1963 4160 2093 4217 quae
2123 4146 2326 4217 Japeto
2351 4152 2615 4202 cesserat
2644 4154 2815 4204 terrae
2864 4151 3025 4220 fecit,
3075 4152 3250 4207 sicuti
3308 4155 3615 4224 Neptunus

1962 4249 2201 4299 omnem
2224 4233 2429 4289 Chami
2455 4239 2673 4290 terram
2712 4254 2748 4291 a
2786 4238 2965 4309 Libya
2994 4256 3176 4295 uxore
3230 4257 3339 4296 sua
3368 4241 3610 4312 Libyam

1962 4321 2388 4378 denominavit.
2414 4322 2561 4379 Hinc
2581 4329 2770 4395 poeta
2812 4327 3245 4397 perhibuerunt
3265 4330 3466 4385 Jovem
3499 4329 3609 4385 sub

1959 4412 2148 4469 tauris
2172 4412 2371 4484 specie
2400 4414 2695 4486 Europam
2726 4417 3015 4488 rapuisse.
3050 4419 3153 4474 Hic
3182 4419 3408 4475 Taurus
3430 4422 3611 4476 etiam

1958 4502 2276 4573 Gortynam
2307 4502 2515 4558 urbem
2543 4505 2717 4560 matri
2749 4523 2869 4561 suaa
2900 4509 3317 4581 cognominem
3349 4511 3411 4563 in
3442 4511 3614 4565 Creta

224 4577 344 4656 ὅύην
382 4591 479 4659 τήν
529 4591 698 4645 αὐτοῦ
754 4592 1016 4667 γαμετήν.
1077 4593 1346 4648 Ἐντεῦθεν
1395 4577 1762 4671 ὡμολόγησαν
1797 4596 1850 4650 οἱ

1963 4590 2561 4663 condidit,ﬁliumque
2584 4609 2654 4649 ex
2677 4595 2911 4668 Europa
2930 4577 3339 4670 habuit,quem
3363 4600 3613 4655 Minoem

221 4678 426 4744 ποιηταὶ
454 4678 530 4741 ὠς
563 4679 594 4734 6
623 4678 750 4742 Ζεὺς
778 4680 962 4756 ταύρῳ
987 4679 1281 4755 ὀμοιωθεὶς
1330 4681 1604 4758 Εὐρώπην
1664 4685 1844 4759 ἣρπα-

223 4783 314 4819 σεν.
377 4768 547 4831 Οὗτος
580 4767 850 4843 ὁΤαῦρος
914 4770 1004 4825 καὶ
1064 4771 1331 4845 Γόρτυναν
1390 4771 1553 4827 ⁴πόλιν
1614 4771 1847 4828 ἐπ’ὀνό-

226 4872 339 4923 ματι
361 4863 456 4938 τῆς
500 4858 665 4915 αὐτοῦ
725 4860 961 4936 μητέρος
1013 4858 1369 4934 ᾠκοδόμησεν
1403 4860 1455 4917 ἐν
1486 4863 1704 4938 Κρήτῃ,
1754 4862 1845 4918 καὶ

223 4940 324 4996 υἱὸν
352 4936 502 5020 ἔσχεν
533 4948 640 5002 ἀπὸ
667 4954 769 5017 τῆς
819 4947 1093 5023 Εὐρώπης
1149 4948 1207 5003 δν
1265 4949 1420 5007 Μίνω
1476 4936 1846 5026 προσηγόρευε

226 5047 317 5113 tm.
340 5032 399 5089 Ὀ
419 5033 667 5112 Ἀγήνωρ
706 5033 764 5091 δὲ
790 5033 1044 5109 τελευτᾷν
1081 5035 1302 5112 μέλλων
1342 5040 1603 5113 χρήματα
1654 5035 1848 5095 πολλὰ

224 5111 269 5169 ἓν
298 5121 478 5197 Κρήτη
519 5122 608 5180 διὰ
640 5111 748 5181 τοῦ
804 5127 924 5182 υἱοῦ
983 5123 1204 5201 Κάδμου
1249 5111 1392 5201 πρός
1423 5129 1522 5198 τὴν
1582 5127 1844 5203 θυγατέρα

223 5206 476 5282 Εὐρώπην
506 5213 853 5272 ἀποστέλλει.
899 5218 1030 5279 Τοῖς
1085 5217 1227 5278 υἱοῖς
1278 5213 1336 5271 δὲ
1377 5215 1542 5272 αὐτοῦ
1570 5218 1672 5288 τὴν
1708 5219 1843 5274 ὑπο-

222 5299 527 5373 τεταγμένην
556 5302 706 5377 αὐτῷ
737 5310 835 5379 γῆν
863 5303 1262 5379 καταμερίζων,
1325 5304 1541 5361 Φοίνικι
1611 5306 1706 5381 μὲν
1736 5306 1843 5364 Τύ-

229 5401 309 5453 ρον
332 5388 510 5446 καὶτὰ
534 5392 690 5468 πέριξ
747 5392 911 5461 αὐτῆς
959 5393 1255 5468 ἀπονείμας
1314 5394 1577 5467 Φοινίκην
1608 5396 1710 5465 τήν
1753 5396 1844 5451 ὑπ’

1955 4681 2292 4754 appellavit.
2326 4682 2619 4739 Cmterum
2658 4688 2894 4759 Agenor
2949 4688 3275 4744 moriturus
3332 4705 3607 4761 magnam

1956 4771 2223 4843 pecunia;
2246 4770 2362 4825 vim
2380 4787 2485 4843 per
2506 4772 2795 4829 Cadmum
2811 4776 3003 4832 filium
3025 4794 3200 4833 suum
3213 4777 3289 4833 ad
3311 4779 3607 4849 EurOpam

1955 4861 2020 4916 in
2048 4861 2282 4916 Cretam
2306 4862 2662 4930 transmisit,
2694 4880 2864 4920 suam
2915 4882 3051 4921 vero
3111 4866 3404 4923 ditionem
3452 4868 3609 4923 inter

1956 4948 2108 5004 ﬁlios
2129 4949 2214 5005 ita
2233 4948 2557 5016 distribuit,
2582 4958 2647 5006 ut
2691 4952 2953 5009 thnici
2991 4955 3180 5027 Tyrus
3228 4973 3295 5013 ac
3328 4973 3458 5028 quas
3489 4957 3611 5012 cir-

1955 5054 2091 5096 cum
2123 5043 2213 5094 est
2239 5039 2400 5112 regio
2431 5037 2788 5113 obtingeret,
2823 5059 3003 5112 quam
3035 5050 3093 5099 et
3124 5046 3464 5101 Phoenicem
3497 5063 3609 5101 no-

1955 5128 2221 5195 minavit,
2253 5129 2409 5182 sicut
2438 5133 2496 5182 et
2526 5128 2752 5199 Syriam
2785 5146 2854 5186 ac
2884 5132 3174 5198 Ciliciam,
3209 5151 3355 5204 quas
3388 5135 3531 5206 Syro
3550 5141 3614 5191 et

1954 5214 2121 5270 Cilici
2154 5212 2293 5268 ﬁliis
2324 5213 2445 5267 suis
2476 5213 2857 5272 attribuebat.
2895 5217 3080 5289 Hujus
3110 5218 3406 5273 Phoenicis
3437 5225 3613 5275 astate

1953 5305 2152 5362 ferunt
2172 5300 2487 5356 Herculum
2510 5302 3338 5378 philosophum,cognomento
3352 5309 3617 5380 Tyrium,

1950 5408 2283 5467 purpuram
2315 5408 2434 5466 quo
2466 5394 2800 5466 expositum
2834 5401 2923 5450 est
2956 5396 3134 5453 modo
3166 5400 3479 5470 reperisse.

228 5470 366 5530 αὐτόν
392 5478 635 5553 ὠνόμασε
688 5489 813 5556 γῆν.
872 5482 1108 5555 Ὁμοίως
1166 5480 1223 5539 δὲ
1253 5485 1343 5539 καὶ
1400 5484 1598 5560 Συρίαν
1642 5484 1734 5539 καὶ
1801 5482 2055 5542 Κιλικίαν
2114 5481 2210 5543 τὰς
2271 5477 2645 5555 ἐπιλαχούσας
2699 5487 2814 5543 τοῖς
2869 5484 3010 5545 υἱοῖς
3067 5484 3226 5560 Σύρῳ
3283 5486 3373 5541 καὶ
3428 5485 3614 5543 Κίλικι

232 5562 394 5635 χώρας
417 5566 854 5642 προσωνόμασεν.
895 5572 983 5628 Ἐν
1035 5578 1153 5633 τοῖς
1186 5572 1408 5647 χρόνοις
1462 5572 1662 5628 τούτου
1709 5575 1807 5628 τοῦ
1864 5571 2125 5632 Φοίνικος
2185 5569 2272 5623 καὶ
2332 5566 2608 5644 Ἡρακλῆν
2661 5591 2786 5649 φασι
2841 5572 2933 5627 τὸν
2995 5573 3316 5651 φιλόσοφον,
3354 5576 3462 5646 [Ρ.
3497 5578 3612 5649 22]

227 5648 300 5702 τὸν
329 5650 614 5730 λεγόμενον
639 5658 863 5734 Τύριον,
895 5660 992 5728 την
1027 5660 1170 5716 οὕτω
1197 5661 1539 5735 καλουμένην
1572 5662 1864 5737 κογχύλην
1896 5660 2144 5736 ἐξευρεῖν,
2181 5658 2254 5721 ὡς
2286 5655 2519 5733 εἶ’ρηται.
3605 5706 3616 5741 ,
