4106 6288
494 383 573 444 67
1851 375 2176 441 GEORGII
2217 373 2559 437 omnum
3823 381 3894 440 ο.

566 521 638 570 At
651 518 879 589 Jupiter
899 525 1114 590 prater
1135 518 1354 574 multas
1379 519 1632 574 Danaem
1653 531 1888 588 quoque
1913 513 2123 568 Acrisii

2333 510 2397 566 '0
2431 508 2617 582 μέντοι
2647 510 2778 570 Ζεὺς
2807 511 2944 585 πρὸς
2983 515 3106 573 ταῖς
3135 508 3334 583 ἄλλαις
3397 511 3490 566 καὶ
3551 515 3652 566 τοῦ
3703 511 3753 582 ἐξ
3785 516 3902 586 Ἀρ-

497 607 596 676 qui
617 606 925 680 abArgivis
964 608 1383 675 descendebat,
1417 607 1626 674 tiliam,
1659 606 1876 678 insigni
1929 605 2142 671 forma,

497 701 556 750 et
577 713 706 767 qua
729 697 790 751 in
813 697 1085 753 cubiculo
1108 697 1182 752 ad
1203 715 1365 754 mare
1391 701 1691 752 exstructo
1713 694 2145 760 asservabatur,

496 787 790 857 corruptis
808 787 996 842 multo
1009 805 1152 843 auro
1176 787 1522 842 custodibus
1541 787 1739 859 rapuit
1783 802 1850 842 ac
1882 785 2137 849 violavit,

495 879 671 946 atque
695 890 764 930 ex
784 892 854 931 ea
872 875 1062 930 ﬁlium
1080 876 1320 932 nomine
1370 878 1650 932 Perseum
1700 873 1958 930 sustulit.
1994 873 2140 928 Hinc

491 964 736 1020 fabulati
763 965 1080 1037 scriptores
1101 966 1298 1021 Jovem
1320 965 1638 1022 ediderunt
1655 965 1714 1019 in
1737 979 1950 1020 aurum
1999 979 2142 1018 con—

491 1069 728 1110 versum
759 1071 866 1126 per
895 1060 1114 1112 tectum
1146 1055 1208 1110 in
1238 1054 1434 1110 cubile
1465 1054 1795 1122 inﬂuxisse,
1829 1069 1898 1109 ac
1928 1053 2140 1108 Danaa

491 1145 888 1218 virginitatem
921 1145 1229 1218 eripuisse.
1258 1147 1423 1200 Hunc
1454 1161 1690 1216 quoque
1719 1145 2002 1200 Perseum
2023 1142 2141 1199 ala-

496 1237 623 1288 tum
641 1235 823 1290 fuisse
846 1233 1310 1306 dixerunt,quod
1333 1235 1405 1290 ab
1428 1234 1672 1290 ineunte
1701 1238 1872 1290 atate
1899 1231 2136 1288 celerri-

494 1339 629 1379 mus
645 1323 759 1379 fuit
781 1324 1132 1396 ingenioque
1144 1323 1510 1380 ferocissimo
1529 1328 1706 1395 atque
1728 1321 2136 1391 callidissimo;

495 1429 678 1484 quare
701 1414 881 1470 etiam
903 1431 1040 1469 eum
1063 1413 1290 1484 Jupiter
1309 1418 1476 1485 pater
1494 1429 1740 1469 arcanas
1759 1429 1828 1468 ac
1856 1412 2137 1484 mysticas

492 1503 766 1575 {adaque
781 1503 882 1559 40
895 1519 1100 1558 omnes
1117 1503 1550 1558 incantationes
1563 1507 1621 1558 et
1632 1501 1914 1558 veneﬁcia
1937 1501 2138 1556 docuit

493 1595 708 1651 horum
733 1610 846 1666 ope
869 1595 1173 1650 victoriam
1193 1595 1244 1649 ei
1277 1593 1348 1649 ab
1397 1593 1669 1651 hostibus
1714 1592 2135 1665 reportandam

489 1683 1010 1754 pollicens.ltaque
1039 1684 1126 1738 vir
1144 1683 1334 1739 factus
1355 1684 1607 1738 Perseus
1628 1681 1759 1738 Nini
1774 1681 2136 1753 patruiﬁlios

487 1771 722 1846 fugiens
753 1773 826 1829 ad
854 1776 1129 1845 Assyrios
1157 1774 1336 1832 venit.
1369 1773 1512 1828 Inde
1543 1774 1605 1828 in
1655 1771 1910 1828 Africam
1971 1773 2134 1826 eunti

2254 597 2416 676 γείων
2476 600 2858 673 καταγομένου
2941 599 3220 672 Ἀκρισίου
3304 599 3576 675 θυγατέρα
3673 603 3894 671 Δανάην,

2251 688 2493 764 εὐπρεπῆ
2524 689 2662 745 πάνυ
2711 687 2872 744 οὖσαν
2914 691 3009 745 καὶ
3069 689 3124 744 ἐν
3181 685 3567 764 κουϐουκλείῳ
3625 692 3764 767 πρὸς
3817 696 3895 748 θά-

2251 785 2451 832 Αασσαν
2485 777 2930 858 φυλαττομένην,
2961 778 3160 852 πολλῷ
3197 784 3390 858 χρυσῷ
3415 779 3549 842 τοὺς
3605 785 3894 854 τηροῦντας

2245 867 2434 926 πείσας
2490 867 2582 921 καὶ
2635 865 2838 936 ταύτην
2906 869 3152 940 ἁρπάσας
3229 868 3320 923 καὶ
3359 869 3588 946 φθείρας
3647 863 3804 944 ἔσχεν
3845 869 3890 940 έξ

2247 954 2418 1024 αὐτῆς
2451 951 2618 1010 παῖδα
2678 955 2878 1030 Περσέα
2937 956 3188 1028 ὀνόματι.
3247 959 3434 1020 Ἐνθεν
3493 957 3550 1012 οἳ
3594 955 3890 1034 μυθολόγοι

2241 1043 2334 1100 τὸν
2359 1045 2457 1099 Δία
2487 1044 2617 1118 φασὶ
2647 1045 2850 1120 χρυσὸν
2897 1045 3182 1120 γενόμενον
3237 1043 3434 1122 ῥυῆναι
3493 1044 3588 1101 διὰ
3652 1051 3752 1102 τοῦ
3779 1048 3891 1103 στέ-

2243 1152 2375 1206 γους
2404 1131 2480 1194 είς
2508 1133 2603 1188 τὸν
2636 1131 2884 1208 θάλαμον
2913 1133 3001 1189 καὶ
3060 1133 3266 1206 Δανάην
3325 1131 3660 1214 διαφθεῖραι.
3690 1137 3885 1193 Τοῦτον

2241 1221 2335 1276 τὸν
2367 1221 2569 1294 ΙΙερσέα
2597 1223 2688 1278 καὶ
2716 1224 2993 1298 πτερωτὸν
3042 1224 3180 1278 εἶναι
3234 1216 3466 1301 ἔφασκον
3529 1222 3608 1287 ὠς
3639 1223 3882 1295 aetnam

2243 1306 2371 1365 ὄντα
2414 1309 2670 1376 παιδόθεν
2705 1311 2794 1366 καὶ
2851 1315 2922 1386 τῇ
2979 1311 3132 1389 φύσει
3189 1311 3528 1389 γοργότατον
3579 1313 3675 1368 καὶ
3723 1313 3886 1389 ἐντρε-

2241 1399 2522 1477 χέστατον.
2554 1405 2619 1476 ᾯ
2663 1399 2754 1455 καὶ
2810 1400 2938 1462 Ζεὺς
2966 1401 2995 1456 ὁ
3032 1403 3214 1476 πατὴρ
3245 1401 3414 1458 αὐτοῦ
3469 1403 3571 1466 τὰς
3631 1403 3886 1480 κρυφίους

2240 1500 2331 1556 καὶ
2357 1503 2618 1574 μυστικὰς
2644 1501 2732 1557 καὶ
2778 1502 3020 1578 μυσαρὰς
3073 1505 3246 1566 πάσας
3307 1503 3540 1581 μαγείας
3605 1507 3697 1560 καὶ
3760 1526 3883 1583 μαγ-

2237 1589 2424 1664 γανίας
2491 1587 2736 1661 ἐδίδαξε,
2793 1594 2945 1662 νικᾷν
2999 1591 3126 1654 τοὺς
3183 1591 3492 1667 πολεμίους
3561 1591 3619 1648 ὗν
3676 1593 3882 1656 τούτοις

2239 1683 2584 1754 παρεγγυῶν.
2617 1679 2809 1736 Τοίνυν
2838 1680 2916 1744 είς
2943 1677 3169 1751 ήλιλίαν
3213 1679 3404 1754 ἀνδρός
3469 1680 3648 1737 ἐλθὼν
3707 1680 3882 1760 φεύγει

2237 1766 2366 1830 τοὺς
2397 1766 2546 1830 υἱοὺς
2589 1768 2747 1824 Νίνου
2803 1773 2898 1824 τοῦ
2931 1769 3076 1834 θείου
3128 1770 3318 1838 αὐτοῦ,
3351 1771 3441 1825 καὶ
3501 1771 3648 1846 πρὸς
3703 1773 3884 1828 Ἀσσυ-

486 1861 646 1934 virgo
669 1863 928 1918 occurrit
945 1861 1250 1936 indigena,
1274 1863 1464 1918 oculis
1486 1862 1838 1935 capillisque
1865 1861 2004 1917 fera
2035 1861 2123 1914 in-

2240 1855 2389 1947 ρίους
2419 1851 2658 1932 ἔρχεται.
2696 1858 2838 1947 Πρὸς
2870 1855 2928 1912 δὲ
2959 1855 3167 1929 Διϐύην
3226 1853 3566 1947 διαϐαίνοντι
3626 1854 3881 1947 παρθένος

483 1955 607 2006 star
634 1952 910 2008 horrens.
951 1953 1135 2016 Quam
1167 1953 1293 2023 ipse
1324 1968 1456 2008 cum
1480 1950 1802 2006 subsistere
1819 1951 2127 2023 coegisset,

483 2040 642 2111 quod
657 2057 876 2097 nomen
897 2046 1128 2114 gereret
1151 2041 1550 2113 interrogavit.
1575 2039 1864 2096 Professa
1907 2055 2127 2094 nomen

484 2129 737 2186 Medusa
757 2131 955 2186 statim
977 2136 1152 2201 caput
1172 2130 1525 2201 amputavit;
1551 2129 1748 2198 idque,
1771 2135 1838 2184 ut
1868 2127 2127 2184 infanda

481 2223 660 2288 atque
683 2218 1096 2274 abominanda
1117 2220 1271 2275 Jovis
1293 2219 1476 2290 patris
1499 2218 1926 2289 praceptiones
1957 2217 2130 2289 jube-

481 2305 958 2376 bant,conditum
984 2307 1230 2374 habens,
1259 2323 1544 2362 manuum
1567 2307 1778 2362 robore
1831 2311 1888 2360 et
1944 2307 2128 2374 magi-

487 2411 689 2451 carum
711 2397 930 2452 artium
958 2396 1171 2452 ﬁducia
1190 2397 1396 2462 fretus,
1419 2396 1732 2452 adversum
1752 2395 1953 2450 hostes
1991 2411 2129 2450 suos

485 2485 782 2555 perrexit;
815 2485 994 2556 capiti
1025 2502 1245 2540 nomen
1277 2485 1557 2557 Gorgonis
1582 2484 1865 2556 imposuit
1888 2482 1960 2537 ob
2002 2481 2124 2538 efﬁ-

481 2573 790 2629 cacitatem
814 2578 872 2628 et
887 2574 1002 2628 vim
1021 2573 1307 2629 veneficii.
1331 2573 1474 2628 Inde
1497 2574 1556 2628 in
1579 2572 1908 2644 .Ehiopiam
1931 2575 2128 2626 trans-

479 2661 604 2730 ivit,
635 2679 815 2732 quam
850 2667 987 2717 tunc
1019 2663 1288 2734 Cepheus
1318 2679 1500 2736 regno
1527 2661 1769 2718 tenebat
1799 2680 1814 2730 ;
1875 2661 2004 2734 ejus
2061 2660 2126 2714 ti-

473 2744 1089 2810 liam.Andromedam
1113 2755 1501 2826 eamdemque
1529 2753 1896 2810 sacerdotem
1911 2755 2122 2826 rapuit,

481 2859 550 2898 ac
587 2861 696 2914 per
724 2843 952 2916 Syriam
982 2845 1058 2900 ad
1088 2845 1440 2917 Lycaoniam
1472 2844 1779 2917 navigavit.
1825 2845 2124 2916 Lycaones

479 2948 615 2987 cum
647 2949 709 2988 se
733 2933 950 2988 Perseo
973 2933 1610 3006 opposuissent,primo
1641 2932 1926 3006 Gorgonis
1957 2931 2126 2988 auxi-

476 3021 558 3076 lio
591 3022 801 3078 devicti
835 3028 992 3080 sunt.
1026 3022 1111 3078 Ibi
1141 3023 1348 3079 urbem
1379 3025 1631 3079 Perseus
1661 3021 1928 3078 condidit
1953 3039 2019 3078 ac
2052 3021 2124 3076 de

480 3127 586 3166 suo
640 3112 882 3168 nomine
938 3113 1242 3168 Persidem
1300 3112 1637 3184 appellavit.
1693 3113 1869 3167 Extra
1911 3111 2120 3170 urbem

478 3204 731 3255 statuam
757 3201 976 3272 posuit,
1011 3206 1186 3272 atque
1221 3201 1293 3256 ab
1343 3217 1412 3256 eo
1470 3201 1792 3256 simulacro
1853 3201 2117 3256 Iconium

473 3289 819 3344 nominavit.
856 3289 998 3344 Inde
1027 3290 1314 3345 Isauriam
1345 3295 1406 3343 et
1455 3290 1720 3346 Ciliciam
1771 3305 2116 3362 peragrans,

474 3383 716 3447 accepto
740 3377 980 3433 oraculo
1002 3382 1068 3432 ut
1089 3394 1204 3449 quo
1231 3378 1362 3433 loco
1390 3377 1462 3432 de
1491 3395 1642 3448 equo
1669 3377 2038 3432 descendens
2057 3379 2117 3432 in

476 3464 682 3536 planta
708 3465 876 3538 pedis
907 3465 1175 3522 dolorem
1207 3467 1474 3533 sentiret,
1509 3467 1588 3521 ibi
1621 3467 1923 3522 victoriam
1969 3465 2118 3524 obti-

475 3561 648 3610 neret
677 3561 853 3626 atque
882 3555 1092 3612 urbem
1125 3556 1465 3623 aediﬁcaret,
1504 3557 1770 3624 Tarsum,
1830 3573 1865 3611 a
1915 3555 2121 3626 planta

476 3643 646 3715 pedis
671 3643 889 3700 dictam
920 3644 1151 3714 urbem,
1183 3643 1467 3701 condidit.
1503 3647 1584 3700 Ac
1612 3650 1820 3700 contra
1850 3644 2120 3716 Assyrios

475 3733 776 3804 profectus
811 3751 912 3790 eos
944 3735 1258 3806 superavit,
1315 3733 1790 3804 Sardanapalope
1838 3749 2120 3812 cumpsua

474 3827 648 3894 gente
679 3831 887 3880 necato
914 3825 1184 3894 Assyrios
1215 3839 1460 3896 prorsus
1505 3823 1756 3894 subegit,
1817 3838 2116 3895 regnoque

473 3910 546 3966 iis
563 3911 861 3982 adempto,
885 3914 1094 3968 Persas
1115 3911 1188 3968 de
1209 3930 1315 3968 suo
1367 3913 1609 3968 nomine
1655 3911 1993 3984 appellavit,
2024 3928 2116 3968 re-

473 4014 776 4074 gnumque
798 4000 862 4054 in
885 4003 977 4056 41
1017 4018 1116 4057 eos
1147 4019 1254 4072 per
1282 4004 1348 4056 53
1382 4017 1569 4057 annos
1629 4000 1907 4060 obtinuit.
1958 4001 2117 4056 ldem

475 4087 749 4144 arborem
772 4105 1005 4161 quoque
1027 4106 1136 4146 ase
1162 4091 1458 4146 Persicam
1477 4091 1695 4146 dictam
1743 4107 1850 4162 per
1879 4105 2116 4146 omnem

475 4192 646 4232 suam
677 4177 964 4235 ditionem
995 4179 1316 4250 plantavit;
1344 4179 1618 4252 taloque
1676 4179 1928 4235 Medusa
1987 4195 2116 4251 scy-

473 4266 592 4338 pho
623 4267 696 4322 de
717 4268 914 4323 Persis
935 4285 1086 4338 quos
1109 4268 1363 4324 maxime
1385 4269 1686 4342 diligebat,
1730 4268 1961 4324 arcanis
1987 4285 2120 4324 ma—

472 4355 620 4427 gicis
645 4357 829 4411 sacris
859 4357 1124 4425 initians,
1159 4357 1355 4413 Medos
1386 4374 1486 4414 eos
1515 4364 1576 4413 et
1632 4364 1851 4414 terram
1909 4372 2115 4414 eorum

471 4442 724 4499 Mediam
752 4445 1097 4502 nominavit.
1121 4446 1264 4502 Inde
1287 4447 1359 4502 ad
1382 4446 1674 4518 Silphium
1699 4451 1963 4502 montem
1985 4463 2118 4518 pro-

470 4531 667 4588 fectus
689 4533 934 4601 Jonitas,
966 4535 1067 4606 qui
1095 4535 1168 4592 ab
1201 4537 1368 4608 Argis
1417 4553 1484 4590 eo
1541 4541 1980 4604 concesserant,
2031 4535 2111 4588 ibi

471 4622 716 4692 reperit,
750 4623 822 4678 ab
844 4625 1130 4696 iisque,ut
1150 4624 1419 4696 ejusdem
1442 4627 1666 4695 stirpis,
1693 4631 1782 4679 est
1811 4627 2108 4694 acceptus.

467 4709 556 4764 Ibi
579 4725 712 4764 cum
737 4711 946 4784 ingens
968 4718 1288 4784 tempestas
1327 4713 1548 4768 imbres
1592 4711 1918 4778 effudisset,
1943 4727 2012 4766 ac
2040 4711 2112 4766 O-

471 4803 672 4853 rontes
703 4797 915 4854 ﬂuvius
937 4801 1035 4872 qui
1060 4800 1285 4872 lopolin
1313 4800 1482 4856 alluit
1526 4817 1706 4872 supra
1745 4799 1988 4855 modum
2020 4815 2116 4854 ex-

468 4889 742 4955 undaret,
768 4892 982 4948 Perseo
1005 4899 1244 4964 precato
1265 4893 1490 4948 fulmen
1515 4893 1690 4948 veluti
1714 4891 1923 4966 globus
1962 4891 2114 4964 ignis

469 4981 666 5036 subito
698 4981 960 5039 delatum
991 4989 1116 5050 est;
1153 4984 1352 5055 itaque
1384 4990 1442 5038 et
1484 4983 1735 5039 inhibita
1792 4987 2114 5054 tempestas

466 5069 600 5138 fuit,
620 5077 680 5127 et
700 5071 910 5126 ﬂuvius
934 5089 1038 5128 suo
1065 5089 1125 5128 se
1177 5073 1340 5128 alveo
1390 5073 1702 5130 conclusit.
1751 5074 1832 5128 Ex
1877 5089 1945 5126 eo
1978 5072 2114 5142 igne

467 5160 718 5216 Perseus
751 5161 947 5233 ignem
1008 5162 1297 5230 accendit,
1359 5179 1680 5234 secumque
1741 5162 1912 5228 tulit;
1965 5160 2114 5215 etin

469 5264 637 5303 suam
666 5249 885 5322 regiam
912 5257 1233 5323 apportans
1259 5251 1446 5307 adem
1465 5251 1586 5323 igni
1611 5251 2116 5321 exstruxit,sacer-

471 5336 748 5408 dotioque
771 5339 902 5410 pios
927 5339 1078 5394 viros
1113 5340 1391 5411 praefecit.
1427 5341 1707 5412 Idemque
1754 5345 1812 5394 et
1839 5339 2024 5410 10poli
2059 5343 2118 5393 et

473 5427 535 5480 in
565 5431 687 5481 tota
726 5443 834 5482 sua
863 5428 1088 5484 ditione
1135 5429 1428 5497 instituit;
1480 5429 1874 5500 mandatoque
1933 5434 1998 5482 ut
2041 5427 2114 5482 de

473 5515 620 5571 calo
652 5515 883 5572 delatus
913 5518 1226 5592 deusignis
1248 5521 1562 5585 coleretur,
1583 5519 1734 5591 ignis
1756 5517 1990 5574 colendi
2041 5517 2116 5570 ri-

473 5609 597 5660 tum
629 5603 1160 5681 docuit,magorum
1212 5609 1456 5664 nomine
1501 5607 1902 5664 sacerdotibus
1961 5605 2114 5678 ignis

466 5693 713 5752 aﬂ'ectis.
742 5695 922 5754 Porro
942 5697 1164 5755 bellum
1181 5699 1398 5755 Perseo
1424 5697 1694 5769 Cepheus
1719 5693 2112 5752 Andromeda

2234 1945 2370 2019 κόρη
2407 1947 2706 2024 χωριτική,
2754 1946 3209 2021 ἀπηγριωμένους
3255 1945 3462 2022 ἔχουσα
3518 1947 3652 2012 τούς
3681 1945 3880 2026 ὀφθαλ-

2237 2031 2374 2106 μοὺς
2404 2035 2495 2090 καὶ
2543 2035 2641 2098 τὰς
2685 2035 2908 2110 τρίχας,
2948 2036 3083 2091 κατὰ
3135 2038 3431 2111 πρόσωπον
3492 2041 3746 2107 συναντᾷ.
3777 2039 3874 2091 Ἥν

2233 2124 2324 2178 καὶ
2354 2125 2555 2194 στήσας
2583 2125 2646 2179 τὸ
2677 2123 2850 2193 αὐτῆς
2879 2143 3051 2198 ονομα
3081 2127 3290 2200 ἠρώτα.
3329 2127 3392 2182 Ἦ
3421 2123 3502 2195 δέ,
3537 2151 3567 2178 ‹‹
3603 2123 3872 2194 Μέδουσα,

2233 2211 2359 2290 ἔφη,
2393 2211 2650 2288 λέγομρι.
2686 2235 2712 2266 ι
2763 2214 2868 2269 Καὶ
2899 2213 3090 2270 αὐτίκα
3138 2215 3241 2284 τὴν
3291 2213 3461 2290 κᾶραν
3517 2217 3694 2285 αὐτῆς
3751 2216 3877 2270 ἄπο-

2231 2301 2437 2375 τέμνει·
2496 2302 2587 2358 καὶ
2639 2303 2840 2374 ταύτην
2893 2303 3231 2379 ταριΧεύσας
3278 2305 3414 2360 κατὰ
3457 2306 3558 2367 τὰς
3617 2305 3879 2381 ἀρρήτους

2233 2387 2325 2443 καὶ
2359 2389 2558 2464 μιαρᾶς
2591 2390 2868 2462 ὑποθήκας
2923 2392 3048 2454 Διὸς
3098 2396 3196 2448 τοῦ
3223 2391 3456 2464 πατέρος
3513 2393 3708 2464 αὐτοῦ,
3765 2394 3875 2449 ταῖς

2234 2477 2394 2552 χερσὶ
2424 2483 2635 2553 κρατῶν
2665 2481 2755 2534 καὶ
2814 2485 2934 2543 ταῖς
2992 2481 3238 2556 μαγείαις
3299 2481 3518 2558 θαῤῥῶν
3577 2480 3716 2536 κατὰ
3769 2482 3870 2534 τῶν

2235 2563 2449 2641 ἐχθρῶν
2482 2567 2705 2643 ἐχώρει.
2761 2570 2999 2644 Γοργόνα
3028 2567 3087 2624 δὶ
3112 2571 3212 2639 τήν
3243 2571 3409 2644 κάραν
3471 2568 3664 2626 ἐκάλει
3703 2567 3789 2624 διὰ
3815 2567 3872 2621 τὸ

2231 2661 2330 2724 τῆς
2353 2657 2608 2731 γοητείας
2638 2657 2846 2732 ἆνερκὶς
2901 2658 2991 2712 καὶ
3027 2657 3140 2728 ὀξύ.
3199 2661 3440 2717 Ἐκεῖθεν
3500 2660 3644 2736 πρὸς
3697 2657 3874 2715 Αἰθιο-

2231 2743 2362 2799 πίαν
2403 2739 2594 2806 διαϐὰς
2657 2745 2760 2801 ὑπὸ
2817 2743 3044 2825 Κηφέως
3097 2747 3224 2802 τότε
3291 2745 3750 2822 βασιλευομένην,
3789 2745 3870 2800 καὶ

2228 2834 2330 2903 τὴν
2387 2833 2554 2888 αὐτοῦ
2611 2833 2879 2911 θυγατέρα
2933 2833 3298 2910 ’Λνδρομέδαν
3375 2834 3733 2910 καλουμένην
3791 2833 3871 2888 καὶ

2232 2921 2428 2998 ⁴ἱέρειαν
2487 2923 2649 2978 οὖσαν
2681 2923 2943 2997 ἁρπάσας,
2992 2923 3319 2980 κατέπλευσε
3352 2921 3442 2980 διὰ
3495 2924 3702 3000 Συρίας
3744 2923 3871 2998 πρὸς

2231 3014 2560 3070 Λυκαονίαν.
2602 3013 2668 3070 Ol
2710 3009 2768 3066 δὲ
2827 3012 3093 3076 Λυκάονες
3136 3013 3318 3086 τούτῳ
3375 3012 3781 3074 έναντιωθεντες

2227 3107 2328 3170 τῆς
2355 3101 2626 3176 Γοργόνος
2688 3101 2881 3176 πρώνῃ
2944 3099 3170 3175 βοηθείᾳ
3220 3103 3678 3173 κατενικήθησαν.
3735 3101 3873 3156 Ἐκεῖ

2227 3191 2317 3244 καὶ
2347 3189 2511 3246 πόλιν
2543 3191 2730 3251 κτίσας
2758 3187 2988 3266 Περσίδα
3017 3195 3098 3262 τῷ
3135 3186 3263 3263 ΐδιῳ
3301 3189 3574 3263 κέκληκεν
3635 3191 3870 3262 ὀνόματι.

2225 3278 2451 3352 Στήλην
2505 3277 2562 3336 δὲ
2591 3274 2692 3350 ἔξω
2745 3282 2843 3348 τῆς
2889 3276 3108 3343 πόλεως
3143 3281 3368 3350 στήσας,
3398 3281 3488 3335 καὶ
3537 3281 3603 3336 τὸ
3660 3275 3870 3336 ἀπεικό-

2223 3388 2388 3440 νισμα
2417 3376 2516 3438 τῆς
2549 3370 2821 3445 Γοργόνος
2851 3367 3076 3434 ἐπιθεὶς,
3111 3367 3354 3424 Εἰκόνιον
3401 3369 3614 3440 ταύτην
3671 3364 3871 3423 ἐπωνό-

2227 3477 2412 3530 μασεν.
2447 3459 2681 3520 Ἐκεῖθεν
2723 3455 2810 3511 ἐπὶ
2869 3456 3134 3528 Ἰσαυρίαν
3206 3455 3296 3511 καὶ
3355 3455 3607 3512 Κιλικίαν
3663 3450 3868 3522 διαϐὰς,

2225 3556 2482 3632 χρησμὸν
2517 3550 2700 3610 λαϐὼν
2729 3553 2814 3610 ὅτι
2845 3581 2871 3607 ‹‹
2901 3557 3069 3612 Ἔνθα
3099 3555 3158 3611 ἐκ
3183 3561 3282 3611 τοῦ
3309 3557 3482 3613 ἳππου
3521 3551 3744 3618 ἀποϐὰς
3780 3554 3866 3610 τὸν

2223 3645 2420 3718 ταρσὸν
2455 3641 2724 3718 ὀδυνηθῇς
2753 3649 2852 3699 τοῦ
2879 3643 3068 3714 ποδὸς,
3109 3645 3264 3716 νίκην
3324 3641 3504 3722 λάϐῃς
3567 3647 3657 3701 καὶ
3715 3641 3870 3700 πόλιν

2225 3731 2624 3808 οἶκοδομήσῃς,
2652 3757 2681 3786 ››
2735 3735 2835 3803 τὴν
2880 3734 3085 3808 Ταρσὸν
3123 3735 3293 3804 κτίζει
3322 3735 3412 3790 καὶ
3443 3738 3581 3791 κατᾶ
3609 3740 3716 3791 τῶν
3747 3735 3864 3789 Ἀσ-

2224 3823 2426 3895 συρίων
2457 3824 2623 3898 ὁρμᾷ.
2651 3821 2880 3888 τούτους
2907 3845 2964 3880 τε
3023 3827 3248 3896 νικήσας
3303 3825 3392 3880 καὶ
3439 3826 3535 3880 τὸν
3592 3821 3864 3902 Σαρδανά-

2223 3911 2399 3970 παλον
2429 3913 2519 3968 καὶ
2549 3911 2675 3974 τοὺς
2721 3917 2818 3968 τοῦ
2857 3913 3043 3990 γένους
3090 3912 3256 3969 αὐτοῦ
3313 3914 3658 3976 ἀπεκτονοὼς
3689 3912 3766 3974 εἷς
3791 3906 3865 3964 1’3-

2225 4001 2324 4064 λος
2351 3999 2548 4064 αὐτοὺς
2599 4001 2908 4060 ὑποτάσσει.
2943 4001 3045 4058 Καὶ
3077 4003 3374 4076 Ἀσσυρίων
3430 4007 3532 4072 τήν
3592 4001 3861 4078 βασιλείαν

2225 4087 2599 4171 ἆσφελὸμενος
2627 4089 2714 4146 ἐπὶ
2743 4095 2826 4164 τῷ
2851 4088 2980 4164 ίδίῳ
3011 4090 3237 4166 ὀνόματι
3268 4091 3477 4166 Πέρσας
3517 4091 3718 4152 αὐτοὺς
3746 4089 3860 4144 ἐκά-

2225 4177 2369 4248 λεσε,
2405 4177 2730 4255 βασιλεύσας
2757 4179 2840 4236 ἐπ’
2895 4179 3092 4243 αὐτοὺς
3147 4176 3240 4251 ἔτη
3279 4182 3375 4257 νγ“.
3429 4181 3603 4247 Οὗτος
3654 4179 3742 4236 καὶ
3770 4177 3862 4246 τήν

2222 4267 2570 4344 καλουμένην
2629 4271 2859 4346 ΙΙερσέαν
2913 4269 2969 4326 ὲν
3003 4275 3086 4344 τῷ
3134 4269 3259 4344 ἰδίῳ
3290 4271 3520 4344 ὀνόματι
3578 4271 3654 4334 είς
3705 4272 3866 4326 πᾶσαν

2220 4359 2322 4428 τὴν
2375 4357 2742 4431 ὑποκειμένην
2825 4357 2972 4430 αὐτῷ
3033 4358 3392 4438 κατεφύτευσε
3438 4365 3566 4435 γῆν,
3623 4359 3712 4414 καὶ
3766 4355 3860 4422 τὴν

2223 4451 2324 4502 τοῦ
2359 4451 2602 4522 μυσαροῦ
2633 4447 2840 4526 σκύφου
2868 4453 2970 4516 τῆς
3021 4443 3310 4516 Μεδούσης
3367 4448 3460 4509 οὓς
3516 4448 3706 4523 ἠγάπα
3759 4447 3862 4498 τῶν

2227 4538 2448 4609 Περσῶν
2478 4535 2532 4592 ἐν
2592 4537 2874 4610 μυστηρίῳ
2931 4539 3368 4613 μυσταγωγήσας
3429 4537 3684 4613 μαγείοις
3739 4532 3858 4602 Μή·

2223 4625 2350 4690 δους
2380 4627 2575 4688 αὐτοὺς
2603 4627 2694 4681 καὶ
2726 4623 2942 4697 Μηδίαν
2989 4628 3088 4696 τήν
3145 4627 3334 4702 χώραν
3395 4627 3569 4684 αὐτῶν
3628 4621 3862 4701 μετωνό-

2225 4739 2412 4792 μασεν.
2446 4718 2580 4774 Εἶτα
2624 4715 2699 4778 εἰς
2736 4717 2798 4772 τὸ
2858 4716 3090 4773 Σίλπιον
3149 4713 3275 4792 ὅρος
3343 4716 3520 4774 ἐλθὼν
3578 4717 3696 4792 εὗρε
3741 4711 3860 4771 τοὺς

2221 4808 2330 4864 ἀπὸ
2361 4809 2599 4882 ’Ἄργους
2642 4805 2876 4868 Ίωνίτας
2925 4807 3012 4882 ὐφ’
3071 4806 3146 4862 ὧν
3200 4807 3290 4862 καὶ
3341 4806 3540 4882 ἰδέχθη
3603 4807 3678 4866 ὡς
3734 4801 3862 4876 ὁμό-

2223 4907 2414 4978 φυλος.
2446 4897 2510 4968 [Ρ
2539 4896 2635 4968 23]
2667 4899 2963 4969 Χειμῶνος
2997 4892 3054 4950 δὲ
3091 4894 3309 4952 πολλοῦ
3360 4897 3621 4959 πεσόντος
3645 4894 3734 4950 καῖ
3770 4891 3859 4945 τοῦ

2223 4981 2770 5062 προσπαρακειμένου
2815 4987 3068 5057 ποταμοῦ
3124 4991 3244 5048 τοῖς
3288 4983 3631 5046 Ἰωπολίναις
3683 4979 3860 5057 Ὀρόν-

2219 5093 2320 5132 του
2337 5074 2460 5130 καθ’
2479 5067 2790 5148 ὑπερϐολὴν
2824 5072 2939 5143 πλη
2950 5077 3319 5148 μμυροῦντος,
3336 5073 3451 5129 ἐπεὶ
3474 5072 3696 5144 ηὔξατο,
3722 5067 3858 5147 ἄφνω

2221 5162 2476 5238 κεραυνὸς
2530 5160 2604 5223 ὡς
2672 5166 2872 5241 σφαῖρα
2955 5163 3126 5238 πυρὸς
3185 5162 3473 5238 οὐρανόθεν
3538 5159 3858 5232 κατηνέχθην

2221 5251 2311 5308 καὶ
2344 5251 2516 5312 οὕτως
2547 5249 2577 5304 8
2604 5271 2662 5305 τε
2690 5251 2908 5327 χειμὼν
2953 5251 3221 5327 ἐπεσχέθη
3280 5251 3374 5307 καὶ
3435 5253 3502 5307 τὰ
3567 5251 3746 5328 ῥεῖθρα
3773 5244 3862 5299 τοῦ

2223 5343 2480 5424 ποναμοῦ.
2521 5339 2733 5424 δινείθη,
2789 5339 2895 5424 Καὶ
2941 5343 3234 5424 γοῦνᾘτοῦ
3287 5342 3461 5424 nuptis
3515 5339 3716 5424 ἐκείνου
3763 5335 3858 5424 πῖξρ

2225 5411 2428 5488 ἀνάψας
2460 5413 2488 5465 ὁ
2537 5411 2773 5484 Περσεὺς
2832 5411 2967 5487 εἶχε
3009 5413 3126 5485 μεθ’
3184 5411 3376 5469 ἑαυτοῦ
3433 5412 3732 5490 βαστάζων,
3787 5411 3856 5465 εἷς

2222 5521 2282 5556 τε
2309 5500 2376 5554 τὰ
2425 5497 2545 5554 ’ίδια
2605 5497 2855 5572 βασίλεια
2915 5499 3134 5576 ἀγαγὼν
3193 5501 3283 5556 καὶ
3337 5501 3482 5576 ἱερὸν
3539 5503 3636 5557 τοῦ
3697 5491 3854 5567 πυρὸς

2222 5588 2622 5650 κατασκευάσας
2652 5591 2742 5642 καὶ
2801 5587 2965 5662 ἷέρεῖς
3027 5584 3278 5653 εὐλαϐεῖς
3335 5587 3532 5668 ἄνδρας
3580 5579 3855 5653 έπιστησά⁸

2229 5697 2406 5760 μενος·
2440 5675 2586 5734 ἀλλὰ
2639 5679 2745 5750 μὴν
2801 5678 2889 5733 καὶ
2947 5678 3000 5734 ἐν
3051 5678 3302 5737 Ἰωπόλει
3335 5677 3424 5736 καὶ
3483 5679 3538 5736 έν
3601 5675 3738 5749 πάσῃ
3790 5671 3852 5742 τῇ

4043 1825 4045 1882 ψ
