4094 6292
269 375 352 439 αθ
1409 369 1961 433 HISTORIARUM
2003 371 2559 442 COMPENDIUM.
3617 381 3697 440 ἰο

278 513 368 570 ὐπ’
400 511 566 569 αὐτὸν
597 514 672 587 γῇ
728 506 818 567 καὶ
876 507 953 571 ὡς
1007 505 1057 577 ἒξ
1115 501 1346 579 οὐρανοῦ
1397 500 1786 578 κατενεχθέντα
1812 503 1932 559 θεὸν

2049 514 2218 580 pater
2247 511 2467 569 intulit.
2501 514 2605 570 Cui
2636 531 2771 573 cum
2800 513 3015 572 infesto
3047 530 3202 588 equo
3224 529 3540 571 occurrens
3557 516 3696 569 Per-

278 599 530 661 σέϐεσθαι
586 603 654 658 τὸ
710 605 821 677 πῦρ
875 597 1046 655 ἔκεῖνο
1099 595 1352 656 θεσπίσας
1409 590 1617 663 ἰδίδαξε
1660 592 1942 666 πυρσολα-

280 700 456 770 τρεῖν,
491 695 700 767 μάγους
752 691 880 751 τοὺς
937 692 1036 744 τοῦ
1087 687 1257 762 πυρὸς
1314 686 1480 760 ἱερεῖς
1530 682 1782 746 καλέσας.
1813 685 1943 759 "Ep-

288 804 452 860 χεται
484 782 574 838 οῦν
605 781 745 857 πρὸς
796 778 955 834 αὐτὸν
1011 776 1062 831 έν
1119 772 1357 848 πολέμῳ
1388 773 1416 827 6
1443 779 1546 842 τῆς
1576 769 1942 860 Ἀνδρομέδας

281 859 471 948 πατὴρ
503 872 532 926 6
562 868 802 947 Κηφεύς.
864 866 967 924 Καὶ
1026 862 1140 920 ἔπεῖ
1195 865 1224 918 6
1284 862 1518 937 Περσεὺς
1578 859 1809 935 ἐξελθὼν
1840 864 1941 931 τὴν

278 971 388 1033 τῆς
448 960 719 1039 Γοργόνος
777 956 1020 1034 κεφαλήν
1076 950 1400 1039 ἐπεδείκνυε,
1460 950 1677 1028 Κηφεὺς
1736 949 1793 1005 δὲ
1840 951 1943 1006 ὑπὸ

278 1056 388 1108 τοῦ
417 1036 603 1127 γήρωξ
656 1043 1037 1122 ἀμϐλυωπῶν,
1099 1043 1174 1105 ὡς
1230 1036 1463 1120 ἔφιππος
1505 1042 1624 1096 κατ’
1653 1039 1819 1095 αὐτοῦ
1851 1038 1943 1096 ἐπε

286 1138 497 1197 έϐαινεν
542 1140 570 1194 6
615 1136 871 1211 Περσεὺς,
945 1135 1151 1209 ἀγνοῶν
1216 1127 1573 1205 ἀμϐλυωπεῖν
1612 1130 1704 1185 τὸν
1737 1127 1942 1207 Κηφέα,

285 1229 584 1308 ἐλογίσατο
619 1230 696 1300 μή
754 1224 990 1303 ἐνεργεῖν
1047 1219 1128 1277 ἔτι
1180 1223 1244 1291 ἣν
1291 1225 1513 1295 κατεῖχε
1541 1221 1642 1285 τῆς
1674 1217 1944 1308 Γοργόνος

280 1306 560 1400 κεφαλὴν,
607 1317 693 1373 καὶ
749 1317 981 1391 στρέψας
1034 1332 1238 1381 ταυτην
1288 1310 1424 1400 πρρς
1475 1309 1661 1400 έαυτόγ
1710 1309 1796 1363 καὶ
1846 1306 1943 1400 έμ-

2051 616 2185 655 seus
2216 609 2392 673 caput
2419 604 2703 676 Gorgonis
2734 609 3109 673 ostentasset,
3169 604 3436 676 Cepheus
3495 609 3695 658 autem

2050 695 2292 762 prapter
2323 697 2611 748 senectam
2640 699 2876 749 aetatem
2907 693 3228 759 caecutiret,
3267 692 3537 748 nesciens
3560 694 3697 745 Per-

2055 794 2189 834 seus
2218 780 2519 852 Cepheum
2550 782 2848 851 caecutire,
2906 783 3137 854 putavit
3190 788 3366 854 caput
3411 782 3696 854 Gorgonis

2053 867 2212 936 quod
2244 870 2655 941 praetendebat
2686 871 2841 927 vires
2872 889 3010 928 suas
3031 873 3160 944 jam
3210 889 3330 927 non
3379 887 3649 926 exserere
3682 887 3696 937 ;

2053 955 2253 1028 itaque
2275 958 2387 1013 sibi
2411 959 2471 1015 id
2498 960 2967 1032 obvertit,inque
2992 960 3051 1016 id
3099 960 3288 1017 oculis
3336 960 3580 1016 intentis
3614 961 3700 1015 in-

2054 1046 2258 1113 tuitus,
2295 1049 2595 1122 extemplo
2626 1051 2726 1106 42
2759 1055 3087 1106 excaecatus
3118 1050 3316 1122 itaque
3351 1049 3696 1105 interfectus

2054 1139 2159 1190 est.
2191 1138 2238 1191 Δ
2275 1138 2508 1209 Cepheo
2543 1138 2798 1211 proinde
2822 1156 3002 1212 regno
3032 1140 3345 1195 Persarum
3373 1140 3580 1206 Meros,
3632 1139 3700 1192 fi-

2053 1223 2169 1280 lius
2200 1227 2400 1282 Persei
2430 1232 2487 1283 et
2520 1227 2930 1299 Andromedae,
2964 1228 3277 1300 praefectus
3301 1233 3428 1293 est;
3461 1232 3519 1283 et
3576 1229 3704 1299 ipse

2056 1318 2317 1371 cremato
2348 1317 2634 1389 Gorgonis
2664 1318 2856 1389 capite
2886 1318 2948 1372 in
2979 1334 3147 1373 suam
3176 1317 3480 1389 regionem
3502 1316 3700 1371 rediit.

282 1395 497 1483 ϐλέψας
549 1407 746 1466 ἀτενῶς
803 1402 1051 1479 παραυτὰ
1103 1397 1409 1479 τυφλωθεὶς
1469 1397 1728 1472 ἀνήρέθη.
1790 1396 1892 1455 Καὶ
1952 1395 2149 1453 λοιπὸν
2207 1396 2581 1476 προϐάλλεται
2644 1405 2745 1459 ὑπὸ
2822 1405 3053 1482 Κηφέως
3135 1401 3391 1480 βασιλεὺς
3480 1407 3698 1478 Περσῶν

279 1500 489 1573 Μέρω;
517 1497 546 1551 6
580 1496 825 1571 Περσέως
874 1493 964 1548 καὶ
1008 1485 1375 1564 Ἀνδρομέδας
1415 1488 1552 1548 υἷος.
1598 1486 1813 1564 Κηφεὺς
1862 1483 1919 1541 δῖ
1957 1487 2056 1556 τήν
2115 1495 2216 1558 τῆς
2277 1492 2545 1566 Γοργόνος
2595 1494 2835 1570 κεφαλὴν
2878 1492 3079 1555 καύσας
3112 1493 3458 1568 ἀνεχώρησεν
3492 1490 3567 1553 εἰς
3598 1492 3698 1559 τήν

284 1588 381 1667 χὼ
389 1607 483 1664 ραν
524 1584 712 1643 αὐτοῦ.

360 1678 634 1751 ’Δγήνορα
689 1671 748 1728 δὲ
802 1674 919 1745 (38)
976 1669 1069 1725 τὸν
1127 1667 1234 1723 ἀπὸ
1293 1665 1558 1737 Φοινίκης
1592 1665 1831 1739 ὁπατὴρ
1871 1664 1948 1726 εἷς

283 1766 625 1836 ἀναζήτησιν
678 1769 779 1831 τῆς
833 1760 999 1815 αὐτοῦ
1053 1757 1320 1834 θυγατρὸς
1371 1754 1645 1831 Εὐρώπης
1695 1754 1949 1809 ἀποστεί-

276 1855 405 1924 λας,
442 1854 627 1928 μαθὼν
656 1853 684 1907 6
715 1847 947 1925 Κάδμος
978 1849 1054 1910 ὡς
1094 1846 1264 1917 αὐτὴν
1316 1845 1408 1900 σὺν
1441 1843 1636 1918 Ταύρῳ
1664 1848 1744 1915 τῷ
1774 1844 1946 1919 ἁρπά-

2049 1673 2382 1743 Agenorem
2414 1677 2615 1728 autem
2645 1690 2679 1728 a
2708 1674 3011 1730 Phuanicia
3038 1678 3205 1745 pater
3260 1670 3333 1728 ad
3383 1671 3701 1743 inquiren-

2049 1759 2181 1815 dam
2217 1761 2403 1816 ﬁliam
2436 1778 2607 1818 suam
2638 1764 2934 1834 Europam
2967 1779 3102 1818 cum
3126 1762 3408 1829 misisset,
3426 1761 3700 1828 Cadmus,

2048 1865 2181 1904 cum
2213 1867 2344 1905 eam
2377 1851 2773 1907 intellexisset
2830 1868 2965 1906 cum
3023 1853 3233 1917 Tauro,
3288 1868 3321 1905 a
3381 1866 3497 1921 qua
3539 1855 3706 1920 rapta

273 1966 432 2001 σαντι
481 1942 682 2012 ταύτην
737 1947 848 2010 τῆς
906 1939 1133 2013 Κρήτης
1198 1933 1498 2010 βασιλεύει,
1556 1930 1941 2030 ῶρμησενείς

2049 1937 2262 2007 fuerat,
2294 1942 2478 1994 Cretm
2510 1956 2785 2012 regnare,
2820 1941 2881 1995 in
2915 1940 3197 1995 Bmotiam
3227 1939 3391 2007 abiit,
3445 1940 3706 1994 Boeotos-

270 2034 552 2092 Βοιωτίαν
582 2032 674 2087 καὶ
708 2029 904 2092 αὐτοὺς
952 2029 1278 2103 ἀγνοοῦντας
1325 2026 1393 2080 τὰ
1443 2021 1718 2079 Φοινίκων
1752 2022 1940 2100 γράμ-

2051 2044 2166 2098 que
2192 2028 2527 2084 litterarum
2561 2030 2799 2102 ignaros
2830 2029 3163 2085 thnicias
3195 2029 3424 2084 litteras
3479 2027 3701 2095 docuit,

277 2145 429 2199 ματα
485 2120 711 2194 ἐδίδαξε,
779 2120 869 2175 καὶ
923 2113 1265 2173 ἐϐασίλευσεν
1322 2114 1405 2170 ἐπ’
1467 2114 1660 2175 αὐτοῖς
1709 2111 1803 2184 ἔτη

277 2214 385 2270 Καὶ
441 2218 669 2290 γυναῖκα
718 2207 959 2285 ἠγάγετο
1043 2207 1142 2275 τήν
1214 2202 1508 2281 ’Δρμονίαν
1566 2199 1936 2275 καλουμένην,

276 2307 405 2375 ἣτις
435 2304 585 2375 αὐτῷ
610 2297 662 2372 ἔξ
704 2300 875 2357 τίκτει
924 2298 1239 2373 θυγατέρας,
1296 2296 1438 2365 Ἰνὼ,
1472 2292 1738 2369 Ἀγαύην,
1770 2291 1942 2365 Σεμέ-

282 2393 418 2465 λην,
450 2391 799 2467 Εὐρυνόμην,
831 2387 1097 2450 Κλεανθὼ
1126 2384 1215 2441 καὶ
1248 2380 1578 2459 Εὐρυδίκην.
1616 2378 1786 2437 Αὖται
1818 2378 1939 2436 ἰλέ-

279 2503 451 2561 γοντο
482 2476 784 2555 Καδμίδες.
826 2477 1001 2539 Οὗτος
1056 2475 1085 2530 6
1143 2470 1364 2547 Κάδμος
1402 2472 1491 2527 καὶ
1522 2469 1684 2561 πόλιν
1715 2471 1812 2539 τὴν
1840 2491 1939 2543 με-

279 2559 465 2652 γάλην
493 2572 594 2639 τήν
631 2565 907 2641 Καδμείαν
954 2564 1067 2620 ἐκεῖ
1110 2562 1300 2632 κτίζει.
1351 2563 1446 2623 “Oc;
1488 2561 1578 2652 καὶ
1624 2559 1718 2652 16v
1749 2561 1940 2652 Τειρε..

280 2646 402 2718 σὶαν
453 2663 714 2718 Βοιωτῶν
769 2653 897 2712 ὄντα
953 2653 1282 2733 φιλόσοφον,
1334 2652 1424 2708 τὸν
1475 2651 1800 2723 αὐτομάτως
1845 2646 1939 2728 φέ-

282 2753 470 2830 ρεσθαι
528 2751 597 2805 τὶ
650 2747 829 2803 πάντα
883 2745 971 2801 καὶ
1024 2744 1364 2814 ἀπρονόητον
1421 2741 1558 2796 εἶναι
1602 2738 1936 2830 τὸν-κόσμον

281 2827 697 2916 δογματίσαντα
756 2835 848 2891 καὶ
903 2833 979 2896 εἷς
1034 2834 1099 2888 τὸ
1155 2835 1253 2887 τοῦ
1285 2830 1552 2909 Δαφναίου
1584 2827 1938 2891 Ἀπόλλωνος

277 2915 431 3006 ἱερὸν
493 2927 584 2984 διὰ
637 2930 805 2981 ταῦτα
862 2923 1137 2999 ἐξόριστον
1194 2921 1503 2995 γενόμενον,
1554 2915 1933 3006 ἂνεκαλέσατο.

277 3005 484 3075 Τοῦτον
549 3015 643 3072 τὸν
713 3012 993 3089 Τειρεσίαν
1051 3008 1466 3086 μυθολογοῦσιν,
1518 3009 1592 3069 ὡς
1657 3005 1936 3083 ἑωρακότα

278 3105 549 3165 Παλλάδα
597 3102 928 3178 λουομένην,
988 3101 1063 3162 είς
1110 3098 1366 3175 γυναικὸς
1420 3096 1608 3152 αὐτίκα
1651 3090 1934 3170 μεταϐλη-

283 3206 444 3267 θῆναι
502 3195 681 3272 φύσιν,
738 3193 831 3248 καὶ
889 3192 1385 3266 πολύπραγμονεῖν
1438 3187 1573 3260 αὐτῇ
1628 3189 1745 3247 πῶς
1793 3186 1931 3261 γυνή

2048 2132 2418 2189 regnumque
2440 2118 2598 2190 apud
2630 2135 2732 2174 eos
2765 2135 2873 2190 per
2902 2119 2973 2173 62
2998 2135 3187 2173 annos
3219 2117 3495 2173 obtinuit.
3548 2118 3704 2172 Uxo-

2048 2226 2177 2265 rem
2209 2210 2377 2266 duxit
2409 2212 2813 2277 Harmoniam,
2847 2228 2978 2283 quae
3007 2212 3058 2267 ei
3090 2228 3192 2266 sex
3224 2211 3375 2266 ﬁlias
3422 2211 3654 2282 peperit
3688 2226 3700 2276 ;

2050 2316 2303 2369 quarum
2336 2300 2581 2357 nomina
2612 2301 2737 2367 Ino,
2770 2303 3013 2374 Agrave,
3037 2300 3287 2369 Semele,
3338 2300 3698 2372 Eurynome,

2048 2387 2334 2445 Cleantho
2357 2394 2416 2445 et
2437 2389 2725 2462 Eurydice
2752 2407 2767 2444 :
2794 2391 2886 2445 has
2901 2391 3079 2446 etiam
3099 2389 3413 2446 Cadmides
3428 2389 3700 2444 nomina-

2046 2476 2343 2535 bantur.Is
2364 2478 2620 2535 Cadmus
2638 2479 2819 2535 etiam
2841 2479 3160 2535 Cadmeam
3181 2495 3461 2551 magnam
3488 2477 3700 2533 urbem

2046 2567 2127 2621 ibi
2149 2568 2436 2638 condidit,
2465 2574 2523 2623 et
2538 2569 2821 2624 Tiresiam
2859 2569 3193 2625 Bmotorum
3250 2567 3690 2640 philosophum,

2047 2657 2147 2728 qui
2172 2657 2548 2730 quodomnia
2576 2658 2817 2714 fortuito
2849 2658 2990 2714 ferri
3056 2658 3339 2729 nullaque
3397 2657 3689 2712 mundum

2045 2746 2417 2816 providentia
2439 2746 2752 2819 gubernari
2778 2747 3101 2813 docuisset,
3124 2747 3185 2801 in
3224 2746 3490 2818 Daphnei
3521 2744 3690 2816 Apol-

2045 2833 2186 2892 linis
2210 2835 2497 2907 templum
2521 2836 2813 2909 relegatus
2835 2836 3126 2905 fuerat,ab
3145 2835 3356 2891 exsilio
3380 2834 3687 2889 revocavit.

2043 2923 2409 2981 Fabulantur
2429 2924 2586 2980 hunc
2603 2924 3051 2991 Tiresiam,cum
3064 2925 3361 2979 lavantem
3376 2924 3693 2978 Minervam

2043 3012 2309 3084 vidisset,
2342 3013 2536 3070 subito
2563 3015 2624 3069 in
2683 3014 3000 3070 mulierem
3058 3029 3411 3069 conversum
3459 3012 3692 3077 fuisse;

2044 3102 2222 3172 inque
2255 3118 2324 3157 ea
2367 3107 2580 3158 natura
2648 3104 2879 3157 curiose
2937 3102 3333 3174 exploravisse
3394 3100 3691 3172 quomodo

2043 3190 2261 3246 mulier
2282 3208 2351 3246 ex
2366 3192 2489 3246 viro
2512 3192 2827 3263 concipiat,
2852 3191 3149 3263 quomodo
3172 3191 3349 3246 unica
3386 3190 3692 3263 sanguinis

295 3287 436 3359 μετᾶ
468 3284 648 3360 ἀνδρὸς
697 3276 1093 3355 συλλαμϐάνει,
1153 3278 1243 3334 καὶ
1301 3282 1418 3338 πῶς
1449 3279 1484 3345 ἡ
1520 3276 1619 3349 μία
1648 3273 1806 3351 φύσις
1834 3277 1932 3328 τοῦ

2049 3286 2255 3336 natura
2275 3281 2338 3335 in
2358 3298 2513 3350 ossa,
2540 3297 2742 3348 venas,
2771 3298 2977 3337 carnes
2997 3287 3055 3337 et
3077 3287 3293 3338 caetera
3337 3280 3694 3336 distribuan-

296 3345 531 3449 αἳματος
568 3345 649 3437 ἐἷς
709 3375 844 3430 ὀστᾶ
905 3371 995 3426 καὶ
1061 3363 1266 3448 φλέϐας
1315 3366 1405 3422 καὶ
1471 3364 1668 3440 σάρκας
1716 3364 1805 3418 καὶ
1868 3364 1936 3418 τὰ

2049 3375 2156 3435 tur,
2192 3375 2252 3424 et
2279 3345 2577 3441 quomodo
2610 3345 2784 3426 festus
2814 3372 2975 3426 vivus
3005 3372 3279 3445 gignatur
3297 3386 3580 3441 ;cumque
3599 3387 3692 3425 sa-

299 3463 470 3519 λοιπά
515 3464 800 3540 μερίζεται,
857 3461 946 3517 καὶ
1002 3458 1201 3536 βρέφος
1270 3454 1715 3540 ξωογονούμενον
1761 3452 1940 3508 τίκτε-

2042 3460 2334 3531 pientiam
2368 3460 2610 3532 Opiﬁcis
2641 3461 2878 3532 assequi
2913 3462 3228 3534 cogitando
3280 3461 3575 3534 nequiret,
3627 3476 3695 3514 eo

286 3576 396 3621 ται,
453 3554 541 3608 καὶ
590 3556 688 3608 τοῦ
746 3553 1097 3623 Δημιουργοῦ
1143 3548 1243 3615 τήν
1296 3542 1485 3624 σοφίαν
1535 3544 1609 3617 μὴ
1643 3539 1938 3613 δυνηθέντα

2049 3547 2389 3620 prolapsum
2414 3554 2483 3605 ut
2527 3551 2730 3605 omnia
2774 3549 3017 3605 fortuito
3051 3551 3181 3606 fieri
3213 3549 3457 3606 diceret.
3494 3551 3695 3620 Itaque

280 3638 613 3699 καταλαϐεῖν
670 3643 746 3703 εἰς
806 3636 1217 3712 αὐτοματισμὸν
1279 3632 1647 3704 ἐξολισθῆσαι’
1710 3629 1795 3686 διὸ
1846 3631 1937 3686 καὶ

2049 3639 2175 3710 ioco
2227 3638 2452 3694 dictum
2529 3645 2619 3695 est
2702 3657 2839 3696 eum
2926 3640 2988 3695 in
3069 3640 3341 3695 mulieris
3417 3644 3693 3694 naturam

277 3734 561 3805 παίξοντες
621 3730 781 3787 αὐτὸν
813 3730 889 3792 εἷς
948 3729 1218 3805 γυναικῶν
1274 3724 1430 3802 φύσιν
1490 3720 1720 3800 ἔφρασαν
1772 3740 1936 3795 μετα-

279 3818 587 3894 ϐληθῆναι.
623 3821 798 3881 Οὗτος
831 3821 858 3874 6
892 3814 1109 3891 Κάδμος
1160 3817 1189 3870 6
1234 3820 1334 3885 τῆς
1383 3813 1648 3875 Βοιωτίας
1683 3809 1938 3887 βασιλεὺς

277 3914 529 3989 Ἀγαύην
589 3912 691 3981 τήν
750 3909 921 3965 αὐτοῦ
980 3904 1245 3982 θυγατέρα
1301 3902 1512 3983 Ἐχίονι
1557 3899 1682 3965 δοὺς
1713 3906 1941 3978 γυναῖκα

278 4002 354 4065 εἷς
410 4002 543 4058 Χίον
603 3997 954 4056 ἀποστέλλει.
1014 3999 1268 4051 Γεννᾶται
1323 3991 1415 4048 οὖν
1475 3991 1526 4065 ἐξ
1578 3992 1746 4061 αὐτῆς
1805 3991 1939 4066 ἀνὴρ

278 4092 556 4167 φρόνιμος
594 4089 687 4145 καὶ
736 4087 947 4148 συνετὸς
998 4086 1026 4140 6
1075 4082 1324 4148 Πενθεύς·
1380 4084 1465 4153 [Ρ.
1500 4083 1614 4154 24.]
1645 4079 1692 4152 ᾧ
1720 4079 1809 4135 καὶ
1839 4080 1938 4148 τὴν

278 4178 557 4249 διοίκησιν
610 4185 711 4248 τῆν
776 4174 1050 4252 βασιλείας
1128 4173 1350 4247 ὕστερον
1406 4169 1773 4245 παρεχώρησε
1828 4167 1940 4225 Κά-

280 4267 445 4344 δμος,
476 4269 554 4331 ὡς
583 4267 753 4322 αὐτοῦ
808 4264 942 4338 μετά
995 4262 1271 4338 Τειρεσίου
1329 4258 1418 4314 ἐπὶ
1460 4258 1524 4314 τὸ
1555 4257 1942 4333 Κιθαιρώνειον

282 4361 417 4433 ὄρος
445 4360 544 4413 τὸν
578 4356 700 4432 βίον
735 4351 1168 4414 διατελέσαντος.
1217 4351 1334 4420 Τήν
1389 4346 1447 4402 δὲ
1479 4347 1730 4421 Σεμέλην
1765 4344 1947 4400 Πολυ-

280 4443 478 4520 μήόων
510 4447 540 4499 6
567 4444 685 4506 υἱὸς
741 4443 843 4499 τοῦ
904 4441 1233 4514 Αἶθερίωνος
1282 4440 1487 4513 γήμας,
1542 4436 1601 4492 ἐκ
1627 4440 1724 4490 τοῦ
1753 4435 1944 4510 γένους

278 4533 355 4589 ὤν
386 4538 487 4591 τοῦ
532 4534 679 4601 Διὸς,
736 4531 844 4587 ἀπὸ
903 4528 1154 4603 Σεμέλης
1212 4528 1612 4600 ἑπταμηνιαῖον
1643 4527 1794 4601 γεννᾷ
1827 4523 1951 4600 βρέ-

279 4645 383 4704 φος
437 4621 531 4679 διὰ
585 4623 650 4678 τὸ
708 4623 996 4697 ἀστραπῶν
1057 4619 1147 4673 καὶ
1237 4617 1482 4693 βροντῶν
1518 4613 1789 4704 ,ἐξαισίων
1848 4615 1949 4704 την

2045 3728 2406 3785 transivisse.
2443 3728 2494 3783 Is
2525 3728 2779 3785 Cadmus
2811 3730 3048 3785 Bmotiaa
3080 3746 3185 3784 rex
3218 3732 3450 3801 Agaven
3513 3728 3695 3783 tiliam

2045 3833 2214 3873 suam
2244 3817 2489 3874 Echioni
2524 3818 2584 3872 in
2618 3819 3067 3873 matrimonium
3118 3817 3300 3883 dedit,
3360 3834 3427 3873 ac
3484 3816 3545 3870 in
3591 3817 3692 3871 43

2045 3905 2257 3962 Chium
2277 3906 2636 3963 amandavii.
2669 3908 2907 3979 Peperit
2935 3907 3061 3963 huic
3083 3908 3275 3963 virum
3339 3905 3695 3979 prudentem

2047 4011 2115 4051 ac
2144 3996 2541 4068 ingeniosum,
2603 3997 2846 4052 nomine
2902 3997 3276 4062 Pentheum;
3340 3996 3433 4051 cui
3490 4001 3698 4068 postea

2048 4085 2334 4157 temporis
2346 4085 2597 4141 Cadmus
2614 4087 2776 4158 regni
2790 4085 3365 4142 administrationem
3378 4085 3699 4150 commisit,

2053 4190 2188 4229 cum
2250 4174 2379 4245 ipse
2437 4190 2571 4229 cum
2627 4175 2851 4230 Tiresia
2909 4175 3216 4229 statuisset
3264 4175 3324 4229 in
3369 4175 3699 4229 Cithaerone

2052 4270 2257 4320 monte
2289 4267 2469 4321 vitam
2493 4266 2684 4321 finire.
2719 4265 2989 4321 Semelen
3018 4266 3382 4338 Polymedon
3413 4264 3701 4319 Etherio-

2048 4354 2144 4409 nis
2164 4352 2351 4409 ﬁliam
2373 4354 2562 4424 duxit,
2588 4371 2657 4409 ex
2675 4359 2848 4427 gente
2886 4354 3040 4410 Jovis
3066 4372 3081 4422 ;
3133 4360 3309 4425 atque
3361 4370 3432 4408 ex
3464 4369 3532 4409 ea
3561 4368 3700 4425 pro-

2050 4443 2171 4499 lem
2202 4444 2642 4516 septimestrem
2697 4444 2959 4510 sustulit,
3020 4450 3208 4500 matre
3265 4443 3599 4517 fulguribus
3643 4447 3701 4497 et

2053 4533 2375 4589 tonitribus
2406 4533 2662 4589 insolitis
2693 4539 2922 4590 necata.
2975 4533 3229 4590 Cadmus
3287 4534 3575 4589 infantem
3639 4533 3699 4586 in

2056 4622 2294 4695 Nysiam
2318 4623 2643 4694 regionem,
2671 4639 2802 4695 quas
2832 4629 2887 4678 et
2918 4623 3194 4696 Nyseium
3244 4623 3480 4691 dicitur,
3532 4621 3701 4677 alen—

282 4701 499 4788 μητέρα
530 4712 845 4777 ἀποθανεῖν.
874 4712 1051 4768 Τοῦτο
1111 4707 1170 4761 16
1232 4706 1430 4784 βρέφος
1485 4703 1561 4766 εἷς
1612 4701 1815 4758 Νυσίαν
1845 4702 1941 4772 τήν

2057 4711 2190 4766 dam
2215 4712 2396 4766 misit.
2421 4712 2785 4768 Fabulantur
2804 4712 3092 4768 infantem
3115 4729 3149 4768 a
3169 4713 3305 4768 Jove
3330 4714 3389 4767 in
3430 4712 3563 4767 sinu
3596 4726 3700 4765 suo

279 4821 469 4879 χηραν
502 4803 534 4857 6
564 4799 785 4875 Κάδμος
841 4797 1176 4875 ἐκτραφῆναι
1228 4792 1488 4868 ἔπεμψεν,
1520 4792 1550 4847 6'
1579 4791 1668 4848 καὶ
1711 4791 1940 4849 Νύσειον

279 4893 613 4965 ὠνομάσθη.
674 4888 1060 4965 Μυθολογοῦσι
1117 4884 1175 4940 δὲ
1226 4883 1309 4939 ὅτι
1366 4887 1532 4938 τοῦτο
1565 4883 1593 4937 6
1624 4880 1752 4944 Ζεὺς
1779 4880 1831 4937 έν
1861 4886 1941 4954 τῷ

282 4979 409 5055 ἰδίῳ
438 4979 640 5053 κόλπῳ
670 4979 759 5035 ἐπὶ
790 4976 1023 5052 δευτέρῳ
1083 4975 1213 5048 μηνὶ
1269 4971 1560 5050 ἐφύλασσε,
1601 4968 1741 5025 διότι
1778 4969 1940 5046 μέρος

283 5070 437 5142 ζωῆς
466 5064 600 5146 ἔσχε
628 5069 766 5145 πρὸς
813 5071 910 5122 τοῦ
956 5069 1089 5121 Θεοῦ
1137 5063 1286 5137 παρᾶ
1330 5062 1422 5117 τὸν
1471 5059 1772 5136 ὡρισμένον
1806 5060 1942 5136 χρό⁸

276 5181 373 5217 νον
406 5159 724 5234 ἑκτρωθείς.
757 5155 963 5215 Ἀλλοι
999 5153 1057 5210 δὲ
1085 5156 1282 5208 τοῦτον
1305 5151 1379 5213 ὡς
1402 5147 1451 5219 ἐξ
1484 5147 1734 5219 ἡλιακῶν
1767 5149 1947 5229 εὐχῶν

285 5249 527 5325 μυστικά
576 5268 695 5303 τινα
751 5248 843 5302 καὶ
912 5242 1199 5318 θαυμαστά
1265 5237 1477 5315 δρῶντα
1530 5239 1618 5293 καὶ
1678 5238 1755 5300 ὡς
1819 5239 1942 5325 napi

286 5317 604 5412 ἀμπελικὴν
654 5335 920 5414 γεωργίαν
969 5317 1321 5404 έκτιθάμενον
1374 5326 1684 5414 ἀπεθέωσαν
1742 5349 1800 5383 τε
1853 5317 1945 5382 καἰ

287 5409 545 5484 Διόνυσον
604 5409 990 5500 μετεκάλεσαν,
1069 5421 1144 5483 ὡς
1214 5417 1275 5473 έκ
1339 5417 1529 5493 γένους
1603 5409 1733 5470 ὄντα
1799 5418 1945 5478 Διός.

2051 4799 2201 4856 duos
2231 4800 2494 4871 reliquos
2542 4818 2780 4857 menses
2839 4806 3205 4857 asservatum
3262 4801 3490 4866 fuisse;
3544 4798 3703 4869 quod

2050 4888 2280 4945 scilicet
2298 4905 2333 4945 a
2348 4889 2466 4946 Deo
2488 4896 2717 4962 partem
2740 4890 3059 4961 quamdam
3083 4890 3217 4944 vitas
3238 4889 3467 4956 habuit,
3492 4888 3703 4944 abortu

2052 4982 2189 5033 ante
2210 4977 2789 5051 legitimumtempus
2807 4978 3021 5034 editus.
3047 4978 3160 5034 Alii
3214 4979 3391 5049 hunc,
3438 4977 3597 5048 quod
3630 4993 3701 5031 ex

2052 5065 2347 5121 solaribus
2367 5067 2642 5138 precibus
2662 5067 2913 5139 mystica
2933 5067 3203 5137 quaedam
3238 5073 3296 5122 et
3343 5064 3700 5121 miraculosa

2052 5156 2275 5212 faceret
2306 5161 2365 5212 et
2393 5157 2526 5212 vitis
2557 5157 2783 5214 cultum
2814 5157 3135 5222 docuisset,
3170 5158 3230 5211 in
3288 5156 3430 5211 deos
3488 5155 3704 5210 retule-

2055 5249 2197 5300 runt
2225 5262 2292 5300 ac
2322 5245 2669 5317 Dionysium
2726 5247 3135 5314 nominarunt,
3194 5251 3259 5300 ut
3313 5244 3469 5301 Iovis
3519 5245 3703 5317 stirpe

2058 5339 2274 5390 ortum.
2311 5333 2654 5406 Dionysium
2687 5335 2844 5391 hunc
2865 5335 3066 5389 ferunt
3094 5334 3167 5389 ad
3198 5337 3408 5390 Persas
3448 5335 3704 5399 venisse,

2060 5437 2127 5477 ac
2156 5421 2460 5478 mirabiles
2492 5423 2779 5495 quasdam
2833 5423 3284 5496 imaginationes
3338 5440 3584 5496 operum
3638 5439 3705 5476 ac

1494 5552 1855 5608 XYLANDRI
1894 5556 1980 5610 ET
2018 5556 2236 5612 GOARI
2276 5557 2495 5613 NOT/E.

355 5680 467 5753 (88)
506 5681 694 5736 Locus
722 5677 1065 5749 perspiscue
1096 5676 1430 5744 corruptus,
1454 5668 1654 5725 fabula
1682 5670 1777 5724 vel
1810 5661 1884 5725 ex
1911 5672 2113 5728 Ovidio
2144 5679 2304 5730 nota.
2335 5675 2473 5729 XvL.
