4106 6288
406 333 478 393 τι
1753 325 2086 390 GEORGII
2127 322 2470 402 cannam
3741 323 3814 384 π

402 463 702 520 bellorum
723 464 878 536 apud
898 480 999 520 eos
1011 468 1369 520 ostentasse.
1394 461 1731 518 Secundum
1762 462 1888 515 haac
1918 475 2046 514 cum

2164 453 2369 509 Τοῦτον
2425 454 2501 514 είς
2557 451 2767 526 Πέρσας
2825 454 2983 528 φασὶν
3031 451 3316 522 ἀπελθεῖν,
3375 452 3466 508 καὶ
3523 452 3811 523 φαντασίας

405 570 623 626 magna
647 555 958 610 hominum
983 553 1154 611 turba
1177 553 1460 609 adversus
1481 551 1812 608 Pentheum
1856 548 2018 604 venit
2043 563 2056 600 :

406 643 558 698 viros
579 660 612 700 a
633 643 906 700 saltando
934 643 1178 709 Scirtos,
1229 643 1516 698 mulieres
1566 641 1823 696 Bacchas
1863 636 2062 710 appel-

404 731 562 788 lavit.
587 735 731 788 Cum
754 740 957 788 autem
999 733 1214 787 Beotiaa
1266 748 1514 803 regnum
1564 730 1676 786 sibi
1709 729 2058 796 vindicaret,

406 821 562 877 bello
593 839 726 878 cum
761 822 1026 877 Pentheo
1056 837 1409 894 congressus
1445 819 1776 876 succubuit.
1809 819 2059 889 Captum

407 927 476 965 ex
532 911 782 966 vinculis
839 910 1114 966 liberavit
1166 913 1356 983 Agave
1408 915 1748 976 matertera,
1805 906 2056 962 Penthei

405 1006 614 1056 mater.
651 1003 670 1056 l
679 1001 794 1057 nde
821 1018 927 1073 per
957 1001 1204 1056 insidias
1233 1000 1567 1056 Pentheum
1598 999 1848 1065 necavit,
1889 1013 2054 1055 cum-

404 1106 519 1161 que
553 1091 717 1145 Beoti
751 1107 888 1146 eum
921 1107 1102 1162 regno
1149 1107 1271 1146 non
1329 1090 1737 1164 dignarentur,
1797 1088 2056 1160 Delphos

404 1178 705 1250 profectus
729 1185 997 1236 mortuus
1017 1197 1084 1235 ac
1101 1179 1373 1252 sepultus
1389 1185 1498 1234 est.
1521 1179 1740 1235 Cadmo
1767 1177 1829 1234 in
1874 1190 2055 1249 regno

405 1268 626 1324 Beotiae
659 1270 946 1324 successit
994 1271 1273 1342 Nycteus.
1340 1273 1442 1326 44
1499 1271 1642 1325 Cum
1703 1269 1885 1341 hujus
1933 1266 2057 1322 tilia

401 1357 684 1430 Antiopa,
719 1357 1023 1414 sacerdote
1057 1358 1572 1423 Solis,Theobceus
1605 1357 1874 1414 Bratonis
1897 1356 2056 1412 ﬁlius

403 1462 440 1502 a
467 1447 605 1502 Jove
635 1463 822 1520 genus
853 1447 1076 1503 ducens
1107 1464 1174 1503 ac
1201 1447 1386 1504 frater
1415 1447 1637 1519 Nyctei,
1671 1463 1886 1518 corpus
1911 1445 2056 1500 mis-

403 1536 546 1605 cuit,
581 1536 843 1608 indeque
871 1537 1138 1608 geminos
1167 1553 1238 1592 ea
1268 1541 1358 1594 est
1385 1537 1580 1602 enixa,
1613 1535 2056 1606 Amphinonem

403 1630 461 1680 et
476 1626 726 1681 Zethum
754 1641 769 1692 ;
793 1626 894 1696 qui
919 1625 1098 1698 jussu
1128 1625 1330 1682 fratris
1370 1625 1621 1697 expositi
1679 1630 1818 1680 sunt
1873 1638 2057 1695 prOpe

400 1720 670 1770 montem
703 1715 1118 1770 Cithaaronem.
1153 1715 1266 1771 Sed
1297 1715 1542 1787 quidam
1571 1715 1828 1770 rusticus
1877 1713 2054 1769 Ordio

400 1803 670 1868 nomine,
695 1820 829 1858 cum
854 1803 1021 1876 prole
1040 1805 1277 1869 carerit,
1299 1804 1541 1859 sustulit
1561 1820 1662 1858 eos
1682 1808 1861 1874 atque
1910 1802 2050 1856 edu-
2083 1827 2129 1890 Β

398 1892 568 1948 cavit.
585 1894 730 1948 Cum
751 1899 951 1950 autem
969 1894 1221 1966 Antiopa
1267 1893 1424 1965 apud
1471 1895 1683 1949 Dircen
1723 1908 2048 1948 asservare-

399 1992 513 2054 tur,
537 1991 600 2040 ut
620 1992 863 2058 propter
885 1986 1176 2059 ﬂagitium
1198 1987 1585 2042 commissum
1629 2002 1735 2041 suo
1785 1991 2051 2056 tempore

395 2091 600 2147 poenas
622 2075 835 2144 lueret,
856 2091 990 2131 cum
1033 2075 1095 2130 in
1140 2077 1488 2147 Argivorum
1533 2075 1774 2147 regione
1823 2073 2050 2130 bellum

397 2164 720 2218 exstitisset
743 2164 943 2235 ibique
969 2164 1156 2234 Lycus
1181 2170 1535 2230 moraretur,
1557 2162 1728 2219 Dirce
1767 2165 2052 2234 Nycteum

396 2250 616 2307 blande
643 2252 987 2306 sollicitavit
1015 2252 1086 2308 de
1115 2251 1425 2307 liberanda
1473 2252 1748 2323 Antiopa.
1813 2253 1866 2306 ls
1916 2267 2052 2306 vero

393 2345 566 2396 tauro
591 2355 720 2394 eam
746 2341 940 2410 potius
958 2339 1080 2394 fero
1105 2339 1362 2412 alligand
1373 2356 1470 2395 am
1491 2340 1692 2410 itaque
1722 2337 2051 2394 necandam

398 2428 726 2500 profanatas
759 2428 1113 2500 virginitatis
1141 2445 1321 2484 causa
1353 2428 1685 2499 imperavit.
1739 2427 1858 2481 Hoc
1915 2441 2052 2480 cum

396 2517 829 2574 inaudivissent
853 2519 1148 2590 Amphion
1177 2525 1236 2573 et
1260 2519 1494 2586 Zethus,
1524 2517 1596 2574 ab
1642 2533 1712 2572 eo
1759 2516 1860 2588 qui
1891 2516 2052 2586 ipsos

405 2607 758 2663 educaverat
777 2607 968 2662 edocti
987 2609 1280 2678 Antiopiaa
1293 2624 1356 2662 se
1371 2623 1500 2662 esse
1513 2607 1688 2672 filios,
1711 2622 1846 2660 cum
1869 2621 2051 2661 manu

401 2698 765 2753 rusticorum
791 2699 1114 2766 irruerunt,
1139 2699 1484 2768 necatisque
1509 2697 1814 2764 militibus,
1841 2696 2051 2750 Dircen

399 2792 575 2841 tauro
635 2785 936 2859 alligatam
988 2786 1433 2841 interfecerunt.
1497 2785 1614 2856 Ipsi
1673 2801 1810 2840 cum
1860 2789 2050 2838 matre

406 2873 664 2946 Antiopa
689 2875 750 2930 in
781 2875 1062 2930 Boeotiam
1111 2874 1381 2946 profecti,
1436 2889 1571 2928 cum
1622 2871 1752 2944 jam
1801 2872 2051 2944 Nycteus

398 2963 518 3018 vita
546 2963 920 3033 decessisset,
975 2965 1059 3020 ita
1104 2963 1316 3019 musici
1377 2961 1673 3034 Amphion
1731 2967 1788 3017 et
1839 2961 2052 3016 Zethus

406 3053 624 3110 Bceotis
645 3053 865 3110 multos
881 3071 988 3125 per
1012 3069 1202 3108 annos
1221 3051 1382 3126 regia
1403 3055 1690 3123 potestate
1733 3051 2053 3122 imperave-

2168 543 2320 604 τινὰς
2379 541 2692 616 θαυμασίων
2765 537 2940 619 ἔργων
3028 541 3116 598 καὶ
3180 541 3443 616 πολέμων
3505 541 3557 597 έν
3628 541 3812 604 αὐτοῖς

2167 628 2551 702 ἐπιδείξασθαι.
2613 633 2765 690 Μετὰ
2822 630 2989 688 ταῦτα
3070 631 3160 688 ἐπὶ
3243 633 3439 698 Πενθέα
3497 633 3588 686 σὺν
3652 629 3812 706 ὄχλῳ

2172 721 2330 796 βαρεῖ
2357 716 2600 797 ἔρχεται,
2651 722 2737 777 καὶ
2805 721 2933 784 τοὺς
2993 723 3090 797 μὶν
3129 720 3323 798 ἄνδρας
3381 724 3634 796 σκιρτοὺς
3693 721 3815 777 ἐκά-

2167 809 2292 866 λεσε
2321 808 2411 866 διὰ
2443 810 2508 866 τὸ
2563 809 2828 868 ἅλλεσθαι
2885 811 2978 868 καὶ
3034 810 3234 884 πηδᾷν,
3295 812 3389 874 τὰς
3435 809 3494 867 δὶ
3551 817 3814 887 γυναῖκας

2169 897 2403 974 βάκχας.
2455 901 2572 970 Τήν
2626 921 2686 954 τε
2732 905 2842 956 τῶν
2901 903 3156 958 Βοιωτῶν
3191 898 3472 976 βασιλείαν
3505 902 3812 978 σφετεριζὸ-

2169 1009 2329 1062 μενος
2379 991 2516 1064 μετά
2571 992 2810 1054 Πενθέως
2866 988 3112 1065 πόλεμον
3144 985 3444 1065 συμϐαλὼν
3473 995 3814 1068 χειροῦνται,

2166 1077 2268 1134 ὑπὸ
2299 1076 2358 1134 δὶ
2385 1078 2628 1155 ’Δγαύης
2675 1087 2778 1150 τῆς
2819 1076 3061 1146 Πενθέως
3113 1081 3324 1156 μητρὸς
3355 1081 3430 1144 ὠς
3461 1081 3606 1143 θείας
3641 1077 3815 1150 οὔσης

2164 1167 2425 1222 Διονύσου
2482 1167 2774 1244 λυτροῦται
2827 1173 2935 1226 τῶν
3019 1166 3252 1243 δεσμῶν.
3310 1169 3460 1226 Μετὰ
3512 1172 3692 1228 ταῦτα.
3739 1166 3817 1224 έν-

2163 1251 2418 1330 εδρεύσας
2448 1256 2748 1313 ἀποκτείνει
2799 1259 3019 1323 Πενθέα.
3075 1260 3199 1315 Τῶν
3254 1256 3312 1314 δὲ
3367 1262 3620 1314 Βοιωτῶν
3655 1255 3812 1312 αὐτὸν

2167 1342 2392 1421 βασιλέα
2451 1345 2529 1419 μὴ
2586 1344 3049 1422 παραδεχομένων
3107 1345 3183 1410 εἰς
3243 1344 3482 1424 Δελφοὺς
3514 1349 3818 1423 ἀπέρχεται

2161 1431 2250 1489 καὶ
2293 1434 2466 1498 θανὼν
2523 1433 2800 1498 θάπτεται.
2861 1435 3013 1493 Μετὰ
3069 1433 3290 1510 Κάδμον
3345 1431 3666 1492 ἐϐασίλευσε
3715 1441 3815 1506 τῆς

2165 1523 2432 1580 Βοιωτίας
2465 1524 2723 1588 Νυκτεύς.
2778 1522 2986 1582 Τούτου
3041 1527 3141 1594 τήν
3201 1527 3469 1602 θυγατέρα
3500 1526 3814 1596 Ἀντιόπην,

2164 1613 2360 1684 ἱέρειαν
2394 1613 2552 1667 οὖσαν
2583 1611 2682 1668 τοῦ
2733 1611 2946 1681 Ἠλίου,
3005 1609 3259 1677 Θεόϐοιος
3293 1615 3321 1670 ὁ
3352 1615 3469 1678 υίὸς
3501 1617 3814 1690 Βράτωνος,

2163 1700 2224 1757 έκ
2252 1705 2348 1756 τοῦ
2377 1701 2566 1779 γένους
2621 1707 2718 1759 τοῦ
2764 1705 2888 1766 Διὸς
2936 1703 3329 1782 καταγόμενος,
3361 1703 3598 1784 ἀδελφὸς
3631 1703 3693 1761 δὲ
3721 1709 3818 1761 τοῦ

2161 1790 2434 1862 Νυκτέως,
2497 1793 2674 1866 μιγεὶς
2725 1797 2885 1868 γεννᾷ
2962 1789 3184 1866 δίδυμα,
3266 1795 3552 1871 ’Δμφίωνά
3608 1815 3671 1851 τε
3727 1795 3818 1850 καὶ

2156 1883 2351 1951 Ζῆθον,
2385 1881 2476 1944 οὕς
2523 1884 2594 1955 τῇ
2645 1879 2890 1938 κελεύσει
2935 1885 3032 1937 τοῦ
3087 1880 3326 1957 ἀδελφόῦ
3379 1882 3635 1958 ῥίπτουσι
3669 1883 3816 1954 πλη-

2158 1972 2278 2028 σίον
2331 1976 2428 2028 τοῦ
2483 1971 2866 2048 Κιθαιρωνείου
2923 1969 3106 2048 ὄρους.
3167 1971 3393 2047 Ὀρὸίων
3441 1971 3500 2030 δέ
3528 1996 3616 2038 τις
3647 1995 3818 2050 γεωρ-

2155 2063 2250 2137 γὸς
2280 2061 2442 2124 ἄπαις
2497 2058 2574 2116 ὢν
2631 2056 2920 2117 ανελάόετο
2975 2063 3066 2118 καὶ
3120 2061 3450 2138 ἀνεθρέψατο
3500 2063 3660 2122 αὐτά.
3703 2067 3816 2134 Τῆς

2157 2155 2217 2216 δὲ
2245 2159 2540 2228 ’Δντιόπης
2595 2160 2740 2234 παρὰ
2792 2161 2862 2233 τῇ
2912 2159 3078 2235 Δίρκῃ
3135 2159 3554 2238 φυλαττομένης
3615 2160 3706 2216 έπὶ
3753 2161 3817 2216 τὸ

2155 2254 2546 2322 τιμωρηθῆναι
2601 2245 2689 2304 διὰ
2743 2247 2807 2306 τό
2864 2254 3274 2324 παρανομῆσαι,
3309 2248 3439 2305 ⁸έπεὶ
3472 2247 3730 2323 πόλεμος
3762 2249 3813 2306 έν

2155 2339 2228 2410 τῇ
2261 2335 2522 2413 ’Δργείων
2555 2335 2784 2408 ἐκινήθη
2839 2338 3020 2412 χώρᾳ,
3079 2342 3177 2394 τοῦ
3229 2339 3408 2396 Λύκου
3463 2341 3830 2414 χρονίζοντος

2157 2424 2350 2495 έκεῖσε,
2412 2427 2447 2495 ἡ
2507 2427 2676 2499 Δίρκη
2757 2426 2850 2482 τὸν
2934 2427 3148 2486 Νυκτέα
3218 2429 3581 2492 θωπευτικῶς
3645 2429 3836 2504 ἠρώτα

2155 2513 2430 2570 ἀπολῦσαι
2474 2515 2796 2584 ’Δντιόπην.
2846 2516 2908 2573 Ὁ
2948 2513 3006 2571 δὲ
3061 2515 3278 2588 μᾶλλον
3310 2519 3610 2592 προσέταξε
3640 2519 3828 2595 ταύρῳ

2155 2601 2334 2678 ἀγρίῳ
2388 2604 2592 2672 ταύτην
2645 2600 3012 2678 προσδεθῆναι
3065 2605 3159 2660 καὶ
3219 2605 3536 2676 ἀποθανεῖν,
3595 2607 3680 2670 ὡς
3733 2610 3838 2678 τήν

2155 2691 2444 2766 παρθενίαν
2497 2685 2912 2766 βεϐηλώσασαν.
2968 2693 3332 2756 Ἀκούσαντες
3391 2693 3448 2749 δὲ
3499 2699 3676 2752 τοῦτο
3727 2702 3830 2766 2?,-

2157 2791 2248 2845 θος
2279 2780 2368 2835 καὶ
2415 2777 2690 2857 Ἀμφίων,
2739 2781 2827 2835 καὶ
2877 2781 3022 2856 παρὰ
3071 2785 3170 2836 τοῦ
3218 2782 3670 2857 ἀναθρεψαμένου
3700 2785 3824 2840 τού·

2153 2889 2280 2930 τους
2316 2869 2576 2941 μαθόντες
2636 2869 2714 2930 ὡς
2775 2867 2910 2940 αὕτη
2971 2869 3110 2924 ἐστὶν
3166 2873 3202 2940 ἠ
3263 2874 3450 2948 μήτηρ
3480 2873 3674 2930 αὐτῶν
3709 2877 3825 2932 Ἀν-

2153 2957 2344 3027 τιόπη,
2404 2958 2520 3031 ἃμα
2576 2955 2829 3013 πλείοσιν
2886 2957 3169 3032 ἀγροίκοις
3225 2957 3642 3025 ἐπεισπεσόντες
3699 2965 3826 3028 τοὺς

2161 3047 2256 3120 μὲν
2283 3046 2616 3121 στρατιώτας
2677 3045 3103 3115 κατακτείνουσι,
3165 3047 3364 3123 Δίρκην
3413 3045 3472 3104 δὲ
3517 3050 3602 3122 τῷ
3634 3053 3824 3126 ταύρῳ

399 3147 557 3197 runt.
578 3143 643 3196 Hi
665 3141 1161 3214 magnamurbem
1193 3141 1610 3208 condiderunt,
1673 3144 1730 3194 et
1781 3155 1814 3194 a
1861 3139 2046 3210 patris

2157 3131 2564 3209 προσδεσμοῠσι
2620 3133 2712 3189 καὶ
2769 3133 3072 3210 φονεύουσι.
3134 3136 3240 3190 Σὺν
3290 3140 3360 3210 τῇ
3409 3139 3575 3214 μητρὶ
3608 3137 3674 3196 δὲ
3705 3143 3824 3198 Ἀνο

396 3231 670 3286 Theobmi
704 3230 946 3284 nomine
975 3229 1204 3284 Thebas
1235 3233 1676 3298 nuncuparunt.
1734 3226 2046 3298 Euripides

2156 3225 2323 3298 τιόπῃ
2377 3223 2452 3286 είς
2491 3225 2593 3293 τήν
2650 3222 2914 3280 Βοιωτίαν
2973 3222 3242 3295 έΛθόντες,
3308 3224 3422 3282 ἐπεὶ
3491 3228 3520 3282 ὁ
3580 3231 3822 3290 Νυκτεὺς

398 3336 562 3374 more
582 3324 892 3390 poetarum
915 3319 1175 3373 fabulam
1198 3335 1468 3384 narrans,
1489 3319 1684 3373 Jovem
1708 3317 1792 3370 ait
1813 3323 2046 3387 sumpta

2156 3313 2424 3382 τέθνηκεν,
2451 3313 2504 3367 οἱ
2537 3311 2790 3386 μουσικοὶ
2843 3313 3014 3382 Ζῆθος
3061 3317 3150 3368 καί
3207 3313 3460 3394 Ἀμφίων
3493 3322 3606 3372 τῶν
3641 3325 3824 3374 Bono.

396 3408 580 3480 satyri
608 3407 795 3479 figura
813 3407 1082 3478 AntiOpae
1106 3406 1308 3461 vitium
1334 3405 1622 3461 obtulisse
1652 3421 1664 3458 :
1691 3421 1758 3457 eo
1781 3421 1853 3458 ex
1909 3421 2046 3459 con-

396 3497 603 3553 cubitu
623 3502 795 3551 natos
811 3496 1202 3568 Amphionem
1227 3501 1285 3549 et
1321 3495 1568 3549 Zethum
1610 3493 1892 3548 musicos.
1927 3493 2046 3546 Hoc

400 3603 534 3642 eum
568 3585 701 3641 ideo
724 3584 945 3640 dixisse
977 3590 1208 3657 putant,
1242 3583 1400 3656 quod
1427 3582 1751 3638 Theobaaus
1797 3598 1832 3636 a
1884 3581 2044 3650 Pico,

397 3679 496 3749 qui
529 3678 686 3732 idem
716 3676 945 3748 Jupiter
975 3675 1106 3744 fuit,
1139 3673 1518 3730 descenderit
1551 3689 1656 3744 per
1707 3671 1924 3726 animte
1979 3672 2044 3726 in

395 3765 512 3822 alia
532 3771 666 3837 post
685 3765 804 3820 alia
830 3780 1082 3836 corpora
1104 3763 1675 3833 commigrationem.
1704 3761 1846 3814 Nam
1880 3760 2046 3815 Boeo-

391 3860 590 3910 torum
647 3869 923 3909 sermone
978 3854 1221 3924 Satyrus
1277 3852 1494 3907 animae
1555 3851 1615 3904 in
1672 3849 1835 3904 aliud
1872 3849 2044 3904 vilius

389 3958 602 4014 corpus
631 3941 1049 4013 migrationem
1085 3941 1180 3998 45
1219 3940 1534 4010 signiﬁcat.
1567 3940 1710 3994 Post
1731 3937 1840 3992 hos
1863 3936 2045 3992 musi-

389 4048 510 4097 cos,
541 4031 580 4084 ii
613 4031 714 4102 qui
747 4047 817 4085 ex
848 4045 1056 4084 eorum
1088 4029 1271 4100 stirpe
1301 4027 1592 4100 procreati
1627 4031 1766 4082 sunt
1794 4025 1854 4080 in
1893 4025 2045 4081 The-

387 4121 574 4176 banos
604 4134 856 4192 regnum
918 4117 1310 4173 obtinuerunt
1365 4131 1554 4186 usque
1607 4115 1683 4170 ad
1729 4114 2040 4186 (Edipnm,

387 4210 634 4265 Iocasta)
659 4215 718 4264 et
737 4208 856 4263 Laii
883 4207 1092 4262 tilium.
1118 4207 1350 4264 Etenim
1375 4205 1546 4260 Laius
1590 4220 1693 4260 rex
1734 4203 2042 4259 Thebano-

386 4314 520 4352 rum
544 4298 803 4368 primum
827 4312 899 4351 ex
919 4297 1154 4351 locasta
1173 4309 1356 4350 uxore
1376 4293 1566 4348 tilium
1586 4293 1787 4348 Jocam
1843 4297 2039 4347 sustu-

390 4386 674 4452 lerat;de
696 4402 812 4456 quo
835 4401 972 4439 cum
1006 4383 1247 4440 oraculo
1304 4383 1564 4437 monitus
1609 4387 1787 4448 esset,
1817 4381 1942 4437 fore
1975 4384 2042 4435 ut

389 4476 442 4532 is
469 4490 603 4529 cum
641 4474 883 4546 propria
914 4480 1103 4529 matre
1124 4471 1568 4536 concumberet,
1615 4471 1826 4543 ligneis
1875 4486 2040 4525 com-

2158 3407 2266 3458 τῶν
2297 3399 2392 3472 ἔτη
2423 3400 2614 3458 πολλὰ
2673 3400 3043 3476 βασιλεύουσι.
3101 3404 3357 3474 Κτίζουσι
3413 3403 3472 3462 δὲ
3519 3407 3693 3464 πόλιν
3729 3430 3823 3482 με·

2161 3490 2341 3567 γάλην
2400 3491 2476 3554 εἷς
2531 3488 2704 3574 ὄνομα
2759 3497 2839 3566 [Ρ.
2872 3493 2961 3560 25]
3025 3497 3123 3549 τοῦ
3164 3496 3420 3570 πατέρος,
3446 3498 3509 3566 ἢν
3540 3499 3636 3553 καὶ
3669 3499 3826 3574 [ἀπὸ]

2159 3574 2422 3634 Θεοϐοίου
2452 3573 2638 3649 Θήϐας
2668 3578 2982 3652 ὠνόμασαν.
3015 3581 3077 3638 Ὀ
3131 3583 3226 3655 μὲν
3270 3582 3578 3659 Εὐριπίδης
3608 3573 3694 3660 τῶ
3718 3585 3824 3644 ἔθει

2157 3667 2268 3723 τῶν
2299 3671 2544 3737 ποιητῶν
2582 3663 2906 3744 μυθολογῶν
2966 3669 3058 3724 τὸν
3115 3670 3212 3726 Δία
3245 3673 3410 3746 φησίν
3459 3673 3538 3737 εἷς
3573 3677 3822 3752 Σάτυρον

2161 3759 2572 3838 μεθαϐληθέντα
2626 3765 2728 3832 τήν
2779 3765 3074 3837 ’Δντιόπην
3145 3773 3383 3844 φθεῖραι,
3441 3769 3493 3840 ἐξ
3551 3773 3623 3842 ἧς
3681 3777 3825 3846 ³Αμ-

2157 3853 2297 3932 φίων
2327 3853 2418 3908 καὶ
2449 3858 2622 3922 Ζῆθος
2652 3853 2705 3907 οἱ
2758 3855 3034 3926 μουσικοί.
3090 3858 3272 3914 Τοῦτο
3325 3856 3406 3930 δὲ,
3454 3861 3639 3937 φασὶν,
3672 3863 3820 3918 εἶπεν

2155 3942 2234 4006 ὡς
2263 3942 2626 4018 καταχθέντος
2683 3937 2950 3998 Θεοϐοίου
3003 3943 3062 3999 ἐκ
3111 3949 3209 4001 τοῦ
3240 3946 3408 4002 Πίκου
3436 3953 3538 4004 τοῦ
3570 3951 3664 4006 καὶ
3715 3957 3820 4022 Ζη-

2153 4032 2246 4093 νὸς
2303 4031 2438 4116 κατὰ
2514 4033 2991 4107 μετεμψυχώσεως
3067 4037 3406 4107 μετάστασιν·
3481 4041 3652 4096 τοῦτο
3711 4041 3818 4116 γὰρ

2155 4115 2414 4191 σημαίνει
2441 4117 2504 4173 τὸ
2563 4119 2804 4182 Σάτυρος
2861 4117 3034 4192 ὄνομα
3089 4123 3227 4176 κατά
3271 4121 3372 4191 τὴν
3398 4127 3508 4178 τῶν
3540 4115 3812 4183 Βοιωτῶν

2152 4203 2427 4280 γλῶσσαν,
2459 4207 2522 4262 τὸ
2569 4207 2646 4271 είς
2696 4205 2837 4264 ἄλλο
2886 4211 3048 4280 σῶμα
3093 4211 3371 4284 χωρήσειν
3401 4211 3814 4292 εὐτελέστερον.

2152 4296 2307 4356 Μετὰ
2333 4295 2554 4358 τούτους
2587 4295 2716 4359 τοὺς
2751 4295 3042 4370 μουσικοὺς
3073 4297 3126 4352 οἶ
3174 4297 3234 4354 έκ
3271 4303 3368 4354 τοῦ
3399 4299 3594 4375 γένους
3625 4306 3814 4363 αὐτῶν

2152 4377 2470 4440 ἐϐασίλευον
2531 4379 2786 4456 Θηϐαίων
2834 4383 2936 4448 ἔως
2979 4382 3278 4449 Οἰδίποδος
3347 4391 3470 4444 υἱοῦ
3523 4391 3818 4470 Ἰοκάστης

2150 4473 2242 4538 καὶ
2273 4473 2460 4532 Λαΐου.
2489 4474 2666 4537 Οὗτος
2695 4474 2800 4551 γὰρ
2849 4475 2879 4529 ὁ
2929 4473 3095 4538 Λάϊος
3147 4476 3404 4550 βασιλεὺς
3435 4477 3510 4534 ὢν
3547 4477 3813 4553 Θηϐαίων

389 4563 642 4637 pedibus
673 4562 1025 4634 impeditum
1085 4563 1146 4616 in
1209 4561 1508 4616 montanis
1565 4559 1803 4631 abjecit,
1865 4566 1932 4614 ut
1960 4557 2040 4612 ibi

2156 4561 2291 4634 μετᾶ
2321 4561 2598 4647 ἶιοκάστης
2651 4549 2810 4641 ἔσχεν
2871 4563 2987 4618 υἱὸν
3044 4549 3261 4638 πρῶτον
3305 4567 3500 4622 Ἰοκᾶνο
3543 4549 3812 4647 χρησμὸν

389 4653 630 4725 periret.
651 4655 726 4706 At
745 4653 1002 4708 rusticus
1029 4650 1296 4722 quidam,
1320 4648 1591 4704 Melibius
1612 4648 1876 4712 nomine,
1903 4663 2039 4702 eum

389 4740 693 4798 sublatum
754 4739 1042 4806 educavit,
1128 4739 1537 4810 (Edipumque
1621 4735 1939 4809 appellavit
2005 4753 2040 4792 a

391 4837 623 4888 tumore
655 4829 874 4900 pedum
907 4844 1084 4900 quem
1115 4829 1177 4883 in
1209 4826 1594 4899 compedibus
1643 4830 2034 4882 contraxerat.

389 4916 727 4975 Secundum
755 4917 880 4972 hinc
903 4915 1121 4971 mulier
1149 4915 1422 4986 quaedam
1461 4914 1740 4986 indigena
1796 4913 2037 4968 nomine

392 5006 636 5078 Sphinx,
663 5003 946 5060 deformis
1003 5020 1071 5058 ac
1119 5019 1468 5068 mammosa,
1529 5019 1664 5058 cum
1712 5003 2036 5074 agrestium

392 5110 575 5150 manu
599 5093 877 5148 verticem
897 5091 1213 5162 quemdam
1233 5091 1484 5158 obsedit,
1505 5091 1579 5146 ad
1602 5107 1779 5162 quem
1801 5091 2034 5145 nonnisi

391 5201 510 5238 uno
531 5199 718 5254 eoque
741 5182 1158 5254 angustissimo
1171 5181 1334 5237 aditu
1358 5186 1588 5252 poterat
1615 5181 1935 5253 penetrari,
1968 5197 2035 5236 ac

391 5270 803 5327 latrocinando
825 5287 896 5326 ea
917 5277 1226 5343 pergentes
1247 5271 1564 5337 interfecit,
1587 5287 1914 5340 eorumque
1945 5271 2034 5324 fa-

391 5360 644 5416 cultates
664 5359 1004 5429 depraedata
1021 5361 1210 5416 est.ld
1256 5361 1636 5416 latrocinium
1681 5377 1776 5417 res
1805 5358 2032 5414 Theba-

391 5466 608 5506 norum
635 5449 697 5503 in
727 5465 931 5504 arcum
983 5451 1228 5524 redegit,
1289 5469 1424 5508 cum
1483 5468 1678 5523 neque
1738 5449 2032 5508 exercitus

393 5554 589 5610 neque
614 5537 742 5609 ipse
771 5555 875 5593 rex
907 5540 1076 5596 Laius
1106 5547 1308 5597 monte
1339 5541 1422 5596 ita
1455 5541 1758 5596 inaccesso
1817 5545 1876 5594 et
1934 5553 2034 5594 na-

390 5633 525 5684 tura
555 5625 668 5681 loci
697 5629 927 5684 munito
958 5630 1281 5702 quidquam
1313 5631 1592 5687 adversus
1623 5645 1754 5686 eam
1812 5632 2030 5698 posset.

2150 4647 2210 4705 δὲ
2241 4645 2421 4704 λαϐὼν
2453 4650 2576 4728 περὶ
2617 4650 2783 4706 αὐτοῦ
2831 4651 2906 4736 ὡς
2962 4656 3031 4726 τῇ
3093 4649 3204 4724 ίδίᾳ
3261 4653 3430 4729 μητρὶ
3464 4645 3815 4736 συναφθήσε-

2146 4759 2262 4806 ται,
2290 4737 2342 4793 έν
2374 4738 2524 4812 ξύλῳ
2579 4737 2710 4803 τοὺς
2767 4735 2940 4803 πόδας
2997 4739 3349 4814 καθηλώσας,
3398 4742 3429 4798 ὅ
3459 4741 3529 4814 δὴ
3561 4735 3659 4804 καὶ
3690 4755 3818 4806 κοῦ-

2149 4847 2284 4889 σπος
2331 4825 2564 4916 λέγεται,
2617 4827 2693 4892 εἰς
2743 4827 3021 4916 άπώλειαν
3069 4822 3145 4916 έν,
3173 4836 3289 4916 τοῖς
3335 4827 3515 4908 ὄρεσιν
3561 4832 3812 4916 ἔῤῥιψεν.

2146 4919 2444 5004 ’ξΑγροικος
2505 4913 2700 5004 δέτις
2744 4915 2978 5004 όνόματι
3054 4913 3320 4984 Μελίϐιος
3383 4925 3581 4978 τοῦτον
3632 4913 3812 5004 εὑρὼν

2144 5003 2495 5078 ἀνεθρέψατο,
2537 5001 2806 5064 Οἰδίποδα
2855 5006 3230 5080 μετονομάσας
3259 5005 3350 5063 διὰ
3377 5009 3439 5064 τὸ
3466 5009 3602 5077 τοὺς
3631 5001 3809 5079 πόδας

2145 5090 2312 5147 αὐτοῦ
2369 5093 2421 5148 ἐν
2491 5097 2570 5164 τῷ
2646 5091 2792 5166 ξύλῳ
2851 5090 3193 5166 διῳδηκότας
3259 5095 3594 5171 ὸγκωθῆναι.
3657 5105 3811 5162 Μετὰ

2143 5186 2312 5237 ταῦτα
2345 5185 2476 5256 γυνη
2510 5203 2594 5244 τις
2625 5183 2853 5256 ὀνόματι
2895 5185 3088 5263 Σφίγξ,
3121 5183 3396 5255 δυσειδής,
3429 5190 3809 5264 κατάμαστος,

2145 5270 2445 5355 χωριτικὴ,
2489 5270 2624 5344 μετᾶ
2677 5269 2928 5340 πλήθους
2977 5272 3250 5347 ἀγροίκων
3283 5273 3359 5337 είς
3391 5281 3646 5355 κορυφήν
3679 5283 3814 5354 μίαν

2144 5356 2318 5431 μόνην
2365 5353 2574 5412 εἷ’σοδον
2621 5359 2713 5414 καὶ
2763 5360 2966 5430 ταύτην
3019 5362 3354 5432 στενωτάτην
3399 5353 3652 5438 ἔχουσαν
3684 5353 3814 5434 καθ-

2146 5445 2319 5514 ίσασα,
2349 5443 2661 5520 λῃστρικῶς
2703 5448 2834 5510 τοὺς
2882 5450 3228 5525 παράγοντας
3261 5447 3333 5505 δι’
3367 5450 3583 5522 ἐκείνης
3617 5456 3812 5532 ἀνῄρει

2141 5534 2233 5590 καὶ
2287 5531 2383 5594 τὰς
2439 5533 2613 5588 αὐτῶν
2692 5535 2944 5611 ὑπάρξεις
3014 5537 3298 5614 ἀφῃρεῖτο,
3367 5539 3444 5602 ὡς
3474 5531 3817 5601 ἀποστενοῦ-

2144 5632 2266 5687 σθαι
2297 5620 2396 5684 τὰς
2429 5615 2614 5692 Θήϐἀς
2663 5619 2732 5678 δι’
2782 5622 2950 5694 αὐτῆς
3001 5627 3140 5698 μήτε
3191 5629 3445 5701 στρατοῦ,
3479 5631 3617 5700 μήτ’
3643 5633 3812 5689 αὑτοῦ
