4106 6288
193 366 274 428 '13

1373 380 1734 442 HISTORIA
1746 381 1907 442 RUM
1955 377 2272 440 COMPEN
2285 379 2508 441 DIUM.

3561 383 3641 442 Ἠι

204 507 296 592 τοῦ
324 503 618 592 βασιλέως
680 511 858 566 Λαῖου
921 511 1207 588 ἰσχύοντος
1262 514 1377 568 κατ’
1433 512 1602 582 αὐτῆς
1660 510 1748 567 διὰ
1814 512 1878 567 τὸ

2017 511 2254 585 Edipus
2311 531 2448 569 vero
2505 529 2569 569 re
2627 513 2830 569 audita
2873 514 3134 586 prudens
3183 530 3249 571 ac
3287 530 3644 586 generosum

214 589 481 650 δῦσδατον
509 603 614 652 τοῦ
646 599 812 674 ὅρους
845 603 935 655 καὶ
968 601 1193 676 ὀχυρόν.
1255 603 1417 658 Ταῦτ’
1479 601 1572 656 οὖν
1615 600 1880 662 Οἰδίπους

216 684 452 747 ἀκούσας
508 687 680 764 σοφόν
740 710 794 742 τι
855 691 947 744 καὶ
1003 696 1244 765 γενναῖον
1301 697 1467 745 ποιεῖ·
1523 691 1616 745 καὶ
1666 690 1893 766 ὀλίγους

224 772 612 847 ἐπιλεξάμενος
640 778 733 832 καὶ
764 780 867 847 τήν
898 779 1114 858 Σφίγγα
1143 778 1318 834 ἐλθὼν
1367 779 1552 854 ᾐτεῖτο
1624 778 1716 833 σὺν
1749 781 1895 852 αὐτῇ

225 865 374 919 εἶναι
430 866 526 920 καὶ
594 865 1022 942 συλλῃστρεύειν
1075 868 1231 941 αὐτῇ.
1267 870 1332 923 Ἣ
1388 865 1444 923 δὲ
1495 874 1566 943 τῇ
1629 868 1744 943 ὥρᾳ
1800 869 1893 923 καὶ

222 955 573 1027 γενναιότητι
628 955 831 1012 τούτου
885 965 1168 1033 τερφθεῖσα
1241 957 1400 1013 αὐτὸν
1470 956 1791 1034 εἰσδέχεται.
1835 958 1894 1010 Ὀ

227 1043 292 1099 δί
346 1047 538 1120 καιρὸν
596 1044 855 1124 ἐσχηκὼς
913 1045 1078 1114 αὐτὴν
1137 1048 1230 1119 μὶν
1287 1045 1470 1122 λόγχῃ
1538 1049 1748 1122 ἀναιρεῖ
1803 1057 1894 1112 γαὶ

231 1132 487 1197 πολλους
514 1139 626 1189 τῶν
660 1143 776 1206 μετ’
805 1134 994 1204 αὐτῆςο
1032 1131 1214 1190 λαϐὼν
1249 1133 1306 1191 δὶ
1336 1136 1424 1191 καὶ
1470 1137 1532 1191 τὸ
1586 1141 1746 1208 σῶμα
1802 1136 1891 1192 καὶ

228 1223 335 1279 ὅσα
397 1226 665 1300 χρήματα
733 1223 851 1300 εὗρε
896 1225 1032 1299 πρὸς
1084 1225 1246 1280 Λάϊον
1307 1225 1382 1287 είς
1438 1221 1620 1296 Θήϐας
1675 1227 1891 1295 ήνεγκε,

233 1316 435 1386 μισθὸν
503 1322 604 1384 τῆς
665 1312 1024 1389 ἀνδραγαθίας
1080 1315 1471 1388 κομιούμενος.
1543 1310 1773 1373 Θηϐαῖοι
1836 1313 1893 1370 δὲ

220 1408 428 1459 τοῦτον
467 1402 544 1466 ὦς
581 1405 809 1477 βασιλεα
865 1404 1154 1477 ἀνύμνουν.
1215 1402 1378 1461 ’ΔΑλ’
1409 1403 1508 1459 οὐκ
1535 1401 1696 1478 ⁴ἤρεσε
1724 1408 1892 1458 ταῦτα

222 1499 312 1567 τῷ
342 1495 522 1567 Λαίῳ,
554 1494 703 1550 ἀλλὰ
744 1496 967 1568 στρατὸν
1009 1493 1308 1574 ἐφοπλίσας
1360 1497 1478 1550 κατ’
1529 1496 1692 1550 αὐτοῦ
1723 1494 1891 1569 ἐξῄει,

220 1585 320 1640 καὶ
349 1584 592 1660 πληγεὶς
622 1583 866 1654 τελευτᾷ.
929 1585 992 1640 Ἦ
1050 1583 1234 1640 τοίνυν
1291 1584 1538 1652 Ἰοκάστη
1573 1591 1673 1653 τῆς
1734 1585 1889 1659 βασις-

226 1673 387 1734 ).είας
421 1672 664 1728 ἐκπεσεῖν
703 1673 766 1727 οὗ
800 1670 1057 1740 θέλουσα,
1091 1673 1180 1728 καὶ
1209 1673 1282 1735 ὡς
1315 1674 1436 1734 υἱὸς
1484 1674 1656 1741 αὐτῆς
1688 1671 1830 1727 ἐστιν
1863 1673 1890 1725 ὁ

233 1761 507 1824 Οιδίπους
541 1763 639 1817 οὐκ
661 1761 854 1832 εἰδυῖα,
889 1765 1002 1836 ἅμα
1033 1761 1090 1818 δὲ
1118 1766 1208 1818 καὶ
1258 1764 1392 1837 πρὸς
1449 1763 1732 1835 θεραπείαν
1791 1767 1889 1829 τῆς

243 1853 465 1914 πόλεως
506 1850 902 1924 σπουδάζουσα,
933 1852 1320 1926 προσκαλεῖται
1351 1857 1565 1906 τοῦτον
1601 1851 1652 1921 ἐξ
1683 1852 1746 1905 οὗ
1794 1852 1879 1904 καὶ

239 1949 397 1996 ποιεῖ
427 1939 720 2010 δύουίοὺς,
752 1943 842 1996 τὸν
891 1941 1176 1998 Ἐτεοκλέα
1234 1943 1324 1996 καὶ
1382 1942 1472 1996 τὸν
1529 1939 1885 2009 Πολυνείκην,

234 2033 328 2086 καί
382 2033 674 2106 θυγατέρας
734 2029 852 2096 δύο,
921 2031 1177 2103 Ἰσμήνην
1235 2031 1323 2085 καὶ
1388 2029 1716 2104 ’Δντιγόνην.
1786 2026 1888 2086 Καὶ

232 2119 418 2182 οὕτως
452 2119 540 2174 ἐπὶ
572 2116 664 2190 ἔτη
722 2123 786 2183 ιθ“
813 2125 920 2174 τῶν
954 2114 1149 2189 Θηϐῶν
1203 2113 1576 2187 ἐϐασίλευσαν,
1633 2119 1888 2194 ἀγνοοῦν-

227 2231 320 2272 τες
353 2211 604 2271 ἑαυτοὺς.
662 2210 812 2266 Μετὰ
863 2213 1029 2263 ταῦτα
1067 2215 1166 2277 τῆς
1198 2209 1475 2278 Ἰοκάστης
1507 2210 1606 2276 τήν
1662 2202 1892 2280 πατρίδα

228 2303 325 2355 καὶ
357 2301 424 2354 τὸ
481 2299 638 2374 γένος
697 2297 1030 2373 πυθομένης,
1089 2298 1203 2352 ἐπεὶ
1263 2291 1530 2359 Μελίϐιος
1588 2297 1745 2352 αὐτὸν
1801 2297 1891 2350 ἀν-

232 2391 504 2464 εθρέψατο
552 2387 777 2457 ἤκουσε,
809 2393 935 2464 παρ’
994 2389 1160 2444 αὐτοῦ
1215 2411 1274 2444 τε
1328 2388 1497 2462 ἔμαθε
1541 2389 1632 2444 τὸν
1688 2388 1889 2462 τρόπον

231 2488 332 2550 τῆς
403 2482 580 2534 αὐτοῦ
637 2479 961 2552 ἀνευρέσεως
1023 2481 1130 2550 [Ρ.
1188 2480 1310 2552 26]
1368 2479 1458 2532 καὶ
1529 2472 1893 2552 βεϐαιωθεῖσα

235 2565 528 2639 ἀνεϐόησε.
565 2567 825 2632 Οῗδίπους
875 2566 933 2622 δὲ
970 2567 1418 2646 πληροφορηθεὶς
1451 2567 1524 2622 ὡς
1563 2567 1653 2622 καὶ
1707 2569 1893 2640 μήτηρ

237 2660 493 2728 Ἰοκάστη
525 2658 618 2712 καὶ
667 2659 800 2732 γυνὴ
862 2657 1141 2731 τυγχάνει,
1189 2661 1306 2719 τοῖς
1367 2655 1460 2728 μὶν
1523 2657 1664 2716 υἱοῖς
1713 2657 1890 2711 Ἐτεο-

239 2748 363 2803 κλεῖ
420 2758 512 2800 και
575 2743 890 2802 Πολανείκει
951 2744 1189 2799 ἐνιαυτὸν
1248 2745 1374 2819 παρ’
1425 2743 1666 2798 ἐνιαυτὸν
1735 2743 1893 2817 βασι-

241 2838 418 2892 λεύειν
456 2835 707 2891 ἐκέλευσε
745 2839 851 2889 τῶν
907 2829 1126 2904 Θηϐῶν,
1184 2833 1342 2895 αὐτὸς
1411 2831 1467 2888 δὲ
1496 2833 1743 2908 παραυτὰ
1798 2830 1894 2886 δύο

237 2926 409 2996 ἥλους
441 2927 583 2981 κατὰ
636 2929 746 2980 τῶν
804 2922 957 2978 ἰδίων
1014 2923 1260 2996 ἐμπήξας
1312 2925 1610 2999 δφθαλμῶν
1649 2922 1894 2991 τελευτᾷ.

239 3018 304 3073 Οἱ
334 3014 394 3070 δὲ
424 3015 536 3069 υἱοὶ
579 3013 743 3068 αὑτοῦ
787 3014 1035 3088 ἑκάτερος
1092 3016 1190 3077 τῆς
1253 3010 1527 3087 βασιλείας
1585 3009 1895 3065 ἀντιποιού-

245 3127 399 3177 μενοι
434 3104 512 3166 είς
555 3102 800 3175 πόλεμον
846 3101 1018 3170 ἦλθον
1084 3102 1590 3175 μονομαχήσαντες,
1657 3101 1746 3154 καί
1809 3100 1880 3153 ὑπ

241 3193 540 3262 ἀλλήλιων
569 3190 734 3271 ἄμφω
764 3189 1157 3260 κατελύθησαν.
1220 3190 1319 3245 Καὶ
1366 3190 1539 3250 οὕτως
1569 3192 1603 3256 ἡ
1633 3193 1738 3242 τῶν
1790 3195 1897 3257 Θη-

2003 603 2236 658 facinus
2267 603 2526 675 aggredi,
2558 620 2692 658 cum
2727 603 2926 674 paucis
2960 621 3107 674 quos
3138 605 3252 660 sibi
3277 607 3468 661 socios
3495 606 3650 660 asci-

2001 698 2186 760 verat,
2221 692 2294 748 ad
2318 693 2636 764 Sphingem
2667 710 2729 748 se
2760 695 3050 760 conferre,
3085 695 3214 766 ejus
3263 697 3650 753 consuetudi-

2005 798 2142 837 nem
2171 789 2229 836 et
2258 783 2654 838 latrocinandi
2707 784 3051 839 societatem
3085 792 3379 856 expetere.
3434 786 3649 842 Forma

2004 876 2062 926 et
2090 872 2455 943 generositas
2486 888 2664 942 quam
2697 889 2817 942 prae
2848 889 2909 926 se
2940 873 3188 940 ferebat,
3229 882 3294 929 ut
3349 876 3648 947 recipere-

2004 965 2100 1015 tur
2128 977 2161 1015 a
2191 962 2439 1017 muliere
2473 961 2545 1016 iis
2573 960 2749 1017 rebus
2781 967 2949 1032 capta
2982 962 3395 1033 impetrarunt.
3415 966 3489 1020 At
3507 980 3642 1019 vero

2001 1049 2259 1121 OEdipus
2289 1056 2460 1122 capta
2513 1050 2826 1106 occasione
2857 1052 3054 1122 ipsum
3117 1052 3322 1108 lancea
3350 1053 3646 1110 transadi-

2001 1155 2160 1211 gere,
2196 1141 2413 1195 multos
2445 1141 2546 1210 qui
2578 1139 2819 1212 Sphingi
2871 1139 3175 1211 praedandi
3209 1142 3353 1197 socii
3409 1143 3647 1199 fuerant

2002 1229 2299 1285 trucidare
2325 1246 2338 1294 ;
2373 1231 2621 1286 cadaver
2650 1231 2874 1302 ejus,ac
2896 1246 3044 1301 quas
3072 1230 3153 1286 ibi
3174 1237 3477 1302 repererat
3505 1247 3646 1303 opes

2000 1318 2074 1374 ad
2107 1319 2315 1374 Laium
2346 1319 2573 1375 Thebas
2603 1319 2916 1386 aﬂ‘erre,ab
2957 1336 3025 1374 eo
3056 1321 3288 1377 virtutis
3319 1336 3440 1376 sua:
3471 1336 3538 1376 ac
3585 1320 3638 1376 ei

2001 1407 2152 1462 bene
2211 1417 2386 1479 gestaa
2452 1410 2762 1479 praemium
2795 1425 3053 1480 sperare.
3087 1411 3168 1465 Ac
3223 1409 3486 1465 Thebani
3541 1409 3644 1466 ΔΘ

2001 1497 2242 1567 quidem
2269 1514 2405 1552 eum
2431 1497 2607 1570 regiis
2630 1497 2905 1552 laudibus
2925 1515 2993 1554 ac
3027 1499 3213 1555 titulis
3236 1499 3643 1555 celebrabant.

2004 1585 2139 1640 Laio
2172 1585 2228 1640 id
2271 1587 2417 1642 adeo
2451 1587 2757 1658 displicuit
2788 1593 2852 1641 ut
2881 1587 3161 1643 adversus
3193 1605 3328 1644 eum
3359 1603 3493 1643 cum
3549 1603 3641 1642 ar-

2001 1681 2159 1730 mato
2195 1676 2455 1730 exercitu
2497 1676 2739 1731 exiverit
2773 1694 2784 1730 :
2819 1677 3136 1732 commisso
3181 1682 3376 1732 autem
3435 1675 3642 1748 praelio

2001 1765 2151 1819 ictus
2184 1765 2377 1835 periit.
2412 1766 2669 1821 Proinde
2698 1768 2929 1822 locasta
2960 1783 3096 1822 cum
3136 1767 3406 1822 excidere
3463 1782 3643 1838 regno

2002 1853 2190 1908 nollet
2221 1862 2277 1909 et
2333 1855 2620 1925 (Edipum
2681 1856 2870 1911 tilium
2927 1872 3100 1911 suum
3141 1873 3270 1911 esse
3324 1857 3644 1928 ignoraret,

2005 1942 2184 1997 simul
2216 1948 2280 1997 ut
2308 1943 2533 1998 civibus
2591 1961 2715 1999 rem
2776 1951 3001 2016 gratam
3033 1946 3273 2009 faceret,
3334 1946 3648 2016 conjugem

1997 2032 2108 2086 sibi
2159 2031 2444 2103 (Edipum
2496 2034 2722 2099 ascivit,
2773 2040 2949 2104 atque
3008 2051 3077 2088 ex
3132 2051 3200 2089 eo
3260 2035 3408 2090 duos
3467 2033 3642 2099 filios,

1999 2121 2292 2176 Eteoclem
2320 2138 2386 2176 ae
2408 2123 3141 2193 Polynicem,totidemque
3164 2122 3316 2178 tilias
3343 2123 3642 2176 lsmenam

1999 2215 2057 2264 et
2084 2212 2438 2283 Antigonam
2470 2212 2814 2283 peperit.lta
2845 2229 2949 2283 per
2981 2215 3044 2267 19
3075 2229 3266 2267 annos
3296 2227 3544 2282 regnum
3576 2211 3638 2264 in

1996 2300 2305 2354 Thebanos
2343 2302 2832 2373 gesserunt,alter
2862 2301 3112 2356 alterum
3145 2302 3507 2374 ignorantes.
3538 2301 3638 2354 His

1999 2389 2219 2443 exactis
2249 2389 2498 2457 locasta,
2532 2406 2667 2444 cum
2695 2390 2899 2461 (Εᾱὶρὶ
2939 2405 3124 2462 genus
3155 2397 3214 2445 et
3244 2389 3496 2461 patriam
3554 2390 3640 2443 in-

2000 2480 2361 2552 quireret.ex
2388 2478 2616 2534 Melibio
2631 2496 2808 2550 quem
2831 2480 3208 2535 educatorem
3231 2479 3414 2534 fuisse
3435 2477 3639 2548 (Edipi

1999 2573 2309 2639 acceperat
2362 2568 2656 2624 intellexit
2701 2569 2998 2640 quomodo
3031 2570 3079 2623 is
3135 2568 3421 2639 (Edipum
3470 2582 3640 2638 repe-

2001 2659 2218 2725 risset;
2251 2659 2722 2730 cunﬂrmataque
2739 2660 2866 2730 jam
2899 2659 3056 2730 apud
3077 2659 3344 2714 animum
3374 2657 3460 2712 rei
3491 2657 3646 2712 sicut

2003 2746 2258 2803 habebat
2305 2748 2582 2819 Opinione
2627 2748 3001 2803 exclamavit.
3053 2750 3127 2801 At
3173 2747 3332 2802 enim
3389 2744 3646 2816 (Edipus

2003 2838 2220 2894 certior
2240 2837 2430 2893 factus
2452 2839 2743 2893 Jocastam
2765 2837 3080 2908 conjugem
3106 2835 3376 2892 eamdem
3389 2839 3643 2892 matrem

2007 2943 2172 2982 suam
2204 2943 2356 2994 esse,
2390 2927 2528 2981 ﬁliis
2559 2927 2780 2981 Eteocli
2812 2932 2869 2980 et
2901 2925 3165 2996 Polynici
3195 2940 3443 2996 regnum
3501 2924 3650 2978 The-

2007 3017 2228 3071 banum
2261 3016 2507 3071 alternis
2537 3016 2710 3070 annis
2770 3014 3107 3069 habendum
3141 3014 3461 3080 mandavit,
3518 3013 3649 3082 ipse

2008 3105 2168 3160 illico
2201 3103 2432 3160 duobus
2465 3104 2643 3158 clavis
2696 3103 2756 3156 in
2787 3103 2934 3158 duos
2986 3117 3123 3158 suos
3180 3101 3384 3156 oculos
3443 3099 3650 3155 deﬁxis

2010 3193 2175 3248 obiit.
2211 3192 2362 3260 Filii,
2397 3209 2530 3247 cum
2560 3198 2810 3261 uterque
2842 3207 3091 3262 regnum
3123 3189 3197 3246 ad
3247 3207 3308 3246 se
3367 3188 3646 3256 traheret,

386 3253 395 3262 .
608 3253 618 3265 .
661 3253 672 3271 ,
1023 3253 1034 3260 .
1594 3253 1603 3256 -
1857 3253 1866 3257 -

250 3278 366 3334 ϐῶν
419 3280 546 3349 ἤτοι
618 3283 872 3338 Βοιωτῶν
920 3278 1189 3348 κατελύθη
1254 3277 1526 3354 βασιλεία,
1579 3274 1901 3351 διαρκέσασα

2017 3282 2232 3338 bellum
2264 3287 2575 3337 moverunt
2609 3298 2620 3334 :
2653 3281 2716 3335 in
2775 3295 2892 3350 quo
2924 3279 3208 3352 singulari
3251 3295 3446 3352 pugna
3495 3293 3647 3333 con—

254 3370 355 3439 ἱττ,
386 3389 660 3443 τριακοσια
684 3367 1118 3441 ἑξηκονταεννέα.

317 3710 647 3780 ’Δναγκαῖον
708 3705 800 3758 οὗν
887 3701 997 3756 ἐστι
1082 3699 1276 3755 λοιπὸν
1328 3697 1652 3773 ἀναδραμεῖν
1713 3698 1801 3753 ἐπὶ
1838 3699 1906 3751 τὸ

247 3794 637 3867 προκείμενον.
672 3789 1085 3863 Καταλήξαντες
1119 3787 1176 3844 δὲ
1219 3787 1305 3844 ἒπί
1363 3789 1461 3857 τὴν
1494 3786 1552 3842 ἐκ
1592 3786 1775 3842 Φαλὶκ
1805 3789 1903 3841 τοῦ

249 3878 450 3957 Ῥαγὰό
481 3882 756 3959 γέννησιν,
779 3881 1065 3956 ἀρξώμεθα
1091 3878 1183 3933 ἀπ’
1216 3878 1398 3933 αὐτοῦ.

319 4056 524 4136 Ῥαγόιϐ
647 4061 942 4135 γενόμενος
1028 4059 1214 4112 ἑκατὸν
1305 4053 1696 4132 τριακονταδύο
1772 4056 1904 4111 ἐτῶν

253 4151 510 4227 ἐγέννησε
538 4152 632 4207 τὸν
690 4148 927 4227 Σερούχ.
974 4149 1098 4204 Ἐπί
1150 4147 1350 4202 τούτου
1405 4147 1457 4202 οἱ
1505 4146 1778 4219 ἅνθρωποι
1817 4145 1908 4200 τὸν

252 4243 374 4296 κατ’
432 4238 706 4311 ἀλλήλων
791 4238 1114 4308 αὐξήσαντες
1197 4240 1366 4311 τῦφον
1455 4235 1792 4311 στρατηγούς
1850 4255 1908 4289 τε

254 4332 472 4392 ἑαυτοῖς
505 4329 904 4398 κατεστήσαντο
933 4328 1022 4381 καὶ
1068 4323 1330 4401 βασιλεῖς.
1364 4323 1466 4382 Καὶ
1495 4325 1618 4380 τότε
1675 4324 1907 4400 πρώτως

253 4419 541 4493 πολεμικὰ
595 4417 1082 4477 κατασκευάσαντες
1149 4410 1352 4489 ὄργανα
1408 4413 1672 4486 πολεμεῖν
1726 4410 1911 4482 ἀλλή-

253 4508 381 4570 λοις
408 4506 724 4579 ἔνήρξαντο.
786 4505 888 4562 Καὶ
946 4505 1101 4566 εὐθὺς
1135 4505 1188 4558 οἱ
1219 4503 1324 4558 ἀπὸ
1373 4503 1582 4558 Χαναὰν
1640 4505 1910 4572 ἡττῶνται

2011 3371 2194 3442 gressi
2226 3372 2446 3426 mutuis
2503 3370 2676 3426 ambo
2733 3368 3080 3426 vulneribus
3111 3367 3534 3424 occubuerunt.
3594 3367 3648 3422 Is

2009 3460 2177 3532 regni
2207 3459 2470 3515 Thebani
2526 3475 2633 3515 seu
2663 3459 2997 3515 Boeotorum
3055 3457 3188 3516 ﬁnis
3217 3457 3348 3525 fuit,
3406 3471 3541 3511 cum
3589 3454 3648 3509 id

2013 3547 2117 3603 369
2147 3561 2337 3601 annos
2367 3545 2658 3600 durasset.

2087 3693 2270 3746 Porro
2331 3697 2527 3746 autem
2580 3707 2822 3745 necesse
2875 3694 2962 3743 est
3019 3705 3127 3743 nos
3185 3687 3260 3742 ad
3317 3686 3656 3742 institutum

2015 3786 2284 3836 nostrum
2317 3780 2550 3834 reverti.
2612 3782 2691 3834 Ac
2723 3779 3008 3850 quoniam
3041 3778 3099 3831 in
3157 3775 3373 3848 Ragabi
3406 3775 3656 3829 Phaleco

2015 3871 2306 3944 progeniti
2366 3869 2668 3923 mentione
2729 3867 3204 3935 substiteramus,
3267 3881 3504 3920 rursum
3584 3863 3657 3920 ab

2017 3959 2224 4016 eodem
2255 3958 2487 4031 Ragabo
2518 3957 2840 4014 ordiemur.

2089 4052 2183 4106 47
2222 4049 2488 4121 Ragabus
2523 4065 2659 4121 ergo
2680 4065 2867 4104 annos
2891 4053 3065 4103 natus
3099 4049 3199 4102 132
3219 4044 3545 4102 Seruchum
3567 4060 3661 4117 ge-

2018 4139 2166 4194 nuit.
2193 4139 2377 4209 Hujus
2398 4142 2567 4192 aetate
2588 4135 2824 4191 demum
2847 4137 3118 4192 homines
3140 4136 3291 4190 alter
3311 4134 3478 4189 alteri
3499 4133 3657 4188 fastu

2019 4245 2147 4283 sese
2180 4227 2585 4298 praeferentes,
2618 4227 3046 4297 imperatorum
3086 4229 3260 4294 atque
3293 4238 3498 4293 regum
3549 4239 3660 4276 no-

2022 4318 2185 4373 mina
2217 4316 2330 4370 sibi
2357 4321 2757 4386 sumpserunt,
2794 4331 2860 4370 ac
2892 4321 3015 4368 tum
3051 4313 3310 4385 primum
3343 4327 3508 4367 arma
3534 4309 3660 4365 bel-

2020 4408 2136 4462 lica
2176 4405 2466 4472 fabricati,
2523 4403 2746 4459 bellum
2793 4403 3043 4459 invicem
3091 4403 3284 4458 facere
3335 4405 3660 4472 cmperunt.

2025 4495 2232 4551 Statim
2263 4511 2396 4549 vero
2430 4494 2607 4566 stirps
2636 4493 2970 4549 Chanaanis
3001 4490 3663 4562 succubuit,jugumque

252 4599 347 4652 καὶ
407 4601 621 4673 πρῶτοι
699 4602 804 4664 τῆς
861 4592 1110 4654 δουλείας
1172 4593 1540 4647 ὑποκύπτουσι
1599 4595 1678 4663 τῷ
1735 4595 1901 4666 ζυγῷ¹

2027 4585 2322 4640 servitutis
2352 4581 3061 4655 subiit,quemadmodum
3092 4581 3145 4637 ei
3174 4582 3310 4636 Nom
3341 4579 3534 4635 fuerat
3553 4577 3667 4632 im-

255 4686 399 4741 κατα
426 4687 532 4754 τήν
557 4688 652 4738 τοῦ
673 4685 799 4741 Νῶε
827 4683 1083 4757 κατάραν.

333 4787 559 4861 Σεροὺχ
586 4786 871 4862 γενόμενος
923 4784 1107 4840 ἑκατὸν
1139 4783 1432 4858 τριάκοντα
1485 4780 1616 4836 ὶτῶν
1673 4779 1918 4856 ἐγέννῆσέ

255 4879 353 4933 τὸν
398 4877 636 4950 Ναχώρ.
687 4876 835 4953 ᾬκει
879 4871 934 4928 δὲ
977 4875 1005 4927 ὁ
1039 4872 1256 4946 Σεροὺχ
1312 4871 1364 4926 ἐν
1422 4872 1493 4942 τῇ
1522 4868 1838 4941 Χαλδαίων,
1868 4870 1922 4925 ἐν

257 4966 433 5023 πόλει
466 4968 588 5040 Ὠρ.
619 4965 931 5035 Αὐξηθέντα
981 4961 1037 5018 δὲ
1065 4965 1156 5018 τὸν
1211 4963 1420 5036 Ναχὼρ
1480 4959 1713 5034 ἐδίδαξεν
1749 4963 1776 5015 ὁ
1817 4983 1926 5016 πα-

257 5060 372 5130 τὴρ
434 5055 649 5110 πάντων
735 5053 984 5110 ἐπίλυσιν
1040 5053 1273 5122 οἰωνῶν,
1327 5056 1435 5106 τῶν
1489 5071 1546 5106 τε
1613 5051 1663 5104 δν
1715 5050 1926 5126 οὐρανῷ

263 5145 520 5218 σημείων
569 5140 870 5215 διακρίσεις
931 5143 1021 5198 καὶ
1069 5145 1178 5196 τῶν
1227 5140 1314 5194 ἐπὶ
1371 5146 1476 5214 γῆς
1527 5141 1795 5206 ἁπάντων,
1837 5139 1928 5195 καὶ

266 5242 449 5291 πᾶσαν
501 5229 819 5302 Χαλδαϊκήν
908 5232 1190 5304 μαντείαν.
1253 5229 1462 5303 Ναχὼρ
1530 5225 1586 5283 δὲ
1639 5231 1928 5303 γενόμενος

271 5327 347 5377 οϐ’
378 5323 516 5377 ἕτῶν
559 5321 807 5396 ἐγέννησε
848 5321 938 5374 τὸν
980 5318 1178 5396 Θᾶῥρα.
1241 5317 1404 5374 Νίνου
1463 5314 1519 5372 δὲ
1560 5323 1657 5372 τοῦ
1711 5320 1932 5392 πρώτου

275 5411 562 5473 Βασιλέως
594 5416 703 5466 τῶν
734 5411 1026 5485 Ἀσσυρίων
1075 5408 1499 5484 τεσσαρακοστὸν
1530 5407 1712 5484 τρίτον
1769 5409 1931 5484 ἄγον-

271 5525 370 5565 τος
402 5498 529 5563 ἔτος
571 5507 674 5568 τῆς
726 5498 1000 5575 βασιλείας
1042 5503 1284 5571 γεννᾶται
1347 5492 1620 5571 Ἀϐραάμ.
1673 5497 1822 5553 Κατὰ
1877 5493 1936 5551 δὲ

274 5593 409 5654 τοὺς
472 5590 671 5650 αὐτοὺς
727 5590 961 5665 χρόνους
1031 5588 1156 5662 παρ’
1204 5586 1530 5662 Αἲγυπτίοις
1588 5584 1933 5660 ἑξκαιδεκάτῃ

276 5680 586 5751 δυναστεία,
619 5679 737 5742 καθ’
764 5678 830 5748 ἢν
865 5672 1181 5733 ἐϐασίλευον
1213 5669 1467 5747 Θηϐαῖοι.
1501 5675 1681 5753 Θάρρα
1703 5675 1760 5731 δὲ
1780 5677 1939 5753 γενό-

572 5798 844 5864 Pauor.
893 5798 1002 5860 Gn.
1050 5796 1258 5859 CXXI.

2027 4681 2321 4747 precatus.

2100 4783 2392 4841 Seruchus
2418 4797 2604 4838 annos
2637 4785 2812 4837 natus
2845 4782 2945 4834 130
2976 4779 3303 4834 Nachorem
3329 4775 3671 4849 progenuit.

2032 4873 2342 4930 Habitabat
2358 4877 2554 4928 autem
2569 4871 2864 4926 Seruchus
2882 4869 2944 4923 in
2961 4869 3108 4923 urbe
3126 4866 3558 4929 Chaldaeorum,
3575 4864 3669 4920 cui

2035 4966 2110 5024 Ur
2140 4979 2378 5020 nomen.
2412 4963 2466 5016 ls
2496 4960 2766 5017 adultum
2796 4959 3123 5014 Nachorem
3161 4955 3363 5012 docuit
3403 4953 3674 5009 omnium

2034 5051 2770 5126 auguriorum,ccelestium
2795 5047 3284 5116 terrestriumque
3300 5048 3675 5099 ostentorum

2036 5141 2972 5212 interpretationem,omnemque
3006 5136 3417 5192 Chaldaeorum
3448 5131 3680 5186 divina-

2038 5232 2282 5286 tionem.
2312 5229 2542 5284 Nachor
2585 5243 2773 5282 annos
2821 5232 2996 5282 natus
3041 5229 3107 5279 79
3159 5225 3408 5279 Tharam
3451 5220 3673 5295 genuit.

2039 5320 2408 5375 Abrahamus
2441 5323 2614 5372 natus
2645 5322 2752 5381 est,
2785 5332 2920 5370 cum
2951 5315 3137 5369 Ninus
3159 5313 3384 5384 primus
3414 5311 3680 5381 Assyrio-

2041 5427 2172 5466 rum
2205 5425 2308 5463 rex
2328 5423 2549 5463 annum
2583 5406 2672 5461 sui
2694 5407 2859 5476 regni
2891 5407 2958 5459 43
2988 5403 3432 5476 ageret.Eodem
3463 5406 3685 5472 tempo-

2044 5518 2106 5555 re
2137 5499 2290 5571 apud
2315 5499 2606 5572 :Egyptios
2640 5498 2905 5554 decimus
2941 5501 3141 5551 sextus
3172 5512 3275 5550 rex
3304 5494 3547 5566 agebat;
3571 5507 3690 5563 qua

2047 5595 2398 5662 tempestate
2436 5589 2704 5644 Thebani
2733 5587 3078 5660 regnabant.
3112 5586 3305 5642 Thara
3324 5600 3461 5656 ergo
3495 5597 3685 5639 annos

2049 5685 2224 5738 natus
2255 5683 2322 5734 70
2354 5678 2594 5736 sustulit
2623 5694 2691 5733 ex
2725 5693 2911 5736 uxore
2942 5692 3051 5734 sua
3082 5674 3405 5746 Edna,quee
3437 5671 3561 5730 ﬁlia
3579 5669 3694 5726 fuit
