4094 6292
564 349 640 408 75
1867 353 2271 417 GEORGIGII
2313 354 2663 417 CEDRENI
3893 357 3956 416 76

564 483 907 552 Abrahami,
941 501 1120 556 quem
1156 491 1433 557 patruum
1464 487 1654 542 Thara
1684 487 1908 555 habuit,
1939 486 2193 544 Abraha-

2322 508 2480 559 μενος
2539 486 2670 542 ἐτῶν
2719 488 2764 542 ο“
2792 485 3074 563 ἐγέννησεν
3141 488 3204 544 ἐκ
3260 487 3525 564 γυναικὸς
3584 490 3702 562 (39)
3738 485 3954 558 -Ἕδνας,
4040 555 4041 560 η

2314 577 2578 652 θυγατρὸς
2609 571 2865 650 Ἀϐραὰμ
2895 574 3278 656 πατραδέλφου
3309 577 3505 647 αὐτοῦ,
3555 579 3651 632 τὸν
3705 571 3954 652 Ἀϐραὰμ,
4040 627 4041 632 η

561 590 726 629 mum
761 591 774 628 :
807 575 890 629 ita
919 576 1077 630 enim
1111 592 1245 631 eum
1279 581 1469 632 mater
1496 576 1568 631 de
1601 577 1692 631 sui
1730 578 1914 648 patris
1961 579 2203 632 nomine

560 663 897 735 appellavit,
925 665 1024 736 qui
1059 671 1197 720 ante
1227 667 1459 737 nepotis
1489 666 1719 722 natales
1749 667 1862 722 vita
1893 666 2205 722 defunctus

557 753 768 808 fuerat.
804 755 1097 810 Praterea
1128 755 1306 809 ctiam
1332 755 1523 810 Thara
1549 758 1838 812 Arumum
1872 761 1932 810 et
1975 758 2205 812 Nacho-

555 858 682 896 rem
697 844 1045 913 procreavit.
1055 843 1426 900 Abrahamus
1438 861 1682 900 uxorem
1706 844 1878 901 duxit
1890 846 2203 912 Saram,si-

554 931 614 986 bi
642 947 678 986 a
707 937 873 1003 patre
906 933 1308 1003 conjunctam.
1339 934 1440 989 Hic
1472 934 1953 1002 solus,omnibus
1983 934 2202 1006 ubique

557 1021 900 1077 hominibus
931 1021 1096 1077 cultu
1125 1022 1579 1078 simulacrorum
1611 1024 1673 1078 in
1705 1039 1966 1080 errorem
2017 1024 2202 1079 abdu-

557 1109 689 1176 ctis,
719 1125 924 1164 verum
982 1112 1162 1165 Deum
1218 1111 1458 1184 agnovit
1484 1113 1864 1183 universique
1921 1111 2203 1183 Opiﬁcem

557 1198 1277 1271 praedicavit,primusque
1309 1200 1496 1256 altare
1524 1201 1838 1257 frondibus
1866 1201 2203 1274 palmarum

558 1294 616 1343 et
645 1288 914 1344 olearum
941 1289 1041 1344 48
1074 1289 1260 1345 cinxit
1287 1307 1301 1357 ;
1335 1307 1403 1346 ac
1426 1290 1535 1345 sub
1562 1307 1631 1346 eo
1660 1291 1921 1362 primum
1951 1291 2014 1345 in
2037 1308 2205 1346 sacra

557 1377 860 1449 Scriptura
890 1378 1135 1450 angelus
1168 1379 1552 1444 nominatur;
1583 1385 1642 1434 et
1670 1379 1743 1434 ab
1775 1379 1904 1451 ipso
1952 1380 2200 1452 [Egyptii

554 1467 815 1538 positum
859 1467 1168 1523 stellarum
1221 1473 1280 1523 et
1336 1469 1711 1524 eii‘ectionem
1767 1485 2203 1540 numerumque

555 1557 866 1612 scientiam
897 1557 1253 1613 didicerunt.

623 1738 863 1791 Annum
881 1735 1072 1789 aatatis
1087 1735 1207 1789 vice
1215 1735 1434 1790 simum
1447 1741 1726 1805 quartum
1741 1751 1922 1808 agens
1943 1735 2201 1792 Abraha-

2313 664 2494 720 ὅντινα
2536 667 2570 735 ἡ
2629 669 2818 740 μήτηρ
2876 665 3124 722 ἐκάλεσεν
3184 667 3268 722 ἐπ’
3323 667 3566 741 ἆνόματι
3628 670 3728 721 τοῦ
3785 667 3954 735 ἑαυτῆς

2312 757 2538 832 πατρός·
2572 751 2705 834 ἔφθη
2768 755 2872 833 γὰρ
2929 755 3132 819 ἐκεῖνος
3188 758 3295 831 πρὸ
3352 764 3458 826 τῆς
3517 771 3728 811 τουτου
3787 759 3953 832 γεννή·

2314 865 2450 908 σεως
2475 843 2934 915 τετελευτηκέναι.
2975 845 3264 919 Ἐγέννησε
3315 843 3372 900 δὲ
3422 841 3510 901 ἔτι
3568 845 3598 900 ὁ
3649 843 3830 918 Θάρῥα
3878 845 3950 899 τὸν
4040 843 4041 904 ξ

2313 934 2497 1007 Ἀρὰμ
2546 933 2635 988 καὶ
2679 935 2772 989 τόν
2833 935 3060 1010 Ναχώρ.
3128 935 3186 988 Ὀ
3244 930 3303 989 δὲ
3372 929 3642 1009 Ἀϐραὰμ
3711 929 3952 1005 λαμϐάνει

2313 1024 2460 1098 παρὰ
2488 1027 2586 1078 τοῦ
2613 1025 2818 1099 πατρὸς
2849 1029 3079 1099 γυναῖκα
3125 1025 3226 1092 τήν
3255 1021 3491 1098 Σάῤῥαν.
3557 1021 3736 1086 Οὗτος
3797 1023 3952 1097 μόνος,

2309 1116 2420 1166 τῶν
2451 1112 2774 1188 ἁπανταχοῦ
2841 1113 2942 1182 τήν
2974 1111 3062 1168 ἐπὶ
3110 1112 3178 1168 τὰ
3209 1109 3413 1168 εἴδωλα
3467 1109 3700 1182 πλάνην
3759 1111 3955 1166 νοσούν-

2309 1221 2439 1272 των,
2487 1201 2580 1256 τὸν
2639 1201 2820 1271 ἀληθῆ
2882 1201 3010 1256 Θεὸν
3068 1198 3276 1276 ἐπέγνω
3328 1201 3418 1256 καὶ
3482 1201 3842 1274 Δημιουργὸν
3869 1203 3954 1254 τῶν

2312 1289 2458 1344 ὅλων
2487 1291 2797 1364 ἀνεκήρυξε.
2835 1291 2939 1348 Καὶ
2986 1294 3206 1365 πρῶτος
3263 1290 3326 1345 τὸ
3384 1291 3785 1364 θυσιαστήριον
3839 1286 3955 1344 κλά-

2313 1377 2428 1440 δοις
2478 1379 2737 1458 φοινίκων
2805 1379 2894 1434 καὶ
2955 1377 3152 1435 ἐλαιῶν
3213 1377 3469 1446 ἐκύκλου,
3535 1379 3633 1434 καὶ
3693 1376 3784 1432 ἐπὶ
3813 1377 3953 1432 αὖτοῦ

2310 1469 2544 1543 πρώτως
2573 1468 2888 1542 ὠνόμασται
2930 1466 3168 1546 ἄγγελος
3216 1467 3270 1523 ἐν
3313 1472 3383 1541 τῇ
3443 1467 3571 1538 θείᾳ
3635 1469 3844 1546 Γραφῇ.
3875 1466 3951 1520 Καὶ

2312 1557 2438 1633 παρ’
2495 1555 2661 1612 αὐτοῦ
2719 1557 3016 1632 Αῗγύπτιοι
3070 1558 3173 1626 τήν
3226 1561 3334 1614 τῶν
3400 1556 3654 1632 ἀστέρων
3686 1557 3828 1620 θέσιν
3880 1553 3952 1608 καὶ

2310 1645 2533 1714 ποίησιν
2564 1644 2656 1700 καὶ
2685 1645 2784 1713 τήν
2817 1645 3190 1719 ἀριθμητικήν
3223 1647 3542 1720 ἐπιστήμην
3577 1644 3808 1721 ἔμαθον.

2379 1737 2500 1792 *Οτι
2538 1740 2618 1807 τῷ
2675 1734 2755 1790 κδ’
2810 1733 2918 1792 ἔτει
2969 1744 3069 1807 τῆς
3116 1737 3339 1808 ἡλικίας
3397 1737 3576 1792 αὐτοῦ
3635 1739 3665 1792 ὁ
3727 1733 3953 1811 Ἀϐραὰμ

551 1840 683 1879 mus
711 1827 976 1897 agnitum
1008 1825 1267 1880 universi
1298 1824 1584 1896 Opiﬁcem
1625 1825 1908 1880 adoravit.
1941 1825 2193 1899 Angelus

2307 1822 2557 1899 ἐπιγνοὺς
2588 1824 2680 1880 τὸν
2729 1830 2836 1879 τῶν
2896 1825 3041 1881 ὅλων
3098 1827 3225 1882 Θεὸν
3285 1827 3640 1902 προσεκύνει.
3705 1823 3950 1903 Ἀγγελος

548 1920 741 1970 aatem
773 1915 874 1970 Dei
897 1914 1098 1970 docuit
1121 1931 1256 1970 eum
1278 1913 1634 1970 Hebraicum
1657 1915 2197 1982 sermonem,sicuti

545 2007 705 2062 idem
737 2007 983 2080 angelus
1013 2007 1154 2063 Mosi
1187 2007 1361 2076 dixit,
1396 2013 1462 2063 ut
1509 2013 1600 2064 est
1622 2007 1685 2063 in
1739 2024 1918 2080 parva
1963 2009 2194 2064 Genesi.

546 2097 661 2154 Sed
691 2104 751 2154 et
767 2102 1020 2154 Aramus
1049 2114 1233 2154 uxore
1257 2098 1435 2154 ducta
1465 2099 1672 2154 Lotum
1697 2099 1908 2171 genuit
1924 2115 1992 2154 ac
2013 2097 2198 2153 ﬁliam

549 2187 858 2255 Melcham,
887 2203 1019 2259 quae
1046 2188 1300 2244 Nachori
1332 2188 1554 2259 nupsit.

620 2367 994 2424 Abrahamus
1017 2367 1144 2438 jam
1175 2367 1616 2440 sexagenarius,
1659 2382 1795 2425 cum
1851 2367 2077 2423 videret
2133 2383 2194 2422 se

553 2455 858 2513 suadendo
889 2461 1118 2528 patrem
1149 2463 1513 2527 ceterosque
1535 2455 1892 2514 domesticos
1922 2473 1954 2512 a
1986 2473 2192 2527 super-

553 2547 781 2602 stitioso
813 2545 1271 2602 simulacrorum
1297 2545 1460 2600 cultu
1491 2545 1786 2602 deducere
1817 2563 1937 2602 non
1996 2563 2190 2618 posse,

553 2641 730 2690 noctu
747 2635 902 2690 clam
921 2635 1200 2690 omnibus
1213 2634 1418 2689 fanum
1433 2635 1890 2691 simulacrorum
1903 2635 2190 2693 incendit.

549 2727 688 2790 Quae
718 2741 853 2780 cum
884 2723 1556 2796 conﬂagrarent,fratres
1587 2741 1650 2780 re
1679 2724 1735 2779 in
1747 2725 1982 2780 tellecta
2011 2724 2194 2796 prosi-

547 2817 880 2885 luerunt,ut
908 2833 978 2870 ex
1011 2815 1205 2870 medio
1237 2817 1372 2887 igne
1403 2817 1724 2872 simulacra
1763 2818 2102 2886 eriperent;
2135 2821 2194 2870 et

546 2908 798 2960 Aramus
828 2921 963 2960 cum
989 2920 1121 2960 eam
1145 2921 1270 2959 rem
1301 2903 1512 2975 majori
1537 2910 1754 2960 conatu
1787 2903 2189 2973 moliretur,in

542 2994 740 3051 medio
771 2995 1049 3050 incendio
1080 2993 1450 3066 periit.Hunc
1482 3010 1617 3048 cum
1648 2999 1818 3066 pater
1845 2992 2190 3048 simulacro-

541 3101 676 3141 rum
705 3085 904 3156 Opifex
935 3085 996 3138 in
1029 3085 1142 3141 Ure
1173 3083 1446 3140 Cbaldeaa
1474 3083 1732 3156 regionis
1767 3083 1913 3138 urbe
1936 3083 2188 3138 humas-

541 3173 796 3240 set,inde
818 3175 1070 3229 Charras
1083 3175 1517 3244 Mesopotamiae
1536 3173 1744 3228 urbem
1759 3173 2186 3244 commigravit.

542 3262 622 3315 Eo
655 3261 767 3316 loci
799 3260 1159 3329 Abrahamo,
1194 3277 1330 3316 cum
1371 3278 1477 3332 per
1514 3261 1856 3332 quindecim
1887 3278 2075 3316 annos
2127 3262 2189 3316 in

539 3349 770 3404 familia
797 3350 982 3422 patris
1011 3349 1270 3416 vixisset,
1303 3357 1476 3405 nocte
1508 3351 1766 3420 quadam
1797 3351 1978 3406 subiit
2008 3367 2080 3405 ex
2110 3351 2191 3405 si-

545 3437 754 3492 derum
786 3443 950 3493 motu
983 3439 1352 3509 insequentis
1375 3439 1660 3510 temporis
1677 3444 1896 3493 statum
1917 3439 2190 3496 conside-

543 3527 923 3599 rare,quippe
936 3544 1057 3582 non
1075 3528 1454 3583 mediocriter
1475 3543 1712 3582 omnem
1727 3543 1856 3582 eam
1880 3528 2190 3583 scientiam

545 3617 732 3689 patris
745 3617 1014 3672 doctrina
1025 3623 1203 3688 atque
1218 3617 1640 3672 exercitatione
1655 3622 1831 3671 tenen
1843 3616 1880 3670 ti
1891 3617 2058 3688 .Ergo
2072 3617 2189 3672 sin-

544 3707 696 3783 gulis
727 3706 800 3762 de
831 3707 1046 3778 quibus
1079 3707 1382 3778 quaerebat
1421 3706 2188 3777 consideratis,supervaca-

542 3813 717 3853 neam
741 3813 870 3854 esse
890 3796 1222 3851 universam
1246 3796 1419 3850 istam
1443 3795 1843 3850 curiositatem
1863 3795 2188 3868 deprehen-

541 3886 649 3954 dit,
674 3887 774 3942 49
799 3885 955 3956 quod
980 3886 1136 3942 Deus
1154 3903 1258 3956 pro
1282 3902 1389 3940 sua
1413 3885 1713 3939 voluntate
1731 3885 1933 3940 omnia
1953 3901 2084 3955 quas
2103 3885 2186 3940 di-

526 3975 746 4030 vinatio
761 3975 1135 4046 prmdixisset
1147 3981 1370 4030 mutare
1385 3975 1814 4046 posset.ltaque
1829 3975 1954 4030 haec
1965 3979 2025 4028 et
2036 3973 2184 4030 alias

524 4063 585 4118 id
615 4081 802 4138 genus
857 4080 952 4119 res
1003 4064 1158 4120 serio
1201 4069 1376 4134 atque
1427 4069 1548 4118 toto
1599 4062 1773 4118 corde
1835 4063 2180 4134 repudians,

520 4154 967 4226 perfectamque
984 4159 1169 4209 Deum
1186 4152 1420 4208 colendi
1436 4153 1717 4223 pietatem
1737 4152 2176 4220 demonstrans,

2306 1909 2363 1968 δὲ
2417 1914 2617 1988 Κυρίου
2677 1911 2912 1985 ἐδίδαξεν
2981 1915 3142 1970 αὐτὸν
3209 1917 3309 1984 τὴν
3357 1911 3635 1990 Ἐϐραΐδα
3693 1915 3948 1992 γλῶσσαν,

2301 2003 2480 2066 καθὼς
2507 2003 2669 2066 αὐτὸς
2699 2005 2728 2058 ὁ
2757 2002 2992 2078 ἅγγελος
3022 2008 3102 2076 τῷ
3131 2006 3376 2079 Μωοϋσῇ
3437 2007 3623 2076 εἶπεν,
3656 2005 3734 2068 ὡς
3767 2007 3844 2079 [Ρ.
3875 2005 3948 2076 27]

2301 2090 2387 2146 ἐπὶ
2419 2095 2488 2165 τῇ
2521 2091 2697 2166 λεπτῇ
2746 2098 2921 2148 κεῖται
2961 2095 3188 2152 Γενέσει.
3240 2094 3343 2152 Καὶ
3393 2095 3422 2150 ὁ
3451 2096 3649 2172 Ἀρὰμ
3679 2093 3740 2150 δέ
3767 2094 3948 2170 ἀγόμε-

2301 2203 2392 2244 νος
2421 2189 2652 2257 γυναῖκα
2681 2182 2929 2260 ἐγέννησε
2965 2185 3057 2240 τὸν
3086 2186 3232 2254 Λὼτ,
3290 2184 3568 2262 Θυγατέρα
3623 2184 3682 2242 δὲ
3715 2183 3944 2259 Μελχὰν.

2300 2271 2516 2342 Ταύτην
2547 2273 2578 2326 ὁ
2610 2273 2820 2347 Ναχὼρ
2851 2269 3120 2347 λαμϐάνει
3151 2279 3398 2351 γυναῖκα.

2369 2357 2514 2430 ’Ήδη
2549 2357 2606 2416 δὲ
2635 2361 2924 2434 ἑξηκοστὸν
2983 2359 3104 2425 ’ἐτος
3163 2359 3310 2440 ἄγων
3339 2363 3366 2417 ὃ
3396 2357 3686 2438 Ἀϐραὰμ,
3745 2362 3818 2424 ὡς
3863 2361 3946 2416 οὐκ

2299 2447 2472 2504 ἐδόκει
2503 2449 2596 2504 τὸν
2627 2448 2832 2524 πατέρα
2860 2451 3063 2515 πείθειν
3119 2452 3210 2506 καὶ
3269 2450 3397 2512 τοὺς
3449 2450 3676 2513 ἄλλους
3737 2449 3943 2508 οἰκείους
4040 2447 4041 2472 ³

2302 2545 2403 2608 τῆς
2425 2538 2550 2613 περὶ
2591 2540 2658 2594 τὰ
2689 2535 2891 2594 εἴδωδα
2947 2539 3284 2616 ἀποσχέσθαι
3338 2537 3806 2612 δεισιδαιμονίας,
3838 2537 3944 2592 λανσ

2302 2628 2450 2692 θάνει
2481 2629 2674 2690 νυκτὸς
2703 2633 2813 2684 τῶν
2872 2627 3118 2684 εῗδώλων
3181 2627 3468 2704 ἐμπρήσας
3523 2630 3622 2685 τὸν
3683 2631 3834 2684 οἷκον
3859 2623 3943 2682 Δύ-

2301 2722 2410 2772 τῶν
2450 2713 2508 2772 δὲ
2538 2715 2980 2788 έξαναλουμένων
3027 2719 3078 2772 οἱ
3109 2715 3338 2796 ἀδελφοὶ
3395 2721 3701 2788 νοήσαντες
3757 2717 3941 2782 ἀναπη·
4040 2743 4041 2752 ι

2299 2803 2456 2876 δῶοι,
2494 2805 2825 2880 βουλόμενοι
2867 2807 2926 2862 ἐκ
2994 2809 3160 2879 μέσου
3211 2811 3308 2862 τοῦ
3356 2808 3532 2881 πυρὸς
3597 2805 3862 2880 ἐξελέσθαι
3886 2802 3940 2854 τὶ

2298 2891 2504 2950 εἴδωλα
2559 2893 2995 2969 Φιλοτιμότερον
3071 2895 3128 2952 δέ
3186 2897 3214 2950 ὁ
3281 2897 3459 2971 Ἀρὰμ
3513 2898 3600 2970 τῷ
3685 2897 3938 2970 πράγματι

2295 2986 2738 3062 προσφερόμενος
2799 2985 2852 3040 ἐν
2942 2988 3092 3059 μέσῳ
3165 2983 3537 3064 διαφθείρεται
3605 2990 3712 3042 τοῦ
3763 2981 3930 3052 πυρός.

2297 3075 2396 3128 Καὶ
2454 3075 2627 3149 θάψας
2671 3075 2833 3131 αὐτὸν
2868 3076 2896 3130 ὁ
2925 3075 3370 3152 ἀγαλματοποιὸς
3427 3079 3620 3153 πατὴρ
3677 3075 3730 3130 ἐν
3760 3081 3852 3147 Ὦρ
3877 3072 3934 3141 τῇ

2295 3164 2457 3220 πόλει
2515 3162 2812 3221 Χαλδαίων
2871 3165 3247 3239 μενανίσταται
3293 3167 3382 3220 καὶ
3433 3165 3513 3228 εἷς
3573 3165 3794 3241 Χάρραν
3845 3166 3930 3227 τῆς

2300 3257 2728 3330 Μεσοποταμίας
2779 3253 3020 3331 ἔρχεται.
3081 3258 3248 3321 Ἔνθα
3278 3257 3306 3311 ὁ
3353 3251 3610 3332 Ἀϐραὰμ
3667 3252 3931 3310 δεκαπέντε

2299 3343 2392 3415 ἔτη
2427 3349 2504 3416 νῷ
2534 3344 2697 3419 πατρὶ
2730 3347 3054 3415 συνοικήσας
3075 3343 3245 3400 ἐννοεῖ
3269 3366 3399 3401 πονε
3417 3347 3618 3408 νυκτὸς
3635 3345 3697 3400 ἐκ
3715 3350 3813 3412 τῆς
3839 3343 3930 3394 τῶν

2300 3431 2508 3506 ἄστρων
2565 3437 2830 3504 κινήσεως
2905 3438 3004 3489 τοῦ
3053 3434 3296 3496 ἐπιόντος
3350 3441 3546 3511 καιροῦ
3607 3433 3926 3502 κατασκέψαο

2300 3533 2420 3584 σθαι
2447 3525 2549 3590 τὴν
2582 3523 2870 3592 ποιότητα·
2892 3523 2958 3591 ἦν
2991 3523 3094 3598 γὰρ
3119 3525 3184 3577 ού
3220 3523 3455 3596 μετρίως
3489 3523 3597 3578 ὑπὸ
3617 3527 3720 3578 τοῦ
3748 3517 3930 3590 πατρὸς

2299 3610 2503 3665 ἃπασαν
2563 3613 2662 3681 τὴν
2747 3611 3003 3682 τοιαύτην
3059 3611 3373 3683 ἑξασκηθεὶς
3428 3611 3789 3684 ἐπιστήμην.
3841 3604 3929 3662 Καὶ

2298 3698 2365 3770 δὴ
2426 3703 2559 3774 μετὰ
2614 3705 2712 3772 τήν
2770 3702 2997 3757 ἑκάστου
3055 3708 3166 3757 τῶν
3225 3701 3574 3775 ζητουμένων
3637 3699 3928 3774 διάγνωσιν,

2298 3791 2513 3862 συνίησι
2546 3794 2806 3866 περιττήν
2839 3791 3045 3846 ἅπασαν
3081 3793 3221 3846 εἶναι
3254 3791 3354 3859 τὴν
3409 3793 3676 3861 τοιαύτην
3727 3802 3927 3861 περιερ-

2294 3880 2438 3955 γίαν’
2507 3877 2760 3945 δύνασθαι
2819 3883 2923 3958 γὰρ
2977 3881 3129 3945 αὖθις
3184 3881 3280 3936 τὸν
3340 3881 3490 3948 Θεὸν,
3549 3881 3597 3936 εἰ
3657 3875 3923 3955 βούλοιτο,

2297 3969 2684 4041 μετασκευάσαι
2724 3970 2860 4042 πρὸς
2890 3971 2952 4024 τὸ
2998 3969 3198 4024 οἰκεῖον
3258 3966 3524 4043 βούλημα
3559 3969 3628 4024 τὰ
3657 3981 3918 4042 προεγνωο

2293 4059 2483 4130 σμένα.
2535 4063 2702 4112 Πᾶσιν
2749 4059 2840 4113 οὖν
2877 4057 3095 4120 τούτοις
3123 4058 3212 4113 καὶ
3240 4063 3357 4119 τοῖς
3383 4057 3660 4118 τοιούτοις
3717 4055 3766 4126 ἐξ
3797 4049 3920 4117 ὅλης

2288 4146 2690 4220 ἀποταξάμενος
2743 4151 2927 4222 ψυχῆς
2983 4147 3075 4202 καὶ
3134 4143 3396 4216 σπουδῆς,
3439 4148 3528 4202 καὶ
3573 4144 3782 4203 τελείαν
3827 4143 3917 4205 τῆς

515 4243 598 4298 ita
619 4248 709 4298 est
725 4261 760 4298 a
785 4224 901 4298 Deo
929 4243 1349 4315 compellatus:
1377 4241 1711 4312 «Egredere
1737 4259 1806 4296 ex
1828 4246 1987 4296 terra
2008 4247 2105 4296 tua
2123 4247 2181 4296 et

2306 4237 2411 4310 περὶ
2442 4236 2505 4292 τὸ
2535 4242 2687 4292 θεῖον
2730 4231 3001 4298 εὐσεϐείας
3058 4233 3184 4298 δοὺς
3241 4237 3342 4305 τὴν
3395 4235 3694 4306 ἀπόδειξιν,
3749 4224 3914 4286 ἀκούει

515 4338 689 4402 gente
722 4339 822 4388 tua
843 4338 986 4388 etex
1013 4331 1241 4387 familia
1260 4337 1418 4386 tua.»
1443 4331 1646 4401 Itaque
1669 4346 1804 4384 cum
1824 4347 2005 4386 uxore
2031 4331 2172 4386 Sara

2306 4326 2429 4399 ταρὰ
2458 4330 2555 4380 τοῦ
2606 4329 2761 4380 Θεοῦ·
2800 4351 2820 4376 ι
2855 4324 3078 4398 Ἔξελθε
3107 4325 3167 4380 ἐκ
3222 4331 3323 4394 τῆς
3351 4328 3454 4400 γῆς
3487 4347 3582 4379 σου
3622 4322 3711 4379 καὶ
3741 4319 3798 4374 ἐκ
3825 4321 3912 4383 τῆς

515 4424 575 4473 et
593 4419 792 4474 fratris
809 4420 932 4474 filio
958 4420 1096 4474 Loto
1117 4419 1176 4472 in
1197 4418 1534 4489 portionem
1553 4419 1943 4490 progenitoris
1962 4419 2050 4474 sui
2066 4421 2176 4474 Ar-

2306 4413 2594 4490 ιυγγενείας
2633 4435 2729 4468 σου
2758 4413 2848 4468 καὶ
2907 4412 2968 4468 ἐκ
2993 4417 3092 4468 τοῦ
3125 4411 3279 4468 οἴκου
3335 4417 3432 4467 τοῦ
3489 4411 3696 4488 πατρός
3751 4427 3858 4462 σου.
3889 4423 3913 4453 ι)

511 4508 772 4580 phaxadi
797 4508 1351 4580 commigravit,qua
1366 4507 1536 4578 potiti
1559 4513 1683 4561 tum
1707 4508 2170 4563 Chananaaieam

2306 4503 2386 4557 (αἱ
2444 4501 2675 4573 ἐξελθὼν
2735 4503 2847 4576 ἅμα
2901 4507 2970 4576 τῇ
3030 4501 3244 4577 γυναικὶ
3299 4499 3485 4578 Σάρῥᾳ
3538 4501 3629 4557 καὶ
3673 4499 3795 4554 Λὼτ
3845 4493 3916 4580 τῷ

513 4602 738 4653 terram
753 4598 1224 4653 Chananmorum
1237 4595 1984 4664 denominaverunt,annos
1999 4602 2172 4652 natus

2306 4589 2558 4669 ,δελφιδῷ
2591 4591 2952 4666 μετοικίζεται
2995 4591 3072 4652 εἰς
3102 4595 3199 4660 τὴν
3258 4589 3525 4670 Ἀρφαξὰδ
3579 4594 3679 4646 τοῦ
3723 4579 3912 4657 πατρὸς

517 4689 607 4757 75,
632 4704 790 4744 anno
820 4686 1029 4742 mundi
1062 4687 1224 4740 3387.
1257 4685 1630 4740 Abrahamus
1661 4701 1797 4756 ergo
1831 4685 2169 4740 Sichemum

2310 4679 2441 4736 ύτοῦ
2477 4679 2691 4755 μερίδα,
2722 4681 2788 4750 ἢν
2819 4679 2871 4734 οἱ
2901 4685 3190 4735 Χαναναῖοι
3222 4680 3585 4759 κατασχόντες
3615 4685 3718 4756 γῆν
3739 4675 3907 4732 Χανασ

521 4783 588 4832 ιιι
617 4778 800 4844 venit,
834 4777 1098 4831 monitus
1129 4773 1394 4838 oraculo,
1427 4773 1612 4829 altare
1665 4775 1822 4829 inter
1859 4774 2166 4830 Bethelam

2306 4771 2436 4826 αίων
2479 4771 2946 4844 προσηγόρευσαν,
3004 4769 3079 4824 ὢν
3131 4769 3264 4826 ἐτῶν
3297 4777 3386 4824 os"
3446 4774 3544 4826 τοῦ
3601 4767 3660 4824 δὲ
3713 4765 3907 4833 κόσμου

506 4872 566 4920 et
595 4867 872 4938 Angmam
922 4865 1231 4920 exstruxit.
1267 4863 1407 4918 Inde
1467 4863 1764 4934 Euphrate
1811 4864 2164 4918 transmisso

2309 4885 2334 4914 ν
2392 4858 2512 4922 ἔτος
2565 4860 2984 4938 τρισχιλιοστὸν
3063 4863 3476 4937 τριακοσιοστὸν
3562 4849 3907 4937 ὀγδοηκοστὸν

506 4954 888 5010 Hebraeorum
909 4957 1371 5024 cognomentum
1393 4968 1530 5006 cum
1552 4952 1676 5006 suis
1697 4951 1923 5007 invenit
1941 4954 2107 5022 (nam
2125 4969 2160 5008 a

2306 4945 2526 5024 ϐδομον.
2562 4949 2769 5006 Ἐλθὼν
2813 4947 2869 5004 δὲ
2898 4945 3156 5024 Ἀϐραὰμ
3213 4950 3292 5013 εἷς
3351 4951 3541 5026 Συχὲμ
3595 4945 3729 5005 κατᾶ
3771 4944 3902 4998 θεῖον

1713 5040 2078 5098 XYLANDRI
2119 5043 2205 5097 ET
2242 5042 2458 5098 GOARI
2499 5041 2718 5098 ΝΟΤιΕ.
3173 5053 3177 5058 ’

576 5137 692 5206 (39)
726 5137 790 5190 In
825 5139 1028 5189 nostro
1063 5131 1268 5187 codice
1301 5130 1584 5186 scribitur
1613 5129 1904 5204 θυγατρός,
1937 5137 1997 5186 et
2023 5139 2193 5187 annoI

2306 5149 2346 5187 ιι·
2377 5147 2644 5202 supernae
2676 5129 2926 5205 γυναικός
2951 5151 2966 5199 ;
3001 5131 3159 5202 quod
3189 5136 3428 5186 secutus
3456 5148 3610 5200 sum,
3641 5125 3901 5186 contextu

503 5224 900 5294 appmbame‘
1371 5256 1601 5312 Nacbor
1621 5254 1912 5311 Abramus

1745 5331 1875 5418 ’.πμ
1895 5416 1913 5418 _
2139 5361 2514 5418 Abrahamus
2543 5361 2748 5418 Tharaa
2779 5367 2837 5416 et

1393 5399 1924 5506 “mf-Ed“
2139 5399 2696 5506 ςὲίπῖῑςιῖξῖσεεᾶεῖ.

1534 5504 1730 5531 M-

1463 5638 1779 5708 Abramus,
1813 5638 1957 5709 quid
1987 5639 2204 5694 deinde
2233 5637 2604 5693 Abrahamus
2639 5655 2654 5705 ;

504 5747 684 5808 quam
716 5730 1120 5790 diversitatem
1149 5730 1244 5786 vel
1272 5729 1572 5786 Cedrenus
1603 5728 1694 5785 vel
1713 5727 1996 5784 librarius
2023 5726 2305 5800 neglexit,
2338 5726 2653 5800 diligenter
2680 5743 2716 5782 ι
2743 5727 2901 5784 Mosa
2931 5732 3296 5786 annotatam.
3327 5725 3460 5785 XVL.
