4094 6292
157 396 216 452 ’Π
1269 384 1817 450 HISTORIARUM
1861 384 2422 447 GOMPENDIUM.
3463 384 3544 444 78

157 531 393 605 χρησμὸν
427 527 756 602 ᾠκοδόμησε
779 529 1160 602 θυσιαστήριον
1222 526 1320 582 ἀνὰ
1366 529 1526 600 μέσον
1568 523 1782 594 Βαιθήλ

1898 525 2257 581 transeundo
2280 522 2507 580 Hebraai
2530 523 3198 595 dicuntur),quanquam
3217 519 3290 578 ad
3308 520 3535 577 Hebero

151 623 230 678 καὶ
255 619 459 696 Ἀγγαί.
497 620 830 693 Διαπερᾶσας
862 616 921 673 δὲ
975 621 1066 673 τὸν
1128 619 1410 694 Εὐφράτην
1467 619 1566 685 τήν
1617 626 1791 691 προσ-4

147 711 376 782 ωνυμίαν
403 704 638 764 ἔλαϐεν
671 704 910 784 Ἑϐραῖοι
943 708 1045 783 γὰρ
1075 714 1299 781 περᾶται
1333 705 1609 781 λεγονται.
1643 708 1710 764 Οἱ
1733 703 1790 760 δὲ

150 800 248 853 ἀπὸ
276 793 432 872 Ἔϐερ
469 796 733 873 λέγουσιν
765 796 959 859 αὐτοὺς
990 795 1271 852 καλεῖσθαι
1321 792 1625 870 Ἐϐραίους.
1686 796 1786 852 Καὶ

148 895 218 957 τῷ
273 895 352 941 πα’
405 882 514 942 ἔτει
559 887 760 956 αὐτοῦ,
818 888 941 956 ἢτοι
996 891 1076 959 τῷ
1136 887 1176 955 ζ’
1207 881 1311 941 ἔτει
1341 886 1454 958 (40)
1483 891 1582 954 τῆς
1625 885 1790 940 αὐτοῦ

148 976 442 1051 παροικίας,
476 976 749 1046 κατῆλθεν
791 976 865 1038 εἰς
893 975 1162 1049 Αἴγυπτον
1195 976 1329 1048 μετὰ
1379 974 1611 1051 Σάῥρας.

211 1065 423 1120 Τούτοις
453 1071 576 1127 τοῖς
613 1067 836 1141 χρόνοις
864 1067 1073 1139 ἤκμασε
1127 1062 1494 1140 Μελχισεδὲκ,
1526 1063 1790 1139 παρθένος

148 1157 306 1228 ἱερεὺς
335 1153 795 1230 ἀγενεαλόγητος,
857 1155 909 1209 ἐν
963 1153 1111 1229 ἂρτῳ
1165 1155 1255 1208 καὶ
1315 1151 1447 1223 οἷ’νῳ
1497 1159 1791 1227 προτυπῶν

145 1247 235 1314 τήν
289 1244 627 1316 ἀναίμακτον
713 1245 897 1300 θυσίαν
955 1247 1194 1320 Χριστοῦ
1257 1249 1355 1299 τοῦ
1411 1249 1548 1299 Θεοῦ
1606 1247 1789 1317 ἡμῶν.

146 1335 254 1395 Υἱὸς
284 1331 338 1388 δὲ
383 1335 447 1401 ἦν
482 1335 511 1386 6
555 1332 908 1390 Μελχισεδὶκ
964 1331 1129 1390 Σίδου
1179 1332 1471 1408 βασιλέως,
1527 1334 1650 1386 υἱοῦ
1696 1332 1790 1408 At:

145 1422 358 1499 γύπτου,
391 1422 449 1484 ’ὸς
482 1421 576 1476 καὶ
612 1422 785 1492 κτίζει
814 1421 1027 1477 Σιδῶνα
1057 1421 1244 1480 πόλιν.
1306 1421 1559 1496 Ἀπάτωρ
1619 1419 1674 1475 δὲ
1702 1403 1790 1476 καιὶ

146 1511 360 1586 ἀμήτωρ
410 1513 501 1565 καὶ
563 1509 1006 1585 ἀγενεαλόγητος
1067 1511 1280 1585 λέγεται
1342 1509 1428 1565 διὰ
1484 1512 1546 1566 τὸ
1607 1513 1681 1583 μή
1742 1510 1793 1580 ἐξ

149 1596 438 1669 Ἰουδαϊκῆς
468 1605 676 1676 γενεᾶς
733 1600 1057 1676 κατάγεσθαι
1117 1601 1204 1655 καὶ
1261 1598 1348 1654 διὰ
1380 1600 1442 1655 τὸ
1472 1600 1597 1662 τοὺς
1623 1606 1794 1677 γονεῖς

143 1689 294 1742 αὐτοῦ
353 1688 640 1764 πονηροὺς
704 1685 861 1750 ὄντας
924 1691 999 1761 μὴ
1059 1689 1404 1764 ἀριθμεῖσθαι
1446 1689 1582 1761 μετά
1612 1688 1793 1772 ὁσίων,

142 1777 218 1832 καὶ
245 1777 322 1832 8τί
353 1785 464 1832 τῶν
512 1778 844 1835 Χαναναίων
879 1779 1064 1854 ἅρχων
1093 1781 1191 1847 τῆς
1248 1777 1614 1851 Ἰερουσαλὴμ
1671 1773 1792 1831 ἐϐα-

1895 615 1996 670 alii
2015 615 2074 670 id
2089 631 2307 668 nomen
2324 612 2646 668 deductum
2661 613 3116 666 sentiant.Anno
3130 611 3319 666 astatis
3335 627 3456 666 sum
3473 612 3536 664 81

1894 721 1998 760 seu
2030 702 2525 776 peregrinationis
2556 701 2833 772 septimo,
2866 702 2926 755 in
2956 702 3262 771 Egyptum
3287 717 3423 755 cum
3447 701 3544 754 Sa—

1894 811 1960 850 ra
1990 793 2316 848 descendit.

1965 977 2192 1032 Floruit
2212 993 2279 1031 eo
2304 981 2570 1047 tempore
2593 971 3319 1042 Melchisedecus,csslebs,
3345 987 3542 1028 sacer—

1895 1066 2002 1122 dos
2017 1072 2074 1121 et
2087 1066 2220 1138 igno
2232 1071 2299 1120 tae
2314 1065 2641 1137 stirpis,qui
2657 1065 3017 1119 incruentam
3029 1061 3316 1118 victimam
3326 1061 3544 1118 Christi

1897 1155 1998 1209 Dei
2017 1154 2204 1209 nostri
2223 1169 2374 1224 pane
2391 1160 2446 1207 et
2464 1153 2624 1223 vinoj
2637 1168 2728 1208 am
2751 1158 2875 1208 tum
2900 1149 3540 1224 repraasentabatﬁane

1899 1246 1948 1298 is
1962 1243 2121 1298 ﬁlius
2135 1243 2245 1299 fuit
2261 1243 2408 1297 Sida:
2427 1243 2602 1314 regis,
2630 1242 2998 1314 ﬁliiEgypti,
3026 1240 3424 1312 quiSidonem
3449 1256 3542 1295 ex-

1899 1334 2131 1400 struxit;
2152 1334 2256 1388 sed
2277 1339 2442 1404 patre
2460 1351 2526 1388 ac
2540 1340 2726 1389 matre
2747 1350 2947 1388 carere
2962 1334 3322 1403 incertaque
3342 1331 3542 1403 stirpis

1898 1427 2136 1491 dicitur,
2171 1426 2327 1497 quod
2358 1442 2542 1495 genus
2576 1442 2747 1480 suum
2782 1442 2814 1480 a
2841 1425 3059 1480 Juda-is
3086 1441 3206 1479 non
3237 1423 3422 1489 duxit,
3482 1428 3542 1478 et

1900 1517 2040 1586 quia
2072 1520 2346 1586 parentes
2379 1515 2806 1587 ejus,homines
2838 1514 3142 1581 mali,cnm
3165 1513 3279 1584 piis
3309 1528 3430 1566 non
3455 1527 3543 1565 re-

1901 1610 2368 1670 censentur;tum
2386 1604 2541 1674 quod
2554 1603 2900 1659 Chananaeis
2915 1600 3540 1674 imperanslerusalem

1900 1710 2080 1765 regno
2113 1693 2386 1748 tenebat:
2412 1693 2628 1747 melchi
2654 1693 2812 1747 enim
2835 1689 3541 1763 regem,sedecjustitiam

1903 1783 2545 1856 signiﬁcatJerusalem
2567 1783 2728 1836 urbis
2754 1798 2970 1836 nomen
2989 1786 3095 1848 est,
3117 1796 3250 1834 cum
3271 1780 3369 1834 50
3402 1784 3540 1834 ante

155 1866 326 1922 σίλευε·
393 1866 575 1943 μελχὶ
620 1869 730 1945 γὰρ
783 1867 1038 1942 βασιλεὺς
1089 1869 1464 1942 ἑρμηνεύεται,
1540 1865 1686 1928 σεὸὶς
1739 1863 1785 1921 δί

1902 1871 2078 1925 Jebus
2109 1871 2512 1942 appellaretur
2541 1871 2612 1924 ab
2647 1869 3044 1924 incolentibus
3077 1885 3206 1922 eam
3237 1867 3537 1921 Jebusaais.

147 1954 878 2032 δικαιοσύνη.¹ίερουσαλὴμ
935 1954 991 2011 δὲ
1045 1957 1133 2011 καὶ
1183 1959 1217 2026 ἡ
1277 1956 1439 2018 πόλις
1471 1956 1783 2030 ὠνομάσθη,

146 2047 316 2119 πρῴην
345 2042 550 2109 Ἰεϐοῦς
589 2049 681 2120 [Ρ.
715 2049 830 2121 28].
864 2046 1134 2120 λεγομένη
1169 2044 1256 2100 διὰ
1309 2047 1370 2100 τὸ
1423 2041 1784 2108 Ἰεϐουσαίους

145 2134 290 2187 οἰκεῖν
323 2133 371 2187 ἐν
405 2134 565 2208 αὐτῇ.
597 2136 682 2191 Τὸ
717 2135 820 2211 γὰρ
851 2129 1057 2197 Ἱεϐοῦς
1084 2135 1218 2189 κατά
1273 2137 1484 2208 τροπὴν
1513 2139 1608 2189 τοῦ
1642 2136 1673 2209 β
1708 2134 1782 2196 εἰς

150 2224 386 2296 ργίνεται
417 2225 613 2298 Ἱεροῦ·
645 2224 708 2278 τὸ
743 2221 800 2278 δὲ
859 2225 1049 2297 σαλὴμ
1102 2220 1525 2298 προστιθέμενον
1581 2225 1781 2296 Ἰερου-

151 2311 319 2384 σαλήμ
349 2309 523 2386 ὄνομα
554 2314 841 2369 ἀποτελεῖ.
879 2311 1084 2388 Σαλήμ
1112 2315 1216 2391 γὰρ
1249 2313 1469 2388 εἰρήνην
1504 2313 1780 2387 σημαίνει.

157 2402 308 2456 Τοῦτο
338 2399 393 2456 δὲ
421 2402 728 2476 ὠνομάσθη
761 2401 796 2470 ἤ
829 2400 916 2457 διὰ
972 2403 1035 2456 τὸ
1089 2403 1182 2460 τὸν
1235 2401 1580 2478 Μελχισεδὲκ
1636 2405 1782 2478 ἱερα-

157 2489 298 2544 τεῦειν
327 2496 438 2563 Θεῷ
471 2490 523 2545 ἐν
555 2491 726 2566 αὐτῇ,
756 2489 792 2559 ἤ
855 2489 942 2546 διὰ
999 2493 1061 2547 τὸ
1117 2493 1264 2568 ἱερὸν
1295 2492 1434 2547 εἶναι
1492 2495 1590 2547 τοῦ
1648 2497 1782 2548 Θεοῦ

162 2580 274 2633 κατᾶ
300 2578 476 2635 τόπον.
504 2582 694 2636 Τοῦτο
725 2577 782 2635 δὲ
829 2580 918 2634 καὶ
979 2580 1065 2634 ἐπὶ
1126 2585 1222 2636 τοῦ
1261 2579 1536 2656 Ἰορδάνου
1569 2581 1780 2658 γέγονε’

163 2664 240 2720 εὗο
263 2671 354 2743 γὰρ
383 2670 630 2743 ποταμοὶ
658 2670 686 2723 ’ὀ
721 2691 778 2724 τε
809 2670 912 2744 Ἰὸρ
945 2671 1033 2724 καὶ
1092 2672 1120 2725 6
1179 2671 1278 2725 Δὰν
1311 2671 1638 2748 μιγνύμενοι
1693 2672 1781 2727 καὶ

163 2754 233 2809 ἵνα
256 2761 480 2831 ποταμὸν
514 2758 916 2820 ἀποτελοῦντες
976 2761 1065 2814 καὶ
1122 2761 1216 2822 τὰς
1274 2759 1586 2835 ἐπωνυμίας
1629 2761 1782 2830 ἥνω-

169 2864 266 2900 σαν.
296 2847 432 2900 Ἑπεὶ
468 2845 523 2901 δὲ
550 2846 672 2900 ἀπὸ
702 2845 998 2921 ἀλλοτρίου
1039 2842 1219 2909 ἔθνους
1252 2848 1339 2902 καὶ
1374 2849 1475 2903 οὐκ
1525 2849 1634 2906 ἀπὸ
1687 2854 1782 2904 τοῦ

171 2926 396 3007 Ἀϐραὰμ
449 2937 475 2989 6
529 2932 883 3010 Μελχισεδὲκ
939 2937 1250 3010 κατάγεται,
1307 2938 1408 2992 οὐκ
1464 2935 1670 3018 ἐγράφη
1728 2936 1784 2993 δὲ

174 3019 284 3078 πότε
308 3022 551 3099 ἒγεννήθη
583 3028 682 3081 καὶ
715 3028 821 3081 ἀπὸ
852 3027 1012 3082 ποίου
1070 3029 1274 3102 πατρὸς
1331 3030 1417 3082 καὶ
1484 3031 1691 3104 μητρὸς
1747 3029 1781 3098 ἤ

168 3111 280 3167 πότε
304 3113 530 3183 ἀπέθανε,
563 3113 797 3177 δικαίως
830 3117 889 3170 ἄν
944 3115 1161 3192 λέγοιτο
1220 3119 1358 3190 μήτε
1409 3118 1588 3193 ἀρχὴν
1645 3122 1781 3192 ἡμε-

1900 1962 2044 2016 Nam
2074 1962 2113 2014 Β
2141 1960 2200 2014 in
2235 1962 2277 2014 Β
2310 1965 2534 2013 mutato
2571 1976 2637 2012 ex
2668 1957 2812 2013 Jebu
2844 1958 2910 2011 fit
2938 1959 3072 2011 Jeru
3102 1975 3114 2022 ;
3147 1957 3240 2010 cui
3272 1956 3539 2010 additum

1897 2049 2081 2104 salem
2111 2047 2434 2102 Jerusalem
2468 2047 2736 2102 absolvit.
2771 2048 2867 2100 Est
2923 2052 3119 2099 autem
3152 2044 3336 2098 salem
3387 2060 3536 2114 pax;

1896 2139 2072 2209 idque
2105 2154 2324 2192 nomen
2355 2137 2484 2192 loco
2505 2136 2736 2208 obtigit,
2764 2135 2857 2190 vel
2890 2135 3048 2205 quod
3078 2131 3539 2188 Melchisedecus

1897 2229 2012 2281 Deo
2045 2227 2123 2281 ibi
2157 2226 2546 2294 sacriﬁcabat,
2579 2225 2667 2279 vel
2699 2224 2857 2294 quod
2889 2223 2969 2277 ibi
3001 2223 3204 2278 fanum
3255 2221 3357 2276 Dei
3389 2226 3535 2275 erat.

1893 2316 2112 2371 Eodem
2135 2315 2312 2371 modo
2333 2315 2572 2370 Jordani
2600 2330 2819 2369 nomen
2847 2319 2935 2368 est
2955 2313 3176 2368 factum
3204 2329 3216 2364 :
3240 2310 3356 2365 duo
3380 2311 3539 2364 enim

1895 2423 2101 2462 amnes
2130 2408 2224 2461 Ior
2253 2412 2312 2462 et
2351 2408 2474 2461 Dan
2531 2405 2898 2460 confluentes
2929 2418 3235 2472 unumque
3293 2401 3538 2455 ﬂuvium

1894 2497 2211 2554 reddentes
2243 2512 2727 2567 nomen,quoque
2761 2496 2812 2549 ei
2841 2495 2963 2549 suis
2995 2494 3055 2547 in
3084 2509 3270 2548 unum
3300 2507 3537 2562 compo-

1896 2588 2024 2643 sitis
2056 2587 2365 2641 dederunt.
2400 2587 2688 2652 Quoniam
2727 2601 2861 2638 vero
2907 2581 3367 2638 Melchisedecus
3419 2595 3538 2632 non

1895 2677 2345 2734 Abrahami.sed
2376 2677 2574 2731 aliena
2596 2675 2823 2729 familia
2844 2679 3008 2727 ortus
3037 2672 3370 2741 fuit,neque
3400 2669 3539 2724 scri-

1893 2772 2060 2838 ptum
2092 2773 2181 2821 est
2212 2766 2595 2838 quando,quo
2627 2769 2815 2836 patre,
2849 2780 2965 2833 qua
2997 2767 3186 2816 matre
3219 2765 3414 2825 natus,
3437 2762 3539 2813 aut

1896 2855 2131 2926 quando
2164 2862 2433 2911 mortuus
2464 2856 2558 2918 sit,
2593 2861 2750 2908 recte
2783 2853 2898 2906 dici
2930 2851 3116 2922 possit
3147 2866 3283 2904 eum
3341 2863 3536 2917 neque

1897 2945 2131 2999 initium
2166 2944 2396 3001 dierum
2426 2959 2618 3012 neque
2651 2942 2828 2996 linem
2861 2941 2990 2993 vitae
3021 2939 3264 3003 habere,
3299 2953 3433 2991 cum
3465 2952 3538 2990 ex

1894 3051 2014 3089 non
2046 3033 2527 3088 commemoratis
2557 3031 2830 3102 gentibus
2864 3029 2976 3083 orti
3009 3044 3194 3099 genus
3233 3023 3534 3080 recenseri

1893 3123 2244 3194 nequiverit.

171 3205 260 3271 ρῶν
293 3205 415 3274 μήτε
442 3210 578 3274 ζωῆς
611 3203 777 3267 τέλος
804 3199 950 3281 ἔχειν
984 3205 1163 3262 αὐτόν·
1195 3206 1256 3261 οὐ
1289 3207 1393 3283 γὰρ
1422 3205 1659 3276 ἠδύνατο
1691 3209 2174 3286 γενεαλογηθῆναι,
2207 3208 2266 3264 ἐκ
2293 3215 2401 3264 τῶν
2439 3207 2909 3284 παραλειφθέντων
2945 3203 3112 3270 ἐθνῶν
3145 3203 3530 3278 καταγόμενος,

235 3290 319 3359 Τᾣ
359 3288 412 3343 δὲ
459 3295 533 3355 πς⁸
589 3291 698 3348 ἔτει
754 3297 854 3348 τοῦ
915 3289 1166 3368 Ἀϐραὰμ
1213 3292 1389 3349 ’ὲτεκεν
1459 3297 1636 3370 Ἀγαρ
1685 3294 1776 3350 τὸν

1966 3303 2135 3358 Anno
2166 3300 2485 3356 Abrahami
2517 3301 2604 3362 86,
2630 3298 2838 3354 mundi
2870 3298 3187 3368 3398,Agar
3215 3293 3533 3350 Ismaelum

185 3376 407 3447 Ὶσματξλ·
444 3385 530 3433 τοῦ
559 3379 614 3436 δὲ
649 3383 864 3455 κόσμου
891 3383 958 3451 ἦν
992 3379 1108 3444 ἔτος
1157 3382 1344 3460 ’γτῑιηῖ
1380 3385 1473 3437 Καὶ
1508 3387 1614 3459 πῦρ
1646 3384 1781 3438 κατὰ

189 3469 274 3530 τῆς
302 3465 652 3531 Πενταπόλεως
705 3469 898 3538 ὑετίζει
933 3470 1085 3538 Θεὸς,
1143 3471 1230 3524 καὶ
1265 3470 1542 3526 ἀναλίσκει
1581 3473 1676 3546 μὲν
1730 3472 1779 3541 ἐξ

181 3551 326 3622 αὐτῆς
355 3555 473 3610 ἃπαν
503 3559 560 3612 τὸ
612 3560 773 3633 γένος
831 3564 938 3613 τῶν
993 3560 1310 3633 ἀνθρώπων,
1371 3558 1665 3640 διαφθείρει
1726 3559 1784 3616 δὲ

172 3643 246 3694 καί
275 3642 389 3698 αὐτὸ
416 3645 473 3700 τὸ
505 3647 799 3721 ἀνάστημα
829 3655 929 3716 τῆς
979 3655 1102 3723 γῆς,
1135 3649 1223 3702 καὶ
1262 3656 1362 3718 τῆς
1420 3653 1784 3725 προκειμένης

165 3729 409 3804 θαλάσσης
438 3740 728 3810 νεκροῦται
784 3737 849 3790 τὰ
890 3734 1077 3791 ὕδατα.
1113 3739 1263 3794 Μετά
1318 3743 1484 3793 ταῦτα
1519 3746 1619 3808 τῆς
1651 3740 1785 3794 κατὰ

163 3817 376 3896 Μαμϐρῆ
413 3821 577 3898 δρυὸς
609 3825 919 3888 ἀπαναστὰς
979 3827 1006 3880 6
1063 3820 1310 3900 Ἀϐραὰμ
1368 3827 1454 3882 ἐπὶ
1507 3829 1569 3882 τὸ
1617 3828 1782 3903 φρέαρ

167 3919 463 3982 κατασκηνοῖ
492 3917 597 3968 τοῦ
624 3913 813 3986 ὅρκου.
846 3915 1054 3986 Ἑαυτῷ
1085 3911 1141 3968 δὲ
1200 3911 1309 3986 ἰδίᾳ
1363 3915 1450 3969 καὶ
1490 3921 1606 3978 τοῖς
1641 3917 1784 3970 οἰκέ-

173 4015 266 4060 ταις
289 4000 445 4055 αὐτοῦ
475 4002 618 4057 κατὰ
649 4004 956 4077 συγγενείας
1014 4003 1324 4078 πηξάμενος
1383 4006 1606 4074 σκηνὰς,
1663 4006 1786 4061 τότε

172 4090 350 4159 πρῶτον
403 4086 665 4165 Ἀϐραὰμ
739 4094 836 4161 τῆς
891 4094 1267 4169 σκηνοπηγίας
1306 4092 1395 4148 ἐπὶ
1455 4094 1590 4149 ἒπτά
1647 4095 1784 4167 ἠμέ-

172 4194 252 4244 ρας
273 4177 503 4233 ’ἐπιτελεῖ
551 4181 660 4248 τὴν
692 4181 907 4256 ἑορτὴν,
959 4181 1024 4249 ἢν
1079 4180 1236 4236 εἰσέτι
1291 4181 1376 4236 καὶ
1437 4186 1523 4236 νῦν
1567 4183 1594 4237 6
1646 4184 1788 4240 Ἰου-

164 4258 296 4328 δαῖος
353 4267 600 4344 ἑορτάζει
660 4275 1044 4346 σκηνοπηγῶν.
1107 4272 1198 4326 Ἐκ
1251 4275 1384 4348 γοῦν
1428 4276 1524 4326 τοῦ
1554 4271 1786 4346 Ἰσμαὴλ

161 4355 485 4426 Ἰσμαηλῖται
519 4361 579 4414 οἱ
629 4361 938 4433 Σαρακηνοὶ
997 4359 1378 4432 ὀνομάζονται.
1439 4362 1788 4436 Σαρακηνοὺς

161 4437 210 4495 δὲ
285 4445 505 4510 ἑαυτοὺς
605 4450 1030 4522 μετωνόμασαν,
1083 4451 1428 4522 ἀπαξιοῦντες
1508 4449 1790 4507 καλεῖσθαι

154 4527 402 4598 δουλικῶς
464 4539 793 4612 Ἀγαρηνοί⁹
853 4539 903 4591 οἳ
963 4533 1020 4591 δέ
1068 4558 1226 4613 φασιν
1287 4539 1366 4593 ὅτι
1428 4537 1610 4615 Σαρῤα
1689 4543 1789 4610 τήν

151 4623 306 4697 ’Ἅγαρ
353 4629 512 4696 κενὴν
579 4625 924 4697 ἐξαπέστειλε
996 4625 1394 4700 κληρονομίας.
1449 4632 1792 4704 Παροικῆσας

156 4708 204 4765 δὲ
232 4711 278 4766 ἐν
310 4717 574 4794 Γεράφοις
606 4719 739 4790 (41),
800 4718 898 4786 τὴν
931 4721 1022 4771 νῦν
1081 4716 1400 4773 ’Δσκάλωνα
1455 4716 1781 4793 λεγομένην,

159 4803 276 4872 μετά
297 4807 394 4874 τὴν
422 4813 523 4877 τῆς
556 4805 765 4884 Σάῥρας
795 4805 1054 4877 τελευτήν
1109 4801 1274 4862 ἔλαϐε
1330 4810 1430 4877 τήν
1481 4815 1780 4885 Χεττοῦραν

1886 3389 2136 3460 peperit.
2159 3390 2315 3443 Tunc
2343 3389 2582 3460 igneum
2615 3386 2864 3442 imbrem
2900 3383 3209 3454 Pentapoli
3239 3383 3392 3438 Deus
3422 3382 3531 3436 im-

1886 3477 2074 3544 misit,
2131 3477 2523 3547 universoque
2580 3476 2659 3530 ibi
2694 3475 2887 3530 deleto
2955 3474 3265 3529 hominum
3317 3488 3532 3544 genere

1888 3566 2044 3636 ipsas
2077 3566 2255 3621 etiam
2287 3565 2464 3620 urbes
2497 3565 2623 3620 sola
2655 3563 3149 3635 complanavit,ac
3180 3561 3360 3615 maris
3389 3560 3529 3614 vici-

1887 3655 1946 3707 ni
1980 3670 2164 3724 aquas
2189 3653 2624 3710 enecavit.lnde
2647 3670 2681 3707 a
2708 3669 2930 3724 quercu
2954 3669 3084 3722 quae
3106 3651 3180 3705 ad
3210 3648 3530 3704 Mambrem

1888 3749 2012 3797 erat
2044 3743 2342 3814 digressus
2370 3742 2740 3800 Abrahamus
2769 3742 2841 3796 ad
2871 3747 3113 3812 puteum
3130 3735 3528 3812 jurisjurandi

1891 3834 2344 3889 tabernaculum
2381 3834 2542 3898 ﬁxit;
2573 3849 2827 3903 cumque
2885 3832 3132 3887 seorsim
3185 3828 3318 3896 sibi,
3366 3843 3531 3882 seor-

1890 3921 2000 3976 sim
2036 3924 2217 3976 servis
2270 3939 2373 3993 per
2403 3921 2657 3984 familias
2710 3921 3094 3975 exstruxisset
3140 3933 3326 3984 casas,
3390 3921 3530 3970 tunc

1888 4010 2144 4081 primum
2166 4017 2390 4082 septem
2415 4011 2541 4069 dies
2562 4010 2633 4065 ob
2657 4009 3041 4064 tabernacula
3062 4008 3179 4062 ﬁxa
3199 4008 3379 4062 festos
3393 4004 3531 4077 egit,

1891 4099 2048 4169 quod
2069 4101 2261 4155 adhuc
2283 4101 2498 4155 Judaeis
2524 4105 2612 4158 est
2632 4099 2916 4153 solemne.
2937 4096 3021 4151 Ab
3039 4095 3288 4151 lsmaelo
3311 4095 3531 4148 lsmae-

1889 4189 2010 4243 litaa
2043 4189 2342 4258 dicuntur,
2367 4188 2672 4258 iidemque
2700 4186 2995 4242 Saraceni.
3023 4186 3140 4239 Hoc
3166 4199 3384 4238 nomen
3419 4181 3532 4237 sibi

1893 4283 2434 4349 sumpserunt,cum
2463 4277 2534 4332 ab
2563 4277 2780 4332 ancilla
2794 4274 3043 4348 Agareni
3065 4271 3352 4344 appellari
3385 4269 3536 4324 indi-

1892 4368 2359 4440 gnarentur.Alii
2374 4365 2766 4437 dicunt,quod
2780 4366 3181 4436 SaraAgaram
3200 4363 3292 4420 51
3313 4361 3534 4431 absque

1893 4457 2018 4512 ulla
2047 4457 2390 4512 haereditate
2422 4456 2850 4512 amandaverit.
2901 4455 3110 4509 Postea
3166 4450 3536 4507 Abrahamus

1896 4547 2286 4617 Geraris,quaa
2312 4563 2471 4601 nunc
2489 4546 2742 4602 Ascalon
2761 4544 3003 4609 dicitur,
3017 4541 3378 4613 inquilinum
3398 4540 3535 4612 egit,

1899 4641 1955 4689 et
1985 4653 2020 4690 a
2049 4641 2237 4690 morte
2271 4637 2427 4691 Sarae
2487 4636 2802 4696 Clieturam
2834 4649 3080 4694 uxorem
3137 4646 3322 4686 senex
3353 4629 3538 4696 ducit,

1895 4741 1966 4779 ex
1995 4741 2112 4796 qua
2144 4724 2298 4780 ﬁlios
2328 4725 2537 4780 habuit
2566 4723 3210 4796 quinque,Zembriam,
3236 4720 3538 4788 lexanum,

1893 4815 2247 4882 Madamum,
2282 4815 2636 4869 Madiamum
2669 4831 2736 4869 ac
2761 4813 3116 4868 lesbonem.‘

156 4889 216 4951 εἷς
234 4899 472 4965 γυναῖκα,
505 4896 558 4949 ἐν
598 4900 676 4966 τῷ
702 4898 846 4970 γήρᾳ
874 4895 1054 4951 αὐτοῦ’
1086 4895 1177 4969 ἀφ’
1207 4898 1273 4968 ᾗς
1308 4891 1465 4973 ἔσχεν
1501 4899 1650 4962 υἱοὺς
1681 4898 1861 4971 πέντε,
1887 4896 2176 4977 Ζεμϐρίαν,
2226 4902 2407 4973 Ἰεξάν,
2440 4897 2665 4974 Μαδὰμ,
2698 4897 2944 4971 Μαδιάμ,
2978 4892 3219 4955 Ἰεσὸών.

211 4981 322 5037 Ὀτι
371 4984 399 5036 6
457 4985 585 5040 Λὼτ
643 4985 935 5060 χωρισθεῖς
989 4989 1086 5039 τοῦ
1145 4980 1402 5060 Ἀϐραὰμ
1461 4988 1784 5061 κατῴκησεν

159 5066 219 5129 εἰς
249 5068 462 5145 Σόδομα
494 5071 565 5128 δι’
595 5074 790 5148 ἀρετὴν
821 5074 911 5129 καὶ
943 5073 1154 5137 κάλλος
1198 5082 1300 5145 τῆς
1355 5083 1481 5152 γῆς,
1534 5076 1782 5153 ἐχούσης

160 5158 296 5216 πέντε
314 5162 528 5237 πόλεις,
563 5163 804 5238 Σόδομα,
843 5163 1120 5239 Γόμορῥα,
1153 5162 1393 5239 ”Αδαμα,
1451 5163 1640 5222 Σεϐόϊν
1696 5169 1785 5224 καὶ

1972 4994 2144 5047 Lotus
2176 4993 2247 5048 ab
2286 4991 2621 5048 Abrahamo
2653 5008 2714 5045 se
2774 5007 2910 5046 cum
2968 4992 3319 5060 separasset,
3362 4984 3540 5040 Sodo-

1899 5099 2058 5139 mam
2084 5082 2158 5137 ob
2179 5082 2405 5138 telluris
2429 5082 2832 5154 praestantiam
2863 5086 3039 5150 atque
3073 5077 3427 5150 elegantiam
3451 5074 3541 5129 in-

1899 5173 2120 5240 coluit;
2182 5174 2242 5228 in
2301 5190 2416 5244 qua
2470 5171 2644 5226 urbes
2701 5175 2870 5225 erant
2926 5170 3209 5240 quinque,
3268 5165 3542 5232 Sodoma,

1340 5283 1700 5342 XYLANDRI
1737 5288 1824 5344 ET
1860 5289 2076 5380 GOADI
2115 5291 2336 5346 NOTAE.

225 5397 326 5465 (40)
358 5399 645 5454 Nimirum
679 5400 845 5475 inito,
879 5416 1000 5475 non
1037 5400 1354 5475 completo,
1388 5406 1454 5455 ut
1493 5401 1789 5475 intelliga-

175 5467 443 5543 turageps
473 5487 697 5527 annum
729 5474 795 5524 75
832 5471 1136 5543 migrasse.
1170 5467 1306 5527 XYL.

228 5538 326 5605 (41)
349 5541 490 5596 Gen.
527 5560 618 5609 xx,
653 5538 972 5612 antequam
1003 5543 1239 5598 Isaacus
1297 5550 1683 5612 nasceretur;
1719 5546 1789 5602 de

173 5604 402 5692 @hetura
430 5613 572 5692 Gen.
604 5604 734 5670 xxv.
769 5604 1030 5692 M'util‘ate
1063 5615 1188 5670 haec
1220 5615 1521 5692 Gedrenus
1553 5604 1789 5673 citatJn

177 5685 408 5752 margine
440 5689 532 5737 est
569 5701 698 5740 esse
754 5701 825 5739 ex
874 5685 1148 5741 Africano
1199 5687 1382 5757 petita
1423 5705 1436 5743 :
1472 5689 1786 5757 incertum,

1900 5404 2104 5460 haecne
2138 5422 2211 5460 an
2243 5421 2372 5475 quas
2405 5409 2736 5474 sequuntur
2756 5403 2826 5457 de
2862 5405 2999 5458 Loto
3033 5408 3091 5457 et
3113 5400 3270 5475 mari
3293 5403 3543 5475 Mortuo.

1901 5477 2200 5547 Posterius
2234 5473 2372 5547 puto
2406 5473 2607 5530 verum
2640 5493 2769 5530 esse
2797 5492 2810 5539 ;
2844 5491 3038 5544 neque
3073 5474 3201 5546 ejus
3255 5473 3540 5547 miracula

1900 5543 2366 5616 Cedrenum,sed
2383 5547 2724 5602 Africanum
2753 5547 2864 5602 sibi
2885 5543 3011 5601 visa
3028 5543 3270 5600 referre.
3285 5543 3451 5609 Quod
3475 5544 3545 5599 de

1899 5618 2094 5674 fructu
2128 5625 2186 5674 et
2215 5619 2376 5674 fumo
2409 5618 2722 5685 dicit,.non
2754 5634 3060 5688 assequor.
