4094 6292
491 474 572 532 79

499 549 1338 666 Gomorrha,Adama,Seboim
1351 587 1410 640 et
1438 535 2011 653 Segor,totidemque
2041 581 2142 664 re-_
2168 575 2221 641 Α

495 653 1106 767 gesimperabantﬂis
1122 680 1386 752 quinque
1399 670 1636 744 regibus
1648 669 1904 737 quatuor
1916 653 2146 714 finitimi

497 745 779 856 Evt-orum
811 793 978 848 reges
1007 745 1232 827 bellum
1263 745 1801 828 fecerunt,ductore
1832 745 2146 806 Chodollo-

498 833 560 856 "'J
578 833 596 838 "
614 833 666 838 "'
687 833 775 835 "”’
879 833 912 848 υ

496 886 736 947 gomore
769 865 940 922 Ilami
972 855 1420 933 rege.Pra31ium
1453 847 1837 907 commissum
1872 843 1960 895 est
1987 833 2144 908 apud

498 962 732 1018 Salsum
762 971 947 1022 mare,
981 949 1142 1022 quod
1172 961 1332 1002 nunc
1366 943 1658 996 Mortuum
1692 935 1934 987 vocatur
1965 943 1978 991 ;
2031 939 2146 994 quo

499 1052 562 1106 in
594 1048 742 1106 mari
773 1019 1070 1118 permulta
1099 1042 1238 1094 sunt
1265 1027 1664 1091 admirabilia,
1699 1039 1829 1095 qua)
1860 1019 1985 1090 ipse
2018 1028 2150 1084 spe-

501 1105 826 1197 ctavi.Nam
857 1147 1054 1204 neque
1085 1124 1306 1184 animal
1337 1121 1526 1178 ullum
1561 1133 1628 1171 ea
1653 1127 1802 1183 aqua
1831 1105 2074 1182 profert,
2091 1105 2151 1156 et

507 1228 792 1285 cadavera
822 1222 930 1278 sub
962 1235 1144 1290 aquas
1176 1211 1477 1273 decidunt,
1506 1206 1668 1261 vivus
1699 1204 1896 1257 autem
1929 1191 2147 1263 aliquis

507 1334 627 1375 non
646 1315 818 1371 facile
840 1327 1054 1382 corpus
1077 1322 1252 1362 suum
1277 1301 1385 1369 sub
1409 1312 1624 1368 aquam
1643 1303 1908 1362 mergere
1927 1283 2150 1357 possit;

510 1374 568 1464 et
599 1407 853 1462 lucernze
893 1374 1170 1455 ardentes
1224 1389 1464 1464 quidem
1499 1385 1790 1446 innatant,
1850 1374 2152 1432 exstincta;

505 1502 704 1553 autem
757 1462 1354 1560 submergunturdlbi
1403 1471 1714 1530 bituminis
1745 1473 1885 1523 sunt
1939 1462 2150 1519 fontes.

504 1587 642 1642 Fert
667 1582 848 1638 etiam
871 1578 1111 1634 alumen
1135 1589 1203 1628 ac
1223 1569 1409 1624 salem
1439 1561 1670 1619 modico
1693 1557 1766 1613 ab
1787 1555 1922 1610 aliis
1943 1549 2153 1608 discri-

503 1674 665 1729 mine
692 1687 704 1726 :
738 1685 878 1726 nam
904 1671 961 1722 et
985 1678 1187 1720 amara
1217 1649 1698 1726 sunt,pellucida.
1733 1644 1841 1701 Ubi
1871 1655 2008 1696 vero
2031 1639 2154 1692 fru-

501 1728 629 1818 ctus
641 1757 833 1832 reperi
843 1751 1112 1824 tur,nihil
1125 1748 1446 1822 quidquam
1459 1759 1577 1814 pra:
1586 1744 1674 1794 ter
1685 1736 1900 1792 fumum
1911 1728 2154 1804 praebet.

505 1857 674 1923 Aqua
709 1829 1048 1904 sanitatem
1109 1836 1412 1896 utentibus
1471 1829 1722 1891 confert,
1793 1833 2154 1898 prorsusque

512 1941 716 1998 omnia
747 1951 954 1993 eorum
985 1949 1115 2004 quas
1148 1926 1281 1984 aliis
1313 1921 1591 1980 accidunt
1633 1915 1802 1988 aquis
1859 1905 2158 1966 contraria

513 2031 692 2088 habet
721 2002 1249 2086 accidentia.Quod
1279 2015 1399 2071 nisi
1429 2014 1481 2067 is
1513 2010 1678 2066 locus
1709 2002 2026 2061 Jordanem
2054 2013 2160 2070 pro

515 2087 880 2177 nutrimento
911 2107 1287 2180 haberet.qui
1319 2117 1598 2177 purpuraa
1621 2099 1810 2152 instar
1836 2087 2166 2164 perlabitur

601 2475 702 2533 52
724 2469 910 2528 Isaaci
924 2464 1274 2522 vocabulum
1285 2461 1472 2514 risum
1487 2453 1830 2524 avoluptate
1843 2443 2172 2519 profectum

528 2567 715 2621 notat.
751 2557 1034 2616 Hebraica
1067 2553 1226 2610 enim
1257 2550 1461 2620 lingua
1491 2543 1551 2599 id
1583 2541 1634 2596 ei
1672 2551 1892 2594 nomen
1950 2532 2173 2588 factum

528 2614 987 2723 esttp—ropterea
1018 2641 1176 2714 quod
1209 2614 1589 2694 Saravaudita
1619 2627 1818 2684 divina
1848 2621 2032 2695 prolis
2063 2614 2177 2673 sibi

529 2741 592 2798 in
623 2740 928 2796 senectute
959 2710 1174 2788 futuras
1204 2722 1602 2800 promissione
1636 2710 2178 2774 subriserat.Natus

531 2835 621 2886 est
648 2830 884 2885 Isaacus
915 2838 1070 2880 anno
1105 2815 1312 2874 mundi
1344 2813 1501 2868 3413.

603 2917 824 2974 Eodem
853 2918 1120 2984 tempore
1168 2907 1230 2960 in
1259 2906 1432 2959 Creta
1487 2899 1807 2954 Saturnum
1851 2895 1908 2946 et
1958 2887 2182 2944 Rheam

537 3021 818 3082 regnasse
851 2999 1038 3058 Graeci
1066 2998 1332 3055 narrant.
1373 2989 1480 3056 Qui
1512 3003 1652 3042 vero
1707 2983 1782 3039 ad
1820 2976 2183 3036 Atlanticum

537 3095 753 3154 Oceani
785 3093 984 3149 sinum
1015 3085 1288 3142 incolunt
1316 3097 1416 3136 eos
1438 3077 1695 3150 primum
1725 3085 1928 3142 regem
1949 3064 2186 3121 habuis-

539 3205 602 3244 se
659 3183 906 3249 leum,
965 3179 1067 3250 qui
1123 3189 1369 3231 uxorem
1429 3169 1599 3224 Titan
1672 3159 1949 3218 habuerit
2027 3154 2186 3210 unde

540 3277 777 3330 Titanes
809 3267 1111 3342 appellati.
1145 3265 1310 3318 Hunc
1341 3260 1541 3314 ferunt
1569 3256 1842 3310 accurate
1892 3252 2186 3304 astrorum

1839 403 2159 498 GEORGII
2199 425 2547 491 GEDRENI

3825 418 3904 478 80

2251 559 2471 642 Σηγῲρ,
2511 556 2602 612 καὶ
2631 551 2947 642 τοσούτους
2987 551 3254 628 βασιλεῖς.
3295 548 3521 613 Τούτοις
3577 550 3630 604 οἱ
3660 545 3927 619 πλησιὸ-

2259 669 2438 726 χωροι
2496 649 2749 722 τέσσαρες
2809 640 3054 721 βασιλεῖς
3143 639 3332 715 Σύρων
3397 636 3772 713 ἐπολέμησαν,
3834 639 3916 693 ὧν

2254 723 2450 818 ἦῖγεῖτο
2481 733 2930 810 Χοδολλογομὸρ
2964 729 3222 808 βασιλεὺς
3251 731 3280 786 ὁ
3305 727 3483 804 Ἰλάμ.
3520 723 3830 784 Συνέϐαλον
3851 725 3913 782 δὲ

2255 830 2403 905 παρά
2456 829 2557 894 τὴν
2615 824 2885 880 θάλασσαν
2917 823 3016 889 τήν
3073 819 3292 890 ἁλικήν.
3349 819 3451 876 Καὶ
3505 817 3756 874 καλεῖται
3815 821 3913 870 νῦν

2255 902 2498 974 θάλασσα
2545 915 2748 990 Νεκρὰ,
2807 911 3036 966 πλεῖστα
3095 909 3367 982 θαυμάσια
3421 902 3647 983 ἔχουσα,
3709 905 3742 960 ’ὰ
3802 905 3912 981 ἐγὼ

2257 1007 2578 1080 ἐθεασάμην.
2611 1002 2759 1060 Ζῶόν
2778 1023 2836 1057 τε
2863 1002 2964 1076 γὰρ
2996 997 3146 1054 οὐδὲν
3182 997 3356 1054 ἐκεῖνο
3412 996 3560 1076 φέρει
3615 997 3677 1052 τὸ
3726 991 3928 1066 ὕδωρ,

2257 1096 2348 1152 καὶ
2379 1094 2541 1170 νεκρᾶ
2591 1094 2686 1167 μὶν
2755 1093 2982 1164 σώματα
3035 1082 3351 1166 ὑποϐρύχια
3404 1086 3630 1164 γίνεται,
3691 1089 3806 1155 ζῶν
3859 1081 3930 1138 δέ

2258 1207 2339 1248 τις
2369 1181 2492 1240 οὐδ’
2531 1178 2592 1237 ἅν
2626 1180 2826 1256 ῥᾳδίως
2860 1176 3202 1254 βαπτίσαιτο.
3239 1174 3337 1230 Καὶ
3365 1173 3566 1250 λύχνοι
3629 1175 3724 1246 μὶν
3755 1172 3928 1227 καιό-

2263 1295 2414 1348 μενοι
2502 1269 2850 1350 ἆπιφέρονται
2897 1311 2910 1335 ,
2969 1261 3317 1338 σϐεννύμενοι
3392 1261 3449 1318 δὲ
3527 1260 3928 1318 καταδύουσιν.

2259 1344 2518 1418 Ἕνταῦθά
2574 1344 2707 1412 είσιν
2762 1357 2816 1410 αἱ
2873 1361 2974 1424 τῆς
3031 1350 3310 1426 ἀσφάλτου
3359 1349 3556 1428 πηγαί.
3635 1347 3799 1424 Φέρει
3860 1344 3925 1402 δὲ

2260 1447 2591 1523 στυπτηρίαν
2622 1446 2712 1501 καὶ
2743 1442 2878 1508 ἅλας
2907 1441 3097 1516 ὀλίγον
3125 1462 3177 1496 τι
3206 1445 3312 1496 τῶν
3342 1436 3530 1494 ἄλλων
3565 1435 3928 1512 διαφέροντα·

2260 1538 2430 1614 πικρά
2457 1557 2516 1592 τε
2543 1536 2644 1609 γάρ
2687 1533 2790 1588 εἶσι
2848 1533 2940 1587 καὶ
2998 1529 3215 1605 διαυγῆ.
3279 1530 3443 1586 Ἔνθα
3495 1525 3544 1582 δ’
3601 1525 3660 1582 ἄν
3707 1527 3930 1601 καρπὸς

2262 1630 2348 1704 [Ρ.
2377 1627 2470 1700 29]
2501 1625 2715 1697 εὑρεθῇ,
2747 1625 2956 1678 καπνοῦ
3015 1619 3183 1675 πλέον
3243 1615 3544 1693 εὑρίσκεται
3603 1613 3778 1672 οὐδέν.
3845 1617 3938 1672 Τὸ

2263 1715 2320 1773 δὲ
2350 1713 2499 1790 ὕδωρ
2533 1713 2678 1768 ἰᾶται
2705 1711 2833 1771 τοῦς
2863 1710 3188 1790 χρωμένους
3217 1707 3386 1778 αὐτῷ,
3423 1705 3582 1780 λήγει
3641 1727 3699 1760 τε
3757 1705 3941 1760 παντὶ

2267 1803 2421 1860 ὕδατι
2453 1804 2668 1876 πάσχον
2699 1800 2767 1856 τὰ
2799 1798 3032 1854 ἐναντία.
3088 1794 3158 1852 Εἴ
3213 1792 3270 1850 δὲ
3320 1795 3397 1867 μὴ
3455 1791 3734 1868 Ἰορδάνην
3774 1793 3940 1868 εἶχεν

2272 1895 2300 1950 ὁ
2331 1894 2501 1954 τόπος
2541 1890 2748 1968 τροφὴν
2803 1889 2880 1950 ὡς
2937 1885 3222 1963 πορφύραν
3276 1881 3635 1960 διατρέχοντα
3689 1882 3778 1936 καὶ
3843 1881 3940 1938 ἐπὶ

2270 1983 2420 2040 πολὺ
2449 1981 2766 2056 ἀντέχοντα,
2795 1975 2983 2049 ἔληξεν
3025 1973 3086 2030 ἅν
3129 1976 3320 2030 θᾶττον
3351 1971 3388 2042 ἤ
3448 1971 3714 2050 φαίνεται.
3772 1972 3940 2026 Ἔστι

2275 2071 2333 2128 δὲ
2361 2071 2488 2142 παρ’
2519 2069 2656 2142 αὐτῇ
2687 2064 2960 2140 πάμπολυ
2991 2063 3052 2120 τό
3086 2059 3380 2140 βαλσάμου
3413 2061 3598 2138 φυτόν.
3650 2064 3942 2115 ’Υπονοεῖ-

2273 2182 2362 2216 ται
2395 2159 2452 2215 δὲ
2481 2157 2872 2233 ἀνατετράφθαι
2906 2153 3008 2208 ὑπὸ
3035 2157 3135 2208 τοῦ
3165 2155 3300 2208 Θεοῦ
3355 2147 3444 2206 διὰ
3502 2151 3603 2218 τὴν
3653 2154 3763 2204 τῶν
3833 2168 3940 2203 πε-

2279 2246 2628 2325 ριοικούντων
2669 2239 2930 2301 ἀσέϐειαν.

2349 2339 2472 2395 “Ou
2532 2337 2560 2390 ὁ
2627 2334 2811 2390 Ἰσαὰκ
2839 2330 3017 2410 γέλως
3077 2331 3193 2405 μεθ’
3250 2325 3458 2400 ἡδονῆς
3541 2325 3936 2402 ἑρμηνεύεται·

2283 2426 2372 2484 διὰ
2398 2427 2498 2504 γὰρ
2527 2426 2591 2482 τὸ
2623 2420 2984 2498 ἐπιμειδιᾶσαι
3033 2422 3132 2492 τὴν
3185 2417 3396 2496 Σάρραν
3449 2421 3520 2493 τῇ
3579 2416 3698 2488 θείᾳ
3730 2421 3840 2472 τοῦ
3881 2416 3938 2471 ἐν

2282 2521 2431 2594 γήρᾳ
2474 2519 2698 2572 τοκετοῦ
2774 2510 3070 2590 ἐπαγγελίᾳ
3121 2508 3384 2581 κέκληται
3441 2507 3584 2563 οὕτω
3638 2507 3778 2562 κατᾶ
3835 2507 3946 2574 τήν

2283 2603 2580 2682 Ἑϐραϊκήν
2609 2601 2914 2660 διάλεκτον.
2951 2599 3304 2671 Γεννηθὲντος
3337 2598 3516 2654 Ἰσαὰκ
3545 2595 3664 2659 ἔτος
3693 2598 3760 2664 ἦν
3797 2594 3911 2650 κόσ
3932 2627 3956 2638 -

2293 2719 2398 2773 μου
2427 2695 2588 2772 γυιγ’.

2363 2888 2509 2943 Κατά
2535 2885 2760 2946 τούτους
2791 2881 2849 2939 δὲ
2894 2883 3022 2945 τοὺς
3077 2881 3309 2957 χρόνους
3357 2878 3408 2934 ἐν
3466 2877 3546 2940 οἷς
3579 2875 3945 2957 Ἰσαᾶκᾘεν-

2294 2980 2456 3048 νήθη,
2517 2976 2569 3030 ἐν
2629 2976 2819 3049 Κρήτῃ
2872 2971 3026 3048 ἄρξαι
3081 2971 3286 3045 Κρόνον
3341 2965 3431 3023 καὶ
3460 2967 3608 3025 Ῥέαν
3667 2964 3949 3036 Ἓλληνες

2293 3069 2593 3141 ἱστοροῦσι.
2625 3067 2754 3127 Τοῖς
2787 3061 2844 3118 δὲ
2869 3063 2962 3116 τὸν
2994 3058 3312 3116 Ἀτλάντιον
3358 3057 3568 3114 κόλπον
3599 3055 3813 3111 οἰκοῦσι
3843 3058 3950 3110 τοῦ

2295 3155 2535 3210 ὠκεανοῦ
2563 3157 2780 3228 πρῶτον
2793 3151 3042 3226 Οὐρανὸν
3067 3147 3226 3204 τοῦνο
3237 3169 3308 3221 μα
3332 3145 3672 3222 βασιλεῦσαι,
3693 3147 3765 3218 γή
3779 3164 3956 3216 μαντα

2294 3245 2481 3314 Τιτὰν,
2515 3243 2603 3322 ἀφ’
2635 3239 2698 3296 οὗ
2747 3243 2980 3300 Τιτᾶνας
3036 3238 3420 3311 ὀνομασθῆναι.
3477 3239 3677 3288 Τοῦτον
3730 3231 3954 3307 λέγουσι

549 3313 777 3330 ...ωηο
809 3313 1111 3342 ann.--"
1378 3313 1383 3314 ,

541 3383 752 3424 cursus
829 3362 1194 3420 observasse,
1254 3369 1320 3408 ac
1381 3348 1582 3404 multis
1642 3361 1774 3416 qua:
1851 3341 1910 3394 in
1941 3336 2179 3392 .mundc

2297 3334 2586 3424 γενόμενον
2611 3327 2847 3404 ἐπιμελῆ
2874 3327 3271 3401 παρατηρητήν
3301 3328 3411 3408 τῶν
3469 3321 3679 3396 ἂστρων
3712 3319 3958 3381 πολλοῖς

545 3460 830 3512 eventura
859 3453 1030 3506 erant
1067 3442 1432 3518 praedixisse.

619 3543 992 3600 Abrahamus
1051 3515 1274 3591 annum
1317 3543 1494 3602 agens
1535 3527 1602 3580 85
1660 3521 1816 3577 fame
1871 3519 2077 3574 oborta
2133 3515 2193 3570 in

546 3635 862 3706 Egyptum
895 3622 1220 3682 descendit.
1255 3617 1474 3673 Eodem
1509 3627 1665 3668 anno
1696 3609 1923 3675 Jupiter
1959 3603 2196 3660 Saturni

747 3737 880 3778 cum
912 3719 1140 3774 lunone
1171 3711 1356 3766 Cretae
1413 3719 1659 3776 regnum
1693 3698 1900 3754 tenuit.
1948 3697 2108 3751 Tunc
2138 3698 2197 3748 et

551 3815 788 3870 Titanes
817 3808 976 3865 bello
1005 3807 1205 3860 Jovem
1253 3797 1562 3854 tentarunt
1591 3808 1608 3846 :
1639 3795 1697 3846 et
1737 3787 2020 3854 Bacchus,
2075 3801 2196 3838 non

551 3901 821 3960 Semeles
845 3898 950 3954 ille
982 3895 1162 3961 ﬁlius,
1198 3887 1302 3944 sed
1334 3885 1482 3942 alius
1511 3881 1700 3938 multo
1749 3876 2054 3939 vetustior,
2112 3874 2197 3928 vi-

548 4007 695 4047 num
725 3986 967 4059 reperit,
1003 3984 1185 4052 inque
1218 3971 1617 4032 torcularibus
1647 3971 1841 4040 (Lenus
1869 3963 2049 4020 Grzeci
2097 3980 2196 4017 vo-

548 4077 708 4149 cant)
741 4066 1222 4147 expressit,unde
1255 4064 1308 4119 ei
1335 4059 1526 4119 Lenaei
1561 4053 2002 4129 cognometha
2019 4051 2198 4106 etiam

551 4171 726 4226 Ceres
771 4165 1143 4220 frumentum
1190 4155 1379 4210 fertur
1430 4155 1490 4206 et
1541 4145 1834 4202 hordeum
1879 4142 2198 4197 invenisse.

553 4260 688 4315 Haec
719 4260 808 4311 est
837 4269 969 4324 qua;
1027 4247 1199 4303 Isidis
1243 4241 1485 4298 nomine
1525 4236 1598 4292 ab
1653 4232 1909 4305 Egyplis
1967 4229 2198 4286 colitur.

547 4346 765 4404 Iisdem
793 4317 1060 4398 Bacchus
1093 4341 1182 4390 est
1213 4331 1506 4388 Osiris.Ea
1537 4325 1910 4394 tempestate,
1935 4324 2002 4374 ut
2031 4317 2202 4372 fabu-

547 4434 625 4490 lis
655 4431 1023 4506 perhibetur,
1055 4427 1315 4494 Marsyas
1345 4419 1542 4488 Phryx
1573 4419 1633 4469 et
1661 4411 1873 4483 Apollo
1924 4425 2058 4464 cum
2117 4407 2200 4462 eis

549 4495 859 4580 incidisset
887 4521 959 4576 de
1017 4517 1248 4573 cithara
1286 4505 1611 4571 contentio,
1675 4501 1750 4556 ad
1805 4501 2044 4572 Nysam,
2101 4495 2203 4552 ubi

513 4607 515 4610 ⁴
550 4613 813 4670 Bacchus
852 4604 1422 4676 erat,accesserunt,
1447 4601 1627 4666 atque
1660 4591 1740 4646 ibi
1774 4591 2000 4658 Marsya
2033 4601 2204 4657 supe-

2299 3421 2588 3498 προλέγειν
2610 3420 2677 3475 τὰ
2699 3419 2836 3474 κατὰ
2872 3413 3104 3490 κόσμον.

2279 3532 2285 3537 ·
2345 3494 2468 3582 ⁷Τᾢ
2491 3494 2560 3564 δὲ
2591 3517 2669 3564 πε’
2693 3504 2799 3562 ἔτει
2848 3501 3101 3578 Ἀϐραὰμ
3154 3505 3324 3578 λιμοῦ
3385 3501 3678 3580 γενομένου
3746 3494 3956 3567 κατέϐη

2303 3600 2462 3661 αὐτὸς
2486 3599 2560 3661 εἷς
2595 3597 2896 3674 Αἴγυπτον.
2929 3597 3021 3652 Ἐν
3052 3593 3231 3666 τούτῳ
3276 3597 3356 3665 τῷ
3413 3589 3520 3646 ἔτει
3575 3592 3675 3659 τῆς
3734 3591 3958 3662 Κρήτης

2308 3687 2583 3765 βασιλεύει
2615 3688 2738 3750 Ζεὺς
2779 3689 2806 3741 ὁ
2836 3691 2934 3741 τοῦ
2966 3685 3175 3762 Κρόνου
3207 3683 3325 3744 υἱὸς
3384 3680 3472 3736 καὶ
3531 3683 3696 3754 "ﬂpa.
3747 3677 3960 3732 Γίνεται

2307 3777 2362 3834 δὲ
2391 3778 2479 3833 καὶ
2514 3779 2540 3832 ὁ
2569 3777 2814 3834 Τιτάνων
2845 3777 2982 3850 πρὸς
3032 3773 3128 3828 Δία
3178 3771 3444 3844 πόλεμος.
3504 3767 3606 3827 Καὶ
3674 3767 3962 3836 Διόνυσος,

2307 3868 2415 3944 οὐχ
2447 3869 2475 3922 ὁ
2503 3874 2604 3937 τῆς
2639 3865 2891 3939 Σεμέλης
2922 3861 3051 3918 ἀλλ’
3080 3859 3253 3922 ἄλλος
3306 3859 3504 3914 τούτου
3548 3853 3694 3912 πολὺ
3724 3855 3968 3929 ἀρχαιό-

2303 3979 2483 4033 τερος,
2520 3959 2612 4012 τὸν
2645 3959 2796 4010 οἶνον
2831 3956 3006 4028 ἐξεῦρε
3030 3951 3121 4007 καὶ
3146 3949 3197 4006 ἐν
3248 3955 3364 4011 τοῖς
3416 3947 3610 4018 ληνοῖς
3640 3942 3971 4017 ἀπέθλιψεν,

2306 4048 2396 4128 ἀφ’
2453 4047 2527 4100 ὢν
2577 4045 2667 4101 καὶ
2718 4047 2955 4114 Ληναῖος
3013 4041 3332 4114 ὠνομάσθη.
3393 4043 3477 4098 Ὡς
3533 4034 3624 4091 καὶ
3692 4033 3971 4104 Δήμητρα

2308 4136 2520 4214 λέγεται
2554 4135 2793 4215 ἐφευρεῖν
2824 4131 2917 4188 τὸν
2947 4137 3096 4186 σῖτον
3127 4128 3216 4185 καὶ
3274 4129 3374 4198 τὴν
3425 4126 3642 4201 κριθήν.
3695 4120 3843 4193 Αὕτη
3911 4117 3978 4176 δέ

2309 4208 2450 4282 ἐστιν
2481 4227 2516 4295 ἡ
2547 4208 3031 4300 παρ’ήΑἷγυπτίοις
3062 4216 3355 4293 τιμωμένη
3387 4217 3543 4278 Ἶσις.
3577 4214 3638 4270 Ὀ
3695 4208 3754 4266 δὲ
3839 4209 3974 4266 Διό-

2307 4335 2466 4376 νυσος
2490 4297 2972 4390 παρ’ήΛῖγυπτίοις
3021 4309 3236 4384 Ὄσιρις
3297 4304 3539 4381 λέγεται.
3592 4303 3853 4364 Ἐνταῦθα
3913 4297 3979 4354 δὲ

2309 4405 2398 4462 καὶ
2430 4406 2464 4476 ἠ
2497 4403 2758 4480 Μαρσύου
2787 4406 2884 4458 τοῦ
2942 4399 3164 4476 Φρυγὸς
3223 4392 3334 4472 ἔρις
3391 4395 3528 4451 κατὰ
3579 4391 3707 4453 τοὺς
3761 4391 3976 4464 μύθους

2309 4495 2447 4570 πρὸς
2480 4489 2812 4550 Ἀπόλλωνα
2844 4487 2934 4544 διὰ
2961 4491 3062 4559 τὴν
3123 4487 3368 4562 κιθάραν.
3412 4482 3590 4539 ἐλθεῖν
3648 4481 3785 4555 πρὸς
3844 4481 3982 4534 Διό-

2312 4604 2470 4640 νυσον
2527 4581 2604 4644 εἷς
2664 4580 2902 4650 Νύσσαν,
2961 4577 3118 4634 κάκεῖ
3173 4577 3266 4633 τὸν
3341 4573 3604 4650 Μαρσύαν
3662 4569 3981 4640 ἡττηθέντα

550 4708 678 4759 rato
725 4661 954 4773 Apoll—oh
987 4661 1100 4770 per
1149 4693 1298 4747 iram
1357 4661 1580 4760 pellem
1625 4681 1751 4734 vivo
1795 4675 2070 4741 detraxit,
2111 4691 2179 4728 ru

2320 4671 2612 4750 ἐκδαρῆναι
2639 4675 2811 4742 ζῶντα
2842 4669 2987 4742 παρᾶ
3015 4673 3114 4725 τοῦ
3143 4665 3502 4725 ’Λπόλλωνος
3533 4661 3622 4718 διὰ
3640 4663 3738 4732 τὴν
3775 4661 3973 4736 ὀργήν,

2355 4763 2364 4773 ο
2638 4757 2687 4773 ne
2781 4759 2797 4773 ο
2876 4760 2938 4773 οι
3131 4757 3146 4773 \
3258 4758 3272 4773 \
3403 4753 3415 4773 ε
3559 4749 3570 4773 l
3672 4748 3960 4773 ,1_U_._.'_l

551 4763 799 4866 ptisque-
814 4763 1030 4844 ﬁdibus
1062 4784 1371 4839 inventum
1402 4775 1759 4830 concentum
1789 4765 1889 4824 58
1922 4763 2198 4820 abolevit.

552 4884 766 4938 Postea
786 4876 1070 4950 temporis
1093 4868 1464 4928 aiuntMusas
1487 4867 1546 4918 et
1565 4857 1866 4931 Orpheum
1887 4871 2094 4910 rursus
2117 4853 2202 4908 in-

554 4975 792 5026 ventam
823 4967 964 5022 Lino
988 4959 1326 5018 tradidisse.

626 5061 788 5115 Tunc
819 5055 1000 5112 etiam
1027 5050 1168 5108 Coeli
1201 5047 1356 5104 filios
1395 5040 1667 5098 ﬂoruisse
1726 5033 2006 5091 traditum
2065 5036 2155 5088 est
2185 5073 2200 5100 ,

559 5168 630 5208 ex
657 5149 751 5205 his
776 5147 1076 5204 Atlantem
1109 5137 1363 5196 maxime
1401 5130 1697 5188 celebrem
1760 5125 1970 5191 fuisse,
2023 5129 2202 5193 atque

557 5241 696 5297 huic
727 5236 1006 5310 obtigisse
1025 5231 1158 5286 loca
1179 5244 1311 5299 quae
1331 5226 1470 5279 sunt
1493 5219 1566 5274 ad
1587 5211 2204 5273 Oceanum.Eumdem

556 5331 816 5402 primum
835 5321 1214 5393 astrologiam
1239 5316 1512 5371 accurate
1545 5304 1888 5364 condidisse
1916 5301 2059 5358 etde
2077 5301 2200 5373 glo-

559 5383 611 5402 τκ
657 5383 665 5384 κ
1060 5383 1089 5393 υ

555 5419 630 5473 bo
661 5415 994 5472 doctrinam
1051 5405 1370 5480 protulisse
1403 5419 1418 5468 ;
1482 5414 1613 5469 quae
1644 5410 1823 5451 causa
1878 5383 2059 5447 fuerit
2099 5407 2206 5446 cur

557 5504 816 5562 mundus
843 5499 1098 5556 Atlantis
1129 5492 1398 5552 humeris
1428 5485 1648 5561 gestari
1680 5485 2008 5556 putaretur.

619 5594 917 5666 Scriptum
958 5593 1046 5646 est
1073 5587 1133 5642 in
1163 5597 1342 5658 parva
1373 5575 1584 5634 Genesi
1633 5571 2024 5643 Mastiphaten
2083 5568 2205 5624 daa—

551 5684 895 5743 moniorum
925 5657 1260 5752 principem
1291 5671 1366 5728 ad
1393 5669 1584 5724 Deum
1613 5660 1954 5724 accessisse,
2015 5674 2084 5713 ac
2114 5657 2208 5712 di-

549 5775 741 5830 xisse:
767 5792 792 5826 α
809 5771 867 5828 Si
888 5746 945 5826 te
971 5765 1166 5838 diligit
1185 5749 1855 5824 Abrahamus,immolet
1872 5746 1979 5802 tibi
2017 5747 2205 5806 filium

2305 4763 2398 4825 τάς
2431 4748 2492 4818 τε
2523 4757 2732 4837 χορδὰς
2779 4759 3001 4834 ἐκρῆξαι
3058 4757 3148 4812 καὶ
3214 4758 3312 4826 τὴν
3369 4749 3678 4826 εὑρημένην
3708 4748 3982 4824 ἁρμονίαν

3973 2763 3992 2806 \

3975 3111 3996 3136 I

2307 4850 2580 4932 ἀφανίσαι.
2639 4855 2886 4925 Ὕστερον
2966 4844 3022 4902 δὲ
3081 4846 3301 4906 Μούσας
3359 4842 3453 4900 καὶ
3522 4839 3722 4920 Ὀρφέα
3779 4838 3987 4908 ταύτην

2311 4941 2548 5016 ἀνευρεῖν
2582 4938 2750 5012 Λίνῳ.

2380 5031 2514 5086 Τότε
2549 5030 2640 5086 καὶ
2676 5029 2804 5093 τοὺς
2857 5023 3054 5090 παῖδας
3105 5029 3201 5082 τοῦ
3267 5022 3517 5098 Οὐρανοῦ
3575 5019 3839 5092 ἀκμάσαι,
3897 5017 3978 5071 ὧν

2309 5121 2402 5176 τὸν
2471 5120 2564 5192 μὲν
2621 5117 2896 5176 Ἀτλαντα
2947 5117 3368 5194 ἐπιφανέστατον
3423 5113 3715 5188 γενόμενον
3773 5107 3974 5182 λαχεῖν

2309 5209 2436 5271 τοὺς
2467 5207 2612 5284 παρᾶ
2639 5207 2730 5263 τὸν
2755 5206 3012 5262 Ὠκεανὸν
3035 5205 3260 5266 τόπους.
3308 5203 3406 5258 Καὶ
3438 5198 3658 5274 πρῶτόν
3689 5217 3817 5275 φασι
3869 5197 3972 5266 τὴν

2311 5296 2674 5373 ἀστρολογίαν
2731 5291 3091 5368 ἐξακριϐῶσαι
3147 5293 3239 5349 καὶ
3303 5292 3396 5347 τὸν
3454 5288 3741 5365 σφαιρικὸν
3808 5284 3974 5360 λόγον

2313 5389 2628 5463 ἐξενεγκεῖν,
2661 5387 2751 5465 ἀφ’
2809 5387 2876 5456 ἧς
2925 5385 3101 5448 αἰτίας
3149 5381 3299 5452 δόξαι
3353 5380 3447 5437 τὸν
3485 5379 3694 5452 κόσμον
3741 5375 3830 5432 ἐπὶ
3862 5378 3969 5429 τῶν

2317 5477 2584 5538 ’Δτλανος
2617 5475 2788 5550 ὤμων
2819 5475 3096 5550 ὀχεῖσθαι.

2387 5569 2475 5624 Ἐν
2503 5569 2572 5640 τῇ
2605 5563 2780 5639 λεπτῇ
2813 5563 3023 5620 Γενέσει
3077 5567 3250 5618 κεῖται
3299 5561 3383 5616 ὅτι
3442 5555 3729 5634 Μαστιφὰτ
3789 5553 3818 5607 ὁ
3871 5551 3969 5626 ἄρα

2315 5677 2433 5734 χων
2465 5658 2576 5710 τῶν
2610 5650 2908 5728 δαιμονίων
2970 5651 3286 5727 προσελθὼν
3340 5653 3422 5722 τῷ
3479 5649 3594 5718 Θεῷ
3646 5643 3817 5697 εἶπεν’
3852 5663 3873 5691 ι
3907 5640 3970 5698 El

2317 5733 2499 5824 ἄγαπᾷ
2531 5765 2588 5799 σε
2616 5737 2884 5818 Ἀϐραὰμ,
2918 5741 3130 5806 θυσάτω
3161 5760 3254 5795 σοι·
3275 5737 3366 5794 τὸν
3427 5735 3542 5790 υἱὸν
3599 5733 3787 5788 αὐτοῦ.
3820 5753 3850 5782 »
3885 5733 3973 5804 Τῷ
