4094 6292
478 407 556 467 83
1836 402 2151 464 GEORGII
2194 403 2545 465 CEDRENI
3813 404 3894 463 84

477 544 717 615 tigatur,
741 558 894 614 aegre
915 541 1237 608 invenitur,
1263 540 1651 610 consuetudo,
1694 539 2126 611 qualiscunque

2244 533 2469 605 ἀλήθεια
2504 536 2599 609 μὶν
2631 536 2871 612 γνησίως
2912 538 3001 592 καὶ
3052 534 3359 611 ζητουμένη
3425 536 3588 610 μόλις
3640 536 3888 611 εύρίσκεο

482 647 573 700 ea,
588 637 645 687 et
666 632 784 687 sive
804 647 999 696 verax,
1023 631 1145 686 sive
1169 631 1245 685 sit
1259 629 1460 694 fallax,
1492 629 1649 685 ultro
1674 629 1803 685 sine
1852 627 2127 684 examine

482 738 612 777 sese
635 722 826 777 oﬂ‘ert.
845 723 991 775 Tum
1003 736 1196 790 neque
1211 736 1281 775 ex
1292 717 1722 775 consuetudine
1744 734 1780 774 a
1798 716 2127 790 majoribus

483 810 596 866 sibi
630 810 866 876 tradita,
890 809 939 863 si
960 814 1122 864 recta
1141 809 1240 876 sit,
1259 807 1643 880 voluptatem,
1691 823 1884 878 neque
1935 805 1980 860 si
2016 805 2126 861 fal-

482 899 578 955 lax
609 899 706 965 sit,
739 897 1075 953 molestiam
1107 897 1286 952 homo
1318 895 1587 969 percipit.
1622 898 1748 951 Non
1779 896 1940 950 enim
1992 910 2126 965 pro-

481 988 611 1061 prio
634 987 818 1043 animi
840 986 931 1041 sui
941 985 1193 1059 judicio,
1219 986 1323 1041 sed
1345 985 1691 1058 prmjudicio
1732 989 1790 1040 et
1831 985 2127 1057 majorum

483 1076 796 1134 sententiae
824 1074 1047 1141 credit;
1067 1090 1182 1147 quo
1208 1075 1499 1130 ﬁtutcum
1524 1090 1688 1147 spem
1729 1090 1900 1131 suam
1944 1074 2005 1129 in
2037 1073 2130 1128 in-

483 1171 644 1223 certo
663 1165 917 1221 fortuna
939 1164 1311 1236 reposuerit,'_
1318 1180 1440 1219 non
1461 1163 1631 1221 facile
1652 1169 1966 1236 paternum
1989 1179 2127 1234 pos-

481 1254 788 1313 sitexuere
809 1255 1092 1310 amictum
1113 1268 1478 1325 ;quanquam
1497 1253 1554 1307 id
1577 1252 1735 1323 quod
1754 1269 1787 1308 a
1802 1251 2129 1325 majoribus

481 1345 713 1417 accepit
739 1344 795 1399 ei
822 1343 1000 1416 plane
1027 1342 1276 1401 stultum
1307 1348 1397 1398 est
1421 1343 1739 1399 ridiculum
1788 1359 1917 1399 esse
1949 1343 2128 1414 liquiv

483 1435 560 1491 do
590 1434 1051 1491 demonstretur.
1086 1433 1214 1488 Jam
1247 1433 1347 1503 qui
1377 1432 1598 1489 multos
1630 1437 1687 1488 et
1715 1433 1912 1488 omnis
1948 1448 2130 1504 gene-

482 1523 565 1578 ris
588 1522 933 1579 aﬂ'ectiones
956 1535 1270 1593 perpessos
1290 1520 1432 1576 deos
1456 1526 1968 1591 statuunt,eosque
1995 1519 2132 1574 imi-

482 1616 706 1681 tantur,
737 1611 847 1666 hos
878 1627 953 1665 ne
984 1610 1169 1682 pudet
1197 1610 1438 1682 quidem
1471 1609 1793 1681 exemplari
1827 1609 2130 1681 pravitatis

484 1717 606 1756 sum
637 1700 836 1756 inniti.
868 1699 976 1765 Qui
1007 1714 1143 1753 vero
1174 1698 1362 1754 fatum
1419 1702 1479 1753 et
1538 1697 1765 1753 natales
1815 1697 2128 1753 commini-

484 1793 732 1845 scuntur
761 1805 829 1845 ac
860 1787 1195 1861 prodigiose
1226 1792 1546 1860 nugantur,
1574 1791 1781 1843 contra
1822 1787 1948 1841 haec
1980 1785 2131 1840 nihil

2236 641 2343 679 ται·
2379 626 2440 680 τὸ
2471 623 2591 690 ἔθος
2622 624 2700 697 δὲ,
2731 628 2921 682 ὁποῖον
2950 627 3012 683 ἃν
3056 628 3113 700 ᾗ,
3154 626 3263 682 εἷ’τε
3306 625 3507 697 ἀληθὲς
3535 625 3642 681 εἴτε
3672 622 3888 699 ψευδὲς,

2237 714 2473 790 ἀκρίτως
2533 717 2618 796 ὑφ’
2673 718 2865 773 ἑαυτοῦ
2919 718 3253 794 κρατύνεται.
3320 717 3424 774 Καὶ
3505 716 3631 772 οὔτε
3687 715 3891 786 ἀληθεῖ

2238 799 2350 859 ὄντι
2406 801 2594 873 ἥδεται
2654 806 2681 861 ὁ
2739 806 3000 880 πατρόθεν
3060 804 3188 861 αὐτὸ
3248 802 3709 880 παραδεξάμενος,
3761 802 3890 859 οὔτε

2237 891 2424 968 ψευδεῖ
2452 890 2700 969 ἄχθεται,
2749 895 2834 951 ὅτι
2893 896 2955 950 οὐ
3014 896 3186 970 κρίσει
3220 899 3405 971 ψυχῆς
3438 891 3548 966 ἰδίᾳ
3571 893 3718 950 ἀλλᾶ
3749 914 3891 966 προ-

2239 981 2407 1056 λήψει
2464 983 2702 1039 πιστεύει
2761 983 2850 1039 καὶ
2921 985 3115 1060 γνώμῃ
3187 989 3295 1040 τῶν
3354 985 3461 1058 πρὸ
3520 984 3711 1040 αὐτοῦ.
3767 985 3892 1040 Ἐπ’

2238 1070 2431 1145 ἀδήλῳ
2462 1069 2518 1127 δὲ
2546 1073 2689 1149 τύχῃ
2720 1075 2820 1144 τὴν
2873 1071 3011 1130 ἰδίαν
3065 1070 3412 1135 ἐπιδεδωκὼς
3446 1069 3662 1142 ἐλπίδα,
3695 1073 3760 1128 ού
3795 1074 3896 1147 ῥα-

2239 1158 2367 1223 δίως
2397 1161 2517 1238 ἔχει
2565 1163 2667 1231 τὴν
2726 1165 2951 1239 πάτριον
3012 1160 3378 1218 ἀποδύσασθαι
3435 1157 3761 1237 περιϐολὴν,
3797 1160 3899 1216 κᾶν

2238 1251 2377 1306 πάνυ
2439 1250 2598 1326 μωρά
2651 1252 2831 1324 τούτῳ
2887 1253 2979 1307 καὶ
3048 1250 3450 1327 καταγέλαστος
3510 1249 3647 1305 οὖσα
3704 1254 3895 1328 σαφῶς

2237 1336 2640 1396 ἀποδείκνυται.
2673 1341 2739 1399 Οἱ
2773 1341 2869 1412 μὶν
2930 1341 3022 1396 οὖν
3081 1340 3328 1402 πολλοὺς
3386 1340 3475 1394 καὶ
3525 1343 3897 1403 παντοπαθεῖς

2238 1429 2625 1504 εἰσηγούμενοι
2675 1430 2850 1501 θεοὺς,
2907 1430 2973 1485 τά
3029 1431 3197 1503 ὅμοια
3255 1426 3312 1485 δὲ
3368 1429 3553 1490 αὐτοῖς
3583 1448 3897 1502 καταπρατ-

2236 1518 2481 1591 τόμενοι,
2517 1518 2643 1574 ούδὶ
2672 1517 2955 1574 αῗδοῦνται
2990 1524 3072 1592 τῷ
3129 1526 3228 1588 τῆς
3273 1518 3463 1579 κακίας
3492 1514 3895 1594 παραδείγματι

2239 1605 2667 1682 ἐπερειδόμενοι.
2702 1609 2771 1666 Οἱ
2827 1608 3164 1683 εἱμαρμένην
3226 1606 3285 1662 δὶ
3342 1605 3767 1667 ἀναπλάττοντες
3799 1607 3892 1660 καὶ

2236 1696 2465 1773 γένεσιν,
2529 1695 2698 1770 μηδὲν
2756 1694 2878 1753 οὔτε
2934 1703 3109 1752 ποιεῖν
3174 1695 3296 1752 οὔτε
3354 1700 3582 1773 πάσχειν
3630 1694 3893 1751 δύνασθαι

2237 1788 2382 1860 παρά
2437 1785 2631 1849 ταύτας
2683 1784 3193 1862 τερατολογοῦντες,
3243 1786 3419 1850 ἀδεῶς
3466 1786 3894 1861 ἁμαρτάνουσιν,

483 1879 791 1934 hominem
817 1893 1011 1948 neque
1042 1893 1215 1949 agere
1246 1893 1441 1948 neque
1472 1876 1574 1934 56
1598 1875 1825 1948 perpeti
1861 1892 2056 1947 posse,
2089 1875 2126 1928 ii

2244 1874 2337 1930 οὐκ
2391 1870 2810 1950 εὐλαϐούμενοι,
2870 1876 2945 1937 ὡς
3003 1875 3105 1931 ὑπὸ
3162 1872 3422 1949 γενέσεως
3490 1877 3657 1930 ταῦτα
3714 1880 3897 1930 ποιεῖν

483 1983 690 2024 secure
701 1965 1200 2038 peccant,ahsque
1222 1972 1404 2033 metu,
1428 1970 1633 2037 utpote
1656 1982 1804 2036 quos
1827 1981 1934 2020 sua
1971 1964 2127 2019 nati-

481 2057 628 2111 vitas
658 2057 742 2112 ita
767 2072 941 2129 agere
971 2061 1141 2127 cogat
1166 2073 1179 2109 :
1211 2055 1399 2111 fatum
1415 2056 1634 2127 quippe
1646 2054 1763 2110 vim
1776 2055 2130 2110 coactricem

483 2162 635 2212 esse,
668 2162 799 2217 quia
827 2145 1089 2200 materias
1118 2150 1347 2199 motum
1378 2145 1606 2199 aﬂ‘erat.
1637 2146 1892 2199 Rursum
1924 2144 2024 2215 qui
2058 2145 2131 2199 si-

484 2251 561 2290 ne
586 2233 959 2306 providentia
988 2234 1091 2287 Dei
1122 2233 1365 2287 fortuito
1424 2233 1627 2287 omnia
1681 2232 1822 2287 ferri
1871 2249 2131 2303 casuque

482 2323 827 2379 universum
858 2322 971 2376 hoc
1001 2322 1093 2393 agi
1126 2321 1443 2393 perhibent
1473 2320 1626 2393 (esse
1658 2321 2130 2376 enimfortunam

485 2428 728 2469 causam
758 2426 865 2483 per
895 2410 1195 2477 accidens,
1228 2427 1297 2466 ac
1327 2410 1609 2481 quiddam
1638 2413 1867 2465 naturas
1888 2410 2129 2467 aliunde

482 2500 761 2557 accidens
787 2504 891 2555 aut
946 2498 1246 2569 consilio),
1304 2499 1365 2553 hi
1424 2498 1633 2554 eodem
1691 2498 2023 2554 incidentes
2068 2500 2130 2554 in

482 2595 783 2646 extremas
813 2587 1251 2660 profunditates
1280 2587 1569 2660 perniciei
1600 2603 1669 2643 ac
1698 2589 2008 2661 voragines
2039 2589 2130 2644 in-

482 2678 746 2735 ferorum
773 2678 1190 2735 devolvuntur.
1214 2698 1241 2727 »

558 2856 775 2912 Videns
799 2872 936 2928 ergo
967 2855 1161 2910 dictus
1192 2857 1548 2911 Gerarorum
1580 2871 1683 2909 rex
1714 2854 2133 2911 Abimelechus

484 2947 783 3003 Abraham
806 2946 868 3000 in
892 2944 1171 3001 omnibus
1198 2945 1374 3000 rebus
1396 2945 1874 3017 prosperitatem,
1900 2961 2129 3001 assum-

2233 1965 2681 2042 ἀναγκαζόμενοι⁹
2750 1965 3083 2039 εἱμαρμένην
3126 1964 3228 2038 γὰρ
3288 1962 3693 2040 ἀναγκαστικήν
3762 1965 3903 2018 εἶναί

2234 2075 2353 2108 τινα
2411 2052 2635 2127 δύναμιν
2694 2054 2783 2108 καὶ
2839 2060 2939 2123 τῆς
2996 2052 3138 2124 ὕλης
3190 2053 3325 2131 φησὶ
3386 2056 3689 2124 κινητικήν.
3736 2054 3807 2111 Οἱ
3845 2051 3908 2109 δὶ

2230 2143 2398 2199 πάλιν
2458 2143 2799 2218 ἀπρονόητον
2862 2143 3034 2220 φορὰν
3085 2144 3175 2197 καὶ
3233 2141 3391 2198 ἄθεον
3424 2145 3459 2213 ἢ
3511 2142 3742 2219 τυχαίαν
3783 2142 3908 2198 εἰσι

2235 2234 2542 2307 ηγούμενοι
2592 2234 2668 2295 ὡς
2734 2230 3059 2305 αὐτομάτως
3134 2236 3241 2286 τῶν
3304 2233 3523 2287 πάντων
3580 2234 3908 2311 φερομένων

2234 2319 2435 2399 (τύχην
2478 2320 2581 2395 γὰρ
2638 2319 2813 2375 αἰτίαν
2871 2321 3007 2375 κατὰ
3074 2315 3427 2393 συμϐεϐηκὸς
3460 2319 3551 2375 καὶ
3580 2319 3909 2394 σύμπτωμα

2237 2409 2447 2484 φύσεως
2504 2406 2540 2479 ἤ
2610 2408 2976 2486 προαιρέσεως
3060 2410 3190 2464 εἶναι
3279 2409 3546 2485 λέγουσι),
3594 2408 3684 2464 καὶ
3742 2407 3905 2465 οὗτοι

2236 2500 2400 2555 πάλιν
2428 2505 2543 2561 τοῖς
2574 2497 2715 2560 ἴσοις
2775 2499 3189 2574 περιπίπτοντες
3249 2499 3324 2560 είς
3382 2498 3654 2575 ἐσχάτους
3690 2499 3901 2576 βυθοὺς

2236 2588 2512 2652 ἀπωλείας
2538 2591 2629 2644 καὶ
2661 2589 2905 2665 βάραθρα
2934 2585 3067 2660 ᾅδου
3092 2593 3445 2644 καταντῶσιν.

2309 2849 2462 2907 Ἰδὼν
2494 2852 2585 2907 οὗν
2628 2854 2656 2907 ὁ
2710 2848 3109 2927 προειρημένος
3166 2853 3424 2928 βασιλεὺς
3456 2856 3703 2928 Γεράρων
3735 2849 3904 2909 ’Λϐι-

2242 2939 2420 3015 μέλεχ
2437 2942 2494 2995 ’ἐν
2516 2941 2675 2995 παντὶ
2693 2936 2834 3017 ἔργῳ
2862 2938 3222 3015 εὐοδούμενον
3246 2943 3336 2997 τὸν
3364 2936 3634 3017 Ἀϐραὰμ,
3658 2941 3906 3017 Ὀχοζάδ

482 3036 600 3109 ptis
622 3034 925 3091 Ochozado
947 3034 1206 3108 gynaacei
1227 3034 1507 3106 praefecto
1528 3038 1587 3088 et
1607 3034 1889 3089 Philocho
1908 3051 2132 3089 summo

2244 3029 2329 3085 τὸν
2361 3030 2734 3108 νυμφαγωγὸν
2774 3031 2861 3085 καὶ
2926 3028 3117 3106 Φίλοχ
3171 3031 3262 3085 τὸν
3321 3030 3766 3106 ἀρχιστράτηγον
3800 3030 3909 3086 αύ-

485 3126 780 3182 exercitus
802 3125 891 3180 sui
914 3124 1085 3194 duce,
1119 3124 1191 3180 ad
1212 3124 1618 3182 Abrahamum
1661 3125 1839 3191 venit,
1862 3125 2133 3180 arctioris

2244 3122 2335 3172 τοῦ
2382 3113 2714 3193 παραλαϐὼν
2746 3121 2846 3187 ἧκε
2900 3119 3037 3194 πρὸς
3097 3114 3368 3194 Ἀϐραὰμ,
3404 3118 3590 3197 φιλίαν
3620 3118 3905 3190 ἐπικυρῶν

485 3212 1099 3283 amicitisejungendaa
1117 3213 1639 3285 gratia;petiitque
1673 3213 1746 3269 ab
1787 3229 1855 3268 eo
1886 3220 1952 3268 ut
1964 3214 2131 3285 jura-

2245 3207 2647 3282 κραταιοτέραν,
2699 3206 2789 3261 καὶ
2838 3207 2998 3282 ὅρκον
3057 3207 3299 3263 ἀπαιτῶν
3344 3211 3419 3282 μὴ
3456 3205 3733 3279 ἀδικήσειν
3768 3210 3910 3282 μήτ’

488 3308 692 3359 mento
713 3276 1064 3373 interposito
1086 3276 1473 3373 stipularetur
1490 3276 1559 3359 se
1584 3319 1653 3358 ac
1693 3276 2128 3374 posteros'Abi-

2244 3276 2401 3351 αύτὸν
2438 3276 2577 3371 μήτε
2623 3276 2687 3351 τὸ
2746 3276 2961 3371 σπέρμα
3018 3296 3201 3352 αὐτοῦ.
3236 3319 3269 3351 ε
3301 3276 3493 3362 Καθὼς
3526 3276 3634 3376 ἐγῶ
3664 3276 3905 3368 ἐποίησα

489 3393 898 3452 melechumet
913 3400 1181 3465 posteros
1224 3394 1391 3449 nulla
1430 3394 1998 3467 injuriaatl‘ecturos,
2033 3395 2133 3449 sed

2244 3385 2377 3456 μετὰ
2409 3388 2505 3438 σοῦ
2536 3382 2885 3455 δικαιοσύνην
2936 3386 2989 3440 ἐν
3036 3385 3205 3460 ταύτῃ
3256 3389 3324 3459 τῇ
3471 3384 3508 3459 ᾖ
3536 3386 3898 3460 παρῴκησας,

488 3483 589 3539 ubi
620 3498 867 3555 regnum
900 3482 961 3536 in
985 3482 1129 3538 istas
1142 3482 1413 3554 regiones
1428 3483 1781 3538 obtenturus
1809 3490 1981 3552 esset,
2005 3491 2133 3540 tum

2244 3473 2384 3528 οὕτω
2414 3472 2503 3525 καὶ
2534 3471 2597 3525 σὺ
2649 3474 2766 3546 μετ’
2820 3472 2955 3547 ἐμοῦ
3012 3474 3100 3528 καὶ
3133 3479 3231 3529 τοῦ
3263 3476 3570 3547 σπέρματος
3603 3495 3732 3546 μου,
3766 3474 3898 3529 ὅταν

492 3590 625 3629 eam
641 3572 1027 3628 Abimelecho
1042 3573 1292 3645 ejusque
1321 3573 1929 3644 posterisaequitatem
1970 3576 2133 3629 exhi-

2244 3559 2584 3636 βασιλεύσεις
2614 3561 2816 3632 ταύτης
2849 3570 2948 3633 τῆς
2974 3570 3097 3638 γῆς.
3138 3589 3158 3614 ι
3224 3564 3395 3618 Δεινοί
3427 3564 3528 3640 γὰρ
3562 3562 3613 3617 οἱ
3648 3563 3899 3637 βασιλεῖς

492 3663 757 3719 biturum
789 3678 968 3735 quam
993 3663 1120 3735 ipse
1142 3663 1395 3718 Gerarisi
1420 3664 1760 3736 nquilinum
1790 3680 1970 3737 agens
1997 3665 2133 3720 Abi-

493 3752 747 3810 melechi
778 3757 1054 3824 expertus
1084 3752 1593 3823 esset.Caateroqui
1609 3757 1807 3808 autem
1830 3770 1997 3826 reges
2019 3754 2137 3809 cal-

492 3844 620 3898 lent
650 3842 761 3897 sibi
795 3858 1175 3898 successuros
1225 3841 1585 3897 omnimodis
1616 3842 1855 3898 indiciis
1883 3860 2140 3917 praenos-

493 3947 627 3986 cere
652 3948 665 3996 ;
687 3935 746 3986 et
760 3935 888 3985 erat
910 3946 1050 3985 sane
1070 3930 1390 3985 Abrahami
1412 3930 1732 4001 posteritas
1750 3931 1812 3985 in
1837 3948 1936 3987 eas
1956 3932 2140 4004 regio-

493 4037 600 4077 nes
648 4019 933 4075 ditionem
962 4024 1373 4076 consecutura.
1402 4021 1775 4077 Abrahamus
1807 4038 1984 4093 porro
2005 4020 2141 4076 Abi-

492 4110 764 4167 melecho
810 4110 1152 4183 exprahavit
1179 4116 1411 4183 puteos,
1445 4129 1593 4184 quos
1624 4114 1753 4185 ejus
1782 4112 1991 4169 famuli
2016 4113 2140 4168 suis

494 4200 871 4272 eripuissent,
895 4199 979 4256 Ibi
1013 4216 1150 4267 ergo
1173 4200 1247 4255 ad
1277 4206 1521 4272 puteum
1548 4202 1874 4274 congressi,
1910 4208 2139 4258 macta-

494 4290 571 4345 tis
595 4289 800 4344 ovibus
822 4293 880 4344 et
898 4288 1313 4355 vitulis,fa:dus
1333 4290 1496 4361 pacis
1518 4290 1771 4345 invicem
1795 4294 2138 4346 sanxerunt.

495 4377 640 4432 Aliis
664 4394 840 4449 porro
859 4377 1125 4449 agnahus
1147 4383 1371 4449 septem
1387 4379 1795 4450 juramentum
1820 4379 1930 4435 rite
1979 4395 2144 4450 pere-

495 4472 732 4538 gerunt,
766 4465 841 4521 ad
869 4465 1402 4523 demonstrandum
1426 4467 1725 4540 quodipse
1750 4467 1964 4523 foderit
1989 4483 2002 4533 ;
2030 4469 2140 4523 ita-

496 4571 610 4627 que
632 4557 810 4610 etiam
831 4556 1424 4626 Puteusjurz'sjurandi
1436 4557 1478 4614 ὃ
1492 4558 1530 4611 7
1550 4557 1901 4630 appellatur.
1917 4559 2004 4612 Ita
2016 4562 2143 4612 tum

2239 3652 2331 3705 τὸν
2404 3648 2675 3723 μέλλοντα
2769 3653 2995 3716 τούτους
3088 3649 3430 3728 διαδέχεσθαι
3515 3650 3896 3708 παντοδαποῖς

2240 3740 2623 3814 τεκμαίρεσθαι
2685 3735 3010 3813 συμϐόλοις⁶
3072 3743 3162 3796 καὶ
3222 3742 3323 3817 γὰρ
3381 3736 3585 3813 ἔμελλε
3643 3738 3732 3795 διὰ
3786 3743 3899 3817 τῶν

2242 3827 2294 3898 ἐξ
2350 3828 2517 3883 αὐτοῦ
2574 3830 2928 3903 γεννωμένων
2987 3828 3195 3900 ἐκείνης
3270 3837 3369 3898 τῆς
3425 3837 3529 3904 γῆς
3588 3829 3901 3903 βασιλεύειν

2245 3913 2512 3990 Ἀϐραάμ.
2547 3915 2948 3991 Προσωνείδισε
3008 3917 3065 3974 δὲ
3120 3919 3214 3974 τὸν
3275 3914 3586 3993 Ἀϐιμέλεχ
3636 3917 3901 3993 περὶτῶν

2244 4006 2608 4085 ἀφῃρημένων
2658 4007 2903 4085 φρεάτων
2955 4008 3057 4062 ὑπὸ
3106 4013 3213 4063 τῶν
3263 4006 3429 4062 αὐτοῦ
3484 4005 3714 4062 παίδων.
3754 4010 3907 4062 Ἐκεῖ

2245 4095 2337 4151 οὖν
2393 4097 2539 4171 παρά
2592 4095 2655 4151 τὸ
2722 4098 2891 4175 φρέαρ
2947 4098 3254 4171 γενόμενοι,
3331 4097 3420 4150 καὶ
3489 4091 3737 4171 πρόϐατα
3805 4097 3901 4151 καὶ

2250 4187 2497 4263 μόσχους
2596 4198 2898 4255 τεθυκότες,
2977 4185 3213 4258 διαθήκη
3294 4186 3520 4262 εἰρήνης
3596 4186 3901 4263 ἀμφότεροι

2246 4274 2502 4347 διέθεντο,
2564 4277 2617 4331 ἐν
2676 4278 2809 4331 ἐπτά
2867 4279 2951 4350 [Ρ.
2999 4280 3087 4350 32]
3148 4274 3205 4331 δί
3262 4277 3486 4350 ἀμνάσιν
3547 4275 3753 4350 ἐτέραις
3800 4277 3894 4331 τὸν

2246 4367 2507 4443 ὁρκισμὸν
2591 4368 2706 4421 κατ’
2774 4362 2894 4428 ἔθος
2966 4368 3289 4437 ποιήσαντες
3351 4365 3428 4427 εἷς
3487 4362 3759 4435 ἀπόδειξιν
3812 4365 3899 4420 ὅτι

2246 4454 2444 4531 ὤρυξεν
2502 4455 2683 4525 αὐτὸς,
2746 4453 2831 4511 διὸ
2898 4456 2984 4510 καὶ
3073 4455 3252 4529 Φρέαρ
3313 4455 3478 4529 ὅρκου
3557 4456 3896 4526 ὠνόμασται.

2248 4546 2350 4602 Καὶ
2408 4544 2581 4608 οὕτως
2636 4545 2808 4601 ἐκεῖσε
2871 4544 3146 4620 ε’ρηνικάς
3210 4542 3534 4617 διαθέμενοι,
3590 4538 3902 4618 Ἀϐιμέλεχ

494 4645 575 4701 ibi
595 4662 738 4717 pace
761 4646 991 4702 sancita
1009 4645 1429 4702 Abimelechus
1450 4662 1585 4701 cum
1609 4646 1731 4701 suis
1760 4646 2003 4702 domum
2048 4664 2133 4702 re-

2254 4634 2349 4708 μὶν
2405 4635 2539 4707 μετὰ
2576 4638 2685 4688 τῶν
2735 4632 2950 4689 οἰκείων
2999 4631 3186 4690 οἷ’καδε
3261 4632 3582 4702 ἐπανῆλθεν.
3642 4627 3904 4706 Ἀϐραὰμ

494 4733 622 4789 diit.
648 4735 1022 4790 Abrahamus
1035 4752 1168 4790 vero
1192 4740 1349 4790 terra
1376 4751 1478 4789 seu
1500 4739 1667 4806 prato
1694 4735 1852 4806 quod
1874 4736 1948 4791 ad
1986 4753 2136 4807 prae-

495 4823 719 4879 dictum
742 4830 831 4879 est
855 4830 1120 4896 puteum,
1146 4823 1365 4896 plantis
1387 4824 1617 4879 consito
1641 4841 1861 4880 nomen
1904 4826 2138 4881 Domini

498 4914 600 4969 Dei
622 4914 826 4968 aeterni
850 4913 1160 4969 invocavit.
1187 4915 1330 4967 Cum
1354 4918 1552 4968 autem
1597 4913 1917 4970 admodum
1959 4933 2140 4972 senex

494 5004 685 5061 factus
708 5021 894 5060 annos
919 5005 1018 5058 176
1040 5005 1302 5072 vixisset,
1325 5004 1400 5059 ad
1423 5005 1605 5060 Deum
1630 5022 1697 5061 ex
1720 5006 1829 5063 hac
1852 5007 1967 5063 vita
1999 5025 2139 5065 con-

494 5097 689 5151 cessit.
725 5097 871 5150 Eum
902 5094 1138 5150 Isaacus
1182 5101 1241 5149 et
1299 5095 1587 5153 Ismaelus
1636 5098 1740 5153 lilii
1797 5099 1856 5153 in
1916 5100 2137 5171 duplici

494 5184 782 5256 spelunca
803 5184 977 5255 juxta
1006 5182 1209 5239 Saram
1238 5184 1655 5257 sepeliverunt.

564 5273 902 5330 Secundum
932 5272 1077 5337 haec,
1109 5288 1246 5331 cum
1267 5275 1396 5346 jam
1426 5276 1654 5331 virilem
1685 5282 1918 5335 mtatem
1982 5280 2135 5334 Isaa-

491 5379 596 5418 cus
626 5363 945 5434 attigisset;
962 5362 1150 5418 fames
1173 5363 1247 5417 iis
1267 5364 1329 5418 in
1353 5364 1498 5419 locis
1516 5364 1759 5419 exstitit.
1786 5366 1974 5435 Atque
2024 5366 2072 5420 is
2104 5384 2140 5422 a

494 5454 609 5509 Deo
639 5454 701 5508 in
732 5454 1042 5525 AEgyptum
1073 5455 1159 5509 ire
1189 5454 1523 5525 prohibitus
1555 5470 1689 5509 cum
1736 5460 1859 5509 tota
1909 5454 2138 5510 familia

489 5543 706 5599 Gerara
718 5543 791 5599 ad
808 5543 1247 5601 Abimelechum
1261 5542 1701 5600 Philistmorum
1716 5562 1915 5618 regem
1928 5563 1989 5601 se
2003 5564 2140 5602 con-

488 5631 975 5690 tulitﬁebeccam
994 5641 1116 5690 tum
1130 5651 1376 5690 uxorem
1395 5635 1750 5706 suam,quod
1770 5641 1894 5691 erat
1918 5636 2135 5708 insigni

485 5721 1281 5792 pulchritudine,Abrahami
1300 5723 1372 5778 de
1385 5724 1527 5779 Sara
1539 5724 1982 5780 simulationem
1997 5727 2099 5780 imi
2120 5758 2131 5766 ο

2252 4719 2309 4777 δὲ
2364 4722 2597 4798 ἄρουραν
2656 4724 2691 4794 ἢ
2747 4721 2998 4796 λειμῶνα
3053 4722 3142 4779 ἐπὶ
3195 4729 3277 4797 τῷ
3334 4727 3430 4777 τοῦ
3487 4721 3652 4797 ὅρκου
3710 4722 3902 4798 φρέατι

2250 4812 2512 4888 φυτεύσας
2538 4812 2600 4867 τὸ
2631 4808 2803 4884 ὄνομα
2853 4810 3183 4883 ἐπικέκληκε
3231 4813 3457 4888 Κυρίου,
3493 4813 3623 4873 Θεὸς
3654 4810 3900 4873 αἰώνιος.

2249 4901 2343 4963 Εἷς
2379 4902 2514 4977 βαθὺ
2547 4899 2639 4955 οὖν
2688 4908 2862 4975 γῆρας
2924 4900 3121 4963 ἐΛάσας
3173 4898 3451 4975 Ἀϐραὰμ,
3490 4902 3579 4955 καὶ
3610 4900 3898 4974 γενόμενος

2248 4988 2379 5045 ἐτῶν
2416 4994 2543 5067 ρος’,
2582 4987 2807 5064 μετέστη
2844 4993 2979 5066 πρὸς
3031 4994 3123 5047 τὸν
3171 4993 3320 5048 Θεόν.
3356 4994 3564 5047 Τοῦτον
3599 4990 3779 5046 Ἰσαὰκ
3806 4989 3899 5043 καὶ

2246 5081 2481 5156 Ἰσμαήλ
2531 5082 2587 5137 οἷ’
2632 5081 2740 5137 υἷοί
2794 5083 2958 5138 αὐτοῦ
3011 5081 3064 5137 ἐν
3113 5086 3191 5153 τῷ
3241 5080 3422 5151 διπλῷ
3471 5079 3728 5151 σπηλαίῳ
3765 5078 3899 5151 μετὰ

2252 5173 2461 5250 Σάρρας
2483 5175 2783 5229 κατέθεντο.

2320 5281 2472 5341 Μετά
2526 5286 2694 5337 ταῦτα
2746 5277 3105 5356 ἀνδρωθέντος
3167 5279 3346 5338 Ἰσαὰκ
3390 5275 3598 5354 ἐγένετο
3645 5274 3811 5349 λιμὸς
3845 5275 3897 5331 ἐν

2245 5370 2316 5447 τῇ
2345 5375 2415 5447 γῇ
2449 5371 2645 5426 αὐτῶν·
2694 5369 2983 5426 Κωλύεται
3032 5366 3089 5424 δὲ
3140 5369 3283 5444 παρὰ
3322 5372 3419 5424 τοῦ
3450 5370 3584 5423 Θεοῦ
3616 5365 3693 5427 εἷς
3729 5364 3897 5440 A773-

2246 5479 2377 5515 πτον
2423 5458 2727 5529 κατελθεῖν,
2769 5459 2988 5513 πανοικὶ
3047 5454 3103 5513 δὲ
3152 5457 3227 5521 εἷς
3273 5454 3477 5531 Γέραρα
3499 5474 3635 5531 προς
3670 5447 3900 5527 ’Ᾱϐιμές

2248 5546 2356 5623 λεχ
2397 5545 2617 5624 ἔρχεται
2668 5548 2758 5604 τὸν
2811 5546 3038 5622 βασιλέα
3087 5545 3429 5620 Φιλιστιείμ.
3480 5544 3626 5614 Φησὶ
3697 5540 3753 5597 δὶ
3804 5542 3895 5596 καὶ

2246 5635 2406 5700 αὐτὸς
2439 5637 2559 5713 περὶ
2590 5632 2876 5699 Ῥεϐέκκας
2930 5636 3004 5697 ὡς
3056 5631 3311 5711 Ἀϐραὰμ
3359 5634 3483 5710 περὶ
3533 5630 3765 5708 Σάρρας,
3811 5630 3896 5687 ὅτι

2247 5723 2488 5801 Ἀδελφή
2525 5747 2630 5799 μου
2663 5725 2824 5780 ἐστίν’
2861 5726 2923 5794 ἦν
2959 5725 3061 5801 γὰρ
3099 5725 3271 5800 ὡραία
3317 5721 3541 5801 σφόδρα.
3577 5723 3672 5778 Ἐκ
3703 5717 3760 5775 δὶ
3787 5725 3893 5789 τῆς
