4094 6292
444 409 524 470 87
724 396 736 408 ’
1805 411 2130 475 GEORGII
2171 412 2524 479 CEDRENI
3773 424 3852 486 88

446 563 568 604 una
597 563 734 605 cum
761 547 898 605 aliis
928 546 1101 604 donis
1132 547 1316 605 Isaaci
1351 565 1534 622 opera
1561 549 1636 606 ad
1685 549 2090 606 Abrahamum

2221 553 2282 620 τῷ
2331 547 2550 621 Ἰακὼϐ,
2605 552 2696 609 καὶ
2747 553 3005 631 εἰσήγαγε
3083 559 3204 630 μεθ’
3255 554 3449 632 ἐτὲρων
3509 555 3704 635 δώρων
3763 557 3852 618 διὰ

450 637 797 706 intromisit,
829 651 1018 692 annos
1047 637 1241 693 atatis
1271 654 1392 694 sua
1422 637 1654 696 decimo
1676 639 2099 710 quinto.Quem

453 727 516 782 in
544 726 770 800 gremio
828 741 934 782 suo
991 725 1365 783 Abrahamus
1416 733 1631 783 tenens
1688 728 2102 800 multipliciter

451 815 662 873 faustis
691 815 1276 888 comprecationibus
1304 817 1523 882 beavit,
1557 833 1890 889 somnoque
1934 819 2100 875 solu-

453 911 548 963 tus
579 905 761 964 vitam
794 905 968 962 finiit.

521 994 737 1052 Iacobo
759 1011 950 1051 annos
973 1001 1112 1052 nato
1132 997 1222 1065 45,
1247 999 1430 1053 Esaus
1460 997 1709 1053 totidem
1733 1003 1908 1055 natus
1952 998 2100 1056 duas

451 1086 622 1142 duxit
655 1101 894 1154 uxores,
915 1086 1214 1142 Iuditbam
1234 1087 1432 1143 Beeris
1455 1088 1699 1144 Cbettai
1723 1094 1783 1144 et
1810 1089 2098 1146 Masema-

451 1177 618 1232 them
640 1175 842 1232 Elonis
861 1175 1020 1232 Ebai
1041 1176 1217 1232 filias.
1248 1177 1502 1233 Iacobus
1545 1193 1702 1234 anno
1756 1179 1949 1236 atatis
1978 1195 2100 1235 sua

451 1266 521 1320 63
544 1264 814 1322 nondum
837 1265 1107 1322 mulieris
1128 1266 1403 1322 notitiam
1436 1266 1666 1336 habuit,
1717 1268 1892 1324 sicuti
1924 1268 2098 1326 matri

453 1370 577 1410 sua
597 1354 878 1435 Rebecca
907 1355 1036 1426 ipso
1080 1355 1304 1412 retulit.
1355 1356 1518 1412 Idem
1567 1373 1754 1414 annos
1802 1361 1979 1414 natus
2008 1361 2095 1426 73,

454 1459 613 1500 anno
633 1443 843 1498 mundi
872 1444 1202 1500 secundum
1234 1451 1573 1502 accuratam
1613 1447 2098 1519 supputationem

453 1534 613 1589 3545.
644 1532 895 1590 Iacobus
911 1533 1156 1590 fratrem
1178 1534 1332 1590 clam
1349 1535 1579 1609 fugiens
1603 1537 1838 1592 servitio
1861 1542 2098 1610 septen-

451 1621 575 1679 nali
599 1622 776 1678 Leam
798 1624 1306 1693 uxorem'meruit,
1355 1641 1684 1698 rursusque
1719 1627 2098 1699 septennium

449 1711 732 1769 servitute
756 1711 996 1768 functus
1018 1712 1361 1770 Rachelem.
1389 1716 1469 1770 Ex
1491 1714 1586 1770 lea
1634 1715 1968 1783 Rubenum,
2005 1715 2097 1772 Si-

447 1815 749 1867 meonem,
771 1801 1599 1870 Levim,Iudam,Issacharem
1617 1804 2099 1877 Zabulonemque

2204 639 2383 697 Ἰσαὰκ
2437 642 2574 714 πρὸς
2631 638 2899 720 Ἀϐραάμ·
2961 641 3018 701 ὄν
3099 645 3349 722 κατέχων
3407 645 3458 703 ἒν
3519 653 3598 721 τῷ
3653 649 3851 724 κόλπῳ

2202 729 2390 796 αὐτοῦ,
2447 729 2692 818 εὐλογῶν
2750 732 3138 809 πολυτρόπως,
3195 734 3541 808 ἐτελεύτησεν
3593 739 3854 818 ἀφυπνώ-

2201 839 2295 880 σας
2325 819 2354 874 ὁ
2386 814 2655 894 Ἀϐραὰμ,
2687 826 2767 894 τῷ
2800 824 2858 878 ιε’
2883 821 2990 880 ἔτει
3019 827 3119 894 τῆς
3152 830 3296 896 ζωῆς
3327 821 3547 884 Ἰακώϐ.

2272 990 2364 1059 Τῷ
2394 984 2452 1041 δὲ
2484 987 2565 1060 με’
2594 989 2705 1060 (43)
2751 982 2858 1041 ἔτει
2913 992 3013 1056 τῆς
3069 993 3217 1058 ζωῆς
3277 986 3470 1046 Ἰακὼϐ
3500 991 3528 1045 ὁ
3558 991 3728 1048 Ἡσαῦ
3759 991 3851 1047 καὶ

2201 1077 2366 1139 αὐτὸς
2399 1075 2712 1152 ὁμόχρονος
2767 1074 2844 1132 ὣν
2890 1078 3040 1150 αὐτῷ
3081 1073 3244 1135 ἔλαϐε
3273 1076 3372 1134 δύο
3399 1085 3674 1154 γυναῖκας,
3708 1082 3855 1138 Ἰου-

2203 1162 2290 1220 δὶθ
2317 1166 2418 1234 τήν
2447 1167 2710 1241 θυγατέρα
2767 1167 2910 1240 Βεὴρ
2965 1171 3064 1222 τοῦ
3122 1169 3390 1224 Χετταίου
3429 1170 3516 1224 καὶ
3549 1171 3648 1238 τήν
3673 1177 3855 1226 Mace-

2207 1253 2314 1327 μὰθ
2379 1255 2646 1331 θυγατέρα
2731 1254 2906 1312 Ἐλὼν
3009 1251 3252 1316 Ἐϐαἰου.
3331 1252 3526 1314 Ἰακὼϐ
3591 1255 3650 1312 δὲ
3714 1256 3855 1314 ἐτῶν

2205 1344 2470 1424 ὑπάρχων
2527 1344 2790 1416 ἐξήκοντα
2841 1351 3008 1420 τριῶν
3068 1346 3166 1402 οὐκ
3221 1341 3361 1422 ἔγνω
3416 1345 3564 1410 ὅλως
3595 1353 3858 1424 γυναῖκα,

2203 1435 2281 1495 ὡς
2310 1433 2474 1496 αὐτὸς
2526 1434 2701 1505 ἐξεῖπε
2756 1438 2826 1507 τῇ
2889 1434 3058 1510 μητρὶ
3109 1431 3388 1508 Ῥεϐέκκα.
3428 1439 3522 1510 Τῷ
3553 1435 3610 1492 δὲ
3637 1438 3714 1514 ογ¹
3747 1432 3864 1493 ἔτει

2203 1522 2392 1591 αύτοῦ,
2447 1527 2546 1580 τοῦ
2605 1520 2664 1579 δὶ
2719 1525 2928 1599 κόσμου
2987 1521 3094 1580 ἔτει
3148 1531 3306 1602 γφμε⁸
3359 1525 3497 1581 κατὰ
3531 1527 3622 1580 τὸν
3651 1520 3860 1602 ἀκριϐῆ

2204 1610 2398 1687 λόγον,
2449 1609 2744 1688 ἀπέδρασεν
2801 1609 2996 1670 Ἰακὼϐ
3055 1615 3160 1670 ἀπὸ
3214 1615 3516 1690 προσώπου
3551 1617 3724 1673 Ἠσαῦ
3753 1621 3863 1672 τοῦ

2203 1698 2445 1777 ἀδελφοῦ
2497 1702 2683 1772 αὐτοῦ,
2759 1702 2850 1758 καὶ
2924 1700 3224 1766 δουλεύσας
3291 1699 3384 1774 ἔτη
3445 1706 3489 1775 ζ’
3543 1699 3708 1760 ἔλαϐε
3756 1707 3870 1774 τῆν

2205 1797 2388 1862 Λεῖαν,
2447 1792 2539 1846 καὶ
2601 1793 2736 1866 μετά
2787 1791 2946 1868 ’ἔτερα
3001 1794 3136 1850 ἑπτα
3193 1789 3356 1850 ἔλαϐε
3396 1796 3496 1864 τήν
3527 1793 3728 1869 Ῥχήλ.
3761 1795 3871 1852 Ἐκ

449 1888 608 1946 filios
638 1895 699 1946 et
726 1890 914 1946 ﬁliam
939 1891 1152 1948 Dinam
1188 1893 1450 1960 sustulit,
1500 1909 1571 1947 ex
1627 1893 1882 1950 Rachele
1931 1896 2098 1952 Iose-

2221 1881 2302 1936 ιὶν
2361 1881 2452 1937 οὗν
2477 1885 2580 1946 τῆς
2637 1883 2798 1945 Λείας
2855 1881 3108 1960 ἐγέννησε
3135 1885 3227 1939 τὸν
3254 1877 3550 1958 Ῥομϐειμ,
3603 1883 3695 1938 τὸν
3750 1890 3861 1938 Συ-

447 1978 656 2051 phum,
691 1993 761 2035 ex
791 1979 1008 2037 ancilla
1037 1980 1140 2036 00
1170 1980 1312 2036 Bala
1349 1981 1578 2037 Danum
1637 1998 1705 2039 ac
1748 1983 2096 2056 Nephthali-

447 2083 636 2136 mum,
652 2085 720 2124 ex
747 2069 973 2142 Delpha
993 2069 1218 2126 Gadum
1235 2076 1413 2142 atque
1435 2074 1732 2128 Asserem.
1765 2075 1812 2128 A
1863 2073 2096 2129 Labano

449 2163 650 2214 autem
681 2158 959 2230 profugit,
993 2174 1127 2214 cum
1155 2159 1311 2231 apud
1343 2176 1480 2216 eum
1509 2161 1715 2234 viginti
1741 2178 1931 2217 annos
1951 2161 2097 2217 fuis-

451 2253 562 2316 set,
591 2247 837 2303 trimulo
866 2253 993 2303 tum
1021 2249 1314 2320 Iosepho;
1348 2251 1818 2322 transmissaque
1844 2251 2100 2306 Iordane

455 2350 492 2391 a
519 2337 639 2391 Deo
668 2335 812 2391 felix
843 2352 974 2394 esse
995 2337 1265 2409 jubetnr,
1297 2343 1474 2410 atque
1504 2339 1705 2395 Israeli
1756 2355 1978 2395 nomen
2027 2339 2100 2396 ab

455 2423 667 2482 eodem
698 2426 930 2498 accipit.
970 2426 1226 2482 Proinde
1256 2427 1604 2487 recordatus
1633 2428 1880 2484 visionis
1922 2444 2100 2500 quam

460 2529 567 2570 suo
592 2513 655 2568 in
687 2515 1172 2586 Mesopotamiam
1203 2515 1462 2571 adventu
1491 2516 1736 2586 viderat,
1797 2516 2106 2574 Bethelam

461 2601 858 2673 ascendit,ubi
876 2603 1258 2674 per'quietem
1273 2603 1415 2659 visio
1429 2605 1544 2661 ista
1554 2605 1609 2662 ei
1622 2613 1998 2678 apparuerat.
2022 2607 2106 2664 lbi

457 2707 595 2748 cum
625 2693 829 2749 omnia
846 2709 952 2750 sua
971 2693 1518 2763 bonadecimasset,
1554 2696 1628 2752 ad
1673 2701 2004 2754 extremum
2037 2699 2109 2754 fi-

454 2782 674 2839 liorum
705 2799 944 2856 quoque
973 2785 1251 2840 instituta
1280 2785 1612 2852 sortitione,
1656 2787 1850 2842 Levim
1881 2803 2107 2843 annum

458 2872 652 2928 atatis
680 2872 980 2929 decimum
1010 2878 1281 2930 octavum
1307 2881 1584 2948 agentem
1631 2881 1752 2932 Deo
1796 2892 2111 2933 consecra-

460 2961 564 3032 vit,
586 2979 654 3019 ac
673 2979 810 3019 eum
835 2963 1204 3019 sacerdotem
1221 2965 1569 3020 constituit:
1595 2969 1722 3021 erat
1749 2965 1800 3020 is
1843 2965 2112 3022 decimus

461 3051 536 3108 ab
551 3053 1121 3120 ultimo,secundum
1135 3053 1470 3126 astrologia
1491 3054 1530 3109 '.
1555 3053 1836 3110 Rubenus
1857 3055 2015 3110 enim
2039 3054 2113 3110 ob

468 3141 733 3199 vitiatam
745 3144 930 3215 patris
943 3143 1212 3214 pellicem
1224 3145 1622 3214 ,quantumvis
1640 3145 1831 3216 primo
1849 3145 2116 3200 omnium

472 3237 651 3287 natus
681 3237 856 3300 esset,
891 3239 948 3287 et
972 3247 1152 3306 regno
1178 3239 1238 3287 et
1266 3233 1597 3290 sacerdotio
1647 3234 1935 3305 spoliatus
1985 3234 2114 3294 fuit.

472 3321 615 3376 Cum
633 3319 883 3375 Iacobus
899 3336 1084 3392 prope
1103 3321 1438 3376 Sichemam
1464 3323 1527 3377 in
1564 3322 1772 3378 urbem
1821 3323 2117 3381 Salemam

468 3408 748 3474 venisset,
783 3408 1092 3464 Sichemus
1120 3409 1284 3465 Dina
1313 3427 1421 3482 per
1449 3411 1568 3466 vim
1597 3417 1869 3484 stuprum
1889 3413 2112 3484 intulit,

471 3513 650 3570 quam
665 3497 776 3554 ulti
797 3503 938 3554 sunt
951 3497 1190 3554 Simeon
1212 3504 1269 3553 et
1291 3500 1477 3565 Levis,
1501 3501 1908 3557 internecione
1957 3503 2114 3558 occi-

469 3587 552 3644 sis
601 3601 736 3643 cum
795 3587 1067 3643 Sichemo
1122 3587 1368 3644 civibus.
1428 3589 1648 3646 Rachel
1704 3607 1879 3662 porro
1929 3591 2112 3648 alium

466 3676 680 3734 Iacobo
695 3676 886 3734 filium
897 3678 1570 3752 peperit,Benjaminum
1586 3682 1856 3747 nomine;
1872 3699 1941 3738 ac
1957 3699 2112 3738 mor-

467 3770 572 3823 tua
601 3767 757 3838 apud
773 3767 1134 3838 Euphratem
1157 3767 1464 3839 sepelitur,
1490 3768 1590 3824 ubi
1614 3785 1773 3826 nunc
1803 3777 1894 3826 est
1941 3772 2114 3826 Beth-

468 3856 706 3911 lehema
738 3873 750 3910 :
785 3857 1008 3912 etenim
1032 3873 1237 3913 versus
1267 3857 1676 3929 Hierosolyma
1721 3875 1757 3914 a
1805 3860 2114 3916 Bethlehe-

471 3960 593 4011 ma,
650 3960 768 4015 qua
825 3945 960 4016 equi
1011 3945 1353 4013 decurrunt,
1415 3963 1595 4019 supra
1649 3954 1870 4006 terram
1927 3956 2120 4007 exstat

472 4032 682 4105 cippus
715 4034 1005 4090 Rachelis.
1039 4037 1112 4090 Et
1138 4037 1421 4106 quoniam
1451 4037 1580 4094 Levi
1611 4055 1798 4112 genus
1826 4039 1900 4096 ad
1933 4043 2117 4098 Aaro-

473 4138 613 4178 nem
643 4127 823 4196 atque
851 4125 1051 4179 Mosen
1081 4141 1272 4196 usque
1324 4127 1604 4198 pertinet,
1655 4145 1913 4201 quorum
1963 4131 2117 4187 alter

2214 1974 2378 2044 μεὼν,
2442 1973 2534 2027 τὸν
2603 1973 2754 2043 Λευῖ,
2812 1974 2906 2027 τὸν
2973 1971 3200 2039 Ἰούδαν,
3267 1973 3358 2028 τὸν
3415 1975 3695 2048 Ἰσσαχὰρ,
3760 1974 3866 2029 τὸν

2207 2057 2500 2118 Ζαϐουλὼν
2560 2061 2651 2117 καὶ
2715 2063 2814 2132 τήν
2879 2063 3053 2120 Δίναν·
3123 2063 3184 2119 ἐκ
3251 2061 3310 2119 δὲ
3372 2069 3472 2132 τῆς
3533 2061 3710 2139 Ῥχήλ
3766 2084 3872 2118 τον

2208 2155 2435 2230 Ἰωσὴφ,
2465 2151 2525 2208 ἐκ
2581 2149 2640 2208 δὶ
2690 2160 2792 2221 τῆς
2848 2150 3144 2225 παιδίσκης
3178 2153 3352 2216 Βάλας
3387 2154 3480 2210 τὸν
3511 2155 3614 2210 Δάν
3643 2153 3735 2210 καὶ
3763 2159 3870 2210 τὸν

2209 2241 2528 2322 Νεφθαλὶμ,
2558 2241 2620 2298 ἐκ
2648 2239 2706 2298 δὲ
2736 2243 2835 2313 τῆς
2890 2241 3098 2318 Δελφᾶς
3146 2243 3240 2299 τὸν
3282 2241 3388 2299 Γὰδ
3417 2244 3508 2300 καὶ
3537 2245 3630 2300 τὸν
3660 2245 3872 2320 ⁹Δσήρ.

2211 2330 2472 2388 Εἰκοστὸν
2533 2329 2710 2386 τοίνυν
2772 2329 2890 2393 ἔτος
2947 2329 3232 2407 διατρίψας
3309 2333 3446 2406 μετὰ
3506 2337 3604 2388 τοῦ
3677 2326 3873 2388 Λαϐὰν

2210 2416 2420 2494 ἀπέδρα
2466 2417 2516 2493 ἐξ
2548 2419 2738 2490 α·ἴ›τοῦ,
2793 2419 2954 2482 δντος
3007 2424 3106 2476 τοῦ
3153 2421 3358 2496 Ἰωσὴφ
3406 2420 3624 2497 χρόνων
3670 2425 3870 2496 τριῶν.

2213 2503 2512 2565 Διάϐαίνων
2567 2505 2626 2564 δὲ
2678 2510 2772 2565 τὸν
2830 2506 3106 2583 Ἰορδάνην
3164 2507 3514 2584 ἑπευλογήθη
3579 2509 3671 2566 καὶ
3737 2531 3873 2584 μετ-

2214 2597 2425 2670 εκλήθη
2459 2597 2703 2674 Ἰσραήλ.
2735 2599 2797 2656 Ὀ
2849 2598 2907 2654 δὲ
2962 2593 3160 2654 Ἰακὼϐ
3209 2606 3312 2668 τῆς
3343 2599 3582 2676 ὁράσεως
3613 2599 3880 2672 ὑπομνη-

2216 2688 2361 2754 σθεὶς
2419 2689 2480 2758 ἢν
2508 2687 2767 2752 ἐθεάσατο
2822 2689 2961 2744 κατὰ
3013 2690 3116 2758 τήν
3165 2687 3341 2764 ἄφιξιν
3372 2689 3472 2758 τὴν
3500 2688 3576 2751 εἷς
3609 2690 3880 2746 Μεσοπο-

2215 2778 2436 2852 ταμίαν,
2487 2779 2774 2854 ἀνέρχεται
2825 2779 2901 2841 είς
2954 2776 3189 2850 Βαιθήλ.
3232 2780 3394 2836 Ἔνθα
3440 2777 3876 2850 κατακοιμηθεὶς

2219 2866 2326 2928 εἶδε
2353 2870 2416 2926 τὸ
2447 2869 2651 2944 ὅραμα.
2703 2871 2808 2927 Καὶ
2855 2871 3029 2924 πάντα
3079 2866 3495 2930 ἀποδεκατώσας
3527 2869 3560 2924 ἅ
3587 2868 3880 2939 ἑκὲκτητο,

2219 2958 2531 3016 τελευταῖον
2588 2953 2892 3014 ὑποϐάλλει
2950 2957 3146 3034 κλήρῳ
3202 2957 3332 3022 τοὺς
3385 2955 3603 3026 παῖδας,
3654 2957 3880 3014 καὶτὸν

2222 3047 2354 3105 Λευΐ
2416 3053 2496 3120 τῷ
2553 3053 2669 3120 θεῷ
2742 3048 2981 3126 ἀφιεροι,
3059 3048 3192 3104 ἑτῶν
3253 3049 3572 3124 ὑπάρχοντα
3631 3048 3726 3118 ιη’,
3784 3047 3884 3102 καὶ

2226 3141 2312 3213 [Ρ.
2367 3140 2460 3212 34]
2517 3135 2778 3214 ἀρχιερία
2852 3133 3211 3207 ἀναδείκνυσι,
3288 3133 3514 3192 δέκατον
3582 3133 3714 3190 ὄντα
3769 3135 3885 3191 ἀπὸ

2227 3227 2460 3303 ἐσχάτου
2515 3226 2652 3282 κατὰ
2687 3226 2782 3282 τὸν
2857 3232 2956 3294 τῆς
3012 3223 3372 3300 ἀστρολογίας
3424 3228 3558 3298 (Hi).
3615 3220 3888 3296 Ῥουϐεὶμ

2227 3319 2330 3395 γὰρ
2363 3315 2452 3373 διὰ
2503 3319 2604 3386 τήν
2661 3315 2951 3385 παλλακὴν
2994 3319 3092 3370 τοῦ
3144 3315 3350 3390 πατρὸς
3399 3313 3660 3389 ἐστερήθη
3691 3321 3795 3384 τῆς
3821 3335 3886 3370 τε

2229 3407 2506 3483 βασιλείας
2566 3407 2656 3463 καὶ
2713 3414 2815 3476 τῆς
2872 3405 3194 3482 ἱερωσύνης,
3235 3406 3584 3480 πρωτότοκος
3615 3403 3708 3460 ὢν.
3744 3405 3880 3462 Ἐλ-

2223 3496 2410 3560 Θόντος
2465 3495 2523 3552 δὲ
2575 3500 2674 3552 τοῦ
2733 3491 2928 3553 Ἰακὼϐ
2985 3493 3220 3566 πλησίον
3278 3494 3523 3567 Σικίμων
3583 3493 3658 3556 εἷς
3709 3493 3879 3549 πόλιν

2225 3586 2450 3659 Σαλήμ,
2483 3585 2762 3665 ὑφίσταται
2819 3583 2922 3640 ὑπὸ
2983 3585 3166 3660 Σιχὶμ
3219 3585 3318 3652 τήν
3381 3584 3502 3659 βίαν
3532 3587 3567 3652 ἡ
3601 3584 3747 3642 Δίνα⁹
3783 3583 3879 3638 καὶ

2223 3674 2513 3731 ἐκδικεῖται
2580 3676 2723 3750 παρά
2787 3671 3012 3746 Συμεὼν
3077 3674 3168 3727 καὶ
3235 3670 3386 3742 Λευΐ,
3454 3673 3617 3727 παντὶ
3686 3672 3881 3746 τρόπῳ

2224 3764 2677 3842 διαχρησαμένων
2721 3765 2849 3826 τοὺς
2899 3763 3021 3838 περί
3075 3763 3165 3818 τὸν
3198 3762 3402 3838 Σιχέμ.
3431 3763 3556 3821 ’Ἐτι
3605 3758 3663 3816 δὲ
3700 3762 3878 3816 τίκτει

2223 3861 2259 3928 ἡ
2287 3856 2500 3932 Ῥαχὴλ
2529 3857 2610 3929 τῷ
2639 3849 2833 3912 Ἰακὼϐ
2893 3855 2983 3910 τὸν
3045 3855 3325 3928 Βενισμίν,
3384 3853 3473 3909 καὶ
3502 3852 3879 3924 τελευτήσασα

2224 3948 2478 4013 θάπτεται
2536 3946 2589 4001 ἰν
2647 3949 2728 4016 τῷ
2785 3944 3090 4022 Εὐφρανθᾷ,
3149 3941 3268 3999 ἔνθα
3321 3947 3413 3998 νῦν
3471 3941 3612 3998 ἐστιν
3659 3943 3694 4010 ἡ
3737 3945 3882 4012 Βηθ-

2226 4039 2380 4113 λεέμ·
2431 4035 2626 4110 μεταξὺ
2681 4035 2782 4109 γὰρ
2837 4041 2940 4104 τῆς
2996 4032 3255 4106 Βηθλεὲμ
3307 4032 3397 4088 καὶ
3455 4035 3556 4098 τῆς
3611 4033 3878 4108 Ἰερουσα-

2223 4126 2370 4202 λὴμ,
2401 4125 2479 4188 εἰς
2506 4125 2598 4181 τὸν
2629 4121 3000 4198 ἱππόδρομον,
3049 4125 3085 4193 ἠ
3137 4121 3336 4197 λάρναξ
3367 4119 3480 4178 ἐστὶ
3509 4123 3610 4191 τῆς
3637 4119 3878 4196 Ῥαχὴλ,

1666 4218 2034 4277 XYLANDBI
2066 4222 2154 4276 ET
2191 4221 2409 4278 GOARI
2447 4218 2674 4274 ΝΟΤΕ.

473 4317 617 4358 num
639 4317 854 4377 genere
878 4300 1062 4377 fuisse
1091 4307 1317 4368 monet,
1349 4306 1525 4376 quale
1547 4307 1749 4377 pueris
1769 4309 2010 4364 daretur
2035 4315 2122 4375 ;ut

473 4389 598 4428 non
621 4371 777 4428 male
803 4371 1070 4447 videatur
1093 4379 1250 4431 torta
1262 4371 1432 4447 panis
1453 4371 1596 4432 verti
1620 4379 1682 4434 in
1705 4379 1928 4436 lexicis.
1957 4371 2118 4438 Idem

471 4449 608 4570 ἔθει
626 4460 728 4500 eos
745 4437 1058 4506 κολλάϐους
1070 4437 1358 4518 appellari
1381 4449 1579 4520 tradit,
1597 4450 1658 4505 in
1683 4451 1888 4507 eadem
1911 4437 2121 4508 coma-

514 4516 572 4570 ia
586 4532 846 4570 versans.
879 4517 1046 4570 quasi
1075 4518 1402 4570 mutilatos.
1427 4519 1485 4570 id
1525 4526 1616 4570 est
1661 4523 1901 4570 exiguos
1932 4541 2117 4570 nanes

514 4516 572 4596 ia
586 4532 852 4596 versans,
879 4517 1046 4587 quasi
1075 4516 1402 4596 mutilatos,
1427 4519 1486 4575 id
1525 4516 1901 4596 estexiguos
1932 4541 2117 4596 panes

472 4585 1030 4666 diceres._gaterum
1051 4585 1386 4666 κολλυρίδος
1409 4597 1469 4646 et
1485 4592 1644 4666 verbi
1675 4585 1868 4666 agnati
1895 4585 2116 4650 nientio

475 4659 734 4729 exstatpll
758 4659 1016 4729 Samuel,
1039 4676 1160 4729 xm,
1180 4659 1243 4716 in
1262 4661 1566 4719 Thamaris
1588 4659 1856 4721 historia.
1881 4668 1952 4721 Et
1979 4675 2118 4722 ante

473 4745 526 4785 c.
551 4732 584 4786 6
602 4727 868 4803 κολλυρῖς
899 4727 1062 4802 ἄρτου
1085 4727 1448 4790 nominatur.
1475 4735 1586 4791 Sed
1602 4735 1715 4793 hoc
1762 4738 1824 4792 in
1875 4737 2120 4795 Hebraa

474 4835 679 4907 lingua
709 4847 836 4898 Dm
873 4849 1016 4904 mn,
1051 4838 1202 4894 illud
1230 4825 1374 4900 nail)
1411 4842 1766 4914 appellatur.
1801 4845 1959 4915 quod
2008 4863 2116 4918 po-

476 4943 694 5020 sterius
733 4943 1120 5020 sorbitionem
1153 4947 1212 5003 Β.
1249 4946 1642 5020 Hieronymus
1665 4951 1858 5020 vertit,
1892 4970 2026 5008 cum
2057 4955 2117 5009 in

515 5015 672 5072 riore
692 5031 894 5070 vocem
911 5018 1170 5072 Gracam
1195 5015 1498 5076 retineret.
1524 5026 1594 5077 Et
1615 5029 1755 5080 sunt
1775 5015 1916 5079 sane
1946 5041 2120 5081 voca-

474 5033 616 5143 gula
640 5087 869 5143 diversa
904 5089 1069 5143 Quod
1091 5106 1141 5143 c.
1167 5093 1198 5143 6
1217 5093 1581 5143 nominatur-
1607 5095 1664 5143 id
1685 5096 1854 5143 nanis
1875 5096 2120 5143 nlnnen-

517 5088 616 5143 ula
634 5087 886 5166 diversa
904 5089 1069 5166 Quod
1091 5106 1141 5144 c.
1167 5093 1582 5166 6_nominatur,
1606 5095 1666 5151 id
1685 5096 1854 5166 panis
1875 5096 2120 5166 placen-

475 5164 596 5239 tem
627 5160 807 5216 fuisse
836 5157 1070 5239 videtur
1099 5178 1171 5239 ex
1199 5163 1374 5239 Lavit.
1409 5181 1448 5218 ιι
1479 5157 1900 5239 θιῄνιιιΑἱιειρὶιθξ
1941 5175 2117 5239 atque

474 5231 622 5287 alias
654 5235 854 5302 posset
881 5231 1298 5289 demonstrari.
1334 5235 1630 5292 Posterior
1672 5231 1836 5293 locus
1890 5231 2120 5294 videtur

475 5301 1032 5380 ostenderelagana
1060 5303 1264 5368 fuisse,
1299 5305 1382 5360 vel
1417 5307 1643 5379 aliquid
1675 5325 1744 5363 ex
1787 5317 1954 5380 pasta
1984 5311 2121 5366 fari-

475 5389 663 5452 nac_ea
692 5379 924 5428 coctum
952 5391 1308 5452 quacunque
1355 5379 1604 5436 ratione.
1647 5379 1848 5435 cibum
1875 5383 2116 5452 quidem

476 5446 676 5520 potius
700 5461 880 5520 quam
897 5452 1122 5520 potum.
1136 5449 1282 5502 Nam
1300 5452 1562 5520 profecto
1577 5455 1811 5508 Amnon
1833 5446 2121 5510 rehuebat

480 5516 688 5598 edere,
713 5533 834 5598 non
866 5516 1098 5598 bibere:
1124 5526 1188 5573 ut
1245 5516 1484 5591 quidem
1542 5523 1718 5598 verba
1758 5523 2122 5598 simpliciter

481 5593 715 5662 sonant.
735 5588 936 5662 Neque
955 5605 1060 5662 ego
1083 5589 1209 5646 hac
1229 5588 1629 5649 annotassem.
1655 5593 1769 5650 nisi
1796 5595 1857 5650 Β.
1885 5588 2117 5654 Ἦὶθι-ο-

480 5659 644 5731 nymi
675 5659 1140 5734 auctoritasme,
1172 5667 1240 5717 ut
1267 5662 1493 5728 debuit,
1551 5665 1960 5724 admonuisset
1993 5685 2006 5734 ;
2061 5673 2122 5724 et

479 5739 644 5804 puto,
677 5731 1034 5788 sorbitiones
1062 5734 1111 5788 si
1145 5734 1280 5804 quis
1309 5735 1402 5790 edi
1441 5735 1618 5792 etiam
1675 5737 1851 5803 dicat,
1906 5731 2120 5795 merito

479 5803 834 5876 reprehendi
853 5821 975 5860 non
986 5803 1181 5876 posse.
1193 5808 1545 5866 Vocabulum
1559 5809 1780 5866 acorde
1797 5812 2120 5868 recreando

2229 4308 2493 4372 ductum,
2517 4312 2576 4362 et
2592 4311 2660 4362 ut
2679 4306 2762 4360 ita
2783 4304 2998 4368 dicam,
3014 4301 3270 4374 oordiale
3292 4301 3520 4374 aliquid
3541 4299 3878 4374 signiﬁcare

2227 4380 2292 4436 in
2324 4371 2524 4436 sanctr
2567 4379 2773 4449 lingua
2818 4375 3068 4449 videtur.
3113 4373 3226 4429 Sed
3273 4371 3422 4449 hac:
3449 4373 3552 4428 alii
3597 4371 3875 4449 viderint.

2227 4450 2589 4523 Iampridem
2620 4444 2977 4523 scripseram
2991 4447 3151 4523 hac,
3174 4445 3688 4523 cum_4dversaria
3717 4444 3881 4523 edita

2228 4513 2378 4590 vidi;
2400 4522 2584 4578 libros
2643 4513 2845 4592 longe
2873 4513 3269 4592 utilissimos,_
3296 4517 3537 4592 Adriani
3578 4513 3877 4592 _'_l'urne_bi,

2228 4588 2406 4667 quem
2426 4609 2620 4667 nuper
2639 4591 2722 4667 rei
2746 4588 3002 4667 publica
3025 4589 3327 4667 litteraria
3347 4588 3658 4667 dispendio
3680 4588 3877 4667 amisi-

2227 4659 2382 4729 mus,
2415 4659 2606 4720 virum
2635 4659 2914 4718 doctrina
2955 4667 3015 4717 et
3071 4660 3320 4716 solertia
3362 4659 3878 4732 incomparabilis.

2227 4739 2366 4820 Ejus
2397 4736 2596 4820 libri}
2626 4734 2863 4790 initium
2910 4749 3046 4788 cum
3091 4733 3312 4788 nostris
3341 4731 3662 4804 conjungat
3689 4731 3883 4787 lector

2227 4808 2502 4866 diligens.
2533 4808 2678 4862 XYL.

2299 4826 2678 4952 ilgain§a§:§'
2711 4877 2972 4952 Littera
3001 4880 3230 4932 tantum
3287 4878 3356 4952 s9
3377 4946 3392 4952 _
3418 4873 3753 4952 perhibent,
3815 4879 3883 4952 _et

2227 4945 2474 5008 nomina
2516 4950 2686 5022 paslo
2734 4949 2910 5004 aliter
2955 4947 3255 5020 leguntur.
3291 4945 3435 5002 Vide
3466 4947 3608 5003 Gen.
3642 4963 3770 5001 xxvx
3812 4945 3879 5001 in

2227 5025 2656 5174 ῧῇέίίῗῖἕόᾳαε
2685 5092 3022 5174 _perspicue
3073 5091 3336 5174 mutilus.
3355 5089 3508 5172 _Ideo
3559 5095 3880 5174 astericum

2227 5149 2440 5256 adieci,
2475 5149 2615 5236 quia
2647 5149 2807 5248 aliud
2826 5149 2912 5256 Jin
2970 5162 3288 5256 prasentia
3315 5162 3408 5256 vix
3439 5149 3884 5256 possum.l'Po‘st

2269 5235 2426 5307 aulo,
2475 5235 2586 5307 qua
2635 5238 2756 5306 equi
2816 5235 3149 5307 decurrunt:
3207 5235 3269 5307 in
3329 5235 3647 5307 Gracoest
3682 5235 3761 5307 εις
3787 5235 3882 5284 τὸν

2269 5256 2426 5301 amo,
2475 5256 2586 5307 qua
2635 5256 2756 5306 equi
2816 5256 3149 5290 decurrunt:
3208 5256 3269 5288 ιιι
3329 5256 3526 5289 ιπωιιο
3559 5256 3647 5288 σει
3682 5256 3707 5286 ε
3733 5256 3757 5290 ς
3787 5256 3870 5284 τοι

2228 5256 2595 5382 imam.
2625 5309 2690 5382 In
2703 5307 2808 5382 gvia
2837 5303 3078 5379 quidem
3100 5303 3698 5382 sepultam_scribitur
3725 5305 3870 5382 Gen.

2227 5376 2656 5450 xxxvalioqui
2691 5376 2950 5434 Gracam
2981 5376 3184 5450 vocem
3210 5376 3350 5450 scio
3379 5377 3617 5450 Gircum
3649 5376 3874 5450 signiti-

2229 5469 2364 5510 care
2390 5469 2403 5507 :
2437 5446 2688 5525 sedghuc
2719 5467 2838 5525 non
2886 5449 3157 5525 quadrat.
3192 5447 3358 5525 Quod
3389 5446 3660 5525 esspavoa
3689 5446 3874 5525 estin

2227 5530 2430 5581 nostro
2463 5523 2683 5585 codice,
2725 5522 2785 5576 id
2817 5519 2991 5592 apud,
3015 5519 3336 5592 Iosepﬁhum
3368 5519 3691 5592 subplinem
3722 5535 3736 5572 ι
3769 5521 3874 5573 An-

2229 5599 2344 5674 tig.
2366 5595 2501 5674 libri
2531 5593 2666 5647 κατᾶ
2693 5589 3416 5674 τῂν.Δί’φραράνηχςιεδίιιιιτ.
3448 5591 3732 5674 Hebraica
3761 5605 3870 5674 vng

2227 5660 2388 5740 re'cte
2418 5667 2614 5740 Grace
2641 5660 3192 5740 redditur'_e_69918_&,
3218 5660 3419 5740 sicque
3443 5667 3502 5716 et
3521 5663 3616 5740 hic
3639 5667 3706 5740 et_
3726 5660 3872 5740 alibi

2227 5739 2370 5810 legit
2397 5736 2836 5810 Complutensis
2865 5731 3066 5810 editio.
3119 5736 3188 5789 Et
3228 5731 3498 5790 eamdem
3543 5735 3662 5788 fere
3693 5731 3872 5787 habet

2226 5807 2479 5868 Zonaras
2507 5807 2846 5866 lectionem.
2879 5807 3018 5866 Χη.
