4106 6288
388 401 458 457 91
1746 393 2039 455 ΘΕΟΗΟΙῘ

2151 395 2441 454 EDllENI
3741 397 3818 454 92

379 541 581 590 octavo
609 534 795 588 fames
845 532 1056 602 cmpit:
1109 547 1268 594 nam,
1303 534 1369 584 ut
1413 531 1701 600 Iosephus
1748 535 2021 597 testatur,

2151 529 2178 582 ὁ
2215 526 2399 599 λιμός·
2438 527 2498 582 οὐ
2569 529 2671 604 γὰρ
2726 525 2893 598 ἀνέὄη
2929 531 2956 582 ὁ
2987 527 3187 590 Νεῖλος
3245 526 3298 580 ἒν
3326 527 3493 589 ὀλοις
3528 534 3651 589 τοῖς
3687 530 3819 584 ἑπτὰ

378 625 521 679 totis
553 627 779 693 septem
804 622 977 676 annis
997 620 1124 690 ejus
1155 619 1421 691 penuriae
1447 619 1609 673 Nilus
1631 635 1750 673 non
1773 619 2029 674 exunda-

372 719 557 768 verat.
586 712 826 766 Biennio
859 716 992 780 post
1011 709 1260 764 Iacobus
1300 709 1362 762 in
1394 710 1698 780 zEgyptum
1739 709 2028 779 demigra-

369 804 479 868 vit,
513 817 648 856 cum
681 804 746 853 75
775 799 1087 854 animabus
1121 815 1308 852 annos
1344 797 1568 851 habens
1615 798 1735 851 130.
1776 799 2029 868 Iosepho

372 894 442 944 40
475 897 681 962 agente
712 904 936 943 annum
970 888 1215 941 moritur
1238 886 1487 940 Iacobus
1519 903 1678 940 anno
1743 886 1876 939 vita;
1910 903 2030 941 sum

382 983 503 1044 147,
527 996 592 1033 ac
634 979 692 1032 in
725 978 997 1032 Hebrone
1031 993 1064 1030 a
1111 975 1364 1045 Iosepho
1397 974 1698 1044 sepelitur.
1751 975 2034 1041 (Geswma

377 1069 592 1125 Arabia
634 1074 723 1123 est
765 1069 1005 1138 [Egypto
1039 1065 1337 1135 tinimita.)
1363 1067 1505 1119 Nam
1536 1064 1828 1134 Iosephus
1859 1064 2031 1118 annis

378 1164 511 1229 post
538 1156 737 1212 Jacobi
771 1156 831 1209 in
863 1157 1169 1226 ngyptum
1202 1153 1619 1225 migrationem
1652 1155 1719 1206 70
1760 1157 2032 1207 mortuus

371 1252 478 1314 est,
515 1264 649 1301 cum
693 1252 934 1301 centum
968 1261 1154 1300 annos
1186 1250 1246 1298 et
1273 1244 1480 1300 decem
1521 1243 1781 1297 vixisset.

449 1341 494 1391 Δ
548 1341 734 1390 morte
774 1335 1010 1406 Iosephi
1065 1335 1408 1388 servitutem
1467 1333 1746 1404 Egyptiis
1804 1332 2031 1387 Hebraai

381 1426 711 1481 servierunt
739 1440 846 1494 per
867 1440 1053 1478 annos
1079 1426 1198 1478 144.
1223 1425 1369 1494 Ergo
1392 1428 1576 1476 totum
1601 1428 1850 1491 tempus,
1875 1421 2034 1490 quod

381 1515 441 1569 in
497 1516 738 1585 .Egypto
799 1512 1025 1566 Hebraai
1078 1517 1342 1582 egerunt,
1396 1527 1689 1565 annorum
1747 1509 1858 1563 fuit
1907 1511 2027 1562 215.

382 1603 548 1668 Quod
578 1603 651 1656 ad
683 1601 987 1673 privilegia
1020 1602 1106 1670 (ut
1135 1600 1216 1676 sic
1246 1600 1478 1669 loquar)
1531 1599 2029 1670 primogenituraa,

384 1693 444 1746 in
477 1692 673 1747 locum
705 1691 936 1745 Rubeni
970 1690 1162 1760 proles
1192 1689 1430 1760 Iosephi
1462 1689 1534 1742 ob
1566 1688 1830 1759 parentis
1861 1687 2029 1758 pudi-

381 1781 583 1835 citiam
617 1780 922 1846 successit,
957 1780 1116 1848 quod
1147 1778 1429 1835 Rubenus
1457 1795 1592 1834 cum
1612 1779 1794 1848 patris
1819 1777 2032 1848 pellice

2137 611 2276 670 ἔτεσι
2319 620 2413 670 τοῦ
2481 616 2672 689 λιμου,
2729 617 2804 678 ὼς
2862 619 3131 688 Ἰώσηπος
3189 622 3484 692 μαρτυρεῖ.
3544 617 3702 675 Μετά
3768 616 3822 673 δὶ

2139 701 2235 758 δύο
2267 701 2358 773 ἔτη
2393 700 2594 775 κατέϐη
2631 701 2828 762 Ἰακὼϐ
2851 707 2927 769 εἷς
2983 705 3264 778 Αἴγυπτον
3333 706 3382 758 ἐν
3439 707 3517 760 σε’
3579 710 3812 780 ψυχαῖς,

2138 793 2329 847 ἑκατὸν
2378 795 2669 868 τριάκοντα
2725 794 2860 849 ἑτῶν
2918 791 3015 862 ὤν,
3071 797 3098 848 ὁ
3157 792 3214 848 δὲ
3271 796 3484 870 Ἰωσὴφ
3548 797 3812 870 τεσσαρά-

2139 903 2324 937 κοντα.
2357 881 2594 952 Τελευτᾷ
2649 881 2706 938 δὲ
2763 878 2957 938 Ἰακὼϐ
3010 884 3196 937 ἑκατὸν
3253 884 3816 957 τεσσαρακονταεπτὰ

2139 971 2298 1039 ἑτῶν,
2331 973 2419 1026 καὶ
2454 973 2711 1027 Θάπτεται
2767 973 2870 1028 ὑπὸ
2929 974 3131 1050 Ἰωσὴφ
3185 975 3240 1026 ἓν
3284 968 3548 1046 Χεϐρών.
3612 973 3821 1044 Γεσαίμ

2140 1057 2197 1114 δὲ
2219 1062 2252 1128 ἡ
2287 1062 2422 1134 πρὸς
2449 1061 2728 1134 Α’ἰγυπτον
2765 1058 2994 1136 Ἀραϐία
3024 1060 3191 1117 ἱστίν.
3253 1062 3406 1116 Μετὰ
3438 1064 3549 1136 γὰρ
3587 1064 3630 1114 ο“
3692 1062 3822 1139 χρό-

2135 1170 2258 1210 νους
2291 1157 2390 1218 τῆς
2449 1149 2499 1204 ἐν
2562 1150 2821 1224 Αἰγύπτῳ
2880 1148 3112 1206 καθόδου
3181 1146 3404 1219 Ἰακὼϐ,
3458 1150 3819 1218 ἱτελεύτησεν

2139 1239 2345 1316 Ἰωσὴφ
2377 1241 2565 1295 ἑκατὸν
2601 1239 2727 1294 δέκα
2753 1239 2907 1298 ἐτῶν.

2210 1329 2356 1383 Μετά
2386 1333 2517 1403 γοῦν
2542 1329 2633 1383 τὸν
2664 1330 2885 1393 θάνατον
2923 1331 3124 1407 Ἰωσήφ
3159 1327 3524 1384 δουλεύουσιν
3567 1324 3816 1401 Ἑϐραῖοι

2136 1423 2253 1478 τοῖς
2287 1417 2607 1491 Αἰγυπτίοις
2641 1418 2733 1488 ἔτη
2805 1415 2949 1494 ρμδ“.
3005 1418 3082 1472 Τὰ
3111 1420 3282 1472 πάντα
3319 1419 3512 1472 τοίνυν
3546 1426 3652 1487 τῆς
3712 1425 3818 1474 τῶν

2137 1501 2403 1579 Ἑϐραίων
2465 1507 2516 1561 ἐν
2578 1507 2847 1580 Αῒγύπτῳ
2908 1503 3197 1582 διατριϐῆς
3238 1502 3331 1576 ἔτη
3392 1509 3520 1562 σιε’.
3585 1503 3816 1580 Λαμϐα-

2135 1618 2288 1652 νουσι
2344 1595 2402 1651 δὲ
2458 1600 2556 1668 τὴν
2618 1598 2876 1673 εὐλογίαν
2933 1604 3038 1653 τῶν
3083 1605 3484 1674 πρωτοτοκιῶν
3546 1600 3671 1654 ἀντὶ
3724 1604 3816 1654 to?»

2137 1679 2400 1759 Ῥουόεὶμ
2455 1689 2507 1741 οἱ
2567 1687 2675 1741 υἱοὶ
2739 1688 2939 1764 Ἰωσήφ
2975 1686 3064 1742 διὰ
3120 1689 3182 1742 τὸ
3230 1690 3577 1763 τοῦπατρὸς
3641 1688 3821 1743 αὐτῶν

2140 1780 2375 1852 σῶφρον,
2405 1777 2598 1830 κτθὸὸ
2633 1777 2729 1850 μὶν
2791 1773 3054 1850 Ῥουόεἰμ
3121 1781 3190 1849 τῇ
3245 1775 3519 1851 παλλακῇ
3584 1776 3818 1846 συνῆλθε

379 1870 670 1937 coivisset,
695 1870 981 1939 Iosephus
1005 1875 1202 1924 autem
1229 1869 1288 1923 in
1330 1869 1606 1940 Egyptiae
1631 1867 1900 1922 mulieris
1931 1866 2030 1920 68

2151 1867 2236 1918 τοῦ
2265 1865 2492 1939 πατρὸς,
2529 1866 2555 1919 ὁ
2589 1863 2645 1919 δὲ
2678 1867 2879 1945 Ἰῳσήφ
2910 1870 2977 1937 τῇ
3015 1867 3291 1940 Αἰγυπτίᾳ
3349 1866 3411 1920 οὐ
3476 1869 3813 1942 συνεφθάρη.

378 1957 690 2011 libidinem
710 1973 1086 2027 nequaquam
1111 1957 1528 2011 consensisset.
1549 1957 1822 2020 Quamvis
1847 1954 2027 2010 etiam

379 2048 590 2102 fratres
618 2063 866 2101 numero
897 2045 1101 2100 decem
1133 2063 1200 2100 ac
1223 2052 1342 2100 tres
1365 2046 1627 2113 fuerunt,
1652 2051 1850 2099 tamen
1874 2050 2032 2099 terra

383 2135 539 2188 inter
571 2134 883 2190 duodecim
908 2134 1097 2189 divisa
1126 2140 1234 2198 est,
1257 2152 1324 2190 eo
1353 2134 1511 2205 quod
1534 2150 1569 2189 a
1589 2135 1820 2190 caeteris
1847 2135 2034 2188 omni-

387 2223 498 2278 bus
528 2224 659 2278 Levi
691 2224 949 2278 decimas
980 2225 1294 2294 acciperet.

454 2313 948 2368 Adolescentulus
987 2314 1313 2367 etiamnum
1347 2312 1636 2383 Iosephus
1676 2329 1812 2367 oves
1852 2313 2038 2384 patris

384 2403 684 2473 pascebat;
700 2418 952 2472 cumque
969 2418 1104 2456 eum
1122 2407 1289 2472 pater
1307 2402 1556 2473 reliquis
1572 2402 1898 2472 impensius
1913 2401 2043 2456 dili-

384 2491 787 2564 geret,fratres
802 2490 1023 2544 invidia
1039 2491 1246 2560 perciti
1263 2490 1542 2545 adversus
1557 2507 1691 2546 eum
1709 2490 2042 2545 simultates

399 2579 1213 2635 exercuerunt.Auxitodium
1231 2579 1661 2635 insomniorum
1674 2581 1916 2636 auditio.
1935 2583 2046 2636 Re-

398 2671 676 2724 citaverat
693 2670 854 2725 enim
878 2669 965 2724 eis
987 2671 1174 2724 visum
1202 2671 1334 2738 sibi,
1360 2671 1504 2742 ipsis
1524 2671 1864 2743 manipulos
1883 2671 2048 2726 colli'

396 2775 506 2828 gan
516 2759 671 2814 tibus
685 2776 845 2814 suum
859 2758 1225 2830 manipulum
1237 2773 1366 2814 sese
1379 2761 2046 2830 erexisse,reliquosque

397 2849 525 2918 ejus
539 2849 868 2904 honorandi
882 2865 1058 2905 causa
1070 2850 1397 2920 manipulos
1408 2867 1626 2922 pronos
1639 2851 2045 2921 procubuisse.

399 2938 560 2992 Unde
591 2938 800 2993 fratres
832 2939 890 2993 id
913 2939 1069 3009 quod
1101 2957 1196 2994 res
1220 2939 1330 2994 fuit
1352 2941 1761 3012 conjicientes,
1792 2941 1958 2995 illum
1986 2941 2047 2994 in

397 3027 556 3097 ipsos
581 3028 895 3099 imperium
920 3029 1243 3099 aliquando
1266 3029 1627 3098 habiturum,
1655 3031 1839 3086 multo
1873 3030 2045 3084 vehe-

396 3118 655 3172 mentius
679 3117 882 3172 odium
904 3118 1186 3172 adversus
1207 3136 1341 3173 eum
1358 3126 1779 3190 conceperunt.
1812 3119 2052 3174 Addidit

397 3207 507 3260 hoc
540 3207 723 3275 priori
755 3207 1063 3276 Iosephus.
1098 3224 1158 3261 se
1208 3225 1312 3278 per
1351 3209 1612 3278 quietem
1662 3209 2042 3280 imaginatum

2145 1949 2325 2006 Ἀλλά
2382 1952 2470 2006 καὶ
2539 1949 2836 2026 δεκατριῶν
2895 1950 3145 2025 ἀδελφῶν
3206 1953 3374 2007 ὄντων
3445 1953 3528 2015 εἷς
3600 1951 3812 2008 δώδεκα

2135 2040 2459 2113 ξμερίσθηή
2493 2047 2562 2114 γῆ
2625 2038 2716 2095 διὰ
2780 2042 2843 2095 τὸ
2901 2042 2991 2095 τὸν
3050 2043 3179 2095 Λευὶ
3234 2038 3621 2096 ἁποδεκατοῠν
3690 2041 3813 2100 τοὺς

2140 2127 2370 2188 λοιποὺς
2393 2129 2617 2191 πάντας.

2211 2311 2334 2363 ’Ὁτι
2366 2309 2568 2385 Ἰωσὴφ
2601 2307 2807 2383 κομιδῇ
2859 2311 2982 2373 νέος
3039 2309 3112 2363 ὢν
3170 2306 3248 2365 ἔτι
3279 2308 3541 2384 πρόϐατα
3571 2317 3673 2366 τοῦ
3706 2332 3808 2366 πα-

2138 2399 2263 2472 τρὸς
2298 2398 2605 2471 ποιμαίνων
2636 2400 2724 2469 ἧν,
2754 2401 2840 2454 καὶ
2887 2399 3105 2471 μᾶλλον
3151 2405 3260 2455 τῶν
3319 2400 3513 2456 ἃλλων
3550 2405 3803 2476 ἠγαπᾶτο

2137 2494 2215 2561 τῷ
2241 2490 2420 2563 πατρί.
2458 2490 2553 2544 Διὸ
2584 2491 2673 2545 καὶ
2732 2492 2788 2544 οἱ
2845 2489 3075 2568 ἀδελφοὶ
3134 2490 3604 2566 διαφθονούμενοι
3654 2490 3804 2568 ούδὶν

2144 2580 2280 2650 πρὸς
2319 2576 2478 2634 αὑτὸν
2530 2578 2802 2653 εἰρηνικὸν
2858 2578 3112 2637 ἐλάλουν.
3178 2582 3544 2655 Προσετίθουν
3605 2581 3663 2637 δὲ
3717 2567 3801 2635 καὶ

2155 2674 2311 2740 μῖσος
2339 2673 2446 2722 τῶν
2503 2669 2764 2723 ἐνυπνίων
2823 2671 2990 2724 αὐτοῦ
3037 2670 3340 2732 ἀκούοντες.
3395 2673 3500 2726 Καὶ
3545 2673 3654 2747 γὰρ
3685 2666 3806 2747 ἔφη’

2156 2783 2182 2809 ‹‹
2218 2759 2512 2833 Δράγματα
2538 2755 2910 2830 δεσμευόντων
2941 2761 3100 2831 ἡμῶν
3159 2762 3212 2814 ἓν
3267 2764 3348 2830 τῷ
3414 2759 3596 2833 πεδίῳ
3654 2759 3809 2832 ᾤμην

2158 2848 2250 2918 μὲν
2278 2846 2652 2920 ἀνορθωθῆναι
2683 2848 2745 2902 τὸ
2776 2848 2930 2921 ἐμὸν,
2989 2849 3054 2902 τὰ
3113 2845 3170 2902 δὲ
3229 2849 3466 2923 ὑμέτερα
3517 2869 3806 2924 περιστρα-

2156 2936 2317 3014 φὲντα
2346 2944 2666 3012 προσκυνεῖν
2717 2937 2883 3008 αὐτῷ,
2922 2963 2948 2988 η
3007 2940 3220 2994 Τούτου
3269 2945 3396 3011 γοῦν
3459 2941 3802 3007 ἀκούσαντες,

2154 3023 2244 3077 καὶ
2276 3023 2350 3084 ὡς
2413 3022 2721 3097 βασιλεύσει
2764 3023 2846 3078 ἐπ’
2904 3025 3098 3086 αὐτοὺς
3155 3026 3329 3099 ὀρθῶς
3419 3026 3807 3102 ἒπικρίναντες,

2158 3112 2278 3170 λίαν
2309 3113 2578 3168 ἐπέτειναν
2612 3115 2674 3169 τὸ
2709 3120 2889 3186 μῖσος.
2926 3117 3186 3189 Προσθείς
3217 3113 3295 3180 δε,
3332 3141 3359 3169 ι(
3389 3119 3570 3180 Αὖθις
3601 3117 3806 3172 ἐνυπνι-

2158 3207 2362 3276 σὰμην,
2398 3227 2426 3254 ››
2453 3201 2578 3277 ἔφη,
2615 3226 2638 3269 _«
2671 3204 2757 3257 καί
2790 3225 2850 3278 γε
2879 3203 3039 3276 ᾤμην
3070 3205 3161 3259 τὸν
3222 3205 3383 3274 ἠλιον
3433 3209 3527 3261 καὶ
3586 3210 3686 3276 τὴν
3719 3226 3804 3259 σε·

392 3293 574 3347 fuisse
593 3309 626 3347 a
650 3293 1349 3365 sole,lunaundecimque
1365 3297 1555 3351 stellis
1569 3314 1630 3352 se
1643 3297 2039 3352 adorari.Ver-

2154 3292 2329 3363 λήνην
2390 3293 2480 3346 καὶ
2528 3289 2718 3347 ἕνδεκα
2775 3293 3000 3366 ἀστέρας
3059 3296 3493 3368 προσκυνοῦντας
3548 3317 3616 3369 με
3675 3305 3800 3357 καθ-

396 3381 466 3434 tit
496 3381 606 3434 hoc
628 3381 904 3451 injocum
927 3387 1114 3451 pater,
1132 3382 1409 3453 dictoque
1430 3406 1456 3432 «
1479 3385 1774 3440 Numnam
1795 3385 2041 3455 egoipse

395 3475 453 3523 et
483 3474 672 3523 mater
699 3475 799 3524 tua
827 3470 1157 3540 fratresque
1193 3473 1274 3525 tui
1309 3479 1362 3526 te
1390 3475 1700 3544 prostratis
1731 3475 1794 3528 in
1823 3478 2042 3528 terram

396 3559 745 3628 corporibus
757 3559 1067 3614 adoratum
1085 3561 1422 3616 veniemus?
1438 3585 1463 3610 ››
1479 3562 1850 3634 objurgatum
1867 3562 2042 3618 silere

390 3648 590 3718 jussit.
616 3650 701 3702 lta
727 3665 864 3718 ergo
889 3649 1140 3703 visiones
1163 3650 1290 3704 istae
1314 3651 1847 3721 obsrmaquaadam
1874 3657 2046 3706 erant

394 3738 700 3791 veritatem
751 3737 1054 3808 aliquanto
1114 3745 1250 3792 ante
1302 3739 1620 3810 designans
1677 3741 2039 3796 informatio.

395 3829 537 3881 Nam
565 3833 624 3879 et
643 3827 752 3881 hoc
778 3827 1034 3880 vaticinii
1067 3833 1157 3881 est
1176 3842 1382 3898 genus,
1409 3829 1732 3900 multisque
1756 3847 2044 3901 praemon-

397 3923 580 3972 strata
611 3924 698 3971 est
748 3920 1061 3974 insomniis
1109 3920 1442 3975 futurorum
1493 3923 1869 3994 signiﬁcatio,
1911 3939 2042 3993 qum

397 4008 696 4062 insomnia
725 4009 994 4063 Numinis
1026 4010 1310 4065 instinctu
1342 4011 1638 4076 accidunt,
1672 4017 1738 4066 ut
1784 4013 2046 4067 Pharao-

400 4097 484 4162 ni,
519 4103 583 4150 ut
610 4097 1172 4154 Nabuchodonosori
1204 4105 1261 4154 et
1292 4101 1606 4172 permultis
1637 4101 1793 4157 aliis.

473 4187 675 4256 Operae
707 4188 964 4258 pretium
991 4195 1080 4243 est
1102 4190 1511 4245 vaticiniorum
1535 4190 1904 4247 differentias
1925 4206 2046 4245 cer-

398 4291 560 4329 nere.
598 4277 874 4341 Quaadam
906 4279 1238 4349 spiritualia
1269 4285 1406 4333 sunt
1438 4285 1495 4333 et
1525 4280 1752 4335 veracia
1777 4296 2042 4351 prorsus,

396 4368 462 4415 ut
492 4361 592 4416 Dei
627 4369 684 4416 et
707 4371 1068 4432 sanctorum,
1095 4383 1199 4420 suo
1233 4373 1498 4437 tempore
1522 4368 1680 4422 exitu
1711 4369 1813 4422 84
1847 4369 2042 4422 vatici-

396 4451 564 4506 nium
596 4453 1008 4508 confirmante.
1045 4453 1175 4509 Alia
1205 4472 1239 4510 a
1268 4455 1640 4511 daamonibus
1662 4458 2045 4528 proficiscun-

397 4545 514 4605 tur,
535 4539 715 4611 inque
737 4543 949 4596 horum
967 4542 1291 4602 cultoribus
1313 4544 1727 4601 efﬂcacitatem
1743 4552 2042 4602 exserunt.

2149 3388 2294 3457 ορᾷν.
2322 3407 2349 3434 ››
2383 3383 2690 3452 Διαπαίζων
2740 3380 2796 3438 δὲ
2851 3384 2913 3437 τὸ
2944 3383 3125 3458 ὅραμα
3185 3381 3378 3441 Ἰακὼϐ
3410 3384 3542 3463 ἔφη·
3587 3411 3616 3437 ‹‹
3664 3387 3800 3457 Ἀρα

2148 3473 2256 3547 ἐγὼ
2289 3475 2316 3528 ὁ
2349 3477 2529 3546 πατήρ
2561 3495 2657 3528 σου
2686 3474 2775 3528 καὶ
2808 3477 2841 3543 ἡ
2877 3477 3062 3549 μήτηρ
3096 3479 3191 3529 σοῦ
3225 3477 3315 3530 καὶ
3347 3477 3399 3530 οἱ
3431 3475 3666 3553 ἀδελφοί
3705 3495 3794 3527 σου

2149 3565 2350 3636 ἥξομεν
2382 3562 2752 3637 προσκυνῆσαί
2781 3584 2864 3616 σοι
2922 3562 3008 3616 ἐπὶ
3067 3572 3167 3632 τῆς
3197 3571 3300 3640 γῆς
3337 3585 3349 3632 ;
3386 3590 3412 3615 ››
3475 3566 3566 3620 καὶ
3627 3565 3798 3618 ἐπιτι-

2153 3657 2328 3727 μήσας
2383 3651 2612 3726 παρῄνει
2665 3657 2840 3728 σιγᾷν.
2902 3652 3061 3709 Οὕτω
3124 3655 3218 3725 μὲν
3275 3652 3366 3708 οὖν
3428 3655 3498 3708 τὰ
3552 3654 3792 3730 ὁράματα

2150 3740 2368 3816 ἀμυδρά
2394 3749 2497 3810 τῆς
2532 3741 2790 3808 ἀληθείας
2821 3741 3171 3815 προτύπωσις
3229 3743 3314 3810 ἧν·
3374 3745 3464 3796 καὶ
3503 3743 3608 3819 γὰρ
3637 3744 3790 3794 τοῦτο

2147 3833 2485 3909 προφητείας
2518 3829 2682 3900 εἶδος,
2714 3834 2802 3887 καὶ
2837 3833 2888 3887 ἐν
2921 3832 3160 3893 πολλοὶς
3200 3832 3479 3905 ἐθεωρήθη
3524 3832 3792 3889 πολλάκις

2150 3921 2223 3978 δι’
2252 3922 2474 3995 ὀνείρων
2515 3925 2548 3989 ἡ
2581 3927 2679 3976 τοῦ
2715 3921 3016 3994 μέλλοντος
3048 3918 3426 3995 προδήλωσις,
3461 3921 3515 3976 ἐν
3574 3925 3655 3982 οἷς
3713 3917 3794 3972 διὰ

2147 4013 2455 4086 κρείττονος
2482 4011 2689 4083 γίνεται
2718 4011 2982 4078 κατοχῆς,
3039 4009 3220 4084 ὥσπερ
3276 4010 3326 4064 ἐν
3365 4015 3446 4082 τῷ
3478 4011 3682 4085 Φαραὼ
3712 4007 3792 4060 καὶ

2148 4105 2227 4170 τῷ
2256 4095 2748 4173 Ναϐουχοδονοσὸρ
2779 4100 2868 4153 καὶ
2898 4097 3094 4160 ἂλλοις
3135 4099 3436 4161 πλείστοις.

2219 4190 2406 4258 Ἀξιον
2430 4185 2486 4243 δὲ
2534 4185 2727 4242 εἰδέναι
2785 4189 2879 4251 τὰς
2940 4186 3206 4264 διαφορὰς
3259 4193 3369 4243 τῶν
3424 4190 3792 4264 προφητειῶν.

2149 4279 2210 4334 Ἡ
2247 4279 2340 4351 μὶν
2374 4277 2479 4354 γάρ
2517 4275 2630 4331 ἐστι
2661 4280 3000 4348 πνευματική
3062 4278 3151 4331 καί
3220 4277 3434 4347 ἀληθὴς
3467 4280 3667 4346 πάντη,
3722 4273 3792 4333 ὡς

2149 4369 2303 4434 ἡτοῦ
2345 4370 2478 4420 Θεοῦ
2535 4365 2623 4419 καὶ
2682 4371 2787 4419 τῶν
2850 4367 3041 4441 ἁγίων,
3104 4365 3154 4420 ἐν
3211 4372 3387 4440 καιρῷ
3443 4372 3526 4439 τῷ
3568 4364 3690 4436 ἰδίῳ
3738 4361 3794 4414 τὸ

2151 4456 2316 4529 πέρας
2372 4459 2479 4510 τῶν
2532 4455 3026 4530 προφητευομένων
3083 4454 3434 4529 ἐπιφέρουσα.
3493 4453 3682 4522 ’Ἄλλη
3738 4447 3790 4504 δὲ

2152 4541 2470 4616 δαιμονικὴ,
2503 4543 2554 4596 ἐν
2583 4549 2698 4604 τοῖς
2757 4548 2863 4598 τῶν
2926 4541 3204 4617 δαιμόνων
3246 4549 3600 4616 θεραπευταῖς
3657 4540 3788 4611 ἐνερ-

398 4632 615 4701 Estque
649 4631 706 4684 id
728 4648 915 4702 genus
940 4633 1287 4704 multiplex;
1320 4636 1427 4690 sub
1459 4652 1575 4706 quo
1607 4643 1746 4691 sunt
1765 4636 2039 4692 vaticinia

2151 4633 2414 4708 γουμένη·
2461 4636 2539 4706 [Ρ.
2583 4636 2673 4706 36]
2704 4630 3053 4706 πολύτροπος
3122 4630 3180 4687 δὲ
3235 4633 3395 4704 αὕτη,
3447 4633 3538 4688 οἵα
3595 4635 3629 4700 ἡ
3687 4630 3789 4683 τῶν

400 4737 469 4775 ex
517 4721 710 4775 farina
737 4727 795 4774 et
849 4722 1094 4792 hordeo,
1155 4724 1382 4794 Pythia,
1415 4742 1585 4796 nugae
1643 4743 1711 4780 ex
1752 4726 2047 4781 Dodonaeo.

397 4826 641 4879 quercu,
690 4810 1088 4880 extispicium,
1138 4813 1492 4884 auspicium,
1553 4816 1886 4887 augurium,
1921 4821 2046 4870 tum

397 4899 864 4968 conjectationes
887 4901 957 4954 de
982 4902 1535 4966 sternutationibus,
1561 4903 1897 4968 tonitribus,
1920 4921 2046 4958 mu-

397 4988 550 5042 rium
583 4988 907 5060 feliumque
942 4990 1215 5058 stridore,
1249 4991 1564 5064 lignorum,
1600 4994 1832 5048 aurium
1859 4994 2046 5047 tinni—

398 5085 482 5147 tu,
515 5082 778 5151 corporis
829 5089 1083 5137 tremore
1129 5089 1399 5153 sumptae.
1434 5083 1598 5147 Quod
1642 5101 1827 5155 genus
1868 5085 2045 5138 etiam

399 5169 644 5238 auguria
666 5171 1086 5235 nominantur;
1112 5171 1281 5241 cujus
1304 5188 1440 5242 pars
1453 5178 1722 5227 versatur
1738 5174 1798 5226 in
1817 5173 2042 5239 avibus,

396 5273 534 5328 pars
557 5258 617 5311 in
642 5259 999 5313 tremoribus
1022 5260 1280 5329 partium
1316 5262 1581 5330 corporis
1608 5261 1725 5315 sive
1748 5261 2042 5316 subsulta-

399 5347 659 5402 tionibus
691 5347 1188 5419 contemplandis,
1240 5366 1375 5420 pars
1404 5351 1465 5404 in
1517 5352 1782 5422 augurio,
1816 5367 1951 5422 pars
1983 5351 2044 5407 in

2154 4721 2576 4797 ἀλευρομαντῶν
2633 4721 2722 4777 καὶ
2791 4727 3167 4797 κριθομαντῶν
3225 4722 3520 4797 λεγομένη,
3599 4719 3685 4776 οἵα
3760 4719 3791 4783 ἡ

2155 4811 2329 4876 Πυθία
2360 4813 2449 4866 καὶ
2483 4815 2516 4881 ἡ
2551 4809 2639 4866 διὰ
2678 4819 2778 4880 τῆς
2839 4809 3165 4874 Δωδωναίας
3223 4811 3467 4885 ληροῦσα
3527 4811 3703 4886 δρυὸς,
3759 4807 3790 4872 ἡ

2157 4899 2246 4956 διὰ
2277 4907 2383 4956 τῶν
2417 4900 2752 4975 σπλάγχνων
2817 4902 3036 4973 μαντεία
3066 4903 3155 4954 καὶ
3216 4905 3249 4970 ἡ
3303 4899 3370 4955 δι’
3433 4900 3629 4976 ὀρνέων
3661 4897 3791 4964 πτή-

2156 5013 2315 5058 σεως,
2347 4991 2436 5045 καὶ
2469 4994 2503 5059 ἠ
2538 4988 2626 5044 διὰ
2675 4993 2932 5065 κλαγγῶν
2993 4991 3086 5044 καὶ
3143 4997 3408 5064 πταρμῶν
3462 4985 3788 5064 συμϐολική’

2157 5080 2246 5135 οἷά
2280 5085 2311 5149 ἡ
2364 5080 2454 5135 διὰ
2515 5083 2768 5156 βροντῆς,
2819 5079 2993 5152 μυῶν,
3053 5079 3251 5157 γαλῆς,
3309 5086 3541 5155 τρισμοῦ
3597 5077 3785 5148 ξύλων,

2155 5171 2295 5232 ὠτὸς
2381 5168 2576 5244 ἤχων,
2661 5166 2896 5242 παλμῶν
2976 5179 3252 5242 σώματος,
3338 5165 3647 5244 συμϐολικὴ
3703 5161 3782 5216 καἱ

2157 5259 2476 5327 οἰωνιστική
2511 5258 2802 5334 λεγομένη.
2835 5259 2935 5318 Ἦς
2964 5259 3026 5311 τὸ
3061 5259 3154 5329 μὲν
3189 5256 3326 5311 ἐστιν
3359 5250 3782 5332 ὀρνεοσκοπικὸν,

2153 5350 2215 5404 τὸ
2248 5346 2305 5402 δὲ
2338 5347 2700 5420 παλμωτικόν
2733 5350 2865 5420 (46),
2893 5349 2955 5401 τὸ
3013 5345 3070 5402 δὲ
3122 5347 3568 5416 οἰωνοσκοπικὸν,
3623 5343 3680 5397 τὸ
3737 5335 3786 5391 δὶ

1600 5458 1957 5514 XYLANDRI
1998 5457 2084 5513 ET
2122 5458 2336 5514 GOARl
2378 5458 2597 5512 NOTxE.

468 5554 578 5624 (46)
619 5556 680 5606 In
740 5555 1082 5608 tremoribus.
1143 5557 1214 5610 Ut
1243 5556 1400 5611 hunc
1458 5557 1652 5610 locum
1714 5557 1798 5609 sic
1848 5562 2038 5613 verte-

398 5641 544 5684 rem.
588 5642 722 5679 cum
781 5626 939 5679 vocis
984 5624 1343 5695 παλμωτικὸν
1395 5630 1575 5682 movit
1625 5634 1881 5696 etymon,
1911 5633 2037 5682 tum

397 5697 589 5750 Suidae
623 5713 714 5750 me
749 5699 1039 5768 permovit
1062 5700 1489 5767 testimonium,
1523 5701 1623 5770 qui
1654 5715 1724 5753 ex
1773 5715 2035 5768 quocun-

2150 5572 2262 5626 que
2294 5552 2534 5609 tandem
2568 5561 2806 5609 auctore
2836 5555 3004 5624 (mihi
3038 5555 3197 5609 enim
3230 5571 3352 5609 non
3396 5553 3616 5626 liquet),
3649 5543 3778 5626 παλτ

2152 5613 2310 5696 tim?»
2369 5625 2636 5696 οἰώνισμα
2695 5613 2967 5698 explicat,
3028 5643 3158 5681 cum
3233 5613 3612 5698 praesagitur"
3646 5613 3774 5698 quid

2149 5694 2572 5770 praemonstret
2593 5694 2939 5754 subsaltatio
2971 5698 3060 5752 vel
3092 5694 3333 5771 tremor,
3376 5694 3532 5753 verbi
3582 5694 3772 5763 gratia.
