4094 6292
301 395 383 455 93

1452 379 1991 444 HISTORIABUM
2034 377 2591 440 COMPENDIUM.
3660 383 3738 439 u

307 526 761 606 χειροσκοπικὸν,
811 524 874 579 τὸ
935 520 991 577 δε
1046 517 1255 575 ἐνόδιον
1305 515 1343 587 ἤ
1378 512 1967 587 κληδονιστικὸν,οῖον

2102 511 2437 568 livinatione
2460 528 2529 567 ex
2561 527 2850 568 manuum
2883 513 3279 585 inspectione,
3304 528 3442 583 pars
3468 512 3530 567 in
3552 512 3739 569 obviis

304 601 437 677 grav
501 616 563 672 ἐκ
625 618 722 669 τοῦ
778 611 1189 687 παρατυχόντος
1250 606 1544 683 εῗρημένου
1602 601 1966 678 τεκμαίρηταί

310 730 398 770 τις
434 708 497 762 τὸ
524 704 806 778 ἐσόμενον,
837 701 928 757 καὶ
988 700 1114 755 ὅταν
1177 696 1247 753 δι’
1279 696 1562 769 ὀνομάτων
1596 698 1799 768 νεκρῶν
1846 691 1971 748 ἔπι-

311 797 590 869 κλήσεως,
615 794 706 848 καὶ
739 793 864 847 ὅταν
894 788 965 845 δι’
993 790 1205 863 ἄστρων
1261 786 1351 841 καὶ
1415 785 1625 842 ὑδάτων
1662 784 1696 852 ἢ
1743 782 1970 857 ὀνείρων

319 891 587 960 ματαίων,
638 885 747 938 οἷοι
814 881 931 936 καθ’
1020 878 1250 948 ἑκάστην
1340 881 1469 931 πᾶσι
1546 871 1969 947 προσπίπτουσι·

318 959 538 1030 σπάνιοι
571 974 674 1047 γὰρ
706 969 827 1026 λίαν
861 969 912 1024 οἱ
943 967 1148 1031 ἄνωθεν
1173 966 1420 1036 ἥκοντες.
1455 962 1621 1021 Οὗτοι
1673 960 1730 1017 δὲ
1781 959 1973 1022 πάντες

319 1059 707 1137 δαιμονιώδεις
748 1061 802 1114 οἱ
856 1058 1052 1133 τρόποι
1111 1061 1204 1125 τῆς
1263 1051 1595 1132 προφητείας
1636 1053 1723 1106 καὶ
1760 1069 1972 1124 στοχα-

318 1153 521 1221 στικοὶ,
554 1149 607 1207 ο⁹ί
636 1150 772 1207 κατά
798 1143 1146 1222 συμϐεϐηκὸς
1212 1143 1573 1217 ἀληθεύοντες
1626 1141 1678 1197 ἔν
1718 1161 1858 1197 τισιν
1918 1139 1969 1194 ἐν

315 1250 440 1305 τοῖς
494 1241 775 1305 πλείστοις
830 1238 1251 1314 ἁμαρτάνουσιν.
1309 1233 1493 1305 Ἀλλη
1554 1230 1610 1287 δὲ
1668 1229 1976 1305 προφητεία

318 1335 553 1411 φυσική,
585 1333 659 1394 ὡς
708 1333 743 1400 ἡ
803 1327 892 1385 διὰ
946 1331 1054 1383 τῶν
1113 1324 1352 1400 ἀλόγων·
1407 1320 1689 1411 χελιδόνες
1726 1322 1829 1397 γὰρ
1885 1319 1976 1373 καὶ

323 1410 619 1498 μύρμηκες
647 1421 738 1475 καὶ
769 1418 987 1496 γέρανοι
1035 1415 1215 1491 ἑχῖνοί
1268 1435 1326 1469 τε
1380 1413 1472 1469 καὶ
1528 1410 1800 1498 ἀλκυόνες
1856 1429 1974 1498 χει-

317 1496 509 1585 μῶνος
568 1507 812 1569 ἐπιόντος
871 1509 1110 1586 φυσικῶς
1168 1504 1601 1567 ἒπαισθάνονται.
1683 1497 1863 1567 ’Ἄλλη
1920 1496 1977 1553 δὲ

314 1602 590 1677 τεχνητή,
618 1599 693 1659 ὡς
720 1600 754 1667 ἡ
787 1598 913 1671 παρ’
947 1596 1152 1672 ἰατροῖς
1186 1594 1276 1649 καὶ
1306 1588 1662 1666 κυϐερνήταις
1696 1589 1973 1665 ὁρωμένη,

313 1691 450 1760 ⁴ἥτις
480 1687 799 1763 στοχασμὸς
834 1683 1050 1760 μᾶλλον
1078 1684 1114 1754 ἥ
1169 1682 1480 1759 προφητεία
1530 1680 1974 1754 μετωνόμασται.

313 1780 434 1836 Καὶ
466 1778 613 1852 παρᾶ
634 1775 831 1838 ταύτας
860 1777 897 1844 ἡ
930 1771 1200 1846 δημώδης
1230 1793 1288 1828 τε
1336 1774 1426 1826 καί
1477 1770 1658 1839 κοινὴ,
1710 1769 1784 1830 ὡς
1846 1768 1973 1823 ὅταν

2077 602 2437 670 rumoribus,
2495 600 2654 657 unde
2687 601 2889 656 omnia
2947 606 3283 672 captantur,
3342 617 3479 655 cum
3530 601 3736 657 obvius

2078 690 2330 762 quisque
2362 691 2760 763 interrogatus
2789 689 2934 745 dicit
2964 690 3120 745 unde
3147 690 3415 745 futurum
3447 691 3737 761 conjicia-

2078 784 2192 836 tur.
2244 782 2389 835 Tum
2453 785 2825 836 mortuorum
2874 779 3224 835 nominatim
3270 780 3735 836 invocandorum

2078 870 2249 935 ratio,
2284 885 2354 924 ex
2412 869 2732 934 sideribus,
2787 868 2956 938 aquis
3002 874 3104 923 aut
3157 868 3438 923 inanibus
3490 870 3739 924 somniis

2082 958 2416 1032 praedictio,
2450 958 2655 1029 qualia
2674 959 2835 1013 omni
2876 963 3047 1012 nocte
3078 958 3380 1027 quibusvis
3420 959 3736 1014 accidunt:

2084 1063 2219 1104 rara
2244 1047 2565 1103 admodum
2602 1053 2742 1102 sunt
2764 1047 2920 1102 enim
2953 1046 3187 1101 somnia
3212 1046 3493 1103 divinitus
3519 1048 3737 1104 oblata.

2086 1139 2221 1194 Hazc
2251 1137 2454 1192 omnia
2485 1136 2845 1192 vaticinandi
2876 1152 3093 1209 genera
3123 1153 3157 1191 a
3190 1136 3561 1192 daamonibus
3602 1144 3741 1193 sunt

2085 1226 2567 1298 conjecturisque
2610 1226 2966 1290 innituntar,
3015 1226 3097 1280 ita
3122 1231 3186 1279 ut
3217 1241 3322 1296 per
3371 1226 3647 1282 accidens
3679 1228 3740 1283 in

2083 1312 2437 1385 quibusdam
2461 1330 2659 1368 verum
2684 1314 2996 1383 attingant,
3022 1316 3084 1366 in
3111 1312 3415 1383 plerisque
3439 1312 3738 1369 aberrent.

2081 1403 2183 1458 Est
2212 1408 2271 1457 et
2296 1402 2415 1457 alia
2442 1402 2733 1458 naturalis
2790 1401 3071 1456 divinatio
3124 1401 3460 1457 brutorum.
3508 1404 3741 1457 Etenim

2081 1491 2455 1556 hirundines,
2489 1491 2770 1557 formicae,
2802 1498 2998 1564 gru‘es,
3024 1490 3220 1545 echini
3250 1496 3429 1561 atque
3460 1490 3739 1562 alcyones

2083 1586 2497 1653 tempestatem
2531 1585 2905 1652 appetentem
2939 1586 3167 1634 natura:
3200 1580 3438 1635 monitu
3480 1597 3741 1650 praesen-

2084 1670 2257 1726 tiunt.
2293 1670 2422 1724 Alia
2451 1669 2793 1734 artificiosa,
2824 1668 3064 1739 qualem
3095 1668 3308 1722 medici
3345 1674 3404 1722 et
3444 1668 3737 1739 guberna-

2084 1763 2242 1813 tores
2272 1758 2630 1825 ostendunt;
2667 1774 2798 1828 quas
2823 1762 3019 1811 tamen
3051 1756 3407 1825 conjectatio
3431 1757 3629 1827 potius
3654 1763 3743 1811 est

314 1870 456 1943 εἴπῃ
486 1889 566 1928 τις
597 1868 683 1922 ’ὁτι
718 1866 853 1939 μετά
880 1870 1027 1939 τρεῖς
1061 1862 1270 1938 ἡμέρας
1302 1858 1449 1917 ἔσται
1508 1859 1747 1932 χειμὼν,
1780 1855 1864 1912 ὅτι
1916 1855 1977 1911 ἐκ

2102 1866 2270 1921 quam
2301 1849 2582 1903 divinatio
2615 1846 2929 1918 appellata.
2951 1848 3173 1901 Praeter
3195 1846 3299 1900 has
3322 1846 3578 1918 vulgaris
3601 1864 3742 1917 quo-

315 1957 662 2036 φιλονεικίας
695 1958 881 2030 ψυχῆς
922 1952 1194 2013 πολλάκις
1249 1956 1412 2024 μῖσος
1465 1949 1752 2025 ἐγείρεται,
1784 1946 1843 2002 ἐκ
1878 1950 1975 2036 τοῦ

318 2035 521 2122 μίσους
554 2043 613 2100 δὲ
640 2039 821 2119 ἔριδος
851 2043 1211 2117 ἀνισταμένης
1245 2039 1332 2097 καί
1368 2040 1776 2116 κρατυνομένης
1811 2035 1979 2107 ζῆλος

310 2134 536 2211 ἐγένετο
565 2134 782 2209 πικρὸς,
814 2132 877 2188 ὶκ
906 2129 965 2187 δὶ
986 2135 1084 2187 τοῦ
1111 2130 1309 2211 φθόνος
1346 2128 1605 2203 ἐνέσκηψε
1632 2126 1894 2203 κρυπτὸς,
1922 2125 1981 2181 ἐκ

313 2224 382 2281 δὲ
413 2228 511 2279 τοῦ
542 2224 570 2278 ὁ
602 2222 777 2296 θυμὸς
808 2222 1042 2291 ἀνῆπται
1077 2217 1268 2290 δεινὸς,
1302 2218 1362 2274 ἐκ
1403 2222 1501 2273 τοῦ
1531 2220 1706 2290 θυμοῦ
1738 2213 1795 2271 δὲ
1823 2217 1978 2271 θάνα-

313 2336 422 2376 τος
454 2312 737 2368 ἀνακόπτει
771 2310 1030 2386 πονηρὸς,
1054 2308 1102 2365 εί
1138 2310 1214 2383 μή
1258 2308 1528 2385 κρείττοσι
1558 2303 1821 2377 δηλονότι
1845 2324 1978 2379 προ-

314 2426 388 2462 νο
398 2406 502 2468 ίαις
534 2403 917 2459 ἀνακόπτοιτο.

405 2654 492 2708 Ἐν
515 2655 596 2722 τῷ
653 2649 924 2724 πραθῆναι
972 2646 1063 2702 τὸν
1121 2648 1321 2723 Ἰωσὴφ
1386 2649 1441 2700 ἓν
1491 2645 1756 2722 Αἰγύπτῳ
1823 2649 1986 2699 Πετε-

326 2747 445 2823 φρῇ
477 2740 729 2814 εὐνούχῳ
755 2743 836 2810 τῷ
865 2737 1257 2823 ἀρχιμαγειρῳ
1288 2737 1511 2811 Φαραὼ,
1544 2736 1631 2790 καὶ
1666 2734 1719 2789 ἐν
1767 2732 1983 2809 δεσμω.

324 2821 512 2906 τηρίῳ
541 2827 946 2906 ἰγκλεισθῆναι,
1010 2821 1210 2897 συνέϐη
1268 2827 1361 2882 τὸν
1419 2824 1835 2901 ἀρχισιτοποιὸν
1899 2823 1987 2878 καὶ

328 2924 425 2979 τὸν
457 2917 880 2995 ἀρχιοινοχόον,
914 2916 1039 2977 τοὺς
1065 2916 1365 2995 εὐνούχους
1397 2914 1623 2989 Φαραὼ,
1675 2912 1987 2987 ἐγκλεισθῆ-

334 3032 425 3066 ναι
471 3008 526 3064 ἐν
574 3012 655 3079 τῷ
720 3007 872 3078 αὗτῷ
932 3002 1294 3079 δεσμωτηρίῳ
1386 2999 1509 3058 ἔνθα
1588 3004 1677 3058 καὶ
1764 3004 1988 3078 Ἰωσήφ.

331 3102 592 3173 Ἢμερῶν
626 3094 684 3151 δὶ
715 3092 1048 3152 διελθουσῶν
1077 3094 1378 3169 ἀμφότεροι
1434 3089 1577 3147 εἶδον
1627 3092 1869 3147 ἐνύπνια.
1930 3091 1991 3147 Ὁ

348 3189 443 3261 μὶν
471 3180 865 3261 ἀρἹ.ιοινοχόος
894 3183 1142 3257 ἄμπελον
1198 3180 1308 3237 εἶδε
1364 3179 1673 3237 θάλλουσαν
1735 3180 1991 3255 βλαστοῖς

350 3280 443 3333 καὶ
525 3277 808 3352 πεπείρους
893 3274 1125 3349 βότρυας
1210 3272 1490 3350 σταφυλῆς
1544 3267 1991 3348 προϐάλλουσαν,

356 3373 500 3443 τρεῖς
581 3363 634 3421 δε
718 3365 923 3436 ταύτην
1010 3366 1319 3440 ὑπὲχουσαν
1405 3364 1641 3427 κάτωθεν
1690 3361 1987 3434 πυθμένας.

354 3481 384 3509 α
417 3456 552 3532 Ἐγὼ
581 3452 657 3524 δὲ,
688 3454 875 3532 φησὶν,
909 3452 1069 3526 ᾤμην
1108 3458 1189 3525 τῷ
1247 3453 1495 3527 ποτηρίῳ
1550 3453 1647 3521 τὴν
1709 3449 1986 3531 σταφυλὴν

344 3541 612 3601 ἕκθλίὸων
671 3544 747 3607 εἷς
804 3546 903 3614 τήν
985 3549 1149 3619 χεῖρα
1204 3539 1413 3597 διδόναι
1466 3543 1688 3615 Φαραώ.
1744 3566 1771 3592 ›ι
1808 3539 1907 3599 Ι(αὲ
1964 3544 1991 3598 6

340 3638 544 3711 Ἰωσὴφ
574 3636 705 3699 τοὺς
731 3640 876 3709 τρεῖς
907 3633 1186 3707 πυθμένας
1218 3629 1295 3688 ἔτι
1355 3637 1499 3706 τρεῖς
1529 3633 1739 3706 ἡμέρας
1780 3629 1991 3697 ἔσεσθαί

343 3747 502 3803 φησι,
533 3725 626 3779 καὶ
658 3731 757 3793 τῆς
788 3724 968 3802 ἀρχῆς
1014 3743 1109 3777 σου
1143 3723 1476 3795 μεμνήσεται
1532 3722 1560 3775 6
1619 3723 1843 3796 Φαραὼ,
1902 3723 1989 3777 καὶ

339 3815 784 3883 ἀποκαταστήσει
829 3833 887 3866 σε
944 3813 1019 3874 εἰς
1076 3813 1175 3879 τήν
1226 3812 1493 3886 προτέραν
1552 3812 1993 3890 ἀρχιοινοχοῖαν.

336 3904 528 3961 Ἀλλὰ
584 3906 854 3977 μνήσθητι
912 3902 1115 3974 κάμοῦ,
1170 3901 1295 3955 ὅταν
1354 3899 1412 3955 εὖ
1470 3921 1551 3954 σοι
1609 3901 1853 3977 γένηται,
1913 3902 1996 3957 ὅτι

337 3994 523 4068 μάτην
558 3986 875 4061 διαϐληθεὶς
929 3993 1010 4062 τῷ
1076 3990 1400 4064 ὀχυρώματι
1450 3988 1630 4064 τούτῳ
1685 3987 2001 4065 κατακέκρι-

338 4104 464 4157 μαι.
498 4080 627 4139 Ἐπὶ
657 4079 873 4142 τούτοις
904 4080 994 4134 καὶ
1046 4080 1073 4135 6
1126 4078 1545 4154 ἀρχισιτοποιὸς
1608 4082 1694 4152 [Ρ.
1728 4083 1819 4155 37]
1872 4076 1996 4158 ἔφη’

336 4198 369 4225 u
409 4172 551 4246 Τρία
579 4173 718 4226 κανᾶ
774 4166 1082 4244 χονδριτῶν
1144 4171 1450 4225 σιτοποιοῦ.
1500 4167 1549 4242 ἐξ
1598 4170 1671 4223 ὧν
1740 4167 1911 4244 ἔργων
1971 4170 2000 4224 6

342 4259 608 4337 βασιλεὺς
641 4258 831 4328 ἐσθίει,
863 4256 952 4313 ἐπὶ
999 4263 1098 4327 τῆς
1125 4264 1367 4335 κεφαλῆς
1402 4278 1507 4330 μου
1546 4256 1692 4333 ἔχειν
1753 4258 2002 4333 ὑπελάμ-

336 4347 526 4408 ϐανοψ
588 4350 680 4405 καὶ
728 4350 796 4404 τὰ
843 4349 1058 4405 πετεινά
1118 4351 1217 4403 τοῦ
1295 4348 1521 4424 οὐρανοῦ
1597 4346 1817 4404 ’ἐπιόντα
1875 4372 1999 4406 κατ-

334 4443 531 4512 ήσθιεν
564 4438 721 4494 αὐτά.
747 4462 776 4489 ››
812 4437 915 4495 Καὶ
947 4438 975 4492 6
1004 4438 1226 4514 Ἰωσὴφ,
1259 4461 1288 4489 κ
1319 4439 1441 4493 "Et:
1469 4442 1617 4512 τρεῖς
1644 4437 2005 4519 ἡμέραιβφη.

2094 1955 2209 2010 que
2239 1939 2352 1993 ista
2382 1944 2439 1992 et
2469 1937 2824 2003 communis,
2860 1941 2925 1989 ut
2952 1952 3086 1990 cum
3120 1935 3253 2006 quis
3298 1936 3443 1990 dicit
3474 1942 3607 2008 post
3640 1936 3748 1989 tri-

2094 2028 2275 2083 duum
2306 2026 2432 2081 fore
2460 2030 2886 2097 tempestatem.
2914 2024 3009 2081 σε
3042 2023 3312 2078 Studium
3337 2025 3744 2079 contendendi

2094 2116 2369 2188 exiguum
2421 2130 2576 2187 smpe
2608 2114 2742 2168 odio
2794 2112 3170 2168 occasionem
3214 2112 3472 2184 praebet;
3526 2130 3593 2168 ex
3629 2132 3746 2188 quo

2095 2212 2223 2262 orta
2253 2207 2381 2261 rixa
2410 2211 2468 2260 et
2496 2205 2893 2260 invalescente
2926 2202 3138 2259 acerba
3160 2204 3393 2258 exsistit
3421 2204 3746 2262 aamulatio.

2096 2298 2255 2352 Hanc
2278 2295 2513 2350 occulta
2532 2294 2919 2364 subsequitur
2936 2292 3188 2359 invidia;
3213 2299 3351 2347 etex
3374 2294 3485 2348 hac
3506 2311 3745 2350 rursum

2096 2385 2280 2442 animi
2312 2384 2643 2440 exardescit
2689 2382 2842 2437 acris
2874 2383 2983 2449 ira,
3030 2399 3161 2453 quas
3190 2382 3527 2438 homicidiis
3575 2384 3744 2440 {uadis

2095 2491 2337 2531 causam
2369 2474 2624 2541 exhibet,
2658 2472 2773 2527 nisi
2807 2472 3239 2543 prasstantioris
3289 2471 3573 2527 nimirum
3605 2490 3745 2544 pru-

2098 2564 2314 2620 dentiaa
2345 2561 2613 2618 consiliis
2645 2578 2715 2616 ea
2744 2565 3101 2616 avertantur.

2170 2654 2315 2708 Cum
2346 2653 2407 2706 in
2438 2654 2747 2724 Egyptum
2782 2649 3057 2705 venditus
3104 2651 3392 2722 Josephus
3442 2651 3751 2722 Putiphari

2100 2743 2275 2815 regiae
2326 2740 2654 2796 Pharaonis
2694 2740 2907 2795 culinze
2950 2738 3226 2810 praefecto
3276 2740 3553 2796 eunucho
3604 2745 3761 2795 esset

2102 2837 2277 2903 atque
2320 2831 2379 2884 in
2435 2846 2735 2886 carcerem
2788 2827 3062 2895 traditus,
3112 2829 3309 2882 evenit
3355 2835 3420 2883 ut
3467 2829 3759 2900 pistorum

2104 2936 2343 2993 quoque
2376 2923 2435 2974 et
2455 2920 2879 2990 pincernarum
2902 2916 3228 2971 Pharaonis
3248 2918 3551 2989 principes
3578 2935 3759 2973 eunu-

2105 3020 2198 3075 chi
2243 3019 2303 3072 in
2353 3015 2628 3073 eumdem
2682 3032 2981 3071 carcerem
3032 3014 3552 3070 concluderentur.
3616 3017 3758 3071 Inde

2105 3108 2337 3178 aliquot
2367 3106 2585 3177 elapsis
2617 3105 2827 3160 diebus
2857 3110 3108 3174 uterque
3140 3104 3352 3158 horum
3394 3104 3757 3161 insomnium

2025 3228 2067 3293 ρ
2105 3195 2333 3252 habuit.
2377 3195 2667 3293 Princeps
2704 3194 3129 3293 .pince-rnarum
3177 3193 3391 3293 Iret-u'lit
3420 3194 3602 3249 visam
3648 3195 3758 3250 sibi

2106 3286 2166 3340 in
2199 3284 2424 3339 somnis
2453 3283 2634 3338 fuisse
2668 3283 2843 3337 vitem
2868 3282 3064 3337 laetam
3098 3282 3445 3354 palmitibus
3470 3290 3761 3339 maturas-

2102 3391 2216 3447 que
2246 3390 2387 3430 uvas
2418 3373 2839 3445 porrigentem,
2883 3377 3060 3443 atque
3116 3372 3349 3428 inferne
3402 3373 3592 3429 tribus
3622 3374 3762 3429 sub~

2102 3465 2305 3519 nixam
2336 3461 2700 3534 palmitibus,
2734 3478 2796 3515 se
2841 3478 2974 3515 vero
3022 3478 3193 3517 uvam
3228 3462 3287 3516 in
3336 3463 3618 3533 poculum
3665 3481 3765 3519 ex-

2101 3554 2380 3625 primere,
2414 3550 2591 3621 idque
2623 3550 2915 3606 Pharaoni
2948 3550 3007 3604 in
3033 3567 3280 3605 manum
3313 3551 3474 3607 dare.
3500 3554 3643 3607 Tum
3666 3555 3761 3607 Jo-

2106 3642 2326 3714 sephus
2359 3641 2783 3712 interpretatus
2806 3644 2892 3693 est
2917 3639 3102 3693 tribus
3124 3639 3473 3710 palmitibus
3496 3641 3755 3696 triduum

2107 3730 2427 3805 significari
2459 3747 2471 3783 :
2507 3746 2574 3783 eo
2607 3735 2808 3785 exacto
2856 3729 3147 3783 Pharaoni
3198 3729 3595 3786 ministerium
3631 3733 3759 3801 ejus

2109 3822 2170 3877 in
2204 3820 2553 3875 memoriam
2585 3816 2939 3884 rediturum,
2972 3817 3286 3888 ipsumque
3316 3834 3351 3872 a
3380 3834 3515 3889 rege
3547 3819 3609 3874 in
3643 3820 3764 3891 pri-

2110 3912 2331 3967 stinam
2355 3909 2700 3982 dignitatem
2756 3907 3093 3963 restitutum
3127 3907 3218 3962 iri.
3254 3907 3545 3979 Petiitque
3577 3915 3642 3963 ut
3675 3927 3769 3964 re-

2113 4001 2223 4056 bus
2255 3998 2554 4072 prosperis
2586 3997 2852 4052 redditus
2882 3996 2973 4051 sui
3003 4013 3109 4069 per
3149 3996 3510 4053 calumniam
3544 4000 3765 4054 carceri

2113 4089 2331 4146 inclusi
2353 4088 2646 4143 rationem
2660 4085 2925 4142 haberet.
2942 4086 3166 4141 Deinde
3177 4087 3460 4158 magister
3472 4089 3763 4159 pistorum

2112 4200 2140 4228 ‹‹
2173 4177 2533 4249 Imaginatus
2561 4190 2717 4241 sum,
2751 4174 2852 4241 ait,
2880 4189 2985 4243 per
3009 4174 3270 4244 quietem
3294 4175 3473 4245 capiti
3498 4192 3629 4230 meo
3652 4177 3765 4231 im-

2112 4267 2334 4341 positas
2365 4270 2483 4319 tres
2514 4268 2744 4335 sqortas
2779 4280 2869 4318 me
2916 4279 3141 4335 gerere,
3192 4263 3445 4335 panibus
3494 4263 3764 4321 delicatis

2113 4357 2341 4428 plenas,
2368 4352 2643 4427 qualibus
2666 4370 2768 4407 rex
2794 4352 2947 4407 vesci
2976 4352 3160 4407 solet:
3185 4359 3467 4409 caaterum
3507 4371 3640 4410 aves
3671 4355 3765 4410 in-

2114 4460 2323 4516 gruere
2362 4447 2539 4513 atque
2570 4458 2672 4497 eos
2704 4439 3008 4495 devorare.
3047 4461 3076 4490 »
3113 4440 3437 4513 Respondit
3476 4444 3766 4515 Josephus

335 4530 437 4587 καῖ
469 4528 753 4607 ἀφελεῖται
784 4528 988 4603 Φαραὼ
1018 4528 1118 4597 τήν
1150 4525 1392 4606 κεφαλήν
1453 4549 1550 4582 σου
1605 4528 1712 4584 ἀπὸ
1745 4534 1860 4599 σοῦ,
1918 4553 1987 4587 κα

2113 4536 2239 4591 fore
2269 4540 2335 4591 ut
2364 4538 2498 4606 post
2517 4538 2637 4588 tres
2666 4531 2793 4587 dies
2817 4531 3047 4587 Pharao
3076 4548 3211 4589 eum
3234 4533 3425 4605 capite
3447 4533 3767 4592 multatum

1565 4629 1928 4688 XYLANDRI
1965 4634 2052 4689 ET
2090 4632 2305 4691 GOARI
2334 4632 2557 4689 NOTAE.

339 4730 510 4788 oculi
536 4728 733 4784 dextri
768 4743 781 4794 ;
814 4732 875 4782 et
898 4727 981 4782 ait
1012 4726 1430 4801 Possidonium
1463 4744 1532 4782 ea
1571 4727 1644 4801 de
1682 4745 1744 4783 re
1777 4730 2005 4801 aliquid

343 4818 484 4858 esse
515 4799 1163 4872 commentatum.Sane
1180 4798 1339 4870 apud
1368 4799 1743 4872 Theocritum
1767 4798 2004 4872 quo—que

342 4875 428 4930 de
457 4889 660 4942 amore
694 4888 800 4942 suo
833 4869 1637 4942 benepminansquidamita
1662 4872 1744 4927 ait
1765 4869 2003 4927 ε”Ἁλλε-

338 4965 441 5000 ται
475 4941 762 5017 ὀφθαλμός
798 4962 890 5017 μοι
923 4942 951 4995 6
983 4938 1177 5009 δεξιός,
1223 4938 1465 5017 :est.
1525 4943 1743 5017 Oculus
1801 4945 2007 5000 dexter

339 5017 496 5088 mihi
520 5011 1105 5088 substitit.(_}aeterum
1136 5013 1280 5084 quid
1297 5011 1779 5088 divinationibus
1803 5017 2006 5088 hujus-

340 5087 513 5146 modi
568 5085 962 5159 tribuendum
1011 5085 1105 5159 sit,
1188 5085 1409 5159 optime
1465 5085 1762 5159 intelliges
1821 5085 1897 5143 ex
1937 5095 2002 5143 D.

340 5159 682 5231 Augustino
714 5157 917 5231 multis
950 5156 1182 5231 locis_.et
1202 5157 1551 5231 prmcipuel.
1577 5174 1612 5211 ιι
1633 5156 1712 5212 Πθ
1735 5159 2006 5215 doctrina

340 5228 712 5301 Christiana,
744 5245 795 5282 c.
827 5229 898 5282 2O
929 5234 988 5301 et
1012 5228 1202 5301 tribus
1244 5229 1653 5301 sequentibus.
1706 5233 1896 5301 Atque
1923 5231 2003 5285 ibi

343 5303 596 5376 quidem
628 5300 809 5355 etiam
866 5300 1199 5376 salientium
1255 5299 1665 5376 membrorum;
1718 5299 2005 5376 praesagia

342 5371 917 5445 commemorantur.
951 5372 1318 5445 Itaqueunon
1371 5371 1782 5445 optimo_ju_re
1841 5371 2002 5445 carpi

341 5464 449 5503 eos
472 5450 618 5518 puto
651 5442 752 5515 qui
785 5459 854 5498 ex
880 5439 1193 5518 Epiphanii
1237 5439 1486 5497 Panario
1534 5439 1753 5515 παλμόν
1782 5439 2005 5518 tremo-

342 5515 491 5575 rem
509 5532 615 5572 seu
663 5515 1118 5587 concussionem
1174 5519 1610 5587 converterunt,
1672 5516 2004 5587 praesertim

349 5606 492 5646 cum
534 5604 605 5643 eo
661 5601 897 5658 quoque
953 5586 1086 5641 loco
1138 5584 1359 5656 παλμός
1418 5587 1575 5641 inter
1630 5584 1699 5641 ea
1748 5593 2005 5658 ponatur

349 5658 742 5716 divinationis
770 5672 1156 5730 genera,qum
1188 5673 1322 5712 cum
1354 5658 1705 5728 extispicum
1734 5658 2005 5714 doctrina

2117 4738 2176 4787 et
2216 4738 2486 4787 extorum
2526 4729 2917 4802 palpitatione
2978 4746 3099 4785 non
3149 4730 3405 4786 multum
3458 4731 3767 4789 videantur

2115 4804 2335 4859 habere
2365 4818 2699 4857 commune.
2732 4803 2914 4873 Porro
2942 4801 3323 4873 Putipharem
3347 4803 3561 4858 culinas
3593 4810 3696 4858 aut
3716 4804 3765 4860 si

2116 4876 2300 4961 mavis
2355 4888 2680 4961 coquorum
2737 4872 3093 4943 praefectum
3137 4875 3466 4961 numinavi',
3499 4882 3763 4961 Isecutus

2115 4948 2376 5002 Graecam
2428 4942 2822 5018 ἀρχιμάγειρος
2900 4960 3127 4999 vocem.
3178 4947 3343 5018 Nam
3412 4945 3763 5018 Hebraicum

2115 5034 2284 5072 secus
2319 5016 2492 5072 sonat
2521 5016 2889 5077 vocabulum,
2924 5017 3254 5085 praesertim
3286 5018 3332 5071 si
3366 5017 3561 5071 Ortelo
3594 5018 3766 5072 Chal-

2120 5089 2246 5171 daeo
2272 5089 2677 5171 paraphrastae
2726 5086 3024 5171 credimus
3061 5105 3125 5171 ‘c.
3160 5090 3227 5169 3?
3254 5106 3267 5153 ;
3299 5088 3766 5171 cuinadm‘odum

2118 5158 2433 5232 suffragari
2461 5158 2692 5232 videtur
2720 5158 3024 5232 Jerem‘ias,
3061 5159 3533 5232 hociipsotitulo
3577 5161 3769 5216 Nebu-

2114 5229 2426 5286 zardariem
2460 5230 2788 5301 appellans,
2814 5229 2924 5301 Aqui
2951 5245 2985 5283 τι
3014 5246 3149 5289 rege
3182 5230 3503 5301 Babylonio
3550 5233 3768 5288 missus

2112 5301 2227 5357 fuit
2253 5303 2328 5358 ad
2365 5298 2770 5372 Hierosolyma
2796 5298 3152 5372 diripienda.
3201 5298 3346 5356 Nam
3398 5318 3470 5358 ea
3500 5320 3596 5358 res
3621 5321 3762 5370 non,

2113 5379 2189 5429 ut
2236 5374 2471 5445 opinor,
2502 5372 2723 5446 _valde_
2747 5372 3018 5446 apposiia
3073 5379 3165 5427 est
3240 5374 3436 5429 ofﬁcio
3498 5376 3762 5446 magistri

2114 5443 2458 5517 caquorum.
2493 5443 2661 5517 Certe
2696 5443 2755 5496 Β.
2791 5443 3178 5517 Hieronymus
3232 5447 3570 5517 magistrqu
3600 5443 3767 5501 mili-

2114 5514 2240 5570 tum
2298 5514 2384 5570 vel
2416 5515 2707 5589 exercitus
2766 5514 2954 5589 vertit,
3018 5522 3130 5589 et“
3210 5514 3468 5573 mactare
3530 5519 3757 5589 signifi-

2115 5594 2227 5651 cat,
2262 5604 2377 5658 quo
2409 5587 2660 5642 artificio
2695 5585 2977 5640 barbaros
3008 5587 3228 5641 milites
3259 5589 3515 5657 gaudere
3549 5585 3755 5643 etiam-

2114 5675 2258 5715 num
2289 5660 2532 5715 scimus'
2566 5660 2701 5713 XYL.
