4094 6292
380 405 459 463 97
1520 398 2057 463 HlSTOltlAltUM
2103 396 2642 462 COMPENDIUM.
3715 401 3795 459 98

385 538 460 598 ὡς
486 532 631 598 ῑθος.
666 535 747 609 [Ρ.
797 536 889 608 38]
925 536 1016 591 καὶ
1071 534 1269 609 ὀμόσαι
1326 534 1472 605 αὑτῷ
1528 529 1897 589 κατεδυσώπει
1958 531 2036 605 μή

2157 534 2449 600 humaret,
2509 531 2615 587 sed
2670 530 2745 587 ad
2798 532 3095 604 majorum
3150 546 3394 587 suorum
3453 529 3793 602 sepulcrum

389 628 556 704 θάψαι
593 628 755 683 αὐτὸν
789 628 840 683 ἐν
879 627 1165 702 Αἰγύπτῳ,
1196 624 1324 681 ἀλλ’
1356 624 1407 680 ἐν
1445 628 1524 696 τῷ
1579 624 1733 703 τάφῳ
1779 626 1887 678 τῶν
1923 643 2037 677 πα-

389 720 559 793 τέρων
590 718 759 772 αὐτοῦ
817 717 1112 792 ἀναγεγεῖν.
1170 715 1356 772 Αὐτοῦ
1415 712 1472 769 δὲ
1526 711 1892 787 καταθεμένου
1948 712 2040 766 καὶ

392 806 761 882 ὀμωμοκότος
792 806 946 868 εὐθὺς
1003 812 1374 880 προσκυνῆσαι
1432 804 1522 859 τὸν
1566 800 1789 877 Ἰσραὴλ
1836 800 1925 857 ἐπὶ
1978 801 2039 856 τὸ

391 895 556 970 ἃκρον
610 902 711 965 τῆς
779 889 981 971 ῥάϐδου
1052 896 1276 971 Ἰωσήφ.
1342 892 1492 948 Μετὰ
1546 896 1712 947 ταῦτα
1804 890 2039 945 ἀκούσας

390 986 419 1038 ὁ
463 985 667 1061 Ἰωσήφ
695 983 777 1039 ὅτι
831 980 1141 1058 ἐνοχλεῖται
1200 984 1228 1037 ὁ
1285 983 1489 1057 πατὴρ,
1545 979 1671 1041 τοὺς
1731 977 1826 1034 δύο
1883 977 2040 1040 υἱοὺς

395 1077 687 1143 Μανασσῆν
713 1074 803 1128 καὶ
842 1070 1084 1152 Ἐφραίμ
1139 1065 1552 1145 ἀναλαϐόμενος
1610 1070 1739 1139 ἧκεν
1797 1068 1873 1129 εἰς
1920 1068 2042 1124 ἐπί-

390 1167 601 1238 σκεψιν.
637 1161 856 1239 Ἰσραὴλ
891 1161 950 1218 δὲ
996 1162 1297 1233 ἀνεκάθισε,
1345 1161 1436 1217 καὶ
1486 1161 1700 1230 άνοίξας
1748 1161 1813 1216 τὸ
1865 1161 2043 1233 στόμα

384 1257 496 1308 τῶν
525 1251 790 1327 εὐλογιῶν
828 1257 926 1307 τοῦ
956 1253 1090 1308 Θεοῦ
1121 1253 1209 1307 καὶ
1241 1255 1350 1307 τῶν
1375 1248 1739 1325 ἐπαγγελιῶν,
1772 1250 1844 1304 ὧν
1892 1249 2041 1320 αὐτῷ

384 1343 442 1399 ἐν
485 1347 556 1419 γῇ
614 1345 832 1404 Χαναὰν
888 1344 1253 1424 χρηματίζων
1311 1344 1666 1419 ἐπήγγελται,
1722 1343 2040 1417 ὑπομιμνή-

386 1452 529 1489 σκει.
577 1430 944 1490 Ἰδίοποιεῖται
1007 1432 1064 1488 δὲ
1119 1434 1247 1497 τοὺς
1303 1431 1398 1487 δύο
1457 1431 1608 1494 υἱοὺς
1666 1432 1855 1502 αὐτοῦ,
1911 1430 2039 1494 τοὺς

383 1527 710 1599 γενομὲνους
740 1524 889 1594 αὐτῷ
918 1521 971 1578 ἐν
1004 1526 1078 1597 γῇ
1110 1522 1413 1597 Αἴγύπτου,
1463 1519 1703 1597 Ἐφραίμ
1752 1519 1903 1596 λέγω
1951 1520 2041 1576 καὶ

382 1613 703 1683 Μανασσῆν,
732 1610 920 1679 εἰπὼν,
953 1612 1028 1673 ὡς
1059 1635 1090 1665 ‹‹
1140 1605 1404 1683 Ῥουϐεὶμ
1458 1610 1548 1665 καὶ
1607 1615 1837 1682 Συμεων
1889 1609 2043 1665 οὗτοί

386 1721 488 1771 μοι
518 1694 757 1766 ἔσονται,
795 1701 864 1756 τὰ
893 1698 950 1756 δέ
977 1721 1036 1773 γε
1099 1693 1298 1774 ἔκγονα
1343 1700 1551 1755 τούτων
1612 1701 1697 1754 σοὶ
1748 1694 1980 1757 ἔσονται.
2009 1721 2040 1751 ιι

378 1791 511 1846 ὀτι
540 1789 639 1865 γὰρ
670 1785 901 1862 ἔμελλεν
935 1789 1117 1863 ὥσπερ
1147 1786 1331 1845 τᾶλλα
1380 1788 1523 1844 οὕτω
1571 1797 1663 1843 καί
1711 1787 1841 1849 τοὺς
1892 1788 2043 1850 υἱοὺς

378 1883 467 1985 τιΞ)
497 1884 613 1951 Θεῷ
642 1877 1011 1935 ἀποδεκατοῦν
1054 1879 1083 1933 ὁ
1132 1878 1356 1954 Ἰσραὴλ
1415 1879 1526 1952 (καὶ
1569 1878 1670 1953 γὰρ
1716 1879 1743 1933 ὁ
1786 1879 1910 1932 Λιυὶ
1964 1876 2039 1938 είς
2075 1922 2116 1985 Β

383 1967 600 2040 κλῆρον
633 1968 933 2045 ἀφώρισται
967 1967 1101 2041 μετᾶ
1145 1972 1312 2023 ταῦτα
1365 1972 1446 2040 τῷ
1512 1969 1673 2041 Θεῷ),
1727 1965 1817 2021 ’ίνα
1873 1969 1949 2040 μὴ
2009 1967 2039 2022 ὁ

382 2061 501 2113 τῶν
535 2054 745 2112 δώδεκα
774 2056 962 2134 φυλῶν
1001 2057 1233 2131 ἀριθμὸς
1282 2054 1586 2130 ἐλαττωθῇ,
1632 2056 1829 2111 τούτου
1877 2056 2040 2132 χάριν

380 2147 553 2219 οἶμαι
580 2147 613 2201 ,ὁ
644 2146 867 2222 Ἰσραὴλ
895 2146 987 2201 τὸν
1017 2148 1212 2218 Ἰωσήρ
1249 2145 1368 2201 ἀντὶ
1417 2142 1513 2200 δύο
1572 2145 1705 2200 υἱῶν
1750 2146 2038 2220 ἡγησάμει

377 2264 480 2306 νος
536 2242 663 2306 τοὺς
718 2242 870 2305 υἱοὺς
928 2243 1099 2299 αὐτοῦ
1157 2242 1236 2305 είς
1318 2240 1493 2319 φυλὰς
1581 2240 1860 2312 διετάξατο
1918 2240 2037 2314 δύο,

370 2329 627 2410 Ἐφραίμ
658 2329 876 2401 δηλαδή
907 2332 998 2387 καὶ
1053 2338 1361 2401 Μανασσῆν.
1414 2330 1518 2389 Καὶ
1570 2332 1622 2386 οἱ
1674 2332 1769 2403 μὶν
1828 2330 2041 2408 ὀφθαλ-

377 2421 481 2495 μοὶ
512 2425 611 2476 τοῦ
642 2419 865 2495 Ἰσραὴλ
901 2422 1323 2495 βαρυωποῦντες
1345 2419 1454 2475 ἀπὸ
1502 2423 1600 2475 τοῦ
1641 2420 1829 2493 γήρως
1875 2420 2037 2493 ἦσαν,

372 2506 601 2584 ἀμυδρᾶ
632 2506 690 2565 δὲ
746 2510 979 2583 ὁρῶντες
1037 2510 1204 2585 ὁρῶσι
1257 2508 1385 2570 τοὺς
1447 2506 1597 2570 υἱοὺς
1662 2509 1890 2587 Ἰωσὴφ,
1946 2510 2036 2565 καὶ

370 2596 706 2653 ἐπυνθάνετο
755 2595 892 2657 τίνες
957 2593 1017 2650 ἄν
1075 2594 1201 2653 εἶεν.
1263 2595 1374 2657 Οὓς
1433 2594 1524 2650 καὶ
1576 2595 2038 2672 προσεγγίσαντας

377 2680 677 2760 περιέλαϐε
724 2685 815 2739 καὶ
872 2681 1255 2761 κατεφίλησεν,
1295 2682 1386 2738 καί
1435 2703 1567 2760 φησι
1619 2684 1757 2757 πρὸς
1816 2685 2036 2761 Ἰωσήφ·

380 2798 411 2826 ιι
444 2771 588 2829 Ἰδοὺ
616 2777 714 2828 τοῦ
752 2773 1051 2849 προσώπου
1109 2793 1204 2827 σου
1263 2771 1362 2827 οὐκ
1418 2770 1671 2846 ἐστέρησέ
1731 2793 1797 2846 με
1829 2773 1858 2828 ὁ
1887 2773 2038 2838 Θεὸς,

378 2861 513 2918 ἀλλ’
543 2860 713 2933 ἔδειξε
756 2882 850 2936 μοι
899 2862 987 2917 καὶ
1045 2861 1108 2916 τὸ
1162 2862 1380 2936 σπέρμα
1447 2881 1563 2916 σου.
1633 2885 1662 2913 ››
1729 2863 2037 2938 Ἐξαγαγὼν

378 2950 440 3007 δὲ
509 2953 711 3029 Ἰωσὴφ
770 2949 975 3013 αὐτοὺς
1033 2951 1139 3006 ἀπὸ
1195 2954 1304 3005 τῶν
1367 2951 1605 3026 γονάτων
1667 2950 1884 3025 Ἰσραὴλ
1941 2954 2041 3006 τοῦ

372 3039 757 3108 προσκυνῆσαι
794 3033 970 3102 αὐτῷ,
1030 3031 1147 3086 εἶτα
1202 3030 1296 3086 τὸν
1354 3033 1649 3100 Μανασσῆν
1710 3032 1808 3102 μὲν
1865 3031 1919 3086 ἐν
1967 3033 2038 3105 τῇ

384 3119 553 3192 δεξιᾷ,
583 3120 635 3191 ἐξ
659 3121 970 3196 ἀριστερῶν
1004 3116 1063 3173 δὲ
1090 3120 1182 3174 τὸν
1216 3117 1480 3196 Ἐφραίμ,
1514 3118 1677 3183 αὐτὸς
1704 3120 1798 3181 τὰς
1849 3124 2039 3195 χεῖρας

392 3204 629 3282 ἀμείϐων
660 3210 758 3277 τήν
797 3210 894 3282 μὲν
929 3206 1100 3278 δίξιὰν
1133 3207 1221 3262 ἐπὶ
1277 3209 1374 3263 τοῦ
1430 3206 1717 3281 νεωτέρου,
1771 3210 1871 3277 τὴν
1919 3208 2039 3282 ἀρι-

2149 624 2648 698 reportaret.Cum
2661 623 2688 677 J
2692 622 2948 695 osephus
2962 623 3136 678 itauti
3152 628 3319 695 pater
3322 621 3795 693 jusserat,manu

2147 716 2277 788 ejus
2307 714 2518 772 femori
2559 714 2864 785 supposita
2906 712 3187 784 jurasset,
3223 711 3385 766 illico
3429 709 3684 766 Israelus
3717 708 3786 765 ad

2149 810 2484 860 extremum
2516 804 2690 876 virgae
2718 803 2957 874 Josephi
2990 802 3275 858 adoravit.
3300 802 3438 854 Post
3468 802 3592 855 hmc
3620 800 3795 853 lose—

2150 894 2324 965 phus,
2341 893 2542 948 audito
2566 898 2794 965 patrem
2819 892 3063 947 adversa
3080 890 3417 946 valetudine
3442 888 3797 956 conflictari,

2151 999 2353 1040 secum
2384 983 2577 1038 ductis
2609 985 2880 1038 Manassa
2910 988 2968 1036 et
2995 981 3311 1052 Ephraimo
3342 977 3478 1033 ﬁliis
3539 976 3613 1032 ad
3666 993 3803 1032 eum

2148 1081 2376 1138 visendi
2403 1082 2592 1152 gratia
2613 1081 3044 1153 perrexit.Tum
3068 1078 3253 1134 Israel
3274 1076 3799 1146 assedit,factoque

2150 1169 2388 1226 dicendi
2410 1169 2825 1242 initio,quibus
2846 1186 2980 1225 eum
3002 1167 3465 1240 prosperitatum
3488 1163 3800 1220 denuntia-

2151 1259 2416 1317 tionibus
2442 1260 2597 1315 Deus
2655 1260 3099 1332 impertivisset,
3158 1274 3224 1313 ac
3257 1274 3387 1329 quas
3421 1255 3474 1310 ei
3526 1254 3587 1309 in
3636 1259 3799 1309 terra

2150 1350 2483 1405 Chananeea
2514 1349 2873 1420 promiserit,
2909 1349 3108 1403 refert.
3146 1349 3288 1403 Tum
3319 1345 3559 1417 Josephi
3618 1343 3797 1410 ﬁlios,

2149 1438 2204 1493 ei
2235 1438 2297 1493 in
2326 1440 2568 1511 Egypto
2600 1445 2791 1496 natos.
2824 1439 2925 1495 68
2956 1437 3341 1510 Ephraimum
3398 1434 3529 1491 dico
3564 1438 3621 1487 et
3676 1433 3797 1486 Ma-

2150 1544 2409 1594 nassem,
2441 1529 2702 1601 adoptat,
2742 1528 3045 1601 pollicitus
3106 1544 3205 1583 eos
3236 1526 3348 1582 sibi
3409 1524 3619 1580 eodem
3682 1537 3796 1592 quo

2150 1619 2432 1675 Rubenus
2464 1626 2619 1675 esset
2644 1625 2819 1692 atque
2851 1619 3085 1674 Simeon
3118 1617 3250 1673 loco
3280 1616 3538 1684 futurus,
3590 1626 3799 1666 eorum

2152 1713 2350 1764 tamen
2373 1709 2719 1782 progeniem
2738 1709 2980 1780 Josephi
2998 1705 3517 1763 futuram.Etenim
3541 1700 3797 1757 lsraelus

2150 1814 2286 1853 cum
2318 1804 2477 1854 esset
2505 1804 2569 1853 ut
2594 1798 2985 1869 reliquorum,
3020 1798 3100 1853 ita
3132 1796 3390 1851 ﬁliorum
3423 1807 3657 1866 quoque
3689 1790 3797 1843 de-

2149 1887 2366 1942 cimam
2407 1893 2635 1958 partem
2668 1889 2784 1942 Deo
2806 1892 3259 1942 consecraturus
3289 1884 3451 1955 (nam
3481 1877 3794 1953 postmodo

2148 1975 2280 2030 Levi
2311 1981 2467 2031 sorte
2527 1977 2645 2030 Deo
2685 1982 2774 2031 est
2830 1975 3145 2047 addictus),
3178 1988 3254 2028 ne
3311 1971 3624 2026 duodecim
3688 1967 3793 2020 tri-

2148 2063 2333 2119 buum
2351 2081 2637 2121 numerus
2661 2063 3252 2134 diminueretur,ejus
3279 2061 3491 2132 opinor
3512 2060 3595 2113 rei
3617 2071 3795 2114 causa

2147 2154 2469 2220 Josephum
2500 2154 2753 2210 duorum
2812 2154 3072 2209 ﬁliorum
3121 2152 3252 2208 loco
3301 2151 3486 2219 duxit,
3531 2148 3793 2219 ﬁliisque

2150 2243 2280 2315 ejus
2309 2242 2457 2299 duas
2506 2244 2696 2300 tribus
2754 2244 3094 2317 assignavit,
3139 2241 3457 2314 Ephraimo
3511 2239 3795 2294 nimirum

2150 2347 2354 2400 unam,
2412 2333 2659 2388 alteram
2717 2334 3020 2390 Manassae.
3078 2334 3206 2388 1am
3248 2334 3540 2386 senectus
3591 2327 3795 2383 oculos

2151 2421 2355 2477 Israeli
2384 2420 2766 2479 hebetaverat
2795 2440 2808 2477 :
2841 2423 3041 2494 itaque
3072 2438 3209 2478 cum
3240 2421 3488 2476 obscure
3522 2418 3677 2473 ﬁlios
3707 2418 3796 2473 Jo-

2152 2510 2319 2581 sephi
2346 2516 2638 2577 cerneret,
2672 2511 2914 2582 quinam
2942 2516 3143 2567 essent
3197 2512 3600 2581 percontatur,
3634 2521 3795 2561 acce-

2152 2605 2479 2679 dentesque
2511 2608 2818 2680 amplexus
2849 2612 2907 2663 et
2935 2607 3310 2665 deesculatus
3341 2610 3450 2672 est,
3494 2604 3574 2658 ita
3626 2604 3790 2657 Jose-

2151 2696 2335 2767 phum
2356 2697 2726 2769 alloquens,«
2744 2698 2891 2753 Ecce
2912 2701 3234 2769 conspectu
3253 2703 3356 2750 tuo
3380 2695 3534 2750 Deus
3555 2708 3650 2747 me
3672 2708 3791 2745 non

2150 2787 2434 2856 privavit:
2467 2788 2611 2858 quin
2643 2792 2702 2842 et
2729 2787 2997 2843 sobolem
3027 2792 3187 2841 tuam
3209 2783 3528 2839 videndam
3558 2780 3787 2836 dedit.»

2149 2876 2441 2946 Josephus
2471 2876 2625 2931 ﬁlios
2655 2893 2690 2931 a
2717 2877 2966 2947 genibus
2995 2876 3181 2947 patris
3240 2875 3462 2939 eduxit,
3510 2872 3598 2928 uti
3656 2887 3795 2941 pro—

2151 2965 2500 3019 cumberent
2528 2966 2588 3019 in
2630 2981 2824 3037 genna
2860 2981 3055 3020 coram
3114 2981 3183 3019 eo
3219 2981 3232 3017 :
3267 2963 3405 3017 inde
3465 2964 3792 3017 Manassem

2150 3050 2353 3105 lsraeli
2384 3051 2459 3105 ad
2488 3050 3206 3122 dexteram,Ephraimum
3236 3049 3310 3104 ad
3341 3048 3647 3102 sinistram
3681 3051 3792 3100 sta-

2150 3140 2282 3195 tuit.
2353 3143 2427 3195 At
2498 3141 2751 3197 lsraelus
2808 3140 3085 3196 manibus
3142 3141 3205 3195 in
3271 3138 3534 3194 diversas
3590 3141 3791 3206 partes

2152 3228 2429 3298 diductis,
2462 3229 2544 3285 ita
2574 3230 2661 3284 uti
2690 3230 2957 3285 dextram
2981 3229 3263 3301 junioris,
3296 3227 3502 3283 lawam
3551 3224 3794 3296 majoris

403 3297 589 3367 στερὰν
621 3294 671 3352 ’ὁὶ
700 3296 791 3352 ἐπὶ
841 3298 938 3351 τοῦ
992 3291 1362 3370 πρεσϐυτέρου
1407 3299 1506 3366 τὴν
1557 3295 1799 3375 κεφαλὴν
1849 3297 2041 3368 τιθεὶς,

2161 3318 2337 3390 capiti
2360 3320 2697 3391 imponeret
2717 3320 2855 3393 (quo
2878 3319 3032 3375 facto
3054 3320 3247 3375 crucis
3273 3317 3624 3390 mysterium
3647 3316 3801 3371 desi-

404 3385 482 3449 εἶς
542 3388 834 3459 μυστήριον
895 3389 1184 3458 σταυρικοῦ
1244 3385 1440 3456 τύπου,
1520 3385 1693 3444 οὓτως
1750 3384 2047 3457 εὐλόγησεν

391 3472 579 3537 αὐτοὺς
605 3472 740 3529 ὥστε
794 3474 1183 3544 πληθυνθῆναι
1232 3473 1429 3535 αὐτοὺς
1487 3472 1573 3528 ἐπὶ
1633 3477 1734 3543 τῆς
1796 3476 1901 3548 γῆς
1959 3466 2049 3529 καἰ

390 3562 529 3618 ὥστε
558 3563 759 3626 αὐτοὺς
806 3562 1172 3633 ἐπικληθῆναι
1227 3563 1291 3617 τὸ
1350 3558 1522 3636 ὄνομα
1579 3563 1744 3618 αὐτοῦ
1797 3563 1885 3618 καὶ
1941 3568 2050 3619 τῶν

380 3654 632 3729 πατέρων
664 3653 854 3709 αὐτοῦ.
891 3654 1037 3727 Βαρὺ
1069 3652 1126 3709 δὲ
1154 3653 1425 3731 κατεφάνη
1473 3658 1636 3708 τοῦτο
1687 3651 1764 3726 δῷ
1812 3656 2038 3733 Ἰωσὴφ,

382 3746 472 3797 καὶ
519 3745 619 3812 τῆς
679 3747 952 3819 πατρικῆς
1012 3740 1186 3813 δεξιᾶς
1245 3736 1591 3812 ἀννελάϐετο,
1652 3741 1869 3820 ἀφελεῖν
1921 3745 2053 3820 βου-

382 3831 621 3906 λόμενος
652 3832 761 3888 ἀπὸ
792 3835 893 3901 τῆς
924 3830 1168 3909 κεφαλῆς
1201 3831 1442 3909 Ἐφραίμ
1490 3833 1580 3886 καὶ
1644 3832 1909 3887 ἐπιθεῖναι
1961 3833 2051 3889 ἐπὶ

379 3934 486 4001 τὴν
521 3930 770 4000 κεφαλὴν
806 3937 1089 3999 Μανασσῆ,
1153 3954 1181 3983 ι(
1214 3930 1387 3993 Οὗτός
1438 3929 1575 3996 ἐστι,
1615 3932 1805 4005 πάτερ,
1855 3931 2049 3995 είπὼν,

382 4021 414 4075 ὁ
446 4016 839 4094 πρεσϐύτερος,
879 4019 1180 4092 καὶτοότῳ
1245 4018 1451 4086 ἐπίθες,
1514 4021 1588 4083 ὡς
1645 4022 1894 4091 καθήκει,
1950 4025 2050 4091 τήν

384 4107 590 4180 δεξιάν.
628 4134 655 4160 ››
687 4109 866 4173 Αὐτὸς
904 4106 986 4175 δὲ,
1017 4132 1047 4160 ‹‹
1077 4106 1244 4178 Οἶδα,
1278 4108 1487 4177 τέκνον,
1522 4106 1669 4179 οἴδα,
1700 4132 1728 4161 »
1762 4109 2049 4185 ἀπεκρίθη·

392 4224 425 4252 ε(
458 4200 622 4261 αὐτὸς
650 4194 800 4255 ἔσται
830 4199 907 4263 εἰς
938 4198 1069 4254 λαὸν
1097 4199 1189 4255 καὶ
1213 4199 1582 4273 ὑψωθήσεται,
1605 4197 1733 4254 ἀλλ’
1763 4202 1792 4255 ὁ
1818 4199 2054 4274 ἀδελφὸς

391 4292 562 4344 αὐτοῦ
595 4290 625 4343 ὁ
652 4288 918 4362 νεώτερος
972 4288 1174 4361 μείζων
1235 4287 1403 4342 αὐτοῦ
1461 4282 1635 4359 ἔσται,
1670 4313 1698 4340 ››
1751 4289 1993 4363 καθάπερ
2026 4291 2054 4344 ὁ

388 4376 511 4440 νέος
540 4378 633 4433 καὶ
665 4376 718 4432 ἐν
775 4376 1043 4451 πνεύματι
1104 4375 1326 4452 Ἰσραὴλ
1388 4381 1484 4431 τοῦ
1544 4372 1909 4453 πρεσϐυτέρου
1965 4379 2055 4434 καὶ

390 4466 533 4521 κατὰ
585 4483 763 4540 σαρκα
818 4464 1039 4540 Ἰσραὴλ
1090 4463 1563 4541 ὁμολογουμένως
1652 4465 1852 4540 μείζων
1918 4465 2051 4525 ἔστι.

394 4557 549 4611 Μντὰ
578 4559 750 4610 ταῦτα
785 4555 913 4616 τοὺς
963 4554 1163 4616 πάντας
1205 4554 1357 4616 υἱοὺς
1418 4555 1446 4609 ὁ
1499 4553 1721 4629 Ἰσραὴλ
1760 4556 2060 4631 συγκαλού-

2159 3408 2399 3481 gnavit),
2433 3409 2516 3463 ita
2543 3408 2665 3464 illis
2695 3426 2980 3481 prospera
3010 3415 3100 3464 est
3128 3413 3402 3480 precatus
3434 3407 3520 3461 uti
3580 3411 3801 3460 terram

2163 3496 2481 3568 implerent
2510 3500 2790 3571 progenie
2818 3514 2887 3553 ac
2918 3515 3098 3570 super
3126 3499 3198 3553 iis
3228 3496 3456 3562 lsraeli,
3508 3495 3691 3550 lsaaci
3751 3498 3811 3547 et

2162 3585 2481 3642 Abrahami
2503 3587 2750 3643 nomina
2770 3585 3496 3656 celebrarenturJosepho
3518 3590 3717 3638 autem
3741 3598 3810 3636 ea

2161 3689 2258 3729 res
2287 3674 2533 3747 indigna
2548 3676 2672 3732 visa
2696 3692 2709 3741 ;
2740 3676 3130 3746 dextramque
3157 3675 3342 3746 patris
3372 3672 3810 3744 apprehensam

2163 3763 2235 3818 ab
2267 3764 2567 3835 Ephraimi
2601 3767 2790 3837 capite
2824 3766 2883 3820 in
2915 3770 3092 3836 caput
3147 3766 3429 3818 Manassae
3488 3760 3809 3816 transferre

2162 3858 2411 3907 conatus
2442 3854 2727 3915 est,hunc
2760 3853 3049 3925 majorem
3081 3857 3225 3908 natu
3256 3867 3388 3906 esse
3416 3854 3646 3922 patrem
3676 3864 3809 3903 mo—

2164 3941 2443 4008 nens,69
2477 3943 2649 4012 eique
2681 3941 2754 3996 de
2786 3958 2950 3997 more
2978 3941 3244 3997 dextram
3269 3935 3813 4010 imponendam.Ad

2160 4030 2293 4085 huic
2312 4031 2589 4099 Israelus,
2613 4053 2642 4082 ‹‹
2666 4032 2830 4097 Novi,
2847 4053 2875 4081 »
2896 4031 3112 4101 inquit,
3137 4053 3166 4079 ‹‹
3190 4031 3325 4098 ista,
3347 4029 3674 4096 novi,nate.
3702 4029 3813 4081 Ma-

2165 4142 2372 4181 nasses
2403 4128 2688 4198 populum
2710 4127 3048 4199 procreabit
3069 4132 3128 4182 et
3153 4125 3814 4191 exaltabitur,caaterum

2166 4214 2365 4270 minor
2394 4219 2537 4270 natu
2568 4215 2728 4271 ﬁlius
2780 4233 2916 4271 eum
2957 4216 3365 4288 magnitudine
3422 4212 3747 4285 praestabit,
3785 4233 3814 4261 η

2169 4303 2673 4373 quemadmodum
2697 4311 2755 4359 et
2783 4306 3078 4376 posterior
3106 4320 3174 4359 ac
3205 4303 3531 4375 spiritualis
3562 4300 3815 4357 lsraelus

2171 4392 2507 4463 antiquiore
2531 4398 2589 4448 et
2609 4394 2833 4449 carnali
2858 4393 3074 4449 lsraelo
3098 4392 3259 4449 haud
3278 4391 3455 4447 dubie
3478 4390 3673 4463 major
3702 4394 3811 4451 est,

2171 4481 2506 4537 Secundum
2537 4482 2663 4538 haec
2686 4483 2938 4539 Israelus
2957 4482 3098 4538 ﬁliis
3120 4480 3400 4538 omnibus
3429 4481 3503 4535 ad
3525 4496 3586 4535 se
3608 4495 3818 4534 convo-

2171 4570 2339 4637 catis,
2373 4587 2408 4626 a
2437 4572 2629 4643 primo
2662 4572 2735 4627 ad
2764 4572 3043 4627 ultimum
3076 4588 3281 4627 omnes
3312 4575 3645 4626 extremum
3666 4568 3819 4622 allo-

412 4665 571 4717 μενος
633 4642 897 4699 διετίθετο
950 4644 1137 4705 αὐτοῖς
1198 4643 1304 4698 ἀπὸ
1365 4647 1463 4698 τοῦ
1529 4644 1754 4718 πρώτου
1807 4641 1914 4708 ἕως
1970 4650 2046 4701 τοῐ

2172 4665 2364 4729 cutus,
2397 4641 2651 4717 aliorum
2696 4661 2853 4717 facta
2880 4660 3268 4733 reprehendit
3312 4667 3489 4730 atque
3536 4657 3813 4729 culpavit,

404 4731 665 4809 ἐσχάτου,
706 4735 790 4794 οἷς
861 4732 956 4804 μὲν
1017 4731 1104 4786 ἐπὶ
1157 4736 1275 4796 τοῖς
1330 4733 1738 4809 πεπραγμένοις
1799 4731 2063 4810 διέλεγξιν

403 4822 497 4877 καὶ
531 4821 761 4896 μέμψιν,
791 4820 875 4883 οἷς
908 4819 966 4876 δὲ
996 4820 1329 4899 προφητείαν
1361 4824 1458 4877 τοῦ
1502 4820 1802 4894 μέλλοντος
1830 4824 1920 4878 καὶ
1951 4829 2058 4881 τῶν

407 4909 680 4983 ἐσομένων
715 4908 984 4981 δήλωσιν,
1018 4912 1099 4971 οἷς
1132 4907 1191 4964 δὲ
1228 4908 1480 4984 εὐλογίαν
1540 4910 1630 4965 καὶ
1680 4907 1919 4967 ἔπαινον*
1968 4914 2060 4970 καὶ

410 4999 590 5062 καθὼς
620 4995 801 5056 ἐδίδου
831 5000 893 5054 τὸ
924 5000 1165 5072 Πνεῦμα,
1208 4998 1417 5070 ἑκάστῳ
1472 4998 1534 5054 τὸ
1582 4996 1703 5055 δέον
1750 4999 2062 5079 ἐπιφθεγξά-

413 5108 569 5160 μενος
599 5088 627 5142 ὁ
660 5087 926 5163 μακάριος
955 5089 1043 5161 [Ρ.
1077 5088 1166 5161 39]
1194 5087 1369 5149 οὕτως
1426 5085 1697 5144 ἐτελεύτα.
1751 5090 1855 5147 Καὶ
1906 5091 2058 5167 πρώ-

401 5198 508 5248 την
542 5177 638 5248 μὲν
695 5177 876 5250 ῥῆσιν,
935 5176 1034 5231 οὐκ
1091 5174 1373 5250 εὐλογίας,
1431 5174 1578 5231 ἀλλὰ
1639 5180 1901 5253 μέμψεως
1967 5183 2057 5238 καὶ

400 5264 691 5340 ἐλέγξεως,
732 5271 809 5339 τῷ
859 5264 1195 5339 πρωτοτόκῳ
1247 5259 1509 5338 Ῥουϐεἰμ
1558 5265 1843 5341 ἐπιφωνεῖ,
1897 5269 2053 5351 ἰσχὺν

405 5356 502 5427 μὲν
535 5355 699 5411 αὐτὸν
733 5357 823 5410 καὶ
851 5359 960 5409 τῶν
990 5355 1191 5410 τέκνων
1221 5353 1403 5429 ἀρχὴν
1431 5354 1745 5427 ἀποκαλῶν,
1795 5357 2056 5436 σκληρῶς

400 5440 458 5498 δι
522 5444 614 5498 καὶ
669 5440 920 5505 αὐθαδῶς
979 5442 1275 5522 φερόμενον
1356 5438 1596 5517 ὑϐρίζειν
1659 5439 1711 5500 ἔν
1756 5466 1816 5502 τε
1862 5448 2057 5513 ἄλλοις

399 5531 680 5595 πλείστοις
713 5533 803 5588 καὶ
831 5532 885 5586 ἐν
926 5536 1006 5604 τῷ
1066 5531 1156 5586 ἐπὶ
1206 5532 1305 5600 τήν
1363 5531 1554 5603 κοίτην
1607 5530 1910 5594 ἀναϐαίνειν
1964 5542 2056 5599 καὶ

408 5621 641 5695 μιαίνειν
669 5624 766 5675 τοῦ
797 5620 1000 5695 πατρὸς
1056 5621 1156 5689 τήν
1215 5620 1474 5695 πρωμήν
1538 5623 1673 5693 μετὰ
1725 5625 1904 5692 Βάλας
1957 5636 2058 5700 τῆς

400 5711 575 5766 αὐτοῦ
627 5706 943 5779 παλλακῆς.
1036 5706 1411 5785 Παραγγέλλει
1487 5710 1663 5767 τοίνυν
1725 5716 1919 5786 μηκέτι
1979 5720 2055 5784 ὡς

2175 4748 2309 4804 aliis
2330 4748 2530 4804 futura
2551 4749 2981 4821 praedixit,aliis
3005 4750 3353 4806 collaudatis
3374 4748 3569 4804 fausta
3588 4746 3818 4803 denun-

2172 4838 2360 4893 tiavit.
2393 4839 2656 4911 Cumque
2688 4857 2793 4911 pro
2826 4856 2894 4895 eo
2926 4847 3104 4909 atque
3152 4840 3405 4911 Spiritus
3447 4837 3816 4910 suggerebat,

2171 4927 2496 4998 unicuique
2523 4943 2593 4983 ea
2620 4945 2755 4999 quae
2785 4928 2845 4983 in
2873 4944 3001 4984 rem
3023 4934 3195 4984 erant
3224 4927 3582 4995 dixisset,ita
3612 4941 3683 4979 ex
3707 4925 3819 4980 hac

2171 5017 2290 5073 vita
2318 5017 2592 5072 decessit.
2628 5024 2705 5073 Ac
2736 5019 2994 5090 primum
3029 5019 3268 5088 quidem
3302 5018 3526 5072 dictum
3573 5014 3805 5071 Rubeni

2168 5105 2283 5161 fuit
2333 5122 2454 5161 non
2509 5106 2703 5162 fausta
2759 5108 3178 5178 comprecatio,
3257 5106 3360 5162 sed
3428 5103 3815 5176 reprehensio

2169 5200 2346 5267 atque
2377 5195 2727 5268 objurgatio.
2762 5197 2902 5251 Nam
2937 5197 3116 5251 robur
3145 5195 3385 5267 quidem
3415 5210 3551 5249 eum
3585 5198 3643 5248 et
3666 5193 3815 5248 ﬁlio-

2167 5300 2302 5339 rum
2331 5284 2692 5355 principium
2722 5285 3013 5352 nominat,
3040 5285 3143 5340 sed
3166 5285 3425 5339 ferocem
3445 5283 3621 5355 juxta
3641 5288 3817 5352 atque

2167 5372 2551 5442 insolentem,
2586 5379 2644 5428 et
2675 5374 2777 5443 qui
2808 5391 2946 5430 cum
2977 5374 3095 5430 alia
3123 5390 3230 5444 per
3258 5373 3572 5429 libidinem
3603 5389 3671 5427 ac
3705 5387 3816 5425 su-

2166 5461 2433 5532 perbiam
2453 5462 2643 5519 multa
2658 5462 3163 5534 deliquisset,tum
3186 5464 3373 5535 patris
3396 5464 3572 5519 etiam
3598 5462 3819 5516 lectum

2167 5549 2614 5607 conscendisset
2643 5556 2821 5623 atque
2856 5549 3167 5623 polluisset
3214 5553 3441 5608 incesto
3492 5566 3627 5607 cum
3675 5546 3817 5601 Bala

2167 5638 2299 5711 ejus
2330 5638 2545 5710 pellice
2576 5640 3204 5698 concubitu.Hortatur
3224 5657 3361 5714 ergo
3385 5657 3521 5697 eum
3546 5654 3621 5693 ne
3642 5649 3817 5706 porro

2172 5743 2342 5799 aquae
2376 5729 2564 5785 instar
2592 5729 2853 5787 obscena
2881 5730 3131 5786 libidine
3161 5730 3501 5785 effervescat
3518 5722 3815 5795 ﬁagitiove
