4094 6292
345 345 426 404 99
1665 343 1982 409 GEORGII
2025 336 2363 402 CIDRENI

3653 343 3770 407 £00

345 475 635 547 ﬂagitium
684 474 880 532 addat.
943 476 1212 534 Secundo
1245 476 1376 533 loco
1409 477 1558 534 iram
1615 496 1684 535 ac
1724 479 1987 535 furorem

2109 467 2255 543 ὕδωρ
2281 467 2489 540 ἐκζέσαι
2547 471 2746 524 τοῦτον
2803 469 3022 546 ἀσελγεῖ
3077 471 3234 544 πόθῳ
3271 473 3360 528 καὶ
3418 471 3501 530 ἐπ’
3568 475 3781 550 ἀνομίᾳ

345 565 657 636 Symeonis
691 571 748 622 et
781 565 910 620 Levi
945 565 1297 631 detestatur,
1357 567 1877 639 truculentamque
1933 567 1996 622 in

338 655 692 710 Sichemitas
726 656 944 712 editam
968 657 1192 712 cadem
1224 657 1462 728 vimque
1482 659 1746 714 innoxiis
1769 658 1994 712 illatam

343 744 951 817 carpit,ipsorumque
983 746 1269 818 injustam
1299 745 1812 818 voluntatem,qua
1839 746 1994 802 docti

339 840 586 906 propter
617 853 883 892 sororem
935 853 1102 891 suam
1163 835 1373 892 Dinam
1433 837 1784 894 innocentes
1813 837 1996 892 tiuci-

339 923 694 980 dassent.Ac
727 925 1015 998 gloriatur
1045 943 1107 982 se
1138 942 1332 998 neque
1363 943 1572 982 eorum
1605 926 1823 999 incepti
1851 943 1995 982 con-

339 1015 530 1069 scium
558 1031 752 1086 neque
775 1016 1010 1070 institui
1037 1016 1494 1088 approbatorem
1517 1016 1722 1072 fuisse.
1757 1018 1832 1072 At
1858 1031 1994 1071 vero

333 1100 521 1167 Iudas,
550 1106 793 1173 propter
822 1102 1121 1158 Christum
1157 1104 1258 1159 70
1312 1104 1501 1175 ipsius
1531 1120 1602 1159 ex
1634 1105 1817 1175 stirpe
1875 1102 1996 1158 ori-

337 1195 561 1258 turum,
595 1192 906 1262 perspicue
943 1191 1136 1248 laatam
1170 1193 1382 1260 laudis,
1416 1192 1786 1248 adorationis
1817 1197 1993 1262 atque

337 1279 411 1334 de
442 1279 722 1335 omnibus
753 1281 1026 1338 hostibus
1056 1282 1316 1337 victoriae
1348 1281 1860 1338 denuntiationem
1891 1297 1992 1336 ex-

331 1371 505 1441 ponit
534 1387 546 1438 ;
583 1386 766 1441 quem
799 1376 858 1424 et
887 1373 1150 1428 catulum
1182 1372 1372 1428 leonis
1403 1372 1477 1428 ob
1510 1372 1994 1444 Unigenitinatu-

338 1475 470 1513 ram
501 1461 745 1531 regiam,
793 1465 853 1514 et
881 1477 1125 1533 germen
1177 1477 1246 1516 ex
1275 1461 1404 1532 ipso
1435 1460 1862 1533 pullulaturum
1915 1459 1992 1514 oh

337 1549 538 1603 carnis
561 1548 634 1604 de
647 1548 870 1620 virgine
883 1551 1350 1622 assumptionem
1372 1555 1430 1605 et
1445 1551 1738 1606 humanos
1759 1547 1990 1604 natales

337 1636 910 1708 appellat.Eumdem
943 1655 1180 1709 quoque
1211 1640 1571 1694 moriturum
1595 1644 1654 1692 et
1673 1639 1803 1693 vitas
1823 1637 1990 1692 resti-

336 1730 530 1778 tutum
563 1725 656 1792 iri,
679 1725 751 1779 ob
783 1725 992 1780 mortis
1023 1727 1484 1798 propensionem
1511 1732 1570 1780 et
1596 1725 1980 1781 resurrectio-

2109 564 2425 634 προσθεῖναι
2458 558 2712 632 ἀνομίαν.
2747 559 3004 636 Δεύτερον
3065 557 3122 615 δὶ
3165 561 3259 616 τὸν
3309 563 3482 636 θυμὸν
3531 566 3764 638 Συμεὼν

2107 647 2201 702 καὶ
2230 647 2359 703 Λευΐ
2385 647 2476 702 καὶ
2505 649 2606 718 τῆν
2668 653 2830 722 μῆνιν
2871 645 3281 724 ἐπικατιῳᾶται,
3341 653 3418 714 ὡς
3462 651 3670 724 αὐθάδη
3703 675 3768 710 τε

2105 736 2196 791 καὶ
2230 735 2473 812 σκληρὰν
2497 738 2598 806 τῆν
2633 735 2710 800 εἷς
2763 737 2893 798 τοὺς
2951 739 3250 817 Σιχιμίτας
3305 744 3620 820 μιαιφονίαν
3671 743 3767 799 καῖ

2103 831 2276 882 πᾶσαν
2309 827 2484 883 αὐτῶν
2511 829 2613 897 τῆν
2653 828 2792 884 κατᾶ
2849 829 3046 893 ἀθώων
3106 824 3262 906 ὕϐριν
3319 829 3610 908 διασύρων,
3670 835 3766 890 καὶ

2102 917 2204 984 τὴν
2235 914 2448 972 ἀδικίαν
2479 923 2578 987 τῆς
2637 917 2815 973 αὐτῶν
2869 918 3267 996 προαιρέσεως,
3327 919 3512 998 ὥσπερ
3559 925 3651 980 καὶ
3689 925 3760 995 ἦν

2105 1001 2196 1060 διὰ
2221 1009 2323 1075 τήν
2385 1003 2627 1081 ἀδελφὴν
2677 1007 2854 1062 αὐτῶν
2916 1007 3074 1064 Δίναν
3131 1009 3396 1073 ἀναιτίοις
3451 1009 3760 1088 ἆπῆγαγον,

2107 1095 2322 1166 μήποτε
2366 1093 2638 1170 έπερεῖσαι
2683 1096 2751 1152 τὰ
2809 1095 3104 1178 σπλάγχνα
3154 1098 3279 1169 ἢτοι
3337 1099 3636 1156 συναινέσαι
3686 1106 3760 1178 τῇ

2105 1182 2283 1258 βουλῇ
2312 1183 2490 1239 αὐτῶν
2518 1183 2908 1262 ἐπευχόμενος.
2940 1189 3034 1260 Τῷ
3065 1184 3350 1258 ’Ῑούδαεδὶ
3403 1194 3609 1266 σαφῶς,
3669 1188 3764 1247 διὰ

2100 1274 2192 1327 τὸν
2226 1271 2278 1343 ἐξ
2319 1273 2483 1329 αύνοῦ
2538 1273 2813 1348 μέλλοντα
2873 1272 3194 1350 βλαστάνειν
3247 1278 3502 1354 Χριστὸν,
3559 1277 3760 1336 αἶ’νεσιν

2100 1361 2191 1417 καὶ
2219 1363 2584 1436 προσκύνησιν
2614 1364 2707 1419 καὶ
2735 1363 2891 1434 νίκην
2947 1367 3087 1421 κατὰ
3141 1370 3253 1422 τῶν
3309 1365 3524 1447 ἐχθρῶν
3594 1369 3764 1426 αὐτοῦ

2099 1450 2314 1506 πάντων
2374 1450 2794 1529 εὐαγγελίζεται·
2855 1453 2916 1508 ὅν
2966 1456 3055 1510 καὶ
3117 1455 3194 1517 ὡς
3235 1457 3474 1530 σκύμνον
3536 1457 3758 1523 λέοντος

2100 1534 2190 1594 διὰ
2215 1539 2279 1594 τὸ
2308 1539 2461 1616 φύσει
2495 1539 2782 1616 βασιλικὸν
2809 1545 2906 1596 τοῦ
2937 1544 3307 1620 Μονογενοῦς,
3329 1545 3404 1606 ὡς
3425 1545 3484 1602 ἐκ
3514 1545 3756 1620 βλαστοῦ

2099 1623 2157 1682 δὲ
2185 1627 2352 1683 αὐτοῦ
2381 1624 2643 1699 ἀναϐῆναι
2687 1627 2777 1684 διὰ
2841 1633 2940 1700 τὴν
3001 1629 3061 1686 ἐκ
3116 1633 3380 1709 παρθένου
3435 1635 3687 1708 γέννησιν
3716 1637 3754 1706 ἢ

2097 1718 2392 1792 σάρκωσιν,
2425 1719 2512 1772 καὶ
2567 1717 2731 1774 αὔτὸν
2791 1716 2848 1774 δὲ
2901 1725 3094 1775 τοῦτον
3155 1721 3488 1780 ἀναπεσόντα
3545 1744 3758 1798 κοιμη-

337 1829 474 1871 nem
507 1813 814 1868 evidenter
843 1814 921 1870 ibi
953 1815 1180 1886 primus
1213 1817 1482 1872 omnium
1515 1816 1748 1871 divinus
1776 1814 1984 1886 praadi-

2095 1812 2252 1876 θῆναι
2309 1807 2399 1862 καὶ
2457 1807 2744 1885 ἐγερθῆναι
2813 1805 2902 1863 διὰ
2959 1810 3022 1864 τὸ
3079 1812 3309 1885 πάθημα
3359 1815 3457 1866 τοῦ
3518 1815 3754 1874 θανάτου

339 1899 422 1956 cit
471 1902 746 1958 Israelus.
801 1904 896 1958 Ait
942 1921 1078 1960 vero
1137 1921 1446 1976 nunquam
1497 1904 1827 1976 principem
1878 1919 1986 1958 seu

336 1991 643 2050 ductorem
701 2010 772 2048 ex
831 1995 1015 2066 stirpe
1073 1977 1652 2058 Judae‘defuturum.
1705 1995 1894 2050 donec
1935 1995 1985 2049 is

333 2081 530 2136 veniat
559 2081 654 2137 cui
686 2097 782 2138 res
811 2084 1086 2155 reposita:
1119 2090 1502 2156 sunt,nempe
1533 2085 1822 2150 Christus,
1885 2083 1985 2155 qui

334 2185 469 2226 vere
501 2171 766 2242 gentium
800 2173 1165 2243 exspectatio
1193 2179 1319 2230 est:
1355 2174 1455 2245 qui
1497 2173 1716 2228 Judaais
1767 2173 1988 2228 fastum

335 2258 776 2330 elationemque
809 2277 1072 2328 omnem,
1107 2267 1174 2316 ut
1203 2262 1242 2316 ii
1275 2261 1349 2316 ob
1373 2277 1643 2334 regnum,
1668 2262 1988 2332 imperium

335 2347 798 2418 universamque
831 2355 1186 2419 potestatem
1218 2349 1645 2423 gloriabantur,
1696 2351 1988 2420 adimens,

339 2435 450 2490 sibi
503 2441 570 2490 ut
600 2437 996 2508 omnipotenti
1030 2455 1268 2493 omnem
1325 2439 1736 2494 universarum
1786 2452 1988 2492 rerum

339 2523 808 2580 dominationem
840 2527 1172 2590 vindicans,
1203 2527 1418 2599 quibus
1458 2525 1582 2582 vult
1609 2543 1678 2582 ea
1709 2527 1836 2598 ipse
1866 2525 1986 2580 lar—

333 2613 510 2684 gitur.
544 2614 600 2668 Is
631 2613 704 2668 ad
736 2614 912 2669 vitem
973 2632 1163 2679 suam,
1198 2616 1307 2670 hoc
1365 2621 1456 2670 est
1515 2620 1857 2671 sanctorum
1917 2631 1989 2669 ex

336 2701 791 2757 circumcisione
845 2704 1193 2773 Ecclesiam,
1247 2704 1478 2776 pullum
1528 2705 1732 2772 asinaa,
1792 2705 1850 2759 id
1899 2710 1990 2760 est

331 2789 614 2844 collectas
638 2807 708 2845 ex
730 2791 1007 2864 gentibus
1033 2793 1627 2864 Ecclesias,capreolo
1649 2793 1802 2857 vitis,
1829 2793 1988 2864 quod

331 2884 422 2933 est
452 2879 695 2951 spiritus
725 2879 1092 2950 dilectionis,
1126 2881 1409 2954 alligavit.
1443 2883 1496 2937 Is
1529 2883 1743 2938 stolam
1795 2899 1986 2949 suam,

331 2969 529 3024 carnis
559 2969 839 3025 videlicet
867 2972 1171 3035 amictum,
1205 2976 1272 3026 ut
1296 2973 1357 3026 in
1387 2972 1523 3027 vino
1583 2973 1644 3026 in
1697 2972 1987 3042 sanguine

329 3056 464 3112 vitis
496 3057 766 3124 tinctam,
801 3059 864 3113 in
895 3076 1002 3114 suo
1034 3061 1276 3132 proprio
1309 3061 1608 3133 sanguine
1640 3059 1881 3127 lavabit,
1925 3059 1986 3114 id

332 3153 439 3213 est,
476 3165 544 3202 ex
576 3149 823 3204 interitu
854 3150 1113 3206 naturali
1147 3150 1222 3206 ad
1255 3149 1658 3206 conditionem
1710 3151 1988 3205 interitus

335 3242 640 3307 expertem
664 3239 1494 3310 transferet,quandoquidem
1508 3240 1570 3294 in
1589 3255 1760 3295 cruce
1775 3256 1985 3294 cruen-

333 3329 514 3391 tatus,
567 3343 602 3380 a
646 3327 898 3381 mortuis
947 3344 1132 3398 purus
1181 3345 1248 3382 ac
1299 3328 1566 3384 interitui
1608 3345 1983 3398 nequaquam

341 3429 517 3483 porro
548 3413 852 3469 obnoxius
883 3416 1100 3470 existit.
1135 3416 1322 3486 Hujus
1355 3417 1533 3471 etiam
1573 3417 1792 3472 hilares
1849 3421 1990 3470 sunt

338 3500 517 3569 oculi,
551 3507 840 3574 tanquam
898 3504 1116 3572 avino,
1175 3505 1394 3576 Spiritu
1441 3505 1724 3560 nimirum
1783 3510 1986 3559 sancto

336 3589 573 3660 repleti.
605 3591 822 3647 Dentes
846 3591 998 3648 facte
1029 3593 1406 3648 candidiores
1425 3593 1986 3648 excellentissimam

332 3695 682 3735 sermonum
727 3681 859 3753 ejus
908 3682 1396 3754 perspicuitatem
1432 3689 1609 3754 atque
1669 3683 1986 3754 puritatem

333 3772 562 3824 notant.
596 3769 856 3826 Zabulon
890 3772 1256 3826 maritimam
1294 3771 1366 3826 ad
1398 3772 1636 3827 navium
1669 3771 1984 3826 stationem

334 3857 426 3911 71
492 3857 780 3930 deligens,
837 3859 1275 3916 habitationem
1329 3877 1518 3932 usque
1575 3861 1650 3916 ad
1705 3860 1985 3916 Sidonem

327 3945 538 4000 uabem
565 3947 804 4002 incolet.
838 3950 1039 4004 Issach
1059 3967 1127 4005 ar
1184 3956 1390 4006 contra
1419 3957 1639 4006 terram
1667 3951 1730 4004 in
1790 3951 1986 4005 medio

329 4035 711 4106 conspicatus
741 4038 1028 4110 pinguem
1057 4055 1209 4104 esse,
1243 4039 1498 4095 fertilem
1537 4045 1712 4111 atque
1742 4039 1985 4110 bonam,

326 4122 402 4178 ad
423 4121 656 4179 labores
682 4125 950 4182 studium
972 4143 1150 4182 suum
1172 4127 1688 4200 conferet,fietque
1705 4128 1982 4201 agricola.

326 4213 474 4277 Dan,
497 4213 718 4285 inquit,
745 4216 1032 4288 populum
1065 4233 1238 4272 suum
1258 4217 1573 4290 judicabit,
1601 4218 1756 4274 sicut
1783 4224 1844 4272 et
1869 4217 1988 4273 alia

327 4301 518 4357 tribus
551 4303 906 4370 Israelitica,
969 4322 1186 4378 nempe
1215 4311 1280 4360 ut
1330 4306 1492 4378 regia
1517 4307 1680 4362 Judm
1737 4306 1983 4374 familia,

335 4389 508 4445 siculi
541 4391 689 4446 olim
719 4393 1014 4449 Samsom.
1076 4395 1148 4450 Et
1175 4393 1390 4450 deinde
1449 4395 1610 4450 ﬁlius
1653 4395 1988 4466 iniquitatis

331 4483 621 4550 tanquam
657 4481 901 4536 coluber
925 4483 1144 4554 aliquis
1175 4483 1235 4537 in
1267 4485 1359 4539 via
1389 4484 1570 4557 hujus
1596 4485 1726 4539 vitae
1757 4485 1988 4540 occulte

2093 1895 2182 1950 καὶ
2213 1897 2314 1965 τὴν
2363 1895 2671 1966 ἀνάστασιν,
2723 1895 3010 1971 ἀριδήλως
3076 1900 3104 1953 ὁ
3163 1902 3309 1965 θεῖος
3365 1901 3478 1958 ἐκεῖ
3531 1907 3754 1978 πρῶτος

2091 1983 2499 2062 προηγόρευσεν
2533 1983 2780 2060 Ἰσραήλο
2843 1987 2920 2058 μή
2971 1986 3244 2062 ἐκλείψειν
3301 1989 3358 2044 δὲ
3411 1989 3654 2066 ἄρχοντα
3701 1989 3754 2060 ἐξ

2095 2070 2273 2132 Ἰούδα
2300 2069 2338 2142 ἤ
2371 2075 2700 2150 ἡγούμεεος,
2762 2071 2864 2138 ἕως
2925 2073 3005 2146 ἄν,
3065 2075 3253 2154 φησὶν,
3301 2072 3436 2154 ἔλθῃ
3470 2079 3500 2133 ὃ
3527 2079 3754 2134 ἀπόκει-

2091 2183 2205 2234 ται,
2234 2161 2514 2219 τουτέστιν
2547 2163 2575 2218 ὁ
2609 2165 2864 2238 Χριστὸς,
2909 2163 2968 2227 ὅς
3024 2165 3166 2222 ἐστιν
3227 2163 3400 2230 ὅντως
3450 2165 3756 2244 προσδοκία

2091 2256 2204 2307 τῶν
2232 2250 2419 2316 ἐθνῶν
2460 2249 2519 2314 ὅς
2548 2253 2612 2308 τὸ
2643 2251 2730 2308 ἐπὶ
2774 2258 2844 2327 τῇ
2897 2252 3150 2328 βασιλείᾳ
3197 2257 3289 2310 καὶ
3343 2257 3612 2331 ἡγεμονίᾳ
3660 2259 3754 2314 καὶ

2093 2341 2306 2414 ἀρχικῇ
2373 2339 2588 2412 ἐξουσίᾳ
2650 2342 2795 2416 πάσῃ
2862 2344 3143 2418 γαυρίαμα
3238 2344 3579 2420 ἀφελόμενος
3641 2352 3752 2403 τῶν

2097 2428 2404 2500 Ἰουδαίων,
2435 2430 2525 2485 καὶ
2559 2430 2636 2492 εἷς
2685 2431 2872 2486 ἑαυτὸν
2920 2435 3026 2486 πᾶν
3075 2433 3138 2488 τὸ
3194 2434 3392 2508 κράτος
3449 2439 3560 2491 τῶν
3599 2435 3749 2493 ὅλων

2094 2517 2171 2581 ὡς
2202 2519 2594 2594 παντοκράτωρ
2621 2519 3087 2594 ἀναρτησάμενος,
3147 2522 3226 2584 οἷς
3275 2520 3534 2598 βούλεται
3583 2529 3750 2582 τοῦτο

2091 2607 2182 2662 καί
2235 2607 2542 2682 χαρίζεται.
2600 2609 2770 2672 Οὗτος
2828 2613 2969 2682 πρῦς
3023 2611 3124 2680 τῆν
3180 2609 3428 2684 ἄμπελον
3487 2614 3679 2684 αὐτοῦ,
3711 2615 3749 2685 ἢ

2093 2694 2235 2751 ἐστιν
2303 2695 2361 2750 ἐκ
2433 2704 2740 2771 περιτομῆς
2804 2701 2914 2752 τῶν
2981 2698 3140 2774 ἁγίου
3221 2697 3588 2772 Ἐκκλησιῶν,
3653 2704 3749 2758 τὸν

2093 2784 2280 2840 πῶλον
2310 2791 2409 2853 τῆς
2443 2781 2594 2853 ὄνου,
2625 2785 2722 2846 τὰς
2753 2784 2803 2854 ἐξ
2837 2784 3000 2842 ἐθνῶν
3029 2787 3348 2858 ἐκκλησίας,
3381 2788 3433 2844 ἐν
3477 2795 3546 2866 τῇ
3595 2789 3746 2848 ἓΛικι

2089 2881 2191 2944 τῆς
2221 2873 2474 2947 ἀμπέλου
2529 2873 2656 2944 ⁴ἢτοι
2711 2879 2790 2947 τῷ
2844 2877 3109 2950 πνεύματι
3158 2885 3261 2948 τῆς
3297 2879 3511 2956 ἀγάπης
3569 2903 3746 2958 προσ-

2094 2959 2428 3035 εδέσμευσεν.
2456 2963 2630 3025 Οὗτος
2658 2965 2759 3032 τὴν
2791 2964 2957 3020 αὐτοῦ
2987 2964 3192 3034 στολήν
3223 2969 3312 3022 καὶ
3342 2973 3442 3023 τοῦ
3487 2969 3746 3044 σώματος

2091 3053 2192 3121 τὴν
2224 3047 2551 3126 περιϐολήν,
2581 3053 2656 3116 ὡς
2686 3051 2738 3106 ἒν
2771 3051 2910 3126 οἵνῳ
2943 3057 3018 3126 τῷ
3069 3054 3258 3128 αἳματι
3318 3063 3420 3125 τῆς
3464 3059 3750 3136 σταφυλῆς

2102 3137 2470 3218 βεϐαμμένην,
2502 3139 2554 3197 ἐν
2584 3146 2664 3214 τῷ
2695 3141 2884 3216 οἰκείῳ
2933 3143 3126 3216 αἳματι
3175 3143 3388 3214 πλυνεῖ,
3421 3149 3452 3202 ὅ
3482 3147 3650 3221 ἐστιν,
3689 3149 3752 3206 ἐκ

2026 3202 2198 3300 Ετῆς
2242 3202 2486 3306 ’φυσικῆς
2547 3231 2751 3306 φθορᾶς
2807 3202 2882 3292 εἷς
2969 3202 3268 3310 ἀφθαρσίαν
3327 3202 3650 3309 μεταϐαλεῖῖ
3691 3238 3749 3294 ἐν

2095 3324 2310 3396 σταυρῷ
2369 3319 2770 3394 αἰματούμενος
2827 3321 2916 3374 καὶ
2958 3319 3019 3376 ἐκ
3075 3328 3282 3395 νεκρῶν
3341 3325 3602 3399 ἀμίαντος
3656 3329 3747 3384 καῖ

2093 3405 2366 3484 ἄφθαρτος
2440 3409 2812 3481 ἀνιστάμενος.
2891 3409 3106 3466 Τούτου
3178 3412 3269 3467 καὶ
3345 3415 3396 3468 οἱ
3467 3414 3746 3495 ὀφθαλμοὶ

2095 3497 2361 3572 χαροποὶ,
2427 3497 2502 3556 ὡς
2567 3497 2672 3550 ἀπὸ
2732 3497 2882 3551 οἳνου
2947 3503 3046 3553 τοῦ
3132 3501 3440 3574 [Ινεύματος
3517 3505 3743 3578 πεπλη-

2095 3587 2340 3670 ρωμένοι
2391 3588 2488 3639 τοῦ
2556 3585 2730 3659 ἁγίου,
2771 3588 2824 3640 οἱ
2863 3585 3081 3651 ὀδόντες
3145 3585 3202 3644 δὲ
3267 3591 3402 3667 ὑπὲρ
3466 3594 3530 3648 15
3603 3594 3752 3670 γάλα

2094 3669 2305 3743 λευκοὶ,
2380 3674 2443 3728 τὸ
2519 3674 2804 3752 ὑπερφυῶς
2881 3673 3344 3754 φωτοειδέστατον
3447 3686 3556 3738 τῶν
3618 3669 3748 3738 7mi-

2092 3765 2190 3818 τοῦ
2293 3761 2476 3840 λόγων
2549 3763 2640 3818 καὶ
2712 3767 3098 3841 καθαρώτατον
3171 3765 3548 3842 ἐμφαίνοντες’
3645 3779 3750 3830 Ζα-

2095 3847 2320 3908 ϐουλὼν
2369 3851 2639 3928 παράλιον
2713 3853 2850 3930 πρὸς
2915 3854 3087 3930 ὅρμον
3155 3855 3366 3913 πλοίων
3434 3861 3750 3937 ηροελόμε-

2091 3962 2181 4004 νος
2209 3948 2480 3998 κατοικεῖν
2511 3938 2615 4005 ἕως
2647 3941 2885 4007 Σιδῶνος
2909 3951 3010 4013 τῆς
3031 3945 3246 4010 πόλεως
3269 3949 3368 4018 τήν
3403 3951 3572 4006 αὐτοῦ
3601 3973 3744 4007 κατ-

2093 4031 2308 4102 οίκησιν
2337 4037 2635 4108 παρανενεῖ.
2676 4033 2740 4090 Ὁ
2773 4035 3029 4109 Ἰσσαχὰρ
3079 4033 3137 4090 δὲ
3181 4037 3282 4105 τὴν
3331 4037 3384 4092 έν
3438 4041 3588 4114 μέσῳ
3631 4046 3740 4097 τῶν

2092 4118 2318 4196 κλήρων
2351 4119 2480 4176 ἰδὼν
2511 4128 2632 4197 γῆν,
2662 4121 2746 4176 δτι
2775 4121 2938 4192 πίων,
2969 4122 3052 4180 ὅτι
3111 4120 3380 4199 εὗκαρπος
3428 4129 3519 4184 καὶ
3569 4130 3737 4204 καλὴ,

2091 4209 2412 4288 φιλοπονεῖν
2497 4211 2822 4286 αἱρετίσεται
2894 4213 2986 4268 καὶ
3073 4214 3206 4286 ἀνὴρ
3261 4219 3508 4294 γεωργὸς
3564 4222 3736 4280 1ἔσται.

2093 4302 2179 4374 [Ρ.
2211 4300 2302 4374 40]
2334 4300 2430 4354 Καὶ
2463 4301 2564 4354 Δάν
2595 4301 2693 4372 μὶν
2740 4305 2833 4356 τὸν
2889 4299 3022 4357 λαὸν
3075 4304 3263 4375 αὐτοῦ,
3326 4307 3484 4384 φησὶ,
3541 4314 3732 4384 κρινεῖ,

2091 4388 2220 4444 ὡσεὶ
2249 4389 2338 4444 καὶ
2373 4387 2471 4462 μία
2527 4385 2676 4466 φυλή
2731 4387 2782 4445 έν
2833 4390 3082 4464 Ἰσραὴλ,
3142 4392 3280 4464 ὡςὴ
3313 4395 3576 4469 βασιλική
3633 4403 3736 4454 τοῦ

2092 4477 2270 4535 Ἰούδα
2299 4475 2470 4554 φυλὴ,
2500 4479 2742 4553 καθάπερ
2769 4478 2940 4534 πάλαι
2987 4481 3016 4534 ὁ
3071 4482 3316 4556 Σαμψὼν
3371 4485 3462 4540 καὶ
3511 4485 3734 4562 ὕστερον

330 4567 668 4635 insidiatus,
730 4571 953 4626 calcem
1011 4572 1147 4642 equi
1201 4573 1510 4645 (nimirum
1550 4575 1665 4628 iter
1710 4575 1840 4645 ejus
1882 4575 1982 4646 qui

2095 4567 2246 4637 ὁτῆς
2275 4567 2504 4641 ἀνομίας
2533 4567 2670 4638 υίὸς,
2731 4567 2913 4644 ὥσπερ
2970 4589 3054 4632 τις
3115 4567 3237 4650 ὄφις
3283 4571 3364 4650 ἐφ’
3409 4571 3540 4630 ὁδοῦ
3579 4573 3741 4632 τοῦδε

329 4654 744 4728 imprudenter
771 4659 926 4714 hanc
957 4661 1135 4716 vitam
1169 4661 1346 4733 degit,
1379 4679 1416 4718 a
1461 4669 1623 4718 recto
1653 4663 1976 4736 avertens),

325 4745 657 4812 mordet,ac
690 4747 929 4804 tandem
961 4754 1154 4804 astute
1195 4766 1229 4804 a
1278 4750 1395 4805 Deo
1427 4767 1698 4808 aversum
1740 4751 1982 4808 subver-

327 4833 421 4888 tit.
451 4833 738 4890 Concidet
766 4837 933 4892 humi
991 4853 1175 4908 eques
1225 4837 1283 4892 id
1317 4844 1406 4894 est
1433 4839 1610 4896 homo
1671 4840 1864 4896 ﬁdelis
1912 4857 1981 4898 ac

332 4923 491 4995 pius,
523 4939 850 5000 rursusque
908 4921 1271 4998 resipiscens
1302 4934 1360 4982 et
1387 4929 1675 4984 auxilium
1715 4931 1818 4986 Dei
1868 4931 1982 4986 im-

329 5011 596 5082 plorans.
630 5014 884 5081 Gadum,
925 5015 1028 5083 ait,
1081 5014 1390 5086 praedones
1439 5017 1978 5088 depraadabuntur:

333 5101 538 5172 quales
573 5102 789 5159 multas
821 5103 1068 5159 diversis
1099 5105 1468 5176 temporibus
1495 5107 1688 5164 Cadus
1735 5126 1769 5162 ιι
1801 5107 1978 5165 ﬁniti-

340 5193 454 5247 mis
510 5193 782 5249 hostibus
827 5193 1214 5265 praedatorias
1257 5195 1633 5254 incursiones
1681 5198 1977 5270 protulit:

375 5301 481 5355 pse
499 5284 759 5340 vicissim
787 5284 982 5341 Gadus
1013 5302 1116 5341 eos
1145 5303 1177 5342 e
1210 5287 1454 5360 vestigio
1480 5288 1773 5346 latrocinii
1796 5290 1984 5346 sultus

335 5377 443 5427 est.
479 5375 731 5428 Aserum
761 5374 918 5430 adeo
943 5374 1236 5430 fructibus
1256 5375 1694 5433 abundaturum
1722 5385 1785 5432 ut
1807 5379 1986 5434 etiam

333 5461 710 5533 principibus
739 5463 1033 5520 alimenta
1066 5465 1552 5536 suppeditaturus
1585 5467 1986 5540 sit.Nephtali-

335 5567 502 5606 mum
537 5556 746 5608 trunco
779 5553 1003 5625 plantae
1035 5569 1165 5609 sese
1196 5554 1533 5626 subjicienti
1567 5556 1823 5612 similem
1843 5559 1988 5626 fore,

332 5639 720 5698 multitudine
770 5647 831 5698 et
879 5642 1180 5716 elegantia
1211 5645 1491 5714 potentias
1536 5651 1775 5701 auctum
1811 5645 1989 5703 veluti

2089 4654 2458 4719 λανθανόντως
2500 4660 2598 4712 τοῦ
2659 4655 2782 4732 βίου
2841 4657 3052 4737 λοχῶν,
3107 4661 3196 4716 καί
3256 4664 3486 4736 πτέρναν
3539 4665 3738 4736 ἳππου,

2085 4749 2183 4800 τοῦ
2221 4744 2625 4820 ἀπερισκέπτως
2681 4745 2775 4801 τὸν
2838 4746 2957 4822 βίον
3015 4751 3232 4806 τουτονὶ
3287 4751 3584 4832 τρέχοντος
3638 4756 3738 4825 τὴν

2089 4831 2234 4901 ὁδὸν,
2301 4831 2642 4908 διαστρέψας.
2699 4837 2908 4890 Τοῦτον
2961 4835 3062 4911 γὰρ
3117 4834 3322 4894 δάκνων
3395 4831 3486 4896 καὶ
3546 4841 3740 4898 λοιπὸν

2087 4921 2412 4996 πανούργως
2461 4921 2565 4977 ὑπὸ
2620 4921 2645 4957 ⁸
2698 4925 2796 4977 τοῦ
2852 4927 2986 4980 Θεοῦ
3053 4925 3439 4998 ὑποσκελίσας,
3494 4935 3739 4987 πεσεῖται

2091 5011 2272 5086 χαμαὶ
2303 5011 2332 5065 ὁ
2359 5011 2577 5080 ἱππεὺς,
2617 5010 2812 5074 πιστὸς
2857 5012 2949 5067 καὶ
2997 5011 3230 5086 εὐσεϐὴς
3278 5014 3588 5091 ἅνθρωπος,
3641 5039 3740 5093 με-

2089 5105 2293 5156 τανοῶν
2320 5099 2410 5154 καὶ
2439 5100 2541 5168 τήν
2585 5097 2644 5154 ἐκ
2699 5104 2840 5155 Θεοῦ
2895 5104 3172 5178 σωτηρίαν
3227 5103 3378 5168 αὖθις
3436 5106 3746 5164 ἀνακαλού-

2096 5212 2283 5266 μενος.
2329 5189 2430 5245 Τὸν
2489 5186 2595 5245 Γάδ
2653 5187 2710 5246 δὲ
2759 5195 3143 5267 πειρατήριον,
3201 5197 3360 5276 φησὶ,
3419 5198 3744 5276 πειρατεύει,

2097 5283 2191 5336 οἶα
2228 5276 2418 5336 πολλὰ
2453 5279 2590 5334 κατά
2643 5278 2772 5340 τοὺς
2835 5279 3083 5345 πολλοὺς
3135 5287 3360 5360 καιροὺς
3416 5291 3742 5364 πειρατήρια

2093 5373 2172 5442 τῷ
2203 5367 2310 5424 Γὰδ
2346 5368 2444 5442 μὲν
2475 5365 2582 5422 ἀπὸ
2611 5371 2719 5422 τῶν
2751 5367 3166 5447 πλησιοχώρων
3196 5374 3474 5432 συνέπεσεν
3507 5377 3742 5453 ἐχθρῶν,

2094 5458 2280 5519 αὐτοῖς
2310 5453 2368 5512 δὶ
2419 5455 2572 5517 αὖθις
2602 5457 2631 5512 ὁ
2661 5455 2770 5512 Γάδ
2825 5463 3180 5536 πειρατήριον
3237 5464 3375 5520 κατᾶ
3424 5462 3600 5528 πόδας
3647 5465 3748 5522 ἐπ-

2097 5548 2397 5618 ενήνεκται.
2431 5545 2532 5602 Καὶ
2568 5545 2738 5620 Ἀσὴρ
2773 5547 2868 5620 μὶν
2895 5549 3069 5614 οὓτως
3107 5555 3189 5624 τῷ
3243 5551 3392 5629 ἃρτῳ
3443 5555 3745 5611 πεοισσεύει

2094 5643 2170 5705 ὡς
2201 5639 2291 5696 καὶ
2319 5642 2437 5699 τοῖς
2493 5637 2727 5712 ἃρχουσι
2783 5634 2991 5696 διδόναι
3049 5643 3278 5720 τροφὴν,
3331 5643 3649 5722 Νεφθαλείμ
3687 5643 3745 5701 δὶ
