4106 6288
281 331 396 393 101
1474 341 1990 407 HISTORIARUN

2106 338 2622 405 OMPENDIUM.
3634 351 3749 410 102

294 465 560 546 στελέχει
655 478 837 552 φυτοῦ
907 476 1179 551 ἀνειμένῳ
1242 478 1748 552 παρεικασθήσεται,
1815 472 1990 530 ἐπιδι-

2108 474 2290 531 ramis
2348 472 2668 530 admodum
2748 472 3064 547 frugiferis.
3155 477 3288 534 Haec
3365 478 3606 551 quidem
3671 485 3747 540 iis

309 554 440 623 δοὺς
472 559 554 623 εἷς
586 562 820 633 πλῆθος
854 566 948 622 καὶ
978 565 1188 630 κάλλος
1219 564 1501 641 δυνάμεως
1559 566 1633 629 ὥς
1683 568 1990 644 γεννήματα

2106 564 2431 621 vaticinans
2506 563 2782 634 praedixit
2856 566 3139 624 lsraelus.
3216 568 3535 640 Josephum
3611 589 3747 629 vero

320 647 535 721 πληθύϊ
561 657 819 728 καρπῶν.
872 658 1008 716 Τοῖς
1070 656 1162 730 μὲν
1222 657 1313 711 οὖν
1364 657 1432 712 τὰ
1495 662 1719 712 τοιαῦτα
1775 678 1990 734 προφη-

2106 654 2435 726 impensius
2488 652 2772 708 dilectum
2854 654 3374 713 excellentioribus
3446 659 3748 718 felicitatis

326 739 495 796 τεύων
555 738 817 818 ἐπέλεγεν
875 745 904 798 ὁ
964 744 1206 820 Ἰσραήλ.
1264 742 1483 825 Σφόδρα
1532 743 1590 801 δὲ
1645 746 1737 800 τὸν
1792 747 1990 823 Ἰωσὴφ

2106 742 2657 799 denuntiationibus
2689 748 2778 799 est
2807 751 3173 815 prosecutus,
3208 769 3238 797 «
3276 750 3587 821 Josephus,
3642 753 3744 817 ait,

338 831 417 893 ὡς
442 828 564 886 λ’ίαν
595 832 959 907 ἠγαπημένον
993 833 1266 911 εὐλογῶν,
1326 858 1354 886 (ι
1387 837 1510 897 Υἱὸς
1557 835 1861 909 ηὐξημένος
1905 834 1995 891 καὶ

338 918 752 995 δεδοξασμένοις,
784 923 862 985 ὡς
892 923 1145 995 ζηλωσὸς
1183 925 1218 994 ἢ
1267 924 1531 995 ἐπίζηλος
1588 925 1675 980 καὶ
1730 924 1995 1001 μακάριός

340 1030 453 1083 μου
483 1011 513 1065 ὁ
542 1011 662 1075 υἱὸς
693 1012 721 1065 ὁ
748 1013 1034 1087 νεώτερος.
1070 1013 1294 1092 Ἰωσὴφ,
1346 1012 1482 1088 πρός
1535 1035 1600 1089 με
1643 1013 1994 1089 ἀνάστρεψον,

338 1099 480 1174 πρός
515 1100 702 1173 μετὸν
734 1102 942 1176 πατέρα
969 1103 1059 1157 τὸν
1118 1101 1228 1161 σόν.
1286 1104 1429 1178 ’Όρα
1484 1102 1681 1159 λοιπὸν
1733 1105 1807 1177 μὴ
1858 1104 1994 1179 πρὸς

340 1192 576 1266 Φαραὼ,
641 1194 718 1265 μὴ
778 1193 915 1268 πρὸς
977 1192 1306 1266 Αἰγυπτίους
1351 1191 1589 1263 ἀσελιῖς,
1646 1192 1794 1249 ἀλλὰ
1857 1195 1992 1268 πρὸς

334 1278 461 1351 ἐμὲ,
496 1281 655 1359 φησί,
687 1279 777 1334 καὶ
809 1282 910 1349 τὴν
969 1275 1241 1337 εὐσέϐειαν
1296 1287 1403 1338 τῶν
1453 1281 1698 1357 πατέρων
1748 1281 1993 1357 ἑπιστρέ-

334 1390 444 1445 φου
468 1374 583 1424 τῶν
647 1374 777 1424 σῶν.
837 1369 943 1425 Καὶ
1002 1370 1106 1446 γὰρ
1159 1371 1297 1426 κατὰ
1352 1374 1449 1425 σοῦ
1507 1366 1993 1445 διαϐουλευόμενοι

331 1455 726 1532 ἐλοιδοροῦντο
767 1458 859 1514 καὶ
916 1457 1124 1534 ἐνεῖχον
1185 1458 1423 1532 τοξόται,
1482 1464 1689 1535 τρῶσαι
1745 1457 1993 1521 θέλοντες

331 1548 427 1603 καὶ
456 1548 793 1604 ἀποκτεῖναι.
826 1549 861 1617 ἢ
911 1548 1091 1622 ὥσπερ
1150 1550 1202 1603 οἳ
1260 1547 1488 1626 ἀδελφοὶ
1539 1547 1995 1626 διαφθονούμενοι

333 1639 746 1713 πρότερον,καὶ
804 1636 970 1693 ἄλλοι
1031 1643 1193 1694 τοῦτο
1251 1636 1510 1713 δράσουσι
1571 1639 1858 1711 μετέπειτα
1917 1637 1993 1700 εἷς

338 1727 601 1803 ἐκγόνους
632 1727 761 1788 τοὺς
819 1728 965 1791 σούς.
998 1726 1179 1783 Ἀλλὰ
1238 1725 1326 1782 διὰ
1365 1727 1553 1803 χειρὸς
1598 1724 1858 1783 δυνάστου
1896 1731 1994 1784 τοῦ

350 1814 487 1888 ἆμοῦ
514 1820 644 1871 Θεοῦ
674 1820 773 1871 τοῦ
829 1815 1262 1889 κατισχύσαντος
1321 1815 1544 1890 Ἰσραὴλ
1598 1812 1882 1891 συνετρίϐη
1929 1818 1997 1871 τὰ
2026 1850 2071 1915 Β

354 1904 487 1974 τόξα
541 1905 732 1974 αὐτῶν,
795 1904 885 1959 καὶ
941 1907 1007 1960 τὰ
1064 1908 1224 1980 νεῦρα
1280 1909 1388 1959 τῶν
1448 1906 1760 1980 ϐραχιόνων
1817 1906 1995 1961 αὐτῶν

346 1992 602 2063 ἐξελύθη.
653 1993 758 2051 Καὶ
812 1992 1082 2068 εὐλόγησέ
1137 2014 1195 2048 σε
1248 1995 1277 2049 ὁ
1334 1992 1680 2067 Θεὸςὸἐμὸς
1737 1992 1996 2068 εὐλογίαν

336 2082 577 2157 οὐρανοῦ
641 2082 729 2139 καὶ
794 2089 919 2159 γῆς,
984 2081 1255 2158 οὐρανίοις
1350 2083 1685 2162 χαρίσμασιν
1773 2083 1991 2159 ἀγαθῶν

328 2173 545 2246 ἀρετῶν
601 2172 692 2227 καὶ
748 2170 1013 2249 ἐπιγείοις
1067 2171 1510 2235 καταπλουτίσας
1566 2172 1791 2249 ἀγαθοῖς
1838 2176 1990 2229 πᾶσι.

325 2260 432 2316 Καὶ
464 2257 560 2316 διὰ
594 2262 692 2322 τὰς
752 2261 860 2317 ἀπὸ
921 2266 1138 2335 μαστῶν
1198 2262 1290 2318 καὶ
1350 2265 1560 2338 μήτρας
1622 2268 1723 2331 τῆς
1782 2260 1992 2337 μητρός

326 2371 427 2405 σου
459 2347 723 2427 εὐλογίας
743 2352 834 2406 καὶ
868 2347 959 2405 διὰ
987 2350 1083 2412 τὰς
1131 2354 1231 2407 τοῦ
1279 2350 1486 2427 πατρός
1538 2372 1634 2406 σου
1682 2349 1744 2406 iw.
1793 2350 1993 2421 νηπίου

330 2438 630 2511 ἐπιθυμίας
686 2438 775 2494 καί
835 2439 1129 2514 ἀγαπήσεις
1193 2439 1560 2516 ὗπερίσχυσας
1625 2440 1718 2495 καὶ
1803 2436 1993 2495 ἐδυνά-

330 2540 469 2599 σθης
502 2528 639 2602 ὑπὲρ
673 2527 930 2603 εὐλογίας
980 2526 1149 2584 ὅσέων
1213 2530 1487 2603 μονίμων,
1541 2529 1669 2597 ἢτοι
1725 2526 1993 2603 βασιλέων

332 2617 757 2693 πολυχρονίων,
816 2618 904 2673 καὶ
965 2617 1259 2691 ἐπιθυμίας
1316 2622 1474 2683 θινῶν
1533 2618 1792 2686 αἰωνίων,
1866 2616 1991 2687 ἢτοι

333 2709 553 2781 βουνῶν
590 2707 682 2762 καὶ
738 2706 1023 2782 ἀρχόντων
1073 2701 1470 2783 μακροϐιοτητι
1522 2703 1989 2778 διευθηνουμένων

336 2797 562 2851 πάντων
593 2795 909 2871 ὑπερέσχες.
943 2820 971 2848 ι(
1004 2800 1174 2852 Αυται
1213 2799 1364 2871 γοῦν,
1396 2794 1577 2873 φησὶν,
1634 2795 1687 2849 αἱ
1745 2792 1992 2868 εὐλογίαι

335 2886 532 2955 εἳησαν
573 2884 662 2940 ἐπὶ
695 2884 935 2963 κεφαλὴν
983 2888 1182 2963 Ἰωσήφ
1234 2886 1324 2940 καὶ
1377 2884 1461 2940 ἐπὶ
1509 2885 1722 2959 κορυφὴ
1764 2885 1836 2938 ὧν
1896 2883 1994 2938 αὐ·-

327 2975 426 3035 τὸς
459 2977 680 3048 ἡγεῖται
722 2972 993 3051 ἀδελφῶν.
1055 2974 1308 3047 Βενιαμὶν
1370 2971 1426 3030 δὲ
1475 2973 1639 3035 λύκος
1680 2973 1871 3047 ἅρπαξ·
1929 2971 1992 3025 τὸ

328 3067 563 3138 προϊκὸν
602 3064 765 3126 αὐτὸς
795 3060 994 3132 ἔδεται,
1048 3065 1138 3119 καὶ
1196 3065 1274 3127 εἰς
1331 3065 1394 3119 τὸ
1452 3064 1680 3139 ἑσπέρας
1738 3059 1994 3117 διαδώσει

332 3156 571 3231 τρο-θήν.
602 3156 871 3212 Τοιοῦτον
902 3157 1032 3229 γοῦν
1063 3175 1114 3209 τι
1141 3154 1405 3208 πέπονθεν
1437 3155 1471 3223 ἡ
1502 3152 1700 3208 τούτου
1729 3152 1903 3229 φυλή.

423 3338 626 3397 Elabar
655 3341 713 3398 δὲ
744 3341 830 3398 δεῖ
867 3339 952 3398 ὅτι
1008 3342 1095 3398 ἐάν
1153 3363 1235 3404 τις
1293 3342 1353 3397 ἐκ
1403 3341 1753 3415 παρατάσεως
1809 3343 1989 3417 ἁμαρ-

349 3432 495 3484 τάνει
527 3434 791 3504 πειράζων
820 3434 912 3488 τὸν
939 3433 1067 3487 Θεὸν
1099 3433 1175 3495 ὡς
1211 3433 1314 3505 μὴ’
1340 3431 1618 3501 ἐπεξιόντα
1665 3435 1780 3493 τοῖς
1814 3451 1986 3500 πονη-

336 3524 480 3592 ροῖς,
513 3521 542 3574 ὁ
595 3526 849 3582 τοιοῦτος
909 3519 1033 3576 οὔτε
1087 3521 1371 3593 μετανοίας
1423 3519 1664 3589 ἀξιοῦται
1723 3517 1846 3575 οὔτε
1882 3519 1986 3594 ἀφ-

334 3605 522 3674 έσεως,
556 3604 740 3681 ὥσπερ
770 3629 829 3681 γε
858 3607 950 3662 καὶ
980 3605 1144 3662 ἄλλοι
1176 3606 1401 3669 πλείους
1433 3607 1522 3662 καὶ
1553 3609 1636 3680 [Ρ.
1694 3608 1785 3680 41]
1833 3606 1992 3670 οὗτος

329 3698 559 3772 Φαραὼο
597 3694 692 3750 κᾶν
727 3695 857 3771 λέγῃ
886 3716 969 3757 τις
1000 3696 1126 3770 παρ’
1157 3697 1356 3768 ἐαυτῷ,
1406 3697 1568 3753 *Οσιά
1620 3717 1715 3770 μοι
1758 3697 1987 3770 γένοιτο,

324 3785 414 3838 ὃτι
447 3784 791 3860 πορεύσομαι
829 3784 883 3840 έν
942 3790 1011 3861 τῇ
1071 3786 1378 3863 ἀναστροφῂ
1438 3792 1540 3855 τῆς
1593 3784 1815 3861 καρδίας
1884 3807 1990 3860 μου

327 3880 435 3940 τῆς
520 3880 791 3948 πονηρᾶς,
874 3875 962 3928 καὶ
1049 3872 1148 3948 ὀψέ
1207 3895 1338 3929 ποτε
1418 3877 1756 3948 μετανοήσω,
1809 3873 1990 3951 ὥσπερ

326 3962 529 4034 Ἀμὼς
591 3962 621 4015 ὁ
662 3966 759 4016 τοῦ
814 3967 1095 4032 Μανασσῆ.
1156 3964 1250 4018 Διὸ
1297 3963 1387 4019 καὶ
1443 3964 1507 4018 τὸ
1560 3966 1731 4038 τάχος
1790 3964 1994 4035 ἐξωλό-

332 4062 560 4124 θρευσεν
591 4051 749 4105 αὐτὸν
781 4052 811 4106 ὁ
843 4050 996 4113 Θεός.

408 4247 531 4301 Ὅτι
590 4241 926 4317 γεωμετρίαν
986 4243 1081 4316 μὲν
1141 4243 1433 4320 Αἰγύπτιοι
1491 4248 1702 4320 πρῶτοι
1759 4244 1991 4320 ἐξεῦρον,

336 4331 711 4405 ἀστρολογίαν
746 4328 801 4386 δὲ
841 4332 930 4386 καὶ
988 4332 1430 4409 γενεθλιαλογίαν
1481 4331 1768 4405 Χαλδαῖοι,
1821 4337 1993 4411 ΘἈρα-

338 4411 436 4477 ϐες
466 4417 559 4471 καὶ
591 4419 805 4492 Φρύγες
855 4418 1279 4488 οἷωνοσκοπίαν,
1339 4423 1480 4483 θεοῖς
1537 4419 1595 4476 δὲ
1646 4421 1787 4477 θύειν
1843 4422 1993 4480 Χαλ-

339 4502 496 4560 δαῖοι
552 4505 645 4561 εἴτ’
705 4508 795 4561 οὗν
855 4497 1086 4583 Κύπριοι
1173 4506 1547 4587 (διφοροῦνται
1631 4514 1757 4585 γὰρ,
1844 4508 1996 4575 ἔθνος

2106 831 2261 890 filius
2320 833 2688 889 incrementa
2742 832 2881 888 fecit
2922 834 3229 906 gloriaque
3279 843 3370 892 est
3410 841 3745 909 praeditus:

2105 937 2283 992 quam
2339 922 2752 993 suscipiendus
2809 929 2898 977 est
2950 923 3109 980 filius
3155 941 3325 980 meus
3372 928 3600 999 junior.
3651 932 3744 985 Jo-

2106 1012 2308 1083 sephe,
2367 1011 2442 1066 ad
2472 1028 2567 1068 me
2597 1017 2911 1081 revertere,
2953 1013 3026 1068 ad
3058 1030 3153 1067 me
3182 1020 3411 1085 patrem
3443 1022 3631 1074 tuum.
3664 1020 3744 1076 Do

2104 1104 2319 1155 caatero
2353 1115 2490 1156 cave
2542 1100 2617 1155 ad
2648 1101 3020 1156 Pharaonem
3078 1107 3182 1157 aut
3238 1103 3313 1158 ad
3367 1105 3581 1177 impios
3644 1109 3741 1165 72

2104 1191 2400 1262 Egyptios
2429 1190 2874 1257 revertaris,sed
2897 1191 2971 1247 ad
2992 1208 3087 1246 me
3109 1207 3177 1247 ac
3196 1195 3482 1266 majorem
3508 1203 3743 1255 tuorum

2104 1280 2387 1349 pietatem
2414 1283 2469 1333 te
2499 1279 2675 1334 refer.
2710 1279 2858 1335 Nam
2885 1280 3173 1352 sagittarii
3204 1289 3413 1339 contra
3444 1290 3498 1340 te
3557 1287 3745 1341 consi-

2104 1367 2250 1423 lium
2304 1368 2622 1430 iniverunt,
2681 1368 3000 1440 opprobria
3047 1371 3328 1441 jecerunt
3383 1390 3450 1428 ac
3498 1375 3744 1431 insidias

2105 1457 2508 1523 tetenderunt,
2542 1456 2854 1513 vulnerare
2913 1465 3249 1529 quaerentes
3281 1467 3339 1516 et
3383 1462 3740 1533 interﬁcere,

2103 1545 2196 1600 vel
2223 1546 2398 1602 sicuti
2457 1545 2670 1602 fratres
2700 1548 3003 1617 quondam
3061 1549 3282 1605 invidia
3338 1554 3612 1623 permoti,
3653 1554 3746 1608 vel

2105 1634 2206 1689 alii
2231 1633 2342 1690 hoc
2364 1633 2646 1706 deinceps
2666 1634 2945 1692 adversus
2968 1643 3238 1707 posteros
3257 1643 3392 1697 tuos
3418 1640 3739 1697 audebunt.

2106 1723 2220 1783 Sed
2249 1739 2431 1778 manu
2460 1724 2720 1794 potentis
2748 1725 2866 1779 mei
2895 1724 3021 1788 Dei,
3041 1727 3142 1796 qui
3168 1728 3451 1784 Israelum
3483 1729 3742 1798 roborat,

2105 1828 2279 1867 arcus
2309 1828 2516 1867 eorum
2546 1812 2832 1867 confracti
2867 1818 3004 1868 sunt
3051 1816 3334 1887 nervique
3361 1816 3745 1875 brachiorum

2102 1916 2307 1956 eorum
2340 1901 2545 1955 luxati.
2580 1902 2656 1955 Te
2683 1907 2881 1956 autem
2912 1903 3065 1959 Deus
3095 1920 3264 1958 meus
3309 1906 3646 1962 coelestibus
3675 1924 3742 1963 ac

2101 1988 2482 2044 terrestribus
2512 1989 2688 2044 bonis
2716 1988 2930 2059 beavit,
2955 1991 3292 2047 caelestibus
3322 1995 3606 2050 virtutum
3638 1995 3741 2050 bo-

2099 2093 2312 2132 narum
2343 2077 2539 2145 donis,
2591 2079 2973 2134 terrestribus
3005 2081 3337 2153 omnigenis
3391 2084 3640 2154 opibus;
3673 2101 3742 2140 ac

2102 2171 2163 2222 tu
2195 2173 2437 2239 propter
2483 2168 2704 2224 faustas
2730 2167 2857 2239 jam
2897 2169 3035 2225 inde
3068 2170 3142 2226 ab
3173 2176 3341 2226 utero
3373 2177 3433 2228 et
3459 2172 3742 2229 uberibus

2100 2257 2308 2312 matris
2335 2262 2451 2312 tuae
2483 2259 3012 2329 comprecationes,
3045 2266 3402 2332 prapterque
3432 2263 3616 2332 patris
3656 2264 3739 2319 tui

2099 2345 2172 2400 ab
2202 2346 2445 2403 ineunte
2478 2351 2578 2402 tua
2608 2352 2778 2403 astate
2811 2347 3105 2405 desideria
3125 2354 3303 2420 atque
3333 2350 3739 2420 dilectionem,

2099 2435 2459 2506 praevaluisti
2492 2435 2803 2508 factusque
2836 2453 2897 2493 es
2928 2442 3141 2509 potens
3171 2455 3350 2510 supra
3379 2441 3739 2512 prosperita-

2099 2528 2219 2579 tem
2246 2525 2541 2581 montium
2567 2527 3048 2597 permanentium
3073 2524 3311 2600 (nempe
3333 2544 3537 2601 regum
3563 2530 3737 2603 longo

2100 2616 2363 2683 tempore
2394 2613 2862 2686 imperantium),
2897 2622 2956 2672 et
3006 2633 3187 2688 supra
3216 2618 3567 2688 cupiditates
3625 2620 3742 2674 col-

2100 2701 2241 2757 lium
2301 2708 2661 2760 zeternorum
2721 2706 2856 2776 (hoc
2910 2711 3000 2761 est
3052 2708 3390 2779 principum
3458 2726 3739 2781 prospere

2099 2791 2340 2863 longam
2398 2800 2635 2850 atatem
2716 2796 3042 2868 agentium)
3100 2815 3308 2853 omnes
3383 2799 3736 2855 excelluisti.

2098 2884 2289 2951 Atque
2342 2883 2488 2949 haec,
2550 2884 2765 2954 inquit,
2823 2885 3015 2940 fausta
3063 2886 3399 2942 redundent
3450 2889 3511 2942 in
3564 2896 3742 2960 caput

2096 2970 2334 3041 Iosephi
2365 2971 2502 3026 etin
2523 2972 2800 3028 verticem
2830 2973 3080 3028 fratrum
3109 2991 3362 3045 quorum
3386 2977 3509 3047 ipse
3535 2979 3744 3033 ductor

2099 3061 2207 3112 est.
2242 3059 2628 3130 Benjaminus
2659 3066 2857 3116 autem
2887 3061 3059 3133 lupus
3090 3069 3181 3118 est
3211 3070 3447 3135 raptor:
3495 3068 3705 3122 matuti
3724 3096 3740 3107 -

2098 3162 2243 3201 num
2272 3147 2399 3218 ipse
2429 3147 2655 3203 vorabit
2676 3154 2735 3203 et
2750 3151 3099 3221 vespertina
3117 3153 3378 3223 praedam
3402 3153 3739 3226 distribuet.

2015 3223 2059 3289 C
2097 3238 2180 3292 Ac
2211 3234 2321 3292 tale
2357 3236 2662 3309 quidpiam
2694 3238 2872 3294 tribui
2904 3241 3303 3311 Benjamineas
3333 3244 3550 3299 evenit.

2169 3341 2489 3398 Sciendum
2543 3351 2743 3399 autem
2777 3350 2884 3414 est,
2938 3346 2988 3400 si
3021 3347 3154 3418 quis
3206 3347 3507 3404 obstinato
3539 3350 3740 3406 animo

2100 3437 2326 3501 peccat,
2356 3433 2542 3489 Deum
2569 3439 2804 3489 tentans
2837 3434 3013 3490 veluti
3041 3436 3229 3492 malos
3261 3436 3564 3510 suppliciis
3622 3456 3743 3495 non

2100 3521 2475 3588 affecturum,
2536 3538 2670 3577 cum
2728 3539 2923 3594 neque
2996 3526 3469 3596 resipiscentiam
3548 3545 3743 3598 neque

2098 3611 2332 3665 veniam
2364 3612 2838 3682 consequi,quod
2868 3619 2933 3668 ut
2964 3614 3024 3668 in
3055 3614 3189 3669 aliis
3221 3616 3424 3672 multis
3454 3622 3513 3672 et
3543 3618 3603 3673 in
3633 3619 3743 3673 hoc

2100 3700 2374 3770 apparuit
2395 3701 2703 3756 Pharaone
2728 3718 2742 3766 ;
2767 3702 3027 3773 itemque
3051 3703 3100 3757 si
3132 3704 3264 3774 quis
3285 3706 3441 3775 apud
3471 3708 3739 3761 animum

2101 3804 2275 3843 suum
2300 3786 2458 3842 dicat
2482 3805 2495 3842 :
2520 3806 2545 3835 α
2575 3789 2912 3844 Clementer
2941 3807 3172 3846 mecum
3203 3795 3535 3865 agatur]!
3555 3795 3741 3850 vivam

2100 3876 2431 3931 secundum
2462 3876 2647 3931 animi
2678 3879 2793 3932 mei
2826 3880 2986 3951 pravi
3008 3878 3247 3945 dictata,
3279 3888 3338 3936 et
3366 3882 3550 3938 multo
3607 3890 3742 3955 post

2104 3970 2368 4037 tempore
2400 3966 2643 4021 tandem
2702 3968 3068 4039 resipiscam,
3107 3991 3135 4019 »
3167 3972 3362 4041 qualis
3406 3971 3518 4027 fuit
3561 3975 3742 4029 Amos

2103 4056 2384 4110 Manassae
2416 4054 2598 4123 ﬁlius,
2631 4072 2809 4126 quem
2841 4063 3155 4128 propterea
3187 4061 3364 4115 etiam
3404 4061 3558 4116 Deus
3588 4062 3743 4119 cele-

2101 4144 2248 4199 riter
2277 4143 2554 4214 perdidit.

2176 4242 2570 4298 Geometriam
2601 4244 2778 4314 primi
2808 4246 3056 4316 Algyptii
3088 4247 3462 4317 invenerunt,
3490 4250 3746 4306 astrolo-

2102 4332 2257 4400 giam
2299 4336 2358 4385 et
2384 4331 2790 4388 natalitiorum
2820 4334 3183 4405 judiciorum
3215 4342 3403 4392 artem
3462 4338 3744 4405 Chaldaei,

2104 4420 2507 4491 auspiciorum
2561 4420 2778 4476 Arabes
2828 4429 2887 4477 et
2940 4424 3221 4497 Phryges.
3282 4426 3400 4482 Diis
3445 4428 3741 4483 scriticare

2105 4507 2363 4567 Chaldaei
2396 4509 2804 4575 instituerunt,
2855 4511 2974 4566 sive
3004 4514 3223 4585 Cyprii,
3274 4530 3416 4587 gens
3466 4516 3740 4583 Persica;

338 4595 614 4670 Περσικὸν
702 4594 900 4665 ὄντες),
968 4597 1332 4672 ἀστρονομίαν
1391 4595 1450 4654 δὲ
1506 4593 1851 4655 Βαϐυλώνιοι
1907 4598 1990 4655 διὰ

2107 4596 2531 4652 astronomiam
2564 4596 2874 4670 Babylonii
2895 4606 3135 4656 auctore
3170 4604 3508 4659 Zoroastre:
3543 4605 3616 4659 ab
3648 4606 3741 4659 his

336 4685 725 4758 Ζωροάστρου,
784 4685 836 4756 ἐξ
894 4683 967 4740 ὧν
1020 4682 1335 4762 παρέλαϐον
1393 4687 1711 4762 Αἰγύπτιοι,
1769 4690 1994 4766 μαγείαν

337 4770 402 4827 δί
431 4772 522 4826 καὶ
551 4774 802 4846 γοητείαν
844 4775 937 4829 καὶ
994 4774 1331 4853 φαρμακείαν
1384 4773 1568 4845 Μῆδοι
1623 4778 1714 4832 καὶ
1773 4776 1990 4852 Πέρσαι.

332 4862 505 4917 Ἐστι
564 4857 622 4916 δὶ
684 4864 887 4937 μαγεία
941 4864 1035 4936 μὲν
1094 4862 1384 4936 ἐπίκλησις
1458 4863 1734 4940 δαιμόνων
1795 4866 1994 4943 ἀγαθο-

334 4954 521 5005 ποιῶν
586 4947 743 5016 δῆθεν
808 4952 945 5026 πρὸς
1001 4953 1203 5027 ἀγαθοῦ
1257 4974 1404 5016 τινος
1472 4955 1745 5025 σύστασιν,
1813 4954 1994 5032 ὥσπερ

330 5037 411 5092 τὰ
436 5036 536 5092 τοῦ
580 5040 833 5102 Τυανέως
887 5039 1297 5097 Ἀπολλωνίουο
1354 5042 1579 5117 γοητεία
1635 5040 1692 5099 δὶ
1747 5042 1992 5100 καλεῖται

334 5126 454 5182 ἀπὸ
491 5131 600 5183 τῶν
626 5128 768 5202 γόων
799 5129 891 5184 καὶ
924 5131 1136 5204 θρήνων
1167 5135 1275 5186 τῶν
1305 5132 1429 5208 περὶ
1467 5133 1595 5195 τοὺς
1637 5136 1841 5207 τάφους
1876 5137 1995 5196 τοῖς

330 5217 408 5274 τὰ
449 5216 676 5272 τοιαῦτα
732 5216 1116 5289 ἐπιτηδεύουσι
1173 5222 1498 5296 γινομένωνο
1557 5223 1864 5299 φαρμακεία
1914 5220 1993 5291 δὲ,

331 5309 469 5361 ὅταν
556 5310 884 5365 συσκευασία
970 5310 1344 5388 θανατηφόρος
1428 5311 1466 5386 ᾖ
1547 5312 1683 5388 πρὸς
1764 5312 1992 5391 φίλτρον

331 5392 559 5449 δοθείσά
591 5417 697 5451 τινι
731 5393 822 5451 διὰ
849 5400 948 5452 τοῦ
987 5398 1280 5471 στόματος.

414 5483 607 5538 ’ἰστέον
652 5485 737 5539 ὅτι
797 5485 861 5539 τὸ
918 5486 1122 5559 ⁴Φαραὼ
1177 5486 1352 5541 κοινὸν
1404 5485 1583 5560 ὐνομα
1637 5488 1850 5543 πάντων
1884 5492 1992 5543 τῶν

327 5571 622 5646 Αἰγύπτου
656 5573 930 5649 βασιλέων
961 5572 1129 5644 ἐστὶν,
1187 5575 1293 5630 ἀπὸ
1341 5579 1440 5631 τοῦ
1487 5576 1710 5651 πρώτου
1768 5579 1991 5652 Φαραὼ,

327 5661 517 5739 ὥσπερ
574 5663 662 5718 καὶ
724 5660 1061 5736 Πτολεμαῖοι
1116 5663 1360 5741 ὕστερον,
1426 5665 1515 5721 καὶ
1573 5662 1880 5740 Αὕγουστοι
1938 5668 1990 5722 οἱ

2105 4685 2350 4757 Egyptii
2402 4691 2778 4757 acceperunt.
2830 4688 3097 4760 Magiam,
3129 4691 3385 4761 goetiam
3436 4697 3493 4746 et
3535 4694 3748 4747 veneﬁ-

2105 4774 2264 4829 cium
2293 4774 2442 4830 Medi
2476 4779 2534 4829 et
2564 4776 2777 4831 Persae.
2838 4780 2937 4830 Est
2994 4785 3190 4833 autem
3223 4781 3415 4853 magia
3454 4781 3745 4838 invocatio

2106 4862 2444 4918 daemonum
2474 4862 2899 4934 beneficorum,
2932 4864 3072 4921 boni
3104 4868 3358 4940 alicujus
3388 4870 3746 4925 conciliandi

2105 4951 2312 5023 gratia,
2332 4950 2522 5023 qualis
2550 4953 2824 5023 Apolonii
2841 4955 3053 5025 Tyanei
3081 4972 3093 5020 ;
3118 4958 3310 5028 goetia
3326 4957 3398 5012 ab
3423 4958 3743 5029 ejulatibus

2109 5045 2169 5094 et
2223 5039 2480 5094 luctibus
2539 5055 2758 5094 nomen
2817 5039 3064 5111 habens,
3122 5058 3270 5113 quos
3325 5043 3400 5100 ad
3476 5044 3748 5114 sepulcra

2107 5133 2389 5183 exercent
2418 5128 2515 5198 qui
2559 5127 2674 5183 ista
2731 5133 3010 5184 tractant.
3048 5132 3411 5187 Veneﬁcium
3444 5139 3551 5203 est,
3614 5150 3748 5188 cum

2104 5233 2213 5287 per
2241 5232 2307 5272 os
2337 5216 2512 5272 alicui
2548 5216 2836 5287 ingeritur
2869 5223 3193 5291 temperata
3223 5219 3419 5275 letalis
3450 5225 3552 5276 aut
3581 5238 3747 5277 ama-

2108 5305 2262 5360 toria
2290 5305 2473 5376 potio.

2175 5488 2501 5545 Pharaonis
2532 5506 2750 5547 nomen
2781 5495 3045 5551 omnium
3088 5499 3313 5571 Egypti
3345 5516 3553 5573 regum
3583 5517 3747 5557 com-

2106 5594 2284 5634 mune
2317 5582 2468 5643 est,a
2496 5581 2685 5651 primo
2717 5582 3204 5646 Pharaone.sicut
3230 5589 3407 5643 etiam
3440 5589 3743 5646 Ptolemaei

2105 5685 2173 5725 ac
2202 5670 2446 5741 Augusti
2496 5670 2896 5730 Romanorum
2928 5692 3095 5747 reges
3147 5677 3219 5732 ab
3270 5685 3528 5751 Augusto
3558 5681 3742 5738 deno-
