4106 6288
489 313 605 374 103

1803 307 2124 372 GEORGII
2167 307 2508 382 CEDRENI

3753 333 3852 396 104

481 446 691 502 minati
725 445 1106 503 sunt.Habuit
1133 450 1330 502 autem
1363 447 1540 503 etiam
1572 444 1877 517 proprium
1908 459 2113 500 nomen

2246 453 2494 531 βασιλεῖς
2541 455 2833 530 Ῥωμαίων
2887 455 2995 513 ἀπὸ
3048 460 3148 513 τοῦ
3205 457 3516 536 Αὐγούστου
3565 459 3850 528 ἐκαλοῦντο,

479 535 717 606 quivis:
777 541 952 608 atque
1011 536 1150 593 huic
1201 536 1499 592 obstinato
1557 533 1851 592 Pharaoni
1904 549 2123 589 nomen

471 625 656 681 fuisse
697 626 1026 681 Petissonio
1054 627 1298 696 antiquo
1329 623 1781 697 perhibent.Qui
1813 640 1950 679 cum
1981 623 2122 677 divi-

473 717 635 771 nitus
667 717 952 771 immissis
984 717 1424 773 calamitatibus
1456 721 1614 772 esset
1660 715 2120 780 circumventus,

473 803 547 859 ad
571 805 773 860 nobile
795 805 1104 862 oraculum
1135 805 1291 876 quod
1316 805 1570 876 Memphi
1594 809 1723 860 erat
1743 819 1805 858 se
1828 802 2118 858 contulit:

475 895 775 966 sacrisque
807 900 1084 966 cperatus
1109 911 1145 950 a
1187 895 1286 950 74
1318 893 1528 964 Pythia
1556 891 1862 948 contendit
1891 891 1976 946 uti
2007 889 2120 945 sibi

475 988 797 1054 exponeret
845 983 978 1054 quis
1007 981 1258 1054 primus,
1315 983 1394 1038 sit
1417 987 1596 1054 atque
1654 995 1905 1053 magnus
1961 984 2118 1035 Deus

471 1071 696 1128 Israeli.
725 1073 808 1126 Ac
840 1071 1039 1126 statim
1071 1071 1124 1125 ei
1151 1071 1261 1126 hoc
1291 1076 1383 1126 est
1423 1070 1662 1128 oraculo
1712 1084 2066 1140 responsum
2100 1083 2113 1122 :

471 1161 518 1215 A
545 1176 744 1228 magno
768 1166 1034 1214 alternum
1061 1161 1337 1216 descendit
1367 1161 1575 1214 Numen
1605 1159 1862 1230 Olympo,

473 1251 646 1304 Morte
677 1265 863 1303 carens
892 1247 1060 1318 ignis,
1092 1251 1318 1317 ﬂamma
1343 1248 1720 1319 splendentior
1749 1249 1918 1302 omni.

471 1338 630 1392 Hunc
662 1337 854 1394 caelum
885 1337 1150 1408 tellusque
1181 1339 1368 1392 tremit
1391 1339 1734 1407 pelagusque
1747 1334 2118 1406 profundum,

475 1427 722 1496 Quosque
751 1428 920 1483 Orcus
945 1426 1125 1496 fundo
1153 1427 1444 1496 compescit
1473 1427 1756 1483 dmonas
1784 1427 1918 1480 imo.

472 1517 577 1571 Ηιε
601 1516 848 1586 genitore
877 1531 1066 1572 carens
1095 1518 1236 1572 Deus
1259 1522 1358 1583 est,
1384 1517 1546 1571 Pater
1579 1531 1721 1571 unus
1750 1521 1802 1570 et
1829 1515 1976 1570 idem

470 1606 666 1675 Filius,
697 1613 866 1676 atque
892 1621 1034 1660 unus
1065 1607 1278 1676 triplici
1303 1605 1400 1660 sub
1429 1607 1648 1660 nomine
1667 1604 1830 1672 felix,

471 1693 692 1764 Exigua
721 1694 982 1764 angelicae
1011 1709 1103 1748 vos
1131 1709 1263 1764 pars
1291 1699 1464 1762 quota
1495 1691 1774 1748 naturai?

467 1783 568 1836 His
598 1789 658 1836 tu
680 1785 957 1853 perceptis
986 1784 1188 1837 tacitus
1217 1783 1450 1837 discede.

2235 543 2380 619 Ὶδίῳ
2407 543 2464 600 δὲ
2495 544 2726 618 ὀνόματι
2761 543 2986 610 ἔκαστος
3041 545 3274 622 ἐχρῆτο,
3317 547 3498 618 ὥσπερ
3528 551 3618 605 καὶ
3643 552 3670 606 ὁ
3699 551 3847 625 σκληο

2229 631 2517 710 ροκάρδιος
2541 632 2698 697 οὗτος
2751 637 2953 710 Φαραὼ
2996 637 3379 709 Πετισσώνιος,
3431 638 3507 700 ὡς
3566 640 3845 716 ἱστοροῦσιν

2227 725 2279 778 οἱ
2305 721 2560 790 παλαιοὶ,
2594 721 2716 796 ’ἰδίῳ
2759 724 3040 798 ὠνόμαστι
3097 725 3352 800 ὀνόματι,
3412 726 3470 789 ες
3504 727 3608 783 ὑπὸ
3659 733 3756 784 τῶν
3783 733 3854 787 θε-

2229 807 2452 880 ηλάτων
2483 809 2716 885 πληγῶν
2756 812 3276 886 περιστατούμενος,
3335 813 3412 876 εἷς
3469 814 3532 870 τὸ
3555 811 3851 890 περιϐόητον

2223 901 2282 954 ἓν
2315 900 2534 978 Μέμφει
2567 905 2816 972 μαντεῖον
2865 901 3157 975 γενόμενος
3205 901 3296 958 καὶ
3350 904 3627 977 θυσιάσας,
3655 907 3852 970 ἐπύθετο

2226 990 2372 1064 παρὰ
2400 995 2500 1058 τῆς
2531 988 2728 1052 Πυθίας
2787 989 2933 1046 οὕτω
2997 990 3240 1066 φάσκων·
3301 1016 3330 1045 ιι
3391 993 3696 1068 Σαφήνισόν
3752 1015 3852 1074 μοι,

2222 1077 2303 1140 τίς
2352 1077 2464 1133 ἐστι
2520 1081 2741 1150 πρῶτος
2799 1078 2953 1151 ὑμῶν
3042 1079 3133 1135 καὶ
3189 1079 3360 1154 μέγας
3435 1082 3566 1143 Θεὸς
3623 1086 3728 1157 (48)
3769 1089 3850 1140 τοῦ

2221 1165 2468 1242 Ἰσραήλ.
2529 1191 2559 1221 ››
2611 1167 2710 1222 Καὶ
2791 1165 2948 1226 εὐθὺς
3013 1166 3380 1246 ἀπεφθέγξατο
3448 1167 3848 1246 χρησμολογοῦν

2223 1259 2369 1314 οὕτω
2411 1259 2473 1312 τὸ
2530 1263 2762 1332 πνεῦμαο
2799 1285 2826 1312 ι(
2897 1261 3048 1317 Ἐστι
3106 1263 3227 1316 κατ’
3302 1259 3535 1338 οὐρανοῦ
3613 1261 3850 1338 μεγάλοιο

2226 1342 2485 1423 βεϐηκὸς,
2517 1347 2725 1426 φλογὸς
2759 1342 3130 1424 ὑπερϐάλλον,
3161 1346 3396 1426 αἶθριον,
3437 1349 3648 1422 ἀέναον,
3678 1351 3856 1416 ἀθάνα-

2221 1454 2378 1492 νατον
2409 1433 2586 1509 πῦρ,ὅ
2607 1434 2792 1511 τρέμει
2824 1439 2953 1503 πᾶν,
2985 1435 3232 1511 οὐρανὸς,
3254 1438 3387 1510 γαῖά
3414 1457 3474 1493 τε
3495 1437 3585 1494 καὶ
3617 1437 3852 1508 θάλασσα,

2222 1525 2501 1598 ταρτάριοι
2537 1523 2722 1599 βύθιοι
2751 1545 2810 1579 τε
2840 1521 3096 1598 δαίμονες
3157 1523 3478 1601 ὲρῥίγησαν.
3539 1526 3713 1590 Οὗτος
3740 1528 3852 1590 Θεὸς

2221 1615 2469 1689 ἀπάτωρ,
2502 1613 2850 1688 αὐτοπάτωρ,
2883 1615 3064 1690 πατὴρ
3093 1616 3212 1676 υἱὸς
3240 1615 3400 1680 αὐτὸς
3439 1616 3633 1672 εαυτοῦ
3661 1615 3852 1692 τρισόλ-

2224 1697 2363 1765 ϐιος.
2397 1701 2490 1764 Εἷς
2527 1702 2718 1778 μικρὸν
2761 1700 2818 1758 δὶ
2879 1702 3042 1778 μέρος
3101 1701 3347 1778 ἆγγὲλων
3385 1706 3546 1778 ὑμεῖς
3576 1705 3619 1762 ⁸.
3675 1706 3852 1764 Μαθὼν

2149 1805 2196 1870 Β
2227 1793 2380 1856 ἄπιθι
2413 1796 2606 1867 σιγῶν.
2644 1816 2671 1842 »
2700 1791 2890 1854 Οὕτως
2939 1792 3176 1856 ἀκούσας
3205 1794 3408 1868 Φαραὼ
3467 1795 3661 1850 αὐτίκα
3709 1793 3854 1849 πλακί

470 1871 602 1925 Huic
635 1886 770 1926 cum
801 1870 1123 1926 audivisset
1155 1870 1406 1940 Pharao,
1427 1870 1628 1925 statim
1659 1868 1872 1940 lapidea
1902 1867 2113 1926 tabula!

2230 1879 2412 1954 λιθίνῃ
2446 1885 2717 1958 γραφῆναι
2745 1884 2915 1935 ταῦτα
2947 1878 3158 1936 κελεύει
3185 1881 3251 1936 τὰ
3291 1867 3535 1955 ῥήματα·
3593 1881 3678 1938 καὶ
3734 1879 3853 1936 ἔστιν

471 1976 542 2014 ea
582 1960 757 2016 verba
797 1961 980 2032 jussit
1032 1959 1321 2025 inscribi;
1381 1964 1733 2030 exstantque
1795 1959 2027 2030 sculpta
2057 1959 2119 2013 in

468 2049 845 2121 Memphitico
871 2049 1260 2121 templo,lnde
1284 2048 1584 2121 digressus
1613 2049 1810 2104 statim
1829 2046 2118 2120 populum

464 2137 774 2194 Judaicum
803 2138 1052 2194 dimisit.

535 2237 620 2291 Ab
653 2237 878 2293 Adamo
908 2253 1098 2308 usque
1114 2236 1188 2292 ad
1210 2241 1469 2292 mortem
1489 2235 1732 2307 Iosephi
1751 2241 1955 2294 aetates
1975 2240 2118 2292 sunt

464 2327 556 2392 23,
588 2325 729 2380 anni
761 2326 922 2382 3672.
1162 2335 1169 2342 °

537 2423 724 2478 Moses
738 2422 915 2478 etiam
938 2423 1212 2478 Admosis
1230 2428 1406 2494 atque
1424 2422 1757 2477 Tethmosis
1777 2422 2114 2495 appellatus

465 2510 926 2579 fuit,Abrahami
959 2511 1118 2566 ﬁlius
1149 2527 1334 2582 nepos
1365 2511 1604 2584 Cagathi
1635 2511 1734 2583 qui
1771 2510 1931 2566 Levis
1953 2511 2113 2567 ﬁlius

459 2587 838 2655 'fuit.Etenim
870 2599 1032 2654 Levis
1053 2600 1369 2672 progenuit
1390 2599 1836 2673 Cagathathum,
1854 2600 1903 2655 is
1926 2599 2110 2656 Abra-

468 2689 733 2745 hamum.
771 2689 871 2744 Hic
887 2689 1280 2744 Jochabedam
1299 2689 1448 2760 patri
1473 2689 1562 2744 sui
1589 2689 1772 2744 filiam
1799 2689 1986 2752 duxit,
2019 2694 2107 2746 at-

464 2795 578 2848 que
610 2795 681 2834 ex
709 2794 779 2834 ea
810 2779 1066 2850 primum
1098 2777 1636 2845 Aaronem,deinde
1668 2780 1910 2846 Mosem,
1931 2779 2108 2834 tertio

463 2868 676 2922 horum
719 2883 980 2922 sororem
1013 2867 1254 2922 Mariam
1283 2868 1631 2938 procreavit.
1646 2867 1779 2923 Fuit
1803 2873 2001 2924 autem
2035 2869 2108 2924 de

462 2957 644 3029 stirpe
677 2957 928 3012 Levitica
959 2958 1372 3028 Moses,itaque
1407 2956 1465 3011 in
1493 2959 1838 3028 posteritate
1867 2959 2105 3030 Iosephi

460 3063 579 3102 non
609 3053 971 3103 recensetur.
1004 3047 1088 3102 Ab
1117 3046 1355 3118 Josephi
1389 3064 1563 3119 porro
1591 3052 1781 3104 morte
1811 3064 2002 3119 usque
2033 3047 2108 3103 ad

462 3135 694 3190 natales
727 3135 900 3191 Mosis
932 3135 1073 3190 anni
1105 3141 1244 3190 sunt
1272 3138 1378 3190 65:
1437 3136 1698 3206 annique
1731 3135 1828 3190 isti
1877 3137 1982 3190 430
2031 3135 2104 3192 ab
2147 3173 2191 3239 Β

465 3242 620 3280 anno
652 3229 718 3279 ’75
737 3225 1057 3280 Abrahami
1089 3242 1277 3296 usque
1302 3225 1374 3280 ad
1397 3227 1656 3297 primum
1687 3242 1908 3282 annum
1934 3225 2108 3282 Mosis

465 3313 926 3386 complentur.Si
957 3331 1096 3369 vero
1127 3314 1592 3386 quadringentos
1622 3320 1851 3371 tantum
1869 3317 2109 3386 qumris,

462 3421 564 3460 eos
598 3405 690 3460 75
729 3403 1003 3459 invenias
1034 3404 1447 3460 numeratione
1479 3423 1512 3460 ο
1543 3404 1868 3461 centesimo
1925 3404 2108 3460 Abra-

464 3493 625 3548 hami
659 3507 816 3548 anno
862 3493 1029 3547 inita.
1073 3495 1276 3547 Annos
1327 3492 1487 3548 enim
1537 3492 1837 3548 servitutis
1867 3491 2110 3562 quidam

471 3583 540 3636 45
573 3587 896 3654 supputant
924 3597 959 3637 a
987 3587 1178 3638 morte
1202 3581 1438 3653 Josepbi
1470 3597 1658 3651 usque
1687 3579 1762 3636 ad
1791 3582 1853 3634 81
1915 3581 2113 3636 Mosis.

473 3671 660 3726 Aiunt
689 3673 908 3739 Mosen,
941 3688 1076 3727 cum
1109 3677 1264 3726 esset
1292 3671 1352 3725 in
1383 3670 1577 3724 lucem
1609 3670 1824 3738 editus,
1867 3687 1900 3725 a
1949 3676 2114 3741 patre

468 3759 652 3816 fuisse
693 3759 1001 3816 Melchiam
1033 3759 1406 3814 nominatum
1434 3775 1448 3824 ;
1483 3773 1612 3829 qum
1645 3776 1751 3814 vox
1781 3775 1979 3827 regem
2031 3759 2114 3813 si-

468 3850 729 3922 gnificat.
763 3849 936 3904 Mosis
967 3864 1102 3903 vero
1135 3864 1356 3902 nomen
1387 3853 1593 3919 postea
1623 3847 1675 3903 ei
1728 3847 1981 3904 inditum
2037 3847 2112 3904 ab

471 3937 663 4008 aquis,
695 3953 883 4006 eoque
905 3936 1196 3992 miracula
1216 3937 1278 3990 in
1301 3935 1495 3992 Rubro
1514 3936 1664 3992 mari
1696 3937 2006 4008 postmodo
2038 3937 2112 3994 ab

469 4025 597 4097 ipso
627 4023 788 4080 edita
815 4023 997 4079 fuisse
1027 4027 1575 4095 praemonstrataﬁt
1606 4025 1758 4097 patri
1803 4027 2014 4098 ipsius,
2045 4031 2112 4082 ut

468 4117 596 4168 erat
623 4113 799 4168 homo
832 4112 951 4167 Deo
983 4117 1433 4184 acceptus,quas
1463 4114 1534 4168 de
1565 4130 1749 4186 puero
1781 4114 1978 4170 futura
2008 4131 2110 4171 es-

467 4208 598 4258 sent
623 4201 826 4257 omnia
854 4208 994 4257 sunt
1015 4201 1294 4258 divinitus
1316 4203 1628 4274 patefacta.
1652 4204 1961 4259 Enimvero
1983 4221 2110 4260 om-

462 4307 596 4347 nem
611 4290 992 4346 Hebraeorum
1010 4292 1335 4348 masculam
1349 4292 1572 4362 prolem
1585 4293 2114 4364 interflcijusserat

464 4379 882 4451 Pharao,quod
915 4379 986 4435 de
1018 4379 1232 4452 insigni
1259 4381 1517 4452 quodam
1543 4397 1844 4438 sacrarum
1871 4381 2112 4438 Littera-

2227 1973 2340 2027 ἒκεῖ
2372 1969 2726 2048 γεγλυμμὲνα
2757 1972 2811 2024 iv
2846 1974 2928 2042 τῷ
2957 1972 3089 2044 ἱερῷ
3127 1973 3182 2025 ’ev
3234 1970 3479 2048 Μέμφει.
3523 1973 3748 2030 Ἐκεῖθεν
3775 1991 3854 2026 κα-

2224 2053 2394 2120 ταϐὰς
2427 2055 2663 2113 ἀπέλυσε
2692 2064 3038 2136 παραχρῆμα
3066 2059 3157 2113 τὸν
3191 2055 3344 2117 λαόν.

2295 2246 2420 2302 ’Ότι
2453 2243 2558 2300 ἀπὸ
2590 2241 2770 2318 ’Δδὰμ
2797 2240 2902 2308 ἓως
2930 2251 3032 2316 τῆς
3061 2243 3320 2316 τελευτῆς
3351 2251 3452 2302 τοῦ
3484 2247 3685 2325 Ἰωσὴφ
3714 2263 3849 2322 γενεα

2223 2335 2326 2409 κγ’,
2355 2326 2475 2405 ἔτη,
2504 2333 2689 2407 γχοβ’.

2293 2425 2420 2480 Ὀτι
2461 2428 2699 2492 Μωϋσῆς
2754 2423 2845 2478 καὶ
2905 2421 3185 2496 Ἀδμωσις
3242 2425 3332 2479 καὶ
3383 2425 3674 2498 Τεθμωσις
3737 2422 3850 2478 ὠνο-

2227 2515 2449 2586 μάζετο,
2482 2512 2597 2573 υἱὸς
2628 2506 2898 2586 Ἀϐραὰμ,
2954 2510 3179 2589 ἔγγονος
3239 2513 3420 2588 Καγὰο
3482 2515 3603 2569 υἱοῦ
3659 2511 3840 2581 Λευῖ,δ

2218 2601 2322 2677 γὰρ
2353 2601 2485 2656 Λευῒ
2509 2597 2759 2676 ἓγέννησε
2785 2601 2877 2655 τὸν
2913 2601 3193 2678 Καγαθὰθ,
3236 2603 3266 2656 ὁ
3323 2599 3382 2674 δὲ
3436 2603 3532 2659 τὸν
3601 2595 3846 2676 ’Λϐραάμο

2219 2691 2284 2748 Ὀ
2309 2688 2366 2746 δὶ
2395 2691 2494 2759 τὴν
2546 2684 2800 2768 Ἰοχαὸὲὸ
2847 2695 2947 2746 τοῦ
3003 2687 3246 2768 ἀδελφοῦ
3302 2696 3404 2747 τοῦ
3454 2693 3659 2768 πατρὸς
3703 2691 3845 2746 αὐτοῦ

2220 2773 2405 2835 λαϐὼν
2505 2783 2735 2856 γυναῖκα
2814 2779 3068 2856 ἐγέννησε
3133 2784 3351 2852 πρῶτον
3451 2783 3548 2836 τὸν
3633 2779 3841 2856 Ἀαρὼν,

2219 2869 2330 2924 εἶτα
2361 2871 2448 2942 [Ρ.
2481 2868 2571 2942 42]
2622 2875 2860 2937 Μωϋσῆν
2911 2870 3001 2924 καὶ
3059 2870 3160 2939 τὴν
3214 2866 3461 2946 ἀδελφὴν
3522 2870 3694 2926 αὐτῶν
3748 2870 3844 2926 Μα-

2219 2957 2374 3030 ριάμ.
2409 2958 2505 3014 Ἐκ
2535 2954 2715 3034 φυλῆς
2741 2953 2801 3012 δὶ
2832 2955 2962 3012 Λευΐ
2992 2957 3058 3026 ἦν
3082 2963 3347 3027 Μωυσῆς,
3410 2960 3506 3014 καὶ
3565 2956 3654 3014 διὰ
3703 2961 3843 3014 τοῦτο

2217 3045 2280 3101 οὐ
2322 3043 2726 3122 γενεαλογεῖται
2759 3046 2894 3119 μετᾶ
2924 3047 3151 3124 Ἰωσήφ.
3184 3051 3275 3102 Ξε¹
3333 3045 3391 3102 δὶ
3447 3043 3547 3120 ἔτη
3581 3048 3708 3102 εἰσὶν
3757 3045 3844 3100 ἀπὸ

2220 3143 2318 3206 τῆς
2405 3135 2665 3204 τελευτῆς
2721 3135 2926 3212 Ἰωσὴφ
3009 3133 3114 3197 ἕως
3183 3137 3488 3212 γεννήσεως
3577 3137 3846 3196 Μωϋσὲως.

2221 3223 2324 3279 Καὶ
2383 3221 2694 3296 πληροῦται
2756 3224 2823 3276 τὰ
2869 3221 3192 3296 τετρακόσια
3253 3223 3552 3296 τριάκοντα
3623 3219 3710 3293 ἔτη
3758 3220 3847 3275 ἀπὸ

2219 3317 2314 3368 τοῦ
2345 3314 2415 3368 οε¹
2445 3309 2596 3372 ἔτους
2629 3305 2878 3386 Ἀϐραὰμ
2904 3307 3010 3375 ἕως
3065 3315 3164 3366 τοῦ
3214 3312 3437 3386 πρώτου
3500 3307 3652 3377 ἔτους
3701 3312 3848 3370 Μωϋ-

2221 3404 2378 3462 σεως.
2407 3399 2471 3457 El
2521 3398 2580 3455 δε
2606 3399 2928 3474 τετρακόσια
2979 3399 3115 3474 μόνα
3164 3406 3369 3472 ζητεῖςς
3431 3400 3542 3458 ἀπὸ
3597 3405 3689 3458 τοῦ
3741 3401 3845 3454 ἑκα-

2219 3493 2418 3546 τοστοῦ
2483 3483 2635 3551 ἔτους
2702 3483 2952 3566 Ἀϐραὰμ
3005 3490 3316 3564 ἀριθμήσας
3388 3491 3664 3566 εὑρήσεις,
3717 3491 3844 3560 Ἀρι-

2221 3582 2486 3651 θμοῦνται
2553 3576 2656 3653 γάρ
2729 3577 2874 3652 παρά
2919 3598 3082 3634 τινων
3145 3577 3214 3633 τὰ
3287 3585 3388 3648 τῆς
3448 3577 3697 3640 δουλείας
3765 3572 3844 3643 ἔτη

2221 3673 2338 3743 ρμὲ
2393 3667 2499 3722 ἀπὸ
2581 3672 2682 3732 τῆς
2757 3665 3019 3736 τελευτῆς
3078 3667 3279 3744 Ἰωσὴφ
3357 3663 3463 3729 ἓως
3554 3670 3641 3723 πα’
3712 3661 3847 3724 ἔτους

2219 3755 2514 3818 Μωϋσέως.
2551 3755 2782 3832 Δὲγουσι
2815 3751 2877 3810 δὲ
2934 3756 3011 3816 ὡς
3065 3759 3165 3810 τοῦ
3207 3754 3489 3821 Μωυσέως
3518 3754 3844 3835 γεννηθέντος

2217 3844 2467 3920 Μελχίαν
2496 3845 2643 3920 παρά
2677 3848 2776 3901 τοῦ
2807 3845 3011 3920 πατρὸς
3042 3847 3338 3916 κληθῆναι,
3399 3845 3537 3922 ὅπερ
3593 3844 3701 3900 ἐστὶ
3757 3841 3844 3917 βα-

2219 3933 2424 3997 σιλεύς.
2475 3934 2546 3989 Τὸ
2604 3931 2662 3989 δὲ
2706 3933 2990 3998 καλεῖσθαι
3022 3933 3277 4005 Μωϋσὲα,
3334 3932 3384 4004 ἒξ
3437 3931 3652 3990 ὑδάτων
3703 3933 3843 3986 τοῦτο

2215 4023 2374 4094 ἐτάθη
2399 4022 2642 4099 ὕστερον,
2672 4029 3035 4099 προΐστοροῦν
3092 4024 3158 4078 τὰ
3215 4023 3307 4078 ἓπὶ
3345 4029 3446 4092 τῆς
3511 4024 3758 4099 Ἐρυθρᾶς
3784 4013 3845 4071 δι’

2217 4115 2382 4168 αὐτοῦ
2422 4112 2687 4186 γενόμενα
2742 4111 3012 4186 θαύματα.
3074 4109 3352 4186 Θεοφιλης
3409 4109 3468 4167 δὶ
3529 4109 3601 4166 ὥν
3634 4106 3842 4178 ὁπατὴρ

2217 4201 2382 4257 αὐτοῦ
2433 4200 2822 4277 ἐχρηματίσθη
2881 4199 2949 4256 τά
3003 4203 3120 4256 κατ’
3180 4200 3340 4256 αὐτὸν
3397 4203 3630 4258 ἅπαντα.
3689 4199 3846 4254 Ἀναι-

2219 4292 2426 4364 ρεῖσθαι
2508 4287 2566 4345 δὶ
2621 4289 2920 4364 προσέταξε
3000 4290 3204 4364 Φαραὼ
3281 4291 3350 4344 τὰ
3431 4293 3544 4344 τῶν
3602 4281 3842 4360 Ἑϐραίων

2217 4378 2414 4455 essm
2442 4377 2618 4434 δεινοῦ
2671 4399 2824 4440 τινος
2882 4379 3370 4454 ἱερογραμματὲως
3421 4377 3654 4439 ἀκούσας
3695 4368 3846 4449 πρόβα

463 4486 596 4525 rum
628 4471 816 4542 perito
848 4470 1172 4526 audivisset
1201 4471 1327 4526 lore
1377 4477 1443 4527 ut
1473 4471 1586 4527 isto
1631 4477 1898 4544 tempore
1930 4480 2107 4528 natus

2225 4469 2407 4545 ῥησιν,
2436 4467 2684 4531 εἰπόντος
2716 4466 2800 4522 ὅτι
2843 4469 2906 4523 τὸ
2963 4467 3259 4543 γενόμενον
3317 4464 3534 4523 παιδίον
3586 4465 3755 4535 τούτῳ
3777 4460 3844 4529 τῷ

464 4575 615 4630 puer
633 4560 1032 4631 Egyptiorum
1053 4576 1301 4632 regnum
1323 4559 1892 4616 aboleret.Muthidis
1915 4569 2113 4618 autem

2225 4543 2398 4634 καιρῷ
2427 4559 2526 4627 τὴν
2549 4561 2660 4613 τῶν
2705 4555 3024 4632 Αἰγυπτίων
3079 4555 3260 4633 ἀρχὴν
3318 4555 3630 4612 καταλύσει.
3659 4549 3848 4608 M060:-

464 4648 796 4704 Pharaonis
829 4649 967 4716 ﬁlia,
1001 4665 1134 4720 quae
1160 4655 1220 4704 et
1247 4650 1491 4704 Phareis
1521 4650 1760 4720 dicitur,
1793 4666 1926 4705 cum
1959 4657 2113 4706 esset

2225 4644 2310 4710 δις
2359 4644 2418 4702 δὶ
2465 4649 2502 4716 ἡ
2560 4645 2804 4721 θυγάτηρ
2859 4645 3084 4721 Φαραὼ,
3143 4649 3179 4716 ἡ
3221 4646 3309 4701 καὶ
3369 4647 3602 4723 Φαρηῗς,
3647 4635 3846 4717 βασιλὶς

465 4737 860 4810 regina,hunc
889 4739 1108 4793 Mosem
1141 4755 1211 4796 ex
1239 4755 1395 4810 aqua
1423 4743 1754 4795 extractum
1781 4739 2113 4796 comitanti-

2225 4735 2378 4803 οὖσα,
2415 4739 2608 4790 τοῦτον
2639 4732 2943 4808 ἀνελομένη
2975 4738 3072 4790 τοῦ
3105 4732 3324 4807 ὕδατος,
3353 4739 3472 4796 ταῖς
3531 4744 3847 4806 συμπορευο-

465 4827 578 4883 bus
601 4828 954 4884 mulieribus
978 4829 1318 4885 lactandum
1344 4829 1781 4902 praebuitPuer
1793 4847 2003 4886 omnes
2015 4847 2113 4887 eas

2228 4823 2414 4897 μὲναις
2486 4824 2696 4901 γυναιεί
2753 4827 2946 4879 τοῦτον
2997 4822 3256 4894 θηλάζειν
3339 4824 3648 4912 ἐπέτρεψενἶ
3698 4812 3851 4912 ᾼῦτὸς

467 4925 770 4974 aversatus
800 4923 910 4974 est.
947 4918 1030 4974 lbi
1086 4919 1268 4974 Maria
1326 4919 1492 4990 pueri
1534 4935 1720 4982 soror,
1783 4935 1916 4990 quea
1974 4937 2113 4976 cum

2225 4911 2281 4969 δὶ
2301 4914 2474 4974 πάσας
2506 4911 2846 4991 ἀπεστράφη.
2881 4913 3070 4987 Μαρία
3101 4909 3158 4968 δὶ
3187 4915 3222 4982 ἡ
3283 4911 3482 4968 τούτου
3537 4905 3739 4981 ἀδελφή

471 5008 728 5064 Muthide
760 5007 994 5080 agebat,
1026 4987 1342 5079 pueroque
1364 5008 1424 5062 in
1454 5024 1638 5080 aquas
1667 4987 1897 5078 abjecto
1937 5026 2113 5064 even-

2225 4998 2458 5061 Μοόθιδι
2492 4987 2899 5072 συνοῦσαξῆτις
2939 5003 3028 5058 καὶ
3087 5001 3334 5080 ῥιφέντος
3390 4998 3665 5059 Μωϋσὲως
3717 4987 3848 5080 ind-

468 5102 594 5152 tum
619 5077 1316 5168 speculabatur,matrem
1340 5077 1917 5154 suamﬁlochabedam
1935 5099 2112 5154 veluti

2225 5113 2310 5148 πει
2355 5093 2418 5147 τὸ
2475 5085 2862 5164 ἐκϐησόμενον,
2917 5092 3018 5159 τὴν
3082 5077 3226 5146 ῗδίναν
3289 5090 3497 5167 μητέρα
3554 5077 3846 5160 Ὶοχαϐἑτην

471 5187 730 5242 alienam
761 5190 950 5254 vocat,
981 5187 1153 5256 eique
1211 5186 1456 5257 praemio
1508 5186 1803 5258 promisso
1863 5203 2113 5258 puerum

2225 5179 2529 5259 λεγομένην
2581 5177 2742 5235 καλεῖ
2793 5180 2868 5245 ὡς
2929 5178 3252 5264 ἀλλοτρίαν,
3312 5181 3402 5235 καὶ
3465 5175 3699 5264 μισθοὺς-
3736 5169 3846 5264 {11:0-

473 5274 849 5330 educandum
882 5274 1140 5330 mandat.
1175 5275 1359 5339 Quem
1394 5275 1671 5330 Muthidis
1693 5275 1963 5331 adultum
1993 5277 2112 5331 Mo-

2225 5258 2508 5345 σχεθέντος
2582 5270 2722 5344 αὐτῇ
2788 5274 2890 5339 τῆς
2963 5259 3200 5334 τιτθείας
3286 5269 3597 5344 ἀνατρέφειν
3679 5258 3840 5318 δοῦσαι

471 5365 554 5420 sis
583 5363 826 5419 nomine
857 5364 1071 5434 atl‘ecit,
1095 5363 1255 5434 quod
1287 5380 1422 5418 eum
1453 5379 1524 5418 ex
1549 5379 1704 5434 aqua
1723 5364 2064 5420 sustulisset
2094 5379 2108 5420 :

2229 5359 2481 5434 μετὰτήν
2510 5359 2734 5433 πρώτην
2763 5358 2986 5428 ἠλικίαν
3055 5355 3401 5434 ἀνδρωθέντα
3451 5355 3680 5414 Μωϋσὲα
3733 5345 3843 5400 ὀνο·

1666 5459 2024 5518 XYLANDRI
2063 5461 2152 5516 ET
2187 5459 2404 5516 GOARI
2434 5458 2656 5514 ΝΟΤιΕ.

560 5565 651 5636 48)
683 5566 1048 5640 Ηθξαωειπῄῆε
1079 5567 1342 5640 versibus
1373 5567 1596 5624 oraculi
1629 5566 1984 5624 sententiam
2046 5565 2325 5640 expressi.
2359 5565 2425 5620 In
2471 5565 2670 5621 Graeco
2725 5565 2973 5622 confusa
3005 5567 3210 5624 omnia
3241 5571 3401 5635 sunt,
3433 5570 3491 5620 et
3521 5566 3708 5616 tamen
3737 5559 3842 5605 non

463 5637 738 5694 videntur
766 5637 950 5694 fuisse
979 5637 1206 5712 ἄμετρα.
1241 5638 1378 5696 Χη.
