4094 6292
476 368 593 432 10⁸1

1837 365 2158 429 GEORGII
2187 363 2527 428 GEDRENI

3790 373 3903 446 ⁴108

476 503 557 559 cit
585 502 680 558 his
703 498 927 556 verbis:
962 499 1332 556 Abrahamus
1347 499 1613 555 Isaacum
1645 497 2124 572 genuit,§lsaacus

2235 495 2427 562 Ἠσαῦ,
2485 495 2668 560 καθὼς
2734 497 2770 566 ἡ
2827 496 3014 572 Γραφή
3087 497 3348 572 πέμπτον
3421 495 3593 554 αὐτὸν
3652 499 3758 556 ἀπὸ
3813 506 3903 558 τοῦ

475 594 715 658 Esaum,
747 591 928 646 Esaus
949 592 1172 660 Ragum
1201 595 1258 644 et
1309 590 1533 651 Zaram,
1583 590 1726 644 Zara
1778 586 2011 656 Jobum.
2071 587 2125 640 Is

475 681 656 739 Jobus
685 679 774 734 vir
799 678 913 734 fuit
933 664 1220 733 honestus
1243 694 1312 732 ac
1332 677 1544 750 gravis,
1577 676 1660 732 ita
1691 676 1762 732 de
1789 693 1850 732 se
1878 675 2083 731 dicens
2109 691 2122 730 :

476 793 506 822 α
540 768 705 834 Quod
726 767 776 823 si
798 766 1004 822 oculus
1031 783 1196 822 meus
1211 767 1471 822 alienam
1499 765 1807 821 mulierem
1830 770 2126 821 consecta-

476 863 571 916 tus
592 864 701 924 est,
735 863 971 928 pactum
1003 873 1138 911 cum
1179 857 1366 911 oculis
1395 855 1545 910 meis
1584 855 1696 910 feci
1728 855 1770 909 ³.
1803 875 1832 904 »
1867 854 2016 919 Quin
2069 858 2128 908 et

475 963 582 1020 pro
615 945 820 1000 liberis
851 945 975 1000 suis
997 945 1114 999 Deo
1145 945 1410 1015 quotidie
1459 943 1826 1008 sacrificavit,
1851 943 2009 1014 quod
2035 942 2125 997 di-

477 1041 639 1092 ceret
687 1041 954 1090 metuere
1010 1050 1072 1088 se
1117 1050 1192 1088 ne
1245 1034 1284 1088 ii
1345 1033 1572 1104 aliquid
1628 1033 1910 1089 adversus
1945 1033 2125 1087 Deum

478 1127 678 1183 animo
737 1125 1083 1195 agitassent.
1126 1125 1303 1178 Recte
1348 1123 1550 1195 itaque
1605 1123 1908 1194 Scriptura
1963 1121 2121 1177 ait':

478 1237 507 1267 ο(
543 1217 616 1270 Et
667 1220 794 1269 erat
850 1213 1028 1268 homo
1087 1213 1190 1267 ille
1249 1213 1746 1284 integer,justus,
1805 1212 1938 1283 pius
1991 1227 2130 1284 erga

477 1306 685 1370 Deum,
723 1324 746 1354 ι
784 1308 894 1357 etc.
925 1303 1068 1358 Nam
1083 1302 1311 1374 profani
1335 1301 1673 1373 philosophi
1697 1300 1998 1356 hominem
2031 1299 2127 1356 de-

479 1393 716 1462 ﬁniunt,
749 1390 972 1447 animal
1004 1392 1234 1446 ratione
1265 1391 1580 1463 praeditum
1611 1391 1882 1446 mortale.
1937 1391 2128 1446 Sacra)

483 1484 579 1540 78
612 1489 810 1539 autem
832 1483 1065 1538 Litteras
1089 1499 1208 1538 non
1233 1482 1542 1551 ita,verum
1566 1483 1678 1538 hoc
1701 1482 1874 1538 modo
1903 1498 1918 1538 :
1944 1482 2128 1537 Homo

481 1580 572 1630 est
599 1574 700 1646 qui
731 1575 916 1628 Deum
939 1573 1033 1644 pie
1057 1571 1216 1640 colit,
1243 1571 1446 1644 justus
1469 1576 1644 1640 est,et
1672 1571 1745 1627 ab
1777 1571 1938 1626 omni
1971 1570 2128 1626 malo

477 1664 740 1720 facinore
771 1662 1048 1718 abstinet.
1074 1663 1216 1716 Nam
1239 1661 1338 1732 qui
1373 1661 1582 1716 harum
1621 1661 1903 1716 virtutum
1965 1659 2129 1713 testi-

479 1752 680 1808 monio
712 1751 1196 1819 destituitur,non
1229 1751 1404 1805 homo
1431 1750 1556 1810 ille.
1580 1749 1684 1804 sed
1705 1749 1905 1804 bellua
1933 1755 2038 1804 est.
2073 1749 2130 1803 Si

481 1842 640 1898 enim
661 1849 886 1897 natura:
918 1841 1194 1896 humanas
1225 1846 1428 1895 notam
1469 1839 1694 1895 habens
1752 1839 2124 1911 impressam,

481 1948 611 1988 eam
643 1931 963 1986 voluntatis
1005 1930 1289 2002 pravitate
1346 1930 1732 1996 contaminat,
1763 1929 1964 1985 audiet
1991 1944 2130 2000 pro-

480 2023 673 2094 pheta:
735 2021 1173 2077 sententiam‘:
1235 2043 1260 2070 «
1317 2021 1502 2076 Homo
1579 2036 1714 2075 cum
1796 2019 1855 2074 in
1939 2017 2129 2090 pretio

482 2117 657 2178 esset,
681 2127 800 2166 non
831 2109 1250 2166 animadvertit
1303 2109 1406 2163 sed
1439 2113 1818 2180 comparatus
1875 2113 1965 2163 est
2021 2123 2126 2179 pe-

482 2200 732 2256 cudibus
779 2199 992 2262 brutis,
1045 2198 1378 2268 similisque
1438 2214 1646 2253 eorum
1694 2197 1907 2253 factus.
1943 2219 1972 2247 »
2003 2196 2127 2260 Quo

481 2289 682 2358 itaque
711 2287 886 2342 modo
915 2303 1045 2352 nos,
1079 2302 1214 2341 cum
1245 2285 1320 2341 ad
1349 2285 1611 2356 aliquam
1654 2301 1780 2340 rem
1837 2285 2128 2356 agendam

483 2375 675 2432 filium
707 2381 811 2431 aut
829 2375 1116 2431 famulum
1153 2375 1465 2439 mittimus,
1486 2391 1620 2429 eum
1645 2380 1710 2428 ut
1741 2374 2046 2429 hominem
2065 2391 2126 2429 se

481 2463 542 2519 in
574 2482 638 2520 re
670 2481 741 2520 ea
769 2480 972 2536 gerere
995 2463 1302 2535 jubemus,
1333 2469 1511 2534 atque
1542 2463 1626 2520 ita
1667 2479 1985 2519 commune
2015 2479 2126 2518 no-

479 2571 617 2610 men
650 2553 936 2626 peculiari
961 2553 1192 2608 ratione
1215 2568 1572 2624 usurpamus
1596 2568 1610 2618 ;
1633 2552 1716 2609 ita
1732 2552 1964 2608 etiamsi
2009 2569 2130 2608 om-

477 2658 586 2698 nes
603 2642 878 2698 homines
901 2658 1120 2697 nomen
1137 2641 1400 2696 hominis
1429 2646 1662 2713 gerunt,
1694 2641 1744 2696 is
1775 2646 1974 2696 tamen
2025 2657 2128 2696 so-

476 2731 572 2788 lus
603 2732 780 2786 homo
811 2747 944 2786 vere
972 2736 1081 2789 est.
1109 2730 1209 2801 qui
1237 2730 1557 2803 imaginem
1599 2735 1790 2786 servat
1834 2731 2129 2802 primique

478 2821 832 2892 exemplaris
857 2819 1360 2893 pulchritudinem
1407 2837 1528 2875 non
1578 2818 1886 2875 deformat.
1917 2820 2127 2876 Jobum

479 2927 617 2983 ergo
649 2916 708 2966 et
737 2910 1040 2966 hominem
1062 2909 1378 2981 appellavit
1396 2914 1454 2964 et
1483 2909 1608 2964 solo
1632 2909 1898 2964 Ausitide
1923 2916 2128 2965 natum

473 3006 540 3055 ut
567 3005 784 3054 aterra
809 2999 1177 3071 impietatem
1227 2999 1597 3070 germinante
1651 2998 1906 3054 fructum
1949 2999 2127 3054 talem

479 3088 704 3144 editum
745 3088 1029 3144 celebres.
1063 3089 1249 3154 Quem
1299 3088 1575 3160 princeps
1607 3088 1802 3142 omnis
1850 3088 1990 3144 mali
2052 3087 2131 3142 vi-

475 3178 645 3241 dens,
665 3177 884 3233 invidia
915 3183 1129 3242 motus,
1162 3195 1197 3232 a
1244 3178 1362 3233 Deo
1413 3178 1582 3249 petiit
1639 3183 1706 3233 ut
1753 3178 1865 3233 sibi
1918 3193 2127 3233 vexare

2238 577 2490 656 Ἀϐραάμ
2568 581 2738 659 λέγει.
2821 580 3080 660 Ἀϐραάμ
3156 587 3283 662 γάρ,
3382 587 3584 662 φησὶν,
3666 585 3904 666 ἒγὲννησι

2232 673 2325 727 τὸν
2359 673 2559 742 Ἰσαὰκ,
2600 674 2782 730 Ἰσαάκ
2811 671 2868 730 δὶ
2895 675 2987 729 τὸν
3044 676 3232 743 Ἠσαῦ,
3275 677 3460 732 Ἡσαῦ
3532 675 3593 733 δὶ
3649 679 3742 734 τὸν
3787 680 3902 736 Ῥα·

2233 761 2413 840 γουήλ
2445 765 2656 820 καὶτὸν
2687 764 2853 837 Ζάρα,
2911 763 3054 839 Ζάρα
3113 765 3170 821 δὲ
3223 766 3321 822 τὸν
3358 763 3518 832 Ἰὼϐ,
3582 768 3646 830 ’ὀς
3705 767 3901 844 ἐγένετο

2235 851 2516 928 ἄνθρωπος
2549 855 2779 934 σώφρων
2803 854 2892 909 καὶ
2925 855 3143 928 σεμνὸς,
3191 852 3376 932 λέγων
3435 853 3643 920 οὕτως·
3679 881 3707 911 ιι
3739 859 3801 916 Εἰ
3854 856 3902 914 δὲ

2232 942 2321 997 καὶ
2355 941 2800 1012 ἐπηκολούθησεν
2833 943 2862 998 ὁ
2929 941 3214 1020 ὀφθαλμός
3274 967 3392 1019 μου
3454 948 3681 1022 γυναικῖ
3743 946 3902 1005 ἀλλο-

2233 1033 2380 1106 τρίᾳ,
2409 1032 2498 1086 καὶ
2537 1028 2804 1103 διαθήκην
2855 1029 3112 1107 διεθέμην
3169 1039 3285 1097 τοῖς
3349 1033 3682 1111 ὀφθαλμοῖς
3724 1058 3846 1111 μου.
3873 1060 3896 1091 ι

2234 1121 2314 1178 Οὐ
2375 1123 2482 1196 μὴν
2543 1117 2602 1176 δε
2657 1120 2803 1176 ἀλλά
2858 1121 2950 1176 καὶ
3028 1121 3160 1198 ὑπὲρ
3211 1127 3323 1179 τῶν
3419 1124 3649 1181 οἰκείων
3721 1129 3904 1182 τέκνων

2235 1209 2421 1274 θυσίας
2482 1217 2729 1286 προσῆγε
2792 1211 2910 1276 καθ’
2969 1212 3201 1286 ἡμέραν,
3270 1213 3535 1290 φάσκων·
3597 1239 3628 1269 α
3690 1218 3906 1286 Μήποτε

2234 1297 2373 1354 κοικά
2403 1297 2687 1370 ἐνενόησαν
2717 1300 2852 1373 πρὸς
2882 1299 2974 1354 τὸν
3031 1301 3184 1358 Θεόν.
3221 1325 3248 1353 »
3303 1301 3572 1364 Εἰκότως
3636 1303 3730 1358 οὖν
3788 1299 3902 1380 ἔφη·

2236 1411 2264 1439 ‹‹
2326 1387 2423 1442 Καὶ
2479 1387 2546 1456 ἦν
2605 1389 2634 1442 ὁ
2689 1387 2977 1462 ἅνθρωπος
3028 1387 3236 1453 ἐκεῖνος
3289 1389 3632 1465 ἄμεμπτος,
3691 1390 3904 1464 δίκαιος,

2237 1469 2516 1544 θεοσεϐἡν,
2553 1501 2581 1527 »
2609 1476 2699 1532 καὶ
2730 1477 2796 1532 τὰ
2827 1477 2970 1550 ἑξῆς.
3003 1478 3071 1535 Οἱ
3128 1479 3223 1550 μὶν
3279 1479 3390 1555 γὰρ
3455 1475 3566 1554 ἔξω
3619 1481 3904 1561 φιλόσοφοι

2234 1565 2327 1620 τὸν
2360 1564 2487 1639 ὅρον
2516 1563 2811 1638 δηλοῦντες
2839 1571 2936 1624 τοῦ
2993 1568 3282 1642 ἀνθρώπου
3339 1571 3537 1650 φασίνο
3583 1573 3904 1645 ’Ἄνθρωπός

2238 1651 2350 1709 ἐστι
2384 1659 2520 1722 ζῶον
2555 1654 2782 1730 λογικὸν
2812 1655 3030 1726 θνητόν·
3066 1659 3101 1726 ἡ
3136 1657 3195 1713 δὶ
3261 1659 3384 1722 θεία
3421 1662 3620 1738 Γραιρή
3659 1659 3770 1736 οὐχ
3823 1662 3905 1715 0‘5-

2236 1763 2370 1810 τως,
2424 1741 2555 1800 ἀλλ’
2589 1764 2601 1777 ο
2677 1745 3000 1819 ΙἌνθρωπός
3060 1745 3172 1801 ἐστι
3233 1743 3536 1818 θεοσεϐἡς,
3599 1747 3903 1824 ἄμεμπτος,

2245 1828 2476 1901 δίκαιος,
2559 1832 2900 1909 ἀπεχόμενος
2959 1835 3066 1890 ἀπὸ
3123 1836 3318 1899 παντὸς
3346 1841 3614 1914 πονηροῦ
3661 1859 3903 1914 πραγμα-

2244 1943 2360 1994 τος,
2392 1922 2469 1987 ὡς
2523 1924 2618 1996 ὅγε
2653 1924 2874 1987 τούτοις
2935 1927 3011 1997 μὴ
3075 1925 3586 2001 μεμαρτυρημένος
3643 1925 3770 1983 οὐδὲ
3824 1927 3904 1982 ἄν·

2239 2015 2478 2087 θρωπος,
2513 2011 2656 2068 ἀλλά
2694 2013 2892 2083 κτῆνός
2924 2011 3088 2071 ἐστιν.
3133 2016 3260 2073 Ἐάν
3289 2016 3397 2091 γάρ
3433 2012 3550 2096 ἔχῃ
3614 2017 3710 2073 τὸν
3740 2035 3901 2093 χαρα-

2236 2107 2412 2177 κτῆρα
2435 2109 2536 2171 τῆς
2581 2101 2790 2180 φύσεως
2854 2100 3049 2179 ὑϐρίζῃ
3119 2101 3177 2160 δὶ
3231 2104 3394 2160 αὐτὸν
3459 2110 3534 2182 τῇ
3598 2107 3762 2179 κακίᾳ
3815 2109 3904 2171 τῆς

2237 2192 2630 2266 προαιρέσεως,
2717 2191 3003 2248 ἀκούσεται
3061 2192 3207 2268 παρὰ
3269 2199 3368 2249 τοῦ
3464 2197 3763 2274 προφήτου
3819 2193 3898 2252 λέ-

2238 2299 2453 2356 γοντος⁹
2490 2304 2518 2332 ‹‹
2550 2280 2873 2356 Ἀνθρωπος
2904 2279 2956 2336 ἐν
2984 2285 3123 2356 τιμῇ
3183 2281 3260 2337 ὢν
3315 2283 3380 2339 οὐ
3446 2289 3677 2356 συνῆκε,
3739 2305 3898 2359 παρα.

2238 2364 2546 2441 συνεϐλήθη
2577 2375 2694 2433 τοῖς
2723 2372 2940 2442 κτήνεσι
2981 2376 3088 2434 τοῖς
3135 2371 3418 2444 ἀνοήτοις,
3481 2375 3580 2430 καὶ
3639 2375 3894 2448 ὡμοιώθη

2237 2458 2442 2521 αὐτοῖς.
2509 2481 2538 2510 ››
2585 2461 2790 2535 Ὥσπερ
2845 2461 3030 2516 τοίνυν
3087 2461 3175 2516 καὶ
3234 2464 3404 2534 ἡμεῖς
3465 2463 3898 2524 ἀποστέλλοντες

2237 2549 2352 2603 υἳὸν
2401 2547 2436 2618 ἢ
2497 2547 2712 2620 οῐκὲτήν
2774 2551 2860 2623 [Ρ.
2919 2552 3010 2624 44]
3064 2547 3152 2606 ἐπί
3209 2573 3331 2608 τινα
3387 2557 3594 2629 πρᾶξιν
3651 2553 3894 2632 λέγομεν,

2239 2638 2328 2700 Ὠς
2384 2635 2672 2712 ἄνθρωπος
2740 2638 2873 2713 ’ἀψαι
2937 2647 3039 2708 τῆς
3108 2641 3378 2716 πράξεως,
3443 2644 3543 2698 καὶ
3608 2644 3676 2698 τὸ
3733 2641 3894 2698 κοινὸν

2239 2725 2554 2800 ποιούμεθα
2618 2724 2781 2782 ἳδιοψ
2843 2727 3018 2789 οὕτως
3077 2728 3123 2783 εί
3183 2731 3270 2785 καὶ
3339 2731 3545 2795 πάντες
3634 2729 3894 2806 ἅνθρωποι

2241 2813 2519 2890 λέγονται,
2555 2814 2720 2890 μόνος
2748 2815 2953 2878 ἐκεῖνος
2983 2815 3212 2886 ἀληθῶς
3267 2817 3414 2875 ἐστιν
3479 2821 3510 2876 ὁ
3579 2822 3684 2890 τήν
3726 2817 3892 2874 εῗκάνα

2240 2905 2544 2974 σώζωνκαῖ
2572 2905 2635 2960 τὸ
2684 2904 3042 2978 πρωτότυπον
3079 2909 3156 2979 μὴ
3227 2908 3524 2988 ἀφανίζων.
3589 2910 3757 2966 Εἶπεν
3813 2905 3892 2962 οὖν

2237 2992 2330 3048 τὸν
2366 2987 2491 3048 Ἰὼϐ
2523 2990 2808 3067 ἄνθρωπον
2866 2993 2957 3048 καὶ
3016 2994 3120 3050 ἀπὸ
3186 3003 3285 3065 τῆς
3342 2994 3650 3062 Αὐσίτιδος
3691 2997 3889 3072 χώρας,

2239 3081 2387 3144 ὅπως
2422 3081 2480 3136 ἐκ
2512 3089 2612 3151 τῆς
2643 3083 2908 3156 κομώσης
2937 3091 3041 3159 γῆς
3097 3087 3198 3154 τήν
3253 3081 3512 3144 ἀσέϐειαν
3569 3089 3668 3144 τὸν
3697 3084 3892 3161 καρπὸν

2239 3171 2588 3246 ἀνυμνήσεις.
2619 3177 2712 3227 ’ον
2745 3173 2773 3226 ὁ
2804 3172 3110 3248 ἀρχὲκακος
3169 3176 3334 3250 ὁρῶν,
3395 3179 3498 3233 καὶ
3550 3178 3736 3258 φθόνῳ
3767 3173 3890 3251 βαλ-

476 3266 709 3337 justum
764 3267 1156 3337 permitteret,
1200 3272 1265 3321 ut
1315 3271 1376 3320 tu
1414 3247 1674 3338 ﬁquoque
1729 3267 1871 3322 hinc
1927 3268 2124 3322 animo

2240 3260 2496 3334 λόμενος,
2539 3261 2770 3316 αἲτεῖται
2826 3263 2970 3335 ποιρά
3023 3268 3158 3319 Θεοῦ
3209 3266 3301 3320 τὸν
3356 3268 3505 3324 κατά
3561 3273 3662 3324 τοῦ
3693 3264 3890 3322 δικαίου

477 3353 668 3410 ﬁdens
699 3352 826 3418 fias,
861 3355 1124 3409 sentiens
1169 3353 1406 3408 diabolo
1443 3355 1594 3409 nihil
1655 3372 1784 3410 esse
1843 3355 2124 3411 adversus

477 3443 645 3516 pium
673 3460 926 3514 vereque
949 3443 1350 3498 Christianum
1374 3445 1549 3500 etDei
1568 3445 1782 3500 timore
1810 3445 2124 3517 praeditum

473 3533 803 3605 potestatis,
831 3532 948 3588 nisi
985 3533 1038 3588 ei
1063 3533 1346 3588 divinitus
1387 3533 1464 3588 sit
1518 3535 1896 3604 permissum,
1945 3535 2123 3606 idque

472 3621 566 3678 vel
595 3621 921 3696 castigandi
953 3638 1131 3678 causa
1174 3621 1262 3676 vel
1313 3623 1718 3678 concessione.
1773 3625 1917 3678 Cum
1966 3624 2125 3680 enim

474 3711 924 3786 castigationem
955 3711 1129 3767 affert
1158 3712 1332 3774 Deus,
1365 3717 1466 3766 aut
1514 3718 1890 3783 peccatorum
1924 3729 1993 3768 ea
2019 3731 2124 3768 ra-

472 3802 635 3858 tione
675 3818 878 3872 paanas
923 3801 1128 3868 sumit,
1161 3807 1263 3855 aut
1291 3799 1549 3855 divinam
1583 3802 1858 3857 virtutem
1891 3808 2126 3859 exercet

475 3891 551 3946 ad
577 3891 878 3946 victoriam
906 3907 968 3944 re
1002 3889 1152 3944 bene
1182 3895 1348 3961 gesta
1406 3891 1750 3961 parandam.
1801 3893 1928 3947 Non
1964 3893 2122 3948 enim

477 3980 743 4051 injussus
771 3978 1046 4034 diabolus
1089 3979 1383 4050 potuisset
1407 3979 1615 4034 Jobum
1640 3980 1898 4054 aggredi.
1926 3983 2124 4053 Neque

476 4066 537 4122 id
563 4065 665 4122 tibi
695 4066 915 4122 mirum
939 4067 1050 4121 sit:
1101 4083 1239 4123 nam
1271 4067 1333 4122 in
1365 4067 1692 4141 Evangeliis
1721 4068 1989 4125 auditum
2037 4075 2128 4125 est

476 4173 552 4212 ne
585 4157 645 4212 in
678 4172 890 4229 porcos
921 4155 1165 4228 quidem
1197 4156 1311 4212 nisi
1347 4157 1442 4212 79
1475 4157 1769 4229 permissu
1791 4159 1892 4214 Dei
1951 4159 2122 4231 quid-

478 4261 658 4318 quam
691 4245 742 4301 ei
777 4245 1296 4302 licere.Enimvero
1329 4245 1509 4300 divini
1537 4247 1731 4318 angeli
1765 4248 1996 4318 piorum
2028 4265 2122 4304 sa-

474 4335 582 4390 luti
607 4334 1180 4390 inserviunt.0mnes
1211 4334 1394 4401 enim,
1419 4335 1502 4390 ait
1526 4335 1846 4408 Scriptura,
1879 4337 2124 4409 spiritus

475 4429 616 4480 sunt
662 4423 738 4478 ad
794 4423 1195 4480 ministerium
1253 4423 1466 4496 parati,
1539 4425 1974 4498 mittunturque
2049 4427 2122 4482 ad

471 4511 920 4568 inserviendum
953 4519 1197 4584 propter
1230 4528 1331 4568 eos
1362 4513 1463 4584 qui
1497 4513 1750 4570 salutem
1783 4521 1922 4570 sunt
1953 4516 2122 4571 here-

2235 3351 2557 3425 πειρασμὸν,
2585 3349 2678 3406 ’ίνα
2733 3352 2796 3406 σὺ
2859 3352 3057 3428 θάρσος
3109 3349 3307 3429 λάϐῃς,
3367 3356 3461 3411 καὶ
3522 3358 3705 3432 μάθῃς
3752 3353 3886 3412 ὅπως

2235 3439 2338 3495 οὐκ
2367 3435 2486 3514 ἔχει
2513 3439 2752 3510 ἐξουσίαν
2800 3437 3014 3513 δαίμων
3065 3442 3200 3498 κατά
3249 3439 3543 3509 θεοσεϐοῦς
3602 3447 3694 3501 καὶ
3727 3443 3884 3502 ὅντως

2236 3527 2562 3601 Χριστιανοῦ
2598 3529 2686 3583 καὶ
2719 3525 3064 3606 φοϐουμὲνου
3121 3533 3213 3588 τὸν
3265 3535 3422 3604 Θεὸν,
3483 3535 3578 3592 ἐάν
3639 3537 3716 3609 μή
3775 3533 3882 3588 ἐπε-

2233 3618 2410 3691 τροπή
2446 3617 2644 3672 ἄνωθεν
2674 3619 2895 3694 γενηται
2928 3620 2962 3690 ἢ
2997 3618 3086 3676 διά
3142 3619 3388 3678 παιδείαν
3440 3625 3484 3696 ἢ
3545 3623 3638 3680 διὰ
3668 3620 3880 3700 συγχώ-

2235 3725 2414 3781 ρησιν.
2444 3707 2603 3761 Ὂταν
2635 3707 2743 3784 γᾶρ
2773 3709 2957 3786 ἀπάγῃ
2991 3711 3019 3764 ὁ
3044 3711 3174 3773 Θεὸς
3214 3709 3604 3791 παιδευτήρια,
3647 3713 3681 3784 ἢ
3743 3709 3881 3768 δίκας

2233 3793 2454 3851 ἀπαιτεῖ
2515 3799 2623 3850 τῶν
2679 3797 3092 3871 ἁμαρτημάτων
3125 3798 3160 3869 ἥ
3219 3801 3318 3868 τήν
3373 3800 3579 3876 ἀρετὴν
3631 3797 3879 3878 γυμνάζει

2232 3889 2340 3939 τῶν
2371 3883 2529 3939 θείων
2575 3888 3042 3962 κατορθωμάτων.
3109 3888 3186 3947 Οὐ
3249 3891 3351 3965 γὰρ
3408 3889 3665 3962 ἠδυνήθη
3723 3885 3878 3944 πολεο

2239 3980 2411 4047 μῆσαι
2439 3972 2519 4046 τῷ
2551 3970 2704 4042 Ἰὼϐ,
2741 3973 2846 4038 ἕως
2879 3975 3154 4052 ἰπετράπη
3186 3978 3230 4035 θ.
3277 3981 3374 4036 Καὶ
3436 3982 3519 4054 μή
3579 3979 3872 4054 θαυμάσῃς,

2235 4061 2360 4120 οὐδὲ
2385 4065 2486 4140 γάρ
2515 4065 2650 4119 κατά
2679 4064 2890 4141 χοίρων
2933 4065 3174 4139 ἐξουσίαν
3216 4066 3357 4144 ἔχει,
3415 4073 3602 4134 καθὼς
3658 4069 3709 4126 ἐν
3765 4070 3872 4126 τοῖς

2237 4151 2595 4228 Εὐαγγελίοις
2620 4153 2878 4224 ἤκουσας.
2921 4157 2984 4210 Ol
3041 4157 3136 4229 μὶν
3197 4158 3290 4212 οὗν
3323 4160 3460 4214 θεῖοι
3506 4159 3732 4237 ἄγγελοι
3762 4154 3868 4212 δια-

2233 4247 2453 4298 κονοῦσι
2512 4249 2634 4309 ταῖς
2686 4249 2794 4300 τῶν
2881 4245 3094 4322 ἀγαθῶν
3183 4247 3483 4325 ἀνθρώπων
3561 4247 3864 4325 σωτηρίαις’

2234 4334 2436 4396 Πάντες
2465 4335 2594 4409 γὰρ,
2655 4333 2811 4412 φησὶ,
2871 4332 3223 4412 λειτουργικὰ
3281 4339 3566 4414 πνεύματά
3614 4340 3742 4396 εἰσιν
3801 4335 3867 4395 εἷς

2235 4418 2506 4478 διακονίαν
2537 4422 2987 4498 ἀποστελλόμενα
3020 4423 3112 4480 διά
3137 4425 3266 4489 τοὺς
3303 4425 3611 4494 μέλλοντας
3673 4426 3868 4501 κλήρου

2231 4518 2416 4586 νομεῖς
2449 4513 2746 4588 σωτηρίαν·
2791 4514 2845 4570 οἱ
2886 4512 2945 4570 δὲ
2994 4517 3228 4592 πονηροὶ
3279 4515 3538 4593 δαίμονες
3595 4526 3712 4582 ταῖς
3747 4513 3868 4573 κατά

471 4600 684 4658 ditario
714 4601 1036 4673 accepturi.
1067 4600 1200 4657 Mali
1239 4607 1440 4658 autem
1491 4603 1649 4672 genii
1701 4603 1774 4658 ad
1835 4606 2124 4677 supplicia

2235 4605 2340 4658 τῶν
2373 4601 2718 4678 ἁμαρτωλῶν
2746 4603 3062 4680 τιμωρίαις,
3097 4631 3125 4658 ‹‹
3163 4603 3540 4680 Ἐξαπέστειλε
3567 4604 3866 4687 γὰρ,φησὶν,

471 4689 884 4764 peccatoribus
905 4688 1106 4746 debita
1134 4692 1611 4762 usurpantur.lta
1642 4692 1799 4748 enim
1833 4694 2117 4765 scriptum

472 4783 581 4846 est,
606 4801 633 4828 α
665 4777 877 4833 Emisit
899 4777 959 4832 in
985 4777 1146 4850 ipsos
1167 4777 1317 4834 iram
1348 4777 1532 4833 animi
1563 4778 1677 4844 sui,
1711 4801 1738 4829 ››
1764 4779 1935 4850 iram,
1967 4781 2125 4837 furo-

470 4881 599 4920 rem
631 4871 689 4920 et
717 4864 1120 4921 calamitatem
1143 4881 1362 4920 vocans
1381 4865 1600 4920 emissa
1629 4882 1735 4937 per
1785 4867 1976 4922 malos
2027 4885 2127 4940 ge-

471 4953 624 5009 nios.
661 4953 727 5009 Hi
761 4953 920 5008 enim
945 4968 1287 5024 quanquam
1319 4952 1520 5008 dedita
1551 4970 1730 5024 opera
1760 4955 2022 5012 habenas
2043 4958 2127 5013 di-

469 5044 621 5100 vina;
649 5043 972 5100 voluntatis
997 5048 1404 5105 excusserunt,
1439 5049 1636 5099 tamen
1651 5045 1796 5118 jugo
1827 5047 2126 5104 servitutis

471 5138 612 5188 sunt
641 5132 1300 5204 subditi,cogunturque
1323 5132 1502 5188 veluti
1535 5134 1848 5191 carnifices
1878 5137 2122 5208 quidam

469 5235 504 5276 ιι
533 5221 650 5276 Deo
678 5227 736 5276 et
761 5220 983 5276 sanctis
1010 5219 1306 5291 imperata
1334 5223 1736 5294 capessere.Id
1767 5223 1986 5281 Paulus
2017 5227 2120 5283 de-

541 5309 562 5343 ²
591 5309 718 5364 Job.
747 5325 904 5376 xxxx,
940 5311 988 5362 1.
1083 5307 1108 5342 ³
1135 5308 1240 5366 Job
1273 5327 1309 5377 ι,
1346 5313 1394 5365 1.
1473 5311 1496 5346 ⁸
1527 5311 1684 5367 Psal.
1717 5329 1901 5380 XLVIII,
1937 5317 2024 5372 l3.

2229 4689 2304 4752 εἰς
2328 4689 2520 4752 αὐτοὺς
2552 4690 2718 4766 ὀργὴν
2747 4693 2926 4764 θυμοῦ
2955 4691 3141 4762 αὐτοῦ,
3176 4719 3203 4746 ››
3237 4697 3409 4768 θυμὸν
3456 4699 3546 4753 καὶ
3598 4699 3760 4773 ὀργῆν
3786 4690 3864 4748 καῖ

2235 4777 2446 4854 θλῖψιν,
2481 4777 2800 4850 ἀποστολὴν
2831 4778 2900 4836 δι’
2958 4781 3208 4858 ἀγγέλων
3264 4791 3542 4863 πονηρῶν.
3575 4787 3644 4845 Ol
3698 4784 3863 4839 τοίνυν

2234 4864 2514 4938 δαίμονες,
2547 4865 2592 4924 εἴ
2641 4869 2732 4924 καὶ
2785 4869 3084 4947 ἀφηνίασαν
3132 4878 3202 4950 τῇ
3259 4874 3532 4950 προθέσει,
3590 4875 3718 4932 ἀλλ’
3771 4870 3862 4926 ὑπὸ

2235 4957 2394 5035 ζυγὸν
2427 4962 2626 5014 κεῖνται
2673 4965 2774 5029 τῆς
2834 4957 3110 5032 δουλείας,
3177 4965 3267 5019 καὶ
3321 4964 3633 5022 κελεύοντας,
3682 4962 3860 5039 πρᾶξαι

2233 5047 2307 5109 ὡς
2341 5044 2536 5121 δήμιοί
2578 5069 2722 5113 τινες
2775 5050 2844 5106 τά
2897 5053 3343 5127 προσταττόμενα
3386 5057 3533 5131 παρά
3587 5059 3681 5112 τοῦ
3737 5052 3861 5108 Θεοῦ

2230 5137 2317 5192 καὶ
2351 5140 2460 5192 τῶν
2492 5138 2685 5214 ἁγίων.
2721 5139 2817 5194 Καὶ
2852 5136 3018 5210 δηλοῖ
3063 5141 3282 5206 Παῦλος
3339 5146 3460 5220 περὶ
3518 5150 3624 5202 τῶν
3681 5147 3860 5216 Κοριν-

2231 5226 2364 5281 θίων
2397 5229 2513 5300 (50)
2543 5225 2738 5302 λέγων’
2771 5249 2798 5282 ι
2862 5229 2972 5292 Οῧς
3028 5229 3320 5307 παρέδωκα
3372 5239 3453 5307 τῷ
3506 5237 3730 5304 Σατανᾷ,
3779 5229 3856 5283 ’ἕνα

1675 5411 2034 5468 XYLANDRI
2089 5416 2176 5470 ΕΤ
2207 5414 2425 5472 GOARI
2464 5416 2688 5472 ΝΟΤΑΞ.

536 5494 647 5565 (ξόοὶ
675 5497 893 5565 Lapsus
923 5499 1014 5550 est
1042 5496 1344 5551 memorize
1379 5513 1392 5550 :
1427 5513 1547 5553 non
1579 5498 1738 5553 enim
1773 5499 1846 5555 de
1899 5503 2109 5558 Corin-

466 5563 842 5641 thiis,sed’de
863 5567 1192 5641 _llyme_nmo
1227 5574 1284 5622 et
1310 5569 1648 5625 Alexandro
1669 5573 1956 5641 apostatis
1987 5575 2113 5630 haec

465 5635 766 5713 dicuntur,
802 5637 823 5713 ξ
861 5635 1114 5713 Timoth.
1151 5641 1199 5694 t.
1242 5641 1614 5696 Corinthium
1647 5635 1886 5713 quidem
1935 5646 2113 5702 etiam

467 5705 662 5775 illum,
721 5709 823 5781 qui
887 5710 1179 5766 incestum
1239 5727 1372 5768 cum
1459 5705 1706 5768 noverca
1775 5715 2112 5786 conjugium

2220 5503 2460 5582 fecerat.
2478 5508 2712 5582 Satanae
2745 5506 3101 5582 tradendum
3124 5509 3415 5582 judicavit
3445 5514 3604 5572 idem
3631 5505 3846 5570 Paulus,

2221 5575 2270 5630 ll
2308 5575 2568 5662 Corinth.
2630 5595 2705 5660 vr.
2746 5595 2916 5662 lquos
2973 5575 3158 5662 locos:
3194 5585 3466 5645 confudit
3518 5581 3849 5660 ἁμαρτήματι

2228 5655 2552 5718 μνημονικῷ
2580 5655 2833 5723 scriptor
2863 5659 3086 5708 noster.
3117 5655 3255 5712 XvL.
