4094 6292
333 385 455 450 109

1520 384 2057 451 lllSTUBIAllUM
2110 382 2657 443 (TQRH’FNDNZW.

3634 384 3748 441 HO

331 515 668 574 παιδευθῶσι
704 520 779 592 μὴ
816 516 1185 598 βλασφημεῖν.
1227 544 1257 573 ιι
1290 522 1403 577 ἰνα
1432 523 1537 597 γὰρ
1572 521 1648 594 μὴ
1706 517 1979 589 νομισθῶ-

2100 514 2405 578 clarat,de
2452 513 2773 571 Corinthiis
2840 513 3191 568 scribensﬁ:
3253 515 3470 577 «Quos
3531 515 3744 570 tradidi

335 629 421 662 σιν
455 608 506 662 οἱ
542 605 798 680 δαίμονες
829 610 913 664 ὅτι
946 610 1117 665 πάντα
1160 611 1274 665 κατ’
1333 610 1606 674 αύθεντίαν
1665 609 1984 683 πράττουσι,

338 696 649 753 κελεύονται
702 697 790 752 καὶ
876 696 1096 760 ἄκοντες
1168 704 1344 754 ποιεῖν
1401 699 1467 753 τὰ
1523 698 1981 773 προσταττόμενα.

340 789 441 842 Καί
506 793 621 848 τοῖς
672 786 766 860 μὲν
823 788 997 863 ἀγίοις
1054 787 1379 845 ἀποστέλλει
1439 790 1468 843 6
1528 796 1660 851 Θεος
1705 785 1984 844 διακόνους

338 875 526 949 ἁγίους
555 875 823 953 ἀγγέλους
871 876 949 939 εἷς
1007 878 1300 952 σωτηρίαν,
1349 884 1466 942 τοῖς
1522 875 1580 932 δὲ
1638 875 1988 950 ἁμαρτωλοῖς

336 964 614 1038 ἐπιτρέπει
672 963 932 1039 δαίμονας
988 967 1063 1030 είς
1112 967 1405 1040 τιμωρίαν.
1466 969 1566 1024 Καὶ
1600 968 1701 1043 γὰρ
1735 964 1822 1019 ὅτε
1852 962 1986 1017 κατά

332 1059 434 1110 του
485 1049 697 1130 Ἀχαάϐ
730 1056 758 1108 6
788 1056 919 1117 Θεὸς
975 1056 1284 1135 ἀπεφήνατο
1344 1055 1532 1132 λέγων’
1584 1082 1602 1105 ι
1633 1054 1729 1117 Τίς
1784 1053 1984 1127 πορεύ-

334 1163 486 1198 σεται
541 1143 630 1198 καὶ
688 1144 958 1215 ἀπατήσει
1014 1146 1104 1200 τὸν
1158 1139 1391 1224 Ἀχαέὦ,
1454 1147 1544 1200 καὶ
1628 1149 1870 1199 πεσεῖται
1904 1161 1918 1211 ;
1954 1166 1981 1191 ››

331 1232 601 1306 ἀπεκρίθη
662 1237 875 1305 πνεῦμα
922 1233 1201 1308 πονηρὸν,
1261 1259 1288 1285 u
1320 1232 1462 1291 Ἰδοὺ
1515 1231 1642 1307 ἐγὼ,
1677 1256 1705 1283 ››
1763 1232 1980 1292 πάντως

325 1326 602 1397 γινῶσκον
660 1322 734 1383 ὡς
766 1321 841 1384 είς
879 1326 1041 1378 τοῦτο
1069 1322 1340 1379 τέτακται.
1411 1324 1507 1378 Καὶ
1548 1319 1981 1377 ἀποστέλλονται

334 1411 436 1483 μὲν
494 1409 707 1472 εἰδικῶς
765 1411 1148 1485 εἰσπράξασθαι
1204 1412 1475 1485 τιμωρίαν
1530 1411 1676 1485 ποιρά
1738 1414 1848 1464 τῶν
1878 1431 1973 1463 πο-

327 1503 540 1574 νηρῶν,
574 1500 1000 1557 ἀποστέλλονται
1033 1499 1091 1556 δὲ
1120 1501 1207 1555 καὶ
1240 1500 1376 1576 πρὸς
1433 1497 1697 1568 δικαίους,
1732 1498 1831 1553 οὐκ
1891 1495 1983 1551 ’ίνα

325 1590 783 1663 τιξιωριςιικςυνειται⁹
816 1588 1051 1645 ἀλλ”ίνα
1080 1592 1427 1664 πειράσωσιν·
1483 1587 1671 1660 ἐπειδὴ
1724 1589 1829 1666 γὰρ
1888 1586 1979 1662 ἄγ-

324 1679 498 1753 γελος
556 1679 708 1753 ἅγιος
787 1679 1124 1754 ὑπουεγῆσαι
1204 1685 1272 1754 τῇ
1361 1679 1522 1754 πείρα
1580 1679 1644 1733 ού
1703 1675 1980 1732 κελεύεται

326 1764 485 1839 (263‘s
516 1769 618 1844 γΞιρ
650 1768 679 1822 6
709 1769 836 1828 Θεὸς
875 1767 1084 1824 κελεύει
1115 1770 1176 1823 τὸ
1234 1768 1468 1840 ἀπρεπὲς
1526 1766 1745 1842 ἀγγέλῳ
1805 1764 1979 1836 θείῳ),

324 1856 425 1911 διὶ
450 1862 612 1912 τοῦτο
670 1853 921 1928 δαίμονες
958 1859 1157 1928 ταύτην
1212 1857 1583 1931 ἐπιτρέπονται
1637 1858 1735 1926 τὴν
1767 1860 1973 1927 πεῖραν.
2013 1893 2057 1958 Β

324 1946 435 2001 Καὶ
470 1947 546 2018 μὴ
577 1948 859 2021 θαυμάσῃς
893 1947 936 2002 εἰ
979 1947 1114 2022 πρὸς
1149 1945 1390 2010 δικαίους
1421 1944 1674 2019 διίμονες
1705 1944 1976 2000 ἀποστέλ-

328 2033 552 2089 λονται’
593 2036 810 2109 ἀνήχθη
845 2035 947 2112 γὰρ
976 2036 1004 2091 6
1032 2038 1249 2091 πάντων
1270 2036 1543 2105 Δεσπότης
1579 2035 1685 2089 ἀπὸ
1713 2039 1809 2088 τοῦ
1842 2035 1980 2106 Ἰορ-

324 2122 496 2179 δάνου
527 2124 602 2185 εἷς
635 2126 731 2191 τὴν
762 2122 968 2200 ἔρημον
1000 2128 1355 2201 πειρασθῆναι
1390 2125 1492 2180 ὑπὸ
1549 2128 1645 2179 τοῦ
1692 2119 1976 2178 διαϐόλου.

326 2212 399 2270 Εἰ
430 2212 607 2267 τοίνυν
635 2215 727 2269 τὸν
775 2218 872 2269 τοῦ
910 2215 1110 2278 παντὸς
1167 2214 1360 2288 Κύριον
1392 2215 1419 2268 6
1461 2209 1719 2273 διάϐολος
1774 2215 1854 2286 [Ρ.
1888 2211 1975 2282 4-5]

324 2300 603 2376 ἐπείρασε,
629 2303 682 2358 τί
712 2304 1005 2376 θαυμάζεις
1042 2303 1087 2358 εί
1119 2305 1207 2359 καὶ
1256 2309 1372 2365 τοῖς
1406 2301 1638 2363 δικαίοις
1669 2302 1745 2363 εἷς
1776 2300 1979 2375 γυμνά-

326 2412 449 2446 σιον
482 2393 769 2465 ὑπομονῆς
799 2390 1010 2466 δαίμων
1036 2391 1435 2448 ἀποστελλεται
1460 2412 1474 2460 ;
1507 2389 1898 2447 ἀποστέλλεται
1923 2388 1980 2446 δὲ

324 2480 397 2536 οὗ
428 2486 569 2537 Θεοῦ
598 2480 916 2544 κελεύοντος
944 2481 1109 2555 αὐτῷ,
1142 2480 1289 2538 ἀλλά
1317 2486 1801 2560 παραχωροῦντος·
1845 2501 1977 2550 σκη-

325 2568 550 2641 ματίζει
582 2572 682 2646 γὰρ
700 2571 792 2625 τὸν
820 2569 988 2646 λόγον
1018 2575 1053 2641 ἡ
1088 2572 1269 2650 Γραφή
1326 2570 1401 2632 ὠς
1442 2571 1493 2626 ἐν
1533 2569 1976 2644 προσωποποιίᾳ,

324 2658 406 2720 ὡς
442 2661 566 2714 ὅταν
604 2660 774 2733 λέγει·
806 2684 835 2713 ‹‹
877 2662 971 2733 Τῷ
1026 2657 1082 2715 δὲ
1113 2658 1429 2735 ἁμαρτωλῷ
1477 2662 1621 2715 εἶπεν
1681 2660 1708 2714 6
1760 2659 1912 2720 Θεὸς.
1950 2682 1975 2708 ››

324 2749 430 2803 Καὶ
462 2750 492 2804 6
528 2750 694 2825 μέγας
724 2746 786 2805 δὶ
816 2748 1094 2825 Κύριλλος
1151 2747 1277 2829 ἔφη*
1336 2775 1363 2801 ι(
1399 2753 1724 2824 Μετροῦνται
1783 2745 1839 2803 δὲ
1869 2748 1975 2803 τῶν

324 2839 426 2893 ἀνὰ
485 2843 659 2893 πᾶσαν
736 2840 837 2908 τήν
917 2846 1019 2916 γῆν
1102 2839 1400 2914 ἀνθρώπων
1453 2840 1519 2895 τά
1564 2839 1698 2894 κατὰ
1755 2839 1976 2913 καιροὺς

324 2927 825 3003 πλημμελήματα,
859 2927 891 2984 ἃ
920 2929 1009 2984 καὶ
1044 2928 1210 3003 μέχρι
1248 2928 1552 3000 ποσότητος
1609 2948 1755 2990 τινος
1814 2926 1979 2997 ἐκδή-

324 3016 432 3072 λου
461 3019 564 3081 τῆς
594 3017 864 3092 ἁμαρτίας
921 3018 1083 3086 ἡμῶν
1149 3015 1416 3086 ἡκούσης,
1476 3017 1663 3092 ἐπάγει
1725 3012 1790 3084 δὴ
1822 3037 1980 3084 τηνι-

284 3112 502 3180 ¹κπιῦτα
541 3107 738 3161 Λοιπὸν
782 3104 879 3167 τάς
943 3102 1096 3161 δίκας
1157 3104 1535 3179 λελυπημένος
1595 3107 1622 3161 ὁ
1678 3104 1977 3178 νομοθέτης

330 3195 424 3249 καὶ
482 3195 701 3269 Κύριος,
765 3191 1103 3270 δισκαρτερεῖ
1169 3191 1226 3249 δὲ
1277 3193 1327 3265 ἐξ
1387 3193 1628 3271 ἐμφύτου
1675 3191 1979 3268 φιλανθρω-

341 3283 470 3345 πίας
521 3279 623 3337 ἔσθ’
685 3284 797 3353 ὅτε,
855 3283 945 3336 καὶ
1005 3281 1489 3355 πλημμελούντων
1548 3280 1823 3361 ἀνέχεται,
1883 3280 1981 3336 οὐκ

348 3370 565 3425 εῗσάπαν
592 3371 924 3447 ἀγανακτῶν·
963 3372 1053 3435 καὶ
1091 3372 1194 3447 γάρ
1252 3365 1353 3441 ἔφη
1386 3373 1522 3446 πρὸς
1578 3371 1671 3426 τὸν
1704 3366 1976 3443 Ἀϐραὰμ·

346 3459 510 3516 Οὔπω
566 3458 1029 3531 ἀναπεπλήρωται
1090 3461 1144 3515 αἱ
1194 3461 1454 3535 ἁμαρτίαι
1497 3465 1606 3514 τῶν
1661 3459 1975 3532 Ἀμοραίων

334 3545 437 3611 ἕως
474 3554 569 3604 τοῦ
589 3554 702 3618 νῦν,
730 3551 866 3625 πρὸς
896 3547 954 3605 δὲ
979 3570 1041 3625 γε
1104 3551 1229 3612 τοὺς
1281 3549 1615 3625 Φαρισαίους
1672 3548 1978 3611 ἀκαθὲκτως

328 3637 718 3710 λελυπηκὸτας
748 3639 904 3719 φησί·
958 3640 1059 3696 Καὶ
1096 3639 1253 3712 ὑμεῖς
1303 3637 1727 3713 ἀνεπληρώσατε
1790 3640 1852 3693 τὸ
1886 3638 1978 3712 μέ-

321 3750 452 3807 τρον
484 3735 595 3787 τῶν
647 3733 893 3804 πατὲρων
948 3730 1138 3803 ὑμῶν.
1174 3754 1202 3781 ››
1263 3732 1472 3788 Οὐκοῦν
1529 3732 1574 3785 εἱ
1610 3731 1868 3805 βούλοιτό
1898 3751 1979 3792 τις

324 3816 604 3876 διαϐῶναι
642 3821 735 3892 μὲν
769 3822 965 3896 ὀρθῶς,
1029 3815 1429 3882 εὐϐουλοτάτας
1488 3817 1545 3875 δὲ
1602 3822 1687 3875 καὶ
1752 3819 1980 3876 ἐπιεικεο

322 3911 520 3971 στάτος
552 3907 605 3965 ἐν
638 3906 781 3983 τῶδε
826 3914 904 3981 τῷ
966 3910 1071 3985 βίῳ
1107 3916 1370 3973 ποιεῖαθαι
1402 3911 1494 3971 τὰς
1553 3906 1853 3983 διατριϐὰς,
1885 3912 1978 3983 ὁρ-

321 3996 630 4055 θοποδίσαι
660 4019 718 4054 τε
747 4000 835 4053 καὶ
896 3996 1244 4069 διανήξασθαι
1301 3999 1367 4054 τά
1421 3996 1565 4054 δεινά
1594 4004 1821 4074 γνώμης
1850 3999 1981 4074 ἐχό-

324 4111 492 4163 μενος
560 4089 733 4164 ὀρθῆς
787 4090 877 4143 καὶ
933 4087 1321 4166 ἀδιαστρόφου,
1373 4094 1672 4163 καρποῦται
1748 4111 1813 4145 το
1902 4091 1977 4164 μὴ

321 4177 597 4235 ἒναλῶναι
650 4183 861 4240 κακοῖς.
919 4178 1022 4234 Καὶ
1088 4177 1319 4252 ἀτρεκὴς
1366 4178 1393 4232 ὁ
1426 4177 1611 4254 λόγος.
1674 4180 1789 4258 Ἐφ’
1847 4181 1980 4250 ἡμῖν

322 4269 430 4344 γάς
480 4266 593 4323 ἐστι
647 4266 709 4322 τὸ
758 4267 841 4321 ἐπ’
890 4263 1054 4344 ἅμ’ρω
1116 4266 1354 4341 βλέπειν,
1413 4269 1547 4339 πρός
1613 4289 1669 4323 τε
1727 4268 1981 4344 τάγαθὸν,

320 4356 622 4435 φημὶ,καί
654 4357 984 4413 τούναντιον.
1022 4355 1117 4411 Καὶ
1168 4357 1220 4410 οἱ
1281 4357 1375 4431 μὲν
1432 4356 1481 4412 ἒν
1539 4357 1688 4431 λόγῳ
1747 4378 1979 4427 πεποιη-

321 4447 488 4520 μένοι
519 4447 583 4501 τὸ
617 4446 983 4518 θαυμάζεσθαι
1047 4446 1285 4522 περυκὸς
1343 4445 1395 4500 ἐν
1447 4446 1603 4519 καλῷ
1662 4448 1981 4521 γενήσονται

312 4543 427 4605 τῆς
478 4536 699 4611 ἀρετῆς·
763 4534 815 4589 οἱ
877 4531 923 4588 δ’
979 4532 1369 4597 ἀποκλίναντες
1422 4536 1497 4597 εἰς
1554 4534 1861 4590 τούναντίον
1891 4536 1980 4590 καὶ

315 4629 436 4682 τῶν
496 4624 801 4698 ἀμεινόνων
862 4624 1152 4699 προθέντες
1196 4625 1260 4680 τὸ
1314 4622 1535 4681 ἀδικοῦν
1618 4627 1718 4694 τὴν
1778 4623 1978 4681 οἰκείαν

314 4714 780 4794 καταφθείραντες
823 4714 970 4784 ζωὴν
1032 4713 1214 4769 ἀλοῖεν
1266 4712 1350 4782 ἃν,
1403 4712 1653 4770 αὐθένται
1711 4715 1796 4769 καὶ
1861 4713 1977 4769 ὄλε-

312 4807 489 4879 τῆρες
520 4801 682 4859 δεινοῖ
724 4804 859 4858 κατὰ
915 4810 1016 4873 τῆς
1069 4807 1215 4880 σφῶν
1277 4804 1453 4859 αὐτῶν
1507 4802 1752 4882 κεφαλῆς
1799 4803 1981 4877 ἐξελη-

317 4892 610 4966 λεγμένοι.
642 4891 826 4967 Ταύτῃ
858 4913 942 4947 τοι
971 4892 1061 4947 καὶ
1094 4894 1123 4947 6
1170 4891 1311 4967 ἱιρὸς
1374 4891 1647 4969 Ἰσίδωρος
1699 4914 1879 4969 φησιν·
1914 4894 1975 4950 ’11
2006 4960 2011 4965 ,

316 4987 441 5039 τῶν
500 4983 911 5057 ἁμαρτημάτων
984 4980 1227 5044 ἐπίτασις
1299 4982 1586 5060 ἀναγκάζει
1644 4979 1826 5056 ὥσπερ
1881 4982 1980 5050 τήν

320 5073 476 5140 θείαν
520 5074 611 5128 καὶ
642 5072 822 5147 ἀπαθῇ
879 5070 1034 5151 φύσιν
1079 5070 1139 5127 ἐκ
1166 5078 1266 5141 τῆς
1303 5073 1437 5128 κατὰ
1496 5073 1652 5148 φύσιν
1709 5074 1976 5148 ἀγαθότη-

320 5184 424 5225 τος
456 5161 532 5225 είς
595 5162 694 5229 τὴν
749 5161 893 5235 παρά
952 5159 1107 5236 φύσιν
1166 5161 1339 5236 ὀργὴν
1395 5167 1621 5240 χωρεῖν.
1676 5162 1831 5219 Ὅθεν
1888 5162 1977 5216 καὶ

318 5248 614 5313 Ἰουδαίοις
647 5249 750 5328 ἔφη
797 5248 1052 5323 Χριστός·
1113 5273 1141 5301 ι(
1173 5249 1408 5312 [ποσάκις
1461 5249 1706 5320 ἠθέλησα
1766 5249 1978 5307 ἐπισυν-

320 5346 547 5418 αγαγεῖν
580 5340 743 5413 ὑμᾶς,
803 5338 892 5394 καὶ
952 5338 1054 5394 οὐκ
1108 5339 1463 5410 ἠθελήσατε;
1503 5362 1528 5392 ι
1594 5337 1818 5411 Ἐπειδή
1852 5340 1979 5416 γὰρ,

320 5430 514 5511 φησίν,
578 5428 641 5484 οὔ
701 5425 924 5505 δέχεσθε
970 5429 1070 5497 τήν
1130 5427 1565 5508 φιλανθρωπίαν,
1624 5430 1983 5504 ἐπιγνώσεσθε

314 5523 423 5589 τήν
470 5517 714 5591 ἐξουσίαν
778 5525 879 5587 τῆς
925 5520 1221 5592 τιμωρίας.
1286 5520 1450 5577 Ὅταν
1506 5519 1607 5595 γὰρ
1668 5518 1757 5595 ἴδῃ
1790 5522 1817 5575 6
1851 5522 1978 5584 Θεὸς

2010 3243 2052 3307 C

2012 4585 2057 4650 D

2096 608 2344 672 Satanzn,
2378 611 2443 659 ut
2476 604 2662 676 pcrnis
2688 605 3036 659 erudiantur
3066 604 3246 674 impie
3304 621 3422 660 non
3480 623 3608 661 esse
3648 607 3741 661 lo-

2092 700 2413 768 quendum.
2450 718 2477 743 η
2515 694 2741 749 Etenim
2776 711 2847 748 ne
2880 694 3012 765 quis
3036 700 3269 765 putaret
3302 695 3492 749 malos
3537 696 3743 767 genios

2092 784 2293 841 omnia
2323 801 2428 839 suo
2462 783 2706 838 arbitrio
2756 800 2950 855 agere,
2994 782 3282 853 jubenlur
3337 784 3514 838 etiam
3576 785 3743 840 inviti

2091 875 2371 931 mandata
2409 873 2670 943 exsequi.
2704 871 2958 926 Proinde
2990 873 3209 925 sanctis
3254 874 3406 927 Deus
3441 875 3746 929 ministros

2097 966 2281 1021 mittit
2324 964 2397 1019 ad
2429 963 2678 1018 salutem
2714 963 2955 1035 angelos
2989 969 3246 1024 sanctos,
3279 970 3619 1033 peccatores
3650 983 3750 1019 au-

2090 1060 2207 1109 tem
2242 1052 2494 1108 diabolis
2548 1051 2884 1123 puniendos
2942 1051 3230 1105 concedit.
3295 1053 3436 1106 Nam
3494 1070 3629 1107 cum
3670 1055 3741 1109 de

2093 1144 2499 1200 Achabol)eus
2528 1142 2610 1197 ita
2624 1142 2971 1214 pronuntiat
2990 1139 3012 1172 θ
3038 1157 3049 1192 :
3076 1164 3099 1188 ‹‹
3120 1140 3259 1205 Quis
3277 1140 3444 1195 vadet
3463 1148 3527 1196 ut
3556 1144 3743 1198 Acha-

2089 1235 2229 1289 bum
2280 1233 2555 1304 decipiat,
2612 1232 2780 1301 isque
2829 1229 3125 1301 pereat?»
3167 1230 3488 1300 respondet
3548 1232 3738 1287 malus

2091 1322 2367 1394 spiritus:
2392 1344 2418 1369 ‹‹
2454 1322 2570 1392 Ego
2596 1318 2823 1385 vadam,
2848 1340 2874 1366 »
2906 1318 3112 1388 utique
3149 1318 3487 1389 intelligens
3511 1319 3621 1374 hoc
3644 1321 3733 1374 sui

2092 1428 2220 1468 esse
2254 1410 2536 1465 muneris.
2570 1409 2879 1464 Mittuntur
2899 1424 3034 1479 ergo
3076 1408 3457 1477 peculiariter
3511 1409 3585 1463 ad
3616 1427 3733 1481 ραι·

2090 1519 2197 1556 nas
2227 1500 2299 1554 de
2332 1499 2603 1554 sontibus
2636 1498 3027 1570 exigendum:
3078 1498 3396 1551 mittuntur
3428 1498 3603 1553 etiam
3662 1500 3737 1554 ad

2088 1592 2237 1664 pios,
2273 1606 2391 1645 non
2426 1596 2490 1643 ut
2519 1606 2619 1643 eos
2654 1589 2922 1659 puniant,
2962 1587 3063 1641 sed
3097 1593 3159 1640 ut
3218 1593 3462 1643 tentent.
3495 1589 3737 1653 Quando

2089 1681 2246 1736 enim
2282 1679 2468 1734 sancti
2502 1678 2692 1750 angeli
2726 1677 3081 1731 tentationes
3115 1677 3280 1730 obire
3309 1694 3426 1732 non
3451 1678 3741 1747 jubentur

2085 1771 2304 1839 (neque
2336 1767 2492 1822 enim
2531 1768 2677 1820 heus
2709 1765 2862 1819 bono
2896 1765 3105 1829 angelo
3137 1765 3481 1819 indecorum
3510 1766 3737 1837 aliquid

2089 1858 2440 1923 mandareti,
2474 1857 2536 1925 fit
2567 1862 2633 1909 ut
2674 1854 2844 1909 malis
2873 1856 3061 1925 geniis
3123 1872 3205 1907 em
3263 1856 3731 1911 committantur.

2083 1949 2282 2017 Neque
2316 1951 2402 1999 est
2434 1944 2592 2015 quod
2643 1944 2899 2009 mireris,
2944 1944 3121 2012 justis
3152 1944 3253 1997 89
3307 1945 3546 1998 immitti
3609 1962 3732 2011 eos,

2085 2053 2213 2092 cum
2242 2052 2438 2090 rerum
2467 2034 2878 2089 universarum
2925 2033 3209 2086 Dominus
3257 2049 3289 2086 a
3344 2033 3595 2088 .lordane
3629 2034 3730 2088 ab-

2084 2124 2295 2180 ductus
2329 2125 2406 2178 sit
2436 2124 2495 2177 in
2529 2121 2929 2185 solitudinem,
2966 2128 3030 2174 ut
3060 2139 3091 2175 a
3116 2120 3349 2175 diabolo
3381 2127 3728 2178 tentaretur.

2084 2214 2249 2280 Quod
2267 2214 2314 2268 si
2339 2229 2474 2285 ergo
2500 2212 2549 2266 is
2576 2211 2888 2266 Dominum
2920 2210 3126 2264 mundi
3154 2211 3417 2279 tentavit,
3450 2211 3731 2283 quidjam

2084 2304 2321 2359 miraris
2354 2302 2574 2357 malum
2595 2299 2833 2372 genium
2863 2299 3179 2370 adjustum
3203 2300 3464 2371 aliquem
3491 2301 3737 2367 mitti,ut

2085 2403 2157 2457 de
2179 2402 2309 2472 ejus
2330 2400 2644 2455 tolerantia
2664 2397 2996 2470 periculum
3020 2398 3234 2454 faciat?
3256 2398 3512 2453 mittitur
3535 2404 3732 2454 autem

2085 2508 2205 2546 non
2229 2490 2500 2562 jubente,
2535 2487 2638 2544 sed
2671 2488 3052 2558 permittente
3079 2489 3217 2542 Deo.
3253 2489 3395 2543 Nam
3430 2489 3730 2559 Scriptura

2085 2580 2412 2636 orationem
2449 2578 2663 2632 format
2695 2583 2972 2647 tanquam
3016 2577 3285 2646 personis
3342 2577 3633 2643 conﬁctis,
3668 2583 3732 2631 ut

2084 2686 2215 2724 cum
2250 2668 2477 2723 dicit":
2528 2690 2554 2716 α
2590 2667 2887 2721 Peccatori
2946 2671 3142 2720 autem
3206 2665 3437 2720 dicebat
3491 2667 3726 2721 Deus.»

2083 2760 2221 2824 Qum
2254 2761 2605 2828 sequuntur,
2636 2755 2836 2827 magni
2891 2755 3054 2809 illius
3111 2754 3311 2827 Cyrilli
3345 2760 3520 2809 sunt:
3582 2778 3609 2804 «
3642 2754 3730 2809 Ad

2084 2861 2425 2901 mensuram
2467 2844 2780 2914 exiguntur
2837 2843 3147 2897 hominum
3194 2859 3299 2912 per
3348 2842 3550 2897 orbem
3610 2847 3729 2896 ter-

2085 2951 2280 2991 rarum
2308 2934 2511 3004 quovis
2538 2939 2803 3003 tempore
2828 2931 3146 2986 commissa
3172 2937 3412 3001 peccata
3437 2949 3448 2997 ;
3475 2948 3729 3000 cumque

2084 3023 2157 3079 ad
2193 3022 2566 3078 manifestam
2599 3027 2657 3075 et
2679 3020 2902 3091 justam
2930 3020 3317 3090 quantitatem
3339 3025 3733 3090 pervenerunt

2084 3121 2209 3170 tum
2242 3114 2480 3169 demum
2513 3110 2596 3181 (id
2627 3110 2786 3182 quod
2825 3109 3108 3174 restabat)
3139 3110 3399 3163 offensus
3431 3108 3735 3181 legislator

2083 3209 2258 3274 atque
2292 3202 2575 3257 Dominus
2598 3199 2890 3271 supplicia
2912 3198 3141 3269 infligit.
3164 3200 3597 3269 Nonnunquam
3624 3214 3734 3252 na-

2085 3298 2230 3347 tura)
2252 3308 2373 3346 sum
2394 3289 2741 3362 benignitati
2765 3288 3100 3359 obsequens
3132 3287 3361 3353 tolerat,
3388 3293 3734 3359 peccantes—

2085 3398 2197 3453 que
2227 3380 2498 3441 sustinet.
2523 3395 2643 3433 non
2665 3394 3091 3449 usquequaque
3117 3377 3479 3449 indignatus.
3500 3379 3643 3432 Nam
3676 3383 3731 3432 et

2084 3471 2418 3526 Abrahamo
2466 3468 2612 3523 dixit
2646 3468 2972 3523 etiamnum
3007 3472 3247 3538 peccata
3290 3474 3729 3522 Amorraeorum

2084 3578 2203 3617 non
2228 3577 2356 3615 esse
2388 3558 2652 3630 impleta.
2687 3556 3001 3611 Pharisaeis
3031 3563 3251 3620 autem,
3285 3573 3535 3626 quorum
3584 3555 3735 3628 inju-

2083 3650 2185 3705 riae
2247 3649 2503 3718 majores
2590 3652 2760 3701 erant
2834 3661 3011 3716 quam
3066 3651 3130 3699 ut
3183 3645 3421 3699 tolerari
3484 3651 3726 3716 possent

2084 3739 2167 3795 ait
2193 3738 2213 3772 ⁸
2240 3755 2252 3792 :
2286 3759 2315 3788 «
2348 3740 2429 3792 Ac
2460 3752 2559 3790 vos
2585 3734 2876 3806 majorum
2902 3740 3230 3789 vestrorum
3254 3749 3593 3788 mensuram
3628 3734 3736 3788 im-

2085 3827 2370 3900 plevistis.
2406 3850 2432 3876 ››
2491 3826 2861 3895 Quapropter
2890 3823 2938 3877 si
2970 3822 3103 3893 quis
3135 3822 3287 3877 volet
3330 3824 3508 3877 vitam
3568 3827 3727 3876 recte

2085 3917 2432 3989 transigere,
2468 3931 2717 3986 eamque
2742 3914 3031 3969 rationem
3064 3912 3295 3968 vivendi
3324 3912 3520 3968 colere
3554 3928 3732 3982 quam

2086 4008 2254 4078 sequi
2285 4004 2793 4061 consultissimum
2824 4008 2915 4058 est
2951 4008 3128 4072 atque
3158 4002 3728 4066 commodissimum,

2087 4100 2405 4167 animoque
2436 4101 2595 4151 recto
2629 4100 2688 4149 et
2713 4094 3060 4164 neutiquam
3114 4110 3387 4164 perverso
3419 4094 3623 4162 fretus,
3646 4111 3737 4149 ve-

2087 4205 2218 4242 rum
2276 4187 2389 4240 iter
2449 4191 2658 4239 tenere
2747 4182 3228 4255 periculososque
3297 4183 3473 4252 hujus
3535 4184 3737 4237 smculi

2087 4277 2302 4331 ﬂuctus
2362 4281 2623 4340 enatare,
2680 4272 2729 4326 is
2791 4288 2925 4326 eum
2958 4271 3216 4325 fructum
3260 4270 3409 4324 feret
3439 4274 3504 4324 ut
3558 4271 3739 4326 nullis

2089 4365 2262 4420 malis
2289 4364 2572 4435 capiatur.
2607 4365 2794 4432 Atque
2826 4376 2996 4415 verus
3030 4366 3120 4414 est
3145 4359 3241 4414 hic
3286 4376 3499 4414 sermo.
3535 4361 3599 4413 In
3632 4376 3737 4416 no-

2087 4456 2178 4510 bis
2208 4454 2367 4509 enim
2402 4458 2491 4507 est
2523 4451 2777 4519 positum
2830 4456 2895 4504 ut
2946 4454 3265 4520 utrumque
3327 4449 3733 4520 dispiciamus,

2088 4545 2332 4603 bonum.
2353 4544 2620 4613 inquam,
2645 4545 2821 4611 atque
2838 4538 3079 4594 malum.
3105 4540 3252 4611 Ergo
3271 4537 3560 4609 quibusid
3578 4555 3734 4594 curas

2090 4634 2203 4689 erit
2232 4632 2389 4704 quod
2418 4637 2625 4703 suapte
2656 4635 2868 4685 natura
2889 4627 3349 4685 admirationem
3373 4633 3659 4696 meretur,
3695 4627 3734 4682 ii

2087 4723 2361 4776 virtutem
2421 4724 2835 4790 assequentur.
2891 4718 2981 4774 8|
3025 4717 3129 4782 Qui
3165 4734 3300 4772 vero
3332 4717 3393 4772 in
3445 4717 3736 4772 diversam

2088 4810 2315 4876 partem
2336 4802 2723 4859 declinabunt
2740 4800 3206 4870 melioribusque
3222 4800 3578 4870 injuslit’am
3596 4816 3747 4872 pren-

2087 4897 2300 4955 ferent.
2325 4896 2364 4950 ii
2385 4911 2553 4949 suam
2574 4893 2840 4964 ipsorum
2864 4891 3045 4945 vitam
3075 4890 3567 4961 pessumdabunt.
3603 4888 3741 4944 sibi-

2089 5003 2205 5057 quo
2225 4986 2369 5057 ipsis
2386 4983 2570 5041 fuisse
2588 4980 2749 5037 exitii
2774 4986 3042 5035 auctores
3066 4996 3130 5034 ac
3151 4979 3475 5050 perniciem
3509 4978 3736 5033 consci-

2087 5075 2238 5130 visse
2262 5074 2439 5145 capiti
2463 5090 2569 5127 suo
2596 5071 3043 5126 convincentur.
3070 5071 3135 5123 In
3176 5070 3327 5124 hanc
3381 5067 3738 5123 sententiam

2090 5165 2269 5221 etiam
2284 5160 2793 5218 sanctuslsidorus
2807 5159 2889 5214 ait
2906 5177 2916 5212 :
2936 5159 3291 5213 Delictorum
3307 5158 3739 5212 incrementum

2090 5255 2349 5310 divinam
2367 5253 2507 5308 etab
2526 5250 2687 5306 omni
2704 5249 3146 5321 perturbatione
3170 5247 3425 5303 alienam
3466 5250 3741 5302 naturam

2088 5343 2268 5400 veluti
2300 5342 2456 5414 cogit
2485 5358 2519 5397 a
2552 5355 2659 5394 sua
2689 5338 2943 5394 naturali
2996 5337 3257 5392 bonitate
3289 5336 3363 5391 ad
3410 5336 3560 5390 iram
3618 5352 3741 5390 sua)

2088 5438 2316 5488 naturas
2359 5447 2481 5485 non
2536 5429 2836 5502 propriam
2896 5427 3204 5482 decedere.
3262 5425 3463 5497 Itaque
3507 5424 3742 5480 Juda'os

2087 5521 2357 5577 Christus
2406 5521 2490 5575 sic
2564 5514 2938 5575 aﬂ‘abatur":
3026 5538 3053 5567 «
3115 5516 3348 5581 anties
3406 5513 3565 5569 volui
3638 5528 3739 5567 vos

394 5697 417 5732 ⁵
446 5695 629 5755 ICor.
662 5710 716 5764 ν,
749 5697 800 5749 5.
902 5695 924 5731 ⁸
949 5696 1027 5751 IlI
1055 5698 1194 5769 Reg,
1224 5712 1366 5769 χχιι,
1392 5699 1478 5755 20.
1557 5696 1577 5733 τ
1608 5696 1745 5756 Psal
1777 5713 1931 5769 χιιι,
1967 5700 1979 5751 1

2128 5696 2149 5731 ⁸
2170 5694 2371 5753 Matth.
2414 5709 2570 5763 χχιιι,
2602 5693 2688 5748 32.
2795 5690 2816 5726 ³
2845 5687 2992 5746 Ibid.
3024 5687 3114 5743 37.
