4094 6292
309 357 436 421 H3

1467 358 2012 423 HISTORIARUM
2056 359 2568 425 CONPENDIUM
2582 409 2595 422 .

3623 361 3739 422 1M

308 495 371 548 Ol
401 491 460 548 δὶ
489 490 783 567 Αἰγύπτιοι
830 486 1127 566 ἕφοϐοῦντο
1158 493 1285 557 τοὺς
1340 487 1624 568 Ἐϐραίους
1684 492 1757 553 ὡς
1826 511 1961 567 γινο⁴

2092 493 2461 552 formidolosi
2494 501 2682 551 erant.
2718 496 2919 567 Itaque
2951 511 3051 550 eos
3086 494 3333 567 Egyptii
3394 492 3738 566 aflligebant

326 583 528 656 μένους
558 578 827 652 πολλοὺς,
860 581 949 636 καὶ
982 581 1208 637 ἰκάκουν
1253 582 1450 644 αὐτοὺς
1484 584 1553 655 τῇ
1586 580 1838 651 πλινθείᾳ
1889 581 1978 635 καὶ

314 677 399 745 τῷ
450 669 638 744 πηλῷ,
697 670 1080 741 ἐπιστήσαντες
1163 671 1350 735 αὐτοῖς
1424 670 1712 732 ἐπιστάτας
1767 670 1971 743 βαρεῖς,

315 761 410 818 καὶ
495 760 771 831 ἰστέναζον
846 756 1188 834 θλιϐόμενοι.
1268 762 1372 819 Καὶ
1432 760 1706 834 προσέσχε
1767 759 1972 834 βαρεῖς,

311 855 408 909 καὶ
457 852 666 927 Ἀαρὼν
722 856 804 926 τῷ
862 857 1144 927 στεναγμῷ
1209 852 1410 921 αὐτῶν,
1469 852 1557 906 καὶ
1618 847 1849 920 ηὔξαντο
1897 853 1976 919 τῷ

310 948 455 1015 Θεῷ,
507 943 567 1004 ὃς
624 941 717 997 καὶ
775 940 1026 997 ἐκέλευσε
1074 946 1152 1013 τῷ
1219 946 1443 999 Μωυσεῖ
1528 938 1789 1003 εἰσελθεῖν
1836 938 1972 1013 πρὸς

311 1031 522 1108 Φαραὼ
554 1074 567 1089 .
619 1030 710 1085 καὶ
787 1030 963 1086 εἰπεῖν
1026 1030 1177 1103 αὖτῷ
1233 1027 1504 1086 ἀπολῦσαι
1554 1028 1646 1085 τὸν
1687 1026 1820 1083 λαὸν
1873 1030 1971 1083 τοῦ

310 1119 561 1195 Ἰσραὴλ,
595 1119 881 1193 λατρεῦσαι
942 1119 1129 1194 Κυρίῳ
1166 1124 1246 1192 τῷ
1298 1123 1415 1192 Θεῷ
1466 1119 1666 1175 αὐτῶν.
1723 1117 1822 1174 Kal
1859 1114 1967 1170 εἶσ-

312 1209 494 1265 ελοὼν
521 1214 759 1277 Μωϋσῆς
814 1207 905 1263 καὶ
940 1209 1151 1283 ’Δαρὼν
1204 1208 1343 1284 πρὸς
1395 1205 1599 1279 Φαραὼ
1647 1202 1969 1280 ἀνήγγειλεν

306 1299 466 1371 αὐτῷ
516 1300 614 1367 τήν
687 1301 785 1353 τοῦ
834 1301 966 1352 Θεοῦ
1019 1296 1280 1353 κέλευσιν.
1328 1298 1389 1354 '0
1446 1294 1503 1352 δὲ
1552 1294 1758 1371 Φαραὼ
1816 1292 1964 1368 λέγει

305 1387 519 1450 αὐτοῖς’
554 1412 581 1439 ‹‹
614 1386 678 1444 Εἰ
726 1385 1006 1451 ἆληθεῦεις
1053 1385 1139 1441 ὅτι
1169 1388 1197 1441 ὁ
1227 1386 1356 1448 Θεός
1389 1406 1485 1441 σου
1513 1389 1683 1441 ταῦτα
1738 1382 1963 1440 ἐκέ-,λευ-

307 1500 422 1549 σεν,
457 1476 596 1546 ἰδοὺ,
629 1476 762 1532 εδσῖν
813 1476 1109 1551 Αἱγῦπτιοι
1178 1478 1271 1531 σὺν
1323 1476 1445 1548 ἐμοὶ
1504 1479 1787 1539 ποιοῦντες
1833 1475 1964 1539 θαύ-

306 1586 477 1643 ματα·
511 1568 600 1622 ἰὰν
629 1569 853 1642 νικήσῃς
887 1566 1084 1629 αὐτοὺς
1117 1563 1206 1621 διὰ
1248 1571 1346 1621 τοῦ
1405 1569 1541 1621 Θεοῦ
1573 1586 1690 1632 σου,
1747 1563 1962 1638 παρέξω

302 1679 394 1713 σοι
424 1652 560 1731 ἅπερ
619 1655 886 1713 ἐκέλευσε.
926 1681 955 1708 ››
1011 1658 1099 1730 [Ρ.
1154 1657 1244 1729 47]
1299 1654 1403 1713 Καὶ
1451 1652 1670 1724 ἔστησεν
1725 1652 1958 1709 ἐναντίον

302 1746 575 1817 ἀλλήλων
638 1747 735 1801 τὸν
822 1746 1026 1815 Ἰαννῆν
1111 1745 1202 1799 καὶ
1259 1745 1350 1800 τὸν
1404 1739 1669 1819 Ἰαμϐρῆν
1721 1744 1809 1798 καὶ
1864 1743 1955 1798 τὸν

2087 583 2372 641 lateribus
2406 585 2695 641 faciundis
2725 591 3001 658 urgentes
3031 602 3098 640 ac
3127 584 3250 640 luto
3282 582 3733 656 comportando,

2087 673 2481 743 prmficientes
2514 692 2717 730 eorum
2761 675 2924 747 operi
2978 680 3282 730 exactores
3339 673 3735 744 importunos.

2085 761 2269 817 Judaei
2304 765 2570 834 oppressi
2592 764 2910 837 gemebant
2933 782 2947 831 ;
2973 780 3298 835 eorumque
3319 763 3605 836 gemitum
3628 764 3743 817 Mo-

2086 868 2179 906 ses
2214 870 2280 907 ac
2311 855 2508 907 Aaron
2553 853 3124 917 animadvertebant,
3181 852 3586 923 auxiliumque
3637 852 3741 907 Dei

2085 941 2500 1013 implorabant.
2525 949 2681 999 Deus
2708 943 2848 999 Mosi
2864 942 3226 1016 praecepitut
3255 942 3331 997 ad
3367 942 3737 997 Pharaonem

2082 1031 2375 1098 introiret,
2408 1049 2663 1104 eumque
2717 1050 2824 1088 suo
2872 1032 3116 1088 nomine
3159 1031 3400 1103 juberet
3446 1030 3733 1103 populum

2081 1122 2409 1178 lsraelitum
2443 1123 2746 1179 dimittere
2779 1124 2853 1180 ad
2879 1124 3105 1180 cultum
3138 1124 3256 1179 Deo
3288 1140 3394 1179 suo
3442 1129 3734 1195 praestan-

2080 1209 2240 1266 dum.
2274 1212 2544 1285 Aggressi
2577 1230 2777 1287 regem
2808 1215 2996 1269 Moses
3029 1220 3086 1269 et
3112 1215 3307 1269 Aaron
3338 1212 3440 1268 Dei
3481 1212 3734 1267 manda—

2078 1303 2202 1354 tum
2234 1308 2657 1373 exposuerunt.
2692 1301 3021 1374 Respondit
3050 1303 3278 1358 Pharao
3307 1294 3368 1356 ;’‹‹
3403 1301 3458 1357 Si
3490 1317 3622 1355 vere
3648 1300 3738 1355 di-

2074 1388 2160 1444 cis
2189 1390 2374 1445 Deum
2410 1396 2574 1445 tuum
2606 1392 2731 1447 haec
2760 1392 3103 1461 mandasse,
3132 1408 3267 1447 ecce
3300 1406 3537 1446 mecum
3596 1395 3737 1446 sunt

2072 1480 2322 1551 Aigyptii
2352 1480 2591 1537 miriﬁci
2625 1498 2638 1536 :
2672 1499 2775 1537 eos
2807 1483 2854 1537 si
2889 1488 2949 1537 tu
2981 1500 3089 1555 ope
3125 1482 3210 1537 tui
3241 1482 3345 1537 Dei
3375 1480 3607 1550 viceris,
3642 1481 3733 1536 fa-

2073 1569 2223 1624 ciam
2248 1570 2772 1642 quodisjussitih
2796 1572 2981 1627 Simul
3002 1571 3275 1628 adVersos
3292 1571 3730 1627 constituerunt

2070 1657 2143 1713 ab
2176 1676 2293 1715 una
2324 1669 2488 1731 parle
2517 1661 2763 1717 Jannem
2797 1668 2857 1716 et
2912 1661 3226 1729 lambrem,
3259 1660 3332 1716 ab
3380 1660 3566 1717 altera
3612 1660 3727 1714 Mo-

2071 1764 2194 1803 sem
2228 1754 2404 1820 atque
2434 1751 2750 1806 Aaronem.
2786 1750 2931 1824 Magi
2979 1750 3294 1824 praestigiis
3351 1750 3474 1806 suis
3532 1750 3721 1822 virgas

301 1837 545 1894 Μωϋσέα
598 1836 689 1891 καὶ
759 1835 993 1901 Ἀαρών.
1054 1836 1154 1892 Καὶ
1215 1832 1475 1905 ἐποίησαν
1532 1835 1584 1889 οἱ
1648 1834 1815 1907 μάγοι
1869 1830 1955 1887 διὸ

2071 1854 2207 1894 suas
2231 1839 2293 1894 iu
2341 1856 2561 1913 angues
2601 1847 2989 1896 convertunt:
3027 1841 3186 1913 virga
3223 1857 3359 1896 vero
3399 1840 3598 1908 Mosis,
3647 1839 3721 1894 ab

303 1925 564 2001 γοητείας
644 1927 743 1988 τάς
825 1919 1059 1997 ῥάϐδους
1138 1924 1317 1979 αὐτῶν
1397 1923 1569 1999 ’ὀφεις-
1656 1923 1742 1976 καὶ
1801 1920 1962 1997 ῥίψας

309 2020 553 2084 Μωυσῆς
584 2014 684 2083 τήν
715 2007 917 2087 ῥάϐδον
971 2012 1139 2068 αὐτοῦ
1189 2012 1264 2072 εἰς
1292 2013 1393 2082 τήν
1421 2018 1549 2089 γῆν,
1580 2009 1793 2087 ἐγένετο
1846 2006 1967 2089 ὄφις

313 2101 484 2177 μέγας
512 2102 602 2157 καὶ
660 2100 881 2157 κατέπιε
925 2100 1056 2165 τοῦς
1097 2100 1201 2156 ὑπὸ
1232 2104 1337 2155 τῶν
1398 2100 1582 2174 μάγων
1638 2096 1965 2175 γενομὲνους

308 2193 485 2271 ὄφεις.
518 2190 615 2246 Καὶ
673 2190 994 2265 κατίσχυσεν
1024 2191 1059 2259 ἡ
1089 2186 1284 2263 καρδία
1310 2187 1534 2265 Φαραὼ,
1586 2187 1673 2242 καὶ
1728 2185 1827 2241 οὐκ
1856 2185 1959 2241 εἰσ-

308 2283 545 2352 ήκουσεν
605 2281 810 2352 αὐτῶν,
857 2278 1096 2353 καθάπερ
1151 2276 1416 2348 ἐλάλησεν
1464 2277 1652 2338 αὐτοῖς
1704 2273 1903 2350 Κύριος
1935 2276 1964 2329 ὁ

304 2369 466 2432 Θεός.
500 2370 594 2424 Kal
631 2375 750 2424 εἷπε
784 2368 976 2442 Κύριος
1007 2368 1142 2442 πρὸς
1174 2369 1437 2436 Μωϋσῆνο
1481 2389 1510 2418 ‹‹
1544 2363 1772 2421 Βάδισον
1827 2364 1963 2439 πρὸς

308 2459 542 2532 Φαραὼ,
573 2459 666 2514 καὶ
698 2456 1038 2531 ἐξελεύσεται
1072 2458 1208 2530 μετὰ
1256 2461 1354 2511 σοῦ
1412 2455 1489 2517 εἷς
1546 2455 1636 2510 τὸν
1692 2455 1964 2527 ποταμὸν,

302 2548 406 2603 καὶ
435 2549 606 2621 τύψον
628 2549 699 2620 τῇ
722 2542 912 2623 ῥάϐδῳ
944 2568 1039 2603 σου
1080 2546 1148 2602 τὰ
1194 2543 1363 2601 ὕδατα
1408 2549 1506 2600 τοῦ
1564 2548 1838 2617 ποταμοῦ,
1871 2545 1960 2599 καὶ

302 2632 639 2713 μεταϐαλεῖς
680 2637 816 2692 alita
845 2636 922 2699 είς
980 2637 1143 2709 αἷμα.
1183 2662 1202 2686 ι
1268 2635 1362 2691 Καὶ
1423 2632 1619 2689 τούτου
1673 2632 1962 2709 γενομένου

310 2720 639 2799 μεταϐληθη
683 2724 857 2779 πάντα
905 2724 973 2779 τὰ
1004 2721 1171 2778 ὕδατα
1229 2722 1303 2784 εἰς
1349 2722 1508 2795 αἷμα,
1565 2721 1653 2776 καὶ
1699 2721 1959 2776 ἀπέθανον

312 2818 371 2873 οἱ
408 2816 460 2872 ἐν
513 2815 595 2889 τῷ
647 2819 883 2889 ποταμῷ
935 2814 1143 2891 ἴχθῦες,
1200 2813 1291 2869 καὶ
1348 2813 1447 2868 οὐκ
1510 2810 1778 2882 ἡδ·3ναντο
1816 2817 1959 2867 πιεῖν

313 2904 465 2981 ὕδωρ
498 2906 550 2961 ol
582 2905 896 2980 Αἰγύπτιοι,
930 2904 1013 2959 ὅτι
1070 2903 1247 2958 πάντα
1282 2901 1349 2957 τὰ
1396 2900 1563 2956 ὕδατα
1623 2900 1959 2976 μετεστράφη

304 2995 386 3058 εῗς
417 2998 581 3069 αἷμα.
616 2994 912 3064 Ἐποίησαν
961 2990 1019 3048 δὶ
1064 2992 1157 3047 καὶ
1216 2990 1266 3046 ol
1326 2987 1573 3046 ἰπαοιδοὶ
1627 2994 1736 3045 τῶν
1797 2989 1963 3062 Αἰγυ-

298 3085 473 3141 πτίων
522 3089 643 3147 ταῖς
705 3081 1072 3162 φαρμακείαις
1158 3079 1333 3136 αὐτων
1422 3078 1703 3142 ὡσαύτωςο
1769 3076 1964 3149 ἐσκλη-

314 3175 478 3248 ρύνθη
510 3172 630 3244 δὶὴ
691 3171 890 3249 καρδια
947 3172 1174 3248 Φαραὼ,
1205 3170 1294 3226 καὶ
1345 3168 1444 3227 οὐκ
1500 3169 1811 3239 εἷσήκουσεν
1869 3167 1963 3223 αὖ·

312 3269 442 3323 τῶν.
482 3266 578 3319 Kal
638 3264 772 3337 μετὰ
830 3262 966 3318 ἔπτὰ
1020 3260 1231 3336 ἡμέρας
1286 3257 1657 3335 παρακληθεὶς
1716 3260 1957 3327 Μωυσῆς

326 3352 429 3407 ὑπὸ
485 3356 576 3407 τοῦ
616 3351 821 3423 Φαραὼ
876 3352 1242 3426 προσηύξατο,
1294 3348 1386 3403 καὶ
1443 3346 1606 3403 πάλιν
1657 3346 1864 3423 ἐγένετο
1894 3346 1960 3401 τά

320 3436 488 3497 ὕδατα
540 3440 761 3515 καθαρά.
855 3438 951 3496 Καὶ
1036 3436 1181 3511 λέγει
1251 3439 1493 3506 Μωυσῆς
1568 3440 1651 3508 τῷ
1732 3436 1954 3510 Φαραώ“

314 3553 343 3581 «
376 3528 533 3595 Ἰδοὺ,
566 3526 701 3591 εἶδες
736 3529 835 3596 τήν
871 3530 968 3583 τοῦ
1000 3530 1134 3582 Θεοῦ
1164 3524 1389 3601 Ἰσραήλ
1450 3522 1698 3596 δύναμιν·
1749 3522 1958 3579 ἀπόλυ.

304 3641 394 3675 σον
428 3620 523 3676 τὸν
584 3617 717 3674 λαὸν
774 3618 869 3672 ἳνα
927 3614 1312 3693 λατρεύωμεν
1371 3618 1453 3687 τῷ
1508 3614 1646 3687 Θεῷ.
1681 3638 1711 3666 ››
1778 3613 1840 3668 Ὀ
1902 3609 1960 3667 δὲ

306 3709 516 3785 Φαραὼ
547 3706 977 3781 συντασσόμενος
1009 3701 1341 3761 ἀνεϐάλλετο
1373 3703 1470 3758 Καὶ
1530 3700 1729 3774 ηὔξατο
1790 3702 1961 3759 Maiis-

305 3804 407 3865 σῆς
441 3797 579 3873 πρὸς
605 3798 697 3852 τὸν
740 3796 869 3852 Θεὸν
903 3794 1115 3870 πέμψαι
1169 3792 1393 3869 πληγάς
1455 3797 1570 3855 τοῖς
1621 3789 1959 3869 Αἰγυπτίοις,

298 3891 396 3943 ἳνα
455 3887 770 3964 ἀναγκασθῇ
820 3884 1021 3960 Φαραὼ
1080 3881 1352 3939 ἀπολῦσαι
1404 3882 1495 3937 τὸν
1551 3882 1794 3953 Ἰσραήλ.
1857 3880 1961 3936 Καὶ

296 3974 517 4050 ἔπεμψε
586 3975 781 4051 Κύριος
835 3976 863 4029 ὁ
921 3973 1051 4037 Θεὸς
1108 3979 1224 4034 τοῖς
1280 3971 1601 4048 Αἰγυπτίοις
1657 3972 1757 4040 τήν
1803 3966 1962 4025 δεκά-

299 4066 531 4142 πληγον
567 4064 761 4140 ὀργὴν,
813 4063 951 4118 ὣστε
1009 4060 1384 4137 παρακαλέσαι
1428 4061 1521 4116 τὸν
1580 4058 1815 4117 Μωυσέα
1871 4059 1961 4114 καὶ

295 4157 479 4212 εῗπεῖν
512 4156 683 4225 αὐτῷ’
746 4179 773 4206 «
812 4151 973 4226 Εῦξαι
1004 4156 1083 4224 τῷ
1112 4156 1229 4224 Θεῷ
1260 4172 1377 4219 σου,
1402 4150 1493 4205 ἳνα
1524 4149 1691 4226 ῥυσοῇ
1725 4151 1759 4218 ἡ
1801 4148 1963 4227 χώρα

294 4242 441 4315 αὕτη
507 4247 617 4298 τῶν
675 4243 952 4297 τοσούτων
1010 4246 1212 4296 κακῶν·
1272 4238 1361 4295 καὶ
1420 4242 1486 4314 ζῇ
1546 4238 1959 4312 Κ·5ριοςόθεός

295 4356 426 4399 σου,
460 4332 522 4388 οὗ
554 4330 793 4387 κωλύσω
825 4352 883 4386 σε
923 4325 1112 4387 λαϐεῖν
1160 4330 1253 4384 τὸν
1285 4326 1418 4385 λαόν
1449 4348 1545 4383 σου
1594 4328 1687 4383 τὸν
1742 4323 1962 4402 ἰσραήλ

293 4424 382 4485 εἰς
411 4423 475 4477 τὸ
526 4420 818 4496 λατρεῦσαι
854 4421 994 4493 ὑμᾶς
1052 4419 1218 4489 αὐτῷ.
1248 4441 1276 4469 ››
1332 4418 1395 4475 Ὁ
1427 4414 1484 4472 δὲ
1524 4414 1729 4492 Φαραὼ
1790 4411 1961 4471 ἀπελ-

297 4514 418 4568 οὼν
450 4512 509 4566 ’ἐν
547 4510 762 4588 Μέμφει
820 4508 896 4572 εἷς
926 4510 989 4564 τὸ
1047 4502 1371 4583 περιϐόητεν
1430 4511 1704 4580 μαντεῖον,
1737 4504 1828 4560 καὶ
1862 4503 1964 4559 λα-

297 4597 423 4656 ϐὼν
454 4601 547 4655 τὸν
597 4597 975 4674 προρρηθέντα
1028 4597 1285 4673 χρησμὸν
1334 4598 1424 4650 καί
1474 4593 1813 4671 ὑποστρέψας
1870 4592 1956 4649 εὐ-

293 4687 711 4756 θέωςᾶπέλυσε
739 4689 828 4742 τὸν
892 4684 1115 4761 Ἰσραὴλ
1177 4685 1311 4757 μετὰ
1362 4680 1638 4746 Μωυσέως
1693 4683 1782 4737 καὶ
1831 4684 1958 4738 Ἀα-

298 4780 441 4857 ρών.
472 4772 678 4836 Ἒλαϐε
705 4774 762 4831 δὲ
793 4776 821 4831 ὁ
856 4775 989 4837 λαὸς
1031 4774 1082 4829 ἐν
1114 4776 1313 4850 χρήσει
1345 4773 1450 4828 ἀπὸ
1506 4776 1614 4828 τῶν
1642 4770 1958 4849 Αἰγυπτίων

296 4867 477 4937 σκεῦη
513 4870 691 4942 χρυσᾶ
717 4865 806 4920 καὶ
866 4862 1074 4940 ἀργυρᾶ
1129 4862 1220 4917 καὶ
1278 4863 1575 4935 ἱματισμὸν
1631 4859 1826 4918 πολ-ὗν.
1859 4859 1960 4917 Καὶ

298 4957 451 5033 μετᾶ
496 4956 558 5012 τὸ
612 4951 850 5026 ἒξελθεῖν
910 4951 1108 5016 αὖτοὺς
1184 4950 1530 5025 μετεμελήθη
1589 4950 1814 5026 Φαραὼ,
1869 4950 1961 5007 καὶ

300 5042 636 5114 κατεδίωξεν
669 5042 847 5099 ὀπίσω
876 5040 1051 5103 αὐτῶν
1111 5040 1243 5112 μετὰ
1295 5044 1405 5095 τῶν
1463 5040 1719 5114 ἁρμάτων
1773 5037 1959 5109 αὐτοῦ,

296 5136 404 5193 καῖ
434 5127 732 5190 κατὲλαϐεν
764 5129 959 5191 αὐτοὺς
990 5131 1133 5205 παρὰ
1188 5130 1286 5197 τήν
1336 5129 1600 5204 Ἐρυθρὰν
1659 5124 1955 5185 θάλασσαν,

298 5228 420 5302 οὖς
452 5222 771 5294 Θεσσάεαενοι
827 5221 880 5274 οἱ
938 5215 1277 5293 Ἰσραηλῖται
1336 5212 1633 5285 ἀνεϐόησαν
1700 5217 1836 5291 πρὸς
1864 5218 1954 5272 τὸν

296 5316 454 5373 Θεόν.
490 5315 586 5371 Kal
623 5312 864 5372 ἒκτεῖνας
893 5311 991 5379 τήν
1021 5313 1185 5388 χεῖρα
1234 5307 1401 5363 αὐτοῦ
1460 5309 1703 5377 Μωϋσης
1756 5306 1958 5381 ἔπληξε

294 5408 405 5476 τῆν
461 5406 732 5460 θάκασσαν
799 5395 1004 5476 ῥάοδῳ,
1064 5399 1150 5454 καὶ
1214 5394 1440 5473 διῃρέθη
1497 5400 1565 5453 τά
1620 5395 1808 5467 ὕδατα,
1864 5397 1955 5453 καὶ

306 5490 471 5567 διέϐη
505 5496 611 5555 πᾶς
643 5492 672 5548 ὁ
695 5489 828 5553 λαὸς
862 5488 936 5552 ὡς
979 5485 1070 5543 διὰ
1124 5487 1311 5565 ξηρᾶς.
1369 5489 1627 5545 Ὀπισθεν
1675 5483 1733 5542 δὲ
1760 5508 1954 5544 τουτου

302 5584 571 5656 ςῒσῆλθον
618 5579 711 5638 καὶ
771 5580 823 5636 o't
881 5578 1168 5652 Αἰγυπτιοι
1210 5577 1405 5639 πάντες
1437 5576 1549 5651 ἅμα
1605 5582 1684 5651 τῷ
1750 5579 1955 5654 Φαραὼ

387 5705 435 5748 ³ο
456 5701 645 5763 Exod.
676 5716 772 5759 vn.

2072 1943 2140 1983 eo
2173 1928 2233 1983 in
2257 1934 2473 1983 terram
2504 1928 2789 2001 projecta,
2824 1930 2883 1984 in
2914 1929 3201 2001 grandem
3227 1934 3318 1985 est
3349 1935 3576 1985 mutata
3616 1928 3721 1983 84

2071 2032 2344 2089 anguem,
2377 2018 2476 2088 qui
2506 2035 2541 2073 a
2566 2019 2752 2090 magis
2782 2019 2968 2073 factos
2994 2035 3214 2091 angues
3245 2017 3567 2091 deglutivit.
3601 2021 3723 2072 Cm-

2074 2111 2262 2161 terum
2284 2107 2612 2162 Pharaonis
2644 2125 2745 2162 cor
2776 2107 3135 2163 obduratum
3166 2108 3298 2173 fuit,
3330 2123 3524 2178 neque
3556 2122 3722 2161 man-

2070 2194 2205 2248 dato
2242 2193 2341 2249 Dei
2366 2194 2813 2267 obtemperavit.
2838 2196 3060 2252 Deinde
3081 2195 3155 2252 ad
3187 2198 3403 2252 Mosem
3435 2195 3722 2251 Dominus

2071 2283 2247 2337 dixit:
2270 2308 2296 2332 ‹‹
2314 2284 2542 2340 Accede
2563 2286 2956 2354 Pharaonem,
2980 2287 3149 2358 isque
3173 2292 3367 2341 tecum
3390 2286 3464 2341 ad
3482 2301 3721 2341 amnem

2070 2368 2423 2441 egredietur,
2459 2376 2520 2426 tu
2551 2387 2738 2442 aquas
2767 2371 3037 2427 ﬂuminis
3063 2372 3271 2428 baculo
3301 2376 3400 2427 tuo
3430 2370 3629 2439 feries,
3664 2375 3722 2426 et

2069 2458 2268 2513 statim
2299 2459 2361 2514 in
2394 2462 2745 2533 sanguinem
2772 2466 3095 2516 vertentur.
3135 2486 3155 2510 ι
3193 2460 3321 2533 Egit
3358 2462 3470 2515 hoc
3508 2461 3716 2527 Moses,

2068 2548 2460 2620 universaque
2487 2566 2641 2621 aqua
2672 2549 2734 2605 in
2766 2552 3119 2623 sanguinem
3178 2549 3439 2617 redacta,
3500 2548 3719 2604 mortui

2068 2641 2207 2690 sunt
2237 2636 2295 2691 in
2325 2636 2502 2693 ﬂuvio
2529 2638 2722 2710 pisces
2748 2655 2760 2704 ;
2785 2644 2964 2711 atque
2986 2638 3059 2695 ob
3087 2644 3376 2695 mutatam
3398 2637 3459 2693 in
3483 2637 3722 2710 sangui-

2068 2742 2205 2779 nem
2236 2743 2451 2797 aquam
2482 2726 2685 2783 bibere
2718 2744 2847 2783 eam
2893 2728 3142 2801 Egyptii
3183 2728 3598 2798 nequiverunt.
3631 2724 3718 2781 Ad

2067 2813 2345 2869 eumdem
2404 2816 2646 2871 modum
2705 2832 2941 2887 quoque
3001 2818 3342 2872 incantores
3390 2815 3717 2872 Pharaonis

2068 2919 2174 2957 suo
2203 2903 2489 2959 veneficio
2521 2911 2784 2977 egerunt.
2815 2906 2927 2960 Cor
2955 2910 3157 2961 autem
3189 2906 3516 2961 Pharaonis
3546 2904 3715 2960 indu-

2066 2991 2207 3056 ruit,
2239 3009 2434 3064 neque
2465 2992 2716 3048 audiens
2746 2993 2903 3048 dicto
2935 2994 3109 3049 Mosis
3160 3000 3219 3048 et
3273 2994 3524 3049 Aarouis
3580 2992 3711 3049 fuit.

2067 3080 2294 3152 Elapsis
2324 3088 2551 3153 septem
2584 3080 2813 3151 diebus,
2847 3084 3035 3138 Moses
3064 3082 3388 3139 Pharaonis
3422 3089 3630 3155 rogatu
3681 3098 3716 3137 a

2067 3171 2185 3225 Deo
2218 3170 2493 3241 precibus
2516 3170 2855 3227 obtinuitut
2874 3188 3042 3243 aquas
3066 3177 3545 3245 repurgarentur.
3569 3173 3715 3227 Tum

2067 3260 2255 3315 Moses
2276 3261 2644 3317 Pharaonem
2663 3278 2925 3326 monere,
2945 3262 3181 3334 quando
3204 3263 3305 3318 Dei
3328 3261 3401 3318 ab
3422 3261 3715 3318 Israelicis

2065 3347 2204 3403 culti
2235 3351 2563 3421 potentiam
2596 3350 2858 3413 vidisset.
2892 3351 2977 3406 uti
3007 3351 3291 3424 populum
3324 3368 3458 3408 eum
3487 3351 3560 3407 ad
3591 3351 3709 3407 Deo

2067 3453 2173 3492 suo
2227 3438 2631 3495 exhibendum
2689 3439 2916 3496 cultum
2958 3441 3305 3497 dimitteret.
3348 3442 3574 3497 Pharao
3604 3456 3709 3513 pa-

2067 3526 2264 3584 ctione
2294 3528 2416 3583 inte
2454 3531 2646 3601 posita
2676 3546 2801 3585 rem
2835 3531 3103 3586 extravit.
3139 3529 3390 3586 Proinde
3440 3531 3626 3586 Moses
3678 3546 3714 3586 θ,

2066 3613 2185 3669 Deo
2247 3617 2523 3686 precibus
2581 3617 2890 3673 contendit
2942 3623 3007 3672 ut
3037 3618 3401 3673 calamitates
3430 3617 3714 3691 Egyptiis

2066 3701 2367 3769 immittat,
2401 3706 2615 3777 hisque
2649 3708 3017 3763 Pharaonem
3049 3707 3121 3762 ad
3155 3707 3574 3763 dimittendum
3622 3707 3717 3762 Ju—

2068 3793 2227 3849 daaos
2259 3795 2593 3866 compellat.
2626 3796 2881 3851 Immisit
2909 3797 3063 3852 Deus
3091 3796 3373 3869 Egyptiis
3398 3796 3715 3868 decempli-

2069 3898 2195 3938 cem
2230 3883 2555 3953 miseriam,
2591 3902 2708 3956 qua
2737 3902 2905 3941 suam
2936 3885 3084 3940 iram
3117 3891 3468 3953 testaretur;
3531 3901 3723 3957 eaque

2067 3987 2169 4027 rex
2204 3978 2507 4044 permotus
2536 3990 2570 4029 a
2597 3976 2753 4029 Mose
2784 3974 2956 4046 petiit
2985 3980 3049 4029 ut
3079 3975 3362 4047 Egyptiis
3395 3991 3429 4030 a
3460 3979 3548 4030 tot
3586 3979 3719 4029 tan-

2066 4066 2263 4136 tisque
2294 4062 2463 4118 malis
2494 4063 2915 4119 liberationem
2948 4080 2982 4119 a
3012 4064 3128 4118 Deo
3161 4065 3506 4136 impetraret
3538 4080 3550 4119 :
3589 4065 3720 4119 «Ita

2070 4153 2226 4220 vivit,
2242 4152 2545 4223 inquiens,
2559 4152 2713 4206 Deus
2728 4158 2885 4220 tuus,
2900 4152 2984 4206 uti
2999 4168 3102 4222 ego
3124 4158 3247 4207 tum
3264 4170 3383 4207 non
3398 4152 3721 4225 impediam

2071 4242 2214 4315 quin
2248 4247 2486 4312 accepto
2520 4244 2715 4294 tecum
2746 4239 3067 4296 lsraelitico
3098 4240 3313 4312 populo
3342 4241 3457 4297 Deo
3490 4240 3717 4296 cultum

2069 4336 2337 4404 praestes.
2372 4353 2397 4380 »
2435 4331 2616 4385 Porro
2648 4335 2844 4384 autem
2877 4329 3104 4385 Pharao
3143 4330 3460 4403 Memphim
3517 4331 3716 4403 profe-

2071 4427 2220 4486 ctus,
2256 4419 2526 4475 consulto
2553 4418 2634 4475 ibi
2663 4418 3051 4475 celeberrimo
3092 4419 3206 4475 isto
3258 4419 3498 4475 oraculo
3554 4436 3718 4476 acce-

2072 4516 2291 4582 ptoque
2324 4507 2483 4577 quod
2514 4506 2830 4563 retulimus
2871 4525 3179 4580 responso,
3232 4525 3503 4565 reversus
3561 4508 3714 4565 illico

1996 4571 2039 4635 D
2071 4571 2291 4654 Mosem
2321 4571 2497 4668 atque
2528 4598 2823 4652 Aaronem
2855 4571 2989 4653 cuni
3041 4571 3259 4670 populo
3312 4598 3409 4656 85
3471 4598 3715 4654 Iudaico

2071 4686 2317 4742 dimisit.
2347 4687 2645 4741 Mutuatus
2678 4692 2876 4741 autem
2909 4692 3000 4742 est
3028 4688 3282 4759 populus
3312 4687 3385 4743 ab
3434 4688 3715 4761 Algyptiis

2072 4792 2208 4832 vasa
2238 4791 2417 4831 aurea
2450 4779 2510 4829 et
2539 4780 2820 4847 argentea
2848 4781 3188 4847 vestemque
3220 4777 3488 4832 multam.
3525 4779 3609 4833 En
3629 4776 3716 4832 di-

2070 4882 2271 4940 gresso
2302 4865 2523 4921 factum
2555 4864 2781 4919 Pharao
2814 4866 3081 4931 mutavit,
3132 4865 3554 4938 insecutusque
3614 4882 3716 4922 eos

2071 4960 2161 5012 est
2191 4972 2326 5011 cum
2357 4954 2629 5010 curribus
2661 4955 2805 5021 suis,
2838 4961 3014 5027 atque
3046 4962 3354 5012 assecutus
3391 4957 3548 5029 apud
3595 4957 3716 5012 Ru-

2068 5042 2241 5101 brum
2257 5061 2436 5100 mare.
2456 5043 2733 5113 Israelici,
2749 5044 2887 5099 visis
2901 5044 3443 5117 £gyptiis.sublato
3454 5046 3715 5101 clamore

2071 5133 2171 5189 Dei
2194 5133 2478 5189 auxilium
2500 5133 2914 5204 implorarunt.
2938 5134 3020 5189 Ibi
3038 5141 3159 5188 tum
3178 5137 3365 5191 Moses
3383 5151 3561 5190 manu
3580 5152 3716 5207 por-

2069 5229 2228 5279 recta
2247 5238 2407 5279 mare
2426 5222 2633 5278 baculo
2647 5223 2966 5294 percussit:
2985 5225 3181 5278 statim
3201 5240 3368 5295 aquae
3384 5224 3463 5279 ita
3477 5225 3715 5282 suntdi-

2067 5313 2222 5380 visae,
2237 5321 2301 5369 ut
2316 5315 2626 5370 universus
2641 5315 2892 5387 populus
2910 5322 3188 5387 tanquam
3208 5317 3544 5387 persiccum
3559 5325 3715 5375 tran-

2068 5403 2287 5458 siverit.
2338 5405 2485 5459 Eum
2534 5403 2834 5459 subsecuti
2885 5411 3025 5459 sunt
3059 5406 3304 5477 :Egyptii
3336 5424 3546 5463 omnes
3577 5423 3714 5463 cum

2063 5491 2370 5547 Pharaone
2384 5497 2439 5547 et
2452 5492 2727 5548 curribus
2740 5492 3045 5558 suis.Quos
3060 5511 3195 5550 cum
3210 5495 3715 5553 viderentlsraeli-

2067 5581 2122 5637 ci
2137 5582 2525 5654 pertransire,
2542 5582 2750 5658 ingens
2764 5585 2920 5659 apud
2932 5585 3040 5643 hos
3054 5591 3246 5645 terror
3258 5588 3619 5645 estobortus.
3640 5589 3715 5645 At
