4094 6292
375 394 488 452 illi

1733 387 2050 450 GEORGII
2095 385 2428 447 CEDRENI

3671 381 3792 446 H6

376 527 584 595 Moses,
615 528 771 598 virga
801 542 904 581 sua
935 531 1256 580 retrorsum
1292 531 1582 597 porrecta,
1615 541 1830 596 aquam
1863 525 2025 579 alveo

2139 522 2274 593 μετίι
2340 525 2446 574 τῶν
2497 519 2752 594 ἁρμάτων
2814 521 3006 578 αὐτῶν.
3075 517 3300 580 Ἰδόντες
3353 517 3411 575 δί
3477 519 3676 582 αὐτοὺς
3720 522 3773 575 οἱ

377 615 658 676 restituit.
695 631 882 685 eaque
915 631 1123 669 omnes
1152 616 1400 687 Egyptii
1431 621 1570 670 sunt
1593 613 1813 680 obruti,
1865 611 2030 669 nullo

377 705 714 775 superstite.
741 703 858 758 Hoc
878 703 1024 762 viso.
1050 704 1307 758 lsraelici
1337 703 1435 760 Dei
1461 703 1562 774 qui
1598 703 1760 774 ipsos
1799 717 2028 758 servas-

377 792 1188 864 setlaudespraedicaverunt,
1224 788 2030 865 prmeuntibusinbmcwrba

375 887 533 942 Mose
547 893 724 958 atque
739 890 974 942 Aarone
993 905 1006 941 :
1028 909 1054 936 «
1074 887 1369 942 Canamus
1385 887 1723 952 Dominum,
1754 900 1891 940 nam
1913 882 2031 953 glo-

377 975 464 1030 rio
475 991 535 1030 se
549 975 796 1047 gloriam
813 992 980 1030 suam
999 982 1268 1030 lestatam
1283 975 1526 1042 fecit",»
1541 982 1650 1032 etc.
1669 973 2028 1043 subtequen-

377 1063 534 1119 tibus
550 1065 727 1120 Maria
741 1071 799 1119 et
810 1065 1256 1131 mulieribus,ac
1269 1072 1619 1138 tympanum
1633 1061 2031 1136 pulsantibus.

2141 607 2482 685 Ἰσραηλῖται
2515 609 2908 688 διερχομένους
2931 607 3085 686 φόϐῳ
3120 610 3520 690 συνεσχέθησαν
3554 609 3784 684 ἀπείρῳ.

2139 701 2199 756 ὐ
2221 698 2278 756 δὲ
2335 708 2559 770 Mona-7,;
2615 701 2854 766 ’ἐκτείνας
2911 703 3010 771 την
3066 696 3263 778 ῥάϐδον
3315 701 3482 756 αὐτοῦ
3539 699 3786 776 ἐπιστρε-

2138 794 2342 852 πτικῶς
2372 791 2456 864 [Ρ.
2489 793 2580 865 48]
2621 791 3022 861 ἀποκατέστησε
3047 798 3110 846 τὸ
3141 788 3287 862 ὕδωρ
3337 790 3412 852 εἰς
3469 791 3561 846 τὸν
3620 791 3790 846 τόπον

2138 877 2331 936 αὐτοῦ.
2368 879 2462 933 Καὶ
2491 874 2683 958 ἔφυγον
2715 881 2909 943 πάντες
2940 880 2991 934 οἱ
3041 878 3332 954 Αἰγ·5πτιοι
3365 879 3469 934 ὑπὸ
3499 881 3567 936 τὸ
3615 877 3790 955 ὕδωρ,

2143 964 2374 1040 μηδενὸς
2406 967 2846 1046 ὑπολειφθέντος.
2875 970 3048 1044 Ὅπερ
3079 967 3397 1042 θεασάμενοι
3457 969 3510 1024 oi
3569 970 3793 1042 Ἰσραη-

2141 1053 2286 1111 λῖται
2319 1055 2410 1110 τὸν
2445 1059 2742 1134 ρυσοὶμενον
2781 1056 2978 1121 αὐτοὺς
3025 1057 3152 1114 Θεὸν
3207 1055 3588 1133 ἓδοξολόγουν,
3646 1077 3790 1132 atpo-

376 1154 698 1226 ηγουμένων
726 1155 820 1207 τοῦ
855 1151 1133 1216 Μωυσέως
1162 1153 1252 1207 καὶ
1283 1157 1381 1208 τοῦ
1411 1154 1624 1228 Ἀαρὼν
1653 1152 1744 1206 καί
1777 1149 2072 1228 γεγόντων·
2136 1170 2163 1197 ‹‹
2227 1151 2481 1219 νᾼσωμεν
2541 1150 2618 1218 τῷ
2675 1148 2882 1223 Κυρίῳ·
2950 1143 3177 1217 ἐνδόξως
3229 1147 3331 1220 γὰρ
3390 1143 3726 1219 δεδόξασται,
3763 1170 3793 1198 ε)

376 1239 722 1323 ἐφεπομένης
762 1248 860 1310 τῆς
888 1239 1130 1319 ἀδελφῆς
1163 1242 1337 1297 αὐτῶν
1373 1242 1588 1315 Μαρίας
1623 1241 1760 1315 μετᾶ
1786 1244 1894 1295 τῶν
1923 1239 2211 1314 γυναικῶν,
2245 1234 2333 1290 καὶ
2375 1235 2818 1312 ἀνακρουομένης
2847 1236 2910 1291 τὸ
2939 1235 3239 1310 τύμπανον.

452 1334 516 1388 ln
544 1335 725 1388 Parva
756 1333 967 1388 Genesi
1003 1333 1289 1404 scriptum
1323 1339 1412 1388 est
1440 1333 1600 1388 solos
1629 1331 1831 1388 decem
1864 1344 2032 1384 men-

380 1441 475 1480 ses
505 1423 768 1495 abjectos
798 1424 980 1478 fuisse
1016 1425 1075 1478 in
1109 1439 1345 1478 amnem
1379 1439 1593 1494 pueros
1620 1421 2030 1478 Israelicorum

380 1514 568 1570 donec
612 1530 644 1568 a
702 1513 906 1585 regina
950 1515 1138 1568 Moses
1184 1513 1322 1568 inde
1371 1519 1682 1585 exemptus
1725 1511 1857 1566 fuit.
1895 1509 2030 1565 Ideo

379 1605 558 1658 etiam
589 1603 795 1658 decem
825 1619 1041 1676 genera
1073 1603 1474 1659 calamitatum
1507 1621 1613 1674 per
1631 1603 1835 1658 decem
1861 1617 2030 1656 men-

378 1711 473 1747 ses
503 1692 784 1764 Egyptiis
817 1692 1063 1760 inflicta,
1099 1709 1198 1748 eos
1227 1710 1341 1763 que
1373 1693 1610 1747 demum
1647 1692 1709 1746 in
1738 1689 1886 1745 mari
1923 1705 2030 1760 pe-

379 1781 574 1848 riisse,
590 1781 884 1852 quomodo
909 1781 1292 1836 Hebrmorum
1312 1798 1532 1854 pueros
1554 1782 1614 1836 in
1637 1779 1814 1835 ﬂuvio
1851 1780 2026 1834 sull'o-

2210 1326 2329 1381 ⁶Οτι
2361 1321 2413 1378 ἐν
2440 1327 2509 1398 τῇ
2560 1328 2736 1390 Λεπτῆ
2773 1324 2974 1380 Γενέσει
3019 1331 3193 1381 κεῖται
3254 1325 3452 1398 μόνους
3509 1323 3636 1381 δέκα
3678 1333 3792 1400 μῆ⁶

2139 1433 2232 1474 νας
2265 1413 2582 1489 ῥιφῆναιτᾶ
2637 1415 2810 1489 βρέφη
2868 1418 2976 1470 τῶν
3040 1413 3395 1484 Ἰσραηλιτῶν
3446 1413 3500 1469 ἐν
3545 1419 3629 1487 τῷ
3681 1436 3791 1470 πο-

2138 1509 2319 1577 ταμῷ,
2352 1499 2455 1566 ἕως
2485 1503 2549 1559 οὗ
2577 1503 2861 1583 ἀνελήφθη
2895 1511 3172 1574 Μωοϋσης
3224 1506 3328 1562 ὑπὸ
3392 1512 3494 1575 τῆς
3531 1505 3792 1580 βασιλίσ-

2140 1609 2258 1662 σης·
2293 1590 2382 1648 διὰ
2418 1597 2581 1648 τοῦτο
2612 1590 2739 1648 δέκα
2795 1593 3010 1672 πληγαι
3067 1591 3326 1664 ἐδόθησαν
3378 1595 3433 1648 ’ἐν
3463 1591 3591 1648 δέκα
3650 1595 3790 1668 μησὶ

2135 1687 2252 1743 τοῖς
2287 1679 2633 1756 Αἶγυπτίοις,
2657 1682 2747 1738 καὶ
2785 1681 2942 1744 τέλος
2973 1682 3024 1738 ἐν
3082 1686 3152 1756 τῇ
3210 1681 3453 1756 θαλάσσῃ
3498 1685 3793 1758 κατεστρά-

2137 1792 2311 1850 φησαν
2366 1771 2425 1827 ’όν
2483 1773 2684 1842 τρόπον
2743 1773 2809 1826 τὰ
2889 1771 3061 1846 βρέφη
3107 1776 3216 1827 τῶν
3276 1766 3542 1847 Ἐϐραίων
3591 1771 3644 1826 έν
3705 1771 3790 1844 τῷ

381 1877 674 1928 caverant.
691 1871 774 1926 ita
798 1871 1060 1941 quidem,
1077 1871 1282 1926 utloco
1296 1873 1473 1928 unius
1500 1871 1748 1926 infantis
1767 1867 2022 1924 lsraelici

2136 1864 2366 1932 ποταμῷ
2423 1854 2719 1934 ἀπέπνιγον
2752 1903 2766 1928 ,
2825 1858 3030 1936 χιλίων
3105 1857 3313 1935 ἀνδρῶν
3374 1859 3787 1934 ἀποπνιγέντων

378 1959 541 2015 mille
571 1959 672 2014 86
705 1959 879 2014 validi
913 1959 1018 2013 viri
1053 1961 1296 2032 Aigyptii
1330 1959 1682 2016 interierint.
1734 1959 2023 2014 Caeterum

380 2051 598 2105 Μυερῐῐι
625 2051 950 2104 Pharaonis
983 2050 1104 2104 ﬁlia
1133 2051 1194 2104 in
1226 2051 1450 2120 regium
1483 2067 1668 2123 genus
1707 2047 2024 2119 adoptavit,

379 2157 573 2210 neque
628 2146 826 2195 tamen
883 2141 1176 2195 Israelicis
1223 2139 1294 2194 de
1325 2141 1614 2212 imperato
1645 2154 1822 2210 opere
1854 2135 2027 2208 quid-

381 2247 556 2300 quam
591 2231 837 2284 remisit.
869 2231 1011 2285 Cnm
1039 2233 1224 2285 Moses
1255 2231 1484 2286 virilem
1525 2235 1758 2285 aetatem
1789 2227 2024 2298 attigis-

382 2324 491 2387 set,
526 2319 825 2390 Aithiopes
855 2319 998 2372 Indo
1026 2319 1201 2374 ﬂuvio
1235 2321 1479 2390 trajecta
1504 2319 1776 2392 gravibus
1835 2317 2026 2370 incur-

382 2407 648 2463 sionibus
679 2409 987 2479 Egyptum
1021 2407 1284 2478 populati
1335 2416 1493 2474 sunt,
1544 2409 1626 2462 ita
1673 2406 1915 2478 quidem
1965 2411 2028 2458 ut

379 2496 558 2550 urbes
572 2512 753 2567 prope
770 2513 980 2550 omnes
1003 2497 1337 2563 everterint,
1355 2497 1678 2552 exercitum
1697 2493 2026 2567 (Egyptium

381 2586 727 2654 delet-crint,
759 2587 1032 2642 ductores
1065 2587 1195 2660 ejus
1225 2587 1668 2644 trucidaverint.
1703 2585 1941 2642 Duravit
1970 2583 2028 2639 id

382 2676 605 2731 bellum
637 2693 824 2732 annos
854 2677 1136 2748 quinque.
1171 2678 1418 2750 Egyptii
1451 2684 1649 2733 autem
1681 2678 1740 2732 in
1765 2693 2028 2732 summas

384 2764 607 2820 redacti
640 2767 941 2836 angustias
972 2766 1212 2822 oraculo
1236 2766 1527 2837 jubentur
1547 2767 1860 2839 imperium
1885 2767 2026 2822 Mosi

386 2853 638 2921 deferre,
671 2855 869 2926 itaque
903 2862 1018 2910 eta
1068 2856 1410 2912 Thermutlii
1471 2857 1581 2912 hoc
1639 2855 2025 2912 contendunt.

384 2945 465 2999 Ea
521 2945 738 3000 acriter
795 2946 854 3000 in
912 2945 1074 3017 ipsos
1113 2945 1342 3002 invecta
1371 2946 1528 3017 quod
1555 2963 1654 3001 eos
1686 2963 1794 3017 per
1823 2945 2026 3002 dolum

384 3032 610 3090 diceret
636 3051 699 3090 re
725 3051 859 3091 cum
894 3035 1101 3091 scribis
1135 3052 1328 3090 rerutn
1359 3052 1661 3092 sacrarum
1699 3037 2028 3109 composita

383 3125 442 3180 id
469 3127 785 3182 consilium
817 3125 921 3181 lilii
955 3129 1044 3182 sui
1077 3127 1472 3183 interﬁciendi
1504 3144 1683 3183 causa
1719 3133 2028 3196 tractasse,

383 3219 582 3270 tamen
613 3218 810 3270 Mosen
841 3215 1067 3270 dimisit
1095 3222 1298 3287 utpote
1326 3234 1432 3288 pro
1464 3217 1655 3288 patria
1692 3234 2028 3290 propugna-

385 3307 605 3357 turum.
637 3304 707 3356 Et
731 3303 969 3374 quidem
987 3305 1247 3359 Musesid
1271 3305 1610 3360 mandatum
1635 3305 2029 3362 libentissime

381 3390 445 3444 in
472 3406 534 3446 se
567 3391 808 3462 recepit,
839 3408 1032 3462 neque
1065 3393 1306 3448 omnino
1329 3393 1657 3464 quidquam
1679 3395 2030 3451 relormida-

381 3481 480 3534 vit.
515 3479 739 3552 Quippe
770 3481 932 3536 omni
963 3482 1176 3536 virtute
1207 3489 1416 3537 auctus
1446 3483 1802 3546 adoleverat,
1835 3484 2032 3539 omni-

379 3568 610 3640 busque
639 3571 1039 3642 Aigyptiorum
1070 3571 1297 3626 artibus
1325 3572 1503 3626 veluti
1534 3573 1690 3644 regis
1728 3573 1886 3628 ﬁlius
1945 3573 2028 3628 in-

383 3662 626 3716 stitutus
656 3661 850 3717 fuerat
880 3678 890 3716 :
917 3663 990 3717 ad
1024 3664 1146 3718 haec
1173 3663 1412 3734 ingenio
1463 3671 1590 3720 erat
1645 3671 1918 3737 prompto
1971 3671 2031 3722 et

383 3752 456 3806 ad
487 3768 614 3807 rem
646 3751 924 3808 bellicam
957 3752 1112 3806 fovti.
1145 3754 1202 3808 Is
1233 3769 1368 3825 ergo
1407 3769 1630 3809 annum
1684 3771 1864 3826 agens
1921 3755 2030 3810 tri—

384 3841 672 3896 cesimum
704 3844 832 3912 ejus
854 3841 994 3897 belli
1019 3841 1258 3913 gerendi
1285 3859 1501 3898 munus
1523 3840 1722 3899 subiit.
1747 3844 1870 3908 Quo
1893 3861 2028 3900 cum

381 3945 489 4001 per
503 3929 859 3984 decennium
883 3937 1046 4002 gesto
1069 3931 1366 4002 zEthiopas
1384 3931 1443 3986 in
1467 3938 1798 3988 extremum
1827 3933 2032 3989 discri-

381 4035 518 4074 men
541 4017 942 4090 compulisset,
961 4025 1262 4090 totamque
1277 4019 2026 4094 devastassetithiopiam,

381 4107 712 4178 Sabamque
733 4108 1093 4180 praecipuam
1115 4108 1325 4164 urbem
1347 4125 1415 4164 ac
1438 4109 1755 4182 caputejus
1777 4111 1940 4184 regni
1964 4112 2027 4166 in

379 4213 545 4253 suam
565 4204 915 4269 potestatem
934 4196 1276 4268 redegisset,
1300 4198 1372 4253 ab
1397 4199 1559 4254 omni
1583 4199 1840 4256 hostium
1867 4206 2027 4257 metu

378 4289 686 4359 z’l‘lgyptum
719 4287 1008 4342 liberavit.
1046 4286 1186 4342 Inde
1221 4287 1358 4343 odia
1386 4290 1786 4361 zEgyptiorum
1820 4291 2029 4346 adver-

381 4392 480 4430 sus
513 4393 648 4430 eum
681 4383 1004 4448 cu-perunt,
1042 4377 1334 4447 praecipue
1383 4385 1582 4432 autem
1639 4378 2024 4451 Chenephris.

378 4465 523 4520 Nam
559 4465 785 4520 interea
814 4465 1100 4536 temporis
1121 4465 1540 4522 Palmonotlies
1562 4483 1629 4522 ac
1650 4468 2028 4525 Thermuthis

2135 1948 2380 2028 ἰσχυρῶν
2439 1949 2751 2026 Αἰγυπτίων
2813 1949 2924 2004 ἀνθ’
2985 1951 3103 2013 ἑνὸς
3163 1950 3396 2026 βρέφους
3449 1947 3791 2026 Ἰσραηλιτι-

2131 2044 2252 2096 κοῦ.
2285 2037 2459 2096 Αὐτὸν
2493 2036 2550 2093 δὲ
2586 2040 2676 2094 τὸν
2740 2044 2980 2109 Μωϋσῆν
3039 2039 3115 2101 είς
3172 2039 3234 2094 τὸ
3303 2036 3590 2114 βασιλικὸν
3624 2039 3786 2114 γένος

2135 2128 2521 2200 εἶσεποιτίσατο
2557 2132 2592 2199 ἡ
2651 2127 2896 2207 θυγίτηρ
2956 2129 3184 2204 Φαραὼ,
3245 2129 3308 2184 οὗ
3370 2129 3555 2203 μέντοι
3626 2130 3796 2200 ἀνῆκε

2135 2225 2235 2287 τῆς
2266 2217 2610 2292 ἐπιταγείσης
2652 2217 2906 2296 ἐργασίας
2951 2219 3078 2282 τοὺς
3129 2217 3490 2292 Ἰσραηλίτας.
3544 2215 3792 2292 ’Δνδρωο

2135 2306 2317 2368 θέντος
2384 2304 2440 2362 δέ
2501 2305 2598 2363 τοῦ
2660 2307 2930 2370 Μωυσέως
2994 2301 3316 2382 ὑπερϐάντες
3389 2307 3652 2372 Αῗθίοπες
3697 2309 3792 2363 τὸν

2134 2384 2148 2406 9
2213 2395 2235 2413 \
2529 2397 2543 2414 ο
2765 2401 2786 2412 -ν
3103 2395 3114 2414 1

2155 2398 2298 2453 Ινοὸν
2337 2417 2581 2470 ποταμον
2639 2395 2830 2460 δεινως
2877 2399 2976 2467 τήν
3038 2397 3316 2472 Αἴγυπτον
3369 2394 3685 2468 ἓληίζοντο,
3719 2397 3798 2458 ὡς

2137 2486 2233 2548 τὰς
2264 2484 2456 2548 πόλεις
2481 2483 2676 2560 σχεδὸν
2709 2485 2880 2548 πασας
2939 2485 3235 2562 ἀνατρέψαι
3265 2487 3359 2542 καί
3415 2487 3504 2541 τὸν
3563 2487 3793 2562 στρατὸν

2138 2575 2305 2646 αὐτῆς
2362 2575 2610 2653 ἀφανίσαι
2663 2577 2754 2630 καί
2835 2575 2962 2638 τοὺς
3044 2574 3379 2651 στρατηγοὺς
3463 2575 3790 2654 ἀποσφάξαι.

2139 2677 2392 2748 Ἔμειναν
2425 2674 2518 2730 οὖν
2547 2675 2872 2750 Αἷγυπτίοις
2903 2672 3276 2748 πολεμοῦντες
3336 2674 3422 2730 ἐπὶ
3480 2669 3574 2746 ἔτη
3608 2675 3788 2732 πέντε.

2138 2768 2223 2825 Ἐν
2258 2767 2457 2842 ἀπορίᾳ
2487 2771 2616 2844 γοῦν
2651 2763 2841 2839 πολλῇ
2893 2765 3250 2829 καταστάντες
3295 2765 3590 2844 Αἰγύπτιοι
3639 2785 3791 2841 χρη-

2138 2850 2428 2929 σμεόόνται
2457 2855 2532 2918 ὠς
2561 2859 2641 2928 τῷ
2671 2858 2880 2929 Μωϋσῇ
2910 2856 3008 2924 τὴν
3069 2854 3396 2930 στρατηγίαν
3456 2855 3786 2934 ἐγχειρίσαι,

2135 2945 2226 3000 καὶ
2258 2942 2630 3020 παρακαλοῦσι
2689 2946 2790 3014 τήν
2822 2945 3125 3016 Θέρμουθιν
3175 2941 3459 3019 ἐπιτρέψαι
3515 2945 3665 3017 αὐτῷ
3687 2945 3789 3015 τήν

2138 3033 2466 3110 στρατηγίαν
2499 3053 2512 3065 ·
2573 3035 2606 3104 ἡ
2662 3031 2710 3088 δ’
2766 3032 3038 3102 ὠνείδιζεν
3125 3034 3320 3097 αὐτοὺς
3409 3034 3500 3088 καί
3584 3032 3786 3094 κακοὺς

2137 3125 2393 3202 ἀπέφαινε
2446 3121 2538 3178 σὺν
2591 3128 2708 3184 τοῖς
2785 3119 3320 3197 ’ίερογραμματεῦσιν
3401 3122 3477 3186 εἷς
3562 3125 3787 3188 θάνατον

2066 3219 2111 3288 c
2139 3209 2526 3270 έπιϐουλεῦσαι
2555 3216 2635 3285 τῷ
2671 3209 2822 3266 παιδί
2887 3210 3273 3289 βουληθένταςο
3333 3212 3486 3286 ὅμως
3541 3212 3618 3274 ὡς
3653 3212 3786 3288 ὑπὲρ

2136 3301 2396 3378 πατρίδος
2479 3299 2869 3373 πολεμήσαντα
2951 3299 3340 3374 ἐξαπέστειλεν,
3419 3299 3788 3374 ἀσμενέστατα

2135 3398 2231 3448 τοῦ
2259 3388 2455 3454 παιδὸς
2487 3387 2778 3463 δεξαμένου
2809 3390 2907 3458 τήν
2936 3387 3196 3466 ἐπιταγήν
3253 3389 3342 3445 καί
3407 3387 3575 3464 μηδὲν
3635 3389 3786 3464 ἄγω-

2133 3489 2434 3550 νιιίσαντος.
2470 3487 2690 3558 ηὐξήθη
2751 3485 2854 3563 γὰρ
2911 3487 3056 3560 πάσῃ
3117 3488 3280 3562 ἀρετῇ
3338 3488 3636 3560 κοσμηθεῗς
3694 3489 3785 3542 καί

2135 3573 2442 3640 παιδευθεὶς
2503 3581 2670 3631 πᾶσαν
2731 3576 2923 3656 σοφίαν
2978 3574 3314 3650 Αἰγυπτίων,
3373 3576 3449 3638 ὡς
3509 3575 3787 3652 βασιλέως

2135 3667 2253 3728 υίὸς
2283 3665 2370 3720 καὶ
2403 3664 2562 3743 φΰσιν
2593 3661 2737 3739 ἔχων
2769 3659 2960 3734 δεξιὰν,
2993 3661 3237 3740 ἀνδρεῖός
3277 3685 3336 3720 τε
3402 3663 3453 3720 έν
3501 3670 3619 3725 τοῖς
3678 3685 3783 3719 πο-

2137 3753 2348 3828 λέμοις.
2379 3757 2480 3817 ’Ός
2509 3753 2934 3829 τριακοντούτης
2981 3755 3271 3829 τυγχάνων
3319 3758 3567 3809 τοιοῦτον
3609 3753 3780 3810 πόλε-

2139 3865 2238 3918 μον
2266 3839 2562 3914 ἀνεδέξατο’
2595 3843 2684 3898 καὶ
2733 3841 2822 3897 ἐπὶ
2855 3839 2980 3898 δέκα
3037 3840 3131 3912 ἔτη
3190 3841 3438 3922 ἐσχάτως
3496 3841 3623 3906 τοὺς
3678 3845 3782 3898 Λί-

2136 3933 2331 3997 θίοπας
2387 3929 2709 4005 πολεμήσας
2767 3931 2857 3986 καὶ
2926 3929 3211 3995 Αἰθιοπίαν
3261 3935 3432 3986 πᾶσαν
3492 3931 3778 4006 ἀφανίσας,

2132 4024 2233 4094 τήν
2285 4042 2343 4078 τε
2397 4015 2549 4077 Σαϐἀ
2623 4018 2972 4095 μητρόπολιν
3025 4019 3438 4096 βασιλεύουσαν.
3490 4020 3774 4086 Αἰθιόπων

2133 4104 2488 4186 παραλαϐὼν,
2526 4110 2624 4180 τήν
2655 4107 2932 4184 Αἴγυπτον
2961 4107 3242 4184 ἐλευθεροῖ
3300 4110 3480 4178 πάσης
3539 4107 3777 4184 πολεμι-

2133 4205 2234 4268 κῆς
2292 4191 2613 4267 ἐπιϐουλῆς.
2667 4198 2942 4261 Ἐντεῦθεν
3003 4197 3230 4272 ἄρχεται
3296 4197 3448 4270 αὖτῷ
3500 4198 3528 4252 ὁ
3577 4198 3779 4274 φθόνος

2133 4289 2261 4352 παρ’
2333 4287 2676 4362 Αἰγυπτίοις,
2758 4285 3040 4360 ἐξαιρέτως
3127 4284 3183 4341 δὲ
3239 4285 3386 4358 αὐτῷ
3469 4288 3616 4362 παρὰ
3697 4291 3778 4360 τῷ

2133 4380 2400 4455 Χενεφρῇ·
2459 4373 2512 4430 έν
2567 4375 2785 4440 τούτοις
2837 4374 2938 4451 γὰρ
2995 4371 3369 4446 τετελευτήκει
3408 4376 3436 4430 ὁ
3469 4376 3776 4450 Παλμανώ-

2133 4467 2230 4537 θης
2255 4465 2345 4520 καί
2378 4467 2412 4534 ἡ
2446 4465 2770 4538 Θέρμουθις.
2814 4463 2914 4520 Καὶ
2971 4463 3146 4519 τοίνυν
3187 4457 3573 4521 ἐπιϐουλεῦται
3626 4465 3776 4538 αὐτῷ

373 4555 434 4608 in
460 4555 578 4610 fata
599 4561 1034 4610 concesserant.
1061 4557 1264 4624 Itaque
1286 4572 1422 4628 ergo
1445 4556 1822 4628 Chenephres
1845 4559 2021 4614 variis

2136 4564 2404 4627 ποικίλως
2465 4564 2767 4638 βασκαίνων
2803 4607 2817 4634 ,
2868 4564 3172 4639 Χαναθώθῃ
3233 4560 3290 4619 δὲ
3346 4564 3620 4640 ἐπιτρέπει
3671 4569 3773 4636 τήν

375 4644 466 4698 81
499 4646 695 4699 Mosen
721 4645 953 4699 insidiis
976 4643 1743 4715 petivit,invidiaconcitus;
1767 4664 1833 4702 ac
1868 4648 2018 4704 Ulla-

373 4734 677 4789 nathothae
702 4736 876 4789 Mosis
897 4751 1102 4788 necem
1125 4732 1441 4788 mandavit.
1458 4736 1644 4790 Moses
1656 4737 1903 4808 cognitis
1926 4738 2014 4792 in-

374 4823 564 4888 sidiis,
601 4840 668 4880 eo
696 4824 1029 4891 interfecto,
1062 4823 1199 4895 fuga
1227 4839 1336 4894 per
1365 4823 1750 4880 solitudinem
1781 4827 1840 4880 in
1871 4829 2020 4883 Ara-

373 4911 532 4968 biam
562 4914 831 4985 pervenit
860 4913 933 4968 ad
963 4913 1287 4976 .lothorem,
1313 4913 1411 4982 qui
1437 4912 1594 4968 idem
1617 4915 1909 4986 Raguelus
1935 4915 2020 4972 di-

371 5003 545 5070 citur,
577 5003 746 5076 cujus
778 5002 905 5059 ﬁlia
934 5002 1109 5058 ducta
1161 5001 1508 5057 Gersamum
1565 5008 1624 5058 et
1679 5003 2015 5062 Eleazarum

368 5093 714 5164 procreavit.
751 5093 898 5147 Dum
931 5091 992 5146 in
1021 5093 1262 5164 .‘Egypto
1297 5097 1470 5161 esset,
1504 5091 1652 5148 duas
1695 5093 1872 5150 urbes
1929 5111 2016 5150 re-

367 5181 519 5254 ginas
555 5181 725 5237 matri
762 5198 884 5238 sua)
912 5181 1294 5252 cognomines
1319 5180 1602 5237 condidit.

399 5255 797 5342 'Eupolemus
836 5271 1050 5327 asserit
1097 5273 1316 5326 Mosem
1367 5271 1625 5343 primum
1684 5274 2014 5345 sapientem

366 5361 569 5420 fuis-e.
603 5362 982 5434 primamque
1012 5362 1238 5416 litteras
1265 5361 1579 5418 tradidisse
1618 5363 1835 5419 Iudaeis
1866 5382 1880 5431 ;
1940 5364 2013 5420 ab

2125 4659 2224 4710 τοῦ
2280 4650 2558 4714 Μωϋσὲως
2639 4653 2870 4731 σφαγήν·
2947 4651 3012 4722 ἣν
3059 4651 3220 4728 γνοὺς
3267 4654 3507 4722 Μωυσῆς
3561 4651 3776 4728 ἀναιρεῖ

2126 4741 2308 4814 αὐτὸν,
2366 4740 2456 4796 καὶ
2516 4739 2660 4796 οὕτω
2717 4739 2902 4818 φεύγει
2972 4737 3061 4795 διὰ
3115 4746 3214 4811 τῆς
3270 4743 3482 4816 ἐρήμου
3539 4742 3615 4805 εἰς
3668 4745 3770 4812 τήν

2126 4827 2422 4909 ’Δρῥαϐίαν
2455 4833 2593 4904 πρὸς
2649 4832 2848 4906 Ἰοθόρι
2876 4831 2968 4886 τὸν
3026 4830 3118 4886 καὶ
3173 4833 3465 4906 Ῥαγουήλ,
3497 4831 3583 4888 καί
3643 4831 3770 4888 ἔλα-

2125 4918 2214 4978 ϐεν
2248 4921 2413 4977 αὐτοῦ
2451 4922 2551 4991 τήν
2612 4919 2877 4996 θυγατέρα
2935 4919 3070 4994 πρὸς
3092 4920 3292 4996 γάμον,
3332 4919 3382 4994 ἐξ
3423 4921 3489 4991 ἧς
3544 4919 3766 4978 ἐπαιδο-

2123 5010 2322 5082 ποίησε
2340 5010 2430 5065 τὸν
2461 5010 2697 5082 Ἰηρσάμ
2724 5010 2813 5064 καὶ
2844 5009 2937 5064 τὸν
2958 5007 3236 5084 Ἐλεάζαρ.
3272 5013 3358 5084 [Ρ.
3403 5013 3496 5085 49]
3527 5013 3770 5082 Μωυσῆς

2125 5097 2182 5156 δὲ
2213 5098 2285 5156 ὢν
2318 5099 2580 5174 Αἰγύπτῳ
2611 5099 2780 5168 κτίζει
2828 5097 3019 5160 πόλεις
3079 5095 3176 5154 δύο
3242 5099 3326 5156 ἐπ’
3394 5100 3622 5176 ὀνόματι
3670 5105 3769 5172 τῆς

2129 5189 2338 5264 μητρὸς
2371 5186 2534 5243 αὐτοῦ
2561 5195 2663 5258 τῆς
2707 5184 3055 5262 βασιλίσσης.

2191 5278 2314 5333 Ὅτι
2359 5275 2668 5348 εὖπό).εμὸς
2721 5297 2855 5347 φησι
2912 5277 3003 5331 τὸν
3057 5275 3288 5332 Μωϋσέα
3345 5283 3564 5351 πρῶτον
3605 5282 3770 5358 σοφὸν

2124 5363 2388 5444 γενέσθαι,
2420 5365 2510 5420 καὶ
2539 5366 2838 5440 γράμματα
2877 5361 3212 5441 παραδοδναι
3263 5363 3551 5432 Ἰουδαίοις
3607 5375 3770 5446 πρῶ-

367 5451 460 5504 liis
489 5450 816 5517 Pbmnicrs,
853 5467 1206 5521 rursumque
1256 5468 1290 5505 a
1347 5452 1726 5507 Phoenicibus
1783 5455 2012 5510 Gra‘cos

366 5556 466 5595 eas
499 5541 816 5611 accepisse.
850 5541 1082 5596 Primus
1108 5543 1294 5594 Moses
1315 5540 1535 5595 Judtnis
1577 5541 1734 5613 leges
1790 5543 2009 5612 posuit.

361 5629 526 5686 Idem
558 5632 864 5687 hominum
898 5632 957 5686 in
989 5634 1229 5704 A‘Igypto
1261 5631 1690 5686 consuetudine
1720 5633 1926 5687 relicta
1949 5634 2008 5688 in

436 5722 481 5757 ⁸⁵
513 5720 689 5776 Exod.
725 5738 816 5789 xv,
849 5723 896 5778 1.

2119 5455 2234 5522 τὸν,
2266 5454 2410 5528 παρὰ
2442 5450 2500 5508 δέ
2530 5452 2808 5510 Ἰουδαίων
2843 5455 3100 5516 Φοίνικας
3167 5452 3524 5529 παραλαϐεῖν,
3555 5457 3769 5530 Ἕλλη-

2119 5565 2214 5606 νας
2242 5540 2300 5598 δὲ
2329 5545 2474 5618 παρὰ
2524 5545 2823 5600 Φοινίκιονο
2884 5545 3088 5618 νόμους
3143 5541 3202 5600 δὲ
3255 5551 3474 5621 πρῶτον
3527 5554 3762 5619 Μωυσῆς

2117 5634 2312 5712 γράφει
2351 5638 2467 5696 τοίς
2521 5631 2826 5698 Ἰουδαίοις.
2882 5630 3213 5690 Καταλιπών
3283 5632 3341 5690 δὲ
3388 5637 3628 5708 Μωϋσῆς
3665 5638 3764 5703 τὰς
