4094 6292
271 366 389 467 117'

1422 397 1970 463 HISTORIARUM
2019 397 2173 459 COM
2185 399 2543 462 PENDIUM
2557 445 2572 460 .

3584 400 3697 458 H8

270 538 392 593 κατ’
421 536 704 614 Λῖγυπτον
736 531 1017 611 διατριϐὰς
1057 536 1136 597 είς
1181 536 1280 605 τὴν
1324 529 1530 610 ἔρημον
1583 532 1915 615 ἰφιλοσόιρει,

2042 536 2447 603 solitudinem,
2484 543 2547 591 ut
2577 537 2885 609 sapientia:
2919 537 3114 593 studio
3147 543 3399 604 vacaret,
3446 552 3507 592 se
3566 553 3700 592 con-

274 622 672 700 διδασκόμενος
712 626 859 700 παρὰ
895 627 990 680 τοῦ
1021 621 1375 699 ἀρχαγγέλου
1406 617 1653 697 Γαϐρίήλ
1683 622 1750 678 τὰ
1805 622 1929 697 περῖ

274 722 384 786 τῆς
412 714 672 793 γενέσεως
701 717 801 769 τοῦ
833 714 1042 786 κόσμου
1071 713 1161 766 καὶ
1213 715 1310 766 τοῦ
1366 711 1592 784 πρώτου
1643 711 1929 785 ἀνθρώπου

276 804 373 860 καί
404 809 510 860 τῶν
553 805 671 876 μετ’
700 802 922 870 ἐκεῖνον,
953 802 1043 857 καὶ
1077 805 1170 856 τοῦ
1223 799 1635 874 κατακλυσμοῦ,
1681 801 1771 855 καὶ
1827 806 1929 869 τῆς

275 893 593 970 συγχύσεως
649 893 742 948 καὶ
799 890 1077 953 ποικιλίας
1134 896 1241 947 τῶν
1322 889 1608 966 γλωσσῶν,
1672 890 1761 945 καὶ
1818 895 1925 945 τῶν

271 982 403 1052 περὶ
432 983 526 1038 τὸν
552 987 769 1056 πρῶτον
828 983 1133 1055 ἄνθρωπον,
1191 980 1281 1035 καὶ
1338 983 1447 1035 τῶν
1508 978 1706 1054 μέχρις
1760 979 1929 1034 αὐτοῦ

269 1072 516 1145 χρόνων,
578 1072 666 1126 καὶ
731 1069 857 1146 περὶ
910 1071 1009 1138 τῆς
1064 1067 1388 1141 νομοθεσίας
1445 1074 1545 1137 τῆς
1615 1066 1929 1139 μελλούσης

267 1162 402 1236 παρ’
443 1157 610 1215 αῦτοῦ
641 1156 886 1223 δίδοσθαι
915 1162 995 1230 τῷ
1025 1155 1303 1213 Ἰουδαίων
1347 1154 1505 1225 ἔθνει,
1559 1156 1649 1211 καὶ
1679 1157 1773 1219 τὰς
1817 1160 1925 1212 τῶν

266 1248 489 1323 ἄστρων
521 1247 690 1312 θέσεις
721 1248 810 1303 καὶ
858 1248 923 1302 τὰ
978 1252 1229 1322 στοιχεῖα
1275 1245 1365 1300 καὶ
1424 1245 1793 1320 ἀριθμητικὴν
1836 1246 1926 1299 καί

267 1339 615 1415 γεωμετρίαν
672 1338 764 1392 καὶ
854 1340 1025 1390 πᾶσαν
1095 1338 1308 1413 σοιρίαν,
1370 1334 1443 1397 ὡς
1505 1333 1557 1388 ἐν
1612 1337 1680 1409 τῇ
1751 1337 1924 1408 λεπτῇ

266 1429 474 1483 Γενέσει
505 1433 700 1484 κεῖται.
736 1427 839 1482 Καὶ
871 1426 955 1482 ὅτι
986 1425 1037 1480 ἐν
1070 1423 1196 1498 ρμδ’
1230 1421 1337 1480 ἔτει
1397 1431 1498 1493 τῆς
1548 1424 1600 1479 ὲν
1657 1423 1926 1497 Αίγύπτῳ

269 1513 526 1577 δουλείας
556 1517 792 1591 ἤρξαντο
839 1515 1134 1590 Αἰγύπτιοι
1194 1511 1445 1589 δέχεσθαι
1493 1516 1596 1584 τῆν
1647 1509 1924 1584 δεκάπλη-

265 1628 387 1680 γον.
420 1609 512 1663 Ἐν
549 1606 683 1678 μηνῖ
712 1605 916 1679 Ἰουνίῳ
946 1606 1011 1659 τὰ
1054 1601 1224 1660 ὕδατα
1270 1604 1345 1666 εἰς
1395 1603 1533 1677 αῗμα
1583 1601 1922 1675 μετελλῆθη,

271 1691 500 1765 Ἰουλίῳ
559 1692 854 1768 βαίτραχοι,
913 1690 1212 1765 Αὐγούστῳ
1270 1695 1509 1753 σκνῖπες.
1566 1684 1923 1762 Σεπτεμϐρίῳ

262 1778 561 1854 κυνάμυια,
619 1778 943 1855 Ὀκτωϐρίῳ
1024 1786 1237 1851 κτηνῶν
1320 1779 1553 1849 πτῶσίς,
1631 1773 1923 1854 Νοεμϐρίῳ

2040 625 2193 680 tulit.
2230 625 2312 679 Ibi
2348 625 2454 697 (ita
2479 625 2721 696 quidem
2750 628 2932 682 Parva
2963 627 3206 683 Genesis
3258 626 3460 697 refert)
3510 642 3544 681 a
3585 626 3692 680 Ga~

2039 714 2225 771 brielo
2258 714 2605 787 angelorum
2636 716 2906 787 principe
2937 715 3185 772 edoctus
3216 715 3329 771 fuit
3358 714 3432 770 de
3464 713 3692 787 origine

2040 804 2268 872 mundi,
2303 803 2376 858 de
2407 803 2598 874 primo
2631 804 2875 861 homine
2907 811 2966 861 et
3005 821 3139 861 eum
3202 803 3558 869 subsecutis,
3618 802 3692 858 de

2039 893 2281 960 diluvio,
2314 892 2387 947 de
2414 893 2761 949 confusione
2793 899 2852 949 et
2879 894 3221 950 diversitate
3251 891 3690 961 linguarum,de

2039 987 2195 1038 statu
2226 982 2404 1053 primi
2437 982 2719 1053 hominis,
2752 983 2825 1039 de
2858 983 3227 1055 temporibus
3256 999 3446 1054 usque
3477 981 3554 1038 ad
3610 982 3693 1052 ip-

2040 1088 2170 1126 sum
2204 1069 2439 1142 elapsis,
2472 1070 2546 1125 de
2576 1071 2702 1145 lege
2735 1088 2913 1143 quam
2942 1072 3159 1128 Judaais
3190 1078 3318 1127 erat
3340 1072 3692 1137 traditurus,

2038 1158 2111 1214 de
2142 1158 2404 1214 siderum
2438 1160 2659 1229 positu,
2679 1159 3014 1225 elementis,
3038 1158 3433 1229 arithmetica,
3451 1174 3692 1232 geome-

2038 1248 2168 1312 tria,
2204 1252 2262 1301 et
2291 1247 2569 1303 omnibus
2598 1247 2885 1314 scientiis,
2917 1254 2983 1303 ut
3046 1248 3269 1304 ibidem
3319 1248 3688 1319 percriptum

2036 1341 2144 1390 est.
2171 1339 2338 1391 Anno
2361 1338 2658 1392 servitutis
2680 1338 2741 1392 in
2787 1340 3034 1411 Egypto
3076 1338 3332 1393 Iudaicae
3362 1336 3687 1392 centesimo

2036 1426 2489 1498 quadragesimo
2520 1432 2730 1497 quarto
2758 1426 2964 1482 decem
2995 1427 3185 1498 plagis
3206 1428 3483 1498 Egyptus
3504 1424 3686 1496 affligi

2035 1513 2315 1569 divinitus
2337 1515 2530 1586 cmpit.
2555 1517 2753 1570 Mense
2780 1516 2955 1571 Junio
2997 1532 3165 1588 aqua)
3219 1516 3280 1570 in
3334 1514 3684 1587 sanguinem

2034 1604 2855 1669 suntconversa:,.luliorana3,
2885 1609 3177 1676 Augustos
3209 1602 3507 1675 scniphes,
3541 1603 3685 1675 Sep-

2032 1693 2245 1748 tembri
2260 1709 2466 1749 musca
2478 1692 2954 1761 canina,0ctobri
2976 1694 3158 1764 pestis
3174 1692 3683 1765 pecoris,Novem-

2032 1783 2387 1854 bripustulm
2411 1782 3138 1848 etulcera,Decembri88
3184 1782 3430 1854 grando,
3461 1784 3681 1838 Janua-

262 1869 564 1951 φλυκτίδες
588 1872 679 1926 καί
729 1865 886 1940 ἕλκη,
947 1865 1262 1943 Δεκεμϐρίῳ
1318 1867 1552 1945 χάλαξα,
1600 1870 1915 1940 Ἰανουαρίῳ

2030 1873 2119 1926 rio
2150 1871 2411 1940 locustae,
2439 1872 2758 1927 Februario
2792 1872 3081 1927 triduanm
3126 1871 3412 1936 tenebras,
3472 1871 3676 1927 Martio

257 1962 445 2037 ἀκρίς,
506 1956 863 2036 Φεϐρουαρίῳ
916 1959 1105 2021 σκότος

254 2051 329 2107 τᾶ.
369 2050 645 2127 πρωτόκα.
680 2052 764 2123 Τῇ
828 2047 893 2104 ιδ’
948 2049 1147 2104 τούτου
1201 2052 1299 2103 τοῦ
1359 2048 1531 2121 μηνὸς
1590 2044 1923 2101 σκυλεύσαν-

253 2161 348 2202 τες
378 2142 507 2203 τοὺς
540 2140 877 2215 Αίγυπτίους
912 2137 1160 2212 ἐξῆλθον,
1222 2138 1508 2211 προστάξει
1572 2141 1705 2193 Θεοῦ
1758 2142 1918 2192 τοῦτο

256 2231 649 2300 πεποιηκότες.
683 2229 831 2285 Μετᾶ
895 2226 953 2284 δὶ
1011 2229 1112 2297 τῆν
1162 2224 1341 2301 ἔξοδον
1394 2227 1566 2301 Ἰοθὸρ
1598 2228 1626 2282 6
1657 2227 1916 2299 πενθερὸς

260 2321 568 2388 Μωϋσὲως,
600 2314 786 2375 λαϐὼν
847 2318 1131 2391 Σεπφόραν
1189 2320 1289 2387 τήν
1348 2321 1578 2392 γυναῖκα
1636 2314 1917 2379 Μωϋσέως

259 2410 354 2465 καὶ
394 2410 523 2473 τοὺς
555 2407 651 2463 δυο
695 2406 851 2469 υἱοὺς
918 2405 1105 2473 αὐτοῦ,
1160 2401 1426 2461 κατέλαϐε
1482 2405 1622 2480 πρὸς
1681 2408 1918 2469 Μωυσῆν

264 2498 320 2553 ἓν
351 2502 421 2572 τῇ
455 2497 652 2572 ἐρήμῳ
715 2498 797 2551 ἔτι
834 2495 1180 2570 πολεμοῦντα
1227 2495 1319 2549 τὸν
1372 2492 1651 2568 Ἀμαλήκ.
1702 2494 1802 2549 Καὶ
1862 2492 1913 2548 ἐν

260 2593 341 2660 τῷ
370 2588 540 2662 τρίτῳ
574 2587 710 2661 μηνὶ
739 2587 838 2655 τῆς
867 2581 1055 2655 ἐξόδου
1083 2589 1192 2640 τῶν
1242 2585 1374 2638 υἱῶν
1400 2581 1628 2658 Ἰσραὴλ
1660 2583 1725 2638 τὰ
1754 2582 1805 2636 ἐν
1836 2586 1916 2654 τῷ

263 2676 473 2749 Σιναίῳ
532 2673 650 2751 ὄρει
707 2680 1105 2747 νομοθετεῖται,
1163 2674 1251 2728 καὶ
1283 2676 1317 2742 ἡ
1349 2673 1659 2749 Δεκάλογος
1707 2669 1916 2728 δίδοται

257 2770 477 2840 Μωϋσῇ
508 2767 598 2821 καὶ
634 2764 842 2839 Ἀαρὼν
895 2763 984 2818 καὶ
1043 2763 1203 2817 παντὶ
1258 2767 1337 2835 τῷ
1403 2763 1542 2833 λαῷ.
1614 2761 1712 2816 Καὶ
1782 2762 1915 2834 μετὰ

252 2859 418 2910 τοῦτο
449 2854 623 2909 πάλιν
650 2851 923 2909 κελεύεται
968 2852 1071 2907 ὑπὸ
1128 2851 1225 2907 τοῦ
1284 2855 1419 2906 Θεοῦ
1479 2853 1719 2920 Μωϋσῆς
1783 2850 1917 2925 μετᾶ

256 2946 442 3015 Ἰησοῦ
513 2942 756 3007 ἀνελθεῖν
814 2940 865 2997 ἐν
914 2945 995 3014 τῷ
1050 2939 1165 3015 ὄρει
1222 2940 1313 2995 καὶ
1372 2934 1558 2995 λαϐεῖν
1637 2940 1703 2995 τὰ
1757 2940 1916 3013 πυξία

253 3032 631 3111 γεγραμμένα,
693 3033 726 3087 ἅ
779 3031 1279 3106 προενομοθέτησεν
1337 3030 1365 3084 6
1428 3030 1576 3093 Θεός.
1634 3030 1767 3085 Τότε
1822 3029 1913 3084 καὶ

256 3124 348 3179 τὸν
397 3122 567 3177 τύπον
623 3128 726 3190 τῆς
786 3126 992 3190 σκηνῆς
1046 3123 1242 3194 θεωρεῖ
1294 3117 1385 3173 καὶ
1439 3119 1506 3173 τὰ
1564 3118 1687 3192 περὶ
1748 3120 1914 3186 αὐτὴν

265 3212 457 3266 πάντα.
489 3214 836 3285 Μοσχοποιεῖ
867 3206 924 3264 δε
954 3210 983 3264 6
1024 3205 1175 3277 λαὸς,
1208 3208 1294 3263 καὶ
1357 3202 1630 3280 συντρίϐει
1672 3209 1915 3274 Μωῦσῆς

277 3302 371 3361 τὰς
433 3299 835 3373 θεουργηθείσας
892 3296 1124 3360 πλάκας.
1214 3297 1347 3354 Εἶτα
1412 3295 1577 3351 πᾶλιν
1630 3293 1911 3350 κελεύεται

281 3387 526 3457 λαξεῦσαι
556 3386 760 3451 πλάκας
790 3388 879 3443 καὶ
934 3388 1172 3442 ἀνελθεῖν
1233 3384 1285 3440 ἐν
1330 3383 1409 3458 τῷ
1448 3383 1583 3459 ὄρει.
1636 3385 1739 3442 Καὶ
1786 3384 1906 3440 ἰδοὺ

277 3479 309 3545 ἡ
342 3474 629 3551 δεκαλογος
676 3478 822 3552 παρᾶ
878 3480 1011 3532 Θεοῦ
1067 3475 1246 3551 τρίτον
1313 3471 1695 3550 παραδέδοταν
1754 3479 1905 3550 πρῶ-

264 3587 353 3621 τον
383 3566 596 3621 ἐπὶτοῦ
635 3564 799 3637 ὅρους
870 3571 1023 3635 Σινᾶ,
1080 3565 1244 3634 ἡνίκα
1297 3564 1353 3619 αἱ
1410 3563 1698 3638 σάλπιογες
1755 3564 1844 3618 καὶ
1876 3564 1905 3618 ὁ

257 3656 481 3732 γνόσροςο
542 3653 792 3729 δεύτερον
832 3656 996 3725 ἡνίκα
1050 3654 1115 3709 τὸ
1189 3649 1494 3726 παράδοξον
1544 3659 1645 3722 τῆς
1703 3661 1905 3724 σκηνῆς

254 3744 341 3800 καὶ
376 3746 445 3800 τα
487 3746 611 3820 περὶ
666 3747 765 3815 τῆν
822 3745 1049 3815 σκηνήν·
1106 3741 1287 3818 τρίτον
1341 3742 1476 3814 μετᾶ
1527 3742 1627 3811 τῆν
1691 3761 1905 3818 μοσχο-

252 3834 464 3895 ποιίαν,
502 3836 599 3890 Καὶ
658 3837 779 3891 τότε
836 3837 940 3911 γὰρ
994 3834 1390 3910 τεσσαράκοντα
1445 3834 1655 3907 ἡμέρας
1715 3829 1906 3909 διέτρι-

251 3930 346 3999 ψεν
377 3925 431 3982 ἒν
462 3931 545 3998 τῷ
586 3923 724 3998 ὄρει,
755 3923 916 3997 ἄρτον
958 3927 1032 3999 μῆ
1086 3925 1273 4003 φαγὼν
1339 3919 1479 3997 μηδὲ
1536 3920 1685 3997 ὕδωρ
1743 3921 1901 3977 πιών·

251 4013 402 4071 ἄλλα
429 4016 522 4069 καὶ
558 4017 593 4084 ἡ
627 4011 754 4084 δόξα
783 4018 879 4070 τοῦ
908 4014 1204 4088 προσώπου
1235 4011 1403 4068 αὐτοῦ
1431 4012 1553 4067 τότε
1581 4009 1879 4086 ἐξέλαμψεν
1913 4011 1988 4074 εἷς

326 4104 435 4160 Καὶ
483 4103 535 4158 ἐν
596 4108 674 4175 τῷ
729 4101 993 4175 ἑνδεκάτῳ
1039 4096 1144 4157 ἔτει
1202 4109 1302 4170 τῆς
1361 4097 1547 4175 ἐξόδου
1602 4106 1712 4157 τῶν
1779 4101 1908 4155 υῗῶν

254 4192 490 4268 Ἰσραὴλ
538 4191 842 4254 κελευσθεὶς
911 4193 1154 4261 Μωυσῆς
1215 4189 1572 4264 ἐξαριθμῆσαι
1628 4189 1720 4245 τὸν
1775 4190 1908 4245 λαὸν

255 4283 369 4337 ἀπὸ
407 4282 750 4344 εἶκοσαετοῦς
778 4280 866 4336 καὶ
897 4280 1076 4336 ἐπάνω
1130 4282 1213 4354 [Ρ.
1265 4281 1355 4354 50]
1411 4280 1538 4342 τοὺς
1598 4277 1913 4350 ἐξελθόντας

254 4371 313 4444 ἐξ
355 4371 661 4446 Αἰγύπτου,
693 4371 872 4449 χωρῖς
902 4374 1168 4446 γυναικῶν
1197 4367 1431 4425 παιδίων
1472 4367 1562 4423 καὶ
1617 4374 1717 4437 τῆς
1755 4373 1914 4422 Λευῖ-

248 4469 420 4531 τικῆς
482 4459 683 4541 φυλῆς,
741 4456 861 4533 εῦρε
916 4455 1180 4533 μυριάδας
1238 4458 1497 4530 ἑξήκοντα
1546 4456 1637 4511 καὶ
1692 4476 1913 4532 τρισχι-

252 4551 420 4611 λίους
450 4549 837 4610 πεντακοσίους
894 4550 1255 4618 πεντήκοντα,
1317 4547 1424 4601 ἀπὸ
1479 4550 1589 4602 τῶν
1641 4544 1914 4601 εἰσελθόν-

1190 1960 1401 2034 ἡμέρας
1450 1963 1619 2032 τρεῖς,
1690 1956 1915 2032 Μαρτίῳ

2027 1962 2555 2033 primogenitorum
2580 1962 2989 2017 interitus.Die
3004 1961 3193 2016 Martii
3221 1961 3451 2016 decimo
3468 1966 3678 2031 quarto

2024 2050 2346 2120 deprmdati
2369 2051 2543 2117 jussu
2600 2050 2699 2105 Dei
2751 2050 3048 2121 .‘Egyptios
3102 2049 3289 2104 Judzei
3347 2050 3674 2104 exiverunt.

2023 2141 2162 2194 Post
2181 2140 2404 2194 exitum
2429 2156 2498 2194 ex
2519 2142 2759 2213 Egypto
2781 2140 2987 2196 Jothor
3008 2140 3182 2194 Mosis
3205 2156 3396 2208 socer,
3441 2155 3678 2195 assum-

2022 2234 2122 2300 pta
2151 2228 2413 2300 Sephora
2446 2230 2619 2283 Mosis
2641 2246 2824 2284 uxore
2848 2229 3097 2300 ejusque
3119 2228 3352 2283 duobus
3402 2228 3565 2295 ﬁliis,
3601 2228 3676 2283 ad

2024 2318 2240 2372 Mosem
2273 2318 2335 2373 in
2368 2317 2754 2373 solitudinem
2786 2318 3071 2389 pervenit,
3106 2317 3301 2373 adhuc
3332 2333 3464 2372 cum
3498 2319 3675 2372 Ama—

2023 2406 2150 2462 leco
2183 2406 2404 2461 bellum
2437 2415 2762 2479 gerentem.
2793 2407 2987 2462 Tertio
3020 2406 3092 2462 ab
3119 2408 3279 2461 exitu
3312 2422 3518 2461 mense
3579 2406 3674 2461 lex

2022 2495 2084 2549 in
2107 2501 2309 2551 monte
2331 2497 2490 2551 Sinai
2517 2496 2657 2555 lata.
2681 2497 3008 2567 decemque
3030 2502 3326 2567 praacepta
3347 2495 3512 2562 Mosi,
3551 2497 3668 2550 Aa-

2022 2588 2153 2642 roni
2179 2593 2356 2658 atque
2378 2588 2653 2643 universo
2685 2588 2903 2659 populo
2953 2588 3091 2643 data
3138 2592 3296 2642 sunt.
3332 2585 3671 2643 Secundum

2021 2676 2132 2730 hoc
2155 2692 2358 2730 rursus
2382 2676 2847 2746 Mosesjubetur,
2873 2681 3178 2747 assumpto
3201 2677 3670 2744 Josua,montem

2020 2765 2800 2837 conscendere,tabulasque
2820 2766 3088 2837 accipere
3111 2766 3169 2820 in
3194 2765 3408 2837 quibus
3431 2765 3525 2820 lex
3571 2764 3669 2818 Dei

2020 2854 2316 2925 perscipta
2340 2859 2483 2909 erat.
2517 2854 2739 2908 Eodem
2776 2861 3042 2926 tempore
3073 2855 3378 2926 exemplar
3432 2870 3669 2925 quoque

2019 2943 2384 2998 tabernaculi
2414 2942 2575 3007 vidit,
2599 2943 2949 3014 reliquaque
2974 2944 3110 2997 item
3134 2944 3333 2998 omnia
3358 2960 3489 3013 quas
3512 2942 3584 2998 ad
3609 2942 3669 2997 id

2019 3032 2412 3103 pertinebant.
2436 3031 2678 3086 Interim
2698 3032 2952 3103 pepulus
2975 3032 3220 3086 vitulum
3271 3032 3510 3086 fecerat.
3547 3033 3668 3086 Mo-

2019 3137 2113 3175 ses
2134 3137 2169 3175 a
2192 3121 2306 3175 Deo
2329 3121 2515 3175 factas
2534 3119 2765 3175 tabulas
2791 3120 3129 3192 confringit,
3174 3119 3465 3190 jubetque
3518 3118 3666 3174 alias

2018 3225 2085 3264 ex
2122 3209 2317 3281 lapide
2344 3208 2634 3275 excidere,
2666 3214 2724 3264 et
2749 3214 3010 3265 montem
3045 3209 3664 3280 conscendere.Atque

2019 3314 2175 3365 ecce,
2200 3301 2437 3355 tertium
2463 3299 2786 3372 Decalogus
2808 3316 2842 3355 a
2863 3300 2981 3356 Deo
3003 3299 3275 3368 traditur,
3310 3300 3569 3371 primum
3601 3301 3662 3355 in

2019 3396 2219 3445 monte
2253 3390 2435 3455 Sinai,
2468 3390 2568 3445 ubi
2598 3389 2755 3444 tubae
2788 3397 2845 3445 et
2901 3390 3128 3463 caligo;
3190 3390 3475 3454 secundo,
3525 3407 3661 3446 eum

2015 3479 2386 3535 admirabilis
2415 3495 2608 3535 scenas
2639 3485 2698 3535 et
2752 3479 2828 3534 ad
2886 3479 2947 3533 id
2996 3480 3423 3551 pertinentium
3469 3481 3660 3535 visum

2020 3569 2158 3623 Mosi
2194 3575 2284 3624 est
2308 3568 2612 3636 oblatum;
2648 3569 2822 3624 tertio
2867 3575 3001 3641 post
3053 3569 3316 3624 effictum
3369 3570 3657 3627 vitulum:

2016 3674 2153 3713 nam
2184 3664 2242 3713 et
2299 3664 2435 3712 tunc
2492 3659 2681 3713 Moses
2741 3659 3129 3730 quadraginta
3183 3659 3312 3713 dies
3370 3659 3430 3713 in
3462 3666 3661 3715 monte

2015 3753 2417 3802 commoratus
2448 3754 2557 3807 est.
2590 3748 2672 3801 ita
2698 3752 2764 3801 ut
2792 3763 2985 3817 neque
3015 3762 3229 3817 panem
3248 3747 3451 3802 ederet
3470 3764 3663 3818 neque

2016 3851 2234 3906 aquam
2268 3835 2513 3889 biberet.
2547 3834 2660 3890 Sed
2689 3840 2750 3889 et
2778 3834 3063 3906 splendor
3101 3835 3275 3890 faciei
3336 3835 3466 3907 ejus
3523 3842 3665 3891 tunc

2016 3924 2089 3980 ad
2123 3924 2406 3995 populum
2440 3923 2682 3979 effulsit.

2021 4012 2115 4066 τὸν
2147 4009 2300 4069 λαόν.

2092 4102 2414 4156 Undecimo
2433 4118 2589 4156 anno
2611 4101 2683 4157 ab
2707 4103 2868 4156 exitu
2889 4102 2961 4157 de
3009 4104 3274 4175 Egypto,
3323 4105 3511 4158 Moses
3533 4105 3669 4175 jus-

2021 4207 2122 4245 sus
2153 4205 2467 4245 numerum
2503 4190 2704 4261 populi
2736 4189 2910 4256 inire,
2942 4207 2977 4244 a
3005 4191 3206 4263 viginti
3238 4206 3425 4246 annos
3444 4198 3585 4247 nato
3609 4198 3668 4247 et

2021 4279 2278 4351 amplius
2301 4279 2401 4350 qui
2422 4279 2642 4352 egressi
2662 4285 2948 4333 essentex
2978 4283 3246 4352 Egypto,
3293 4279 3392 4335 89
3441 4280 3665 4352 absque

2022 4368 2375 4424 mulieribus
2397 4373 2456 4422 et
2476 4367 2682 4422 liberis
2712 4373 2888 4439 atque
2921 4368 3174 4423 Levitica
3201 4368 3379 4438 tribu,
3440 4370 3669 4426 invenit

2023 4475 2319 4514 summam
2351 4466 2765 4515 sexcentorum
2797 4459 3077 4524 millium,
3109 4476 3178 4514 ac
3210 4459 3387 4515 trium
3410 4461 3668 4516 millium

2024 4549 2486 4621 quingentorum
2514 4549 2963 4621 quinquaginta.
2999 4550 3086 4605 Ad
3138 4548 3295 4605 hunc
3350 4568 3670 4607 numerum

248 4662 367 4694 των
402 4640 481 4700 εἷς
513 4639 784 4711 Αἴγυπτον
826 4640 896 4692 oe‘
922 4640 1139 4712 ψυχῶν,
1174 4636 1250 4699 εἰς
1294 4633 1391 4707 ἓτη
1435 4637 1548 4691 σιε’.
1606 4636 1806 4697 Πάντες
1853 4632 1911 4689 δὲ

2027 4639 2276 4711 populus
2299 4639 2489 4711 spatio
2514 4642 2614 4693 215
2638 4655 2932 4694 annorum
2955 4654 3026 4693 ex
3047 4642 3113 4693 75
3132 4639 3424 4710 capitibus
3465 4657 3669 4696 excre-

250 4729 413 4784 οὗτοι
446 4726 502 4782 ἐν
530 4730 600 4797 τῇ
632 4725 825 4803 ἐρήμῳ
856 4722 1220 4800 διεφθάρησαν
1258 4722 1553 4794 ποικίλως,
1606 4724 1657 4778 o't
1692 4725 1787 4795 μὲν
1817 4720 1907 4777 διὰ

256 4815 651 4893 βλασφημίαν,
684 4816 736 4870 οἱ
768 4811 825 4869 δὲ
856 4811 928 4869 δι’
958 4811 1438 4889 είδωλολατρείαν,
1470 4813 1521 4867 οἱ
1554 4810 1610 4868 δὶ
1668 4810 1739 4867 δι’
1782 4812 1911 4867 ἀπι-

254 4905 445 4975 στίαν,
478 4904 630 4967 ἐκτὸς
663 4906 844 4975 Ἰησοῦ
875 4903 964 4959 καὶ
1006 4897 1214 4960 Χάλεϐ.
1279 4906 1480 4972 Ἕξησε
1527 4898 1585 4957 δὶ
1641 4905 1847 4972 Ἰησνῦς
1881 4902 1909 4955 6

251 4999 363 5051 τοῦ
396 5000 546 5063 Ναυῆ
580 4987 672 5064 ἔτη
733 4993 924 5048 ἑκατὸν
977 4989 1123 5061 δέκα,
1157 4993 1184 5047 6
1216 4988 1273 5047 δὶ
1328 4996 1426 5046 τοῦ
1484 4992 1661 5070 Ἰεφοῆ
1722 4983 1913 5047 Χάλεϐ

254 5081 360 5157 ἴτη
390 5083 582 5139 ἑκατὸν
612 5083 834 5154 ἑξήκοντ
842 5103 891 5139 α.

327 5267 452 5317 Ὀυι
509 5261 563 5317 ἒν
620 5264 690 5335 τῇ
751 5258 972 5337 δευτερᾳ
1021 5259 1399 5335 ἕξαριθμήσει,
1456 5257 1613 5328 ἡνίκα
1670 5264 1910 5328 Μωυσῆς

250 5353 350 5410 καὶ
384 5350 649 5426 Ἐλεάζαρ
680 5351 994 5425 ἠρίθμησαν
1051 5350 1141 5403 τὸν
1202 5346 1354 5420 λαὸν,
1416 5348 1523 5424 οὐχ
1570 5344 1759 5423 εὑρέθη
1822 5348 1913 5402 ἅν-

252 5454 479 5517 θρωπος
511 5438 571 5495 ἐκ
599 5446 699 5507 τῆς
754 5438 978 5513 πρώτης
1035 5437 1404 5513 ἀριθμῆσεως,
1456 5435 1617 5506 ἡνίκα
1673 5441 1914 5504 Μωυσῆς

253 5531 353 5587 καὶ
380 5528 597 5606 ’Λαρὼν
625 5527 937 5603 ἠρίθμησαν
966 5526 1057 5581 τὸν
1091 5524 1245 5581 λαόν.
1296 5525 1484 5599 Γέγονε
1544 5521 1601 5579 δὲ
1638 5526 1673 5593 ἡ
1714 5526 1908 5598 πρώτη

262 5621 565 5696 ἀρίθμησις
607 5618 734 5692 περὶ
791 5617 853 5671 τὸ
906 5616 1142 5685 Σίναιον,
1172 5616 1206 5683 ἡ
1240 5610 1297 5670 δί
1354 5611 1578 5690 δευτέρα
1618 5613 1765 5689 παρὰ
1817 5613 1907 5668 τὸν

253 5706 538 5788 Ἰορδάνην
552 5749 562 5770 .

2017 4734 2198 4794 verat,
2223 4745 2354 4800 quas
2377 4729 2437 4782 in
2466 4728 2774 4799 (Egyptum
2805 4726 3260 4784 descenderant.
3298 4730 3510 4784 Verum
3540 4730 3667 4784 haec

2020 4818 2213 4872 omnis
2234 4816 2548 4872 multitudo
2564 4817 2625 4871 in
2643 4815 2966 4872 solitudine
2984 4816 3232 4871 diversis
3256 4817 3446 4872 modis
3462 4833 3671 4873 omnes

2020 4907 2350 4979 perierunt,
2374 4905 2499 4972 alii,
2520 4905 2679 4976 quod
2696 4905 2767 4960 de
2790 4906 2908 4960 Deo
2932 4905 3113 4977 impie
3136 4912 3335 4961 essent
3356 4905 3668 4969 locuti,alii

2022 4995 2096 5051 ob
2130 4996 2584 5051 simulacrorum
2614 4994 2862 5061 cultum,
2892 4995 2992 5048 alii
3038 4993 3112 5049 ob
3164 4993 3666 5050 incredulitatem.

2022 5086 2141 5142 Soli
2153 5086 2517 5141 JosuaNauw
2531 5083 2686 5139 filius
2701 5082 3312 5154 etCalebusJephunaa
3328 5083 3671 5154 filiussuper

2022 5175 2189 5230 stites
2204 5175 2472 5229 fuerunt:
2496 5171 2865 5243 quorumille
2890 5174 3012 5237 HO,
3036 5172 3134 5226 hic
3161 5171 3261 5225 160
3292 5188 3482 5227 annos
3502 5172 3665 5228 vixit.

2091 5266 2157 5319 In
2182 5264 2444 5319 secunda
2467 5261 2669 5333 populi
2716 5260 3067 5317 recensione
3117 5277 3152 5315 a
3199 5262 3355 5316 Mose
3396 5261 3667 5319 Eleazaro

2021 5354 2292 5409 instituta
2315 5368 2388 5407 ne
2406 5367 2562 5406 unus
2585 5350 2826 5421 quidem
2857 5367 3060 5405 eorum
3092 5350 3434 5406 mortalium
3462 5369 3666 5424 super-

2018 5442 2131 5498 fuit
2161 5443 2262 5513 qui
2294 5442 2354 5496 in
2391 5441 2587 5512 priore
2618 5440 2851 5495 fuerant
2882 5439 3251 5507 recensione,
3285 5457 3463 5511 quam
3481 5442 3669 5498 Moses

2022 5536 2080 5586 et
2108 5534 2305 5586 Aaron
2336 5529 2747 5586 obiverant.Ea
2767 5529 2941 5602 juxta
2973 5534 3235 5585 montem
3270 5529 3665 5602 Sinai,poste-

2018 5620 2143 5676 rior
2170 5636 2325 5691 pone
2355 5619 2666 5676 Iordanem
2698 5623 2830 5675 acta
2859 5617 2987 5675 fuit.
