4094 6292
449 372 562 434 119

517 505 703 560 Moses
725 521 858 560 cum
875 522 910 560 a
935 507 1048 562 Deo
1070 506 1276 563 multis
1292 509 1569 580 precibus
1591 509 1834 582 supplex
1849 514 2094 564 conten-
2130 508 2180 572 Α

453 593 640 650 disset
657 599 725 650 ut
741 593 851 650 sibi
876 596 1190 652 Iordanem
1217 598 1468 654 transire
1492 604 1830 670 terramque
1843 598 2092 671 promis-

448 699 576 740 sam
597 700 842 740 cernere
858 685 1243 754 daretur,non
1257 687 1657 746 obtinuit.Sed
1668 688 1878 744 dixitei
1899 689 2052 744 Deus
2081 703 2094 741 :

449 797 475 824 ιι
497 774 615 830 Hoc
633 774 734 832 libi
755 775 1308 834 sufficiatAscende
1324 779 1675 836 inverticem
1691 779 1929 848 montis,
1955 793 2095 834 ocu-

443 861 522 920 lis
547 864 664 919 tuis
686 866 922 920 eminus
954 873 1170 922 terram
1205 869 1378 925 istam
1411 869 1748 942 speculare:
1784 886 1904 924 non
1937 867 2094 924 enim

445 952 1060 1010 transibisJordanem
1079 956 1177 1010 ".n
1203 961 1464 1014 Mortuus
1489 964 1578 1015 est
1600 965 1795 1016 autem
1820 961 2006 1015 Moses
2030 975 2098 1014 eo

445 1043 508 1098 in
531 1049 754 1112 monte,
779 1061 968 1101 annos
991 1052 1164 1102 natus
1191 1051 1308 1102 110.
1339 1048 1555 1105 Ductor
1571 1049 1774 1122 populi
1798 1054 1932 1121 post
1960 1064 2098 1105 eum

443 1133 560 1189 fuit
578 1134 755 1189 Josua
776 1151 1083 1206 perannos
1104 1136 1195 1206 27,
1219 1138 1481 1210 vixitque
1498 1155 1688 1195 annos
1712 1139 1958 1194 omnino
1977 1138 2095 1193 110.

518 1221 829 1277 Enimvero
862 1240 1058 1296 operae
1089 1225 1214 1280 fore
1247 1225 1390 1282 duxi
1421 1245 1516 1283 res
1544 1227 1705 1283 beati
1745 1227 1921 1284 Mosis
1970 1227 2099 1298 pla-

445 1311 582 1366 nius
614 1312 932 1384 explicare,
965 1315 1015 1370 is
1047 1331 1184 1388 ergo
1214 1323 1567 1388 accepturus
1611 1317 1964 1374 secunderio
2012 1317 2093 1372 le.

444 1418 580 1473 gem
611 1402 672 1457 in
703 1409 970 1460 montem
989 1407 1278 1462 ascendit.
1301 1409 1615 1464 Descendit
1637 1425 1706 1465 eo
1729 1409 1790 1463 in
1815 1409 1918 1463 90
1939 1406 2096 1463 nube

445 1492 936 1564 Dominus,eique
956 1495 1148 1551 Moses
1165 1497 1510 1570 adstititper
1529 1497 1658 1554 dies
1682 1501 1752 1553 40
1773 1503 2096 1568 noctesque

445 1579 716 1650 totidem,
773 1582 856 1638 ita
910 1589 980 1638 ut
1037 1601 1232 1656 neque
1290 1603 1443 1658 pane
1513 1592 1852 1643 vesceretur
1901 1601 2096 1656 neque

448 1687 664 1741 aquam
697 1671 943 1728 biberet.
977 1675 1047 1728 Et
1075 1675 1313 1747 scripsit
1341 1676 1402 1730 in
1433 1675 1652 1732 tabulis
1681 1675 1859 1732 verba
1899 1677 2096 1730 Testa-

449 1760 658 1823 menti,
691 1760 895 1817 decem
927 1761 1039 1818 ista
1070 1763 1266 1818 verba.
1301 1766 1566 1836 Cumque
1588 1765 1906 1836 splendore
1927 1781 2098 1820 orna-

1809 370 2126 434 GEORGII
2172 371 2510 435 CEDRENI

3757 371 3870 436 120

2283 503 2403 559 ὐτι
2435 499 2648 574 δεήσεις
2692 502 2929 577 μεγάλας
2988 507 3356 578 ποιησάμενος
3406 504 3552 579 πρὸς
3602 504 3700 558 τὸν
3747 507 3870 559 Θεὸν

2209 590 2284 654 εἷς
2325 591 2386 646 τὸ
2443 587 2697 661 διαϐῆναι
2753 593 2844 648 τὸν
2908 589 3184 668 Ἰορδάνην
3238 598 3326 648 καὶ
3362 589 3536 648 ίδκεῖν
3597 594 3706 662 τήν
3765 599 3868 668 γῆν

2205 687 2304 749 τῆς
2351 679 2678 756 ἐπαγγελίας
2735 682 2844 762 οὐχ
2902 681 3244 754 ὑπηκοῦσοη,
3304 679 3430 738 ἀλλ’
3496 682 3664 736 εἶπεν
3726 680 3873 754 αὖτῷ

2207 769 2235 824 ὃ
2267 769 2417 830 Θεός.
2454 794 2483 822 ‹‹
2514 769 2838 835 Ἰκανοῦσοω
2871 788 2976 826 σοι’
3039 767 3268 840 ἀνάϐηθι
3325 770 3414 826 ἐπὶ
3463 771 3572 840 τήν
3625 773 3872 846 κορυιρην

2204 863 2302 913 τοῦ
2333 857 2515 930 ὅρους,
2545 860 2637 914 καὶ
2669 855 2756 915 ’ἴδε
2783 864 2898 921 τοῖς
2923 858 3234 939 ὀφθαλμοῖς
3260 881 3378 926 σου,
3403 859 3488 916 δτι
3523 859 3594 914 οὗ
3629 852 3869 932 διαϐήσῃ

2206 949 2295 1004 τὸν
2331 948 2628 1022 Ἰορδάνην.
2663 973 2692 1003 ››
2725 949 2827 1006 Καὶ
2859 949 3178 1021 ἐτελεύτησε
3241 955 3478 1021 Μωϋσῆς
3515 949 3575 1005 ἐν
3625 953 3714 1021 τῷ
3761 945 3871 1022 ὄρει

2206 1037 2394 1111 ἐκείνῳ
2423 1038 2557 1094 ἐτῶν
2590 1038 2776 1095 ἑκατὸν
2810 1037 2956 1094 δίκα.
2991 1039 3089 1094 Καὶ
3141 1042 3358 1115 ἡγεῖται
3409 1043 3510 1095 τοῦ
3565 1036 3717 1094 λαοῦ
3766 1039 3871 1110 Ἰη-

2208 1133 2332 1190 σοῦς
2363 1122 2458 1200 ἔτη
2489 1130 2589 1200 κζ’,
2621 1131 2790 1200 ζήσας
2824 1129 2893 1184 τά
2921 1129 3097 1184 πάντα
3124 1125 3218 1200 ἔτη
3253 1129 3440 1186 ἑκατὸν
3470 1125 3635 1186 δὲκα.

2279 1215 2458 1274 Ἀλλὰ
2485 1214 2602 1273 δέον
2631 1217 2927 1292 ἡγησάμην
2961 1219 3279 1296 σαφέστερον
3312 1219 3377 1274 τὰ
3427 1218 3561 1294 περῖ
3612 1221 3719 1272 τοῦ
3770 1237 3869 1292 μα·

2206 1309 2401 1382 καρίου
2459 1308 2734 1370 Μωυσέως
2791 1305 3097 1380 διεξελθεῖν.
3158 1304 3394 1364 Μέλλων
3452 1308 3566 1385 γὰρ
3611 1308 3643 1363 6
3679 1306 3871 1372 θεσπὲ-

2208 1415 2322 1457 σιος
2353 1395 2512 1457 οὗτος
2542 1395 2634 1450 τὸν
2668 1392 2915 1471 δεύτερον
2947 1396 3112 1470 νόμον
3149 1393 3400 1471 δέχεσθαι
3440 1390 3619 1464 ἀνέϐη
3689 1395 3770 1456 εἷς
3813 1395 3874 1450 τὸ

2206 1481 2358 1558 ὄρτς,
2415 1483 2506 1538 καὶ
2561 1479 2763 1554 κατέϐη
2823 1483 3024 1558 Κύριος
3083 1481 3136 1538 ἰν
3177 1483 3402 1563 νεφέλη,
3459 1485 3560 1540 καὶ
3623 1479 3870 1558 παρέστη

2203 1573 2355 1644 αὐτῷ
2385 1572 2582 1634 ἐκεῖνος
2638 1572 2848 1647 ἡμέρας
2898 1571 3291 1644 τεσσαράκοντα
3345 1572 3434 1626 καὶ
3491 1570 3704 1634 νύκτας
3761 1592 3874 1626 τεσ-

2205 1661 2526 1736 σαράκοντα
2595 1659 2754 1736 ἄρτον
2823 1661 2922 1716 οὐκ
2977 1659 3143 1738 ἔφαγε
3194 1660 3285 1715 καὶ
3347 1658 3496 1736 ὕδωρ
3561 1660 3675 1716 οὐκ
3733 1655 3867 1719 ἔπιε.

2207 1744 2564 1826 Καῖἕγραψεν
2593 1750 2680 1806 ἐπὶ
2739 1753 2846 1805 τῶν
2904 1747 3128 1805 πλακῶν
3186 1749 3253 1804 τὰ
3307 1749 3531 1824 ῥήματα
3587 1757 3698 1820 τῆς
3756 1746 3872 1804 δια-

450 1853 567 1910 tus,
600 1849 853 1921 sumptis
879 1851 1118 1920 tabulis,
1151 1853 1223 1908 de
1255 1833 1896 1926 monte-descenderet,
1953 1853 2090 1909 vidit

2208 1843 2402 1912 θήκης,
2431 1840 2556 1902 τοὺς
2588 1838 2716 1896 δέκα
2743 1837 2969 1913 λόγους.
3005 1839 3099 1893 Καὶ
3135 1833 3319 1894 λαϐὼν
3349 1839 3444 1902 τὰς
3498 1839 3731 1901 πλάκας
3783 1838 3868 1894 καὶ

2352 1924 2573 1942 ο...
2681 1924 2767 1942 -.ρ
2932 1925 3076 1942 κ...
3204 1929 3214 1942 .
3393 1925 3591 1942 η..-
3703 1929 3717 1942 .
3858 1927 3868 1940 .

449 1941 648 1994 Aaron
678 1939 1108 2012 universusque
1139 1943 1395 2015 populus
1432 1944 1648 2000 faciem
1693 1945 1870 2000 Mosis
1925 1960 2094 2000 coru-

457 2035 744 2096 scantem,
778 2035 1236 2102 metueruutque
1267 2033 1342 2088 ad
1373 2049 1508 2089 eum
1540 2032 1843 2090 accedere.
1895 2034 2100 2105 Itaque

448 2117 745 2173 velamine
765 2120 975 2191 capitis
999 2138 1142 2178 usus
1169 2128 1280 2190 est,
1304 2123 1536 2194 quoties
1557 2139 1692 2178 cum
1711 2122 1857 2194 ipsis
1877 2129 2097 2194 ageret.

450 2207 681 2263 Etenim
715 2215 849 2279 post
876 2213 944 2264 40
976 2211 1103 2266 dies
1134 2228 1268 2266 cum
1295 2211 1723 2279 descendisset,
1746 2212 1836 2268 ira
1859 2211 1934 2267 ob
1956 2213 2099 2268 vitu-

447 2294 574 2350 lum
604 2297 866 2352 efﬁctum
900 2300 1180 2370 percitus,
1215 2300 1376 2355 illico
1401 2301 1634 2357 tabulas
1665 2293 2099 2378 comminuit,et

450 2383 792 2456 quicunque
804 2385 1026 2459 ﬂagitio
1039 2387 1898 2454 erantobnoxii,internecione
1911 2387 2096 2444 deleri

440 2473 644 2544 jussit.
678 2475 822 2529 Tum
842 2475 1023 2530 vitulo
1045 2493 1076 2530 e
1097 2477 1294 2532 medio
1321 2477 1576 2544 sublato,
1608 2494 1845 2549 unoque
1872 2477 1968 2534 die
1991 2478 2093 2533 tri-

445 2561 556 2617 bus
571 2563 826 2619 virorum
841 2565 1238 2636 pessimorum
1253 2567 1518 2622 millibus
1531 2567 1876 2624 interfectis.
1888 2568 2098 2638 postri-

445 2651 542 2706 die
575 2653 852 2709 celeriter
885 2654 959 2708 ad
991 2656 1308 2711 Dominum
1341 2656 1402 2712 in
1433 2664 1697 2713 montem
1725 2673 1788 2712 se
1818 2657 2095 2724 contulit,

444 2743 615 2812 quasi
647 2741 934 2814 pudorem
968 2745 1043 2811 ei,
1078 2745 1192 2800 nisi
1245 2745 1588 2817 deprecanti
1639 2753 1951 2816 annueret,
1999 2747 2091 2802 in-

445 2847 748 2888 cussurus.
782 2836 974 2904 Atque
1007 2834 1142 2890 audi
1175 2835 1318 2906 quid
1345 2835 1650 2908 Scriptura
1679 2836 1874 2892 dicat:
1909 2859 1936 2886 «
1959 2835 2096 2892 Pos-

445 2920 623 2977 tridie
661 2922 854 2978 Moses
885 2923 968 2979 ita
1010 2925 1296 2997 pOpulum
1341 2931 1431 2981 est
1485 2926 1780 2983 allocutus
1815 2943 1828 2982 :
1882 2927 2092 2999 Ingens

443 3010 734 3084 ﬂagitium
793 3014 1195 3070 commisistis.
1254 3020 1422 3071 Nunc
1504 3015 1705 3088 itaque
1769 3015 2089 3072 ascendam

445 3099 518 3156 ad
553 3106 756 3169 Deum,
790 3107 856 3156 ut
884 3119 1004 3166 vos,
1049 3103 1150 3173 qui
1197 3110 1438 3174 peccato
1488 3121 1625 3160 eum
1677 3105 1977 3175 irritastis,
2026 3104 2089 3158 in

442 3190 692 3259 gratiam
724 3190 856 3260 ejus
885 3192 1216 3247 restituam.
1242 3195 1650 3265 Reversusque
1677 3193 1750 3250 ad
1775 3193 2088 3250 Dominum

442 3279 632 3334 Moses
687 3277 871 3334 dixit:
921 3281 1235 3352 Deprecor,
1285 3282 1540 3353 populus
1579 3283 1690 3338 iste
1731 3283 1973 3356 grandis
2019 3300 2082 3340 se

440 3367 724 3422 facinoris
753 3367 1032 3440 obligavit
1063 3368 1204 3424 deos
1235 3370 1347 3425 sibi
1387 3370 1683 3442 fingendo.
1713 3371 1881 3426 Nunc
1925 3389 2084 3444 ergo,

442 3455 738 3526 siquidem
771 3456 856 3512 eis
887 3457 1002 3512 hoc
1033 3475 1206 3512 suum
1237 3458 1433 3514 scelus
1465 3459 1743 3530 ignoscis,
1801 3459 2040 3530 ignosce
2070 3475 2084 3514 :

442 3545 534 3601 sin
563 3563 722 3616 vero,
756 3562 851 3601 me
878 3563 948 3601 ex
981 3546 1131 3602 libro
1162 3563 1338 3618 quem
1372 3547 1659 3618 scripsisti
1705 3547 1920 3602 deleto.
1971 3550 2084 3604 Re-

438 3636 680 3708 spondit
710 3642 908 3693 autem
934 3637 1124 3694 Deus:
1160 3637 1215 3692 Si
1249 3637 1383 3707 quis
1426 3636 1738 3692 adversum
1787 3653 1884 3693 me
1931 3637 2081 3692 deli-

439 3728 654 3798 querit,
688 3744 824 3783 eum
855 3727 928 3783 de
985 3727 1138 3782 libro
1171 3743 1303 3782 meo
1330 3726 1562 3782 delebo.
1593 3728 1762 3784 Nunc
1792 3733 1991 3783 autem
2023 3732 2086 3782 tu

434 3815 602 3882 vade,
635 3817 1042 3890 populumque
1074 3815 1188 3872 duc
1213 3815 1288 3871 ad
1317 3815 1516 3871 locum
1547 3831 1726 3887 quem
1775 3815 1880 3872 tibi
1928 3816 2088 3872 indi-

438 3905 582 3961 cavi.
617 3909 808 3976 Atque
839 3922 994 3973 ecce,
1029 3906 1274 3978 angelus
1303 3921 1472 3960 meus
1499 3905 1794 3976 praecedet
1828 3911 1908 3961 te.
1963 3907 2088 3972 Qua

435 4001 636 4051 autem
668 3993 763 4050 die
788 4011 904 4068 .eos
949 3993 1221 4061 visitabo,
1268 4010 1338 4048 ea
1384 4011 1618 4066 poenam
1661 4012 1768 4068 pro
1815 3995 1928 4051 hoc
1981 3996 2076 4051 91

435 4083 652 4141 delicto
674 4083 820 4156 ipsis
845 4082 1105 4156 inﬂigam
1134 4085 1197 4138 ¹³.
1229 4103 1255 4132 ο
1288 4084 1546 4140 Proinde
1568 4090 1727 4140 extra
1751 4091 2085 4142 controver-

435 4175 580 4231 siam
617 4179 728 4243 est,
759 4175 828 4228 80
857 4173 1172 4227 continuos
1204 4171 1332 4228 dies
1359 4171 1596 4230 beatum
1632 4175 1849 4229 Mosem
1879 4173 2084 4230 divino

433 4265 720 4320 instinctu
775 4263 1055 4318 affectum
1107 4260 1238 4316 cibo
1290 4261 1672 4328 abstinuisse,
1721 4261 1932 4318 alitum
1980 4263 2084 4319 Dei

431 4369 707 4410 sermone
755 4351 1084 4407 secundum
1134 4351 1368 4405 Domini
1415 4350 1660 4406 dictum.
1717 4351 1895 4406 Porro
1945 4368 2083 4408 cum

433 4445 620 4498 Moses
642 4443 703 4496 in
729 4440 1168 4496 tabernaculum
1192 4441 1518 4496 testimonii
1538 4439 2082 4514 intrabat,populus

430 4533 742 4589 universus
771 4529 964 4586 stabat
983 4547 1094 4584 con
1104 4529 1698 4601 templans,Moseque
1717 4530 2080 4602 introgresso

431 4621 610 4678 nubis
631 4621 909 4675 columna
931 4625 989 4674 et
1011 4619 1162 4674 Deus
1185 4617 1259 4674 ad
1285 4617 1736 4674 tabernaculum
1761 4601 2084 4675 descende-

2201 4614 2262 4684 τῇ
2319 4611 2496 4682 σκηνῇ
2551 4609 2646 4661 τοῦ
2727 4601 3050 4679 μαρτυρίου,

431 4709 595 4766 bant.
629 4709 890 4781 Populus
919 4713 1118 4764 autem
1152 4707 1494 4763 columnam
1533 4707 1710 4763 nubis
1763 4712 2079 4763 cernentes

429 4797 758 4854 adorabant
787 4797 1040 4869 quisque
1071 4814 1105 4852 a
1145 4812 1250 4851 suo
1283 4795 1682 4854 tabernaculo.
1729 4800 1920 4869 Atque
1968 4797 2080 4853 hoc

429 4887 606 4944 modo
629 4888 782 4942 Deus
803 4903 938 4942 cum
958 4887 1112 4942 Mose
1134 4885 1196 4940 in
1217 4891 1541 4957 conspectu
1561 4885 1766 4960 populi
1796 4884 2075 4958 loqueba-

429 4981 546 5032 tur.
579 4978 766 5032 Moses
797 4992 971 5047 porro
991 4981 1059 5030 ut
1087 4973 1376 5046 populum
1407 4973 1478 5028 ab
1511 4973 1600 5030 ira
1629 4974 1731 5030 Dei
1773 4974 2076 5044 liberaret,

429 5071 592 5122 tanto
625 5070 844 5121 conatu
869 5064 1170 5119 nitebatur
1199 5062 1465 5134 adeoque
1500 5079 1620 5118 sua:
1651 5063 1839 5135 ipsius
1868 5063 2078 5119 salutis

428 5172 629 5210 curam
657 5173 776 5210 non
799 5154 1058 5226 gerebat,
1077 5158 1144 5206 ut
1162 5152 1336 5207 etiam
1362 5152 1421 5207 in
1442 5151 1608 5208 clade
1625 5153 1724 5207 Dei
1747 5151 2076 5208 secundum

431 5246 710 5300 Davidem
743 5244 995 5300 steterit.
1027 5248 1098 5296 At
1147 5259 1282 5296 vero
1311 5241 1495 5297 λιιόωί
1525 5249 1593 5298 ιιι
1621 5249 1791 5299 erant
1843 5242 2077 5314 ingrati,

428 5334 618 5405 magis
651 5349 960 5404 magisque
992 5331 1270 5386 adversus
1299 5332 1648 5402 prophetam
1682 5349 1854 5388 suum
1878 5332 2078 5386 insur-

425 5428 726 5479 rexerunt.
757 5423 1056 5492 Quotquot
1087 5427 1282 5475 autem
1317 5421 1426 5475 hoc
1458 5427 1724 5493 egerunt,
1768 5421 1807 5474 ii
1859 5419 2074 5492 partim

498 5513 542 5548 ¹²
571 5511 738 5566 Deut.
773 5527 928 5577 χχιιι,
963 5513 1012 5564 2.
1095 5509 1136 5544 ¹³
1165 5508 1345 5564 Exod.
1378 5526 1554 5565 xxxu.

2211 1924 2447 1992 καταϐὰς
2478 1929 2585 1986 ἀπὸ
2611 1933 2708 1985 τοῦ
2739 1924 2898 2004 ὅρους
2929 1925 3338 2002 δεδοξασμένος,
3369 1925 3510 1984 εἶδεν
3537 1929 3768 2004 Ἀαρὼν
3787 1927 3874 1984 καί

2210 2020 2403 2082 πάντες
2464 2021 2516 2074 οἱ
2575 2019 2684 2075 υἱοὶ
2740 2017 2968 2096 Ἰσραὴλ
3057 2017 3120 2075 τὸ
3203 2017 3496 2092 πρόσωπον
3586 2019 3872 2080 Μωϋσέως

2207 2111 2300 2164 καὶ
2355 2110 2422 2180 ἦν
2478 2106 2888 2184 δεδοξασμένον,
2940 2109 3030 2163 καὶ
3100 2103 3344 2182 ἐφοϐήθη
3416 2107 3576 2181 αὐτῷ
3647 2127 3876 2184 προσεγ-

2206 2198 2372 2275 γίσαι⁶
2407 2195 2618 2254 καὶδιά
2657 2203 2821 2253 τοῦτο
2875 2197 3143 2271 κάλυμμα
3197 2194 3451 2265 ἐπετίθει,
3507 2195 3686 2266 ἡνίκα
3741 2198 3874 2268 πρός

2209 2285 2404 2349 αὐτοὺς
2460 2284 2682 2360 ὡμίλει.
2745 2286 2894 2344 Μετὰ
2977 2285 3080 2362 γὰρ
3157 2287 3368 2362 ἡμέρας
3457 2285 3868 2358 τεσσαράκοντα

2207 2373 2504 2449 κατελθὼν,
2535 2377 2622 2431 καὶ
2676 2373 2766 2431 διὰ
2820 2376 2922 2445 την
2991 2375 3356 2450 μοσχοποιίαν
3415 2374 3727 2450 θυμωθεὶς,
3784 2373 3863 2430 εὖ·

2207 2465 2343 2530 θέως
2369 2467 2464 2528 τὰς
2521 2465 2734 2528 πλάκας
2795 2463 3082 2540 συνέτριψε
3138 2462 3228 2519 καὶ
3285 2463 3478 2520 αὐτίκα
3541 2461 3866 2540 προσέταξεν

2205 2551 2417 2624 ἡϐηδὸν
2443 2555 2644 2616 πάντας
2675 2554 2802 2614 τοὺς
2851 2553 3266 2632 παρατυχόντας
3330 2551 3715 2628 ἀναιρεθῆναι.
3767 2549 3863 2608 Καὶ

2203 2647 2296 2700 τὸν
2333 2646 2542 2720 μόσχον
2594 2643 2928 2724 ἐξαφανίσας,
2987 2643 3076 2699 καὶ
3132 2640 3479 2718 τρισχιλίους
3545 2643 3862 2718 αἰσχίστους

2204 2728 2398 2808 ἄνδρας
2439 2733 2824 2806 ἐξολοθρεύσας
2864 2731 2914 2788 ἐν
2952 2735 3052 2806 μιᾷ
3079 2731 3280 2806 ἡμέρᾳ,
3335 2733 3404 2802 τῇ
3455 2729 3700 2806 ἐπιούσῃ
3740 2732 3860 2784 θᾶτ-

2203 2844 2294 2880 τον
2327 2821 2556 2890 ἀνῆλθεν
2587 2821 2661 2884 εἷς
2717 2821 2782 2877 τὸ
2836 2822 2962 2896 ὅρος
3020 2822 3155 2894 πρὸς
3215 2818 3437 2894 Κύριον,
3509 2817 3857 2890 δυσωπήσων

2203 2912 2384 2968 αὐτόν.
2413 2915 2515 2970 Καὶ
2546 2912 2774 2968 ἄκουσον
2807 2911 2857 2966 τί
2889 2931 3052 2987 φησιν
3081 2911 3116 2979 ἡ
3157 2911 3363 2987 Γραιρή·
3423 2934 3450 2962 ‹‹
3484 2909 3596 2966 Καὶ
3648 2907 3857 2984 ἐγένετο

2181 3003 2340 3075 μετὰ
2411 3000 2506 3070 ἰὴν
2559 3000 2771 3076 αὔριον,
2853 2998 2966 3054 εἶπε
3047 3003 3286 3068 Μωϋσῆς
3340 2997 3478 3073 πρὸς
3545 2998 3644 3054 τὸν
3709 2995 3852 3054 λαὸν⁸

2200 3095 2382 3165 Ὑμεῖς
2412 3093 2768 3168 ἡμαρτήκατε
2815 3089 3080 3166 ἁμαρτίαν
3133 3088 3399 3164 μεγάλην·
3447 3087 3538 3144 καὶ
3591 3093 3686 3145 νῦν
3733 3089 3856 3144 ἀνα-

2201 3177 2446 3256 ϐήσομαι
2476 3181 2612 3255 πρὸς
2672 3181 2764 3236 τὸν
2826 3180 2980 3249 Θεὸν,
3034 3176 3127 3234 ’ἶνα
3175 3177 3514 3252 ἑξιλάσωμαι
3575 3178 3704 3253 περί
3759 3179 3852 3245 τῆς

2199 3271 2468 3347 ἁμαρτίας
2511 3271 2683 3344 ὑμῶν.
2746 3268 2849 3326 Καὶ
2907 3266 3198 3344 ἐπέστρεψε
3254 3273 3496 3338 Μωυσῆς
3557 3269 3700 3346 πρὸς
3748 3265 3852 3324 Κύ-

2195 3359 2478 3436 ριον,;καὶ
2537 3359 2676 3414 εἶπε·
2747 3357 2970 3432 Δέὸμαι,
3031 3359 3346 3433 ἡμάρτηκεν
3403 3357 3432 3412 ὁ
3497 3354 3640 3421 λαός
3697 3355 3847 3415 οὗτος

2195 3447 2462 3524 ἁμαρτίαν
2527 3445 2795 3524 μεγάλην,
2856 3448 2937 3520 [Ρ.
3017 3449 3108 3520 51]
3169 3445 3258 3501 καὶ
3312 3445 3574 3516 ἐποίησαν
3637 3447 3844 3505 ἑαυτοῖς

2196 3537 2370 3602 θεούς.
2404 3539 2502 3592 Καὶ
2533 3540 2649 3606 νῦν,
2716 3535 2762 3590 εἰ
2825 3536 2918 3607 μὶν
2973 3535 3116 3613 ἀφῇς
3173 3534 3358 3597 αὐτοῖς
3416 3535 3516 3605 τήν
3579 3532 3842 3611 ἁμαρτίαν

2196 3625 2394 3692 αὐτῶν,
2427 3623 2555 3698 ἄφες
2587 3623 2633 3680 εί
2663 3621 2721 3679 δὲ
2756 3625 2855 3696 μή,
2905 3621 3192 3698 ἐζάλειψόν
3256 3644 3324 3696 με
3381 3621 3441 3678 ἐκ
3476 3629 3583 3693 τῆς
3647 3616 3839 3698 βίϐλου

2193 3713 2262 3784 ἧς
2293 3707 2551 3792 ἔγραψας.
2590 3713 2686 3768 Καὶ
2717 3713 2833 3768 εἷπε
2900 3713 3092 3786 Κύριος
3143 3712 3279 3788 πρὸς
3337 3717 3601 3782 Μωϋσῆψ
3656 3710 3724 3769 Ei
3763 3727 3842 3769 τις

2195 3805 2440 3877 ἥμαρτεν
2473 3803 2704 3859 ἐνώπιόν
2735 3823 2863 3876 μου,
2895 3799 3161 3876 ἐξαλείψω
3190 3800 3350 3858 αὐτὸν
3383 3801 3444 3858 ἐκ
3492 3809 3597 3872 τῆς
3645 3794 3838 3877 βίϐλου

2199 3915 2326 3969 μου.
2359 3895 2496 3952 Νυνῖ
2525 3890 2584 3948 δὶ
2617 3890 2823 3970 βάδιζε,
2849 3891 2940 3946 καὶ
2998 3889 3275 3968 ὀδήγησον
3325 3892 3416 3947 τὸν
3471 3889 3607 3947 λαὸν
3653 3892 3836 3946 τοῦτεν

2196 3983 2272 4047 εἲς
2303 3983 2395 4040 τὸν
2422 3983 2590 4040 τόπον
2623 3980 2680 4038 ὅν
2706 3980 2901 4057 εἶ’ρηκά
2926 4001 3032 4054 σοι,
3061 3981 3152 4036 καὶ
3211 3977 3329 4036 ἰδοὺ
3382 3981 3410 4036 6
3460 3977 3696 4058 ἄγγελός
3737 3997 3836 4050 μου

2193 4073 2624 4149 προπορεύσεται
2692 4065 2998 4147 ἔμπροσθέν
3053 4089 3166 4124 σου·
3201 4069 3239 4146 ᾔ
3279 4067 3326 4124 δ’
3385 4066 3446 4124 ἅν
3489 4070 3677 4145 ἡμέρᾳ
3730 4063 3837 4120 ἐπι-

2194 4167 2536 4236 σκέπτωμαι,
2570 4161 2748 4232 ἐπάξω
2778 4159 2860 4215 ἐπ’
2891 4157 3086 4221 αὐτοὺς
3115 4159 3214 4227 τήν
3268 4158 3534 4234 ἁμαρτίαν
3585 4159 3781 4214 αὐτῶν.
3802 4173 3828 4204 ι

2190 4256 2352 4309 Ὥστε
2383 4251 2577 4308 λοιπὸν
2611 4247 3018 4322 ἀναμφήριστόν
3067 4245 3208 4304 ἐστιν
3263 4247 3336 4310 ὡς
3396 4245 3830 4321 ὀγδοηκονθήμεα-

2192 4364 2284 4418 ρον
2314 4341 2502 4421 ἐφεξῆς
2561 4339 2818 4400 ἀπόσιτος
2874 4331 2970 4414 ἔφυ
3015 4335 3448 4416 θεοφοροῦμενος
3497 4338 3526 4393 6
3559 4335 3828 4402 θεσπέσιος

2191 4439 2453 4502 Μωϋσῆς,
2483 4431 2614 4502 θείῳ
2653 4427 2804 4502 λόγῳ
2854 4428 3187 4506 τρεφόμενος
3243 4425 3378 4482 κατᾶ
3439 4427 3541 4496 τὴν
3593 4429 3692 4482 τοῦ
3738 4429 3829 4478 Κυ-

2193 4521 2312 4598 ρίου
2353 4521 2530 4598 φωνή.
2587 4515 2778 4572 Ἦνίκα
2836 4512 2884 4571 δ’
2941 4509 3000 4569 ἄν
3060 4513 3430 4590 εῗσεπορεύετο
3489 4521 3732 4584 Μωϋσῆς
3775 4509 3822 4565 ἐν

3137 4601 3376 4674 εἱστήκει
3457 4609 3562 4667 πᾶς
3619 4603 3648 4658 ὁ
3699 4597 3824 4659 λαὸς

2188 4697 2564 4760 σκοπεύοντες.
2597 4696 2684 4758 Ὡς
2717 4691 2764 4748 δ’
2794 4691 2854 4748 ἄν
2884 4688 3106 4763 εἰσῆλθε
3134 4697 3373 4762 Μωϋσῆς
3419 4691 3473 4748 ἐν
3519 4697 3588 4769 τῇ
3632 4690 3819 4760 σκηνῇ,

2186 4782 2494 4844 κατέϐηινεν
2553 4785 2582 4839 6
2641 4779 2838 4845 στῦλος
2922 4787 3022 4852 τῆς
3105 4779 3356 4860 νεφέλης,
3438 4781 3528 4837 καὶ
3585 4783 3614 4837 6
3697 4776 3820 4836 Θεὸς

2189 4876 2276 4934 ἐπὶ
2325 4877 2426 4946 τὴν
2484 4873 2710 4944 σκηνήν.
2763 4875 2823 4928 Ὀ
2909 4865 2966 4924 δὲ
3025 4867 3158 4934 λαὸς
3235 4870 3381 4946 ἑώρα
3459 4871 3550 4925 τὸν
3632 4863 3819 4924 στῦλον

2184 4963 2561 5044 τῆςνεφέλης.
2590 4961 2678 5018 καὶ
3147 4955 3374 5021 ἕκαστος
3437 4958 3496 5015 ἐκ
3547 4965 3646 5030 τῆς
3701 4975 3818 5024 σκη-

2185 5063 2280 5124 νῆς
2317 5055 2505 5112 αὐτοῦ.
2538 5053 2642 5111 Καὶ
2673 5053 2847 5114 οὕτως
2887 5048 3073 5106 ἐλάλει
3132 5051 3326 5119 Κύριος
3381 5051 3514 5124 μετά
3555 5047 3814 5107 Μωῦσίως

2187 5145 2416 5202 ἐνώπιον
2447 5147 2544 5197 τοῦ
2576 5141 2732 5198 λαοῦ.
2765 5140 2866 5196 Καὶ
2917 5139 3009 5196 τὸν
3061 5138 3154 5210 μὲν
3211 5135 3344 5194 λαὸν
3391 5141 3452 5195 ἐκ
3507 5147 3607 5210 τῆς
3659 5137 3812 5212 ὀργῆς

2185 5233 2390 5308 Κυρίου
2437 5228 2710 5310 διαφόρως
2757 5227 3229 5302 ἐπαγωνιζόμενος
3287 5225 3577 5300 ἐξελέσθαι,
3634 5223 3810 5282 τοσοῦ-

2183 5344 2276 5378 τον
2308 5321 2558 5398 ἡλὸγησε
2614 5321 2710 5387 τῆς
2769 5315 2969 5379 οἰκείας
3023 5315 3300 5386 σωτηηίας
3367 5316 3444 5378 ὡς
3503 5319 3593 5372 καί
3647 5313 3698 5371 ἐν
3746 5311 3807 5382 τῇ

2185 5411 2406 5488 θραύσει
2435 5396 2532 5464 τοῦ
2565 5411 2700 5465 Θεοῦ
2723 5406 2857 5463 κατᾶ
2883 5406 2977 5461 τὸν
3010 5399 3175 5460 Δηϐἶδ
3231 5405 3343 5478 (52)
3393 5411 3602 5476 στῆναι.
3648 5403 3711 5463 Οἱ
3759 5396 3808 5454 δί

1617 5596 1979 5654 XYLANDRI
2017 5593 2102 5650 Ei‘
2143 5591 2359 5648 GOARI
2399 5589 2621 5644 ΝΟΤίΕ.

496 5689 610 5766 (52)
641 5689 826 5746 Locus
855 5687 1165 5763 perspicue
1197 5686 1464 5742 mutilus.
1498 5688 1774 5744 Davidica
1823 5683 2074 5742 historia

2181 5697 2288 5737 suo
2320 5679 2448 5735 loco
2480 5676 2768 5750 sequitur.
2801 5672 2913 5732 Sed
2943 5671 3144 5730 nescio
3175 5671 3318 5746 quid
3347 5673 3527 5748 Moysi
3569 5689 3698 5732 cum
3741 5683 3802 5725 ea
