4106 6288
496 371 611 431 123

1853 375 2174 436 GEORGII
2219 377 2564 438 CEDltENI

3765 384 3856 447 HI

494 508 902 562 Amoraaorum
933 513 992 562 et
1019 508 1138 580 Ogo
1171 509 1412 564 Basanis
1445 508 1683 582 regibus
1701 510 2004 580 percussis
2023 525 2143 565 om-

2255 507 2350 580 ἔτη
2396 511 2479 585 ρι’.
2516 511 2612 566 Καὶ
2645 511 2672 565 6
2707 511 2802 584 μὶν
2838 515 3076 584 Μωυσης
3109 515 3342 585 πατάξας
3369 515 3464 570 τὸν
3490 516 3644 584 Σηὼν
3672 515 3858 590 βασιλέα

497 610 635 648 nem
669 611 874 650 eorum
903 595 1189 652 ditionem
1223 596 1554 669 subegerat.
1591 597 1694 652 Hic
1751 599 1906 671 Ogus
1952 598 2023 652 de
2071 599 2152 670 gi-

498 683 771 754 gantibus
810 685 1003 740 fuerat
1057 685 1322 748 relictus,
1380 685 1440 740 in
1494 686 1817 757 Raphainis
1875 685 2150 742 habitans

499 773 818 839 Astarotlii,
851 791 1037 844 genus
1067 791 1102 828 a
1133 775 1454 846 liaphainis
1487 775 1744 841 ducens;
1778 777 1948 846 cujus
1967 775 2147 831 culci-

501 865 588 916 tra
618 860 733 916 fuit
761 863 974 925 ferrea,
1009 879 1216 918 novem
1250 864 1422 936 longa
1451 864 1702 931 cubitos,
1735 871 1989 936 quatuor
2013 865 2148 920 lata.

497 952 676 1007 Josua
693 969 850 1020 vero,
874 954 1598 1022 Chananmis,Pherezmis,
1613 957 1954 1028 Gergesmis,
1975 957 2152 1012 Chet-

499 1041 652 1108 imis,
687 1042 986 1110 lebusmis,
1019 1044 1306 1098 Amormis
1329 1050 1387 1098 et
1415 1046 1598 1100 Evaeis
1631 1045 1895 1111 domitis,
1955 1063 2020 1101 ac
2053 1046 2148 1100 tri-

501 1131 663 1200 ginta
695 1130 924 1186 duobus
982 1149 1188 1188 eorum
1239 1134 1496 1205 regibus,
1557 1135 1895 1192 universam
1945 1151 2148 1192 eorum

503 1225 720 1273 terram
745 1221 1021 1276 Israelico
1053 1222 1273 1293 populo
1307 1223 1568 1280 tradidit.
1601 1225 1748 1280 Cum
1796 1231 2019 1291 autem,
2063 1225 2151 1278 in-

503 1307 632 1376 quit
655 1305 720 1374 ‘5,
765 1309 1040 1365 Israelico
1070 1311 1287 1382 populo
1309 1319 1471 1385 terga
1491 1313 1886 1378 obverterent,
1911 1313 2147 1387 grandi-

505 1397 596 1451 nis
625 1397 852 1469 lapides
869 1399 1100 1454 caelitus
1122 1401 1182 1454 in
1202 1401 1362 1472 ipsos
1379 1403 1707 1473 ejaculatus
1735 1409 1820 1458 est
1845 1403 2146 1471 Dominus,

503 1486 824 1558 pluresque
855 1487 926 1542 iis
949 1505 1124 1558 quam
1147 1490 1342 1561 gladio
1366 1493 1778 1548 lsraelicorum
1803 1493 1950 1548 duce
1973 1493 2149 1548 Josua

503 1575 678 1630 occisi
714 1581 870 1630 sunt.

2259 603 2366 654 τῶν
2401 599 2710 674 Ἀμοραίων
2741 601 2954 657 καὶτὸν
3008 608 3100 656 Ὧν
3163 601 3393 678 βασιλὶα
3447 610 3549 674 τῆς
3601 604 3774 673 Βασάν,
3815 606 3861 668 δς

2263 686 2558 767 ὑπελείφθη
2591 687 2782 744 ἐκτῶν
2811 691 3080 766 γιγάντων
3129 697 3397 747 κατοικῶν
3456 691 3510 748 ἰν
3559 695 3635 762 τῷ
3682 694 3858 771 Ῥαφαῖν

2261 775 2314 831 ἐν
2358 776 2658 846 Ἀσταςηώθ,
2717 775 2984 853 ἀπόγονον
3039 773 3163 833 ὄντα
3215 783 3314 834 τοῦ
3360 778 3599 858 Ῥαιραΐν,
3633 776 3692 834 οὗ
3735 781 3860 848 καῖἡ

2261 863 2420 934 κλίνη
2475 861 2693 940 σιδηρᾶ,
2745 866 2809 921 τὸ
2869 873 3046 938 μῆκος
3106 865 3309 942 ἔχουσα
3363 869 3569 942 πήχεις
3622 866 3772 933 ἐννέα,
3817 869 3864 922 τὸ

2261 951 2468 1017 πλάτος
2523 957 2809 1028 τέσσαρας,
2863 953 3117 1032 ἀφείλετο
3174 957 3348 1012 πάσαν
3405 957 3510 1025 τήν
3557 963 3658 1033 γῆν
3705 955 3863 1014 αὑτῶν.

2259 1045 2320 1102 '0
2349 1040 2406 1098 δὲ
2445 1045 2656 1114 Ἰησοῦς
2711 1044 3119 1118 χειρωσάμενος
3177 1049 3350 1100 πᾶσαν
3407 1047 3513 1114 τὴν
3569 1052 3668 1122 γῆν
3721 1044 3863 1100 αὐτῶν

2259 1131 2501 1197 καὶτοὺς
2531 1133 2862 1195 Χαναναίους
2891 1132 2982 1188 καὶ
3024 1135 3354 1208 Φερεζαίους
3408 1133 3502 1189 καὶ
3555 1133 3864 1209 Γεργεσαίους

2259 1221 2347 1277 καὶ
2381 1222 2665 1284 Χετταίους
2717 1222 2806 1278 καὶ
2865 1217 3227 1284 Ἰεϐουσαίους
3279 1223 3369 1278 καὶ
3427 1222 3746 1297 Ἀμοραίους
3795 1221 3866 1276 καὶ

2259 1312 2492 1372 Εὐαίους
2522 1311 2612 1366 καὶ
2641 1311 2840 1374 πάντας
2872 1310 3049 1367 αὐτῶν
3106 1313 3234 1374 τοὺς
3292 1310 3562 1388 βασιλεῖς,
3604 1310 3754 1372 ὄντας
3793 1310 3866 1364 τὸν

2259 1401 2489 1476 ἀριθμὸν
2519 1398 2932 1474 τριακονταδύο,
2957 1407 3130 1456 πᾶσαν
3169 1402 3270 1468 τὴν
3326 1407 3430 1477 γῆν
3483 1401 3660 1454 αὐτῶν
3703 1395 3869 1454 δέδωκε

2258 1495 2376 1552 τοῖς
2406 1491 2547 1551 υἱοῖς
2577 1488 2822 1564 Ἰσραήλ.
2859 1492 2942 1545 Ἐν
2973 1487 3032 1545 δὲ
3059 1493 3138 1560 τῷ
3166 1489 3384 1566 φεύγειν
3443 1487 3667 1555 αὐτοὺς,
3714 1485 3868 1566 φησῖν,

2259 1579 2363 1634 ἀπὸ
2395 1579 2692 1654 προσώπου
2729 1583 2838 1634 τῶν
2867 1581 2999 1634 υἱῶν
3059 1577 3280 1653 Ἰσραὴλ
3347 1577 3438 1634 καὶ
3502 1578 3692 1650 Κύριος
3745 1576 3870 1649 ἐπέῥ-

501 1663 656 1737 ῥιψεν
691 1663 874 1724 αὐτοῖς
907 1661 1092 1726 λίθους
1124 1668 1376 1740 χαλάζης
1406 1665 1466 1722 ἐκ
1494 1673 1590 1722 τοῦ
1648 1669 1898 1742 οὐρανοῦ,
1957 1667 2047 1722 καί
2106 1667 2351 1744 ἐγένοντο
2408 1665 2637 1732 πλείους
2693 1669 2746 1722 οἱ
2805 1668 3162 1731 ἀποθανόντες
3229 1665 3318 1724 διὰ
3374 1665 3508 1729 τοὺς
3565 1665 3744 1730 λίθους
3789 1671 3870 1733 τῆς

501 1750 753 1828 χαλάζης
779 1752 813 1820 ἢ
847 1752 939 1814 οῦς
967 1753 1276 1808 ἀπέκτειναν
1313 1756 1364 1809 o't
1395 1756 1504 1810 υἱοὶ
1535 1755 1758 1829 Ἰσραὴλ
1793 1755 2038 1830 μαχαίρᾳ
2070 1760 2505 1831 στρατηγοῦντος
2537 1757 2743 1827 Ἰησοῦ.

571 1843 674 1898 91
710 1843 921 1898 Verum
952 1844 1253 1899 enimvero
1294 1861 1542 1917 magnus
1573 1847 1683 1900 iste
1704 1847 1904 1913 Josua,
1935 1851 1994 1900 et
2048 1846 2148 1916 qui
2183 1849 2227 1913 Β

502 1931 789 1986 miracula
811 1932 990 1987 etiam
1012 1933 1240 1988 edendo
1265 1951 1326 1987 se
1342 1935 1458 1988 Deo
1477 1952 1677 1990 carum
1695 1936 2151 2004 demonstraret,

496 2037 615 2075 non
648 2027 846 2076 tamen
881 2021 1104 2076 doloris
1137 2023 1550 2094 variarumque
1578 2023 1690 2079 fuit
1748 2025 2148 2079 tentationum

499 2125 724 2180 expers.
761 2109 840 2165 De
861 2127 976 2180 quo
999 2110 1174 2165 etiam
1205 2111 1330 2166 hinc
1353 2112 1552 2167 divina
1577 2112 2152 2183 eloquentianobilis

509 2199 963 2268 Chrysostomus
995 2200 1139 2253 dicit
1170 2215 1183 2252 :
1217 2201 1540 2255 Considera
1575 2201 1723 2255 mihi
1771 2201 1914 2272 quid
1943 2202 2028 2255 rei
2078 2201 2156 2257 sit

483 2287 684 2358 justus
714 2288 912 2340 homo.
943 2288 1127 2342 Jussit
1153 2290 1332 2343 Josua
1360 2289 1514 2344 Nave
1556 2290 1714 2344 filius
1770 2291 1959 2344 solem
2011 2289 2150 2345 sub-

491 2375 884 2446 sisterejuxta
903 2375 1163 2430 Gabaoth
1184 2377 1507 2448 lunamque
1531 2378 1603 2433 ad
1622 2379 1836 2434 vallem
1865 2379 2146 2442 Eloman;

492 2470 668 2535 atque
700 2464 783 2518 ita
813 2465 1039 2519 factura
1070 2472 1178 2520 est.
1214 2467 1297 2521 Ita
1328 2466 1484 2520 enim
1522 2473 1613 2521 est
1645 2468 1934 2539 scriptum
1961 2484 1974 2522 :
2007 2491 2034 2516 ‹‹
2070 2470 2149 2522 Ac

493 2555 757 2610 substitit
788 2554 876 2609 sol
906 2554 966 2608 in
999 2555 1193 2610 medio
1224 2555 1352 2611 cceli
1385 2573 1576 2627 usque
1607 2557 1680 2612 ad
1738 2558 1918 2613 finem
1971 2558 2149 2613 unius

495 2646 634 2702 diei.
667 2647 932 2712 Quantus
963 2646 1090 2701 dies
1113 2664 1304 2718 neque
1345 2653 1482 2703 ante
1515 2649 1625 2704 fuit
1668 2665 1862 2721 neque
1917 2657 2143 2722 postea,

493 2736 575 2791 ita
606 2742 726 2790 tum
753 2737 904 2791 Deus
935 2736 1160 2790 homini
1193 2737 1622 2808 obtemperavit
1653 2737 1716 2794 ³⁸.
1755 2762 1784 2789 ››
1821 2741 1940 2795 Hoc
1971 2741 2144 2796 Mosis

489 2828 645 2884 facta
675 2835 932 2898 superat.
968 2831 1043 2884 At
1071 2829 1228 2884 enim
1264 2847 1514 2902 magnus
1539 2830 1651 2886 iste
1707 2838 1884 2902 atque
1935 2833 2144 2888 miriﬁ-

487 2933 591 2972 cus
625 2923 683 2973 et
709 2917 1078 2974 admirabilis
1109 2919 1284 2974 Mosis
1315 2936 1642 2988 successor,
1689 2923 1958 2976 omnium
2011 2939 2141 2992 qum

484 3007 580 3062 isti
594 3007 845 3063 molesta
857 3007 1186 3080 acerbaque
1202 3015 1520 3065 evenerant
1534 3016 1748 3082 partem
1765 3012 1889 3083 ipse
1903 3029 2140 3084 quoque

490 3097 694 3152 sensit.
729 3099 853 3152 Non
887 3098 1046 3152 enim
1104 3097 1280 3154 modo
1329 3099 1558 3155 vivente
1609 3102 1935 3156 etiamnum
1985 3103 2140 3158 Mose

488 3191 711 3241 vestem
745 3187 1023 3242 laceravit
1049 3205 1217 3244 suam
1251 3206 1431 3261 seque
1483 3192 1682 3246 cinere
1711 3193 2046 3264 conspersit
2068 3191 2132 3254 ‘7,

491 3274 595 3330 sed
625 3290 694 3328 eo
725 3275 1002 3330 defuncto
1035 3277 1092 3330 in
1127 3278 1340 3350 majori
1371 3296 1578 3334 rursus
1627 3281 1984 3336 constitutus
2025 3281 2138 3336 fuit

494 3363 956 3429 necessitudine,
981 3381 1205 3435 pronus
1227 3366 1390 3420 humi
1417 3373 1605 3422 totum
1630 3369 1786 3423 diem
1810 3374 2139 3439 prostratus

489 3451 563 3506 ob
589 3451 814 3506 Achani
848 3459 1156 3523 peccatum
1187 3455 1510 3525 populique
1538 3455 1791 3510 cladem.
1843 3456 1938 3512 Sic
1977 3457 2139 3511 enim

486 3540 666 3595 habet
694 3541 997 3612 Scriptura
1018 3541 1083 3606 ‘8,
1119 3567 1145 3592 ‹‹
1175 3544 1245 3596 Ει
1268 3542 1548 3597 laceravit
1567 3544 1744 3599 Josua
1765 3549 1954 3598 vestes
1979 3561 2138 3606 suas,

489 3645 672 3700 seque
711 3646 909 3685 coram
941 3631 1190 3686 Domino
1219 3631 1279 3685 in
1315 3631 1522 3686 faciem
1554 3633 2042 3702 poslravitusque
2065 3631 2136 3688 ad

494 3736 824 3791 vesperam,
847 3737 1102 3792 cumque
1125 3721 1253 3792 ipso
1274 3720 1540 3775 seniores
1561 3721 1788 3792 populi,
1812 3722 2142 3792 pulverem-

495 3827 610 3880 que
640 3810 932 3882 capitibus
983 3810 1108 3866 suis
1155 3810 1552 3881 ingesserunt.
1605 3810 1876 3881 Dixitque
1922 3811 2136 3865 Josua:

493 3897 767 3963 Obsecro,
802 3899 1070 3964 Domine,
1102 3915 1209 3953 cur
1236 3898 1493 3954 famulus
1516 3905 1650 3954 tuus
1673 3900 1954 3970 populum
1979 3899 2140 3954 hunc

491 3992 656 4040 trans
684 3985 1001 4041 Iordanem
1031 3985 1253 4042 duxit?
1281 4004 1358 4042 an
1388 3994 1453 4042 ut
1481 4004 1616 4043 eum
1640 3988 1909 4044 Amoreis
1939 3987 2136 4044 delen-

492 4073 632 4129 dum
654 4075 991 4146 prmberet?
1019 4075 1162 4146 quid
1195 4076 1354 4132 enim
1379 4077 1592 4146 dicam,
1626 4089 1937 4149 postquam
1962 4078 2142 4132 Israe-

488 4162 643 4218 licus
699 4163 954 4235 populus
1011 4171 1176 4238 terga
1232 4166 1382 4221 hosti
1441 4166 1674 4222 vertit?
1729 4166 1989 4222 Audierit
2027 4165 2140 4220 hoc

491 4253 809 4308 Chananmi
838 4269 905 4308 ac
937 4254 1152 4326 reliqui
1187 4261 1356 4311 terrm
1387 4256 1566 4328 hujus
1625 4256 1856 4323 incolas,
1907 4272 2140 4326 nosque

492 4342 960 4414 circumcingent
987 4350 1047 4398 et
1071 4345 1433 4400 exscindent.
1470 4366 1498 4394 »
1530 4344 1787 4400 Videsne
1831 4346 1990 4400 hunc
2019 4361 2139 4400 non

498 4431 712 4486 minori
745 4447 920 4502 quam
952 4435 1170 4489 Mosem
1201 4434 1383 4488 fuisse
1415 4435 1476 4488 in
1510 4435 1809 4489 anxietate
1839 4440 2016 4505 atque
2037 4435 2136 4492 95

494 4520 966 4592 perturbatione;
1000 4539 1112 4594 qua
1141 4522 1448 4593 probabile
1481 4523 1573 4578 es?
1596 4540 1730 4578 cum
1753 4539 1820 4578 eo
1851 4523 2033 4579 fuisse
2054 4539 2143 4578 re-

2326 1847 2396 1902 ’Ὀ
2427 1865 2490 1922 γε
2523 1847 2631 1918 μὴν
2667 1846 2830 1920 μὲγας
2861 1846 2947 1900 καὶ
2977 1847 3344 1921 τερατουργὸς
3365 1846 3456 1900 καὶ
3487 1842 3866 1917 θεοφιλῆςπάνυ

2229 1933 2422 2024 ίοῦτος
2451 1931 2792 2008 ἀναδειχθεὶς
2822 1934 2926 1990 οὐκ
2956 1934 3191 2009 ἃμοιρος
3223 1933 3402 2004 λύπης
3437 1934 3528 1988 καὶ
3588 1934 3866 2007 πειρασμῶν

2258 2021 2530 2104 διαφόρων
2560 2023 2788 2100 ἐγὲνετο.
2835 2023 2963 2098 Περὶ
3017 2025 3078 2078 οὗ
3134 2025 3224 2079 καὶ
3285 2025 3314 2078 6
3383 2021 3708 2099 θεοῤῥῆμων
3757 2021 3871 2093 Χρυ-

2257 2115 2527 2188 σόστομος
2551 2112 2677 2190 ἔφη·
2715 2138 2744 2166 α
2771 2115 3062 2180 Ἐννόησον
3092 2114 3218 2169 ὅσον
3239 2113 3349 2168 ἐστὶ
3373 2110 3589 2174 δίκαιος
3603 2111 3870 2183 ἄνθρωπος.

2255 2203 2421 2258 Εἶπεν
2455 2207 2667 2272 Ἰησοῦς
2691 2206 2789 2257 τοῦ
2824 2208 2992 2272 Ναυῆ’
3027 2205 3225 2273 Στήτω
3255 2203 3284 2256 6
3314 2199 3482 2270 ἣλιος
3513 2200 3648 2256 κατά
3677 2193 3867 2254 Γαυαὼδ

2255 2290 2343 2344 καὶ
2400 2293 2436 2358 ἡ
2495 2291 2698 2361 σελήνη
2760 2291 2895 2345 κατὰ
2947 2292 3203 2370 φάραγγα
3265 2289 3480 2362 Ἐλώμ’
3534 2289 3626 2345 καὶ
3680 2285 3870 2361 ἐγένετιν

2255 2379 2386 2457 φησὶ
2417 2381 2542 2454 γάρ’
2576 2405 2604 2431 ‹‹
2639 2381 2739 2436 Καὶ
2775 2377 2900 2445 ἔστη
2925 2381 2954 2434 ὁ
2985 2379 3148 2450 ἣλιος
3202 2379 3337 2434 κατά
3387 2378 3558 2452 μέσον
3591 2381 3682 2434 τοῦ
3723 2374 3866 2447 οὖρα-

2251 2472 2342 2523 νοῦ
2376 2468 2451 2530 εἷς
2481 2467 2640 2530 τέλος
2671 2470 2881 2544 ἡμέρας
2915 2473 3062 2541 μιᾶς,
3115 2471 3202 2543 [Ρ.
3392 2467 3489 2522 καὶ
3545 2467 3646 2522 οὐκ
3691 2461 3868 2539 ἐγένετο

2251 2556 2432 2632 ἡμέρα
2461 2558 2686 2627 τοιαύτη
2739 2557 3004 2631 πρότερον
3061 2557 3153 2612 καὶ
3211 2554 3546 2631 ἔμπροσθεν,
3603 2553 3734 2609 ὥστε
3787 2551 3865 2607 ὑπ·

2249 2652 2475 2702 ακοῦσαι
2506 2647 2635 2701 Θεὸν
2665 2646 2974 2721 ἀνθρώπου.
3011 2672 3034 2700 ι
3071 2649 3251 2703 Τοῦτο
3297 2649 3394 2700 τοῦ
3446 2643 3720 2705 Mentissam
3770 2645 3867 2714 μεῖ-

2253 2740 2364 2805 ζον.
2411 2734 2589 2792 Ἀλλά
2617 2755 2680 2810 γε
2709 2733 2776 2805 δὴ
2809 2735 2897 2790 καὶ
2946 2733 3105 2796 οῦτος
3166 2735 3195 2790 6
3243 2734 3559 2807 θαυμαστὸς
3597 2732 3684 2787 καὶ
3731 2732 3865 2804 μέγας

2246 2825 2336 2880 καὶ
2395 2825 2778 2899 τερατουργὸς,
2845 2821 3220 2896 διαδεξαμενος
3271 2822 3362 2878 τὸν
3454 2824 3720 2890 Montis-iv,
3766 2839 3865 2872 συν-

2246 2913 2558 2984 απήλαυσεν
2594 2913 2742 2985 αὐτῷ
2772 2913 3009 2984 πάντων,
3050 2913 3125 2972 ὡς
3147 2910 3274 2975 ἔπος
3297 2911 3489 2977 εἰπεῖν,
3511 2916 3620 2966 τῶν
3644 2909 3862 2980 ἀνιαρῶν.

2247 3005 2327 3062 Οὐ
2355 3004 2457 3079 γὰρ
2479 2999 2558 3059 ἔτι
2592 3005 2756 3077 μόνον
2786 3003 2876 3058 ὅτε
2904 3001 2996 3074 ἔζη
3055 3005 3317 3071 Μωΰσῆς,
3373 3002 3443 3056 τὰ
3496 3001 3681 3075 ἱμάτιν
3735 2993 3862 3067 διέβ-

2246 3094 2374 3169 ῥηξε
2401 3093 2489 3149 καί
2524 3090 2724 3148 σποδὸν
2770 3091 3130 3160 κατεπάσατο,
3188 3089 3334 3148 ἀλλὰ
3387 3091 3482 3146 καὶ
3538 3087 3866 3156 τελευτησαν-

2245 3203 2338 3246 τος
2370 3183 2534 3238 πάλιν
2569 3183 2644 3237 εἰς
2700 3182 2922 3255 μείζονα
2973 3180 3174 3250 ταύτης
3232 3179 3465 3250 κατέστη
3525 3177 3757 3248 ἀνάγκην
3809 3169 3866 3226 δι’

2249 3271 2389 3342 ’ὀλης
2446 3271 2658 3345 ἡμέρας
2739 3271 2956 3345 πρηνής
3013 3268 3256 3340 κείμενος
3325 3265 3415 3322 δῖά
3464 3269 3568 3337 τὴν
3629 3260 3862 3340 ἁμαρτίαν

2241 3363 2422 3439 ’Ἀχαν
2451 3359 2536 3414 καὶ
2579 3360 2680 3428 τὴν
2711 3363 2809 3415 τοῦ
2842 3357 2981 3414 λαοῦ
3005 3361 3190 3426 ἧτταν.
3223 3357 3371 3425 Φησὶ
3399 3357 3526 3432 γάρ·
3562 3381 3590 3408 ‹‹
3624 3352 3722 3410 Καὶ
3743 3348 3864 3439 se}:

2245 3435 2399 3524 ῥηξεν
2479 3451 2694 3516 Ἰησοῦς
2775 3448 2842 3502 τά
2927 3447 3122 3520 ἱμάτια
3176 3445 3365 3512 αὐτοῦ,
3424 3445 3519 3500 καὶ
3576 3439 3750 3500 ἔπεσεν
3791 3435 3862 3494 ἐπὶ

2243 3537 2542 3611 πρόσωπον
2569 3535 2802 3590 ἐναντίον
2852 3537 3056 3610 Κυρίου
3111 3531 3218 3597 ἕως
3277 3534 3530 3608 ἑσπέρας,
3594 3532 3748 3588 αὐτὸς
3787 3524 3860 3582 Ital

2244 3627 2297 3681 oi
2327 3620 2684 3701 πρεσϐύτεροι
2719 3622 2960 3698 Ἰσραήλ.
2996 3625 3098 3681 Καὶ
3137 3619 3404 3678 ἐπέϐαλον
3462 3626 3604 3698 χοῦν
3651 3619 3734 3676 ἐπὶ
3778 3615 3859 3683 τήν

2239 3713 2484 3792 κεφαλὴν
2515 3714 2714 3778 αὐτῶν,
2761 3713 2852 3768 καὶ
2911 3714 3056 3768 εἶπεν
3119 3713 3353 3782 Ἰησοῦς·
3415 3711 3644 3785 Δέομαι,
3696 3705 3858 3779 Κύριε,

2239 3803 2335 3860 ’ἶνα
2361 3803 2414 3858 τί
2447 3797 2746 3858 διεϐίϐασεν
2775 3802 2803 3856 6
2831 3807 2962 3864 παῖς
2993 3822 3088 3856 σου
3116 3803 3210 3858 τὸν
3241 3800 3374 3857 λαὸν
3403 3804 3601 3856 τοῦτον
3632 3797 3718 3854 τὸν
3747 3795 3863 3865 Ἰορ-

2243 3890 2427 3964 δάνην,
2485 3889 2818 3966 παραδοῦναι
2872 3892 3035 3946 αὐτὸν
3111 3894 3190 3962 τῷ
3269 3891 3554 3962 Ἀμοραίῳ
3625 3881 3860 3942 ἀπολέσαι

2243 3987 2430 4056 ήμῦς;
2487 3983 2579 4038 καὶ
2642 3981 2768 4058 ἐρῶ,
2828 3981 2944 4038 ἐπεὶ
2997 3975 3291 4054 μετέϐαλεν
3353 3977 3578 4053 Ἰσραὴλ
3641 3976 3727 4031 τὸν
3779 3969 3861 4026 αὖ·

2244 4076 2380 4154 χὲνα
2439 4073 2690 4129 ἀπεναντι
2746 4077 2844 4127 τοῦ
2900 4071 3102 4147 ἐχθροῦ
3159 4069 3360 4139 αὐτοῦς
3420 4070 3520 4125 Καὶ
3575 4067 3790 4124 ἀκούσας
3836 4058 3859 4112 δ

2247 4167 2540 4224 Χαναναῖος
2564 4161 2656 4218 καὶ
2686 4162 2880 4222 πάντες
2913 4160 2966 4215 οἱ
3023 4162 3397 4221 κατοικούντες
3441 4159 3544 4228 τήν
3589 4163 3688 4233 γῆν
3733 4167 3858 4223 περι·

2243 4250 2619 4308 κυκλώσουσιν
2647 4254 2794 4324 ἡμᾶς
2841 4251 2932 4304 καὶ
2989 4247 3334 4324 ἐκτρίψουσιν
3391 4248 3502 4304 ἀπὸ
3555 4250 3654 4317 τῆς
3701 4249 3808 4319 γῆς.
3838 4259 3859 4284 ”

2243 4343 2404 4416 Ὁρᾷς
2430 4343 2578 4401 ὅπως
2619 4340 2708 4394 καὶ
2741 4339 2904 4402 οὗτος
2929 4339 3042 4412 οὐχ
3085 4339 3248 4407 ἧττον
3299 4337 3577 4400 Μωϋσέως
3629 4327 3862 4404 ἀδημονεῖ

2243 4429 2335 4484 καὶ
2367 4425 2679 4502 θορυϐεῖται
2705 4447 2719 4497 ;
2750 4428 2839 4483 καί
2871 4448 2976 4482 που
3005 4428 3155 4505 τάχα
3181 4428 3272 4482 καὶ
3320 4427 3486 4488 αὐτὸς
3536 4421 3738 4498 ὁμοίως
3777 4417 3859 4505 τήν

2251 4519 2394 4587 ζωὴν
2428 4519 2475 4586 ἐξ
2503 4516 2733 4592 ἀπορίας
2781 4502 3116 4593 ἀπελέγετο.
3146 4517 3256 4572 Ἐὦ
3303 4515 3476 4591 λέγειν
3529 4513 3657 4576 τοὺς
3696 4502 3860 4593 διαφότ

493 4588 728 4666 dactum
762 4617 825 4666 ut
845 4588 970 4682 ipse
993 4588 1228 4683 quoque
1249 4612 1426 4666 vitam
1450 4618 1891 4683 aspernaretur.
1925 4613 2138 4684 Super-

2251 4626 2372 4682 ρους
2401 4588 2682 4678 πολέμους
2712 4605 2799 4660 καὶ
2831 4605 2928 4667 τὰς
2963 4588 3144 4680 μάχας
3171 4605 3260 4660 καὶ
3313 4588 3410 4668 τάς
3459 4598 3738 4678 φροντίδας
3783 4588 3860 4648 καὶ

493 4699 670 4756 sedeo
700 4700 1032 4756 referendis
1065 4707 1150 4756 tot
1175 4700 1370 4765 bellis,
1396 4701 1610 4773 pugnis
1637 4717 1704 4755 ac
1726 4700 2139 4756 sollicitudini-

491 4791 622 4856 bus,
685 4789 1008 4861 fraudeque
1071 4789 1473 4846 Gabaonitica.
1543 4791 1690 4845 Sane
1748 4796 1806 4844 et
1861 4805 2131 4861 agrorum

491 4877 700 4933 divisio
725 4895 1004 4951 magnum
1017 4879 1070 4933 ei
1096 4877 1358 4933 laborem
1373 4877 1872 4950 difﬁcultatesque
1890 4893 2070 4948 porro
2083 4883 2141 4934 et

492 4972 832 5028 vexationes
892 4971 1254 5043 multiplices
1297 4969 1508 5026 attulit.
1557 4970 1645 5026 Ad
1692 4971 1850 5027 hunc
1897 4970 2139 5026 modum

496 5079 702 5119 omnes
733 5062 772 5116 ii
822 5061 920 5132 qui
949 5061 1065 5115 Deo
1083 5076 1439 5132 magnopere
1461 5059 1832 5132 placuerunt,
1857 5060 2140 5116 aerumnis

492 5153 657 5222 prius
687 5149 1235 5219 tentationibusque
1269 5154 1532 5220 spectata
1569 5164 1773 5206 eorum
1827 5148 2139 5220 probitate,

495 5240 694 5295 divino
723 5255 924 5295 amore
940 5238 1175 5294 fruendi
1199 5238 1448 5293 liberam
1469 5237 1808 5294 facultatem
1839 5237 2142 5294 consecuti

493 5335 634 5384 sunt
662 5345 675 5382 :
708 5345 902 5399 neque
934 5329 1249 5399 quisquam
1281 5343 1482 5382 eorum
1517 5328 1616 5398 qui
1649 5328 1709 5383 in
1736 5328 1938 5400 aliquo
1982 5327 2141 5400 apud

499 5418 684 5472 Deum
717 5418 904 5488 pretio
945 5417 1258 5482 habentur,
1310 5419 1594 5472 wrumnis
1646 5419 1856 5488 caruit,
1908 5417 2140 5472 etiamsi

499 5521 610 5560 nos
635 5504 696 5560 id
727 5511 785 5559 et
818 5505 912 5560 Dei
937 5505 1011 5560 de
1042 5504 1188 5577 ipsis
1209 5504 1502 5577 judicium
1536 5503 1737 5562 lateat.

923 5679 966 5713 ¹⁶
993 5680 1112 5732 Jos.
1145 5695 1200 5746 x,
1233 5677 1321 5734 i3.

563 5678 610 5713 ⁸⁵
637 5677 754 5735 Jos.
790 5695 842 5734 ι.
923 5679 966 5713 ¹⁶
993 5680 1112 5732 Jos.
1145 5695 1200 5735 χ.
1233 5677 1321 5734 l3.
1399 5679 1440 5713 υ
1469 5679 1639 5732 Num.
1671 5693 1784 5734 xiv.

1865 5676 1910 5713 ¹⁶
1936 5678 2054 5732 los.
2087 5693 2182 5731 m.

2245 4700 2353 4751 τῶν
2388 4699 2740 4751 Γαυαωνιτῶν
2772 4695 2872 4762 τήν
2919 4693 3152 4760 ἀπάτην.
3215 4693 3312 4747 Καὶ
3367 4693 3548 4764 μέντοι
3595 4690 3678 4745 καὶ
3712 4687 3745 4754 ἡ
3771 4685 3860 4736 τῶν

2245 4783 2469 4860 κλήρων
2523 4781 2755 4856 διανομή
2812 4780 2986 4838 πολὺν
3039 4783 3134 4854 μὶν
3185 4782 3277 4836 τὸν
3335 4779 3500 4835 πόνον
3555 4765 3861 4860 πολλὰς-δῖ

2246 4857 2506 4950 παρεῖχεν
2565 4871 2713 4946 αὐτῷ
2769 4871 2865 4936 τὰς
2921 4867 3216 4931 δυσκολίας
3279 4868 3370 4924 καὶ
3438 4867 3672 4942 θλίψεις.
3721 4857 3857 4919 Οῧπω

2246 4963 2430 5018 τοίνυν
2465 4964 2696 5024 ἅπαντες
2729 4961 2846 5016 ὅσοι
2884 4960 2964 5032 τῷ
3020 4964 3137 5032 Θεῷ
3198 4957 3457 5033 μεγάλως
3498 4955 3860 5032 εὐηρὲστησανν

2250 5049 2340 5106 διὰ
2369 5049 2610 5124 θλίψεων
2663 5050 2754 5105 καὶ
2809 5053 3126 5126 πειρασμῶν
3187 5045 3600 5121 δοκιμασθέντες
3651 5039 3732 5098 καὶ
3789 5033 3862 5126 36-

2249 5160 2408 5213 κιμοι
2435 5138 2784 5218 ἀναφανέντες
2823 5145 2923 5208 τῆς
2963 5137 3098 5213 πρὸς
3153 5137 3284 5192 Θεὸν
3342 5137 3554 5211 ἀγάπης
3606 5131 3692 5189 καὶ
3743 5120 3862 5226 11:115-

2253 5211 2446 5304 ῥησίσς
2479 5211 2767 5308 ἐπέτυχον,
2825 5228 2915 5282 καὶ
2978 5226 3079 5282 οὐκ
3134 5223 3274 5281 ἔστιν
3329 5223 3532 5295 οὐδεὶς,
3587 5221 3657 5277 ὦν
3707 5211 3856 5314 πολῖζς

2251 5321 2396 5394 παρά
2443 5323 2520 5392 τῷ
2577 5323 2695 5390 Θεῷ
2753 5316 2944 5392 λόγος,
3003 5313 3240 5389 θλίψεων
3326 5313 3497 5382 ἐκτὸς,
3563 5309 3656 5368 κᾶν
3721 5309 3860 5394 ἡμεῖς

2251 5409 2530 5484 ἀγνοῶμεν
2587 5411 2749 5464 τοῦτο
2793 5406 2883 5461 καὶ
2927 5407 2992 5461 τὰ
3037 5409 3135 5460 τοῦ
3185 5407 3320 5460 Θεοῦ
3376 5403 3498 5480 περῖ
3556 5402 3719 5457 αὐτῶν
3768 5387 3861 5464 κρί-

2258 5517 2419 5574 ματα.
