  <div class='ocr_page' id='page_1' title='image "/cluster/home/n/w/nwhite01/storage/ocr_20150623/121/mdp.39015078384289/070.png"; bbox 0 0 4106 6288; ppageno 0'>
   <div class='ocr_carea' id='block_1_1' title="bbox 150 406 271 469">
    <p class='ocr_par' dir='ltr' id='par_1_1' title="bbox 150 406 271 469">
     <span class='ocr_line' id='line_1_1' title="bbox 150 406 271 469; baseline 0.025 -3"><span class='ocrx_word' id='word_1_1' title='bbox 150 406 271 469; x_wconf 72' lang='grc'>128</span> 
     </span>
    </p>
   </div>
   <div class='ocr_carea' id='block_1_2' title="bbox 226 538 1955 622">
    <p class='ocr_par' dir='ltr' id='par_1_2' title="bbox 226 538 1955 622">
     <span class='ocr_line' id='line_1_2' title="bbox 226 538 1955 622; baseline 0.005 -29"><span class='ocrx_word' id='word_1_2' title='bbox 226 541 388 597; x_wconf 77' lang='grc' dir='ltr'>Μετὰ</span> <span class='ocrx_word' id='word_1_3' title='bbox 422 538 489 597; x_wconf 67' lang='grc' dir='ltr'>δὲ</span> <span class='ocrx_word' id='word_1_4' title='bbox 556 563 629 619; x_wconf 78' lang='grc' dir='ltr'>γε</span> <span class='ocrx_word' id='word_1_5' title='bbox 698 547 931 616; x_wconf 68' lang='grc' dir='ltr'>Ἰησοῦν</span> <span class='ocrx_word' id='word_1_6' title='bbox 967 546 1057 603; x_wconf 74' lang='grc' dir='ltr'>διὰ</span> <span class='ocrx_word' id='word_1_7' title='bbox 1099 552 1203 602; x_wconf 77' lang='grc' dir='ltr'>τῶν</span> <span class='ocrx_word' id='word_1_8' title='bbox 1238 552 1434 622; x_wconf 81' lang='grc' dir='ltr'>κριτῶν</span> <span class='ocrx_word' id='word_1_9' title='bbox 1468 549 1497 601; x_wconf 99' lang='lat'>6</span> <span class='ocrx_word' id='word_1_10' title='bbox 1555 549 1681 610; x_wconf 64' lang='grc' dir='ltr'>Θεὸς</span> <span class='ocrx_word' id='word_1_11' title='bbox 1712 541 1879 615; x_wconf 79' lang='grc' dir='ltr'>ἔσωζε</span> <span class='ocrx_word' id='word_1_12' title='bbox 1911 556 1955 618; x_wconf 68' lang='grc' dir='ltr'><strong>Α</strong></span> 
     </span>
    </p>
   </div>
   <div class='ocr_carea' id='block_1_3' title="bbox 152 629 1881 717">
    <p class='ocr_par' dir='ltr' id='par_1_3' title="bbox 152 629 1881 717">
     <span class='ocr_line' id='line_1_3' title="bbox 152 629 1881 717; baseline 0.002 -32"><span class='ocrx_word' id='word_1_13' title='bbox 152 630 249 685; x_wconf 67' lang='grc' dir='ltr'>τὸν</span> <span class='ocrx_word' id='word_1_14' title='bbox 283 629 457 693; x_wconf 68' lang='grc' dir='ltr'>λαὸν,</span> <span class='ocrx_word' id='word_1_15' title='bbox 492 629 876 707; x_wconf 62' lang='grc' dir='ltr'>θλιϐόμενον</span> <span class='ocrx_word' id='word_1_16' title='bbox 910 638 1015 692; x_wconf 69' lang='grc' dir='ltr'>ὑπὸ</span> <span class='ocrx_word' id='word_1_17' title='bbox 1055 642 1160 693; x_wconf 77' lang='grc' dir='ltr'>τῶν</span> <span class='ocrx_word' id='word_1_18' title='bbox 1217 635 1672 717; x_wconf 69' lang='grc' dir='ltr'>περιλειφθέντων</span> <span class='ocrx_word' id='word_1_19' title='bbox 1706 633 1881 691; x_wconf 76' lang='grc' dir='ltr'>ἂλλο-</span> 
     </span>
    </p>
   </div>
   <div class='ocr_carea' id='block_1_4' title="bbox 155 717 1879 802">
    <p class='ocr_par' dir='ltr' id='par_1_4' title="bbox 155 717 1879 802">
     <span class='ocr_line' id='line_1_4' title="bbox 155 717 1879 802; baseline 0.005 -30"><span class='ocrx_word' id='word_1_20' title='bbox 155 717 373 798; x_wconf 64' lang='grc' dir='ltr'>φὲλων.</span> <span class='ocrx_word' id='word_1_21' title='bbox 412 721 513 777; x_wconf 79' lang='grc' dir='ltr'>Ἑν</span> <span class='ocrx_word' id='word_1_22' title='bbox 549 722 652 784; x_wconf 80' lang='grc' dir='ltr'>οἷς</span> <span class='ocrx_word' id='word_1_23' title='bbox 693 724 921 797; x_wconf 72' lang='grc' dir='ltr'>ὑπῆρξε</span> <span class='ocrx_word' id='word_1_24' title='bbox 977 728 1283 802; x_wconf 74' lang='grc' dir='ltr'>πρώτιστος</span> <span class='ocrx_word' id='word_1_25' title='bbox 1340 722 1544 785; x_wconf 79' lang='grc' dir='ltr'>Ἰούδας</span> <span class='ocrx_word' id='word_1_26' title='bbox 1604 722 1879 797; x_wconf 73' lang='grc' dir='ltr'>καλούμεο</span> 
     </span>
    </p>
   </div>
   <div class='ocr_carea' id='block_1_5' title="bbox 156 802 1879 887">
    <p class='ocr_par' dir='ltr' id='par_1_5' title="bbox 156 802 1879 887">
     <span class='ocr_line' id='line_1_5' title="bbox 156 802 1879 887; baseline -0.001 -21"><span class='ocrx_word' id='word_1_27' title='bbox 156 826 272 867; x_wconf 67' lang='grc' dir='ltr'>νος.</span> <span class='ocrx_word' id='word_1_28' title='bbox 308 808 399 860; x_wconf 65' lang='grc' dir='ltr'>καὶ</span> <span class='ocrx_word' id='word_1_29' title='bbox 436 802 641 882; x_wconf 74' lang='grc' dir='ltr'>ἔκρινε</span> <span class='ocrx_word' id='word_1_30' title='bbox 705 812 816 867; x_wconf 81' lang='grc' dir='ltr'>τὸν</span> <span class='ocrx_word' id='word_1_31' title='bbox 876 812 1146 884; x_wconf 78' lang='grc' dir='ltr'>λαὸν-ἔτη</span> <span class='ocrx_word' id='word_1_32' title='bbox 1207 815 1268 882; x_wconf 83' lang='grc' dir='ltr'>ζ’,</span> <span class='ocrx_word' id='word_1_33' title='bbox 1327 812 1733 887; x_wconf 76' lang='grc' dir='ltr'>χειρωσάμενος</span> <span class='ocrx_word' id='word_1_34' title='bbox 1789 811 1879 865; x_wconf 83' lang='grc' dir='ltr'>καὶ</span> 
     </span>
    </p>
   </div>
   <div class='ocr_carea' id='block_1_6' title="bbox 153 891 1881 983">
    <p class='ocr_par' dir='ltr' id='par_1_6' title="bbox 153 891 1881 983">
     <span class='ocr_line' id='line_1_6' title="bbox 153 891 1881 983; baseline 0.003 -34"><span class='ocrx_word' id='word_1_35' title='bbox 153 895 245 951; x_wconf 79' lang='grc' dir='ltr'>τὸν</span> <span class='ocrx_word' id='word_1_36' title='bbox 277 891 696 968; x_wconf 73' lang='grc' dir='ltr'>Ἀδωιιζεϐἒκ</span> <span class='ocrx_word' id='word_1_37' title='bbox 736 901 980 976; x_wconf 71' lang='grc' dir='ltr'>βασιλέα</span> <span class='ocrx_word' id='word_1_38' title='bbox 1007 907 1114 958; x_wconf 82' lang='grc' dir='ltr'>τῶν</span> <span class='ocrx_word' id='word_1_39' title='bbox 1145 901 1501 983; x_wconf 66' lang='grc' dir='ltr'>ἀλλοφύλων,</span> <span class='ocrx_word' id='word_1_40' title='bbox 1558 902 1644 957; x_wconf 75' lang='grc' dir='ltr'>καὶ</span> <span class='ocrx_word' id='word_1_41' title='bbox 1705 900 1881 975; x_wconf 85' lang='grc' dir='ltr'>ἀκρω-</span> 
     </span>
    </p>
   </div>
   <div class='ocr_carea' id='block_1_7' title="bbox 156 986 1876 1069">
    <p class='ocr_par' dir='ltr' id='par_1_7' title="bbox 156 986 1876 1069">
     <span class='ocr_line' id='line_1_7' title="bbox 156 986 1876 1069; baseline -0.006 -17"><span class='ocrx_word' id='word_1_42' title='bbox 156 986 432 1057; x_wconf 55' lang='grc' dir='ltr'>τηρήσας</span> <span class='ocrx_word' id='word_1_43' title='bbox 466 989 664 1043; x_wconf 71' lang='grc' dir='ltr'>αὐτοῦ</span> <span class='ocrx_word' id='word_1_44' title='bbox 710 997 927 1069; x_wconf 83' lang='grc' dir='ltr'>χεῖρας</span> <span class='ocrx_word' id='word_1_45' title='bbox 956 993 1045 1048; x_wconf 79' lang='grc' dir='ltr'>καὶ</span> <span class='ocrx_word' id='word_1_46' title='bbox 1085 991 1277 1055; x_wconf 82' lang='grc' dir='ltr'>πόδας.</span> <span class='ocrx_word' id='word_1_47' title='bbox 1336 992 1473 1047; x_wconf 74' lang='grc' dir='ltr'>Εἶπε</span> <span class='ocrx_word' id='word_1_48' title='bbox 1537 988 1595 1045; x_wconf 81' lang='grc' dir='ltr'>δὶ</span> <span class='ocrx_word' id='word_1_49' title='bbox 1646 987 1876 1045; x_wconf 84' lang='grc' dir='ltr'>Ἀδωνι-</span> 
     </span>
    </p>
   </div>
   <div class='ocr_carea' id='block_1_8' title="bbox 159 1070 1877 1157">
    <p class='ocr_par' dir='ltr' id='par_1_8' title="bbox 159 1070 1877 1157">
     <span class='ocr_line' id='line_1_8' title="bbox 159 1070 1877 1157; baseline 0.001 -27"><span class='ocrx_word' id='word_1_50' title='bbox 159 1070 340 1145; x_wconf 70' lang='grc' dir='ltr'>ζεϐἑκ·</span> <span class='ocrx_word' id='word_1_51' title='bbox 381 1097 411 1130; x_wconf 76' lang='grc' dir='ltr'>σ</span> <span class='ocrx_word' id='word_1_52' title='bbox 445 1073 920 1152; x_wconf 69' lang='grc' dir='ltr'>Ἐϐδομήκοντα</span> <span class='ocrx_word' id='word_1_53' title='bbox 954 1081 1198 1157; x_wconf 78' lang='grc' dir='ltr'>βασιλεῖς</span> <span class='ocrx_word' id='word_1_54' title='bbox 1244 1082 1312 1137; x_wconf 75' lang='grc' dir='ltr'>τὰ</span> <span class='ocrx_word' id='word_1_55' title='bbox 1365 1078 1504 1156; x_wconf 76' lang='grc' dir='ltr'>ἄκρα</span> <span class='ocrx_word' id='word_1_56' title='bbox 1532 1085 1643 1136; x_wconf 82' lang='grc' dir='ltr'>τῶν</span> <span class='ocrx_word' id='word_1_57' title='bbox 1673 1083 1877 1154; x_wconf 81' lang='grc' dir='ltr'>χειρῶν</span> 
     </span>
    </p>
   </div>
   <div class='ocr_carea' id='block_1_9' title="bbox 159 1162 1879 1243">
    <p class='ocr_par' dir='ltr' id='par_1_9' title="bbox 159 1162 1879 1243">
     <span class='ocr_line' id='line_1_9' title="bbox 159 1162 1879 1243; baseline 0.002 -26"><span class='ocrx_word' id='word_1_58' title='bbox 159 1163 393 1219; x_wconf 77' lang='grc' dir='ltr'>καὶτῶν</span> <span class='ocrx_word' id='word_1_59' title='bbox 448 1162 661 1221; x_wconf 85' lang='grc' dir='ltr'>ποδῶν</span> <span class='ocrx_word' id='word_1_60' title='bbox 731 1168 923 1225; x_wconf 79' lang='grc' dir='ltr'>αὐτῶν</span> <span class='ocrx_word' id='word_1_61' title='bbox 981 1170 1417 1243; x_wconf 72' lang='grc' dir='ltr'>ἀποκεκομμένοι</span> <span class='ocrx_word' id='word_1_62' title='bbox 1473 1172 1624 1239; x_wconf 71' lang='grc' dir='ltr'>ἦσαν,</span> <span class='ocrx_word' id='word_1_63' title='bbox 1677 1165 1879 1222; x_wconf 83' lang='grc' dir='ltr'>συλλέ-</span> 
     </span>
    </p>
   </div>
   <div class='ocr_carea' id='block_1_10' title="bbox 162 1254 1875 1334">
    <p class='ocr_par' dir='ltr' id='par_1_10' title="bbox 162 1254 1875 1334">
     <span class='ocr_line' id='line_1_10' title="bbox 162 1254 1875 1334; baseline 0.002 -28"><span class='ocrx_word' id='word_1_64' title='bbox 162 1272 351 1326; x_wconf 82' lang='grc' dir='ltr'>γοντες</span> <span class='ocrx_word' id='word_1_65' title='bbox 412 1254 487 1308; x_wconf 81' lang='grc' dir='ltr'>τὰ</span> <span class='ocrx_word' id='word_1_66' title='bbox 554 1255 861 1313; x_wconf 77' lang='grc' dir='ltr'>ὑποκάτω</span> <span class='ocrx_word' id='word_1_67' title='bbox 919 1262 1018 1324; x_wconf 78' lang='grc' dir='ltr'>τῆς</span> <span class='ocrx_word' id='word_1_68' title='bbox 1049 1259 1320 1334; x_wconf 71' lang='grc' dir='ltr'>τραπέζης</span> <span class='ocrx_word' id='word_1_69' title='bbox 1379 1279 1504 1331; x_wconf 90' lang='grc' dir='ltr'>μου.</span> <span class='ocrx_word' id='word_1_70' title='bbox 1563 1257 1751 1318; x_wconf 78' lang='grc' dir='ltr'>Καθὼς</span> <span class='ocrx_word' id='word_1_71' title='bbox 1783 1254 1875 1310; x_wconf 74' lang='grc' dir='ltr'>οὖν</span> 
     </span>
    </p>
   </div>
   <div class='ocr_carea' id='block_1_11' title="bbox 161 1340 1872 1421">
    <p class='ocr_par' dir='ltr' id='par_1_11' title="bbox 161 1340 1872 1421">
     <span class='ocr_line' id='line_1_11' title="bbox 161 1340 1872 1421; baseline 0.008 -26"><span class='ocrx_word' id='word_1_72' title='bbox 161 1341 426 1412; x_wconf 65' lang='grc' dir='ltr'>ἐποίησα,</span> <span class='ocrx_word' id='word_1_73' title='bbox 494 1340 661 1400; x_wconf 69' lang='grc' dir='ltr'>οὕτω</span> <span class='ocrx_word' id='word_1_74' title='bbox 725 1347 838 1402; x_wconf 64' lang='grc' dir='ltr'>καὶ</span> <span class='ocrx_word' id='word_1_75' title='bbox 896 1345 1243 1404; x_wconf 74' lang='grc' dir='ltr'>ἀνταπὲδωκέ</span> <span class='ocrx_word' id='word_1_76' title='bbox 1300 1369 1396 1421; x_wconf 92' lang='grc' dir='ltr'>μοι</span> <span class='ocrx_word' id='word_1_77' title='bbox 1471 1348 1499 1402; x_wconf 97' lang='lat'>6</span> <span class='ocrx_word' id='word_1_78' title='bbox 1574 1347 1793 1420; x_wconf 76' lang='grc' dir='ltr'>Κύριος.</span> <span class='ocrx_word' id='word_1_79' title='bbox 1849 1367 1872 1397; x_wconf 71' lang='grc'>³</span> 
     </span>
    </p>
   </div>
   <div class='ocr_carea' id='block_1_12' title="bbox 160 1430 1879 1513">
    <p class='ocr_par' dir='ltr' id='par_1_12' title="bbox 160 1430 1879 1513">
     <span class='ocr_line' id='line_1_12' title="bbox 160 1430 1879 1513; baseline 0 -24"><span class='ocrx_word' id='word_1_80' title='bbox 160 1433 309 1489; x_wconf 77' lang='grc' dir='ltr'>Μετά</span> <span class='ocrx_word' id='word_1_81' title='bbox 350 1430 414 1487; x_wconf 72' lang='grc' dir='ltr'>δὲ</span> <span class='ocrx_word' id='word_1_82' title='bbox 447 1433 686 1489; x_wconf 76' lang='grc' dir='ltr'>Ἰούδαν</span> <span class='ocrx_word' id='word_1_83' title='bbox 752 1435 963 1512; x_wconf 70' lang='grc' dir='ltr'>γέγονε</span> <span class='ocrx_word' id='word_1_84' title='bbox 1017 1439 1210 1513; x_wconf 68' lang='grc' dir='ltr'>κριτὴς</span> <span class='ocrx_word' id='word_1_85' title='bbox 1268 1434 1537 1506; x_wconf 68' lang='grc' dir='ltr'>Γοθονιήλ</span> <span class='ocrx_word' id='word_1_86' title='bbox 1594 1436 1684 1490; x_wconf 74' lang='grc' dir='ltr'>καὶ</span> <span class='ocrx_word' id='word_1_87' title='bbox 1743 1434 1879 1508; x_wconf 80' lang='grc' dir='ltr'>μετά</span> 
     </span>
    </p>
   </div>
   <div class='ocr_carea' id='block_1_13' title="bbox 166 1520 1878 1603">
    <p class='ocr_par' dir='ltr' id='par_1_13' title="bbox 166 1520 1878 1603">
     <span class='ocr_line' id='line_1_13' title="bbox 166 1520 1878 1603; baseline 0.007 -28"><span class='ocrx_word' id='word_1_88' title='bbox 166 1526 359 1577; x_wconf 70' lang='grc' dir='ltr'>τοῦτον</span> <span class='ocrx_word' id='word_1_89' title='bbox 389 1520 571 1580; x_wconf 79' lang='grc' dir='ltr'>Ἀὡδ.</span> <span class='ocrx_word' id='word_1_90' title='bbox 612 1527 795 1580; x_wconf 76' lang='grc' dir='ltr'>Μετὰ</span> <span class='ocrx_word' id='word_1_91' title='bbox 856 1524 915 1581; x_wconf 72' lang='grc' dir='ltr'>δὲ</span> <span class='ocrx_word' id='word_1_92' title='bbox 960 1548 1021 1603; x_wconf 85' lang='grc' dir='ltr'>γε</span> <span class='ocrx_word' id='word_1_93' title='bbox 1085 1523 1232 1582; x_wconf 84' lang='grc' dir='ltr'>Ἀὼδ</span> <span class='ocrx_word' id='word_1_94' title='bbox 1287 1526 1475 1602; x_wconf 73' lang='grc' dir='ltr'>γέγονε</span> <span class='ocrx_word' id='word_1_95' title='bbox 1525 1527 1718 1601; x_wconf 70' lang='grc' dir='ltr'>κριτής</span> <span class='ocrx_word' id='word_1_96' title='bbox 1768 1531 1878 1578; x_wconf 83' lang='grc' dir='ltr'>Σα-</span> 
     </span>
    </p>
   </div>
   <div class='ocr_carea' id='block_1_14' title="bbox 180 1607 1874 1695">
    <p class='ocr_par' dir='ltr' id='par_1_14' title="bbox 180 1607 1874 1695">
     <span class='ocr_line' id='line_1_14' title="bbox 180 1607 1874 1695; baseline 0.001 -29"><span class='ocrx_word' id='word_1_97' title='bbox 180 1611 351 1687; x_wconf 74' lang='grc' dir='ltr'>μέγαρ</span> <span class='ocrx_word' id='word_1_98' title='bbox 383 1607 482 1683; x_wconf 75' lang='grc' dir='ltr'>ἔτη</span> <span class='ocrx_word' id='word_1_99' title='bbox 538 1614 718 1685; x_wconf 74' lang='grc' dir='ltr'>ἑπτὰ,</span> <span class='ocrx_word' id='word_1_100' title='bbox 764 1617 1013 1687; x_wconf 78' lang='grc' dir='ltr'>πατάξας</span> <span class='ocrx_word' id='word_1_101' title='bbox 1034 1618 1123 1672; x_wconf 76' lang='grc' dir='ltr'>καὶ</span> <span class='ocrx_word' id='word_1_102' title='bbox 1183 1614 1244 1672; x_wconf 75' lang='grc' dir='ltr'>ἑκ</span> <span class='ocrx_word' id='word_1_103' title='bbox 1271 1622 1381 1673; x_wconf 77' lang='grc' dir='ltr'>τῶν</span> <span class='ocrx_word' id='word_1_104' title='bbox 1430 1613 1763 1695; x_wconf 66' lang='grc' dir='ltr'>ἀλλοφύλων</span> <span class='ocrx_word' id='word_1_105' title='bbox 1820 1613 1874 1669; x_wconf 75' lang='grc' dir='ltr'>ἐν</span> 
     </span>
    </p>
   </div>
   <div class='ocr_carea' id='block_1_15' title="bbox 176 1703 1873 1785">
    <p class='ocr_par' dir='ltr' id='par_1_15' title="bbox 176 1703 1873 1785">
     <span class='ocr_line' id='line_1_15' title="bbox 176 1703 1873 1785; baseline 0.002 -28"><span class='ocrx_word' id='word_1_106' title='bbox 176 1705 357 1778; x_wconf 63' lang='grc' dir='ltr'>ἣμερα</span> <span class='ocrx_word' id='word_1_107' title='bbox 392 1708 492 1776; x_wconf 83' lang='grc' dir='ltr'>μιᾷ</span> <span class='ocrx_word' id='word_1_108' title='bbox 524 1704 582 1759; x_wconf 77' lang='grc' dir='ltr'>ἐν</span> <span class='ocrx_word' id='word_1_109' title='bbox 620 1711 715 1777; x_wconf 77' lang='grc' dir='ltr'>τῷ</span> <span class='ocrx_word' id='word_1_110' title='bbox 781 1712 886 1762; x_wconf 76' lang='grc' dir='ltr'>τοῦ</span> <span class='ocrx_word' id='word_1_111' title='bbox 947 1708 1178 1785; x_wconf 77' lang='grc' dir='ltr'>ἀρότρου</span> <span class='ocrx_word' id='word_1_112' title='bbox 1210 1704 1336 1762; x_wconf 82' lang='grc' dir='ltr'>ποδὶ</span> <span class='ocrx_word' id='word_1_113' title='bbox 1364 1712 1471 1763; x_wconf 79' lang='grc' dir='ltr'>τῶν</span> <span class='ocrx_word' id='word_1_114' title='bbox 1503 1707 1646 1781; x_wconf 81' lang='grc' dir='ltr'>βοῶν</span> <span class='ocrx_word' id='word_1_115' title='bbox 1679 1703 1873 1780; x_wconf 82' lang='grc' dir='ltr'>ἄνδρας</span> 
     </span>
    </p>
   </div>
   <div class='ocr_carea' id='block_1_16' title="bbox 186 1792 1873 1875">
    <p class='ocr_par' dir='ltr' id='par_1_16' title="bbox 186 1792 1873 1875">
     <span class='ocr_line' id='line_1_16' title="bbox 186 1792 1873 1875; baseline 0.003 -29"><span class='ocrx_word' id='word_1_116' title='bbox 186 1792 512 1862; x_wconf 69' lang='grc' dir='ltr'>ἑξακοσίους.</span> <span class='ocrx_word' id='word_1_117' title='bbox 574 1798 754 1850; x_wconf 75' lang='grc' dir='ltr'>Μετά</span> <span class='ocrx_word' id='word_1_118' title='bbox 851 1797 1102 1873; x_wconf 79' lang='grc' dir='ltr'>Σαμὲγαρ</span> <span class='ocrx_word' id='word_1_119' title='bbox 1161 1798 1352 1875; x_wconf 78' lang='grc' dir='ltr'>γέγονε</span> <span class='ocrx_word' id='word_1_120' title='bbox 1420 1798 1609 1872; x_wconf 81' lang='grc' dir='ltr'>κριτής</span> <span class='ocrx_word' id='word_1_121' title='bbox 1672 1796 1873 1872; x_wconf 77' lang='grc' dir='ltr'>Βαράκ,</span> 
     </span>
    </p>
   </div>
   <div class='ocr_carea' id='block_1_17' title="bbox 185 1880 1873 1967">
    <p class='ocr_par' dir='ltr' id='par_1_17' title="bbox 185 1880 1873 1967">
     <span class='ocr_line' id='line_1_17' title="bbox 185 1880 1873 1967; baseline 0.007 -31"><span class='ocrx_word' id='word_1_122' title='bbox 185 1884 304 1955; x_wconf 80' lang='grc' dir='ltr'>μεθ’</span> <span class='ocrx_word' id='word_1_123' title='bbox 334 1880 397 1937; x_wconf 78' lang='grc' dir='ltr'>οὗ</span> <span class='ocrx_word' id='word_1_124' title='bbox 427 1885 513 1938; x_wconf 77' lang='grc' dir='ltr'>καὶ</span> <span class='ocrx_word' id='word_1_125' title='bbox 546 1880 836 1962; x_wconf 71' lang='grc' dir='ltr'>Δεϐόῤῥα</span> <span class='ocrx_word' id='word_1_126' title='bbox 862 1889 897 1955; x_wconf 72' lang='grc' dir='ltr'><strong>ἡ</strong></span> <span class='ocrx_word' id='word_1_127' title='bbox 953 1894 1245 1967; x_wconf 62' lang='grc' dir='ltr'>προφῆτις.</span> <span class='ocrx_word' id='word_1_128' title='bbox 1281 1889 1394 1966; x_wconf 72' lang='grc' dir='ltr'>Ἐφ’</span> <span class='ocrx_word' id='word_1_129' title='bbox 1445 1888 1519 1941; x_wconf 80' lang='grc' dir='ltr'>ὧν</span> <span class='ocrx_word' id='word_1_130' title='bbox 1551 1886 1873 1958; x_wconf 69' lang='grc' dir='ltr'>Προμηθεὺς</span> 
     </span>
    </p>
   </div>
   <div class='ocr_carea' id='block_1_18' title="bbox 165 1972 1868 2054">
    <p class='ocr_par' dir='ltr' id='par_1_18' title="bbox 165 1972 1868 2054">
     <span class='ocr_line' id='line_1_18' title="bbox 165 1972 1868 2054; baseline 0.006 -28"><span class='ocrx_word' id='word_1_131' title='bbox 165 1972 252 2026; x_wconf 70' lang='grc' dir='ltr'>καί</span> <span class='ocrx_word' id='word_1_132' title='bbox 314 1973 545 2048; x_wconf 52' lang='grc' dir='ltr'>Ὀρφεὺς</span> <span class='ocrx_word' id='word_1_133' title='bbox 611 1977 643 2030; x_wconf 87' lang='grc' dir='ltr'>ὁ</span> <span class='ocrx_word' id='word_1_134' title='bbox 718 1977 874 2050; x_wconf 76' lang='grc' dir='ltr'>Θρᾲξ</span> <span class='ocrx_word' id='word_1_135' title='bbox 931 1978 984 2031; x_wconf 76' lang='grc' dir='ltr'>οἱ</span> <span class='ocrx_word' id='word_1_136' title='bbox 1042 1978 1348 2054; x_wconf 60' lang='grc' dir='ltr'>σοφώτατοι</span> <span class='ocrx_word' id='word_1_137' title='bbox 1399 1978 1525 2052; x_wconf 86' lang='grc' dir='ltr'>παρ’</span> <span class='ocrx_word' id='word_1_138' title='bbox 1605 1974 1868 2046; x_wconf 76' lang='grc' dir='ltr'>Ἕλλησι,</span> 
     </span>
    </p>
   </div>
   <div class='ocr_carea' id='block_1_19' title="bbox 162 2061 1868 2139">
    <p class='ocr_par' dir='ltr' id='par_1_19' title="bbox 162 2061 1868 2139">
     <span class='ocr_line' id='line_1_19' title="bbox 162 2061 1868 2139; baseline 0.001 -22"><span class='ocrx_word' id='word_1_139' title='bbox 162 2061 250 2117; x_wconf 77' lang='grc' dir='ltr'>καὶ</span> <span class='ocrx_word' id='word_1_140' title='bbox 310 2061 675 2134; x_wconf 69' lang='grc' dir='ltr'>Ἀσκληπιὸς</span> <span class='ocrx_word' id='word_1_141' title='bbox 753 2066 784 2118; x_wconf 86' lang='lat'>6</span> <span class='ocrx_word' id='word_1_142' title='bbox 840 2065 1046 2139; x_wconf 67' lang='grc' dir='ltr'>ἰατρὸς,</span> <span class='ocrx_word' id='word_1_143' title='bbox 1106 2066 1194 2120; x_wconf 72' lang='grc' dir='ltr'>καὶ</span> <span class='ocrx_word' id='word_1_144' title='bbox 1258 2068 1342 2139; x_wconf 87' lang='grc' dir='ltr'>[Ρ.</span> <span class='ocrx_word' id='word_1_145' title='bbox 1404 2066 1493 2137; x_wconf 75' lang='grc'>54]</span> <span class='ocrx_word' id='word_1_146' title='bbox 1556 2068 1868 2139; x_wconf 76' lang='grc' dir='ltr'>Λυκοῦργος</span> 
     </span>
    </p>
   </div>
   <div class='ocr_carea' id='block_1_20' title="bbox 171 2150 1864 2229">
    <p class='ocr_par' dir='ltr' id='par_1_20' title="bbox 171 2150 1864 2229">
     <span class='ocr_line' id='line_1_20' title="bbox 171 2150 1864 2229; baseline 0.002 -25"><span class='ocrx_word' id='word_1_147' title='bbox 171 2150 199 2204; x_wconf 97' lang='lat'>6</span> <span class='ocrx_word' id='word_1_148' title='bbox 228 2152 593 2225; x_wconf 78' lang='grc' dir='ltr'>Σπαρτιάτης</span> <span class='ocrx_word' id='word_1_149' title='bbox 628 2154 748 2209; x_wconf 77' lang='grc' dir='ltr'>καὶ</span> <span class='ocrx_word' id='word_1_150' title='bbox 792 2153 1096 2225; x_wconf 76' lang='grc' dir='ltr'>νομοθέτης</span> <span class='ocrx_word' id='word_1_151' title='bbox 1150 2159 1258 2209; x_wconf 83' lang='grc' dir='ltr'>τῶν</span> <span class='ocrx_word' id='word_1_152' title='bbox 1295 2152 1581 2223; x_wconf 72' lang='grc' dir='ltr'>Ἑλλήνων</span> <span class='ocrx_word' id='word_1_153' title='bbox 1638 2153 1864 2229; x_wconf 70' lang='grc' dir='ltr'>ἓγνωρί-</span> 
     </span>
    </p>
   </div>
   <div class='ocr_carea' id='block_1_21' title="bbox 174 2240 1866 2318">
    <p class='ocr_par' dir='ltr' id='par_1_21' title="bbox 174 2240 1866 2318">
     <span class='ocr_line' id='line_1_21' title="bbox 174 2240 1866 2318; baseline 0.001 -24"><span class='ocrx_word' id='word_1_154' title='bbox 174 2246 356 2311; x_wconf 79' lang='grc' dir='ltr'>ζοντο.</span> <span class='ocrx_word' id='word_1_155' title='bbox 400 2242 555 2297; x_wconf 68' lang='lat' dir='ltr'>Meti</span> <span class='ocrx_word' id='word_1_156' title='bbox 588 2240 654 2297; x_wconf 67' lang='grc' dir='ltr'>δὲ</span> <span class='ocrx_word' id='word_1_157' title='bbox 698 2243 900 2317; x_wconf 85' lang='grc' dir='ltr'>Βαράκ</span> <span class='ocrx_word' id='word_1_158' title='bbox 924 2245 1116 2318; x_wconf 74' lang='grc' dir='ltr'>γὲγονε</span> <span class='ocrx_word' id='word_1_159' title='bbox 1165 2245 1356 2317; x_wconf 71' lang='grc' dir='ltr'>κριτής</span> <span class='ocrx_word' id='word_1_160' title='bbox 1406 2240 1631 2312; x_wconf 83' lang='grc' dir='ltr'>Γεδεὼν,</span> <span class='ocrx_word' id='word_1_161' title='bbox 1691 2245 1719 2297; x_wconf 87' lang='lat'>6</span> <span class='ocrx_word' id='word_1_162' title='bbox 1774 2243 1866 2298; x_wconf 80' lang='grc' dir='ltr'>καὶ</span> 
     </span>
    </p>
   </div>
   <div class='ocr_carea' id='block_1_22' title="bbox 171 2326 1863 2406">
    <p class='ocr_par' dir='ltr' id='par_1_22' title="bbox 171 2326 1863 2406">
     <span class='ocr_line' id='line_1_22' title="bbox 171 2326 1863 2406; baseline -0.002 -18"><span class='ocrx_word' id='word_1_163' title='bbox 171 2327 484 2406; x_wconf 75' lang='grc' dir='ltr'>Ἰεροόἀαλ,</span> <span class='ocrx_word' id='word_1_164' title='bbox 537 2326 645 2403; x_wconf 79' lang='grc' dir='ltr'>ἔτη</span> <span class='ocrx_word' id='word_1_165' title='bbox 697 2334 778 2404; x_wconf 82' lang='grc' dir='ltr'>μ’.</span> <span class='ocrx_word' id='word_1_166' title='bbox 846 2332 1086 2403; x_wconf 76' lang='grc' dir='ltr'>ΙΙατάξας</span> <span class='ocrx_word' id='word_1_167' title='bbox 1134 2335 1224 2387; x_wconf 81' lang='grc' dir='ltr'>τὸν</span> <span class='ocrx_word' id='word_1_168' title='bbox 1282 2332 1510 2404; x_wconf 72' lang='grc' dir='ltr'>Μαδιάμ</span> <span class='ocrx_word' id='word_1_169' title='bbox 1568 2334 1704 2404; x_wconf 80' lang='grc' dir='ltr'>μετᾶ</span> <span class='ocrx_word' id='word_1_170' title='bbox 1755 2337 1863 2388; x_wconf 81' lang='grc' dir='ltr'>τῶν</span> 
     </span>
    </p>
   </div>
   <div class='ocr_carea' id='block_1_23' title="bbox 176 2416 1864 2495">
    <p class='ocr_par' dir='ltr' id='par_1_23' title="bbox 176 2416 1864 2495">
     <span class='ocr_line' id='line_1_23' title="bbox 176 2416 1864 2495; baseline 0.001 -22"><span class='ocrx_word' id='word_1_171' title='bbox 176 2416 462 2494; x_wconf 70' lang='grc' dir='ltr'>λαψάντων</span> <span class='ocrx_word' id='word_1_172' title='bbox 521 2420 911 2495; x_wconf 77' lang='grc' dir='ltr'>τριακοσίων,</span> <span class='ocrx_word' id='word_1_173' title='bbox 969 2420 1043 2481; x_wconf 86' lang='grc' dir='ltr'>ὡς</span> <span class='ocrx_word' id='word_1_174' title='bbox 1099 2417 1396 2489; x_wconf 73' lang='grc' dir='ltr'>λελέξεται,</span> <span class='ocrx_word' id='word_1_175' title='bbox 1453 2420 1543 2474; x_wconf 84' lang='grc' dir='ltr'>καὶ</span> <span class='ocrx_word' id='word_1_176' title='bbox 1590 2419 1715 2481; x_wconf 78' lang='grc' dir='ltr'>τοὺς</span> <span class='ocrx_word' id='word_1_177' title='bbox 1768 2418 1864 2493; x_wconf 76' lang='grc' dir='ltr'>ἄρ-</span> 
     </span>
    </p>
   </div>
   <div class='ocr_carea' id='block_1_24' title="bbox 181 2507 1861 2588">
    <p class='ocr_par' dir='ltr' id='par_1_24' title="bbox 181 2507 1861 2588">
     <span class='ocr_line' id='line_1_24' title="bbox 181 2507 1861 2588; baseline 0.001 -24"><span class='ocrx_word' id='word_1_178' title='bbox 181 2531 371 2588; x_wconf 73' lang='grc' dir='ltr'>χοντας</span> <span class='ocrx_word' id='word_1_179' title='bbox 402 2510 598 2566; x_wconf 68' lang='grc' dir='ltr'>αὖτῶν</span> <span class='ocrx_word' id='word_1_180' title='bbox 634 2509 905 2580; x_wconf 66' lang='grc' dir='ltr'>ἠλόῃσεν</span> <span class='ocrx_word' id='word_1_181' title='bbox 936 2509 989 2565; x_wconf 83' lang='grc' dir='ltr'>ἐν</span> <span class='ocrx_word' id='word_1_182' title='bbox 1015 2516 1134 2573; x_wconf 86' lang='grc' dir='ltr'>ταῖς</span> <span class='ocrx_word' id='word_1_183' title='bbox 1176 2510 1450 2573; x_wconf 77' lang='grc' dir='ltr'>ἀκάνθαις,</span> <span class='ocrx_word' id='word_1_184' title='bbox 1487 2510 1630 2566; x_wconf 82' lang='grc' dir='ltr'>Μετὰ</span> <span class='ocrx_word' id='word_1_185' title='bbox 1662 2507 1861 2565; x_wconf 80' lang='grc' dir='ltr'>Γεδεὼν</span> 
     </span>
    </p>
   </div>
   <div class='ocr_carea' id='block_1_25' title="bbox 181 2594 1865 2676">
    <p class='ocr_par' dir='ltr' id='par_1_25' title="bbox 181 2594 1865 2676">
     <span class='ocr_line' id='line_1_25' title="bbox 181 2594 1865 2676; baseline 0.015 -2"><span class='ocrx_word' id='word_1_186' title='bbox 181 2599 358 2675; x_wconf 71' lang='grc' dir='ltr'>γέγονε</span> <span class='ocrx_word' id='word_1_187' title='bbox 387 2603 598 2675; x_wconf 64' lang='grc' dir='ltr'>κριτὴς</span> <span class='ocrx_word' id='word_1_188' title='bbox 639 2594 973 2676; x_wconf 71' lang='grc' dir='ltr'>Ἀϐιμέλεχ</span> <span class='ocrx_word' id='word_1_189' title='bbox 1000 2601 1116 2662; x_wconf 51' lang='grc' dir='ltr'>υἱὸς</span> <span class='ocrx_word' id='word_1_190' title='bbox 1159 2600 1323 2656; x_wconf 64' lang='grc' dir='ltr'>αὑτοῦ</span> <span class='ocrx_word' id='word_1_191' title='bbox 1375 2597 1467 2671; x_wconf 76' lang='grc' dir='ltr'>ἰ’τη</span> <span class='ocrx_word' id='word_1_192' title='bbox 1514 2601 1659 2675; x_wconf 68' lang='grc' dir='ltr'>τρίκν</span> <span class='ocrx_word' id='word_1_193' title='bbox 1690 2601 1865 2656; x_wconf 71' lang='grc' dir='ltr'><strong>πατά-</strong></span> 
     </span>
    </p>
   </div>
   <div class='ocr_carea' id='block_1_26' title="bbox 184 2686 1862 2768">
    <p class='ocr_par' dir='ltr' id='par_1_26' title="bbox 184 2686 1862 2768">
     <span class='ocr_line' id='line_1_26' title="bbox 184 2686 1862 2768; baseline 0.001 -25"><span class='ocrx_word' id='word_1_194' title='bbox 184 2689 269 2757; x_wconf 77' lang='grc' dir='ltr'>ξας</span> <span class='ocrx_word' id='word_1_195' title='bbox 300 2688 356 2745; x_wconf 68' lang='grc' dir='ltr'>δὲ</span> <span class='ocrx_word' id='word_1_196' title='bbox 384 2691 477 2746; x_wconf 85' lang='grc' dir='ltr'>καὶ</span> <span class='ocrx_word' id='word_1_197' title='bbox 511 2689 665 2751; x_wconf 73' lang='grc' dir='ltr'>τοὺς</span> <span class='ocrx_word' id='word_1_198' title='bbox 726 2686 1005 2768; x_wconf 67' lang='grc' dir='ltr'>ἀδελοοὺς</span> <span class='ocrx_word' id='word_1_199' title='bbox 1060 2689 1228 2745; x_wconf 72' lang='grc' dir='ltr'>αὐτοῦ</span> <span class='ocrx_word' id='word_1_200' title='bbox 1284 2688 1345 2745; x_wconf 81' lang='grc' dir='ltr'>ἐκ</span> <span class='ocrx_word' id='word_1_201' title='bbox 1399 2694 1508 2744; x_wconf 82' lang='grc' dir='ltr'>τῶν</span> <span class='ocrx_word' id='word_1_202' title='bbox 1564 2688 1862 2763; x_wconf 70' lang='grc' dir='ltr'>ἐλευθέρων</span> 
     </span>
    </p>
   </div>
   <div class='ocr_carea' id='block_1_27' title="bbox 184 2776 1864 2856">
    <p class='ocr_par' dir='ltr' id='par_1_27' title="bbox 184 2776 1864 2856">
     <span class='ocr_line' id='line_1_27' title="bbox 184 2776 1864 2856; baseline 0.001 -24"><span class='ocrx_word' id='word_1_203' title='bbox 184 2776 371 2854; x_wconf 72' lang='grc' dir='ltr'>ἄνδρας</span> <span class='ocrx_word' id='word_1_204' title='bbox 399 2787 444 2834; x_wconf 84' lang='grc' dir='ltr'>ο¹</span> <span class='ocrx_word' id='word_1_205' title='bbox 475 2779 569 2834; x_wconf 81' lang='grc' dir='ltr'>ἐπὶ</span> <span class='ocrx_word' id='word_1_206' title='bbox 607 2778 787 2835; x_wconf 85' lang='grc' dir='ltr'>λίθον</span> <span class='ocrx_word' id='word_1_207' title='bbox 817 2776 931 2851; x_wconf 72' lang='grc' dir='ltr'>ἕνα,</span> <span class='ocrx_word' id='word_1_208' title='bbox 974 2778 1024 2852; x_wconf 78' lang='grc' dir='ltr'>ἐξ</span> <span class='ocrx_word' id='word_1_209' title='bbox 1092 2778 1164 2834; x_wconf 81' lang='grc' dir='ltr'>ὧν</span> <span class='ocrx_word' id='word_1_210' title='bbox 1196 2777 1295 2834; x_wconf 76' lang='grc' dir='ltr'>οὐκ</span> <span class='ocrx_word' id='word_1_211' title='bbox 1350 2778 1649 2856; x_wconf 69' lang='grc' dir='ltr'>ἀπελείφθη</span> <span class='ocrx_word' id='word_1_212' title='bbox 1717 2778 1864 2848; x_wconf 72' lang='grc' dir='ltr'>πλὴν</span> 
     </span>
    </p>
   </div>
   <div class='ocr_carea' id='block_1_28' title="bbox 182 2864 1859 2944">
    <p class='ocr_par' dir='ltr' id='par_1_28' title="bbox 182 2864 1859 2944">
     <span class='ocr_line' id='line_1_28' title="bbox 182 2864 1859 2944; baseline -0.001 -20"><span class='ocrx_word' id='word_1_213' title='bbox 182 2868 398 2924; x_wconf 82' lang='grc' dir='ltr'>Ἰωάθαν</span> <span class='ocrx_word' id='word_1_214' title='bbox 428 2874 532 2926; x_wconf 76' lang='grc' dir='ltr'>τοῖ’)</span> <span class='ocrx_word' id='word_1_215' title='bbox 562 2869 880 2942; x_wconf 70' lang='grc' dir='ltr'>νεωτέρου.</span> <span class='ocrx_word' id='word_1_216' title='bbox 947 2871 1045 2929; x_wconf 79' lang='grc' dir='ltr'>Ὃς</span> <span class='ocrx_word' id='word_1_217' title='bbox 1112 2869 1203 2923; x_wconf 83' lang='grc' dir='ltr'>καὶ</span> <span class='ocrx_word' id='word_1_218' title='bbox 1261 2866 1499 2932; x_wconf 77' lang='grc' dir='ltr'>ἀνελθὼν</span> <span class='ocrx_word' id='word_1_219' title='bbox 1532 2867 1582 2923; x_wconf 78' lang='grc' dir='ltr'>ἐν</span> <span class='ocrx_word' id='word_1_220' title='bbox 1639 2870 1718 2940; x_wconf 82' lang='grc' dir='ltr'>τῷ</span> <span class='ocrx_word' id='word_1_221' title='bbox 1747 2864 1859 2944; x_wconf 83' lang='grc' dir='ltr'>ὄρει</span> 
     </span>
    </p>
   </div>
   <div class='ocr_carea' id='block_1_29' title="bbox 184 2953 1860 3033">
    <p class='ocr_par' dir='ltr' id='par_1_29' title="bbox 184 2953 1860 3033">
     <span class='ocr_line' id='line_1_29' title="bbox 184 2953 1860 3033; baseline 0 -22"><span class='ocrx_word' id='word_1_222' title='bbox 184 2956 289 3013; x_wconf 83' lang='grc' dir='ltr'>εἷπε</span> <span class='ocrx_word' id='word_1_223' title='bbox 330 2964 450 3020; x_wconf 83' lang='grc' dir='ltr'>τοῖς</span> <span class='ocrx_word' id='word_1_224' title='bbox 513 2958 861 3031; x_wconf 72' lang='grc' dir='ltr'>Σικιμίταις</span> <span class='ocrx_word' id='word_1_225' title='bbox 914 2959 1013 3026; x_wconf 68' lang='grc' dir='ltr'>τὴν</span> <span class='ocrx_word' id='word_1_226' title='bbox 1062 2953 1385 3033; x_wconf 79' lang='grc' dir='ltr'>παραϐολὴν</span> <span class='ocrx_word' id='word_1_227' title='bbox 1431 2962 1538 3012; x_wconf 82' lang='grc' dir='ltr'>τῶν</span> <span class='ocrx_word' id='word_1_228' title='bbox 1602 2955 1860 3032; x_wconf 68' lang='grc' dir='ltr'>δένδρων,</span> 
     </span>
    </p>
   </div>
   <div class='ocr_carea' id='block_1_30' title="bbox 181 3046 1859 3121">
    <p class='ocr_par' dir='ltr' id='par_1_30' title="bbox 181 3046 1859 3121">
     <span class='ocr_line' id='line_1_30' title="bbox 181 3046 1859 3121; baseline -0.001 -19"><span class='ocrx_word' id='word_1_229' title='bbox 181 3055 275 3115; x_wconf 74' lang='grc' dir='ltr'>τῆς</span> <span class='ocrx_word' id='word_1_230' title='bbox 300 3068 357 3103; x_wconf 82' lang='grc' dir='ltr'>τε</span> <span class='ocrx_word' id='word_1_231' title='bbox 384 3046 580 3110; x_wconf 73' lang='grc' dir='ltr'>ἐλαίας</span> <span class='ocrx_word' id='word_1_232' title='bbox 631 3048 737 3103; x_wconf 72' lang='grc' dir='ltr'>καὶ</span> <span class='ocrx_word' id='word_1_233' title='bbox 800 3054 904 3117; x_wconf 80' lang='grc' dir='ltr'>τῆς</span> <span class='ocrx_word' id='word_1_234' title='bbox 937 3053 1104 3116; x_wconf 82' lang='grc' dir='ltr'>συκῆς</span> <span class='ocrx_word' id='word_1_235' title='bbox 1157 3047 1248 3102; x_wconf 78' lang='grc' dir='ltr'>καὶ</span> <span class='ocrx_word' id='word_1_236' title='bbox 1302 3054 1403 3117; x_wconf 83' lang='grc' dir='ltr'>τῆς</span> <span class='ocrx_word' id='word_1_237' title='bbox 1461 3046 1714 3121; x_wconf 70' lang='grc' dir='ltr'>ἀμπέλου</span> <span class='ocrx_word' id='word_1_238' title='bbox 1771 3048 1859 3103; x_wconf 83' lang='grc' dir='ltr'>καὶ</span> 
     </span>
    </p>
   </div>
   <div class='ocr_carea' id='block_1_31' title="bbox 186 3130 1861 3211">
    <p class='ocr_par' dir='ltr' id='par_1_31' title="bbox 186 3130 1861 3211">
     <span class='ocr_line' id='line_1_31' title="bbox 186 3130 1861 3211; baseline 0.001 -21"><span class='ocrx_word' id='word_1_239' title='bbox 186 3139 279 3205; x_wconf 68' lang='grc' dir='ltr'>τῆς</span> <span class='ocrx_word' id='word_1_240' title='bbox 308 3138 536 3211; x_wconf 73' lang='grc' dir='ltr'>ῥάμνου,</span> <span class='ocrx_word' id='word_1_241' title='bbox 566 3138 709 3202; x_wconf 80' lang='grc' dir='ltr'>καθ’</span> <span class='ocrx_word' id='word_1_242' title='bbox 737 3134 807 3205; x_wconf 78' lang='grc' dir='ltr'>ἤν</span> <span class='ocrx_word' id='word_1_243' title='bbox 839 3137 931 3191; x_wconf 78' lang='grc' dir='ltr'>καὶ</span> <span class='ocrx_word' id='word_1_244' title='bbox 964 3130 1159 3207; x_wconf 76' lang='grc' dir='ltr'>συνὲὅη</span> <span class='ocrx_word' id='word_1_245' title='bbox 1211 3135 1420 3199; x_wconf 81' lang='grc' dir='ltr'>αὐτοῖς.</span> <span class='ocrx_word' id='word_1_246' title='bbox 1454 3140 1556 3193; x_wconf 78' lang='grc' dir='ltr'>Καὶ</span> <span class='ocrx_word' id='word_1_247' title='bbox 1584 3138 1650 3192; x_wconf 74' lang='grc' dir='ltr'>τὰ</span> <span class='ocrx_word' id='word_1_248' title='bbox 1689 3135 1861 3192; x_wconf 73' lang='grc' dir='ltr'>λοιπὰ</span> 
     </span>
    </p>
   </div>
   <div class='ocr_carea' id='block_1_32' title="bbox 196 3220 1184 3301">
    <p class='ocr_par' dir='ltr' id='par_1_32' title="bbox 196 3220 1184 3301">
     <span class='ocr_line' id='line_1_32' title="bbox 196 3220 1184 3301; baseline 0.001 -22"><span class='ocrx_word' id='word_1_249' title='bbox 196 3228 295 3279; x_wconf 68' lang='grc' dir='ltr'>τῶν</span> <span class='ocrx_word' id='word_1_250' title='bbox 319 3231 511 3300; x_wconf 79' lang='grc' dir='ltr'>κριτῶν</span> <span class='ocrx_word' id='word_1_251' title='bbox 551 3226 833 3301; x_wconf 71' lang='grc' dir='ltr'>εὑρήσεις</span> <span class='ocrx_word' id='word_1_252' title='bbox 862 3220 1184 3301; x_wconf 79' lang='grc' dir='ltr'>ἔμπροσθεν.</span> 
     </span>
    </p>
   </div>
   <div class='ocr_carea' id='block_1_33' title="bbox 268 3311 1868 3393">
    <p class='ocr_par' dir='ltr' id='par_1_33' title="bbox 268 3311 1868 3393">
     <span class='ocr_line' id='line_1_33' title="bbox 268 3311 1868 3393; baseline -0.001 -23"><span class='ocrx_word' id='word_1_253' title='bbox 268 3313 453 3370; x_wconf 69' lang='grc' dir='ltr'>’ἱστέον</span> <span class='ocrx_word' id='word_1_254' title='bbox 484 3316 598 3385; x_wconf 72' lang='grc' dir='ltr'>οὖν,</span> <span class='ocrx_word' id='word_1_255' title='bbox 641 3314 827 3393; x_wconf 54' lang='lat' dir='ltr'>gms-21</span> <span class='ocrx_word' id='word_1_256' title='bbox 861 3314 890 3368; x_wconf 88' lang='lat'>6</span> <span class='ocrx_word' id='word_1_257' title='bbox 922 3311 1178 3386; x_wconf 78' lang='grc' dir='ltr'>ἀοίδιμος</span> <span class='ocrx_word' id='word_1_258' title='bbox 1207 3314 1618 3390; x_wconf 77' lang='grc' dir='ltr'>Χρυσόστομος,</span> <span class='ocrx_word' id='word_1_259' title='bbox 1653 3316 1727 3376; x_wconf 85' lang='grc' dir='ltr'>ὡς</span> <span class='ocrx_word' id='word_1_260' title='bbox 1760 3336 1868 3370; x_wconf 87' lang='grc' dir='ltr'>πο-</span> 
     </span>
    </p>
   </div>
   <div class='ocr_carea' id='block_1_34' title="bbox 216 3400 1865 3482">
    <p class='ocr_par' dir='ltr' id='par_1_34' title="bbox 216 3400 1865 3482">
     <span class='ocr_line' id='line_1_34' title="bbox 216 3400 1865 3482; baseline 0.001 -24"><span class='ocrx_word' id='word_1_261' title='bbox 216 3400 541 3476; x_wconf 70' lang='grc' dir='ltr'>λυσήμαντὸν</span> <span class='ocrx_word' id='word_1_262' title='bbox 565 3405 698 3461; x_wconf 85' lang='grc' dir='ltr'>ἐστι</span> <span class='ocrx_word' id='word_1_263' title='bbox 728 3405 795 3460; x_wconf 83' lang='grc' dir='ltr'>τὸ</span> <span class='ocrx_word' id='word_1_264' title='bbox 827 3400 1001 3477; x_wconf 78' lang='grc' dir='ltr'>ὄνομα</span> <span class='ocrx_word' id='word_1_265' title='bbox 1028 3408 1128 3470; x_wconf 75' lang='grc' dir='ltr'>τῆς</span> <span class='ocrx_word' id='word_1_266' title='bbox 1168 3400 1518 3479; x_wconf 80' lang='grc' dir='ltr'>παραϐολῆς.</span> <span class='ocrx_word' id='word_1_267' title='bbox 1577 3409 1731 3462; x_wconf 74' lang='grc' dir='ltr'>’Ἐστι</span> <span class='ocrx_word' id='word_1_268' title='bbox 1762 3405 1865 3482; x_wconf 73' lang='grc' dir='ltr'>γὰρ</span> 
     </span>
    </p>
   </div>
   <div class='ocr_carea' id='block_1_35' title="bbox 206 3489 1865 3568">
    <p class='ocr_par' dir='ltr' id='par_1_35' title="bbox 206 3489 1865 3568">
     <span class='ocr_line' id='line_1_35' title="bbox 206 3489 1865 3568; baseline 0.002 -22"><span class='ocrx_word' id='word_1_269' title='bbox 206 3489 481 3567; x_wconf 75' lang='grc' dir='ltr'>παραϐολή</span> <span class='ocrx_word' id='word_1_270' title='bbox 521 3495 783 3568; x_wconf 77' lang='grc' dir='ltr'>λάλημα</span> <span class='ocrx_word' id='word_1_271' title='bbox 813 3493 906 3548; x_wconf 78' lang='grc' dir='ltr'>καὶ</span> <span class='ocrx_word' id='word_1_272' title='bbox 938 3490 1245 3568; x_wconf 75' lang='grc' dir='ltr'>ὑπόδειγμα</span> <span class='ocrx_word' id='word_1_273' title='bbox 1275 3494 1366 3549; x_wconf 84' lang='grc' dir='ltr'>καὶ</span> <span class='ocrx_word' id='word_1_274' title='bbox 1407 3492 1739 3567; x_wconf 82' lang='grc' dir='ltr'>ὀνειδισμὸς,</span> <span class='ocrx_word' id='word_1_275' title='bbox 1791 3495 1865 3558; x_wconf 86' lang='grc' dir='ltr'>ὡς</span> 
     </span>
    </p>
   </div>
   <div class='ocr_carea' id='block_1_36' title="bbox 198 3579 1865 3660">
    <p class='ocr_par' dir='ltr' id='par_1_36' title="bbox 198 3579 1865 3660">
     <span class='ocr_line' id='line_1_36' title="bbox 198 3579 1865 3660; baseline 0.001 -24"><span class='ocrx_word' id='word_1_276' title='bbox 198 3581 313 3636; x_wconf 74' lang='grc' dir='ltr'>ὅταν</span> <span class='ocrx_word' id='word_1_277' title='bbox 348 3583 492 3660; x_wconf 69' lang='grc' dir='ltr'>λέγει</span> <span class='ocrx_word' id='word_1_278' title='bbox 525 3582 738 3640; x_wconf 65' lang='grc' dir='ltr'>Δαυῗδο</span> <span class='ocrx_word' id='word_1_279' title='bbox 775 3606 804 3635; x_wconf 85' lang='grc'><em>‹‹</em></span> <span class='ocrx_word' id='word_1_280' title='bbox 835 3584 999 3640; x_wconf 82' lang='grc' dir='ltr'>Ἕθου</span> <span class='ocrx_word' id='word_1_281' title='bbox 1029 3586 1175 3655; x_wconf 73' lang='grc' dir='ltr'>ἡμᾶς</span> <span class='ocrx_word' id='word_1_282' title='bbox 1206 3583 1281 3645; x_wconf 80' lang='grc' dir='ltr'>εἰς</span> <span class='ocrx_word' id='word_1_283' title='bbox 1314 3579 1637 3660; x_wconf 73' lang='grc' dir='ltr'>παραϐολήν</span> <span class='ocrx_word' id='word_1_284' title='bbox 1669 3583 1720 3638; x_wconf 82' lang='grc' dir='ltr'>ἐν</span> <span class='ocrx_word' id='word_1_285' title='bbox 1750 3589 1865 3646; x_wconf 88' lang='grc' dir='ltr'>τοῖς</span> 
     </span>
    </p>
   </div>
   <div class='ocr_carea' id='block_1_37' title="bbox 203 3668 1867 3753">
    <p class='ocr_par' dir='ltr' id='par_1_37' title="bbox 203 3668 1867 3753">
     <span class='ocr_line' id='line_1_37' title="bbox 203 3668 1867 3753; baseline 0.002 -28"><span class='ocrx_word' id='word_1_286' title='bbox 203 3668 385 3743; x_wconf 65' lang='grc' dir='ltr'>ἔθνεσι,</span> <span class='ocrx_word' id='word_1_287' title='bbox 423 3675 657 3747; x_wconf 68' lang='grc' dir='ltr'>κίνησιν</span> <span class='ocrx_word' id='word_1_288' title='bbox 689 3671 945 3753; x_wconf 63' lang='grc' dir='ltr'>κεφαλῆς</span> <span class='ocrx_word' id='word_1_289' title='bbox 974 3673 1026 3728; x_wconf 82' lang='grc' dir='ltr'>ἐν</span> <span class='ocrx_word' id='word_1_290' title='bbox 1054 3679 1173 3736; x_wconf 88' lang='grc' dir='ltr'>τοῖς</span> <span class='ocrx_word' id='word_1_291' title='bbox 1205 3673 1382 3737; x_wconf 83' lang='grc' dir='ltr'>λαοῖς.</span> <span class='ocrx_word' id='word_1_292' title='bbox 1421 3697 1446 3729; x_wconf 69' lang='grc' dir='ltr'>ι</span> <span class='ocrx_word' id='word_1_293' title='bbox 1476 3676 1626 3731; x_wconf 80' lang='grc' dir='ltr'>’Ἐστι</span> <span class='ocrx_word' id='word_1_294' title='bbox 1674 3674 1731 3730; x_wconf 74' lang='grc' dir='ltr'>δὲ</span> <span class='ocrx_word' id='word_1_295' title='bbox 1761 3696 1867 3729; x_wconf 90' lang='grc' dir='ltr'>πα-</span> 
     </span>
    </p>
   </div>
   <div class='ocr_carea' id='block_1_38' title="bbox 205 3755 1864 3837">
    <p class='ocr_par' dir='ltr' id='par_1_38' title="bbox 205 3755 1864 3837">
     <span class='ocr_line' id='line_1_38' title="bbox 205 3755 1864 3837; baseline 0.002 -23"><span class='ocrx_word' id='word_1_296' title='bbox 205 3755 403 3833; x_wconf 73' lang='grc' dir='ltr'>ραϐολή</span> <span class='ocrx_word' id='word_1_297' title='bbox 436 3759 1132 3837; x_wconf 79' lang='grc' dir='ltr'>αἰνιγματώδηςλόγος,δ</span> <span class='ocrx_word' id='word_1_298' title='bbox 1152 3761 1355 3817; x_wconf 85' lang='grc' dir='ltr'>πολλοὶ</span> <span class='ocrx_word' id='word_1_299' title='bbox 1387 3761 1864 3835; x_wconf 76' lang='grc' dir='ltr'>λὲγουσιζήτημα,</span> 
     </span>
    </p>
   </div>
   <div class='ocr_carea' id='block_1_39' title="bbox 201 3849 1863 3927">
    <p class='ocr_par' dir='ltr' id='par_1_39' title="bbox 201 3849 1863 3927">
     <span class='ocr_line' id='line_1_39' title="bbox 201 3849 1863 3927; baseline 0.001 -23"><span class='ocrx_word' id='word_1_300' title='bbox 201 3849 438 3927; x_wconf 58' lang='grc' dir='ltr'>ἐκφαῖνον</span> <span class='ocrx_word' id='word_1_301' title='bbox 474 3852 702 3924; x_wconf 76' lang='grc' dir='ltr'>μέντοι,</span> <span class='ocrx_word' id='word_1_302' title='bbox 772 3849 872 3904; x_wconf 66' lang='grc' dir='ltr'>οὐκ</span> <span class='ocrx_word' id='word_1_303' title='bbox 930 3849 1151 3906; x_wconf 64' lang='grc' dir='ltr'>αὐτόθεν</span> <span class='ocrx_word' id='word_1_304' title='bbox 1213 3849 1270 3905; x_wconf 80' lang='grc' dir='ltr'>δὲ</span> <span class='ocrx_word' id='word_1_305' title='bbox 1298 3850 1512 3914; x_wconf 87' lang='grc' dir='ltr'>πάντως</span> <span class='ocrx_word' id='word_1_306' title='bbox 1575 3850 1744 3921; x_wconf 76' lang='grc' dir='ltr'>δῆλον</span> <span class='ocrx_word' id='word_1_307' title='bbox 1805 3851 1863 3907; x_wconf 79' lang='lat' dir='ltr'>6&#39;v</span> 
     </span>
    </p>
   </div>
   <div class='ocr_carea' id='block_1_40' title="bbox 205 3934 1868 4016">
    <p class='ocr_par' dir='ltr' id='par_1_40' title="bbox 205 3934 1868 4016">
     <span class='ocr_line' id='line_1_40' title="bbox 205 3934 1868 4016; baseline 0.004 -26"><span class='ocrx_word' id='word_1_308' title='bbox 205 3937 297 3993; x_wconf 76' lang='grc' dir='ltr'>ἀπὸ</span> <span class='ocrx_word' id='word_1_309' title='bbox 324 3944 433 3994; x_wconf 82' lang='grc' dir='ltr'>τῶν</span> <span class='ocrx_word' id='word_1_310' title='bbox 474 3939 790 4016; x_wconf 71' lang='grc' dir='ltr'>ῥημάτων,</span> <span class='ocrx_word' id='word_1_311' title='bbox 823 3937 950 3993; x_wconf 87' lang='grc' dir='ltr'>ἀλλ’</span> <span class='ocrx_word' id='word_1_312' title='bbox 978 3934 1109 4013; x_wconf 78' lang='grc' dir='ltr'>ἔχον</span> <span class='ocrx_word' id='word_1_313' title='bbox 1156 3937 1304 4001; x_wconf 80' lang='grc' dir='ltr'>ἐντὸς</span> <span class='ocrx_word' id='word_1_314' title='bbox 1332 3940 1714 4015; x_wconf 77' lang='grc' dir='ltr'>κεκρυμμένην</span> <span class='ocrx_word' id='word_1_315' title='bbox 1748 3937 1868 3995; x_wconf 85' lang='grc' dir='ltr'>διά-</span> 
     </span>
    </p>
   </div>
   <div class='ocr_carea' id='block_1_41' title="bbox 207 4026 1863 4105">
    <p class='ocr_par' dir='ltr' id='par_1_41' title="bbox 207 4026 1863 4105">
     <span class='ocr_line' id='line_1_41' title="bbox 207 4026 1863 4105; baseline 0.003 -24"><span class='ocrx_word' id='word_1_316' title='bbox 207 4050 362 4100; x_wconf 77' lang='grc' dir='ltr'>νοιαν,</span> <span class='ocrx_word' id='word_1_317' title='bbox 397 4031 473 4092; x_wconf 82' lang='grc' dir='ltr'>ὡς</span> <span class='ocrx_word' id='word_1_318' title='bbox 512 4029 651 4085; x_wconf 77' lang='grc' dir='ltr'>ὅταν</span> <span class='ocrx_word' id='word_1_319' title='bbox 687 4030 717 4083; x_wconf 91' lang='lat'>6</span> <span class='ocrx_word' id='word_1_320' title='bbox 750 4027 987 4102; x_wconf 79' lang='grc' dir='ltr'>Σαμψὼν</span> <span class='ocrx_word' id='word_1_321' title='bbox 1013 4026 1215 4105; x_wconf 81' lang='grc' dir='ltr'>ἔλεγεν·</span> <span class='ocrx_word' id='word_1_322' title='bbox 1257 4052 1278 4077; x_wconf 73' lang='grc' dir='ltr'>ιι</span> <span class='ocrx_word' id='word_1_323' title='bbox 1313 4029 1571 4101; x_wconf 78' lang='grc' dir='ltr'>Ἐξῆλθεν</span> <span class='ocrx_word' id='word_1_324' title='bbox 1597 4031 1703 4086; x_wconf 88' lang='grc' dir='ltr'>ἀπὸ</span> <span class='ocrx_word' id='word_1_325' title='bbox 1740 4032 1863 4086; x_wconf 85' lang='grc' dir='ltr'>στό-</span> 
     </span>
    </p>
   </div>
   <div class='ocr_carea' id='block_1_42' title="bbox 211 4114 1863 4195">
    <p class='ocr_par' dir='ltr' id='par_1_42' title="bbox 211 4114 1863 4195">
     <span class='ocr_line' id='line_1_42' title="bbox 211 4114 1863 4195; baseline 0.003 -25"><span class='ocrx_word' id='word_1_326' title='bbox 211 4138 370 4188; x_wconf 86' lang='grc' dir='ltr'>ματος</span> <span class='ocrx_word' id='word_1_327' title='bbox 399 4114 675 4183; x_wconf 78' lang='grc' dir='ltr'>ἔσθοντος</span> <span class='ocrx_word' id='word_1_328' title='bbox 710 4119 915 4192; x_wconf 80' lang='grc' dir='ltr'>βρῶσις</span> <span class='ocrx_word' id='word_1_329' title='bbox 946 4117 1036 4172; x_wconf 83' lang='grc' dir='ltr'>καὶ</span> <span class='ocrx_word' id='word_1_330' title='bbox 1069 4118 1174 4174; x_wconf 83' lang='grc' dir='ltr'>ἀπὸ</span> <span class='ocrx_word' id='word_1_331' title='bbox 1205 4118 1435 4195; x_wconf 66' lang='grc' dir='ltr'>ἰσχυροῦ</span> <span class='ocrx_word' id='word_1_332' title='bbox 1464 4117 1656 4195; x_wconf 76' lang='grc' dir='ltr'>γλυκύ.</span> <span class='ocrx_word' id='word_1_333' title='bbox 1690 4144 1717 4171; x_wconf 84' lang='grc'><strong>››</strong></span> <span class='ocrx_word' id='word_1_334' title='bbox 1769 4120 1863 4175; x_wconf 78' lang='grc' dir='ltr'>Καὶ</span> 
     </span>
    </p>
   </div>
   <div class='ocr_carea' id='block_1_43' title="bbox 206 4201 1865 4283">
    <p class='ocr_par' dir='ltr' id='par_1_43' title="bbox 206 4201 1865 4283">
     <span class='ocr_line' id='line_1_43' title="bbox 206 4201 1865 4283; baseline 0.001 -21"><span class='ocrx_word' id='word_1_335' title='bbox 206 4206 471 4281; x_wconf 73' lang='grc' dir='ltr'>Σολομὼν</span> <span class='ocrx_word' id='word_1_336' title='bbox 509 4201 692 4283; x_wconf 51' lang='grc' dir='ltr'>ἔργα</span> <span class='ocrx_word' id='word_1_337' title='bbox 708 4207 849 4262; x_wconf 83' lang='grc' dir='ltr'>Τότε</span> <span class='ocrx_word' id='word_1_338' title='bbox 877 4209 1095 4276; x_wconf 73' lang='grc' dir='ltr'>νοήσεις</span> <span class='ocrx_word' id='word_1_339' title='bbox 1122 4203 1445 4281; x_wconf 74' lang='grc' dir='ltr'>παραϐολὴν</span> <span class='ocrx_word' id='word_1_340' title='bbox 1473 4210 1563 4263; x_wconf 80' lang='grc' dir='ltr'>καὶ</span> <span class='ocrx_word' id='word_1_341' title='bbox 1596 4211 1865 4265; x_wconf 83' lang='grc' dir='ltr'>σκοτεινὸν</span> 
     </span>
    </p>
   </div>
   <div class='ocr_carea' id='block_1_44' title="bbox 204 4292 1862 4373">
    <p class='ocr_par' dir='ltr' id='par_1_44' title="bbox 204 4292 1862 4373">
     <span class='ocr_line' id='line_1_44' title="bbox 204 4292 1862 4373; baseline 0.003 -23"><span class='ocrx_word' id='word_1_342' title='bbox 204 4295 385 4373; x_wconf 80' lang='grc' dir='ltr'>λόγον.</span> <span class='ocrx_word' id='word_1_343' title='bbox 423 4324 446 4348; x_wconf 75' lang='grc' dir='ltr'>ι</span> <span class='ocrx_word' id='word_1_344' title='bbox 473 4296 711 4373; x_wconf 76' lang='grc' dir='ltr'>Λέγεται</span> <span class='ocrx_word' id='word_1_345' title='bbox 746 4292 801 4350; x_wconf 81' lang='grc' dir='ltr'>δὲ</span> <span class='ocrx_word' id='word_1_346' title='bbox 831 4293 1119 4368; x_wconf 72' lang='grc' dir='ltr'>παραϐολὴ</span> <span class='ocrx_word' id='word_1_347' title='bbox 1152 4298 1242 4351; x_wconf 77' lang='grc' dir='ltr'>καὶ</span> <span class='ocrx_word' id='word_1_348' title='bbox 1275 4298 1565 4369; x_wconf 80' lang='grc' dir='ltr'>ὁμοίωσις.</span> <span class='ocrx_word' id='word_1_349' title='bbox 1600 4323 1627 4350; x_wconf 91' lang='grc'>‹‹</span> <span class='ocrx_word' id='word_1_350' title='bbox 1648 4297 1862 4369; x_wconf 79' lang='grc' dir='ltr'>Ἀλλην</span> 
     </span>
    </p>
   </div>
   <div class='ocr_carea' id='block_1_45' title="bbox 202 4379 1866 4464">
    <p class='ocr_par' dir='ltr' id='par_1_45' title="bbox 202 4379 1866 4464">
     <span class='ocr_line' id='line_1_45' title="bbox 202 4379 1866 4464; baseline 0.001 -23"><span class='ocrx_word' id='word_1_351' title='bbox 202 4386 499 4464; x_wconf 64' lang='grc' dir='ltr'>γὰρςνρησὶ,</span> <span class='ocrx_word' id='word_1_352' title='bbox 530 4379 860 4459; x_wconf 72' lang='grc' dir='ltr'>παραδολὴν</span> <span class='ocrx_word' id='word_1_353' title='bbox 902 4384 1202 4460; x_wconf 76' lang='grc' dir='ltr'>παρέθηκεν</span> <span class='ocrx_word' id='word_1_354' title='bbox 1236 4384 1417 4449; x_wconf 83' lang='grc' dir='ltr'>αὐτοῖς</span> <span class='ocrx_word' id='word_1_355' title='bbox 1445 4385 1639 4462; x_wconf 74' lang='grc' dir='ltr'>λέγων.</span> <span class='ocrx_word' id='word_1_356' title='bbox 1673 4388 1866 4461; x_wconf 71' lang='grc' dir='ltr'>Ὁμοία</span> 
     </span>
    </p>
   </div>
   <div class='ocr_carea' id='block_1_46' title="bbox 205 4471 1863 4551">
    <p class='ocr_par' dir='ltr' id='par_1_46' title="bbox 205 4471 1863 4551">
     <span class='ocr_line' id='line_1_46' title="bbox 205 4471 1863 4551; baseline 0.004 -24"><span class='ocrx_word' id='word_1_357' title='bbox 205 4472 337 4529; x_wconf 79' lang='grc' dir='ltr'>ἐστὶν</span> <span class='ocrx_word' id='word_1_358' title='bbox 363 4478 400 4543; x_wconf 75' lang='grc' dir='ltr'>ἠ</span> <span class='ocrx_word' id='word_1_359' title='bbox 438 4471 710 4551; x_wconf 81' lang='grc' dir='ltr'>βασιλεία</span> <span class='ocrx_word' id='word_1_360' title='bbox 738 4476 841 4525; x_wconf 79' lang='grc' dir='ltr'>τῶν</span> <span class='ocrx_word' id='word_1_361' title='bbox 872 4472 1112 4546; x_wconf 82' lang='grc' dir='ltr'>οὐρανῶν</span> <span class='ocrx_word' id='word_1_362' title='bbox 1142 4474 1412 4549; x_wconf 75' lang='grc' dir='ltr'>ἀνθρώπῳ</span> <span class='ocrx_word' id='word_1_363' title='bbox 1444 4476 1716 4550; x_wconf 78' lang='grc' dir='ltr'>σπείροντι</span> <span class='ocrx_word' id='word_1_364' title='bbox 1767 4499 1863 4533; x_wconf 84' lang='grc' dir='ltr'>κα·</span> 
     </span>
    </p>
   </div>
   <div class='ocr_carea' id='block_1_47' title="bbox 207 4559 1864 4641">
    <p class='ocr_par' dir='ltr' id='par_1_47' title="bbox 207 4559 1864 4641">
     <span class='ocr_line' id='line_1_47' title="bbox 207 4559 1864 4641; baseline -0.004 -24"><span class='ocrx_word' id='word_1_365' title='bbox 207 4560 295 4618; x_wconf 84' lang='grc' dir='ltr'>λὸν</span> <span class='ocrx_word' id='word_1_366' title='bbox 328 4564 565 4635; x_wconf 69' lang='grc' dir='ltr'>σπέρμα</span> <span class='ocrx_word' id='word_1_367' title='bbox 611 4559 665 4616; x_wconf 75' lang='grc' dir='ltr'>ἐν</span> <span class='ocrx_word' id='word_1_368' title='bbox 692 4565 770 4632; x_wconf 76' lang='grc' dir='ltr'>τῷ</span> <span class='ocrx_word' id='word_1_369' title='bbox 801 4561 952 4635; x_wconf 81' lang='grc' dir='ltr'>ἀγρῷ</span> <span class='ocrx_word' id='word_1_370' title='bbox 980 4561 1205 4621; x_wconf 72' lang='grc' dir='ltr'>αὐτοῦ.»</span> <span class='ocrx_word' id='word_1_371' title='bbox 1237 4562 1339 4618; x_wconf 77' lang='grc' dir='ltr'>Καὶ</span> <span class='ocrx_word' id='word_1_372' title='bbox 1368 4560 1658 4638; x_wconf 79' lang='grc' dir='ltr'>παραϐολὴ</span> <span class='ocrx_word' id='word_1_373' title='bbox 1706 4564 1864 4641; x_wconf 78' lang='grc' dir='ltr'>λέγε.</span> 
     </span>
    </p>
   </div>
   <div class='ocr_carea' id='block_1_48' title="bbox 1386 414 2515 476">
    <p class='ocr_par' dir='ltr' id='par_1_48' title="bbox 1386 414 2515 476">
     <span class='ocr_line' id='line_1_48' title="bbox 1386 414 2515 476; baseline -0.004 0"><span class='ocrx_word' id='word_1_374' title='bbox 1386 414 1757 476; x_wconf 69' lang='lat' dir='ltr'>HISTORIA</span> <span class='ocrx_word' id='word_1_375' title='bbox 1771 414 1928 476; x_wconf 73' lang='grc' dir='ltr'>ιιυΜ</span> <span class='ocrx_word' id='word_1_376' title='bbox 1978 414 2130 473; x_wconf 71' lang='lat' dir='ltr'>(30M</span> <span class='ocrx_word' id='word_1_377' title='bbox 2146 414 2431 474; x_wconf 75' lang='lat' dir='ltr'>PENDIU</span> <span class='ocrx_word' id='word_1_378' title='bbox 2444 414 2515 471; x_wconf 80' lang='grc' dir='ltr'>Μ.</span> 
     </span>
    </p>
   </div>
   <div class='ocr_carea' id='block_1_49' title="bbox 3522 408 3639 469">
    <p class='ocr_par' dir='ltr' id='par_1_49' title="bbox 3522 408 3639 469">
     <span class='ocr_line' id='line_1_49' title="bbox 3522 408 3639 469; baseline -0.026 0"><span class='ocrx_word' id='word_1_379' title='bbox 3522 408 3639 469; x_wconf 82' lang='grc'>126</span> 
     </span>
    </p>
   </div>
   <div class='ocr_carea' id='block_1_50' title="bbox 2068 542 3636 616">
    <p class='ocr_par' dir='ltr' id='par_1_50' title="bbox 2068 542 3636 616">
     <span class='ocr_line' id='line_1_50' title="bbox 2068 542 3636 616; baseline -0.004 -15"><span class='ocrx_word' id='word_1_380' title='bbox 2068 549 2199 603; x_wconf 83' lang='lat' dir='ltr'>Post</span> <span class='ocrx_word' id='word_1_381' title='bbox 2226 549 2463 602; x_wconf 83' lang='lat' dir='ltr'>Josuam</span> <span class='ocrx_word' id='word_1_382' title='bbox 2488 547 2640 601; x_wconf 85' lang='lat' dir='ltr'>Deus</span> <span class='ocrx_word' id='word_1_383' title='bbox 2677 546 2947 616; x_wconf 82' lang='lat' dir='ltr'>judicum</span> <span class='ocrx_word' id='word_1_384' title='bbox 2981 560 3161 616; x_wconf 86' lang='lat' dir='ltr'>opera</span> <span class='ocrx_word' id='word_1_385' title='bbox 3190 542 3477 614; x_wconf 87' lang='lat' dir='ltr'>pOpulum</span> <span class='ocrx_word' id='word_1_386' title='bbox 3513 559 3636 596; x_wconf 90' lang='lat' dir='ltr'>ser-</span> 
     </span>
    </p>
   </div>
   <div class='ocr_carea' id='block_1_51' title="bbox 1991 633 3636 708">
    <p class='ocr_par' dir='ltr' id='par_1_51' title="bbox 1991 633 3636 708">
     <span class='ocr_line' id='line_1_51' title="bbox 1991 633 3636 708; baseline -0.003 -19"><span class='ocrx_word' id='word_1_387' title='bbox 1991 639 2199 693; x_wconf 85' lang='lat' dir='ltr'>vavit.a</span> <span class='ocrx_word' id='word_1_388' title='bbox 2220 637 2488 708; x_wconf 78' lang='lat' dir='ltr'>reliquiis</span> <span class='ocrx_word' id='word_1_389' title='bbox 2509 637 2773 707; x_wconf 89' lang='lat' dir='ltr'>gentium</span> <span class='ocrx_word' id='word_1_390' title='bbox 2795 636 3126 690; x_wconf 86' lang='lat' dir='ltr'>alienarum</span> <span class='ocrx_word' id='word_1_391' title='bbox 3147 638 3440 687; x_wconf 80' lang='lat' dir='ltr'>vexatum.</span> <span class='ocrx_word' id='word_1_392' title='bbox 3476 633 3636 686; x_wconf 84' lang='lat' dir='ltr'>[nter</span> 
     </span>
    </p>
   </div>
   <div class='ocr_carea' id='block_1_52' title="bbox 1980 719 3631 797">
    <p class='ocr_par' dir='ltr' id='par_1_52' title="bbox 1980 719 3631 797">
     <span class='ocr_line' id='line_1_52' title="bbox 1980 719 3631 797; baseline -0.004 -17"><span class='ocrx_word' id='word_1_393' title='bbox 1980 725 2219 797; x_wconf 87' lang='lat' dir='ltr'>judices</span> <span class='ocrx_word' id='word_1_394' title='bbox 2249 742 2351 781; x_wconf 90' lang='lat' dir='ltr'>eos</span> <span class='ocrx_word' id='word_1_395' title='bbox 2383 726 2609 796; x_wconf 90' lang='lat' dir='ltr'>primus</span> <span class='ocrx_word' id='word_1_396' title='bbox 2632 724 2743 780; x_wconf 84' lang='lat' dir='ltr'>fuit</span> <span class='ocrx_word' id='word_1_397' title='bbox 2787 724 2991 778; x_wconf 88' lang='lat' dir='ltr'>ordine</span> <span class='ocrx_word' id='word_1_398' title='bbox 3020 722 3218 780; x_wconf 73' lang='lat' dir='ltr'>ludas.</span> <span class='ocrx_word' id='word_1_399' title='bbox 3255 721 3355 791; x_wconf 77' lang='lat' dir='ltr'>qui</span> <span class='ocrx_word' id='word_1_400' title='bbox 3414 719 3631 791; x_wconf 85' lang='lat' dir='ltr'>populo</span> 
     </span>
    </p>
   </div>
   <div class='ocr_carea' id='block_1_53' title="bbox 1988 808 3636 886">
    <p class='ocr_par' dir='ltr' id='par_1_53' title="bbox 1988 808 3636 886">
     <span class='ocr_line' id='line_1_53' title="bbox 1988 808 3636 886; baseline -0.005 -16"><span class='ocrx_word' id='word_1_401' title='bbox 1988 832 2178 870; x_wconf 88' lang='lat' dir='ltr'>annos</span> <span class='ocrx_word' id='word_1_402' title='bbox 2233 821 2458 886; x_wconf 78' lang='lat' dir='ltr'>septem</span> <span class='ocrx_word' id='word_1_403' title='bbox 2493 814 2745 886; x_wconf 76' lang='lat' dir='ltr'>praefuit.</span> <span class='ocrx_word' id='word_1_404' title='bbox 2779 815 2833 867; x_wconf 90' lang='lat' dir='ltr'>ls</span> <span class='ocrx_word' id='word_1_405' title='bbox 2852 812 3325 868; x_wconf 83' lang='lat' dir='ltr'>Adonibezecum</span> <span class='ocrx_word' id='word_1_406' title='bbox 3357 808 3636 864; x_wconf 76' lang='lat' dir='ltr'>barbaro-</span> 
     </span>
    </p>
   </div>
   <div class='ocr_carea' id='block_1_54' title="bbox 1987 900 3629 978">
    <p class='ocr_par' dir='ltr' id='par_1_54' title="bbox 1987 900 3629 978">
     <span class='ocr_line' id='line_1_54' title="bbox 1987 900 3629 978; baseline -0.005 -18"><span class='ocrx_word' id='word_1_407' title='bbox 1987 922 2119 960; x_wconf 87' lang='lat' dir='ltr'>rum</span> <span class='ocrx_word' id='word_1_408' title='bbox 2142 922 2337 978; x_wconf 86' lang='lat' dir='ltr'>regem</span> <span class='ocrx_word' id='word_1_409' title='bbox 2366 906 2425 960; x_wconf 90' lang='lat' dir='ltr'>in</span> <span class='ocrx_word' id='word_1_410' title='bbox 2456 921 2623 960; x_wconf 90' lang='lat' dir='ltr'>suam</span> <span class='ocrx_word' id='word_1_411' title='bbox 2657 909 3007 975; x_wconf 87' lang='lat' dir='ltr'>potestatem</span> <span class='ocrx_word' id='word_1_412' title='bbox 3037 900 3472 972; x_wconf 58' lang='lat' dir='ltr'>red:~git.eique</span> <span class='ocrx_word' id='word_1_413' title='bbox 3503 915 3629 953; x_wconf 86' lang='lat' dir='ltr'>ma—</span> 
     </span>
    </p>
   </div>
   <div class='ocr_carea' id='block_1_55' title="bbox 1988 989 3631 1067">
    <p class='ocr_par' dir='ltr' id='par_1_55' title="bbox 1988 989 3631 1067">
     <span class='ocr_line' id='line_1_55' title="bbox 1988 989 3631 1067; baseline -0.004 -18"><span class='ocrx_word' id='word_1_414' title='bbox 1988 1011 2174 1050; x_wconf 90' lang='lat' dir='ltr'>nuum</span> <span class='ocrx_word' id='word_1_415' title='bbox 2205 1012 2272 1051; x_wconf 89' lang='lat' dir='ltr'>ac</span> <span class='ocrx_word' id='word_1_416' title='bbox 2302 994 2518 1067; x_wconf 90' lang='lat' dir='ltr'>pedum</span> <span class='ocrx_word' id='word_1_417' title='bbox 2551 993 2957 1049; x_wconf 72' lang='lat' dir='ltr'>extremitates</span> <span class='ocrx_word' id='word_1_418' title='bbox 2985 990 3267 1064; x_wconf 79' lang='lat' dir='ltr'>praecidit.</span> <span class='ocrx_word' id='word_1_419' title='bbox 3299 991 3441 1042; x_wconf 93' lang='lat' dir='ltr'>Tum</span> <span class='ocrx_word' id='word_1_420' title='bbox 3474 989 3631 1042; x_wconf 81' lang='lat' dir='ltr'>Ado-</span> 
     </span>
    </p>
   </div>
   <div class='ocr_carea' id='block_1_56' title="bbox 1989 1077 3628 1156">
    <p class='ocr_par' dir='ltr' id='par_1_56' title="bbox 1989 1077 3628 1156">
     <span class='ocr_line' id='line_1_56' title="bbox 1989 1077 3628 1156; baseline -0.005 -17"><span class='ocrx_word' id='word_1_421' title='bbox 1989 1085 2339 1140; x_wconf 84' lang='lat' dir='ltr'>nibezecus:</span> <span class='ocrx_word' id='word_1_422' title='bbox 2373 1105 2402 1134; x_wconf 88' lang='lat'><strong><em>«</em></strong></span> <span class='ocrx_word' id='word_1_423' title='bbox 2437 1083 2871 1156; x_wconf 78' lang='lat' dir='ltr'>Septuaginta,»</span> <span class='ocrx_word' id='word_1_424' title='bbox 2905 1080 3170 1152; x_wconf 75' lang='lat' dir='ltr'>inquit&quot;,</span> <span class='ocrx_word' id='word_1_425' title='bbox 3204 1092 3405 1149; x_wconf 80' lang='lat' dir='ltr'>«reges</span> <span class='ocrx_word' id='word_1_426' title='bbox 3426 1077 3628 1140; x_wconf 88' lang='lat' dir='ltr'>habui,</span> 
     </span>
    </p>
   </div>
   <div class='ocr_carea' id='block_1_57' title="bbox 1988 1166 3631 1245">
    <p class='ocr_par' dir='ltr' id='par_1_57' title="bbox 1988 1166 3631 1245">
     <span class='ocr_line' id='line_1_57' title="bbox 1988 1166 3631 1245; baseline -0.005 -18"><span class='ocrx_word' id='word_1_427' title='bbox 1988 1174 2088 1245; x_wconf 88' lang='lat' dir='ltr'>qui</span> <span class='ocrx_word' id='word_1_428' title='bbox 2121 1173 2382 1245; x_wconf 75' lang='lat' dir='ltr'>praecisis</span> <span class='ocrx_word' id='word_1_429' title='bbox 2410 1189 2445 1227; x_wconf 91' lang='lat' dir='ltr'>a</span> <span class='ocrx_word' id='word_1_430' title='bbox 2476 1190 2569 1228; x_wconf 91' lang='lat' dir='ltr'>me</span> <span class='ocrx_word' id='word_1_431' title='bbox 2594 1188 2879 1228; x_wconf 88' lang='lat' dir='ltr'>manuum</span> <span class='ocrx_word' id='word_1_432' title='bbox 2912 1176 2969 1225; x_wconf 90' lang='lat' dir='ltr'>et</span> <span class='ocrx_word' id='word_1_433' title='bbox 2994 1168 3210 1240; x_wconf 89' lang='lat' dir='ltr'>pedum</span> <span class='ocrx_word' id='word_1_434' title='bbox 3244 1166 3631 1221; x_wconf 86' lang='lat' dir='ltr'>extremitati-</span> 
     </span>
    </p>
   </div>
   <div class='ocr_carea' id='block_1_58' title="bbox 1985 1254 3628 1328">
    <p class='ocr_par' dir='ltr' id='par_1_58' title="bbox 1985 1254 3628 1328">
     <span class='ocr_line' id='line_1_58' title="bbox 1985 1254 3628 1328; baseline -0.005 -11"><span class='ocrx_word' id='word_1_435' title='bbox 1985 1262 2096 1318; x_wconf 87' lang='lat' dir='ltr'>bus</span> <span class='ocrx_word' id='word_1_436' title='bbox 2127 1263 2235 1317; x_wconf 89' lang='lat' dir='ltr'>sub</span> <span class='ocrx_word' id='word_1_437' title='bbox 2267 1279 2473 1318; x_wconf 84' lang='lat' dir='ltr'>mensa</span> <span class='ocrx_word' id='word_1_438' title='bbox 2502 1279 2635 1318; x_wconf 90' lang='lat' dir='ltr'>mea</span> <span class='ocrx_word' id='word_1_439' title='bbox 2663 1261 2930 1317; x_wconf 91' lang='lat' dir='ltr'>ciborum</span> <span class='ocrx_word' id='word_1_440' title='bbox 2950 1258 3231 1328; x_wconf 79' lang='lat' dir='ltr'>reliquias</span> <span class='ocrx_word' id='word_1_441' title='bbox 3253 1254 3628 1326; x_wconf 84' lang='lat' dir='ltr'>colligebant.</span> 
     </span>
    </p>
   </div>
   <div class='ocr_carea' id='block_1_59' title="bbox 1986 1343 3630 1423">
    <p class='ocr_par' dir='ltr' id='par_1_59' title="bbox 1986 1343 3630 1423">
     <span class='ocr_line' id='line_1_59' title="bbox 1986 1343 3630 1423; baseline -0.005 -17"><span class='ocrx_word' id='word_1_442' title='bbox 1986 1352 2147 1406; x_wconf 67' lang='lat' dir='ltr'>Sicut</span> <span class='ocrx_word' id='word_1_443' title='bbox 2178 1367 2314 1423; x_wconf 89' lang='lat' dir='ltr'>ergo</span> <span class='ocrx_word' id='word_1_444' title='bbox 2347 1351 2480 1415; x_wconf 83' lang='lat' dir='ltr'>feci,</span> <span class='ocrx_word' id='word_1_445' title='bbox 2515 1351 2599 1405; x_wconf 88' lang='lat' dir='ltr'>sic</span> <span class='ocrx_word' id='word_1_446' title='bbox 2633 1350 2773 1404; x_wconf 87' lang='lat' dir='ltr'>mihi</span> <span class='ocrx_word' id='word_1_447' title='bbox 2798 1348 3085 1404; x_wconf 87' lang='lat' dir='ltr'>Dominus</span> <span class='ocrx_word' id='word_1_448' title='bbox 3106 1344 3402 1400; x_wconf 83' lang='lat' dir='ltr'>retribuit.</span> <span class='ocrx_word' id='word_1_449' title='bbox 3439 1365 3467 1392; x_wconf 70' lang='grc' dir='ltr'>υ</span> <span class='ocrx_word' id='word_1_450' title='bbox 3492 1343 3630 1398; x_wconf 84' lang='lat' dir='ltr'>Suc-</span> 
     </span>
    </p>
   </div>
   <div class='ocr_carea' id='block_1_60' title="bbox 1986 1432 3627 1498">
    <p class='ocr_par' dir='ltr' id='par_1_60' title="bbox 1986 1432 3627 1498">
     <span class='ocr_line' id='line_1_60' title="bbox 1986 1432 3627 1498; baseline -0.005 -2"><span class='ocrx_word' id='word_1_451' title='bbox 1986 1442 2164 1496; x_wconf 87' lang='lat' dir='ltr'>cessit</span> <span class='ocrx_word' id='word_1_452' title='bbox 2217 1441 2380 1496; x_wconf 72' lang='lat' dir='ltr'>Judw</span> <span class='ocrx_word' id='word_1_453' title='bbox 2422 1439 2752 1498; x_wconf 80' lang='lat' dir='ltr'>Gothoniel.</span> <span class='ocrx_word' id='word_1_454' title='bbox 2797 1438 2933 1493; x_wconf 86' lang='lat' dir='ltr'>huic</span> <span class='ocrx_word' id='word_1_455' title='bbox 2979 1436 3200 1491; x_wconf 69' lang='lat' dir='ltr'>Aodus.</span> <span class='ocrx_word' id='word_1_456' title='bbox 3234 1437 3372 1488; x_wconf 87' lang='lat' dir='ltr'>Post</span> <span class='ocrx_word' id='word_1_457' title='bbox 3400 1432 3627 1487; x_wconf 86' lang='lat' dir='ltr'>Aodum</span> 
     </span>
    </p>
   </div>
   <div class='ocr_carea' id='block_1_61' title="bbox 1986 1519 3626 1602">
    <p class='ocr_par' dir='ltr' id='par_1_61' title="bbox 1986 1519 3626 1602">
     <span class='ocr_line' id='line_1_61' title="bbox 1986 1519 3626 1602; baseline -0.007 -17"><span class='ocrx_word' id='word_1_458' title='bbox 1986 1531 2265 1602; x_wconf 87' lang='lat' dir='ltr'>Samegar</span> <span class='ocrx_word' id='word_1_459' title='bbox 2292 1529 2666 1601; x_wconf 84' lang='lat' dir='ltr'>seplennium</span> <span class='ocrx_word' id='word_1_460' title='bbox 2692 1526 2913 1597; x_wconf 85' lang='lat' dir='ltr'>judicis</span> <span class='ocrx_word' id='word_1_461' title='bbox 2936 1525 3129 1580; x_wconf 81' lang='lat' dir='ltr'>ofﬁcio</span> <span class='ocrx_word' id='word_1_462' title='bbox 3162 1523 3399 1577; x_wconf 84' lang='lat' dir='ltr'>functus</span> <span class='ocrx_word' id='word_1_463' title='bbox 3430 1527 3538 1575; x_wconf 90' lang='lat' dir='ltr'>est.</span> <span class='ocrx_word' id='word_1_464' title='bbox 3573 1519 3626 1574; x_wconf 89' lang='lat' dir='ltr'>Is</span> 
     </span>
    </p>
   </div>
   <div class='ocr_carea' id='block_1_62' title="bbox 1984 1609 3623 1674">
    <p class='ocr_par' dir='ltr' id='par_1_62' title="bbox 1984 1609 3623 1674">
     <span class='ocr_line' id='line_1_62' title="bbox 1984 1609 3623 1674; baseline -0.005 -1"><span class='ocrx_word' id='word_1_465' title='bbox 1984 1618 2055 1673; x_wconf 83' lang='lat' dir='ltr'>de</span> <span class='ocrx_word' id='word_1_466' title='bbox 2083 1619 2351 1674; x_wconf 87' lang='lat' dir='ltr'>barbaris</span> <span class='ocrx_word' id='word_1_467' title='bbox 2381 1635 2497 1673; x_wconf 91' lang='lat' dir='ltr'>uno</span> <span class='ocrx_word' id='word_1_468' title='bbox 2528 1618 2625 1673; x_wconf 88' lang='lat' dir='ltr'>die</span> <span class='ocrx_word' id='word_1_469' title='bbox 2646 1618 2750 1671; x_wconf 83' lang='lat'>600</span> <span class='ocrx_word' id='word_1_470' title='bbox 2778 1617 2936 1672; x_wconf 88' lang='lat' dir='ltr'>viros</span> <span class='ocrx_word' id='word_1_471' title='bbox 2972 1616 3119 1669; x_wconf 86' lang='lat' dir='ltr'>stiva</span> <span class='ocrx_word' id='word_1_472' title='bbox 3149 1612 3329 1668; x_wconf 86' lang='lat' dir='ltr'>aratri</span> <span class='ocrx_word' id='word_1_473' title='bbox 3387 1609 3623 1665; x_wconf 90' lang='lat' dir='ltr'>occidit.</span> 
     </span>
    </p>
   </div>
   <div class='ocr_carea' id='block_1_63' title="bbox 1985 1699 3623 1775">
    <p class='ocr_par' dir='ltr' id='par_1_63' title="bbox 1985 1699 3623 1775">
     <span class='ocr_line' id='line_1_63' title="bbox 1985 1699 3623 1775; baseline -0.007 -12"><span class='ocrx_word' id='word_1_474' title='bbox 1985 1708 2280 1763; x_wconf 88' lang='lat' dir='ltr'>Successit</span> <span class='ocrx_word' id='word_1_475' title='bbox 2307 1708 2444 1762; x_wconf 90' lang='lat' dir='ltr'>huic</span> <span class='ocrx_word' id='word_1_476' title='bbox 2469 1712 2742 1773; x_wconf 86' lang='lat' dir='ltr'>Baracus,</span> <span class='ocrx_word' id='word_1_477' title='bbox 2799 1704 3025 1775; x_wconf 77' lang='lat' dir='ltr'>collega</span> <span class='ocrx_word' id='word_1_478' title='bbox 3080 1702 3309 1757; x_wconf 90' lang='lat' dir='ltr'>Debora</span> <span class='ocrx_word' id='word_1_479' title='bbox 3363 1699 3623 1754; x_wconf 79' lang='lat' dir='ltr'>fatidica.</span> 
     </span>
    </p>
   </div>
   <div class='ocr_carea' id='block_1_64' title="bbox 1986 1788 3629 1862">
    <p class='ocr_par' dir='ltr' id='par_1_64' title="bbox 1986 1788 3629 1862">
     <span class='ocr_line' id='line_1_64' title="bbox 1986 1788 3629 1862; baseline -0.007 -11"><span class='ocrx_word' id='word_1_480' title='bbox 1986 1797 2201 1851; x_wconf 86' lang='lat' dir='ltr'>Horum</span> <span class='ocrx_word' id='word_1_481' title='bbox 2229 1802 2398 1851; x_wconf 80' lang='lat' dir='ltr'>mtate</span> <span class='ocrx_word' id='word_1_482' title='bbox 2444 1796 2831 1850; x_wconf 86' lang='lat' dir='ltr'>Prometheus</span> <span class='ocrx_word' id='word_1_483' title='bbox 2855 1799 2913 1847; x_wconf 88' lang='lat' dir='ltr'>et</span> <span class='ocrx_word' id='word_1_484' title='bbox 2937 1793 3203 1862; x_wconf 77' lang='lat' dir='ltr'>Orpheus</span> <span class='ocrx_word' id='word_1_485' title='bbox 3223 1790 3432 1854; x_wconf 82' lang='lat' dir='ltr'>Thrax,</span> <span class='ocrx_word' id='word_1_486' title='bbox 3478 1788 3629 1842; x_wconf 63' lang='lat' dir='ltr'>Gras-</span> 
     </span>
    </p>
   </div>
   <div class='ocr_carea' id='block_1_65' title="bbox 1985 1875 3624 1955">
    <p class='ocr_par' dir='ltr' id='par_1_65' title="bbox 1985 1875 3624 1955">
     <span class='ocr_line' id='line_1_65' title="bbox 1985 1875 3624 1955; baseline -0.005 -18"><span class='ocrx_word' id='word_1_487' title='bbox 1985 1900 2189 1939; x_wconf 91' lang='lat' dir='ltr'>corum</span> <span class='ocrx_word' id='word_1_488' title='bbox 2210 1884 2631 1955; x_wconf 81' lang='lat' dir='ltr'>sapientissimi</span> <span class='ocrx_word' id='word_1_489' title='bbox 2654 1884 2755 1938; x_wconf 75' lang='lat'>96</span> <span class='ocrx_word' id='word_1_490' title='bbox 2780 1888 2902 1937; x_wconf 89' lang='lat' dir='ltr'>tum</span> <span class='ocrx_word' id='word_1_491' title='bbox 2943 1878 3308 1948; x_wconf 65' lang='lat' dir='ltr'>Esculapius</span> <span class='ocrx_word' id='word_1_492' title='bbox 3356 1875 3624 1930; x_wconf 88' lang='lat' dir='ltr'>medicus</span> 
     </span>
    </p>
   </div>
   <div class='ocr_carea' id='block_1_66' title="bbox 1978 1962 3621 2044">
    <p class='ocr_par' dir='ltr' id='par_1_66' title="bbox 1978 1962 3621 2044">
     <span class='ocr_line' id='line_1_66' title="bbox 1978 1962 3621 2044; baseline -0.007 -17"><span class='ocrx_word' id='word_1_493' title='bbox 1978 1973 2390 2044; x_wconf 85' lang='lat' dir='ltr'>Lycurgusque</span> <span class='ocrx_word' id='word_1_494' title='bbox 2414 1974 2735 2043; x_wconf 74' lang='lat' dir='ltr'>Spartanus</span> <span class='ocrx_word' id='word_1_495' title='bbox 2766 1971 2865 2041; x_wconf 86' lang='lat' dir='ltr'>qui</span> <span class='ocrx_word' id='word_1_496' title='bbox 2891 1969 3104 2024; x_wconf 63' lang='lat' dir='ltr'>Graecis</span> <span class='ocrx_word' id='word_1_497' title='bbox 3136 1968 3294 2038; x_wconf 87' lang='lat' dir='ltr'>leges</span> <span class='ocrx_word' id='word_1_498' title='bbox 3333 1962 3621 2030; x_wconf 84' lang='lat' dir='ltr'>condidit,</span> 
     </span>
    </p>
   </div>
   <div class='ocr_carea' id='block_1_67' title="bbox 1975 2056 3623 2127">
    <p class='ocr_par' dir='ltr' id='par_1_67' title="bbox 1975 2056 3623 2127">
     <span class='ocr_line' id='line_1_67' title="bbox 1975 2056 3623 2127; baseline -0.007 -12"><span class='ocrx_word' id='word_1_499' title='bbox 1975 2060 2385 2115; x_wconf 88' lang='lat' dir='ltr'>innotuerunt.</span> <span class='ocrx_word' id='word_1_500' title='bbox 2420 2061 2559 2114; x_wconf 80' lang='lat' dir='ltr'>Post</span> <span class='ocrx_word' id='word_1_501' title='bbox 2605 2061 2882 2114; x_wconf 86' lang='lat' dir='ltr'>Baracum</span> <span class='ocrx_word' id='word_1_502' title='bbox 2902 2056 3121 2127; x_wconf 89' lang='lat' dir='ltr'>judicis</span> <span class='ocrx_word' id='word_1_503' title='bbox 3144 2070 3361 2109; x_wconf 82' lang='lat' dir='ltr'>munus</span> <span class='ocrx_word' id='word_1_504' title='bbox 3390 2069 3495 2123; x_wconf 88' lang='lat' dir='ltr'>per</span> <span class='ocrx_word' id='word_1_505' title='bbox 3515 2068 3623 2105; x_wconf 84' lang='lat' dir='ltr'>an-</span> 
     </span>
    </p>
   </div>
   <div class='ocr_carea' id='block_1_68' title="bbox 1976 2151 3617 2227">
    <p class='ocr_par' dir='ltr' id='par_1_68' title="bbox 1976 2151 3617 2227">
     <span class='ocr_line' id='line_1_68' title="bbox 1976 2151 3617 2227; baseline -0.007 -14"><span class='ocrx_word' id='word_1_506' title='bbox 1976 2175 2084 2213; x_wconf 85' lang='lat' dir='ltr'>nos</span> <span class='ocrx_word' id='word_1_507' title='bbox 2107 2161 2176 2212; x_wconf 78' lang='grc'>40</span> <span class='ocrx_word' id='word_1_508' title='bbox 2207 2158 2387 2212; x_wconf 87' lang='lat' dir='ltr'>obivit</span> <span class='ocrx_word' id='word_1_509' title='bbox 2415 2156 2781 2227; x_wconf 82' lang='lat' dir='ltr'>Gedeon,qui</span> <span class='ocrx_word' id='word_1_510' title='bbox 2816 2161 2875 2209; x_wconf 91' lang='lat' dir='ltr'>et</span> <span class='ocrx_word' id='word_1_511' title='bbox 2903 2151 3245 2209; x_wconf 84' lang='lat' dir='ltr'>Jerobaalus</span> <span class='ocrx_word' id='word_1_512' title='bbox 3279 2156 3617 2220; x_wconf 80' lang='lat' dir='ltr'>usurpatur,</span> 
     </span>
    </p>
   </div>
   <div class='ocr_carea' id='block_1_69' title="bbox 1975 2240 3622 2319">
    <p class='ocr_par' dir='ltr' id='par_1_69' title="bbox 1975 2240 3622 2319">
     <span class='ocr_line' id='line_1_69' title="bbox 1975 2240 3622 2319; baseline -0.005 -18"><span class='ocrx_word' id='word_1_513' title='bbox 1975 2248 2072 2318; x_wconf 90' lang='lat' dir='ltr'>qui</span> <span class='ocrx_word' id='word_1_514' title='bbox 2107 2246 2358 2303; x_wconf 88' lang='lat' dir='ltr'>Madiani</span> <span class='ocrx_word' id='word_1_515' title='bbox 2388 2253 2623 2319; x_wconf 83' lang='lat' dir='ltr'>gentem</span> <span class='ocrx_word' id='word_1_516' title='bbox 2672 2251 3072 2301; x_wconf 89' lang='lat' dir='ltr'>trecentorum</span> <span class='ocrx_word' id='word_1_517' title='bbox 3092 2243 3370 2306; x_wconf 84' lang='lat' dir='ltr'>virorum,</span> <span class='ocrx_word' id='word_1_518' title='bbox 3399 2240 3523 2309; x_wconf 90' lang='lat' dir='ltr'>qui,</span> <span class='ocrx_word' id='word_1_519' title='bbox 3558 2244 3622 2292; x_wconf 92' lang='lat' dir='ltr'>ut</span> 
     </span>
    </p>
   </div>
   <div class='ocr_carea' id='block_1_70' title="bbox 1972 2328 3619 2409">
    <p class='ocr_par' dir='ltr' id='par_1_70' title="bbox 1972 2328 3619 2409">
     <span class='ocr_line' id='line_1_70' title="bbox 1972 2328 3619 2409; baseline -0.007 -17"><span class='ocrx_word' id='word_1_520' title='bbox 1972 2338 2224 2402; x_wconf 84' lang='lat' dir='ltr'>dicetur,</span> <span class='ocrx_word' id='word_1_521' title='bbox 2247 2355 2464 2409; x_wconf 89' lang='lat' dir='ltr'>aquam</span> <span class='ocrx_word' id='word_1_522' title='bbox 2489 2336 2799 2392; x_wconf 89' lang='lat' dir='ltr'>lambendo</span> <span class='ocrx_word' id='word_1_523' title='bbox 2832 2334 3044 2390; x_wconf 87' lang='lat' dir='ltr'>delecti</span> <span class='ocrx_word' id='word_1_524' title='bbox 3069 2334 3321 2391; x_wconf 79' lang='lat' dir='ltr'>fuerant,</span> <span class='ocrx_word' id='word_1_525' title='bbox 3358 2328 3619 2383; x_wconf 83' lang='lat' dir='ltr'>exercitu</span> 
     </span>
    </p>
   </div>
   <div class='ocr_carea' id='block_1_71' title="bbox 1970 2416 3615 2498">
    <p class='ocr_par' dir='ltr' id='par_1_71' title="bbox 1970 2416 3615 2498">
     <span class='ocr_line' id='line_1_71' title="bbox 1970 2416 3615 2498; baseline -0.007 -17"><span class='ocrx_word' id='word_1_526' title='bbox 1970 2426 2158 2482; x_wconf 88' lang='lat' dir='ltr'>fretus</span> <span class='ocrx_word' id='word_1_527' title='bbox 2184 2426 2609 2498; x_wconf 77' lang='lat' dir='ltr'>fudit,ejusque</span> <span class='ocrx_word' id='word_1_528' title='bbox 2629 2425 2928 2497; x_wconf 66' lang='lat' dir='ltr'>principes</span> <span class='ocrx_word' id='word_1_529' title='bbox 2960 2423 3148 2494; x_wconf 89' lang='lat' dir='ltr'>spinis</span> <span class='ocrx_word' id='word_1_530' title='bbox 3173 2418 3505 2475; x_wconf 82' lang='lat' dir='ltr'>triturantis</span> <span class='ocrx_word' id='word_1_531' title='bbox 3553 2416 3615 2471; x_wconf 88' lang='lat' dir='ltr'>in</span> 
     </span>
    </p>
   </div>
   <div class='ocr_carea' id='block_1_72' title="bbox 1972 2508 3616 2571">
    <p class='ocr_par' dir='ltr' id='par_1_72' title="bbox 1972 2508 3616 2571">
     <span class='ocr_line' id='line_1_72' title="bbox 1972 2508 3616 2571; baseline -0.007 0"><span class='ocrx_word' id='word_1_532' title='bbox 1972 2532 2197 2571; x_wconf 90' lang='lat' dir='ltr'>morem</span> <span class='ocrx_word' id='word_1_533' title='bbox 2221 2515 2498 2571; x_wconf 88' lang='lat' dir='ltr'>concidit.</span> <span class='ocrx_word' id='word_1_534' title='bbox 2535 2516 2677 2570; x_wconf 83' lang='lat' dir='ltr'>Huic</span> <span class='ocrx_word' id='word_1_535' title='bbox 2703 2514 2860 2569; x_wconf 79' lang='lat' dir='ltr'>ﬁlius</span> <span class='ocrx_word' id='word_1_536' title='bbox 2883 2511 3298 2567; x_wconf 77' lang='lat' dir='ltr'>Abimelechus</span> <span class='ocrx_word' id='word_1_537' title='bbox 3332 2508 3616 2563; x_wconf 86' lang='lat' dir='ltr'>successit</span> 
     </span>
    </p>
   </div>
   <div class='ocr_carea' id='block_1_73' title="bbox 1971 2596 3611 2676">
    <p class='ocr_par' dir='ltr' id='par_1_73' title="bbox 1971 2596 3611 2676">
     <span class='ocr_line' id='line_1_73' title="bbox 1971 2596 3611 2676; baseline -0.005 -17"><span class='ocrx_word' id='word_1_538' title='bbox 1971 2621 2038 2659; x_wconf 86' lang='lat' dir='ltr'>ac</span> <span class='ocrx_word' id='word_1_539' title='bbox 2070 2605 2395 2660; x_wconf 87' lang='lat' dir='ltr'>triennium</span> <span class='ocrx_word' id='word_1_540' title='bbox 2440 2604 2694 2676; x_wconf 62' lang='lat' dir='ltr'>praefuit.</span> <span class='ocrx_word' id='word_1_541' title='bbox 2726 2605 2780 2657; x_wconf 86' lang='lat' dir='ltr'>Is</span> <span class='ocrx_word' id='word_1_542' title='bbox 2828 2602 3039 2657; x_wconf 83' lang='lat' dir='ltr'>fratres</span> <span class='ocrx_word' id='word_1_543' title='bbox 3073 2617 3231 2659; x_wconf 82' lang='lat' dir='ltr'>suos,</span> <span class='ocrx_word' id='word_1_544' title='bbox 3255 2598 3475 2653; x_wconf 88' lang='lat' dir='ltr'>liberos</span> <span class='ocrx_word' id='word_1_545' title='bbox 3505 2596 3611 2651; x_wconf 88' lang='lat' dir='ltr'>ho-</span> 
     </span>
    </p>
   </div>
   <div class='ocr_carea' id='block_1_74' title="bbox 1969 2685 3613 2764">
    <p class='ocr_par' dir='ltr' id='par_1_74' title="bbox 1969 2685 3613 2764">
     <span class='ocr_line' id='line_1_74' title="bbox 1969 2685 3613 2764; baseline -0.005 -16"><span class='ocrx_word' id='word_1_546' title='bbox 1969 2695 2184 2758; x_wconf 88' lang='lat' dir='ltr'>mines,</span> <span class='ocrx_word' id='word_1_547' title='bbox 2218 2710 2465 2748; x_wconf 88' lang='lat' dir='ltr'>numero</span> <span class='ocrx_word' id='word_1_548' title='bbox 2488 2697 2573 2757; x_wconf 82' lang='lat'>70,</span> <span class='ocrx_word' id='word_1_549' title='bbox 2604 2709 2783 2764; x_wconf 89' lang='lat' dir='ltr'>super</span> <span class='ocrx_word' id='word_1_550' title='bbox 2804 2708 2921 2746; x_wconf 92' lang='lat' dir='ltr'>uno</span> <span class='ocrx_word' id='word_1_551' title='bbox 2952 2707 3092 2746; x_wconf 89' lang='lat' dir='ltr'>saxo</span> <span class='ocrx_word' id='word_1_552' title='bbox 3130 2705 3336 2744; x_wconf 89' lang='lat' dir='ltr'>omnes</span> <span class='ocrx_word' id='word_1_553' title='bbox 3373 2685 3613 2741; x_wconf 85' lang='lat' dir='ltr'>interfe-</span> 
     </span>
    </p>
   </div>
   <div class='ocr_carea' id='block_1_75' title="bbox 1970 2778 3617 2854">
    <p class='ocr_par' dir='ltr' id='par_1_75' title="bbox 1970 2778 3617 2854">
     <span class='ocr_line' id='line_1_75' title="bbox 1970 2778 3617 2854; baseline -0.005 -16"><span class='ocrx_word' id='word_1_554' title='bbox 1970 2784 2094 2850; x_wconf 86' lang='lat' dir='ltr'>cit;</span> <span class='ocrx_word' id='word_1_555' title='bbox 2130 2799 2324 2854; x_wconf 80' lang='lat' dir='ltr'>neque</span> <span class='ocrx_word' id='word_1_556' title='bbox 2372 2783 2621 2837; x_wconf 85' lang='lat' dir='ltr'>fratrum</span> <span class='ocrx_word' id='word_1_557' title='bbox 2674 2782 2988 2853; x_wconf 87' lang='lat' dir='ltr'>quisquam</span> <span class='ocrx_word' id='word_1_558' title='bbox 3045 2778 3338 2849; x_wconf 83' lang='lat' dir='ltr'>superfuit</span> <span class='ocrx_word' id='word_1_559' title='bbox 3403 2781 3617 2847; x_wconf 61' lang='lat' dir='ltr'>praeter</span> 
     </span>
    </p>
   </div>
   <div class='ocr_carea' id='block_1_76' title="bbox 1970 2866 3614 2937">
    <p class='ocr_par' dir='ltr' id='par_1_76' title="bbox 1970 2866 3614 2937">
     <span class='ocr_line' id='line_1_76' title="bbox 1970 2866 3614 2937; baseline -0.006 -10"><span class='ocrx_word' id='word_1_560' title='bbox 1970 2889 2154 2927; x_wconf 88' lang='lat' dir='ltr'>unum</span> <span class='ocrx_word' id='word_1_561' title='bbox 2197 2872 2549 2927; x_wconf 82' lang='lat' dir='ltr'>Joatlianum</span> <span class='ocrx_word' id='word_1_562' title='bbox 2595 2877 2741 2925; x_wconf 89' lang='lat' dir='ltr'>natu</span> <span class='ocrx_word' id='word_1_563' title='bbox 2781 2869 3116 2934; x_wconf 89' lang='lat' dir='ltr'>minimum,</span> <span class='ocrx_word' id='word_1_564' title='bbox 3150 2866 3250 2937; x_wconf 90' lang='lat' dir='ltr'>qui</span> <span class='ocrx_word' id='word_1_565' title='bbox 3290 2880 3614 2920; x_wconf 88' lang='lat' dir='ltr'>conscenso</span> 
     </span>
    </p>
   </div>
   <div class='ocr_carea' id='block_1_77' title="bbox 1971 2953 3620 3031">
    <p class='ocr_par' dir='ltr' id='par_1_77' title="bbox 1971 2953 3620 3031">
     <span class='ocr_line' id='line_1_77' title="bbox 1971 2953 3620 3031; baseline -0.005 -16"><span class='ocrx_word' id='word_1_566' title='bbox 1971 2966 2170 3015; x_wconf 88' lang='lat' dir='ltr'>monte</span> <span class='ocrx_word' id='word_1_567' title='bbox 2198 2960 2487 3015; x_wconf 87' lang='lat' dir='ltr'>Sicemitis</span> <span class='ocrx_word' id='word_1_568' title='bbox 2513 2958 2855 3031; x_wconf 89' lang='lat' dir='ltr'>parabolam</span> <span class='ocrx_word' id='word_1_569' title='bbox 2876 2958 2947 3011; x_wconf 87' lang='lat' dir='ltr'>de</span> <span class='ocrx_word' id='word_1_570' title='bbox 2972 2955 3281 3011; x_wconf 89' lang='lat' dir='ltr'>arboribus</span> <span class='ocrx_word' id='word_1_571' title='bbox 3303 2954 3454 3021; x_wconf 90' lang='lat' dir='ltr'>olea,</span> <span class='ocrx_word' id='word_1_572' title='bbox 3476 2953 3620 3021; x_wconf 85' lang='lat' dir='ltr'>ﬁcu,</span> 
     </span>
    </p>
   </div>
   <div class='ocr_carea' id='block_1_78' title="bbox 1970 3044 3614 3119">
    <p class='ocr_par' dir='ltr' id='par_1_78' title="bbox 1970 3044 3614 3119">
     <span class='ocr_line' id='line_1_78' title="bbox 1970 3044 3614 3119; baseline -0.005 -16"><span class='ocrx_word' id='word_1_573' title='bbox 1970 3051 2083 3105; x_wconf 85' lang='lat' dir='ltr'>vite</span> <span class='ocrx_word' id='word_1_574' title='bbox 2105 3056 2164 3104; x_wconf 89' lang='lat' dir='ltr'>et</span> <span class='ocrx_word' id='word_1_575' title='bbox 2193 3050 2442 3104; x_wconf 89' lang='lat' dir='ltr'>rhamno</span> <span class='ocrx_word' id='word_1_576' title='bbox 2473 3048 2767 3113; x_wconf 88' lang='lat' dir='ltr'>narravit;</span> <span class='ocrx_word' id='word_1_577' title='bbox 2792 3047 2965 3119; x_wconf 90' lang='lat' dir='ltr'>cujus</span> <span class='ocrx_word' id='word_1_578' title='bbox 2997 3044 3211 3099; x_wconf 77' lang='lat' dir='ltr'>fabulw</span> <span class='ocrx_word' id='word_1_579' title='bbox 3236 3059 3361 3097; x_wconf 88' lang='lat' dir='ltr'>rem</span> <span class='ocrx_word' id='word_1_580' title='bbox 3393 3058 3462 3097; x_wconf 89' lang='lat' dir='ltr'>ea</span> <span class='ocrx_word' id='word_1_581' title='bbox 3484 3058 3614 3112; x_wconf 82' lang='lat' dir='ltr'>qum</span> 
     </span>
    </p>
   </div>
   <div class='ocr_carea' id='block_1_79' title="bbox 1968 3129 3621 3210">
    <p class='ocr_par' dir='ltr' id='par_1_79' title="bbox 1968 3129 3621 3210">
     <span class='ocr_line' id='line_1_79' title="bbox 1968 3129 3621 3210; baseline -0.006 -17"><span class='ocrx_word' id='word_1_582' title='bbox 1968 3139 2112 3210; x_wconf 87' lang='lat' dir='ltr'>ipsis</span> <span class='ocrx_word' id='word_1_583' title='bbox 2131 3136 2952 3209; x_wconf 84' lang='lat' dir='ltr'>eveneruntcomprobavere.</span> <span class='ocrx_word' id='word_1_584' title='bbox 2985 3134 3235 3203; x_wconf 79' lang='lat' dir='ltr'>Reliqua</span> <span class='ocrx_word' id='word_1_585' title='bbox 3273 3131 3345 3187; x_wconf 91' lang='lat' dir='ltr'>de</span> <span class='ocrx_word' id='word_1_586' title='bbox 3397 3129 3621 3202; x_wconf 85' lang='lat' dir='ltr'>judici-</span> 
     </span>
    </p>
   </div>
   <div class='ocr_carea' id='block_1_80' title="bbox 1970 3226 2850 3299">
    <p class='ocr_par' dir='ltr' id='par_1_80' title="bbox 1970 3226 2850 3299">
     <span class='ocr_line' id='line_1_80' title="bbox 1970 3226 2850 3299; baseline -0.002 -18"><span class='ocrx_word' id='word_1_587' title='bbox 1970 3227 2102 3294; x_wconf 91' lang='lat' dir='ltr'>bus,</span> <span class='ocrx_word' id='word_1_588' title='bbox 2140 3227 2199 3281; x_wconf 92' lang='lat' dir='ltr'>in</span> <span class='ocrx_word' id='word_1_589' title='bbox 2226 3243 2539 3299; x_wconf 89' lang='lat' dir='ltr'>progressu</span> <span class='ocrx_word' id='word_1_590' title='bbox 2564 3226 2850 3281; x_wconf 88' lang='lat' dir='ltr'>invenies.</span> 
     </span>
    </p>
   </div>
   <div class='ocr_carea' id='block_1_81' title="bbox 2049 3311 3622 3384">
    <p class='ocr_par' dir='ltr' id='par_1_81' title="bbox 2049 3311 3622 3384">
     <span class='ocr_line' id='line_1_81' title="bbox 2049 3311 3622 3384; baseline -0.004 -14"><span class='ocrx_word' id='word_1_591' title='bbox 2049 3320 2227 3371; x_wconf 90' lang='lat' dir='ltr'>Porro</span> <span class='ocrx_word' id='word_1_592' title='bbox 2261 3315 2569 3371; x_wconf 88' lang='lat' dir='ltr'>sciendum</span> <span class='ocrx_word' id='word_1_593' title='bbox 2616 3320 2723 3379; x_wconf 84' lang='lat' dir='ltr'>est,</span> <span class='ocrx_word' id='word_1_594' title='bbox 2756 3315 2837 3369; x_wconf 89' lang='lat' dir='ltr'>ait</span> <span class='ocrx_word' id='word_1_595' title='bbox 2859 3312 3110 3369; x_wconf 86' lang='lat' dir='ltr'>celebris</span> <span class='ocrx_word' id='word_1_596' title='bbox 3141 3311 3243 3366; x_wconf 91' lang='lat' dir='ltr'>ille</span> <span class='ocrx_word' id='word_1_597' title='bbox 3285 3311 3622 3384; x_wconf 89' lang='lat' dir='ltr'>Chrysosto-</span> 
     </span>
    </p>
   </div>
   <div class='ocr_carea' id='block_1_82' title="bbox 1976 3400 3621 3477">
    <p class='ocr_par' dir='ltr' id='par_1_82' title="bbox 1976 3400 3621 3477">
     <span class='ocr_line' id='line_1_82' title="bbox 1976 3400 3621 3477; baseline -0.004 -18"><span class='ocrx_word' id='word_1_598' title='bbox 1976 3405 2430 3477; x_wconf 76' lang='lat' dir='ltr'>mus,parabolaa</span> <span class='ocrx_word' id='word_1_599' title='bbox 2446 3404 2730 3460; x_wconf 88' lang='lat' dir='ltr'>vocabulo</span> <span class='ocrx_word' id='word_1_600' title='bbox 2762 3403 2961 3475; x_wconf 86' lang='lat' dir='ltr'>plures</span> <span class='ocrx_word' id='word_1_601' title='bbox 2994 3419 3089 3457; x_wconf 91' lang='lat' dir='ltr'>res</span> <span class='ocrx_word' id='word_1_602' title='bbox 3127 3400 3416 3456; x_wconf 89' lang='lat' dir='ltr'>denotari.</span> <span class='ocrx_word' id='word_1_603' title='bbox 3475 3400 3621 3454; x_wconf 88' lang='lat' dir='ltr'>Nam</span> 
     </span>
    </p>
   </div>
   <div class='ocr_carea' id='block_1_83' title="bbox 1975 3479 3623 3568">
    <p class='ocr_par' dir='ltr' id='par_1_83' title="bbox 1975 3479 3623 3568">
     <span class='ocr_line' id='line_1_83' title="bbox 1975 3479 3623 3568; baseline -0.004 -20"><span class='ocrx_word' id='word_1_604' title='bbox 1975 3498 2034 3548; x_wconf 89' lang='lat' dir='ltr'>et</span> <span class='ocrx_word' id='word_1_605' title='bbox 2049 3510 2382 3551; x_wconf 84' lang='lat' dir='ltr'>sermonem</span> <span class='ocrx_word' id='word_1_606' title='bbox 2407 3494 2702 3568; x_wconf 77' lang='lat' dir='ltr'>significat</span> <span class='ocrx_word' id='word_1_607' title='bbox 2720 3500 2777 3548; x_wconf 91' lang='lat' dir='ltr'>et</span> <span class='ocrx_word' id='word_1_608' title='bbox 2794 3492 3130 3563; x_wconf 82' lang='lat' dir='ltr'>exemplum</span> <span class='ocrx_word' id='word_1_609' title='bbox 3151 3498 3207 3545; x_wconf 88' lang='lat' dir='ltr'>et</span> <span class='ocrx_word' id='word_1_610' title='bbox 3225 3479 3623 3562; x_wconf 69' lang='lat' dir='ltr'>opprobrium,</span> 
     </span>
    </p>
   </div>
   <div class='ocr_carea' id='block_1_84' title="bbox 1975 3578 3613 3653">
    <p class='ocr_par' dir='ltr' id='par_1_84' title="bbox 1975 3578 3613 3653">
     <span class='ocr_line' id='line_1_84' title="bbox 1975 3578 3613 3653; baseline -0.004 -15"><span class='ocrx_word' id='word_1_611' title='bbox 1975 3589 2034 3638; x_wconf 91' lang='lat' dir='ltr'>et</span> <span class='ocrx_word' id='word_1_612' title='bbox 2052 3600 2188 3639; x_wconf 89' lang='lat' dir='ltr'>cum</span> <span class='ocrx_word' id='word_1_613' title='bbox 2206 3583 2380 3639; x_wconf 83' lang='lat' dir='ltr'>David</span> <span class='ocrx_word' id='word_1_614' title='bbox 2400 3584 2485 3639; x_wconf 88' lang='lat' dir='ltr'>ait</span> <span class='ocrx_word' id='word_1_615' title='bbox 2499 3583 2594 3638; x_wconf 73' lang='lat' dir='ltr'>2&quot;:u</span> <span class='ocrx_word' id='word_1_616' title='bbox 2606 3583 2816 3637; x_wconf 87' lang='lat' dir='ltr'>Fecisti</span> <span class='ocrx_word' id='word_1_617' title='bbox 2840 3600 2949 3637; x_wconf 91' lang='lat' dir='ltr'>nos</span> <span class='ocrx_word' id='word_1_618' title='bbox 2963 3580 3301 3653; x_wconf 91' lang='lat' dir='ltr'>parabolam</span> <span class='ocrx_word' id='word_1_619' title='bbox 3317 3578 3613 3651; x_wconf 81' lang='lat' dir='ltr'>gentibus,</span> 
     </span>
    </p>
   </div>
   <div class='ocr_carea' id='block_1_85' title="bbox 1973 3666 3615 3745">
    <p class='ocr_par' dir='ltr' id='par_1_85' title="bbox 1973 3666 3615 3745">
     <span class='ocr_line' id='line_1_85' title="bbox 1973 3666 3615 3745; baseline -0.005 -17"><span class='ocrx_word' id='word_1_620' title='bbox 1973 3678 2040 3728; x_wconf 90' lang='lat' dir='ltr'>ut</span> <span class='ocrx_word' id='word_1_621' title='bbox 2060 3673 2261 3745; x_wconf 85' lang='lat' dir='ltr'>pOpuli</span> <span class='ocrx_word' id='word_1_622' title='bbox 2300 3673 2494 3744; x_wconf 88' lang='lat' dir='ltr'>capita</span> <span class='ocrx_word' id='word_1_623' title='bbox 2527 3677 2802 3727; x_wconf 89' lang='lat' dir='ltr'>moveant</span> <span class='ocrx_word' id='word_1_624' title='bbox 2850 3671 3021 3726; x_wconf 90' lang='lat' dir='ltr'>nobis</span> <span class='ocrx_word' id='word_1_625' title='bbox 3062 3670 3219 3724; x_wconf 85' lang='lat' dir='ltr'>visis.</span> <span class='ocrx_word' id='word_1_626' title='bbox 3257 3692 3278 3716; x_wconf 80' lang='grc' dir='ltr'>ι</span> <span class='ocrx_word' id='word_1_627' title='bbox 3305 3670 3407 3722; x_wconf 85' lang='lat' dir='ltr'>Est</span> <span class='ocrx_word' id='word_1_628' title='bbox 3438 3666 3615 3721; x_wconf 83' lang='lat' dir='ltr'>etiam</span> 
     </span>
    </p>
   </div>
   <div class='ocr_carea' id='block_1_86' title="bbox 1974 3756 3614 3833">
    <p class='ocr_par' dir='ltr' id='par_1_86' title="bbox 1974 3756 3614 3833">
     <span class='ocr_line' id='line_1_86' title="bbox 1974 3756 3614 3833; baseline -0.006 -15"><span class='ocrx_word' id='word_1_629' title='bbox 1974 3763 2257 3833; x_wconf 87' lang='lat' dir='ltr'>parabola</span> <span class='ocrx_word' id='word_1_630' title='bbox 2285 3763 2472 3817; x_wconf 89' lang='lat' dir='ltr'>oratio</span> <span class='ocrx_word' id='word_1_631' title='bbox 2500 3779 2617 3833; x_wconf 90' lang='lat' dir='ltr'>qua</span> <span class='ocrx_word' id='word_1_632' title='bbox 2646 3760 2871 3832; x_wconf 90' lang='lat' dir='ltr'>aliquid</span> <span class='ocrx_word' id='word_1_633' title='bbox 2903 3777 3010 3831; x_wconf 91' lang='lat' dir='ltr'>per</span> <span class='ocrx_word' id='word_1_634' title='bbox 3030 3759 3306 3830; x_wconf 87' lang='lat' dir='ltr'>ambages</span> <span class='ocrx_word' id='word_1_635' title='bbox 3328 3756 3614 3819; x_wconf 86' lang='lat' dir='ltr'>innuitur,</span> 
     </span>
    </p>
   </div>
   <div class='ocr_carea' id='block_1_87' title="bbox 1974 3848 3620 3924">
    <p class='ocr_par' dir='ltr' id='par_1_87' title="bbox 1974 3848 3620 3924">
     <span class='ocr_line' id='line_1_87' title="bbox 1974 3848 3620 3924; baseline -0.006 -18"><span class='ocrx_word' id='word_1_636' title='bbox 1974 3851 2134 3922; x_wconf 88' lang='lat' dir='ltr'>quod</span> <span class='ocrx_word' id='word_1_637' title='bbox 2154 3869 2339 3924; x_wconf 87' lang='lat' dir='ltr'>genus</span> <span class='ocrx_word' id='word_1_638' title='bbox 2364 3851 2533 3906; x_wconf 89' lang='lat' dir='ltr'>multi</span> <span class='ocrx_word' id='word_1_639' title='bbox 2557 3853 2947 3922; x_wconf 63' lang='lat' dir='ltr'>quaestionem</span> <span class='ocrx_word' id='word_1_640' title='bbox 2974 3848 3313 3920; x_wconf 86' lang='lat' dir='ltr'>appellant;</span> <span class='ocrx_word' id='word_1_641' title='bbox 3341 3861 3473 3900; x_wconf 91' lang='lat' dir='ltr'>cum</span> <span class='ocrx_word' id='word_1_642' title='bbox 3497 3860 3620 3897; x_wconf 86' lang='lat' dir='ltr'>ver-</span> 
     </span>
    </p>
   </div>
   <div class='ocr_carea' id='block_1_88' title="bbox 1973 3936 3621 4013">
    <p class='ocr_par' dir='ltr' id='par_1_88' title="bbox 1973 3936 3621 4013">
     <span class='ocr_line' id='line_1_88' title="bbox 1973 3936 3621 4013; baseline -0.005 -18"><span class='ocrx_word' id='word_1_643' title='bbox 1973 3940 2033 3995; x_wconf 91' lang='lat' dir='ltr'>bi</span> <span class='ocrx_word' id='word_1_644' title='bbox 2064 3941 2251 4013; x_wconf 88' lang='lat' dir='ltr'>gratia</span> <span class='ocrx_word' id='word_1_645' title='bbox 2270 3940 2637 4013; x_wconf 81' lang='lat' dir='ltr'>significatur</span> <span class='ocrx_word' id='word_1_646' title='bbox 2665 3938 2906 4010; x_wconf 86' lang='lat' dir='ltr'>aliquid,</span> <span class='ocrx_word' id='word_1_647' title='bbox 2934 3955 3055 3993; x_wconf 91' lang='lat' dir='ltr'>non</span> <span class='ocrx_word' id='word_1_648' title='bbox 3076 3936 3273 3992; x_wconf 88' lang='lat' dir='ltr'>statim</span> <span class='ocrx_word' id='word_1_649' title='bbox 3321 3938 3516 3990; x_wconf 89' lang='lat' dir='ltr'>autem</span> <span class='ocrx_word' id='word_1_650' title='bbox 3552 3949 3621 3986; x_wconf 82' lang='lat' dir='ltr'>ex</span> 
     </span>
    </p>
   </div>
   <div class='ocr_carea' id='block_1_89' title="bbox 1974 4022 3622 4094">
    <p class='ocr_par' dir='ltr' id='par_1_89' title="bbox 1974 4022 3622 4094">
     <span class='ocr_line' id='line_1_89' title="bbox 1974 4022 3622 4094; baseline -0.005 -11"><span class='ocrx_word' id='word_1_651' title='bbox 1974 4030 2164 4084; x_wconf 82' lang='lat' dir='ltr'>verbis</span> <span class='ocrx_word' id='word_1_652' title='bbox 2195 4029 2435 4085; x_wconf 86' lang='lat' dir='ltr'>evidens</span> <span class='ocrx_word' id='word_1_653' title='bbox 2484 4035 2592 4094; x_wconf 86' lang='lat' dir='ltr'>est,</span> <span class='ocrx_word' id='word_1_654' title='bbox 2653 4028 2756 4082; x_wconf 81' lang='lat' dir='ltr'>sed</span> <span class='ocrx_word' id='word_1_655' title='bbox 2813 4028 2973 4081; x_wconf 89' lang='lat' dir='ltr'>intus</span> <span class='ocrx_word' id='word_1_656' title='bbox 3012 4025 3385 4081; x_wconf 88' lang='lat' dir='ltr'>reconditum</span> <span class='ocrx_word' id='word_1_657' title='bbox 3443 4022 3622 4076; x_wconf 87' lang='lat' dir='ltr'>habet</span> 
     </span>
    </p>
   </div>
   <div class='ocr_carea' id='block_1_90' title="bbox 1974 4111 3621 4174">
    <p class='ocr_par' dir='ltr' id='par_1_90' title="bbox 1974 4111 3621 4174">
     <span class='ocr_line' id='line_1_90' title="bbox 1974 4111 3621 4174; baseline -0.007 0"><span class='ocrx_word' id='word_1_658' title='bbox 1974 4135 2236 4174; x_wconf 90' lang='lat' dir='ltr'>sensum.</span> <span class='ocrx_word' id='word_1_659' title='bbox 2272 4120 2341 4174; x_wconf 91' lang='lat' dir='ltr'>Ut</span> <span class='ocrx_word' id='word_1_660' title='bbox 2388 4134 2523 4173; x_wconf 90' lang='lat' dir='ltr'>cum</span> <span class='ocrx_word' id='word_1_661' title='bbox 2546 4119 2794 4173; x_wconf 87' lang='lat' dir='ltr'>Samson</span> <span class='ocrx_word' id='word_1_662' title='bbox 2822 4115 2974 4170; x_wconf 81' lang='lat' dir='ltr'>dixit</span> <span class='ocrx_word' id='word_1_663' title='bbox 2995 4114 3035 4150; x_wconf 82' lang='grc'>²¹</span> <span class='ocrx_word' id='word_1_664' title='bbox 3064 4132 3076 4168; x_wconf 94' lang='lat'>:</span> <span class='ocrx_word' id='word_1_665' title='bbox 3102 4138 3127 4164; x_wconf 81' lang='grc' dir='ltr'>ι(</span> <span class='ocrx_word' id='word_1_666' title='bbox 3154 4114 3240 4168; x_wconf 85' lang='lat' dir='ltr'>Ab</span> <span class='ocrx_word' id='word_1_667' title='bbox 3274 4130 3374 4167; x_wconf 88' lang='lat' dir='ltr'>ore</span> <span class='ocrx_word' id='word_1_668' title='bbox 3396 4111 3621 4165; x_wconf 89' lang='lat' dir='ltr'>voracis</span> 
     </span>
    </p>
   </div>
   <div class='ocr_carea' id='block_1_91' title="bbox 1973 4206 3623 4272">
    <p class='ocr_par' dir='ltr' id='par_1_91' title="bbox 1973 4206 3623 4272">
     <span class='ocr_line' id='line_1_91' title="bbox 1973 4206 3623 4272; baseline -0.008 0"><span class='ocrx_word' id='word_1_669' title='bbox 1973 4216 2139 4272; x_wconf 88' lang='lat' dir='ltr'>cibus</span> <span class='ocrx_word' id='word_1_670' title='bbox 2161 4216 2304 4271; x_wconf 87' lang='lat' dir='ltr'>exiit</span> <span class='ocrx_word' id='word_1_671' title='bbox 2325 4220 2383 4270; x_wconf 91' lang='lat' dir='ltr'>et</span> <span class='ocrx_word' id='word_1_672' title='bbox 2403 4213 2654 4269; x_wconf 90' lang='lat' dir='ltr'>dulcedo</span> <span class='ocrx_word' id='word_1_673' title='bbox 2677 4230 2711 4269; x_wconf 87' lang='lat' dir='ltr'>a</span> <span class='ocrx_word' id='word_1_674' title='bbox 2733 4212 2921 4268; x_wconf 90' lang='lat' dir='ltr'>valido</span> <span class='ocrx_word' id='word_1_675' title='bbox 2955 4214 3062 4267; x_wconf 59' lang='lat' dir='ltr'>&quot;De</span> <span class='ocrx_word' id='word_1_676' title='bbox 3090 4211 3294 4266; x_wconf 88' lang='lat' dir='ltr'>eodem</span> <span class='ocrx_word' id='word_1_677' title='bbox 3316 4211 3441 4263; x_wconf 64' lang='lat' dir='ltr'>haec</span> <span class='ocrx_word' id='word_1_678' title='bbox 3463 4206 3623 4260; x_wconf 84' lang='lat' dir='ltr'>Solo-</span> 
     </span>
    </p>
   </div>
   <div class='ocr_carea' id='block_1_92' title="bbox 1974 4299 3622 4374">
    <p class='ocr_par' dir='ltr' id='par_1_92' title="bbox 1974 4299 3622 4374">
     <span class='ocr_line' id='line_1_92' title="bbox 1974 4299 3622 4374; baseline -0.003 -14"><span class='ocrx_word' id='word_1_679' title='bbox 1974 4306 2167 4360; x_wconf 89' lang='lat' dir='ltr'>monis</span> <span class='ocrx_word' id='word_1_680' title='bbox 2196 4310 2334 4361; x_wconf 89' lang='lat' dir='ltr'>sunt</span> <span class='ocrx_word' id='word_1_681' title='bbox 2353 4304 2530 4359; x_wconf 82' lang='lat' dir='ltr'>verba</span> <span class='ocrx_word' id='word_1_682' title='bbox 2544 4303 2589 4339; x_wconf 60' lang='grc'>2³</span> <span class='ocrx_word' id='word_1_683' title='bbox 2613 4320 2625 4357; x_wconf 90' lang='lat'>:</span> <span class='ocrx_word' id='word_1_684' title='bbox 2652 4326 2678 4353; x_wconf 86' lang='grc'>‹‹</span> <span class='ocrx_word' id='word_1_685' title='bbox 2703 4305 2862 4357; x_wconf 92' lang='lat' dir='ltr'>Tunc</span> <span class='ocrx_word' id='word_1_686' title='bbox 2889 4301 3229 4374; x_wconf 89' lang='lat' dir='ltr'>parobolam</span> <span class='ocrx_word' id='word_1_687' title='bbox 3247 4299 3543 4371; x_wconf 79' lang='lat' dir='ltr'>intelliges</span> <span class='ocrx_word' id='word_1_688' title='bbox 3565 4307 3622 4355; x_wconf 87' lang='lat' dir='ltr'>et</span> 
     </span>
    </p>
   </div>
   <div class='ocr_carea' id='block_1_93' title="bbox 1973 4390 3627 4461">
    <p class='ocr_par' dir='ltr' id='par_1_93' title="bbox 1973 4390 3627 4461">
     <span class='ocr_line' id='line_1_93' title="bbox 1973 4390 3627 4461; baseline -0.004 -11"><span class='ocrx_word' id='word_1_689' title='bbox 1973 4396 2291 4450; x_wconf 90' lang='lat' dir='ltr'>obscurum</span> <span class='ocrx_word' id='word_1_690' title='bbox 2305 4392 3138 4449; x_wconf 79' lang='lat' dir='ltr'>sermonem.»Diciturautem</span> <span class='ocrx_word' id='word_1_691' title='bbox 3157 4390 3437 4461; x_wconf 87' lang='lat' dir='ltr'>parabola</span> <span class='ocrx_word' id='word_1_692' title='bbox 3455 4390 3627 4444; x_wconf 88' lang='lat' dir='ltr'>etiam</span> 
     </span>
    </p>
   </div>
   <div class='ocr_carea' id='block_1_94' title="bbox 1975 4479 3622 4551">
    <p class='ocr_par' dir='ltr' id='par_1_94' title="bbox 1975 4479 3622 4551">
     <span class='ocr_line' id='line_1_94' title="bbox 1975 4479 3622 4551; baseline -0.003 -14"><span class='ocrx_word' id='word_1_693' title='bbox 1975 4483 2323 4539; x_wconf 88' lang='lat' dir='ltr'>similitudo.</span> <span class='ocrx_word' id='word_1_694' title='bbox 2358 4482 2519 4537; x_wconf 90' lang='lat' dir='ltr'>Unde</span> <span class='ocrx_word' id='word_1_695' title='bbox 2542 4482 2638 4536; x_wconf 72' lang='lat'>91</span> <span class='ocrx_word' id='word_1_696' title='bbox 2670 4482 2794 4535; x_wconf 71' lang='lat' dir='ltr'>hzec</span> <span class='ocrx_word' id='word_1_697' title='bbox 2817 4480 3057 4534; x_wconf 82' lang='lat' dir='ltr'>«Aliam</span> <span class='ocrx_word' id='word_1_698' title='bbox 3078 4496 3251 4551; x_wconf 90' lang='lat' dir='ltr'>porro</span> <span class='ocrx_word' id='word_1_699' title='bbox 3310 4479 3394 4534; x_wconf 90' lang='lat' dir='ltr'>eis</span> <span class='ocrx_word' id='word_1_700' title='bbox 3451 4496 3622 4549; x_wconf 85' lang='lat' dir='ltr'>para-</span> 
     </span>
    </p>
   </div>
   <div class='ocr_carea' id='block_1_95' title="bbox 1974 4568 3620 4642">
    <p class='ocr_par' dir='ltr' id='par_1_95' title="bbox 1974 4568 3620 4642">
     <span class='ocr_line' id='line_1_95' title="bbox 1974 4568 3620 4642; baseline -0.004 -15"><span class='ocrx_word' id='word_1_701' title='bbox 1974 4572 2172 4627; x_wconf 87' lang='lat' dir='ltr'>bolam</span> <span class='ocrx_word' id='word_1_702' title='bbox 2189 4571 2515 4642; x_wconf 89' lang='lat' dir='ltr'>proposuit,</span> <span class='ocrx_word' id='word_1_703' title='bbox 2549 4571 2631 4626; x_wconf 88' lang='lat' dir='ltr'>ita</span> <span class='ocrx_word' id='word_1_704' title='bbox 2653 4570 2857 4625; x_wconf 88' lang='lat' dir='ltr'>dicens</span> <span class='ocrx_word' id='word_1_705' title='bbox 2876 4568 2921 4603; x_wconf 80' lang='grc'><strong>²³</strong></span> <span class='ocrx_word' id='word_1_706' title='bbox 2947 4587 2959 4624; x_wconf 90' lang='lat'>:</span> <span class='ocrx_word' id='word_1_707' title='bbox 3012 4571 3278 4641; x_wconf 79' lang='lat' dir='ltr'>Regnum</span> <span class='ocrx_word' id='word_1_708' title='bbox 3334 4568 3620 4624; x_wconf 74' lang='lat' dir='ltr'>cmlorum</span> 
     </span>
    </p>
   </div>
   <div class='ocr_carea' id='block_1_96' title="bbox 204 4636 1862 4730">
    <p class='ocr_par' dir='ltr' id='par_1_96' title="bbox 204 4648 1860 4728">
     <span class='ocr_line' id='line_1_96' title="bbox 204 4648 1860 4728; baseline 0.002 -21"><span class='ocrx_word' id='word_1_709' title='bbox 204 4672 286 4707; x_wconf 85' lang='grc' dir='ltr'>ται</span> <span class='ocrx_word' id='word_1_710' title='bbox 310 4656 345 4722; x_wconf 77' lang='grc' dir='ltr'>ἡ</span> <span class='ocrx_word' id='word_1_711' title='bbox 369 4648 754 4728; x_wconf 84' lang='grc' dir='ltr'>τροπολογία,</span> <span class='ocrx_word' id='word_1_712' title='bbox 781 4648 898 4705; x_wconf 78' lang='grc' dir='ltr'>οἷόν</span> <span class='ocrx_word' id='word_1_713' title='bbox 931 4652 1046 4706; x_wconf 60' lang='grc' dir='ltr'>ἔστι</span> <span class='ocrx_word' id='word_1_714' title='bbox 1074 4652 1158 4720; x_wconf 76' lang='grc' dir='ltr'>τὸ,</span> <span class='ocrx_word' id='word_1_715' title='bbox 1193 4675 1220 4701; x_wconf 79' lang='grc' dir='ltr'>ι(</span> <span class='ocrx_word' id='word_1_716' title='bbox 1252 4652 1341 4706; x_wconf 67' lang='grc' dir='ltr'>Υἱὶ</span> <span class='ocrx_word' id='word_1_717' title='bbox 1370 4652 1682 4726; x_wconf 78' lang='grc' dir='ltr'>ἀνθρώπου,</span> <span class='ocrx_word' id='word_1_718' title='bbox 1710 4658 1860 4711; x_wconf 76' lang='grc' dir='ltr'>εἶπον</span> 
     </span>
    </p>
   </div>
   <div class='ocr_carea' id='block_1_97' title="bbox 1978 4636 3620 4730">
    <p class='ocr_par' dir='ltr' id='par_1_97' title="bbox 1978 4659 3620 4730">
     <span class='ocr_line' id='line_1_97' title="bbox 1978 4659 3620 4730; baseline -0.002 -15"><span class='ocrx_word' id='word_1_719' title='bbox 1978 4661 2165 4716; x_wconf 88' lang='lat' dir='ltr'>simile</span> <span class='ocrx_word' id='word_1_720' title='bbox 2190 4667 2278 4715; x_wconf 88' lang='lat' dir='ltr'>est</span> <span class='ocrx_word' id='word_1_721' title='bbox 2300 4660 2524 4715; x_wconf 88' lang='lat' dir='ltr'>homini</span> <span class='ocrx_word' id='word_1_722' title='bbox 2544 4660 2698 4715; x_wconf 91' lang='lat' dir='ltr'>bono</span> <span class='ocrx_word' id='word_1_723' title='bbox 2721 4659 2947 4714; x_wconf 88' lang='lat' dir='ltr'>semine</span> <span class='ocrx_word' id='word_1_724' title='bbox 2976 4675 3179 4730; x_wconf 82' lang='lat' dir='ltr'>agrum</span> <span class='ocrx_word' id='word_1_725' title='bbox 3200 4674 3371 4713; x_wconf 88' lang='lat' dir='ltr'>suum</span> <span class='ocrx_word' id='word_1_726' title='bbox 3417 4674 3620 4712; x_wconf 88' lang='lat' dir='ltr'>conse-</span> 
     </span>
    </p>
   </div>
   <div class='ocr_carea' id='block_1_98' title="bbox 204 4734 1861 4818">
    <p class='ocr_par' dir='ltr' id='par_1_98' title="bbox 204 4734 1861 4818">
     <span class='ocr_line' id='line_1_98' title="bbox 204 4734 1861 4818; baseline 0.004 -25"><span class='ocrx_word' id='word_1_727' title='bbox 204 4741 383 4804; x_wconf 67' lang='grc' dir='ltr'>αὖτοῖς</span> <span class='ocrx_word' id='word_1_728' title='bbox 424 4743 532 4810; x_wconf 60' lang='grc' dir='ltr'>τὴν</span> <span class='ocrx_word' id='word_1_729' title='bbox 567 4734 893 4813; x_wconf 69' lang='grc' dir='ltr'>παραϐολὴν</span> <span class='ocrx_word' id='word_1_730' title='bbox 923 4741 1146 4811; x_wconf 66' lang='grc' dir='ltr'>ταύτην,</span> <span class='ocrx_word' id='word_1_731' title='bbox 1180 4741 1239 4798; x_wconf 81' lang='grc' dir='ltr'>Ὀ</span> <span class='ocrx_word' id='word_1_732' title='bbox 1270 4740 1424 4802; x_wconf 82' lang='grc' dir='ltr'>ἀετὸς</span> <span class='ocrx_word' id='word_1_733' title='bbox 1453 4741 1481 4796; x_wconf 84' lang='grc' dir='ltr'>ὀ</span> <span class='ocrx_word' id='word_1_734' title='bbox 1516 4741 1861 4818; x_wconf 78' lang='grc' dir='ltr'>μεγαλοπτέ-</span> 
     </span>
    </p>
   </div>
   <div class='ocr_carea' id='block_1_99' title="bbox 205 4826 1858 4909">
    <p class='ocr_par' dir='ltr' id='par_1_99' title="bbox 205 4826 1858 4909">
     <span class='ocr_line' id='line_1_99' title="bbox 205 4826 1858 4909; baseline 0.002 -25"><span class='ocrx_word' id='word_1_735' title='bbox 205 4849 383 4905; x_wconf 79' lang='grc' dir='ltr'>ρυγος·</span> <span class='ocrx_word' id='word_1_736' title='bbox 436 4854 466 4882; x_wconf 75' lang='grc' dir='ltr'>ι»</span> <span class='ocrx_word' id='word_1_737' title='bbox 498 4829 653 4884; x_wconf 83' lang='grc' dir='ltr'>ἀετὸν</span> <span class='ocrx_word' id='word_1_738' title='bbox 680 4827 859 4903; x_wconf 85' lang='grc' dir='ltr'>λέγων</span> <span class='ocrx_word' id='word_1_739' title='bbox 916 4829 1007 4884; x_wconf 88' lang='grc' dir='ltr'>τὸν</span> <span class='ocrx_word' id='word_1_740' title='bbox 1067 4827 1310 4905; x_wconf 84' lang='grc' dir='ltr'>βασιλέα.</span> <span class='ocrx_word' id='word_1_741' title='bbox 1358 4826 1651 4905; x_wconf 76' lang='grc' dir='ltr'>ΙΙαραϐολή</span> <span class='ocrx_word' id='word_1_742' title='bbox 1704 4830 1858 4909; x_wconf 84' lang='grc' dir='ltr'>λέγε-</span> 
     </span>
    </p>
   </div>
   <div class='ocr_carea' id='block_1_100' title="bbox 203 4917 1858 4996">
    <p class='ocr_par' dir='ltr' id='par_1_100' title="bbox 203 4917 1858 4996">
     <span class='ocr_line' id='line_1_100' title="bbox 203 4917 1858 4996; baseline 0.001 -22"><span class='ocrx_word' id='word_1_743' title='bbox 203 4940 283 4974; x_wconf 75' lang='grc' dir='ltr'>ται</span> <span class='ocrx_word' id='word_1_744' title='bbox 313 4922 411 4976; x_wconf 81' lang='grc' dir='ltr'>καὶ</span> <span class='ocrx_word' id='word_1_745' title='bbox 447 4920 477 4974; x_wconf 89' lang='lat'>6</span> <span class='ocrx_word' id='word_1_746' title='bbox 507 4917 677 4979; x_wconf 76' lang='grc' dir='ltr'>τύπος</span> <span class='ocrx_word' id='word_1_747' title='bbox 706 4920 796 4973; x_wconf 81' lang='grc' dir='ltr'>καὶ</span> <span class='ocrx_word' id='word_1_748' title='bbox 826 4920 862 4987; x_wconf 79' lang='grc' dir='ltr'>ἡ</span> <span class='ocrx_word' id='word_1_749' title='bbox 894 4918 1074 4987; x_wconf 78' lang='grc' dir='ltr'>εἰκὼν,</span> <span class='ocrx_word' id='word_1_750' title='bbox 1130 4917 1204 4981; x_wconf 81' lang='grc' dir='ltr'>ὠς</span> <span class='ocrx_word' id='word_1_751' title='bbox 1260 4919 1348 4973; x_wconf 85' lang='grc' dir='ltr'>καὶ</span> <span class='ocrx_word' id='word_1_752' title='bbox 1417 4920 1445 4973; x_wconf 90' lang='lat'>6</span> <span class='ocrx_word' id='word_1_753' title='bbox 1481 4919 1645 4996; x_wconf 80' lang='grc' dir='ltr'>μέγας</span> <span class='ocrx_word' id='word_1_754' title='bbox 1713 4926 1858 4976; x_wconf 79' lang='grc' dir='ltr'>Παῦ-</span> 
     </span>
    </p>
   </div>
   <div class='ocr_carea' id='block_1_101' title="bbox 204 5003 1858 5090">
    <p class='ocr_par' dir='ltr' id='par_1_101' title="bbox 204 5003 1858 5090">
     <span class='ocr_line' id='line_1_101' title="bbox 204 5003 1858 5090; baseline 0.002 -26"><span class='ocrx_word' id='word_1_755' title='bbox 204 5008 294 5072; x_wconf 89' lang='grc' dir='ltr'>λος</span> <span class='ocrx_word' id='word_1_756' title='bbox 332 5006 471 5090; x_wconf 69' lang='grc' dir='ltr'>ἔιρη·</span> <span class='ocrx_word' id='word_1_757' title='bbox 504 5034 524 5058; x_wconf 82' lang='grc' dir='ltr'>ι</span> <span class='ocrx_word' id='word_1_758' title='bbox 563 5008 740 5063; x_wconf 78' lang='grc' dir='ltr'>Πίστει</span> <span class='ocrx_word' id='word_1_759' title='bbox 775 5009 1170 5082; x_wconf 71' lang='grc' dir='ltr'>προσενήνοχεν</span> <span class='ocrx_word' id='word_1_760' title='bbox 1207 5008 1235 5063; x_wconf 89' lang='lat'>6</span> <span class='ocrx_word' id='word_1_761' title='bbox 1267 5003 1523 5084; x_wconf 74' lang='grc' dir='ltr'>Ἀϐραάμ</span> <span class='ocrx_word' id='word_1_762' title='bbox 1549 5010 1643 5065; x_wconf 88' lang='grc' dir='ltr'>τὸν</span> <span class='ocrx_word' id='word_1_763' title='bbox 1678 5011 1858 5068; x_wconf 83' lang='grc' dir='ltr'>Ἰσαὰκ</span> 
     </span>
    </p>
   </div>
   <div class='ocr_carea' id='block_1_102' title="bbox 203 5099 1856 5175">
    <p class='ocr_par' dir='ltr' id='par_1_102' title="bbox 203 5099 1856 5175">
     <span class='ocr_line' id='line_1_102' title="bbox 203 5099 1856 5175; baseline 0 -20"><span class='ocrx_word' id='word_1_764' title='bbox 203 5099 624 5173; x_wconf 74' lang='grc' dir='ltr'>πειραζόμενος,</span> <span class='ocrx_word' id='word_1_765' title='bbox 678 5100 766 5153; x_wconf 85' lang='grc' dir='ltr'>καὶ</span> <span class='ocrx_word' id='word_1_766' title='bbox 836 5100 929 5154; x_wconf 87' lang='grc' dir='ltr'>τὸν</span> <span class='ocrx_word' id='word_1_767' title='bbox 983 5105 1250 5175; x_wconf 82' lang='grc' dir='ltr'>μονογενῆ</span> <span class='ocrx_word' id='word_1_768' title='bbox 1310 5099 1638 5175; x_wconf 71' lang='grc' dir='ltr'>προσέφερεν</span> <span class='ocrx_word' id='word_1_769' title='bbox 1686 5102 1714 5155; x_wconf 90' lang='lat'>6</span> <span class='ocrx_word' id='word_1_770' title='bbox 1762 5101 1856 5164; x_wconf 80' lang='grc' dir='ltr'>τάς</span> 
     </span>
    </p>
   </div>
   <div class='ocr_carea' id='block_1_103' title="bbox 207 5184 1853 5266">
    <p class='ocr_par' dir='ltr' id='par_1_103' title="bbox 207 5184 1853 5266">
     <span class='ocr_line' id='line_1_103' title="bbox 207 5184 1853 5266; baseline 0.002 -23"><span class='ocrx_word' id='word_1_771' title='bbox 207 5186 536 5266; x_wconf 69' lang='grc' dir='ltr'>ἐπαγγελίας</span> <span class='ocrx_word' id='word_1_772' title='bbox 633 5184 938 5261; x_wconf 80' lang='grc' dir='ltr'>δεξάμενος.</span> <span class='ocrx_word' id='word_1_773' title='bbox 1027 5190 1182 5251; x_wconf 78' lang='grc' dir='ltr'>Ὅθεν</span> <span class='ocrx_word' id='word_1_774' title='bbox 1272 5189 1362 5243; x_wconf 76' lang='grc' dir='ltr'>καὶ</span> <span class='ocrx_word' id='word_1_775' title='bbox 1447 5188 1503 5243; x_wconf 77' lang='grc' dir='ltr'>ἐν</span> <span class='ocrx_word' id='word_1_776' title='bbox 1562 5186 1853 5264; x_wconf 76' lang='grc' dir='ltr'>παραϐολῇ</span> 
     </span>
    </p>
   </div>
   <div class='ocr_carea' id='block_1_104' title="bbox 206 5275 1850 5349">
    <p class='ocr_par' dir='ltr' id='par_1_104' title="bbox 206 5275 1850 5349">
     <span class='ocr_line' id='line_1_104' title="bbox 206 5275 1850 5349; baseline 0.002 -18"><span class='ocrx_word' id='word_1_777' title='bbox 206 5281 393 5333; x_wconf 68' lang='grc' dir='ltr'>τοῦτον</span> <span class='ocrx_word' id='word_1_778' title='bbox 463 5276 786 5349; x_wconf 72' lang='grc' dir='ltr'>ὶκομίσατο,</span> <span class='ocrx_word' id='word_1_779' title='bbox 844 5300 872 5328; x_wconf 81' lang='grc'>››</span> <span class='ocrx_word' id='word_1_780' title='bbox 950 5275 1225 5331; x_wconf 77' lang='grc' dir='ltr'>τουτέστιν</span> <span class='ocrx_word' id='word_1_781' title='bbox 1286 5276 1340 5331; x_wconf 79' lang='grc' dir='ltr'>ἐν</span> <span class='ocrx_word' id='word_1_782' title='bbox 1399 5278 1554 5349; x_wconf 68' lang='grc' dir='ltr'>τύπῳ</span> <span class='ocrx_word' id='word_1_783' title='bbox 1628 5278 1716 5333; x_wconf 80' lang='grc' dir='ltr'>καὶ</span> <span class='ocrx_word' id='word_1_784' title='bbox 1774 5279 1850 5334; x_wconf 54' lang='grc' dir='ltr'>εί.</span> 
     </span>
    </p>
   </div>
   <div class='ocr_carea' id='block_1_105' title="bbox 208 5360 1852 5441">
    <p class='ocr_par' dir='ltr' id='par_1_105' title="bbox 208 5360 1852 5441">
     <span class='ocr_line' id='line_1_105' title="bbox 208 5360 1852 5441; baseline 0.001 -21"><span class='ocrx_word' id='word_1_785' title='bbox 208 5376 335 5427; x_wconf 74' lang='grc' dir='ltr'>κόνι.</span> <span class='ocrx_word' id='word_1_786' title='bbox 408 5366 516 5423; x_wconf 83' lang='grc' dir='ltr'>Καὶ</span> <span class='ocrx_word' id='word_1_787' title='bbox 568 5360 858 5437; x_wconf 76' lang='grc' dir='ltr'>παραϐολή</span> <span class='ocrx_word' id='word_1_788' title='bbox 922 5363 1034 5420; x_wconf 82' lang='grc' dir='ltr'>ἔστι</span> <span class='ocrx_word' id='word_1_789' title='bbox 1124 5365 1289 5441; x_wconf 86' lang='grc' dir='ltr'>λόγος</span> <span class='ocrx_word' id='word_1_790' title='bbox 1362 5361 1736 5438; x_wconf 79' lang='grc' dir='ltr'>παραϐάλλων</span> <span class='ocrx_word' id='word_1_791' title='bbox 1787 5369 1852 5422; x_wconf 80' lang='grc' dir='ltr'>τὰ</span> 
     </span>
    </p>
   </div>
   <div class='ocr_carea' id='block_1_106' title="bbox 208 5452 1850 5533">
    <p class='ocr_par' dir='ltr' id='par_1_106' title="bbox 208 5452 1850 5533">
     <span class='ocr_line' id='line_1_106' title="bbox 208 5452 1850 5533; baseline 0.004 -26"><span class='ocrx_word' id='word_1_792' title='bbox 208 5458 370 5525; x_wconf 73' lang='grc' dir='ltr'>νοητὰ</span> <span class='ocrx_word' id='word_1_793' title='bbox 410 5459 530 5525; x_wconf 85' lang='grc' dir='ltr'>τοῖς</span> <span class='ocrx_word' id='word_1_794' title='bbox 582 5454 888 5525; x_wconf 74' lang='grc' dir='ltr'>αἰσθητοῖς,</span> <span class='ocrx_word' id='word_1_795' title='bbox 948 5454 1039 5509; x_wconf 77' lang='grc' dir='ltr'>καί</span> <span class='ocrx_word' id='word_1_796' title='bbox 1097 5459 1372 5531; x_wconf 81' lang='grc' dir='ltr'>παριστῶν</span> <span class='ocrx_word' id='word_1_797' title='bbox 1428 5452 1488 5510; x_wconf 81' lang='grc' dir='ltr'>ἒκ</span> <span class='ocrx_word' id='word_1_798' title='bbox 1542 5460 1649 5511; x_wconf 83' lang='grc' dir='ltr'>τῶν</span> <span class='ocrx_word' id='word_1_799' title='bbox 1692 5456 1850 5533; x_wconf 75' lang='grc' dir='ltr'>ἐγκο-</span> 
     </span>
    </p>
   </div>
   <div class='ocr_carea' id='block_1_107' title="bbox 208 5538 1846 5619">
    <p class='ocr_par' dir='ltr' id='par_1_107' title="bbox 208 5538 1846 5619">
     <span class='ocr_line' id='line_1_107' title="bbox 208 5538 1846 5619; baseline 0.004 -26"><span class='ocrx_word' id='word_1_800' title='bbox 208 5543 377 5613; x_wconf 77' lang='grc' dir='ltr'>σμίων</span> <span class='ocrx_word' id='word_1_801' title='bbox 463 5539 556 5595; x_wconf 83' lang='grc' dir='ltr'>καὶ</span> <span class='ocrx_word' id='word_1_802' title='bbox 639 5541 851 5615; x_wconf 80' lang='grc' dir='ltr'>ὁρατῶν</span> <span class='ocrx_word' id='word_1_803' title='bbox 905 5538 972 5594; x_wconf 80' lang='grc' dir='ltr'>τὰ</span> <span class='ocrx_word' id='word_1_804' title='bbox 1054 5538 1392 5615; x_wconf 81' lang='grc' dir='ltr'>ὗπερκόσμια</span> <span class='ocrx_word' id='word_1_805' title='bbox 1464 5542 1552 5596; x_wconf 85' lang='grc' dir='ltr'>καὶ</span> <span class='ocrx_word' id='word_1_806' title='bbox 1626 5542 1846 5619; x_wconf 81' lang='grc' dir='ltr'>ἀόρατα.</span> 
     </span>
    </p>
   </div>
   <div class='ocr_carea' id='block_1_108' title="bbox 1971 4745 3615 4821">
    <p class='ocr_par' dir='ltr' id='par_1_108' title="bbox 1971 4745 3615 4821">
     <span class='ocr_line' id='line_1_108' title="bbox 1971 4745 3615 4821; baseline -0.002 -18"><span class='ocrx_word' id='word_1_807' title='bbox 1971 4750 2146 4804; x_wconf 88' lang='lat' dir='ltr'>renti.</span> <span class='ocrx_word' id='word_1_808' title='bbox 2185 4773 2212 4798; x_wconf 79' lang='grc'>››</span> <span class='ocrx_word' id='word_1_809' title='bbox 2253 4748 2601 4821; x_wconf 81' lang='lat' dir='ltr'>Tropologia</span> <span class='ocrx_word' id='word_1_810' title='bbox 2631 4749 2830 4811; x_wconf 89' lang='lat' dir='ltr'>etiam,</span> <span class='ocrx_word' id='word_1_811' title='bbox 2865 4765 2999 4803; x_wconf 87' lang='lat' dir='ltr'>cum</span> <span class='ocrx_word' id='word_1_812' title='bbox 3030 4746 3225 4801; x_wconf 88' lang='lat' dir='ltr'>verbis</span> <span class='ocrx_word' id='word_1_813' title='bbox 3247 4745 3407 4801; x_wconf 90' lang='lat' dir='ltr'>aliud</span> <span class='ocrx_word' id='word_1_814' title='bbox 3430 4746 3615 4817; x_wconf 81' lang='lat' dir='ltr'>signi-</span> 
     </span>
    </p>
   </div>
   <div class='ocr_carea' id='block_1_109' title="bbox 1970 4835 3614 4909">
    <p class='ocr_par' dir='ltr' id='par_1_109' title="bbox 1970 4835 3614 4909">
     <span class='ocr_line' id='line_1_109' title="bbox 1970 4835 3614 4909; baseline -0.004 -15"><span class='ocrx_word' id='word_1_815' title='bbox 1970 4839 2285 4894; x_wconf 83' lang='lat' dir='ltr'>ﬁcantibus</span> <span class='ocrx_word' id='word_1_816' title='bbox 2314 4854 2409 4893; x_wconf 89' lang='lat' dir='ltr'>res</span> <span class='ocrx_word' id='word_1_817' title='bbox 2431 4838 2803 4909; x_wconf 87' lang='lat' dir='ltr'>exprimitur,</span> <span class='ocrx_word' id='word_1_818' title='bbox 2835 4836 3132 4908; x_wconf 59' lang='lat' dir='ltr'>parabolas</span> <span class='ocrx_word' id='word_1_819' title='bbox 3180 4852 3398 4890; x_wconf 87' lang='lat' dir='ltr'>nomen</span> <span class='ocrx_word' id='word_1_820' title='bbox 3443 4835 3614 4904; x_wconf 85' lang='lat' dir='ltr'>gerit.</span> 
     </span>
    </p>
   </div>
   <div class='ocr_carea' id='block_1_110' title="bbox 1970 4926 3611 4997">
    <p class='ocr_par' dir='ltr' id='par_1_110' title="bbox 1970 4926 3611 4997">
     <span class='ocr_line' id='line_1_110' title="bbox 1970 4926 3611 4997; baseline -0.004 -13"><span class='ocrx_word' id='word_1_821' title='bbox 1970 4929 2042 4984; x_wconf 92' lang='lat' dir='ltr'>Ut</span> <span class='ocrx_word' id='word_1_822' title='bbox 2063 4930 2158 4984; x_wconf 90' lang='lat' dir='ltr'>hic</span> <span class='ocrx_word' id='word_1_823' title='bbox 2183 4928 2229 4964; x_wconf 80' lang='grc'>²⁴</span> <span class='ocrx_word' id='word_1_824' title='bbox 2261 4945 2326 4984; x_wconf 82' lang='lat'>:«</span> <span class='ocrx_word' id='word_1_825' title='bbox 2353 4928 2459 4984; x_wconf 91' lang='lat' dir='ltr'>Fili</span> <span class='ocrx_word' id='word_1_826' title='bbox 2503 4927 2781 4997; x_wconf 86' lang='lat' dir='ltr'>hominis,</span> <span class='ocrx_word' id='word_1_827' title='bbox 2815 4927 2910 4982; x_wconf 90' lang='lat' dir='ltr'>dic</span> <span class='ocrx_word' id='word_1_828' title='bbox 2941 4928 3028 4982; x_wconf 88' lang='lat' dir='ltr'>eis</span> <span class='ocrx_word' id='word_1_829' title='bbox 3046 4927 3199 4981; x_wconf 91' lang='lat' dir='ltr'>hanc</span> <span class='ocrx_word' id='word_1_830' title='bbox 3230 4926 3567 4997; x_wconf 89' lang='lat' dir='ltr'>parabolam</span> <span class='ocrx_word' id='word_1_831' title='bbox 3598 4943 3611 4979; x_wconf 92' lang='lat'><strong><em>:</em></strong></span> 
     </span>
    </p>
   </div>
   <div class='ocr_carea' id='block_1_111' title="bbox 1967 5016 3615 5090">
    <p class='ocr_par' dir='ltr' id='par_1_111' title="bbox 1967 5016 3615 5090">
     <span class='ocr_line' id='line_1_111' title="bbox 1967 5016 3615 5090; baseline -0.002 -17"><span class='ocrx_word' id='word_1_832' title='bbox 1967 5019 2180 5090; x_wconf 83' lang='lat' dir='ltr'>Aquila</span> <span class='ocrx_word' id='word_1_833' title='bbox 2213 5018 2440 5090; x_wconf 87' lang='lat' dir='ltr'>magnis</span> <span class='ocrx_word' id='word_1_834' title='bbox 2470 5017 2601 5085; x_wconf 87' lang='lat' dir='ltr'>alis,</span> <span class='ocrx_word' id='word_1_835' title='bbox 2636 5039 2663 5067; x_wconf 88' lang='grc'><strong>››</strong></span> <span class='ocrx_word' id='word_1_836' title='bbox 2697 5023 2808 5072; x_wconf 89' lang='lat' dir='ltr'>etc.</span> <span class='ocrx_word' id='word_1_837' title='bbox 2838 5016 3066 5087; x_wconf 64' lang='lat' dir='ltr'>Aquila)</span> <span class='ocrx_word' id='word_1_838' title='bbox 3124 5016 3367 5071; x_wconf 87' lang='lat' dir='ltr'>nomine</span> <span class='ocrx_word' id='word_1_839' title='bbox 3418 5030 3615 5087; x_wconf 87' lang='lat' dir='ltr'>regem</span> 
     </span>
    </p>
   </div>
   <div class='ocr_carea' id='block_1_112' title="bbox 1965 5103 3611 5179">
    <p class='ocr_par' dir='ltr' id='par_1_112' title="bbox 1965 5103 3611 5179">
     <span class='ocr_line' id='line_1_112' title="bbox 1965 5103 3611 5179; baseline -0.002 -18"><span class='ocrx_word' id='word_1_840' title='bbox 1965 5113 2148 5163; x_wconf 90' lang='lat' dir='ltr'>notat.</span> <span class='ocrx_word' id='word_1_841' title='bbox 2183 5109 2379 5179; x_wconf 87' lang='lat' dir='ltr'>Imago</span> <span class='ocrx_word' id='word_1_842' title='bbox 2427 5108 2605 5161; x_wconf 89' lang='lat' dir='ltr'>etiam</span> <span class='ocrx_word' id='word_1_843' title='bbox 2628 5122 2732 5161; x_wconf 90' lang='lat' dir='ltr'>seu</span> <span class='ocrx_word' id='word_1_844' title='bbox 2770 5105 3075 5176; x_wconf 86' lang='lat' dir='ltr'>exemplar</span> <span class='ocrx_word' id='word_1_845' title='bbox 3115 5103 3410 5176; x_wconf 63' lang='lat' dir='ltr'>parabolas</span> <span class='ocrx_word' id='word_1_846' title='bbox 3441 5120 3611 5158; x_wconf 89' lang='lat' dir='ltr'>voca-</span> 
     </span>
    </p>
   </div>
   <div class='ocr_carea' id='block_1_113' title="bbox 1965 5192 3614 5261">
    <p class='ocr_par' dir='ltr' id='par_1_113' title="bbox 1965 5192 3614 5261">
     <span class='ocr_line' id='line_1_113' title="bbox 1965 5192 3614 5261; baseline -0.001 -12"><span class='ocrx_word' id='word_1_847' title='bbox 1965 5194 2103 5251; x_wconf 91' lang='lat' dir='ltr'>bulo</span> <span class='ocrx_word' id='word_1_848' title='bbox 2126 5195 2442 5261; x_wconf 90' lang='lat' dir='ltr'>indicatur,</span> <span class='ocrx_word' id='word_1_849' title='bbox 2464 5200 2530 5250; x_wconf 92' lang='lat' dir='ltr'>ut</span> <span class='ocrx_word' id='word_1_850' title='bbox 2558 5211 2692 5250; x_wconf 90' lang='lat' dir='ltr'>cum</span> <span class='ocrx_word' id='word_1_851' title='bbox 2728 5196 2787 5249; x_wconf 83' lang='grc' dir='ltr'>ι).</span> <span class='ocrx_word' id='word_1_852' title='bbox 2847 5193 3059 5249; x_wconf 89' lang='lat' dir='ltr'>Paulus</span> <span class='ocrx_word' id='word_1_853' title='bbox 3115 5192 3358 5248; x_wconf 59' lang='lat' dir='ltr'>dicit”:</span> <span class='ocrx_word' id='word_1_854' title='bbox 3391 5211 3412 5239; x_wconf 76' lang='grc' dir='ltr'>ι</span> <span class='ocrx_word' id='word_1_855' title='bbox 3474 5192 3614 5248; x_wconf 90' lang='lat' dir='ltr'>Fide</span> 
     </span>
    </p>
   </div>
   <div class='ocr_carea' id='block_1_114' title="bbox 1962 5281 3610 5349">
    <p class='ocr_par' dir='ltr' id='par_1_114' title="bbox 1962 5281 3610 5349">
     <span class='ocr_line' id='line_1_114' title="bbox 1962 5281 3610 5349; baseline -0.001 -12"><span class='ocrx_word' id='word_1_856' title='bbox 1962 5284 2226 5339; x_wconf 87' lang='lat' dir='ltr'>Isaacum</span> <span class='ocrx_word' id='word_1_857' title='bbox 2251 5289 2512 5338; x_wconf 89' lang='lat' dir='ltr'>tentatus</span> <span class='ocrx_word' id='word_1_858' title='bbox 2543 5282 2914 5339; x_wconf 82' lang='lat' dir='ltr'>Abrahamus</span> <span class='ocrx_word' id='word_1_859' title='bbox 2935 5282 3169 5345; x_wconf 88' lang='lat' dir='ltr'>obtulit,</span> <span class='ocrx_word' id='word_1_860' title='bbox 3236 5281 3610 5349; x_wconf 79' lang='lat' dir='ltr'>unigenitum</span> 
     </span>
    </p>
   </div>
   <div class='ocr_carea' id='block_1_115' title="bbox 1962 5371 3615 5444">
    <p class='ocr_par' dir='ltr' id='par_1_115' title="bbox 1962 5371 3615 5444">
     <span class='ocr_line' id='line_1_115' title="bbox 1962 5371 3615 5444; baseline 0.001 -17"><span class='ocrx_word' id='word_1_861' title='bbox 1962 5378 2408 5444; x_wconf 88' lang='lat' dir='ltr'>suum,accepta</span> <span class='ocrx_word' id='word_1_862' title='bbox 2431 5372 2559 5444; x_wconf 89' lang='lat' dir='ltr'>jam</span> <span class='ocrx_word' id='word_1_863' title='bbox 2583 5372 3013 5443; x_wconf 90' lang='lat' dir='ltr'>promissione;</span> <span class='ocrx_word' id='word_1_864' title='bbox 3037 5371 3196 5426; x_wconf 90' lang='lat' dir='ltr'>unde</span> <span class='ocrx_word' id='word_1_865' title='bbox 3218 5377 3278 5425; x_wconf 90' lang='lat' dir='ltr'>et</span> <span class='ocrx_word' id='word_1_866' title='bbox 3314 5387 3420 5443; x_wconf 89' lang='lat' dir='ltr'>per</span> <span class='ocrx_word' id='word_1_867' title='bbox 3439 5389 3615 5443; x_wconf 82' lang='lat' dir='ltr'>para-</span> 
     </span>
    </p>
   </div>
   <div class='ocr_carea' id='block_1_116' title="bbox 1959 5459 3609 5533">
    <p class='ocr_par' dir='ltr' id='par_1_116' title="bbox 1959 5459 3609 5533">
     <span class='ocr_line' id='line_1_116' title="bbox 1959 5459 3609 5533; baseline 0 -18"><span class='ocrx_word' id='word_1_868' title='bbox 1959 5459 2159 5515; x_wconf 81' lang='lat' dir='ltr'>bolum</span> <span class='ocrx_word' id='word_1_869' title='bbox 2181 5477 2317 5516; x_wconf 91' lang='lat' dir='ltr'>eum</span> <span class='ocrx_word' id='word_1_870' title='bbox 2351 5461 2542 5529; x_wconf 66' lang='lat' dir='ltr'>tulit,»</span> <span class='ocrx_word' id='word_1_871' title='bbox 2574 5460 2633 5516; x_wconf 90' lang='lat' dir='ltr'>id</span> <span class='ocrx_word' id='word_1_872' title='bbox 2663 5466 2844 5527; x_wconf 87' lang='lat' dir='ltr'>est,ut</span> <span class='ocrx_word' id='word_1_873' title='bbox 2872 5460 3192 5532; x_wconf 83' lang='lat' dir='ltr'>imaginem</span> <span class='ocrx_word' id='word_1_874' title='bbox 3206 5465 3263 5515; x_wconf 88' lang='lat' dir='ltr'>et</span> <span class='ocrx_word' id='word_1_875' title='bbox 3285 5462 3609 5533; x_wconf 83' lang='lat' dir='ltr'>exemplar.</span> 
     </span>
    </p>
   </div>
   <div class='ocr_carea' id='block_1_117' title="bbox 1959 5546 3610 5619">
    <p class='ocr_par' dir='ltr' id='par_1_117' title="bbox 1959 5546 3610 5619">
     <span class='ocr_line' id='line_1_117' title="bbox 1959 5546 3610 5619; baseline 0.001 -19"><span class='ocrx_word' id='word_1_876' title='bbox 1959 5546 2061 5601; x_wconf 89' lang='lat' dir='ltr'>Est</span> <span class='ocrx_word' id='word_1_877' title='bbox 2091 5546 2269 5602; x_wconf 89' lang='lat' dir='ltr'>etiam</span> <span class='ocrx_word' id='word_1_878' title='bbox 2302 5546 2582 5619; x_wconf 88' lang='lat' dir='ltr'>parabola</span> <span class='ocrx_word' id='word_1_879' title='bbox 2612 5546 2798 5602; x_wconf 90' lang='lat' dir='ltr'>oratio</span> <span class='ocrx_word' id='word_1_880' title='bbox 2831 5563 2963 5617; x_wconf 78' lang='lat' dir='ltr'>qum</span> <span class='ocrx_word' id='word_1_881' title='bbox 3006 5555 3204 5602; x_wconf 89' lang='lat' dir='ltr'>mente</span> <span class='ocrx_word' id='word_1_882' title='bbox 3225 5547 3610 5619; x_wconf 86' lang='lat' dir='ltr'>percipienda</span> 
     </span>
    </p>
   </div>
   <div class='ocr_carea' id='block_1_118' title="bbox 276 5655 1862 5731">
    <p class='ocr_par' dir='ltr' id='par_1_118' title="bbox 276 5655 1851 5731">
     <span class='ocr_line' id='line_1_118' title="bbox 276 5655 1851 5731; baseline 0 -17"><span class='ocrx_word' id='word_1_883' title='bbox 276 5655 318 5731; x_wconf 66' lang='grc'>⁸9</span> <span class='ocrx_word' id='word_1_884' title='bbox 343 5659 536 5715; x_wconf 81' lang='lat' dir='ltr'>Judic.</span> <span class='ocrx_word' id='word_1_885' title='bbox 570 5676 615 5731; x_wconf 73' lang='grc' dir='ltr'>ι,</span> <span class='ocrx_word' id='word_1_886' title='bbox 644 5662 698 5716; x_wconf 86' lang='grc'>7.</span> <span class='ocrx_word' id='word_1_887' title='bbox 733 5657 782 5692; x_wconf 73' lang='grc'>³⁸</span> <span class='ocrx_word' id='word_1_888' title='bbox 810 5655 964 5711; x_wconf 80' lang='lat' dir='ltr'>Psal.</span> <span class='ocrx_word' id='word_1_889' title='bbox 996 5671 1152 5722; x_wconf 75' lang='lat' dir='ltr'>xuii,</span> <span class='ocrx_word' id='word_1_890' title='bbox 1189 5658 1276 5713; x_wconf 83' lang='grc'>15.</span> <span class='ocrx_word' id='word_1_891' title='bbox 1309 5656 1351 5692; x_wconf 85' lang='grc'>²¹</span> <span class='ocrx_word' id='word_1_892' title='bbox 1406 5657 1592 5714; x_wconf 82' lang='lat' dir='ltr'>Judic.</span> <span class='ocrx_word' id='word_1_893' title='bbox 1619 5674 1734 5731; x_wconf 77' lang='lat' dir='ltr'>xw,</span> <span class='ocrx_word' id='word_1_894' title='bbox 1767 5662 1851 5714; x_wconf 74' lang='grc'>14.</span> 
     </span>
    </p>
   </div>
   <div class='ocr_carea' id='block_1_119' title="bbox 1978 5655 3604 5731">
    <p class='ocr_par' dir='ltr' id='par_1_119' title="bbox 1990 5660 3604 5731">
     <span class='ocr_line' id='line_1_119' title="bbox 1990 5660 3604 5731; baseline 0.001 -15"><span class='ocrx_word' id='word_1_895' title='bbox 1990 5661 2263 5717; x_wconf 84' lang='lat' dir='ltr'>Proverb.</span> <span class='ocrx_word' id='word_1_896' title='bbox 2297 5678 2335 5727; x_wconf 81' lang='grc' dir='ltr'>ι,</span> <span class='ocrx_word' id='word_1_897' title='bbox 2394 5665 2447 5716; x_wconf 86' lang='lat'>6.</span> <span class='ocrx_word' id='word_1_898' title='bbox 2509 5664 2555 5699; x_wconf 81' lang='grc'><em>³³</em></span> <span class='ocrx_word' id='word_1_899' title='bbox 2613 5661 2813 5721; x_wconf 79' lang='lat' dir='ltr'>Matth.</span> <span class='ocrx_word' id='word_1_900' title='bbox 2867 5678 2991 5730; x_wconf 85' lang='lat' dir='ltr'>xm,</span> <span class='ocrx_word' id='word_1_901' title='bbox 3041 5660 3087 5697; x_wconf 83' lang='grc'>²⁴</span> <span class='ocrx_word' id='word_1_902' title='bbox 3144 5662 3348 5719; x_wconf 86' lang='lat' dir='ltr'>Ezech.</span> <span class='ocrx_word' id='word_1_903' title='bbox 3391 5679 3525 5731; x_wconf 83' lang='lat' dir='ltr'>xvn,</span> <span class='ocrx_word' id='word_1_904' title='bbox 3553 5664 3604 5718; x_wconf 90' lang='lat'>3.</span> 
     </span>
    </p>
   </div>
   <div class='ocr_carea' id='block_1_120' title="bbox 209 5727 688 5801">
    <p class='ocr_par' dir='ltr' id='par_1_120' title="bbox 209 5727 688 5801">
     <span class='ocr_line' id='line_1_120' title="bbox 209 5727 688 5801; baseline -0.01 -11"><span class='ocrx_word' id='word_1_905' title='bbox 209 5727 253 5763; x_wconf 80' lang='grc'><strong>⁸⁸</strong></span> <span class='ocrx_word' id='word_1_906' title='bbox 278 5730 453 5790; x_wconf 76' lang='lat' dir='ltr'>Hebr.</span> <span class='ocrx_word' id='word_1_907' title='bbox 482 5747 561 5801; x_wconf 78' lang='lat' dir='ltr'>xx,</span> <span class='ocrx_word' id='word_1_908' title='bbox 597 5730 688 5785; x_wconf 84' lang='grc'>17.</span> 
     </span>
    </p>
   </div>
  </div>
