  <div class='ocr_page' id='page_1' title='image "/cluster/home/n/w/nwhite01/storage/ocr_20150623/121/mdp.39015078384289/071.png"; bbox 0 0 4094 6292; ppageno 0'>
   <div class='ocr_carea' id='block_1_1' title="bbox 497 415 616 478">
    <p class='ocr_par' dir='ltr' id='par_1_1' title="bbox 497 415 616 478">
     <span class='ocr_line' id='line_1_1' title="bbox 497 415 616 478; baseline 0 -1"><span class='ocrx_word' id='word_1_1' title='bbox 497 415 616 478; x_wconf 72' lang='grc'><strong>127</strong></span> 
     </span>
    </p>
   </div>
   <div class='ocr_carea' id='block_1_2' title="bbox 1857 419 2557 486">
    <p class='ocr_par' dir='ltr' id='par_1_2' title="bbox 1857 419 2557 486">
     <span class='ocr_line' id='line_1_2' title="bbox 1857 419 2557 486; baseline 0.013 -9"><span class='ocrx_word' id='word_1_2' title='bbox 1857 419 2170 482; x_wconf 76' lang='lat' dir='ltr'><strong>GEORGII</strong></span> <span class='ocrx_word' id='word_1_3' title='bbox 2217 425 2557 486; x_wconf 77' lang='lat' dir='ltr'><strong>CEDRENI</strong></span> 
     </span>
    </p>
   </div>
   <div class='ocr_carea' id='block_1_3' title="bbox 3794 437 3893 498">
    <p class='ocr_par' dir='ltr' id='par_1_3' title="bbox 3794 437 3893 498">
     <span class='ocr_line' id='line_1_3' title="bbox 3794 437 3893 498; baseline -0.02 0"><span class='ocrx_word' id='word_1_4' title='bbox 3794 437 3893 498; x_wconf 70' lang='grc' dir='ltr'><strong>ιεε</strong></span> 
     </span>
    </p>
   </div>
   <div class='ocr_carea' id='block_1_4' title="bbox 501 550 2146 637">
    <p class='ocr_par' dir='ltr' id='par_1_4' title="bbox 501 550 2146 620">
     <span class='ocr_line' id='line_1_4' title="bbox 501 550 2146 620; baseline 0.002 -15"><span class='ocrx_word' id='word_1_5' title='bbox 501 550 883 606; x_wconf 86' lang='lat' dir='ltr'><strong>sensibilibus</strong></span> <span class='ocrx_word' id='word_1_6' title='bbox 903 554 1228 620; x_wconf 79' lang='lat' dir='ltr'><strong>comparat,</strong></span> <span class='ocrx_word' id='word_1_7' title='bbox 1259 555 1320 605; x_wconf 88' lang='lat' dir='ltr'><strong>et</strong></span> <span class='ocrx_word' id='word_1_8' title='bbox 1338 551 1660 607; x_wconf 81' lang='lat' dir='ltr'><strong>mundanis</strong></span> <span class='ocrx_word' id='word_1_9' title='bbox 1709 567 1775 606; x_wconf 89' lang='lat' dir='ltr'><strong>ac</strong></span> <span class='ocrx_word' id='word_1_10' title='bbox 1825 552 2146 608; x_wconf 83' lang='lat' dir='ltr'><strong>visibilibus</strong></span> 
     </span>
    </p>
   </div>
   <div class='ocr_carea' id='block_1_5' title="bbox 2255 550 3890 637">
    <p class='ocr_par' dir='ltr' id='par_1_5' title="bbox 2269 551 3890 637">
     <span class='ocr_line' id='line_1_5' title="bbox 2269 551 3890 637; baseline 0.005 -24"><span class='ocrx_word' id='word_1_11' title='bbox 2269 551 2582 632; x_wconf 72' lang='grc' dir='ltr'>Ιιρόϐλημα</span> <span class='ocrx_word' id='word_1_12' title='bbox 2638 557 2695 614; x_wconf 89' lang='grc' dir='ltr'><strong>δέ</strong></span> <span class='ocrx_word' id='word_1_13' title='bbox 2749 559 2860 616; x_wconf 77' lang='grc' dir='ltr'>ἐστι</span> <span class='ocrx_word' id='word_1_14' title='bbox 2920 559 3088 634; x_wconf 84' lang='grc' dir='ltr'>λόγος</span> <span class='ocrx_word' id='word_1_15' title='bbox 3147 563 3594 637; x_wconf 87' lang='grc' dir='ltr'>συνεσκιασμένος</span> <span class='ocrx_word' id='word_1_16' title='bbox 3629 566 3720 620; x_wconf 80' lang='grc' dir='ltr'><strong>καὶ</strong></span> <span class='ocrx_word' id='word_1_17' title='bbox 3768 565 3890 622; x_wconf 78' lang='grc' dir='ltr'>αίνι·</span> 
     </span>
    </p>
   </div>
   <div class='ocr_carea' id='block_1_6' title="bbox 502 637 2154 712">
    <p class='ocr_par' dir='ltr' id='par_1_6' title="bbox 502 637 2154 712">
     <span class='ocr_line' id='line_1_6' title="bbox 502 637 2154 712; baseline 0.002 -18"><span class='ocrx_word' id='word_1_18' title='bbox 502 641 682 696; x_wconf 88' lang='lat' dir='ltr'><strong>rebus</strong></span> <span class='ocrx_word' id='word_1_19' title='bbox 712 637 1033 695; x_wconf 83' lang='lat' dir='ltr'><strong>invisibilia</strong></span> <span class='ocrx_word' id='word_1_20' title='bbox 1052 644 1230 710; x_wconf 84' lang='lat' dir='ltr'><strong>atque</strong></span> <span class='ocrx_word' id='word_1_21' title='bbox 1268 657 1450 712; x_wconf 81' lang='lat' dir='ltr'><strong>supra</strong></span> <span class='ocrx_word' id='word_1_22' title='bbox 1477 641 1636 696; x_wconf 88' lang='lat' dir='ltr'><strong>hunc</strong></span> <span class='ocrx_word' id='word_1_23' title='bbox 1691 641 1982 698; x_wconf 89' lang='lat' dir='ltr'><strong>mundum</strong></span> <span class='ocrx_word' id='word_1_24' title='bbox 2039 643 2154 698; x_wconf 87' lang='lat' dir='ltr'><strong>sita</strong></span> 
     </span>
    </p>
   </div>
   <div class='ocr_carea' id='block_1_7' title="bbox 505 729 2152 802">
    <p class='ocr_par' dir='ltr' id='par_1_7' title="bbox 505 729 2152 802">
     <span class='ocr_line' id='line_1_7' title="bbox 505 729 2152 802; baseline 0.001 -16"><span class='ocrx_word' id='word_1_25' title='bbox 505 731 744 787; x_wconf 91' lang='lat' dir='ltr'><strong>indicat.</strong></span> <span class='ocrx_word' id='word_1_26' title='bbox 780 729 1094 786; x_wconf 86' lang='lat' dir='ltr'><strong>Problema</strong></span> <span class='ocrx_word' id='word_1_27' title='bbox 1129 747 1266 786; x_wconf 89' lang='lat' dir='ltr'><strong>vero</strong></span> <span class='ocrx_word' id='word_1_28' title='bbox 1289 732 1704 802; x_wconf 72' lang='lat' dir='ltr'><strong>(qnmstionem</strong></span> <span class='ocrx_word' id='word_1_29' title='bbox 1729 733 1932 788; x_wconf 89' lang='lat' dir='ltr'><strong>Latine</strong></span> <span class='ocrx_word' id='word_1_30' title='bbox 1953 732 2152 788; x_wconf 86' lang='lat' dir='ltr'><strong>dicere</strong></span> 
     </span>
    </p>
   </div>
   <div class='ocr_carea' id='block_1_8' title="bbox 504 821 2152 894">
    <p class='ocr_par' dir='ltr' id='par_1_8' title="bbox 504 821 2152 894">
     <span class='ocr_line' id='line_1_8' title="bbox 504 821 2152 894; baseline 0.001 -20"><span class='ocrx_word' id='word_1_31' title='bbox 504 821 716 894; x_wconf 77' lang='lat' dir='ltr'><strong>possis)</strong></span> <span class='ocrx_word' id='word_1_32' title='bbox 749 821 936 876; x_wconf 88' lang='lat' dir='ltr'><strong>oratio</strong></span> <span class='ocrx_word' id='word_1_33' title='bbox 959 827 1049 876; x_wconf 90' lang='lat' dir='ltr'><strong>est</strong></span> <span class='ocrx_word' id='word_1_34' title='bbox 1065 821 1415 876; x_wconf 84' lang='lat' dir='ltr'><strong>obumbrata</strong></span> <span class='ocrx_word' id='word_1_35' title='bbox 1434 821 1924 878; x_wconf 86' lang='lat' dir='ltr'><strong>etdivinatiouem</strong></span> <span class='ocrx_word' id='word_1_36' title='bbox 1947 823 2152 894; x_wconf 88' lang='lat' dir='ltr'><strong>requi-</strong></span> 
     </span>
    </p>
   </div>
   <div class='ocr_carea' id='block_1_9' title="bbox 504 909 2150 984">
    <p class='ocr_par' dir='ltr' id='par_1_9' title="bbox 504 909 2150 984">
     <span class='ocr_line' id='line_1_9' title="bbox 504 909 2150 984; baseline 0.001 -18"><span class='ocrx_word' id='word_1_37' title='bbox 504 927 664 978; x_wconf 83' lang='lat' dir='ltr'><strong>rens,</strong></span> <span class='ocrx_word' id='word_1_38' title='bbox 681 911 853 982; x_wconf 84' lang='lat' dir='ltr'><strong>juxla</strong></span> <span class='ocrx_word' id='word_1_39' title='bbox 875 911 984 965; x_wconf 82' lang='lat' dir='ltr'><strong>hoc</strong></span> <span class='ocrx_word' id='word_1_40' title='bbox 1007 911 1052 946; x_wconf 83' lang='grc'>²⁶</span> <span class='ocrx_word' id='word_1_41' title='bbox 1075 928 1089 965; x_wconf 88' lang='lat'><strong>:</strong></span> <span class='ocrx_word' id='word_1_42' title='bbox 1115 934 1141 959; x_wconf 80' lang='grc' dir='ltr'><strong>α</strong></span> <span class='ocrx_word' id='word_1_43' title='bbox 1175 909 1480 965; x_wconf 86' lang='lat' dir='ltr'><strong>lnclinabo</strong></span> <span class='ocrx_word' id='word_1_44' title='bbox 1501 927 1704 967; x_wconf 87' lang='lat' dir='ltr'><strong>aurem</strong></span> <span class='ocrx_word' id='word_1_45' title='bbox 1727 927 1920 968; x_wconf 86' lang='lat' dir='ltr'>meam</span> <span class='ocrx_word' id='word_1_46' title='bbox 1956 912 2030 968; x_wconf 90' lang='lat' dir='ltr'><strong>ad</strong></span> <span class='ocrx_word' id='word_1_47' title='bbox 2048 929 2150 984; x_wconf 83' lang='lat' dir='ltr'><strong>pa-</strong></span> 
     </span>
    </p>
   </div>
   <div class='ocr_carea' id='block_1_10' title="bbox 502 999 2148 1072">
    <p class='ocr_par' dir='ltr' id='par_1_10' title="bbox 502 999 2148 1072">
     <span class='ocr_line' id='line_1_10' title="bbox 502 999 2148 1072; baseline -0.002 -17"><span class='ocrx_word' id='word_1_48' title='bbox 502 999 790 1064; x_wconf 84' lang='lat' dir='ltr'><strong>rabolam,</strong></span> <span class='ocrx_word' id='word_1_49' title='bbox 817 999 1080 1071; x_wconf 77' lang='lat' dir='ltr'><strong>aperiam</strong></span> <span class='ocrx_word' id='word_1_50' title='bbox 1097 1000 1158 1054; x_wconf 91' lang='lat' dir='ltr'><strong>in</strong></span> <span class='ocrx_word' id='word_1_51' title='bbox 1181 999 1462 1071; x_wconf 83' lang='lat' dir='ltr'><strong>psalterio</strong></span> <span class='ocrx_word' id='word_1_52' title='bbox 1485 1001 1874 1072; x_wconf 71' lang='lat' dir='ltr'><strong>quwstionem</strong></span> <span class='ocrx_word' id='word_1_53' title='bbox 1896 1018 2148 1058; x_wconf 80' lang='lat' dir='ltr'><strong>meam.»</strong></span> 
     </span>
    </p>
   </div>
   <div class='ocr_carea' id='block_1_11' title="bbox 502 1089 2152 1164">
    <p class='ocr_par' dir='ltr' id='par_1_11' title="bbox 502 1089 2152 1164">
     <span class='ocr_line' id='line_1_11' title="bbox 502 1089 2152 1164; baseline 0.002 -20"><span class='ocrx_word' id='word_1_54' title='bbox 502 1089 815 1144; x_wconf 87' lang='lat' dir='ltr'><strong>Problema</strong></span> <span class='ocrx_word' id='word_1_55' title='bbox 835 1089 1014 1144; x_wconf 84' lang='lat' dir='ltr'><strong>etiam</strong></span> <span class='ocrx_word' id='word_1_56' title='bbox 1045 1095 1134 1144; x_wconf 88' lang='lat' dir='ltr'><strong>est</strong></span> <span class='ocrx_word' id='word_1_57' title='bbox 1161 1089 1584 1161; x_wconf 75' lang='lat' dir='ltr'><strong>contemplatio</strong></span> <span class='ocrx_word' id='word_1_58' title='bbox 1617 1089 1690 1145; x_wconf 90' lang='lat' dir='ltr'><strong>ad</strong></span> <span class='ocrx_word' id='word_1_59' title='bbox 1749 1091 2152 1164; x_wconf 79' lang='lat' dir='ltr'><strong>cognitionem</strong></span> 
     </span>
    </p>
   </div>
   <div class='ocr_carea' id='block_1_12' title="bbox 503 1175 2152 1252">
    <p class='ocr_par' dir='ltr' id='par_1_12' title="bbox 503 1175 2152 1252">
     <span class='ocr_line' id='line_1_12' title="bbox 503 1175 2152 1252; baseline 0.002 -21"><span class='ocrx_word' id='word_1_60' title='bbox 503 1175 748 1232; x_wconf 82' lang='lat' dir='ltr'><strong>faciens.</strong></span> <span class='ocrx_word' id='word_1_61' title='bbox 781 1177 1128 1249; x_wconf 81' lang='lat' dir='ltr'><strong>Exemplum</strong></span> <span class='ocrx_word' id='word_1_62' title='bbox 1178 1183 1284 1248; x_wconf 89' lang='lat' dir='ltr'><strong>est,</strong></span> <span class='ocrx_word' id='word_1_63' title='bbox 1309 1177 1469 1249; x_wconf 91' lang='lat' dir='ltr'><strong>quod</strong></span> <span class='ocrx_word' id='word_1_64' title='bbox 1499 1194 1534 1233; x_wconf 88' lang='lat' dir='ltr'><strong>a</strong></span> <span class='ocrx_word' id='word_1_65' title='bbox 1587 1178 1872 1252; x_wconf 80' lang='lat' dir='ltr'><strong>singulari</strong></span> <span class='ocrx_word' id='word_1_66' title='bbox 1917 1179 1992 1234; x_wconf 87' lang='lat' dir='ltr'><strong>ad</strong></span> <span class='ocrx_word' id='word_1_67' title='bbox 2022 1179 2152 1234; x_wconf 91' lang='lat' dir='ltr'><strong>uni-</strong></span> 
     </span>
    </p>
   </div>
   <div class='ocr_carea' id='block_1_13' title="bbox 505 1263 2150 1341">
    <p class='ocr_par' dir='ltr' id='par_1_13' title="bbox 505 1263 2150 1341">
     <span class='ocr_line' id='line_1_13' title="bbox 505 1263 2150 1341; baseline 0.002 -22"><span class='ocrx_word' id='word_1_68' title='bbox 505 1265 730 1320; x_wconf 88' lang='lat' dir='ltr'><strong>versale</strong></span> <span class='ocrx_word' id='word_1_69' title='bbox 751 1263 1029 1331; x_wconf 87' lang='lat' dir='ltr'><strong>adducit;</strong></span> <span class='ocrx_word' id='word_1_70' title='bbox 1062 1271 1162 1322; x_wconf 88' lang='lat' dir='ltr'><strong>aut</strong></span> <span class='ocrx_word' id='word_1_71' title='bbox 1193 1283 1326 1322; x_wconf 91' lang='lat' dir='ltr'><strong>cum</strong></span> <span class='ocrx_word' id='word_1_72' title='bbox 1361 1267 1646 1340; x_wconf 80' lang='lat' dir='ltr'><strong>singulari</strong></span> <span class='ocrx_word' id='word_1_73' title='bbox 1698 1283 1806 1340; x_wconf 91' lang='lat' dir='ltr'><strong>per</strong></span> <span class='ocrx_word' id='word_1_74' title='bbox 1852 1267 2150 1341; x_wconf 77' lang='lat' dir='ltr'><strong>singulare</strong></span> 
     </span>
    </p>
   </div>
   <div class='ocr_carea' id='block_1_14' title="bbox 507 1353 2150 1412">
    <p class='ocr_par' dir='ltr' id='par_1_14' title="bbox 507 1353 2150 1412">
     <span class='ocr_line' id='line_1_14' title="bbox 507 1353 2150 1412; baseline 0.002 -4"><span class='ocrx_word' id='word_1_75' title='bbox 507 1355 628 1409; x_wconf 89' lang='lat' dir='ltr'><strong>sive</strong></span> <span class='ocrx_word' id='word_1_76' title='bbox 659 1355 852 1409; x_wconf 89' lang='lat' dir='ltr'><strong>simile</strong></span> <span class='ocrx_word' id='word_1_77' title='bbox 875 1353 1051 1410; x_wconf 83' lang='lat' dir='ltr'><strong>ﬁdem</strong></span> <span class='ocrx_word' id='word_1_78' title='bbox 1073 1354 1340 1410; x_wconf 84' lang='lat' dir='ltr'><strong>facimus.</strong></span> <span class='ocrx_word' id='word_1_79' title='bbox 1367 1357 1656 1412; x_wconf 75' lang='lat' dir='ltr'><strong>Pam-mia</strong></span> <span class='ocrx_word' id='word_1_80' title='bbox 1685 1373 1879 1412; x_wconf 86' lang='lat' dir='ltr'><strong>sermo</strong></span> <span class='ocrx_word' id='word_1_81' title='bbox 1908 1363 1998 1412; x_wconf 88' lang='lat' dir='ltr'><strong>est</strong></span> <span class='ocrx_word' id='word_1_82' title='bbox 2053 1373 2150 1412; x_wconf 86' lang='lat' dir='ltr'><strong>oc-</strong></span> 
     </span>
    </p>
   </div>
   <div class='ocr_carea' id='block_1_15' title="bbox 509 1444 2155 1516">
    <p class='ocr_par' dir='ltr' id='par_1_15' title="bbox 509 1444 2155 1516">
     <span class='ocr_line' id='line_1_15' title="bbox 509 1444 2155 1516; baseline 0.002 -17"><span class='ocrx_word' id='word_1_83' title='bbox 509 1444 828 1515; x_wconf 90' lang='lat' dir='ltr'><strong>cultus,qui</strong></span> <span class='ocrx_word' id='word_1_84' title='bbox 860 1444 976 1500; x_wconf 89' lang='lat' dir='ltr'><strong>alio</strong></span> <span class='ocrx_word' id='word_1_85' title='bbox 1015 1445 1331 1500; x_wconf 89' lang='lat' dir='ltr'><strong>manifesto</strong></span> <span class='ocrx_word' id='word_1_86' title='bbox 1370 1445 1683 1503; x_wconf 88' lang='lat' dir='ltr'><strong>indicatur.</strong></span> <span class='ocrx_word' id='word_1_87' title='bbox 1736 1447 2034 1516; x_wconf 71' lang='lat' dir='ltr'><strong>Allegoria</strong></span> <span class='ocrx_word' id='word_1_88' title='bbox 2064 1453 2155 1503; x_wconf 88' lang='lat' dir='ltr'><strong>est</strong></span> 
     </span>
    </p>
   </div>
   <div class='ocr_carea' id='block_1_16' title="bbox 509 1533 2155 1604">
    <p class='ocr_par' dir='ltr' id='par_1_16' title="bbox 509 1533 2155 1604">
     <span class='ocr_line' id='line_1_16' title="bbox 509 1533 2155 1604; baseline 0.001 -16"><span class='ocrx_word' id='word_1_89' title='bbox 509 1549 640 1604; x_wconf 69' lang='lat' dir='ltr'><strong>qua:</strong></span> <span class='ocrx_word' id='word_1_90' title='bbox 657 1534 729 1588; x_wconf 90' lang='lat' dir='ltr'><strong>de</strong></span> <span class='ocrx_word' id='word_1_91' title='bbox 751 1533 1034 1588; x_wconf 89' lang='lat' dir='ltr'><strong>inanimis</strong></span> <span class='ocrx_word' id='word_1_92' title='bbox 1059 1535 1408 1591; x_wconf 77' lang='lat' dir='ltr'><strong>sumitur.ut</strong></span> <span class='ocrx_word' id='word_1_93' title='bbox 1431 1535 2034 1603; x_wconf 75' lang='lat' dir='ltr'><strong>montibus,co|libus,</strong></span> <span class='ocrx_word' id='word_1_94' title='bbox 2057 1553 2155 1592; x_wconf 86' lang='lat' dir='ltr'><strong>ar-</strong></span> 
     </span>
    </p>
   </div>
   <div class='ocr_carea' id='block_1_17' title="bbox 508 1622 2154 1696">
    <p class='ocr_par' dir='ltr' id='par_1_17' title="bbox 508 1622 2154 1696">
     <span class='ocr_line' id='line_1_17' title="bbox 508 1622 2154 1696; baseline 0.002 -20"><span class='ocrx_word' id='word_1_95' title='bbox 508 1622 750 1678; x_wconf 83' lang='lat' dir='ltr'><strong>boribus</strong></span> <span class='ocrx_word' id='word_1_96' title='bbox 780 1628 838 1678; x_wconf 92' lang='lat' dir='ltr'><strong>et</strong></span> <span class='ocrx_word' id='word_1_97' title='bbox 865 1629 1080 1678; x_wconf 69' lang='lat' dir='ltr'><strong>caetera</strong></span> <span class='ocrx_word' id='word_1_98' title='bbox 1105 1623 1472 1696; x_wconf 86' lang='lat' dir='ltr'><strong>Tropologia,</strong></span> <span class='ocrx_word' id='word_1_99' title='bbox 1497 1641 1628 1696; x_wconf 57' lang='lat' dir='ltr'><strong>quas</strong></span> <span class='ocrx_word' id='word_1_100' title='bbox 1659 1642 1694 1680; x_wconf 88' lang='lat' dir='ltr'><strong>a</strong></span> <span class='ocrx_word' id='word_1_101' title='bbox 1723 1626 1941 1681; x_wconf 79' lang='lat' dir='ltr'><strong>nostris</strong></span> <span class='ocrx_word' id='word_1_102' title='bbox 1971 1641 2154 1682; x_wconf 88' lang='lat' dir='ltr'><strong>mem-</strong></span> 
     </span>
    </p>
   </div>
   <div class='ocr_carea' id='block_1_18' title="bbox 507 1711 2153 1786">
    <p class='ocr_par' dir='ltr' id='par_1_18' title="bbox 507 1711 2153 1786">
     <span class='ocr_line' id='line_1_18' title="bbox 507 1711 2153 1786; baseline 0.003 -20"><span class='ocrx_word' id='word_1_103' title='bbox 507 1712 630 1766; x_wconf 83' lang='lat' dir='ltr'><strong>bris</strong></span> <span class='ocrx_word' id='word_1_104' title='bbox 661 1711 916 1780; x_wconf 86' lang='lat' dir='ltr'><strong>ducitur,</strong></span> <span class='ocrx_word' id='word_1_105' title='bbox 950 1718 1015 1766; x_wconf 90' lang='lat' dir='ltr'><strong>ut</strong></span> <span class='ocrx_word' id='word_1_106' title='bbox 1043 1714 1255 1784; x_wconf 87' lang='lat' dir='ltr'><strong>capite,</strong></span> <span class='ocrx_word' id='word_1_107' title='bbox 1285 1719 1350 1768; x_wconf 90' lang='lat' dir='ltr'><strong>ut</strong></span> <span class='ocrx_word' id='word_1_108' title='bbox 1409 1714 1617 1780; x_wconf 86' lang='lat' dir='ltr'><strong>oculis,</strong></span> <span class='ocrx_word' id='word_1_109' title='bbox 1649 1721 1716 1770; x_wconf 85' lang='lat' dir='ltr'><strong>ut</strong></span> <span class='ocrx_word' id='word_1_110' title='bbox 1761 1715 2048 1786; x_wconf 87' lang='lat' dir='ltr'><strong>reliquis;</strong></span> <span class='ocrx_word' id='word_1_111' title='bbox 2081 1715 2153 1771; x_wconf 91' lang='lat' dir='ltr'><strong>ab</strong></span> 
     </span>
    </p>
   </div>
   <div class='ocr_carea' id='block_1_19' title="bbox 505 1801 1726 1861">
    <p class='ocr_par' dir='ltr' id='par_1_19' title="bbox 505 1801 1726 1861">
     <span class='ocr_line' id='line_1_19' title="bbox 505 1801 1726 1861; baseline 0.004 -5"><span class='ocrx_word' id='word_1_112' title='bbox 505 1801 919 1858; x_wconf 75' lang='lat' dir='ltr'><strong>immutatione</strong></span> <span class='ocrx_word' id='word_1_113' title='bbox 945 1801 1259 1858; x_wconf 87' lang='lat' dir='ltr'><strong>verborum</strong></span> <span class='ocrx_word' id='word_1_114' title='bbox 1288 1819 1508 1860; x_wconf 90' lang='lat' dir='ltr'><strong>nomen</strong></span> <span class='ocrx_word' id='word_1_115' title='bbox 1529 1804 1726 1861; x_wconf 87' lang='lat' dir='ltr'><strong>habet.</strong></span> 
     </span>
    </p>
   </div>
   <div class='ocr_carea' id='block_1_20' title="bbox 2257 640 3886 723">
    <p class='ocr_par' dir='ltr' id='par_1_20' title="bbox 2257 640 3886 723">
     <span class='ocr_line' id='line_1_20' title="bbox 2257 640 3886 723; baseline 0.007 -27"><span class='ocrx_word' id='word_1_116' title='bbox 2257 640 2578 715; x_wconf 76' lang='grc' dir='ltr'>γματώόης,</span> <span class='ocrx_word' id='word_1_117' title='bbox 2609 645 2746 700; x_wconf 80' lang='grc' dir='ltr'>κατᾶ</span> <span class='ocrx_word' id='word_1_118' title='bbox 2809 648 2871 701; x_wconf 86' lang='grc' dir='ltr'>τὸ</span> <span class='ocrx_word' id='word_1_119' title='bbox 2928 645 3234 723; x_wconf 61' lang='grc' dir='ltr'>εξρημένον·</span> <span class='ocrx_word' id='word_1_120' title='bbox 3271 673 3299 702; x_wconf 88' lang='grc'><strong>‹‹</strong></span> <span class='ocrx_word' id='word_1_121' title='bbox 3331 648 3517 706; x_wconf 84' lang='grc' dir='ltr'>Κλινῶ</span> <span class='ocrx_word' id='word_1_122' title='bbox 3551 649 3631 712; x_wconf 73' lang='grc' dir='ltr'>εἰς</span> <span class='ocrx_word' id='word_1_123' title='bbox 3669 647 3886 722; x_wconf 84' lang='grc' dir='ltr'>παραϐο-</span> 
     </span>
    </p>
   </div>
   <div class='ocr_carea' id='block_1_21' title="bbox 2260 726 3885 816">
    <p class='ocr_par' dir='ltr' id='par_1_21' title="bbox 2260 726 3885 816">
     <span class='ocr_line' id='line_1_21' title="bbox 2260 726 3885 816; baseline 0.008 -30"><span class='ocrx_word' id='word_1_124' title='bbox 2260 726 2436 801; x_wconf 77' lang='grc' dir='ltr'>ϐολήν</span> <span class='ocrx_word' id='word_1_125' title='bbox 2467 735 2529 788; x_wconf 84' lang='grc' dir='ltr'>τὸ</span> <span class='ocrx_word' id='word_1_126' title='bbox 2551 732 2644 796; x_wconf 67' lang='grc' dir='ltr'><strong>οὖς</strong></span> <span class='ocrx_word' id='word_1_127' title='bbox 2679 758 2804 808; x_wconf 73' lang='grc' dir='ltr'>μου,</span> <span class='ocrx_word' id='word_1_128' title='bbox 2834 735 3037 808; x_wconf 77' lang='grc' dir='ltr'>ἂνοίζω</span> <span class='ocrx_word' id='word_1_129' title='bbox 3069 737 3120 792; x_wconf 88' lang='grc' dir='ltr'>ἐν</span> <span class='ocrx_word' id='word_1_130' title='bbox 3149 735 3441 814; x_wconf 82' lang='grc' dir='ltr'>ψαλτηρίῳ</span> <span class='ocrx_word' id='word_1_131' title='bbox 3487 741 3549 796; x_wconf 80' lang='grc' dir='ltr'>τὸ</span> <span class='ocrx_word' id='word_1_132' title='bbox 3599 737 3885 816; x_wconf 72' lang='grc' dir='ltr'>πρόϐλημά</span> 
     </span>
    </p>
   </div>
   <div class='ocr_carea' id='block_1_22' title="bbox 2263 820 3884 909">
    <p class='ocr_par' dir='ltr' id='par_1_22' title="bbox 2263 820 3884 909">
     <span class='ocr_line' id='line_1_22' title="bbox 2263 820 3884 909; baseline 0.009 -32"><span class='ocrx_word' id='word_1_133' title='bbox 2263 844 2390 896; x_wconf 89' lang='grc' dir='ltr'>μου.</span> <span class='ocrx_word' id='word_1_134' title='bbox 2451 848 2481 877; x_wconf 85' lang='grc'><strong>››</strong></span> <span class='ocrx_word' id='word_1_135' title='bbox 2540 820 2852 902; x_wconf 77' lang='grc' dir='ltr'>Πρόϐλημά</span> <span class='ocrx_word' id='word_1_136' title='bbox 2917 827 3030 883; x_wconf 78' lang='grc' dir='ltr'>ἐστι</span> <span class='ocrx_word' id='word_1_137' title='bbox 3089 831 3356 904; x_wconf 75' lang='grc' dir='ltr'>θεώρημα</span> <span class='ocrx_word' id='word_1_138' title='bbox 3435 838 3710 889; x_wconf 71' lang='grc' dir='ltr'><strong>συντεῖνον</strong></span> <span class='ocrx_word' id='word_1_139' title='bbox 3767 835 3884 909; x_wconf 80' lang='grc' dir='ltr'>πρὸς</span> 
     </span>
    </p>
   </div>
   <div class='ocr_carea' id='block_1_23' title="bbox 2260 913 3886 994">
    <p class='ocr_par' dir='ltr' id='par_1_23' title="bbox 2260 913 3886 994">
     <span class='ocr_line' id='line_1_23' title="bbox 2260 913 3886 994; baseline 0.008 -28"><span class='ocrx_word' id='word_1_140' title='bbox 2260 914 2488 988; x_wconf 78' lang='grc' dir='ltr'><strong>θεωρίαν</strong></span> <span class='ocrx_word' id='word_1_141' title='bbox 2521 913 2859 992; x_wconf 78' lang='grc' dir='ltr'>καὶγνῶσιν.</span> <span class='ocrx_word' id='word_1_142' title='bbox 2921 914 3276 994; x_wconf 74' lang='grc' dir='ltr'>Παράδειγμα</span> <span class='ocrx_word' id='word_1_143' title='bbox 3334 916 3390 976; x_wconf 83' lang='grc' dir='ltr'><strong>δέ</strong></span> <span class='ocrx_word' id='word_1_144' title='bbox 3449 919 3595 978; x_wconf 76' lang='grc' dir='ltr'>ἑστιν</span> <span class='ocrx_word' id='word_1_145' title='bbox 3651 921 3756 979; x_wconf 77' lang='grc' dir='ltr'><strong>ἀπὸ</strong></span> <span class='ocrx_word' id='word_1_146' title='bbox 3803 929 3886 979; x_wconf 79' lang='grc' dir='ltr'><strong>τοῦ</strong></span> 
     </span>
    </p>
   </div>
   <div class='ocr_carea' id='block_1_24' title="bbox 2257 998 3889 1085">
    <p class='ocr_par' dir='ltr' id='par_1_24' title="bbox 2257 998 3889 1085">
     <span class='ocr_line' id='line_1_24' title="bbox 2257 998 3889 1085; baseline 0.006 -29"><span class='ocrx_word' id='word_1_147' title='bbox 2257 1003 2374 1056; x_wconf 86' lang='grc' dir='ltr'>καθ’</span> <span class='ocrx_word' id='word_1_148' title='bbox 2431 998 2654 1060; x_wconf 71' lang='grc' dir='ltr'>ἕκαστον</span> <span class='ocrx_word' id='word_1_149' title='bbox 2713 1003 2843 1083; x_wconf 80' lang='grc' dir='ltr'>ἆγον</span> <span class='ocrx_word' id='word_1_150' title='bbox 2897 1005 2986 1062; x_wconf 71' lang='grc' dir='ltr'>ἐπὶ</span> <span class='ocrx_word' id='word_1_151' title='bbox 3041 1007 3105 1062; x_wconf 85' lang='grc' dir='ltr'>τὸ</span> <span class='ocrx_word' id='word_1_152' title='bbox 3186 1008 3450 1080; x_wconf 82' lang='grc' dir='ltr'><strong>καθόλου,</strong></span> <span class='ocrx_word' id='word_1_153' title='bbox 3506 1009 3543 1080; x_wconf 75' lang='grc' dir='ltr'>ἦ</span> <span class='ocrx_word' id='word_1_154' title='bbox 3612 1007 3772 1085; x_wconf 80' lang='grc' dir='ltr'>δεῖξις</span> <span class='ocrx_word' id='word_1_155' title='bbox 3814 1034 3889 1068; x_wconf 75' lang='lat' dir='ltr'><strong>m-</strong></span> 
     </span>
    </p>
   </div>
   <div class='ocr_carea' id='block_1_25' title="bbox 2260 1092 3888 1174">
    <p class='ocr_par' dir='ltr' id='par_1_25' title="bbox 2260 1092 3888 1174">
     <span class='ocr_line' id='line_1_25' title="bbox 2260 1092 3888 1174; baseline 0.007 -29"><span class='ocrx_word' id='word_1_156' title='bbox 2260 1092 2528 1164; x_wconf 88' lang='grc' dir='ltr'>στουμένη</span> <span class='ocrx_word' id='word_1_157' title='bbox 2605 1095 2669 1150; x_wconf 86' lang='grc' dir='ltr'>τὸ</span> <span class='ocrx_word' id='word_1_158' title='bbox 2755 1095 2976 1169; x_wconf 78' lang='grc' dir='ltr'>μερικδν</span> <span class='ocrx_word' id='word_1_159' title='bbox 3061 1095 3153 1152; x_wconf 79' lang='grc' dir='ltr'><strong>διὰ</strong></span> <span class='ocrx_word' id='word_1_160' title='bbox 3237 1105 3466 1172; x_wconf 80' lang='grc' dir='ltr'>μερικοῦ</span> <span class='ocrx_word' id='word_1_161' title='bbox 3537 1100 3633 1156; x_wconf 84' lang='grc' dir='ltr'><strong>καὶ</strong></span> <span class='ocrx_word' id='word_1_162' title='bbox 3692 1101 3888 1174; x_wconf 78' lang='grc' dir='ltr'>ὁμοίου.</span> 
     </span>
    </p>
   </div>
   <div class='ocr_carea' id='block_1_26' title="bbox 2260 1181 3893 1268">
    <p class='ocr_par' dir='ltr' id='par_1_26' title="bbox 2260 1181 3893 1268">
     <span class='ocr_line' id='line_1_26' title="bbox 2260 1181 3893 1268; baseline 0.006 -31"><span class='ocrx_word' id='word_1_163' title='bbox 2260 1185 2536 1259; x_wconf 70' lang='grc' dir='ltr'>Παροιμίαι</span> <span class='ocrx_word' id='word_1_164' title='bbox 2567 1181 2614 1239; x_wconf 87' lang='grc' dir='ltr'>δ’</span> <span class='ocrx_word' id='word_1_165' title='bbox 2644 1183 2754 1241; x_wconf 76' lang='grc' dir='ltr'><strong>ἐστῖ</strong></span> <span class='ocrx_word' id='word_1_166' title='bbox 2779 1183 2948 1264; x_wconf 87' lang='grc' dir='ltr'>λόγος</span> <span class='ocrx_word' id='word_1_167' title='bbox 2975 1187 3290 1264; x_wconf 71' lang='grc' dir='ltr'>ἀπόκρυφος</span> <span class='ocrx_word' id='word_1_168' title='bbox 3320 1187 3390 1245; x_wconf 82' lang='grc' dir='ltr'><strong>δι’</strong></span> <span class='ocrx_word' id='word_1_169' title='bbox 3409 1189 3596 1266; x_wconf 73' lang='grc' dir='ltr'>ἑτέρου</span> <span class='ocrx_word' id='word_1_170' title='bbox 3625 1189 3893 1268; x_wconf 75' lang='grc' dir='ltr'><strong>προδήλου</strong></span> 
     </span>
    </p>
   </div>
   <div class='ocr_carea' id='block_1_27' title="bbox 2258 1272 3892 1360">
    <p class='ocr_par' dir='ltr' id='par_1_27' title="bbox 2258 1272 3892 1360">
     <span class='ocr_line' id='line_1_27' title="bbox 2258 1272 3892 1360; baseline 0.008 -36"><span class='ocrx_word' id='word_1_171' title='bbox 2258 1272 2684 1346; x_wconf 87' lang='grc' dir='ltr'>σημαινόμενος.</span> <span class='ocrx_word' id='word_1_172' title='bbox 2721 1273 3070 1352; x_wconf 84' lang='grc' dir='ltr'>Ἀλληγορία</span> <span class='ocrx_word' id='word_1_173' title='bbox 3092 1275 3137 1332; x_wconf 82' lang='grc' dir='ltr'>δ’</span> <span class='ocrx_word' id='word_1_174' title='bbox 3173 1276 3314 1334; x_wconf 66' lang='grc' dir='ltr'>ἐστὶν</span> <span class='ocrx_word' id='word_1_175' title='bbox 3344 1281 3379 1350; x_wconf 81' lang='grc' dir='ltr'><strong>ἡ</strong></span> <span class='ocrx_word' id='word_1_176' title='bbox 3402 1277 3492 1336; x_wconf 70' lang='grc' dir='ltr'>ἐπὶ</span> <span class='ocrx_word' id='word_1_177' title='bbox 3519 1285 3634 1336; x_wconf 82' lang='grc' dir='ltr'><strong>τῶν</strong></span> <span class='ocrx_word' id='word_1_178' title='bbox 3661 1279 3892 1360; x_wconf 78' lang='grc' dir='ltr'>ἀψόχων,</span> 
     </span>
    </p>
   </div>
   <div class='ocr_carea' id='block_1_28' title="bbox 2260 1361 3894 1443">
    <p class='ocr_par' dir='ltr' id='par_1_28' title="bbox 2260 1361 3894 1443">
     <span class='ocr_line' id='line_1_28' title="bbox 2260 1361 3894 1443; baseline 0.008 -29"><span class='ocrx_word' id='word_1_179' title='bbox 2260 1362 2380 1416; x_wconf 82' lang='grc' dir='ltr'>οἷον</span> <span class='ocrx_word' id='word_1_180' title='bbox 2415 1361 2584 1437; x_wconf 85' lang='grc' dir='ltr'>ὀρέων</span> <span class='ocrx_word' id='word_1_181' title='bbox 2613 1364 2702 1419; x_wconf 80' lang='grc' dir='ltr'><strong>καὶ</strong></span> <span class='ocrx_word' id='word_1_182' title='bbox 2737 1365 2965 1441; x_wconf 83' lang='grc' dir='ltr'>βουνῶν,</span> <span class='ocrx_word' id='word_1_183' title='bbox 3001 1369 3084 1439; x_wconf 87' lang='grc' dir='ltr'>[Ρ.</span> <span class='ocrx_word' id='word_1_184' title='bbox 3115 1369 3207 1440; x_wconf 82' lang='grc'><strong>55]</strong></span> <span class='ocrx_word' id='word_1_185' title='bbox 3238 1363 3471 1443; x_wconf 80' lang='grc' dir='ltr'><strong>δένδρων</strong></span> <span class='ocrx_word' id='word_1_186' title='bbox 3531 1370 3626 1426; x_wconf 85' lang='grc' dir='ltr'><strong>καὶ</strong></span> <span class='ocrx_word' id='word_1_187' title='bbox 3683 1370 3894 1427; x_wconf 79' lang='grc' dir='ltr'>λοιπῶν.</span> 
     </span>
    </p>
   </div>
   <div class='ocr_carea' id='block_1_29' title="bbox 2261 1451 3894 1534">
    <p class='ocr_par' dir='ltr' id='par_1_29' title="bbox 2261 1451 3894 1534">
     <span class='ocr_line' id='line_1_29' title="bbox 2261 1451 3894 1534; baseline 0.004 -26"><span class='ocrx_word' id='word_1_188' title='bbox 2261 1451 2613 1528; x_wconf 86' lang='grc' dir='ltr'>Τροπολογία</span> <span class='ocrx_word' id='word_1_189' title='bbox 2645 1451 2692 1509; x_wconf 85' lang='grc' dir='ltr'>δ’</span> <span class='ocrx_word' id='word_1_190' title='bbox 2725 1452 2867 1510; x_wconf 73' lang='grc' dir='ltr'>ἐστὶν</span> <span class='ocrx_word' id='word_1_191' title='bbox 2895 1457 2929 1524; x_wconf 83' lang='grc' dir='ltr'><strong>ἡ</strong></span> <span class='ocrx_word' id='word_1_192' title='bbox 2963 1455 3052 1512; x_wconf 75' lang='grc' dir='ltr'>ἐπὶ</span> <span class='ocrx_word' id='word_1_193' title='bbox 3081 1461 3191 1512; x_wconf 84' lang='grc' dir='ltr'><strong>τῶν</strong></span> <span class='ocrx_word' id='word_1_194' title='bbox 3230 1457 3516 1534; x_wconf 65' lang='grc' dir='ltr'>ἡμετέρων</span> <span class='ocrx_word' id='word_1_195' title='bbox 3549 1457 3762 1533; x_wconf 84' lang='grc' dir='ltr'>μελῶν,</span> <span class='ocrx_word' id='word_1_196' title='bbox 3793 1461 3894 1516; x_wconf 84' lang='grc' dir='ltr'>οἷον</span> 
     </span>
    </p>
   </div>
   <div class='ocr_carea' id='block_1_30' title="bbox 2259 1537 3897 1622">
    <p class='ocr_par' dir='ltr' id='par_1_30' title="bbox 2259 1537 3897 1622">
     <span class='ocr_line' id='line_1_30' title="bbox 2259 1537 3897 1622; baseline 0.006 -29"><span class='ocrx_word' id='word_1_197' title='bbox 2259 1537 2505 1616; x_wconf 46' lang='grc' dir='ltr'>κεφαλῆς</span> <span class='ocrx_word' id='word_1_198' title='bbox 2528 1540 2828 1621; x_wconf 69' lang='grc' dir='ltr'>ὀφθαλμῶν</span> <span class='ocrx_word' id='word_1_199' title='bbox 2846 1543 2938 1598; x_wconf 88' lang='grc' dir='ltr'><strong>καὶ</strong></span> <span class='ocrx_word' id='word_1_200' title='bbox 2958 1547 3065 1599; x_wconf 81' lang='grc' dir='ltr'><strong>τῶν</strong></span> <span class='ocrx_word' id='word_1_201' title='bbox 3099 1543 3332 1601; x_wconf 61' lang='grc' dir='ltr'>λοιπῶν</span> <span class='ocrx_word' id='word_1_202' title='bbox 3363 1545 3707 1622; x_wconf 85' lang='grc' dir='ltr'>τροπολογία</span> <span class='ocrx_word' id='word_1_203' title='bbox 3735 1545 3790 1603; x_wconf 71' lang='grc' dir='ltr'>δὶ</span> <span class='ocrx_word' id='word_1_204' title='bbox 3809 1548 3897 1603; x_wconf 78' lang='grc' dir='ltr'><strong>ἀπὸ</strong></span> 
     </span>
    </p>
   </div>
   <div class='ocr_carea' id='block_1_31' title="bbox 2259 1629 3899 1714">
    <p class='ocr_par' dir='ltr' id='par_1_31' title="bbox 2259 1629 3899 1714">
     <span class='ocr_line' id='line_1_31' title="bbox 2259 1629 3899 1714; baseline 0.01 -32"><span class='ocrx_word' id='word_1_205' title='bbox 2259 1631 2358 1682; x_wconf 73' lang='grc' dir='ltr'><strong>τοῦ</strong></span> <span class='ocrx_word' id='word_1_206' title='bbox 2385 1630 2677 1703; x_wconf 75' lang='grc' dir='ltr'>τρέπεσθαι</span> <span class='ocrx_word' id='word_1_207' title='bbox 2707 1629 2947 1706; x_wconf 83' lang='grc' dir='ltr'>λέγεται.</span> <span class='ocrx_word' id='word_1_208' title='bbox 2980 1634 3259 1699; x_wconf 73' lang='grc' dir='ltr'><strong>Ἐντεῦθεν</strong></span> <span class='ocrx_word' id='word_1_209' title='bbox 3293 1636 3396 1708; x_wconf 82' lang='grc' dir='ltr'><strong>ὅρα</strong></span> <span class='ocrx_word' id='word_1_210' title='bbox 3429 1658 3521 1711; x_wconf 88' lang='grc' dir='ltr'><strong>μοι</strong></span> <span class='ocrx_word' id='word_1_211' title='bbox 3568 1637 3668 1701; x_wconf 73' lang='grc' dir='ltr'>τὰς</span> <span class='ocrx_word' id='word_1_212' title='bbox 3699 1637 3899 1714; x_wconf 77' lang='grc' dir='ltr'>πράξεις</span> 
     </span>
    </p>
   </div>
   <div class='ocr_carea' id='block_1_32' title="bbox 2259 1735 2622 1777">
    <p class='ocr_par' dir='ltr' id='par_1_32' title="bbox 2259 1735 2622 1777">
     <span class='ocr_line' id='line_1_32' title="bbox 2259 1735 2622 1777; baseline 0.017 -7"><span class='ocrx_word' id='word_1_213' title='bbox 2259 1735 2368 1771; x_wconf 88' lang='grc' dir='ltr'><strong>των</strong></span> <span class='ocrx_word' id='word_1_214' title='bbox 2399 1737 2600 1774; x_wconf 84' lang='grc' dir='ltr'>κοιτων</span> <span class='ocrx_word' id='word_1_215' title='bbox 2609 1765 2622 1777; x_wconf 91' lang='grc'><strong>.</strong></span> 
     </span>
    </p>
   </div>
   <div class='ocr_carea' id='block_1_33' title="bbox 580 1917 2146 2026">
    <p class='ocr_par' dir='ltr' id='par_1_33' title="bbox 580 1944 2146 2019">
     <span class='ocr_line' id='line_1_33' title="bbox 580 1944 2146 2019; baseline 0.001 -19"><span class='ocrx_word' id='word_1_216' title='bbox 580 1944 680 2000; x_wconf 79' lang='lat'><strong>98</strong></span> <span class='ocrx_word' id='word_1_217' title='bbox 737 1945 1148 2000; x_wconf 81' lang='lat' dir='ltr'><strong>Necessarium</strong></span> <span class='ocrx_word' id='word_1_218' title='bbox 1207 1945 1346 2000; x_wconf 89' lang='lat' dir='ltr'><strong>duxi</strong></span> <span class='ocrx_word' id='word_1_219' title='bbox 1402 1945 1515 2000; x_wconf 87' lang='lat' dir='ltr'><strong>hoc</strong></span> <span class='ocrx_word' id='word_1_220' title='bbox 1571 1944 1700 2001; x_wconf 91' lang='lat' dir='ltr'><strong>loco</strong></span> <span class='ocrx_word' id='word_1_221' title='bbox 1739 1945 1811 2001; x_wconf 90' lang='lat' dir='ltr'><strong>de</strong></span> <span class='ocrx_word' id='word_1_222' title='bbox 1879 1945 2146 2019; x_wconf 85' lang='lat' dir='ltr'><strong>judicum</strong></span> 
     </span>
    </p>
   </div>
   <div class='ocr_carea' id='block_1_34' title="bbox 2255 1917 3898 2026">
    <p class='ocr_par' dir='ltr' id='par_1_34' title="bbox 2333 1943 3898 2026">
     <span class='ocr_line' id='line_1_34' title="bbox 2333 1943 3898 2026; baseline 0.005 -28"><span class='ocrx_word' id='word_1_223' title='bbox 2333 1944 2652 2021; x_wconf 84' lang='grc' dir='ltr'>Ἀναγκαῖον</span> <span class='ocrx_word' id='word_1_224' title='bbox 2684 1943 2742 2002; x_wconf 72' lang='grc' dir='ltr'>δὲ</span> <span class='ocrx_word' id='word_1_225' title='bbox 2779 1948 3110 2022; x_wconf 69' lang='grc' dir='ltr'>ἡγησάμεθα</span> <span class='ocrx_word' id='word_1_226' title='bbox 3173 1949 3264 2005; x_wconf 72' lang='grc' dir='ltr'><strong>καὶ</strong></span> <span class='ocrx_word' id='word_1_227' title='bbox 3322 1950 3448 2026; x_wconf 80' lang='grc' dir='ltr'>περὶ</span> <span class='ocrx_word' id='word_1_228' title='bbox 3504 1958 3610 2022; x_wconf 74' lang='grc' dir='ltr'><strong>τῆς</strong></span> <span class='ocrx_word' id='word_1_229' title='bbox 3655 1955 3764 2008; x_wconf 83' lang='grc' dir='ltr'><strong>τῶν</strong></span> <span class='ocrx_word' id='word_1_230' title='bbox 3795 1971 3898 2026; x_wconf 86' lang='grc' dir='ltr'>κρι-</span> 
     </span>
    </p>
   </div>
   <div class='ocr_carea' id='block_1_35' title="bbox 505 2035 2152 2109">
    <p class='ocr_par' dir='ltr' id='par_1_35' title="bbox 505 2035 2152 2109">
     <span class='ocr_line' id='line_1_35' title="bbox 505 2035 2152 2109; baseline 0.001 -18"><span class='ocrx_word' id='word_1_231' title='bbox 505 2035 920 2092; x_wconf 83' lang='lat' dir='ltr'><strong>Israelicorum</strong></span> <span class='ocrx_word' id='word_1_232' title='bbox 959 2035 1138 2092; x_wconf 89' lang='lat' dir='ltr'><strong>rebus</strong></span> <span class='ocrx_word' id='word_1_233' title='bbox 1163 2037 1344 2109; x_wconf 77' lang='lat' dir='ltr'><strong>gestis</strong></span> <span class='ocrx_word' id='word_1_234' title='bbox 1373 2035 1635 2093; x_wconf 87' lang='lat' dir='ltr'><strong>breviter</strong></span> <span class='ocrx_word' id='word_1_235' title='bbox 1663 2054 2152 2106; x_wconf 80' lang='lat' dir='ltr'><strong>commemorare,</strong></span> 
     </span>
    </p>
   </div>
   <div class='ocr_carea' id='block_1_36' title="bbox 509 2125 2153 2198">
    <p class='ocr_par' dir='ltr' id='par_1_36' title="bbox 509 2125 2153 2198">
     <span class='ocr_line' id='line_1_36' title="bbox 509 2125 2153 2198; baseline 0.002 -17"><span class='ocrx_word' id='word_1_236' title='bbox 509 2131 576 2181; x_wconf 87' lang='lat' dir='ltr'><strong>ut</strong></span> <span class='ocrx_word' id='word_1_237' title='bbox 605 2131 662 2180; x_wconf 90' lang='lat' dir='ltr'><strong>et</strong></span> <span class='ocrx_word' id='word_1_238' title='bbox 683 2125 898 2197; x_wconf 88' lang='lat' dir='ltr'><strong>quibus</strong></span> <span class='ocrx_word' id='word_1_239' title='bbox 929 2142 1013 2181; x_wconf 64' lang='lat' dir='ltr'><strong>ea:</strong></span> <span class='ocrx_word' id='word_1_240' title='bbox 1044 2125 1294 2198; x_wconf 71' lang='lat' dir='ltr'><strong>cognitae</strong></span> <span class='ocrx_word' id='word_1_241' title='bbox 1325 2132 1484 2195; x_wconf 88' lang='lat' dir='ltr'><strong>sunt,</strong></span> <span class='ocrx_word' id='word_1_242' title='bbox 1508 2126 1568 2180; x_wconf 90' lang='lat' dir='ltr'><strong>in</strong></span> <span class='ocrx_word' id='word_1_243' title='bbox 1605 2127 1952 2182; x_wconf 87' lang='lat' dir='ltr'><strong>memoriam</strong></span> <span class='ocrx_word' id='word_1_244' title='bbox 1991 2145 2153 2184; x_wconf 83' lang='lat' dir='ltr'><strong>revo-</strong></span> 
     </span>
    </p>
   </div>
   <div class='ocr_carea' id='block_1_37' title="bbox 508 2214 2150 2288">
    <p class='ocr_par' dir='ltr' id='par_1_37' title="bbox 508 2214 2150 2288">
     <span class='ocr_line' id='line_1_37' title="bbox 508 2214 2150 2288; baseline 0.001 -18"><span class='ocrx_word' id='word_1_245' title='bbox 508 2222 734 2279; x_wconf 89' lang='lat' dir='ltr'><strong>centur,</strong></span> <span class='ocrx_word' id='word_1_246' title='bbox 768 2222 828 2270; x_wconf 93' lang='lat' dir='ltr'><strong>et</strong></span> <span class='ocrx_word' id='word_1_247' title='bbox 857 2215 1072 2286; x_wconf 89' lang='lat' dir='ltr'><strong>quibus</strong></span> <span class='ocrx_word' id='word_1_248' title='bbox 1103 2216 1338 2288; x_wconf 57' lang='lat' dir='ltr'><strong>ignota,</strong></span> <span class='ocrx_word' id='word_1_249' title='bbox 1368 2214 1488 2270; x_wconf 91' lang='lat' dir='ltr'><strong>illis</strong></span> <span class='ocrx_word' id='word_1_250' title='bbox 1517 2216 1606 2272; x_wconf 85' lang='lat' dir='ltr'><strong>vel</strong></span> <span class='ocrx_word' id='word_1_251' title='bbox 1650 2233 1888 2288; x_wconf 87' lang='lat' dir='ltr'><strong>parvam</strong></span> <span class='ocrx_word' id='word_1_252' title='bbox 1947 2233 2150 2273; x_wconf 89' lang='lat' dir='ltr'><strong>earum</strong></span> 
     </span>
    </p>
   </div>
   <div class='ocr_carea' id='block_1_38' title="bbox 502 2305 1198 2377">
    <p class='ocr_par' dir='ltr' id='par_1_38' title="bbox 502 2305 1198 2377">
     <span class='ocr_line' id='line_1_38' title="bbox 502 2305 1198 2377; baseline 0.003 -18"><span class='ocrx_word' id='word_1_253' title='bbox 502 2307 774 2361; x_wconf 89' lang='lat' dir='ltr'><strong>notitiam</strong></span> <span class='ocrx_word' id='word_1_254' title='bbox 809 2305 1102 2377; x_wconf 72' lang='lat' dir='ltr'><strong>prmbeam</strong></span> <span class='ocrx_word' id='word_1_255' title='bbox 1113 2323 1198 2361; x_wconf 91' lang='lat' dir='ltr'><strong>us.</strong></span> 
     </span>
    </p>
   </div>
   <div class='ocr_carea' id='block_1_39' title="bbox 574 2395 2149 2468">
    <p class='ocr_par' dir='ltr' id='par_1_39' title="bbox 574 2395 2149 2468">
     <span class='ocr_line' id='line_1_39' title="bbox 574 2395 2149 2468; baseline 0.003 -20"><span class='ocrx_word' id='word_1_256' title='bbox 574 2396 800 2450; x_wconf 82' lang='lat' dir='ltr'><strong>Mortuo</strong></span> <span class='ocrx_word' id='word_1_257' title='bbox 838 2395 1035 2462; x_wconf 89' lang='lat' dir='ltr'><strong>Josua,</strong></span> <span class='ocrx_word' id='word_1_258' title='bbox 1087 2395 1357 2466; x_wconf 81' lang='lat' dir='ltr'><strong>quaedam</strong></span> <span class='ocrx_word' id='word_1_259' title='bbox 1417 2401 1624 2468; x_wconf 82' lang='lat' dir='ltr'><strong>gentes</strong></span> <span class='ocrx_word' id='word_1_260' title='bbox 1671 2395 1745 2452; x_wconf 87' lang='lat' dir='ltr'><strong>ad</strong></span> <span class='ocrx_word' id='word_1_261' title='bbox 1799 2395 2149 2452; x_wconf 84' lang='lat' dir='ltr'><strong>tentandum</strong></span> 
     </span>
    </p>
   </div>
   <div class='ocr_carea' id='block_1_40' title="bbox 501 2483 2149 2540">
    <p class='ocr_par' dir='ltr' id='par_1_40' title="bbox 501 2483 2149 2540">
     <span class='ocr_line' id='line_1_40' title="bbox 501 2483 2149 2540; baseline 0.002 -3"><span class='ocrx_word' id='word_1_262' title='bbox 501 2483 784 2538; x_wconf 89' lang='lat' dir='ltr'><strong>Israelem</strong></span> <span class='ocrx_word' id='word_1_263' title='bbox 815 2483 1040 2538; x_wconf 60' lang='lat' dir='ltr'><strong>relicta;</strong></span> <span class='ocrx_word' id='word_1_264' title='bbox 1063 2483 1321 2539; x_wconf 86' lang='lat' dir='ltr'><strong>fuerunt.</strong></span> <span class='ocrx_word' id='word_1_265' title='bbox 1357 2485 1732 2540; x_wconf 79' lang='lat' dir='ltr'><strong>Pramoverat</strong></span> <span class='ocrx_word' id='word_1_266' title='bbox 1776 2485 1936 2539; x_wconf 90' lang='lat' dir='ltr'><strong>enim</strong></span> <span class='ocrx_word' id='word_1_267' title='bbox 1994 2485 2149 2540; x_wconf 90' lang='lat' dir='ltr'><strong>Deus</strong></span> 
     </span>
    </p>
   </div>
   <div class='ocr_carea' id='block_1_41' title="bbox 506 2571 2150 2646">
    <p class='ocr_par' dir='ltr' id='par_1_41' title="bbox 506 2571 2150 2646">
     <span class='ocr_line' id='line_1_41' title="bbox 506 2571 2150 2646; baseline 0.002 -20"><span class='ocrx_word' id='word_1_268' title='bbox 506 2572 630 2628; x_wconf 86' lang='lat' dir='ltr'><strong>fore</strong></span> <span class='ocrx_word' id='word_1_269' title='bbox 669 2578 800 2628; x_wconf 90' lang='lat' dir='ltr'><strong>uta</strong></span> <span class='ocrx_word' id='word_1_270' title='bbox 833 2589 894 2627; x_wconf 89' lang='lat' dir='ltr'><strong>se</strong></span> <span class='ocrx_word' id='word_1_271' title='bbox 925 2571 1252 2628; x_wconf 82' lang='lat' dir='ltr'><strong>deﬁcerent</strong></span> <span class='ocrx_word' id='word_1_272' title='bbox 1293 2589 1361 2628; x_wconf 90' lang='lat' dir='ltr'><strong>ac</strong></span> <span class='ocrx_word' id='word_1_273' title='bbox 1414 2573 1595 2629; x_wconf 78' lang='lat' dir='ltr'><strong>falsos</strong></span> <span class='ocrx_word' id='word_1_274' title='bbox 1643 2573 1785 2630; x_wconf 88' lang='lat' dir='ltr'><strong>deos</strong></span> <span class='ocrx_word' id='word_1_275' title='bbox 1834 2573 2150 2646; x_wconf 88' lang='lat' dir='ltr'><strong>amplecte-</strong></span> 
     </span>
    </p>
   </div>
   <div class='ocr_carea' id='block_1_42' title="bbox 503 2661 2147 2736">
    <p class='ocr_par' dir='ltr' id='par_1_42' title="bbox 503 2661 2147 2736">
     <span class='ocr_line' id='line_1_42' title="bbox 503 2661 2147 2736; baseline 0.001 -20"><span class='ocrx_word' id='word_1_276' title='bbox 503 2665 712 2716; x_wconf 87' lang='lat' dir='ltr'><strong>rentur</strong></span> <span class='ocrx_word' id='word_1_277' title='bbox 745 2677 758 2716; x_wconf 90' lang='lat'><strong>:</strong></span> <span class='ocrx_word' id='word_1_278' title='bbox 789 2661 986 2732; x_wconf 90' lang='lat' dir='ltr'><strong>itaque</strong></span> <span class='ocrx_word' id='word_1_279' title='bbox 1019 2663 1192 2718; x_wconf 88' lang='lat' dir='ltr'><strong>eosin</strong></span> <span class='ocrx_word' id='word_1_280' title='bbox 1215 2661 1472 2718; x_wconf 88' lang='lat' dir='ltr'><strong>hostium</strong></span> <span class='ocrx_word' id='word_1_281' title='bbox 1490 2680 1732 2719; x_wconf 90' lang='lat' dir='ltr'><strong>suorum</strong></span> <span class='ocrx_word' id='word_1_282' title='bbox 1760 2664 2147 2736; x_wconf 90' lang='lat' dir='ltr'><strong>superstitum</strong></span> 
     </span>
    </p>
   </div>
   <div class='ocr_carea' id='block_1_43' title="bbox 502 2751 2148 2826">
    <p class='ocr_par' dir='ltr' id='par_1_43' title="bbox 502 2751 2148 2826">
     <span class='ocr_line' id='line_1_43' title="bbox 502 2751 2148 2826; baseline 0.003 -21"><span class='ocrx_word' id='word_1_283' title='bbox 502 2766 716 2806; x_wconf 91' lang='lat' dir='ltr'><strong>manus</strong></span> <span class='ocrx_word' id='word_1_284' title='bbox 774 2751 1018 2811; x_wconf 84' lang='lat' dir='ltr'><strong>dedidit,</strong></span> <span class='ocrx_word' id='word_1_285' title='bbox 1051 2751 1150 2823; x_wconf 91' lang='lat' dir='ltr'><strong>qui</strong></span> <span class='ocrx_word' id='word_1_286' title='bbox 1213 2769 1314 2808; x_wconf 91' lang='lat' dir='ltr'><strong>eos</strong></span> <span class='ocrx_word' id='word_1_287' title='bbox 1353 2759 1778 2824; x_wconf 86' lang='lat' dir='ltr'><strong>oppresserunt</strong></span> <span class='ocrx_word' id='word_1_288' title='bbox 1812 2770 1880 2810; x_wconf 89' lang='lat' dir='ltr'><strong>ac</strong></span> <span class='ocrx_word' id='word_1_289' title='bbox 1923 2755 2148 2826; x_wconf 87' lang='lat' dir='ltr'><strong>stipen-</strong></span> 
     </span>
    </p>
   </div>
   <div class='ocr_carea' id='block_1_44' title="bbox 501 2838 2150 2915">
    <p class='ocr_par' dir='ltr' id='par_1_44' title="bbox 501 2838 2150 2915">
     <span class='ocr_line' id='line_1_44' title="bbox 501 2838 2150 2915; baseline 0.003 -21"><span class='ocrx_word' id='word_1_290' title='bbox 501 2838 723 2895; x_wconf 91' lang='lat' dir='ltr'><strong>diarios</strong></span> <span class='ocrx_word' id='word_1_291' title='bbox 769 2839 1058 2896; x_wconf 82' lang='lat' dir='ltr'><strong>fecerunt.</strong></span> <span class='ocrx_word' id='word_1_292' title='bbox 1120 2841 1325 2896; x_wconf 71' lang='lat' dir='ltr'><strong>Tum”</strong></span> <span class='ocrx_word' id='word_1_293' title='bbox 1383 2841 1625 2915; x_wconf 82' lang='lat' dir='ltr'><strong>angelus</strong></span> <span class='ocrx_word' id='word_1_294' title='bbox 1657 2843 1757 2898; x_wconf 87' lang='lat' dir='ltr'><strong>Dei</strong></span> <span class='ocrx_word' id='word_1_295' title='bbox 1796 2843 1857 2898; x_wconf 88' lang='lat' dir='ltr'><strong>in</strong></span> <span class='ocrx_word' id='word_1_296' title='bbox 1916 2841 2150 2899; x_wconf 88' lang='lat' dir='ltr'><strong>conval-</strong></span> 
     </span>
    </p>
   </div>
   <div class='ocr_carea' id='block_1_45' title="bbox 499 2929 2144 3005">
    <p class='ocr_par' dir='ltr' id='par_1_45' title="bbox 499 2929 2144 3005">
     <span class='ocr_line' id='line_1_45' title="bbox 499 2929 2144 3005; baseline 0.001 -19"><span class='ocrx_word' id='word_1_297' title='bbox 499 2929 640 2996; x_wconf 92' lang='lat' dir='ltr'><strong>lem,</strong></span> <span class='ocrx_word' id='word_1_298' title='bbox 699 2931 762 2986; x_wconf 91' lang='lat' dir='ltr'><strong>in</strong></span> <span class='ocrx_word' id='word_1_299' title='bbox 811 2949 990 3004; x_wconf 87' lang='lat' dir='ltr'><strong>quam</strong></span> <span class='ocrx_word' id='word_1_300' title='bbox 1069 2933 1383 2988; x_wconf 89' lang='lat' dir='ltr'><strong>universus</strong></span> <span class='ocrx_word' id='word_1_301' title='bbox 1464 2933 1718 3005; x_wconf 89' lang='lat' dir='ltr'><strong>populus</strong></span> <span class='ocrx_word' id='word_1_302' title='bbox 1770 2937 2144 2999; x_wconf 83' lang='lat' dir='ltr'><strong>convenerat,</strong></span> 
     </span>
    </p>
   </div>
   <div class='ocr_carea' id='block_1_46' title="bbox 499 3019 2143 3094">
    <p class='ocr_par' dir='ltr' id='par_1_46' title="bbox 499 3019 2143 3094">
     <span class='ocr_line' id='line_1_46' title="bbox 499 3019 2143 3094; baseline -0.001 -18"><span class='ocrx_word' id='word_1_303' title='bbox 499 3019 829 3090; x_wconf 87' lang='lat' dir='ltr'><strong>descendit,</strong></span> <span class='ocrx_word' id='word_1_304' title='bbox 873 3021 1046 3092; x_wconf 90' lang='lat' dir='ltr'><strong>eique</strong></span> <span class='ocrx_word' id='word_1_305' title='bbox 1087 3038 1254 3076; x_wconf 90' lang='lat' dir='ltr'><strong>suam</strong></span> <span class='ocrx_word' id='word_1_306' title='bbox 1313 3021 1706 3078; x_wconf 86' lang='lat' dir='ltr'><strong>defectionem</strong></span> <span class='ocrx_word' id='word_1_307' title='bbox 1750 3022 2143 3094; x_wconf 87' lang='lat' dir='ltr'><strong>exprobravit,</strong></span> 
     </span>
    </p>
   </div>
   <div class='ocr_carea' id='block_1_47' title="bbox 499 3109 2147 3168">
    <p class='ocr_par' dir='ltr' id='par_1_47' title="bbox 499 3109 2147 3168">
     <span class='ocr_line' id='line_1_47' title="bbox 499 3109 2147 3168; baseline 0.001 -4"><span class='ocrx_word' id='word_1_308' title='bbox 499 3109 772 3166; x_wconf 86' lang='lat' dir='ltr'><strong>indicans</strong></span> <span class='ocrx_word' id='word_1_309' title='bbox 825 3127 960 3166; x_wconf 89' lang='lat' dir='ltr'><strong>eam</strong></span> <span class='ocrx_word' id='word_1_310' title='bbox 1017 3111 1198 3167; x_wconf 87' lang='lat' dir='ltr'><strong>fuisse</strong></span> <span class='ocrx_word' id='word_1_311' title='bbox 1247 3128 1484 3167; x_wconf 91' lang='lat' dir='ltr'><strong>causam</strong></span> <span class='ocrx_word' id='word_1_312' title='bbox 1533 3129 1639 3168; x_wconf 92' lang='lat' dir='ltr'><strong>cur</strong></span> <span class='ocrx_word' id='word_1_313' title='bbox 1666 3111 1936 3168; x_wconf 89' lang='lat' dir='ltr'><strong>barbaris</strong></span> <span class='ocrx_word' id='word_1_314' title='bbox 1965 3111 2147 3167; x_wconf 90' lang='lat' dir='ltr'><strong>dede-</strong></span> 
     </span>
    </p>
   </div>
   <div class='ocr_carea' id='block_1_48' title="bbox 499 3199 2143 3274">
    <p class='ocr_par' dir='ltr' id='par_1_48' title="bbox 499 3199 2143 3274">
     <span class='ocr_line' id='line_1_48' title="bbox 499 3199 2143 3274; baseline -0.001 -19"><span class='ocrx_word' id='word_1_315' title='bbox 499 3207 726 3257; x_wconf 87' lang='lat' dir='ltr'><strong>rentur.</strong></span> <span class='ocrx_word' id='word_1_316' title='bbox 771 3200 998 3256; x_wconf 87' lang='lat' dir='ltr'><strong>Fletum</strong></span> <span class='ocrx_word' id='word_1_317' title='bbox 1059 3200 1139 3254; x_wconf 90' lang='lat' dir='ltr'><strong>ibi</strong></span> <span class='ocrx_word' id='word_1_318' title='bbox 1189 3200 1500 3256; x_wconf 85' lang='lat' dir='ltr'><strong>universus</strong></span> <span class='ocrx_word' id='word_1_319' title='bbox 1575 3201 1830 3274; x_wconf 88' lang='lat' dir='ltr'><strong>populus</strong></span> <span class='ocrx_word' id='word_1_320' title='bbox 1881 3199 2143 3267; x_wconf 87' lang='lat' dir='ltr'><strong>sustulit,</strong></span> 
     </span>
    </p>
   </div>
   <div class='ocr_carea' id='block_1_49' title="bbox 2259 2034 3898 2116">
    <p class='ocr_par' dir='ltr' id='par_1_49' title="bbox 2259 2034 3898 2116">
     <span class='ocr_line' id='line_1_49' title="bbox 2259 2034 3898 2116; baseline 0.002 -25"><span class='ocrx_word' id='word_1_321' title='bbox 2259 2041 2368 2092; x_wconf 82' lang='grc' dir='ltr'><strong>τῶν</strong></span> <span class='ocrx_word' id='word_1_322' title='bbox 2400 2039 2496 2090; x_wconf 77' lang='grc' dir='ltr'><strong>τοῦ</strong></span> <span class='ocrx_word' id='word_1_323' title='bbox 2527 2034 2748 2110; x_wconf 79' lang='grc' dir='ltr'>Ἰσραήλ</span> <span class='ocrx_word' id='word_1_324' title='bbox 2787 2037 3031 2110; x_wconf 73' lang='grc' dir='ltr'>πράξεως</span> <span class='ocrx_word' id='word_1_325' title='bbox 3087 2035 3138 2094; x_wconf 80' lang='grc' dir='ltr'>ἐν</span> <span class='ocrx_word' id='word_1_326' title='bbox 3197 2039 3396 2114; x_wconf 87' lang='grc' dir='ltr'>βραχεῖ</span> <span class='ocrx_word' id='word_1_327' title='bbox 3445 2040 3898 2116; x_wconf 71' lang='grc' dir='ltr'><strong>ἐπισημήνασθαι,</strong></span> 
     </span>
    </p>
   </div>
   <div class='ocr_carea' id='block_1_50' title="bbox 2260 2122 3896 2209">
    <p class='ocr_par' dir='ltr' id='par_1_50' title="bbox 2260 2122 3896 2209">
     <span class='ocr_line' id='line_1_50' title="bbox 2260 2122 3896 2209; baseline 0.005 -29"><span class='ocrx_word' id='word_1_328' title='bbox 2260 2122 2349 2180; x_wconf 69' lang='grc' dir='ltr'><strong>ἴνα</strong></span> <span class='ocrx_word' id='word_1_329' title='bbox 2403 2126 2531 2186; x_wconf 81' lang='grc' dir='ltr'>τοὺς</span> <span class='ocrx_word' id='word_1_330' title='bbox 2592 2126 2686 2198; x_wconf 77' lang='grc' dir='ltr'>μὲν</span> <span class='ocrx_word' id='word_1_331' title='bbox 2744 2124 2957 2191; x_wconf 81' lang='grc' dir='ltr'>εἰδότας</span> <span class='ocrx_word' id='word_1_332' title='bbox 3013 2127 3090 2192; x_wconf 80' lang='grc' dir='ltr'><strong>εἰς</strong></span> <span class='ocrx_word' id='word_1_333' title='bbox 3147 2129 3445 2202; x_wconf 78' lang='grc' dir='ltr'>ἀνάμνησιν</span> <span class='ocrx_word' id='word_1_334' title='bbox 3534 2131 3896 2209; x_wconf 67' lang='grc' dir='ltr'>ἀναγάγωμεν,</span> 
     </span>
    </p>
   </div>
   <div class='ocr_carea' id='block_1_51' title="bbox 2258 2211 3895 2296">
    <p class='ocr_par' dir='ltr' id='par_1_51' title="bbox 2258 2211 3895 2296">
     <span class='ocr_line' id='line_1_51' title="bbox 2258 2211 3895 2296; baseline 0.002 -26"><span class='ocrx_word' id='word_1_335' title='bbox 2258 2219 2375 2278; x_wconf 78' lang='grc' dir='ltr'>τοῖς</span> <span class='ocrx_word' id='word_1_336' title='bbox 2406 2211 2463 2269; x_wconf 78' lang='grc' dir='ltr'>δὲ</span> <span class='ocrx_word' id='word_1_337' title='bbox 2489 2215 2741 2290; x_wconf 77' lang='grc' dir='ltr'>ἀγνοοῦσι</span> <span class='ocrx_word' id='word_1_338' title='bbox 2777 2217 2972 2292; x_wconf 86' lang='grc' dir='ltr'>μικράν</span> <span class='ocrx_word' id='word_1_339' title='bbox 3001 2237 3122 2272; x_wconf 87' lang='grc' dir='ltr'>τινα</span> <span class='ocrx_word' id='word_1_340' title='bbox 3181 2215 3390 2290; x_wconf 65' lang='grc' dir='ltr'>εἴδησιν</span> <span class='ocrx_word' id='word_1_341' title='bbox 3447 2219 3690 2278; x_wconf 76' lang='grc' dir='ltr'>ἐντεῦθεν</span> <span class='ocrx_word' id='word_1_342' title='bbox 3740 2221 3895 2296; x_wconf 81' lang='grc' dir='ltr'>παρὰ-</span> 
     </span>
    </p>
   </div>
   <div class='ocr_carea' id='block_1_52' title="bbox 2257 2321 2506 2378">
    <p class='ocr_par' dir='ltr' id='par_1_52' title="bbox 2257 2321 2506 2378">
     <span class='ocr_line' id='line_1_52' title="bbox 2257 2321 2506 2378; baseline 0 -23"><span class='ocrx_word' id='word_1_343' title='bbox 2257 2321 2506 2378; x_wconf 79' lang='grc' dir='ltr'>σγωμεν.</span> 
     </span>
    </p>
   </div>
   <div class='ocr_carea' id='block_1_53' title="bbox 2328 2390 3898 2475">
    <p class='ocr_par' dir='ltr' id='par_1_53' title="bbox 2328 2390 3898 2475">
     <span class='ocr_line' id='line_1_53' title="bbox 2328 2390 3898 2475; baseline 0.008 -29"><span class='ocrx_word' id='word_1_344' title='bbox 2328 2391 2476 2446; x_wconf 77' lang='grc' dir='ltr'><strong>Μετᾶ</strong></span> <span class='ocrx_word' id='word_1_345' title='bbox 2531 2390 2788 2460; x_wconf 74' lang='grc' dir='ltr'>τελευτήν</span> <span class='ocrx_word' id='word_1_346' title='bbox 2849 2393 3036 2464; x_wconf 84' lang='grc' dir='ltr'><strong>Ἰησοῦ</strong></span> <span class='ocrx_word' id='word_1_347' title='bbox 3109 2392 3533 2475; x_wconf 75' lang='grc' dir='ltr'>κατελείφθησαν</span> <span class='ocrx_word' id='word_1_348' title='bbox 3596 2395 3722 2466; x_wconf 78' lang='grc' dir='ltr'>ἔθνη</span> <span class='ocrx_word' id='word_1_349' title='bbox 3779 2397 3898 2472; x_wconf 80' lang='grc' dir='ltr'>πρὸς</span> 
     </span>
    </p>
   </div>
   <div class='ocr_carea' id='block_1_54' title="bbox 2256 2479 3894 2563">
    <p class='ocr_par' dir='ltr' id='par_1_54' title="bbox 2256 2479 3894 2563">
     <span class='ocr_line' id='line_1_54' title="bbox 2256 2479 3894 2563; baseline 0.001 -27"><span class='ocrx_word' id='word_1_350' title='bbox 2256 2479 2319 2536; x_wconf 85' lang='grc' dir='ltr'>τὸ</span> <span class='ocrx_word' id='word_1_351' title='bbox 2380 2480 2633 2555; x_wconf 78' lang='grc' dir='ltr'>πειράσαι</span> <span class='ocrx_word' id='word_1_352' title='bbox 2685 2481 2776 2537; x_wconf 85' lang='grc' dir='ltr'><strong>τὸν</strong></span> <span class='ocrx_word' id='word_1_353' title='bbox 2838 2481 3085 2558; x_wconf 75' lang='grc' dir='ltr'>Ἰσραήλ·</span> <span class='ocrx_word' id='word_1_354' title='bbox 3150 2484 3266 2556; x_wconf 74' lang='grc' dir='ltr'>θείᾳ</span> <span class='ocrx_word' id='word_1_355' title='bbox 3349 2485 3455 2562; x_wconf 78' lang='grc' dir='ltr'><strong>γὰρ</strong></span> <span class='ocrx_word' id='word_1_356' title='bbox 3515 2485 3822 2563; x_wconf 80' lang='grc' dir='ltr'>προγνώσει</span> <span class='ocrx_word' id='word_1_357' title='bbox 3871 2485 3894 2538; x_wconf 86' lang='grc' dir='ltr'>ὁ</span> 
     </span>
    </p>
   </div>
   <div class='ocr_carea' id='block_1_55' title="bbox 2255 2567 3894 2652">
    <p class='ocr_par' dir='ltr' id='par_1_55' title="bbox 2255 2567 3894 2652">
     <span class='ocr_line' id='line_1_55' title="bbox 2255 2567 3894 2652; baseline 0.002 -26"><span class='ocrx_word' id='word_1_358' title='bbox 2255 2571 2384 2633; x_wconf 81' lang='grc' dir='ltr'>Θεὸς</span> <span class='ocrx_word' id='word_1_359' title='bbox 2416 2567 2525 2640; x_wconf 77' lang='grc' dir='ltr'>ἤδη</span> <span class='ocrx_word' id='word_1_360' title='bbox 2556 2572 2656 2641; x_wconf 71' lang='grc' dir='ltr'>τὴν</span> <span class='ocrx_word' id='word_1_361' title='bbox 2689 2571 3020 2628; x_wconf 71' lang='grc' dir='ltr'>ἀποστασίαν</span> <span class='ocrx_word' id='word_1_362' title='bbox 3051 2572 3254 2640; x_wconf 77' lang='grc' dir='ltr'>αὐτῶν,</span> <span class='ocrx_word' id='word_1_363' title='bbox 3305 2573 3390 2630; x_wconf 78' lang='grc' dir='ltr'><strong>ὅτι</strong></span> <span class='ocrx_word' id='word_1_364' title='bbox 3439 2579 3894 2652; x_wconf 68' lang='grc' dir='ltr'>προστεθησονται</span> 
     </span>
    </p>
   </div>
   <div class='ocr_carea' id='block_1_56' title="bbox 2251 2657 3892 2742">
    <p class='ocr_par' dir='ltr' id='par_1_56' title="bbox 2251 2657 3892 2742">
     <span class='ocr_line' id='line_1_56' title="bbox 2251 2657 3892 2742; baseline 0.002 -28"><span class='ocrx_word' id='word_1_365' title='bbox 2251 2665 2368 2723; x_wconf 86' lang='grc' dir='ltr'>τοῖς</span> <span class='ocrx_word' id='word_1_366' title='bbox 2401 2657 2796 2728; x_wconf 83' lang='grc' dir='ltr'>είδώλοις,καί</span> <span class='ocrx_word' id='word_1_367' title='bbox 2863 2657 3076 2733; x_wconf 78' lang='grc' dir='ltr'>ἐξέδοτο</span> <span class='ocrx_word' id='word_1_368' title='bbox 3143 2661 3342 2726; x_wconf 76' lang='grc' dir='ltr'>αὐτοὺς</span> <span class='ocrx_word' id='word_1_369' title='bbox 3388 2663 3464 2727; x_wconf 83' lang='grc' dir='ltr'><strong>είς</strong></span> <span class='ocrx_word' id='word_1_370' title='bbox 3523 2671 3721 2742; x_wconf 82' lang='grc' dir='ltr'>χεῖρας</span> <span class='ocrx_word' id='word_1_371' title='bbox 3795 2669 3892 2720; x_wconf 80' lang='grc' dir='ltr'>τῶν</span> 
     </span>
    </p>
   </div>
   <div class='ocr_carea' id='block_1_57' title="bbox 2253 2746 3890 2828">
    <p class='ocr_par' dir='ltr' id='par_1_57' title="bbox 2253 2746 3890 2828">
     <span class='ocr_line' id='line_1_57' title="bbox 2253 2746 3890 2828; baseline 0.002 -26"><span class='ocrx_word' id='word_1_372' title='bbox 2253 2746 2468 2824; x_wconf 74' lang='grc' dir='ltr'>ἐχθρῶν</span> <span class='ocrx_word' id='word_1_373' title='bbox 2524 2747 2702 2804; x_wconf 80' lang='grc' dir='ltr'>αὐτῶν</span> <span class='ocrx_word' id='word_1_374' title='bbox 2756 2753 2866 2805; x_wconf 83' lang='grc' dir='ltr'><strong>τῶν</strong></span> <span class='ocrx_word' id='word_1_375' title='bbox 2919 2747 3410 2828; x_wconf 66' lang='grc' dir='ltr'>καταλειφθέντων,</span> <span class='ocrx_word' id='word_1_376' title='bbox 3467 2753 3560 2808; x_wconf 79' lang='grc' dir='ltr'>καὶ</span> <span class='ocrx_word' id='word_1_377' title='bbox 3619 2751 3890 2810; x_wconf 81' lang='grc' dir='ltr'>ἐταπείνω-</span> 
     </span>
    </p>
   </div>
   <div class='ocr_carea' id='block_1_58' title="bbox 2253 2837 3896 2922">
    <p class='ocr_par' dir='ltr' id='par_1_58' title="bbox 2253 2837 3896 2922">
     <span class='ocr_line' id='line_1_58' title="bbox 2253 2837 3896 2922; baseline 0.006 -30"><span class='ocrx_word' id='word_1_378' title='bbox 2253 2857 2348 2892; x_wconf 89' lang='grc' dir='ltr'><strong>σαν</strong></span> <span class='ocrx_word' id='word_1_379' title='bbox 2399 2839 2486 2894; x_wconf 85' lang='grc' dir='ltr'><strong>καὶ</strong></span> <span class='ocrx_word' id='word_1_380' title='bbox 2549 2837 2916 2915; x_wconf 67' lang='grc' dir='ltr'>ἐφορολόγουν</span> <span class='ocrx_word' id='word_1_381' title='bbox 2973 2839 3192 2904; x_wconf 71' lang='grc' dir='ltr'>αὐτοὺς.</span> <span class='ocrx_word' id='word_1_382' title='bbox 3255 2839 3503 2911; x_wconf 66' lang='grc' dir='ltr'>Κατ-ἦλθε</span> <span class='ocrx_word' id='word_1_383' title='bbox 3562 2841 3622 2900; x_wconf 76' lang='grc' dir='ltr'>δὲ</span> <span class='ocrx_word' id='word_1_384' title='bbox 3679 2839 3896 2922; x_wconf 77' lang='grc' dir='ltr'>ἄγγελος</span> 
     </span>
    </p>
   </div>
   <div class='ocr_carea' id='block_1_59' title="bbox 2253 2926 3893 3006">
    <p class='ocr_par' dir='ltr' id='par_1_59' title="bbox 2253 2926 3893 3006">
     <span class='ocr_line' id='line_1_59' title="bbox 2253 2926 3893 3006; baseline 0.002 -24"><span class='ocrx_word' id='word_1_385' title='bbox 2253 2926 2451 3002; x_wconf 81' lang='grc' dir='ltr'>Κυρίου</span> <span class='ocrx_word' id='word_1_386' title='bbox 2483 2927 2560 2990; x_wconf 82' lang='grc' dir='ltr'><strong>είς</strong></span> <span class='ocrx_word' id='word_1_387' title='bbox 2589 2929 2690 2997; x_wconf 79' lang='grc' dir='ltr'><strong>τήν</strong></span> <span class='ocrx_word' id='word_1_388' title='bbox 2743 2926 2978 2984; x_wconf 85' lang='grc' dir='ltr'>κοιλάδα</span> <span class='ocrx_word' id='word_1_389' title='bbox 3033 2929 3122 2984; x_wconf 79' lang='grc' dir='ltr'><strong>ναὶ</strong></span> <span class='ocrx_word' id='word_1_390' title='bbox 3182 2934 3286 2994; x_wconf 77' lang='grc' dir='ltr'><strong>πᾶς</strong></span> <span class='ocrx_word' id='word_1_391' title='bbox 3327 2931 3576 3006; x_wconf 74' lang='grc' dir='ltr'>ἰσρατςλο</span> <span class='ocrx_word' id='word_1_392' title='bbox 3609 2931 3702 2988; x_wconf 73' lang='grc' dir='ltr'><strong>καῖ</strong></span> <span class='ocrx_word' id='word_1_393' title='bbox 3738 2930 3893 3003; x_wconf 76' lang='grc' dir='ltr'>ἤλεγ-</span> 
     </span>
    </p>
   </div>
   <div class='ocr_carea' id='block_1_60' title="bbox 2254 3015 3874 3092">
    <p class='ocr_par' dir='ltr' id='par_1_60' title="bbox 2254 3015 3874 3092">
     <span class='ocr_line' id='line_1_60' title="bbox 2254 3015 3874 3092; baseline 0.001 -21"><span class='ocrx_word' id='word_1_394' title='bbox 2254 3015 2335 3086; x_wconf 82' lang='grc' dir='ltr'>ξεν</span> <span class='ocrx_word' id='word_1_395' title='bbox 2359 3015 2556 3080; x_wconf 79' lang='grc' dir='ltr'>αὐτοὺς</span> <span class='ocrx_word' id='word_1_396' title='bbox 2605 3017 2634 3071; x_wconf 79' lang='grc' dir='ltr'>ὁ</span> <span class='ocrx_word' id='word_1_397' title='bbox 2692 3015 2922 3091; x_wconf 79' lang='grc' dir='ltr'>ἃγγελος</span> <span class='ocrx_word' id='word_1_398' title='bbox 2981 3017 3105 3092; x_wconf 84' lang='grc' dir='ltr'>περὶ</span> <span class='ocrx_word' id='word_1_399' title='bbox 3159 3023 3261 3088; x_wconf 74' lang='grc' dir='ltr'><strong>τῆς</strong></span> <span class='ocrx_word' id='word_1_400' title='bbox 3318 3017 3654 3083; x_wconf 79' lang='grc' dir='ltr'>ἁποστασίας</span> <span class='ocrx_word' id='word_1_401' title='bbox 3714 3019 3874 3076; x_wconf 80' lang='grc' dir='ltr'>αὐτῶν</span> 
     </span>
    </p>
   </div>
   <div class='ocr_carea' id='block_1_61' title="bbox 2253 3103 3894 3181">
    <p class='ocr_par' dir='ltr' id='par_1_61' title="bbox 2253 3103 3894 3181">
     <span class='ocr_line' id='line_1_61' title="bbox 2253 3103 3894 3181; baseline -0.001 -20"><span class='ocrx_word' id='word_1_402' title='bbox 2253 3105 2344 3161; x_wconf 84' lang='grc' dir='ltr'><strong>καὶ</strong></span> <span class='ocrx_word' id='word_1_403' title='bbox 2405 3105 2487 3162; x_wconf 73' lang='grc' dir='ltr'><strong>ὅτι</strong></span> <span class='ocrx_word' id='word_1_404' title='bbox 2565 3103 2656 3161; x_wconf 73' lang='grc' dir='ltr'><strong>διὰ</strong></span> <span class='ocrx_word' id='word_1_405' title='bbox 2717 3110 2880 3162; x_wconf 82' lang='grc' dir='ltr'>τοῦτο</span> <span class='ocrx_word' id='word_1_406' title='bbox 2937 3103 3312 3181; x_wconf 79' lang='grc' dir='ltr'>παρεδόθησαν</span> <span class='ocrx_word' id='word_1_407' title='bbox 3372 3115 3490 3172; x_wconf 87' lang='grc' dir='ltr'>τοῖς</span> <span class='ocrx_word' id='word_1_408' title='bbox 3543 3103 3740 3176; x_wconf 70' lang='grc' dir='ltr'>ἔθνεσι.</span> <span class='ocrx_word' id='word_1_409' title='bbox 3804 3107 3894 3166; x_wconf 81' lang='grc' dir='ltr'>Καὶ</span> 
     </span>
    </p>
   </div>
   <div class='ocr_carea' id='block_1_62' title="bbox 2255 3191 3894 3276">
    <p class='ocr_par' dir='ltr' id='par_1_62' title="bbox 2255 3191 3894 3276">
     <span class='ocr_line' id='line_1_62' title="bbox 2255 3191 3894 3276; baseline -0.001 -26"><span class='ocrx_word' id='word_1_410' title='bbox 2255 3191 2488 3250; x_wconf 72' lang='grc' dir='ltr'>ἔνλαυσε</span> <span class='ocrx_word' id='word_1_411' title='bbox 2544 3199 2648 3256; x_wconf 83' lang='grc' dir='ltr'><strong>πᾶς</strong></span> <span class='ocrx_word' id='word_1_412' title='bbox 2705 3195 2734 3250; x_wconf 78' lang='grc' dir='ltr'>ὁ</span> <span class='ocrx_word' id='word_1_413' title='bbox 2794 3191 2946 3262; x_wconf 86' lang='grc' dir='ltr'>λαὸς,</span> <span class='ocrx_word' id='word_1_414' title='bbox 3016 3196 3336 3269; x_wconf 76' lang='grc' dir='ltr'>μνησθέντες</span> <span class='ocrx_word' id='word_1_415' title='bbox 3419 3203 3526 3254; x_wconf 80' lang='grc' dir='ltr'><strong>τῶν</strong></span> <span class='ocrx_word' id='word_1_416' title='bbox 3591 3199 3894 3276; x_wconf 77' lang='grc' dir='ltr'>εὐεργεσιῶν</span> 
     </span>
    </p>
   </div>
   <div class='ocr_carea' id='block_1_63' title="bbox 497 3268 2146 3362">
    <p class='ocr_par' dir='ltr' id='par_1_63' title="bbox 497 3289 2146 3362">
     <span class='ocr_line' id='line_1_63' title="bbox 497 3289 2146 3362; baseline -0.001 -17"><span class='ocrx_word' id='word_1_417' title='bbox 497 3289 732 3345; x_wconf 91' lang='lat' dir='ltr'><strong>Domini</strong></span> <span class='ocrx_word' id='word_1_418' title='bbox 760 3289 1186 3345; x_wconf 86' lang='lat' dir='ltr'><strong>beneficiorum</strong></span> <span class='ocrx_word' id='word_1_419' title='bbox 1219 3295 1278 3345; x_wconf 91' lang='lat' dir='ltr'><strong>et</strong></span> <span class='ocrx_word' id='word_1_420' title='bbox 1305 3290 1616 3362; x_wconf 77' lang='lat' dir='ltr'><strong>pra-sentis</strong></span> <span class='ocrx_word' id='word_1_421' title='bbox 1640 3291 1892 3346; x_wconf 67' lang='lat' dir='ltr'><strong>miseriae</strong></span> <span class='ocrx_word' id='word_1_422' title='bbox 1919 3306 2146 3345; x_wconf 89' lang='lat' dir='ltr'><strong>memo-</strong></span> 
     </span>
    </p>
   </div>
   <div class='ocr_carea' id='block_1_64' title="bbox 2255 3268 3894 3362">
    <p class='ocr_par' dir='ltr' id='par_1_64' title="bbox 2261 3283 3894 3360">
     <span class='ocr_line' id='line_1_64' title="bbox 2261 3283 3894 3360; baseline 0.003 -18"><span class='ocrx_word' id='word_1_423' title='bbox 2261 3285 2465 3360; x_wconf 79' lang='grc' dir='ltr'>Κυρίου</span> <span class='ocrx_word' id='word_1_424' title='bbox 2495 3284 2584 3340; x_wconf 81' lang='grc' dir='ltr'>καῖ</span> <span class='ocrx_word' id='word_1_425' title='bbox 2625 3291 2724 3354; x_wconf 77' lang='grc' dir='ltr'><strong>τῆς</strong></span> <span class='ocrx_word' id='word_1_426' title='bbox 2757 3283 3109 3356; x_wconf 74' lang='grc' dir='ltr'>ἐνισταμένης</span> <span class='ocrx_word' id='word_1_427' title='bbox 3159 3287 3451 3350; x_wconf 85' lang='grc' dir='ltr'>κακώσεως</span> <span class='ocrx_word' id='word_1_428' title='bbox 3507 3287 3710 3346; x_wconf 75' lang='grc' dir='ltr'>αὐτῶν.</span> <span class='ocrx_word' id='word_1_429' title='bbox 3753 3287 3894 3346; x_wconf 77' lang='grc' dir='ltr'>Ὅθεν</span> 
     </span>
    </p>
   </div>
   <div class='ocr_carea' id='block_1_65' title="bbox 503 3378 2141 3450">
    <p class='ocr_par' dir='ltr' id='par_1_65' title="bbox 503 3378 2141 3450">
     <span class='ocr_line' id='line_1_65' title="bbox 503 3378 2141 3450; baseline 0.001 -16"><span class='ocrx_word' id='word_1_430' title='bbox 503 3378 608 3434; x_wconf 90' lang='lat' dir='ltr'><strong>ria.</strong></span> <span class='ocrx_word' id='word_1_431' title='bbox 641 3380 846 3450; x_wconf 85' lang='lat' dir='ltr'><strong>Itaque</strong></span> <span class='ocrx_word' id='word_1_432' title='bbox 879 3380 930 3434; x_wconf 88' lang='lat' dir='ltr'><strong>ei</strong></span> <span class='ocrx_word' id='word_1_433' title='bbox 971 3379 1100 3436; x_wconf 89' lang='lat' dir='ltr'><strong>loco</strong></span> <span class='ocrx_word' id='word_1_434' title='bbox 1155 3397 1372 3435; x_wconf 88' lang='lat' dir='ltr'><strong>nomen</strong></span> <span class='ocrx_word' id='word_1_435' title='bbox 1407 3380 1586 3436; x_wconf 85' lang='lat' dir='ltr'><strong>Vallis</strong></span> <span class='ocrx_word' id='word_1_436' title='bbox 1640 3381 1814 3437; x_wconf 88' lang='lat' dir='ltr'><strong>ﬂetus</strong></span> <span class='ocrx_word' id='word_1_437' title='bbox 1863 3381 2141 3435; x_wconf 89' lang='lat' dir='ltr'><strong>inditum.</strong></span> 
     </span>
    </p>
   </div>
   <div class='ocr_carea' id='block_1_66' title="bbox 499 3469 2144 3544">
    <p class='ocr_par' dir='ltr' id='par_1_66' title="bbox 499 3469 2144 3544">
     <span class='ocr_line' id='line_1_66' title="bbox 499 3469 2144 3544; baseline -0.001 -21"><span class='ocrx_word' id='word_1_438' title='bbox 499 3469 666 3534; x_wconf 90' lang='lat' dir='ltr'><strong>Quod</strong></span> <span class='ocrx_word' id='word_1_439' title='bbox 694 3469 851 3524; x_wconf 90' lang='lat' dir='ltr'><strong>enim</strong></span> <span class='ocrx_word' id='word_1_440' title='bbox 885 3469 1195 3526; x_wconf 88' lang='lat' dir='ltr'><strong>Israelicus</strong></span> <span class='ocrx_word' id='word_1_441' title='bbox 1225 3471 1476 3542; x_wconf 89' lang='lat' dir='ltr'><strong>p0pulus</strong></span> <span class='ocrx_word' id='word_1_442' title='bbox 1520 3477 1726 3544; x_wconf 77' lang='lat' dir='ltr'><strong>gentes</strong></span> <span class='ocrx_word' id='word_1_443' title='bbox 1763 3487 1910 3541; x_wconf 87' lang='lat' dir='ltr'><strong>quas</strong></span> <span class='ocrx_word' id='word_1_444' title='bbox 1958 3469 2144 3526; x_wconf 90' lang='lat' dir='ltr'><strong>deleri</strong></span> 
     </span>
    </p>
   </div>
   <div class='ocr_carea' id='block_1_67' title="bbox 489 3557 2147 3632">
    <p class='ocr_par' dir='ltr' id='par_1_67' title="bbox 489 3557 2147 3632">
     <span class='ocr_line' id='line_1_67' title="bbox 489 3557 2147 3632; baseline 0 -20"><span class='ocrx_word' id='word_1_445' title='bbox 489 3559 756 3629; x_wconf 85' lang='lat' dir='ltr'><strong>jusserat</strong></span> <span class='ocrx_word' id='word_1_446' title='bbox 783 3559 937 3614; x_wconf 87' lang='lat' dir='ltr'><strong>Deus</strong></span> <span class='ocrx_word' id='word_1_447' title='bbox 967 3575 1089 3614; x_wconf 90' lang='lat' dir='ltr'><strong>non</strong></span> <span class='ocrx_word' id='word_1_448' title='bbox 1117 3559 1437 3629; x_wconf 84' lang='lat' dir='ltr'><strong>exciderat,</strong></span> <span class='ocrx_word' id='word_1_449' title='bbox 1470 3561 1575 3616; x_wconf 89' lang='lat' dir='ltr'><strong>sed</strong></span> <span class='ocrx_word' id='word_1_450' title='bbox 1603 3577 1784 3632; x_wconf 91' lang='lat' dir='ltr'><strong>opera</strong></span> <span class='ocrx_word' id='word_1_451' title='bbox 1815 3575 2023 3615; x_wconf 89' lang='lat' dir='ltr'><strong>eorum</strong></span> <span class='ocrx_word' id='word_1_452' title='bbox 2054 3557 2147 3612; x_wconf 88' lang='lat' dir='ltr'><strong>di-</strong></span> 
     </span>
    </p>
   </div>
   <div class='ocr_carea' id='block_1_68' title="bbox 499 3647 2142 3723">
    <p class='ocr_par' dir='ltr' id='par_1_68' title="bbox 499 3647 2142 3723">
     <span class='ocr_line' id='line_1_68' title="bbox 499 3647 2142 3723; baseline -0.001 -20"><span class='ocrx_word' id='word_1_453' title='bbox 499 3647 840 3716; x_wconf 87' lang='lat' dir='ltr'><strong>dicisset,iis</strong></span> <span class='ocrx_word' id='word_1_454' title='bbox 859 3667 922 3705; x_wconf 92' lang='lat' dir='ltr'><strong>se</strong></span> <span class='ocrx_word' id='word_1_455' title='bbox 949 3650 1392 3722; x_wconf 86' lang='lat' dir='ltr'><strong>permiscuisset</strong></span> <span class='ocrx_word' id='word_1_456' title='bbox 1438 3659 1616 3723; x_wconf 90' lang='lat' dir='ltr'><strong>atque</strong></span> <span class='ocrx_word' id='word_1_457' title='bbox 1652 3651 1886 3722; x_wconf 90' lang='lat' dir='ltr'><strong>sculpta</strong></span> <span class='ocrx_word' id='word_1_458' title='bbox 1937 3665 2142 3705; x_wconf 91' lang='lat' dir='ltr'><strong>eorum</strong></span> 
     </span>
    </p>
   </div>
   <div class='ocr_carea' id='block_1_69' title="bbox 499 3738 2142 3810">
    <p class='ocr_par' dir='ltr' id='par_1_69' title="bbox 499 3738 2142 3810">
     <span class='ocr_line' id='line_1_69' title="bbox 499 3738 2142 3810; baseline -0.001 -16"><span class='ocrx_word' id='word_1_459' title='bbox 499 3738 816 3795; x_wconf 86' lang='lat' dir='ltr'><strong>simulacra</strong></span> <span class='ocrx_word' id='word_1_460' title='bbox 843 3739 1007 3795; x_wconf 89' lang='lat' dir='ltr'><strong>cultu</strong></span> <span class='ocrx_word' id='word_1_461' title='bbox 1035 3739 1310 3809; x_wconf 77' lang='lat' dir='ltr'><strong>dignatus</strong></span> <span class='ocrx_word' id='word_1_462' title='bbox 1333 3747 1507 3809; x_wconf 83' lang='lat' dir='ltr'><strong>esset,</strong></span> <span class='ocrx_word' id='word_1_463' title='bbox 1542 3740 1674 3796; x_wconf 92' lang='lat' dir='ltr'><strong>ideo</strong></span> <span class='ocrx_word' id='word_1_464' title='bbox 1695 3739 1757 3795; x_wconf 91' lang='lat' dir='ltr'><strong>in</strong></span> <span class='ocrx_word' id='word_1_465' title='bbox 1790 3744 2142 3810; x_wconf 88' lang='lat' dir='ltr'><strong>potestatem</strong></span> 
     </span>
    </p>
   </div>
   <div class='ocr_carea' id='block_1_70' title="bbox 501 3825 2142 3884">
    <p class='ocr_par' dir='ltr' id='par_1_70' title="bbox 501 3825 2142 3884">
     <span class='ocr_line' id='line_1_70' title="bbox 501 3825 2142 3884; baseline 0 -4"><span class='ocrx_word' id='word_1_466' title='bbox 501 3825 888 3884; x_wconf 87' lang='lat' dir='ltr'><strong>barbarorum</strong></span> <span class='ocrx_word' id='word_1_467' title='bbox 913 3833 1042 3884; x_wconf 87' lang='lat' dir='ltr'><strong>erat</strong></span> <span class='ocrx_word' id='word_1_468' title='bbox 1069 3829 1322 3884; x_wconf 89' lang='lat' dir='ltr'><strong>deditus.</strong></span> <span class='ocrx_word' id='word_1_469' title='bbox 1345 3829 1499 3884; x_wconf 85' lang='lat' dir='ltr'><strong>Deus</strong></span> <span class='ocrx_word' id='word_1_470' title='bbox 1532 3834 1734 3884; x_wconf 89' lang='lat' dir='ltr'><strong>tamen</strong></span> <span class='ocrx_word' id='word_1_471' title='bbox 1782 3843 1890 3882; x_wconf 87' lang='lat' dir='ltr'><strong>sua</strong></span> <span class='ocrx_word' id='word_1_472' title='bbox 1946 3831 2142 3881; x_wconf 90' lang='lat' dir='ltr'><strong>motus</strong></span> 
     </span>
    </p>
   </div>
   <div class='ocr_carea' id='block_1_71' title="bbox 497 3914 2141 3987">
    <p class='ocr_par' dir='ltr' id='par_1_71' title="bbox 497 3914 2141 3987">
     <span class='ocr_line' id='line_1_71' title="bbox 497 3914 2141 3987; baseline -0.003 -12"><span class='ocrx_word' id='word_1_473' title='bbox 497 3914 865 3976; x_wconf 85' lang='lat' dir='ltr'><strong>humanitate</strong></span> <span class='ocrx_word' id='word_1_474' title='bbox 923 3933 1059 3972; x_wconf 89' lang='lat' dir='ltr'><strong>eum</strong></span> <span class='ocrx_word' id='word_1_475' title='bbox 1119 3918 1435 3973; x_wconf 87' lang='lat' dir='ltr'><strong>miseratus</strong></span> <span class='ocrx_word' id='word_1_476' title='bbox 1491 3922 1600 3985; x_wconf 88' lang='lat' dir='ltr'><strong>est,</strong></span> <span class='ocrx_word' id='word_1_477' title='bbox 1651 3916 2040 3987; x_wconf 86' lang='lat' dir='ltr'><strong>excitavitque</strong></span> <span class='ocrx_word' id='word_1_478' title='bbox 2087 3915 2141 3970; x_wconf 90' lang='lat' dir='ltr'><strong>ei</strong></span> 
     </span>
    </p>
   </div>
   <div class='ocr_carea' id='block_1_72' title="bbox 499 4006 2144 4080">
    <p class='ocr_par' dir='ltr' id='par_1_72' title="bbox 499 4006 2144 4080">
     <span class='ocr_line' id='line_1_72' title="bbox 499 4006 2144 4080; baseline 0.001 -20"><span class='ocrx_word' id='word_1_479' title='bbox 499 4007 759 4077; x_wconf 90' lang='lat' dir='ltr'><strong>primum</strong></span> <span class='ocrx_word' id='word_1_480' title='bbox 825 4006 1093 4080; x_wconf 88' lang='lat' dir='ltr'><strong>judicem</strong></span> <span class='ocrx_word' id='word_1_481' title='bbox 1173 4007 1590 4064; x_wconf 85' lang='lat' dir='ltr'><strong>Gothonielum</strong></span> <span class='ocrx_word' id='word_1_482' title='bbox 1667 4006 1906 4062; x_wconf 89' lang='lat' dir='ltr'><strong>Chalebi</strong></span> <span class='ocrx_word' id='word_1_483' title='bbox 1972 4021 2144 4078; x_wconf 84' lang='lat' dir='ltr'><strong>gene-</strong></span> 
     </span>
    </p>
   </div>
   <div class='ocr_carea' id='block_1_73' title="bbox 495 4094 2140 4163">
    <p class='ocr_par' dir='ltr' id='par_1_73' title="bbox 495 4094 2140 4163">
     <span class='ocr_line' id='line_1_73' title="bbox 495 4094 2140 4163; baseline 0 -14"><span class='ocrx_word' id='word_1_484' title='bbox 495 4111 628 4150; x_wconf 90' lang='lat' dir='ltr'><strong>rum</strong></span> <span class='ocrx_word' id='word_1_485' title='bbox 661 4095 727 4152; x_wconf 79' lang='grc'><strong>²⁸.</strong></span> <span class='ocrx_word' id='word_1_486' title='bbox 758 4097 814 4152; x_wconf 83' lang='lat' dir='ltr'><strong>Is</strong></span> <span class='ocrx_word' id='word_1_487' title='bbox 843 4097 1136 4153; x_wconf 87' lang='lat' dir='ltr'><strong>Chalebus</strong></span> <span class='ocrx_word' id='word_1_488' title='bbox 1175 4115 1307 4153; x_wconf 91' lang='lat' dir='ltr'><strong>cum</strong></span> <span class='ocrx_word' id='word_1_489' title='bbox 1345 4115 1534 4153; x_wconf 87' lang='lat' dir='ltr'><strong>annos</strong></span> <span class='ocrx_word' id='word_1_490' title='bbox 1594 4099 1695 4152; x_wconf 78' lang='grc'><strong>107</strong></span> <span class='ocrx_word' id='word_1_491' title='bbox 1752 4096 2013 4163; x_wconf 82' lang='lat' dir='ltr'><strong>vixisset,</strong></span> <span class='ocrx_word' id='word_1_492' title='bbox 2047 4094 2140 4149; x_wconf 88' lang='lat' dir='ltr'><strong>vi-</strong></span> 
     </span>
    </p>
   </div>
   <div class='ocr_carea' id='block_1_74' title="bbox 496 4183 2142 4258">
    <p class='ocr_par' dir='ltr' id='par_1_74' title="bbox 496 4183 2142 4258">
     <span class='ocr_line' id='line_1_74' title="bbox 496 4183 2142 4258; baseline 0.001 -20"><span class='ocrx_word' id='word_1_493' title='bbox 496 4184 660 4241; x_wconf 90' lang='lat' dir='ltr'><strong>ribus</strong></span> <span class='ocrx_word' id='word_1_494' title='bbox 691 4185 870 4241; x_wconf 87' lang='lat' dir='ltr'><strong>veluti</strong></span> <span class='ocrx_word' id='word_1_495' title='bbox 903 4186 1251 4243; x_wconf 89' lang='lat' dir='ltr'><strong>adolescens</strong></span> <span class='ocrx_word' id='word_1_496' title='bbox 1283 4187 1528 4258; x_wconf 81' lang='lat' dir='ltr'><strong>integris</strong></span> <span class='ocrx_word' id='word_1_497' title='bbox 1563 4185 1624 4240; x_wconf 90' lang='lat' dir='ltr'><strong>in</strong></span> <span class='ocrx_word' id='word_1_498' title='bbox 1654 4185 1812 4240; x_wconf 91' lang='lat' dir='ltr'><strong>bello</strong></span> <span class='ocrx_word' id='word_1_499' title='bbox 1871 4183 2142 4240; x_wconf 87' lang='lat' dir='ltr'><strong>versaba-</strong></span> 
     </span>
    </p>
   </div>
   <div class='ocr_carea' id='block_1_75' title="bbox 497 4275 2142 4348">
    <p class='ocr_par' dir='ltr' id='par_1_75' title="bbox 497 4275 2142 4348">
     <span class='ocr_line' id='line_1_75' title="bbox 497 4275 2142 4348; baseline -0.002 -17"><span class='ocrx_word' id='word_1_500' title='bbox 497 4283 612 4332; x_wconf 91' lang='lat' dir='ltr'><strong>tur.</strong></span> <span class='ocrx_word' id='word_1_501' title='bbox 645 4277 1030 4334; x_wconf 89' lang='lat' dir='ltr'><strong>Gothonielus</strong></span> <span class='ocrx_word' id='word_1_502' title='bbox 1053 4285 1253 4334; x_wconf 90' lang='lat' dir='ltr'><strong>autem</strong></span> <span class='ocrx_word' id='word_1_503' title='bbox 1283 4278 1493 4333; x_wconf 84' lang='lat' dir='ltr'><strong>robore</strong></span> <span class='ocrx_word' id='word_1_504' title='bbox 1516 4277 1802 4332; x_wconf 90' lang='lat' dir='ltr'><strong>divinitus</strong></span> <span class='ocrx_word' id='word_1_505' title='bbox 1858 4275 2142 4348; x_wconf 66' lang='lat' dir='ltr'><strong>praeditus</strong></span> 
     </span>
    </p>
   </div>
   <div class='ocr_carea' id='block_1_76' title="bbox 495 4356 2138 4438">
    <p class='ocr_par' dir='ltr' id='par_1_76' title="bbox 495 4356 2138 4438">
     <span class='ocr_line' id='line_1_76' title="bbox 495 4356 2138 4438; baseline -0.001 -19"><span class='ocrx_word' id='word_1_506' title='bbox 495 4381 692 4437; x_wconf 83' lang='lat' dir='ltr'><strong>regem</strong></span> <span class='ocrx_word' id='word_1_507' title='bbox 721 4366 902 4438; x_wconf 70' lang='lat' dir='ltr'><strong>Syrias</strong></span> <span class='ocrx_word' id='word_1_508' title='bbox 929 4365 1096 4422; x_wconf 90' lang='lat' dir='ltr'><strong>clade</strong></span> <span class='ocrx_word' id='word_1_509' title='bbox 1123 4367 1337 4424; x_wconf 69' lang='lat' dir='ltr'><strong>aﬂ‘ecit.</strong></span> <span class='ocrx_word' id='word_1_510' title='bbox 1358 4381 1684 4437; x_wconf 86' lang='lat' dir='ltr'><strong>pacemque</strong></span> <span class='ocrx_word' id='word_1_511' title='bbox 1707 4365 1830 4420; x_wconf 90' lang='lat' dir='ltr'><strong>suis</strong></span> <span class='ocrx_word' id='word_1_512' title='bbox 1861 4356 2138 4430; x_wconf 86' lang='lat' dir='ltr'><strong>restituit,</strong></span> 
     </span>
    </p>
   </div>
   <div class='ocr_carea' id='block_1_77' title="bbox 497 4453 2143 4524">
    <p class='ocr_par' dir='ltr' id='par_1_77' title="bbox 497 4453 2143 4524">
     <span class='ocr_line' id='line_1_77' title="bbox 497 4453 2143 4524; baseline -0.002 -15"><span class='ocrx_word' id='word_1_513' title='bbox 497 4471 630 4524; x_wconf 66' lang='lat' dir='ltr'><strong>qua:</strong></span> <span class='ocrx_word' id='word_1_514' title='bbox 659 4471 846 4509; x_wconf 89' lang='lat' dir='ltr'><strong>annos</strong></span> <span class='ocrx_word' id='word_1_515' title='bbox 871 4455 940 4509; x_wconf 81' lang='grc'><strong>40</strong></span> <span class='ocrx_word' id='word_1_516' title='bbox 991 4454 1238 4520; x_wconf 87' lang='lat' dir='ltr'><strong>duravit,</strong></span> <span class='ocrx_word' id='word_1_517' title='bbox 1269 4470 1456 4524; x_wconf 87' lang='lat' dir='ltr'><strong>usque</strong></span> <span class='ocrx_word' id='word_1_518' title='bbox 1486 4453 1560 4509; x_wconf 89' lang='lat' dir='ltr'><strong>ad</strong></span> <span class='ocrx_word' id='word_1_519' title='bbox 1616 4453 1950 4508; x_wconf 87' lang='lat' dir='ltr'><strong>Gothonieli</strong></span> <span class='ocrx_word' id='word_1_520' title='bbox 1981 4469 2143 4507; x_wconf 82' lang='lat' dir='ltr'><strong>mor-</strong></span> 
     </span>
    </p>
   </div>
   <div class='ocr_carea' id='block_1_78' title="bbox 498 4541 2140 4598">
    <p class='ocr_par' dir='ltr' id='par_1_78' title="bbox 498 4541 2140 4598">
     <span class='ocr_line' id='line_1_78' title="bbox 498 4541 2140 4598; baseline 0 -2"><span class='ocrx_word' id='word_1_521' title='bbox 498 4549 638 4596; x_wconf 87' lang='lat' dir='ltr'><strong>tem.</strong></span> <span class='ocrx_word' id='word_1_522' title='bbox 687 4543 942 4598; x_wconf 80' lang='lat' dir='ltr'><strong>Rursum</strong></span> <span class='ocrx_word' id='word_1_523' title='bbox 997 4541 1136 4598; x_wconf 91' lang='lat' dir='ltr'><strong>inde</strong></span> <span class='ocrx_word' id='word_1_524' title='bbox 1196 4560 1231 4597; x_wconf 90' lang='lat' dir='ltr'><strong>a</strong></span> <span class='ocrx_word' id='word_1_525' title='bbox 1279 4541 1530 4596; x_wconf 90' lang='lat' dir='ltr'><strong>Domino</strong></span> <span class='ocrx_word' id='word_1_526' title='bbox 1616 4541 1963 4598; x_wconf 82' lang='lat' dir='ltr'><strong>defecerunt</strong></span> <span class='ocrx_word' id='word_1_527' title='bbox 2037 4541 2140 4596; x_wconf 78' lang='lat'><strong>99</strong></span> 
     </span>
    </p>
   </div>
   <div class='ocr_carea' id='block_1_79' title="bbox 2259 3372 3893 3453">
    <p class='ocr_par' dir='ltr' id='par_1_79' title="bbox 2259 3372 3893 3453">
     <span class='ocr_line' id='line_1_79' title="bbox 2259 3372 3893 3453; baseline 0.001 -25"><span class='ocrx_word' id='word_1_528' title='bbox 2259 3373 2468 3444; x_wconf 64' lang='grc' dir='ltr'>ἐκλήθη</span> <span class='ocrx_word' id='word_1_529' title='bbox 2503 3375 2532 3428; x_wconf 90' lang='grc' dir='ltr'>ὁ</span> <span class='ocrx_word' id='word_1_530' title='bbox 2562 3373 2734 3435; x_wconf 86' lang='grc' dir='ltr'>τόπος</span> <span class='ocrx_word' id='word_1_531' title='bbox 2763 3373 2966 3436; x_wconf 82' lang='grc' dir='ltr'>ἐκεῖνος</span> <span class='ocrx_word' id='word_1_532' title='bbox 3005 3372 3200 3440; x_wconf 77' lang='grc' dir='ltr'>κοιλὰς</span> <span class='ocrx_word' id='word_1_533' title='bbox 3229 3374 3619 3444; x_wconf 75' lang='grc' dir='ltr'>κλαυθμῶνος·</span> <span class='ocrx_word' id='word_1_534' title='bbox 3679 3375 3765 3433; x_wconf 80' lang='grc' dir='ltr'><strong>διὰ</strong></span> <span class='ocrx_word' id='word_1_535' title='bbox 3804 3375 3893 3453; x_wconf 73' lang='grc' dir='ltr'><strong>γὰρ</strong></span> 
     </span>
    </p>
   </div>
   <div class='ocr_carea' id='block_1_80' title="bbox 2247 3460 3890 3536">
    <p class='ocr_par' dir='ltr' id='par_1_80' title="bbox 2247 3460 3890 3536">
     <span class='ocr_line' id='line_1_80' title="bbox 2247 3460 3890 3536; baseline 0.001 -18"><span class='ocrx_word' id='word_1_536' title='bbox 2247 3464 2314 3518; x_wconf 84' lang='grc' dir='ltr'>τὸ</span> <span class='ocrx_word' id='word_1_537' title='bbox 2351 3463 2428 3536; x_wconf 81' lang='grc' dir='ltr'>μή</span> <span class='ocrx_word' id='word_1_538' title='bbox 2463 3460 2844 3534; x_wconf 77' lang='grc' dir='ltr'>ἐξολοορεῦσαι</span> <span class='ocrx_word' id='word_1_539' title='bbox 2873 3463 2965 3518; x_wconf 82' lang='grc' dir='ltr'><strong>τὸν</strong></span> <span class='ocrx_word' id='word_1_540' title='bbox 2991 3463 3218 3535; x_wconf 69' lang='grc' dir='ltr'>Ἰσραὴλ</span> <span class='ocrx_word' id='word_1_541' title='bbox 3249 3465 3314 3520; x_wconf 82' lang='grc' dir='ltr'><strong>τὰ</strong></span> <span class='ocrx_word' id='word_1_542' title='bbox 3371 3461 3497 3536; x_wconf 81' lang='grc' dir='ltr'>ἔθνη</span> <span class='ocrx_word' id='word_1_543' title='bbox 3549 3469 3586 3522; x_wconf 77' lang='grc' dir='ltr'><strong><em>ἄ</em></strong></span> <span class='ocrx_word' id='word_1_544' title='bbox 3633 3468 3752 3523; x_wconf 73' lang='grc' dir='ltr'>εἷπε</span> <span class='ocrx_word' id='word_1_545' title='bbox 3803 3463 3890 3521; x_wconf 71' lang='grc' dir='ltr'><strong>Κό-</strong></span> 
     </span>
    </p>
   </div>
   <div class='ocr_carea' id='block_1_81' title="bbox 2251 3546 3892 3630">
    <p class='ocr_par' dir='ltr' id='par_1_81' title="bbox 2251 3546 3892 3630">
     <span class='ocr_line' id='line_1_81' title="bbox 2251 3546 3892 3630; baseline 0.002 -26"><span class='ocrx_word' id='word_1_546' title='bbox 2251 3571 2366 3628; x_wconf 86' lang='grc' dir='ltr'>ριος</span> <span class='ocrx_word' id='word_1_547' title='bbox 2397 3551 2610 3620; x_wconf 79' lang='grc' dir='ltr'>αὐτοῖς,</span> <span class='ocrx_word' id='word_1_548' title='bbox 2647 3546 2792 3604; x_wconf 82' lang='grc' dir='ltr'>ἀλλὰ</span> <span class='ocrx_word' id='word_1_549' title='bbox 2821 3550 2910 3606; x_wconf 68' lang='grc' dir='ltr'>καῖ</span> <span class='ocrx_word' id='word_1_550' title='bbox 2957 3557 3144 3624; x_wconf 85' lang='grc' dir='ltr'>μαθεῖν</span> <span class='ocrx_word' id='word_1_551' title='bbox 3170 3554 3237 3608; x_wconf 77' lang='grc' dir='ltr'><strong>τὰ</strong></span> <span class='ocrx_word' id='word_1_552' title='bbox 3293 3551 3426 3630; x_wconf 71' lang='grc' dir='ltr'>ἔργα</span> <span class='ocrx_word' id='word_1_553' title='bbox 3457 3553 3638 3612; x_wconf 78' lang='grc' dir='ltr'>αὐτῶν</span> <span class='ocrx_word' id='word_1_554' title='bbox 3668 3554 3757 3612; x_wconf 75' lang='grc' dir='ltr'><strong>καί</strong></span> <span class='ocrx_word' id='word_1_555' title='bbox 3811 3575 3892 3627; x_wconf 87' lang='grc' dir='ltr'>μι-</span> 
     </span>
    </p>
   </div>
   <div class='ocr_carea' id='block_1_82' title="bbox 2247 3639 3887 3718">
    <p class='ocr_par' dir='ltr' id='par_1_82' title="bbox 2247 3639 3887 3718">
     <span class='ocr_line' id='line_1_82' title="bbox 2247 3639 3887 3718; baseline 0.001 -22"><span class='ocrx_word' id='word_1_556' title='bbox 2247 3649 2407 3716; x_wconf 77' lang='grc' dir='ltr'>γῆναι</span> <span class='ocrx_word' id='word_1_557' title='bbox 2467 3639 2653 3703; x_wconf 75' lang='grc' dir='ltr'>αὐτοῖς</span> <span class='ocrx_word' id='word_1_558' title='bbox 2708 3641 2802 3696; x_wconf 81' lang='grc' dir='ltr'><strong>καὶ</strong></span> <span class='ocrx_word' id='word_1_559' title='bbox 2869 3639 3160 3698; x_wconf 81' lang='grc' dir='ltr'>δουλεῦσαι</span> <span class='ocrx_word' id='word_1_560' title='bbox 3215 3649 3332 3705; x_wconf 86' lang='grc' dir='ltr'>τοῖς</span> <span class='ocrx_word' id='word_1_561' title='bbox 3389 3643 3664 3718; x_wconf 85' lang='grc' dir='ltr'>γλυπτοῖς</span> <span class='ocrx_word' id='word_1_562' title='bbox 3707 3645 3887 3710; x_wconf 79' lang='grc' dir='ltr'>αὐτῶν,</span> 
     </span>
    </p>
   </div>
   <div class='ocr_carea' id='block_1_83' title="bbox 2249 3727 3886 3813">
    <p class='ocr_par' dir='ltr' id='par_1_83' title="bbox 2249 3727 3886 3813">
     <span class='ocr_line' id='line_1_83' title="bbox 2249 3727 3886 3813; baseline 0 -26"><span class='ocrx_word' id='word_1_563' title='bbox 2249 3729 2338 3787; x_wconf 83' lang='grc' dir='ltr'><strong>διὰ</strong></span> <span class='ocrx_word' id='word_1_564' title='bbox 2365 3735 2528 3786; x_wconf 74' lang='grc' dir='ltr'>τοῦτο</span> <span class='ocrx_word' id='word_1_565' title='bbox 2558 3727 2932 3805; x_wconf 83' lang='grc' dir='ltr'>παρεδόθησαν</span> <span class='ocrx_word' id='word_1_566' title='bbox 2986 3730 3063 3794; x_wconf 81' lang='grc' dir='ltr'><strong>εἰς</strong></span> <span class='ocrx_word' id='word_1_567' title='bbox 3121 3737 3314 3808; x_wconf 82' lang='grc' dir='ltr'>χεῖρας</span> <span class='ocrx_word' id='word_1_568' title='bbox 3378 3739 3487 3790; x_wconf 78' lang='grc' dir='ltr'><strong>τῶν</strong></span> <span class='ocrx_word' id='word_1_569' title='bbox 3541 3731 3886 3813; x_wconf 72' lang='grc' dir='ltr'>αλλοιρύλων.</span> 
     </span>
    </p>
   </div>
   <div class='ocr_carea' id='block_1_84' title="bbox 2245 3817 3887 3899">
    <p class='ocr_par' dir='ltr' id='par_1_84' title="bbox 2245 3817 3887 3899">
     <span class='ocr_line' id='line_1_84' title="bbox 2245 3817 3887 3899; baseline -0.001 -21"><span class='ocrx_word' id='word_1_570' title='bbox 2245 3825 2326 3896; x_wconf 82' lang='grc' dir='ltr'><strong>Τῇ</strong></span> <span class='ocrx_word' id='word_1_571' title='bbox 2361 3821 2537 3893; x_wconf 72' lang='grc' dir='ltr'>οἰκείᾳ</span> <span class='ocrx_word' id='word_1_572' title='bbox 2567 3817 2624 3876; x_wconf 67' lang='grc' dir='ltr'>δὲ</span> <span class='ocrx_word' id='word_1_573' title='bbox 2652 3819 3036 3897; x_wconf 78' lang='grc' dir='ltr'>φιλανθρωπίᾳ</span> <span class='ocrx_word' id='word_1_574' title='bbox 3079 3823 3399 3898; x_wconf 77' lang='grc' dir='ltr'>κινούμενος</span> <span class='ocrx_word' id='word_1_575' title='bbox 3453 3826 3482 3880; x_wconf 79' lang='grc' dir='ltr'><strong>ό</strong></span> <span class='ocrx_word' id='word_1_576' title='bbox 3539 3827 3672 3889; x_wconf 84' lang='grc' dir='ltr'>Θεὸς</span> <span class='ocrx_word' id='word_1_577' title='bbox 3709 3820 3887 3899; x_wconf 78' lang='grc' dir='ltr'>ᾤκτείο</span> 
     </span>
    </p>
   </div>
   <div class='ocr_carea' id='block_1_85' title="bbox 2251 3907 3887 3988">
    <p class='ocr_par' dir='ltr' id='par_1_85' title="bbox 2251 3907 3887 3988">
     <span class='ocr_line' id='line_1_85' title="bbox 2251 3907 3887 3988; baseline 0 -22"><span class='ocrx_word' id='word_1_578' title='bbox 2251 3931 2380 3986; x_wconf 83' lang='grc' dir='ltr'>ρησε</span> <span class='ocrx_word' id='word_1_579' title='bbox 2403 3911 2494 3966; x_wconf 83' lang='grc' dir='ltr'>τὸν</span> <span class='ocrx_word' id='word_1_580' title='bbox 2540 3907 2786 3985; x_wconf 72' lang='grc' dir='ltr'>Ἰσραὴλ,</span> <span class='ocrx_word' id='word_1_581' title='bbox 2836 3909 2926 3964; x_wconf 81' lang='grc' dir='ltr'>καὶ</span> <span class='ocrx_word' id='word_1_582' title='bbox 2985 3910 3271 3983; x_wconf 77' lang='grc' dir='ltr'>ἀνέστησεν</span> <span class='ocrx_word' id='word_1_583' title='bbox 3331 3913 3480 3986; x_wconf 78' lang='grc' dir='ltr'>αὐτῷ</span> <span class='ocrx_word' id='word_1_584' title='bbox 3531 3919 3752 3988; x_wconf 81' lang='grc' dir='ltr'>πρῶτον</span> <span class='ocrx_word' id='word_1_585' title='bbox 3781 3929 3887 3984; x_wconf 84' lang='grc' dir='ltr'>κρι-</span> 
     </span>
    </p>
   </div>
   <div class='ocr_carea' id='block_1_86' title="bbox 2244 3993 3884 4075">
    <p class='ocr_par' dir='ltr' id='par_1_86' title="bbox 2244 3993 3884 4075">
     <span class='ocr_line' id='line_1_86' title="bbox 2244 3993 3884 4075; baseline 0.002 -20"><span class='ocrx_word' id='word_1_586' title='bbox 2244 4002 2344 4072; x_wconf 83' lang='grc' dir='ltr'><strong>τήν</strong></span> <span class='ocrx_word' id='word_1_587' title='bbox 2371 4001 2462 4056; x_wconf 88' lang='grc' dir='ltr'>τὸν</span> <span class='ocrx_word' id='word_1_588' title='bbox 2499 3996 2792 4068; x_wconf 80' lang='grc' dir='ltr'>Γοθονιήλ,</span> <span class='ocrx_word' id='word_1_589' title='bbox 2858 3993 3105 4074; x_wconf 86' lang='grc' dir='ltr'>γαμϐρὸν</span> <span class='ocrx_word' id='word_1_590' title='bbox 3173 3997 3290 4056; x_wconf 75' lang='grc' dir='ltr'>ὄντι</span> <span class='ocrx_word' id='word_1_591' title='bbox 3329 4005 3426 4057; x_wconf 75' lang='grc' dir='ltr'><strong>τοῦ</strong></span> <span class='ocrx_word' id='word_1_592' title='bbox 3483 3999 3694 4075; x_wconf 76' lang='grc' dir='ltr'>Χάλεϐ,</span> <span class='ocrx_word' id='word_1_593' title='bbox 3751 4000 3884 4058; x_wconf 68' lang='grc' dir='ltr'>εςτις</span> 
     </span>
    </p>
   </div>
   <div class='ocr_carea' id='block_1_87' title="bbox 2247 4083 3877 4162">
    <p class='ocr_par' dir='ltr' id='par_1_87' title="bbox 2247 4083 3877 4162">
     <span class='ocr_line' id='line_1_87' title="bbox 2247 4083 3877 4162; baseline -0.001 -16"><span class='ocrx_word' id='word_1_594' title='bbox 2247 4083 2435 4146; x_wconf 76' lang='grc' dir='ltr'>Χάλεϐ</span> <span class='ocrx_word' id='word_1_595' title='bbox 2464 4089 2632 4158; x_wconf 71' lang='grc' dir='ltr'>ζήσας</span> <span class='ocrx_word' id='word_1_596' title='bbox 2663 4084 2756 4154; x_wconf 79' lang='grc' dir='ltr'>ἔτη</span> <span class='ocrx_word' id='word_1_597' title='bbox 2792 4088 2869 4162; x_wconf 85' lang='grc' dir='ltr'>ρζ⁸</span> <span class='ocrx_word' id='word_1_598' title='bbox 2911 4085 2963 4142; x_wconf 82' lang='grc' dir='ltr'>ἐν</span> <span class='ocrx_word' id='word_1_599' title='bbox 3027 4085 3256 4160; x_wconf 77' lang='grc' dir='ltr'>δυνάμει</span> <span class='ocrx_word' id='word_1_600' title='bbox 3313 4090 3388 4151; x_wconf 86' lang='grc' dir='ltr'><strong>ὡς</strong></span> <span class='ocrx_word' id='word_1_601' title='bbox 3441 4091 3652 4154; x_wconf 87' lang='grc' dir='ltr'>νεανίας</span> <span class='ocrx_word' id='word_1_602' title='bbox 3703 4090 3877 4160; x_wconf 74' lang='grc' dir='ltr'>εἰσήρ-</span> 
     </span>
    </p>
   </div>
   <div class='ocr_carea' id='block_1_88' title="bbox 2245 4173 3880 4252">
    <p class='ocr_par' dir='ltr' id='par_1_88' title="bbox 2245 4173 3880 4252">
     <span class='ocr_line' id='line_1_88' title="bbox 2245 4173 3880 4252; baseline -0.001 -20"><span class='ocrx_word' id='word_1_603' title='bbox 2245 4196 2378 4252; x_wconf 82' lang='grc' dir='ltr'>χετο</span> <span class='ocrx_word' id='word_1_604' title='bbox 2409 4175 2496 4230; x_wconf 74' lang='grc' dir='ltr'><strong>καὶ</strong></span> <span class='ocrx_word' id='word_1_605' title='bbox 2529 4173 2792 4250; x_wconf 78' lang='grc' dir='ltr'>ἐξήρχετο</span> <span class='ocrx_word' id='word_1_606' title='bbox 2823 4173 2876 4230; x_wconf 72' lang='grc' dir='ltr'>ἂν</span> <span class='ocrx_word' id='word_1_607' title='bbox 2907 4179 2986 4247; x_wconf 80' lang='grc' dir='ltr'><strong>τῷ</strong></span> <span class='ocrx_word' id='word_1_608' title='bbox 3011 4175 3265 4250; x_wconf 82' lang='grc' dir='ltr'>πολέμῳ.</span> <span class='ocrx_word' id='word_1_609' title='bbox 3327 4177 3425 4233; x_wconf 81' lang='grc' dir='ltr'>Καὶ</span> <span class='ocrx_word' id='word_1_610' title='bbox 3482 4177 3732 4237; x_wconf 72' lang='grc' dir='ltr'>ἐνίσχυσε</span> <span class='ocrx_word' id='word_1_611' title='bbox 3785 4173 3880 4230; x_wconf 75' lang='grc' dir='ltr'><strong>Κύ-</strong></span> 
     </span>
    </p>
   </div>
   <div class='ocr_carea' id='block_1_89' title="bbox 2250 4263 3878 4344">
    <p class='ocr_par' dir='ltr' id='par_1_89' title="bbox 2250 4263 3878 4344">
     <span class='ocr_line' id='line_1_89' title="bbox 2250 4263 3878 4344; baseline -0.003 -21"><span class='ocrx_word' id='word_1_612' title='bbox 2250 4287 2364 4344; x_wconf 86' lang='grc' dir='ltr'>ριος</span> <span class='ocrx_word' id='word_1_613' title='bbox 2385 4266 2478 4322; x_wconf 80' lang='grc' dir='ltr'><strong>τὸν</strong></span> <span class='ocrx_word' id='word_1_614' title='bbox 2511 4263 2800 4336; x_wconf 77' lang='grc' dir='ltr'>Γοθονιὴλ,</span> <span class='ocrx_word' id='word_1_615' title='bbox 2858 4265 2948 4320; x_wconf 85' lang='grc' dir='ltr'><strong>καὶ</strong></span> <span class='ocrx_word' id='word_1_616' title='bbox 3005 4267 3097 4321; x_wconf 85' lang='grc' dir='ltr'>τὸν</span> <span class='ocrx_word' id='word_1_617' title='bbox 3162 4267 3389 4342; x_wconf 74' lang='grc' dir='ltr'>βασιλέα</span> <span class='ocrx_word' id='word_1_618' title='bbox 3423 4269 3624 4344; x_wconf 81' lang='grc' dir='ltr'>Συρίας</span> <span class='ocrx_word' id='word_1_619' title='bbox 3651 4264 3878 4335; x_wconf 77' lang='grc' dir='ltr'>ἐπάταξε.</span> 
     </span>
    </p>
   </div>
   <div class='ocr_carea' id='block_1_90' title="bbox 2247 4352 3877 4430">
    <p class='ocr_par' dir='ltr' id='par_1_90' title="bbox 2247 4352 3877 4430">
     <span class='ocr_line' id='line_1_90' title="bbox 2247 4352 3877 4430; baseline 0.002 -18"><span class='ocrx_word' id='word_1_620' title='bbox 2247 4356 2346 4412; x_wconf 76' lang='grc' dir='ltr'>Καὶ</span> <span class='ocrx_word' id='word_1_621' title='bbox 2378 4355 2682 4429; x_wconf 69' lang='grc' dir='ltr'>εἷρῆνευσεν</span> <span class='ocrx_word' id='word_1_622' title='bbox 2715 4355 2750 4424; x_wconf 80' lang='grc' dir='ltr'>ἠ</span> <span class='ocrx_word' id='word_1_623' title='bbox 2810 4361 2882 4430; x_wconf 82' lang='grc' dir='ltr'>γῆ</span> <span class='ocrx_word' id='word_1_624' title='bbox 2940 4353 3044 4418; x_wconf 58' lang='lat' dir='ltr'><strong>in»;</strong></span> <span class='ocrx_word' id='word_1_625' title='bbox 3096 4357 3196 4424; x_wconf 75' lang='grc' dir='ltr'><strong>τῆς</strong></span> <span class='ocrx_word' id='word_1_626' title='bbox 3253 4362 3402 4428; x_wconf 78' lang='grc' dir='ltr'>ζωῆς</span> <span class='ocrx_word' id='word_1_627' title='bbox 3451 4358 3617 4414; x_wconf 75' lang='grc' dir='ltr'>αὐτοῦ</span> <span class='ocrx_word' id='word_1_628' title='bbox 3667 4353 3756 4426; x_wconf 75' lang='grc' dir='ltr'>ἔτη</span> <span class='ocrx_word' id='word_1_629' title='bbox 3814 4352 3877 4426; x_wconf 81' lang='grc' dir='ltr'><strong>μ’·</strong></span> 
     </span>
    </p>
   </div>
   <div class='ocr_carea' id='block_1_91' title="bbox 2246 4439 3883 4521">
    <p class='ocr_par' dir='ltr' id='par_1_91' title="bbox 2246 4439 3883 4521">
     <span class='ocr_line' id='line_1_91' title="bbox 2246 4439 3883 4521; baseline -0.004 -21"><span class='ocrx_word' id='word_1_630' title='bbox 2246 4444 2347 4500; x_wconf 81' lang='grc' dir='ltr'>Καὶ</span> <span class='ocrx_word' id='word_1_631' title='bbox 2378 4442 2544 4499; x_wconf 78' lang='grc' dir='ltr'>πάλιν</span> <span class='ocrx_word' id='word_1_632' title='bbox 2579 4443 2782 4513; x_wconf 84' lang='grc' dir='ltr'>ἀπέστη</span> <span class='ocrx_word' id='word_1_633' title='bbox 2817 4443 3042 4520; x_wconf 68' lang='grc' dir='ltr'>Ἰσραὴλ</span> <span class='ocrx_word' id='word_1_634' title='bbox 3105 4445 3212 4500; x_wconf 79' lang='grc' dir='ltr'>ἀπὸ</span> <span class='ocrx_word' id='word_1_635' title='bbox 3272 4447 3496 4521; x_wconf 78' lang='grc' dir='ltr'>Κυρίου,</span> <span class='ocrx_word' id='word_1_636' title='bbox 3544 4449 3635 4502; x_wconf 85' lang='grc' dir='ltr'><strong>καὶ</strong></span> <span class='ocrx_word' id='word_1_637' title='bbox 3689 4439 3883 4517; x_wconf 55' lang='lat' dir='ltr'><strong>imi-{ni</strong></span> 
     </span>
    </p>
   </div>
   <div class='ocr_carea' id='block_1_92' title="bbox 2248 4529 3883 4609">
    <p class='ocr_par' dir='ltr' id='par_1_92' title="bbox 2248 4529 3883 4609">
     <span class='ocr_line' id='line_1_92' title="bbox 2248 4529 3883 4609; baseline 0 -20"><span class='ocrx_word' id='word_1_638' title='bbox 2248 4553 2335 4608; x_wconf 84' lang='grc' dir='ltr'><strong>ρεν</strong></span> <span class='ocrx_word' id='word_1_639' title='bbox 2368 4531 2556 4595; x_wconf 73' lang='grc' dir='ltr'>αὐτοῖς</span> <span class='ocrx_word' id='word_1_640' title='bbox 2603 4530 2799 4606; x_wconf 78' lang='grc' dir='ltr'>Κύριος</span> <span class='ocrx_word' id='word_1_641' title='bbox 2851 4531 2942 4586; x_wconf 79' lang='grc' dir='ltr'><strong>τὸν</strong></span> <span class='ocrx_word' id='word_1_642' title='bbox 3004 4533 3235 4608; x_wconf 78' lang='grc' dir='ltr'>ἘκΛὼμ</span> <span class='ocrx_word' id='word_1_643' title='bbox 3284 4534 3512 4609; x_wconf 79' lang='grc' dir='ltr'>βασιλέα</span> <span class='ocrx_word' id='word_1_644' title='bbox 3569 4529 3761 4603; x_wconf 77' lang='grc' dir='ltr'>Μωᾶϐ,</span> <span class='ocrx_word' id='word_1_645' title='bbox 3805 4549 3883 4586; x_wconf 84' lang='grc' dir='ltr'>κα·</span> 
     </span>
    </p>
   </div>
   <div class='ocr_carea' id='block_1_93' title="bbox 496 4616 2146 4707">
    <p class='ocr_par' dir='ltr' id='par_1_93' title="bbox 496 4631 2142 4705">
     <span class='ocr_line' id='line_1_93' title="bbox 496 4631 2142 4705; baseline 0 -19"><span class='ocrx_word' id='word_1_646' title='bbox 496 4632 806 4699; x_wconf 89' lang='lat' dir='ltr'><strong>lsraelici;</strong></span> <span class='ocrx_word' id='word_1_647' title='bbox 855 4633 1026 4702; x_wconf 91' lang='lat' dir='ltr'><strong>isque</strong></span> <span class='ocrx_word' id='word_1_648' title='bbox 1075 4648 1162 4686; x_wconf 78' lang='lat' dir='ltr'><strong>eis</strong></span> <span class='ocrx_word' id='word_1_649' title='bbox 1217 4631 1500 4705; x_wconf 79' lang='lat' dir='ltr'><strong>Eglonem</strong></span> <span class='ocrx_word' id='word_1_650' title='bbox 1559 4632 1885 4688; x_wconf 89' lang='lat' dir='ltr'><strong>Moabicum</strong></span> <span class='ocrx_word' id='word_1_651' title='bbox 1941 4647 2142 4704; x_wconf 77' lang='lat' dir='ltr'><strong>regem</strong></span> 
     </span>
    </p>
   </div>
   <div class='ocr_carea' id='block_1_94' title="bbox 2255 4616 3879 4707">
    <p class='ocr_par' dir='ltr' id='par_1_94' title="bbox 2255 4616 3879 4698">
     <span class='ocr_line' id='line_1_94' title="bbox 2255 4616 3879 4698; baseline -0.001 -20"><span class='ocrx_word' id='word_1_652' title='bbox 2255 4619 2598 4678; x_wconf 77' lang='grc' dir='ltr'>ἐδουλώσατο</span> <span class='ocrx_word' id='word_1_653' title='bbox 2627 4621 2721 4677; x_wconf 83' lang='grc' dir='ltr'>τὸν</span> <span class='ocrx_word' id='word_1_654' title='bbox 2755 4620 2972 4698; x_wconf 73' lang='grc' dir='ltr'>Ἰσραὴλ</span> <span class='ocrx_word' id='word_1_655' title='bbox 3003 4616 3096 4692; x_wconf 75' lang='grc' dir='ltr'>ἔτη</span> <span class='ocrx_word' id='word_1_656' title='bbox 3137 4626 3228 4694; x_wconf 79' lang='grc' dir='ltr'>ιη’.</span> <span class='ocrx_word' id='word_1_657' title='bbox 3261 4625 3364 4681; x_wconf 77' lang='grc' dir='ltr'><strong>Καὶ</strong></span> <span class='ocrx_word' id='word_1_658' title='bbox 3414 4621 3640 4697; x_wconf 80' lang='grc' dir='ltr'>ἐϐόησεν</span> <span class='ocrx_word' id='word_1_659' title='bbox 3671 4622 3824 4680; x_wconf 82' lang='grc' dir='ltr'>πάλιν</span> <span class='ocrx_word' id='word_1_660' title='bbox 3854 4617 3879 4672; x_wconf 81' lang='grc' dir='ltr'><strong>ὁ</strong></span> 
     </span>
    </p>
   </div>
   <div class='ocr_carea' id='block_1_95' title="bbox 496 4717 2140 4792">
    <p class='ocr_par' dir='ltr' id='par_1_95' title="bbox 496 4717 2140 4792">
     <span class='ocr_line' id='line_1_95' title="bbox 496 4717 2140 4792; baseline -0.001 -20"><span class='ocrx_word' id='word_1_661' title='bbox 496 4718 763 4786; x_wconf 89' lang='lat' dir='ltr'><strong>immisit,</strong></span> <span class='ocrx_word' id='word_1_662' title='bbox 799 4719 898 4790; x_wconf 91' lang='lat' dir='ltr'><strong>qui</strong></span> <span class='ocrx_word' id='word_1_663' title='bbox 929 4735 1036 4790; x_wconf 87' lang='lat' dir='ltr'><strong>per</strong></span> <span class='ocrx_word' id='word_1_664' title='bbox 1091 4735 1280 4775; x_wconf 91' lang='lat' dir='ltr'><strong>annos</strong></span> <span class='ocrx_word' id='word_1_665' title='bbox 1332 4721 1396 4774; x_wconf 87' lang='grc'>18</span> <span class='ocrx_word' id='word_1_666' title='bbox 1451 4719 1738 4792; x_wconf 90' lang='lat' dir='ltr'><strong>populum</strong></span> <span class='ocrx_word' id='word_1_667' title='bbox 1795 4717 2140 4774; x_wconf 87' lang='lat' dir='ltr'><strong>lsraelicum</strong></span> 
     </span>
    </p>
   </div>
   <div class='ocr_carea' id='block_1_96' title="bbox 495 4807 2137 4881">
    <p class='ocr_par' dir='ltr' id='par_1_96' title="bbox 495 4807 2137 4881">
     <span class='ocr_line' id='line_1_96' title="bbox 495 4807 2137 4881; baseline -0.001 -19"><span class='ocrx_word' id='word_1_668' title='bbox 495 4808 776 4863; x_wconf 86' lang='lat' dir='ltr'><strong>servitute</strong></span> <span class='ocrx_word' id='word_1_669' title='bbox 808 4808 1026 4881; x_wconf 85' lang='lat' dir='ltr'><strong>pressit</strong></span> <span class='ocrx_word' id='word_1_670' title='bbox 1078 4809 1282 4864; x_wconf 92' lang='lat' dir='ltr'><strong>Denuo</strong></span> <span class='ocrx_word' id='word_1_671' title='bbox 1314 4808 1513 4880; x_wconf 90' lang='lat' dir='ltr'><strong>itaque</strong></span> <span class='ocrx_word' id='word_1_672' title='bbox 1562 4808 1850 4864; x_wconf 85' lang='lat' dir='ltr'><strong>auxilium</strong></span> <span class='ocrx_word' id='word_1_673' title='bbox 1882 4807 1984 4862; x_wconf 91' lang='lat' dir='ltr'><strong>Dei</strong></span> <span class='ocrx_word' id='word_1_674' title='bbox 2035 4822 2137 4877; x_wconf 92' lang='lat' dir='ltr'><strong>op-</strong></span> 
     </span>
    </p>
   </div>
   <div class='ocr_carea' id='block_1_97' title="bbox 492 4894 2138 4970">
    <p class='ocr_par' dir='ltr' id='par_1_97' title="bbox 492 4894 2138 4970">
     <span class='ocr_line' id='line_1_97' title="bbox 492 4894 2138 4970; baseline -0.002 -18"><span class='ocrx_word' id='word_1_675' title='bbox 492 4897 682 4969; x_wconf 90' lang='lat' dir='ltr'><strong>pressi</strong></span> <span class='ocrx_word' id='word_1_676' title='bbox 713 4897 1108 4969; x_wconf 87' lang='lat' dir='ltr'><strong>implorarunt</strong></span> <span class='ocrx_word' id='word_1_677' title='bbox 1139 4915 1152 4965; x_wconf 92' lang='lat'>;</span> <span class='ocrx_word' id='word_1_678' title='bbox 1186 4898 1286 4970; x_wconf 86' lang='lat' dir='ltr'><strong>qui</strong></span> <span class='ocrx_word' id='word_1_679' title='bbox 1310 4897 1394 4954; x_wconf 92' lang='lat' dir='ltr'><strong>eis</strong></span> <span class='ocrx_word' id='word_1_680' title='bbox 1401 4897 1668 4968; x_wconf 88' lang='lat' dir='ltr'><strong>judicem</strong></span> <span class='ocrx_word' id='word_1_681' title='bbox 1699 4896 1865 4952; x_wconf 88' lang='lat' dir='ltr'><strong>dedit</strong></span> <span class='ocrx_word' id='word_1_682' title='bbox 1887 4894 2138 4964; x_wconf 88' lang='lat' dir='ltr'><strong>Aodum,</strong></span> 
     </span>
    </p>
   </div>
   <div class='ocr_carea' id='block_1_98' title="bbox 494 4984 2142 5059">
    <p class='ocr_par' dir='ltr' id='par_1_98' title="bbox 494 4984 2142 5059">
     <span class='ocr_line' id='line_1_98' title="bbox 494 4984 2142 5059; baseline -0.002 -18"><span class='ocrx_word' id='word_1_683' title='bbox 494 4987 684 5043; x_wconf 89' lang='lat' dir='ltr'><strong>virum</strong></span> <span class='ocrx_word' id='word_1_684' title='bbox 719 4986 1250 5043; x_wconf 86' lang='lat' dir='ltr'><strong>ambidextrum.ls</strong></span> <span class='ocrx_word' id='word_1_685' title='bbox 1307 4987 1618 5059; x_wconf 69' lang='lat' dir='ltr'><strong>prmclarm</strong></span> <span class='ocrx_word' id='word_1_686' title='bbox 1678 5001 1856 5040; x_wconf 89' lang='lat' dir='ltr'><strong>ausus</strong></span> <span class='ocrx_word' id='word_1_687' title='bbox 1911 4984 2142 5040; x_wconf 84' lang='lat' dir='ltr'><strong>facinus</strong></span> 
     </span>
    </p>
   </div>
   <div class='ocr_carea' id='block_1_99' title="bbox 495 5072 2142 5150">
    <p class='ocr_par' dir='ltr' id='par_1_99' title="bbox 495 5072 2142 5150">
     <span class='ocr_line' id='line_1_99' title="bbox 495 5072 2142 5150; baseline -0.002 -18"><span class='ocrx_word' id='word_1_688' title='bbox 495 5077 776 5150; x_wconf 82' lang='lat' dir='ltr'><strong>Eglonem</strong></span> <span class='ocrx_word' id='word_1_689' title='bbox 809 5076 968 5132; x_wconf 90' lang='lat' dir='ltr'><strong>domi</strong></span> <span class='ocrx_word' id='word_1_690' title='bbox 1000 5094 1121 5132; x_wconf 64' lang='lat' dir='ltr'><strong>suas</strong></span> <span class='ocrx_word' id='word_1_691' title='bbox 1175 5076 1311 5132; x_wconf 92' lang='lat' dir='ltr'><strong>dolo</strong></span> <span class='ocrx_word' id='word_1_692' title='bbox 1366 5075 1684 5142; x_wconf 79' lang='lat' dir='ltr'><strong>interfecit,</strong></span> <span class='ocrx_word' id='word_1_693' title='bbox 1742 5075 1993 5146; x_wconf 76' lang='lat' dir='ltr'><strong>fugaque</strong></span> <span class='ocrx_word' id='word_1_694' title='bbox 2025 5072 2142 5128; x_wconf 85' lang='lat' dir='ltr'><strong>ela-</strong></span> 
     </span>
    </p>
   </div>
   <div class='ocr_carea' id='block_1_100' title="bbox 497 5164 2142 5238">
    <p class='ocr_par' dir='ltr' id='par_1_100' title="bbox 497 5164 2142 5238">
     <span class='ocr_line' id='line_1_100' title="bbox 497 5164 2142 5238; baseline -0.004 -16"><span class='ocrx_word' id='word_1_695' title='bbox 497 5183 660 5238; x_wconf 86' lang='lat' dir='ltr'><strong>psus,</strong></span> <span class='ocrx_word' id='word_1_696' title='bbox 727 5165 1041 5223; x_wconf 84' lang='lat' dir='ltr'><strong>confestim</strong></span> <span class='ocrx_word' id='word_1_697' title='bbox 1115 5165 1394 5221; x_wconf 89' lang='lat' dir='ltr'><strong>Israelico</strong></span> <span class='ocrx_word' id='word_1_698' title='bbox 1480 5164 1743 5220; x_wconf 86' lang='lat' dir='ltr'><strong>exercitu</strong></span> <span class='ocrx_word' id='word_1_699' title='bbox 1815 5167 2142 5233; x_wconf 87' lang='lat' dir='ltr'><strong>assumpto,</strong></span> 
     </span>
    </p>
   </div>
   <div class='ocr_carea' id='block_1_101' title="bbox 499 5251 2145 5329">
    <p class='ocr_par' dir='ltr' id='par_1_101' title="bbox 499 5251 2145 5329">
     <span class='ocr_line' id='line_1_101' title="bbox 499 5251 2145 5329; baseline -0.004 -19"><span class='ocrx_word' id='word_1_700' title='bbox 499 5273 713 5329; x_wconf 73' lang='lat' dir='ltr'><strong>magna</strong></span> <span class='ocrx_word' id='word_1_701' title='bbox 771 5257 1054 5312; x_wconf 85' lang='lat' dir='ltr'><strong>Moabitas</strong></span> <span class='ocrx_word' id='word_1_702' title='bbox 1113 5255 1280 5312; x_wconf 89' lang='lat' dir='ltr'><strong>clade</strong></span> <span class='ocrx_word' id='word_1_703' title='bbox 1324 5255 1539 5310; x_wconf 73' lang='lat' dir='ltr'><strong>aﬂ‘ecit.</strong></span> <span class='ocrx_word' id='word_1_704' title='bbox 1599 5255 1811 5308; x_wconf 87' lang='lat' dir='ltr'><strong>Postea</strong></span> <span class='ocrx_word' id='word_1_705' title='bbox 1865 5251 2040 5307; x_wconf 88' lang='lat' dir='ltr'><strong>annis</strong></span> <span class='ocrx_word' id='word_1_706' title='bbox 2075 5252 2145 5305; x_wconf 89' lang='lat'><strong>80</strong></span> 
     </span>
    </p>
   </div>
   <div class='ocr_carea' id='block_1_102' title="bbox 493 5339 2144 5416">
    <p class='ocr_par' dir='ltr' id='par_1_102' title="bbox 493 5339 2144 5416">
     <span class='ocr_line' id='line_1_102' title="bbox 493 5339 2144 5416; baseline -0.001 -16"><span class='ocrx_word' id='word_1_707' title='bbox 493 5345 711 5400; x_wconf 79' lang='lat' dir='ltr'><strong>Juda-is</strong></span> <span class='ocrx_word' id='word_1_708' title='bbox 744 5345 943 5416; x_wconf 89' lang='lat' dir='ltr'><strong>quieta</strong></span> <span class='ocrx_word' id='word_1_709' title='bbox 964 5345 1165 5400; x_wconf 90' lang='lat' dir='ltr'><strong>omnia</strong></span> <span class='ocrx_word' id='word_1_710' title='bbox 1203 5344 1466 5400; x_wconf 84' lang='lat' dir='ltr'><strong>fuerunt.</strong></span> <span class='ocrx_word' id='word_1_711' title='bbox 1527 5341 1644 5397; x_wconf 87' lang='lat' dir='ltr'><strong>Sub</strong></span> <span class='ocrx_word' id='word_1_712' title='bbox 1703 5339 1832 5413; x_wconf 87' lang='lat' dir='ltr'><strong>ejus</strong></span> <span class='ocrx_word' id='word_1_713' title='bbox 1891 5347 2144 5398; x_wconf 87' lang='lat' dir='ltr'><strong>mortem</strong></span> 
     </span>
    </p>
   </div>
   <div class='ocr_carea' id='block_1_103' title="bbox 496 5429 2145 5506">
    <p class='ocr_par' dir='ltr' id='par_1_103' title="bbox 496 5429 2145 5506">
     <span class='ocr_line' id='line_1_103' title="bbox 496 5429 2145 5506; baseline -0.004 -16"><span class='ocrx_word' id='word_1_714' title='bbox 496 5451 631 5490; x_wconf 90' lang='lat' dir='ltr'><strong>cum</strong></span> <span class='ocrx_word' id='word_1_715' title='bbox 658 5434 913 5506; x_wconf 90' lang='lat' dir='ltr'><strong>p0pulus</strong></span> <span class='ocrx_word' id='word_1_716' title='bbox 939 5434 1252 5490; x_wconf 86' lang='lat' dir='ltr'><strong>Israelicus</strong></span> <span class='ocrx_word' id='word_1_717' title='bbox 1281 5449 1486 5488; x_wconf 89' lang='lat' dir='ltr'><strong>rursus</strong></span> <span class='ocrx_word' id='word_1_718' title='bbox 1515 5448 1549 5486; x_wconf 91' lang='lat' dir='ltr'><strong>a</strong></span> <span class='ocrx_word' id='word_1_719' title='bbox 1605 5431 1724 5487; x_wconf 91' lang='lat' dir='ltr'><strong>Deo</strong></span> <span class='ocrx_word' id='word_1_720' title='bbox 1781 5429 2145 5497; x_wconf 84' lang='lat' dir='ltr'><strong>descivisset,</strong></span> 
     </span>
    </p>
   </div>
   <div class='ocr_carea' id='block_1_104' title="bbox 496 5519 2148 5599">
    <p class='ocr_par' dir='ltr' id='par_1_104' title="bbox 496 5519 2148 5599">
     <span class='ocr_line' id='line_1_104' title="bbox 496 5519 2148 5599; baseline -0.003 -20"><span class='ocrx_word' id='word_1_721' title='bbox 496 5541 605 5599; x_wconf 90' lang='lat' dir='ltr'><strong>per</strong></span> <span class='ocrx_word' id='word_1_722' title='bbox 633 5540 822 5584; x_wconf 86' lang='lat' dir='ltr'><strong>annos</strong></span> <span class='ocrx_word' id='word_1_723' title='bbox 848 5525 918 5580; x_wconf 89' lang='lat'><strong>20</strong></span> <span class='ocrx_word' id='word_1_724' title='bbox 940 5541 1075 5580; x_wconf 92' lang='lat' dir='ltr'><strong>eum</strong></span> <span class='ocrx_word' id='word_1_725' title='bbox 1094 5524 1291 5579; x_wconf 88' lang='lat' dir='ltr'><strong>Sisera</strong></span> <span class='ocrx_word' id='word_1_726' title='bbox 1308 5521 1515 5578; x_wconf 80' lang='lat' dir='ltr'><strong>Jabani</strong></span> <span class='ocrx_word' id='word_1_727' title='bbox 1529 5521 1682 5594; x_wconf 71' lang='lat' dir='ltr'><strong>regis</strong></span> <span class='ocrx_word' id='word_1_728' title='bbox 1703 5520 2010 5593; x_wconf 91' lang='lat' dir='ltr'><strong>copiarum</strong></span> <span class='ocrx_word' id='word_1_729' title='bbox 2031 5519 2148 5576; x_wconf 83' lang='lat' dir='ltr'><strong>dux</strong></span> 
     </span>
    </p>
   </div>
   <div class='ocr_carea' id='block_1_105' title="bbox 569 5717 1870 5792">
    <p class='ocr_par' dir='ltr' id='par_1_105' title="bbox 569 5717 1870 5792">
     <span class='ocr_line' id='line_1_105' title="bbox 569 5717 1870 5792; baseline -0.008 -8"><span class='ocrx_word' id='word_1_730' title='bbox 569 5723 790 5784; x_wconf 70' lang='lat' dir='ltr'><strong>“Psal.</strong></span> <span class='ocrx_word' id='word_1_731' title='bbox 825 5741 1019 5792; x_wconf 74' lang='lat' dir='ltr'><strong>xum,</strong></span> <span class='ocrx_word' id='word_1_732' title='bbox 1139 5720 1185 5757; x_wconf 75' lang='grc'><strong>³⁷</strong></span> <span class='ocrx_word' id='word_1_733' title='bbox 1205 5720 1395 5778; x_wconf 79' lang='lat' dir='ltr'><strong>Judic.</strong></span> <span class='ocrx_word' id='word_1_734' title='bbox 1431 5736 1470 5775; x_wconf 77' lang='grc' dir='ltr'><strong>ιι</strong></span> <span class='ocrx_word' id='word_1_735' title='bbox 1503 5719 1548 5754; x_wconf 67' lang='grc'><strong>³⁸</strong></span> <span class='ocrx_word' id='word_1_736' title='bbox 1576 5717 1764 5774; x_wconf 76' lang='lat' dir='ltr'><strong>Judic.</strong></span> <span class='ocrx_word' id='word_1_737' title='bbox 1789 5734 1870 5774; x_wconf 81' lang='lat' dir='ltr'><strong>nl.</strong></span> 
     </span>
    </p>
   </div>
   <div class='ocr_carea' id='block_1_106' title="bbox 2254 4708 3878 4788">
    <p class='ocr_par' dir='ltr' id='par_1_106' title="bbox 2254 4708 3878 4788">
     <span class='ocr_line' id='line_1_106' title="bbox 2254 4708 3878 4788; baseline -0.002 -21"><span class='ocrx_word' id='word_1_738' title='bbox 2254 4711 2386 4774; x_wconf 83' lang='grc' dir='ltr'>λαὸς</span> <span class='ocrx_word' id='word_1_739' title='bbox 2443 4711 2579 4783; x_wconf 69' lang='grc' dir='ltr'>πρὸς</span> <span class='ocrx_word' id='word_1_740' title='bbox 2641 4710 2860 4785; x_wconf 76' lang='grc' dir='ltr'>Κύριον,</span> <span class='ocrx_word' id='word_1_741' title='bbox 2908 4711 3001 4767; x_wconf 85' lang='grc' dir='ltr'><strong>καὶ</strong></span> <span class='ocrx_word' id='word_1_742' title='bbox 3057 4710 3256 4767; x_wconf 81' lang='grc' dir='ltr'>ἔδωκεν</span> <span class='ocrx_word' id='word_1_743' title='bbox 3312 4714 3500 4778; x_wconf 80' lang='grc' dir='ltr'>αὐτοῖς</span> <span class='ocrx_word' id='word_1_744' title='bbox 3558 4714 3747 4788; x_wconf 77' lang='grc' dir='ltr'>κριτὴν</span> <span class='ocrx_word' id='word_1_745' title='bbox 3795 4708 3878 4764; x_wconf 80' lang='grc' dir='ltr'><strong>τὸν</strong></span> 
     </span>
    </p>
   </div>
   <div class='ocr_carea' id='block_1_107' title="bbox 2251 4795 3882 4880">
    <p class='ocr_par' dir='ltr' id='par_1_107' title="bbox 2251 4795 3882 4880">
     <span class='ocr_line' id='line_1_107' title="bbox 2251 4795 3882 4880; baseline -0.004 -24"><span class='ocrx_word' id='word_1_746' title='bbox 2251 4797 2397 4856; x_wconf 78' lang='grc' dir='ltr'><strong>Ἀὼδ</strong></span> <span class='ocrx_word' id='word_1_747' title='bbox 2428 4797 2596 4875; x_wconf 78' lang='grc' dir='ltr'>ἄνδρα</span> <span class='ocrx_word' id='word_1_748' title='bbox 2653 4797 3131 4880; x_wconf 72' lang='grc' dir='ltr'>ἀμφοτεροδέξιον,</span> <span class='ocrx_word' id='word_1_749' title='bbox 3190 4802 3249 4864; x_wconf 85' lang='grc' dir='ltr'><strong>’ὸς</strong></span> <span class='ocrx_word' id='word_1_750' title='bbox 3321 4799 3608 4876; x_wconf 65' lang='grc' dir='ltr'>τολμήσας</span> <span class='ocrx_word' id='word_1_751' title='bbox 3695 4795 3882 4856; x_wconf 80' lang='grc' dir='ltr'>ἀνεῖλεν</span> 
     </span>
    </p>
   </div>
   <div class='ocr_carea' id='block_1_108' title="bbox 2253 4887 3881 4969">
    <p class='ocr_par' dir='ltr' id='par_1_108' title="bbox 2253 4887 3881 4969">
     <span class='ocr_line' id='line_1_108' title="bbox 2253 4887 3881 4969; baseline -0.004 -23"><span class='ocrx_word' id='word_1_752' title='bbox 2253 4887 2482 4962; x_wconf 87' lang='grc' dir='ltr'>Ἐκλὼμ</span> <span class='ocrx_word' id='word_1_753' title='bbox 2512 4887 2564 4944; x_wconf 76' lang='grc' dir='ltr'>ἐν</span> <span class='ocrx_word' id='word_1_754' title='bbox 2595 4892 2674 4960; x_wconf 83' lang='grc' dir='ltr'>τῷ</span> <span class='ocrx_word' id='word_1_755' title='bbox 2706 4887 2843 4962; x_wconf 72' lang='grc' dir='ltr'>οἴκῳ</span> <span class='ocrx_word' id='word_1_756' title='bbox 2873 4888 3038 4944; x_wconf 76' lang='grc' dir='ltr'>αὐτοῦ</span> <span class='ocrx_word' id='word_1_757' title='bbox 3070 4887 3243 4964; x_wconf 86' lang='grc' dir='ltr'>δόλῳ,</span> <span class='ocrx_word' id='word_1_758' title='bbox 3270 4891 3362 4946; x_wconf 81' lang='grc' dir='ltr'><strong>καὶ</strong></span> <span class='ocrx_word' id='word_1_759' title='bbox 3393 4891 3582 4969; x_wconf 77' lang='grc' dir='ltr'>φυγὼν</span> <span class='ocrx_word' id='word_1_760' title='bbox 3641 4888 3881 4953; x_wconf 84' lang='grc' dir='ltr'>διεσώθη.</span> 
     </span>
    </p>
   </div>
   <div class='ocr_carea' id='block_1_109' title="bbox 2251 4973 3880 5054">
    <p class='ocr_par' dir='ltr' id='par_1_109' title="bbox 2251 4973 3880 5054">
     <span class='ocr_line' id='line_1_109' title="bbox 2251 4973 3880 5054; baseline -0.004 -18"><span class='ocrx_word' id='word_1_761' title='bbox 2251 4979 2356 5036; x_wconf 82' lang='grc' dir='ltr'>Καὶ</span> <span class='ocrx_word' id='word_1_762' title='bbox 2386 4976 2656 5052; x_wconf 74' lang='grc' dir='ltr'>παριυθὺς</span> <span class='ocrx_word' id='word_1_763' title='bbox 2702 4973 2973 5051; x_wconf 73' lang='grc' dir='ltr'>λαμϐάνει</span> <span class='ocrx_word' id='word_1_764' title='bbox 3029 4979 3122 5036; x_wconf 85' lang='grc' dir='ltr'>τὸν</span> <span class='ocrx_word' id='word_1_765' title='bbox 3185 4979 3434 5054; x_wconf 79' lang='grc' dir='ltr'>Ἰσραὴλ,</span> <span class='ocrx_word' id='word_1_766' title='bbox 3490 4981 3581 5036; x_wconf 78' lang='grc' dir='ltr'><strong>καὶ</strong></span> <span class='ocrx_word' id='word_1_767' title='bbox 3640 4977 3880 5036; x_wconf 80' lang='grc' dir='ltr'>πατάσσει</span> 
     </span>
    </p>
   </div>
   <div class='ocr_carea' id='block_1_110' title="bbox 2250 5057 3876 5146">
    <p class='ocr_par' dir='ltr' id='par_1_110' title="bbox 2250 5057 3876 5146">
     <span class='ocr_line' id='line_1_110' title="bbox 2250 5057 3876 5146; baseline -0.001 -24"><span class='ocrx_word' id='word_1_768' title='bbox 2250 5069 2352 5138; x_wconf 79' lang='grc' dir='ltr'>τήν</span> <span class='ocrx_word' id='word_1_769' title='bbox 2381 5061 2554 5123; x_wconf 78' lang='grc' dir='ltr'>Μωὰϐ</span> <span class='ocrx_word' id='word_1_770' title='bbox 2584 5067 2865 5142; x_wconf 84' lang='grc' dir='ltr'>παταγμὸν</span> <span class='ocrx_word' id='word_1_771' title='bbox 2921 5067 3110 5142; x_wconf 73' lang='grc' dir='ltr'>μέγαν,</span> <span class='ocrx_word' id='word_1_772' title='bbox 3161 5069 3254 5124; x_wconf 79' lang='grc' dir='ltr'><strong>καὶ</strong></span> <span class='ocrx_word' id='word_1_773' title='bbox 3311 5070 3580 5146; x_wconf 70' lang='grc' dir='ltr'>ἡσυχάζει</span> <span class='ocrx_word' id='word_1_774' title='bbox 3609 5073 3645 5142; x_wconf 82' lang='grc' dir='ltr'><strong>ἡ</strong></span> <span class='ocrx_word' id='word_1_775' title='bbox 3698 5073 3763 5145; x_wconf 77' lang='grc' dir='ltr'>γῆ</span> <span class='ocrx_word' id='word_1_776' title='bbox 3795 5057 3876 5132; x_wconf 78' lang='grc' dir='ltr'>ἔτη</span> 
     </span>
    </p>
   </div>
   <div class='ocr_carea' id='block_1_111' title="bbox 2255 5153 3874 5232">
    <p class='ocr_par' dir='ltr' id='par_1_111' title="bbox 2255 5153 3874 5232">
     <span class='ocr_line' id='line_1_111' title="bbox 2255 5153 3874 5232; baseline -0.002 -20"><span class='ocrx_word' id='word_1_777' title='bbox 2255 5153 2616 5232; x_wconf 76' lang='grc' dir='ltr'>ὁγδοήκοντα.</span> <span class='ocrx_word' id='word_1_778' title='bbox 2660 5157 2761 5214; x_wconf 80' lang='grc' dir='ltr'>Καὶ</span> <span class='ocrx_word' id='word_1_779' title='bbox 2825 5157 2960 5231; x_wconf 85' lang='grc' dir='ltr'>μετᾶ</span> <span class='ocrx_word' id='word_1_780' title='bbox 3019 5157 3278 5229; x_wconf 72' lang='grc' dir='ltr'>τελευτήν</span> <span class='ocrx_word' id='word_1_781' title='bbox 3332 5161 3432 5228; x_wconf 72' lang='grc' dir='ltr'><strong>τήν</strong></span> <span class='ocrx_word' id='word_1_782' title='bbox 3481 5159 3648 5216; x_wconf 76' lang='grc' dir='ltr'>αὐτοῦ</span> <span class='ocrx_word' id='word_1_783' title='bbox 3693 5156 3874 5218; x_wconf 82' lang='grc' dir='ltr'>ἆπὲστη</span> 
     </span>
    </p>
   </div>
   <div class='ocr_carea' id='block_1_112' title="bbox 2254 5239 3876 5320">
    <p class='ocr_par' dir='ltr' id='par_1_112' title="bbox 2254 5239 3876 5320">
     <span class='ocr_line' id='line_1_112' title="bbox 2254 5239 3876 5320; baseline -0.002 -18"><span class='ocrx_word' id='word_1_784' title='bbox 2254 5247 2418 5304; x_wconf 82' lang='grc' dir='ltr'>πάλιν</span> <span class='ocrx_word' id='word_1_785' title='bbox 2475 5250 2505 5304; x_wconf 80' lang='grc' dir='ltr'><strong>ὁ</strong></span> <span class='ocrx_word' id='word_1_786' title='bbox 2553 5246 2708 5312; x_wconf 82' lang='grc' dir='ltr'>λαὸς,</span> <span class='ocrx_word' id='word_1_787' title='bbox 2761 5247 2849 5302; x_wconf 62' lang='grc' dir='ltr'><strong>καἶ</strong></span> <span class='ocrx_word' id='word_1_788' title='bbox 2913 5247 3266 5304; x_wconf 83' lang='grc' dir='ltr'>ἐταπείνωσεν</span> <span class='ocrx_word' id='word_1_789' title='bbox 3322 5247 3517 5310; x_wconf 79' lang='grc' dir='ltr'>αὐτοὺς</span> <span class='ocrx_word' id='word_1_790' title='bbox 3573 5250 3601 5304; x_wconf 86' lang='grc' dir='ltr'>ὁ</span> <span class='ocrx_word' id='word_1_791' title='bbox 3661 5239 3876 5320; x_wconf 65' lang='grc' dir='ltr'>Σισὰῥρα</span> 
     </span>
    </p>
   </div>
   <div class='ocr_carea' id='block_1_113' title="bbox 2255 5331 3876 5416">
    <p class='ocr_par' dir='ltr' id='par_1_113' title="bbox 2255 5331 3876 5416">
     <span class='ocr_line' id='line_1_113' title="bbox 2255 5331 3876 5416; baseline -0.002 -24"><span class='ocrx_word' id='word_1_792' title='bbox 2255 5339 2284 5392; x_wconf 88' lang='grc' dir='ltr'><strong>ὁ</strong></span> <span class='ocrx_word' id='word_1_793' title='bbox 2314 5334 2602 5410; x_wconf 71' lang='grc' dir='ltr'>δυνάστης,</span> <span class='ocrx_word' id='word_1_794' title='bbox 2637 5333 2894 5413; x_wconf 78' lang='grc' dir='ltr'>βασιλεὺς</span> <span class='ocrx_word' id='word_1_795' title='bbox 2928 5331 3120 5406; x_wconf 81' lang='grc' dir='ltr'>Ἰαϐἰν,</span> <span class='ocrx_word' id='word_1_796' title='bbox 3153 5331 3247 5408; x_wconf 75' lang='grc' dir='ltr'>ἔτη</span> <span class='ocrx_word' id='word_1_797' title='bbox 3298 5339 3369 5408; x_wconf 85' lang='grc' dir='ltr'>η’.</span> <span class='ocrx_word' id='word_1_798' title='bbox 3429 5338 3535 5396; x_wconf 78' lang='grc' dir='ltr'><strong>Καὶ</strong></span> <span class='ocrx_word' id='word_1_799' title='bbox 3565 5331 3876 5416; x_wconf 79' lang='grc' dir='ltr'>προσκαλεῖ-</span> 
     </span>
    </p>
   </div>
   <div class='ocr_carea' id='block_1_114' title="bbox 2254 5419 3874 5507">
    <p class='ocr_par' dir='ltr' id='par_1_114' title="bbox 2254 5419 3874 5507">
     <span class='ocr_line' id='line_1_114' title="bbox 2254 5419 3874 5507; baseline -0.005 -25"><span class='ocrx_word' id='word_1_800' title='bbox 2254 5447 2340 5483; x_wconf 87' lang='grc' dir='ltr'><strong>ται</strong></span> <span class='ocrx_word' id='word_1_801' title='bbox 2374 5421 2614 5504; x_wconf 75' lang='grc' dir='ltr'>Δεϐόῤῥα</span> <span class='ocrx_word' id='word_1_802' title='bbox 2669 5429 2704 5498; x_wconf 81' lang='grc' dir='ltr'>ἡ</span> <span class='ocrx_word' id='word_1_803' title='bbox 2765 5431 3038 5502; x_wconf 69' lang='grc' dir='ltr'>προφῆτις</span> <span class='ocrx_word' id='word_1_804' title='bbox 3094 5427 3186 5483; x_wconf 86' lang='grc' dir='ltr'>τὸν</span> <span class='ocrx_word' id='word_1_805' title='bbox 3249 5427 3432 5502; x_wconf 80' lang='grc' dir='ltr'>Βαρᾶκ</span> <span class='ocrx_word' id='word_1_806' title='bbox 3459 5429 3550 5500; x_wconf 76' lang='grc' dir='ltr'>(ἦν</span> <span class='ocrx_word' id='word_1_807' title='bbox 3604 5429 3706 5507; x_wconf 80' lang='grc' dir='ltr'>γὰρ</span> <span class='ocrx_word' id='word_1_808' title='bbox 3756 5419 3874 5487; x_wconf 76' lang='grc' dir='ltr'>αὕτη</span> 
     </span>
    </p>
   </div>
   <div class='ocr_carea' id='block_1_115' title="bbox 2254 5508 3877 5596">
    <p class='ocr_par' dir='ltr' id='par_1_115' title="bbox 2254 5508 3877 5596">
     <span class='ocr_line' id='line_1_115' title="bbox 2254 5508 3877 5596; baseline 0 -23"><span class='ocrx_word' id='word_1_809' title='bbox 2254 5517 2379 5574; x_wconf 81' lang='grc' dir='ltr'>τότε</span> <span class='ocrx_word' id='word_1_810' title='bbox 2402 5515 2660 5596; x_wconf 84' lang='grc' dir='ltr'>κρίνουσα</span> <span class='ocrx_word' id='word_1_811' title='bbox 2685 5517 2776 5573; x_wconf 83' lang='grc' dir='ltr'>τὸν</span> <span class='ocrx_word' id='word_1_812' title='bbox 2805 5515 2984 5593; x_wconf 84' lang='grc' dir='ltr'>λαὸν),</span> <span class='ocrx_word' id='word_1_813' title='bbox 3029 5516 3119 5574; x_wconf 84' lang='grc' dir='ltr'><strong>καὶ</strong></span> <span class='ocrx_word' id='word_1_814' title='bbox 3180 5516 3574 5595; x_wconf 75' lang='grc' dir='ltr'>συμπορεόεται</span> <span class='ocrx_word' id='word_1_815' title='bbox 3635 5515 3744 5596; x_wconf 83' lang='grc' dir='ltr'>μετ’</span> <span class='ocrx_word' id='word_1_816' title='bbox 3793 5508 3877 5566; x_wconf 77' lang='grc' dir='ltr'><strong>αὖ·</strong></span> 
     </span>
    </p>
   </div>
  </div>
