4094 6292
232 383 346 444 13⁸7

1371 383 1919 447 HISTOllIARUM
1961 382 2521 448 COMPENDIUM.

3545 392 3659 453 138

235 515 530 593 ἄνηνεγκεν
562 521 657 595 [Ρ.
700 522 790 596 60]
822 518 907 575 ἐπὶ
961 523 1069 575 τῶν
1129 517 1298 592 ὣμων
1338 516 1392 576 ἰν
1421 524 1501 594 τῷ
1532 516 1667 595 ὅρει.
1700 517 1896 574 Ὡσαύ-

2016 535 2125 574 res.
2157 519 2400 576 Prmfuit
2428 521 2648 593 populo
2708 537 2898 578 annos
2945 525 3034 578 20.
3086 525 3408 596 Postquam
3458 543 3595 584 vero
3624 544 3662 585 a

236 629 350 671 τως
380 606 438 665 δὲ
466 608 557 664 καὶ
589 609 660 664 τὰ
709 609 834 685 περὶ
890 609 989 678 τήν
1048 606 1306 666 Δαλιδᾶν.
1343 610 1532 684 Κρίνει
1562 606 1621 664 δὲ
1648 609 1740 665 τὸν
1774 607 1905 665 λαὸν

244 693 301 755 ἕ,
401 695 433 727 ν,
690 698 705 716 ε
854 699 869 715 ι
963 698 978 715 ε
1073 721 1081 735 ι
1218 702 1244 714 -ι
1381 699 1394 719 ο
1454 699 1469 716 ε
1546 703 1575 714 ς.
1660 699 1674 718 ν
1836 697 1859 729 ,ι

283 721 343 771 .η
375 718 571 753 ειιιοσι.
608 704 707 753 Kc:
743 720 879 771 μετα
924 718 987 754 το
1044 699 1339 774 ξορηθηναι
1375 720 1479 755 υπο
1507 720 1618 754 των
1649 697 1903 777 αλλοφα-

248 786 365 844 λων
412 787 501 844 καὶ
550 787 991 864 ἐκτυφλωθῆναι,
1042 788 1379 865 ἀναφυεισῶν
1427 786 1582 851 αὖθις
1629 789 1738 843 τῶν
1787 807 1905 863 τρι-

252 882 373 954 χῶν
399 878 584 948 αὐτοῦ,
615 879 889 935 κατέσεισε
924 880 1024 949 τήν
1079 882 1184 934 τῶν
1218 876 1553 958 ἀλλοφύλων
1589 877 1775 948 πόλιν,
1805 898 1905 933 κα-

244 965 549 1041 ταστρέψας
609 967 804 1038 αύτὴν,
859 966 911 1024 ἐν
969 966 1007 1043 ᾖ
1062 968 1154 1023 καὶ
1204 967 1366 1032 αὐτὸς
1403 969 1748 1034 συναπέθανε,
1783 965 1906 1023 τότε

248 1056 513 1137 φονεύσας
542 1055 769 1118 πλεὲους
833 1055 1184 1135 ἀλλοφύλους
1242 1058 1278 1126 ἢ
1338 1054 1420 1113 ’ἐτι
1477 1063 1605 1126 ζῶν.
1645 1057 1743 1112 Καὶ
1772 1054 1907 1130 μετᾶ

245 1151 443 1203 τοῦτον
474 1146 625 1222 Μιχᾶ
655 1147 683 1201 6
710 1145 773 1202 ἐκ
809 1154 911 1216 τῆς
966 1145 1147 1227 φυλῆς
1204 1148 1442 1227 Ἑφραῖμ
1468 1145 1595 1209 τοὺς
1625 1146 1709 1217 ρλ⁸
1741 1147 1905 1223 ἀργυ-

250 1238 377 1313 ρίου
406 1236 682 1311 σταθμοὺς
731 1234 932 1293 δέδωκε
977 1240 1046 1311 τῇ
1102 1238 1270 1313 μητρὶ
1318 1236 1500 1294 αὐτοῦ.
1533 1238 1597 1294 Ἡ
1629 1234 1686 1292 δὲ
1716 1237 1907 1312 ἡγίασε

248 1328 313 1384 τὸ
365 1325 624 1401 ἀργύριον
683 1327 763 1399 τῷ
822 1325 1021 1401 Κυρῖῳ,
1081 1325 1173 1381 καὶ
1231 1324 1459 1394 ἐποίησε
1503 1325 1772 1401 γλυπτὸν,
1811 1324 1901 1380 καὶ

248 1416 549 1493 χωνευτὸν,
581 1415 673 1471 καὶ
733 1415 888 1486 ἐτέθη
941 1414 993 1470 ἐν
1048 1414 1130 1488 τῷ
1181 1414 1319 1488 οἷ’κῳ
1362 1416 1537 1492 Μιχὰ,
1567 1415 1659 1470 καὶ
1691 1415 1720 1470 6
1750 1416 1903 1475 οἶκος

247 1506 411 1582 Muli
443 1506 518 1568 ὡς
548 1504 701 1568 οἶκος
732 1509 888 1561 Θεοῦ.
944 1503 1202 1576 Ἐποίησε
1231 1502 1289 1559 δὲ
1316 1504 1407 1560 καὶ
1441 1499 1644 1584 Ἐφοὺϐ
1675 1503 1765 1558 καὶ
1803 1509 1903 1557 Σε-

250 1596 455 1671 ραφίμ,
505 1596 594 1650 καὶ
659 1593 1100 1671 προσεκαλέσατο
1153 1595 1386 1664 Λευῗτην
1416 1592 1492 1655 εἷς
1526 1592 1687 1667 ἱερέα,
1717 1592 1807 1647 καὶ
1836 1591 1903 1661 ἦν

250 1685 508 1761 πράττων
563 1682 645 1741 ἐπ’
703 1684 932 1756 ὀνοματι
984 1687 1081 1739 τοῖ’)
1140 1688 1275 1739 Θεοῦ
1322 1684 1456 1738 κατᾶ
1487 1683 1548 1738 τὸ
1578 1681 1906 1756 πρόσταγμα

250 1775 441 1830 αύτοῦ·
500 1773 563 1829 ού
616 1772 718 1851 γαρ
773 1775 842 1844 ἦν
894 1773 1020 1830 τότε
1080 1770 1336 1849 βασιλεὺς
1392 1773 1444 1826 ἐν
1498 1771 1747 1847 Ἰσραὴλ,
1778 1768 1904 1826 ἀλλ’

248 1863 481 1926 ’ἕκαστος
510 1864 572 1920 τὸ
601 1864 822 1938 ἀρεστὸν
880 1862 933 1919 ἓν
988 1861 1297 1942 ὂφθαλμοῖς
1328 1860 1494 1918 αὐτοῦ
1525 1860 1715 1918 ἐποίει.
1748 1862 1905 1918 Ἔστι

250 1953 309 2012 δὲ
356 1956 421 2011 τὸ
478 1952 680 2030 Ἐφοὺδ
737 1955 829 2011 καὶ
880 1955 945 2011 τὸ
1006 1955 1259 2029 Σεραφίμ
1313 1948 1517 2027 ἔνδυμα
1554 1952 1644 2009 καὶ
1681 1952 1906 2028 μορφώ-

252 2066 420 2118 ματα.
454 2052 614 2121 Λεγει
647 2041 705 2100 δὲ
743 2045 1073 2114 πεποιῆσθαι
1135 2043 1237 2099 ὑπὸ
1294 2047 1391 2099 τοῦ
1443 2043 1601 2123 Μιχᾶ
1657 2037 1907 2115 ἐπωμίδα

244 2136 340 2191 καὶ
394 2134 713 2210 πρόσωπον,
768 2128 974 2208 ἔνδυμα
1034 2132 1299 2209 ῗερατικὸν
1357 2133 1448 2189 καὶ
1497 2130 1720 2189 εἲδωλα.
1756 2131 1907 2188 Κατᾶ

243 2230 441 2281 τοῦτον
469 2225 565 2281 τὸν
592 2224 785 2299 καιρὸν
840 2219 1037 2295 συνέϐη
1096 2224 1163 2280 τὰ
1221 2223 1345 2298 περὶ
1394 2222 1486 2278 τὸν
1527 2218 1655 2278 Λευΐ
1683 2222 1772 2277 καὶ
1804 2222 1905 2290 τῆν

241 2312 542 2384 παλλακὴν
573 2314 765 2383 αὐτοῦ,
817 2313 908 2369 καὶ
966 2314 1044 2375 ὡς
1100 2307 1347 2388 ἐξετρίϐη
1378 2315 1414 2381 ἡ
1448 2310 1594 2388 φυλή
1629 2308 1902 2382 Βενιαμίνο

317 2406 467 2461 Πετᾶ
496 2401 556 2459 δὲ
587 2402 829 2478 Σαμψὼν
887 2404 1136 2481 ἡγήσατο
1191 2406 1288 2458 τοῦ
1346 2401 1483 2458 λαοῦ
1524 2407 1753 2475 Σαμανῆ
1784 2395 1905 2462 ἔτος

243 2492 315 2551 ἔν.
355 2496 449 2552 Ἐν
475 2494 692 2555 τούτοις
741 2497 861 2555 τοῖς
917 2491 1148 2569 χρόνοις
1203 2499 1304 2561 τῆς
1362 2490 1650 2567 ῗεραρχίας
1682 2490 1902 2564 εἰρήνην

245 2584 407 2660 ἔσχεν
438 2585 467 2641 6
501 2583 633 2645 λαὸς
664 2582 802 2658 πρὸς
827 2581 956 2645 τοὺς
985 2579 1342 2656 ἀλλοφύλους
1383 2578 1475 2652 ἔτη
1527 2575 1607 2638 λ’.’
1632 2579 1734 2636 Καὶ
1769 2578 1904 2653 μετᾶ

244 2678 413 2730 τοῦτο
442 2673 578 2749 ἦρξε
631 2676 731 2727 τοῦ
786 2669 924 2727 λαοῦ
976 2671 1130 2728 ἨΛεὶ
1183 2672 1211 2724 6
1271 2669 1442 2744 ἱερεὺς
1496 2664 1590 2739 ἔτη
1622 2675 1687 2725 κ’.
1723 2672 1902 2743 Λιμοῦ

247 2763 307 2821 δὲ
335 2765 632 2840 γενομένου
685 2760 891 2817 πολλοὶ
946 2764 1054 2817 τῶν
1111 2755 1376 2835 Ἐϐραίων
1443 2759 1764 2833 μετανάσται
1820 2778 1904 2835 γε-

243 2856 460 2932 γόνασι·
498 2854 618 2926 μεθ’
661 2852 734 2906 ὧν
762 2850 851 2906 καὶ
881 2847 1189 2925 Ἐλιμὲλεχ
1240 2848 1301 2904 ἐκ
1353 2852 1453 2914 τῆς
1510 2848 1690 2926 φυλῆς
1721 2846 1903 2905 Ἰούδα

241 2943 335 3001 καὶ
393 2942 605 3015 Νοεμίν
659 2943 695 3011 ἡ
754 2941 891 3017 γυνή
951 2938 1116 2994 αὐτοῦ
1171 2939 1261 2993 καὶ
1316 2936 1373 2993 οἷ’
1425 2934 1521 2993 δύο
1561 2936 1669 2992 υἱοὶ
1701 2936 1897 2992 αὐτῶν.

243 3035 349 3091 Καὶ
404 3030 687 3101 κατῆλθον
747 3028 822 3091 εἷς
875 3029 973 3084 τὰς
1046 3027 1239 3090 πόλεις
1292 3021 1494 3096 Μωὰϐ,
1552 3027 1643 3081 καὶ
1701 3022 1900 3081 ἔλαϐον

241 3127 362 3183 τοῖς
388 3122 535 3183 υἱοῖς
584 3119 762 3174 αὐτῶν
816 3121 1077 3195 γυναῖκας
1135 3110 1489 3178 Μωαϐίτιδας
1524 3112 1899 3193 ἂλλοφύλους.

240 3211 601 3282 Ἐτελεύτησε
628 3207 687 3266 δὶ
737 3208 850 3265 ἐκεῖ
904 3205 1210 3284 Ἐλιμὲλεχ
1237 3207 1329 3263 καὶ
1360 3208 1412 3263 οἱ
1445 3203 1540 3261 δύο
1571 3205 1681 3261 υἱοὶ
1710 3206 1898 3276 αὐτοῦ,

247 3302 347 3358 καὶ
410 3300 727 3379 κατελείφθη
805 3301 1012 3372 Νοεμῖν
1079 3300 1172 3353 σὺν
1227 3304 1346 3360 ταῖς
1408 3296 1646 3369 νύμφαις
1707 3296 1898 3364 αὑτῆς.

254 3389 450 3449 Ἠνίκα
480 3387 533 3446 δὶ
559 3390 706 3466 ἱξῆρε
754 3390 956 3465 Κύριος
999 3387 1092 3443 τὸν
1143 3385 1309 3460 λιμὸν
1344 3386 1393 3456 ἐξ
1422 3385 1669 3456 Ἰσραὴλ,
1705 3384 1903 3455 ἀνῆλοε

256 3480 469 3553 Νοεμίν
502 3481 630 3556 πρὸς
661 3481 762 3550 τὴν
819 3476 998 3556 φυλήν
1059 3476 1252 3548 αὐτῆς,
1312 3475 1374 3531 ού
1427 3474 1685 3531 κατέλιπε
1718 3472 1778 3530 δὶ
1805 3474 1905 3530 αύ-

249 3574 353 3642 τῆν
410 3569 568 3635 Ῥοῦθ
626 3573 661 3640 ἡ
725 3568 910 3650 νύμφη
965 3568 1156 3638 αὖτῆς’
1211 3567 1301 3622 καὶ
1358 3564 1607 3643 συνεργίᾳ
1647 3570 1781 3622 Θεοῦ
1811 3567 1901 3620 καὶ

247 3659 560 3736 παραινέσει
620 3659 826 3735 Νοεμὶν
887 3656 1207 3713 συνάπτεται
1272 3655 1433 3720 Ῥοίιθ
1491 3659 1571 3729 τῷ
1629 3655 1773 3724 Βοὸζ
1828 3654 1902 3716 ὡς

246 3749 638 3826 ἆγχιστεύοντι
694 3752 775 3821 τῷ
833 3745 1162 3826 Ἐλιμέλεχ.
1222 3745 1312 3817 Ἐξ
1365 3746 1432 3816 ἧς
1486 3742 1641 3819 ἔσχεν
1668 3744 1784 3799 νῖὁν
1812 3744 1903 3799 τὸν

234 3834 437 3908 Ὠϐἠδ,
482 3837 546 3893 οὗ
599 3835 719 3898 υῗὸς
778 3836 975 3893 Ἰεσσαὶ
1034 3837 1064 3892 6
1121 3837 1304 3911 πατὴρ
1362 3831 1546 3890 Δαυῖὂ.
1607 3834 1901 3909 Κατάγεται

239 3929 298 3984 δὲ
330 3929 477 3997 Βοὸζ
508 3925 560 3998 ἐξ
594 3923 771 3983 Ἰούδα
823 3926 915 3981 καὶ
968 3926 1160 4000 Θάμαρ
1206 3931 1307 3995 τῆς
1357 3922 1708 4002 ἀλλοφύλου,
1743 3922 1791 3993 ἐξ
1825 3923 1898 3977 ὧν

242 4019 424 4092 Φαρὶς
450 4017 546 4072 καὶ
575 4016 826 4087 καθεξῆς,
859 4015 935 4079 ὡς
961 4017 996 4085 ἡ
1029 4013 1343 4093 γενεαλογία
1374 4012 1540 4092 φέρει.

306 4108 437 4163 Ὀτι
494 4103 546 4160 ἓν
606 4109 689 4176 τῷ
745 4103 851 4160 ἔτει
904 4105 1147 4179 Σαμψὼν
1204 4098 1441 4175 ἕϐδομος
1473 4105 1581 4176 (57)
1611 4098 1899 4177 ἀρχιερεὺς

234 4196 473 4266 κατέστη
528 4196 558 4251 6
609 4193 785 4262 ’Πλεῖ,
838 4195 897 4257 ὅς
952 4193 1044 4249 καὶ
1098 4188 1290 4269 ἔκρινε
1325 4193 1418 4248 τὸν
1447 4190 1670 4264 Ἰσραὴλ
1700 4192 1900 4262 πεντή-

237 4305 412 4341 κοντα
448 4283 584 4340 ἑτῶν
612 4284 908 4361 γενόμενος
957 4277 1110 4358 ἔτερα
1162 4281 1253 4353 ἔτη
1286 4282 1357 4355 μ’.
1394 4283 1478 4338 Ἐν
1512 4278 1571 4336 δὲ
1600 4284 1679 4353 τῷ
1705 4278 1899 4353 τετάρ-

237 4378 319 4445 τῷ
376 4368 485 4429 ἔτει
541 4380 642 4443 τῆς
703 4371 964 4449 ἷερατείας
1024 4370 1173 4427 Ἠλεὶ
1231 4370 1489 4448 ἐγεννήθη
1542 4369 1571 4426 ὁ
1609 4369 1899 4446 προφήτης

240 4461 544 4535 Σαμουὴλ,
573 4464 666 4519 καὶ
697 4467 778 4536 τῷ
833 4460 1014 4538 ὀγδόῳ
1072 4460 1179 4518 ἔτει
1232 4458 1393 4533 ἐδόθη
1454 4459 1507 4517 ἐν
1534 4463 1614 4533 τῷ
1640 4462 1779 4532 ναῷ,
1809 4457 1900 4514 καὶ

237 4559 324 4626 τῷ
382 4552 476 4624 λη’
530 4549 640 4609 ἔτει
692 4552 898 4628 ἤρξατο
956 4552 1156 4626 κρίνειν
1206 4553 1300 4607 τὸν
1348 4548 1596 4625 Ἰσραὴλ,
1627 4548 1718 4603 καὶ
1745 4551 1826 4620 τῷ
1855 4547 1900 4602 ο¹

239 4642 621 4713 ἐτελεύτησεν,
655 4640 963 4717 ἱερατεύσας
993 4639 1069 4696 λε’
1097 4638 1213 4711 ἔτη.

317 4731 419 4787 Καὶ
449 4735 622 4786 ταῦτα
654 4730 749 4804 μὶν
784 4729 889 4785 ἀπὸ
932 4736 1036 4800 τῆς
1092 4735 1200 4786 τῶν
1233 4732 1447 4804 Κριτῶν
1482 4724 1702 4804 βίϐλου,
1736 4727 1813 4788 ὠς
1845 4723 1898 4781 ἒν

240 4817 479 4893 παρόδῳ
541 4821 657 4875 κατ’
725 4817 998 4892 ἐπιτομήν
1089 4821 1177 4893 [Ρ.
1245 4819 1334 4894 61]
1426 4816 1899 4893 ἐσημειωσάμεθα.

239 4907 443 4982 Ἔδοξε
473 4906 535 4965 δέ
583 4929 678 4983 μοι
732 4909 825 4965 καὶ
878 4908 977 4972 τὰς
1033 4908 1453 4987 ἀναγκαιοτέρας
1484 4906 1762 4971 ὑποθέσεις
1792 4909 1902 4961 τῶν

2015 610 2286 667 Barbaris
2314 610 2597 668 detonsus
2623 617 2683 666 et
2704 620 3028 670 excaecatus
3044 612 3174 683 fuit,
3198 632 3437 672 rursum
3469 618 3660 674 enatis

2014 701 2280 757 crinibus
2329 700 2538 756 urbem
2590 702 2982 757 Barbarorum
3027 720 3379 762 concussam
3428 708 3658 775 evertit,

2018 791 2196 862 inque
2229 806 2300 847 ea
2354 807 2477 846 una
2530 796 2800 847 mortuus
2833 798 2941 862 est,
3000 792 3271 864 pluribus
3304 800 3428 852 tum
3478 814 3657 868 quam

2015 896 2164 951 quos
2186 879 2345 934 vivus
2366 879 2916 943 occideraLnecatis
2946 898 3148 938 secum
3190 884 3485 941 Barbaris.
3520 887 3661 941 Post

2015 969 2175 1024 hunc
2187 970 2405 1025 Michas
2418 969 2489 1025 de
2509 970 2665 1025 tribu
2684 970 3077 1041 Ephraimica,
3106 974 3206 1028 l30
3218 975 3444 1046 argenti
3463 976 3657 1046 pondo

2017 1059 2190 1113 matri
2222 1075 2343 1114 sum
2387 1058 2586 1115 dedit:
2619 1058 2725 1114 illa
2770 1066 3080 1131 argentum
3132 1063 3249 1117 Deo
3297 1066 3663 1120 consecravit

2014 1148 2331 1204 fecit107
2387 1149 2661 1220 sculptile
2695 1155 2752 1204 et
2799 1150 3119 1208 conﬂatile.
3167 1151 3347 1223 idque
3395 1154 3456 1208 in
3503 1153 3659 1210 dono

2016 1238 2219 1293 Michaa
2249 1238 2465 1309 posuit.
2513 1237 2643 1293 Fuit
2699 1243 2899 1296 autem
2958 1240 3167 1296 exinde
3215 1242 3429 1298 domus
3460 1243 3661 1299 Michaa

2016 1333 2296 1400 tanquam
2329 1330 2485 1386 uades
2507 1330 2631 1395 Dei,
2663 1331 3036 1401 confecitque
3063 1332 3373 1403 produm
3404 1339 3463 1390 et
3492 1334 3664 1391 Sera-

2015 1419 2272 1491 pbimos,
2292 1424 2351 1473 et
2382 1419 2637 1475 Levitam
2668 1421 2976 1475 accersivit
3002 1422 3103 1491 qui
3137 1422 3247 1477 sibi
3280 1430 3437 1479 esset
3466 1441 3663 1480 sacer-

2017 1509 2161 1575 dos;
2192 1508 2450 1581 fecitque
2485 1510 2545 1564 in
2576 1509 2817 1565 nomine
2851 1510 2951 1565 Dei
2976 1511 3306 1569 secundum
3337 1513 3469 1584 ejus
3497 1530 3661 1571 man-

2016 1597 2241 1654 datum.
2273 1599 2400 1654 Non
2431 1597 2594 1654 enim
2622 1614 2692 1653 eo
2742 1604 3003 1671 tempore
3035 1601 3350 1657 Israelicus
3405 1603 3662 1675 populus

2015 1703 2214 1760 regem
2245 1687 2537 1744 habebat:
2570 1687 2674 1743 sed
2704 1688 2915 1759 quivis,
2950 1689 3107 1759 quod
3139 1688 3251 1745 sibi
3283 1691 3475 1748 visum
3505 1695 3665 1748 esset

2016 1777 2243 1851 agebat.
2276 1779 2375 1832 Est
2399 1782 2603 1833 autem
2634 1775 2942 1848 Ephodum
2974 1777 3151 1832 vestis
3171 1795 3380 1851 genus,
3409 1786 3469 1836 et
3497 1782 3665 1838 Sera-

2017 1866 2203 1938 phimi
2225 1867 2702 1922 simulacrorum.
2728 1867 3016 1922 Dicuntur
3038 1883 3175 1939 ergo
3197 1884 3231 1923 a
3252 1870 3441 1925 Micha
3477 1870 3661 1927 fuisse

2014 1955 2169 2012 facta
2199 1956 2375 2011 vestis
2422 1955 2785 2020 bumeralis,
2819 1972 2887 2011 ac
2932 1956 3115 2012 facies
3145 1957 3264 2013 sive
3304 1960 3482 2015 vestis
3511 1977 3663 2031 pon-

2016 2045 2272 2112 tiﬁcalis,
2332 2050 2391 2099 et
2448 2044 2787 2100 simulacra.
2848 2045 3067 2100 Eodem
3132 2050 3397 2120 tempore
3450 2049 3661 2106 Levita)

2016 2135 2211 2208 pellex
2260 2138 2641 2206 constuprata
2693 2140 2754 2189 et
2805 2134 3189 2204 Benjaminea
3219 2137 3399 2209 stirps
3465 2139 3662 2195 deleta

2017 2229 2126 2281 est.

2083 2400 2225 2454 Post
2251 2398 2603 2454 Samsonem
2633 2396 2919 2452 Lamanes
2958 2412 3182 2453 annum
3221 2413 3406 2455 unum
3439 2399 3658 2471 populo

2012 2487 2269 2561 praefuit.
2283 2489 2474 2558 Atque
2489 2502 2558 2541 ea
2571 2491 2685 2540 tem
2697 2491 2921 2557 pestate
2935 2486 3341 2544 sacerdotibus
3362 2505 3659 2546 summam

2011 2575 2691 2642 reiadministrantibus,
2707 2577 2776 2630 30
2789 2592 2892 2647 per
2921 2592 3110 2639 annos
3130 2578 3347 2650 pepulo
3363 2596 3496 2634 cum
3518 2579 3659 2636 Bar-

2013 2666 2172 2722 baris
2188 2682 2302 2737 pax
2322 2665 2451 2720 fuit.
2488 2666 2701 2720 Postea
2721 2681 2859 2720 eum
2890 2682 2996 2737 per
3016 2668 3085 2720 2O
3107 2682 3297 2723 annos
3319 2668 3440 2724 Elis
3467 2686 3659 2725 sacer-

2013 2756 2120 2812 dos
2136 2756 2306 2811 rexit.
2342 2755 2481 2810 Orta
2501 2760 2700 2810 autem
2734 2754 2913 2819 fame,
2944 2756 3117 2811 multi
3152 2756 3532 2815 Hebraeorum
3564 2776 3661 2815 so-

2012 2846 2138 2902 lum
2179 2848 2511 2900 verterunt:
2541 2848 2719 2914 atque
2752 2844 2910 2899 inter
2934 2845 3043 2899 hos
3074 2845 3475 2903 Elimelechus
3503 2849 3659 2904 tribu

2009 2935 2245 2991 Judteus
2267 2950 2401 2989 cum
2425 2932 2629 2988 Noemi
2677 2949 2861 2988 uxore
2910 2950 3016 2989 sua
3064 2939 3122 2988 et
3169 2934 3402 2991 duobus
3424 2937 3565 2993 {iliis
3595 2938 3658 2993 in

2012 3023 2188 3078 urbes
2219 3020 2511 3077 Moabicas
2541 3021 2967 3092 commigravit,
3000 3021 3191 3092 deque
3223 3038 3294 3078 ea
3311 3029 3485 3095 gente
3519 3025 3660 3081 filiis

2013 3112 2136 3167 suis
2168 3110 2507 3166 barbaricas
2536 3125 2752 3165 uxores
2783 3110 3162 3166 matrimonio
3188 3110 3411 3181 junxit,
3457 3113 3658 3185 ibique

2012 3201 2138 3272 ipse
2168 3216 2303 3256 cum
2335 3199 2475 3255 ﬁliis
2501 3202 2755 3253 mortem
2813 3198 2980 3260 obiit.
3015 3200 3142 3255 sola
3188 3200 3398 3257 relicta
3455 3203 3660 3260 Noemi

2013 3307 2148 3346 cum
2196 3288 2424 3345 duabus
2462 3287 2732 3343 nuribus.
2787 3290 3112 3359 Postquam
3160 3291 3316 3347 Deus
3359 3291 3578 3348 famem
3625 3310 3662 3350 δ.

2008 3378 2210 3435 Judaea
2238 3376 2501 3441 sustulit,
2551 3376 2730 3431 rediit
2775 3378 3011 3433 Noemis
3061 3378 3135 3434 ad
3188 3379 3407 3435 tribum
3464 3398 3658 3449 suam,

2009 3469 2328 3525 comitante
2359 3484 2490 3524 eam
2524 3467 2716 3523 Rutba
2736 3484 2911 3523 nuru.
2943 3468 3028 3523 lbi
3059 3469 3163 3524 Dei
3185 3469 3405 3526 auxilio
3434 3487 3503 3527 ac
3532 3488 3656 3527 mo-

2007 3559 2136 3614 nitu
2167 3557 2404 3614 Noemis
2451 3556 2722 3611 elTectum
2752 3562 2843 3612 est
2884 3563 2948 3612 ut
2999 3559 3242 3625 Boozus,
3290 3564 3494 3630 utpote
3552 3560 3655 3630 qui

2009 3649 2295 3720 sanguine
2315 3645 2676 3702 Elimelecho
2723 3646 3029 3717 proximus
3049 3653 3226 3715 esset,
3260 3647 3516 3703 Rutbam
3546 3647 3660 3703 du—

2008 3744 2188 3805 ceret,
2213 3754 2284 3792 ex
2304 3752 2490 3807 eaque
2504 3734 2771 3791 Obedum
2794 3740 3024 3806 patrem
3046 3737 3242 3802 Iessea,
3263 3733 3434 3792 avum
3450 3737 3657 3793 Davidi

2008 3832 2447 3901 progeneraret.
2474 3826 2695 3881 Boozus
2716 3841 2751 3880 a
2768 3825 2920 3881 Juda
2940 3831 3000 3879 et
3023 3826 3311 3880 Thamare
3323 3826 3659 3899 alienigena

2009 3917 2254 3974 muliere
2278 3915 2430 3972 108
2460 3931 2644 3987 genus
2670 3915 2911 3986 repetit;
2939 3915 3156 3986 quibus
3178 3920 3353 3970 natus
3377 3916 3492 3971 fuit
3508 3915 3657 3973 Pha-

2007 4023 2193 4072 rezus,
2217 4021 2286 4061 ac
2307 4004 2588 4075 deinceps
2610 4004 2692 4059 uti
2716 4004 2952 4076 generis
2976 4004 3244 4060 recensio
3263 4005 3654 4064 demonstrat.

2077 4099 2248 4152 Anno
2289 4092 2592 4149 Samsonis
2622 4093 2643 4115 "
2687 4092 2976 4163 septimus
3027 4092 3291 4164 pontifex
3320 4094 3656 4151 declaratus

2007 4186 2119 4242 fuit
2141 4184 2280 4240 Elis.
2316 4182 2419 4238 Hic
2449 4182 3002 4254 quinquagenarius
3025 4182 3426 4254 principatum
3448 4183 3655 4255 populi

2007 4274 2269 4347 occmpit
2305 4273 2603 4346 gessitque
2661 4287 2850 4327 annos
2904 4273 2994 4327 40.
3048 4271 3264 4336 Quarto
3296 4287 3451 4327 anno
3479 4273 3658 4345 hujus

2007 4362 2390 4435 pontificatus
2417 4359 2729 4417 Samuelus
2759 4364 2920 4415 vates
2965 4364 3056 4414 est
3111 4365 3308 4428 natus,
3336 4365 3660 4432 octavoque

2006 4454 2068 4509 in
2094 4450 2386 4524 templum
2417 4448 2723 4505 dedicatus
2774 4448 3078 4522 trigesimo
3127 4454 3330 4505 octavo
3362 4450 3538 4522 capit
3559 4450 3662 4523 jus

2006 4541 2226 4614 populo
2259 4539 2456 4595 dicere
2488 4543 2878 4610 mortuusque
2908 4543 3000 4594 est
3022 4554 3176 4593 anno
3200 4540 3662 4611 septuagesimo,

1928 4623 1977 4690 D
2009 4630 2337 4688 sacerdotio
2370 4630 2436 4683 35
2468 4644 2656 4684 annos
2686 4627 2951 4684 functus.

2083 4724 2274 4792 Atque
2303 4719 2432 4775 haec
2483 4716 2726 4789 quidem
2775 4716 2848 4772 de
2887 4717 3041 4772 libro
3082 4715 3357 4774 Judicum
3406 4717 3664 4773 breviter

2013 4817 2190 4884 atque
2222 4809 2416 4866 obiter
2444 4807 2877 4864 annotavimus.
2912 4808 3264 4863 Consultum
3295 4812 3493 4862 autem
3534 4806 3662 4862 fore

2015 4901 2219 4960 censui
2248 4904 2318 4956 ut
2376 4898 2556 4955 etiam
2608 4898 2913 4971 praecipua
2956 4900 3292 4972 Regnorum
3348 4896 3664 4963 librorum,

1448 5008 1811 5067 XYLANDRI
1851 5007 1936 5062 ET
1973 5001 2193 5061 GOARI
2233 4998 2456 5054 NOTAE.

324 5112 441 5176 (57}
500 5108 797 5178 Septimus.
856 5108 979 5164 Nisi
1037 5107 1187 5164 forte
1241 5102 1465 5179 ἑϐδόμῳ
1518 5124 1625 5179 pro
1678 5097 1915 5177 ἕϐδομος

249 5180 580 5254 legendum
631 5179 729 5254 sit,
786 5180 945 5254 quod
1000 5196 1119 5254 non
1172 5184 1335 5252 puto.
1368 5180 1482 5236 Sed
1522 5184 1582 5234 et
1633 5183 1702 5254 ut
1730 5193 1910 5250 supra

252 5250 554 5324 Sa'manes
578 5250 821 5324 quidam
853 5250 1511 5324 Samsonis—successor
1540 5250 1907 5324 nominatur,

246 5324 513 5397 Josepho
536 5322 713 5395 juxta
739 5338 810 5397 ac
841 5323 1157 5397 Scriptura;
1205 5323 1471 5397 ignotus_._
1495 5322 1649 5377 Elim
1680 5338 1716 5377 a
1744 5322 1911 5378 Sam-

249 5394 417 5452 sonis
448 5401 639 5469 morte
661 5395 906 5469 coepisse
923 5394 1253 5469 gubernare
1273 5394 1583 5469 Israelicos
1605 5400 1910 5469 receptum

247 5473 384 5533 est;
420 5472 481 5521 et
508 5465 834 5539 Josephus
860 5465 1096 5539 quoque
1154 5466 1210 5522 id
1267 5466 1583 5523 conﬁrmat
1610 5465 1650 5522 l.
1686 5483 1735 5529 ν,
1769 5483 1821 5523 c.
1854 5470 1908 5523 2.

248 5540 380 5596 Jam
412 5538 743 5610 quodmox
778 5536 927 5610 liber
959 5536 1183 5609 primus
1214 5540 1549 5607 Regnorum
1594 5539 1827 5594 citatur.
1861 5541 1912 5597 is

256 5609 441 5683 quem
472 5609 654 5666 hodie
669 5609 962 5683 Aprimum
1008 5610 1408 5683 samuelicum
1440 5611 1841 5680 nominamus,
1873 5613 1908 5680 ἡ

256 5677 457 5760 πρώτη
504 5683 615 5739 τῶν
664 5677 993 5749 Βασιλειῶν,
1039 5680 1098 5737 id
1148 5687 1487 5757 suspectum
1535 5699 1666 5741 esse
1702 5677 1913 5743 lecturi

581 5799 854 5862 PAIROL.
902 5800 1012 5862 Gn.
1059 5798 1264 5865 CXXI.

2014 5116 2136 5156 non
2166 5097 2360 5153 debet.
2410 5094 2785 5167 Vocabantur
2833 5095 2991 5150 enim
3025 5095 3083 5150 hi
3128 5094 3265 5150 libri
3300 5096 3666 5167 Regnorum,

2016 5170 2174 5244 quod
2204 5168 2390 5244 (verbi
2418 5166 2630 5244 gratia)
2669 5183 2918 5239 regnum
2946 5167 3130 5244 Sauli.
3164 5164 3413 5244 regnum
3445 5164 3672 5244 Davidi,

2016 5236 2265 5314 regnum
2297 5236 2825 5314 Solo'monis,_e_tc,,
2857 5238 3062 5314 ordine
3088 5236 3517 5314 describerent.
3543 5237 3670 5302 Qua

2016 5307 2246 5370 ratione
2277 5318 2336 5367 et
2382 5314 2606 5383 Regum
2664 5308 2802 5383 libri
2851 5310 3287 5383 appellantur;
3312 5309 3403 5383 S_ic
3446 5307 3669 5383 librum

2018 5388 2239 5458 Regum
2269 5380 2510 5458 tertium
2555 5381 2821 5458 lustinus
2880 5383 3094 5458 Martyr
3139 5381 3202 5436 in
3247 5380 3668 5458 Exhortatione

2019 5450 2236 5528 allegat
2319 5451 2509 5528 rpirnv
2552 5451 2866 5528 Baatlszdiu
2907 5450 3173 5528 ἱστορίαν,
3206 5457 3264 5528 et
3313 5453 3670 5528 scripturam

2021 5523 2361 5600 Regnorum
2390 5524 2595 5580 beatus
2627 5524 2988 5597 Augustinus
3018 5523 3358 5597 aliquoties,
3390 5531 3458 5580 ut
3489 5540 3524 5578 ιι
3567 5524 3671 5578 Re-

2023 5623 2246 5674 tractat.
2283 5632 2298 5671 1
2329 5619 2388 5671 et
2416 5632 2501 5670 LV.
2536 5616 2801 5687 itemque
2855 5616 3192 5687 Regnorum
3240 5613 3444 5681 libros,
3478 5611 3553 5668 ad
3581 5612 3677 5665 Ja-

2021 5687 2312 5752 nuarium
2343 5686 2600 5763 epistola
2632 5686 2731 5744 116
2763 5690 2823 5744 et
2850 5686 2973 5744 alii.
3004 5686 3139 5745 Χη.

3435 5799 3471 5857 5
