  <div class='ocr_page' id='page_1' title='image "/cluster/home/n/w/nwhite01/storage/ocr_20150623/121/mdp.39015078384289/077.png"; bbox 0 0 4094 6292; ppageno 0'>
   <div class='ocr_carea' id='block_1_1' title="bbox 506 384 624 449">
    <p class='ocr_par' dir='ltr' id='par_1_1' title="bbox 506 384 624 449">
     <span class='ocr_line' id='line_1_1' title="bbox 506 384 624 449; baseline 0 -1"><span class='ocrx_word' id='word_1_1' title='bbox 506 384 624 449; x_wconf 78' lang='grc'>139</span> 
     </span>
    </p>
   </div>
   <div class='ocr_carea' id='block_1_2' title="bbox 1849 374 2559 442">
    <p class='ocr_par' dir='ltr' id='par_1_2' title="bbox 1849 374 2559 442">
     <span class='ocr_line' id='line_1_2' title="bbox 1849 374 2559 442; baseline 0.004 -3"><span class='ocrx_word' id='word_1_2' title='bbox 1849 375 2170 439; x_wconf 74' lang='lat' dir='ltr'>GEORGII</span> <span class='ocrx_word' id='word_1_3' title='bbox 2213 374 2559 442; x_wconf 77' lang='lat' dir='ltr'>GEDRENI</span> 
     </span>
    </p>
   </div>
   <div class='ocr_carea' id='block_1_3' title="bbox 3787 388 3881 454">
    <p class='ocr_par' dir='ltr' id='par_1_3' title="bbox 3787 388 3881 454">
     <span class='ocr_line' id='line_1_3' title="bbox 3787 388 3881 454; baseline -0.043 -1"><span class='ocrx_word' id='word_1_4' title='bbox 3787 388 3881 454; x_wconf 67' lang='grc'>140</span> 
     </span>
    </p>
   </div>
   <div class='ocr_carea' id='block_1_4' title="bbox 506 507 2139 594">
    <p class='ocr_par' dir='ltr' id='par_1_4' title="bbox 506 510 2139 593">
     <span class='ocr_line' id='line_1_4' title="bbox 506 510 2139 593; baseline -0.007 -16"><span class='ocrx_word' id='word_1_5' title='bbox 506 525 685 593; x_wconf 83' lang='lat' dir='ltr'>atque</span> <span class='ocrx_word' id='word_1_6' title='bbox 716 533 921 575; x_wconf 87' lang='lat' dir='ltr'>eorum</span> <span class='ocrx_word' id='word_1_7' title='bbox 954 516 1054 589; x_wconf 86' lang='lat' dir='ltr'>qui</span> <span class='ocrx_word' id='word_1_8' title='bbox 1088 514 1348 572; x_wconf 84' lang='lat' dir='ltr'>Annales</span> <span class='ocrx_word' id='word_1_9' title='bbox 1379 510 1770 586; x_wconf 79' lang='lat' dir='ltr'>appellantur,</span> <span class='ocrx_word' id='word_1_10' title='bbox 1807 514 2139 584; x_wconf 63' lang='lat' dir='ltr'>argument:</span> 
     </span>
    </p>
   </div>
   <div class='ocr_carea' id='block_1_5' title="bbox 2252 507 3884 594">
    <p class='ocr_par' dir='ltr' id='par_1_5' title="bbox 2265 507 3884 594">
     <span class='ocr_line' id='line_1_5' title="bbox 2265 507 3884 594; baseline 0.007 -30"><span class='ocrx_word' id='word_1_11' title='bbox 2265 528 2326 565; x_wconf 80' lang='grc' dir='ltr'>τε</span> <span class='ocrx_word' id='word_1_12' title='bbox 2357 507 2656 566; x_wconf 83' lang='grc' dir='ltr'>Βασιλειῶν</span> <span class='ocrx_word' id='word_1_13' title='bbox 2710 509 2801 567; x_wconf 81' lang='grc' dir='ltr'>καὶ</span> <span class='ocrx_word' id='word_1_14' title='bbox 2856 511 2966 567; x_wconf 80' lang='grc' dir='ltr'>τῶν</span> <span class='ocrx_word' id='word_1_15' title='bbox 3026 509 3525 589; x_wconf 75' lang='grc' dir='ltr'>Παραλειπομένων</span> <span class='ocrx_word' id='word_1_16' title='bbox 3582 513 3636 572; x_wconf 67' lang='grc' dir='ltr'>ἰν</span> <span class='ocrx_word' id='word_1_17' title='bbox 3667 514 3884 594; x_wconf 67' lang='grc' dir='ltr'>δπιτόμῳ</span> 
     </span>
    </p>
   </div>
   <div class='ocr_carea' id='block_1_6' title="bbox 506 600 2153 681">
    <p class='ocr_par' dir='ltr' id='par_1_6' title="bbox 506 600 2153 681">
     <span class='ocr_line' id='line_1_6' title="bbox 506 600 2153 681; baseline -0.007 -15"><span class='ocrx_word' id='word_1_18' title='bbox 506 608 858 681; x_wconf 89' lang='lat' dir='ltr'>compendio</span> <span class='ocrx_word' id='word_1_19' title='bbox 892 607 1167 668; x_wconf 82' lang='lat' dir='ltr'>referam,</span> <span class='ocrx_word' id='word_1_20' title='bbox 1216 611 1281 660; x_wconf 90' lang='lat' dir='ltr'>ut</span> <span class='ocrx_word' id='word_1_21' title='bbox 1328 620 1397 659; x_wconf 89' lang='lat' dir='ltr'>ea</span> <span class='ocrx_word' id='word_1_22' title='bbox 1437 608 1640 657; x_wconf 84' lang='lat' dir='ltr'>nostro</span> <span class='ocrx_word' id='word_1_23' title='bbox 1693 600 1899 657; x_wconf 81' lang='lat' dir='ltr'>lectori</span> <span class='ocrx_word' id='word_1_24' title='bbox 1934 601 1994 655; x_wconf 93' lang='lat' dir='ltr'>in</span> <span class='ocrx_word' id='word_1_25' title='bbox 2026 615 2153 655; x_wconf 89' lang='lat' dir='ltr'>me-</span> 
     </span>
    </p>
   </div>
   <div class='ocr_carea' id='block_1_7' title="bbox 504 694 1562 767">
    <p class='ocr_par' dir='ltr' id='par_1_7' title="bbox 504 694 1562 767">
     <span class='ocr_line' id='line_1_7' title="bbox 504 694 1562 767; baseline -0.009 -13"><span class='ocrx_word' id='word_1_26' title='bbox 504 699 753 755; x_wconf 89' lang='lat' dir='ltr'>moriam</span> <span class='ocrx_word' id='word_1_27' title='bbox 784 697 899 752; x_wconf 87' lang='lat' dir='ltr'>ista</span> <span class='ocrx_word' id='word_1_28' title='bbox 927 696 1158 751; x_wconf 91' lang='lat' dir='ltr'>ratione</span> <span class='ocrx_word' id='word_1_29' title='bbox 1196 694 1562 767; x_wconf 79' lang='lat' dir='ltr'>redigantur.</span> 
     </span>
    </p>
   </div>
   <div class='ocr_carea' id='block_1_8' title="bbox 574 779 2153 844">
    <p class='ocr_par' dir='ltr' id='par_1_8' title="bbox 574 779 2153 844">
     <span class='ocr_line' id='line_1_8' title="bbox 574 779 2153 844; baseline -0.006 -1"><span class='ocrx_word' id='word_1_30' title='bbox 574 788 826 844; x_wconf 89' lang='lat' dir='ltr'>Elcanas</span> <span class='ocrx_word' id='word_1_31' title='bbox 857 801 993 840; x_wconf 90' lang='lat' dir='ltr'>cum</span> <span class='ocrx_word' id='word_1_32' title='bbox 1043 783 1333 840; x_wconf 84' lang='lat' dir='ltr'>uxoribus</span> <span class='ocrx_word' id='word_1_33' title='bbox 1370 783 1493 838; x_wconf 90' lang='lat' dir='ltr'>suis</span> <span class='ocrx_word' id='word_1_34' title='bbox 1526 784 1693 836; x_wconf 85' lang='lat' dir='ltr'>Anna</span> <span class='ocrx_word' id='word_1_35' title='bbox 1744 786 1803 835; x_wconf 92' lang='lat' dir='ltr'>et</span> <span class='ocrx_word' id='word_1_36' title='bbox 1833 779 2153 834; x_wconf 88' lang='lat' dir='ltr'>Phenanna</span> 
     </span>
    </p>
   </div>
   <div class='ocr_carea' id='block_1_9' title="bbox 505 871 2149 938">
    <p class='ocr_par' dir='ltr' id='par_1_9' title="bbox 505 871 2149 938">
     <span class='ocr_line' id='line_1_9' title="bbox 505 871 2149 938; baseline -0.007 -5"><span class='ocrx_word' id='word_1_37' title='bbox 505 877 769 934; x_wconf 88' lang='lat' dir='ltr'>Silonem</span> <span class='ocrx_word' id='word_1_38' title='bbox 798 874 1088 938; x_wconf 83' lang='lat' dir='ltr'>ascendit,</span> <span class='ocrx_word' id='word_1_39' title='bbox 1123 874 1239 929; x_wconf 87' lang='lat' dir='ltr'>Deo</span> <span class='ocrx_word' id='word_1_40' title='bbox 1262 871 1721 927; x_wconf 77' lang='lat' dir='ltr'>sacrificaturus.</span> <span class='ocrx_word' id='word_1_41' title='bbox 1752 872 1924 924; x_wconf 86' lang='lat' dir='ltr'>Anna</span> <span class='ocrx_word' id='word_1_42' title='bbox 1952 874 2149 924; x_wconf 87' lang='lat' dir='ltr'>autem</span> 
     </span>
    </p>
   </div>
   <div class='ocr_carea' id='block_1_10' title="bbox 504 958 2152 1037">
    <p class='ocr_par' dir='ltr' id='par_1_10' title="bbox 504 958 2152 1037">
     <span class='ocr_line' id='line_1_10' title="bbox 504 958 2152 1037; baseline -0.007 -14"><span class='ocrx_word' id='word_1_43' title='bbox 504 983 640 1023; x_wconf 91' lang='lat' dir='ltr'>cum</span> <span class='ocrx_word' id='word_1_44' title='bbox 670 966 898 1037; x_wconf 87' lang='lat' dir='ltr'>prolem</span> <span class='ocrx_word' id='word_1_45' title='bbox 925 979 1046 1019; x_wconf 91' lang='lat' dir='ltr'>non</span> <span class='ocrx_word' id='word_1_46' title='bbox 1074 962 1339 1023; x_wconf 84' lang='lat' dir='ltr'>haberet.</span> <span class='ocrx_word' id='word_1_47' title='bbox 1391 976 1425 1016; x_wconf 93' lang='lat' dir='ltr'>a</span> <span class='ocrx_word' id='word_1_48' title='bbox 1455 961 1573 1015; x_wconf 86' lang='lat' dir='ltr'>Deo</span> <span class='ocrx_word' id='word_1_49' title='bbox 1616 958 1845 1014; x_wconf 84' lang='lat' dir='ltr'>intimis</span> <span class='ocrx_word' id='word_1_50' title='bbox 1877 958 2152 1030; x_wconf 75' lang='lat' dir='ltr'>precibus</span> 
     </span>
    </p>
   </div>
   <div class='ocr_carea' id='block_1_11' title="bbox 507 1046 2149 1118">
    <p class='ocr_par' dir='ltr' id='par_1_11' title="bbox 507 1046 2149 1118">
     <span class='ocr_line' id='line_1_11' title="bbox 507 1046 2149 1118; baseline -0.007 -7"><span class='ocrx_word' id='word_1_51' title='bbox 507 1054 818 1112; x_wconf 91' lang='lat' dir='ltr'>contendit</span> <span class='ocrx_word' id='word_1_52' title='bbox 844 1058 913 1109; x_wconf 91' lang='lat' dir='ltr'>ut</span> <span class='ocrx_word' id='word_1_53' title='bbox 937 1068 998 1107; x_wconf 87' lang='lat' dir='ltr'>se</span> <span class='ocrx_word' id='word_1_54' title='bbox 1031 1051 1341 1107; x_wconf 76' lang='lat' dir='ltr'>sterilitate</span> <span class='ocrx_word' id='word_1_55' title='bbox 1374 1049 1673 1104; x_wconf 82' lang='lat' dir='ltr'>liberaret.</span> <span class='ocrx_word' id='word_1_56' title='bbox 1709 1046 1994 1118; x_wconf 90' lang='lat' dir='ltr'>pollicens</span> <span class='ocrx_word' id='word_1_57' title='bbox 2035 1046 2149 1117; x_wconf 87' lang='lat' dir='ltr'>ipsi</span> 
     </span>
    </p>
   </div>
   <div class='ocr_carea' id='block_1_12' title="bbox 506 1135 2147 1217">
    <p class='ocr_par' dir='ltr' id='par_1_12' title="bbox 506 1135 2147 1217">
     <span class='ocr_line' id='line_1_12' title="bbox 506 1135 2147 1217; baseline -0.007 -16"><span class='ocrx_word' id='word_1_58' title='bbox 506 1162 570 1201; x_wconf 84' lang='lat' dir='ltr'>se</span> <span class='ocrx_word' id='word_1_59' title='bbox 601 1144 830 1217; x_wconf 87' lang='lat' dir='ltr'>prolem</span> <span class='ocrx_word' id='word_1_60' title='bbox 862 1158 1040 1214; x_wconf 89' lang='lat' dir='ltr'>quam</span> <span class='ocrx_word' id='word_1_61' title='bbox 1088 1139 1352 1195; x_wconf 82' lang='lat' dir='ltr'>dedisset</span> <span class='ocrx_word' id='word_1_62' title='bbox 1397 1142 1896 1194; x_wconf 75' lang='lat' dir='ltr'>consecraturam.</span> <span class='ocrx_word' id='word_1_63' title='bbox 1930 1135 2014 1190; x_wconf 85' lang='lat' dir='ltr'>ita</span> <span class='ocrx_word' id='word_1_64' title='bbox 2044 1135 2147 1191; x_wconf 89' lang='lat' dir='ltr'>Sa-</span> 
     </span>
    </p>
   </div>
   <div class='ocr_carea' id='block_1_13' title="bbox 504 1222 2148 1299">
    <p class='ocr_par' dir='ltr' id='par_1_13' title="bbox 504 1222 2148 1299">
     <span class='ocr_line' id='line_1_13' title="bbox 504 1222 2148 1299; baseline -0.007 -10"><span class='ocrx_word' id='word_1_65' title='bbox 504 1232 687 1290; x_wconf 71' lang='lat' dir='ltr'>mueli</span> <span class='ocrx_word' id='word_1_66' title='bbox 718 1238 910 1288; x_wconf 78' lang='lat' dir='ltr'>mater</span> <span class='ocrx_word' id='word_1_67' title='bbox 936 1231 1090 1286; x_wconf 87' lang='lat' dir='ltr'>facta</span> <span class='ocrx_word' id='word_1_68' title='bbox 1111 1234 1220 1297; x_wconf 90' lang='lat' dir='ltr'>est,</span> <span class='ocrx_word' id='word_1_69' title='bbox 1243 1242 1499 1299; x_wconf 90' lang='lat' dir='ltr'>eumque</span> <span class='ocrx_word' id='word_1_70' title='bbox 1518 1224 1903 1282; x_wconf 87' lang='lat' dir='ltr'>tabernaculo</span> <span class='ocrx_word' id='word_1_71' title='bbox 1920 1224 2023 1280; x_wconf 90' lang='lat' dir='ltr'>Dei</span> <span class='ocrx_word' id='word_1_72' title='bbox 2045 1222 2148 1279; x_wconf 84' lang='lat' dir='ltr'>ob-</span> 
     </span>
    </p>
   </div>
   <div class='ocr_carea' id='block_1_14' title="bbox 503 1313 2147 1393">
    <p class='ocr_par' dir='ltr' id='par_1_14' title="bbox 503 1313 2147 1393">
     <span class='ocr_line' id='line_1_14' title="bbox 503 1313 2147 1393; baseline -0.007 -16"><span class='ocrx_word' id='word_1_73' title='bbox 503 1323 657 1377; x_wconf 71' lang='lat' dir='ltr'>tulit.</span> <span class='ocrx_word' id='word_1_74' title='bbox 690 1321 954 1393; x_wconf 87' lang='lat' dir='ltr'><strong>Cumque</strong></span> <span class='ocrx_word' id='word_1_75' title='bbox 1006 1319 1135 1374; x_wconf 79' lang='lat' dir='ltr'>Elis</span> <span class='ocrx_word' id='word_1_76' title='bbox 1182 1318 1291 1390; x_wconf 88' lang='lat' dir='ltr'>ipsi</span> <span class='ocrx_word' id='word_1_77' title='bbox 1325 1320 1733 1387; x_wconf 84' lang='lat' dir='ltr'>comprecatus</span> <span class='ocrx_word' id='word_1_78' title='bbox 1781 1319 1939 1369; x_wconf 87' lang='lat' dir='ltr'>esset</span> <span class='ocrx_word' id='word_1_79' title='bbox 1966 1328 2001 1369; x_wconf 91' lang='lat' dir='ltr'>a</span> <span class='ocrx_word' id='word_1_80' title='bbox 2033 1313 2147 1367; x_wconf 93' lang='lat' dir='ltr'>Deo</span> 
     </span>
    </p>
   </div>
   <div class='ocr_carea' id='block_1_15' title="bbox 504 1402 2148 1476">
    <p class='ocr_par' dir='ltr' id='par_1_15' title="bbox 504 1402 2148 1476">
     <span class='ocr_line' id='line_1_15' title="bbox 504 1402 2148 1476; baseline -0.008 -8"><span class='ocrx_word' id='word_1_81' title='bbox 504 1410 645 1468; x_wconf 87' lang='lat' dir='ltr'>alios</span> <span class='ocrx_word' id='word_1_82' title='bbox 687 1410 909 1467; x_wconf 80' lang='lat' dir='ltr'>liberos</span> <span class='ocrx_word' id='word_1_83' title='bbox 930 1408 1057 1465; x_wconf 90' lang='lat' dir='ltr'>dari</span> <span class='ocrx_word' id='word_1_84' title='bbox 1078 1408 1208 1463; x_wconf 90' lang='lat' dir='ltr'>loco</span> <span class='ocrx_word' id='word_1_85' title='bbox 1239 1405 1521 1467; x_wconf 86' lang='lat' dir='ltr'>Samueli,</span> <span class='ocrx_word' id='word_1_86' title='bbox 1562 1420 1631 1459; x_wconf 89' lang='lat' dir='ltr'>ea</span> <span class='ocrx_word' id='word_1_87' title='bbox 1651 1402 1962 1476; x_wconf 87' lang='lat' dir='ltr'>postmodo</span> <span class='ocrx_word' id='word_1_88' title='bbox 1994 1402 2148 1457; x_wconf 78' lang='lat' dir='ltr'>ﬁlios</span> 
     </span>
    </p>
   </div>
   <div class='ocr_carea' id='block_1_16' title="bbox 503 1490 2149 1570">
    <p class='ocr_par' dir='ltr' id='par_1_16' title="bbox 503 1490 2149 1570">
     <span class='ocr_line' id='line_1_16' title="bbox 503 1490 2149 1570; baseline -0.007 -14"><span class='ocrx_word' id='word_1_89' title='bbox 503 1505 623 1556; x_wconf 86' lang='lat' dir='ltr'>tres</span> <span class='ocrx_word' id='word_1_90' title='bbox 643 1515 712 1555; x_wconf 92' lang='lat' dir='ltr'>ac</span> <span class='ocrx_word' id='word_1_91' title='bbox 732 1498 887 1556; x_wconf 81' lang='lat' dir='ltr'>ﬁlias</span> <span class='ocrx_word' id='word_1_92' title='bbox 910 1498 1057 1554; x_wconf 89' lang='lat' dir='ltr'>duas</span> <span class='ocrx_word' id='word_1_93' title='bbox 1082 1496 1331 1570; x_wconf 88' lang='lat' dir='ltr'>peperit.</span> <span class='ocrx_word' id='word_1_94' title='bbox 1356 1495 1646 1551; x_wconf 63' lang='lat' dir='ltr'>therum</span> <span class='ocrx_word' id='word_1_95' title='bbox 1664 1492 1888 1564; x_wconf 90' lang='lat' dir='ltr'>Ophnis</span> <span class='ocrx_word' id='word_1_96' title='bbox 1921 1507 1988 1546; x_wconf 91' lang='lat' dir='ltr'>ac</span> <span class='ocrx_word' id='word_1_97' title='bbox 2009 1490 2149 1546; x_wconf 83' lang='lat' dir='ltr'>Phi-</span> 
     </span>
    </p>
   </div>
   <div class='ocr_carea' id='block_1_17' title="bbox 503 1579 2148 1657">
    <p class='ocr_par' dir='ltr' id='par_1_17' title="bbox 503 1579 2148 1657">
     <span class='ocr_line' id='line_1_17' title="bbox 503 1579 2148 1657; baseline -0.007 -11"><span class='ocrx_word' id='word_1_98' title='bbox 503 1605 668 1657; x_wconf 88' lang='lat' dir='ltr'>neas,</span> <span class='ocrx_word' id='word_1_99' title='bbox 693 1589 817 1645; x_wconf 88' lang='lat' dir='ltr'>Elis</span> <span class='ocrx_word' id='word_1_100' title='bbox 838 1585 1162 1644; x_wconf 81' lang='lat' dir='ltr'>sacerdotis</span> <span class='ocrx_word' id='word_1_101' title='bbox 1186 1585 1314 1651; x_wconf 83' lang='lat' dir='ltr'>ﬁlii,</span> <span class='ocrx_word' id='word_1_102' title='bbox 1347 1601 1468 1640; x_wconf 93' lang='lat' dir='ltr'>non</span> <span class='ocrx_word' id='word_1_103' title='bbox 1509 1582 1802 1639; x_wconf 83' lang='lat' dir='ltr'>sacrificia</span> <span class='ocrx_word' id='word_1_104' title='bbox 1841 1579 2015 1636; x_wconf 90' lang='lat' dir='ltr'>modo</span> <span class='ocrx_word' id='word_1_105' title='bbox 2041 1579 2148 1635; x_wconf 88' lang='lat' dir='ltr'>de-</span> 
     </span>
    </p>
   </div>
   <div class='ocr_carea' id='block_1_18' title="bbox 501 1670 2148 1750">
    <p class='ocr_par' dir='ltr' id='par_1_18' title="bbox 501 1670 2148 1750">
     <span class='ocr_line' id='line_1_18' title="bbox 501 1670 2148 1750; baseline -0.007 -15"><span class='ocrx_word' id='word_1_106' title='bbox 501 1679 660 1735; x_wconf 80' lang='lat' dir='ltr'>lictis</span> <span class='ocrx_word' id='word_1_107' title='bbox 678 1679 802 1734; x_wconf 89' lang='lat' dir='ltr'>suis</span> <span class='ocrx_word' id='word_1_108' title='bbox 823 1677 1188 1750; x_wconf 88' lang='lat' dir='ltr'>polluebant,</span> <span class='ocrx_word' id='word_1_109' title='bbox 1211 1675 1314 1732; x_wconf 92' lang='lat' dir='ltr'>sed</span> <span class='ocrx_word' id='word_1_110' title='bbox 1337 1680 1397 1730; x_wconf 93' lang='lat' dir='ltr'>et</span> <span class='ocrx_word' id='word_1_111' title='bbox 1417 1689 1551 1730; x_wconf 90' lang='lat' dir='ltr'>cum</span> <span class='ocrx_word' id='word_1_112' title='bbox 1573 1671 1925 1730; x_wconf 88' lang='lat' dir='ltr'>mulieribus</span> <span class='ocrx_word' id='word_1_113' title='bbox 1942 1670 2148 1743; x_wconf 85' lang='lat' dir='ltr'>templi</span> 
     </span>
    </p>
   </div>
   <div class='ocr_carea' id='block_1_19' title="bbox 503 1758 2145 1839">
    <p class='ocr_par' dir='ltr' id='par_1_19' title="bbox 503 1758 2145 1839">
     <span class='ocr_line' id='line_1_19' title="bbox 503 1758 2145 1839; baseline -0.005 -15"><span class='ocrx_word' id='word_1_114' title='bbox 503 1767 606 1824; x_wconf 91' lang='lat' dir='ltr'>Dei</span> <span class='ocrx_word' id='word_1_115' title='bbox 621 1766 1008 1839; x_wconf 73' lang='lat' dir='ltr'>janitricibus</span> <span class='ocrx_word' id='word_1_116' title='bbox 1054 1765 1242 1837; x_wconf 85' lang='lat' dir='ltr'>stupri</span> <span class='ocrx_word' id='word_1_117' title='bbox 1292 1761 1784 1820; x_wconf 86' lang='lat' dir='ltr'>consuetudinem</span> <span class='ocrx_word' id='word_1_118' title='bbox 1825 1758 2145 1817; x_wconf 83' lang='lat' dir='ltr'>habebant.</span> 
     </span>
    </p>
   </div>
   <div class='ocr_carea' id='block_1_20' title="bbox 502 1851 2146 1930">
    <p class='ocr_par' dir='ltr' id='par_1_20' title="bbox 502 1851 2146 1930">
     <span class='ocr_line' id='line_1_20' title="bbox 502 1851 2146 1930; baseline -0.005 -16"><span class='ocrx_word' id='word_1_119' title='bbox 502 1860 713 1915; x_wconf 78' lang='lat' dir='ltr'>Narrat</span> <span class='ocrx_word' id='word_1_120' title='bbox 734 1874 908 1930; x_wconf 91' lang='lat' dir='ltr'>porro</span> <span class='ocrx_word' id='word_1_121' title='bbox 928 1858 1502 1929; x_wconf 79' lang='lat' dir='ltr'>primusRegnorum</span> <span class='ocrx_word' id='word_1_122' title='bbox 1527 1852 1677 1909; x_wconf 89' lang='lat' dir='ltr'>liber</span> <span class='ocrx_word' id='word_1_123' title='bbox 1693 1851 1981 1907; x_wconf 87' lang='lat' dir='ltr'>Barbaros</span> <span class='ocrx_word' id='word_1_124' title='bbox 1994 1853 2031 1906; x_wconf 87' lang='grc'>1</span> <span class='ocrx_word' id='word_1_125' title='bbox 2045 1851 2146 1907; x_wconf 77' lang='lat'>09</span> 
     </span>
    </p>
   </div>
   <div class='ocr_carea' id='block_1_21' title="bbox 498 1942 2149 2014">
    <p class='ocr_par' dir='ltr' id='par_1_21' title="bbox 498 1942 2149 2014">
     <span class='ocr_line' id='line_1_21' title="bbox 498 1942 2149 2014; baseline -0.004 -12"><span class='ocrx_word' id='word_1_126' title='bbox 498 1947 793 2004; x_wconf 85' lang='lat' dir='ltr'>Israelicis</span> <span class='ocrx_word' id='word_1_127' title='bbox 831 1945 1055 2002; x_wconf 89' lang='lat' dir='ltr'>bellum</span> <span class='ocrx_word' id='word_1_128' title='bbox 1087 1945 1385 2008; x_wconf 75' lang='lat' dir='ltr'>intulisse,</span> <span class='ocrx_word' id='word_1_129' title='bbox 1408 1943 1771 2014; x_wconf 85' lang='lat' dir='ltr'>victoriaque</span> <span class='ocrx_word' id='word_1_130' title='bbox 1802 1942 2020 2014; x_wconf 82' lang='lat' dir='ltr'>potitos</span> <span class='ocrx_word' id='word_1_131' title='bbox 2060 1955 2149 1996; x_wconf 85' lang='lat' dir='ltr'>ar-</span> 
     </span>
    </p>
   </div>
   <div class='ocr_carea' id='block_1_22' title="bbox 497 2031 2148 2097">
    <p class='ocr_par' dir='ltr' id='par_1_22' title="bbox 497 2031 2148 2097">
     <span class='ocr_line' id='line_1_22' title="bbox 497 2031 2148 2097; baseline -0.005 -5"><span class='ocrx_word' id='word_1_132' title='bbox 497 2052 628 2092; x_wconf 86' lang='lat' dir='ltr'>cam</span> <span class='ocrx_word' id='word_1_133' title='bbox 650 2035 752 2092; x_wconf 90' lang='lat' dir='ltr'>Dei</span> <span class='ocrx_word' id='word_1_134' title='bbox 790 2035 1050 2090; x_wconf 87' lang='lat' dir='ltr'>lsraelici</span> <span class='ocrx_word' id='word_1_135' title='bbox 1086 2033 1437 2089; x_wconf 87' lang='lat' dir='ltr'>abstulisse:</span> <span class='ocrx_word' id='word_1_136' title='bbox 1469 2032 1638 2097; x_wconf 68' lang='lat' dir='ltr'>lilim,</span> <span class='ocrx_word' id='word_1_137' title='bbox 1663 2048 1732 2086; x_wconf 92' lang='lat' dir='ltr'>eo</span> <span class='ocrx_word' id='word_1_138' title='bbox 1752 2031 1977 2091; x_wconf 86' lang='lat' dir='ltr'>audito.</span> <span class='ocrx_word' id='word_1_139' title='bbox 2010 2046 2148 2084; x_wconf 91' lang='lat' dir='ltr'>cor-</span> 
     </span>
    </p>
   </div>
   <div class='ocr_carea' id='block_1_23' title="bbox 498 2119 2148 2193">
    <p class='ocr_par' dir='ltr' id='par_1_23' title="bbox 498 2119 2148 2193">
     <span class='ocr_line' id='line_1_23' title="bbox 498 2119 2148 2193; baseline -0.005 -14"><span class='ocrx_word' id='word_1_140' title='bbox 498 2126 690 2180; x_wconf 88' lang='lat' dir='ltr'>ruisse</span> <span class='ocrx_word' id='word_1_141' title='bbox 721 2128 899 2193; x_wconf 90' lang='lat' dir='ltr'>atque</span> <span class='ocrx_word' id='word_1_142' title='bbox 930 2122 1289 2193; x_wconf 83' lang='lat' dir='ltr'>exspirasse.</span> <span class='ocrx_word' id='word_1_143' title='bbox 1344 2119 1632 2175; x_wconf 89' lang='lat' dir='ltr'>Barbaros</span> <span class='ocrx_word' id='word_1_144' title='bbox 1663 2134 1862 2173; x_wconf 91' lang='lat' dir='ltr'>arcam</span> <span class='ocrx_word' id='word_1_145' title='bbox 1908 2121 2148 2172; x_wconf 86' lang='lat' dir='ltr'>Azotum</span> 
     </span>
    </p>
   </div>
   <div class='ocr_carea' id='block_1_24' title="bbox 496 2205 2148 2281">
    <p class='ocr_par' dir='ltr' id='par_1_24' title="bbox 496 2205 2148 2281">
     <span class='ocr_line' id='line_1_24' title="bbox 496 2205 2148 2281; baseline -0.007 -12"><span class='ocrx_word' id='word_1_146' title='bbox 496 2213 788 2273; x_wconf 89' lang='lat' dir='ltr'>attulisse,</span> <span class='ocrx_word' id='word_1_147' title='bbox 822 2210 1138 2266; x_wconf 89' lang='lat' dir='ltr'>donarium</span> <span class='ocrx_word' id='word_1_148' title='bbox 1169 2209 1392 2281; x_wconf 82' lang='lat' dir='ltr'>Dagoni</span> <span class='ocrx_word' id='word_1_149' title='bbox 1424 2208 1535 2263; x_wconf 90' lang='lat' dir='ltr'>deo</span> <span class='ocrx_word' id='word_1_150' title='bbox 1563 2223 1690 2272; x_wconf 91' lang='lat' dir='ltr'>suo,</span> <span class='ocrx_word' id='word_1_151' title='bbox 1732 2213 1910 2276; x_wconf 87' lang='lat' dir='ltr'>atque</span> <span class='ocrx_word' id='word_1_152' title='bbox 1943 2206 2017 2261; x_wconf 90' lang='lat' dir='ltr'>ad</span> <span class='ocrx_word' id='word_1_153' title='bbox 2068 2205 2148 2260; x_wconf 89' lang='lat' dir='ltr'>si-</span> 
     </span>
    </p>
   </div>
   <div class='ocr_carea' id='block_1_25' title="bbox 496 2295 2149 2371">
    <p class='ocr_par' dir='ltr' id='par_1_25' title="bbox 496 2295 2149 2371">
     <span class='ocr_line' id='line_1_25' title="bbox 496 2295 2149 2371; baseline -0.005 -15"><span class='ocrx_word' id='word_1_154' title='bbox 496 2299 748 2356; x_wconf 89' lang='lat' dir='ltr'>mulacri</span> <span class='ocrx_word' id='word_1_155' title='bbox 780 2299 962 2371; x_wconf 89' lang='lat' dir='ltr'>pedes</span> <span class='ocrx_word' id='word_1_156' title='bbox 987 2298 1387 2354; x_wconf 88' lang='lat' dir='ltr'>constituisse.</span> <span class='ocrx_word' id='word_1_157' title='bbox 1443 2296 1508 2350; x_wconf 90' lang='lat' dir='ltr'>Id</span> <span class='ocrx_word' id='word_1_158' title='bbox 1534 2295 1920 2350; x_wconf 82' lang='lat' dir='ltr'>simulacrum</span> <span class='ocrx_word' id='word_1_159' title='bbox 1968 2299 2149 2348; x_wconf 75' lang='lat' dir='ltr'>noctu</span> 
     </span>
    </p>
   </div>
   <div class='ocr_carea' id='block_1_26' title="bbox 495 2385 2146 2458">
    <p class='ocr_par' dir='ltr' id='par_1_26' title="bbox 495 2385 2146 2458">
     <span class='ocr_line' id='line_1_26' title="bbox 495 2385 2146 2458; baseline -0.005 -14"><span class='ocrx_word' id='word_1_160' title='bbox 495 2388 851 2455; x_wconf 85' lang='lat' dir='ltr'>concidisse,</span> <span class='ocrx_word' id='word_1_161' title='bbox 884 2403 1175 2458; x_wconf 87' lang='lat' dir='ltr'>maneque</span> <span class='ocrx_word' id='word_1_162' title='bbox 1206 2386 1279 2441; x_wconf 85' lang='lat' dir='ltr'>ab</span> <span class='ocrx_word' id='word_1_163' title='bbox 1312 2386 1385 2439; x_wconf 90' lang='lat' dir='ltr'>iis</span> <span class='ocrx_word' id='word_1_164' title='bbox 1426 2385 1733 2439; x_wconf 84' lang='lat' dir='ltr'>inventum</span> <span class='ocrx_word' id='word_1_165' title='bbox 1781 2390 1917 2438; x_wconf 76' lang='lat' dir='ltr'>ante</span> <span class='ocrx_word' id='word_1_166' title='bbox 1949 2399 2146 2437; x_wconf 85' lang='lat' dir='ltr'>arcam</span> 
     </span>
    </p>
   </div>
   <div class='ocr_carea' id='block_1_27' title="bbox 495 2471 2148 2551">
    <p class='ocr_par' dir='ltr' id='par_1_27' title="bbox 495 2471 2148 2551">
     <span class='ocr_line' id='line_1_27' title="bbox 495 2471 2148 2551; baseline -0.004 -18"><span class='ocrx_word' id='word_1_167' title='bbox 495 2482 881 2551; x_wconf 89' lang='lat' dir='ltr'>prostratum.</span> <span class='ocrx_word' id='word_1_168' title='bbox 915 2478 1139 2531; x_wconf 79' lang='lat' dir='ltr'>Rursus</span> <span class='ocrx_word' id='word_1_169' title='bbox 1170 2480 1455 2540; x_wconf 87' lang='lat' dir='ltr'>erectum,</span> <span class='ocrx_word' id='word_1_170' title='bbox 1479 2472 1817 2543; x_wconf 82' lang='lat' dir='ltr'>insequenti</span> <span class='ocrx_word' id='word_1_171' title='bbox 1848 2479 2021 2527; x_wconf 87' lang='lat' dir='ltr'>nocte</span> <span class='ocrx_word' id='word_1_172' title='bbox 2050 2471 2148 2527; x_wconf 87' lang='lat' dir='ltr'>de-</span> 
     </span>
    </p>
   </div>
   <div class='ocr_carea' id='block_1_28' title="bbox 497 2561 2148 2634">
    <p class='ocr_par' dir='ltr' id='par_1_28' title="bbox 497 2561 2148 2634">
     <span class='ocr_line' id='line_1_28' title="bbox 497 2561 2148 2634; baseline -0.005 -12"><span class='ocrx_word' id='word_1_173' title='bbox 497 2582 617 2622; x_wconf 76' lang='lat' dir='ltr'>nuo</span> <span class='ocrx_word' id='word_1_174' title='bbox 659 2565 999 2621; x_wconf 86' lang='lat' dir='ltr'>devolutum</span> <span class='ocrx_word' id='word_1_175' title='bbox 1032 2579 1162 2619; x_wconf 90' lang='lat' dir='ltr'>esse</span> <span class='ocrx_word' id='word_1_176' title='bbox 1194 2569 1371 2634; x_wconf 89' lang='lat' dir='ltr'>atque</span> <span class='ocrx_word' id='word_1_177' title='bbox 1401 2562 1766 2617; x_wconf 86' lang='lat' dir='ltr'>confractum</span> <span class='ocrx_word' id='word_1_178' title='bbox 1797 2578 1810 2615; x_wconf 91' lang='lat'>:</span> <span class='ocrx_word' id='word_1_179' title='bbox 1845 2562 2044 2631; x_wconf 85' lang='lat' dir='ltr'>itaque</span> <span class='ocrx_word' id='word_1_180' title='bbox 2067 2561 2148 2615; x_wconf 84' lang='lat' dir='ltr'>fa-</span> 
     </span>
    </p>
   </div>
   <div class='ocr_carea' id='block_1_29' title="bbox 498 2649 2147 2726">
    <p class='ocr_par' dir='ltr' id='par_1_29' title="bbox 498 2649 2147 2726">
     <span class='ocr_line' id='line_1_29' title="bbox 498 2649 2147 2726; baseline -0.004 -15"><span class='ocrx_word' id='word_1_181' title='bbox 498 2671 641 2711; x_wconf 92' lang='lat' dir='ltr'>num</span> <span class='ocrx_word' id='word_1_182' title='bbox 675 2653 808 2726; x_wconf 85' lang='lat' dir='ltr'>ejus</span> <span class='ocrx_word' id='word_1_183' title='bbox 835 2669 963 2709; x_wconf 85' lang='lat' dir='ltr'>esse</span> <span class='ocrx_word' id='word_1_184' title='bbox 997 2653 1057 2707; x_wconf 90' lang='lat' dir='ltr'>in</span> <span class='ocrx_word' id='word_1_185' title='bbox 1089 2652 1311 2707; x_wconf 89' lang='lat' dir='ltr'>honore</span> <span class='ocrx_word' id='word_1_186' title='bbox 1361 2651 1631 2706; x_wconf 89' lang='lat' dir='ltr'>desiisse.</span> <span class='ocrx_word' id='word_1_187' title='bbox 1689 2649 1799 2705; x_wconf 86' lang='lat' dir='ltr'>Sed</span> <span class='ocrx_word' id='word_1_188' title='bbox 1831 2656 1890 2704; x_wconf 93' lang='lat' dir='ltr'>et</span> <span class='ocrx_word' id='word_1_189' title='bbox 1937 2651 1995 2704; x_wconf 87' lang='lat' dir='ltr'>in</span> <span class='ocrx_word' id='word_1_190' title='bbox 2029 2667 2147 2704; x_wconf 83' lang='lat' dir='ltr'>anu</span> 
     </span>
    </p>
   </div>
   <div class='ocr_carea' id='block_1_30' title="bbox 496 2740 2145 2809">
    <p class='ocr_par' dir='ltr' id='par_1_30' title="bbox 496 2740 2145 2809">
     <span class='ocr_line' id='line_1_30' title="bbox 496 2740 2145 2809; baseline -0.003 -9"><span class='ocrx_word' id='word_1_191' title='bbox 496 2743 769 2801; x_wconf 89' lang='lat' dir='ltr'>morbum</span> <span class='ocrx_word' id='word_1_192' title='bbox 796 2743 1086 2798; x_wconf 82' lang='lat' dir='ltr'>intl‘ictum</span> <span class='ocrx_word' id='word_1_193' title='bbox 1112 2740 1350 2796; x_wconf 86' lang='lat' dir='ltr'>Barbari</span> <span class='ocrx_word' id='word_1_194' title='bbox 1378 2745 1710 2803; x_wconf 85' lang='lat' dir='ltr'>senserunt,</span> <span class='ocrx_word' id='word_1_195' title='bbox 1738 2746 1794 2794; x_wconf 86' lang='lat' dir='ltr'>et</span> <span class='ocrx_word' id='word_1_196' title='bbox 1828 2755 1933 2809; x_wconf 84' lang='lat' dir='ltr'>per</span> <span class='ocrx_word' id='word_1_197' title='bbox 1965 2747 2145 2795; x_wconf 85' lang='lat' dir='ltr'>totam</span> 
     </span>
    </p>
   </div>
   <div class='ocr_carea' id='block_1_31' title="bbox 498 2827 2145 2903">
    <p class='ocr_par' dir='ltr' id='par_1_31' title="bbox 498 2827 2145 2903">
     <span class='ocr_line' id='line_1_31' title="bbox 498 2827 2145 2903; baseline -0.002 -16"><span class='ocrx_word' id='word_1_198' title='bbox 498 2831 847 2903; x_wconf 87' lang='lat' dir='ltr'>Pentapolin</span> <span class='ocrx_word' id='word_1_199' title='bbox 881 2829 1063 2903; x_wconf 74' lang='lat' dir='ltr'>(regio</span> <span class='ocrx_word' id='word_1_200' title='bbox 1088 2835 1175 2883; x_wconf 88' lang='lat' dir='ltr'>est</span> <span class='ocrx_word' id='word_1_201' title='bbox 1194 2846 1225 2883; x_wconf 85' lang='lat' dir='ltr'>a</span> <span class='ocrx_word' id='word_1_202' title='bbox 1244 2829 1506 2899; x_wconf 87' lang='lat' dir='ltr'>quinque</span> <span class='ocrx_word' id='word_1_203' title='bbox 1528 2827 1772 2882; x_wconf 85' lang='lat' dir='ltr'>urbibus</span> <span class='ocrx_word' id='word_1_204' title='bbox 1797 2827 1905 2882; x_wconf 90' lang='lat' dir='ltr'>hoc</span> <span class='ocrx_word' id='word_1_205' title='bbox 1927 2843 2145 2883; x_wconf 81' lang='lat' dir='ltr'>nomen</span> 
     </span>
    </p>
   </div>
   <div class='ocr_carea' id='block_1_32' title="bbox 494 2917 2145 2987">
    <p class='ocr_par' dir='ltr' id='par_1_32' title="bbox 494 2917 2145 2987">
     <span class='ocr_line' id='line_1_32' title="bbox 494 2917 2145 2987; baseline -0.004 -11"><span class='ocrx_word' id='word_1_206' title='bbox 494 2920 743 2986; x_wconf 77' lang='lat' dir='ltr'>habens,</span> <span class='ocrx_word' id='word_1_207' title='bbox 778 2923 980 2987; x_wconf 84' lang='lat' dir='ltr'>Azoto,</span> <span class='ocrx_word' id='word_1_208' title='bbox 1013 2919 1180 2985; x_wconf 89' lang='lat' dir='ltr'>Gaza,</span> <span class='ocrx_word' id='word_1_209' title='bbox 1215 2918 1523 2981; x_wconf 81' lang='lat' dir='ltr'>Ascalone,</span> <span class='ocrx_word' id='word_1_210' title='bbox 1574 2917 1777 2973; x_wconf 84' lang='lat' dir='ltr'>Getba.</span> <span class='ocrx_word' id='word_1_211' title='bbox 1824 2917 2145 2987; x_wconf 78' lang='lat' dir='ltr'>Acrarone)</span> 
     </span>
    </p>
   </div>
   <div class='ocr_carea' id='block_1_33' title="bbox 498 3006 2116 3080">
    <p class='ocr_par' dir='ltr' id='par_1_33' title="bbox 498 3006 2116 3080">
     <span class='ocr_line' id='line_1_33' title="bbox 498 3006 2116 3080; baseline -0.003 -14"><span class='ocrx_word' id='word_1_212' title='bbox 498 3009 875 3066; x_wconf 88' lang='lat' dir='ltr'>habitantes:</span> <span class='ocrx_word' id='word_1_213' title='bbox 908 3009 1101 3080; x_wconf 87' lang='lat' dir='ltr'>iisque</span> <span class='ocrx_word' id='word_1_214' title='bbox 1132 3008 1191 3063; x_wconf 92' lang='lat' dir='ltr'>in</span> <span class='ocrx_word' id='word_1_215' title='bbox 1223 3007 1469 3063; x_wconf 90' lang='lat' dir='ltr'>urbibus</span> <span class='ocrx_word' id='word_1_216' title='bbox 1495 3022 1706 3079; x_wconf 74' lang='lat' dir='ltr'>magna</span> <span class='ocrx_word' id='word_1_217' title='bbox 1730 3006 1837 3062; x_wconf 64' lang='lat' dir='ltr'>iuit</span> <span class='ocrx_word' id='word_1_218' title='bbox 1864 3007 2116 3077; x_wconf 71' lang='lat' dir='ltr'>pestilen</span> 
     </span>
    </p>
   </div>
   <div class='ocr_carea' id='block_1_34' title="bbox 494 3095 2147 3170">
    <p class='ocr_par' dir='ltr' id='par_1_34' title="bbox 494 3095 2147 3170">
     <span class='ocr_line' id='line_1_34' title="bbox 494 3095 2147 3170; baseline -0.002 -16"><span class='ocrx_word' id='word_1_219' title='bbox 494 3100 596 3155; x_wconf 89' lang='lat' dir='ltr'>tia.</span> <span class='ocrx_word' id='word_1_220' title='bbox 626 3100 803 3154; x_wconf 88' lang='lat' dir='ltr'>Terra</span> <span class='ocrx_word' id='word_1_221' title='bbox 825 3114 1065 3170; x_wconf 88' lang='lat' dir='ltr'>quoque</span> <span class='ocrx_word' id='word_1_222' title='bbox 1120 3112 1325 3153; x_wconf 89' lang='lat' dir='ltr'>eorum</span> <span class='ocrx_word' id='word_1_223' title='bbox 1366 3112 1566 3151; x_wconf 91' lang='lat' dir='ltr'>mures</span> <span class='ocrx_word' id='word_1_224' title='bbox 1623 3095 1827 3151; x_wconf 86' lang='lat' dir='ltr'>edidit.</span> <span class='ocrx_word' id='word_1_225' title='bbox 1861 3097 2003 3150; x_wconf 79' lang='lat' dir='ltr'>Post</span> <span class='ocrx_word' id='word_1_226' title='bbox 2052 3111 2147 3150; x_wconf 86' lang='lat' dir='ltr'>se-</span> 
     </span>
    </p>
   </div>
   <div class='ocr_carea' id='block_1_35' title="bbox 496 3183 2149 3259">
    <p class='ocr_par' dir='ltr' id='par_1_35' title="bbox 496 3183 2149 3259">
     <span class='ocr_line' id='line_1_35' title="bbox 496 3183 2149 3259; baseline -0.002 -18"><span class='ocrx_word' id='word_1_227' title='bbox 496 3199 659 3259; x_wconf 82' lang='lat' dir='ltr'>ptem</span> <span class='ocrx_word' id='word_1_228' title='bbox 691 3203 930 3240; x_wconf 87' lang='lat' dir='ltr'>menses</span> <span class='ocrx_word' id='word_1_229' title='bbox 950 3186 1259 3256; x_wconf 78' lang='lat' dir='ltr'>:Joseplius</span> <span class='ocrx_word' id='word_1_230' title='bbox 1281 3184 1430 3239; x_wconf 91' lang='lat' dir='ltr'>duos</span> <span class='ocrx_word' id='word_1_231' title='bbox 1451 3190 1678 3239; x_wconf 88' lang='lat' dir='ltr'>tantum</span> <span class='ocrx_word' id='word_1_232' title='bbox 1700 3183 1993 3256; x_wconf 88' lang='lat' dir='ltr'>perhibet)</span> <span class='ocrx_word' id='word_1_233' title='bbox 2016 3184 2149 3238; x_wconf 87' lang='lat' dir='ltr'>Bar-</span> 
     </span>
    </p>
   </div>
   <div class='ocr_carea' id='block_1_36' title="bbox 2260 596 3883 684">
    <p class='ocr_par' dir='ltr' id='par_1_36' title="bbox 2260 596 3883 684">
     <span class='ocr_line' id='line_1_36' title="bbox 2260 596 3883 684; baseline 0.007 -32"><span class='ocrx_word' id='word_1_234' title='bbox 2260 596 2514 666; x_wconf 71' lang='grc' dir='ltr'>ἀνατάξαι</span> <span class='ocrx_word' id='word_1_235' title='bbox 2575 599 2650 662; x_wconf 77' lang='grc' dir='ltr'>εἷς</span> <span class='ocrx_word' id='word_1_236' title='bbox 2709 599 3010 673; x_wconf 68' lang='grc' dir='ltr'>ἀνάμνησιν</span> <span class='ocrx_word' id='word_1_237' title='bbox 3063 605 3171 657; x_wconf 81' lang='grc' dir='ltr'>τῶν</span> <span class='ocrx_word' id='word_1_238' title='bbox 3247 601 3689 681; x_wconf 67' lang='grc' dir='ltr'>ἐντυγχανόντων</span> <span class='ocrx_word' id='word_1_239' title='bbox 3739 610 3883 684; x_wconf 68' lang='grc' dir='ltr'>ταύτῃ</span> 
     </span>
    </p>
   </div>
   <div class='ocr_carea' id='block_1_37' title="bbox 2260 683 2572 763">
    <p class='ocr_par' dir='ltr' id='par_1_37' title="bbox 2260 683 2572 763">
     <span class='ocr_line' id='line_1_37' title="bbox 2260 683 2572 763; baseline 0.01 -21"><span class='ocrx_word' id='word_1_240' title='bbox 2260 691 2331 762; x_wconf 80' lang='grc' dir='ltr'>τῇ</span> <span class='ocrx_word' id='word_1_241' title='bbox 2369 683 2572 763; x_wconf 77' lang='grc' dir='ltr'>βίϐλῳ.</span> 
     </span>
    </p>
   </div>
   <div class='ocr_carea' id='block_1_38' title="bbox 2332 777 3883 861">
    <p class='ocr_par' dir='ltr' id='par_1_38' title="bbox 2332 777 3883 861">
     <span class='ocr_line' id='line_1_38' title="bbox 2332 777 3883 861; baseline 0.004 -25"><span class='ocrx_word' id='word_1_242' title='bbox 2332 778 2393 836; x_wconf 85' lang='grc' dir='ltr'>Ὀ</span> <span class='ocrx_word' id='word_1_243' title='bbox 2445 777 2709 841; x_wconf 75' lang='grc' dir='ltr'>Ἐλκανᾶς</span> <span class='ocrx_word' id='word_1_244' title='bbox 2765 780 2855 834; x_wconf 84' lang='grc' dir='ltr'>καὶ</span> <span class='ocrx_word' id='word_1_245' title='bbox 2919 781 3086 837; x_wconf 83' lang='grc' dir='ltr'>Ἀννα</span> <span class='ocrx_word' id='word_1_246' title='bbox 3136 783 3225 837; x_wconf 77' lang='grc' dir='ltr'>καὶ</span> <span class='ocrx_word' id='word_1_247' title='bbox 3286 784 3525 838; x_wconf 63' lang='grc' dir='ltr'>Φενέννα</span> <span class='ocrx_word' id='word_1_248' title='bbox 3580 784 3637 840; x_wconf 75' lang='grc' dir='ltr'>αἶ</span> <span class='ocrx_word' id='word_1_249' title='bbox 3665 792 3883 861; x_wconf 75' lang='grc' dir='ltr'>γυναῖκες</span> 
     </span>
    </p>
   </div>
   <div class='ocr_carea' id='block_1_39' title="bbox 2262 866 3883 951">
    <p class='ocr_par' dir='ltr' id='par_1_39' title="bbox 2262 866 3883 951">
     <span class='ocr_line' id='line_1_39' title="bbox 2262 866 3883 951; baseline 0.008 -30"><span class='ocrx_word' id='word_1_250' title='bbox 2262 866 2428 923; x_wconf 76' lang='grc' dir='ltr'>αὐτοῦ</span> <span class='ocrx_word' id='word_1_251' title='bbox 2486 869 2789 946; x_wconf 62' lang='grc' dir='ltr'>ἀνήρχοντο</span> <span class='ocrx_word' id='word_1_252' title='bbox 2847 869 2898 925; x_wconf 74' lang='grc' dir='ltr'>ἐν</span> <span class='ocrx_word' id='word_1_253' title='bbox 2959 872 3178 945; x_wconf 79' lang='grc' dir='ltr'>Σηλὼμ</span> <span class='ocrx_word' id='word_1_254' title='bbox 3232 873 3374 929; x_wconf 64' lang='grc' dir='ltr'>θύειν</span> <span class='ocrx_word' id='word_1_255' title='bbox 3431 874 3639 948; x_wconf 79' lang='grc' dir='ltr'>Κυρίῳ.</span> <span class='ocrx_word' id='word_1_256' title='bbox 3692 876 3787 931; x_wconf 81' lang='grc' dir='ltr'>Καὶ</span> <span class='ocrx_word' id='word_1_257' title='bbox 3829 876 3883 951; x_wconf 71' lang='grc' dir='ltr'>τῇ</span> 
     </span>
    </p>
   </div>
   <div class='ocr_carea' id='block_1_40' title="bbox 2261 955 3885 1036">
    <p class='ocr_par' dir='ltr' id='par_1_40' title="bbox 2261 955 3885 1036">
     <span class='ocr_line' id='line_1_40' title="bbox 2261 955 3885 1036; baseline 0.005 -24"><span class='ocrx_word' id='word_1_258' title='bbox 2261 956 2428 1031; x_wconf 75' lang='grc' dir='ltr'>’Δννῃ</span> <span class='ocrx_word' id='word_1_259' title='bbox 2462 955 2562 1012; x_wconf 72' lang='grc' dir='ltr'>οὒκ</span> <span class='ocrx_word' id='word_1_260' title='bbox 2613 958 2681 1028; x_wconf 76' lang='grc' dir='ltr'>ἦν</span> <span class='ocrx_word' id='word_1_261' title='bbox 2735 960 2920 1014; x_wconf 77' lang='grc' dir='ltr'>τέκιον</span> <span class='ocrx_word' id='word_1_262' title='bbox 3004 961 3100 1015; x_wconf 80' lang='grc' dir='ltr'>Καὶ</span> <span class='ocrx_word' id='word_1_263' title='bbox 3152 960 3400 1036; x_wconf 76' lang='grc' dir='ltr'>ᾐτήσατο</span> <span class='ocrx_word' id='word_1_264' title='bbox 3458 963 3627 1019; x_wconf 80' lang='grc' dir='ltr'>Ἀννα</span> <span class='ocrx_word' id='word_1_265' title='bbox 3678 962 3885 1020; x_wconf 70' lang='grc' dir='ltr'>κατωδύ-</span> 
     </span>
    </p>
   </div>
   <div class='ocr_carea' id='block_1_41' title="bbox 2258 1046 3887 1128">
    <p class='ocr_par' dir='ltr' id='par_1_41' title="bbox 2258 1046 3887 1128">
     <span class='ocr_line' id='line_1_41' title="bbox 2258 1046 3887 1128; baseline 0.006 -29"><span class='ocrx_word' id='word_1_266' title='bbox 2258 1065 2363 1106; x_wconf 78' lang='grc' dir='ltr'>νιυς</span> <span class='ocrx_word' id='word_1_267' title='bbox 2392 1046 2579 1119; x_wconf 82' lang='grc' dir='ltr'>Κυρίῳ</span> <span class='ocrx_word' id='word_1_268' title='bbox 2607 1051 2703 1103; x_wconf 72' lang='grc' dir='ltr'>τοῦ</span> <span class='ocrx_word' id='word_1_269' title='bbox 2751 1047 3037 1123; x_wconf 80' lang='grc' dir='ltr'>ἀνοιγῆναι</span> <span class='ocrx_word' id='word_1_270' title='bbox 3095 1050 3266 1115; x_wconf 75' lang='grc' dir='ltr'>αὐτῆς</span> <span class='ocrx_word' id='word_1_271' title='bbox 3324 1052 3427 1120; x_wconf 79' lang='grc' dir='ltr'>τήν</span> <span class='ocrx_word' id='word_1_272' title='bbox 3488 1055 3702 1128; x_wconf 63' lang='grc' dir='ltr'>μήτραν</span> <span class='ocrx_word' id='word_1_273' title='bbox 3731 1054 3887 1110; x_wconf 84' lang='grc' dir='ltr'>καὶτὸ</span> 
     </span>
    </p>
   </div>
   <div class='ocr_carea' id='block_1_42' title="bbox 2259 1132 3887 1215">
    <p class='ocr_par' dir='ltr' id='par_1_42' title="bbox 2259 1132 3887 1215">
     <span class='ocr_line' id='line_1_42' title="bbox 2259 1132 3887 1215; baseline 0.006 -26"><span class='ocrx_word' id='word_1_274' title='bbox 2259 1135 2449 1209; x_wconf 71' lang='grc' dir='ltr'>τεχθὲν</span> <span class='ocrx_word' id='word_1_275' title='bbox 2481 1132 2640 1192; x_wconf 76' lang='grc' dir='ltr'>δοτὸν</span> <span class='ocrx_word' id='word_1_276' title='bbox 2669 1138 2916 1211; x_wconf 66' lang='grc' dir='ltr'>γενέσθαι</span> <span class='ocrx_word' id='word_1_277' title='bbox 2972 1137 3140 1210; x_wconf 78' lang='grc' dir='ltr'>αὐτῷ.</span> <span class='ocrx_word' id='word_1_278' title='bbox 3194 1139 3288 1194; x_wconf 81' lang='grc' dir='ltr'>Καὶ</span> <span class='ocrx_word' id='word_1_279' title='bbox 3320 1136 3470 1197; x_wconf 71' lang='grc' dir='ltr'>ἔτεκε</span> <span class='ocrx_word' id='word_1_280' title='bbox 3496 1142 3592 1198; x_wconf 88' lang='grc' dir='ltr'>τὸν</span> <span class='ocrx_word' id='word_1_281' title='bbox 3627 1143 3887 1215; x_wconf 74' lang='grc' dir='ltr'>Σαμουὴλ,</span> 
     </span>
    </p>
   </div>
   <div class='ocr_carea' id='block_1_43' title="bbox 2260 1223 3889 1302">
    <p class='ocr_par' dir='ltr' id='par_1_43' title="bbox 2260 1223 3889 1302">
     <span class='ocr_line' id='line_1_43' title="bbox 2260 1223 3889 1302; baseline 0.005 -25"><span class='ocrx_word' id='word_1_282' title='bbox 2260 1223 2351 1277; x_wconf 85' lang='grc' dir='ltr'>καὶ</span> <span class='ocrx_word' id='word_1_283' title='bbox 2401 1227 2765 1302; x_wconf 64' lang='grc' dir='ltr'>προσήνεγκεν</span> <span class='ocrx_word' id='word_1_284' title='bbox 2828 1226 2987 1281; x_wconf 72' lang='grc' dir='ltr'>αὐτὸν</span> <span class='ocrx_word' id='word_1_285' title='bbox 3056 1229 3128 1298; x_wconf 78' lang='grc' dir='ltr'>τῇ</span> <span class='ocrx_word' id='word_1_286' title='bbox 3208 1232 3382 1301; x_wconf 72' lang='grc' dir='ltr'>σκηνῇ</span> <span class='ocrx_word' id='word_1_287' title='bbox 3436 1233 3538 1284; x_wconf 71' lang='grc' dir='ltr'>τοῦ</span> <span class='ocrx_word' id='word_1_288' title='bbox 3596 1235 3750 1288; x_wconf 68' lang='grc' dir='ltr'>Θεοῦ.</span> <span class='ocrx_word' id='word_1_289' title='bbox 3805 1231 3889 1288; x_wconf 81' lang='grc' dir='ltr'>Καὶ</span> 
     </span>
    </p>
   </div>
   <div class='ocr_carea' id='block_1_44' title="bbox 2260 1309 3890 1394">
    <p class='ocr_par' dir='ltr' id='par_1_44' title="bbox 2260 1309 3890 1394">
     <span class='ocr_line' id='line_1_44' title="bbox 2260 1309 3890 1394; baseline 0.006 -28"><span class='ocrx_word' id='word_1_290' title='bbox 2260 1310 2426 1368; x_wconf 84' lang='grc' dir='ltr'>πάλιν</span> <span class='ocrx_word' id='word_1_291' title='bbox 2459 1309 2660 1384; x_wconf 71' lang='grc' dir='ltr'>ηὔξατο</span> <span class='ocrx_word' id='word_1_292' title='bbox 2714 1312 2869 1371; x_wconf 80' lang='grc' dir='ltr'>Ἠλεὶ</span> <span class='ocrx_word' id='word_1_293' title='bbox 2927 1315 3061 1391; x_wconf 72' lang='grc' dir='ltr'>ὖπὶρ</span> <span class='ocrx_word' id='word_1_294' title='bbox 3117 1316 3288 1387; x_wconf 75' lang='grc' dir='ltr'>αὐτῆς</span> <span class='ocrx_word' id='word_1_295' title='bbox 3349 1316 3580 1387; x_wconf 78' lang='grc' dir='ltr'>δοθῆναι</span> <span class='ocrx_word' id='word_1_296' title='bbox 3628 1320 3764 1394; x_wconf 84' lang='grc' dir='ltr'>αὐτῇ</span> <span class='ocrx_word' id='word_1_297' title='bbox 3791 1320 3890 1375; x_wconf 81' lang='grc' dir='ltr'>ἀντὶ</span> 
     </span>
    </p>
   </div>
   <div class='ocr_carea' id='block_1_45' title="bbox 2264 1394 3890 1484">
    <p class='ocr_par' dir='ltr' id='par_1_45' title="bbox 2264 1394 3890 1484">
     <span class='ocr_line' id='line_1_45' title="bbox 2264 1394 3890 1484; baseline 0.005 -27"><span class='ocrx_word' id='word_1_298' title='bbox 2264 1399 2531 1473; x_wconf 73' lang='grc' dir='ltr'>Σαμουῇλ</span> <span class='ocrx_word' id='word_1_299' title='bbox 2578 1400 2757 1472; x_wconf 71' lang='grc' dir='ltr'>τέκνα,</span> <span class='ocrx_word' id='word_1_300' title='bbox 2814 1403 2906 1459; x_wconf 83' lang='grc' dir='ltr'>καὶ</span> <span class='ocrx_word' id='word_1_301' title='bbox 2962 1401 3139 1460; x_wconf 73' lang='grc' dir='ltr'>ἔτεκεν</span> <span class='ocrx_word' id='word_1_302' title='bbox 3192 1405 3348 1470; x_wconf 81' lang='grc' dir='ltr'>υἱοὺς</span> <span class='ocrx_word' id='word_1_303' title='bbox 3397 1414 3546 1481; x_wconf 87' lang='grc' dir='ltr'>τρεῖς</span> <span class='ocrx_word' id='word_1_304' title='bbox 3576 1394 3890 1484; x_wconf 58' lang='grc' dir='ltr'>καῖ’θυγατέ.</span> 
     </span>
    </p>
   </div>
   <div class='ocr_carea' id='block_1_46' title="bbox 2265 1487 3887 1572">
    <p class='ocr_par' dir='ltr' id='par_1_46' title="bbox 2265 1487 3887 1572">
     <span class='ocr_line' id='line_1_46' title="bbox 2265 1487 3887 1572; baseline 0.004 -28"><span class='ocrx_word' id='word_1_305' title='bbox 2265 1508 2360 1564; x_wconf 82' lang='grc' dir='ltr'>ρας</span> <span class='ocrx_word' id='word_1_306' title='bbox 2393 1487 2508 1547; x_wconf 86' lang='grc' dir='ltr'>δύο.</span> <span class='ocrx_word' id='word_1_307' title='bbox 2544 1492 2721 1572; x_wconf 71' lang='grc' dir='ltr'>Ὀφνεὶ</span> <span class='ocrx_word' id='word_1_308' title='bbox 2752 1489 2810 1550; x_wconf 69' lang='lat' dir='ltr'>Si</span> <span class='ocrx_word' id='word_1_309' title='bbox 2839 1492 2927 1548; x_wconf 76' lang='grc' dir='ltr'>καὶ</span> <span class='ocrx_word' id='word_1_310' title='bbox 2989 1494 3178 1557; x_wconf 74' lang='grc' dir='ltr'>Φινεὶς</span> <span class='ocrx_word' id='word_1_311' title='bbox 3237 1496 3290 1550; x_wconf 77' lang='grc' dir='ltr'>οἱ</span> <span class='ocrx_word' id='word_1_312' title='bbox 3346 1497 3457 1553; x_wconf 78' lang='grc' dir='ltr'>υἱοὶ</span> <span class='ocrx_word' id='word_1_313' title='bbox 3517 1496 3673 1556; x_wconf 84' lang='grc' dir='ltr'>Ἠλεὶ</span> <span class='ocrx_word' id='word_1_314' title='bbox 3725 1497 3815 1554; x_wconf 82' lang='grc' dir='ltr'>ούκ</span> <span class='ocrx_word' id='word_1_315' title='bbox 3845 1500 3887 1554; x_wconf 74' lang='grc' dir='ltr'>ὲν</span> 
     </span>
    </p>
   </div>
   <div class='ocr_carea' id='block_1_47' title="bbox 2259 1579 3887 1658">
    <p class='ocr_par' dir='ltr' id='par_1_47' title="bbox 2259 1579 3887 1658">
     <span class='ocr_line' id='line_1_47' title="bbox 2259 1579 3887 1658; baseline 0.006 -24"><span class='ocrx_word' id='word_1_316' title='bbox 2259 1584 2378 1640; x_wconf 82' lang='grc' dir='ltr'>ταῖς</span> <span class='ocrx_word' id='word_1_317' title='bbox 2433 1579 2643 1644; x_wconf 68' lang='grc' dir='ltr'>θυσίαις</span> <span class='ocrx_word' id='word_1_318' title='bbox 2704 1581 2866 1654; x_wconf 79' lang='grc' dir='ltr'>μόνον</span> <span class='ocrx_word' id='word_1_319' title='bbox 2924 1583 3315 1658; x_wconf 75' lang='grc' dir='ltr'>ἐξημάρτανον,</span> <span class='ocrx_word' id='word_1_320' title='bbox 3373 1584 3522 1643; x_wconf 82' lang='grc' dir='ltr'>ἀλλᾶ</span> <span class='ocrx_word' id='word_1_321' title='bbox 3578 1588 3670 1643; x_wconf 81' lang='grc' dir='ltr'>καὶ</span> <span class='ocrx_word' id='word_1_322' title='bbox 3713 1586 3887 1650; x_wconf 59' lang='lat' dir='ltr'>huic</span> 
     </span>
    </p>
   </div>
   <div class='ocr_carea' id='block_1_48' title="bbox 2261 1668 3891 1747">
    <p class='ocr_par' dir='ltr' id='par_1_48' title="bbox 2261 1668 3891 1747">
     <span class='ocr_line' id='line_1_48' title="bbox 2261 1668 3891 1747; baseline 0.006 -27"><span class='ocrx_word' id='word_1_323' title='bbox 2261 1668 2494 1743; x_wconf 76' lang='grc' dir='ltr'>γυναιξῖν</span> <span class='ocrx_word' id='word_1_324' title='bbox 2548 1668 2895 1745; x_wconf 77' lang='grc' dir='ltr'>ἐξεπόρνευον</span> <span class='ocrx_word' id='word_1_325' title='bbox 2965 1677 3085 1736; x_wconf 83' lang='grc' dir='ltr'>ταῖς</span> <span class='ocrx_word' id='word_1_326' title='bbox 3162 1674 3593 1747; x_wconf 66' lang='grc' dir='ltr'>παρεστῃκυίαες</span> <span class='ocrx_word' id='word_1_327' title='bbox 3666 1675 3719 1732; x_wconf 72' lang='grc' dir='ltr'>ἐν</span> <span class='ocrx_word' id='word_1_328' title='bbox 3792 1683 3891 1741; x_wconf 82' lang='grc' dir='ltr'>ταῖς</span> 
     </span>
    </p>
   </div>
   <div class='ocr_carea' id='block_1_49' title="bbox 2261 1756 3888 1837">
    <p class='ocr_par' dir='ltr' id='par_1_49' title="bbox 2261 1756 3888 1837">
     <span class='ocr_line' id='line_1_49' title="bbox 2261 1756 3888 1837; baseline 0.004 -25"><span class='ocrx_word' id='word_1_329' title='bbox 2261 1756 2464 1820; x_wconf 81' lang='grc' dir='ltr'>πύλαις</span> <span class='ocrx_word' id='word_1_330' title='bbox 2518 1762 2614 1814; x_wconf 75' lang='grc' dir='ltr'>τοῦ</span> <span class='ocrx_word' id='word_1_331' title='bbox 2666 1764 2798 1815; x_wconf 74' lang='grc' dir='ltr'>νασιῦ</span> <span class='ocrx_word' id='word_1_332' title='bbox 2858 1763 3082 1835; x_wconf 79' lang='grc' dir='ltr'>Κυρίου.</span> <span class='ocrx_word' id='word_1_333' title='bbox 3143 1763 3370 1837; x_wconf 79' lang='grc' dir='ltr'>Ἱστορεῖ</span> <span class='ocrx_word' id='word_1_334' title='bbox 3419 1765 3667 1835; x_wconf 77' lang='grc' dir='ltr'>τοίνυνὴ</span> <span class='ocrx_word' id='word_1_335' title='bbox 3722 1766 3888 1837; x_wconf 78' lang='grc' dir='ltr'>πρώτη</span> 
     </span>
    </p>
   </div>
   <div class='ocr_carea' id='block_1_50' title="bbox 2260 1843 3889 1928">
    <p class='ocr_par' dir='ltr' id='par_1_50' title="bbox 2260 1843 3889 1928">
     <span class='ocr_line' id='line_1_50' title="bbox 2260 1843 3889 1928; baseline 0.004 -30"><span class='ocrx_word' id='word_1_336' title='bbox 2260 1847 2368 1898; x_wconf 82' lang='grc' dir='ltr'>τῶν</span> <span class='ocrx_word' id='word_1_337' title='bbox 2439 1843 2735 1901; x_wconf 80' lang='grc' dir='ltr'>Βασιλειῶν</span> <span class='ocrx_word' id='word_1_338' title='bbox 2789 1844 3036 1919; x_wconf 82' lang='grc' dir='ltr'>πόλεμον</span> <span class='ocrx_word' id='word_1_339' title='bbox 3091 1856 3344 1918; x_wconf 74' lang='grc' dir='ltr'>συστῆναι</span> <span class='ocrx_word' id='word_1_340' title='bbox 3394 1856 3514 1912; x_wconf 83' lang='grc' dir='ltr'>τοῖς</span> <span class='ocrx_word' id='word_1_341' title='bbox 3570 1849 3889 1928; x_wconf 68' lang='grc' dir='ltr'>ἀλλοφύλοις</span> 
     </span>
    </p>
   </div>
   <div class='ocr_carea' id='block_1_51' title="bbox 2257 1933 3889 2013">
    <p class='ocr_par' dir='ltr' id='par_1_51' title="bbox 2257 1933 3889 2013">
     <span class='ocr_line' id='line_1_51' title="bbox 2257 1933 3889 2013; baseline 0.004 -26"><span class='ocrx_word' id='word_1_342' title='bbox 2257 1933 2394 2004; x_wconf 80' lang='grc' dir='ltr'>πρὸς</span> <span class='ocrx_word' id='word_1_343' title='bbox 2456 1933 2548 1989; x_wconf 87' lang='grc' dir='ltr'>τὸν</span> <span class='ocrx_word' id='word_1_344' title='bbox 2620 1933 2862 2010; x_wconf 76' lang='grc' dir='ltr'>Ἰσραήλ.</span> <span class='ocrx_word' id='word_1_345' title='bbox 2927 1936 3026 1991; x_wconf 83' lang='grc' dir='ltr'>Καὶ</span> <span class='ocrx_word' id='word_1_346' title='bbox 3082 1940 3408 2009; x_wconf 70' lang='grc' dir='ltr'>νιμήσαντες</span> <span class='ocrx_word' id='word_1_347' title='bbox 3477 1939 3532 1994; x_wconf 68' lang='grc' dir='ltr'>οἱ</span> <span class='ocrx_word' id='word_1_348' title='bbox 3600 1937 3889 2013; x_wconf 65' lang='grc' dir='ltr'>ἀλλοουλοι</span> 
     </span>
    </p>
   </div>
   <div class='ocr_carea' id='block_1_52' title="bbox 2253 2018 3888 2101">
    <p class='ocr_par' dir='ltr' id='par_1_52' title="bbox 2253 2018 3888 2101">
     <span class='ocr_line' id='line_1_52' title="bbox 2253 2018 3888 2101; baseline 0.003 -25"><span class='ocrx_word' id='word_1_349' title='bbox 2253 2018 2467 2095; x_wconf 72' lang='grc' dir='ltr'>αἶ’ρουσι</span> <span class='ocrx_word' id='word_1_350' title='bbox 2531 2024 2632 2092; x_wconf 75' lang='grc' dir='ltr'>τήν</span> <span class='ocrx_word' id='word_1_351' title='bbox 2696 2019 2935 2081; x_wconf 87' lang='grc' dir='ltr'>κιϐωτὸν</span> <span class='ocrx_word' id='word_1_352' title='bbox 3013 2029 3110 2082; x_wconf 79' lang='grc' dir='ltr'>τοῦ</span> <span class='ocrx_word' id='word_1_353' title='bbox 3188 2026 3432 2101; x_wconf 72' lang='grc' dir='ltr'>Ἰσραήλ.</span> <span class='ocrx_word' id='word_1_354' title='bbox 3512 2028 3614 2083; x_wconf 82' lang='grc' dir='ltr'>Καὶ</span> <span class='ocrx_word' id='word_1_355' title='bbox 3680 2027 3888 2087; x_wconf 77' lang='grc' dir='ltr'>ἀκούσας</span> 
     </span>
    </p>
   </div>
   <div class='ocr_carea' id='block_1_53' title="bbox 2253 2104 3888 2194">
    <p class='ocr_par' dir='ltr' id='par_1_53' title="bbox 2253 2104 3888 2194">
     <span class='ocr_line' id='line_1_53' title="bbox 2253 2104 3888 2194; baseline 0.002 -30"><span class='ocrx_word' id='word_1_356' title='bbox 2253 2104 2402 2166; x_wconf 80' lang='grc' dir='ltr'>ἸΙλεῖ</span> <span class='ocrx_word' id='word_1_357' title='bbox 2464 2112 2493 2166; x_wconf 83' lang='grc' dir='ltr'>ὸ</span> <span class='ocrx_word' id='word_1_358' title='bbox 2554 2111 2725 2186; x_wconf 77' lang='grc' dir='ltr'>ἱερεὺς</span> <span class='ocrx_word' id='word_1_359' title='bbox 2784 2114 2961 2169; x_wconf 83' lang='grc' dir='ltr'>πεσὼν</span> <span class='ocrx_word' id='word_1_360' title='bbox 3022 2114 3267 2179; x_wconf 77' lang='grc' dir='ltr'>ἀπέθανε.</span> <span class='ocrx_word' id='word_1_361' title='bbox 3332 2117 3716 2194; x_wconf 64' lang='grc' dir='ltr'>Προσφέρουσι</span> <span class='ocrx_word' id='word_1_362' title='bbox 3769 2114 3822 2171; x_wconf 74' lang='grc' dir='ltr'>εὶ</span> <span class='ocrx_word' id='word_1_363' title='bbox 3846 2115 3888 2170; x_wconf 78' lang='grc' dir='ltr'>οἱ</span> 
     </span>
    </p>
   </div>
   <div class='ocr_carea' id='block_1_54' title="bbox 2251 2198 3885 2281">
    <p class='ocr_par' dir='ltr' id='par_1_54' title="bbox 2251 2198 3885 2281">
     <span class='ocr_line' id='line_1_54' title="bbox 2251 2198 3885 2281; baseline 0.004 -28"><span class='ocrx_word' id='word_1_364' title='bbox 2251 2198 2563 2279; x_wconf 67' lang='grc' dir='ltr'>ἀλλόφυλοι</span> <span class='ocrx_word' id='word_1_365' title='bbox 2592 2203 2694 2270; x_wconf 73' lang='grc' dir='ltr'>τὴν</span> <span class='ocrx_word' id='word_1_366' title='bbox 2723 2199 2963 2260; x_wconf 85' lang='grc' dir='ltr'>κιϐωτὸν</span> <span class='ocrx_word' id='word_1_367' title='bbox 2991 2201 3167 2281; x_wconf 80' lang='grc' dir='ltr'>δῶρον</span> <span class='ocrx_word' id='word_1_368' title='bbox 3217 2210 3298 2277; x_wconf 79' lang='grc' dir='ltr'>τῷ</span> <span class='ocrx_word' id='word_1_369' title='bbox 3348 2211 3455 2280; x_wconf 77' lang='grc' dir='ltr'>θεῷ</span> <span class='ocrx_word' id='word_1_370' title='bbox 3503 2206 3686 2263; x_wconf 67' lang='grc' dir='ltr'>αὐτῶν</span> <span class='ocrx_word' id='word_1_371' title='bbox 3719 2206 3885 2280; x_wconf 75' lang='grc' dir='ltr'>Δαγὼν</span> 
     </span>
    </p>
   </div>
   <div class='ocr_carea' id='block_1_55' title="bbox 2251 2285 3884 2370">
    <p class='ocr_par' dir='ltr' id='par_1_55' title="bbox 2251 2285 3884 2370">
     <span class='ocr_line' id='line_1_55' title="bbox 2251 2285 3884 2370; baseline 0.004 -29"><span class='ocrx_word' id='word_1_372' title='bbox 2251 2285 2327 2348; x_wconf 62' lang='grc' dir='ltr'>ε”ς</span> <span class='ocrx_word' id='word_1_373' title='bbox 2387 2289 2648 2358; x_wconf 69' lang='grc' dir='ltr'>ιἌζωτον,</span> <span class='ocrx_word' id='word_1_374' title='bbox 2707 2292 2796 2346; x_wconf 79' lang='grc' dir='ltr'>καὶ</span> <span class='ocrx_word' id='word_1_375' title='bbox 2857 2291 3074 2347; x_wconf 79' lang='grc' dir='ltr'>Ξστῶσιν</span> <span class='ocrx_word' id='word_1_376' title='bbox 3134 2293 3301 2364; x_wconf 77' lang='grc' dir='ltr'>αὐτὴν</span> <span class='ocrx_word' id='word_1_377' title='bbox 3367 2296 3518 2370; x_wconf 78' lang='grc' dir='ltr'>παρὰ</span> <span class='ocrx_word' id='word_1_378' title='bbox 3575 2295 3705 2356; x_wconf 77' lang='grc' dir='ltr'>τοὺς</span> <span class='ocrx_word' id='word_1_379' title='bbox 3734 2291 3884 2354; x_wconf 73' lang='grc' dir='ltr'>πόδας</span> 
     </span>
    </p>
   </div>
   <div class='ocr_carea' id='block_1_56' title="bbox 2249 2375 3880 2456">
    <p class='ocr_par' dir='ltr' id='par_1_56' title="bbox 2249 2375 3880 2456">
     <span class='ocr_line' id='line_1_56' title="bbox 2249 2375 3880 2456; baseline 0.004 -25"><span class='ocrx_word' id='word_1_380' title='bbox 2249 2380 2346 2431; x_wconf 74' lang='grc' dir='ltr'>τού</span> <span class='ocrx_word' id='word_1_381' title='bbox 2402 2375 2655 2434; x_wconf 72' lang='grc' dir='ltr'>εἰδώλου.</span> <span class='ocrx_word' id='word_1_382' title='bbox 2699 2382 2790 2437; x_wconf 81' lang='grc' dir='ltr'>Ἐν</span> <span class='ocrx_word' id='word_1_383' title='bbox 2851 2378 2908 2436; x_wconf 72' lang='grc' dir='ltr'>δὲ</span> <span class='ocrx_word' id='word_1_384' title='bbox 2969 2385 3036 2456; x_wconf 82' lang='grc' dir='ltr'>τῇ</span> <span class='ocrx_word' id='word_1_385' title='bbox 3090 2383 3240 2438; x_wconf 88' lang='grc' dir='ltr'>νυκτὶ</span> <span class='ocrx_word' id='word_1_386' title='bbox 3300 2384 3547 2440; x_wconf 88' lang='grc' dir='ltr'>πίπτειὸ</span> <span class='ocrx_word' id='word_1_387' title='bbox 3579 2385 3700 2445; x_wconf 80' lang='grc' dir='ltr'>θεὸς</span> <span class='ocrx_word' id='word_1_388' title='bbox 3727 2382 3880 2438; x_wconf 77' lang='grc' dir='ltr'>αὐτῶν</span> 
     </span>
    </p>
   </div>
   <div class='ocr_carea' id='block_1_57' title="bbox 2251 2467 3884 2544">
    <p class='ocr_par' dir='ltr' id='par_1_57' title="bbox 2251 2467 3884 2544">
     <span class='ocr_line' id='line_1_57' title="bbox 2251 2467 3884 2544; baseline 0.006 -24"><span class='ocrx_word' id='word_1_389' title='bbox 2251 2467 2460 2540; x_wconf 82' lang='grc' dir='ltr'>Δαγὼν,</span> <span class='ocrx_word' id='word_1_390' title='bbox 2537 2468 2627 2521; x_wconf 78' lang='grc' dir='ltr'>καὶ</span> <span class='ocrx_word' id='word_1_391' title='bbox 2695 2468 3038 2544; x_wconf 83' lang='grc' dir='ltr'>ὀρθρίσαντες</span> <span class='ocrx_word' id='word_1_392' title='bbox 3102 2473 3257 2544; x_wconf 85' lang='grc' dir='ltr'>εὗρον</span> <span class='ocrx_word' id='word_1_393' title='bbox 3351 2473 3514 2528; x_wconf 69' lang='grc' dir='ltr'>αὐτὸν</span> <span class='ocrx_word' id='word_1_394' title='bbox 3583 2471 3884 2529; x_wconf 68' lang='grc' dir='ltr'>πεπτωκότα</span> 
     </span>
    </p>
   </div>
   <div class='ocr_carea' id='block_1_58' title="bbox 2251 2550 3883 2632">
    <p class='ocr_par' dir='ltr' id='par_1_58' title="bbox 2251 2550 3883 2632">
     <span class='ocr_line' id='line_1_58' title="bbox 2251 2550 3883 2632; baseline 0.002 -23"><span class='ocrx_word' id='word_1_395' title='bbox 2251 2550 2555 2626; x_wconf 75' lang='grc' dir='ltr'>ἔμπροσθεν</span> <span class='ocrx_word' id='word_1_396' title='bbox 2616 2564 2715 2625; x_wconf 74' lang='grc' dir='ltr'>τῆς</span> <span class='ocrx_word' id='word_1_397' title='bbox 2772 2554 3033 2616; x_wconf 68' lang='grc' dir='ltr'>κιϐωτοῦ.</span> <span class='ocrx_word' id='word_1_398' title='bbox 3095 2561 3420 2632; x_wconf 72' lang='grc' dir='ltr'>Ἀνὲστησάν</span> <span class='ocrx_word' id='word_1_399' title='bbox 3471 2584 3534 2619; x_wconf 79' lang='grc' dir='ltr'>τε</span> <span class='ocrx_word' id='word_1_400' title='bbox 3597 2556 3883 2623; x_wconf 79' lang='grc' dir='ltr'>αὖτὸν,καὶ</span> 
     </span>
    </p>
   </div>
   <div class='ocr_carea' id='block_1_59' title="bbox 2249 2643 3882 2728">
    <p class='ocr_par' dir='ltr' id='par_1_59' title="bbox 2249 2643 3882 2728">
     <span class='ocr_line' id='line_1_59' title="bbox 2249 2643 3882 2728; baseline 0.002 -30"><span class='ocrx_word' id='word_1_401' title='bbox 2249 2648 2320 2717; x_wconf 77' lang='grc' dir='ltr'>τῇ</span> <span class='ocrx_word' id='word_1_402' title='bbox 2363 2644 2519 2716; x_wconf 71' lang='grc' dir='ltr'>ἒτέρᾳ</span> <span class='ocrx_word' id='word_1_403' title='bbox 2563 2646 2712 2700; x_wconf 84' lang='grc' dir='ltr'>νυκτὶ</span> <span class='ocrx_word' id='word_1_404' title='bbox 2770 2647 2938 2703; x_wconf 55' lang='grc' dir='ltr'>πάλι]</span> <span class='ocrx_word' id='word_1_405' title='bbox 2993 2644 3148 2704; x_wconf 78' lang='grc' dir='ltr'>ἔπεσε</span> <span class='ocrx_word' id='word_1_406' title='bbox 3205 2652 3392 2728; x_wconf 77' lang='grc' dir='ltr'>Δαγὼν</span> <span class='ocrx_word' id='word_1_407' title='bbox 3445 2650 3537 2706; x_wconf 67' lang='grc' dir='ltr'>καὶ</span> <span class='ocrx_word' id='word_1_408' title='bbox 3599 2643 3882 2724; x_wconf 66' lang='grc' dir='ltr'>συνετρῖϐη,</span> 
     </span>
    </p>
   </div>
   <div class='ocr_carea' id='block_1_60' title="bbox 2247 2733 3887 2817">
    <p class='ocr_par' dir='ltr' id='par_1_60' title="bbox 2247 2733 3887 2817">
     <span class='ocr_line' id='line_1_60' title="bbox 2247 2733 3887 2817; baseline 0.007 -30"><span class='ocrx_word' id='word_1_409' title='bbox 2247 2733 2340 2787; x_wconf 78' lang='grc' dir='ltr'>καὶ</span> <span class='ocrx_word' id='word_1_410' title='bbox 2373 2733 2553 2788; x_wconf 67' lang='grc' dir='ltr'>οὐκέτι</span> <span class='ocrx_word' id='word_1_411' title='bbox 2606 2735 2636 2788; x_wconf 85' lang='grc' dir='ltr'><strong>ὁ</strong></span> <span class='ocrx_word' id='word_1_412' title='bbox 2686 2739 2818 2796; x_wconf 84' lang='grc' dir='ltr'>ναὸς</span> <span class='ocrx_word' id='word_1_413' title='bbox 2869 2740 3036 2792; x_wconf 82' lang='grc' dir='ltr'>αύτοῦ</span> <span class='ocrx_word' id='word_1_414' title='bbox 3069 2734 3353 2806; x_wconf 72' lang='grc' dir='ltr'>ἱσεϐἀπθη.</span> <span class='ocrx_word' id='word_1_415' title='bbox 3387 2740 3490 2797; x_wconf 79' lang='grc' dir='ltr'>Καὶ</span> <span class='ocrx_word' id='word_1_416' title='bbox 3525 2739 3887 2817; x_wconf 64' lang='grc' dir='ltr'>ἐπατάχθησαν</span> 
     </span>
    </p>
   </div>
   <div class='ocr_carea' id='block_1_61' title="bbox 2252 2819 3887 2902">
    <p class='ocr_par' dir='ltr' id='par_1_61' title="bbox 2252 2819 3887 2902">
     <span class='ocr_line' id='line_1_61' title="bbox 2252 2819 3887 2902; baseline 0 -26"><span class='ocrx_word' id='word_1_417' title='bbox 2252 2821 2304 2876; x_wconf 79' lang='grc' dir='ltr'>οἱ</span> <span class='ocrx_word' id='word_1_418' title='bbox 2336 2819 2649 2899; x_wconf 70' lang='grc' dir='ltr'>ἀλλίῖφυλοι</span> <span class='ocrx_word' id='word_1_419' title='bbox 2705 2825 2783 2886; x_wconf 82' lang='grc' dir='ltr'>εἰς</span> <span class='ocrx_word' id='word_1_420' title='bbox 2832 2826 2929 2890; x_wconf 69' lang='grc' dir='ltr'>τὰς</span> <span class='ocrx_word' id='word_1_421' title='bbox 2983 2820 3142 2902; x_wconf 73' lang='grc' dir='ltr'>ἔδρας</span> <span class='ocrx_word' id='word_1_422' title='bbox 3197 2828 3376 2884; x_wconf 77' lang='grc' dir='ltr'>αὐτῶν</span> <span class='ocrx_word' id='word_1_423' title='bbox 3421 2830 3510 2884; x_wconf 86' lang='grc' dir='ltr'>καὶ</span> <span class='ocrx_word' id='word_1_424' title='bbox 3567 2829 3621 2884; x_wconf 83' lang='grc' dir='ltr'>οἷ</span> <span class='ocrx_word' id='word_1_425' title='bbox 3671 2828 3721 2883; x_wconf 81' lang='grc' dir='ltr'>ἐν</span> <span class='ocrx_word' id='word_1_426' title='bbox 3752 2824 3887 2880; x_wconf 77' lang='grc' dir='ltr'>παντὶ</span> 
     </span>
    </p>
   </div>
   <div class='ocr_carea' id='block_1_62' title="bbox 2251 2910 3885 2989">
    <p class='ocr_par' dir='ltr' id='par_1_62' title="bbox 2251 2910 3885 2989">
     <span class='ocr_line' id='line_1_62' title="bbox 2251 2910 3885 2989; baseline 0.002 -24"><span class='ocrx_word' id='word_1_427' title='bbox 2251 2910 2389 2982; x_wconf 77' lang='grc' dir='ltr'>ὁρίῳ</span> <span class='ocrx_word' id='word_1_428' title='bbox 2442 2919 2542 2981; x_wconf 76' lang='grc' dir='ltr'>τῆς</span> <span class='ocrx_word' id='word_1_429' title='bbox 2620 2913 3011 2977; x_wconf 79' lang='grc' dir='ltr'>Πενταπόλεως</span> <span class='ocrx_word' id='word_1_430' title='bbox 3096 2917 3365 2986; x_wconf 84' lang='grc' dir='ltr'>Ἀζώτου,</span> <span class='ocrx_word' id='word_1_431' title='bbox 3452 2921 3653 2989; x_wconf 71' lang='grc' dir='ltr'>Γάζης,</span> <span class='ocrx_word' id='word_1_432' title='bbox 3712 2913 3885 2973; x_wconf 65' lang='grc' dir='ltr'>’Λακί-</span> 
     </span>
    </p>
   </div>
   <div class='ocr_carea' id='block_1_63' title="bbox 2252 2996 3882 3083">
    <p class='ocr_par' dir='ltr' id='par_1_63' title="bbox 2252 2996 3882 3083">
     <span class='ocr_line' id='line_1_63' title="bbox 2252 2996 3882 3083; baseline 0.012 -29"><span class='ocrx_word' id='word_1_433' title='bbox 2252 2997 2450 3067; x_wconf 79' lang='grc' dir='ltr'>λωνος,</span> <span class='ocrx_word' id='word_1_434' title='bbox 2483 2996 2606 3072; x_wconf 79' lang='grc' dir='ltr'>Γὶϐ,</span> <span class='ocrx_word' id='word_1_435' title='bbox 2666 3002 2966 3078; x_wconf 74' lang='grc' dir='ltr'>Ἀκκάρων·</span> <span class='ocrx_word' id='word_1_436' title='bbox 3020 3006 3113 3060; x_wconf 81' lang='grc' dir='ltr'>καὶ</span> <span class='ocrx_word' id='word_1_437' title='bbox 3152 3004 3360 3082; x_wconf 72' lang='grc' dir='ltr'>ἐγένετο</span> <span class='ocrx_word' id='word_1_438' title='bbox 3394 3007 3660 3083; x_wconf 68' lang='grc' dir='ltr'>σύγχυσις</span> <span class='ocrx_word' id='word_1_439' title='bbox 3696 3001 3882 3079; x_wconf 69' lang='grc' dir='ltr'>μεγάλη</span> 
     </span>
    </p>
   </div>
   <div class='ocr_carea' id='block_1_64' title="bbox 2250 3088 3885 3171">
    <p class='ocr_par' dir='ltr' id='par_1_64' title="bbox 2250 3088 3885 3171">
     <span class='ocr_line' id='line_1_64' title="bbox 2250 3088 3885 3171; baseline 0.004 -29"><span class='ocrx_word' id='word_1_440' title='bbox 2250 3089 2476 3144; x_wconf 69' lang='grc' dir='ltr'>θανάτου</span> <span class='ocrx_word' id='word_1_441' title='bbox 2506 3088 2557 3145; x_wconf 68' lang='grc' dir='ltr'>ἐν</span> <span class='ocrx_word' id='word_1_442' title='bbox 2587 3091 2797 3161; x_wconf 73' lang='grc' dir='ltr'>αὐτοῖς,</span> <span class='ocrx_word' id='word_1_443' title='bbox 2828 3095 2916 3148; x_wconf 83' lang='grc' dir='ltr'>καὶ</span> <span class='ocrx_word' id='word_1_444' title='bbox 2957 3096 2993 3163; x_wconf 78' lang='grc' dir='ltr'>ἡ</span> <span class='ocrx_word' id='word_1_445' title='bbox 3040 3101 3109 3167; x_wconf 87' lang='grc' dir='ltr'>γῆ</span> <span class='ocrx_word' id='word_1_446' title='bbox 3145 3095 3322 3151; x_wconf 82' lang='grc' dir='ltr'>αὐτῶν</span> <span class='ocrx_word' id='word_1_447' title='bbox 3354 3092 3605 3171; x_wconf 72' lang='grc' dir='ltr'>ἰξὲϐραζε</span> <span class='ocrx_word' id='word_1_448' title='bbox 3638 3099 3756 3168; x_wconf 72' lang='grc' dir='ltr'>μῦς.</span> <span class='ocrx_word' id='word_1_449' title='bbox 3803 3088 3885 3146; x_wconf 70' lang='grc' dir='ltr'>Καὶ</span> 
     </span>
    </p>
   </div>
   <div class='ocr_carea' id='block_1_65' title="bbox 2256 3179 3883 3258">
    <p class='ocr_par' dir='ltr' id='par_1_65' title="bbox 2256 3179 3883 3258">
     <span class='ocr_line' id='line_1_65' title="bbox 2256 3179 3883 3258; baseline 0.005 -27"><span class='ocrx_word' id='word_1_450' title='bbox 2256 3180 2391 3251; x_wconf 75' lang='grc' dir='ltr'>μετὰ</span> <span class='ocrx_word' id='word_1_451' title='bbox 2446 3179 2580 3234; x_wconf 74' lang='grc' dir='ltr'>ἑπτὰ</span> <span class='ocrx_word' id='word_1_452' title='bbox 2636 3188 2809 3251; x_wconf 66' lang='grc' dir='ltr'>μῆνας</span> <span class='ocrx_word' id='word_1_453' title='bbox 2869 3184 2965 3256; x_wconf 86' lang='grc' dir='ltr'>(ὡς</span> <span class='ocrx_word' id='word_1_454' title='bbox 3020 3179 3077 3238; x_wconf 76' lang='grc' dir='ltr'>δὲ</span> <span class='ocrx_word' id='word_1_455' title='bbox 3135 3185 3423 3253; x_wconf 70' lang='grc' dir='ltr'>Ἰώσηπος,</span> <span class='ocrx_word' id='word_1_456' title='bbox 3470 3192 3648 3258; x_wconf 75' lang='grc' dir='ltr'>μῆνας</span> <span class='ocrx_word' id='word_1_457' title='bbox 3678 3181 3772 3238; x_wconf 74' lang='grc' dir='ltr'>δύο</span> <span class='ocrx_word' id='word_1_458' title='bbox 3799 3179 3883 3252; x_wconf 82' lang='grc' dir='ltr'>μό·</span> 
     </span>
    </p>
   </div>
   <div class='ocr_carea' id='block_1_66' title="bbox 497 3252 2139 3347">
    <p class='ocr_par' dir='ltr' id='par_1_66' title="bbox 497 3273 2139 3345">
     <span class='ocr_line' id='line_1_66' title="bbox 497 3273 2139 3345; baseline -0.002 -15"><span class='ocrx_word' id='word_1_459' title='bbox 497 3274 649 3331; x_wconf 90' lang='lat' dir='ltr'>bari.</span> <span class='ocrx_word' id='word_1_460' title='bbox 671 3291 819 3345; x_wconf 89' lang='lat' dir='ltr'>quos</span> <span class='ocrx_word' id='word_1_461' title='bbox 831 3291 989 3329; x_wconf 93' lang='lat' dir='ltr'>nunc</span> <span class='ocrx_word' id='word_1_462' title='bbox 1011 3274 1356 3329; x_wconf 46' lang='lat' dir='ltr'>Palaestinos</span> <span class='ocrx_word' id='word_1_463' title='bbox 1379 3273 1766 3344; x_wconf 86' lang='lat' dir='ltr'>appellamus,</span> <span class='ocrx_word' id='word_1_464' title='bbox 1790 3289 1989 3328; x_wconf 87' lang='lat' dir='ltr'>arcam</span> <span class='ocrx_word' id='word_1_465' title='bbox 2011 3289 2139 3328; x_wconf 91' lang='lat' dir='ltr'>cum</span> 
     </span>
    </p>
   </div>
   <div class='ocr_carea' id='block_1_67' title="bbox 2252 3252 3881 3347">
    <p class='ocr_par' dir='ltr' id='par_1_67' title="bbox 2258 3262 3881 3347">
     <span class='ocr_line' id='line_1_67' title="bbox 2258 3262 3881 3347; baseline 0.008 -29"><span class='ocrx_word' id='word_1_466' title='bbox 2258 3287 2378 3328; x_wconf 78' lang='grc' dir='ltr'>νους</span> <span class='ocrx_word' id='word_1_467' title='bbox 2402 3270 2512 3336; x_wconf 63' lang='grc' dir='ltr'>ι58ι</span> <span class='ocrx_word' id='word_1_468' title='bbox 2535 3275 2762 3338; x_wconf 81' lang='grc' dir='ltr'>ποιῆσαι</span> <span class='ocrx_word' id='word_1_469' title='bbox 2785 3271 2885 3337; x_wconf 80' lang='grc' dir='ltr'>τήν</span> <span class='ocrx_word' id='word_1_470' title='bbox 2908 3264 3141 3326; x_wconf 85' lang='grc' dir='ltr'>κιϐωτὸν</span> <span class='ocrx_word' id='word_1_471' title='bbox 3160 3273 3306 3347; x_wconf 82' lang='grc' dir='ltr'>παρά</span> <span class='ocrx_word' id='word_1_472' title='bbox 3323 3278 3442 3336; x_wconf 85' lang='grc' dir='ltr'>τοῖς</span> <span class='ocrx_word' id='word_1_473' title='bbox 3470 3262 3881 3347; x_wconf 56' lang='grc' dir='ltr'>αλλοᾳύλοιςιτίἱ</span> 
     </span>
    </p>
   </div>
   <div class='ocr_carea' id='block_1_68' title="bbox 499 3360 2150 3432">
    <p class='ocr_par' dir='ltr' id='par_1_68' title="bbox 499 3360 2150 3432">
     <span class='ocr_line' id='line_1_68' title="bbox 499 3360 2150 3432; baseline -0.002 -13"><span class='ocrx_word' id='word_1_474' title='bbox 499 3363 671 3419; x_wconf 88' lang='lat' dir='ltr'>donis</span> <span class='ocrx_word' id='word_1_475' title='bbox 702 3369 762 3418; x_wconf 91' lang='lat' dir='ltr'>et</span> <span class='ocrx_word' id='word_1_476' title='bbox 791 3362 1003 3417; x_wconf 77' lang='lat' dir='ltr'>hostiis</span> <span class='ocrx_word' id='word_1_477' title='bbox 1034 3362 1360 3416; x_wconf 86' lang='lat' dir='ltr'>emiserunt</span> <span class='ocrx_word' id='word_1_478' title='bbox 1389 3361 1555 3415; x_wconf 89' lang='lat' dir='ltr'>novis</span> <span class='ocrx_word' id='word_1_479' title='bbox 1577 3360 1881 3432; x_wconf 76' lang='lat' dir='ltr'>quadrigis</span> <span class='ocrx_word' id='word_1_480' title='bbox 1912 3361 2150 3432; x_wconf 89' lang='lat' dir='ltr'>imposi-</span> 
     </span>
    </p>
   </div>
   <div class='ocr_carea' id='block_1_69' title="bbox 506 3448 2144 3519">
    <p class='ocr_par' dir='ltr' id='par_1_69' title="bbox 506 3448 2144 3519">
     <span class='ocr_line' id='line_1_69' title="bbox 506 3448 2144 3519; baseline -0.001 -13"><span class='ocrx_word' id='word_1_481' title='bbox 506 3457 652 3516; x_wconf 90' lang='lat' dir='ltr'>tam,</span> <span class='ocrx_word' id='word_1_482' title='bbox 682 3452 774 3507; x_wconf 91' lang='lat' dir='ltr'>cui</span> <span class='ocrx_word' id='word_1_483' title='bbox 803 3467 1006 3506; x_wconf 86' lang='lat' dir='ltr'>vaccas</span> <span class='ocrx_word' id='word_1_484' title='bbox 1024 3450 1283 3506; x_wconf 87' lang='lat' dir='ltr'>delectas</span> <span class='ocrx_word' id='word_1_485' title='bbox 1305 3456 1364 3504; x_wconf 91' lang='lat' dir='ltr'>et</span> <span class='ocrx_word' id='word_1_486' title='bbox 1383 3450 1633 3504; x_wconf 86' lang='lat' dir='ltr'>intactas</span> <span class='ocrx_word' id='word_1_487' title='bbox 1658 3448 2001 3519; x_wconf 87' lang='lat' dir='ltr'>junxerant.</span> <span class='ocrx_word' id='word_1_488' title='bbox 2029 3452 2144 3515; x_wconf 75' lang='lat' dir='ltr'>Em,</span> 
     </span>
    </p>
   </div>
   <div class='ocr_carea' id='block_1_70' title="bbox 506 3537 2145 3612">
    <p class='ocr_par' dir='ltr' id='par_1_70' title="bbox 506 3537 2145 3612">
     <span class='ocr_line' id='line_1_70' title="bbox 506 3537 2145 3612; baseline -0.002 -16"><span class='ocrx_word' id='word_1_489' title='bbox 506 3539 749 3596; x_wconf 87' lang='lat' dir='ltr'>nemine</span> <span class='ocrx_word' id='word_1_490' title='bbox 778 3539 1093 3612; x_wconf 83' lang='lat' dir='ltr'>dirigente,</span> <span class='ocrx_word' id='word_1_491' title='bbox 1125 3539 1274 3593; x_wconf 89' lang='lat' dir='ltr'>viam</span> <span class='ocrx_word' id='word_1_492' title='bbox 1308 3537 1695 3593; x_wconf 85' lang='lat' dir='ltr'>confecerunt</span> <span class='ocrx_word' id='word_1_493' title='bbox 1746 3537 1994 3607; x_wconf 89' lang='lat' dir='ltr'>Fuitque</span> <span class='ocrx_word' id='word_1_494' title='bbox 2034 3538 2145 3592; x_wconf 85' lang='lat' dir='ltr'>hoc</span> 
     </span>
    </p>
   </div>
   <div class='ocr_carea' id='block_1_71' title="bbox 502 3624 2154 3700">
    <p class='ocr_par' dir='ltr' id='par_1_71' title="bbox 502 3624 2154 3700">
     <span class='ocr_line' id='line_1_71' title="bbox 502 3624 2154 3700; baseline -0.001 -17"><span class='ocrx_word' id='word_1_495' title='bbox 502 3628 782 3684; x_wconf 86' lang='lat' dir='ltr'>Israelico</span> <span class='ocrx_word' id='word_1_496' title='bbox 811 3627 1031 3700; x_wconf 88' lang='lat' dir='ltr'>populo</span> <span class='ocrx_word' id='word_1_497' title='bbox 1056 3627 1289 3695; x_wconf 89' lang='lat' dir='ltr'>honori,</span> <span class='ocrx_word' id='word_1_498' title='bbox 1309 3642 1442 3680; x_wconf 90' lang='lat' dir='ltr'>cum</span> <span class='ocrx_word' id='word_1_499' title='bbox 1463 3624 1723 3685; x_wconf 84' lang='lat' dir='ltr'>Barbari,</span> <span class='ocrx_word' id='word_1_500' title='bbox 1757 3640 1821 3678; x_wconf 89' lang='lat' dir='ltr'>re</span> <span class='ocrx_word' id='word_1_501' title='bbox 1853 3624 1991 3681; x_wconf 76' lang='lat' dir='ltr'>visa.</span> <span class='ocrx_word' id='word_1_502' title='bbox 2016 3638 2154 3681; x_wconf 85' lang='lat' dir='ltr'>ma-‘</span> 
     </span>
    </p>
   </div>
   <div class='ocr_carea' id='block_1_72' title="bbox 499 3714 2141 3792">
    <p class='ocr_par' dir='ltr' id='par_1_72' title="bbox 499 3714 2141 3792">
     <span class='ocr_line' id='line_1_72' title="bbox 499 3714 2141 3792; baseline -0.002 -18"><span class='ocrx_word' id='word_1_503' title='bbox 499 3735 612 3792; x_wconf 80' lang='lat' dir='ltr'>gno</span> <span class='ocrx_word' id='word_1_504' title='bbox 644 3724 806 3775; x_wconf 89' lang='lat' dir='ltr'>metu</span> <span class='ocrx_word' id='word_1_505' title='bbox 848 3717 1334 3789; x_wconf 79' lang='lat' dir='ltr'>percellerentur.</span> <span class='ocrx_word' id='word_1_506' title='bbox 1393 3714 1605 3770; x_wconf 87' lang='lat' dir='ltr'>Mansit</span> <span class='ocrx_word' id='word_1_507' title='bbox 1659 3719 1857 3768; x_wconf 90' lang='lat' dir='ltr'>autem</span> <span class='ocrx_word' id='word_1_508' title='bbox 1914 3730 2052 3770; x_wconf 89' lang='lat' dir='ltr'>arca</span> <span class='ocrx_word' id='word_1_509' title='bbox 2081 3714 2141 3770; x_wconf 89' lang='lat' dir='ltr'>in</span> 
     </span>
    </p>
   </div>
   <div class='ocr_carea' id='block_1_73' title="bbox 496 3804 2141 3875">
    <p class='ocr_par' dir='ltr' id='par_1_73' title="bbox 496 3804 2141 3875">
     <span class='ocr_line' id='line_1_73' title="bbox 496 3804 2141 3875; baseline -0.002 -12"><span class='ocrx_word' id='word_1_510' title='bbox 496 3807 674 3863; x_wconf 89' lang='lat' dir='ltr'>domo</span> <span class='ocrx_word' id='word_1_511' title='bbox 700 3806 1073 3862; x_wconf 76' lang='lat' dir='ltr'>Aminadabi.</span> <span class='ocrx_word' id='word_1_512' title='bbox 1100 3806 1271 3860; x_wconf 85' lang='lat' dir='ltr'>Prius</span> <span class='ocrx_word' id='word_1_513' title='bbox 1284 3804 1523 3875; x_wconf 88' lang='lat' dir='ltr'>quidem</span> <span class='ocrx_word' id='word_1_514' title='bbox 1545 3804 1696 3858; x_wconf 88' lang='lat' dir='ltr'>eain</span> <span class='ocrx_word' id='word_1_515' title='bbox 1719 3807 1956 3858; x_wconf 86' lang='lat' dir='ltr'>domum</span> <span class='ocrx_word' id='word_1_516' title='bbox 1979 3805 2141 3861; x_wconf 65' lang='lat' dir='ltr'>Osca:</span> 
     </span>
    </p>
   </div>
   <div class='ocr_carea' id='block_1_74' title="bbox 494 3893 2108 3965">
    <p class='ocr_par' dir='ltr' id='par_1_74' title="bbox 494 3893 2108 3965">
     <span class='ocr_line' id='line_1_74' title="bbox 494 3893 2108 3965; baseline -0.001 -15"><span class='ocrx_word' id='word_1_517' title='bbox 494 3897 556 3951; x_wconf 90' lang='lat' dir='ltr'>in</span> <span class='ocrx_word' id='word_1_518' title='bbox 577 3896 784 3951; x_wconf 88' lang='lat' dir='ltr'>urbem</span> <span class='ocrx_word' id='word_1_519' title='bbox 805 3895 1317 3950; x_wconf 80' lang='lat' dir='ltr'>Bethschemesam</span> <span class='ocrx_word' id='word_1_520' title='bbox 1346 3899 1725 3965; x_wconf 86' lang='lat' dir='ltr'>pervenerat;</span> <span class='ocrx_word' id='word_1_521' title='bbox 1750 3893 1871 3964; x_wconf 86' lang='lat' dir='ltr'>qui,</span> <span class='ocrx_word' id='word_1_522' title='bbox 1896 3893 2108 3964; x_wconf 86' lang='lat' dir='ltr'>quadri</span> 
     </span>
    </p>
   </div>
   <div class='ocr_carea' id='block_1_75' title="bbox 489 3980 2142 4054">
    <p class='ocr_par' dir='ltr' id='par_1_75' title="bbox 489 3980 2142 4054">
     <span class='ocr_line' id='line_1_75' title="bbox 489 3980 2142 4054; baseline 0 -19"><span class='ocrx_word' id='word_1_523' title='bbox 489 3982 579 4054; x_wconf 80' lang='lat' dir='ltr'>gis</span> <span class='ocrx_word' id='word_1_524' title='bbox 611 3982 813 4038; x_wconf 91' lang='lat' dir='ltr'>scissis</span> <span class='ocrx_word' id='word_1_525' title='bbox 843 3987 903 4037; x_wconf 89' lang='lat' dir='ltr'>et</span> <span class='ocrx_word' id='word_1_526' title='bbox 944 3982 1213 4037; x_wconf 87' lang='lat' dir='ltr'>accensis</span> <span class='ocrx_word' id='word_1_527' title='bbox 1267 3997 1473 4035; x_wconf 89' lang='lat' dir='ltr'>vaccas</span> <span class='ocrx_word' id='word_1_528' title='bbox 1519 3980 1641 4052; x_wconf 74' lang='lat' dir='ltr'>igni</span> <span class='ocrx_word' id='word_1_529' title='bbox 1692 3980 1999 4050; x_wconf 87' lang='lat' dir='ltr'>impositas</span> <span class='ocrx_word' id='word_1_530' title='bbox 2028 3983 2142 4036; x_wconf 88' lang='lat' dir='ltr'>Do-</span> 
     </span>
    </p>
   </div>
   <div class='ocr_carea' id='block_1_76' title="bbox 492 4069 2139 4127">
    <p class='ocr_par' dir='ltr' id='par_1_76' title="bbox 492 4069 2139 4127">
     <span class='ocr_line' id='line_1_76' title="bbox 492 4069 2139 4127; baseline 0 -2"><span class='ocrx_word' id='word_1_531' title='bbox 492 4070 655 4125; x_wconf 91' lang='lat' dir='ltr'>mino</span> <span class='ocrx_word' id='word_1_532' title='bbox 680 4071 799 4127; x_wconf 93' lang='lat' dir='ltr'>Deo</span> <span class='ocrx_word' id='word_1_533' title='bbox 830 4069 1106 4125; x_wconf 89' lang='lat' dir='ltr'>adolevit.</span> <span class='ocrx_word' id='word_1_534' title='bbox 1141 4071 1215 4125; x_wconf 83' lang='lat' dir='ltr'>At</span> <span class='ocrx_word' id='word_1_535' title='bbox 1246 4085 1384 4125; x_wconf 88' lang='lat' dir='ltr'>vero</span> <span class='ocrx_word' id='word_1_536' title='bbox 1435 4069 1541 4125; x_wconf 85' lang='lat' dir='ltr'>filii</span> <span class='ocrx_word' id='word_1_537' title='bbox 1564 4069 1865 4125; x_wconf 77' lang='lat' dir='ltr'>Jechonim</span> <span class='ocrx_word' id='word_1_538' title='bbox 1897 4086 2030 4125; x_wconf 90' lang='lat' dir='ltr'>cum</span> <span class='ocrx_word' id='word_1_539' title='bbox 2065 4069 2139 4125; x_wconf 90' lang='lat' dir='ltr'>ad</span> 
     </span>
    </p>
   </div>
   <div class='ocr_carea' id='block_1_77' title="bbox 490 4157 2139 4230">
    <p class='ocr_par' dir='ltr' id='par_1_77' title="bbox 490 4157 2139 4230">
     <span class='ocr_line' id='line_1_77' title="bbox 490 4157 2139 4230; baseline -0.001 -16"><span class='ocrx_word' id='word_1_540' title='bbox 490 4175 689 4215; x_wconf 83' lang='lat' dir='ltr'>arcam</span> <span class='ocrx_word' id='word_1_541' title='bbox 710 4159 907 4215; x_wconf 88' lang='lat' dir='ltr'>minus</span> <span class='ocrx_word' id='word_1_542' title='bbox 930 4158 1205 4230; x_wconf 78' lang='lat' dir='ltr'>religiose</span> <span class='ocrx_word' id='word_1_543' title='bbox 1228 4157 1640 4223; x_wconf 87' lang='lat' dir='ltr'>accessissent,</span> <span class='ocrx_word' id='word_1_544' title='bbox 1668 4158 1740 4213; x_wconf 80' lang='lat'><strong>70</strong></span> <span class='ocrx_word' id='word_1_545' title='bbox 1779 4157 1850 4213; x_wconf 89' lang='lat' dir='ltr'>de</span> <span class='ocrx_word' id='word_1_546' title='bbox 1882 4157 1954 4213; x_wconf 89' lang='lat' dir='ltr'>iis</span> <span class='ocrx_word' id='word_1_547' title='bbox 1985 4175 2139 4213; x_wconf 91' lang='lat' dir='ltr'>mor-</span> 
     </span>
    </p>
   </div>
   <div class='ocr_carea' id='block_1_78' title="bbox 490 4247 2136 4319">
    <p class='ocr_par' dir='ltr' id='par_1_78' title="bbox 490 4247 2136 4319">
     <span class='ocr_line' id='line_1_78' title="bbox 490 4247 2136 4319; baseline -0.001 -14"><span class='ocrx_word' id='word_1_548' title='bbox 490 4250 577 4305; x_wconf 86' lang='lat' dir='ltr'>tui</span> <span class='ocrx_word' id='word_1_549' title='bbox 611 4255 786 4315; x_wconf 89' lang='lat' dir='ltr'>sunt;</span> <span class='ocrx_word' id='word_1_550' title='bbox 815 4255 985 4305; x_wconf 88' lang='lat' dir='ltr'>erant</span> <span class='ocrx_word' id='word_1_551' title='bbox 1015 4249 1177 4304; x_wconf 88' lang='lat' dir='ltr'>enim</span> <span class='ocrx_word' id='word_1_552' title='bbox 1208 4247 1375 4319; x_wconf 86' lang='lat' dir='ltr'>impii</span> <span class='ocrx_word' id='word_1_553' title='bbox 1408 4254 1465 4302; x_wconf 91' lang='lat' dir='ltr'>et</span> <span class='ocrx_word' id='word_1_554' title='bbox 1494 4247 1777 4303; x_wconf 83' lang='lat' dir='ltr'>falsorum</span> <span class='ocrx_word' id='word_1_555' title='bbox 1824 4249 2136 4303; x_wconf 88' lang='lat' dir='ltr'>numinum</span> 
     </span>
    </p>
   </div>
   <div class='ocr_carea' id='block_1_79' title="bbox 491 4338 2132 4409">
    <p class='ocr_par' dir='ltr' id='par_1_79' title="bbox 491 4338 2132 4409">
     <span class='ocr_line' id='line_1_79' title="bbox 491 4338 2132 4409; baseline -0.001 -14"><span class='ocrx_word' id='word_1_556' title='bbox 491 4339 773 4407; x_wconf 87' lang='lat' dir='ltr'>cultores,</span> <span class='ocrx_word' id='word_1_557' title='bbox 804 4339 960 4394; x_wconf 90' lang='lat' dir='ltr'>sicut</span> <span class='ocrx_word' id='word_1_558' title='bbox 989 4344 1048 4393; x_wconf 88' lang='lat' dir='ltr'>et</span> <span class='ocrx_word' id='word_1_559' title='bbox 1068 4338 1335 4409; x_wconf 84' lang='lat' dir='ltr'>plerique</span> <span class='ocrx_word' id='word_1_560' title='bbox 1368 4339 1405 4391; x_wconf 86' lang='grc'><strong>1</strong></span> <span class='ocrx_word' id='word_1_561' title='bbox 1429 4338 1522 4392; x_wconf 85' lang='lat' dir='ltr'>l0</span> <span class='ocrx_word' id='word_1_562' title='bbox 1561 4353 1770 4392; x_wconf 92' lang='lat' dir='ltr'>omnes</span> <span class='ocrx_word' id='word_1_563' title='bbox 1818 4338 2132 4393; x_wconf 86' lang='lat' dir='ltr'>Bethsche-</span> 
     </span>
    </p>
   </div>
   <div class='ocr_carea' id='block_1_80' title="bbox 491 4426 2133 4498">
    <p class='ocr_par' dir='ltr' id='par_1_80' title="bbox 491 4426 2133 4498">
     <span class='ocr_line' id='line_1_80' title="bbox 491 4426 2133 4498; baseline 0 -16"><span class='ocrx_word' id='word_1_564' title='bbox 491 4427 721 4482; x_wconf 82' lang='lat' dir='ltr'>mesani</span> <span class='ocrx_word' id='word_1_565' title='bbox 752 4427 906 4482; x_wconf 90' lang='lat' dir='ltr'>cives</span> <span class='ocrx_word' id='word_1_566' title='bbox 933 4443 946 4493; x_wconf 93' lang='lat'><strong>;</strong></span> <span class='ocrx_word' id='word_1_567' title='bbox 980 4432 1342 4498; x_wconf 88' lang='lat' dir='ltr'>quapropter</span> <span class='ocrx_word' id='word_1_568' title='bbox 1362 4426 1540 4481; x_wconf 90' lang='lat' dir='ltr'>etiam</span> <span class='ocrx_word' id='word_1_569' title='bbox 1561 4428 1629 4480; x_wconf 75' lang='lat'>50</span> <span class='ocrx_word' id='word_1_570' title='bbox 1659 4426 1848 4482; x_wconf 87' lang='lat' dir='ltr'>millia</span> <span class='ocrx_word' id='word_1_571' title='bbox 1876 4427 2133 4483; x_wconf 90' lang='lat' dir='ltr'>virorum</span> 
     </span>
    </p>
   </div>
   <div class='ocr_carea' id='block_1_81' title="bbox 489 4514 2132 4587">
    <p class='ocr_par' dir='ltr' id='par_1_81' title="bbox 489 4514 2132 4587">
     <span class='ocr_line' id='line_1_81' title="bbox 489 4514 2132 4587; baseline 0.002 -17"><span class='ocrx_word' id='word_1_572' title='bbox 489 4514 565 4570; x_wconf 89' lang='lat' dir='ltr'>de</span> <span class='ocrx_word' id='word_1_573' title='bbox 594 4515 697 4570; x_wconf 91' lang='lat' dir='ltr'>illo</span> <span class='ocrx_word' id='word_1_574' title='bbox 722 4515 941 4587; x_wconf 92' lang='lat' dir='ltr'>populo</span> <span class='ocrx_word' id='word_1_575' title='bbox 964 4516 1290 4586; x_wconf 89' lang='lat' dir='ltr'>perierunt.</span> <span class='ocrx_word' id='word_1_576' title='bbox 1318 4515 1520 4585; x_wconf 89' lang='lat' dir='ltr'>Itaque</span> <span class='ocrx_word' id='word_1_577' title='bbox 1553 4515 1611 4569; x_wconf 87' lang='lat' dir='ltr'>hi</span> <span class='ocrx_word' id='word_1_578' title='bbox 1643 4531 1837 4570; x_wconf 85' lang='lat' dir='ltr'>arcam</span> <span class='ocrx_word' id='word_1_579' title='bbox 1871 4532 1906 4571; x_wconf 92' lang='lat' dir='ltr'>a</span> <span class='ocrx_word' id='word_1_580' title='bbox 1931 4534 1992 4572; x_wconf 90' lang='lat' dir='ltr'>se</span> <span class='ocrx_word' id='word_1_581' title='bbox 2023 4518 2132 4573; x_wconf 87' lang='lat' dir='ltr'>Ca-</span> 
     </span>
    </p>
   </div>
   <div class='ocr_carea' id='block_1_82' title="bbox 2255 3355 3885 3437">
    <p class='ocr_par' dir='ltr' id='par_1_82' title="bbox 2255 3355 3885 3437">
     <span class='ocr_line' id='line_1_82' title="bbox 2255 3355 3885 3437; baseline 0.003 -29"><span class='ocrx_word' id='word_1_582' title='bbox 2255 3356 2345 3409; x_wconf 86' lang='grc' dir='ltr'>καί</span> <span class='ocrx_word' id='word_1_583' title='bbox 2406 3355 2753 3413; x_wconf 80' lang='grc' dir='ltr'>Παλαιστινοῖ</span> <span class='ocrx_word' id='word_1_584' title='bbox 2804 3362 2892 3413; x_wconf 73' lang='grc' dir='ltr'>νῦν</span> <span class='ocrx_word' id='word_1_585' title='bbox 2950 3357 3267 3428; x_wconf 77' lang='grc' dir='ltr'>καλοῦνται)</span> <span class='ocrx_word' id='word_1_586' title='bbox 3323 3360 3627 3437; x_wconf 67' lang='grc' dir='ltr'>ἐξέπεμψαν</span> <span class='ocrx_word' id='word_1_587' title='bbox 3684 3360 3777 3426; x_wconf 76' lang='grc' dir='ltr'>τήν</span> <span class='ocrx_word' id='word_1_588' title='bbox 3817 3375 3885 3410; x_wconf 82' lang='grc' dir='ltr'>κι-</span> 
     </span>
    </p>
   </div>
   <div class='ocr_carea' id='block_1_83' title="bbox 2258 3437 3882 3521">
    <p class='ocr_par' dir='ltr' id='par_1_83' title="bbox 2258 3437 3882 3521">
     <span class='ocr_line' id='line_1_83' title="bbox 2258 3437 3882 3521; baseline 0.004 -25"><span class='ocrx_word' id='word_1_589' title='bbox 2258 3437 2434 3499; x_wconf 83' lang='grc' dir='ltr'>ϐωτὸν</span> <span class='ocrx_word' id='word_1_590' title='bbox 2470 3447 2604 3518; x_wconf 78' lang='grc' dir='ltr'>μετᾶ</span> <span class='ocrx_word' id='word_1_591' title='bbox 2634 3444 2825 3521; x_wconf 77' lang='grc' dir='ltr'>δώρων</span> <span class='ocrx_word' id='word_1_592' title='bbox 2857 3447 2945 3503; x_wconf 76' lang='grc' dir='ltr'>καί</span> <span class='ocrx_word' id='word_1_593' title='bbox 2977 3451 3199 3510; x_wconf 82' lang='grc' dir='ltr'>θυσιῶν,</span> <span class='ocrx_word' id='word_1_594' title='bbox 3233 3449 3585 3521; x_wconf 67' lang='grc' dir='ltr'>ἑπιθήσαντες</span> <span class='ocrx_word' id='word_1_595' title='bbox 3625 3449 3785 3515; x_wconf 74' lang='grc' dir='ltr'>αὐτὴν</span> <span class='ocrx_word' id='word_1_596' title='bbox 3813 3443 3882 3516; x_wconf 69' lang='grc' dir='ltr'>ἐφ’</span> 
     </span>
    </p>
   </div>
   <div class='ocr_carea' id='block_1_84' title="bbox 2256 3531 3882 3614">
    <p class='ocr_par' dir='ltr' id='par_1_84' title="bbox 2256 3531 3882 3614">
     <span class='ocr_line' id='line_1_84' title="bbox 2256 3531 3882 3614; baseline 0.002 -28"><span class='ocrx_word' id='word_1_597' title='bbox 2256 3531 2464 3603; x_wconf 69' lang='grc' dir='ltr'>ἅμαξαν</span> <span class='ocrx_word' id='word_1_598' title='bbox 2518 3537 2730 3604; x_wconf 52' lang='lat' dir='ltr'>xxiv-Av,</span> <span class='ocrx_word' id='word_1_599' title='bbox 2792 3536 3063 3608; x_wconf 72' lang='grc' dir='ltr'>ζεύξαντες</span> <span class='ocrx_word' id='word_1_600' title='bbox 3145 3539 3277 3614; x_wconf 71' lang='grc' dir='ltr'>βόας</span> <span class='ocrx_word' id='word_1_601' title='bbox 3336 3537 3651 3602; x_wconf 67' lang='grc' dir='ltr'>ἐκλεκτοὺς.</span> <span class='ocrx_word' id='word_1_602' title='bbox 3706 3531 3882 3592; x_wconf 72' lang='grc' dir='ltr'>ἀσκύλ-</span> 
     </span>
    </p>
   </div>
   <div class='ocr_carea' id='block_1_85' title="bbox 2254 3621 3882 3708">
    <p class='ocr_par' dir='ltr' id='par_1_85' title="bbox 2254 3621 3882 3708">
     <span class='ocr_line' id='line_1_85' title="bbox 2254 3621 3882 3708; baseline 0.007 -34"><span class='ocrx_word' id='word_1_603' title='bbox 2254 3622 2404 3691; x_wconf 77' lang='grc' dir='ltr'>τοὺς,</span> <span class='ocrx_word' id='word_1_604' title='bbox 2463 3624 2553 3677; x_wconf 85' lang='grc' dir='ltr'>καὶ</span> <span class='ocrx_word' id='word_1_605' title='bbox 2610 3621 2844 3694; x_wconf 71' lang='grc' dir='ltr'>ηὕθυναν</span> <span class='ocrx_word' id='word_1_606' title='bbox 2904 3625 2956 3681; x_wconf 86' lang='grc' dir='ltr'>οἶ</span> <span class='ocrx_word' id='word_1_607' title='bbox 3016 3627 3138 3702; x_wconf 80' lang='grc' dir='ltr'>βόες</span> <span class='ocrx_word' id='word_1_608' title='bbox 3196 3628 3286 3708; x_wconf 69' lang='grc' dir='ltr'>ἀφ’</span> <span class='ocrx_word' id='word_1_609' title='bbox 3340 3626 3570 3687; x_wconf 73' lang='grc' dir='ltr'>ἑαυτῶν.</span> <span class='ocrx_word' id='word_1_610' title='bbox 3607 3626 3706 3686; x_wconf 80' lang='grc' dir='ltr'>Καὶ</span> <span class='ocrx_word' id='word_1_611' title='bbox 3737 3623 3882 3693; x_wconf 76' lang='grc' dir='ltr'>ἦλθεν</span> 
     </span>
    </p>
   </div>
   <div class='ocr_carea' id='block_1_86' title="bbox 2255 3708 3881 3794">
    <p class='ocr_par' dir='ltr' id='par_1_86' title="bbox 2255 3708 3881 3794">
     <span class='ocr_line' id='line_1_86' title="bbox 2255 3708 3881 3794; baseline 0.008 -32"><span class='ocrx_word' id='word_1_612' title='bbox 2255 3709 2560 3785; x_wconf 72' lang='grc' dir='ltr'>Ἰςραὴλείς</span> <span class='ocrx_word' id='word_1_613' title='bbox 2589 3716 2782 3786; x_wconf 74' lang='grc' dir='ltr'>τιμήν.</span> <span class='ocrx_word' id='word_1_614' title='bbox 2818 3712 3042 3775; x_wconf 79' lang='grc' dir='ltr'>Ἰδόντες</span> <span class='ocrx_word' id='word_1_615' title='bbox 3074 3714 3131 3772; x_wconf 62' lang='lat' dir='ltr'>Si</span> <span class='ocrx_word' id='word_1_616' title='bbox 3179 3717 3229 3771; x_wconf 77' lang='grc' dir='ltr'>οἶ</span> <span class='ocrx_word' id='word_1_617' title='bbox 3277 3715 3596 3794; x_wconf 65' lang='grc' dir='ltr'>ἀλλόφυλοι</span> <span class='ocrx_word' id='word_1_618' title='bbox 3627 3708 3881 3791; x_wconf 58' lang='grc' dir='ltr'>ἐφοϐήθη·</span> 
     </span>
    </p>
   </div>
   <div class='ocr_carea' id='block_1_87' title="bbox 2253 3796 3880 3880">
    <p class='ocr_par' dir='ltr' id='par_1_87' title="bbox 2253 3796 3880 3880">
     <span class='ocr_line' id='line_1_87' title="bbox 2253 3796 3880 3880; baseline 0 -26"><span class='ocrx_word' id='word_1_619' title='bbox 2253 3820 2344 3854; x_wconf 84' lang='grc' dir='ltr'>σαν</span> <span class='ocrx_word' id='word_1_620' title='bbox 2379 3796 2546 3880; x_wconf 69' lang='grc' dir='ltr'>φόϐον</span> <span class='ocrx_word' id='word_1_621' title='bbox 2579 3804 2770 3879; x_wconf 65' lang='grc' dir='ltr'>μέγαν.</span> <span class='ocrx_word' id='word_1_622' title='bbox 2823 3804 2926 3861; x_wconf 84' lang='grc' dir='ltr'>Καὶ</span> <span class='ocrx_word' id='word_1_623' title='bbox 2981 3803 3189 3877; x_wconf 80' lang='grc' dir='ltr'>ἔμεινεν</span> <span class='ocrx_word' id='word_1_624' title='bbox 3247 3809 3282 3875; x_wconf 84' lang='grc' dir='ltr'>ἡ</span> <span class='ocrx_word' id='word_1_625' title='bbox 3336 3801 3574 3868; x_wconf 82' lang='grc' dir='ltr'>κιϐωτὸς</span> <span class='ocrx_word' id='word_1_626' title='bbox 3626 3806 3701 3868; x_wconf 81' lang='grc' dir='ltr'>εἰς</span> <span class='ocrx_word' id='word_1_627' title='bbox 3748 3800 3880 3857; x_wconf 65' lang='grc' dir='ltr'>οἶκον</span> 
     </span>
    </p>
   </div>
   <div class='ocr_carea' id='block_1_88' title="bbox 2253 3887 3879 3968">
    <p class='ocr_par' dir='ltr' id='par_1_88' title="bbox 2253 3887 3879 3968">
     <span class='ocr_line' id='line_1_88' title="bbox 2253 3887 3879 3968; baseline 0.006 -24"><span class='ocrx_word' id='word_1_628' title='bbox 2253 3888 2568 3963; x_wconf 76' lang='grc' dir='ltr'>Ἀμιναδάμ</span> <span class='ocrx_word' id='word_1_629' title='bbox 2615 3890 2708 3964; x_wconf 79' lang='grc' dir='ltr'>ἔτη</span> <span class='ocrx_word' id='word_1_630' title='bbox 2767 3894 2839 3949; x_wconf 87' lang='grc' dir='ltr'>κ’.</span> <span class='ocrx_word' id='word_1_631' title='bbox 2924 3896 3036 3968; x_wconf 83' lang='grc' dir='ltr'>Πρὸ</span> <span class='ocrx_word' id='word_1_632' title='bbox 3113 3894 3310 3951; x_wconf 84' lang='grc' dir='ltr'>τούτου</span> <span class='ocrx_word' id='word_1_633' title='bbox 3368 3892 3428 3950; x_wconf 66' lang='grc' dir='ltr'>δὲ</span> <span class='ocrx_word' id='word_1_634' title='bbox 3478 3898 3800 3965; x_wconf 68' lang='grc' dir='ltr'>κατήντησεν</span> <span class='ocrx_word' id='word_1_635' title='bbox 3849 3887 3879 3954; x_wconf 68' lang='grc' dir='ltr'>ἦ</span> 
     </span>
    </p>
   </div>
   <div class='ocr_carea' id='block_1_89' title="bbox 2248 3975 3877 4054">
    <p class='ocr_par' dir='ltr' id='par_1_89' title="bbox 2248 3975 3877 4054">
     <span class='ocr_line' id='line_1_89' title="bbox 2248 3975 3877 4054; baseline 0.002 -22"><span class='ocrx_word' id='word_1_636' title='bbox 2248 3975 2485 4041; x_wconf 72' lang='grc' dir='ltr'>κιϐωτὸς</span> <span class='ocrx_word' id='word_1_637' title='bbox 2540 3979 2592 4035; x_wconf 71' lang='grc' dir='ltr'>ἐν</span> <span class='ocrx_word' id='word_1_638' title='bbox 2655 3983 2956 4054; x_wconf 76' lang='grc' dir='ltr'>Βεθσαμοῖς</span> <span class='ocrx_word' id='word_1_639' title='bbox 3012 3982 3089 4044; x_wconf 69' lang='grc' dir='ltr'>εἷς</span> <span class='ocrx_word' id='word_1_640' title='bbox 3143 3983 3295 4039; x_wconf 60' lang='grc' dir='ltr'>οἶκον</span> <span class='ocrx_word' id='word_1_641' title='bbox 3352 3984 3535 4053; x_wconf 70' lang='grc' dir='ltr'>Ὠσηὲ.</span> <span class='ocrx_word' id='word_1_642' title='bbox 3568 3983 3629 4047; x_wconf 74' lang='grc' dir='ltr'>ὅς</span> <span class='ocrx_word' id='word_1_643' title='bbox 3673 3983 3766 4036; x_wconf 59' lang='grc' dir='ltr'>τὶν</span> <span class='ocrx_word' id='word_1_644' title='bbox 3793 3975 3877 4051; x_wconf 75' lang='grc' dir='ltr'>μὶν</span> 
     </span>
    </p>
   </div>
   <div class='ocr_carea' id='block_1_90' title="bbox 2249 4060 3879 4145">
    <p class='ocr_par' dir='ltr' id='par_1_90' title="bbox 2249 4060 3879 4145">
     <span class='ocr_line' id='line_1_90' title="bbox 2249 4060 3879 4145; baseline 0.005 -23"><span class='ocrx_word' id='word_1_645' title='bbox 2249 4068 2456 4141; x_wconf 77' lang='grc' dir='ltr'>ἅμαξαν</span> <span class='ocrx_word' id='word_1_646' title='bbox 2508 4066 2795 4144; x_wconf 74' lang='grc' dir='ltr'>διασχίσας</span> <span class='ocrx_word' id='word_1_647' title='bbox 2879 4070 2971 4126; x_wconf 86' lang='grc' dir='ltr'>καὶ</span> <span class='ocrx_word' id='word_1_648' title='bbox 3037 4071 3242 4145; x_wconf 73' lang='grc' dir='ltr'>ἀναψας</span> <span class='ocrx_word' id='word_1_649' title='bbox 3308 4071 3360 4127; x_wconf 83' lang='grc' dir='ltr'>ἐν</span> <span class='ocrx_word' id='word_1_650' title='bbox 3427 4072 3585 4145; x_wconf 80' lang='grc' dir='ltr'>πυρὶ,</span> <span class='ocrx_word' id='word_1_651' title='bbox 3658 4069 3778 4129; x_wconf 77' lang='grc' dir='ltr'>τοὺς</span> <span class='ocrx_word' id='word_1_652' title='bbox 3830 4060 3879 4116; x_wconf 65' lang='grc' dir='ltr'>δῖ</span> 
     </span>
    </p>
   </div>
   <div class='ocr_carea' id='block_1_91' title="bbox 2253 4152 3875 4236">
    <p class='ocr_par' dir='ltr' id='par_1_91' title="bbox 2253 4152 3875 4236">
     <span class='ocr_line' id='line_1_91' title="bbox 2253 4152 3875 4236; baseline 0.002 -24"><span class='ocrx_word' id='word_1_653' title='bbox 2253 4158 2382 4231; x_wconf 75' lang='grc' dir='ltr'>βόας</span> <span class='ocrx_word' id='word_1_654' title='bbox 2432 4155 2483 4213; x_wconf 76' lang='grc' dir='ltr'>ἒν</span> <span class='ocrx_word' id='word_1_655' title='bbox 2552 4159 2691 4231; x_wconf 82' lang='grc' dir='ltr'>αὐτῇ</span> <span class='ocrx_word' id='word_1_656' title='bbox 2752 4160 3046 4236; x_wconf 73' lang='grc' dir='ltr'>ἀνενεγκὼν</span> <span class='ocrx_word' id='word_1_657' title='bbox 3100 4163 3440 4236; x_wconf 67' lang='grc' dir='ltr'>προσήνεγκε</span> <span class='ocrx_word' id='word_1_658' title='bbox 3485 4163 3672 4217; x_wconf 79' lang='grc' dir='ltr'>θυσίαν</span> <span class='ocrx_word' id='word_1_659' title='bbox 3713 4152 3875 4230; x_wconf 60' lang='grc' dir='ltr'>Κυρίῳ</span> 
     </span>
    </p>
   </div>
   <div class='ocr_carea' id='block_1_92' title="bbox 2245 4245 3874 4325">
    <p class='ocr_par' dir='ltr' id='par_1_92' title="bbox 2245 4245 3874 4325">
     <span class='ocr_line' id='line_1_92' title="bbox 2245 4245 3874 4325; baseline -0.002 -22"><span class='ocrx_word' id='word_1_660' title='bbox 2245 4251 2325 4320; x_wconf 79' lang='grc' dir='ltr'>τῷ</span> <span class='ocrx_word' id='word_1_661' title='bbox 2356 4248 2492 4319; x_wconf 76' lang='grc' dir='ltr'>Θεῷ.</span> <span class='ocrx_word' id='word_1_662' title='bbox 2543 4248 2611 4304; x_wconf 71' lang='lat' dir='ltr'>Ui</span> <span class='ocrx_word' id='word_1_663' title='bbox 2660 4245 2717 4304; x_wconf 74' lang='grc' dir='ltr'>δὲ</span> <span class='ocrx_word' id='word_1_664' title='bbox 2767 4249 2877 4304; x_wconf 81' lang='grc' dir='ltr'>υόὶ</span> <span class='ocrx_word' id='word_1_665' title='bbox 2927 4250 3203 4324; x_wconf 74' lang='grc' dir='ltr'>Ἰεχωνίου</span> <span class='ocrx_word' id='word_1_666' title='bbox 3255 4251 3484 4322; x_wconf 79' lang='grc' dir='ltr'>ἀναξίως</span> <span class='ocrx_word' id='word_1_667' title='bbox 3523 4251 3874 4325; x_wconf 65' lang='grc' dir='ltr'>προσήγγιςαν</span> 
     </span>
    </p>
   </div>
   <div class='ocr_carea' id='block_1_93' title="bbox 2244 4331 3875 4411">
    <p class='ocr_par' dir='ltr' id='par_1_93' title="bbox 2244 4331 3875 4411">
     <span class='ocr_line' id='line_1_93' title="bbox 2244 4331 3875 4411; baseline -0.003 -22"><span class='ocrx_word' id='word_1_668' title='bbox 2244 4339 2312 4407; x_wconf 68' lang='grc' dir='ltr'>τῇ</span> <span class='ocrx_word' id='word_1_669' title='bbox 2362 4333 2605 4409; x_wconf 79' lang='grc' dir='ltr'>κιϐωτῷ,</span> <span class='ocrx_word' id='word_1_670' title='bbox 2656 4336 2747 4392; x_wconf 82' lang='grc' dir='ltr'>καὶ</span> <span class='ocrx_word' id='word_1_671' title='bbox 2793 4337 3086 4393; x_wconf 85' lang='grc' dir='ltr'>ἀπώλοντο</span> <span class='ocrx_word' id='word_1_672' title='bbox 3139 4338 3188 4408; x_wconf 75' lang='grc' dir='ltr'>ἐξ</span> <span class='ocrx_word' id='word_1_673' title='bbox 3240 4340 3414 4394; x_wconf 72' lang='grc' dir='ltr'>αὐτῶν</span> <span class='ocrx_word' id='word_1_674' title='bbox 3448 4359 3476 4393; x_wconf 95' lang='grc' dir='ltr'>ο</span> <span class='ocrx_word' id='word_1_675' title='bbox 3521 4337 3727 4411; x_wconf 73' lang='grc' dir='ltr'>ἄνδρες,</span> <span class='ocrx_word' id='word_1_676' title='bbox 3758 4331 3875 4388; x_wconf 75' lang='grc' dir='ltr'>οἶτι-</span> 
     </span>
    </p>
   </div>
   <div class='ocr_carea' id='block_1_94' title="bbox 2245 4415 3875 4502">
    <p class='ocr_par' dir='ltr' id='par_1_94' title="bbox 2245 4415 3875 4502">
     <span class='ocr_line' id='line_1_94' title="bbox 2245 4415 3875 4502; baseline -0.001 -23"><span class='ocrx_word' id='word_1_677' title='bbox 2245 4445 2331 4488; x_wconf 78' lang='grc' dir='ltr'>νες</span> <span class='ocrx_word' id='word_1_678' title='bbox 2366 4426 2618 4500; x_wconf 70' lang='grc' dir='ltr'>ὑπῆρχον</span> <span class='ocrx_word' id='word_1_679' title='bbox 2677 4421 2952 4488; x_wconf 81' lang='grc' dir='ltr'>δυσσεϐεῖς</span> <span class='ocrx_word' id='word_1_680' title='bbox 3009 4426 3100 4481; x_wconf 84' lang='grc' dir='ltr'>καὶ</span> <span class='ocrx_word' id='word_1_681' title='bbox 3160 4425 3581 4502; x_wconf 69' lang='grc' dir='ltr'>εἰδωλολάτραι,</span> <span class='ocrx_word' id='word_1_682' title='bbox 3618 4425 3758 4483; x_wconf 75' lang='grc' dir='ltr'>ἄλλα</span> <span class='ocrx_word' id='word_1_683' title='bbox 3797 4415 3875 4475; x_wconf 68' lang='grc' dir='ltr'>κιὶ</span> 
     </span>
    </p>
   </div>
   <div class='ocr_carea' id='block_1_95' title="bbox 2246 4511 3873 4590">
    <p class='ocr_par' dir='ltr' id='par_1_95' title="bbox 2246 4511 3873 4590">
     <span class='ocr_line' id='line_1_95' title="bbox 2246 4511 3873 4590; baseline 0.001 -23"><span class='ocrx_word' id='word_1_684' title='bbox 2246 4511 2442 4588; x_wconf 76' lang='grc' dir='ltr'>σχεδὸν</span> <span class='ocrx_word' id='word_1_685' title='bbox 2496 4515 2729 4578; x_wconf 76' lang='grc' dir='ltr'>ἅπαντες</span> <span class='ocrx_word' id='word_1_686' title='bbox 2783 4515 2836 4570; x_wconf 74' lang='grc' dir='ltr'>οἱ</span> <span class='ocrx_word' id='word_1_687' title='bbox 2884 4514 2938 4570; x_wconf 77' lang='grc' dir='ltr'>ἐν</span> <span class='ocrx_word' id='word_1_688' title='bbox 2998 4518 3304 4590; x_wconf 82' lang='grc' dir='ltr'>Βεοσαμοῖς</span> <span class='ocrx_word' id='word_1_689' title='bbox 3352 4515 3492 4572; x_wconf 81' lang='grc' dir='ltr'>ὥστε</span> <span class='ocrx_word' id='word_1_690' title='bbox 3520 4518 3612 4572; x_wconf 83' lang='grc' dir='ltr'>καὶ</span> <span class='ocrx_word' id='word_1_691' title='bbox 3644 4518 3873 4585; x_wconf 79' lang='grc' dir='ltr'>πνιγῆναι</span> 
     </span>
    </p>
   </div>
   <div class='ocr_carea' id='block_1_96' title="bbox 487 4593 2139 4678">
    <p class='ocr_par' dir='ltr' id='par_1_96' title="bbox 487 4603 2137 4673">
     <span class='ocr_line' id='line_1_96' title="bbox 487 4603 2137 4673; baseline 0.001 -13"><span class='ocrx_word' id='word_1_692' title='bbox 487 4604 913 4660; x_wconf 88' lang='lat' dir='ltr'>riatiareimam</span> <span class='ocrx_word' id='word_1_693' title='bbox 944 4603 1293 4668; x_wconf 88' lang='lat' dir='ltr'>dimittunt;</span> <span class='ocrx_word' id='word_1_694' title='bbox 1327 4603 1498 4673; x_wconf 84' lang='lat' dir='ltr'>cujus</span> <span class='ocrx_word' id='word_1_695' title='bbox 1544 4603 1701 4658; x_wconf 88' lang='lat' dir='ltr'>cives</span> <span class='ocrx_word' id='word_1_696' title='bbox 1730 4619 1863 4660; x_wconf 89' lang='lat' dir='ltr'>eam</span> <span class='ocrx_word' id='word_1_697' title='bbox 1909 4605 2137 4662; x_wconf 82' lang='lat' dir='ltr'>alacres</span> 
     </span>
    </p>
   </div>
   <div class='ocr_carea' id='block_1_97' title="bbox 2252 4593 3876 4678">
    <p class='ocr_par' dir='ltr' id='par_1_97' title="bbox 2252 4593 3876 4678">
     <span class='ocr_line' id='line_1_97' title="bbox 2252 4593 3876 4678; baseline 0.003 -22"><span class='ocrx_word' id='word_1_698' title='bbox 2252 4600 2305 4656; x_wconf 77' lang='grc' dir='ltr'>ἐκ</span> <span class='ocrx_word' id='word_1_699' title='bbox 2356 4607 2455 4658; x_wconf 75' lang='grc' dir='ltr'>τοῦ</span> <span class='ocrx_word' id='word_1_700' title='bbox 2514 4601 2651 4658; x_wconf 79' lang='grc' dir='ltr'>λαοῦ</span> <span class='ocrx_word' id='word_1_701' title='bbox 2708 4601 2874 4658; x_wconf 67' lang='grc' dir='ltr'>αὐτοῦ</span> <span class='ocrx_word' id='word_1_702' title='bbox 2932 4606 3267 4674; x_wconf 73' lang='grc' dir='ltr'>πεντήκοντα</span> <span class='ocrx_word' id='word_1_703' title='bbox 3320 4602 3603 4678; x_wconf 78' lang='grc' dir='ltr'>χιλιάδας.</span> <span class='ocrx_word' id='word_1_704' title='bbox 3643 4593 3876 4662; x_wconf 71' lang='grc' dir='ltr'>Αδθιςδὶ</span> 
     </span>
    </p>
   </div>
   <div class='ocr_carea' id='block_1_98' title="bbox 485 4690 2135 4764">
    <p class='ocr_par' dir='ltr' id='par_1_98' title="bbox 485 4690 2135 4764">
     <span class='ocr_line' id='line_1_98' title="bbox 485 4690 2135 4764; baseline 0 -15"><span class='ocrx_word' id='word_1_705' title='bbox 485 4698 870 4764; x_wconf 81' lang='lat' dir='ltr'>exceperunt,</span> <span class='ocrx_word' id='word_1_706' title='bbox 903 4693 1084 4764; x_wconf 90' lang='lat' dir='ltr'>inque</span> <span class='ocrx_word' id='word_1_707' title='bbox 1123 4692 1300 4747; x_wconf 92' lang='lat' dir='ltr'>domo</span> <span class='ocrx_word' id='word_1_708' title='bbox 1330 4690 1682 4747; x_wconf 86' lang='lat' dir='ltr'>Aminadahi</span> <span class='ocrx_word' id='word_1_709' title='bbox 1733 4692 1847 4747; x_wconf 87' lang='lat' dir='ltr'>sita</span> <span class='ocrx_word' id='word_1_710' title='bbox 1889 4694 1949 4748; x_wconf 92' lang='lat' dir='ltr'>in</span> <span class='ocrx_word' id='word_1_711' title='bbox 1983 4695 2135 4751; x_wconf 88' lang='lat' dir='ltr'>colle</span> 
     </span>
    </p>
   </div>
   <div class='ocr_carea' id='block_1_99' title="bbox 480 4780 2131 4853">
    <p class='ocr_par' dir='ltr' id='par_1_99' title="bbox 480 4780 2131 4853">
     <span class='ocr_line' id='line_1_99' title="bbox 480 4780 2131 4853; baseline 0.001 -15"><span class='ocrx_word' id='word_1_712' title='bbox 480 4789 910 4853; x_wconf 85' lang='lat' dir='ltr'>reposuerunt;</span> <span class='ocrx_word' id='word_1_713' title='bbox 944 4782 1403 4851; x_wconf 86' lang='lat' dir='ltr'>Eleazarumque</span> <span class='ocrx_word' id='word_1_714' title='bbox 1436 4781 1485 4835; x_wconf 87' lang='lat' dir='ltr'>is</span> <span class='ocrx_word' id='word_1_715' title='bbox 1517 4780 1706 4836; x_wconf 81' lang='lat' dir='ltr'>tilium</span> <span class='ocrx_word' id='word_1_716' title='bbox 1729 4797 1901 4837; x_wconf 90' lang='lat' dir='ltr'>suum</span> <span class='ocrx_word' id='word_1_717' title='bbox 1926 4799 2131 4840; x_wconf 87' lang='lat' dir='ltr'>conse-</span> 
     </span>
    </p>
   </div>
   <div class='ocr_carea' id='block_1_100' title="bbox 481 4868 2126 4942">
    <p class='ocr_par' dir='ltr' id='par_1_100' title="bbox 481 4868 2126 4942">
     <span class='ocr_line' id='line_1_100' title="bbox 481 4868 2126 4942; baseline 0 -15"><span class='ocrx_word' id='word_1_718' title='bbox 481 4870 684 4937; x_wconf 88' lang='lat' dir='ltr'>cravit,</span> <span class='ocrx_word' id='word_1_719' title='bbox 717 4871 818 4942; x_wconf 90' lang='lat' dir='ltr'>qui</span> <span class='ocrx_word' id='word_1_720' title='bbox 877 4886 1075 4927; x_wconf 89' lang='lat' dir='ltr'>arcam</span> <span class='ocrx_word' id='word_1_721' title='bbox 1133 4868 1374 4926; x_wconf 71' lang='lat' dir='ltr'>fcederis</span> <span class='ocrx_word' id='word_1_722' title='bbox 1435 4868 1615 4924; x_wconf 77' lang='lat' dir='ltr'>divini</span> <span class='ocrx_word' id='word_1_723' title='bbox 1651 4870 1993 4926; x_wconf 83' lang='lat' dir='ltr'>custodiret.</span> <span class='ocrx_word' id='word_1_724' title='bbox 2044 4872 2126 4927; x_wconf 88' lang='lat' dir='ltr'>lbi</span> 
     </span>
    </p>
   </div>
   <div class='ocr_carea' id='block_1_101' title="bbox 480 4961 2124 5031">
    <p class='ocr_par' dir='ltr' id='par_1_101' title="bbox 480 4961 2124 5031">
     <span class='ocr_line' id='line_1_101' title="bbox 480 4961 2124 5031; baseline 0.001 -15"><span class='ocrx_word' id='word_1_725' title='bbox 480 4978 617 5018; x_wconf 90' lang='lat' dir='ltr'>arca</span> <span class='ocrx_word' id='word_1_726' title='bbox 633 4978 824 5018; x_wconf 89' lang='lat' dir='ltr'>annos</span> <span class='ocrx_word' id='word_1_727' title='bbox 846 4965 914 5017; x_wconf 81' lang='lat' dir='ltr'>2O</span> <span class='ocrx_word' id='word_1_728' title='bbox 931 4968 1022 5017; x_wconf 89' lang='lat' dir='ltr'>est</span> <span class='ocrx_word' id='word_1_729' title='bbox 1040 4965 1421 5016; x_wconf 84' lang='lat' dir='ltr'>commorata.</span> <span class='ocrx_word' id='word_1_730' title='bbox 1446 4961 1606 5015; x_wconf 92' lang='lat' dir='ltr'>Tunc</span> <span class='ocrx_word' id='word_1_731' title='bbox 1634 4961 1890 5031; x_wconf 87' lang='lat' dir='ltr'>populus</span> <span class='ocrx_word' id='word_1_732' title='bbox 1930 4961 2124 5017; x_wconf 91' lang='lat' dir='ltr'>denuo</span> 
     </span>
    </p>
   </div>
   <div class='ocr_carea' id='block_1_102' title="bbox 479 5050 2121 5125">
    <p class='ocr_par' dir='ltr' id='par_1_102' title="bbox 479 5050 2121 5125">
     <span class='ocr_line' id='line_1_102' title="bbox 479 5050 2121 5125; baseline -0.001 -16"><span class='ocrx_word' id='word_1_733' title='bbox 479 5053 582 5109; x_wconf 90' lang='lat' dir='ltr'>Dei</span> <span class='ocrx_word' id='word_1_734' title='bbox 605 5053 918 5125; x_wconf 81' lang='lat' dir='ltr'>praeceptis</span> <span class='ocrx_word' id='word_1_735' title='bbox 939 5050 1425 5122; x_wconf 84' lang='lat' dir='ltr'>obtemperabat;</span> <span class='ocrx_word' id='word_1_736' title='bbox 1454 5066 1602 5122; x_wconf 90' lang='lat' dir='ltr'>quos</span> <span class='ocrx_word' id='word_1_737' title='bbox 1623 5050 1762 5105; x_wconf 86' lang='lat' dir='ltr'>Masi</span> <span class='ocrx_word' id='word_1_738' title='bbox 1772 5052 1948 5122; x_wconf 86' lang='lat' dir='ltr'>pham</span> <span class='ocrx_word' id='word_1_739' title='bbox 1979 5069 2089 5109; x_wconf 91' lang='lat' dir='ltr'>con</span> <span class='ocrx_word' id='word_1_740' title='bbox 2105 5083 2121 5094; x_wconf 66' lang='grc' dir='ltr'>η</span> 
     </span>
    </p>
   </div>
   <div class='ocr_carea' id='block_1_103' title="bbox 477 5138 2120 5199">
    <p class='ocr_par' dir='ltr' id='par_1_103' title="bbox 477 5138 2120 5199">
     <span class='ocr_line' id='line_1_103' title="bbox 477 5138 2120 5199; baseline 0.001 -3"><span class='ocrx_word' id='word_1_741' title='bbox 477 5148 715 5199; x_wconf 88' lang='lat' dir='ltr'>vocatos</span> <span class='ocrx_word' id='word_1_742' title='bbox 736 5141 974 5198; x_wconf 85' lang='lat' dir='ltr'>Samuel</span> <span class='ocrx_word' id='word_1_743' title='bbox 997 5141 1336 5196; x_wconf 82' lang='lat' dir='ltr'>exhortatus</span> <span class='ocrx_word' id='word_1_744' title='bbox 1360 5144 1451 5195; x_wconf 86' lang='lat' dir='ltr'>est</span> <span class='ocrx_word' id='word_1_745' title='bbox 1468 5139 1553 5194; x_wconf 90' lang='lat' dir='ltr'>uti</span> <span class='ocrx_word' id='word_1_746' title='bbox 1578 5138 1897 5196; x_wconf 87' lang='lat' dir='ltr'>simulacra</span> <span class='ocrx_word' id='word_1_747' title='bbox 1917 5142 2120 5198; x_wconf 86' lang='lat' dir='ltr'>omnia</span> 
     </span>
    </p>
   </div>
   <div class='ocr_carea' id='block_1_104' title="bbox 476 5228 2113 5303">
    <p class='ocr_par' dir='ltr' id='par_1_104' title="bbox 476 5228 2113 5303">
     <span class='ocr_line' id='line_1_104' title="bbox 476 5228 2113 5303; baseline -0.001 -15"><span class='ocrx_word' id='word_1_748' title='bbox 476 5231 804 5288; x_wconf 89' lang='lat' dir='ltr'>abolerent.</span> <span class='ocrx_word' id='word_1_749' title='bbox 837 5230 1097 5302; x_wconf 86' lang='lat' dir='ltr'>Ejusque</span> <span class='ocrx_word' id='word_1_750' title='bbox 1120 5228 1366 5284; x_wconf 87' lang='lat' dir='ltr'>monitui</span> <span class='ocrx_word' id='word_1_751' title='bbox 1391 5228 1645 5301; x_wconf 88' lang='lat' dir='ltr'>populus</span> <span class='ocrx_word' id='word_1_752' title='bbox 1667 5229 2113 5303; x_wconf 86' lang='lat' dir='ltr'>obtemperavit.</span> 
     </span>
    </p>
   </div>
   <div class='ocr_carea' id='block_1_105' title="bbox 2244 4685 3873 4768">
    <p class='ocr_par' dir='ltr' id='par_1_105' title="bbox 2244 4685 3873 4768">
     <span class='ocr_line' id='line_1_105' title="bbox 2244 4685 3873 4768; baseline -0.001 -23"><span class='ocrx_word' id='word_1_753' title='bbox 2244 4690 2409 4745; x_wconf 76' lang='grc' dir='ltr'>πάλιν</span> <span class='ocrx_word' id='word_1_754' title='bbox 2449 4692 2837 4764; x_wconf 65' lang='grc' dir='ltr'>ἀποπέμπουσι</span> <span class='ocrx_word' id='word_1_755' title='bbox 2881 4692 2971 4747; x_wconf 81' lang='grc' dir='ltr'>καὶ</span> <span class='ocrx_word' id='word_1_756' title='bbox 3026 4693 3178 4748; x_wconf 76' lang='grc' dir='ltr'>οὗτοι</span> <span class='ocrx_word' id='word_1_757' title='bbox 3234 4695 3315 4768; x_wconf 85' lang='grc' dir='ltr'>[Ρ.</span> <span class='ocrx_word' id='word_1_758' title='bbox 3367 4696 3458 4767; x_wconf 82' lang='lat'>62]</span> <span class='ocrx_word' id='word_1_759' title='bbox 3508 4696 3611 4762; x_wconf 72' lang='grc' dir='ltr'>τήν</span> <span class='ocrx_word' id='word_1_760' title='bbox 3658 4685 3873 4747; x_wconf 78' lang='grc' dir='ltr'>κιϐωτὸν</span> 
     </span>
    </p>
   </div>
   <div class='ocr_carea' id='block_1_106' title="bbox 2241 4778 3872 4857">
    <p class='ocr_par' dir='ltr' id='par_1_106' title="bbox 2241 4778 3872 4857">
     <span class='ocr_line' id='line_1_106' title="bbox 2241 4778 3872 4857; baseline 0.001 -23"><span class='ocrx_word' id='word_1_761' title='bbox 2241 4779 2318 4841; x_wconf 83' lang='grc' dir='ltr'>εἰς</span> <span class='ocrx_word' id='word_1_762' title='bbox 2355 4780 2763 4856; x_wconf 75' lang='grc' dir='ltr'>Καριαθιαρείμ’</span> <span class='ocrx_word' id='word_1_763' title='bbox 2810 4780 2866 4835; x_wconf 84' lang='grc' dir='ltr'>οί</span> <span class='ocrx_word' id='word_1_764' title='bbox 2921 4778 2978 4837; x_wconf 72' lang='grc' dir='ltr'>δὶ</span> <span class='ocrx_word' id='word_1_765' title='bbox 3030 4780 3082 4837; x_wconf 80' lang='grc' dir='ltr'>ἑν</span> <span class='ocrx_word' id='word_1_766' title='bbox 3129 4781 3265 4857; x_wconf 81' lang='grc' dir='ltr'>αύτῇ</span> <span class='ocrx_word' id='word_1_767' title='bbox 3309 4781 3542 4857; x_wconf 76' lang='grc' dir='ltr'>ἄσμενοι</span> <span class='ocrx_word' id='word_1_768' title='bbox 3571 4779 3872 4851; x_wconf 67' lang='grc' dir='ltr'>ἀπεδέξαντο</span> 
     </span>
    </p>
   </div>
   <div class='ocr_carea' id='block_1_107' title="bbox 2236 4865 3871 4944">
    <p class='ocr_par' dir='ltr' id='par_1_107' title="bbox 2236 4865 3871 4944">
     <span class='ocr_line' id='line_1_107' title="bbox 2236 4865 3871 4944; baseline -0.004 -20"><span class='ocrx_word' id='word_1_769' title='bbox 2236 4872 2336 4938; x_wconf 80' lang='grc' dir='ltr'>τήν</span> <span class='ocrx_word' id='word_1_770' title='bbox 2375 4865 2631 4940; x_wconf 84' lang='grc' dir='ltr'>κιϐωτὸν,</span> <span class='ocrx_word' id='word_1_771' title='bbox 2688 4869 2778 4925; x_wconf 84' lang='grc' dir='ltr'>καὶ</span> <span class='ocrx_word' id='word_1_772' title='bbox 2834 4873 3167 4942; x_wconf 64' lang='grc' dir='ltr'>κατέστησαν</span> <span class='ocrx_word' id='word_1_773' title='bbox 3229 4871 3400 4944; x_wconf 78' lang='grc' dir='ltr'>αύτήν</span> <span class='ocrx_word' id='word_1_774' title='bbox 3458 4872 3534 4935; x_wconf 82' lang='grc' dir='ltr'>εἰς</span> <span class='ocrx_word' id='word_1_775' title='bbox 3591 4874 3680 4928; x_wconf 87' lang='grc' dir='ltr'>τὸν</span> <span class='ocrx_word' id='word_1_776' title='bbox 3734 4866 3871 4924; x_wconf 64' lang='grc' dir='ltr'>οῗκον</span> 
     </span>
    </p>
   </div>
   <div class='ocr_carea' id='block_1_108' title="bbox 2235 4958 3868 5038">
    <p class='ocr_par' dir='ltr' id='par_1_108' title="bbox 2235 4958 3868 5038">
     <span class='ocr_line' id='line_1_108' title="bbox 2235 4958 3868 5038; baseline -0.004 -20"><span class='ocrx_word' id='word_1_777' title='bbox 2235 4960 2549 5034; x_wconf 79' lang='grc' dir='ltr'>Ἀμιναδάμ</span> <span class='ocrx_word' id='word_1_778' title='bbox 2597 4962 2691 5017; x_wconf 92' lang='grc' dir='ltr'>τὸν</span> <span class='ocrx_word' id='word_1_779' title='bbox 2741 4961 2796 5016; x_wconf 76' lang='grc' dir='ltr'>ἐν</span> <span class='ocrx_word' id='word_1_780' title='bbox 2833 4967 2914 5034; x_wconf 79' lang='grc' dir='ltr'>τῷ</span> <span class='ocrx_word' id='word_1_781' title='bbox 2971 4964 3172 5038; x_wconf 82' lang='grc' dir='ltr'>βουνῷ,</span> <span class='ocrx_word' id='word_1_782' title='bbox 3221 4964 3312 5017; x_wconf 85' lang='grc' dir='ltr'>καὶ</span> <span class='ocrx_word' id='word_1_783' title='bbox 3359 4963 3577 5038; x_wconf 70' lang='grc' dir='ltr'>ἡγίασεν</span> <span class='ocrx_word' id='word_1_784' title='bbox 3629 4958 3868 5024; x_wconf 80' lang='grc' dir='ltr'>Ἐλεαζαρ</span> 
     </span>
    </p>
   </div>
   <div class='ocr_carea' id='block_1_109' title="bbox 2231 5041 3870 5126">
    <p class='ocr_par' dir='ltr' id='par_1_109' title="bbox 2231 5041 3870 5126">
     <span class='ocr_line' id='line_1_109' title="bbox 2231 5041 3870 5126; baseline 0 -20"><span class='ocrx_word' id='word_1_785' title='bbox 2231 5050 2323 5106; x_wconf 84' lang='grc' dir='ltr'>τὸν</span> <span class='ocrx_word' id='word_1_786' title='bbox 2383 5050 2498 5105; x_wconf 74' lang='grc' dir='ltr'>υἱὸν</span> <span class='ocrx_word' id='word_1_787' title='bbox 2553 5049 2716 5106; x_wconf 75' lang='grc' dir='ltr'>αὐτοῦ</span> <span class='ocrx_word' id='word_1_788' title='bbox 2761 5049 3055 5126; x_wconf 57' lang='grc' dir='ltr'>ρυλασσειν</span> <span class='ocrx_word' id='word_1_789' title='bbox 3104 5052 3204 5120; x_wconf 66' lang='grc' dir='ltr'>τήν</span> <span class='ocrx_word' id='word_1_790' title='bbox 3253 5047 3490 5107; x_wconf 86' lang='grc' dir='ltr'>κιϐωτὸν</span> <span class='ocrx_word' id='word_1_791' title='bbox 3547 5058 3646 5122; x_wconf 75' lang='grc' dir='ltr'>τῆς</span> <span class='ocrx_word' id='word_1_792' title='bbox 3701 5041 3870 5110; x_wconf 67' lang='grc' dir='ltr'>διαθή-</span> 
     </span>
    </p>
   </div>
   <div class='ocr_carea' id='block_1_110' title="bbox 2229 5129 3864 5214">
    <p class='ocr_par' dir='ltr' id='par_1_110' title="bbox 2229 5129 3864 5214">
     <span class='ocr_line' id='line_1_110' title="bbox 2229 5129 3864 5214; baseline -0.002 -19"><span class='ocrx_word' id='word_1_793' title='bbox 2229 5161 2330 5211; x_wconf 80' lang='grc' dir='ltr'>κης</span> <span class='ocrx_word' id='word_1_794' title='bbox 2391 5139 2612 5214; x_wconf 76' lang='grc' dir='ltr'>κυρίου.</span> <span class='ocrx_word' id='word_1_795' title='bbox 2670 5143 2930 5210; x_wconf 78' lang='grc' dir='ltr'>’Κποιησε</span> <span class='ocrx_word' id='word_1_796' title='bbox 2979 5137 3039 5195; x_wconf 74' lang='grc' dir='ltr'>δὲ</span> <span class='ocrx_word' id='word_1_797' title='bbox 3085 5143 3121 5211; x_wconf 78' lang='grc' dir='ltr'>ἡ</span> <span class='ocrx_word' id='word_1_798' title='bbox 3169 5136 3407 5205; x_wconf 87' lang='grc' dir='ltr'>κιϐωτὸς</span> <span class='ocrx_word' id='word_1_799' title='bbox 3463 5139 3634 5196; x_wconf 72' lang='grc' dir='ltr'>ἐκεῖσε</span> <span class='ocrx_word' id='word_1_800' title='bbox 3687 5132 3775 5206; x_wconf 77' lang='grc' dir='ltr'>ἕκη</span> <span class='ocrx_word' id='word_1_801' title='bbox 3805 5129 3864 5185; x_wconf 73' lang='grc' dir='ltr'>κ’-</span> 
     </span>
    </p>
   </div>
   <div class='ocr_carea' id='block_1_111' title="bbox 2226 5212 3865 5303">
    <p class='ocr_par' dir='ltr' id='par_1_111' title="bbox 2226 5212 3865 5303">
     <span class='ocr_line' id='line_1_111' title="bbox 2226 5212 3865 5303; baseline -0.004 -19"><span class='ocrx_word' id='word_1_802' title='bbox 2226 5230 2316 5285; x_wconf 80' lang='grc' dir='ltr'>καί</span> <span class='ocrx_word' id='word_1_803' title='bbox 2377 5230 2405 5283; x_wconf 78' lang='grc' dir='ltr'>ὁ</span> <span class='ocrx_word' id='word_1_804' title='bbox 2464 5226 2597 5292; x_wconf 83' lang='grc' dir='ltr'>λαὸς</span> <span class='ocrx_word' id='word_1_805' title='bbox 2667 5229 2790 5301; x_wconf 71' lang='grc' dir='ltr'>ἄρτι</span> <span class='ocrx_word' id='word_1_806' title='bbox 2867 5227 3132 5303; x_wconf 81' lang='grc' dir='ltr'>ἐπορεύθη</span> <span class='ocrx_word' id='word_1_807' title='bbox 3210 5227 3427 5285; x_wconf 78' lang='grc' dir='ltr'>ὄπισθεν</span> <span class='ocrx_word' id='word_1_808' title='bbox 3503 5229 3720 5303; x_wconf 86' lang='grc' dir='ltr'>Κυρίου.</span> <span class='ocrx_word' id='word_1_809' title='bbox 3773 5212 3865 5278; x_wconf 68' lang='grc' dir='ltr'>Καὶ</span> 
     </span>
    </p>
   </div>
   <div class='ocr_carea' id='block_1_112' title="bbox 1670 5351 2680 5409">
    <p class='ocr_par' dir='ltr' id='par_1_112' title="bbox 1670 5351 2680 5409">
     <span class='ocr_line' id='line_1_112' title="bbox 1670 5351 2680 5409; baseline 0 -3"><span class='ocrx_word' id='word_1_810' title='bbox 1670 5351 2031 5409; x_wconf 68' lang='grc' dir='ltr'>ΧΥιΑΝΒΒΙ</span> <span class='ocrx_word' id='word_1_811' title='bbox 2072 5353 2157 5409; x_wconf 88' lang='grc' dir='ltr'>ΕΤ</span> <span class='ocrx_word' id='word_1_812' title='bbox 2204 5351 2417 5409; x_wconf 69' lang='lat' dir='ltr'>GOARI</span> <span class='ocrx_word' id='word_1_813' title='bbox 2455 5351 2680 5409; x_wconf 67' lang='lat' dir='ltr'>NOTAE.</span> 
     </span>
    </p>
   </div>
   <div class='ocr_carea' id='block_1_113' title="bbox 541 5473 2119 5548">
    <p class='ocr_par' dir='ltr' id='par_1_113' title="bbox 541 5473 2119 5548">
     <span class='ocr_line' id='line_1_113' title="bbox 541 5473 2119 5548; baseline 0.003 -23"><span class='ocrx_word' id='word_1_814' title='bbox 541 5473 665 5548; x_wconf 52' lang='lat'>(581</span> <span class='ocrx_word' id='word_1_815' title='bbox 686 5474 790 5548; x_wconf 73' lang='lat' dir='ltr'>Vel</span> <span class='ocrx_word' id='word_1_816' title='bbox 818 5475 915 5530; x_wconf 89' lang='lat' dir='ltr'>hic</span> <span class='ocrx_word' id='word_1_817' title='bbox 940 5474 1106 5533; x_wconf 89' lang='lat' dir='ltr'>locus</span> <span class='ocrx_word' id='word_1_818' title='bbox 1138 5482 1227 5532; x_wconf 86' lang='lat' dir='ltr'>est</span> <span class='ocrx_word' id='word_1_819' title='bbox 1256 5481 1595 5546; x_wconf 83' lang='lat' dir='ltr'>corruptus.</span> <span class='ocrx_word' id='word_1_820' title='bbox 1625 5473 1784 5548; x_wconf 83' lang='lat' dir='ltr'>quod</span> <span class='ocrx_word' id='word_1_821' title='bbox 1816 5481 1980 5544; x_wconf 89' lang='lat' dir='ltr'>puto,</span> <span class='ocrx_word' id='word_1_822' title='bbox 2033 5475 2119 5548; x_wconf 80' lang='lat' dir='ltr'>vel</span> 
     </span>
    </p>
   </div>
   <div class='ocr_carea' id='block_1_114' title="bbox 464 5546 2121 5621">
    <p class='ocr_par' dir='ltr' id='par_1_114' title="bbox 464 5546 2121 5621">
     <span class='ocr_line' id='line_1_114' title="bbox 464 5546 2121 5621; baseline -0.002 -19"><span class='ocrx_word' id='word_1_823' title='bbox 464 5546 709 5621; x_wconf 75' lang='lat' dir='ltr'>Josephj</span> <span class='ocrx_word' id='word_1_824' title='bbox 743 5548 951 5621; x_wconf 78' lang='lat' dir='ltr'>codex,</span> <span class='ocrx_word' id='word_1_825' title='bbox 986 5548 1088 5619; x_wconf 88' lang='lat' dir='ltr'>qui</span> <span class='ocrx_word' id='word_1_826' title='bbox 1118 5550 1152 5604; x_wconf 72' lang='grc' dir='ltr'>ι</span> <span class='ocrx_word' id='word_1_827' title='bbox 1185 5565 1418 5621; x_wconf 85' lang='lat' dir='ltr'>menses</span> <span class='ocrx_word' id='word_1_828' title='bbox 1446 5546 2121 5621; x_wconf 49' lang='grc' dir='ltr'>Ῐιίιὺοιξ-πριτξυσαπαρᾶ</span> 
     </span>
    </p>
   </div>
   <div class='ocr_carea' id='block_1_115' title="bbox 466 5614 2121 5691">
    <p class='ocr_par' dir='ltr' id='par_1_115' title="bbox 466 5614 2121 5691">
     <span class='ocr_line' id='line_1_115' title="bbox 466 5614 2121 5691; baseline 0.002 -22"><span class='ocrx_word' id='word_1_829' title='bbox 466 5614 625 5691; x_wconf 45' lang='grc' dir='ltr'>τοῖς</span> <span class='ocrx_word' id='word_1_830' title='bbox 657 5614 1045 5680; x_wconf 75' lang='grc' dir='ltr'>ΙΙαλαιστινοὶς</span> <span class='ocrx_word' id='word_1_831' title='bbox 1116 5624 1287 5691; x_wconf 72' lang='grc' dir='ltr'>μῆνας</span> <span class='ocrx_word' id='word_1_832' title='bbox 1326 5619 1605 5690; x_wconf 71' lang='grc' dir='ltr'>τέσσαρας·</span> <span class='ocrx_word' id='word_1_833' title='bbox 1671 5617 1863 5691; x_wconf 36' lang='lat' dir='ltr'>Libet:</span> <span class='ocrx_word' id='word_1_834' title='bbox 1882 5614 2121 5691; x_wconf 73' lang='lat' dir='ltr'>quidem</span> 
     </span>
    </p>
   </div>
   <div class='ocr_carea' id='block_1_116' title="bbox 466 5688 2124 5764">
    <p class='ocr_par' dir='ltr' id='par_1_116' title="bbox 466 5688 2124 5764">
     <span class='ocr_line' id='line_1_116' title="bbox 466 5688 2124 5764; baseline 0.001 -21"><span class='ocrx_word' id='word_1_835' title='bbox 466 5688 748 5757; x_wconf 70' lang='lat' dir='ltr'>Iudicum</span> <span class='ocrx_word' id='word_1_836' title='bbox 784 5691 1093 5764; x_wconf 81' lang='lat' dir='ltr'>perspicue</span> <span class='ocrx_word' id='word_1_837' title='bbox 1118 5688 1309 5747; x_wconf 80' lang='lat' dir='ltr'>habet</span> <span class='ocrx_word' id='word_1_838' title='bbox 1343 5699 1393 5747; x_wconf 85' lang='lat' dir='ltr'>et</span> <span class='ocrx_word' id='word_1_839' title='bbox 1430 5688 1653 5761; x_wconf 73' lang='lat' dir='ltr'>absque</span> <span class='ocrx_word' id='word_1_840' title='bbox 1682 5688 1805 5744; x_wconf 87' lang='lat' dir='ltr'>ulla</span> <span class='ocrx_word' id='word_1_841' title='bbox 1848 5688 2124 5745; x_wconf 79' lang='lat' dir='ltr'>lectionis</span> 
     </span>
    </p>
   </div>
   <div class='ocr_carea' id='block_1_117' title="bbox 2229 5462 3864 5542">
    <p class='ocr_par' dir='ltr' id='par_1_117' title="bbox 2229 5462 3864 5542">
     <span class='ocr_line' id='line_1_117' title="bbox 2229 5462 3864 5542; baseline -0.002 -13"><span class='ocrx_word' id='word_1_842' title='bbox 2229 5476 2512 5531; x_wconf 83' lang='lat' dir='ltr'>varietate</span> <span class='ocrx_word' id='word_1_843' title='bbox 2545 5490 2782 5530; x_wconf 85' lang='lat' dir='ltr'>menses</span> <span class='ocrx_word' id='word_1_844' title='bbox 2811 5480 2865 5542; x_wconf 82' lang='lat'>7,</span> <span class='ocrx_word' id='word_1_845' title='bbox 2896 5493 2947 5531; x_wconf 91' lang='lat' dir='ltr'>c.</span> <span class='ocrx_word' id='word_1_846' title='bbox 2980 5493 3032 5530; x_wconf 71' lang='lat' dir='ltr'>vr</span> <span class='ocrx_word' id='word_1_847' title='bbox 3060 5493 3074 5540; x_wconf 84' lang='lat'><strong>;</strong></span> <span class='ocrx_word' id='word_1_848' title='bbox 3126 5475 3231 5533; x_wconf 89' lang='lat' dir='ltr'>sed</span> <span class='ocrx_word' id='word_1_849' title='bbox 3271 5482 3331 5532; x_wconf 89' lang='lat' dir='ltr'>et</span> <span class='ocrx_word' id='word_1_850' title='bbox 3361 5475 3471 5533; x_wconf 81' lang='lat' dir='ltr'>filii</span> <span class='ocrx_word' id='word_1_851' title='bbox 3499 5471 3783 5531; x_wconf 71' lang='lat' dir='ltr'>Jechnnim</span> <span class='ocrx_word' id='word_1_852' title='bbox 3807 5462 3864 5542; x_wconf 61' lang='lat' dir='ltr'>in</span> 
     </span>
    </p>
   </div>
   <div class='ocr_carea' id='block_1_118' title="bbox 2230 5536 3863 5606">
    <p class='ocr_par' dir='ltr' id='par_1_118' title="bbox 2230 5536 3863 5606">
     <span class='ocr_line' id='line_1_118' title="bbox 2230 5536 3863 5606; baseline -0.007 -5"><span class='ocrx_word' id='word_1_853' title='bbox 2230 5546 2481 5603; x_wconf 88' lang='lat' dir='ltr'>historia</span> <span class='ocrx_word' id='word_1_854' title='bbox 2512 5563 2633 5603; x_wconf 93' lang='lat' dir='ltr'>non</span> <span class='ocrx_word' id='word_1_855' title='bbox 2691 5536 3118 5605; x_wconf 82' lang='lat' dir='ltr'>nominantur:</span> <span class='ocrx_word' id='word_1_856' title='bbox 3183 5554 3410 5605; x_wconf 86' lang='lat' dir='ltr'>tantum</span> <span class='ocrx_word' id='word_1_857' title='bbox 3469 5547 3687 5606; x_wconf 88' lang='lat' dir='ltr'>dicitur</span> <span class='ocrx_word' id='word_1_858' title='bbox 3711 5536 3863 5598; x_wconf 85' lang='lat' dir='ltr'>Beth-</span> 
     </span>
    </p>
   </div>
   <div class='ocr_carea' id='block_1_119' title="bbox 2233 5618 3023 5678">
    <p class='ocr_par' dir='ltr' id='par_1_119' title="bbox 2233 5618 3023 5678">
     <span class='ocr_line' id='line_1_119' title="bbox 2233 5618 3023 5678; baseline 0 -4"><span class='ocrx_word' id='word_1_859' title='bbox 2233 5620 2617 5676; x_wconf 88' lang='lat' dir='ltr'>schemenses</span> <span class='ocrx_word' id='word_1_860' title='bbox 2647 5618 2853 5678; x_wconf 80' lang='lat' dir='ltr'>fuisse.</span> <span class='ocrx_word' id='word_1_861' title='bbox 2889 5620 3023 5676; x_wconf 75' lang='lat' dir='ltr'>XYL.</span> 
     </span>
    </p>
   </div>
  </div>
