4094 6292
449 407 565 465 H3

1798 399 2119 464 GEORGII
2162 399 2510 460 CEDRENI

3785 403 3891 462 144

451 534 595 588 Cum
626 546 762 586 vero
795 527 974 583 etiam
1007 528 1264 600 amplius
1298 529 1538 585 Barbari
1571 529 1631 584 in
1655 531 1864 585 castris
1887 527 2107 583 tumul-

2225 521 2282 580 δὶ
2344 523 2517 600 ἱερεὺς
2575 525 2686 580 ἐκεῖ
2744 525 2944 605 Ἀχίας
2995 526 3247 596 Λευῖτης,
3306 525 3487 602 αἴρων
3555 524 3760 602 ἐφοὺδ,
3811 527 3896 582 καὶ

451 626 686 676 tuantes
718 623 923 674 mutuo
955 635 1083 673 sese
1115 617 1759 691 aggrederentur(nam
1781 619 2021 675 advena)
2046 622 2106 672 et

454 709 602 766 servi
637 707 738 779 qui
765 708 826 761 in
859 707 1251 763 Barbarorum
1282 709 1492 764 castris
1523 715 1710 773 erant,
1737 709 2017 764 adversus
2040 723 2103 762 se

452 801 706 854 invicem
739 799 970 853 infestis
998 799 1182 853 armis
1213 815 1336 853 rem
1370 799 1698 872 gerebant),
1733 799 1940 854 Saulus
1999 814 2101 852 sa-

453 887 884 958 cerdotijussit
912 893 977 942 ut
1021 904 1231 943 manus
1285 888 1685 959 compoderet,
1743 895 1921 958 atque
1978 887 2103 958 ipse

453 993 586 1032 cum
618 976 913 1031 sexcentis
939 975 1225 1030 Barbaros
1243 975 1484 1031 adortus
1508 983 1615 1032 est.
1651 977 2107 1047 Conjunxerunt

453 1079 514 1117 se
546 1079 680 1119 cum
715 1079 782 1116 eo
815 1062 993 1116 etiam
1030 1062 1278 1129 Hebraei,
1313 1063 1416 1133 qui
1449 1063 1507 1118 in
1542 1063 1839 1134 speluncis
1862 1069 1919 1117 et
1939 1061 2106 1116 rimis

454 1154 747 1208 montium
778 1152 1063 1222 latebant,
1099 1153 1181 1208 ita
1211 1160 1274 1208 ut
1305 1154 1462 1209 circa
1493 1155 1735 1210 Saulum
1773 1159 1974 1209 essent
2031 1153 2106 1208 ad

455 1243 659 1296 decem
690 1241 947 1296 virorum
983 1241 1186 1296 millia.
1218 1241 1302 1296 Ibi
1339 1248 1460 1297 tum
1490 1243 1697 1298 Saulus
1739 1243 2105 1314 ignoratione

456 1331 669 1385 ductus
701 1336 949 1385 mortem
983 1336 1214 1385 voverat
1245 1332 1317 1397 ei,
1363 1332 1703 1403 quicunque
1763 1333 1833 1386 de
1889 1331 2106 1403 populo

457 1421 653 1475 cibum
685 1420 849 1490 prius
880 1425 1172 1492 gustasset
1203 1437 1380 1491 quam
1408 1421 1606 1476 hostes
1641 1428 1843 1477 essent
1903 1421 2104 1476 deleti.

459 1512 479 1531 ‘
509 1509 716 1564 Omnis
748 1514 947 1564 autem
981 1516 1139 1566 terra
1169 1511 1517 1581 prandebat.
1576 1513 1738 1566 Tunc
1795 1513 1990 1566 evenit
2043 1516 2109 1565 ut

457 1599 738 1654 Jonathas
765 1598 941 1653 edicti
975 1599 1144 1654 istius
1178 1600 1417 1672 ignarus
1449 1600 1564 1654 me]
1598 1606 1888 1672 gustaret;
1929 1616 2106 1671 quem

459 1695 656 1744 tamen
689 1687 943 1759 populus
975 1688 1104 1742 neci
1139 1689 1376 1744 exemit.
1410 1691 1591 1744 Porro
1630 1689 1842 1745 Saulus
1899 1705 2108 1744 omnes

460 1777 746 1832 ﬁnitimas
804 1777 866 1830 in
919 1777 1127 1831 orbem
1184 1782 1389 1849 gentes
1447 1777 1780 1833 debellavit.
1853 1780 2106 1833 Rursum

461 1866 674 1921 deinde
736 1865 1046 1921 Samuelus
1105 1872 1261 1921 vates
1312 1867 1385 1922 ad
1436 1884 1570 1922 eum
1621 1868 1796 1935 venit,
1847 1884 1915 1922 ac
1947 1867 2106 1938 quod

461 1973 496 2012 a
554 1956 672 2010 Deo
731 1961 1040 2024 acceperat
1100 1955 1469 2023 mandatum,
1531 1956 1641 2027 ipsi
1713 1957 1953 2028 exponit
2037 1955 2108 2010 de

463 2046 872 2101 internecione
909 2046 1242 2102 excidenda
1291 2047 1543 2102 Amaleci
1599 2053 1792 2118 gente,
1849 2048 1930 2102 ita
1987 2047 2112 2117 qui-

466 2135 601 2191 dem
633 2141 699 2191 ut
729 2141 787 2190 et
816 2136 1091 2190 homines
1133 2142 1191 2190 et
1248 2153 1429 2206 pecus
1484 2135 1556 2190 ab
1616 2136 1870 2190 lactente
1923 2152 2110 2206 usque

460 2225 536 2280 ad
567 2242 771 2281 senem
809 2241 1037 2293 omnes,
1097 2224 1363 2294 adeoque
1424 2231 1610 2279 totum
1668 2226 1845 2278 etiam
1905 2225 2115 2279 mulie-

456 2314 560 2368 bre
592 2330 778 2385 genus
835 2330 967 2368 cum
1017 2313 1309 2383 jumentis
1371 2313 1741 2384 exstinguere
1801 2319 1859 2367 et
1912 2313 2114 2367 omnia

456 2404 725 2474 ipsorum
757 2402 1187 2473 impedimenta
1218 2402 1464 2472 perdere
1490 2403 1749 2473 juberet.
1784 2404 1974 2458 Causa
2022 2404 2112 2456 in-

455 2492 822 2547 ternecionis
854 2491 1198 2546 Amalecitis
1231 2491 1362 2557 fuit,
1396 2492 1554 2561 quod
1601 2507 1670 2546 ex
1724 2493 1966 2563 Algypto
2026 2508 2114 2545 as-

452 2582 814 2636 cendentem
845 2579 1188 2634 lsraelicum
1222 2580 1509 2650 populum
1567 2579 1878 2635 maleﬁciis
1939 2579 2114 2636 infes-

455 2675 699 2725 tassent.
760 2669 973 2724 Saulus
1039 2685 1173 2723 vero
1223 2669 1531 2723 victoriam
1591 2668 1828 2740 quidem
1901 2669 2112 2725 deletis

454 2759 716 2815 Amaleci
750 2758 940 2829 copiis
967 2757 1244 2821 obtinuit,
1279 2757 1423 2812 caedi
1459 2763 1658 2813 tamen
1698 2762 1958 2830 Agagum
2017 2776 2109 2813 re-

453 2863 585 2919 gem
617 2847 856 2912 exemit,
891 2863 958 2900 ac
991 2845 1242 2916 populus
1265 2845 1444 2900 etiam
1469 2844 1539 2899 de
1562 2845 1857 2916 gregibus,
1881 2862 2113 2901 armen-

457 2939 530 2992 tis
573 2935 1138 3009 impedimentisque
1193 2935 1452 2989 liostium
1515 2951 1788 3007 magnam
1848 2936 2109 3006 praedam

456 3027 593 3099 egit.
625 3028 771 3082 Ecce
803 3031 1003 3080 autem
1056 3025 1366 3080 Samuelus
1423 3023 1497 3079 ad
1553 3023 1796 3078 Saulum
1857 3025 2109 3095 Galgalis

455 3121 725 3188 agentem
751 3114 1394 3184 revertitur,jussuque
1421 3113 1518 3167 Dei
1541 3113 1593 3167 ei
1615 3113 1836 3168 indicat
1875 3115 1998 3169 fore
2045 3119 2110 3168 ut

456 3221 636 3277 regno
667 3203 898 3258 excidat
931 3203 1079 3257 H3
1112 3203 1346 3266 Saulus,
1381 3202 1783 3272 populumque
1817 3203 1899 3258 ita
1932 3203 2004 3257 ab
2038 3220 2106 3258 eo

2212 616 2364 670 εἶπεν
2401 614 2550 686 αὐτῷ
2589 613 2769 669 Σαοὺλ
2831 615 3169 690 ἐπερωτῆσαι
3201 615 3252 672 ἦν
3287 615 3514 692 Κυρίῳ.
3552 617 3651 678 Ὠς
3715 613 3775 671 Si
3824 612 3898 672 ἔτι

2211 705 2298 759 καὶ
2339 703 2555 777 μᾶλλον
2609 705 2961 760 συνεκὸπτετο
2993 708 3026 774 ἡ
3058 701 3389 780 παρεμϐολή
3462 710 3586 760 τῶν
3653 703 3899 784 ἀλλοφύ-

2215 792 2324 848 λων
2363 793 2448 868 ὑφ’
2499 793 2701 848 ἑαυτῶν
2763 791 3148 866 (ἐπανέστησαν
3181 795 3281 869 γὰρ
3335 796 3386 849 οἱ
3450 793 3764 867 ἐπίμικτοι
3817 796 3897 849 καὶ

2215 882 2404 940 δοῦλοι
2465 887 2518 940 οἱ
2571 888 2706 958 μετὰ
2761 891 2869 940 τῶν
2913 886 3248 966 ἀλλοφύλων
3313 889 3435 943 καθ’
3506 889 3756 954 ἑαυτῶν,
3816 889 3898 942 καὶ

2215 972 2517 1029 ἐπάτασσον
2572 976 2773 1036 αὐτούς
2835 973 3116 1049 ῥομφαίας
3172 977 3309 1050 [60],
3368 977 3501 1032 εἶπε
3585 975 3778 1031 Σαοὺλ
3826 975 3898 1046 τῷ

2217 1064 2380 1138 Ἀχία
2418 1063 2696 1119 συστεῖλαι
2734 1065 2831 1128 τας
2887 1072 3079 1140 χεῖρας
3113 1067 3248 1139 (61),
3308 1068 3396 1120 καὶ
3461 1065 3708 1121 ἐπέθετο
3744 1065 3898 1127 αὐτὸς

2213 1159 2332 1214 τοὶς
2359 1151 2699 1231 ἀλλοφύλοις
2721 1153 2812 1209 σὺν
2837 1161 2953 1216 τοῖς
2983 1153 3621 1228 ἓξακοσίοις.Ἐξῆλθον
3647 1153 3708 1210 δὲ
3737 1154 3896 1210 καὶοῖ

2217 1240 2416 1304 ἐντοῖς
2460 1241 2756 1312 σπηλαίοις
2811 1244 2901 1297 καὶ
2959 1249 3080 1306 ταῖς
3139 1245 3298 1305 ὀπαῖς
3353 1246 3765 1320 κρυπτόμενοι
3797 1249 3895 1299 τῶν

2217 1325 2507 1402 Ἐϐραίων,
2539 1333 2627 1386 καὶ
2659 1331 2905 1406 γεγόνασι
2942 1334 3074 1404 μετά
3105 1331 3287 1388 Σαοὺλ
3338 1333 3474 1388 ὡσεὶ
3509 1331 3785 1406 χιλιαδες
3819 1331 3900 1386 δὲ-

2216 1439 2304 1475 κα.
2336 1420 2473 1476 Τότε
2501 1419 2770 1495 ἠγνόησεν
2827 1417 3043 1495 ἄγνοιαν
3094 1421 3296 1491 Σαοὺλ,
3355 1421 3447 1476 καὶ
3518 1421 3786 1495 ἠράσατο
3828 1424 3897 1495 μή

2218 1509 2618 1583 ἀπογεύσασθαι
2647 1511 2904 1586 βρώσεως
2929 1513 3020 1566 τὸν
3054 1511 3188 1567 λαὸν
3243 1509 3349 1573 ἵως
3408 1512 3747 1567 συντελέσει
3777 1513 3897 1571 τοὺς

2217 1597 2448 1673 ἐχθροὺς
2504 1600 2690 1656 αὐτοῦ.
2741 1605 2892 1656 Πᾶσα
2950 1598 3007 1655 δὲ
3062 1603 3096 1670 ἡ
3155 1608 3220 1675 γῆ
3283 1601 3486 1674 ἠρίστα
3558 1606 3704 1673 (62).
3769 1602 3901 1658 Εἶτα

2218 1682 2500 1759 συμϐαίνει
2530 1688 2596 1742 τὰ
2628 1688 2752 1764 περὶ
2800 1690 3044 1746 Ἰωνάθαν
3080 1689 3131 1744 ἐν
3191 1691 3260 1760 τῇ
3309 1688 3361 1744 ἐν
3423 1689 3634 1766 ἀγνοίᾳ
3701 1689 3900 1765 βρώσει

2216 1782 2312 1832 τοῦ
2347 1776 2591 1850 μέλιτος.
2622 1780 2937 1854 Ἐξαιρεῖται
2971 1778 3028 1834 δὲ
3057 1779 3220 1834 αὐτὸν
3252 1779 3279 1834 6
3313 1778 3445 1840 λαὸς
3480 1783 3594 1834 τοῦ
3641 1781 3898 1843 θανάτου.

2221 1867 2320 1924 Καὶ
2353 1866 2533 1922 Σαοὺλ
2570 1867 2986 1941 κατεπολέμησε
3039 1869 3212 1923 πάντα
3267 1869 3332 1922 τὰ
3381 1862 3515 1939 ἔθνη
3578 1869 3658 1924 τὰ
3712 1868 3896 1940 κύκλῳ

2216 1956 2401 2023 αὐτοῦ,
2435 1954 2642 2031 ἰσχύων
2693 1958 2810 2011 κατ’
2862 1957 3060 2013 αὐτῶν.
3124 1956 3292 2012 Πάλιν
3326 1955 3383 2011 δὲ
3411 1953 3731 2034 ἀνέρχεται
3763 1957 3895 2032 πρὸς

2218 2046 2378 2100 αὐτὸν
2442 2045 2710 2118 Σαμουὴλ
2751 2047 3122 2124 ὁπροφήτης,
3180 2046 3270 2101 καὶ
3357 2045 3515 2122 λέγει
3578 2047 3743 2119 αὐτῷ
3798 2047 3891 2113 τήν

2217 2135 2494 2190 ἀπώλειαν
2553 2135 2828 2208 Ἀμαλήκ,
2886 2136 2977 2190 καὶ
3035 2133 3254 2190 δίδωσιν
3316 2134 3465 2208 αὐτῷ
3531 2133 3895 2204 ἐντολῆν,ἦν

2217 2219 2409 2278 ἔλαϐεν
2469 2223 2527 2278 ἐκ
2583 2229 2736 2291 Θεοῦ,
2781 2229 2878 2280 τοῦ
2967 2235 3042 2298 μη
3095 2226 3570 2300 περιποιήσασθαι
3617 2223 3675 2296 ἐξ
3734 2223 3892 2279 αὐτοῦ

2217 2311 2322 2366 ἀπὸ
2370 2312 2656 2387 ἀνθρώπου
2704 2310 2808 2375 ἓως
2841 2316 3094 2383 κτήνους,
3129 2314 3234 2368 ἀπὸ
3293 2313 3496 2384 νηπίου
3567 2314 3666 2368 καὶ
3730 2311 3896 2382 θηλά-

2219 2406 2400 2470 ζοντος
2429 2399 2532 2463 ἓως
2564 2398 2891 2477 πρεσϐύτου,
2923 2402 3070 2458 ἀλλά
3116 2403 3205 2457 καὶ
3263 2403 3393 2458 αὐτὸ
3425 2401 3570 2458 ὅλον
3633 2402 3702 2457 τὸ
3757 2399 3892 2468 θῆλυ

2218 2480 2372 2556 γένος
2407 2480 2593 2538 ὀλέσαι
2624 2484 2715 2538 καὶ
2766 2486 2940 2538 πάντα
2967 2483 3033 2538 τὰ
3080 2483 3487 2554 κττξνηάύτῶν,
3557 2482 3656 2537 καὶ
3719 2486 3885 2536 πᾶσαν

2215 2571 2312 2640 τὴν
2347 2571 2654 2640 ἀπυσκευήν
2711 2573 2889 2628 αὐτῶν
2931 2570 3260 2649 διαφθεῖραι,
3321 2570 3403 2627 δτι
3466 2573 3626 2628 κακὰ
3691 2567 3886 2626 ἐνεδεί-

2216 2661 2372 2732 ξαντο
2403 2667 2519 2724 τοῖς
2550 2663 2690 2724 υἳοις
2724 2661 2944 2737 Ἰσραὴλ
2997 2662 3047 2717 ἐν
3098 2665 3166 2736 τῇ
3230 2661 3278 2731 ἐξ
3337 2661 3634 2736 Αἰγύπτου
3692 2657 3883 2715 ἐπανό-

2218 2747 2318 2821 δῳ.
2354 2749 2534 2806 Σαοὺλ
2569 2749 2625 2806 δὲ
2653 2755 2752 2817 τῆς
2789 2752 2880 2823 μὲν
2933 2750 3087 2821 νίκης
3138 2750 3413 2826 ἐπιτυχών
3473 2751 3574 2806 καὶ
3631 2749 3884 2824 ἐκτρίψπς

2216 2839 2306 2893 τὸν
2379 2837 2636 2912 ’Λμαλὴκ
2720 2843 3147 2916 περιεποιήσατο
3232 2841 3412 2916 ’Δγαγ
3489 2841 3590 2896 τὸν
3657 2836 3882 2915 βασιλέα

2216 2937 2418 3009 αὐτῶν,
2450 2940 2478 2993 6
2511 2936 2568 2994 δὲ
2601 2939 2731 3001 λαὸς
2760 2937 3027 3014 διήρπασε
3071 2938 3300 3012 ποίμνια
3354 2937 3445 2992 καὶ
3483 2935 3772 3012 βουκόλια
3800 2934 3884 2988 καὶ

2217 3027 2523 3096 ἀποσκευήν
2581 3029 2740 3098 ἱκανή
2779 3071 2792 3084 .
2852 3027 2952 3085 Καὶ
3009 3025 3127 3082 ἰδοὺ
3185 3027 3545 3104 παραγίνεται
3609 3021 3878 3099 Σαμουὴλ

2214 3115 2265 3169 ἐν
2304 3115 2631 3190 Γαλγάλοις,
2665 3115 2752 3170 καί
2811 3115 2960 3191 λέγει
3006 3117 3140 3190 πρὸς
3200 3113 3379 3171 Σαοὺλ
3435 3115 3467 3171 ἃ
3527 3115 3686 3170 εἶπεν
3744 3113 3883 3181 αὑτῷ

2221 3206 2248 3258 ὁ
2308 3206 2460 3274 Θεὸς,
2518 3207 2616 3273 τήν
2673 3227 2730 3261 τε
2793 3213 2892 3274 τῆς
2973 3205 3254 3279 βασιλείας
3340 3199 3585 3260 ἔκπωσιν
3636 3203 3729 3259 καὶ
3786 3201 3878 3267 τήν

456 3293 772 3362 abruptum
805 3291 876 3345 iri
903 3290 1200 3360 quomodo
1235 3308 1338 3345 rex
1363 3290 1642 3344 laciniam
1697 3291 1768 3345 de
1813 3291 1968 3346 laena
2007 3293 2107 3347 Sa-

2220 3293 2482 3368 διαίρεσιν
2515 3300 2612 3351 τοῦ
2670 3295 2827 3365 λαοῦ,
2861 3296 2920 3356 ’ὸς
2955 3299 2998 3332 ¹²
3029 3292 3276 3371 διέρρηξε
3329 3295 3392 3349 τὸ
3445 3295 3757 3370 πτερύγιον
3787 3296 3881 3356 τῆς

458 3380 638 3437 mueli
671 3379 1030 3450 abrupisset.
1066 3381 1132 3432 Et
1163 3379 1471 3432 Samuelus
1503 3396 1535 3433 a
1567 3396 1701 3449 rege
1735 3380 1815 3433 ita
1873 3387 2110 3435 coactus

458 3487 577 3525 una
607 3486 742 3526 cum
776 3484 843 3522 eo
874 3467 1134 3535 revertit,
1167 3470 1546 3538 Agagumque
1577 3484 1776 3538 regem
1800 3485 1902 3523 sua
1932 3485 2110 3524 manu

458 3557 953 3630 vatesjugulavit.
989 3556 1118 3610 Haec
1151 3555 1332 3610 divini
1379 3555 1640 3609 mandati
1701 3556 1992 3626 neglectio
2029 3558 2111 3613 ita

458 3649 642 3704 Deum
675 3645 925 3703 offendit
949 3650 1009 3700 ut
1031 3645 1306 3700 Samuelo
1330 3644 1574 3709 diceret,
1597 3645 1752 3714 quod
1777 3645 2112 3702 inunxisset

456 3754 638 3809 regno
667 3735 931 3798 Saulum,
967 3736 1102 3807 ejus
1133 3751 1192 3788 se
1224 3734 1532 3805 plenitere,
1566 3733 1802 3804 quando
1861 3735 1911 3789 is
1967 3752 2002 3790 a
2045 3753 2108 3791 se

457 3828 772 3884 defecisset
799 3843 867 3881 ac
899 3824 1179 3881 mandata
1210 3840 1316 3878 sua
1350 3823 1810 3894 posthabuisset.
1846 3827 1926 3881 Ac
1974 3843 2108 3882 cum

459 3917 670 3972 Saulus
727 3933 761 3971 a
817 3913 1091 3970 Samuelo
1149 3914 1328 3984 hujus
1385 3913 1887 3983 praevaricationis
1929 3932 2108 3972 causa

459 4009 711 4080 graviter
742 4007 1086 4078 objurgatus
1114 4004 1318 4076 populi
1337 4005 1572 4076 culpam
1596 4007 1977 4078 studiumque
2001 4026 2108 4080 pe-

460 4098 641 4155 cudes
698 4099 817 4154 Deo
877 4095 1250 4152 sacrificandi
1311 4103 1678 4160 causaretur,
1713 4120 1741 4146 ‹‹
1797 4099 2105 4155 Putasne»

459 4187 654 4258 inquit
682 4191 841 4243 vates
870 4185 938 4254 ³³,
975 4185 1202 4240 hostias
1235 4202 1302 4240 ac
1333 4186 1626 4240 sacrificia
1657 4187 1774 4241 Deo
1818 4193 1934 4242 tam
1969 4205 2103 4259 pro-

456 4276 584 4331 bari
616 4293 795 4346 quam
828 4275 984 4330 dicto
1017 4275 1146 4346 ejus
1171 4273 1513 4329 audientem
1546 4291 1674 4330 esse
1697 4274 1724 4329 ?
1764 4275 1847 4330 sic
1906 4275 2055 4330 habe
2090 4291 2103 4330 :

454 4371 696 4436 praestat
718 4364 1057 4420 obedientia
1081 4364 1394 4430 sacrificio,
1416 4369 1472 4418 et
1495 4363 1924 4435 obtemperatio
1946 4364 2106 4436 adipi

455 4454 720 4508 arietino.
742 4455 958 4509 Contra
976 4458 1282 4523 peccatum
1305 4451 1548 4522 magicas
1567 4452 1972 4522 superstitioni
2000 4470 2108 4524 par

456 4549 547 4598 est
577 4541 1004 4605 inobedientia,
1039 4555 1395 4612 poenamque
1427 4556 1561 4594 cum
1595 4540 1788 4594 cultus
1819 4541 1951 4596 falsi
1994 4559 2107 4596 nu-

455 4633 634 4692 minis
689 4630 980 4704 supplicio
1042 4630 1312 4686 eamdem
1371 4629 1666 4684 conciliat.
1718 4631 1802 4684 Tu
1833 4631 1972 4701 quia
2003 4631 2104 4686 Dei

2217 4633 2375 4687 πόνον
2425 4631 2662 4709 Οεραφῖμ
2743 4631 3059 4703 ἐπάγουσιν.

456 4721 803 4777 mandatum
834 4738 940 4791 pro
970 4721 1159 4776 nihilo
1192 4719 1474 4785 habuisti,
1508 4719 1708 4789 itaque
1740 4721 1888 4775 Deus
1925 4722 2104 4776 etiam

457 4817 512 4866 te
546 4810 716 4866 nihili
748 4810 945 4878 faciet,
979 4825 1282 4882 regnoque
1309 4809 1586 4864 Israelico
1618 4808 1890 4879 prii-abit.
1927 4832 1954 4859 »
2006 4812 2104 4867 His

457 4899 629 4956 dictis
660 4915 694 4954 a
723 4915 858 4971 rege
888 4899 1182 4964 discessit,
1217 4915 1412 4968 neque
1443 4897 1495 4952 ei
1556 4913 1730 4968 porro
1781 4915 1841 4953 se
1899 4898 2105 4954 viden-

457 4987 596 5044 dum
630 4987 900 5060 prmbuit.
937 4986 1098 5042 Idem
1129 4993 1288 5043 vates
1321 4986 1421 5041 Dei
1468 4985 1645 5056 jussu
1704 4986 2106 5044 Bethleemam

525 5075 570 5111 ³³
601 5077 621 5132 l
653 5079 790 5148 Reg.
820 5093 913 5144 xv,
942 5079 1032 5143 22,
1065 5077 1154 5130 23.

2221 3383 2507 3447 διπλοΐδος
2566 3386 2756 3441 αὐτοῦ.
2816 3380 3214 3459 Παραϐιάζεται
3273 3382 3330 3439 δὲ
3383 3384 3574 3440 Σαοὺλ
3617 3383 3714 3438 τὸν
3770 3387 3878 3434 Σα-

2223 3472 2411 3546 μουὴλ
2442 3475 2775 3548 ὑποστρέψαι
2809 3476 2925 3546 μετ’
2994 3473 3186 3540 αὐτοῦ,
3249 3473 3338 3527 καὶ
3396 3473 3593 3548 χερσὶν
3647 3467 3869 3529 ίδίαιςό

2217 3564 2510 3639 προφήτης
2550 3562 2846 3639 ἀποσφάζει
2905 3565 3084 3637 ’Ἄγαγ
3141 3562 3231 3617 τὸν
3295 3559 3526 3637 βασιλέα
3596 3558 3871 3632 Ἀμαλήκ.

2218 3652 2314 3707 Δια
2341 3651 2540 3722 ταύτην
2581 3653 2680 3720 τήν
2735 3654 3012 3726 παρακοήν
3046 3651 3226 3706 Σαοὺλ
3269 3653 3414 3706 εἶπεν
3473 3652 3504 3706 6
3555 3650 3694 3712 Θεὸς
3743 3646 3872 3720 πρὸς

2219 3739 2505 3815 Σαμουὴλ
2544 3765 2572 3792 ‹‹
2607 3738 3086 3814 Μεταμεμὲλημαι
3145 3741 3226 3795 ὅτι
3271 3739 3476 3815 ’ἐχρτσα
3529 3742 3626 3795 τὸν
3691 3732 3868 3792 Σαοὺλ

2217 3831 2292 3886 εἰς
2329 3827 2576 3906 βασιλέα,
2609 3826 2748 3884 διότι
2779 3829 2983 3900 ἀπέστη
3025 3829 3131 3884 ἀπὸ
3186 3827 3403 3882 ὄπισθέν
3473 3849 3584 3902 μου
3643 3825 3735 3881 καὶ
3777 3821 3868 3876 οὐκ

2217 3918 2445 3996 ἐφύλαξε
2474 3919 2539 3974 τὰ
2572 3918 2790 3994 ῥήματά
2825 3939 2952 3992 μου.
2989 3942 3017 3969 ››
3068 3915 3261 3972 Πολλᾶ
3313 3913 3370 3971 δὲ
3398 3913 3752 3972 κατωνείόισε
3781 3910 3866 3966 τὸν

2217 4009 2399 4064 Σαοὺλ
2427 4009 2693 4082 Σαμουὴλ
2753 4007 2839 4063 ἐπὶ
2897 4010 2966 4081 τῇ
3016 4010 3265 4082 παρακοῇ
3322 4007 3509 4080 ταύτῃ.
3564 4008 3629 4064 ὐ
3669 4001 3725 4059 δὲ
3768 4001 3861 4067 τὴν

2215 4101 2385 4156 αἰτίαν
2433 4100 2518 4155 ἐπὶ
2550 4102 2640 4155 τὸν
2668 4097 2800 4154 λαὸν
2832 4100 2920 4154 καὶ
2966 4102 3046 4172 [Ρ.
3081 4100 3170 4172 64]
3201 4101 3297 4154 τοῦ
3357 4099 3512 4152 θῦσαι
3575 4099 3644 4153 τα
3702 4089 3861 4169 τρεμ-

2218 4211 2358 4262 ματα
2395 4194 2474 4262 τῷ
2532 4194 2649 4261 Θεῷ
2709 4189 3009 4262 ἐπήνεγκε.
3075 4189 3172 4244 Καὶ
3236 4188 3354 4243 εἶπε
3404 4185 3675 4260 Σαμουῆλ
3732 4179 3859 4255 πρὸς

2217 4277 2421 4334 Σαούλ’
2459 4303 2486 4330 ‹‹
2523 4279 2584 4334 Εἰ
2630 4278 2858 4348 θελητὸν
2918 4281 2997 4348 τῷ
3057 4283 3236 4351 Κυρίῳ
3289 4277 3733 4349 ὁλοκαυτώματα
3777 4277 3859 4332 καὶ

2213 4369 2392 4423 θυσίαι
2419 4368 2494 4430 ὡς
2554 4369 2615 4423 τὸ
2674 4368 2899 4422 ἀκοῦσαι
2957 4373 3141 4442 φωνῆς
3203 4367 3454 4440 Κυρίου;
3519 4363 3669 4420 Ἰδοὺ
3730 4355 3855 4421 ἀκοὴ

2214 4458 2348 4531 ὑπὲρ
2405 4456 2585 4520 θυσίαν
2635 4456 2834 4530 ἀγαθὴ,
2894 4456 2982 4510 καὶ
3027 4457 3061 4524 ἡ
3117 4454 3444 4526 ἐπακρόασις
3514 4455 3649 4528 ὑπὲρ
3710 4447 3854 4531 στέαρ

2212 4548 2398 4618 κριῶν.
2456 4545 2572 4598 Ὃτι
2632 4542 2872 4616 ἁμαρτία
2945 4539 3216 4613 οἰώνισμα
3299 4539 3412 4596 ἐστι
3451 4586 3465 4611 ,
3521 4537 3719 4606 ὀδὸνην
3773 4529 3854 4586 καῖ

3149 4631 3271 4687 Ὅτι
3353 4629 3713 4700 ἐξουθένωσας
3796 4619 3852 4674 τὸ

2217 4721 2367 4796 ῥῆμα
2399 4719 2624 4792 Κυρίου,
2657 4721 2746 4774 καὶ
2807 4719 3147 4790 ἐξουθενώσει
3207 4739 3263 4773 σε
3316 4719 3539 4791 Κύριος,
3595 4717 3672 4792 μὴ
3724 4713 3850 4766 εἶναι

2221 4810 2447 4885 βασιλέα
2476 4809 2563 4866 ἐπὶ
2606 4807 2850 4884 Ἰσραήλ.
2886 4832 2914 4861 ››
2983 4810 3086 4865 Καὶ
3147 4808 3349 4879 ἀπέστη
3411 4809 3501 4863 ἀπ’
3559 4807 3723 4862 αὐτοῦ
3754 4805 3850 4854 Σα-

2221 4896 2428 4970 μουὴλ,
2460 4897 2550 4952 καὶ
2584 4894 2717 4952 εἶδεν
2759 4896 2922 4952 αὐτὸν
2977 4895 3176 4953 οὐκέτι.
3240 4898 3439 4972 Γνώμη
3474 4893 3531 4952 δὲ
3579 4896 3712 4950 Θεοῦ
3763 4906 3852 4943 κα-

2218 4985 2628 5059 τακολουθήσας
2688 4984 2920 5060 Σαμοὴλ
3009 4984 3214 5041 ἄπεισιν
3304 4987 3381 5048 εἷς
3441 4984 3716 5057 Βηθλεὲμ,
3764 4972 3848 5031 καὶ

1686 5147 2047 5205 XYLANDRI
2088 5150 2174 5205 ET
2213 5149 2429 5206 GOARI
2469 5150 2687 5206 ΝΟΤᾸΞ.

527 5256 635 5324 (60)
671 5259 746 5309 De
778 5254 1117 5324 thomphma
1148 5253 1409 5324 disputat
1435 5252 1736 5308 Cedrenus
1778 5255 1954 5324 paulo
2014 5257 2106 5311 in-

455 5325 563 5389 fra,
599 5342 714 5396 quo
748 5325 876 5380 loco
908 5327 1118 5380 heroas
1152 5325 1453 5379 Davidicos
1483 5331 1774 5381 recenset.
1808 5327 1941 5381 XVL.

528 5397 606 5476 (61
623 5399 863 5476 λΜαηιιε
895 5396 1521 5476 εο-γηροιιενθεζῐῗιοὶίςιιιί
1561 5396 1991 5476 Ηῄρὶιτειὶδῐηιιπι,
2024 5416 2098 5454 ne

456 5466 550 5521 cui
585 5466 815 5522 viderer
854 5466 1196 5523 audaculus.
1257 5466 1475 5524 Sensus
1532 5474 1666 5522 est:
1726 5469 1909 5523 Jussit
1964 5488 2099 5525 eum

455 5538 729 5611 omittere
760 5555 911 5611 arcas
943 5545 1002 5593 et
1032 5539 1244 5611 ephodi
1283 5539 1712 5594 tractationem.
1741 5542 2100 5598 vaticinandi

455 5610 1012 5683 causainstitutam.
1047 5610 1180 5666 cum
1205 5613 1331 5680 jam
1365 5612 1437 5665 de
1471 5615 1679 5665 eventu
1720 5627 1932 5683 pugnm
1992 5616 2099 5670 du-

456 5681 764 5738 bitandum
796 5698 915 5738 non
950 5683 1240 5739 videretur
1269 5683 1543 5755 amplius.
1580 5685 1718 5737 XVL.

2280 5257 2391 5327 (62)
2423 5256 3086 5329 Asteriscuinapposui
3120 5273 3224 5312 oco
3269 5262 3327 5312 et
3377 5273 3554 5328 pravo
3612 5259 3670 5310 et
3719 5259 3840 5329 Ψυ-

2211 5317 2333 5384 tilo.
2374 5317 2944 5400 'Hebraicaihabeiit
2981 5329 3318 5400 universam
3351 5317 3429 5400 et
3464 5345 3532 5383 ex
3582 5317 3838 5400 omnibus

2208 5400 2346 5454 hinc
2380 5399 2515 5454 inde
2547 5399 2812 5470 partibus
2845 5399 3155 5455 collectam
3188 5399 3261 5455 ad
3301 5399 3544 5454 Saulum
3586 5393 3838 5470 multitu-

2209 5472 2405 5526 dinem
2440 5461 2692 5525 intrasse
2723 5470 2950 5531 silvam,
2985 5471 3045 5524 in
3077 5489 3193 5542 qua
3222 5471 3339 5526 mel
3363 5488 3466 5542 per
3487 5470 3674 5525 solum
3708 5461 3838 5542 {lu}?

2209 5542 2328 5596 bat.
2355 5544 2400 5615 ᾼ
2432 5559 2546 5615 quo
2601 5549 2798 5615 tamen
2850 5559 3059 5615 omnes
3095 5534 3179 5599 ob
3222 5534 3418 5615 votum
3475 5543 3626 5615 regis
3671 5534 3836 5615 abs-ti-

2211 5609 2746 5743 nqerigﬁiiempto
2774 5614 3050 5683 Jonatha,
3085 5615 3185 5684 qui
3219 5615 3346 5686 ejus
3397 5609 3618 5669 inscius
3657 5609 3839 5682 gusta-

2214 5703 2262 5740 ri
2297 5700 2362 5743 .e
2431 5728 2444 5743 .
2528 5701 2613 5742 τι..

2214 5685 2313 5756 rit,
2333 5689 2444 5744 etc.
2477 5685 2613 5743 XYL.
