4094 6292
248 411 369 470 145

250 544 375 601 ἐκεῖ
399 538 593 618 ἔχρισε
641 543 739 600 τὸν
791 538 985 619 ὄγδοον
1042 543 1160 599 υἱὸν
1219 542 1416 601 Ἰεσσαὶ
1458 533 1630 599 Δαϐὶδ
1656 543 1732 604 εἰς
1764 543 1924 617 βασι·
1954 546 2005 606 Α

265 634 514 705 limini
575 630 789 691 δίδοται
847 638 1058 708 πνεῦμα
1115 638 1269 690 Θεοῦ.
1330 635 1437 692 Καὶ
1504 635 1629 692 τότε
1684 630 1921 701 ἐπῆλθεν

264 726 361 783 ἐπὶ
391 721 571 780 Σαοὺλ
605 728 824 797 πνεῦμα
878 724 1140 799 πονηρὸν,
1197 724 1290 780 καὶ
1341 719 1555 802 ἔπνιγεν
1604 721 1785 778 αὐτὸν.
1820 720 1923 779 Καὶ

268 813 423 869 εἶπον
456 812 507 869 οἳ
550 812 793 887 γνωστοὶ
841 812 1008 868 αὐτοῦ
1066 813 1134 867 τά
1189 813 1315 887 περῖ
1374 807 1541 868 Δαϐἰδ
1572 811 1708 885 πρὸς
1738 807 1922 879 αὐτὸν,

265 898 353 959 ὅτι
384 906 596 976 πνεῦμα
626 905 762 957 Θεοῦ
817 900 872 957 ἐν
930 902 1103 976 αὐτῷ,
1159 902 1249 957 καὶ
1307 903 1392 957 δτι
1449 899 1565 972 ᾂδει
1610 898 1840 974 ψάλλων
1868 897 1920 953 ἐν

262 993 496 1067 κιννῦρᾳ
551 990 641 1047 καὶ
697 991 994 1068 ψαλτηρίῳ
1048 992 1139 1047 καὶ
1195 990 1369 1065 ναύλῃ
1427 993 1564 1066 (63).
1633 990 1737 1046 Καὶ
1790 986 1923 1043 ἀπέ-

265 1079 452 1137 στειλε
489 1079 674 1137 Σαοὺλ
705 1081 845 1154 πρὸς
889 1079 1106 1149 Ἰεσσαὶ,
1154 1080 1244 1136 καὶ
1292 1075 1456 1135 ἔλαϐε
1485 1079 1576 1135 τὸν
1607 1079 1723 1133 υἱὸν
1754 1078 1923 1133 αὐτοῦ

263 1169 501 1244 ψάλλειν
560 1171 652 1226 καὶ
709 1169 926 1226 διώκειν
986 1174 1202 1244 πνεῦμα
1264 1169 1328 1224 τὸ
1382 1174 1571 1243 πνῖγον
1604 1168 1790 1226 αὐτὸν.
1824 1166 1923 1221 Καὶ

264 1260 477 1333 ἀπέστη
528 1262 594 1318 τὸ
645 1265 857 1334 πνεῦμα
907 1259 1014 1318 ἀπὸ
1071 1258 1278 1330 Σαοὺλ,
1310 1259 1400 1315 καὶ
1432 1258 1731 1329 πεποίηκεν
1760 1256 1920 1311 αὐτὸν

262 1351 359 1407 ἐπὶ
410 1353 475 1407 τὸ
525 1349 693 1426 αἴρειν
761 1350 829 1406 τὰ
875 1349 1038 1422 σκεύη
1092 1347 1256 1406 αὖτοῦ
1312 1349 1380 1406 τὰ
1426 1347 1725 1422 πολεμικά.
1761 1348 1925 1422 Ἀγα-

261 1441 441 1510 πητὸς
474 1438 530 1496 δὲ
559 1441 751 1517 γέγονε
807 1434 973 1495 Δαϐὶδ
1030 1443 1112 1512 τῷ
1167 1437 1374 1496 Σαούλ.
1431 1438 1569 1495 Τότε
1614 1435 1840 1510 ἐξῆλθον
1871 1436 1924 1491 οἱ

266 1529 589 1611 ἀλλόφυλοι
644 1528 698 1584 ἐν
758 1525 985 1601 δυνάμει
1046 1529 1258 1602 βαρείᾳ,
1316 1526 1404 1582 καὶ
1460 1524 1653 1603 γέγονε
1704 1526 1771 1581 τά
1799 1522 1922 1598 περὶ

264 1617 441 1678 Δαϐἰδ
499 1620 590 1675 καὶ
646 1617 870 1689 Γολιᾶθ,
930 1617 987 1674 ὅν
1071 1616 1253 1673 ἀνεῖλε
1331 1617 1730 1692 μονομαχήσας
1789 1614 1922 1689 ὕψος

263 1709 475 1789 ἔχοντα
529 1708 704 1774 πόδας
764 1710 932 1780 ὀκτὼ,
990 1704 1066 1764 ὥν
1121 1706 1255 1764 ἐτῶν
1313 1706 1421 1782 λγ’.
1478 1712 1545 1784 ᾯ
1608 1708 1923 1777 ὑπήντησαν

261 1803 320 1857 αἱ
352 1802 683 1878 χορεύουσαι
734 1796 1012 1875 λέγουσαι·
1061 1823 1091 1851 ιι
1125 1797 1385 1871 Ἐπάταξε
1427 1794 1607 1852 Σαοὺλ
1639 1795 1691 1851 ἐν
1727 1793 1922 1871 χιλιά-

263 1912 349 1946 σιν
383 1891 549 1947 αὐτοῦ
596 1891 690 1945 καὶ
732 1884 900 1945 Δαϐὶδ
960 1887 1012 1944 ἐν
1077 1886 1331 1964 μυριάσιν
1362 1887 1545 1944 αὐτνῦ.
1582 1909 1611 1938 ››
1646 1885 1746 1943 Καὶ
1776 1885 1923 1962 γίνε-
1956 1915 2000 1981 Β

254 2002 347 2037 ται
381 1979 579 2060 φθόνος
611 1978 793 2036 Σαοὺλ
838 1976 928 2032 ἐπὶ
967 1972 1135 2032 Δαϐἱδ
1182 1975 1273 2032 δια
1298 1976 1362 2031 τὸ
1393 1973 1542 2048 αἱ)τῷ
1574 1974 1670 2048 μὲν
1700 1972 1922 2042 δοθῆναι

260 2072 360 2133 τάς
391 2067 674 2146 χιλιάδας,
726 2068 919 2142 ἐκείνῳ
976 2064 1035 2124 δὲ
1091 2067 1188 2131 τὰς
1252 2063 1536 2142 μυριάδας.
1570 2066 1677 2122 Καὶ
1704 2064 1928 2120 ἐπέπεσε

259 2160 412 2236 παρὰ
470 2163 606 2216 Θεοῦ
662 2162 876 2231 πνεῦμα
930 2157 1173 2231 πονηρὸν
1221 2155 1309 2211 ἐπὶ
1370 2154 1578 2225 Σαοὺλ,
1637 2155 1727 2210 καὶ
1788 2174 1927 2227 προ-

256 2253 551 2321 εφήτευσεν
613 2247 667 2303 ἐν
729 2248 878 2323 μέσῳ
952 2251 1050 2303 τοῦ
1127 2243 1286 2301 οἷ’κου
1344 2242 1533 2302 αὺτοῦ.
1594 2242 1697 2301 Καὶ
1755 2237 1922 2298 Δαϐὶδ

253 2335 495 2413 ἔψαλλεν
554 2337 608 2393 ἐν
650 2341 722 2411 τῇ
778 2336 926 2413 χειρὶ
983 2334 1147 2391 αὐτοῦ
1177 2335 1252 2398 ὡς
1280 2336 1400 2400 καθ’
1429 2334 1660 2403 ἑκάστην
1691 2331 1921 2408 ἡμέραν,

253 2427 350 2484 καί
378 2431 445 2484 τὸ
478 2425 608 2503 δόρυ
666 2424 719 2481 ἐν
770 2430 839 2499 τῇ
899 2425 1049 2505 χειρὶ
1108 2423 1314 2494 Σαοὺλ,
1347 2425 1435 2480 καὶ
1467 2425 1580 2479 εἶπε
1608 2425 1836 2494 πατάξαι
1866 2421 1920 2477 ἐν

255 2512 450 2586 Δαϐἰδ,
508 2516 600 2572 καὶ
659 2512 908 2577 ἐκκλίνας
960 2508 1150 2580 Δαϐἱδ,
1209 2512 1465 2584 ἐπάταξεν
1524 2511 1577 2567 ἐν
1610 2517 1689 2585 τῷ
1716 2510 1918 2587 τοίχῳ.

254 2611 429 2662 Τοῦτο
486 2603 570 2668 δὶς
614 2604 882 2676 πεποίηκε
932 2602 1140 2662 Σαοὺλ.
1190 2604 1361 2667 Γνοὺς
1391 2600 1449 2658 δὶ
1480 2601 1665 2658 Σαοὺλ
1697 2621 1913 2674 συμμα⁴

260 2701 384 2770 χεῖν
441 2695 573 2751 Θεὸν
652 2698 735 2767 τῷ
806 2687 1001 2761 Δαϐἰδ,
1059 2692 1315 2762 ἐποίησεν
1376 2689 1536 2749 αὺτὸν
1591 2689 1916 2767 χιλίαρχον,

256 2783 649 2855 ἐξαποστείλας
715 2781 876 2839 αὐτὸν
927 2782 1036 2838 ἀπὸ
1093 2781 1392 2854 προσώπου
1457 2780 1623 2837 αὐτοῦ
1670 2779 1918 2858 εἰσέρχε-

254 2887 378 2940 σθαι
407 2874 503 2930 καὶ
534 2872 849 2953 ἐξέρχεσθαι
880 2872 933 2928 ἐν
972 2877 1054 2945 τῷ
1101 2872 1357 2947 πολέμῳ,
1391 2871 1577 2927 εἰπών·
1611 2896 1638 2923 ιι
1667 2872 1848 2928 Ἔστω
1879 2873 1914 2941 ἡ

245 2967 373 3043 ’χεὶρ
393 2971 505 3023 τῶν
524 2964 864 3044 ἀλλοφύλων
889 2966 1009 3021 κατ’
1029 2964 1198 3022 αὐτοῦ
1219 2964 1363 3040 ἤπερ
1389 2967 1424 3036 ἡ
1455 2964 1581 3041 χείρ
1614 2985 1744 3038 μου,
1767 2987 1795 3016 ››
1825 2965 1917 3020 καὶ

247 3054 484 3113 δέδωκεν
518 3053 669 3129 αὒτῷ
701 3053 938 3131 Μελχὸλ
979 3056 1080 3125 τήν
1131 3055 1400 3130 θυγατέρα
1436 3051 1600 3110 αἰ)τοῦ
1630 3053 1708 3116 εἷς
1734 3058 1919 3127 γυναῖ-

247 3167 341 3205 κα.
373 3142 651 3221 ’Δποδρὰς
682 3142 740 3199 δὲ
770 3139 938 3201 Δαϐὶδ
982 3144 1090 3201 ἀπὸ
1149 3145 1450 3219 προσώπου
1484 3142 1667 3199 Σαοὺλ
1698 3142 1917 3213 ἀπῆλθε

250 3236 391 3311 πρὸς
441 3232 710 3308 Σαμουὴλ
766 3231 821 3289 ἐν
880 3233 1042 3290 πόλει
1100 3232 1434 3309 ’Δρμαθαΐμ,
1464 3233 1555 3289 καὶ
1586 3234 1708 3307 εὗρε
1736 3233 1906 3308 χορὸν

258 3328 555 3403 προᾳττιῶν
622 3323 759 3397 μετὰ
822 3322 1113 3397 Σαμουήλ.
1185 3322 1282 3378 Καὶ
1370 3319 1658 3378 ἀπέστειλε
1722 3318 1902 3377 Σαοὺλ

264 3413 406 3482 ἅπαξ
470 3412 552 3467 καὶ
615 3410 699 3475 δίς
763 3411 856 3468 καὶ
916 3411 1036 3488 τρὶς
1101 3411 1370 3490 ἀγγέλους
1414 3406 1777 3468 συλλαϐέσθαι
1816 3411 1908 3467 τὸν

264 3496 453 3559 Δαϐἰδ·
506 3501 593 3558 καὶ
650 3501 1086 3578 προφητεύοντες
1168 3500 1438 3576 διέμενον.
1512 3501 1792 3575 Θυμωθεὶς
1849 3499 1907 3557 δὶ

259 3591 443 3648 Σάι-ὑλ
483 3589 647 3656 αυτὸς
684 3591 756 3647 δι’
784 3593 975 3647 ἑαυτοῦ
1021 3590 1290 3667 ἐπορεύθη
1324 3587 1688 3647 συλλάϐἐσθαι
1721 3590 1903 3648 αὐτόν’

250 3682 341 3737 καὶ
400 3681 611 3752 ἐξέστη,
687 3681 778 3737 καὶ
843 3682 910 3750 ἧν
994 3680 1352 3761 προφητεύων
1420 3680 1511 3736 καὶ
1571 3678 1751 3752 αυτὸς,
1815 3681 1906 3736 καὶ

248 3769 538 3846 ἐξεδὼατο
601 3771 668 3827 τὰ
730 3770 921 3843 ἱμάτια
978 3769 1166 3840 αὐτοῦ,
1221 3771 1312 3826 καὶ
1381 3764 1555 3826 ἔκειτο
1631 3767 1701 3826 δι’
1768 3768 1906 3841 ὅλης

247 3863 465 3936 ἡμέρας
494 3860 590 3916 καὶ
619 3861 810 3921 νυκτὸς
857 3861 1083 3936 γυμνός.
1124 3858 1228 3917 Καὶ
1283 3860 1421 3934 μετὰ
1466 3864 1634 3916 ταῦτα
1679 3857 1905 3922 τελείως

247 3950 563 4026 ἆῳίσταται.
627 3951 711 4024 [Ρ.
763 3950 854 4023 65]
912 3944 1078 4003 Δαϐἰδ
1131 3947 1240 4003 ἀπὸ
1296 3946 1504 4018 Σαοὺλ,
1564 3947 1905 4021 κτησάμενος

248 4045 416 4120 χεῖρα
469 4037 833 4113 τετρακοσίων
892 4035 1102 4109 ἀνδρῶν
1162 4036 1535 4111 πολεμιστῶν.
1603 4038 1708 4094 Καὶ
1774 4036 1908 4111 μετὰ

244 4134 412 4185 τοῦτο
472 4129 696 4198 θνήσκει
747 4125 1039 4199 Σαμουὴλ,
1097 4127 1187 4182 καὶ
1247 4125 1504 4190 θάπτεται
1556 4125 1609 4183 ἐν
1665 4131 1746 4198 τῷ
1776 4124 1910 4198 οἴκῳ

245 4217 416 4274 αὑτοῦ
478 4217 531 4273 ἐν
594 4215 929 4292 Ἀρμαθαΐμ.
986 4213 1170 4272 Σαοὺλ
1227 4212 1284 4271 δὲ
1344 4214 1421 4271 ἔτι
1474 4212 1688 4272 διώκων
1715 4216 1783 4286 ἦν
1813 4217 1907 4271 τὸν

248 4303 441 4366 Δαϐἔδ.
502 4301 739 4364 Ἀϐεσσᾶ
798 4303 857 4361 δὲ
905 4304 995 4361 καὶ
1055 4299 1216 4362 Ἰωὰϐ
1272 4302 1550 4375 κατῆλῦον
1606 4304 1661 4360 ἐν
1707 4304 1776 4380 τῇ
1803 4326 1911 4361 πα-

249 4391 511 4471 ρεμϐολῇ
543 4393 726 4451 Σαοὺλ
782 4395 973 4457 νυκτὸς
1036 4396 1172 4468 μετά
1225 4389 1415 4465 Δαϐὶδ,
1473 4394 1564 4451 καὶ
1616 4388 1815 4450 ἔλαϐον
1846 4396 1910 4452 τὸ

246 4485 384 4564 δόρυ
448 4487 540 4542 καὶ
603 4487 699 4542 τὸν
764 4485 932 4565 φακὸν
1008 4488 1105 4540 τοῦ
1192 4483 1409 4548 ὕδατος.
1489 4481 1913 4561 Ἀποδιδράσκει

244 4575 304 4633 δὲ
349 4572 520 4633 Δαϐἰδ
579 4577 717 4652 πρὸς
774 4576 1014 4651 ’Δγχοῦς
1077 4573 1304 4651 βασιλέα
1358 4575 1478 4645 Γὶθ,
1536 4574 1627 4630 καὶ
1687 4572 1912 4631 δίδωσιν

1408 405 1956 473 HISTORIARUM
2002 406 2559 471 COMPENDIUM.

3575 340 3691 475 14d

2036 539 2201 608 abiit,
2262 541 2462 611 ibique
2522 541 2808 598 Davidum
2873 544 3052 599 Jessm
3109 544 3300 600 filium
3345 548 3491 600 natu
3530 551 3689 601 octa-

2034 646 2170 684 vum
2253 645 2483 700 ungens
2569 647 2750 704 regno
2830 630 3145 688 destinavit
3202 652 3217 702 ;
3294 638 3471 705 atque
3552 633 3691 691 huic

2035 717 2277 789 spiritus
2332 718 2431 773 Dei
2491 718 2662 774 datus
2714 724 2820 775 est.
2885 722 2954 775 At
3013 727 3219 777 contra
3293 721 3357 776 in
3443 720 3686 778 Saulum

2037 807 2279 878 Spiritus
2335 808 2632 880 malignus
2699 808 2891 876 irruit,
2948 826 3203 882 eumque
3278 811 3527 868 vexavit.
3588 814 3689 868 Fa-

2034 896 2298 952 miliares
2351 897 2552 969 itaque
2613 897 2667 954 ei
2734 898 3145 957 indicaverunt
3200 916 3328 957 esse
3399 900 3686 958 Davidum

2034 987 2249 1058 spiritu
2280 987 2377 1043 Dei
2405 987 2718 1060 praeditum
2750 1004 2817 1045 ac
2845 990 3025 1045 variis
3053 989 3468 1047 instrumentis
3499 991 3688 1047 musi-

2034 1076 2118 1131 cis
2148 1076 2353 1132 ludere
2386 1078 2664 1149 peritum.
2698 1079 2903 1151 Itaque
2919 1079 3126 1135 Saulus
3142 1080 3216 1136 ad
3236 1080 3463 1136 Jessam
3485 1079 3688 1137 missis

2037 1165 2276 1221 famulis
2345 1166 2631 1223 Davidum
2682 1169 2840 1224 114
2888 1168 3132 1225 domum
3165 1185 3335 1225 suam
3365 1170 3593 1236 ascivit,
3624 1176 3691 1224 ut

2038 1254 2255 1311 ﬁdibus
2286 1254 2518 1311 luderet
2546 1256 2942 1329 spiritumque
2997 1275 3033 1314 a
3080 1275 3196 1329 quo
3227 1274 3333 1314 rex
3365 1258 3692 1314 vexabatur

2034 1342 2334 1416 abigeret;
2368 1345 2469 1415 qui
2501 1351 2560 1400 et
2586 1347 2835 1402 recessit
2863 1363 2897 1402 a
2926 1364 3085 1421 rege.
3116 1347 3373 1402 Proinde
3403 1347 3690 1404 Davidum

2033 1450 2137 1489 rex
2174 1434 2379 1491 dilexit
2432 1436 2914 1509 armigerumque
2974 1454 3148 1493 suum
3208 1438 3536 1495 constituit.
3573 1437 3689 1494 Sub

2034 1522 2193 1579 idem
2216 1529 2450 1596 tempus
2473 1526 2711 1582 Barbari
2733 1527 2957 1583 bellum
2981 1527 3242 1583 Hebraeis
3265 1528 3553 1587 fecerunt.
3571 1544 3691 1583 ma-

2032 1614 2162 1686 gnis
2193 1613 2326 1669 freti
2358 1615 2566 1687 copiis.
2598 1616 2722 1680 Quo
2755 1617 2818 1671 in
2846 1616 3005 1672 bello
3038 1616 3296 1673 Davidus
3348 1617 3686 1673 Goliathum

2033 1710 2163 1759 octo
2193 1703 2374 1775 pedes
2406 1705 2613 1773 altum,
2637 1723 2830 1762 annos
2852 1712 3026 1762 natus
3047 1708 3135 1772 33,
3170 1707 3457 1780 singulari
3480 1707 3684 1779 praelia

2033 1809 2386 1865 congressus
2416 1795 2749 1851 trucidavit.
2810 1799 2854 1852 A
2914 1812 3033 1866 qua
3088 1795 3332 1852 victoria
3388 1796 3685 1864 redeunti,

2033 1899 2168 1938 cum
2199 1895 2542 1940 ocurrentes
2574 1885 2851 1940 choream
2883 1884 3169 1940 ducentes
3218 1885 3501 1941 mulieres
3531 1885 3688 1941 ceci-

2031 1972 2262 2028 nissent
2294 1995 2321 2023 «
2352 1990 2387 2029 a
2417 1974 2594 2030 Saulo
2625 1974 2838 2041 millia,
2862 1991 2897 2029 a
2917 1974 3134 2031 Davido
3167 1974 3323 2031 dena
3346 1975 3535 2031 millia
3557 1992 3687 2032 esse

2030 2060 2280 2131 devicta,
2309 2085 2328 2111 ιι
2361 2063 2571 2118 invidit
2591 2056 2693 2120 rex
2723 2064 2938 2119 Davido
2972 2064 3083 2119 sibi
3114 2080 3182 2120 eo
3223 2064 3487 2121 carmine
3535 2082 3685 2137 prm-

2028 2150 2184 2218 lato;
2215 2153 2647 2225 exagitavitque
2694 2170 2830 2209 eum
2853 2153 3048 2210 denuo
3079 2155 3377 2227 malignus
3424 2155 3541 2211 Deo
3586 2156 3692 2212 im~

2027 2241 2301 2297 mittente
2333 2243 2598 2313 spiritus,
2631 2260 2699 2298 ac
2721 2243 2781 2298 in
2802 2244 3000 2299 medio
3025 2261 3145 2300 suas
3169 2244 3383 2300 domus
3411 2246 3689 2301 vaticina—

2026 2334 2121 2386 tus
2153 2336 2261 2386 est.
2285 2336 2496 2387 Coram
2528 2348 2595 2388 eo
2629 2332 2879 2389 Davidus
2903 2333 3170 2404 quotidie
3202 2333 3419 2391 fidibus
3447 2334 3682 2390 cecinit.

2027 2420 2242 2477 Saulus
2273 2426 2473 2477 autem
2506 2422 2677 2478 hasta
2708 2438 2888 2493 quam
2907 2439 3087 2479 manu
3110 2422 3370 2491 tenebat,
3397 2423 3683 2480 Davidum

2030 2509 2303 2580 trajicere
2358 2510 2579 2566 voluit:
2615 2510 2721 2566 sed
2775 2510 2871 2567 hic
2901 2511 3186 2568 inclinato
3219 2528 3465 2584 corpore
3495 2512 3682 2569 ictum

2028 2609 2284 2678 evitavit,
2318 2614 2377 2665 et
2405 2609 2577 2666 hasta
2601 2610 2813 2682 parieti
2844 2610 3026 2667 inﬁxa
3057 2617 3164 2667 est.
3200 2612 3294 2668 Bis
3324 2611 3437 2669 hoc
3467 2613 3680 2671 Saulus

2029 2703 2118 2753 est
2146 2704 2414 2754 conatus.
2448 2699 2590 2755 Inde
2638 2699 2872 2772 cognito
2930 2702 3115 2756 Deum
3173 2701 3394 2757 Davido
3448 2703 3679 2776 adesse,

2029 2787 2332 2843 tribunum
2374 2788 2634 2844 militum
2664 2806 2799 2845 eum
2831 2789 2970 2845 fecit
3000 2790 3179 2861 inque
3209 2790 3435 2847 bellum
3459 2794 3679 2866 emisit,

2026 2880 2093 2931 ut
2123 2876 2345 2931 militiae
2372 2883 2741 2933 versaretur:
2776 2878 2974 2934 aiebat
3006 2880 3167 2934 enim
3212 2880 3391 2936 malle
3448 2898 3511 2937 se
3543 2899 3679 2939 eum

2028 2965 2421 3022 Barbarorum
2451 2983 2631 3038 quam
2662 2967 2785 3023 suis
2830 2968 3108 3024 manibus
3167 2971 3384 3041 perire.
3418 2973 3677 3044 Nuptum

2025 3071 2263 3126 quoque
2294 3056 2347 3111 ei
2378 3055 2542 3111 dedit
2565 3056 2778 3111 Michol
2811 3056 2997 3113 ﬁliam
3027 3074 3217 3114 suam.
3240 3060 3550 3116 Enimvero
3571 3062 3682 3118 Da-

2023 3143 2194 3200 vidus
2246 3145 2486 3200 Saulum
2537 3144 2769 3215 fugiens
2827 3146 2901 3201 ad
2948 3146 3289 3203 Samuelum
3350 3149 3411 3203 in
3469 3149 3678 3207 urbem

2026 3235 2317 3290 Ramatha
2345 3252 2407 3290 se
2430 3234 2706 3304 contulit,
2727 3234 2930 3308 ibique
2961 3253 3095 3292 cum
3119 3237 3395 3294 Samuelo
3427 3239 3677 3296 chorum

2018 3330 2217 3380 vatum
2234 3325 2472 3396 reperit.
2486 3325 2747 3380 Tertium
2765 3325 2976 3382 Saulus
3011 3344 3078 3383 eo
3098 3327 3260 3384 misit
3275 3328 3373 3400 qui
3387 3328 3673 3387 Davidum

2013 3412 2087 3468 ad
2146 3429 2208 3469 se
2264 3413 2667 3470 abducerent:
2726 3430 2934 3471 verum
2995 3416 3034 3471 ii
3060 3416 3416 3473 vaticinandi
3453 3417 3667 3490 spiritu

2013 3503 2268 3574 correpti
2300 3502 2522 3559 ibidem
2552 3511 2921 3561 manserunt.
2964 3505 3089 3570 Qua
3140 3524 3203 3562 re
3261 3507 3349 3563 ira
3405 3509 3668 3579 percitus

2013 3592 2246 3660 Saulus,
2278 3609 2412 3648 cum
2450 3593 2574 3665 ipse
2623 3594 3167 3666 comprehendendi
3228 3597 3430 3652 Davidi
3486 3614 3666 3655 causa

2011 3680 2218 3737 eodem
2240 3681 2500 3749 abiisset,
2538 3681 2732 3738 divino
2763 3683 3049 3740 instinctu
3069 3685 3315 3742 affectus
3345 3687 3471 3758 ipse
3502 3688 3653 3745 115

2013 3796 2250 3852 quoque
2282 3796 2415 3835 cum
2456 3779 2703 3851 reliquis
2728 3781 3035 3838 vaticinari
3082 3783 3258 3854 cmqit
3281 3800 3295 3850 ;
3344 3783 3655 3840 detractis-

2013 3886 2127 3940 que
2151 3868 2262 3924 sibi
2284 3869 2545 3925 vestibus
2566 3869 2760 3926 nudus
2782 3869 2941 3926 diem
2962 3887 3031 3927 ac
3049 3877 3282 3928 noctem
3296 3872 3505 3944 jacuit.
3522 3873 3660 3929 Post

2012 3958 2139 4013 haec
2170 3957 2424 4014 Davidus
2455 3974 2490 4013 a
2519 3958 2691 4014 Saulo
2714 3975 2960 4031 prorsus
2987 3962 3253 4028 recessit,
3288 3966 3494 4034 parata
3516 3978 3663 4034 qua-

2015 4046 2464 4119 dringentorum
2495 4047 2757 4104 virorum
2787 4048 3210 4106 bellicosorum
3262 4067 3465 4108 manu.
3529 4053 3664 4109 Haec

2014 4142 2334 4191 consecuta
2362 4141 2452 4191 est
2482 4153 2644 4192 mors
2669 4137 2951 4204 Samueli,
2982 4139 3148 4210 isque
3194 4138 3354 4195 domi
3398 4157 3519 4196 sua:
3550 4143 3665 4198 Ba-

2014 4225 2232 4281 mathm
2257 4225 2537 4281 humatus
2582 4231 2691 4281 est.
2726 4226 2870 4282 Cum
2902 4243 2936 4283 a
2985 4228 3201 4284 Davido
3251 4228 3665 4301 persequendo

2015 4313 2227 4369 Saulus
2258 4330 2377 4369 non
2402 4313 2735 4381 desisteret,
2766 4314 3061 4372 Abessaus
3084 4322 3143 4371 et
3160 4317 3377 4373 Joabus
3397 4333 3533 4373 cum
3554 4318 3663 4375 Da-

2014 4402 2147 4459 vido
2170 4404 2232 4458 in
2255 4408 2449 4460 castra
2465 4402 2629 4459 illius
2651 4409 2831 4460 noctu
2852 4411 3270 4477 pervenerunt,
3310 4407 3665 4480 hastamque

2015 4493 2171 4565 regis
2201 4498 2260 4548 et
2287 4493 2634 4548 lenticulam
2663 4510 2832 4566 aqum
2865 4510 3066 4550 secum
3092 4493 3487 4552 abstulerunt.
3518 4498 3664 4553 Pro-

2017 4582 2166 4655 fugit
2196 4582 2409 4638 deinde
2440 4582 2515 4639 ad
2545 4598 2745 4655 regem
2777 4583 2974 4639 Gethaa
3012 4585 3340 4641 Anchisum
3386 4586 3659 4657 Davidus,

243 4665 400 4740 αὒτῷ
455 4664 621 4722 πόλιν
683 4663 940 4737 Σικελὰκ,
995 4664 1085 4720 καὶ
1124 4670 1377 4740 παροικεῖ
1433 4662 1547 4720 ἐκεῖ
1578 4672 1754 4739 μῆνας
1782 4665 1902 4721 τέσ·

2022 4653 2180 4743 isque
2213 4672 2267 4728 ei
2296 4671 2508 4728 urbem
2537 4653 2828 4743 Siclagam
2857 4674 3153 4740 concedit,
3177 4674 3237 4730 in
3260 4691 3377 4747 qua
3405 4653 3660 4733 Davidus

242 4778 435 4834 σαρας·
467 4756 609 4813 ὅπου
666 4754 879 4828 στήλην
936 4759 1046 4830 (64)
1101 4757 1130 4811 ὁ
1191 4753 1531 4832 πατραλοίας
1568 4751 1904 4831 Ἀϐεσαλὼμ

240 4849 331 4906 ἐπ’
362 4848 597 4923 ὀνόματι
651 4847 818 4903 αὐτοῦ
869 4841 1083 4918 ἔστησε,
1138 4844 1530 4922 παρανομήσας
1558 4847 1656 4901 κάν
1695 4846 1899 4921 τούτῳ.

2010 4778 2117 4835 per
2144 4767 2399 4833 quatuor
2428 4777 2662 4817 menses
2702 4762 3036 4834 inquilinus
3065 4763 3197 4834 fuit,
3245 4764 3346 4820 ubi
3405 4771 3660 4822 statuam

2011 4866 2248 4922 quoque
2279 4850 2390 4906 sibi
2420 4850 2717 4923 parricida
2737 4851 3090 4909 Absalomus
3114 4855 3317 4923 erexit,
3347 4854 3527 4912 etiam
3548 4856 3661 4912 hoc

1454 4952 1816 5010 XYLANDRI
1855 4956 1943 5010 ET
1980 4957 2197 5013 GOABI
2225 4958 2445 5013 ΝΟΤᾸΞ.

314 5050 427 5119 (63)
456 5047 605 5113 Quia
632 5046 805 5119 nobis
843 5044 1055 5119 ignota
1102 5049 1239 5119 sunt
1296 5044 1422 5098 haec
1479 5043 1898 5119 instrumenta,

236 5115 535 5175 vocabulo
565 5118 797 5191 generis
826 5115 914 5191 uti
942 5115 1142 5191 malui.
1178 5115 1496 5191 Cinnyram
1528 5115 1769 5191 quidem
1802 5116 1903 5171 de-

238 5209 374 5247 cem
408 5186 626 5246 ﬁdibﬁs
649 5188 987 5245 constitisse
1007 5187 1354 5260 plectroque
1384 5186 1458 5260 ici
1487 5186 1728 5260 solitam
1756 5202 1769 5253 ;
1801 5204 1901 5243 na«

236 5263 409 5320 bium
446 5261 761 5318 duodecim
792 5258 1071 5315 habuisse
1092 5275 1263 5313 voces
1294 5266 1349 5314 et
1381 5258 1580 5329 digitis
1602 5258 1899 5329 pulsatum

236 5336 450 5412 fuisse,
482 5333 772 5412 Josephus
803 5331 1104 5386 memoria;
1135 5330 1396 5411 prodidit
1426 5326 1469 5397 ζ⁴
1506 5326 1798 5412 “011ml.
1845 5330 1894 5412 t‘.

2015 5046 2351 5119 mutilatum
2380 5062 2393 5100 :
2454 5063 2594 5102 nam
2628 5064 2782 5119 quae
2816 5065 2950 5104 mox
2997 5056 3331 5119 sequuntur
3358 5051 3430 5107 de
3462 5052 3661 5108 heroi-

2012 5116 2124 5192 bus
2164 5118 2404 5192 pavidi,
2440 5124 2579 5173 sunt
2607 5116 2698 5192 de
2737 5119 3005 5192 ejusdem
3053 5116 3212 5179 libri.
3245 5140 3296 5179 c.
3330 5140 3492 5192 xxiii,
3526 5124 3660 5180 veli

2012 5188 2270 5265 Paralip.
2298 5206 2357 5265 ιι,
2389 5194 2596 5265 estque
2624 5188 2895 5265 etiamin
2926 5194 3190 5265 margine
3241 5194 3351 5249 hoc
3409 5188 3659 5252 annota-

2011 5264 2135 5315 tum
2163 5254 2276 5334 :Di
2309 5254 2526 5334 δυνατοῖ
2557 5262 2653 5334 τοῦ
2686 5254 2871 5334 Δαϐἱό,
2920 5254 3212 5333 potentes,
3246 5266 3300 5319 id
3335 5271 3426 5320 est
3453 5266 3657 5334 fortes,

2010 5338 2068 5385 et
2098 5331 2199 5402 qui
2232 5332 2530 5402 praecipua
2559 5331 2793 5387 virtutis
2823 5331 3001 5389 causa
3042 5331 3239 5390 officia
3268 5331 3660 5395 administra4

240 5407 306 5463 Id
338 5401 496 5462 scias
531 5406 741 5466 obiter,
775 5419 933 5474 smpe
988 5418 1111 5474 me;
1141 5404 1386 5457 nomina
1413 5401 1653 5473 propria
1683 5419 1803 5458 non
1833 5408 1899 5457 ut
2005 5401 2151 5474 bant
2180 5401 2335 5474 apud
2370 5402 2668 5457 Davidum.
2702 5410 2988 5459 Cmterum
3022 5406 3151 5461 loca
3181 5406 3337 5463 dicta
3366 5426 3499 5465 cum
3546 5412 3659 5465 Ce-

239 5479 463 5551 suntin
480 5477 746 5533 Cedreno
774 5472 1069 5531 autetiam
1095 5472 1238 5551 LXX
1256 5472 1653 5551 versione,sed
1677 5479 1898 5551 utsu_nt
2005 5473 2193 5551 dreno
2221 5472 2407 5551 lector
2434 5474 2701 5551 conferat
2730 5475 2876 5545 ipse.
2910 5477 3210 5551 adiunctis
3237 5480 3309 5535 iis
3341 5498 3472 5551 qua:
3495 5482 3654 5551 apud

236 5550 303 5606 in
336 5550 586 5606 Hebraeo
608 5555 667 5604 et
687 5552 944 5619 recepta,
966 5544 1255 5618 posuisse,
1276 5550 1342 5600 ut
1365 5545 1896 5616 Micbol,Ramatha
2002 5544 2321 5617 Josephum
2353 5545 2649 5601 habentur
2674 5545 2713 5601 l.
2740 5544 2832 5608 vn,
2859 5561 2911 5600 c.
2946 5551 3041 5612 1ος
3066 5544 3465 5608 diversitatem
3490 5544 3649 5609 enim

240 5622 595 5767 ειῗϐἔξῖῐῖξεσ
623 5695 784 5767 Διιιιιιι
835 5688 906 5745 de
956 5687 1305 5767 posterioris
1356 5687 1495 5745 libri
1550 5686 1814 5767 Samueli
1836 5705 1888 5745 c.

2002 5632 2242 5696 omnem
2273 5622 2557 5696 annotare
2589 5633 2706 5672 non
2736 5622 2825 5696 est
2853 5624 3071 5675 nostrae
3100 5621 3423 5696 brevitatis,
3453 5640 3648 5696 neque

1998 5687 2096 5765 ita
2120 5687 2364 5765 difficile
2389 5694 2456 5745 ut
2484 5705 2663 5762 epera
2691 5693 2896 5745 nostra
2918 5706 3275 5765 magnopere
3307 5687 3521 5752 debeat
3548 5687 3646 5752 re-

233 5759 493 5839 xvin,ut
522 5763 699 5821 facile
730 5759 1012 5834 appareat
1042 5761 1236 5816 locum
1290 5761 1450 5818 hunc
1481 5776 1609 5816 esse
1640 5759 1889 5816 mirifice
1998 5761 2176 5833 quiri.
2209 5759 2345 5815 XvL.
