4106 6288
434 393 545 455 151

1718 399 2035 460 GEORGII
2084 396 2427 460 GEDBENI

3731 396 3837 455 152

446 546 617 588 suam
638 530 919 603 probasse
937 535 1206 606 exemplo
1229 535 1428 590 Davidi
1451 541 1511 590 et
1541 535 1880 593 Solomonis
1902 535 2083 608 majo-

2207 528 2437 600 Βπατήρ
2469 524 2654 597 αὐτοῦ,
2686 523 2910 582 ἀλλοιοῖ
2948 526 3039 582 τὸν
3093 530 3235 582 νοῦν·
3303 528 3369 582 τὰ
3418 527 3522 604 γὰρ
3576 529 3700 605 περὶ
3745 536 3838 587 τοῦ

442 638 576 676 rum
601 638 865 689 suorum,
881 622 993 678 hoc
1016 624 1255 695 quidem
1279 624 1571 681 diversam
1604 627 1958 682 sententiam
1980 625 2083 682 ha—

436 710 557 773 bet,
581 716 646 766 ut
668 712 1001 767 Solomonis
1021 720 1185 786 gesta
1206 731 1240 770 a
1257 715 1429 771 nobis
1451 716 1717 787 exposita
1738 713 2083 770 ostendunt.

436 800 728 856 Caeterum
771 803 890 858 Λευ.
920 818 1054 859 cum
1104 804 1322 859 Judmis
1366 810 1426 860 et
1467 804 1865 875 Benjamineaa
1898 803 2086 858 tribus

444 890 733 961 suppetiis
786 891 1045 962 adjutus,
1080 892 1338 949 lsraelici
1373 893 1577 965 populi
1631 892 1731 966 qui
1763 909 1896 949 cum
1925 892 2086 947 Jero-

436 977 650 1035 boamo
667 986 795 1037 erat
815 982 1141 1055 quingenta
1161 983 1719 1040 milliabellatorum
1740 982 2087 1039 occidit.Ne-

439 1086 553 1141 que
578 1070 823 1141 posthac
845 1078 1053 1129 contra
1070 1073 1097 1126 J
1106 1072 1281 1129 udam
1305 1079 1482 1146 caput
1503 1090 1679 1129 suum
1698 1071 2085 1129 Jeroboamus

442 1157 652 1213 Nabati
683 1159 844 1216 ﬁlius
870 1160 1100 1219 extulit.

508 1247 757 1304 Sorores
835 1250 1038 1306 Davidi
1100 1251 1347 1307 fuerunt
1421 1251 1621 1307 Servia
1695 1257 1755 1307 et
1824 1251 2082 1324 Abigaaa.

441 1336 651 1392 Servius
700 1338 808 1392 filii
857 1338 1101 1396 fuerunt
1148 1340 1426 1407 Abessas,
1481 1341 1703 1397 Joabus
1752 1345 1809 1396 et
1856 1339 2086 1395 Asmlus

436 1425 674 1498 Abigea
721 1426 879 1483 illius
908 1427 1021 1484 fuit
1067 1432 1346 1486 Amessas
1379 1449 1392 1486 :
1427 1432 1479 1485 is
1525 1446 1647 1486 non
1696 1429 1965 1503 pervenit
1996 1428 2085 1500 ad

443 1512 791 1586 dignitatem
827 1517 1005 1572 trium
1044 1518 1228 1573 David
1260 1518 1619 1591 principum.

511 1605 792 1660 Rubenus
818 1605 1250 1680 primogenitus
1271 1608 1469 1664 Jacobi
1497 1625 1604 1664 sua
1634 1608 1857 1663 excidit
1877 1607 2086 1680 digna—

442 1693 803 1765 tione,quod
824 1695 1146 1753 thalamum
1171 1699 1356 1769 patris
1375 1699 1746 1754 incestasset.
1779 1697 1950 1753 Dedit
1978 1713 2084 1751 au-

442 1787 562 1836 tem
592 1783 846 1840 Jacobus
873 1792 1041 1857 pater
1090 1788 1345 1859 Josepho
1379 1792 1436 1843 et
1491 1788 1938 1861 praarogativam
1970 1786 2085 1859 pri-

441 1871 832 1942 mogenitum:
864 1871 1024 1928 dedit
1052 1873 1236 1931 Iuda).

508 2048 665 2105 120
696 2050 1005 2108 Secundus
1034 2053 1359 2108 Annalium
1388 2053 1544 2109 liber
1571 2052 1751 2109 habet
1780 2053 1842 2108 in
1900 2051 2088 2107 taber-

447 2138 657 2194 naculo
690 2140 845 2195 nihil
872 2142 1056 2197 fuisse
1088 2148 1305 2214 praeter
1333 2142 1586 2199 tabulas.

516 2228 731 2285 Joades
761 2230 1024 2302 pontifex
1057 2233 1352 2289 maximus
1374 2233 1633 2304 sapiens,
1655 2249 1788 2288 cum
1820 2230 2091 2287 Gotholia

447 2318 694 2388 stirpem
725 2319 1062 2376 Davidicam
1095 2338 1334 2377 omnem
1366 2321 2088 2377 exscinderetsuﬂ‘uratus

444 2412 535 2462 est
562 2407 824 2478 Joasum,
859 2410 1179 2465 minimum
1211 2418 1354 2467 natu
1412 2410 1604 2467 filium
1636 2410 1922 2475 Ochozim,
1980 2408 2086 2464 filii

445 2495 750 2552 Gotholias.
787 2500 842 2552 Is
869 2499 1077 2554 Joasus
1110 2516 1298 2554 annos
1329 2504 1505 2555 natus
1554 2504 1781 2570 septem
1839 2514 2086 2570 regnum

443 2584 508 2639 in
522 2585 755 2642 Judmos
768 2587 1467 2660 obtinuit,intcrfecitque
1481 2589 1810 2645 Gotholiam
1823 2587 2087 2660 impiam,

443 2675 684 2731 Achabo
716 2684 1083 2750 prognatam.
1120 2678 1274 2732 Vixit
1303 2678 1515 2734 Joades
1541 2694 1728 2733 annos
1762 2678 1883 2743 130,
1917 2683 1976 2731 et
2004 2693 2089 2731 se-

442 2761 643 2833 pultus
675 2770 762 2820 est
782 2766 844 2821 in
876 2784 1082 2839 regum
1114 2767 1404 2838 sepulcris
1425 2772 1668 2840 propter
1682 2772 2087 2822 conservatam

444 2859 623 2924 atque
654 2856 990 2912 restitutam
1028 2858 1358 2914 Davidicam
1391 2858 1757 2932 progeniem.
1818 2856 2089 2913 Gotholia

445 2947 826 3018 septennium
857 2948 1139 3021 regnavit.
1172 2950 1412 3005 Joasum
1442 2964 1709 3004 mensem
1741 2954 1947 3004 natum
1993 2947 2087 3002 Jo-

442 3036 584 3092 ades
621 3037 950 3093 abscondit.

514 3126 715 3199 Legati
746 3127 1083 3200 principum
1117 3128 1432 3201 Babylonis
1471 3127 1547 3185 ad
1576 3127 1883 3185 Ezechiam
1915 3143 2087 3182 vene-

439 3220 585 3269 runt
614 3222 1026 3286 percontatum
1058 3218 1130 3272 de
1162 3218 1468 3286 miraculo,
1503 3218 1662 3289 quod
1691 3218 1753 3273 in
1793 3217 1939 3273 00310
1999 3216 2083 3272 fa-

2196 617 2566 691 Σολομῶντος
2610 616 3005 695 πεφανέρωται.
3063 617 3327 689 Ἐπάταξε
3392 612 3449 672 δὲ
3506 615 3561 672 ἐν
3620 618 3837 695 Ἰσραὴλ

2202 708 2290 762 καὶ
2326 700 2776 778 Ἰεροϐοὰμ’Λσᾶ
2809 705 2943 779 μετὰ
2991 705 3169 783 φυλῆς
3221 705 3478 778 Βενιαμὶν
3520 707 3612 763 καὶ
3672 708 3840 766 Ἰούδα

2193 794 2547 857 πεντακοσίας
2586 790 2845 868 χιλιάδας
2908 791 3116 868 ἀνδρῶν
3171 793 3550 868 πολεμιστῶν.
3607 796 3712 853 Καὶ
3742 799 3837 854 οὖ.

2190 886 2436 961 κὲτιῇρε
2466 882 2710 964 κεφαλὴν
2766 883 2909 939 κατᾶ
2968 881 3150 941 Ἰούδα
3207 879 3500 958 Ἰεροϐοᾶμ
3558 886 3677 949 υἱὸς
3732 893 3842 945 Να-

2193 969 2315 1032 ϐάτ.

2261 1241 2385 1298 ’Ὁτι
2441 1237 2676 1315 ἀδελφαὶ
2735 1234 2901 1294 Δαϐὶδ
2975 1239 3181 1314 Σαραία
3245 1240 3332 1295 καὶ
3396 1234 3701 1315 Ἀϐιγαία,
3753 1242 3838 1296 καὶ

2189 1331 2259 1403 τῇ
2294 1329 2388 1402 μὶν
2444 1327 2687 1404 Σαρουίᾳ
2740 1328 2850 1383 υίοὶ
2895 1323 3109 1397 Ἀϐεσᾶ,
3168 1328 3258 1383 καὶ
3316 1322 3502 1399 Ἰωὰϐ,
3572 1327 3663 1384 καί
3715 1331 3838 1387 Ἀσ-

2193 1415 2334 1487 σαήλ
2369 1462 2385 1488 ,
2440 1420 2512 1493 τῇ
2597 1414 2655 1472 δὲ
2712 1412 2962 1492 Ἀϐιγαία
3046 1417 3164 1480 υίὸς
3230 1419 3458 1491 Ἀμεσᾶο
3514 1417 3674 1482 οὗτος
3742 1418 3840 1475 οὐκ

2192 1502 2386 1586 ἔφθασε
2414 1508 2552 1579 πρὸς
2583 1505 2710 1569 τούς
2740 1511 2885 1582 τρεῖς
2916 1503 3184 1571 δυνάστας
3211 1510 3306 1561 τοῦ
3337 1502 3525 1564 Δαϐίδ.

2259 1593 2733 1671 ’ὉτιὸῬουόεἰμ
2789 1596 3144 1671 πρωτότοκος
3197 1594 3270 1650 ὢν
3328 1594 3542 1667 ὲζὲπεσε
3598 1604 3700 1668 τῆς
3753 1597 3835 1654 εὖ-

2191 1683 2386 1761 λογίας
2434 1685 2525 1742 καὶ
2581 1690 2680 1741 τοῦ
2748 1685 3096 1761 ἀριθμεῖσθαι
3154 1687 3230 1750 ὡς
3275 1692 3591 1761 πρωτόκος,
3651 1683 3837 1755 ἐπειδὴ

2192 1770 2351 1847 ἀνέϐη
2385 1775 2461 1838 εἷς
2490 1776 2680 1847 κοίτην
2739 1775 2944 1850 πατρὸς
3002 1776 3192 1846 αὐτοῦ,
3260 1777 3350 1832 καὶ
3410 1773 3610 1835 Ἰακὼὸ
3650 1777 3679 1832 ὁ
3734 1798 3834 1832 πα-

2189 1865 2295 1938 τὴρ
2352 1862 2518 1920 αὐτοῦ
2603 1861 2804 1919 δέδωκε
2857 1868 2938 1938 τῷ
2976 1865 3201 1940 Ἰωσὴφ,
3253 1866 3320 1921 τὰ
3378 1862 3434 1921 δὲ
3489 1865 3833 1943 πρωτοτόκια

2195 1951 2399 2009 δέδωκε
2424 1954 2504 2027 τῷ
2535 1951 2734 2027 Ἰούδᾳ.

2264 2046 2386 2102 Ὅτι
2443 2041 2594 2119 λέγει
2650 2045 2685 2114 ἡ
2754 2040 2975 2119 δευτέρα
3029 2048 3135 2100 τῶν
3193 2043 3698 2121 Παραλειπομένων
3758 2046 3830 2118 μὴ

2196 2135 2332 2189 εἶναι
2364 2132 2415 2188 ἐν
2447 2137 2516 2207 τῇ
2550 2136 2719 2208 σκῆνῇ
2753 2132 2799 2189 εἷ
2823 2134 2899 2206 μή
2930 2135 3025 2196 τὰς
3053 2132 3264 2197 πλάκας
3302 2134 3491 2209 μόνον.

2264 2225 2388 2281 ’Ὁτι
2424 2219 2593 2280 Ιωδαέ
2651 2223 2679 2277 ὸ
2744 2223 3034 2302 ἀρχιερεὺς
3082 2224 3110 2280 ὁ
3168 2225 3405 2296 συνετὸς,
3461 2227 3562 2279 τοῦ
3626 2217 3837 2279 Δαϐιδι·

2193 2317 2292 2368 κοῦ
2325 2311 2635 2388 σπέρματος
2671 2309 2978 2385 ὀλλυμένου
3036 2312 3142 2368 ὕπὸ
3203 2311 3490 2383 Γοθολίας,
3549 2311 3844 2389 κατέκρυψε

2193 2405 2284 2458 τὸν
2314 2400 2543 2478 ἔσχατον
2575 2402 2691 2457 υἱὸν
2725 2402 2987 2479 Ὀχοζίου
3024 2407 3123 2459 τοῦ
3161 2404 3284 2459 υίοῦ
3314 2404 3482 2474 αὐτῆς
3529 2405 3623 2460 τὸν
3669 2403 3837 2469 Ἰωᾶς,

2195 2491 2254 2555 ὅς
2310 2492 2400 2547 καὶ
2474 2486 2815 2548 ἐϐασίλευσεν
2901 2491 2988 2547 ἐπὶ
3075 2490 3273 2562 Ἰούδα,
3324 2493 3459 2548 ἐτῶν
3517 2493 3647 2548 ὂντα
3690 2492 3838 2560 ἑπτὰ,

2194 2579 2286 2634 καὶ
2312 2576 2591 2634 ἀπέκτεινε
2632 2576 2897 2643 Γοθολίαν
2955 2580 3054 2647 τὴν
3109 2578 3316 2652 ἄνομον
3383 2580 3481 2647 τήν
3543 2579 3605 2636 ἐκ
3659 2581 3836 2653 γένους

2197 2662 2436 2747 Ἀχαάϐ.
2481 2670 2562 2742 Σῇ
2596 2665 2907 2729 δὲὸαύτὸς
2965 2665 3151 2725 ’Ῑωδαέ
3208 2667 3301 2740 ἔτη
3359 2666 3464 2744 ρλ’,
3522 2670 3615 2724 καὶ
3673 2667 3832 2742 ἑτάρη

2195 2756 2247 2812 ἐν
2285 2759 2477 2834 τάφοις
2523 2761 2632 2812 τῶν
2690 2754 2987 2832 βασιλέων,
3042 2752 3183 2812 διότι
3248 2757 3578 2828 ἀνεκτήσατο
3634 2756 3696 2811 τὸ
3739 2764 3833 2809 Aa-

2196 2841 2411 2902 δεδικὸν
2448 2844 2621 2921 γένος.
2679 2844 2964 2903 Βασιλεύει
2997 2842 3054 2901 δὶ
3084 2844 3317 2901 Γοθολία
3346 2844 3438 2917 ἔτη
3475 2846 3540 2919 ζ’,
3603 2844 3693 2901 καὶ
3746 2864 3830 2898 και

2193 2932 2552 3010 τακρύπτεται
2582 2933 2741 2997 Ἰωᾶις
2776 2934 2879 2989 ὑπὸ
2907 2930 3096 2993 Ἰωδαὶ
3128 2940 3406 3008 μηνιαῖος.

2264 3122 2380 3172 Ὅτι
2437 3117 2489 3172 οἱ
2549 3111 2903 3191 πρεσϐύτεροι
2982 3119 3090 3171 τῶν
3160 3115 3426 3190 ἆρ’χόντον
3509 3112 3838 3172 Βαϐυλῶνος

2193 3204 2365 3277 ἦλθον
2396 3206 2531 3280 πρὸς
2561 3205 2797 3274 Ἐζεκίαν
2848 3208 2945 3261 τοῦ
2997 3203 3253 3270 πυθὲσθαι
3310 3204 3435 3282 περὶ
3491 3208 3600 3260 τοῦ
3628 3200 3839 3278 τέρατος

440 3308 602 3358 ctum
627 3310 754 3359 erat
785 3305 908 3360 sole
940 3312 1097 3360 retro
1120 3324 1343 3361 averso.
1378 3308 1650 3362 Ezechias
1681 3324 1748 3362 eo
1781 3306 2079 3378 prmterito

2207 3301 2288 3351 τοῦ
2315 3294 2604 3373 γεγονότος
2661 3288 2714 3349 ἕν
2769 3299 2849 3350 τῶ
2907 3292 3117 3369 ούρανῷ
3177 3291 3231 3349 ἐν
3282 3297 3352 3369 τῇ
3407 3292 3718 3373 ἆναστροφῆ
3750 3293 3839 3344 τοῦ

438 3392 754 3448 thesauros
779 3393 864 3449 eis
893 3411 1032 3449 suos
1064 3395 1413 3467 divitiasque
1446 3400 1504 3451 et
1541 3412 1789 3468 regnum
1834 3395 2089 3451 demon-

442 3481 671 3538 stravit.
710 3483 1063 3539 Succensuit
1094 3486 1268 3547 Deus,
1300 3485 1678 3556 Ezechiaeque
1712 3483 1933 3540 malum
1973 3483 2089 3539 mi-

446 3578 622 3627 natus
654 3573 931 3643 est,quod
955 3573 1384 3637 tamen,habita
1411 3574 1644 3629 virtutis
1674 3574 1804 3646 ejus
1833 3572 2085 3641 ratione,

447 3659 520 3716 ab
552 3659 679 3733 ipso
711 3662 773 3716 in
803 3669 1073 3737 posteros
1104 3662 1427 3718 transtulit.

516 3842 817 3899 Manasses
847 3843 920 3899 ob
949 3843 1318 3915 impietatem
1351 3859 1518 3898 suam
1549 3841 1621 3898 ab
1661 3842 1903 3915 Assyrio
1950 3857 2087 3914 rege

444 3936 816 4003 captus,cum
848 3947 919 3986 ex
948 3933 1148 3987 animo
1179 3931 1558 4003 resipisceret
1586 3947 1654 3987 ac
1691 3936 1934 4003 peccata
1980 3946 2089 3985 sua

443 4019 890 4089 confiteretur,a
909 4023 1027 4077 Deo
1054 4023 1115 4076 in
1137 4038 1387 4094 regnum
1407 4020 1715 4077 restitutus
1728 4025 1818 4076 est
1838 4021 1889 4093 ej
1900 4037 2086 4092 usque

443 4109 727 4182 deinceps
757 4111 1055 4167 mandatis
1086 4112 1304 4183 paruit.

516 4294 584 4349 In
618 4298 972 4350 testamento
1030 4293 1290 4349 Ezechim
1348 4293 1505 4365 regis
1534 4291 1719 4361 Judm,
1776 4292 1860 4348 ait
1903 4291 2088 4348 Isaias

444 4384 753 4455 propheta,
787 4382 1219 4438 Antichristum
1252 4382 1576 4437 triennium
1612 4398 1679 4437 ac
1712 4397 1948 4438 menses
1991 4399 2084 4437 se-

441 4478 604 4543 ptem
622 4489 819 4528 rerum
834 4473 1319 4545 potiturum.quaa
1334 4472 1908 4528 estsummadierum
1927 4475 2082 4527 1290:

445 4561 547 4616 I2
569 4566 597 4617 Ι
628 4567 754 4617 tum
786 4578 854 4617 eo
888 4562 950 4617 in
985 4564 1294 4617 Tartarum
1334 4560 1565 4631 abjecto
1598 4567 1909 4618 venturum
1949 4562 2083 4617 uni-

2197 3382 2386 3455 ἡλίου.
2444 3385 2506 3442 Ὁ
2563 3381 2621 3439 δὲ
2664 3385 2826 3439 τοῦτο
2884 3381 3201 3459 περαλιπὼν
3259 3381 3565 3458 θησαυροὺς
3637 3384 3721 3457 [P.
3752 3379 3837 3451 68]

2196 3474 2288 3528 καὶ
2344 3472 2582 3529 πλοῦτον
2672 3472 2763 3527 καὶ
2849 3471 3127 3547 βασιλείαν
3200 3470 3382 3534 αὐτοῖς
3486 3469 3838 3528 ὑπεδείκνυεν.

2200 3563 2461 3638 Ὠργίσθη
2494 3559 2552 3616 δὶ
2581 3560 2780 3636 Κύριος
2813 3561 2841 3615 ὁ
2891 3563 3041 3631 Θεὸς,
3100 3562 3191 3618 καὶ
3246 3559 3515 3632 ἠπείλησε
3564 3565 3651 3635 τῷ
3699 3560 3840 3627 Ἐζε·

2197 3651 2308 3724 κίᾳ²
2369 3651 2523 3725 ὅμως
2612 3652 2905 3725 μετήνεγκε
2949 3653 3050 3721 τὴν
3110 3651 3282 3728 ὀργὴν
3342 3647 3431 3706 διὰ
3485 3651 3585 3721 τὴν
3649 3648 3840 3726 ἀρετὴν

2197 3741 2364 3798 αὐτοῦ
2403 3739 2490 3797 ἐπὶ
2518 3739 2645 3804 τοὺς
2679 3740 2980 3816 ἀπογόνους
3007 3741 3198 3797 αὐτοῦ.

2267 3837 2384 3886 Ὅτι
2444 3827 2535 3886 διὰ
2614 3831 2710 3895 τὰς
2785 3825 3032 3894 ἀσεϐείας
3091 3830 3257 3887 αὐτοῦ
3321 3835 3613 3896 Μανασσῆς
3668 3829 3837 3903 αἰχμ-

2199 3921 2413 3983 άλωτος
2439 3920 2638 3997 γίνεται
2699 3920 2803 3976 ὑπὸ
2861 3920 3080 3996 Ἀσσὺρ,
3137 3921 3228 3975 καὶ
3285 3917 3708 3997 ἑξομολογέἷται
3760 3918 3836 3986 τῷ

2198 4012 2387 4088 Κυρίῳ
2444 4009 2496 4066 ἐν
2559 4009 2812 4087 μετανοίᾳ
2866 4007 3090 4085 καρδίας
3143 4009 3329 4078 αὐτοῦ,
3387 4010 3479 4065 καὶ
3536 4006 3838 4086 ἐπιστρέφει

2197 4100 2357 4155 αὐτὸν
2391 4101 2419 4156 ὁ
2450 4101 2579 4162 Θεὸς
2611 4098 2700 4155 ἐπὶ
2730 4099 2829 4168 τῆν
2872 4098 3150 4174 βασιλείαν
3206 4097 3391 4170 αὐτοῦ,
3438 4099 3528 4154 καὶ
3562 4097 3733 4154 ἐποίει
3780 4092 3840 4148 τὸ

2198 4190 2345 4252 εὐθὶς
2377 4188 2606 4245 ἐνώπιον
2641 4189 2868 4263 Κυρίου.

2265 4282 2388 4336 ’Ὁτι
2418 4276 2469 4333 ἄν
2510 4281 2579 4352 τῇ
2635 4274 2869 4352 διαθήκῃ
2918 4275 3162 4347 Ἐζεκίου
3222 4275 3489 4353 βασιλέως
3519 4276 3699 4334 Ἰούδα
3755 4272 3838 4330 λέ-

2194 4390 2275 4444 γει
2332 4368 2556 4431 Ἠσαίας
2612 4367 2640 4422 ὁ
2697 4369 2988 4443 προφήτης
3062 4372 3327 4443 κρατῆσαι
3411 4368 3501 4422 τὸν
3562 4364 3839 4442 Ἀντίχθν

2196 4480 2322 4513 στον
2352 4455 2446 4528 ἔτη
2480 4458 2528 4534 γ’
2557 4456 2646 4513 καὶ
2683 4463 2859 4530 μῆνας
2904 4455 3059 4526 ἔπτὰ,
3111 4457 3372 4530 γινόμενα
3424 4454 3637 4530 ἡμέρας
3692 4450 3818 4528 ἀσιί

2196 4549 2299 4626 Καὶ
2358 4548 2493 4622 μετᾶ
2570 4547 2632 4603 τὸ
2716 4546 2807 4603 τὸν
2891 4545 3263 4621 Ἀντίχρισνον
3326 4545 3597 4622 βληθῆναι
3655 4545 3708 4603 ἑν
3762 4544 3839 4612 τῷ

439 4651 595 4706 versi
650 4651 967 4707 Dominum
1018 4652 1316 4707 Christum
1364 4652 1549 4706 Deum
1596 4658 1909 4716 nostrum;
1960 4651 2085 4706 lore

2207 4636 2464 4713 Ταρτάρῳ
2495 4634 2672 4691 ἐλθεῖν
2727 4633 2819 4691 τὸν
2877 4634 3154 4705 Δεσπότην
3209 4638 3316 4691 τῶν
3384 4632 3551 4705 ὅλων,
3601 4630 3838 4711 Χριστὸν

441 4745 568 4795 tum
598 4741 1099 4796 resurrectionem
1151 4758 1218 4796 ac
1266 4739 1420 4795 bene
1469 4740 1744 4812 maleque
1792 4740 2087 4796 factorum

2207 4727 2284 4782 τὸν
2319 4726 2448 4781 Θεὸν
2480 4727 2664 4799 ἡμῶν,
2709 4722 2955 4802 γενέσθαι
2997 4721 3055 4779 δὶ
3082 4723 3173 4780 καὶ
3230 4723 3516 4779 ἀνάστασιν
3572 4723 3662 4780 καὶ
3719 4719 3841 4776 ἀντ-

442 4829 1011 4901 compensationem.
1062 4830 1142 4884 De
1190 4828 1284 4884 his
1330 4828 1475 4900 ipsis
1523 4828 1804 4884 Danielus
1853 4844 2088 4901 quoque

440 4923 602 4975 vates
660 4918 935 4991 perhibet
990 4918 1052 4973 in
1104 4917 1331 4973 visione
1399 4932 1506 4973 sua
1562 4915 1654 4972 his
1724 4916 1919 4972 verbis
1993 4915 2087 4970 ‘5:

446 5029 475 5060 ‹‹
508 5007 636 5064 Dixi
667 5008 788 5063 viro
820 5012 977 5063 veste
995 5007 1156 5062 linea
1177 5006 1520 5078 induto,qui
1543 5023 1721 5079 super
1744 5021 1958 5078 aquam
1986 5005 2093 5061 ﬂu-

443 5096 521 5152 vii
540 5096 752 5152 stabat:
767 5095 1014 5162 Quando
1028 5095 1140 5150 erit
1156 5095 1291 5149 ﬁnis
1310 5094 1676 5150 mirabilium
1697 5094 1943 5150 istorum
1959 5109 2091 5165 quas

446 5186 701 5242 narrasti
727 5186 755 5241 ‘?
788 5189 840 5241 Is
869 5201 1083 5240 manus
1112 5200 1248 5239 suas
1280 5184 1355 5239 ad
1386 5183 1600 5240 caelum
1633 5183 1893 5248 sustulit,
1919 5184 2091 5253 jura-

447 5275 646 5344 vitque
674 5291 781 5345 per
809 5291 943 5329 eum
969 5274 1071 5344 qui
1104 5273 1533 5344 sempiternum
1556 5272 1848 5338 vivit,fore
1880 5273 1939 5327 id
1962 5277 2095 5343 post

447 5368 1071 5433 tempus,tempora.ac
1096 5360 1412 5416 dimidium
1436 5360 1739 5433 temporis.
1759 5359 1967 5415 Audivi
1987 5377 2092 5433 ego

443 5459 502 5506 et
530 5452 798 5506 intellexi
820 5468 887 5507 ac
909 5452 1029 5507 dixi
1061 5467 1073 5505 :
1107 5452 1171 5505 Et
1189 5450 1331 5522 quid
1355 5451 1470 5506 erit
1487 5457 1815 5506 extremum
1838 5449 2046 5505 horum
2066 5448 2095 5503 ‘I

444 5539 756 5613 respondit
784 5557 796 5595 :
827 5542 875 5595 A
906 5545 1173 5611 tempore
1195 5539 1499 5596 immutati
1519 5538 1787 5596 continui
1818 5536 2095 5595 sacrificii

515 5720 562 5764 1'3
590 5722 736 5779 Dan.
768 5719 847 5793 x1,
878 5736 974 5781 xu.

2196 4811 2456 4870 αποδοσιν
2515 4813 2702 4869 καλῶν
2793 4832 2853 4867 τε
2911 4811 3003 4867 καὶ
3060 4815 3258 4867 κακῶν.
3320 4813 3453 4888 Περὶ
3506 4815 3615 4868 τῶν
3665 4810 3840 4867 αὐτῶν

2199 4901 2258 4959 δὶ
2311 4902 2402 4960 καὶ
2452 4905 2481 4959 ὁ
2540 4903 2831 4983 προφήτης
2890 4902 3096 4971 Δανιὴλ
3153 4899 3205 4956 ἐν
3278 4905 3347 4976 τῇ
3405 4900 3637 4973 ὀπτασίᾳ
3695 4896 3839 4971 Λέγει

2200 4992 2517 5069 ἑωρακέναι,
2546 4992 2636 5048 καὶ
2675 4991 2861 5072 φησίν.
2898 5015 2926 5042 ‹‹
2987 4991 3158 5048 Εἶπον
3214 4995 3295 5064 τῷ
3359 4988 3515 5067 ἀνδρῖ
3570 4995 3649 5063 τῷ
3706 4983 3842 5044 ἐνδε-

2202 5081 2420 5158 δυμὲνῳ
2479 5083 2542 5138 τὸ
2603 5078 2816 5157 βαδδὶν,
2875 5080 2934 5142 ’ὀς
2990 5082 3056 5149 ἦν
3117 5078 3294 5135 ἐπάνω
3352 5083 3449 5136 τοῦ
3505 5077 3697 5143 ὕδατος
3751 5075 3847 5130 τοῦ

2200 5176 2475 5246 ποταμοῦ⁹
2523 5172 2669 5232 Ἕως
2726 5169 2858 5226 πότε
2910 5169 2973 5224 τὸ
3033 5170 3198 5243 πέρας
3255 5173 3363 5224 τῶν
3433 5169 3745 5242 θαυμασίων
3773 5163 3845 5218 ὧν

2204 5260 2428 5339 εἷ’ρηκας
2471 5260 2617 5330 ;Καῖ
2649 5258 2805 5334 ὕψωσ
2858 5259 2953 5320 τὰς
3008 5264 3200 5333 χεῖρας
3261 5257 3426 5314 αὐτοῦ
3475 5258 3553 5322 εἷς
3610 5258 3700 5315 τὸν
3754 5251 3847 5308 οὐ-

2204 5354 2385 5426 ρανὸν,
2443 5350 2533 5406 καὶ
2613 5349 2826 5423 ὤμοσεν
2873 5347 2924 5403 ἐν
2978 5352 3059 5403 τῶ
3116 5352 3281 5419 ζῶντι
3339 5348 3417 5410 εἷς
3471 5348 3599 5411 τοὺς
3655 5345 3848 5402 αἰῶνας

2203 5442 2287 5499 ὅτι
2320 5442 2398 5504 εἰς
2428 5441 2616 5518 καιρὸν
2647 5441 2737 5496 καὶ
2779 5441 3001 5515 καιροὺς
3059 5439 3149 5494 καὶ
3215 5437 3423 5513 ἥμισου
3480 5442 3698 5513 καιροῦ.
3753 5429 3847 5488 Καὶ

2203 5531 2312 5609 ἐγὼ
2337 5530 2552 5603 ἤκουσα
2586 5530 2678 5586 καὶ
2709 5536 2917 5602 συνῆκα
2943 5529 3032 5585 καὶ
3075 5528 3250 5587 εἶπον.
3313 5529 3413 5587 Καὶ
3476 5528 3525 5585 τί
3552 5529 3619 5585 τὰ
3649 5526 3846 5607 ἔσχατα
