4094 6292
297 391 422 452 153

1447 383 1994 446 HISTORIARUM
2041 385 2594 452 COMPENDIUM.

3603 393 3716 451 154

293 519 676 591 τούτουςΚαὶ
741 520 902 589 eius;
966 515 1102 572 Ἀπὸ
1160 517 1353 587 καιρού
1411 512 1805 590 παραλλάξεως
1851 518 1951 570 τοῦ

2081 519 2366 590 piaculum
2390 521 2786 578 abominabile
2820 519 3106 578 vastitatis
3130 520 3384 588 dabitur,
3430 537 3536 595 per
3588 521 3714 577 dies

296 607 730 686 ἰνδελεχισμοῦ,
789 606 878 662 καὶ
962 603 1190 674 δοθῆναι
1278 601 1563 680 βδέλυγμα
1626 602 1960 680 ἐρημώσεως

303 701 519 776 ⁴ἴχμέρςιις
572 697 725 776 ιασῑςο
786 697 874 752 καὶ
947 698 1208 769 μακᾶριος
1260 693 1288 746 6
1344 694 1626 768 ὑπομένων
1680 693 1770 748 καὶ
1826 693 1960 770 φθά-

313 810 410 850 σας
440 785 650 862 ἡμέρας
681 783 860 861 γατλεῆ

379 876 756 933 Ὀτιίπῖτῶν
786 874 1002 950 χρόνων
1068 875 1260 946 Ἀμίὒς
1326 868 1596 944 βασιλέως
1657 866 1837 927 Ἰούδα
1894 871 1961 926 τὰ

305 968 436 1042 περὶ
487 973 586 1036 τῆς
657 962 815 1020 Νιναΐ
867 961 1312 1040 προφητευοέντα
1366 961 1502 1016 κατᾶ
1564 960 1692 1022 τοὺς
1733 959 1964 1036 χρόνους

305 1059 538 1118 τούτους
567 1053 730 1131 πέρας
765 1049 945 1128 ἓσχεν.
1007 1054 1232 1127 Ἱστορεῖ
1289 1047 1346 1105 δὲ
1405 1051 1672 1120 Ἰώσηπος
1731 1047 1782 1103 ἐν
1813 1053 1894 1121 τῷ
1916 1050 1963 1103 θ’

304 1155 410 1218 τῆς
443 1143 865 1221 Ἀρχαιολογίας
913 1143 1008 1198 τὸν
1067 1143 1248 1199 Ἰωνᾶν
1306 1137 1678 1204 καταποθέντα
1731 1137 1837 1194 ὐπὸ
1865 1143 1962 1194 τοῦ

305 1240 513 1308 κήτους
547 1236 680 1308 μετᾶ
725 1239 873 1306 τρεῖς
918 1233 1130 1306 ἡμέρας
1168 1231 1260 1286 καὶ
1312 1235 1458 1306 τρεῖς
1511 1230 1705 1292 νύκτας
1763 1223 1961 1302 ὶκϐρα-

307 1330 504 1397 σθῆναι
528 1330 703 1396 ζῶντα
730 1322 784 1379 ἐν
816 1327 898 1395 τῷ
928 1322 1163 1395 Εὐξείνῳ
1193 1321 1398 1392 πόντῳ.

382 1419 525 1473 ’Λπο
553 1419 651 1471 τοῦ
681 1415 730 1490 γ’
765 1408 988 1489 βιϐλίου
1015 1417 1116 1480 τῆς
1168 1407 1607 1488 Ἀρχαιολογίας
1665 1409 1959 1480 Ἰωσήπου,

303 1506 396 1561 δτι
441 1503 528 1558 ἐάν
585 1523 668 1564 τις
729 1501 1006 1574 ὑπονοήσῃ
1063 1502 1170 1554 τῶν
1232 1493 1501 1570 Ἐϐραίων
1563 1500 1960 1572 μεμοιχεῦσθαι

309 1595 483 1649 αὐτοῦ
510 1595 606 1661 τήν
651 1597 902 1667 γυναῖκα,
971 1589 1190 1662 κομίζει
1243 1589 1447 1662 κριθῶν
1506 1585 1739 1661 ἀλεύρου
1793 1586 1961 1641 ἀσσάο

309 1703 485 1758 ρωνα,
517 1683 607 1737 καὶ
643 1681 769 1754 μίαν
799 1680 968 1748 αὐτῆς
1021 1674 1190 1754 δράκα
1219 1672 1568 1737 ἐπιϐαλόντες
1611 1681 1690 1748 τῷ
1734 1681 1850 1747 Θεῷ
1898 1677 1961 1731 τὸ

307 1772 513 1827 λοιπὸν
540 1775 658 1833 τοῖς
687 1769 884 1844 ίερεῦσι
915 1764 1157 1822 διδόασιν
1191 1765 1266 1828 είς
1324 1766 1552 1840 τροφήν.
1608 1765 1722 1835 Τὴν
1781 1762 1838 1819 δὲ
1865 1787 1960 1838 γυ-

301 1869 470 1919 ναῖκα
526 1864 723 1933 στήσας
782 1861 809 1915 6
867 1857 1039 1935 ίερεὸς
1105 1857 1243 1912 κατὰ
1291 1856 1386 1919 τὰς
1445 1854 1625 1921 πύλας
1677 1855 1815 1929 πρὸς
1867 1855 1958 1910 τὸν

301 1951 472 2020 νεὼν,
503 1954 591 2006 καὶ
621 1953 720 2021 τήν
769 1947 1014 2027 κεφαλὴν
1081 1945 1247 2016 αὐτῆς
1301 1946 1614 2021 γυμνώσας,
1671 1945 1959 2020 ὲπιγράωει

293 2046 406 2099 τοῦ
461 2045 594 2096 Θεοῦ
676 2040 777 2108 τήν
860 2034 1226 2113 προσηγορίαν
1307 2032 1550 2114 διφθέρᾳ.
1628 2032 1852 2091 Κελεύει
1905 2030 1961 2088 δὲ

301 2130 530 2204 ὀμνύειν
593 2125 763 2202 μηδὲν
820 2124 1062 2197 ἡδικέναι
1123 2123 1244 2200 περὶ
1301 2126 1395 2179 τὸν
1462 2120 1647 2196 ἄνδρα.
1711 2117 1964 2199 Παραϐἆ-

299 2242 402 2277 σαν
458 2219 516 2276 δὲ
567 2221 628 2275 τὸ
680 2223 918 2295 σῶφρον,
965 2221 1061 2271 τού
1121 2213 1295 2288 δεξιοῦ
1356 2213 1583 2276 σκέλους
1637 2214 1700 2268 τὸ
1763 2212 1960 2289 ἄρθρον

303 2310 569 2385 ἔξαρθρον
607 2307 876 2383 γενέσθαι,
928 2305 1018 2360 καὶ
1068 2306 1171 2375 τήν
1227 2305 1458 2381 γαστέρα
1517 2308 1828 2372 πρισθεῖσαν
1871 2299 1964 2357 οὗ·

302 2424 418 2463 τως
448 2401 749 2457 αποθανεῖν.
803 2399 924 2456 Ἐάν
964 2399 1022 2452 ὖὲ
1059 2397 1161 2452 ὑπὸ
1219 2394 1437 2452 πολλοῦ
1494 2390 1696 2470 ἔρωτος
1741 2396 1963 2460 καὶτῆς

304 2492 508 2547 τούτου
550 2488 886 2561 ζηλοτυπίας
947 2487 1289 2562 προπετῶςὸ
1329 2486 1464 2560 ἀνῆρ
1524 2483 1614 2540 διά
1670 2487 1770 2554 τὴν
1827 2485 1963 2540 ὑπό-

301 2601 459 2635 νοιαν
516 2578 601 2650 εἴη
662 2578 1039 2650 κεκινημένος,
1095 2576 1228 2648 μηνὶ
1282 2572 1490 2646 δεκάτῳ
1545 2575 1786 2650 γενέσθαι
1835 2594 1963 2628 παι-

309 2667 430 2724 δίον
460 2667 619 2745 ἅρῥεν
661 2667 820 2740 αὐτῇ.
880 2669 1002 2723 Τῶν
1065 2663 1122 2720 δι
1177 2664 1353 2738 ὅρκων
1409 2663 1830 2734 τελειωθέντων,
1860 2665 1961 2733 τῆς

305 2757 566 2837 δισθέρας
619 2754 924 2829 ἀπαλείψας
979 2759 1245 2828 τοῦνομα,
1306 2754 1381 2816 είς
1441 2751 1645 2827 φιάλην
1706 2752 1956 2823 ἐκπιέζει.

305 2847 696 2923 Προσκομίσας
729 2843 786 2901 δὲ
816 2846 876 2900 ὲκ
898 2851 996 2914 τῆς
1021 2848 1118 2900 τοῦ
1156 2841 1305 2919 ίεροῦ
1361 2847 1462 2918 γῆς
1521 2841 1574 2897 εἶ’
1631 2864 1682 2898 τι
1723 2841 1957 2916 προστύ-

300 2937 545 3015 χοι,καῖ
593 2933 928 3001 καταπάσας,
959 2934 1161 2990 ἐκπιεῖν
1225 2931 1466 2991 δίδωσιν.
1525 2934 1588 2988 Ἠ
1643 2929 1700 2988 δὲ
1756 2933 1802 2988 εἶ
1867 2935 1961 3006 μὲν

303 3025 510 3088 ἀδίκως
560 3025 847 3096 ἐνεκλήθη,
878 3023 1130 3099 ἐγκύμων
1189 3043 1248 3078 τε
1303 3023 1506 3098 γίνεται
1563 3023 1654 3078 καὶ
1708 3020 1962 3099 τελεσφο-

307 3122 488 3191 ρεῖται
524 3115 664 3171 κατὰ
689 3116 792 3183 τήν
820 3121 1069 3190 γαστέρα.
1105 3117 1185 3188 [Ρ.
1229 3115 1318 3187 69]
1381 3111 1703 3187 Ψευσαμένη
1765 3110 1821 3168 δὲ
1869 3113 1960 3168 τὸν

2073 612 2229 674 1290,
2286 617 2346 666 et
2395 611 2537 668 felix
2582 614 2684 685 qui
2741 613 3090 686 perdurahit
3167 629 3234 669 ac
3286 614 3590 685 perveniet
3645 612 3720 668 ad

2073 699 2199 756 dies
2234 704 2388 757 1335.

2143 885 2358 939 Amoso
2387 883 2658 939 Judaeum
2688 900 2934 957 regnum
2956 889 3218 956 gerente,
3242 887 3566 940 evenerunt
3587 901 3717 956 qum

2071 971 2141 1027 de
2165 972 2368 1028 Ninive
2416 973 2699 1045 praedicta
2757 974 3010 1029 fuerant.
3072 975 3280 1028 Narrat
3330 978 3528 1029 autem
3555 975 3719 1028 Josc-

2071 1063 2223 1132 phus
2283 1063 2434 1117 libro
2485 1065 2852 1134 Antiquitatis
2907 1063 3152 1118 Iudaicae
3210 1080 3394 1132 nono,
3441 1064 3650 1118 Ionam
3685 1080 3719 1118 a

2071 1158 2198 1208 ceto
2231 1152 2586 1224 deglutitum
2614 1157 2746 1224 post
2768 1158 2888 1208 tres
2917 1152 3042 1208 dies
3101 1152 3468 1224 totidemque
3515 1158 3717 1208 noctes

2069 1241 2261 1296 vivum
2293 1241 2550 1312 ejectum
2581 1240 2764 1296 fuisse
2795 1241 2858 1296 in
2899 1241 3122 1297 Euxino
3153 1241 3325 1296 mari.

2141 1421 2219 1475 De
2249 1421 2424 1476 tertio
2457 1420 2606 1476 libro
2635 1419 2904 1493 ejusdem
2932 1421 3160 1492 operis:
3187 1422 3243 1476 Si
3275 1421 3408 1492 quis
3441 1420 3718 1476 Hebrazus

2068 1527 2316 1566 uxorem
2340 1527 2506 1566 suam
2526 1511 2918 1567 adulteratam
2941 1511 3721 1582 suspicatur,isfarinznhor-

2069 1589 2299 1646 deaceaa
2315 1609 2654 1648 assaronem
2675 1593 2746 1648 ad
2773 1593 3137 1649 sacerdotem
3159 1593 3327 1647 atlert
3345 1611 3358 1658 ;
3377 1593 3548 1664 cujus
3569 1609 3721 1647 unus

2070 1681 2327 1753 pugillus
2346 1681 2406 1737 in
2425 1697 2588 1737 aram
2604 1683 2703 1736 Dei
2731 1682 3066 1752 conjicitur,
3086 1680 3378 1751 reliquum
3401 1680 3721 1735 sacerdoti-

2067 1768 2178 1824 bus
2201 1770 2374 1825 datur
2395 1771 2467 1826 ad
2490 1772 3037 1827 victum.Mulierem
3063 1777 3258 1826 autem
3284 1771 3560 1826 sacerdos
3583 1787 3724 1825 con-

2073 1859 2263 1913 stituit
2286 1860 2359 1914 ad
2391 1860 2878 1932 portam.templi.
2913 1860 3133 1915 nudato
3167 1861 3296 1932 ejus
3329 1860 3541 1932 capite.
3575 1861 3721 1914 Tum

2073 1965 2291 2004 nomen
2313 1949 2415 2005 Dei
2441 1949 2500 2004 in
2519 1949 2927 2005 membranam
2952 1949 3542 2021 inscribit,jubetque
3572 1951 3606 2003 Ι
3622 1949 3720 2005 22

2076 2038 2390 2094 mulierem
2415 2039 2621 2110 jurare
2672 2056 2732 2094 se
2767 2039 2944 2096 fidem
2978 2040 3186 2095 marito
3212 2056 3498 2108 servasse,
3527 2055 3721 2110 neque

2075 2128 2423 2200 pudicitiam
2454 2130 2822 2203 negligenter
2852 2131 3130 2186 habuisse
3166 2148 3178 2184 :
3215 2131 3262 2185 si
3295 2145 3464 2185 secus
3493 2129 3721 2190 fecerit.

2077 2218 2388 2290 imprecari
2413 2220 2524 2275 sibi
2547 2225 2612 2275 ut
2632 2237 2766 2276 crus
2799 2237 2972 2276 suum
2995 2219 3268 2275 dextrum
3317 2218 3554 2273 luxelur
3583 2237 3722 2274 ven-

2077 2313 2282 2380 treque
2315 2315 2592 2381 crepante
2612 2310 2920 2365 moriatur.
2942 2308 3107 2375 Quod
3139 2309 3186 2363 si
3205 2309 3290 2362 vir
3310 2308 3494 2362 nimio
3519 2325 3718 2363 amore

2074 2400 2311 2456 adhanc
2335 2401 2712 2456 temerariam
2753 2400 3242 2457 obtrectationem
3291 2397 3715 2470 fueritprolap~

2075 2507 2196 2556 sus,
2226 2489 2596 2562 ipsadecimo
2622 2495 2755 2562 post
2786 2507 2987 2546 mense
3011 2488 3338 2545 masculum
3369 2487 3576 2559 pariat.
3620 2488 3715 2543 Ju-

2073 2585 2343 2634 ramento
2372 2584 2608 2650 peracto
2636 2595 2855 2634 nomen
2891 2579 2992 2634 Dei
3043 2596 3077 2634 a
3133 2577 3482 2633 membrana
3535 2576 3711 2641 delet,

2074 2684 2324 2739 eamque
2343 2668 2402 2723 in
2436 2675 2696 2739 pateram
2721 2667 3020 2740 exprimit,
3046 2666 3464 2738 pulveremque
3488 2665 3716 2736 templi,

2073 2757 2134 2811 in
2183 2774 2364 2828 quam
2421 2757 2571 2812 forte
2616 2757 2846 2825 incidit,
2905 2756 3212 2828 inspergit,
3269 2753 3716 2824 bibendumque

2073 2847 2309 2903 mulieri
2345 2846 2600 2902 exhibet.
2646 2849 2744 2910 Ea,
2796 2845 3088 2917 siquidem
3139 2847 3346 2900 insons
3378 2850 3486 2908 est,
3533 2844 3714 2898 fetum

2072 2937 2328 3007 concipit
2359 2953 2426 2992 ac
2457 2953 2563 2992 suo
2596 2942 2862 3008 tempore
2893 2937 3036 3008 pari!
3060 2952 3078 2989 :
3111 2935 3269 3006 quod
3311 2935 3358 2989 si
3380 2935 3502 2988 viro
3541 2933 3717 2987 ﬁdem

2068 3026 2281 3081 fefellit
2310 3042 2376 3080 ac
2406 3027 2522 3081 Deo
2542 3025 2846 3097 pejeravit,
2870 3025 3026 3096 turpi
3050 3030 3238 3079 morte
3270 3039 3340 3079 ea
3360 3023 3717 3094 perit,crure

2071 3113 2378 3170 excidente
2411 3119 2468 3168 et
2495 3119 2692 3168 ventre
2725 3130 2879 3185 aqua
2899 3114 3190 3169 intercute
3221 3111 3501 3167 distento.

311 3204 479 3280 ἄνδρα
517 3203 605 3260 ἐπὶ
629 3210 746 3267 τοῖς
776 3204 980 3281 γάμοις
1023 3201 1232 3258 καὶτὸν
1281 3203 1409 3258 Θεὸν
1463 3202 1550 3258 ἐπὶ
1583 3208 1697 3265 τοῖς
1729 3201 1912 3277 ὅρκοις
1974 3203 2088 3275 μετ’
2141 3201 2411 3278 αἰσχύνης
2461 3199 2812 3281 καταστρέφει
2868 3203 2961 3257 τὸν
3024 3202 3164 3277 βίον,
3213 3197 3310 3256 τοῖ’)
3373 3221 3432 3256 τε
3490 3196 3715 3260 σκέλους

313 3292 620 3355 ὶκπεσόντος
651 3293 822 3358 αὐτῆς
853 3292 943 3347 καὶ
973 3293 1071 3363 τήν
1104 3291 1317 3347 κοιλίαν
1352 3289 1542 3367 ὑδέρου
1571 3285 2006 3354 καταλαϐόντος.

386 3394 525 3450 Ἀπὸ
547 3388 763 3463 βιϐλίου
796 3395 1055 3464 τετάρτου
1093 3397 1190 3446 τοῦ
1219 3389 1408 3456 αὐτού,
1436 3393 1522 3447 ὅτι
1561 3390 1666 3446 ἀπὸ
1700 3387 1956 3468 ἀμυγδα-

2141 3394 2222 3450 De
2254 3399 2462 3466 quarto
2493 3394 2645 3450 libro
2678 3393 2946 3468 ejusdem
2973 3411 2985 3448 :
3033 3393 3105 3450 de
3164 3395 3374 3450 arbore
3406 3389 3715 3464 amygdalo

315 3483 424 3552 λῆς
454 3479 611 3552 ούσης
638 3489 740 3553 τῆς
771 3477 978 3557 ῥάϐδου
997 3482 1205 3556 Ἀαρὼν
1226 3478 1522 3558 ἀμύγδαλα
1551 3481 1642 3536 καὶ
1673 3481 1724 3536 οἱ
1755 3481 1954 3555 καρποὶ

312 3571 390 3648 ὠρ
403 3571 599 3638 άθησαν
608 3615 620 3628 .

378 3663 500 3719 Ὅτι
559 3662 680 3717 ’ὅσοι
763 3660 822 3716 ἃν
885 3659 1108 3723 ἑαυτοὺς
1159 3664 1482 3735 καθιερῶσιν
1536 3660 1674 3736 εὖχή
1722 3680 1960 3731 πεποιη-

305 3750 490 3825 μένοι,
523 3755 811 3826 Ναζιραῖοι
843 3749 995 3806 οὗτοι
1025 3748 1344 3819 καλοῦνται,
1369 3755 1649 3824 κομῶντες
1686 3749 1775 3806 καὶ
1816 3749 1957 3805 οἶνον

303 3843 384 3915 μή
441 3840 900 3920 προσφερόμενοι.
981 3842 1222 3902 Τούτους
1290 3838 1368 3910 δὲ,
1431 3840 1556 3896 ὅταν
1610 3840 1706 3903 τὰς
1761 3839 1958 3918 τρίχας

297 3929 599 4004 ἀφιερῶσιν
632 3928 721 3983 ἐπὶ
755 3927 912 4000 θυσίᾳ
948 3948 1008 3984 τε
1049 3925 1219 4004 δρῶσι
1272 3929 1366 3993 τάς
1421 3929 1641 4005 κουρὰς,
1699 3928 1954 4002 νέμεσθαι

296 4019 439 4092 πρὸς
472 4019 601 4080 τοὺς
634 4018 829 4092 ἱερέας.
865 4019 967 4075 Καὶ
1026 4018 1078 4073 οῖ
1135 4012 1341 4093 κορϐᾶν
1399 4018 1595 4082 αὐτοὺς
1653 4017 1959 4092 ὀνομάσαν-

301 4127 391 4168 τες
422 4111 504 4178 τῷ
533 4111 652 4180 Θεῷ
708 4104 906 4182 (δῶρον
961 4104 1018 4162 δὲ
1073 4111 1235 4163 τοῦτο
1290 4107 1564 4182 σημαίνει)
1627 4106 1955 4184 βουλόμενοι

302 4198 558 4274 ἀφίεσθαι
587 4205 686 4268 τῆς
711 4196 1074 4275 λειτουργίας,
1118 4204 1235 4260 τοῖς
1303 4199 1502 4270 ἱερεῦσι
1533 4193 1857 4254 καταϐαλεῖν
1891 4199 1954 4254 τὸ

299 4287 589 4362 ἀργύριον,
649 4288 906 4364 γυναικὸς
970 4288 1064 4362 μὲν
1122 4288 1416 4362 τριάκοντα
1470 4286 1716 4364 σίγλους,
1771 4284 1960 4365 ἀνδρὸς

303 4373 366 4431 δὲ
396 4379 756 4447 πεντήκοντα.

375 4467 502 4523 Ὀτι
534 4466 756 4522 Βαλαᾶκ
784 4466 960 4521 πεσὼν
1003 4463 1090 4521 ἐπὶ
1134 4467 1310 4538 στόμα
1338 4467 1406 4522 τὰ
1437 4468 1584 4540 πάθη
1633 4463 1962 4545 προῦλεγεν,

303 4557 408 4610 ὅσα
439 4575 499 4610 τε
530 4557 839 4630 βασιλεῦσιν
873 4551 1021 4611 ἔσται
1047 4556 1136 4610 καὶ
1193 4556 1293 4611 ὅσα
1348 4555 1540 4612 πόλεσι
1574 4562 1693 4619 ταῖς
1754 4556 1969 4628 ἀξιολο,

296 4643 710 4722 γωτάταις,ὦν
753 4642 916 4707 ἐνίαις
975 4642 1102 4700 ούδὶ
1158 4645 1431 4700 οῗκεῖσθαί
1490 4667 1608 4709 πως
1686 4642 1966 4705 συνέϐαινε

2065 3483 2180 3539 fuit
2208 3485 2367 3558 virga
2405 3486 2677 3555 Aaronis,
2711 3485 2965 3558 ideoque
2998 3491 3056 3543 et
3081 3485 3426 3559 amygdalas
3455 3483 3719 3557 proferre

2068 3571 2192 3627 visa
2222 3571 2350 3626 fuit.

2138 3660 2247 3726 Qui
2273 3666 2403 3716 voto
2435 3666 2721 3734 concepto
2755 3662 2982 3736 seipsos
3009 3663 3125 3718 Deo
3157 3665 3529 3724 consecrant,
3561 3660 3719 3715 Nazi-

2067 3750 2169 3804 rmi
2203 3749 2618 3822 appellantur;
2650 3751 2828 3824 hique
2880 3769 3110 3808 comam
3159 3751 3328 3807 alunt
3358 3756 3416 3805 et
3445 3751 3578 3804 vino
3609 3749 3712 3804 ab-

2070 3841 2310 3895 stinent.
2349 3840 2416 3894 Hi
2451 3857 2585 3895 cum
2605 3857 2834 3896 comam
2859 3840 3128 3908 tondent,
3155 3840 3446 3896 sacrificio
3476 3838 3711 3894 adhibi-

2069 3934 2128 3984 to
2159 3945 2289 3984 eam
2318 3930 2435 3984 Deo
2467 3930 2745 3999 offerunt,
2779 3929 3151 3986 sacerdotum
3186 3931 3384 4001 opera.
3419 3930 3487 3983 Et
3517 3927 3617 4000 qui
3649 3943 3708 3982 se

2067 4019 2186 4073 Deo
2217 4017 2458 4073 domum
2492 4019 2729 4090 (Corban
2760 4019 2818 4074 id
2847 4018 3132 4074 Hebraice
3192 4017 3428 4090 dicitur)
3477 4033 3707 4072 nuncu-

2067 4111 2232 4177 pant,
2267 4107 2304 4159 ii
2337 4106 2386 4160 si
2435 4105 2675 4160 liberari
2732 4106 2927 4162 ofﬁcio
2979 4105 3177 4173 velint,
3233 4105 3546 4177 pecuniam
3607 4120 3707 4159 sa-

2067 4195 2407 4252 cerdotibus
2447 4195 2810 4268 dependunt,
2845 4195 3057 4251 mulier
3089 4195 3266 4250 siclos
3297 4196 3384 4262 30,
3417 4193 3506 4249 vir
3549 4193 3636 4246 50.

2139 4464 2421 4520 Balaacus
2443 4463 2503 4518 in
2530 4463 2740 4520 faciem
2773 4481 3026 4536 pronum
3049 4481 3110 4520 se
3143 4469 3415 4522 sternens
3445 4462 3718 4537 prmdixit

2075 4570 2204 4626 qua:
2254 4553 2622 4609 calamitates
2677 4555 2914 4627 regibus
2973 4561 3030 4609 et
3076 4555 3323 4611 urbibus
3379 4555 3714 4627 prmcipuis,

2076 4662 2327 4717 quarum
2360 4644 2631 4716 quaedam
2664 4650 2790 4701 tum
2847 4663 2921 4701 ne
2976 4646 3228 4703 habitari
3288 4647 3525 4718 quidem
3561 4647 3713 4702 I23

296 4735 408 4802 τὴν
449 4734 654 4810 ἀρχήν.
687 4732 935 4790 ’Υπέθετο
975 4730 1032 4789 δὲ
1061 4735 1149 4789 καὶ
1183 4735 1274 4789 τὸν
1331 4739 1439 4790 τῶν
1501 4733 1844 4794 Μαδιανιτῶν
1874 4738 1961 4794 καὶ

2081 4735 2341 4807 contigit,
2365 4741 2566 4791 essent
2598 4741 2891 4791 eventura:
2907 4779 2916 4791 .
2932 4736 3243 4792 Addiditet
3263 4737 3715 4793 Madianitarum

293 4825 398 4882 τὸν
432 4828 540 4878 τῶν
577 4818 940 4881 Μωαϐιτίδων
969 4828 1234 4900 γυναικῶν
1268 4822 1454 4881 δόλον.

381 4914 519 4970 Ἀπὸ
553 4909 778 4989 βιϐλίου
809 4915 846 4969 ε’
881 4918 979 4969 τοῦ
1036 4913 1228 4984 αύτοῦ,
1288 4914 1371 4969 ὅτι
1424 4915 1529 4990 οὐχ
1591 4916 1666 4980 ὡς
1693 4919 1728 4988 ἡ
1768 4918 1956 4998 Γραφὴ

303 5002 454 5080 ἔχει,
489 5004 660 5065 οὕτως
693 5003 961 5080 ἐξηγεῖται
993 5001 1260 5073 Ἰώσηπος
1291 5005 1356 5059 τὰ
1388 5006 1511 5080 περῖ
1543 5009 1806 5080 Σαμψών.
1836 5009 1957 5065 Ὀτι

307 5096 411 5164 μὲν
443 5095 548 5169 γάρ
579 5088 704 5148 ὄνου
750 5093 964 5170 σιαγόνι
1026 5090 1248 5168 χιλίους
1297 5091 1595 5166 ἀπέκτεινε,
1657 5093 1824 5172 λέγει,
1877 5097 1960 5151 δτι

305 5179 371 5236 δὲ
401 5181 454 5250 ἐξ
486 5183 652 5248 αὐτῆς
678 5179 824 5256 ὕδωρ
864 5176 1113 5250 ἔϐλυσεν,
1145 5180 1208 5236 ού
1239 5180 1405 5256 λέγει,
1439 5183 1564 5240 ἀλλ’
1610 5183 1693 5240 ὅτι
1746 5183 1961 5258 μᾶλλον

302 5275 411 5326 τοῦ
449 5271 621 5326 τύπου
651 5271 938 5343 ἀνωνύμου
986 5271 1160 5342 ὄντος,
1220 5269 1278 5326 ἐκ
1325 5269 1422 5326 τοῦ
1479 5269 1788 5347 συμϐάντος
1842 5273 1964 5331 ἐπι-

303 5361 584 5431 κληθῆναι
617 5363 645 5416 6
678 5362 900 5436 σιαγών.
934 5362 1018 5434 Ἐξ
1068 5361 1231 5416 αὐτοῦ
1262 5358 1319 5416 δὲ
1375 5364 1556 5438 πηγήν
1616 5361 1963 5421 ἀναδοθεῖσαν

302 5453 447 5505 κατά
476 5470 622 5512 τινος
653 5447 874 5524 πέτρας,
915 5445 1100 5518 ἡδεῖαν
1165 5448 1256 5504 καὶ
1315 5448 1534 5519 πολλὴν
1568 5451 1723 5507 πόσιν
1784 5450 1964 5508 διδοῦ-

306 5559 408 5595 σαν
438 5541 661 5614 κορέσαι
688 5540 781 5595 τὸν
813 5539 1075 5613 Σαμψὼν,
1107 5538 1197 5594 καὶ
1248 5538 1394 5596 οὕτω
1453 5541 1619 5619 μέχρι
1677 5548 1774 5600 τοῦ
1807 5541 1966 5620 δεῦρο

305 5627 601 5688 καλεῖσθαι
635 5629 699 5684 τὸ
730 5627 962 5705 χωρίον.

384 5713 612 5776 Βιϐλίαν
647 5719 688 5791 ζ’
714 5721 812 5774 τοῦ
842 5718 1030 5789 αὐτοῦ,
1062 5717 1144 5776 ὅτι
1207 5714 1378 5776 Δαϐὶδ
1421 5719 1800 5800 -ὶκλαθόμενος
1859 5728 1966 5783 τῶν

2074 4831 2133 4882 et
2162 4825 2544 4881 Moabitidum
2575 4825 2896 4882 mulierum
2927 4826 3152 4882 dolum.

2140 4917 2220 4971 De
2248 4917 2455 4986 quinto
2484 4916 2752 4987 ejusdem
2797 4916 2947 4971 libro
2983 4932 2996 4970 :
3049 4917 3350 4972 Samsonis
3408 4916 3716 4972 historiam

2072 5004 2245 5061 aliter
2274 5011 2478 5060 narrat
2503 5007 2791 5076 Iosephus
2813 5022 2990 5077 quam
3025 5023 3206 5062 sacras
3255 5007 3508 5070 Litterae,
3541 5004 3722 5060 refert

2073 5095 2231 5150 enim
2262 5095 2334 5150 ab
2357 5111 2424 5150 eo
2468 5094 2710 5150 maxilla
2735 5095 2886 5151 asini
2945 5095 3110 5150 mille
3143 5097 3294 5151 viros
3346 5110 3566 5150 caesos:
3618 5092 3721 5149 sed

2073 5181 2135 5238 id
2166 5200 2286 5238 non
2319 5184 2519 5250 refert,
2544 5199 2615 5238 ex
2663 5199 2733 5238 ea
2761 5199 2977 5254 aquam
3011 5185 3297 5256 erupisse.
3361 5182 3470 5237 Sed
3524 5181 3720 5237 locum

2075 5271 2156 5326 ait
2189 5287 2322 5326 cum
2371 5276 2508 5326 ante
2569 5271 2810 5325 nomine
2861 5278 3108 5340 careret,
3170 5269 3464 5326 Maxillam
3523 5269 3595 5325 ab
3654 5286 3722 5325 eo

2072 5360 2227 5415 facto
2280 5359 2667 5432 appellatum,
2724 5377 2911 5431 eoque
2969 5359 3096 5415 loco
3155 5377 3224 5415 ex
3279 5377 3418 5415 saxo
3468 5360 3724 5432 quodam

2073 5450 2298 5505 fontem
2320 5465 2489 5521 aqua)
2535 5451 2808 5521 COpiosiaa
2858 5466 2926 5505 ac
2970 5449 3158 5505 dulcis
3203 5451 3518 5523 exstitisse,
3569 5450 3724 5506 unde

2078 5549 2239 5604 sitim
2272 5548 2517 5604 Samson
2573 5548 2935 5620 restinxerit,
2967 5549 3098 5606 loco
3156 5566 3376 5606 nomen
3429 5550 3724 5622 hodieque

2077 5651 2321 5694 manere
2334 5678 2347 5695 ο

2158 5726 2462 5800 Septimus
2493 5729 2762 5803 ejusdem
2794 5729 2967 5787 liber.
2999 5731 3252 5788 Davidus
3279 5730 3428 5804 legis
3476 5746 3582 5802 per
3610 5729 3726 5784 Mo-
