4094 6292
385 351 498 410 159

1747 338 2070 404 GEORGII
2112 339 2453 401 CEDRENI

3713 339 3825 397 £60

382 511 443 564 in
474 515 594 566 tota
619 526 752 565 mea
782 508 955 564 domo
986 507 1136 563 mihi
1167 506 1361 562 ﬁdelis
1390 509 1497 561 est.
1531 507 1675 561 Cum
1708 520 1774 560 eo
1818 503 2022 559 verba-

2146 514 2347 588 Κυρίῳ,
2381 513 2432 568 ἐν
2466 514 2698 589 ὁράματι
2758 513 2906 586 αὐτῷ
2961 512 3348 588 γνωσθήσομαι
3377 513 3480 567 καὶ
3543 511 3605 566 ἐν
3663 511 3816 584 ’ὐπνῳ

386 599 492 654 tim
525 616 593 655 ac
620 598 838 654 diserte
865 598 1093 670 loquar,
1122 605 1322 669 aperte
1355 603 1414 651 et
1443 614 1562 652 non
1594 611 1698 668 per
1727 595 2030 650 involucra

388 689 713 755 sermonis;
748 695 805 743 et
827 688 1073 762 gloriam
1103 688 1332 743 homini
1366 687 1527 742 vidit.
1552 688 1668 740 Cur
1688 687 1884 756 itaque
1908 701 2029 738 non

385 779 616 834 reveriti
641 779 786 835 estis
815 778 1037 834 famulo
1068 795 1200 834 meo
1234 778 1378 834 Mosi
1405 777 1696 849 obloqui?
1722 781 1911 846 Atque
1943 775 2031 830 ira

384 868 486 925 Dei
517 868 803 924 adversus
834 871 996 940 ipsos
1018 869 1356 936 excanduit,
1381 868 1571 939 iisque
1599 866 1890 938 degressis
1919 883 2029 921 nu-

380 957 486 1014 bes
518 975 552 1014 a
583 958 968 1014 tabernaculo
998 957 1166 1013 abiit.
1198 964 1392 1028 Atque
1425 973 1559 1012 ecce
1593 957 1831 1012 Mariam
1866 955 2031 1027 lepra

381 1048 462 1104 ita
493 1049 739 1105 obduxit
767 1055 833 1104 ut
862 1049 1010 1104 nivis
1043 1049 1230 1104 instar
1259 1049 1394 1104 alba
1423 1054 1597 1103 esset.
1633 1049 1816 1113 Quam
1849 1046 2027 1100 intui-

380 1145 475 1194 tus
507 1142 720 1208 Aaron,
751 1155 884 1193 cum
917 1138 1083 1210 lepra
1121 1139 1403 1194 infectam
1459 1143 1752 1204 cerneret,
1812 1137 1894 1191 ita
1942 1139 2031 1191 est

380 1229 599 1283 Mosem
631 1227 920 1284 allocutus
944 1245 956 1282 :
989 1228 1259 1294 Domine,
1292 1245 1502 1300 precor
1526 1245 1600 1282 ne
1625 1227 1736 1282 hoc
1758 1231 2031 1281 nostrum

375 1322 684 1387 pcccatum
710 1318 772 1372 in
797 1335 904 1372 nos
929 1318 1456 1382 animadvertatur,
1485 1316 1641 1388 quod
1672 1332 1779 1388 per
1802 1316 2030 1387 ignora-

381 1406 604 1461 tionem
633 1407 1064 1472 commisimus,
1099 1424 1174 1462 ne
1200 1407 1277 1462 sit
1307 1407 1485 1462 Maria
1516 1405 1731 1460 similis
1764 1403 2030 1458 cadaveri

383 1500 484 1550 aut
513 1495 774 1550 abortivo
806 1498 998 1567 partui
1027 1513 1039 1550 :
1074 1497 1290 1568 quippe
1323 1496 1570 1551 dimidia
1599 1512 1734 1567 pars
1763 1493 2032 1549 carnium

385 1587 512 1658 ejus
538 1587 852 1658 absumpta
884 1594 993 1643 est.
1029 1588 1391 1643 Vociferatus
1423 1604 1558 1660 ergo
1589 1592 1679 1642 est
1723 1587 1909 1640 Moses
1959 1584 2033 1660 ad

384 1656 722 1745 Dominum,
754 1656 1154 1750 llagitavitque
1185 1678 1270 1732 uti
1302 1695 1434 1733 eam
1464 1656 1618 1732 Deus
1651 1683 1906 1732 sanaret.
1929 1656 2035 1730 Cui

383 1766 687 1837 respondit
706 1767 860 1822 Deus
881 1785 894 1822 :
917 1770 1005 1822 An
1038 1783 1127 1833 ea,
1162 1767 1210 1822 si
1239 1767 1452 1822 faciem
1483 1767 1670 1839 ipsius
1693 1772 1860 1838 pater
1883 1766 2033 1822 I28

2139 603 2370 674 λαλήσω
2400 602 2568 676 αὐτῷ.
2601 601 2725 681 Οὐχ
2784 601 2957 664 οὕτως
3017 601 3093 664 ὡς
3122 601 3369 674 θεράπων
3403 621 3526 674 μου
3565 607 3819 670 Μωυσῆς

2139 691 2189 748 ἓν
2223 692 2340 765 ὅλῳ
2365 697 2447 765 τῷ
2476 690 2614 764 οἷ’κῳ
2657 713 2762 765 μου
2793 691 2984 754 πιστός
3033 690 3166 746 ἐστι.
3225 690 3410 764 Στόμα
3445 692 3606 765 πρὸς
3642 692 3823 763 στόμα

2137 780 2370 853 λαλήσω
2403 783 2569 854 αὐτῷ,
2619 780 2672 836 ἐν
2733 777 2864 836 ε’ἰδει
2917 781 3008 836 καὶ
3062 781 3124 836 οὐ
3185 778 3255 835 δι’
3304 780 3706 854 αἰνιγμάτων,
3739 779 3828 835 καὶ

2133 871 2232 939 τὴν
2267 867 2421 943 δόξαν
2451 869 2654 946 Κυρίου
2713 866 2847 926 εἶδε.
2903 871 2986 943 [Ρ.
3023 871 3113 943 72]
3173 869 3275 926 Καὶ
3338 865 3491 924 διατί
3559 868 3672 924 οὐκ
3703 867 3830 948 ἐφο-

2137 955 2346 1030 ϐήθητε
2428 956 2811 1025 καταλαλῆσαι
2891 957 3028 1013 κατᾶ
3111 961 3208 1013 τοῦ
3292 961 3651 1029 θεράποντος
3720 979 3827 1031 μου

2137 1052 2386 1118 Μωϋσῆ;
2444 1048 2536 1104 καὶ
2584 1048 2720 1125 ὀργῆ
2783 1050 2960 1120 θυμοῦ
3018 1046 3217 1124 Κυρίου
3276 1045 3358 1103 ἐπ’
3411 1046 3659 1110 αὐτούς.
3722 1047 3830 1103 Καὶ

2137 1138 2404 1211 ἀπῆλθον,
2437 1139 2526 1196 καὶ
2560 1141 2594 1210 ἡ
2626 1138 2828 1219 νεφέλη
2887 1137 3092 1211 ἀπέστη
3150 1137 3258 1195 ἀπὸ
3315 1146 3415 1209 τῆς
3450 1146 3713 1209 σκηνῆς,
3746 1139 3834 1194 καί

2137 1226 2256 1285 ίδοὺ
2327 1228 2506 1304 Μαρία
2573 1227 2830 1305 λεπρῶσα
2896 1229 3023 1284 ὡσεὶ
3099 1229 3267 1303 χιών.
3331 1228 3434 1287 Καὶ
3514 1225 3833 1302 ἐπέϐλεψεν

2137 1320 2351 1395 Ἀαρὼν
2379 1320 2517 1395 πρὸς
2543 1320 2795 1394 Μαριὰμ,
2848 1319 2938 1374 καὶ
3001 1315 3121 1374 ἲδοὺ
3176 1317 3455 1392 λεπρῶσα.
3518 1317 3632 1373 Καὶ
3686 1319 3832 1373 εἶπεν

2137 1410 2350 1484 Ἀαρὼν
2407 1411 2543 1484 πρὸς
2596 1411 2857 1478 Μωϋαῆν·
2919 1409 3144 1482 Δέομαι,
3204 1410 3394 1483 Κύριε,
3459 1410 3550 1482 μή
3603 1429 3830 1463 συνεπι-

2134 1502 2266 1574 τεθῇ
2297 1502 2432 1571 ἡμῖν
2470 1503 2506 1568 ἡ
2535 1499 2793 1573 ἁμαρτία,
2823 1496 2968 1554 διότι
3003 1499 3355 1575 ἠγνοήσαμεν
3387 1500 3601 1562 καθότι
3636 1499 3831 1573 ἡμάρ-

2136 1610 2323 1663 τομεν.
2359 1590 2454 1657 Μή
2485 1586 2707 1664 γένηται
2768 1588 2842 1650 ὡς
2899 1586 3014 1643 ἴσον
3071 1588 3324 1659 θανάτου,
3385 1587 3524 1643 ὡσεὶ
3560 1585 3832 1661 ἔκτρωμι

2138 1676 2568 1752 ἐκπορευόμενον
2631 1674 2691 1731 ἒκ
2752 1678 2963 1751 μήτρας
3015 1677 3250 1752 μητρὸς,
3298 1677 3389 1731 καὶ
3439 1676 3727 1750 κατεσθῖῃ
3770 1676 3832 1730 τὸ

2139 1767 2306 1839 ἣμισυ
2364 1771 2473 1822 τῶν
2541 1769 2752 1841 σαρκῶν
2811 1765 3001 1834 αὐτῆς.
3054 1790 3084 1817 ››
3147 1765 3250 1824 Καὶ
3301 1761 3505 1836 ἐϐόησε
3572 1771 3829 1833 Μωυσῆς

383 1857 776 1928 conspuisset,
809 1874 929 1912 non
958 1857 1185 1930 pudore
1217 1857 1600 1913 afficeretur?
1638 1858 1873 1929 Septem
1904 1856 2030 1912 dies

2146 1855 2274 1930 πρὸς
2333 1854 2561 1930 Κύριον,
2631 1852 2830 1931 λέγων’
2889 1859 2948 1913 '0
3006 1855 3159 1926 Θεὸς,
3220 1851 3414 1927 δὲομαί
3477 1875 3616 1923 σου,
3681 1853 3830 1908 ἴασαι

383 1950 548 2001 extra
578 1952 770 2002 castra
800 1947 1049 2003 seorsim
1081 1945 1270 2020 degat,
1297 1953 1424 2001 tum
1453 1946 1903 2002 intromittatur.
1934 1947 2028 2002 Sic

382 2035 561 2091 Maria
586 2053 694 2107 per
727 2043 954 2108 septem
984 2036 1111 2091 dies
1139 2036 1349 2091 castris
1376 2036 1615 2091 exclusa
1652 2036 1782 2091 fuit.
1829 2037 2026 2107 Neque

387 2125 642 2196 populus
672 2132 865 2182 castra
889 2127 1054 2197 prius
1086 2127 1287 2188 movit.
1321 2142 1497 2198 quam
1522 2126 1702 2182 Maria
1719 2125 2030 2181 mundare-

386 2220 502 2269 tur.
526 2216 604 2269 Ea
627 2222 864 2286 recepta
883 2215 955 2271 ab
979 2216 1284 2270 Aserothis
1315 2222 1645 2276 moverunt.
1671 2223 1729 2271 et
1748 2217 1809 2270 in
1828 2215 2030 2270 solitu-

391 2302 528 2358 dine
551 2305 821 2360 Pharana
845 2310 1036 2359 castra
1066 2305 1348 2360 fecerunt.
1387 2325 1414 2354 »
1448 2307 1672 2360 Mortua
1711 2311 1802 2360 est
1831 2311 2029 2360 autem

389 2393 588 2459 Maria,
621 2410 756 2448 cum
777 2393 850 2448 ad
879 2394 1170 2449 Zinaicam
1205 2393 1590 2449 solitudinem
1621 2393 1875 2466 populus
1897 2411 2031 2464 per—

385 2483 662 2539 venisset.
697 2482 904 2537 Statim
936 2489 1140 2553 postea
1169 2483 1372 2554 populi
1413 2483 1741 2556 indignatio
1791 2490 2032 2556 propter

386 2573 548 2627 sitim
580 2571 789 2627 oborta
819 2577 946 2639 est;
978 2573 1474 2644 irritaveruntque
1506 2575 1694 2628 Moses
1731 2580 1791 2629 et
1835 2584 2031 2629 Aaron

387 2661 573 2716 Deum
605 2678 784 2734 super
813 2677 967 2732 aqua
989 2662 1192 2736 jurgii.
1227 2665 1416 2733 Atque
1447 2663 1632 2718 iratus
1670 2663 1823 2718 Deus
1849 2663 2030 2719 dicit:

398 2773 418 2798 ι
450 2751 694 2815 Quando
725 2768 920 2807 meam
940 2752 1187 2820 gloriam
1210 2769 1408 2808 coram
1437 2752 1651 2825 populo
1685 2753 1880 2808 testati
1912 2770 2032 2808 non

393 2841 555 2910 estis,
581 2857 682 2896 vos
721 2841 1006 2913 populum
1036 2842 1097 2896 in
1154 2843 1456 2914 regionem
1505 2843 1861 2914 promissam
1914 2861 2034 2898 non

395 2929 787 2985 introducetis
807 2931 872 2984 ³⁷.
906 2954 935 2981 ››
958 2931 1137 2987 Porro
1161 2935 1355 2987 Aaron
1385 2932 1654 2988 ascendit
1684 2934 1745 2987 in
1774 2940 2036 2988 montem

394 3019 694 3091 Or,ibique
720 3027 987 3076 mortuus
1010 3027 1116 3089 est;
1142 3038 1272 3092 quae
1287 3023 1340 3078 ei
1355 3039 1540 3094 paena:
1560 3028 1801 3094 propter
1819 3040 2034 3094 aquam

381 3108 564 3182 jurgii
596 3117 685 3164 est
715 3109 994 3180 irrogata.
1031 3111 1366 3166 Secundum
1413 3112 1541 3168 haec
1596 3111 1659 3167 in
1710 3113 2036 3168 ldumaaam

388 3200 641 3270 populus
675 3200 961 3270 pervenit.
995 3201 1258 3273 Cumque
1289 3219 1495 3258 rursus
1524 3203 1642 3258 Deo
1673 3210 1730 3258 et
1760 3204 1902 3258 Mosi
1934 3203 2034 3258 ob-

390 3294 809 3356 murmuraret,
841 3289 1088 3344 immisit
1119 3291 1273 3345 Deus
1311 3306 1531 3363 angues
1591 3291 1692 3362 qui
1749 3291 2035 3363 populum

389 3383 692 3431 necarent.
726 3378 887 3432 Tunc
905 3379 1078 3450 jussu
1109 3379 1211 3433 Dei
1243 3396 1488 3451 serpens
1519 3380 1620 3435 ille
1651 3397 1852 3436 aeneus
1889 3397 2032 3437 con-

393 3466 608 3520 ﬁcitur.

2136 1943 2325 2016 αὐτήν.
2379 1945 2480 2000 Καὶ
2531 1945 2648 1999 εἷπε
2693 1943 2894 2020 Κύριος
2941 1944 3077 2018 πρὸς
3129 1949 3392 2014 Μωϋσῆνο
3455 1969 3482 1996 ιι
3523 1943 3595 2000 Εἰ
3656 1944 3686 1998 6
3727 1963 3830 1998 πα-

2135 2036 2241 2110 τὴρ
2271 2033 2438 2104 αὐτῆς
2465 2035 2650 2090 πτύων
2685 2032 2966 2090 ἐνὲπσυσεν
3023 2034 3099 2097 εἷς
3147 2035 3211 2089 τὸ
3259 2033 3567 2109 πρόσωπον
3629 2033 3832 2102 αὐτῆς,

2139 2123 2238 2179 οὐκ
2306 2123 2741 2198 ἐντραπήσεται;
2781 2123 2952 2179 Ἑπτὰ
3017 2122 3227 2198 ἡμέρας
3278 2125 3653 2200 ἁφορισθήτω
3727 2120 3830 2193 ἔξω

2137 2220 2237 2282 τῆς
2311 2208 2696 2288 παρεμϐολῆς,
2772 2214 2863 2268 καὶ
2955 2213 3089 2286 μετὰ
3175 2218 3346 2268 ταῦτα
3411 2211 3824 2268 εἰσελεύσεται.

2138 2303 2244 2359 Καὶ
2303 2302 2585 2382 ἁφωρίσθη
2644 2301 2874 2377 Μαριὰμ
2920 2299 3021 2373 ἔξω
3076 2308 3178 2372 τῆς
3240 2296 3622 2377 παρεμϐολῆς
3689 2301 3827 2354 ἕπτὰ

2137 2390 2373 2468 ἡμέρας,
2410 2393 2498 2447 καὶ
2545 2392 2574 2446 6
2625 2391 2755 2454 λαὸς
2805 2392 2907 2447 οὐκ
2955 2389 3137 2465 ἐξῆρεν
3176 2385 3280 2454 ἔως
3311 2389 3662 2467 ἐκαθαρίσθη
3703 2396 3826 2448 Μα-

2141 2481 2298 2556 ριάμ.
2333 2481 2431 2536 Καὶ
2463 2482 2603 2555 μετὰ
2647 2484 2816 2536 ταῦτα
2863 2483 3052 2556 ἒξῆρεν
3099 2482 3128 2536 6
3171 2479 3304 2541 λαὸς
3336 2479 3388 2550 ἐξ
3424 2481 3707 2554 Ἀσιρὼθ,
3737 2478 3826 2532 καὶ

2140 2566 2505 2644 παρενέϐαλεν
2568 2570 2618 2626 ἰν
2673 2576 2742 2645 τῇ
2801 2569 2996 2643 ἐρήμῳ
3057 2572 3266 2645 Φαράν.
3321 2569 3513 2627 Ἡνίκα
3550 2567 3614 2625 δὲ
3649 2567 3822 2638 ἦλθεν

2141 2661 2170 2714 6
2221 2658 2352 2723 λαὸς
2404 2661 2481 2722 εἷς
2525 2660 2587 2716 τὸ
2651 2666 2787 2715 Σινᾶ
2844 2663 2956 2733 (67)
3008 2659 3158 2734 ὄρος,
3205 2657 3433 2731 τελευτᾷ
3488 2661 3743 2734 Μαριὰμ
3788 2657 3822 2724 ἢ

2143 2746 2354 2828 ἀδελφὴ
2389 2751 2687 2812 Μωϋσὲως.
2719 2775 2742 2804 ι
2783 2751 2914 2807 Εἶτα
2962 2748 3201 2824 παρευθὺ
3250 2748 3456 2825 γίνεται
3487 2747 3818 2826 γογγυσμὸς

2145 2842 2242 2894 τοῦ
2283 2836 2420 2894 λαοῦ
2461 2835 2551 2893 διὰ
2587 2839 2652 2894 τὸ
2718 2836 2896 2914 δίψος,
2961 2838 3052 2894 καὶ
3116 2837 3398 2914 παρώξυνε
3437 2841 3701 2907 Montis-3‘]:
3734 2835 3824 2890 καὶ

2145 2927 2357 3003 Ἀαρὼν
2388 2930 2480 2984 τὸν
2515 2929 2643 2984 Θεὸν
2690 2927 2778 2984 ἐπὶ
2826 2932 2923 2984 τοῦ
2967 2925 3160 2993 ὕδατος
3187 2934 3288 2998 τῆς
3327 2925 3687 3003 ἀντιλογίας.
3723 2921 3822 2980 Καὶ

2148 3017 2420 3094 ὀργισθεὶς
2454 3017 2656 3094 Κύριος
2689 3019 2862 3074 εἶπεν·
2897 3043 2925 3071 ‹‹
2959 3019 3104 3082 Ἀνθ⁹
3149 3019 3224 3072 ὧν
3273 3016 3372 3073 οὐκ
3421 3013 3724 3091 ἐδοξάσατὲ
3757 3033 3822 3088 με

2148 3105 2378 3162 ἐνώπιον
2438 3105 2685 3182 Ἰσραὴλ,
2745 3108 2849 3163 οὐκ
2906 3106 3139 3178 εἷσάξετε
3193 3106 3288 3162 τὸν
3349 3103 3482 3161 λαὸν
3542 3107 3713 3180 ὑμεῖς
3750 3101 3824 3163 εἰς

2145 3198 2244 3266 τὴν
2291 3203 2396 3274 γῆν
2453 3204 2556 3268 τῆς
2594 3196 2943 3274 ἔπαγγελίας.
2977 3224 2998 3253 ι
3058 3195 3296 3268 Τελευτᾷ
3325 3193 3383 3252 δὲ
3413 3197 3635 3272 Ἀαρὼν
3670 3191 3823 3250 ἀνελ-

2147 3286 2251 3340 θὼν
2295 3286 2373 3348 είς
2437 3287 2499 3341 τό
2569 3282 2696 3361 ὅρος
2759 3288 2881 3362 Ἤρ.
2937 3283 3215 3360 ἐπιτιμίαν
3264 3284 3488 3340 θανάτου
3525 3283 3818 3358 δεξάμενος

2145 3371 2234 3429 διὰ
2289 3377 2352 3430 τὸ
2399 3372 2546 3450 ὕδωρ
2603 3383 2704 3447 τῆς
2757 3375 3089 3450 ὁντιλογίας.
3151 3376 3304 3432 Μετὰ
3345 3371 3402 3430 δὲ
3431 3376 3495 3430 τὸ
3528 3372 3684 3449 ὕδωρ
3716 3377 3815 3441 τῆς

2144 3466 2824 3543 ἀντιλογίαςκατέρχεται
2875 3469 2904 3524 6
2954 3467 3086 3532 λαὸς
3139 3468 3214 3529 εἷς
3257 3465 3467 3541 Ἐδὼμ,
3515 3469 3615 3524 καὶ
3659 3484 3818 3522 κατα-

395 3552 655 3629 γογγύζει
686 3556 820 3608 Θεοῦ
845 3553 933 3608 καὶ
963 3553 1256 3617 Μωῦσέως.
1287 3555 1390 3612 Καὶ
1420 3556 1734 3612 ἀπέστειλεν
1767 3558 1796 3611 6
1827 3557 1958 3618 Θεὸς
1989 3553 2118 3616 τοὺς
2167 3550 2340 3633 ὄφεις,
2397 3554 2487 3611 καὶ
2535 3554 2821 3613 ἐθανάτουν
2847 3557 2940 3613 τὸν
2971 3556 3122 3615 λαόν.
3154 3556 3254 3611 Καὶ
3286 3556 3481 3612 λοιπὸν
3511 3558 3723 3633 γίνετ.;ι
3752 3550 3812 3606 τὸ

397 3640 802 3718 χαλκούργημα
829 3648 926 3699 τοῦ
954 3641 1128 3721 ὄφεως
1160 3646 1446 3720 προστάξει
1477 3650 1633 3702 Θεοῦ.

463 3737 529 3791 In
559 3736 821 3792 secunda
849 3737 1052 3808 p0puli
1083 3738 1451 3803 recensione,
1483 3754 1618 3794 cum
1647 3740 1834 3794 Moses
1864 3744 2041 3809 atque

394 3825 704 3882 Eleazarus
735 3825 1021 3897 populum
1055 3832 1461 3894 numerarent,
1493 3843 1669 3882 nemo
1688 3827 1932 3882 omnino
1950 3845 2044 3882 eo-

391 3932 525 3970 rum
558 3914 848 3985 superfuit
878 3931 1025 3984 quos
1072 3915 1135 3970 in
1192 3915 1386 3987 prima
1441 3917 1792 3972 recensione
1857 3919 2043 3972 Moses

393 4010 453 4059 et
482 4007 680 4058 Aaron
713 4003 1082 4068 invenerant,
1110 4022 1245 4060 cum
1276 4022 1310 4061 a
1341 4006 1543 4078 viginti
1575 4023 1766 4062 annos
1815 4013 1954 4062 nato
1986 4013 2046 4062 et

397 4093 656 4166 amplius
687 4110 896 4148 omnes
926 4103 1363 4151 numerassent.
1393 4097 1671 4152 Edixerat
1700 4097 1856 4151 enim
1889 4098 2044 4152 Deus

394 4184 613 4256 populo
644 4183 769 4238 fore
800 4188 865 4238 ut
893 4189 1134 4256 propter
1162 4201 1332 4240 suam
1362 4185 1853 4242 obtrectationem
1884 4187 2042 4258 peri-

395 4281 504 4331 ret.
528 4278 610 4330 Ac
643 4277 828 4330 Moses
851 4275 1091 4346 quidem
1118 4283 1175 4330 et
1204 4277 1534 4344 Eleazarus,
1566 4277 1786 4347 quippe
1810 4277 2038 4343 Levium,

398 4381 474 4421 ne
497 4371 632 4420 ante
654 4366 894 4435 quidem
911 4366 1065 4422 inter
1080 4367 1340 4438 reliquas
1354 4367 1543 4422 tribus
1557 4366 2037 4421 recensebantur.

2221 3736 2347 3793 Ὀτι
2415 3733 2466 3790 ἐν
2528 3738 2597 3810 τῇ
2657 3733 2879 3812 δευτέρα
2911 3735 3286 3812 ἐξαριθμήσει,
3355 3735 3514 3805 ἡνίκα
3567 3739 3812 3802 nimiis-2;:

2147 3827 2238 3883 καὶ
2272 3825 2536 3904 Ἐλεάζαρ
2568 3827 2882 3902 ἠρίθμησαν
2915 3828 3008 3883 τὸν
3040 3824 3196 3897 λαὸν,
3229 3826 3335 3903 οὐχ
3375 3827 3571 3902 εὑρέθη
3607 3824 3812 3900 ἅνθρω-

2149 3937 2251 3980 πος
2277 3916 2338 3972 ἐκ
2365 3923 2465 3987 τῆς
2505 3918 2731 3992 πρώτης
2781 3917 3150 3992 ἀριθμήσεως,
3203 3916 3366 3986 ἡνίκα
3415 3919 3662 3986 Μωϋσῆς
3720 3912 3806 3967 καὶ

2149 4008 2359 4081 Ἀαρὼν
2388 4006 2699 4082 ἠρίθμησαν
2764 4007 2889 4070 τοὺς
2952 4006 3059 4061 ἀπὸ
3126 4004 3325 4061 εἶ’κοσιν
3395 4004 3531 4061 ἐτῶν
3561 4002 3809 4061 καὶέπὲ-

2149 4117 2321 4166 κεινα,
2349 4094 2432 4151 ὅτι
2467 4095 2584 4150 εἶπε
2635 4095 2838 4170 Κύριος
2885 4095 3091 4156 αὐτοῖς·
3151 4119 3177 4150 ιι
3207 4095 3428 4168 Θανάτῳ
3460 4095 3805 4154 ἀποθανεῖσθε

2152 4182 2241 4239 διὰ
2269 4185 2395 4247 τοὺς
2427 4186 2780 4261 γογγυσμοὺς
2815 4186 2988 4258 ὑμῶν.
3021 4209 3049 4238 ››
3101 4184 3169 4242 Οἱ
3212 4185 3317 4260 γὰρ
3348 4185 3472 4260 περὶ
3503 4185 3596 4240 τὸν
3645 4189 3805 4240 Muti-

2153 4272 2246 4328 σὲα
2286 4274 2376 4328 καὶ
2429 4273 2712 4348 Ἐλεάζαρ,
2743 4274 2818 4337 ὡς
2860 4277 3102 4343 Λευῖται,
3138 4273 3264 4330 οὔδε
3312 4275 3374 4330 τὸ
3421 4272 3661 4330 παλαιὸν
3689 4292 3804 4326 συν-

2151 4364 2539 4437 ηριθμήθησαν
2579 4369 2696 4426 ταῖς
2728 4362 2950 4426 λοιπαῖς
2975 4369 3195 4441 φυλαῖς,
3227 4365 3256 4419 6
3293 4360 3351 4418 δὲ
3383 4364 3593 4433 Ἰησοῦς
3627 4365 3802 4421 Βενια·

395 4456 572 4510 Josua
600 4456 1042 4527 Benjaminicus
1071 4456 1228 4510 tribu
1261 4457 1410 4511 I29
1446 4455 1577 4523 fuit,
1625 4455 1918 4511 Chalebus
1941 4457 2035 4511 Ju-

2155 4451 2315 4523 μίτης
2347 4450 2432 4519 ἦν,
2465 4452 2492 4506 6
2525 4448 2583 4506 δὲ
2611 4447 2795 4508 Χαλέϐ
2840 4452 2900 4508 ἐκ
2943 4459 3044 4523 τῆς
3095 4457 3194 4508 τοῦ
3241 4450 3441 4508 Ἰούδα.
3484 4451 3800 4526 Σημείωσαι

2156 4538 2264 4556 Μ..
2422 4541 2534 4556 ,ς
3021 4545 3044 4554 -
3155 4539 3180 4556 ,ι
3376 4540 3464 4556 ς..
3578 4541 3676 4556 ς.

395 4543 579 4600 daeus.
613 4544 868 4601 Observa
896 4551 1116 4611 autem,
1149 4561 1250 4600 eos
1281 4545 1381 4616 qui
1431 4548 1499 4599 2O
1556 4545 1728 4600 anuis
1780 4546 2040 4601 minores

393 4639 582 4702 erant,
608 4640 668 4689 et
697 4635 923 4690 Levitas
954 4635 1054 4705 qui
1084 4635 1262 4689 vitam
1294 4633 1699 4706 produxerunt
1728 4651 1796 4689 eo
1827 4651 2038 4705 usque,

392 4741 512 4780 non
525 4723 709 4779 fuisse
725 4723 1018 4795 promissa
1032 4729 1187 4779 terra
1200 4723 1476 4795 privatos.
1496 4723 1576 4777 lbi
1601 4725 1787 4779 Moses
1800 4723 2048 4795 jubetur

390 4817 656 4869 montem
669 4810 2050 4884 Nabanumconscendere,objurgaturque,sicut

399 4911 534 4960 ante
559 4904 739 4959 frater
760 4903 964 4977 ipsius,
982 4909 1224 4976 propter
1243 4919 1459 4974 aquam
1475 4902 1659 4974 jurgii
1683 4919 1697 4969 ;
1720 4909 1897 4973 atque
1911 4901 2045 4959 ideo

404 4993 580 5048 etiam
615 4999 770 5049 terra
802 4993 1097 5064 promissa
1136 4979 1396 5063 privatus
1425 4991 1506 5046 ibi
1539 5007 1570 5046 e
1602 4991 1744 5045 vivis
1794 4990 2043 5057 excedit,

401 5095 588 5136 annos
613 5088 787 5137 natus
822 5084 940 5136 120.

468 5173 674 5228 Jussus
701 5179 900 5228 autem
927 5174 1113 5228 Moses
1145 5178 1405 5228 montem
1436 5170 1836 5227 conscendere
1867 5176 2044 5242 atque

399 5263 478 5319 ibi
495 5264 670 5319 vitam
696 5264 889 5327 ﬁnire,
907 5262 1116 5318 Seouis
1139 5270 1569 5318 Amorraeorum
1596 5269 1654 5318 et
1675 5261 1776 5334 Ogi
1800 5261 2043 5316 Basanis

400 5371 606 5426 regum
640 5352 815 5408 urbes
845 5369 1203 5425 omnemque
1234 5352 1520 5409 ditionem
1551 5353 1804 5410 duorum
1837 5367 2041 5424 regum

474 5471 521 5509 ³⁷
550 5473 721 5528 Num.
756 5486 872 5540 11v,
901 5474 988 5528 22.

477 5659 565 5731 (67
598 5661 810 5715 Errore
839 5656 1174 5731 perspicuo.
1207 5657 1347 5710 Χη.

2151 4539 2208 4595 δὲ
2235 4539 2317 4595 ὅτι
2347 4541 2438 4595 καὶ
2487 4541 2536 4596 οἰ
2582 4544 2720 4597 κατά
2750 4541 2928 4618 ὕφεσιν
2978 4545 3086 4597 τῶν
3125 4539 3324 4597 εἶ’κοσιν
3373 4540 3505 4596 ἐτῶν
3539 4541 3639 4596 οὐκ
3663 4541 3799 4594 ἒστε·

2157 4631 2396 4701 ρήθησαν
2427 4637 2525 4701 τῆς
2557 4637 2660 4707 γῆς
2707 4637 2808 4701 τῆς
2837 4629 3182 4706 ἐπαγγελίας,
3234 4628 3362 4686 οὐδὲ
3401 4630 3457 4686 οἷ’
3505 4633 3802 4708 φθάσαντες

2157 4724 2252 4794 ζῇν
2320 4725 2427 4776 τῶν
2495 4725 2758 4778 Λευῖτῶν.
2829 4723 3090 4786 Ἐνταῦθα
3135 4720 3193 4776 δε
3249 4721 3524 4777 κελεύεται
3567 4723 3798 4786 Μωυσῆς

2154 4809 2396 4874 ἀνελθεῖν
2430 4810 2506 4874 εἷς
2540 4810 2604 4866 τὸ
2635 4806 2762 4885 ὅρος
2795 4805 3002 4882 Ναϐὰν,
3056 4810 3144 4865 καὶ
3194 4809 3476 4885 ἐλέγχεται
3502 4811 3593 4866 καὶ
3623 4807 3796 4875 αὐτὸς,

2155 4898 2229 4961 ὡς
2263 4896 2499 4975 ἀδελφὸς
2527 4898 2712 4970 αὐτοῦ,
2764 4895 2854 4954 διὰ
2905 4899 2968 4954 τὸ
3027 4895 3173 4974 ὕδωρ
3215 4906 3316 4969 τῆς
3346 4898 3677 4974 ἀντιλογίας.
3710 4894 3796 4953 Διὸ

2153 4987 2378 5058 καὶτῆς
2428 4995 2532 5060 γῆς
2583 4995 2683 5057 τῆς
2741 4985 3068 5064 ἐπαγγελίας
3125 4988 3430 5062 ἐστέρηται,
3461 4988 3552 5043 καὶ
3583 4986 3800 5052 τελευτᾷ

2154 5078 2264 5134 ἐκεῖ
2293 5080 2426 5134 ἑτῶν
2457 5078 2643 5134 ἑκατὸν
2676 5077 2904 5134 εἷ’κοσιν.

2223 5171 2348 5227 "Ott
2376 5171 2472 5224 τοῦ
2504 5168 2679 5238 Σηὼνε
2719 5163 2991 5240 βασιλέως
3039 5170 3148 5222 τῶν
3195 5168 3252 5222 Ἀ
3266 5166 3543 5244 μορῥαίων
3574 5168 3662 5223 καὶ
3697 5165 3791 5220 τοῦ

2153 5261 2254 5334 Ὠγ
2289 5255 2558 5334 βασιλέως
2590 5259 2672 5331 [Ρ.
2707 5257 2798 5330 73]
2846 5263 2946 5326 τῆς
2989 5257 3160 5311 Βασὰν
3210 5257 3307 5319 τὰς
3356 5255 3547 5320 πόλεις
3579 5257 3668 5315 καὶ
3697 5258 3784 5310 πᾶ·

2155 5370 2248 5404 σαν
2278 5349 2380 5417 τὴν
2411 5348 2601 5423 χώραν
2633 5351 2740 5402 τῶν
2795 5343 2890 5402 δύο
2954 5342 3220 5423 βασιλέων
3271 5347 3435 5422 περαν
3477 5352 3576 5403 τοῦ
3609 5341 3792 5422 Ἰορδά-

1615 5561 1974 5618 XYDANDRI
2007 5559 2093 5614 ET
2123 5557 2338 5614 GOARI
2371 5555 2592 5613 ΝΟΤιΕ.
