4094 6292
279 377 381 435 161

1421 367 1974 432 HISTORIARUM
2018 367 2184 429 00M
2199 366 2587 429 PENDIUM.

3580 375 3698 433 162

261 528 377 562 νου
411 504 615 563 δέδωκε
646 507 881 576 Μωῦσῆς
909 505 986 567 εἰς
1033 503 1361 580 κατάσχεσιν
1416 507 1494 576 τῷ
1541 497 1802 577 Ῥουϐεὶμ
1847 502 1936 556 καὶ

2077 502 2137 557 :is
2166 500 2483 557 Iordanem
2515 501 2782 572 Rubeno,
2819 503 2961 559 Dani
2992 519 3058 561 ac
3089 504 3350 561 dimidiae
3378 506 3696 564 Manasseaa

286 599 392 653 Δαν
421 597 511 652 καὶ
540 601 620 667 τῷ
650 595 839 668 ἡμίσει
899 593 1076 672 φυλῆς
1130 599 1410 665 Μανασσῆ,
1468 594 1602 666 μετᾶ
1637 593 1700 648 τὸ
1759 586 1945 646 λαϐεῖν

286 687 454 743 αὐτὸν
481 685 749 764 ἀπόφασιν
779 683 1020 748 ἀνελθεῖν
1056 683 1106 739 ἰν
1160 688 1240 755 τῷ
1299 682 1416 758 ὄρει
1457 682 1548 738 καὶ
1600 681 1942 751 τελευτῆσαι.

363 789 486 844 Ὀτι
516 782 926 859 παρερχόμενοι
961 783 1017 836 οἳ
1047 783 1156 836 υἱοὶ
1204 779 1427 856 Ἰσραὴλ
1499 778 1588 835 διὰ
1639 785 1734 836 τοῦ
1783 779 1942 854 ὅρους

286 879 426 949 Σιηρ
466 873 899 947 προστέσσονται
959 871 1063 926 ὑπὸ
1101 875 1199 926 τοῦ
1244 875 1377 926 Θεοῦ
1435 869 1596 944 ἄρτον
1651 869 1741 924 καὶ
1800 867 1945 943 ὕδωρ

283 965 552 1039 πρίασθαι
611 963 758 1036 παρα
814 966 922 1016 τῶν
1011 958 1333 1033 Ἰδουμαίων
1389 964 1498 1014 τῶν
1565 959 1696 1013 υἱῶν
1754 959 1944 1025 Ἡσαῦ,

289 1051 434 1109 διότι
503 1053 644 1108 εἶπεν
703 1049 1123 1110 αὐτοῖςὸθεᾶς·
1187 1075 1213 1102 α
1249 1048 1329 1106 Οῦ
1385 1047 1832 1124 κληρονομήσετε
1889 1047 1948 1102 ἐκ

294 1149 534 1218 τῆς-(ἦς
563 1145 668 1195 τῶν
696 1141 862 1195 Ἡσαῦ
915 1137 1044 1193 οὐδὲ
1102 1140 1258 1214 βῆμα
1323 1135 1515 1208 ποδὸς,
1575 1136 1660 1193 ὅτι
1719 1134 1946 1216 ἁδελφοὶ

295 1233 452 1305 ὑμῶν
511 1230 668 1286 εἰσιν.
710 1251 736 1283 ι
799 1227 1229 1304 Ἀποτρέπονται
1289 1224 1346 1282 δὲ
1386 1227 1489 1282 ὑπὸ
1542 1232 1676 1282 Θεοῦ
1734 1225 1794 1281 ὲκ
1845 1233 1946 1296 τῆς

288 1329 396 1397 γῆς
424 1325 532 1376 τῶν
564 1314 878 1376 Μωαϐιυῶν
907 1317 1134 1392 καὶδτῶν
1167 1315 1404 1388 πόλεων
1463 1315 1637 1370 αὐτῶν
1681 1313 1770 1370 διὰ
1823 1314 1948 1370 Λὼτ

294 1412 394 1465 τὸν
426 1410 747 1484 προπάτορα
777 1407 975 1465 αὐτῶν.

363 1501 491 1557 ’Ὁτι
526 1499 577 1554 ἐν
607 1502 674 1572 τῇ
709 1495 930 1572 δευτέρα
960 1497 1255 1570 νομοθεσίᾳ
1287 1495 1431 1573 Λέγει
1490 1497 1752 1564 Μωϋσῆςο
1814 1520 1840 1546 ‹‹
1874 1495 1950 1551 Τὰ

295 1593 429 1664 ἅγια
462 1586 589 1643 δέκα
622 1589 843 1661 ῥήματα
870 1589 1035 1641 ταῦτα
1071 1587 1225 1659 ὑμεῖς
1257 1584 1527 1656 ἠκούσατε
1555 1583 1615 1639 ἐκ
1647 1586 1813 1658 μέσου
1852 1589 1949 1638 τοῦ

294 1679 495 1754 πυρὸς,
527 1702 555 1729 ››
591 1675 730 1730 ὥστε
759 1676 846 1730 καὶ
880 1675 987 1750 πρὸ
1014 1679 1110 1731 τοῦ
1149 1677 1420 1752 γραφῆναι
1469 1673 1606 1729 αὐτὰ
1651 1673 1702 1728 ἐν
1758 1671 1951 1744 πλαξὶν

321 1765 620 1836 ξεδῦθησαν
656 1765 761 1819 ὑπὸ
791 1771 892 1833 τῆς
923 1763 1068 1825 θείας
1100 1770 1306 1840 φωνῆς.
1340 1764 1418 1820 Οὐ
1449 1763 1551 1840 γὰρ
1583 1763 1766 1837 φωνήν
1811 1760 1949 1832 ἐίση-

302 1878 432 1928 μον,
461 1852 589 1910 ἀλλ’
628 1852 879 1928 ἔναρθρον
910 1852 1136 1922 ἤκουσεν
1167 1854 1194 1908 6
1227 1850 1358 1914 λαὸς
1391 1849 1449 1907 έκ
1498 1850 1660 1925 μέσον
1708 1856 1805 1906 τοῦ
1854 1873 1953 1906 πυ-

309 1946 401 2020 ρὸς
433 1943 483 1998 ἐν
512 1947 668 2014 Σινᾷ,
699 1942 880 2006 καθὼς
909 1943 1232 2017 γέγραπταιο
1268 1966 1295 1992 ‹‹
1332 1942 1426 1998 Καὶ
1457 1941 1522 1996 τὰ
1543 1943 1764 2016 ῥήματα
1784 1942 1950 1997 αὐτοῦ

291 2035 527 2104 ἤκουσεν
555 2032 616 2087 ὲκ
648 2033 816 2105 μέσου
847 2035 944 2087 τοῦ
975 2030 1164 2106 πυρός.
1203 2055 1230 2082 ››
1265 2033 1446 2088 Ταῦτα
1479 2027 1536 2084 δέ
1578 2029 1681 2086 εἶ’σι
1720 2030 1786 2086 τὰ
1827 2031 1954 2106 ἅγια

297 2125 524 2199 ῥηματα
574 2125 671 2175 τοῦ
727 2121 921 2195 νόμου,
972 2117 1005 2174 ἃ
1061 2122 1285 2195 ὕστερον
1343 2119 1659 2195 ἐνεχάραξεν
1720 2121 1773 2176 ἐν
1809 2117 1953 2175 πλα-

301 2214 402 2283 ξίν.

371 2301 495 2358 “Oti
532 2297 769 2368 Μωῦσῆς
803 2301 855 2354 π’
882 2297 1017 2354 ἐτῶν
1050 2297 1126 2352 ὢν
1157 2300 1376 2373 ἡγεῖται
1420 2304 1520 2368 τῆς
1569 2297 1620 2368 ἐξ
1673 2297 1954 2374 Αἰγύπτου

299 2390 528 2464 πορείας
567 2394 666 2444 τοῦ
709 2383 974 2464 Ἐϐραίων
1032 2383 1238 2460 ἔθνους,
1299 2395 1462 2458 συνῆν
1501 2409 1560 2443 τε
1617 2389 1804 2450 αὐτοῖς
1863 2409 1955 2442 νο-

308 2481 555 2552 μοθετῶν
587 2477 676 2532 ἐπὶ
705 2485 806 2546 τῆς
837 2479 1048 2551 ἐρήμου
1080 2471 1171 2544 ἔτη
1201 2479 1274 2551 μ’,

376 2569 518 2624 Ἀπὸ
559 2569 609 2644 β’
643 2563 864 2642 βιϐλίου
898 2569 1170 2638 Ἰωσήπου
1203 2573 1302 2636 τῆς
1360 2567 1822 2645 Ἀρχαιολογίας,
1874 2566 1958 2622 ὅτι

303 2656 513 2731 Φαραὼ
544 2656 648 2711 ὑπὸ
676 2657 777 2724 τήν
819 2655 986 2725 αὐτὴν
1047 2654 1191 2731 ὥραν
1247 2655 1498 2720 ἐθεάσατο
1550 2659 1638 2713 καὶ
1692 2658 1787 2720 τὰς
1849 2663 1957 2714 τῶν

308 2745 576 2802 ἐνυπνίων
606 2743 761 2818 ὄψεις
789 2744 878 2798 καὶ
910 2744 1005 2806 τὰς
1050 2742 1332 2821 ἐξηγήσεις
1382 2747 1583 2802 αὐτῶν.
1633 2747 1813 2804 Ἀλλὰ
1850 2749 1958 2803 τὼν

303 2834 616 2908 ἐξηγήσεων
677 2831 1073 2906 ἐπιλαθόμενος
1154 2835 1245 2890 τὸν
1306 2835 1501 2898 ταύτας
1585 2836 1963 2910 ἀναμνήσοντα

310 2920 516 2990 ἐζήτει.
569 2921 693 2976 Ὅτι
751 2917 802 2973 ἐν
856 2919 976 2980 τοῖς
1021 2916 1156 2974 ἐπτᾶ
1214 2926 1315 2990 τῆς
1371 2919 1615 2992 εὐθηνίας
1674 2916 1842 2977 ἔτεσιν
1898 2922 1960 2978 οὐ

309 3008 662 3083 προῄσθοντο
693 3005 986 3081 Αἰγύπτιοι
1015 3008 1109 3062 τὸν
1159 3007 1389 3075 ἑπταετῆ
1439 3008 1628 3082 λιμόν.
1677 3012 1801 3068 ’Ότι
1855 3015 1963 3066 τῶν

307 3097 801 3173 ἱερογραμματέων
830 3117 917 3158 τις
972 3093 1296 3173 ἂναγγέλλει
1355 3103 1434 3172 τῷ
1495 3097 1712 3174 βασιλεῖ
1762 3100 1962 3176 Φαραὼ

314 3186 676 3266 τεχθήσεσθαί
709 3205 828 3261 ρινα
857 3191 975 3240 κατ’
1007 3187 1207 3241 ἐκεῖνον
1239 3187 1331 3242 τὸν
1362 3189 1548 3264 καιρὸν
1576 3194 1692 3250 τοῖς
1750 3190 1966 3264 Ἰσραη-

2056 592 2233 648 tribui
2255 593 2537 662 assignat.

2127 773 2270 828 Cum
2298 788 2407 843 per
2430 779 2692 828 montem
2718 774 2946 830 Seirum
2974 774 3087 828 iter
3110 775 3390 830 lsraelitm
3415 776 3700 842 facerent,

2059 863 2402 918 mandatum
2434 863 2518 918 eis
2550 879 2581 917 a
2611 868 2730 918 Deo
2762 870 2853 918 est
2900 870 2965 918 ut
3017 881 3228 936 panem
3260 882 3593 938 aquamque
3625 867 3697 923 ab

2056 952 2329 1006 ldummis
2391 959 2816 1018 mercarentur,
2869 954 3058 1007 Esano
3104 956 3423 1026 prognatis.
3485 957 3620 1013 ldeo
3644 963 3701 1013 et

2056 1041 2204 1095 dixit
2234 1041 2319 1094 eis
2349 1040 2500 1094 Deus
2536 1057 2548 1093 :
2582 1065 2601 1088 ι
2642 1043 2766 1094 Non
2799 1040 3181 1112 possidebitis
3211 1043 3282 1097 de
3308 1049 3464 1099 terra
3496 1047 3700 1101 Esaui—

2056 1146 2364 1197 corum,ne
2380 1130 2937 1201 vestigiumquidem
2965 1132 3130 1202 pedis
3147 1132 3323 1188 latam
3343 1135 3700 1205 portionem:

2059 1227 2195 1274 sunt
2226 1220 2385 1274 enim
2418 1219 2591 1273 vestri
2619 1220 2845 1274 fratres.
2885 1242 2912 1269 ››
2942 1221 3094 1285 Quin
3128 1228 3185 1276 et
3232 1239 3267 1276 a
3315 1224 3702 1280 Moubitarum

2061 1316 2216 1364 terra
2246 1315 2421 1380 atque
2450 1308 2700 1364 urbibus
2731 1311 2882 1364 Deus
2910 1309 3184 1366 llebrwos
3214 1313 3446 1381 avertit,
3480 1316 3638 1385 quod
3662 1316 3702 1370 ii

2060 1399 2199 1453 Loto
2231 1404 2432 1453 essent
2461 1399 2730 1470 prognati
2762 1397 2827 1456 ³⁸.

2130 1488 2196 1541 In
2229 1487 2747 1560 repetitionelegis
2780 1491 2967 1544 Moses
3020 1496 3226 1545 sancta
3277 1491 3481 1548 decem
3530 1491 3708 1550 verba

2061 1577 2576 1643 recitavit,addens
2609 1579 2894 1649 populum
2927 1595 2996 1634 ea
3017 1579 3087 1634 de
3113 1580 3305 1636 medio
3325 1581 3456 1653 igne
3479 1582 3575 1638 edi
3607 1600 3704 1638 au-

2061 1665 2293 1721 divisse.
2318 1668 2518 1738 Itaque
2552 1667 3410 1739 priusquam.inscriberentur
3465 1671 3702 1742 tabulis,

2051 1757 2178 1828 jam
2215 1762 2338 1811 tum
2367 1773 2402 1811 a
2432 1756 2630 1812 divina
2661 1775 2798 1814 voce
2831 1758 3072 1814 fuerunt
3128 1761 3518 1834 promulgata.
3578 1764 3705 1818 Non

1987 1885 2030 1950 Β
2063 1846 2221 1900 enim
2259 1863 2456 1901 vocem
2491 1847 2617 1902 sine
2667 1847 2878 1914 verbis,
2915 1849 3018 1903 sed
3065 1851 3437 1906 articulatam
3483 1853 3708 1908 audivit

2063 1953 2128 1990 ex
2165 1935 2360 1990 medio
2394 1936 2545 2009 ignis
2576 1936 2635 1990 in
2665 1937 2824 1992 Sinai
2884 1937 3158 2009 populus.
3213 1941 3366 1995 130
3397 1941 3510 1996 Sed
3567 1943 3709 1997 scri-

2061 2032 2226 2098 ptum
2251 2031 2374 2080 est:
2403 2050 2420 2074 ι
2449 2026 2636 2082 Verba
2666 2028 2792 2097 ejus
2811 2027 3114 2084 audivitex
3143 2029 3339 2083 medio
3363 2030 3496 2102 igne
3518 2029 3709 2088 3°.»Ea

2063 2132 2238 2187 porro
2272 2120 2411 2170 sunt
2436 2121 2641 2171 sancta
2669 2115 2814 2186 legis
2845 2115 3039 2185 verba,
3073 2134 3201 2188 quae
3243 2118 3458 2175 deinde
3495 2119 3705 2176 tabulis

2064 2203 2399 2276 insculpsit.

2137 2295 2324 2350 Moses
2353 2311 2544 2349 annos
2575 2300 2750 2350 natus
2771 2297 2840 2350 80
2872 2295 3181 2352 Hebrmum
3214 2297 3498 2370 populum
3531 2315 3600 2354 ex
3621 2301 3711 2356 ιΕο

2065 2389 2239 2456 gypto
2273 2383 2495 2452 eduxit,
2520 2401 2587 2439 ac
2610 2385 2670 2439 in
2703 2385 3020 2441 solitudine
3050 2386 3208 2460 leges
3241 2387 3326 2442 eis
3356 2389 3574 2460 posuit,
3606 2388 3712 2444 ad-

2066 2472 2294 2542 fuitque
2319 2490 2424 2545 per
2451 2491 2640 2529 annos
2670 2476 2758 2529 40.

2141 2565 2218 2617 Ex
2243 2563 2392 2617 libro
2421 2557 2658 2635 Josephi
2694 2565 2762 2620 De
2791 2566 3123 2635 antiquitate
3171 2566 3456 2622 secundo.
3483 2567 3710 2623 Pharao

2069 2659 2126 2708 et
2157 2652 2451 2708 insomnir
2478 2661 2534 2708 et
2564 2671 2769 2709 eorum
2797 2654 3316 2727 interpretationes
3334 2657 3540 2713 eadem
3569 2659 3715 2714 liora

2070 2741 2437 2814 accepit.Sed
2461 2745 3016 2815 interpretationum
3048 2745 3289 2812 oblitus,
3314 2747 3580 2817 qumsivit
3614 2747 3712 2819 qui

2071 2848 2170 2886 eas
2202 2831 2313 2904 ipsi
2346 2832 2403 2885 in
2441 2833 2786 2887 memoriam
2819 2840 3134 2889 revocaret.
3161 2835 3396 2906 Septem
3419 2835 3714 2890 fertilibus

2071 2921 2242 2976 annis
2265 2923 2510 2993 Egyptii
2543 2923 2952 2993 septennalem
2983 2923 3200 2979 famem
3234 2941 3354 2978 non
3385 2941 3712 2996 praesense-

2071 3015 2228 3063 runt.
2265 3009 2513 3074 Quidam
2546 3027 2750 3065 eorum
2784 3011 2882 3081 qui
2918 3028 3115 3066 sacras
3149 3011 3396 3066 Litteras
3439 3017 3717 3079 tractant,

2071 3099 2365 3154 Pharaoni
2381 3099 2740 3154 indicaviteo
2755 3105 3019 3171 tempore
3037 3101 3352 3171 quemdam
3369 3101 3720 3156 interlsrae-

2077 3189 2198 3242 icos
2221 3189 2613 3258 nasciturum,
2638 3190 2738 3261 qui
2758 3188 2998 3244 adultus
3027 3190 3432 3262 Egyptiorum
3466 3207 3714 3263 regnum

321 3260 526 3343 λὶτναις,
555 3276 612 3339 ὅς
641 3260 964 3332 ταπεινώσει
994 3277 1088 3350 μέν
1130 3278 1226 3346 τὴν
1286 3260 1598 3354 Αἰγυπτίων
1644 3260 1960 3355 ἡγεμονίαν,

2079 3277 2468 3350 depressurus
2499 3295 2791 3350 suumque
2841 3279 3125 3350 populum
3187 3285 3494 3335 evecturus
3541 3279 3716 3334 foret.

335 3365 552 3434 αὒξήσει
581 3363 632 3420 δέ
653 3365 783 3429 τοὺς
815 3364 1160 3440 Ἰσραηλίτας
1189 3369 1431 3444 τραφείς.
1504 3367 1598 3422 Διὸ
1635 3368 1725 3422 καὶ
1772 3369 1962 3444 γνώμῃ

326 3457 492 3512 αὐτοῦ
522 3455 720 3513 κελεύει
743 3462 847 3514 πᾶν
894 3457 956 3514 τὸ
1014 3460 1264 3534 γεννηθέν
1319 3458 1475 3536 ἄρσεν
1537 3460 1640 3516 ὑπὸ
1698 3465 1806 3517 τῶν
1861 3461 1968 3517 Ἰσ-

319 3546 596 3621 ραηλιτῶν
627 3549 704 3613 εἷς
732 3551 825 3605 τὸν
876 3551 1122 3624 ποταμὸν
1180 3551 1484 3624 ῥίπτεσθαι.
1540 3549 1715 3609 ’Λλλᾶ
1760 3554 1970 3627 κρατή-

317 3657 426 3692 σειε
459 3635 505 3692 δ’
539 3638 601 3692 ἄν
635 3636 814 3700 οὐδεὶς
840 3646 940 3709 τῆς
971 3643 1068 3694 τοῦ
1098 3644 1231 3695 Θεοῦ
1260 3641 1512 3716 γνώμης,
1546 3639 1661 3697 οὐδ’
1692 3642 1720 3697 6
1769 3643 1965 3717 μυρίας

309 3724 511 3803 τέχνας
540 3727 628 3782 ἐπὶ
657 3729 836 3802 τούτῳ
871 3731 1349 3805 μηχανησάμενος.
1380 3734 1504 3790 Ὅτι
1537 3733 1564 3786 6
1595 3734 1775 3807 πατὴρ
1801 3735 1966 3790 Μωυ-

313 3816 451 3877 σέως
483 3818 622 3872 κατὰ
651 3819 777 3880 τοὺς
805 3818 1005 3883 ὕπνους
1058 3819 1230 3874 πάντα
1285 3821 1351 3875 τὰ
1407 3822 1540 3876 κατὰ
1590 3820 1822 3879 Μωϋσέα
1875 3823 1968 3878 καὶ

303 3908 531 3979 Ἀαρὼν
561 3904 954 3982 συμϐησόμενα
985 3908 1044 3964 ἐκ
1093 3915 1228 3964 Θεοῦ
1285 3908 1703 3986 προδιδάσκεται
1749 3913 1839 3967 καὶ
1897 3915 1966 3987 τῇ

313 3995 482 4049 αὐτοῦ
523 3998 735 4071 γυναικὶ
786 3993 1036 4072 ’ίοχάϐεδ
1094 4005 1337 4076 φανεροῖ.
1398 4003 1523 4057 ’Ότι
1579 4001 1878 4076 Θέρμουθις
1930 4003 1966 4071 ἠ

319 4085 565 4158 θυγάτηρ
624 4086 824 4160 Φαραὼ
864 4085 1169 4160 ἀνελομένη
1214 4087 1441 4152 Μωϋσέθ
1486 4087 1698 4144 κελεύει
1746 4090 1968 4165 γύναιον

320 4173 568 4246 ἀχθῆναι
597 4173 687 4228 καὶ
719 4175 899 4246 θηλήν
932 4179 1010 4247 τῷ
1038 4173 1241 4250 παιδίῳ
1281 4184 1604 4256 παρασχεῖν
1654 4177 1880 4234 πολλῶν
1912 4176 1970 4234 δέ

317 4262 595 4336 ἀχθεισῶν
677 4266 753 4336 μὴ
840 4263 1200 4338 προσιεμένου
1286 4265 1560 4328 Μωυσέως
1651 4272 1969 4344 παρεστῶσα

318 4354 554 4428 Μαριὰμ
585 4353 750 4408 εἶπεν·
789 4377 815 4404 α
849 4354 912 4412 Εἰ
971 4360 1079 4410 τῶν
1139 4353 1438 4432 ὁμοφύλων
1494 4357 1642 4429 αὐτῷ
1697 4361 1966 4431 γυναικῶν

315 4445 326 4466 ι
385 4439 415 4464 ρ
487 4439 541 4463 με
1153 4451 1180 4462 .-
1417 4447 1428 4462 ι
1585 4444 1598 4466 ι

336 4445 619 4518 Εοραιοων
681 4444 966 4513 ποιήσειας
1034 4443 1295 4519 ἀχθηναι,
1367 4466 1512 4521 ταχα
1569 4447 1628 4501 ἂν
1686 4446 1968 4522 προσίεται

310 4531 525 4601 θηλήν.
559 4557 588 4583 ››
620 4533 712 4586 Διὸ
742 4534 829 4586 καὶ
865 4529 1208 4588 κελευσθεῖσα
1237 4532 1352 4609 ἃγει
1384 4537 1484 4604 τήν
1519 4535 1683 4590 αὑτοῦ
1738 4537 1966 4612 μητέρα,

309 4621 501 4677 καὶτὸ
536 4619 752 4676 παιδίον
807 4621 1052 4696 ἀσμένως
1107 4625 1438 4704 προσφύεται
1485 4628 1554 4698 τῇ
1616 4624 1783 4699 θηλῇ.
1847 4629 1969 4685 ’Ότι

316 4709 832 4789 φιλοφρονούμενος
864 4713 1067 4787 Φαραὼ
1120 4717 1189 4785 τῇ
1249 4709 1364 4784 ἱδίᾳ
1417 4714 1641 4790 θυγατρὶ
1696 4713 1971 4788 ἐπιτίθησι

314 4804 534 4873 Μωϋσῇ
562 4801 625 4856 τὸ
657 4798 923 4874 διάδημα,
955 4803 982 4856 6
1007 4799 1065 4857 δὲ
1095 4800 1183 4857 διὰ
1203 4803 1509 4874 νηπιότητα
1535 4803 1820 4884 καταφέρει
1843 4805 1973 4862 αὐτὸ

315 4891 402 4952 εἱς
431 4890 531 4963 γῆν
553 4891 640 4944 καὶ
673 4896 790 4953 τοῖς
823 4891 979 4945 ποσὶν
1013 4886 1297 4946 ἐπιϐαίνει.
1333 4893 1419 4966 [Ρ.
1445 4894 1539 4968 74]
1579 4895 1690 4950 Τοῦ
1733 4891 1790 4949 δὲ
1838 4915 1974 4971 προ-

310 4975 662 5048 δηλωθέντος
709 4980 1236 5055 ἱερογραγμματέως
1284 4986 1446 5037 τοῦτο
1491 4982 1824 5056 θεασαμένου
1881 4985 1971 5040 καὶ

307 5068 534 5124 ἀνελεῖν
585 5066 1042 5148 ἐπιχειρήσαντος
1119 5072 1154 5140 ἡ
1241 5071 1542 5145 Θέρμουθις
1633 5071 1971 5148 ἐξαρπάσασα

308 5156 641 5215 διεσώσατο.
675 5161 798 5216 Ὅτι
831 5160 1147 5235 χειροήθεις
1182 5158 1336 5214 οῦσαι
1369 5161 1424 5215 αἱ
1458 5157 1592 5225 ἴϐεις
1631 5164 1767 5237 πρὸς
1802 5165 1969 5236 μόνον

304 5247 379 5303 τὸ
411 5251 520 5302 τῶν
549 5247 722 5326 ὄφεων
753 5247 906 5325 γένος
937 5247 1141 5324 ἀγρίως
1168 5243 1382 5325 ἔχουσι,
1423 5249 1513 5304 καὶ
1571 5247 1758 5314 δεινῶς
1809 5254 1970 5330 ἀναρ-

303 5335 614 5407 παζόμεναι
667 5336 1036 5393 κατεσθίουσιν
1092 5337 1304 5416 έλάᾳῶν
1361 5336 1600 5411 μᾶλλον.
1640 5341 1764 5397 ’Ότι
1820 5344 1966 5420 φθει-

305 5431 424 5496 ρῶν
458 5423 680 5501 ἄπειρόν
709 5449 761 5482 τι
794 5426 1028 5497 πλῆθος
1085 5432 1202 5488 τοῖς
1264 5426 1603 5502 Αὗγυπτίοις
1658 5429 1966 5504 ἐξήνθησεν,

300 5514 528 5581 ἔνδοθεν
571 5515 956 5593 ἀναδιδὸμενον
1018 5517 1112 5573 καὶ
1171 5524 1352 5580 κακῶς
1401 5517 1712 5600 διαφθεῖρον
1769 5522 1967 5586 αὐτοὺς

302 5607 401 5660 καὶ
467 5608 570 5661 ὑπὸ
634 5605 876 5681 μηδενὸς
927 5605 1374 5686 διαφθειρόμενον
1453 5611 1766 5690 φαρμάκου,
1845 5615 1965 5672 Ὀτι

385 5737 430 5772 ³⁸
458 5739 627 5798 Deut.
663 5755 722 5806 ll,
885 5739 932 5776 ³⁹
962 5741 1128 5800 Deut.
1161 5755 1234 5810 iv,
1269 5739 1353 5796 12.

2071 3368 2274 3439 Itaque
2293 3385 2393 3423 rex
2417 3368 2593 3439 hujus
2615 3369 3048 3439 consiliojubet
3076 3386 3284 3424 omnes
3307 3369 3719 3425 Israelicorum

2075 3457 2370 3514 masculos
2400 3464 2603 3529 partus
2652 3459 2713 3513 in
2771 3458 3014 3513 fluvium
3067 3459 3262 3530 abjici.
3324 3459 3558 3514 Atenim
3613 3459 3717 3514 Dei

2076 3549 2433 3603 sententiam
2469 3565 2643 3604 nemo
2677 3549 2985 3604 hominum
3017 3548 3337 3619 infringere
3384 3556 3600 3621 potest,
3644 3568 3719 3605 ne

2077 3639 2123 3692 si
2158 3638 2322 3693 mille
2356 3639 2596 3709 quidem
2629 3638 2856 3695 artibus
2887 3639 3000 3694 hoc
3037 3639 3337 3694 moliatur.
3363 3640 3535 3694 Mosis
3558 3646 3724 3710 pater

2075 3746 2110 3784 a
2141 3727 2258 3783 Deo
2292 3745 2396 3800 per
2423 3728 2789 3782 insomnium
2832 3728 2902 3783 de
2964 3729 3240 3783 omnibus
3289 3744 3420 3799 qum
3474 3729 3614 3782 Mosi
3664 3735 3723 3784 et

2076 3819 2295 3889 Aaron;
2329 3824 2611 3872 eventura
2633 3823 2834 3872 essent
2862 3818 3128 3882 edoctus,
3162 3818 3327 3872 uxori
3361 3835 3482 3872 sua)
3511 3818 3722 3873 Jocha-

2076 3907 2268 3962 bethm
2291 3906 2659 3980 significavit.
2683 3907 3060 3962 Tliermuthis
3091 3906 3211 3962 ﬁlia
3235 3906 3556 3962 Pharaonis
3587 3923 3721 3962 cum

2076 3998 2293 4052 Mosem
2328 4014 2397 4052 ex
2419 4014 2572 4068 aqua
2595 3997 2952 4063 sustulisset,
2987 3996 3300 4052 mulierem
3325 3999 3507 4068 qumri
3552 3998 3726 4070 jubet

2079 4102 2208 4156 qua:
2238 4103 2373 4142 eum
2405 4086 2600 4141 lactet.
2636 4087 2832 4142 Multis
2863 4087 3134 4142 adductis
3157 4102 3291 4142 cum
3338 4087 3564 4142 nullam
3598 4089 3724 4143 Mo-

2077 4192 2171 4231 ses
2203 4175 2565 4245 admitteret,
2597 4182 2798 4231 astans
2827 4178 3033 4233 Maria:
3068 4199 3094 4225 ‹‹
3131 4177 3430 4248 Si,inquit,
3463 4176 3727 4247 aliquam

2079 4265 2148 4321 de
2169 4266 2555 4339 popularibus
2580 4266 2710 4338 ejus
2729 4266 2988 4322 Hebraeis
3005 4267 3353 4322 mulieribus
3369 4282 3610 4322 curares
3632 4266 3728 4321 ad-

2078 4355 2232 4420 duci,
2266 4355 2537 4409 fortassis
2568 4371 2886 4411 mammam
2918 4356 3276 4411 admitteret.
3306 4377 3333 4405 »
3384 4356 3555 4411 Jussa
3613 4355 3723 4411 hoc

2077 4461 2248 4516 agere
2280 4449 2531 4500 matrem
2575 4445 2718 4500 131
2760 4445 3024 4503 adduxit.
3049 4445 3296 4516 ejusque
3322 4444 3507 4500 ubera
3532 4443 3723 4501 liben-

2079 4539 2168 4589 ter
2197 4533 2394 4588 infans
2425 4535 2921 4591 admisit.Pharao
2944 4534 3080 4590 filim
3105 4550 3225 4590 suae
3247 4533 3562 4590 blandiens
3585 4535 3726 4590 Mosi

2002 4634 2045 4701 ο
2077 4623 2351 4679 diadema
2372 4623 2622 4696 imponit
2647 4641 2660 4678 :
2684 4624 2879 4680 infans
2897 4630 3095 4680 autem
3118 4624 3310 4680 aetatis
3341 4623 3724 4694 simplicitate

2084 4713 2143 4768 id
2176 4713 2234 4767 in
2258 4719 2476 4768 terram
2500 4713 2704 4786 abjicit
2733 4730 2801 4770 ac
2824 4713 3073 4785 pedibus
3119 4713 3325 4769 calcat.
3361 4713 3422 4768 Id
3457 4729 3592 4768 cum
3642 4713 3724 4767 vi-

2084 4803 2250 4860 deret
2281 4805 2331 4859 is
2361 4822 2537 4877 quem
2571 4805 2745 4877 paulo
2770 4811 2906 4863 ante
2929 4805 3185 4862 diximus
3207 4821 3505 4860 sacrarum
3551 4805 3728 4860 Litte-

2083 4911 2282 4950 rarum
2306 4896 2872 4967 magister.interflci
2896 4911 3142 4967 puerum
3167 4895 3345 4965 jubet
3373 4911 3387 4950 :
3421 4894 3524 4950 sed
3555 4894 3728 4950 Ther-

2084 4985 2307 5040 muthis
2338 4993 2607 5058 ereptum
2629 4987 2760 5042 neci
2793 4985 3104 5041 subtraxit.
3128 4984 3246 5039 lbis
3297 4989 3609 5040 mansueta
3639 4989 3730 5038 est

2084 5074 2600 5142 avis,solisinfesta
2621 5075 3095 5148 anguibus;quos
3125 5080 3183 5128 et
3208 5073 3439 5138 crebro,
3472 5071 3728 5145 amplius

2083 5169 2262 5225 etiam
2295 5170 2506 5232 cervis.
2536 5169 2692 5240 rapit
2727 5175 2904 5240 atque
2935 5173 3117 5224 vorat.
3153 5169 3366 5240 Ingens
3422 5165 3729 5237 pediculo-

2083 5275 2215 5314 rum
2272 5259 2356 5313 vis
2406 5258 2703 5331 .Egyptios
2758 5257 2993 5324 invasit,
3053 5274 3122 5313 ex
3178 5256 3322 5329 ipsis
3378 5254 3727 5326 corporibus

2081 5348 2623 5419 erumpentium.ac
2655 5347 2810 5405 male
2844 5364 2944 5405 eos
2973 5347 3579 5418 multantium,neque
3610 5345 3722 5401 ulli

2082 5438 2344 5492 remedio
2367 5437 2725 5494 cedentium.
2765 5437 2993 5493 Hebraei
3022 5454 3090 5493 ex
3113 5439 3352 5509 Egypto
3385 5436 3603 5509 egressi
3639 5440 3725 5490 te-

2079 5527 2278 5582 nuiter
2309 5543 2370 5581 se
2401 5531 2809 5583 sustentarunt
2831 5544 2936 5599 per
2965 5529 3032 5582 30
3065 5527 3209 5585 dies.
3246 5534 3413 5599 pasta
3460 5526 3726 5584 subacta.

2078 5632 2256 5690 quam
2290 5633 2491 5675 secum
2525 5618 2878 5679 extulerant.
2907 5618 2973 5678 In
3001 5618 3170 5690 cujus
3199 5618 3462 5691 penuriae
3499 5632 3726 5672 memo-
