4094 6292
411 394 418 400 .
479 339 594 402 16⁸1

1855 330 2169 396 GEORGII
2211 286 2577 402 CEDREDID
3760 352 3850 412 168

478 474 757 532 introitus
788 473 850 529 in
880 476 1100 529 terram
1139 468 1518 544 promissam,
1576 469 2091 528 Tabernaculorun

2236 468 2425 559 τρίτην
2458 476 2781 551 συναγωγὴν
2818 468 2993 552 ἔργων
3047 483 3143 536 τοῦ
3194 479 3369 559 ἀγροῦ
3430 480 3726 540 συντελείας
3765 486 3852 543 ἀπὸ

474 564 787 623 collocatio
814 564 921 636 (sic
955 561 1131 618 tertia
1159 558 1514 634 appellatur)
1546 559 1675 616 vita)
1707 561 1769 616 in
1800 559 2123 618 solitudine

471 664 534 720 in
565 661 963 719 tabernaculis
992 677 1099 732 per
1129 659 1522 732 quadraginta
1582 675 1775 714 annos
1832 658 2118 716 toleratae.

472 752 763 810 Mandavit
792 751 968 806 etiam
1000 751 1150 811 haec,
1183 764 1377 804 coram
1408 749 1657 805 Domino
1710 748 1839 804 sine
1869 765 2119 804 munere

471 861 591 900 non
615 856 925 914 apparere,
950 839 1137 895 tribus
1170 838 1344 893 dictis
1373 838 1539 894 feriis
1595 854 1833 894 omnem
1890 853 2118 894 marem

469 949 669 989 coram
698 933 816 989 Deo
842 930 993 995 sisti,
1017 929 1378 985 fermentum
1405 927 1696 984 sacriﬁcio
1730 927 1962 983 Domini
1993 944 2116 983 non

432 1022 773 1083 -adhibere.
788 1019 1359 1075 sedinfermentatos
1370 1033 1575 1089 panes,
1591 1017 1826 1088 adipem
1841 1016 2113 1072 sacriﬁcii

467 1130 588 1169 non
618 1111 958 1182 relinquere
989 1109 1052 1164 in
1083 1108 1239 1163 diem
1271 1107 1619 1174 crastinum,
1653 1106 1918 1162 omnium
1945 1110 2113 1161 terra}

465 1203 701 1275 frugum
719 1200 1012 1273 primilias
1033 1199 1094 1254 in
1117 1204 1232 1255 tem
1242 1196 1337 1270 plo
1357 1197 1456 1252 Dei
1472 1196 1704 1257 oﬂ'erre.
1722 1212 1843 1252 non
1856 1212 2111 1268 coquere

464 1307 683 1365 agnum
696 1290 756 1345 in
778 1289 929 1345 lacte
943 1287 1150 1344 matris
1163 1303 1306 1342 suae.
1324 1287 1436 1343 Has
1450 1285 1902 1341 constitutiones
1924 1286 2112 1341 Moses

464 1398 496 1437 a
519 1383 637 1437 Deo
648 1379 892 1435 veniens
904 1376 1124 1450 papulo
1147 1374 1668 1450 exposuit,additis
1681 1375 1860 1431 etiam
1874 1374 2008 1431 aliis
2028 1375 2113 1430 di-

463 1474 612 1529 vinis
634 1468 1162 1527 exhortationibus.
1188 1467 1574 1539 Respondens
1595 1473 1795 1522 autem
1821 1483 1941 1523 una
1969 1483 2108 1523 voce

460 1568 620 1619 totus
649 1560 904 1634 populus
935 1557 1210 1631 promisit
1237 1573 1301 1612 se
1339 1555 1618 1611 omnibus
1670 1555 1902 1611 Domini
1935 1555 2109 1611 dictis

458 1648 1020 1719 obtemperaturum.
1038 1646 1229 1715 Atque
1246 1643 1448 1699 omnia
1462 1643 1573 1698 ista
1586 1643 1922 1717 conscripta
1946 1647 2104 1698 sunt.

2233 558 2430 632 ἐξόδων
2466 561 2732 633 ἐνιαυτοῦ,
2766 565 3199 642 ἀναμιμνήσκων
3237 570 3437 634 αὐτοὺς
3499 568 3586 627 διὰ
3645 580 3734 631 τοῦ
3776 578 3852 650 μὲν

2235 651 2428 733 Πάσχα
2457 660 2558 724 τῆς
2587 653 2638 726 ἐξ
2671 654 2956 731 Αἰγύπτου
2997 655 3210 729 ἓξόδου,
3270 657 3361 716 διὰ
3417 658 3477 717 δὲ
3526 668 3629 733 τῆς
3677 669 3850 739 Πεντη-

2229 749 2429 813 κοστῆς
2457 747 2557 813 τῆς
2588 745 2665 808 εἷς
2697 748 2794 817 τήν
2819 754 2923 825 γῆν
2950 754 3050 818 τῆς
3095 748 3436 825 ἐπαγγελίας
3497 749 3729 822 εἰσόδου,
3782 755 3853 813 διὰ

2229 826 2285 885 δὲ
2308 837 2408 901 τῆς
2441 834 2828 909 Σκηνοπηγίας
2860 842 2960 907 τῆς
2993 836 3043 893 ἐν
3096 841 3165 911 τῇ
3224 836 3423 915 ἐρήμῳ
3480 836 3763 919 διαγωγῆς·
3810 843 3851 900 ἐν

2227 926 2450 992 σκηναῖς
2551 925 2655 1000 γὰρ
2710 925 2982 989 οἰκοῦντες
3058 929 3463 1001 τεσσαράκοντα
3580 928 3851 989 διετέλεσαν

2225 1006 2342 1079 ἔτη.
2376 1012 2470 1082 Μὴ
2504 1011 2737 1089 ὀφθῆναι
2761 1014 2909 1071 κενὸν
2967 1014 3204 1072 ἐναντίον
3273 1016 3497 1095 κυρίου,
3532 1020 3619 1075 καὶ
3652 1027 3747 1076 πᾶν
3774 1024 3851 1096 ἂρ-

2225 1102 2428 1158 σενικὸν
2482 1103 2801 1161 ὀπτάνεσθαι
2858 1103 3089 1163 ἐνώπιον
3129 1109 3328 1182 Κυρίου
3387 1110 3532 1165 κατὰ
3593 1112 3687 1172 τὰς
3734 1119 3852 1186 τρεῖς

2222 1189 2412 1267 ἒοτρας
2452 1193 2667 1258 ταύτας.
2718 1195 2806 1264 Μὴ
2858 1196 2999 1260 θύειν
3053 1195 3140 1253 ἐπὶ
3202 1197 3347 1273 ζύμῃ
3399 1200 3549 1273 αἷμα
3577 1200 3850 1275 θυσιάσμαο

2221 1301 2314 1343 τος
2347 1282 2570 1355 Κυρίου,
2603 1281 2831 1340 ἀλλ’ὶπ’
2863 1284 3110 1359 ἀζύμοις.
3167 1289 3261 1356 Μή
3325 1287 3509 1362 μένειν
3572 1286 3675 1352 ἕως
3723 1293 3854 1362 πρωῒ

2220 1370 2379 1446 στέαρ
2438 1378 2541 1441 τῆς
2597 1373 2813 1447 ἑορτῆς.
2868 1375 2971 1432 Καὶ
3024 1375 3120 1440 τὰς
3180 1375 3440 1453 ἀπαρχάς
3501 1381 3611 1433 τῶν
3644 1380 3851 1453 πρώτων

2218 1460 2570 1535 γεννημάτων
2601 1468 2701 1531 τῆς
2729 1470 2832 1538 γῆς
2892 1462 3124 1539 εἰσάγειν
3185 1465 3259 1528 εἰς
3304 1468 3397 1521 τὸν
3429 1467 3583 1523 οἶκον
3617 1472 3711 1524 τοῦ
3739 1475 3851 1525 Θεοῦ

2220 1549 2301 1629 ἐφ’
2326 1551 2511 1607 ἅπασι.
2548 1553 2638 1621 Μή
2671 1550 2816 1629 ἕψειν
2844 1553 2974 1630 ἄρνα
3028 1553 3081 1610 ἐν
3135 1554 3368 1634 γάλακτι
3404 1558 3624 1634 μητρὸς
3681 1559 3848 1615 αὑτοῦ.

2216 1641 2400 1724 Ταῦτα
2428 1641 2495 1698 τά
2520 1638 2865 1724 ικαιώματα
2894 1649 2990 1700 τοῦ
3040 1650 3175 1701 θεοῦ
3208 1649 3457 1717 Μωίἱσῆς
3489 1647 3668 1714 ἐλθὼν
3697 1649 3849 1724 ἀπήγ-

454 1725 607 1803 γειλε
632 1730 716 1798 τῷ
757 1724 875 1797 λαῷ
905 1723 1040 1803 μετὰ
1069 1723 1159 1778 καὶ
1194 1720 1380 1778 ἃλλων
1406 1742 1565 1803 τινων
1598 1719 1756 1803 θείων
1789 1719 2171 1803 παραινέσεωνΣ
2207 1719 2310 1803 Καὶ
2341 1721 2606 1797 ἀπεκρίθη
2644 1729 2742 1796 μιᾷ
2773 1729 2930 1802 (ρωνῇ
2955 1729 3059 1789 πᾶς
3082 1726 3109 1782 6
3133 1724 3289 1797 λαὸς,
3317 1728 3406 1783 καὶ
3433 1729 3576 1785 εἶπε
3605 1752 3635 1782 ι(
3667 1719 3849 1791 Πάντας

455 1797 583 1869 τοὺς
615 1797 818 1884 λόγους
850 1797 1047 1879 κυρίου
1081 1805 1387 1877 ποιήσομεν
1413 1802 1505 1857 καὶ
1537 1797 1903 1876 ἀκουσόμεθα.
1936 1824 1964 1854 ››
2001 1801 2121 1871 Καὶ,
2152 1797 2358 1878 ἒγράιρη
2399 1806 2567 1858 ταῦτα
2599 1797 2790 1861 πάνταξ

527 1902 714 1955 Moses
781 1913 816 1953 a
873 1898 992 1952 Deo
1050 1894 1365 1968 splendore
1422 1893 1596 1950 faciei
1643 1898 1888 1950 ornatus
1913 1892 2091 1949 velatc

2281 1892 2405 1949 Ὅτι
2433 1898 2675 1964 Μωυσῆς
2701 1888 2888 1950 λαϐὼν
2950 1892 3095 1971 παρᾶ
3127 1900 3260 1953 Θεοῦ
3294 1893 3480 1970 δόξαν,
3513 1897 3569 1954 ἐν
3588 1903 3667 1971 τῷ
3694 1919 3847 1974 προσ-

458 1988 621 2046 vultu
651 2005 759 2061 per
788 2004 976 2044 annos
1007 1984 1398 2059 quadraginta
1426 2001 1561 2040 cum
1605 1983 1823 2041 Judaeis
1873 1988 1963 2039 est
2007 1984 2104 2039 lo-

457 2085 649 2145 cutus,
682 2084 1066 2151 conspectum
1098 2075 1269 2132 faciei
1298 2076 1429 2148 ejus
1457 2091 1578 2131 non
1591 2073 2104 2131 ferentibus:cum

453 2174 643 2226 autem
664 2168 740 2224 ad
758 2168 1076 2224 Dominum
1099 2164 1530 2239 ingrederetur,
1549 2164 1744 2221 velum
1767 2164 2108 2221 removebat

453 2276 485 2315 a
516 2259 666 2315 l‘acie
698 2274 822 2314 sua.
860 2259 943 2313 Ita
973 2272 1114 2313 sane
1148 2255 1221 2311 iis
1255 2254 1354 2327 qui
1386 2255 1582 2310 carnis
1609 2254 1829 2310 dictata
1854 2271 2103 2326 sequen-

453 2353 542 2403 tes
573 2348 761 2419 legem
794 2346 1017 2415 legunt.
1040 2345 1236 2400 velum
1259 2343 1530 2401 obdurati
1554 2343 1737 2399 animi
1768 2343 2102 2412 obducitur,

451 2454 525 2493 ne
546 2436 793 2510 gloriam
808 2435 1024 2492 Christi
1047 2434 1280 2506 possint
1295 2449 1650 2506 cognoscere
1662 2479 1665 2484 .
1678 2435 1752 2489 At
1774 2434 1874 2506 qui
1890 2433 2104 2507 spiritu

457 2530 497 2582 ἰ
513 2527 612 2583 36
635 2524 784 2581 duce
809 2524 1050 2590 intrant,
1078 2525 1153 2579 iis
1179 2523 1371 2580 velum
1398 2523 1785 2597 ignorationis
1815 2524 2099 2580 aufertur.

458 2617 748 2672 Caeterum
780 2616 967 2670 Moses
984 2613 1045 2668 in
1057 2611 1325 2669 Thabore
1346 2617 1549 2669 monte
1576 2628 1783 2669 revera
1806 2613 2101 2685 posticum

458 2705 561 2761 Dei
588 2703 752 2770 vidit,
793 2720 1006 2775 nempe
1064 2702 1539 2759 incarnationem
1594 2702 1913 2776 Unigeniti,
1964 2720 2100 2760 cum

454 2794 516 2850 in
550 2811 688 2850 saxo
720 2793 950 2866 positus
991 2808 1180 2864 eoque
1231 2796 1442 2861 tectus,
1501 2790 1785 2848 nimirum
1843 2793 2096 2861 Christo,

450 2883 753 2956 praeterire
785 2898 920 2938 cum
952 2881 1265 2954 majestate
1297 2897 1418 2938 non
1458 2880 1686 2937 nudum
1745 2880 1849 2938 sed
1906 2883 2098 2940 incar-

449 2980 655 3031 natum
686 2974 830 3030 vidit
856 2974 1061 3029 Deum.

518 3064 732 3120 Prima)
766 3061 983 3119 tabulae
1013 3078 1196 3118 manu
1226 3061 1331 3117 Dei
1357 3061 1567 3118 excisas
1598 3061 1841 3119 fuerunt
1890 3067 1949 3118 et
2003 3062 2092 3119 in-

446 3155 680 3226 scriptas
706 3172 721 3221 ;
752 3153 1233 3226 permissumque
1257 3155 1347 3208 est
1368 3156 1435 3208 ut
1452 3168 1535 3207 ea:
1558 3152 2090 3225 confringerentur.

2207 1979 2343 2052 ώπῳ
2415 1978 2684 2056 κάλυμμα
2766 1984 2935 2046 τιθεὶς
2989 1984 3076 2041 ἐπὶ
3153 1987 3565 2062 τεσσαράκοντα
3646 1987 3849 2065 χρόνοις

2207 2066 2478 2146 διελέγετο
2507 2076 2625 2134 τοῖς
2685 2069 2993 2138 Ἰουδαίοις·
3030 2074 3091 2130 ού
3141 2076 3247 2152 γὰρ
3300 2074 3578 2148 ἠδύναντο
3606 2076 3844 2146 ἀτενίζειν

2206 2157 2283 2222 είς
2313 2154 2493 2216 αὐτόν.
2530 2159 2814 2225 Εἷσιόντος
2863 2158 2921 2218 δὲ
2971 2163 3110 2239 πρὸς
3168 2165 3370 2243 Κύριον
3427 2172 3747 2243 περιῃρεῖτο
3794 2166 3847 2221 τὸ

2204 2246 2494 2323 κάλυμμα,
2523 2249 2706 2326 ὥσπερ
2762 2251 2854 2307 καὶ
2913 2258 3031 2316 τοῖς
3085 2256 3223 2310 κατὰ
3280 2256 3457 2329 σάρκα
3516 2257 3615 2330 μὲν
3652 2256 3742 2311 τὸν
3768 2253 3847 2312 νό·

2211 2357 2313 2411 μον
2369 2337 2803 2414 ἀναγικώσκουσι
2857 2340 3129 2417 κάλυμμα
3210 2345 3533 2421 πωρώσεως
3602 2345 3843 2402 ἐπίκειται

2207 2432 2301 2483 τοῦ
2336 2431 2411 2502 μὴ
2446 2428 2739 2506 ἐπιγνῶναι
2767 2434 2866 2502 τήν
2891 2430 3048 2506 δόξαν
3086 2438 3183 2489 τοῦ
3220 2439 3489 2510 Χριστοῦ,
3518 2442 3636 2499 τοῖς
3686 2433 3741 2491 δὲ
3767 2432 3844 2491 διὰ

2205 2522 2302 2575 τοῦ
2358 2520 2670 2594 πνεύματος
2719 2521 2949 2578 ετσιοῦσι
3007 2527 3089 2598 [Ρ.
3149 2527 3239 2602 77]
3293 2526 3358 2581 τὸ
3432 2526 3705 2601 κάλυμμα
3755 2530 3841 2593 τῆς

2205 2608 2423 2684 ἀγνοίας
2455 2609 2783 2691 ἀφαιρεῖται.
2815 2610 3071 2684 Ἀληθῶς
3101 2610 3158 2670 δὲ
3185 2616 3253 2670 τά
3299 2614 3527 2672 ὀπίσθια
3567 2619 3664 2673 τοῦ
3701 2616 3839 2682 θεοῦ,

2200 2699 2303 2769 τήν
2331 2699 2600 2777 σάρκωσιν
2629 2705 2727 2758 τοῦ
2759 2703 3124 2778 Μονογενοῦς,
3153 2703 3239 2759 ἐπὶ
3271 2709 3368 2760 τοῦ
3407 2701 3698 2780 Θαϐωρίου
3747 2701 3840 2759 εἶδε

2205 2789 2446 2860 Μωϋσῆς
2480 2790 2556 2852 ὡς
2584 2789 2672 2846 ἐπὶ
2694 2791 2864 2867 πέτρα
2891 2793 3160 2855 τεθεῖςκαὶ
3193 2794 3836 2870 σκεπασθεὶςτῷΧριστῷ·

2201 2878 2616 2954 παρερχόμενον
2672 2876 2729 2935 δὲ
2784 2880 2837 2935 ἐν
2917 2879 3045 2957 δόξῃ
3106 2879 3245 2938 εἶδεν
3294 2882 3358 2939 οὗ
3433 2884 3661 2961 γυμνὸν,
3709 2879 3838 2937 ἀλλὰ

2200 2964 2609 3043 σεσαρκωμένον
2628 2969 2777 3027 Θεόν.

2268 3057 2391 3115 *Οτι
2421 3058 2475 3112 αἱ
2501 3059 2599 3133 μὲν
2629 3063 2838 3133 πρῶται
2867 3059 3073 3125 πλάκες
3104 3062 3257 3141 χειρὶ
3313 3067 3450 3118 Θεοῦ
3512 3060 3839 3133 λελάξευνται

2197 3144 2286 3201 καί
2315 3147 2671 3227 γεγράφαται,
2732 3146 2787 3203 α⁴ί
2847 3145 3195 3226 συντριϐῆναι
3238 3153 3717 3228 συγκεχώρηνται,
3763 3147 3835 3203 ὅτι

445 3246 625 3300 Erant
654 3244 814 3299 enim
845 3249 1020 3315 typus
1050 3243 1257 3314 primas
1285 3258 1353 3297 ac
1382 3241 1657 3298 litterulis
1714 3242 1882 3315 legis,
1917 3243 2087 3300 sicuti

2203 3236 2371 3299 τύπος
2400 3239 2536 3306 ἦσαν
2567 3235 2727 3294 αὗται
2756 3241 2853 3293 τοῦ
2880 3239 3106 3313 πρώτου
3136 3240 3229 3297 καὶ
3259 3241 3397 3297 κατά
3422 3243 3491 3298 τὸ
3520 3240 3745 3318 γράμμα
3759 3235 3834 3292 νό-

443 3332 805 3405 posteriores
835 3348 982 3403 quas
1022 3333 1210 3387 Moses
1258 3330 1477 3386 excidit
1532 3335 1708 3403 atque
1766 3331 2089 3404 inscripsit,

440 3421 824 3477 manifestum
855 3426 1025 3475 erant
1051 3418 1387 3491 exemplum
1416 3420 1762 3492 posterioris
1818 3436 1885 3477 ac
1916 3422 2090 3493 spiri-

439 3512 617 3568 tualis
648 3512 792 3586 legis
846 3511 1009 3567 Sicut
1037 3515 1096 3566 et
1126 3510 1289 3583 prior
1345 3509 1623 3581 populus,
1677 3511 1778 3582 qui
1836 3511 2085 3568 vitulum

437 3601 738 3666 conﬂavit,
769 3600 944 3673 primi
975 3599 1181 3656 Israeli
1213 3598 1461 3672 figuram
1484 3599 1726 3672 gerebat
1758 3616 1770 3656 :
1804 3600 2086 3672 itaqueis

433 3693 524 3749 ira
577 3692 681 3749 Dei
740 3707 862 3747 una
917 3706 1054 3746 cum
1110 3688 1358 3760 antiqua
1412 3687 1540 3761 lege
1581 3687 1839 3745 abolitus
1871 3695 1978 3745 est.
2012 3692 2087 3746 At

433 3780 690 3854 populus
720 3780 1014 3853 posterior
1042 3795 1259 3837 novum
1280 3794 1350 3833 ac
1374 3777 1774 3834 Christianum
1795 3779 2083 3836 Israelum

433 3870 762 3942 designavit
793 3886 806 3924 :
841 3870 1039 3940 itaque
1063 3874 1121 3924 et
1150 3883 1185 3923 a
1213 3868 1368 3923 Mose
1398 3867 1567 3923 faciei
1597 3867 1914 3940 splendore
1945 3868 2080 3926 illu-

431 3964 615 4015 strato
646 3957 901 4032 papulus
918 3957 1280 4030 posteriores
1303 3964 1640 4015 reverenter
1667 3960 1898 4032 accepit
1919 3961 2081 4018 tabu-

426 4048 536 4116 las,
570 4063 791 4121 easque
818 4047 881 4104 in
911 4063 1047 4104 arca
1072 4046 1310 4105 fmderis
1340 4049 1631 4122 repositas
1662 4050 1922 4125 integras
1942 4069 2079 4109 con-

431 4138 701 4196 servavit.

498 4227 576 4282 De
607 4225 813 4283 bestiis
844 4226 907 4283 in
937 4226 1065 4298 lege
1097 4223 1172 4282 ad
1204 4226 1497 4283 sacrificia
1531 4225 1724 4284 solida
1765 4233 1943 4301 atque
2002 4229 2077 4287 ad

427 4316 539 4373 alia
568 4315 862 4372 sacrificia
892 4320 1122 4371 tantum
1154 4314 1282 4383 bos,
1331 4315 1456 4371 ovis
1513 4320 1573 4373 et
1623 4316 1829 4373 haedus
1859 4317 2075 4374 admit-

429 4408 653 4472 tuntur,
685 4408 752 4459 ut
780 4403 1065 4459 animalia
1094 4408 1426 4471 mansueta,
1456 4418 1605 4475 pura
1626 4408 1683 4458 et
1707 4419 1845 4459 oves
1858 4405 2072 4461 Christi

425 4492 936 4565 repraesentantia.
968 4493 1053 4547 Ex
1083 4490 1420 4547 volucribus
1476 4496 1709 4549 tantum
1767 4498 1961 4550 turtur
2016 4499 2076 4551 et

423 4580 703 4638 columba
730 4580 806 4636 ad
836 4580 1194 4637 sacriﬁcium
1244 4586 1302 4637 et
1358 4580 1807 4639 holocaustoma
1861 4583 2072 4639 admit-

422 4675 650 4737 tuntur,
677 4670 934 4727 alterum
964 4674 1032 4725 ut
1060 4669 1348 4725 castitatis
1378 4686 1447 4726 ac
1477 4670 1716 4743 quietis,
1739 4672 1988 4729 alterum
2006 4680 2071 4732 ut

2204 3347 2332 3398 μου,
2366 3324 2550 3397 ὥσπερ
2581 3328 2636 3381 αἱ
2667 3323 2911 3404 δεύτεραι
2938 3328 3000 3391 ἃς
3028 3330 3272 3395 Μωυσῆς
3291 3328 3548 3401 ἐλάξευσε
3575 3328 3664 3385 καὶ
3692 3322 3836 3402 ἔργα·

2194 3417 2283 3488 ψε,
2310 3414 2481 3479 τύπος
2507 3416 2641 3485 ἦσαν
2672 3418 2845 3494 σαφὴς
2909 3421 3007 3474 τοῦ
3047 3415 3299 3494 δευτέρου
3346 3419 3439 3475 καὶ
3471 3420 3613 3477 κατὰ
3639 3420 3832 3488 πνεῦμα

2190 3503 2382 3577 νόμου.
2413 3506 2614 3579 Ὥσπερ
2657 3504 2748 3560 καὶ
2783 3503 2917 3567 λαὸς
2973 3508 3003 3563 6
3060 3513 3281 3580 πρῶτος
3330 3509 3359 3566 6
3421 3509 3831 3588 μοσχοποιήσας

2191 3593 2282 3650 τὸν
2304 3597 2519 3669 πρῶτον
2549 3591 2748 3650 ἐτύπου
2778 3595 3028 3671 Ἰσραὴλ,
3058 3593 3145 3653 διὸ
3174 3598 3266 3654 καὶ
3298 3597 3351 3654 ἐν
3384 3599 3534 3674 ὀργῇ
3566 3594 3696 3655 Θεοῦ
3745 3591 3826 3649 καὶ

2188 3681 2353 3744 αὐτὸς
2408 3681 2497 3737 καὶ
2547 3682 2576 3738 6
2630 3682 2766 3758 πρὸς
2824 3684 2984 3739 αὐτὸν
3043 3683 3279 3748 παλαιὸς
3339 3685 3690 3755 διεσκεδάσθη
3743 3676 3824 3736 v5-

2192 3791 2314 3844 μος.
2338 3772 2396 3827 Ὀ
2427 3769 2558 3834 λαὸς
2587 3768 2647 3828 δὲ
2676 3772 2706 3827 6
2738 3769 2988 3849 δεύτερος
3010 3774 3101 3830 τὸν
3128 3774 3245 3831 νέον
3278 3776 3368 3830 καὶ
3417 3777 3562 3834 κατὰ
3610 3770 3823 3848 Χριστὸν

2186 3860 2445 3932 είκόνιζεν
2493 3858 2742 3938 Ἰσραὴλ,
2823 3859 2909 3918 διὸ
2963 3864 3054 3919 καὶ
3111 3863 3162 3920 ἒν
3226 3862 3355 3940 δόξῃ
3415 3871 3516 3921 τοῦ
3544 3862 3823 3941 προσώπου

2187 3951 2469 4013 Μωυσέως
2498 3950 2593 4013 τὰς
2625 3947 2878 4027 δευτέρας
2908 3948 3158 4016 εὐλαϐῶς
3220 3951 3548 4011 ὑπεδέδεκτο
3604 3949 3822 4013 πλάκας,

2182 4039 2271 4095 καὶ
2308 4039 2508 4102 ταύτας
2539 4039 2844 4118 ἀφθάρτους
2874 4040 2927 4097 ἐν
2949 4046 3019 4118 τῇ
3046 4046 3144 4097 τοῦ
3173 4043 3476 4120 μαρτυρίου
3507 4039 3821 4114 ἀποθέμενος

2182 4127 2412 4206 ἐφύλαξε
2441 4124 2684 4202 κιϐωτῷ.

2251 4219 2375 4278 ’Ότι
2405 4218 2513 4274 ἀπὸ
2536 4219 2631 4291 μὲν
2656 4224 2765 4275 τῶν
2794 4224 3010 4291 κτηνῶν
3044 4222 3073 4276 ὁ
3105 4222 3261 4296 βοῦς,
3292 4224 3385 4280 καὶ
3414 4224 3479 4280 τὸ
3530 4216 3812 4301 πρόϐατον,

2179 4308 2352 4364 καὶτὸ
2380 4304 2643 4382 αίγίδιον,
2702 4309 2778 4374 ὡς
2831 4308 3016 4385 ἥμερα
3071 4312 3163 4367 καὶ
3218 4314 3448 4388 καθαρὰ,
3508 4314 3601 4370 καὶ
3649 4308 3811 4366 εἰκόνα

2178 4403 2288 4455 τῶν
2318 4402 2418 4454 τοῦ
2447 4401 2687 4473 Χριστοῦ
2717 4404 2996 4457 τυποῦντα
3015 4397 3160 4476 προϐ
3173 4403 3333 4474 ίτων,
3366 4402 3444 4468 είς
3501 4404 3683 4470 θυσίαν
3731 4393 3812 4451 καὶ

2179 4486 2553 4545 ὁλοκαύτωσιν
2585 4493 2665 4562 τῷ
2681 4488 2838 4564 νόμῳ
2866 4489 3373 4566 παρείληπται,άπὸ
3405 4490 3464 4550 δὶ
3483 4499 3591 4551 τῶν
3614 4486 3815 4560 πτηνῶν

2185 4577 2323 4650 μόνα
2349 4576 2569 4654 τρυγὼν
2605 4579 2692 4633 καὶ
2727 4581 3041 4655 περιστερὰ,
3075 4581 3136 4635 τὸ
3170 4582 3266 4656 μὶν
3294 4582 3372 4647 ὡς
3435 4581 3695 4658 φίλαγνον
3733 4573 3814 4631 καὶ

2179 4666 2518 4745 φιλήσυχον,
2547 4667 2612 4722 τὸ
2641 4663 2699 4723 δὶ
2729 4667 2805 4731 ὠς
2863 4666 3224 4748 φιλάλληλον
3284 4673 3372 4728 καὶ
3416 4671 3813 4751 φιλάνθρωπον,

420 4759 512 4817 sui
570 4760 864 4834 comparis
922 4764 982 4815 et
1037 4759 1348 4817 hominum
1387 4774 1616 4830 amans,
1647 4766 1972 4833 utrumque
2003 4768 2069 4820 ut

2204 4754 2257 4809 αὶ
2287 4754 2453 4830 ἂμφω
2480 4753 2554 4816 ὡς
2585 4754 2795 4831 καθαρά
2844 4755 2934 4811 καὶ
2982 4756 3211 4831 ἀκέραια
3259 4760 3352 4815 καὶ
3395 4761 3571 4834 ἁγίων
3626 4756 3808 4832 ψυχῶν

419 4865 635 4922 purum
669 4854 727 4906 et
754 4848 1158 4921 impollutum,
1192 4865 1262 4905 ac
1290 4849 1686 4921 proprietates
1733 4858 2072 4910 sanctarum

419 4938 756 4995 animarum
789 4938 898 4995 sub
931 4938 1191 5011 imagine
1221 4937 1508 4997 referens.

489 5032 529 5086 1
542 5030 638 5086 87
657 5032 811 5088 Mare
823 5028 1086 5088 Rubrum
1097 5028 1198 5086 alii
1214 5029 1275 5083 in
1287 5027 1603 5086 duodecim
1615 5036 1814 5102 partes
1828 5031 2069 5092 divisum

416 5120 601 5178 fuisse
634 5120 899 5187 tradunt,
929 5118 1083 5174 sicut
1113 5123 1172 5176 et
1204 5134 1454 5192 magnus
1485 5118 1588 5175 ille
1616 5120 2071 5195 Chrysostomus

415 5208 602 5265 cuivis
628 5196 809 5264 tribui
840 5208 925 5264 ait
952 5205 1319 5280 peculiarem
1372 5208 1690 5266 transitum
1729 5210 2066 5282 praebitum.

414 5298 523 5354 Alii
554 5314 737 5356 unam
770 5303 1003 5355 tantum
1035 5298 1166 5370 ejus
1222 5296 1530 5356 ﬁssionem
1586 5308 1939 5374 agnoscunt,
2000 5321 2068 5361 eo

415 5385 574 5457 quod
627 5387 816 5443 Moses
848 5387 1092 5443 unicum
1123 5387 1306 5444 ictum
1364 5388 1514 5445 mari
1572 5389 1823 5446 dederit.
1879 5393 2067 5450 Israe-

410 5475 536 5532 litis
566 5475 638 5532 de
672 5477 817 5531 mari
852 5477 1105 5550 egressis
1137 5493 1298 5533 mare
1330 5493 1466 5535 cum
1497 5477 1722 5551 impetu
1752 5481 1811 5538 in
1836 5482 2066 5540 alveum

414 5564 655 5625 rediens
685 5567 985 5642 A-Igyptios
1022 5573 1265 5624 necatos
1313 5566 1461 5640 ipsis
1509 5566 1759 5640 obtulit;
1811 5588 2065 5645 quorum

420 5655 727 5726 sedavere,
760 5653 1013 5732 spoliata
1048 5655 1236 5731 prius,
1296 5655 1616 5717 acervatim
1671 5674 2068 5738 congessere;

2184 4840 2460 4914 ἰδιότητας
2485 4842 2986 4920 χαρακτηρίζοντα,
3008 4846 3087 4908 είς
3118 4846 3302 4903 θυσίαν
3334 4849 3424 4905 καὶ
3456 4846 3810 4907 ὁλοκαύτωσιν

2179 4938 2259 5006 τῷ
2286 4931 2445 5006 νόμῳ
2470 4930 2765 5006 ἐξείλεκται
2794 4934 2886 4989 καὶ
2910 4933 3309 5010 παρείληπται.

2250 5023 2502 5092 ’Ότι-τήν
2526 5022 2791 5096 Ἐρυθρὰν
2843 5023 2895 5078 οἱ
2956 5024 3051 5097 μὶν
3111 5025 3188 5088 εἷς
3244 5023 3456 5084 δώδεκα
3508 5026 3678 5102 τομὰς
3732 5017 3810 5076 λι.

2178 5132 2337 5187 γουσι
2396 5116 2654 5181 κοπῆναι,
2710 5113 2893 5176 καθὼς
2950 5114 3040 5170 καὶ
3099 5116 3129 5172 6
3188 5116 3355 5193 μέγας
3440 5112 3807 5194 Χρυσόστομος

2179 5202 2376 5277 ἑκάστῃ
2409 5199 2557 5278 φυλῇ
2589 5197 2738 5277 λέγει
2770 5198 2952 5258 δίοδον
2981 5200 3122 5260 ἰδίαν
3186 5208 3593 5282 παρεχομένην,
3656 5202 3704 5258 οἱ
3756 5194 3806 5253 δὶ

2178 5291 2254 5354 εἰς
2290 5291 2443 5367 μίαν,
2474 5287 2564 5346 διὰ
2590 5290 2654 5346 τὸ
2678 5290 2806 5364 μίαν
2836 5290 3058 5367 πληγὴν
3087 5294 3179 5351 τὸν
3213 5296 3455 5363 Μωϋσῆν
3477 5301 3546 5373 τῇ
3575 5292 3798 5361 θαλάσσῃ

2178 5379 2489 5438 δεδωκέναι.
2537 5381 2662 5435 ’Ὀτι
2692 5384 2801 5435 τῶν
2825 5382 3182 5458 ἰσραηλιτῶν
3233 5392 3335 5456 τῆς
3367 5383 3641 5456 θαλάσσης
3671 5373 3802 5452 ἐξελ-

2177 5471 2381 5527 θόντων
2454 5466 2582 5532 τοὺς
2659 5466 2988 5546 Αἰγυπτίους
3057 5475 3093 5544 ἠ
3188 5473 3431 5532 θάλασσα
3517 5470 3803 5547 ἐκϐράσασα

2175 5557 2399 5637 νεκροὺς
2456 5561 2645 5622 αὐτοῖς
2701 5556 3093 5633 παραδίδωσιν·
3134 5565 3227 5626 οὕς
3280 5564 3373 5620 καὶ
3431 5563 3798 5623 σκυλεύσαντες

2179 5649 2405 5730 βουνοὺς
2434 5648 2823 5722 πεποιήκασιν,
2851 5651 2943 5708 καὶ
2969 5653 3005 5724 ἡ
3045 5658 3116 5731 γῆ
3148 5654 3359 5735 χάνασα
3406 5655 3631 5717 τούτους
3682 5664 3798 5706 κατ’
