4094 6292
248 390 362 454 169

1423 388 1959 454 HISTORIARUM
2007 387 2548 452 COMPENDIUM.

3567 397 3687 459 170

254 520 393 593 ἐπιε,
422 524 565 579 κατά
592 526 662 581 τὸ
696 526 1011 602 εἰρημενονο
1073 550 1103 579 ‹‹
1136 525 1426 595 Ἐξέτεινας
1456 526 1556 595 τὴν
1588 520 1759 595 δεξιάν
1793 545 1910 592 σου,

2041 540 2109 580 ac
2129 528 2302 581 terrae
2326 541 2395 581 ea
2414 525 2581 582 hiatu
2619 525 2898 598 absorpta
2926 532 3083 593 sunt,
3103 526 3255 583 sicut
3267 528 3553 600 scriptum
3577 535 3689 589 est.

254 608 505 669 κατέπιεν
565 615 775 677 αὐτοὺς
981 640 1009 668 »
1106 612 1390 677 Ἐλθὸντες
1459 611 1517 669 δὶ
1605 611 1683 675 sic
1741 613 1927 687 Ἐλὴμ

272 701 427 779 εὖρον
466 699 701 759 δεκαδύο
728 705 912 780 πηγὰς
969 701 1181 760 ὑδάτων
1237 704 1329 759 καὶ
1386 697 1767 776 ἑϐδομήκοντα
1798 721 1924 756 στε-

268 792 415 868 λέχη
463 793 748 872 φοινίκων,
801 793 996 858 οἳτινες
1048 794 1185 864 ἦσαν
1215 794 1384 849 τύποι
1413 797 1519 847 τῶν
1548 792 1786 868 Χριστοῦ
1819 811 1926 865 μα-

268 889 476 955 θητῶν,
534 885 589 943 αἱ
646 886 743 960 μὶν
807 882 1018 941 δώδεκα
1083 884 1252 962 πηγαί
1310 890 1418 940 τῶν
1477 879 1705 939 δεκαδύο
1761 901 1927 958 κορυ-

261 974 468 1054 ιραίων,
501 975 554 1029 οἱ
602 973 660 1030 δὲ
712 970 1097 1050 ἐϐδομήκοντα
1148 973 1387 1051 φοίνικες
1416 978 1523 1029 τῶν
1560 973 1764 1028 τούτων
1800 992 1926 1050 φοι-

262 1067 475 1134 τητῶν,
512 1064 632 1138 μεθ’
662 1065 738 1118 ὢν
787 1067 888 1135 τὴν
917 1063 1252 1138 οἰκουμένην
1311 1063 1627 1125 ποτίσαντες
1658 1063 1756 1131 τὴν
1788 1059 1926 1138 γλυ-

263 1158 422 1208 κεῖαν
452 1154 542 1208 καὶ
574 1152 790 1227 στερεὰν
843 1154 1051 1232 τροιρὴν
1107 1160 1209 1224 τῆς
1263 1152 1583 1230 θεογνωσὲας
1612 1155 1690 1223 τῷ
1730 1150 1922 1224 κόσμῳ

266 1238 665 1318 ἒπώμϐρησαν.
702 1243 775 1301 Τὸ
833 1241 890 1298 δὲ
949 1244 1118 1318 μάννα
1172 1244 1355 1305 αὐτοῖς
1414 1239 1563 1298 δοθὲν
1614 1244 1770 1297 πᾶσιν
1804 1238 1920 1294 ἴσον

266 1335 559 1408 συιήγετο,
618 1332 709 1389 γαὶ
771 1330 980 1406 δυνατῷ
1030 1333 1121 1388 καὶ
1179 1332 1409 1397 ἀσθενεῖ’
1471 1333 1670 1387 ὁποσον
1712 1329 1815 1407 γὰρ
1842 1332 1923 1400 τῷ

266 1421 489 1498 ἰσχυρῷ
540 1424 898 1497 προεθύμήθη
969 1424 1323 1499 συναχθῆναι,
1387 1421 1567 1495 γομὸρ
1633 1421 1920 1495 συνήγετο,

259 1511 401 1587 ὅπερ
463 1511 603 1567 ἐστὶν
665 1511 886 1590 ούγγίαι
972 1509 1360 1587 τριακονταδύο
1420 1511 1619 1584 ἥμισυ,
1695 1509 1786 1564 καὶ
1841 1513 1922 1582 τῷ

259 1601 819 1679 καταρῥᾳοοδμήσαντι
876 1603 1057 1678 γομὸρ
1117 1603 1394 1675 συνήγετο.
1455 1600 1560 1657 Καὶ
1619 1598 1664 1655 εἰ
1713 1598 1789 1660 εἷς
1819 1598 1919 1667 τήν

261 1690 457 1769 αὔριον
490 1693 601 1765 (72)
632 1690 942 1771 ἐφυλάχθη,
999 1692 1084 1765 [Ρ.
1117 1692 1208 1764 ’78]
1261 1686 1349 1746 διὰ
1405 1687 1708 1760 σκωλήκων
1742 1686 1917 1766 ἐφθεί-

262 1801 414 1854 ρετο,
475 1779 626 1843 ἐκτὸς
663 1785 771 1836 τῶν
833 1775 1135 1835 σαϐϐάτων·
1194 1780 1257 1836 τὸ
1324 1781 1428 1857 γὰρ
1480 1780 1551 1850 τῇ
1605 1778 1916 1850 παρασκευῇ

2041 638 2061 663 ι
2090 613 2276 669 Simul
2307 620 2482 687 atque
2517 614 2832 670 extendisti
2864 633 3107 672 manum
3141 622 3324 684 tuam,
3367 617 3501 673 illos
3534 624 3693 674 terra

2036 703 2340 776 deglutivit
2359 704 2424 758 ‘0.
2452 726 2478 753 ››
2504 703 2645 759 Cum
2677 704 2751 760 ad
2778 706 2965 761 Elima
2995 706 3310 774 venissent,
3337 706 3694 763 invenerunt

2038 796 2104 847 12
2158 794 2353 849 fontes
2412 810 2699 865 aquarum
2759 810 2827 850 ac
2884 798 2953 849 7O
3018 802 3258 851 truncos
3333 797 3688 868 palmarum.

2033 884 2214 938 Erant
2243 883 2305 938 hi
2335 884 2459 955 typi
2505 883 2933 956 discipulorum
2993 885 3231 942 Christi.
3264 887 3345 941 Ac
3376 885 3689 942 duodecim

2034 971 2276 1043 quidem
2326 972 2524 1029 fontes
2583 971 2898 1028 duodecim
2956 974 3277 1046 apostolos,
3311 977 3690 1048 septuaginta

2033 1060 2246 1134 palmas
2277 1078 2483 1119 eorum
2514 1062 2837 1134 discipulos
2889 1063 3343 1136 significabant:
3377 1081 3483 1137 per
3540 1081 3690 1138 quos

2033 1153 2235 1208 orbem
2288 1158 2582 1209 terrarum
2641 1153 2979 1226 irrigantes,
3040 1153 3197 1210 dulci
3230 1171 3297 1210 ac
3337 1155 3526 1211 solido
3555 1157 3687 1212 cibo

2032 1242 2244 1298 divinae
2276 1244 2631 1315 cognitionis
2664 1244 2954 1299 mundum
3009 1244 3445 1301 humectarunt.
3480 1248 3691 1302 Manna

2032 1340 2252 1402 autem,
2285 1334 2444 1406 quod
2471 1334 2615 1406 ipsis
2647 1335 2849 1390 datum
2881 1335 3015 1401 fuit,
3048 1335 3121 1390 ab
3153 1336 3437 1391 omnibus
3476 1336 3690 1408 aequali

2032 1424 2423 1496 colligebatur
2452 1439 2754 1492 mensura,
2819 1430 3044 1479 tantum
3072 1441 3108 1481 a
3163 1425 3360 1480 valido
3399 1431 3690 1495 quantum

2032 1512 2104 1568 ab
2133 1512 2442 1568 imbecilli.
2478 1515 2620 1569 Nam
2650 1530 2846 1584 neque
2885 1513 3116 1569 validus
3172 1530 3415 1587 gomore
3446 1516 3539 1583 (ea
3596 1520 3689 1570 est

2031 1619 2314 1658 mensura
2371 1603 2686 1659 unciarum
2745 1604 2813 1658 32
2872 1620 3008 1658 cum
3041 1604 3310 1675 semisse)
3341 1604 3597 1675 amplius
3627 1608 3685 1659 et

2030 1691 2402 1747 tantumdem
2435 1692 2678 1764 ignavus
2709 1691 3044 1765 colligebat.
3078 1692 3243 1757 Quod
3273 1693 3335 1748 in
3358 1693 3683 1749 crastinum

2030 1780 2471 1848 adservabatur,
2532 1780 2593 1836 id
2650 1797 2879 1837 vermes
2924 1781 3408 1854 corrumpebant,
3443 1782 3680 1855 dempto

260 1863 635 1944 συναγόμενον
663 1868 756 1923 καὶ
810 1873 893 1942 τῷ
930 1862 1203 1941 σαϐϐάτῳ
1234 1865 1619 1943 διεφυλάττετο
1656 1860 1910 1927 ἀϐλαϐὲς.

2028 1870 2271 1925 sabbato
2300 1887 2310 1924 :
2338 1868 2495 1941 quod
2518 1870 2679 1925 enim
2704 1870 2895 1941 pridie
2928 1871 3153 1927 sabbati
3191 1870 3598 1943 colligebatur,
3622 1871 3683 1926 id

253 1957 447 2020 Τύπος
481 1955 537 2013 δὲ
569 1959 633 2028 ἦν
664 1963 828 2013 τοῦτο
877 1958 940 2014 τὸ
983 1955 1311 2037 ἀδιάφθορον
1341 1954 1526 2028 δηλῶν
1559 1960 1660 2013 τοῦ
1704 1962 1909 2010 Δεσπο-

247 2047 412 2103 τικοῦ
444 2049 701 2122 σώματος
740 2047 877 2103 κατά
921 2048 1013 2102 τὸν
1065 2047 1254 2123 καιρὸν
1309 2048 1406 2119 τῆς
1460 2052 1660 2126 ταφῆς,
1693 2048 1907 2121 σταυρῷ

251 2136 355 2209 μὲν
400 2135 491 2191 καὶ
538 2134 697 2205 ἣλοις
754 2136 845 2191 καὶ
904 2134 1088 2212 λόγχῃ
1147 2140 1387 2215 φυσικῶς
1419 2136 1682 2197 πεπονθὸς
1714 2135 1911 2208 ὁμοιο-

250 2228 445 2290 παθῶς
493 2228 652 2300 ἡμῖν,
702 2222 997 2306 διαφθορὰς
1065 2224 1123 2280 δὲ
1171 2227 1260 2281 καὶ
1319 2223 1565 2280 διάλυσιν
1599 2220 1728 2299 μηδ’
1760 2221 1908 2287 ὅλως

251 2314 698 2389 ὑπομμενηκὸς.
743 2320 1022 2391 Προτυποῖ
1078 2311 1137 2370 δὲ
1188 2315 1251 2369 τὸ
1308 2314 1482 2389 μάννα
1527 2314 1617 2370 καὶ
1645 2315 1744 2383 τήν
1775 2313 1908 2368 πάν-

250 2425 419 2481 αγνον
450 2406 776 2481 Θεομήτορα
830 2405 920 2460 καὶ
978 2405 1070 2460 τὸν
1124 2404 1241 2459 κατ’
1294 2405 1488 2479 ἀρετήν
1551 2403 1688 2480 βίον.
1730 2405 1906 2460 Τοῦτο

250 2495 315 2552 τὸ
377 2493 549 2567 μάννα
604 2492 797 2573 ἔφαγον
856 2489 1100 2568 Ἑϐραῖοι
1163 2493 1216 2550 ἐν
1268 2498 1339 2570 τῇ
1399 2494 1591 2571 ἐρήμῳ
1646 2495 1904 2570 τεσσαρά-

247 2605 418 2641 κοντα
447 2579 567 2655 ἶττγ
598 2584 689 2640 καὶ
743 2584 845 2659 γὰρ
899 2586 934 2653 ἠ
987 2590 1131 2639 πᾶσα
1189 2582 1314 2648 ὁδὸς
1364 2590 1464 2654 τῆς
1495 2584 1602 2640 ἀπὸ
1631 2583 1904 2659 Αἰγύπτου

251 2672 577 2746 ἰξελεύσεως
632 2679 742 2731 τῶν
797 2670 1088 2749 Ἐϐραίων,
1146 2675 1252 2732 ἀπὸ
1313 2674 1531 2748 Κάδδης
1573 2676 1744 2752 βαρνῆ
1799 2672 1903 2736 ἕως

251 2768 536 2846 φάραγγος
594 2767 788 2840 Σαρὲθ,
854 2769 928 2839 μὴ
990 2767 1124 2821 οὖσα
1174 2765 1343 2822 πλέον
1395 2771 1505 2823 τῶν
1563 2768 1904 2837 πεντήκοντα

248 2858 499 2930 ἡμερῶν,
550 2855 737 2918 αὐτοῖς
792 2850 1301 2931 καταρεμϐομένοις
1363 2856 1464 2913 ὑπὸ
1499 2859 1658 2924 Θεοῦ,
1704 2853 1756 2910 ἐν
1815 2853 1907 2925 λη⁸

250 2946 481 3020 χρόνοις
510 2942 819 3016 διήνυσται.

321 3216 449 3272 ’Ὁτι
478 3213 869 3289 πολεμούντων
924 3220 1031 3272 τῶν
1087 3214 1445 3292 Ἰσραηλιτῶν
1503 3216 1595 3272 τὸν
1643 3213 1903 3290 Ἀμαλὴκ

262 3300 356 3358 διὸ.
404 3306 580 3374 ’ὶησοῦ
631 3307 730 3359 τοῦ
792 3307 971 3375 Ναυῆ,
1025 3306 1086 3368 ὃς
1141 3305 1247 3381 πρὸ
1302 3306 1500 3361 τούτου
1539 3304 1759 3375 Ναύσης
1789 3306 1897 3377 (73)

265 3389 534 3462 ἐκαλεῖτο,
563 3394 800 3463 Μωϋσῆς
855 3393 950 3456 τὰς
1006 3399 1197 3473 χεῖρας
1253 3392 1615 3470 σταυροειδῶς
1657 3393 1900 3473 ἐξέτεινε,

261 3479 355 3535 καὶ
411 3478 689 3556 ἐκράτησεν
751 3483 780 3537 ὁ
831 3483 1053 3559 Ἰσραὴλ
1131 3488 1227 3539 τοῦ
1280 3482 1563 3559 Ἀμαλήκ.
1632 3485 1796 3540 Ἐπὰν
1846 3480 1904 3538 δὲ

255 3569 520 3640 ἆτονήσας
575 3579 809 3640 καθῆκεν
869 3571 1052 3642 αὐτὰς,
1114 3571 1321 3648 ἐκράτει
1365 3575 1393 3627 ὁ
1452 3570 1728 3647 ’Λμαλήκ.
1764 3571 1904 3630 Τότε

250 3659 462 3731 Ἀαρὼν
489 3659 580 3714 καὶ
612 3660 711 3728 Ὠρ
774 3659 1061 3722 ὑποθέντες
1110 3668 1230 3724 ταῖς
1290 3661 1477 3736 χερσὶν
1512 3661 1675 3717 αὐτοῦ
1705 3663 1901 3737 πέτρας

247 3746 519 3825 ἐρύλήαν
569 3746 730 3803 αὐτὸν
785 3745 890 3812 ἕως
960 3747 1163 3812 δύσεως
1221 3749 1407 3820 ἡλίου.
1438 3751 1589 3815 Ὅθεν
1626 3751 1717 3807 καὶ
1773 3773 1903 3807 κατ-

245 3841 607 3916 ετροπώσατο
638 3844 853 3914 Ἰησοῦς
902 3843 995 3898 τὸν
1051 3839 1327 3917 Ἀμαλὴκ,
1369 3843 1687 3907 ἀποκτείνας
1739 3842 1900 3901 αὑτὸν

249 3929 429 4006 μαχαί
438 3951 468 4006 ρ
478 3952 527 4001 α.

316 4021 444 4076 Ὀτι
477 4018 768 4093 Φορωνεὺς
807 4022 835 4075 ὁ
865 4024 990 4083 παῖς
1043 4018 1259 4095 Ἰνάχου
1315 4019 1407 4076 καὶ
1456 4016 1662 4093 Νιόϐης
1689 4024 1906 4098 πρῶτος

247 4108 473 4183 λέγεται
529 4111 661 4181 παρ’
713 4107 953 4180 Ἐλλησι
1008 4109 1210 4183 νόμους
1267 4109 1356 4165 καὶ
1412 4113 1669 4187 κριτήρια
1701 4112 1903 4171 θέσθαι.

244 4199 313 4254 Ἠ
374 4195 434 4253 δὲ
490 4199 683 4274 Κρήτη
741 4199 848 4254 ἀπὸ
921 4200 1139 4276 Κρητός
1210 4220 1360 4263 τινος
1417 4197 1677 4276 ἄρξαντος
1734 4200 1907 4257 ἐκεῖσε

247 4285 588 4360 ὠνόμασται.

319 4379 446 4436 εὈτι
476 4381 513 4448 ἡ
545 4377 892 4444 Σκυθόπολις
949 4381 1064 4455 (74)
1123 4379 1298 4438 Βασᾶν
1358 4378 1582 4460 ἐΛέγετο
1617 4379 1902 4459 πρὸτερον.

324 4476 377 4512 *ο
398 4479 581 4534 Exod.
614 4496 704 4548 xv,
740 4483 824 4537 l2.

2025 1960 2202 2020 etiam
2233 1977 2340 2032 per
2384 1960 2696 2016 sabbatum
2730 1960 3054 2033 integritati
3088 1979 3208 2017 sua:
3234 1961 3562 2018 constabat.
3595 1963 3675 2016 Eo

2020 2049 2487 2106 adumbrabatur
2519 2066 2734 2122 corpus
2763 2050 3087 2106 Servatoris
3131 2052 3342 2118 nostri,
3375 2068 3491 2122 quo
3526 2056 3674 2106 tem-

2019 2156 2161 2211 pore
2193 2140 2254 2194 in
2290 2139 2564 2212 sequlcro
2590 2146 2714 2196 erat
2740 2140 3029 2210 futurum,
3053 2142 3248 2196 omnis
3274 2141 3672 2212 corruptionis

2018 2243 2230 2300 expers
2282 2228 2430 2284 fore.
2492 2231 2637 2285 Nam
2697 2230 2758 2284 in
2791 2246 2963 2285 cruce
2996 2246 3065 2286 ea
3096 2246 3226 2301 quas
3258 2229 3522 2286 humana
3556 2230 3669 2285 fert

2017 2323 2229 2372 natura
2242 2334 2309 2374 ac
2330 2323 2546 2374 nostra:
2568 2318 2803 2386 similis,
2821 2335 2854 2374 a
2877 2318 3054 2373 clavis
3078 2323 3203 2373 erat
3244 2323 3421 2389 atque
3464 2317 3673 2375 lancea

2016 2424 2363 2479 perpessum
2390 2424 2402 2461 :
2436 2406 2539 2463 sed
2567 2423 2763 2479 neque
2796 2408 2981 2463 ullam
3000 2408 3088 2463 vel
3110 2408 3552 2479 corruptionem
3574 2417 3675 2472 vel

2016 2497 2468 2553 dissolutionem
2502 2503 2788 2552 senserat.
2823 2497 3227 2553 Castissimam
3269 2514 3503 2570 quoque
3562 2490 3669 2553 Dei

2017 2587 2376 2642 Genitricem
2433 2587 2585 2642 138
2647 2604 2866 2643 manna
2921 2586 3279 2661 prmﬁgurat,
3342 2593 3399 2643 et
3484 2588 3666 2643 vitam

2016 2676 2344 2732 secundum
2401 2676 2677 2732 virtutem
2734 2677 3089 2733 institutam.
3145 2677 3411 2734 Ederunt
3440 2676 3672 2733 Hebraei

2015 2781 2233 2821 manna
2260 2765 2418 2821 istud
2448 2765 2509 2821 in
2541 2765 2862 2822 solitudine
2895 2783 3000 2837 per
3029 2782 3218 2821 annos
3251 2765 3664 2839 quadraginta.

2014 2856 2132 2910 Iter
2161 2855 2319 2910 enim
2351 2855 2733 2912 Hebraeorum
2757 2856 2829 2911 ab
2856 2855 3082 2928 Egypti
3109 2871 3367 2928 egressu,
3394 2872 3429 2911 a
3461 2856 3671 2913 Cades-

2014 2944 2237 3001 barnea
2282 2961 2472 3016 usque
2519 2945 2593 3002 ad
2644 2945 2855 3001 vallem
2905 2945 3234 3014 Zaretham,
3278 2961 3411 3000 cum
3440 2962 3561 3001 non
3594 2945 3672 3002 sit

2014 3033 2339 3105 plurimum
2371 3035 2438 3088 5O
2465 3033 2717 3099 dierum,
2750 3033 2822 3089 ab
2858 3033 3003 3105 ipsis
3031 3032 3312 3089 divinitus
3359 3034 3496 3090 hinc
3528 3033 3667 3091 inde

2013 3122 2202 3177 otiose
2227 3122 2421 3193 vagari
2449 3122 2667 3178 coactis
2693 3121 2868 3177 annis
2900 3122 3039 3177 totis
3065 3122 3132 3176 38
3165 3127 3256 3177 est
3299 3121 3660 3179 confectum.

2082 3213 2258 3267 Josua
2289 3212 2471 3267 Nunis
2494 3211 2652 3267 filius
2674 3211 2953 3268 adversus
2976 3212 3321 3269 Amalecum
3350 3210 3661 3285 proeliante

2006 3302 2099 3373 (eo
2133 3301 2230 3373 qui
2264 3306 2400 3355 ante
2432 3300 2581 3356 Osea
2610 3300 2721 3355 fuit
2755 3300 2989 3374 dictus),
3026 3301 3311 3373 quamdiu
3352 3303 3539 3358 Moses
3598 3303 3660 3358 in

2012 3389 2205 3445 crucis
2259 3389 2512 3445 formam
2572 3406 2783 3445 manus
2842 3390 3121 3458 intendit,
3180 3391 3426 3447 victoria
3474 3408 3659 3463 penes

2010 3478 2319 3534 Israelicos
2349 3478 2478 3545 fuit,
2514 3479 2851 3535 remittente
2884 3496 3099 3535 manus
3144 3482 3299 3536 Mose
3349 3481 3666 3538 Amalecus

2010 3567 2335 3640 praevaluit.
2366 3569 2569 3640 Itaque
2598 3571 2791 3624 Aaron
2823 3576 2882 3625 et
2912 3571 2989 3625 Or
3020 3570 3295 3626 manibus
3354 3572 3483 3642 ejus
3525 3588 3666 3627 saxa

2013 3663 2472 3729 supposuerunt,
2507 3662 2570 3712 ut
2601 3675 2789 3729 usque
2821 3658 2895 3713 ad
2927 3675 3201 3714 occasum
3235 3658 3377 3714 solis
3420 3660 3501 3713 ita
3529 3676 3668 3730 pre-

2013 3745 2200 3801 cando
2233 3746 2491 3802 duraret.
2528 3749 2608 3801 Ac
2637 3748 2814 3803 Josua
2844 3747 3189 3804 Amalecum
3220 3747 3376 3803 ferro
3401 3748 3673 3806 concidit

2015 3841 2200 3907 atque
2233 3835 2385 3892 vires
2417 3836 2546 3907 ejus
2585 3837 2826 3892 attrivit.

2085 4029 2430 4085 Phoroneus
2462 4028 2663 4085 Inachi
2697 4033 2755 4084 et
2795 4028 2997 4085 Niobae
3031 4029 3191 4084 ﬁlius
3222 4029 3455 4100 primus
3485 4028 3678 4086 fertur

2015 4118 2231 4173 Graecis
2262 4119 2420 4191 leges
2452 4117 2689 4174 dedisse
2720 4136 2787 4174 ac
2806 4117 3036 4190 judicia
3064 4119 3466 4177 constituisse.
3500 4120 3671 4174 Creta

2014 4212 2211 4263 autem
2244 4224 2279 4263 a
2306 4208 2474 4263 Crete
2497 4207 2776 4278 quodam,
2810 4207 2911 4278 qui
2935 4206 3015 4261 ibi
3046 4208 3367 4280 imperium
3388 4207 3667 4278 obtinuit,

2013 4298 2321 4354 nominata
2346 4302 2454 4353 est.

2087 4385 2457 4458 Scythopolis
2487 4390 2666 4442 antea
2696 4386 2940 4442 Basanis
2971 4402 3194 4442 nomen
3226 4386 3427 4460 gessit.

1423 4553 1792 4611 XYLANDRI
1833 4556 1917 4611 ET
1956 4554 2176 4614 GOARI
2216 4557 2438 4612 NOTAE.

323 4650 785 4743 agmegmauna
813 4651 940 4709 haec
967 4657 1108 4743 sunt
1136 4652 1210 4708 ad
1238 4653 1567 4741 marginem
1580 4671 1604 4739 ξ
1630 4653 1702 4743 Τρ
1736 4651 1909 4743 μάννα
1939 4658 1986 4722 D
2017 4671 2195 4738 quem
2223 4655 2566 4743 Judaoi‘non
2592 4656 2983 4743 recipiu‘ntin
3024 4658 3437 4743 auctoritatem
3486 4675 3666 4742 cano.

246 4720 276 4775 ὁ
311 4718 506 4796 Φξλων
538 4721 857 4796 ἑρμηνεύων
905 4723 1171 4796 *τοιαύτην
1233 4718 1400 4796 φησξῖ
1444 4721 1608 4779 αἱ)τοῦ
1641 4718 1903 4794 εἶναιτὴν

245 4792 746 4861 ποιότητα,’ὣστε
795 4794 1080 4874 κατὰ“τὴν
1130 4792 1440 4874 φαντασίαν.
1482 4799 1581 4874 τ-οὖ
1639 4792 1906 4874 ἐσθίοντος

253 4868 701 4939 μετακιρνέισθαι,
759 4867 849 4920 καὶ
884 4866 1079 4939 ,εἶναι’
1141 4866 1235 4939 μὲν
1324 4866 1440 4939 καθ’
1508 4867 1665 4939 ἑαυτὸ
1741 4869 1908 4925 οἱονεὶ

245 4934 822 5014 κέηρον-ἒᾴίημένον
880 4934 933 4991 ἐν
996 4934 1202 5014 μέλιτι,
1265 4935 1617 5014 παρέχειν
1668 4942 1756 4993 νῦν
1810 4942 1907 5014 μὲν

246 5005 563 5084 ἄρὲςῖνηνῦν
588 5005 672 5064 ’δῖ
703 5007 887 5084 κρέαςὶ
930 5005 1025 5084 καὶ
1082 5008 1243 5084 κρέα-ς
1298 5005 1571 5084 mssast}
1599 5005 1844 5084 τςετεινοδ
1871 5013 1906 5080 ἤ

298 5079 547 5157 ερσαίου,
594 5079 816 5157 νύν-’δὲ
874 5079 1125 5157 λαχανον
1166 5080 1241 5157 ξτρ-
1288 5081 1425 5135 κατά
1477 5081 1578 5149 τήν
1622 5079 1911 5157 ἐπιθυμίαν

298 5100 547 5151 ερσαιου,
607 5102 697 5134 νυν
759 5099 816 5135 οε
874 5099 1114 5155 Λαχανον
1167 5099 1230 5134 το
1288 5100 1425 5135 κατα
1477 5100 1578 5149 την
1622 5099 1908 5157 επιυυμιαν

251 5099 492 5207 ἒιάστου
519 5151 612 5227 καὶ
645 5152 855 5227 ἰχθύος,
915 5151 991 5227 ᾡς
1042 5152 1106 5227 to
1166 5150 1502 5227 ialmpafcﬁq
1530 5155 1661 5227 καθἈ
1681 5148 1908 5210 ἕκαστον

254 5226 418 5298 γένος
448 5218 749 5298 ποιότητος
794 5218 1038 5295 ἀκριϐῶς
1088 5221 1140 5277 ἐν
1185 5225 1254 5298 τῇ
1298 5218 1479 5298 γεύσει
1499 5228 1606 5298 τοῦ
1643 5222 1913 5289 ἐσθίοντος

246 5293 646 5374 διασῴζεσθαιέ
697 5293 1014 5374 C_aa_ter‘um_
1046 5293 1356 5374 ascribam_
1395 5296 1572 5374 verba
1595 5298 1678 5374 _D.
1712 5303 1911 5374 Augu-

248 5368 502 5444 stiniex
538 5371 642 5444 [18
672 5368 746 5423 ad
774 5368 1123 5444 Ianuarium
1146 5367 1397 5439 epistola
1424 5369 1677 5444 :_«_Valet
1709 5367 1912 5444 etiam,

248 5441 473 5517 inquit,
507 5440 584 5517 ad
615 5441 771 5517 _hanc
802 5439 1278 5517 similitudinem,
1309 5440 1465 5509 quod
1494 5439 1909 5517 in_primo_pol

248 5459 473 5567 111111”,
507 5459 584 5495 ad
623 5459 771 5495 nano
802 5459 1278 5503 sumuwmnem,
1309 5459 1465 5509 quoa
1494 5459 1555 5495 in
1586 5459 1777 5512 primo
1806 5462 1909 5517 po-

245 5530 328 5584 pu
357 5529 392 5567 o
418 5512 750 5583 unicuique
781 5528 1002 5584 manna
1030 5511 1356 5566 secundum
1381 5512 1680 5584 propriam
1703 5515 1913 5571 volun-

246 5582 437 5640 tatem
470 5584 535 5639 in
568 5582 671 5640 ore
688 5582 985 5659 _sapiebat,
1016 5604 1044 5633 »
1079 5588 1216 5659 etc”
1270 5599 1413 5659 quae
1443 5582 1619 5659 verba
1650 5601 1756 5641 sua
1785 5588 1915 5659 ipsa

246 5671 579 5712 recensens
609 5672 650 5711 ιι
679 5653 917 5712 Retract.
950 5670 1046 5719 xx,
1080 5675 1110 5703 α
1139 5655 1289 5723 Non,
1340 5653 1443 5721 ait,
1476 5655 1624 5709 mihi
1654 5653 1917 5715 occurrit

243 5727 408 5785 unde
438 5728 556 5785 hoc
584 5725 826 5800 probari
870 5726 1062 5800 possit
1099 5726 1215 5782 nisi
1268 5742 1337 5783 ex
1385 5724 1539 5783 libro
1570 5726 1909 5803 Sapientia),

528 5843 803 5910 ΡΑ-ηοι..
851 5844 963 5909 Gn.
1009 5842 1217 5908 CXXI.

2016 4726 2251 4803 nicarn;
2285 4726 2445 4803 quod
2499 4726 3031 4803 tamen—ﬁdelibus
3091 4732 3281 4803 potuit
3334 4732 3664 4803 provenire.

2016 4816 2137 4875 non
2168 4799 2287 4875 illis
2318 4799 2597 4855 adversus
2620 4802 2803 4875 Deum
2829 4799 3387 4875 murmuratoribus,
3418 4802 3667 4875 quipro-

2016 4872 2170 4930 fecto
2201 4870 2348 4926 alias
2379 4888 2543 4928 escas
2574 4890 2694 4928 non
2726 4872 3158 4940 desiderarent,
3188 4874 3234 4927 si
3267 4874 3377 4928 hoc
3425 4870 3510 4929 eis
3534 4870 3659 4930 'sa-

2018 4948 2185 5016 peret
2217 4959 2437 4999 manna
2466 4944 2625 5016 quod
2654 4945 2890 4999 vellent.
2927 4966 2957 4995 ››
2982 4945 3165 4999 Locus
3191 4944 3327 4999 libri
3349 4945 3664 5015 Sapientim

2018 5015 2108 5071 est
2137 5031 2188 5070 c.
2250 5032 2359 5082 va,
2411 5020 2470 5069 et
2516 5015 2734 5070 librum
2783 5016 3047 5070 Philonis
3098 5015 3323 5070 Hebraei
3375 5016 3666 5071 creditum

2019 5103 2150 5142 esse
2163 5086 2269 5213 >γει
2310 5102 2383 5140 ex
2434 5088 2500 5143 D.
2560 5086 2899 5159 Hieronymi
2957 5085 3405 5158 prmfatiuncula
3456 5092 3663 5142 notum

2020 5164 2128 5213 est.
2220 5174 2305 5212 γι..

2020 5164 2128 5213 est.
2163 5164 2305 5213 ΧΠ..

2091 5227 2538 5300 (73)νοΙΑὐσῆ.
2616 5229 2753 5284 Vide
2808 5229 2980 5288 Num.
3010 5246 3111 5285 xm
3168 5234 3227 5285 et
3263 5228 3475 5285 Euseb.
3519 5230 3661 5287 Hist.

2019 5302 2202 5356 eccles.
2226 5302 2271 5369 Ι,
2303 5302 2354 5355 4.
2389 5302 2524 5354 XYL.

2092 5374 2202 5445 (74)
2253 5370 2597 5445 ζικυθᾴπολις
2657 5371 2789 5445 legi,
2842 5388 2978 5428 cum
3039 5373 3333 5445 scriptura
3398 5372 3667 5430 videatur

2022 5440 2350 5518 συνθόπολις
2387 5443 2648 5518 habere.
2707 5440 2831 5507 Qua
2886 5461 3022 5518 vero
3106 5440 3418 5501 occasione
3487 5447 3669 5518 hujus

2021 5514 2185 5588 urbis
2210 5515 2439 5588 _mentio
2470 5515 2568 5569 hic
2588 5514 2721 5588 _ﬁat,
2757 5531 2875 5588 non
2908 5516 3096 5588 habeo
3128 5518 3484 5588 excogitare.
3530 5514 3673 5588 sey-

2022 5586 2313 5657 tbopolim
2341 5586 2546 5640 urbem
2580 5585 2760 5641 fuisse
2793 5586 2854 5641 in
2912 5587 3131 5642 finibus
3187 5585 3444 5644 Galilzem
3500 5585 3673 5643 docet

2022 5657 2443 5722 Strabol.oxv1,
2474 5657 2576 5713 ubi
2631 5657 2810 5713 refert
2867 5659 3164 5729 quomodo
3220 5661 3440 5721 Judaaaa
3496 5662 3676 5716 Pom-

2021 5729 2195 5804 peius
2226 5731 2466 5804 Magnus
2495 5730 2572 5787 sit
2600 5730 2843 5801 potitus.
2869 5730 3152 5804 Stephani
3182 5732 3361 5788 verba
3380 5734 3518 5788 sunt
3547 5746 3672 5787 cor-

3419 5846 3457 5907 ὃ
