4106 6288
451 336 564 399 ΓΗ

519 469 816 526 Hactenus
871 467 1133 540 quinque
1189 467 1363 522 Mosis
1418 464 1556 521 libri
1615 461 2094 534 complectuntur
2121 461 2175 528 Α

445 559 758 616 historiam
787 563 964 629 atque
995 574 1088 612 res
1124 563 1320 630 gestas
1374 556 1446 613 ab
1504 555 1729 612 Adamo
1788 559 1879 610 ter
1929 551 2095 609 mille

447 651 924 723 octingentorum
957 649 1263 720 sexaginta
1291 653 1520 718 septem
1551 661 1866 702 annorum.

516 739 582 794 ln
613 736 794 792 divini
827 737 1092 808 mysterii
1125 735 1547 802 celebratione,
1579 732 1722 790 urbs
1763 737 1969 788 sancta
2021 729 2094 786 de

442 843 594 883 novo
624 842 779 898 pane
811 830 1082 881 sanctum
1113 825 1334 896 pascha
1363 824 1554 879 oﬂ‘ert.

515 990 579 1044 In
605 993 805 1042 monte
833 985 994 1042 Sinai
1018 987 1204 1042 Moses
1219 991 1352 1041 ante
1368 983 1574 1040 oculos
1594 983 2094 1040 vidituniversum

442 1095 594 1134 arcas
625 1082 998 1149 apparatum,
1029 1077 1315 1132 amictum
1331 1074 1652 1148 pontiﬁcis,
1685 1081 1862 1146 atque
1892 1071 2096 1128 omnia

443 1165 516 1222 ad
537 1183 673 1223 eum
696 1166 1076 1238 pertinentia,
1102 1165 1413 1230 flbulam,l
1428 1165 1526 1220 89
1551 1164 1831 1219 tabellam
1846 1161 2092 1231 oraculi,

445 1273 578 1328 quae
595 1255 891 1328 pendebat
903 1255 976 1311 ad
989 1261 1195 1326 pectus
1208 1253 1507 1325 pontificis
1520 1253 1760 1308 maximi
1781 1251 2095 1309 duodecim

445 1352 653 1403 ornata
681 1346 952 1419 gemmis,
987 1361 1240 1416 quarum
1279 1343 1508 1421 fulgore
1569 1341 1710 1414 quid
1769 1339 2094 1413 expediret,

443 1435 859 1493 obscuratione
889 1433 1034 1505 quid
1059 1433 1276 1490 damno
1307 1432 1461 1488 foret
1506 1429 1969 1504 significabatur.
2006 1428 2090 1484 Ad

443 1541 648 1580 eorum
677 1523 1071 1580 imitationem
1102 1521 1359 1577 confecit
1386 1536 1586 1576 arcam
1617 1536 1752 1574 cum
1777 1519 1940 1574 omni
2002 1517 2094 1572 in-

446 1618 800 1669 strumento.
833 1613 992 1671 Tunc
1023 1617 1082 1666 et
1111 1611 1340 1683 priores
1359 1609 1586 1681 accepit
1607 1607 1860 1673 tabulas,
1884 1605 2096 1662 Deum-

447 1721 562 1776 que
589 1704 814 1761 audivit
841 1720 948 1776 per
975 1704 1125 1758 iram
1157 1703 1284 1758 haec
1313 1701 1608 1758 dicentem
1633 1716 1647 1756 :
1671 1722 1698 1750 ‹‹
1724 1699 2005 1756 Permitte
2029 1701 2096 1754 ut

443 1810 544 1849 eos
575 1793 828 1858 deleam,
862 1798 1038 1862 atque
1070 1808 1142 1847 ex
1179 1797 1235 1846 te
1267 1789 1482 1846 deinde
1519 1795 1760 1861 gentem
1817 1803 2094 1890 magnam
2125 1827 2170 1890 Β

439 1888 620 1954 atque
649 1887 953 1954 potentem
978 1896 1297 1953 propagem
1330 1881 1398 1933 υ.
1427 1902 1448 1928 ι
1482 1879 1595 1934 Sed
1623 1878 1815 1934 Moses
1845 1877 1969 1932 suis
1990 1875 2091 1931 de-

439 1971 884 2044 precationibus
916 1972 1066 2026 iram
1107 1969 1204 2024 Dei
1263 1968 1456 2024 leniit.
1489 1968 1634 2023 Cum
1691 1982 1725 2022 a
1755 1972 1958 2021 monte
1987 1964 2095 2020 de-

441 2059 793 2127 scendisset,
816 2057 1218 2130 vitulumigne
1233 2055 1560 2112 combussit
1579 2055 1758 2126 inque
1787 2053 2092 2126 pulverem

437 2150 695 2223 redegit:
717 2151 876 2206 hunc
892 2164 1047 2220 aqua
1062 2147 1362 2219 inspersit,
1382 2163 1512 2202 eam
1530 2145 1748 2218 populo
1769 2143 2092 2200 bibendam

436 2242 726 2298 exhibuit.
754 2244 1021 2313 Cumque
1050 2240 1210 2296 bello
1242 2239 1528 2294 intestino
1559 2240 1744 2298 Deum
1776 2237 2090 2309 placasset,

431 2347 638 2387 rursus
651 2331 851 2386 inedia
861 2329 1250 2402 quadraginta
1262 2327 1494 2384 dierum
1509 2327 1756 2383 tolerata
1767 2327 1829 2381 in
1845 2331 2094 2381 montem

434 2420 619 2476 evasit
647 2436 713 2475 ac
745 2420 1106 2492 posteriores
1139 2417 1368 2474 tabulas
1426 2416 1673 2488 accepit.
1711 2417 1871 2472 Tunc
1907 2415 2089 2470 etiam

433 2509 672 2566 Domini
705 2509 1078 2580 majestatem
1111 2506 1257 2560 vidit
1300 2507 1467 2561 rimas
1523 2506 1647 2561 saxi
1707 2504 1998 2570 assidens,
2031 2509 2089 2560 et

431 2598 612 2656 facies
639 2597 824 2670 ipsius
855 2598 1153 2652 illustrata
1191 2601 1301 2652 est.
1337 2597 1448 2650 Per
1497 2595 1828 2666 posteriora
1886 2600 2086 2650 autem

431 2689 535 2745 Dei
561 2687 895 2760 intelligere
927 2686 1108 2742 debes
1137 2684 1368 2741 divinas
1401 2685 1877 2756 dispensationes
1907 2690 2084 2755 atque

433 2777 795 2832 eﬂ‘ectiones.
831 2777 944 2831 Per
969 2791 1178 2831 saxum
1223 2775 1362 2830 fidei
1395 2775 1738 2830 firmitatem
1767 2773 2082 2828 inconcus-

435 2882 580 2922 sam.
605 2865 714 2920 Per
734 2865 859 2920 saxi
886 2864 1100 2920 rimam
1133 2863 1268 2918 lidei
1293 2863 1534 2919 oculum
1559 2879 1572 2918 :
1598 2879 1665 2919 eo
1689 2863 1852 2918 enim
1874 2863 2082 2932 Moses,

430 2961 486 3012 et
517 2955 619 3027 qui
641 2971 780 3011 eum
801 2954 1133 3024 imitantur,
1158 2953 1464 3010 inaccessa
1477 2959 1536 3011 et
1555 2953 1877 3008 invisibilia
1905 2951 2081 3009 attin-

433 3052 596 3120 gunt.
628 3046 742 3100 Per
795 3043 1066 3100 velamen
1097 3043 1618 3100 incredulitatem:
1654 3041 1890 3115 quando
1923 3041 2082 3097 enim

436 3137 554 3191 Deo
587 3135 776 3191 credit
805 3135 1004 3197 homo,
1036 3140 1179 3190 tunc
1209 3135 1494 3200 aufertur,
1524 3140 1672 3190 teste
1701 3131 1982 3205 Apostolo
2012 3131 2080 3188 ⁴².

437 3226 598 3280 Tunc
629 3225 810 3280 etiam
840 3240 1004 3279 aram
1034 3224 1358 3280 fabricatur
1386 3240 1566 3295 opera
1607 3223 1942 3290 Beseleelis,
1978 3219 2084 3275 ﬁlii

441 3313 663 3369 sororis
693 3329 814 3368 suas
841 3313 1058 3382 Marias,
1090 3318 1148 3367 et
1186 3313 1316 3368 Oris
1347 3314 1478 3384 ejus
1508 3311 1610 3386 qui
1667 3329 1803 3368 cum
1856 3313 2088 3367 Aarone

443 3419 656 3458 manus
681 3401 856 3456 Mosis
875 3406 1081 3456 contra
1103 3401 1448 3456 Amalecum
1467 3400 1692 3456 orantis
1716 3399 2086 3456 sustentavit.

443 3493 634 3563 Opera
663 3489 1027 3546 tabernaculi
1056 3489 1328 3545 absoluta
1348 3494 1488 3544 sunt
1508 3495 1735 3560 septem
1747 3488 2084 3555 mensibus;

441 3584 620 3656 idque
647 3587 907 3640 erectum
941 3582 1105 3638 stetit
1133 3583 1288 3638 140
1318 3581 1511 3652 prima
1530 3581 1626 3636 die
1657 3581 1832 3653 primi
1863 3581 2086 3636 mensis

438 3673 684 3730 secundi
714 3671 786 3729 ab
821 3670 980 3728 exitu
1011 3671 1345 3744 zEgyptiaco
1377 3671 1542 3737 anni,
1570 3676 1639 3724 ut
1667 3667 1910 3740 quidem
1940 3669 2089 3724 Scri-

434 3767 608 3836 ptura
619 3763 796 3818 tertio
813 3760 1094 3832 libro,qui
1110 3767 1200 3816 est
1215 3760 1522 3828 Leviticus,
1537 3758 2084 3815 testatur.Secundo

432 3859 632 3908 autem
658 3868 862 3908 mense
895 3851 1078 3905 initus
1110 3855 1200 3905 est
1227 3849 1430 3922 populi
1461 3864 1768 3913 numerus,
1801 3849 2082 3920 censique

431 3957 467 3999 α
486 3942 688 4015 viginti
711 3958 900 3997 annos
923 3945 1060 3994 nato
1091 3946 1150 3995 et
1177 3956 1376 4011 supra,
1401 3944 1467 3994 ut
1497 3945 1586 3995 est
1605 3939 1667 3994 in
1687 3939 2080 3994 Numerorum

428 4029 582 4086 libro
602 4035 836 4102 quarto,
859 4028 1051 4092 millia
1071 4030 1174 4083 603
1202 4045 1268 4083 ac
1299 4031 1404 4082 550
1425 4027 1555 4095 viri,
1589 4027 1814 4098 absque
1845 4027 2077 4096 Levitis,

426 4120 528 4191 qui
564 4119 814 4176 seorsim
849 4117 1147 4174 numerati
1181 4116 1538 4189 deprehensi
1599 4121 1738 4171 sunt
1767 4119 1836 4170 22
1866 4117 2076 4172 millia.

422 4209 882 4282 Quadragesimo
913 4208 986 4264 ab
1019 4208 1184 4264 exitu
1215 4223 1375 4262 anno
1419 4211 1687 4262 mortuus
1715 4213 1804 4262 est
1855 4211 2074 4274 Aaron,

420 4304 596 4354 natus
654 4314 842 4352 annos
901 4298 1022 4351 123.
1056 4297 1121 4350 In
1153 4295 1284 4367 ejus
1325 4294 1519 4350 locum
1554 4293 1860 4350 substituit
1888 4297 2077 4351 Moses

419 4387 760 4442 Eleazarum
812 4385 1060 4441 Aaronls
1117 4383 1328 4438 ﬁlium.
1365 4385 1494 4456 Ipse
1529 4387 1717 4439 Moses
1759 4384 2074 4442 undecimo

421 4491 628 4531 mense
687 4473 1125 4546 quadragesimi
1181 4471 1253 4527 ab
1315 4473 1475 4527 exitu
1534 4473 1917 4536 anni.a3tatis
1951 4491 2073 4530 suae

1808 325 2124 390 GEORGII
2167 325 2513 386 CEDRENI

3735 331 3843 396 172

2273 458 2418 522 Ἕως
2447 453 2554 513 ὧδε
2583 457 2619 528 ἡ
2677 451 3046 522 πεντάϐιϐλος
3095 457 3340 534 περιέχει
3389 459 3632 532 ἱστορίαν
3663 480 3720 516 τε
3747 461 3831 516 καὶ

2198 550 2388 622 πρᾶξιν
2417 547 2524 603 ἀπὸ
2555 550 2652 603 τοῦ
2705 544 2890 622 ’Δδάμ
2944 545 3078 603 ἐτῶν
3135 546 3462 624 τρισχιλίων
3515 547 3836 607 ὀκτακοσίων

2199 636 2623 708 ἐξηκονταεπτά.

2269 725 2391 780 Ὀτι
2448 723 2555 779 ἀπὸ
2607 727 2706 779 τοῦ
2759 723 2882 780 νέου
2936 723 3088 781 σίτου
3141 723 3400 805 προφέρει
3432 728 3467 795 ἡ
3504 725 3631 802 ἁγία
3676 725 3832 792 πόλις

2197 812 2262 867 τὸ
2291 811 2444 886 ἆγιον
2496 811 2708 887 Πάσχα,
2766 813 2866 883 τήν
2923 813 3236 891 προσφορὰν
3293 813 3346 870 ἐν
3400 817 3469 889 τῇ
3519 814 3634 886 θείᾳ
3678 837 3844 889 μυστ-

2200 899 2432 976 αγωγίᾳ.

2267 990 2392 1050 "Ott
2446 991 2548 1060 τήν
2597 992 2931 1061 κατασκευὴν
2985 998 3086 1062 τῆς
3131 986 3372 1048 κιϐωτοῦ
3421 997 3592 1048 πᾶσαν
3632 993 3721 1049 καὶ
3749 997 3842 1064 τὴν

2201 1077 2404 1148 στολήν
2429 1083 2526 1134 τοῦ
2583 1078 2771 1155 ἱερέως
2814 1080 2902 1136 καὶ
2948 1084 3056 1136 τῶν
3103 1078 3157 1136 ἐν
3206 1081 3344 1156 αὐτῇ
3398 1081 3632 1151 πάντων,
3662 1089 3758 1152 τῆς
3789 1104 3844 1139 τε

2199 1169 2443 1244 πόρπης,
2472 1169 2590 1238 ἣτις
2621 1168 2731 1224 ἐστὶ
2778 1163 2948 1246 φίϐλα
2997 1171 3033 1238 ἢ
3091 1171 3317 1245 περόνη,
3348 1170 3439 1225 καὶ
3477 1175 3576 1225 τοῦ
3607 1169 3837 1247 λογείου,

2201 1257 2335 1332 ὅπερ
2374 1257 2547 1313 ἔκειτο
2577 1256 2666 1314 ἐπὶ
2695 1263 2795 1314 τοῦ
2853 1260 3085 1332 στήθους
3129 1263 3230 1314 τοῦ
3287 1258 3588 1334 ἀρχιερέως
3621 1257 3709 1315 διὰ
3738 1257 3842 1315 δώ-

2202 1343 2329 1401 δεκα
2359 1343 2554 1415 λίθων,
2584 1345 2957 1421 σημαινόντων
2993 1345 3082 1402 8ιᾶ
3135 1347 3228 1420 μὲν
3273 1355 3372 1417 τῆς
3418 1345 3592 1422 αὐγῆς
3619 1347 3686 1404 τὰ
3709 1366 3841 1424 χρη-

2201 1434 2323 1501 στὰ,
2355 1431 2445 1489 διὰ
2470 1431 2528 1490 δὲ
2555 1441 2656 1505 τῆς
2684 1434 3102 1496 έπισκοτώσεως
3159 1436 3226 1490 τά
3283 1433 3454 1509 δεινὰ,
3515 1435 3590 1498 είς
3630 1436 3691 1492 τὸ
3720 1441 3844 1492 Σινᾶ

2202 1521 2328 1597 ὄρος
2398 1521 2838 1603 ὁφθαλμοφανῶς
2905 1522 3158 1580 ἐθεάσατο
3224 1529 3492 1594 Μωϋσῆς,
3567 1524 3656 1579 καὶ
3717 1525 3844 1580 κατὰ

2201 1615 2366 1667 ταῦτα
2397 1609 2752 1686 ᾠκοδόμησεν
2783 1614 2884 1682 τήν
2933 1609 3172 1669 κιϐωτὸν
3224 1613 3313 1668 καὶ
3347 1613 3412 1668 τὰ
3445 1611 3497 1668 ἐν
3527 1613 3679 1687 αὐτῇ.
3715 1614 3840 1670 Τότε

2201 1701 2290 1757 καὶ
2327 1701 2422 1765 τὰς
2477 1701 2691 1764 πλάκας
2747 1703 2844 1765 τὰς
2900 1703 3120 1779 πρώτας
3179 1698 3366 1772 ἔλαϐε,
3422 1702 3517 1758 καὶ
3571 1707 3668 1758 τοῦ
3715 1705 3838 1758 Θεοῦ

2201 1791 2426 1861 ἤκουσεν
2461 1791 2818 1870 ὀργιζομένου
2846 1793 2936 1849 καὶ
2969 1793 3244 1870 λέγοντος.
3281 1819 3308 1845 ι(
3342 1793 3541 1850 ’Έασόν
3574 1814 3640 1866 με
3663 1791 3838 1864 ἐκτρῖ-

2201 1886 2296 1958 ψαι
2323 1882 2536 1955 αὐτοὺς,
2569 1885 2658 1939 καὶ
2706 1887 2925 1956 ποιήσω
2974 1905 3031 1940 σε
3077 1885 3155 1946 εἷς
3205 1879 3353 1947 ἔθνος
3385 1884 3525 1962 μέγα
3564 1883 3653 1940 καὶ
3685 1883 3838 1962 ἴσχυ-

2201 1973 2317 2047 ρόν.
2355 1996 2383 2024 ››
2413 1972 2587 2036 Αὐτὸς
2618 1970 2676 2030 δὲ
2707 1971 2919 2045 δεηθεὶς
2948 1972 3237 2044 ἐξελάσατο
3258 1973 3351 2030 τὸν
3375 1975 3530 2046 Θεὸν,
3552 1973 3642 2028 καὶ
3661 1984 3840 2029 κατελ-

2199 2062 2306 2116 θὼν
2363 2063 2455 2118 τὸν
2520 2063 2614 2136 μὶν
2697 2059 2905 2140 μόσχον
2967 2061 3261 2118 κατέκαυσε
3342 2063 3499 2138 πυρὶ,
3576 2063 3664 2118 καὶ
3717 2083 3840 2117 κατ·

2198 2147 2389 2219 ήλεσεν
2419 2147 2578 2206 αὺτὸν
2607 2147 2781 2206 λεπτᾶ
2821 2150 2910 2206 καὶ
2967 2148 3210 2228 ἔσπειρεν
3266 2151 3354 2206 ἐπὶ
3383 2155 3492 2206 τοῦ
3516 2147 3728 2221 ὕδατος,
3757 2148 3840 2205 καὶ

2197 2237 2414 2294 ἐπότισε
2467 2238 2593 2302 τοὺς
2633 2239 2786 2305 υἱοὺς
2842 2239 3085 2316 Ἰσραήλ.
3135 2241 3241 2298 Καὶ
3300 2237 3560 2318 ἐμφυλίῳ
3619 2237 3840 2314 πολέμῳ

2195 2327 2288 2383 τὸν
2317 2328 2446 2383 Θεὸν
2508 2327 2900 2402 ἱλεωσάμενος,
2961 2333 3044 2404 [Ρ.
3078 2331 3168 2403 79]
3226 2328 3392 2384 πάλιν
3445 2328 3631 2404 ἐτέρας
3658 2348 3838 2384 τεσσα-

2198 2416 2428 2493 ράκοντα
2484 2417 2694 2494 ἡμέρας
2749 2418 3067 2489 νηστεύσας,
3128 2417 3326 2474 ἄνεισιν
3383 2417 3461 2482 εἷς
3511 2421 3573 2474 τὸ
3603 2417 3728 2495 ὄρος
3752 2416 3835 2474 καὶ

2193 2507 2289 2568 τὰς
2323 2503 2570 2583 δευτέρας
2628 2505 2840 2570 πλάκας
2900 2504 3190 2582 λαμϐάνει.
3250 2508 3389 2565 Τότε
3448 2506 3562 2563 εἶδε
3614 2509 3700 2563 καὶ
3740 2508 3834 2577 τήν

2196 2592 2352 2666 δόξαν
2385 2597 2590 2670 Κυρίου
2619 2615 2762 2671 παρα
2797 2601 2868 2671 τῇ
2920 2597 3030 2670 ὁπῇ
3088 2603 3188 2666 τῆς
3243 2597 3442 2672 πέτρας
3476 2595 3718 2666 καθίσας,
3747 2593 3830 2650 καί

2194 2682 2450 2755 ἐδοξάσθη
2502 2686 2565 2741 τὸ
2608 2685 2902 2759 πρόσωπον
2951 2685 3138 2742 αὐτοῦ.
3181 2685 3436 2749 Ὀπίσοια
3482 2682 3542 2741 δὲ
3571 2689 3699 2742 Θεοῦ
3724 2704 3824 2758 χρη

2192 2779 2332 2828 νοεῖν
2388 2773 2486 2838 τὰς
2539 2774 2682 2836 θείας
2740 2773 3057 2847 οἰκονομίας
3134 2775 3223 2830 καὶ
3307 2773 3594 2849 ἐνεργείας,
3645 2773 3828 2848 πέτραν

2194 2861 2250 2918 δὶ
2277 2871 2379 2934 τῆς
2431 2864 2668 2929 πίστεως
2693 2864 2756 2920 τὸ
2787 2862 3005 2938 στεῤῥὸν
3059 2865 3150 2919 καὶ
3205 2861 3566 2940 ἀκράδαντον,
3618 2863 3750 2932 ὀπὴν
3781 2859 3835 2917 δὶ

2189 2959 2291 3023 τῆς
2323 2953 2520 3028 πέτρας
2577 2954 2669 3008 τὸν
2727 2960 2828 3024 τῆς
2885 2954 3120 3016 πίστεως
3176 2951 3460 3031 ὀφθαλμὸν
3527 2952 3639 3029 (διὰ
3684 2955 3834 3008 τοῦτο

2192 3041 2298 3118 γὰρ
2354 3041 2406 3096 οἱ
2462 3042 2598 3098 κατὰ
2667 3041 2904 3100 Μωυσέα
2981 3044 3246 3117 θεωροῦσι
3314 3042 3385 3098 τὰ
3441 3041 3698 3118 ἀνέφικτα
3754 3039 3836 3096 καὶ

2194 3131 2436 3206 ἀθέατα),
2495 3131 2763 3206 κάλυμμα
2820 3129 2879 3187 δὲ
2933 3134 3032 3202 τὴν
3091 3131 3366 3188 ἀπιστίαν·
3425 3133 3590 3202 ἡνίκα
3619 3133 3721 3208 γὰρ
3749 3127 3840 3185 ἄν·

2197 3235 2416 3298 θρωπος
2471 3244 2733 3298 πιστευσῃ
2788 3223 2926 3300 πρὸς
2979 3223 3198 3300 Κύριον,
3257 3231 3620 3300 περιαιρεῖται
3659 3225 3719 3278 τὸ
3745 3220 3836 3278 κά-

2195 3311 2518 3386 λυμμα,ὥς
2545 3333 2706 3392 φησιν
2763 3313 2791 3368 ό
2851 3311 3210 3376 Ἀπόστολος.
3269 3313 3404 3371 Τότε
3460 3314 3831 3382 κατασκευάζει

2193 3402 2282 3457 καὶ
2313 3403 2412 3470 τὴν
2439 3398 2678 3458 κιϐωτὸν
2720 3399 2810 3458 διὰ
2839 3400 3114 3473 Βεζελεήλ
3148 3403 3268 3457 uici
3301 3402 3512 3479 Μαρίας
3543 3410 3642 3474 τῆς
3681 3398 3830 3457 ἀδελ-

2193 3497 2300 3567 φῆς
2355 3489 2654 3559 Μωυσέως,
2706 3492 2800 3546 καὶ
2853 3493 2956 3567 Ὥρ
3005 3495 3102 3547 τοῦ
3151 3495 3400 3554 συνόντος
3453 3492 3547 3548 καὶ
3603 3490 3824 3566 Ἀαρὼν,

2191 3579 2282 3634 ὅτε
2309 3580 2404 3642 τὰς
2435 3586 2627 3659 χεῖρας
2658 3580 2877 3657 ἀνεῖχον
2933 3583 3208 3646 Μωϋσὲως
3257 3583 3392 3638 κατᾶ
3433 3586 3533 3638 τοῦ
3561 3579 3822 3654 Ἀμαλήκ.

2190 3667 2516 3738 Ἐτελειώθη
2551 3667 2608 3724 δέ
2635 3671 2703 3726 τά
2741 3665 2874 3749 ἔργα
2919 3678 3018 3740 τῆς
3067 3678 3268 3743 σκηνῆς
3309 3671 3360 3727 ἐν
3388 3671 3522 3727 ἐπτὰ
3558 3671 3709 3746 μησὶ,
3739 3666 3822 3723 καὶ

2188 3761 2256 3833 τῇ
2314 3759 2508 3834 πρώτῃ
2567 3761 2750 3834 ἡμέρᾳ
2804 3764 2902 3816 τοῦ
2959 3762 3182 3834 πρώτου
3243 3761 3414 3834 μηνὸς
3457 3765 3556 3816 τοῦ
3587 3757 3824 3832 δευτέρου

2187 3842 2341 3912 ἔτους
2369 3856 2470 3919 τῆς
2499 3845 2683 3920 ἐξόδου
2736 3846 2884 3922 ἔστη·
2941 3851 3074 3925 ὅπερ
3123 3849 3213 3906 καὶ
3261 3853 3297 3921 ἡ
3346 3853 3533 3928 Γραφή
3579 3850 3827 3925 μαρτυρεῖ

2187 3937 2237 3993 ἐν
2264 3943 2335 4014 τῇ
2365 3940 2520 4016 τρίτῃ
2548 3945 2656 3996 τῶν
2687 3949 2980 4005 Αευϊτικων
3011 3944 3146 4014 (75).
3178 3945 3270 4013 Τῷ
3328 3938 3385 3996 δέ
3433 3937 3666 4016 δευτέρῳ
3697 3935 3823 4011 μηνὶ

2186 4023 2396 4100 ἐγένετο
2458 4029 2493 4097 ἡ
2550 4027 2900 4103 ἐξαρίθμησις
2957 4032 3056 4083 τοῦ
3113 4025 3276 4097 λαοῦ,
3333 4029 3424 4084 καὶ
3482 4029 3670 4102 εὑρέθη
3723 4023 3824 4080 ἀπὸ

2185 4114 2520 4178 είκοσαετοῢς
2548 4115 2639 4170 καὶ
2697 4115 2898 4180 ἐπάνω.
2956 4117 3138 4182 καθὼς
3171 4120 3205 4188 ἡ
3237 4118 3470 4192 τετάρτη
3506 4113 3700 4192 βίϐλος
3723 4119 3826 4170 τῶν

2183 4203 2429 4279 ἀριθμῶν
2489 4202 2659 4280 λέγει,
2719 4201 2976 4280 μυριάδες
3019 4205 3283 4276 ἐξήκοντα
3335 4207 3426 4261 καὶ
3473 4208 3609 4284 γφν“,
3657 4201 3824 4280 χωρὶς

2179 4297 2288 4348 τῶν
2323 4297 2577 4348 Δευϊτῶν·
2611 4294 2664 4348 οἱ
2722 4291 2781 4348 δὶ
2838 4299 3056 4348 Λευῖται
3116 4293 3504 4371 ἀρίθμηθέντες
3536 4294 3816 4368 εὑρέθησαν

2182 4379 2435 4461 χιλιάδες
2507 4383 2650 4455 κβ’.-
2694 4384 2788 4456 Τῷ
2857 4387 3272 4459 τεσσαρακοστῷ
3325 4379 3432 4441 ἔτει
3486 4391 3590 4455 τῆς
3644 4378 3822 4452 ἐξόδου

2181 4471 2387 4544 Ἀαρὼν
2444 4469 2790 4543 ἐτελεύτησεν
2867 4479 2977 4548 ρκγ¹
3031 4471 3185 4543 ἐτῶν,
3249 4473 3342 4528 καὶ
3401 4475 3643 4542 Μωυσῆς
3695 4488 3822 4544 προ-

418 4564 779 4620 vicesimosu
787 4579 892 4634 pra
903 4561 1511 4628 centesimum,fausta
1523 4567 1794 4632 precatus
1808 4563 2078 4618 universo

2197 4561 2484 4636 χειρίζεται
2515 4558 2778 4634 Ἐλεάζαρ
2824 4561 2915 4616 τὸν
2963 4561 3078 4616 υἱὸν
3130 4561 3364 4638 Ἀαρών.
3399 4563 3640 4630 Μιιιϋσης
3671 4557 3725 4614 δὲ
3749 4560 3823 4629 τῷ

415 4652 659 4724 populo,
685 4651 747 4706 in
771 4656 1036 4706 montem
1055 4648 1366 4704 Nabanum
1383 4649 1554 4718 (alias
1579 4649 1868 4722 Abarima)
1887 4653 2066 4707 situm

419 4741 476 4796 in
506 4740 768 4798 Moabico
790 4739 939 4809 solo,
971 4738 1056 4795 cis
1085 4737 1426 4807 Iordanem,
1450 4755 1481 4794 e
1504 4738 1744 4806 regione
1766 4739 2069 4798 Jerichun-

487 4889 530 4924 ⁴¹
561 4885 744 4944 Exod.
776 4900 952 4954 xxxii,
988 4885 1073 4938 lO.
1108 4882 1155 4918 δ’
1187 4882 1234 4938 Il
1268 4884 1398 4940 Cor.
1426 4900 1511 4950 ιιι,
1546 4884 1634 4940 16.

2179 4658 2246 4706 ια’
2279 4651 2412 4726 μηνὶ
2441 4655 2537 4708 τοῦ
2571 4655 2628 4726 μ’
2661 4647 2814 4714 ἔτους
2844 4659 2944 4722 τῆς
2993 4649 3206 4722 ἐξόδου,
3256 4651 3532 4724 ἱκατοστῷ
3579 4649 3636 4706 δὲ
3678 4648 3822 4703 εἰκο-

2174 4745 2286 4814 στῷ
2342 4738 2448 4798 ἔτει
2505 4743 2606 4812 τῆς
2661 4747 2810 4812 ζωῆς
2866 4738 3054 4812 αὺτοῦ,
3132 4737 3441 4816 εὐλογήσας
3513 4741 3684 4798 πάντα
3735 4735 3822 4792 τὸν

1645 5001 2015 5060 XYLANDRI
2043 5002 2133 5060 ET
2164 5005 2383 5063 GOARI
2414 5007 2642 5064 NOTAE.

414 5119 790 5191 ruptissima;
814 5116 968 5188 apud
991 5131 1166 5191 quem
1183 5119 1388 5191 tamen
1407 5119 1504 5191 est
1523 5131 1658 5191 eam
1683 5115 1826 5172 olim
1849 5117 2065 5174 Βαίσων

414 5185 588 5262 (forte
635 5189 821 5245 Βάσων
851 5185 951 5243 aut
986 5185 1198 5262 ΔΒάσειν)
1229 5204 1262 5242 a
1293 5186 1568 5262 Barbarus
1598 5195 1880 5262 vocatam.
1939 5192 2066 5247 Pli-

417 5258 553 5346 nius
582 5262 736 5346 ν,έὸ
797 5276 924 5314 eam
972 5258 1044 5340 _in
1101 5258 1385 5346 Qecapoli
1408 5258 1628 5346 {udam
1659 5261 1852 5346 v-i‘cina
1877 5264 2065 5346 ponit,

416 5334 618 5403 aitque
651 5333 864 5403 Nysam
897 5330 1062 5403 prius
1111 5330 1297 5385 fuisse
1329 5330 1548 5403 dictam
1592 5348 1628 5386 a
1687 5330 1894 5389 Bacchi
1955 5330 2065 5391 nu;

415 5401 787 5485 trice.L.ib..Il
807 5401 1066 5485 Machab.
1092 5418 1169 5456 xii
1187 5402 1409 5485 mentio
1433 5401 1497 5485 fit
1513 5402 1862 5485 S'cytharum
1879 5407 2066 5485 urbis,

415 5476 596 5549 hujus
625 5473 814 5549 ipsius
844 5473 1152 5549 nimirum,
1172 5473 1402 5549 dissita:
1424 5473 1506 5549 ab
1537 5473 1963 5549 Hierosolymis
1993 5479 2069 5535 ad

417 5545 610 5632 stadia;
843 5547 924 5602 Ea
975 5561 1116 5632 ergo
1171 5545 1528 5632 [lasanufui‘t
1557 5545 1703 5632 olim
1749 5545 1913 5622 regia
1937 5550 2067 5632 Ogi.

413 5618 550 5676 Vico
579 5616 924 5692 Josephum,
951 5616 1234 5691 Antiquit.
1265 5634 1338 5686 IV,
1369 5619 1423 5690 5,
1455 5621 1517 5676 et
1542 5617 1750 5676 confer
1778 5616 1916 5682 cum
1937 5616 2069 5680 hi's:

2177 5122 2353 5180 facile
2384 5123 2678 5196 intelliges
2709 5123 3110 5196 Scythopolim
3152 5139 3282 5196 esse
3313 5124 3620 5196 Basanem,
3653 5119 3819 5189 caput

2177 5196 2473 5251 Galadinaa
2505 5193 2603 5252 vel
2632 5193 3045 5252 Gaulonitidis.
3087 5194 3342 5250 Galilaasa
3393 5193 3815 5250 imminentem.

2179 5267 2318 5338 Vide
2351 5273 2409 5322 et
2439 5284 2570 5338 quas
2601 5266 2672 5322 de
2703 5266 2812 5322 hac
2834 5266 2978 5322 urbe
3002 5267 3158 5322 infra
3183 5265 3487 5338 Cedrenus
3518 5268 3578 5320 in
3605 5259 3816 5338 Orestis

2176 5337 2376 5392 fabula
2405 5331 2606 5393 refert.
2641 5338 2754 5393 Sed
2785 5339 2908 5393 haec
2930 5339 2991 5393 in
3012 5337 3405 5408 Geographicis
3435 5335 3654 5393 nostris
3683 5331 3816 5387 ube-

2177 5409 2329 5484 rius,
2356 5411 2472 5484 Deo
2509 5408 2765 5484 volente.
2796 5410 2966 5484 XYL._
3058 5482 3078 5484 _
3174 5481 3184 5484 _
3222 5479 3233 5484 Α
3450 5481 3465 5484 _
3510 5481 3526 5484 Α
3643 5479 3684 5484 _
3776 5469 3812 5484 ,,

2249 5471 2361 5548 (75)
2389 5481 2566 5552 Atqui
2605 5481 2732 5538 haec
2782 5497 2902 5538 non
2951 5480 3014 5537 in
3057 5479 3330 5552 Levitico,
3365 5481 3470 5538 sed
3497 5481 3614 5538 ﬁne
3643 5471 3816 5534 Exodi

2179 5551 2474 5624 leguntur.
2486 5551 2493 5552 “
2509 5556 2648 5608 ΧΠ..
