4094 6292
303 368 430 427 1⁵13

1451 357 1985 422 HISTORIARUM
2031 359 2568 426 COMPENDIUM.

3605 368 3722 428 174

301 498 462 567 λαὸν,
491 491 694 560 ἀναϐάς
721 494 798 557 είς
827 495 888 549 τὸ
918 491 1052 567 ὅρος
1094 488 1281 550 Ναϐὰν
1336 487 1460 563 ἤτοι
1513 486 1812 568 Ἀμϐρείμ,
1841 490 1952 547 κεί-

2072 495 2164 563 tis,
2186 488 2422 566 subivit,
2457 487 2915 571 speculatusque
2976 489 3117 556 inde
3173 504 3392 556 terram
3445 496 3722 557 Israelico

307 607 474 661 μενον
524 585 577 640 ἐν
643 588 712 659 τῇ
771 578 1084 640 Μωαϐίτιδι
1126 581 1291 658 πέραν
1342 586 1440 637 τοῦ
1489 579 1771 658 Ἰορδάνου
1827 581 1965 637 κατά

305 677 605 752 πρόσωπον
665 674 886 749 Ἰεριχὼ
918 717 933 743 ,
979 672 1070 727 καὶ
1126 670 1494 734 κατοπτςιόσας
1559 673 1659 740 τὴν
1707 677 1809 746 γῆν
1864 674 1964 741 τὴν

310 763 693 842 ἑπηγγελμένη
725 763 874 836 αὐτῷ
900 766 983 835 τῷ
1035 759 1285 837 Ἰσραὴλ,
1317 758 1657 830 ἐτελεύτησε,
1715 760 1805 815 καὶ
1866 759 1964 816 οὐκ

311 855 452 912 εἶδεν
482 853 660 916 οὐδεὶς
690 853 781 909 τὸν
811 851 982 930 τάνρον
1021 852 1205 919 αὐτοῦ,
1239 850 1330 905 καὶ
1388 850 1493 905 οὐκ
1553 851 1961 925 ἡμαυρώθησαν

309 947 369 1002 οἱ
400 942 682 1024 οφθαλμοὶ
711 941 899 1013 αὐτοῦ,
934 939 1062 998 οὐδὲ
1090 938 1399 1019 ἰφθάρησαν
1428 939 1494 995 τὰ
1549 937 1714 1014 χείλη
1775 938 1958 996 αὐτοῦ.

311 1035 603 1109 Ἐπείριζε
634 1031 691 1088 δὲ
747 1030 908 1087 αὐτὸν
962 1031 991 1086 ὁ
1051 1025 1312 1093 διάϐολος
1367 1029 1444 1092 ὡς
1500 1029 1827 1103 ἡματηκότα
1883 1033 1964 1101 τῷ

312 1129 435 1197 Θεῷ
464 1121 782 1180 συνελκύσαι
812 1121 950 1196 μετά
971 1124 1081 1175 τῶν
1138 1117 1504 1195 ἁμαρτωλῶν.
1564 1116 1720 1175 Ἀλλ’
1749 1118 1959 1195 ἀρχαγ-

309 1213 511 1292 γελικῇ
569 1210 891 1288 διεκροῦσθη
950 1208 1097 1285 χειρὶ
1154 1208 1231 1272 ὡς
1286 1208 1561 1283 προπετὴς
1614 1206 1706 1262 καὶ
1763 1207 1963 1282 θρασὺς

307 1303 406 1359 καὶ
442 1307 549 1358 τῶν
575 1305 674 1357 τοῦ
717 1304 851 1356 Θεοῦ
907 1298 1082 1377 φίλων
1144 1295 1436 1370 δυσμενής.
1505 1296 1751 1372 Ἐγένετο
1785 1293 1841 1351 δὲ
1876 1318 1961 1352 νε-

307 1392 454 1468 φέλη
481 1391 570 1447 καὶ
628 1389 820 1452 σκότος
875 1390 1012 1444 κατά
1068 1388 1160 1443 τὸν
1216 1387 1409 1455 τόπον,
1441 1389 1515 1449 ὡς
1552 1387 1627 1460 μή
1659 1383 1790 1441 ἰδεῖν
1841 1406 1964 1441 τινα

304 1485 417 1538 ποῦ
442 1478 613 1559 ἐτάφη
648 1481 912 1548 Μωΰσῆς,
941 1478 1123 1539 καθὼς
1146 1477 1416 1548 Ἰώσηπος
1448 1475 1674 1550 ἱστορεῖ.

380 1572 580 1629 Ἰστὲον
617 1567 701 1624 ὅτι
762 1569 831 1623 τά
885 1566 1044 1622 πέντε
1097 1560 1290 1640 βιϐλία
1343 1572 1444 1635 τῆς
1493 1563 1895 1640 ἀρχαιολογίας
1931 1566 1960 1620 ὁ

306 1659 726 1736 μακαριώτατος
758 1655 810 1712 ἐν
839 1656 982 1732 ἁγίῳ
1042 1654 1314 1729 Πνεῦματι
1377 1657 1618 1724 Μωϋσῆς
1673 1653 1961 1724 ἀνετάζατο

300 1751 446 1806 κατά
520 1750 619 1817 τήν
698 1741 956 1823 Ἐϐραΐδα
1040 1743 1315 1821 γλῶσσαν·
1398 1743 1521 1814 ἥτις
1580 1744 1713 1817 μετὰ
1768 1744 1957 1814 ταῦτα,

2072 588 2290 661 populo
2315 589 2668 662 promissam
2699 589 2876 646 tinem
2907 591 3135 646 vivendi
3152 590 3499 646 fecit.Nemo
3532 590 3725 663 sepul-

2073 694 2241 733 crum
2274 680 2402 750 ejus
2427 679 2586 734 novit
2608 697 2620 735 :
2646 680 2749 735 sed
2768 685 2825 735 et
2846 680 3092 736 viventis
3114 696 3308 752 neque
3327 680 3726 752 caligaverunt

2072 767 2227 822 oculi
2261 785 2454 841 neque
2496 769 2654 825 labia
2674 770 3564 831 marcuerunt,Tentavitautem
3583 786 3720 826 eum

2073 856 2546 924 diabolus,veluti
2570 875 2707 914 eum
2729 858 3122 930 quiadversus
3143 860 3321 915 Deum
3346 859 3717 930 deliquisset,

2073 962 2262 1018 eoque
2295 948 2530 1004 trahere
2548 955 2795 1004 conatus
2820 956 2909 1004 est
2930 965 3048 1020 quo
3065 949 3327 1020 reliquos
3353 954 3715 1020 peccatores.

2074 1036 2287 1103 Sedis,
2347 1042 2413 1092 ut
2472 1039 2821 1094 temerarius
2878 1038 3187 1109 audaxque
3246 1038 3348 1092 Dei
3389 1038 3718 1096 amicorum

2070 1126 2575 1201 hostis,principis
2596 1129 2942 1203 angelorum
2973 1146 3155 1185 manu
3180 1129 3527 1201 proﬂigatus
3544 1129 3616 1186 ab
3646 1146 3714 1184 eo

2070 1216 2435 1274 fuit.Nebula
2463 1224 2661 1275 autem
2695 1226 2755 1275 et
2783 1220 2969 1293 caligo
3002 1221 3159 1275 circa
3189 1236 3320 1275 eum
3371 1219 3571 1275 locum
3628 1225 3719 1275 est

2071 1305 2300 1373 oborta,
2334 1325 2409 1364 ne
2466 1310 2600 1380 quis
2659 1309 2854 1366 videre
2912 1316 3113 1382 posset
3169 1310 3270 1365 ubi
3328 1311 3513 1366 Moses
3546 1315 3717 1366 terra)

2073 1401 2228 1452 esset
2258 1397 2551 1453 conditus.
2585 1400 2671 1455 Ita
2698 1400 2991 1471 Josephus
3024 1404 3245 1455 narrat.

2143 1566 2301 1622 Scire
2360 1568 2637 1623 convenit
2691 1568 2954 1639 quinque
3011 1568 3382 1640 antiquitatis
3441 1568 3624 1624 libros
3682 1584 3718 1622 a

2070 1654 2412 1710 beatissimo
2444 1658 2597 1712 Mose
2644 1656 2895 1728 Spiritus
2945 1658 3134 1713 sancti
3192 1658 3479 1713 instinctu
3535 1657 3715 1713 fuisse

2070 1760 2343 1800 sermone
2362 1746 2721 1818 compositos
2744 1746 3029 1802 Hebraico
3056 1748 3185 1817 ;qui
3207 1746 3478 1818 sequenti
3493 1752 3715 1818 tempo-

304 1839 388 1903 ὦς
415 1839 505 1895 καὶ
539 1838 592 1893 αἱ
623 1837 838 1906 λοιπαὶ,
878 1833 1352 1930 εἰςῃἘλληνικήν
1391 1829 1716 1930 ,μετεϐλήθη
1775 1831 1952 1930 διάλε;

2071 1849 2132 1887 re
2164 1850 2300 1888 cum
2330 1834 2579 1906 reliquis
2601 1835 2661 1889 in
2684 1836 2945 1891 Graecam
2987 1836 3248 1908 linguam
3286 1841 3425 1891 sunt
3444 1836 3714 1892 conversi

300 1945 439 1985 nos
505 1923 611 1980 ὐπὸ
702 1925 812 1978 τῶν
919 1915 1297 1990 ἑϐδομήκοντα
1390 1919 1780 1993 ἱρμηνευθεῖσα
1868 1918 1952 1975 ἐπὶ

2067 1939 2100 1978 a
2139 1923 2512 1995 septuaginta
2554 1926 2699 1979 141
2764 1925 3192 1996 Interpretibus
3237 1924 3346 1980 sub
3391 1925 3712 1980 Ptolemaao

306 2017 667 2092 Πτολεμαίου
720 2019 820 2071 τοῦ
904 2010 1279 2093 Φιλαδέλφου.
1357 2013 1460 2071 Καὶ
1510 2015 1546 2083 ἡ
1605 2013 1699 2087 μὲν
1750 2012 1961 2077 Γὲνεσις

302 2107 515 2170 ἄνωθεν
550 2106 645 2163 ἀπ’
698 2104 879 2181 ἀρχῆς
906 2107 1007 2173 τὴν
1059 2104 1448 2180 κοσμογένειαν
1498 2106 1601 2174 τὴν
1632 2123 1689 2158 τε
1716 2107 1813 2158 τοῦ
1866 2102 1961 2158 ἀν-

302 2197 534 2271 θρώπου
588 2193 906 2269 πλάσιν,[Ρ
960 2196 1050 2268 80]
1079 2193 1171 2248 τόν
1235 2190 1641 2265 κατακλυσμὸν,
1698 2193 1798 2262 τὴν
1847 2195 1956 2246 τῶν

298 2284 624 2360 Σοδομιτῶν
682 2284 983 2352 ἀπώλειαν,
1041 2291 1142 2353 τήν
1200 2283 1252 2355 ἐξ
1308 2290 1488 2359 αρχῆς
1542 2281 1709 2358 μέχρι
1764 2280 1960 2347 τέλους

304 2380 419 2431 τῶι
476 2376 723 2451 πατέρων
781 2368 1054 2449 Ἀϐραὰμ,
1125 2372 1307 2430 Ἰσαὰκ
1362 2372 1453 2427 καὶ
1509 2367 1702 2427 Ἰακὼϐ
1764 2371 1954 2447 βίωσιν

291 2463 391 2519 καὶ
454 2462 765 2531 τελείωσιν,
832 2463 965 2525 τοὺς
1048 2460 1483 2538 χρηματισμοὺς
1564 2461 1655 2515 καί
1707 2461 1806 2529 τήν
1858 2463 1955 2515 τοῦ

292 2555 506 2632 Ἰωσήφ
535 2553 589 2609 ἐν
620 2553 881 2629 Αἰγύπτῳ
932 2550 1211 2627 βασιλείαν
1244 2552 1511 2626 περιέχει.
1547 2554 1611 2606 Ἢ
1644 2546 1699 2604 δὲ
1727 2547 1954 2622 Ἔεοδος

293 2646 399 2713 τήν
449 2646 551 2698 τοῦ
605 2641 827 2714 Ἰσραὴλ
908 2640 1157 2715 περιέχει
1233 2641 1494 2707 κάκωσιν,
1569 2638 1662 2693 καὶ
1705 2639 1805 2708 τήν
1865 2635 1953 2692 διὰ

296 2730 577 2793 Ηωϋσέως
633 2729 721 2786 ἐπὶ
798 2737 898 2799 τῆς
952 2730 1221 2804 Ἐρυθράς
1263 2724 1532 2798 διάϐασιν,
1591 2727 1679 2782 καὶ
1739 2728 1838 2796 τήν
1899 2727 1951 2782 ἐν

295 2820 483 2896 ἐρέμῳ
528 2814 838 2896 διατριϐὴν,
893 2818 984 2874 καὶ
1038 2819 1138 2873 ὅσα
1187 2818 1653 2892 νομοθετούμενος
1705 2816 1954 2892 ἐπείρασε

296 2911 390 2967 τὸν
421 2911 576 2980 Θεὸν,
607 2909 700 2965 καὶ
728 2909 827 2977 τὴν
867 2909 967 2971 τὰς
998 2910 1204 2979 σκηνῆς
1256 2909 1610 2978 κατασκευήν.
1670 2908 1741 2963 Τὸ
1793 2915 1954 2963 Λευῖ-

290 3002 446 3056 τιιιὸν
476 3001 579 3068 τήν
605 3003 717 3055 τῶν
757 3003 957 3062 θυσιῶν
1016 2998 1280 3067 ποικίλην
1353 2994 1650 3073 παράδοσιν
1709 2998 1799 3052 καὶ
1856 2999 1953 3068 τήν

290 3095 401 3145 τῶν
457 3090 649 3164 ἱερέων
709 3085 1115 3160 διακόσμησιν.
1171 3087 1236 3141 Ωἱ
1297 3086 1551 3161 Ἀριθμοὶ
1605 3087 1707 3156 τὴν
1767 3084 1953 3157 διττὴν

291 3178 574 3253 ἰπίσκεψιν
623 3177 721 3233 εἴτ’
789 3178 881 3233 οὖν
941 3177 1315 3252 ἀπαρίθμησιν
1372 3181 1481 3231 τῶν
1537 3177 1671 3232 υἱῶν
1729 3177 1950 3250 Ἰσραὴλ

301 3271 568 3343 περιέχει,
590 3269 689 3336 τὴν
725 3268 821 3341 μὲν
849 3268 1075 3342 πρώτην
1105 3267 1200 3321 ὺπί
1254 3269 1533 3327 Μωϋσὲως
1590 3267 1679 3321 καὶ
1736 3266 1948 3342 Ἀαρὼν

312 3355 453 3426 μετά
478 3356 572 3422 τῆε
592 3351 765 3425 ἔξοδον
818 3353 976 3418 εὐθὺς
1030 3352 1084 3408 ὲν
1132 3356 1211 3424 τῷ
1264 3347 1378 3428 ὄρει
1444 3356 1576 3422 Σινᾷ
1629 3355 1948 3428 γενομένην,

303 3444 409 3513 τήν
459 3441 513 3497 δὲ
566 3441 809 3519 δευτέραν
859 3443 948 3497 ἐπὶ
1008 3441 1285 3504 Μωϋσέως
1341 3441 1430 3497 καὶ
1481 3439 1767 3517 Ἐλεάζαρ,
1816 3444 1951 3516 μετᾶ

302 3531 404 3600 τὴν
436 3530 490 3585 ἐν
526 3532 920 3607 τεσσαράκοντα
971 3526 1141 3587 ἔτεσιν
1187 3529 1562 3604 πανωλεθρίαν
1623 3534 1733 3584 τῶν
1789 3533 1951 3606 πρώη-

296 3642 407 3675 των
438 3618 529 3676 διά
556 3622 655 3690 τήν
682 3620 936 3676 ἀπιστίαν
969 3619 1166 3686 αὐτῶν,
1200 3617 1499 3695 γενομένην
1556 3617 1609 3674 ἐν
1661 3615 1946 3695 Ἀραϐαὼθ

294 3705 474 3767 Μωάϐ
512 3705 602 3765 ἔπὶ
657 3715 756 3765 τοῦ
794 3707 1069 3785 Ἰορδάνου
1125 3709 1262 3763 κατὰ
1316 3708 1416 3777 τὴν
1476 3709 1712 3784 Ἰεριχώ.
1767 3709 1838 3763 Τὸ
1889 3705 1947 3764 δὲ

296 3810 727 3874 Δευτερονομιον
781 3798 952 3861 πάσας
1028 3798 1125 3860 τὰς
1178 3796 1230 3868 ἒξ
1288 3797 1467 3872 ἀρχῆς
1539 3796 1945 3875 μεγαλουργίας

285 3893 393 3944 τοῦ
451 3892 589 3944 Θεοῦ
663 3887 825 3963 μέχρι
883 3888 972 3943 καὶ
1051 3892 1152 3955 τῆς
1205 3890 1302 3941 τοῦ
1356 3885 1630 3948 Μωῦσέως
1684 3885 1943 3957 τελευτῆς

2065 2011 2475 2083 Philadelpho.
2517 2015 2586 2067 Et
2614 2013 2767 2068 liber
2793 2013 3033 2085 quidem
3056 2015 3349 2069 Gencseos
3368 2013 3712 2085 complecti-

2065 2104 2161 2155 tur
2189 2101 2449 2156 abinitio
2478 2102 2793 2173 repetitam
2825 2103 3031 2158 mundi
3058 2102 3713 2171 creationem,hominis

2065 2189 2448 2258 eftlctionem,
2481 2191 2792 2257 diluvium,
2854 2191 3297 2248 Sodomaeorum
3359 2192 3711 2256 interitum;

2065 2286 2190 2334 tum
2219 2280 2653 2346 natales,vitam
2682 2286 2859 2352 atque
2890 2280 3119 2337 obitum
3140 2281 3483 2349 Abrahami,
3508 2281 3710 2346 lsaaci,

2059 2370 2552 2439 Jacobi,oracula,
2586 2387 2833 2444 regnum
2861 2372 3100 2444 Josephi
3126 2373 3187 2427 in
3240 2374 3504 2445 Egypto.
3562 2372 3713 2427 Exo-

2063 2458 2175 2514 dus
2196 2459 2372 2515 habet
2391 2458 2640 2516 lsraelici
2684 2460 2885 2533 populi
2930 2460 3336 2529 afﬂictionem,
3364 2467 3423 2516 et
3444 2459 3713 2532 ejusdem

2063 2550 2218 2603 Mose
2238 2548 2386 2604 duce
2412 2566 2520 2620 per
2541 2548 2801 2605 Rubrum
2849 2566 3012 2606 mare
3064 2551 3399 2617 transitum,
3432 2551 3614 2606 vitam
3646 2550 3711 2606 in

2062 2637 2384 2692 solitudine
2405 2643 2618 2707 actam,
2637 2643 2824 2709 utque
2846 2639 3100 2710 populus
3118 2639 3245 2713 lege
3263 2644 3503 2712 accepta
3523 2639 3712 2694 Deum

2061 2726 2326 2794 tentarit,
2360 2742 2469 2782 nec
2498 2744 2617 2783 non
2652 2727 3017 2783 tabernaculi
3049 2734 3420 2801 apparatum.
3456 2727 3706 2783 Levitico

2060 2818 2266 2873 insunt
2287 2819 2460 2873 variae
2484 2820 2555 2874 de
2609 2820 2916 2875 sacrificiis
2937 2820 3367 2892 prmceptiones
3399 2826 3457 2876 et
3512 2836 3710 2876 sacer-

2060 2907 2263 2961 dotum
2296 2907 2756 2963 administratio.
2791 2909 3027 2964 Numeri
3060 2910 3359 2980 duplicem
3391 2910 3590 2982 pepuli
3614 2926 3710 2965 re-

2058 2996 2458 3067 cognitionem
2489 2996 2610 3051 sive
2636 2997 3047 3052 rccensionem
3093 2998 3421 3067 continent,
3457 3016 3708 3069 quarum
3800 2998 3803 3003 ’

2056 3085 2218 3157 prior
2240 3086 2437 3140 statim
2462 3086 2534 3142 ab
2569 3087 2729 3142 exitu
2760 3087 2916 3159 apud
2940 3087 3163 3143 Sinaim
3185 3094 3450 3144 montem
3509 3088 3710 3144 habita

2061 3173 2176 3230 fuit
2205 3192 2238 3231 a
2268 3178 2420 3231 Mose
2447 3180 2503 3230 et
2531 3179 2760 3232 Aarone
2785 3194 2799 3245 ;
2843 3178 3231 3248 posteriorem
3262 3193 3528 3246 censum,
3552 3177 3712 3249 prio-

2061 3262 2227 3319 ribus
2258 3281 2363 3336 per
2407 3265 2801 3337 quadraginta
2856 3283 3045 3322 annos
3099 3283 3220 3322 suas
3280 3266 3715 3323 incredulitatis

2062 3353 2235 3424 culpa
2265 3370 2298 3408 a
2335 3358 2446 3408 Deo
2471 3353 2781 3410 occidione
2828 3353 3061 3421 deletis,
3086 3356 3260 3427 juxta
3315 3356 3716 3411 Arabaotham

2060 3441 2333 3497 Moabica)
2367 3442 2628 3515 regionis
2660 3444 2727 3498 ad
2756 3443 3071 3501 Iordanem
3100 3462 3284 3517 prope
3306 3445 3711 3506 Jerichuntem

2057 3533 2244 3587 Moses
2276 3537 2335 3587 et
2364 3532 2678 3588 Eleazarus
2712 3539 2977 3606 egerunt.
3004 3534 3532 3590 Deuteronomium
3592 3550 3714 3590 om-

2056 3621 2156 3677 nia
2185 3622 2502 3695 magnitlca
2524 3623 2625 3677 Dei
2652 3622 2809 3679 facta
2833 3629 2891 3678 et
2919 3623 2982 3678 in
3005 3623 3280 3680 Hebraeos
3318 3623 3613 3680 beneﬁcia
3632 3622 3705 3679 ab

2056 3710 2225 3765 initio
2252 3726 2441 3781 usque
2476 3709 2548 3766 ad
2581 3717 2834 3766 mortem
2889 3711 3064 3766 Mosis
3117 3716 3410 3777 recenset,
3436 3712 3701 3783 itemque

2053 3804 2240 3855 totum
2273 3799 2599 3855 secundum
2624 3801 2940 3868 canticum,
2971 3816 3039 3856 ac
3079 3800 3341 3856 tribuum
3372 3801 3697 3873 principes,

2053 3893 2155 3963 qui
2177 3898 2394 3948 terram
2425 3893 2779 3963 promissam
2813 3897 2982 3948 erant
3013 3892 3411 3951 distributuri.

291 3978 596 4056 γενομένας
663 3976 739 4038 εἷς
795 3974 993 4038 αὐτοὺς
1052 3975 1322 4051 περιίχει,
1376 3973 1521 4031 ἀλλὰ
1576 3977 1683 4048 μὴν
1737 3976 1828 4030 καὶ
1883 3978 1983 4048 τὴν
2044 3976 2292 4055 δευτέραν
2351 3977 2502 4052 ᾠδὴν
2550 3984 2740 4049 πᾶσαν,
2797 3979 2889 4036 καὶ
2944 3978 3073 4043 τοὺς
3126 3980 3446 4058 φυλάρχους
3501 3983 3554 4037 οἳ
3610 3981 3703 4038 καὶ

288 4063 537 4140 ἔμελλον
562 4063 1071 4140 κατακληρονομεῖν
1099 4064 1202 4133 τήν
1231 4069 1332 4133 τῆς
1360 4062 1688 4140 ἐπαγγελίας
1714 4070 1838 4140 γῆν.

366 4155 690 4220 Διελθόντος
740 4151 799 4209 δὲ
854 4156 952 4209 τοῦ
1008 4149 1232 4226 Ἰσραὴλ
1290 4153 1382 4208 τὸν
1443 4149 1739 4228 Ἰορδάνην,
1797 4175 1948 4232 περι-

290 4244 538 4317 έτεμενό
580 4245 789 4315 Ἰησοῦς
844 4243 1020 4299 πάντα
1074 4244 1168 4298 τὸν
1227 4241 1359 4298 λαὸν
1415 4242 1713 4321 μαχαίραις
1761 4243 1951 4318 πετρί-

286 4352 433 4394 ναις⁸
463 4334 533 4388 τά
568 4334 675 4408 γάρ
701 4331 755 4387 ἐν
785 4336 854 4407 τῇ
913 4330 1108 4406 ἐρήμῳ
1163 4332 1563 4408 τεσσαράκοντα
1615 4329 1709 4404 ἔτη
1772 4331 1948 4396 οὐδεῖς

287 4424 664 4497 περιετμήοη,
720 4426 812 4478 καὶ
869 4424 925 4478 οἱ
979 4424 1230 4479 πλεῖστοι
1284 4425 1395 4477 τῶν
1458 4421 1720 4498 μαχίμων
1762 4423 1952 4501 ἀπερί-

289 4534 507 4587 τμητοι
535 4512 693 4583 ἦσαν’
738 4514 803 4568 τὸ
861 4509 920 4567 δὶ
971 4512 1166 4582 αἴτιον,
1223 4511 1310 4569 ὅτι
1366 4513 1564 4574 παντὸς
1620 4510 1952 4588 ἀλλογενοῦς

293 4604 651 4681 χωρισμὲνοι
681 4602 871 4678 χρείαν
908 4605 1009 4668 τῆς
1036 4608 1340 4678 περιτομῆς
1370 4602 1470 4657 οὐκ
1527 4602 1698 4677 εἶχον.
1761 4601 1953 4665 Καλῶς

296 4696 413 4767 ἄρα
441 4691 654 4766 εἴρηται
685 4696 763 4763 τῷ
792 4690 920 4763 θείῳ
953 4688 1277 4763 Ἀποστόλῳ
1309 4691 1393 4746 ὅτι
1432 4689 1556 4746 οὔτε
1596 4693 1866 4765 περιτομή
1899 4712 1952 4746 τι

293 4781 492 4856 ἰσχύει
524 4780 647 4836 οὕτε
674 4775 1025 4855 ἀκροϐυστία,
1058 4778 1205 4835 ἀλλᾶ
1239 4781 1475 4854 τήρησις
1535 4778 1792 4837 ἐντολῶν.
1856 4781 1953 4836 Καὶ

296 4875 579 4953 φαγόντος
607 4874 666 4930 ἐκ
700 4878 798 4929 τοῦ
847 4872 971 4928 νέου
1001 4872 1153 4928 σίτου
1182 4876 1278 4927 τοῦ
1310 4870 1449 4926 λαοῦ
1479 4876 1548 4947 τῇ
1604 4870 1741 4946 αὐτῇ
1773 4868 1956 4945 ἡμὲρᾳ

289 4959 519 5033 ἐξέλιπε
556 4962 619 5016 τὸ
653 4961 844 5034 μάννα.
875 4959 1015 5018 Τότε
1069 4960 1157 5014 καὶ
1217 4958 1309 5013 τὸν
1369 4958 1806 5033 ἀρχιστράτηγον
1847 4964 1956 5015 Μι-

295 5048 463 5127 χαὴλ
489 5046 624 5105 εἶδεν
655 5051 864 5118 Ἰησοῦς
894 5051 924 5104 ὁ
951 5053 1052 5103 τοῖ’)
1081 5054 1234 5118 Ναυῆ
1271 5047 1347 5111 εἰς
1379 5048 1623 5122 Ἰεριχὼ,
1665 5044 1736 5103 δι’
1768 5046 1832 5102 οὗ
1864 5048 1953 5103 καὶ

296 5137 586 5215 παρεδόθη
656 5138 803 5209 αὐτῷ
857 5140 894 5208 ἡ
952 5137 1193 5216 Ἰεριχώ·
1273 5137 1407 5210 μετά
1460 5137 1561 5213 γάρ
1647 5138 1859 5213 ἡμέρας
1912 5138 1959 5202 ς’

292 5228 832 5304 περιστοιχισάντων
890 5226 1060 5297 αὐτὴν
1150 5224 1284 5298 μετά
1336 5232 1437 5294 τῆς
1484 5219 1724 5281 κιϐωτοῦ
1753 5270 1767 5292 ,
1838 5225 1952 5281 ἐπεὶ

294 5315 604 5373 ἐσάλπισαν
650 5315 740 5370 καὶ
799 5310 1030 5385 ἐϐόησαν
1065 5316 1093 5369 ὁ
1125 5312 1281 5383 λαὸς,
1330 5309 1521 5369 ἔπεσον
1579 5314 1862 5387 αὐτόματα
1891 5314 1958 5371 τὰ

290 5408 492 5482 τείχη,
546 5406 639 5461 καὶ
698 5402 948 5475 εἰσῆλθεν
1004 5402 1057 5458 ἐν
1099 5403 1235 5477 αὐτῇ
1295 5401 1543 5479 Ἰσραὴλ,
1600 5403 1690 5459 καὶ
1749 5404 1953 5481 ἐσφάγη

290 5502 409 5559 πᾶς
440 5496 470 5551 ὁ
499 5493 631 5557 λαὸς
656 5502 760 5566 τῆς
812 5493 1034 5571 Ἰεριχὼ
1063 5493 1154 5549 καὶ
1212 5497 1314 5549 πᾶν
1373 5497 1532 5565 ζῶον,
1591 5491 1738 5564 πλὴν
1796 5488 1956 5549 Ῥάαϐ

371 5675 422 5711 ⁸³
447 5677 475 5737 Ι
503 5677 638 5737 Cor.
661 5692 761 5746 vn,
796 5675 881 5733 19.

2127 4159 2273 4213 Cum
2295 4158 2550 4230 populus
2574 4159 2887 4215 Israelicus
2907 4159 3224 4216 Jordanem
3245 4161 3491 4216 ﬂuvium
3514 4166 3708 4216 trans—

2058 4247 2282 4311 ivisset,
2322 4249 2501 4303 .losua
2524 4264 2659 4303 cum
2677 4248 2883 4304 cultris
2905 4250 3097 4304 saxeis
3140 4249 3532 4305 circumcidit.
3564 4249 3710 4305 Nam

2061 4353 2169 4408 per
2193 4336 2585 4409 quadraginta
2616 4353 2827 4406 annos,
2861 4354 3010 4409 quos
3039 4338 3101 4393 in
3133 4336 3451 4394 solitudine
3510 4354 3713 4411 exege-

2061 4430 2221 4494 runt,
2239 4443 2417 4483 nemo
2439 4427 2828 4483 circumcisus
2849 4427 3042 4483 fuerat
3066 4443 3080 4494 ;
3112 4443 3179 4483 ac
3204 4427 3478 4500 plerique
3509 4443 3716 4484 eorum

2064 4514 2165 4587 qui
2195 4515 2267 4571 ad
2297 4516 2450 4572 142
2501 4515 2725 4572 bellum
2749 4516 2870 4589 apti
2891 4522 3081 4587 erant,
3114 4517 3517 4574 iucircumcisi
3542 4534 3716 4574 man-

2063 4611 2280 4661 serant.
2316 4605 2503 4662 Causa
2541 4605 2655 4661 fuit
2685 4607 2844 4687 quod
2901 4606 2974 4663 ab
3034 4607 3312 4663 omnibus
3363 4606 3716 4681 alienigenis

2063 4695 2319 4766 separati
2351 4694 2502 4750 nihil
2523 4695 2979 4752 circumcisione
3029 4696 3395 4768 indigebant.
3429 4696 3720 4753 Praeclare

2061 4785 2263 4855 itaque
2279 4801 2313 4840 a
2342 4784 2541 4841 divino
2556 4785 2836 4857 Apostolo
2850 4786 2894 4820 ⁸³
2922 4784 3144 4841 dictum
3160 4792 3453 4858 estneque
3467 4787 3718 4843 circum-

2064 4874 2355 4930 cisionem
2387 4874 2695 4946 quidpiam
2726 4875 2921 4930 valere
2962 4891 3158 4946 neque
3204 4875 3584 4947 praeputium,
3617 4872 3721 4930 sed

2065 4967 2500 5033 prmceptorum
2524 4962 2626 5017 Dei
2647 4962 3276 5026 observationem.Quo
3304 4961 3399 5016 die
3413 4962 3577 5016 novis
3593 4961 3720 5015 fru-

2068 5052 2262 5108 ctibus
2281 5052 2534 5124 pepulus
2556 5053 2710 5107 vesci
2729 5052 2874 5124 ccepi
2887 5059 3000 5118 t,eo
3014 5068 3235 5108 manna
3249 5051 3647 5106 defecit.Tunc
3665 5052 3727 5104 et

2071 5140 2252 5197 divini
2289 5141 2582 5197 exercitus
2603 5141 2935 5212 principem
2979 5140 3330 5196 Michaelum
3349 5140 3529 5195 Josua
3569 5138 3722 5193 Jeri-

2069 5230 2287 5285 chunte
2316 5230 2480 5295 vidit,
2512 5230 2773 5301 urbsque
2816 5230 2927 5301 ipsi
2960 5229 3033 5286 ab
3065 5247 3133 5285 eo
3165 5229 3380 5284 tradita
3435 5232 3543 5283 est.
3579 5228 3724 5282 Cum

2070 5320 2232 5374 enim
2253 5319 2508 5391 populus
2539 5335 2667 5374 eam
2702 5335 2808 5391 per
2848 5336 2949 5374 sex
3007 5319 3134 5373 dies
3154 5317 3610 5385 circumivisset,
3643 5316 3726 5371 si-

2068 5408 2192 5464 mul
2213 5413 2441 5480 gestata
2460 5406 2699 5463 foederis
2721 5424 2880 5473 arca,
2921 5413 3310 5480 posteaquam
3364 5406 3523 5462 tubis
3581 5406 3728 5462 ceci-

2071 5498 2161 5554 nit
2181 5514 2249 5554 ac
2272 5497 2596 5554 clamorem
2628 5498 2891 5569 sustulit,
2919 5498 3141 5555 mmnia
3162 5499 3325 5555 urbis
3372 5500 3729 5555 corruerunt
