4106 6288
397 351 512 412 175

1715 341 2030 405 GEORGII
2075 342 2428 407 CEDBENI
2685 362 2693 368 '
3675 352 3741 409 17

390 485 766 558 populusque
783 481 845 539 in
867 497 997 538 eam
1026 478 1286 537 intravit.
1321 477 1612 552 Oppidani
1635 478 2039 535 internecione

2162 482 2264 546 τῆς
2301 477 2513 553 πόρνης
2556 477 2648 534 καὶ
2698 481 2801 534 τοῦ
2847 475 3001 535 οἴκου
3062 479 3255 549 αὐτῆς.
3313 480 3456 537 Ἐκεῖ
3504 483 3596 536 καὶ
3649 484 3789 560 Ἀχα

399 575 579 633 deleti
599 579 736 630 sunt
752 590 888 630 cum
927 572 1134 628 bestiis
1153 570 1439 639 suis,sola
1457 569 1701 626 Rahaba
1729 568 2043 625 meretrice

396 669 458 721 et
476 664 606 736 ejus
624 663 851 719 familia
898 661 1236 734 superstite.
1270 661 1432 715 Tunc
1449 665 1508 714 et
1536 659 1813 714 Achanus
1830 655 2043 729 lapidi-

2151 561 2530 638 ἰλιθοϐολήθη
2566 567 2670 624 ὑπὸ
2718 571 2816 624 τοῦ
2868 567 3091 644 Ἰσραῆλ
3130 568 3222 631 ςὺν
3275 573 3401 625 πᾶσι
3461 576 3578 634 τοῖς
3632 573 3789 630 αὐτοῦ

2152 650 2243 710 διὰ
2290 655 2353 711 τὸ
2413 657 2726 733 ἀποκρύψαι
2783 659 3067 733 χρήματα.
3123 657 3262 715 Τότε
3309 657 3401 713 καὶ
3459 654 3789 719 Γαϐαωνῖται

396 755 506 812 bus
519 771 654 811 cum
670 753 897 810 familia
916 768 1022 808 sua
1033 755 1347 823 coopertus
1368 748 1644 821 est,quod
1656 749 1726 803 de
1745 747 1945 820 praada
1962 762 2039 803 es-

2151 744 2241 798 καὶ
2272 745 2325 798 οἱ
2351 749 2449 800 τοῦ
2498 744 2698 803 Εὐαίου
2747 746 2922 801 καὶοὶ
2980 745 3194 818 λοιποὶ,
3254 748 3329 810 ὡς
3391 750 3653 823 μακρόθεν
3711 752 3791 806 οἱ·

399 851 491 902 set
510 845 836 917 peculatus.
870 844 1030 897 Tunc
1052 841 1229 897 etiam
1252 839 1612 904 Gabaonitw,
1645 837 1799 893 Evmi
1821 834 2044 909 posteri

400 953 467 993 ac
490 933 1015 1006 reliqui,simulato
1039 948 1101 986 se
1123 930 1508 1002 longinquam
1525 934 1743 984 terram
1758 926 2044 991 incolere,

399 1041 532 1081 cum
553 1021 929 1080 Josuafcedus
942 1020 1623 1093 pepigerunt.Quoscum
1640 1015 1856 1073 deinde
1867 1017 2047 1071 Josua

397 1113 787 1171 intellexisset
826 1110 1111 1166 ﬁnitimos
1160 1125 1309 1176 esse,
1344 1107 1634 1179 capitibus
1653 1105 1896 1177 quidem
1946 1120 2047 1162 eo-

394 1220 528 1258 rum
540 1198 1031 1273 pepercit,populi
1045 1206 1240 1255 tamen
1256 1196 1517 1252 lsraelici
1531 1196 1676 1251 lixas
1688 1195 2046 1265 calonesque

396 1309 526 1348 esse
531 1293 554 1364 j
564 1292 821 1347 ussit.Cu
829 1290 1206 1345 mAmorrasis
1219 1304 1392 1359 porro
1406 1302 1674 1358 pugnans
1689 1285 1877 1341 solem
1889 1283 2046 1355 apud

394 1379 1069 1451 Gabaonemlunamque
1092 1377 1391 1434 advallem
1422 1376 1686 1431 Elomam
1720 1373 2046 1431 subsistere

385 1471 589 1543 jussit,
628 1471 768 1525 dum
818 1470 1019 1525 hostes
1078 1467 1471 1523 exscinderet.
1508 1468 1707 1538 Regna
1764 1466 1826 1519 in
1875 1479 2045 1519 suam

392 1564 746 1633 potestatem
764 1558 989 1628 redegit
1008 1558 1185 1613 Josua
1215 1570 1463 1611 numero
1488 1556 1576 1619 29,
1599 1553 1967 1625 principatus
1990 1556 2043 1621 ‘7,

395 1655 640 1722 excepta
660 1649 1000 1704 Jerichunte
1032 1652 1089 1703 et
1118 1646 1320 1702 Getha.
1369 1643 1583 1699 Urbem
1639 1642 2046 1698 Jericbuntem

395 1741 575 1795 etiam
608 1738 953 1794 Phcenicum
982 1737 1192 1793 urbem
1222 1733 1775 1806 appellat,(‘.innmos
1791 1731 2044 1804 posteri-

394 1834 578 1885 tatem
600 1828 872 1883 Iothoris.
900 1829 1079 1882 Josua
1109 1842 1246 1897 ergo
1278 1831 1499 1881 terram
1552 1822 1909 1894 promissam
1938 1822 2040 1876 Ju-

396 1919 563 1975 daico
597 1917 815 1989 populo
848 1915 1116 1971 tributim
1165 1913 1485 1970 distribuit.
1530 1914 1792 1967 Mortuus
1822 1915 1911 1966 est
1938 1926 2041 1965 an-

393 2026 503 2063 nos
556 2012 731 2063 natus
794 2009 915 2067 110,
961 2021 1098 2061 cum
1146 2005 1302 2060 143
1353 2004 1699 2059 Israelicum
1757 2000 2045 2072 papulum

392 2112 583 2152 annos
612 2099 679 2149 27
710 2094 980 2149 rexisset.
1017 2094 1305 2148 Humatus
1339 2096 1427 2146 est
1468 2088 2045 2147 Thamnatbsarache

390 2186 453 2240 in
482 2181 1478 2254 montibusEphraimicis,cumque
1503 2196 1572 2235 eo
1594 2177 1813 2250 lapidei
1845 2175 2042 2232 cultri.

461 2274 529 2328 In
545 2273 783 2345 Argivos
805 2276 936 2343 post
959 2271 1244 2325 Inachum
1288 2268 1637 2324 Phoroneus
1660 2281 1907 2337 regnum
1939 2263 2045 2319 ob-

390 2364 591 2427 tinuit,
617 2379 684 2418 ac
712 2367 848 2433 post
866 2362 1023 2416 hunc
1053 2360 1254 2431 plures
1272 2359 1375 2414 alii
1396 2373 1587 2429 usque
1620 2356 1694 2413 ad
1726 2357 2041 2428 Lynceum,

392 2453 492 2524 qui
513 2453 713 2507 Danao
740 2449 864 2522 regi
894 2449 1119 2505 bellum
1146 2448 1368 2516 intulit,
1406 2463 1542 2503 eum
1563 2444 1800 2515 occidit,
1832 2459 2041 2516 regno-

393 2555 508 2611 que
539 2539 736 2610 potius
793 2537 980 2592 ﬁliam
1041 2538 1170 2608 ejus
1224 2535 1736 2607 Clytaemnestram
1792 2548 2040 2588 uxorem

393 2627 578 2682 duxit.
612 2628 753 2681 Post
810 2626 966 2681 hunc
1010 2625 1298 2697 Meriopas
1337 2640 1473 2680 cum
1528 2622 1793 2694 quinque
1851 2637 2043 2677 annos

395 2721 626 2772 tantum
656 2719 984 2788 regnasset,
1010 2713 1262 2786 imperio
1303 2713 1557 2769 excidit:
1592 2718 1770 2783 atque
1827 2710 1912 2767 sic
1954 2727 2043 2765 re-

391 2822 573 2880 gnum
629 2806 1001 2878 Argivorum,
1060 2821 1196 2860 cum
1258 2805 1361 2858 549
1420 2819 1612 2859 annos
1641 2802 1934 2871 durasset,
1966 2799 2042 2855 ad

391 2897 694 2969 Sicyonios
726 2900 958 2953 Grmcos
990 2895 1343 2953 translatum
1375 2898 1484 2950 est.

458 3089 634 3145 Mosis
666 3093 837 3145 aetate
869 3088 1111 3161 quidam
1135 3105 1382 3163 magnus
1439 3087 1527 3143 vir
1555 3090 1741 3160 Gyges
1771 3084 2036 3155 nomine,

388 3177 460 3232 de
486 3179 673 3250 Japeti
707 3181 911 3250 stirpe,
944 3180 1195 3234 Atticam
1237 3180 1515 3251 indigena
1545 3179 1669 3250 ipse
1728 3196 1911 3253 regno
1949 3190 2040 3239 te-

386 3268 520 3321 nuit
549 3283 657 3338 per
684 3285 873 3322 annos
906 3270 993 3323 32.
1028 3271 1108 3322 Eo
1138 3275 1426 3341 regnante
1480 3268 1764 3324 diluvium
1798 3272 1860 3325 in
1912 3272 2039 3328 sola

390 3356 583 3411 Attica
614 3357 858 3423 exstitit,
894 3373 1010 3427 quo
1033 3362 1092 3411 et
1120 3374 1222 3412 rex
1263 3357 1441 3428 periit
1472 3362 1529 3412 et
1560 3363 1683 3414 tota
1735 3375 1806 3413 ea
1850 3361 2034 3434 regio,

390 3460 521 3517 quae
553 3444 733 3502 etiam
763 3460 870 3517 per
897 3448 1001 3499 200
1032 3444 1312 3517 deinceps
1341 3462 1532 3502 annos
1562 3447 1788 3503 inculta
1826 3448 2035 3520 jacuit.

468 3617 591 3681 Quo
622 3619 888 3686 tempore
919 3614 1231 3671 Israelicus
1261 3612 1518 3686 populus
1565 3632 1637 3671 ex
1679 3617 1920 3689 Egypto
1951 3623 2042 3674 est

397 3720 688 3776 egressus,
722 3702 995 3759 Molossis
1016 3703 1296 3776 indigena
1316 3702 1578 3775 quidam,
1599 3704 1776 3761 Aides
1797 3706 2037 3763 nomine

394 3795 733 3867 (Plutonem
757 3794 947 3850 Latini
977 3796 1206 3863 vocant)
1234 3810 1369 3850 cum
1400 3810 1581 3849 uxore
1625 3811 1733 3850 sua
1760 3794 2041 3854 Melindia

392 3883 729 3954 imperavit.
761 3883 824 3937 Ei
856 3882 978 3955 regi
1014 3881 1131 3937 illia
1179 3882 1309 3951 fuit,
1368 3883 1613 3938 nomine
1661 3885 2035 3957 Proserpina.

391 3966 578 4038 Quam
609 3989 747 4028 cum
786 3972 1086 4027 Pirithous
1118 3972 1270 4043 regis
1300 3972 1675 4029 consiliarius
1701 3980 1946 4041 amaret,
1980 3980 2040 4032 et

385 4078 523 4116 cum
550 4061 775 4133 virgine
805 4061 1135 4133 composita
1159 4066 1339 4116 noctu
1362 4077 1486 4116 eam
1510 4079 1717 4134 rapere
1759 4063 2033 4119 instituit.

381 4150 764 4222 Deprehenso
795 4150 908 4205 hoc
940 4154 1157 4206 conatu
1178 4149 1350 4205 Pluto
1394 4167 1624 4219 canem,
1659 4167 1838 4221 quem
1870 4158 2033 4209 vasto

377 4257 624 4311 corpore
658 4245 716 4295 et
747 4255 967 4295 smvum
1024 4239 1298 4304 habebat,
1327 4239 1733 4295 Tricerberum
1766 4243 2031 4309 nomine,

377 4329 522 4384 foris
557 4328 629 4384 ad
652 4329 904 4399 januam
929 4329 1302 4399 Proserpina:
1332 4327 1463 4399 ipsa
1510 4328 1596 4382 rei
1656 4329 2033 4401 imprudente

377 4419 708 4474 constituit.
733 4418 822 4473 Ita
859 4418 1189 4473 Pirithoum
1212 4422 1393 4472 noctu
1420 4434 1481 4471 se
1526 4417 1599 4471 ad
1641 4418 1806 4473 illam
1839 4420 2035 4476 confe-

375 4512 608 4562 rentem
640 4506 883 4562 adortus
906 4506 1074 4561 canis
1092 4506 1390 4561 interfecit
1415 4522 1427 4571 ;
1452 4511 1637 4577 atque
1671 4508 1861 4578 ipsam
1884 4527 2029 4580 quo-

2148 836 2387 904 κοῦντες,
2416 834 2556 909 πρὸς
2586 835 2796 905 Ἰησοῦν
2824 833 3059 900 σπονδὰς
3087 841 3396 893 ποιοῦνται·
3429 838 3526 901 οὓς
3551 835 3792 916 ἔπιγνοὺς

2151 920 2369 997 ὕστερον
2424 921 2862 1003 πλησιοχῶρους
2942 925 3207 1003 ὑπάρχειν
3262 933 3364 997 τῆς
3429 928 3525 999 μὶν
3585 930 3787 1004 αἰχμα-

2153 1009 2354 1074 λωσίας
2384 1013 2755 1090 συνεχώρησε,
2798 1012 3065 1071 διακονεῖν
3098 1014 3155 1071 δὲ
3183 1018 3275 1072 καὶ
3312 1020 3396 1091 [Ρ.
3435 1017 3526 1084 Si]
3564 1017 3789 1095 ξυλοφο-

2154 1107 2261 1178 Ρεῖν
2294 1108 2374 1177 τῷ
2405 1103 2523 1178 λαῷ
2560 1107 2873 1180 προσέταξε.
2926 1107 3070 1171 Τοὺς
3101 1105 3160 1164 δὲ
3216 1110 3586 1184 ’Δμορραίους
3631 1110 3795 1168 πολε..

2156 1196 2270 1265 μῶν
2298 1187 2488 1265 ἔστησε
2533 1196 2625 1250 τὸν
2681 1195 2843 1266 ἥλιον
2897 1198 3033 1255 κατὰ
3090 1194 3303 1256 Γαϐαὼ,
3360 1200 3449 1255 καὶ
3507 1202 3643 1257 κατά
3697 1204 3791 1281 φά-

2151 1302 2324 1359 ραγγα
2369 1281 2564 1357 Ἐλὼμ
2615 1286 2717 1355 τήν
2775 1285 3031 1358 σελήνην,
3089 1286 3196 1351 ἕως
3252 1287 3624 1363 ἐξεπολέμησε
3673 1290 3794 1357 τοὺς

2152 1370 2407 1448 ἐχθροὺς.
2444 1378 2612 1430 Πᾶσαι
2663 1372 2720 1431 δὲ
2776 1374 2837 1440 ἃς
2885 1374 3190 1453 παρέλαϐεν
3223 1379 3432 1449 Ἰησοῦς
3491 1385 3590 1436 τοῦ
3648 1388 3789 1452 Ναυῆ

2152 1460 2431 1535 βασιλείας
2488 1463 2815 1521 εἶκοσιεννέα
2863 1467 3023 1537 ἦσαν,
3073 1468 3337 1544 έπαρχίαι
3397 1466 3455 1524 δὲ
3506 1470 3664 1542 ἑπτὰ,
3694 1474 3791 1527 πά-

2153 1550 2239 1625 ρεξ
2269 1554 2376 1605 τῶν
2421 1558 2521 1622 τῆς
2573 1553 2793 1630 Ἱεριχὼ
2850 1556 3075 1626 καὶτῆς
3133 1558 3252 1614 Γέθ.
3308 1560 3424 1627 Τήν
3484 1556 3543 1613 ’δέ
3582 1560 3791 1635 Ἱεριχὼ

2150 1636 2315 1693 πόλιν
2373 1640 2463 1694 καὶ
2530 1640 2804 1698 Φοινίκων
2861 1641 3027 1699 πόλιν
3076 1644 3355 1719 ὀνομάζει,
3408 1646 3686 1710 Κινναίους
3738 1648 3793 1704 δὲ

2150 1726 2278 1790 τοὺς
2308 1728 2610 1805 ἀπογόνους
2650 1732 2845 1807 Ἰοθόρ.
2906 1732 3081 1796 Οὗτος
3116 1736 3215 1803 τὴν
3274 1742 3375 1809 γῆν
3432 1743 3534 1805 τῆς
3574 1735 3793 1813 ἐπαγγε-

2154 1815 2277 1878 λίας
2307 1822 2417 1873 τῶν
2446 1816 2725 1875 Ἰουδαίων
2776 1815 2911 1877 ἔθνει
2972 1819 3214 1896 διανέμει
3273 1823 3349 1886 εἰς
3407 1823 3640 1901 κλῆρον.
3697 1833 3792 1884 Τε-

2153 1906 2316 1977 λευτᾷ
2401 1906 2458 1963 δὲ
2514 1911 2678 1979 ζήσας
2735 1907 2826 1981 ἔτη
2889 1911 3073 1967 ἑκατὸν
3158 1910 3307 1979 δέκα,
3364 1918 3638 1989 κρατήσας
3701 1920 3791 1971 τοῦ

2152 1995 2373 2070 Ἰσραὴλ
2405 1991 2498 2067 ἔτη
2543 1997 2714 2055 εἶ’κοσι
2773 1998 2925 2060 έπτά.
2989 2000 3085 2057 Καὶ
3136 1997 3335 2077 ἔθαψαν
3379 2004 3546 2060 αὐτὸν
3602 2003 3652 2059 ἐν
3693 2012 3789 2063 Θα-

2152 2086 2497 2162 μναθσαρὰχ,
2529 2086 2687 2161 ἐντῷ
2741 2085 2856 2164 ὄρει
2915 2092 3174 2171 Ἐφραίμ,
3232 2092 3595 2169 συνθάψαντες
3646 2095 3790 2169 αὐτῷ

2147 2174 2238 2230 καὶ
2268 2176 2362 2238 τὰς
2387 2178 2640 2252 πετρίνας
2666 2180 2963 2255 μαχαίρας.

2218 2264 2339 2321 Ὀτι
2394 2271 2502 2321 τῶν
2543 2268 2802 2345 ’Λργείων
2843 2269 2978 2342 μετά
3037 2274 3256 2347 ’Ίναχον
3305 2268 3624 2330 ἐϐασίλευσε
3681 2281 3784 2331 Φο-

2147 2354 2371 2426 ρωνεὺς,
2401 2356 2488 2410 καὶ
2542 2354 2703 2412 ἄλλοι
2762 2355 2821 2412 δὲ
2875 2357 3099 2423 πλείους
3161 2363 3274 2434 μετ’
3331 2362 3494 2419 αὐτὸν
3546 2363 3648 2427 ἓως
3694 2369 3785 2421 τοῦ

2147 2442 2425 2517 Λυγκέως,
2458 2444 2517 2507 ὃς
2549 2450 2738 2517 Δαναῷ
2763 2445 3087 2522 πολεμήσας
3116 2455 3197 2522 τῷ
3238 2451 3475 2527 βασιλεῖ,
3529 2455 3619 2509 καὶ
3672 2460 3785 2510 τοῦ·

2144 2550 2236 2584 τον
2292 2530 2633 2604 ἀποκτείνας,
2706 2537 2804 2607 τήν
2876 2557 2936 2592 τε
2993 2537 3272 2613 βασιλείαν
3328 2540 3499 2597 αύτοῦ
3546 2544 3635 2599 καὶ
3687 2546 3780 2613 τήν

2146 2621 2412 2708 θυγατέρα
2461 2622 2947 2699 Κλυταιμνήστραν
3036 2632 3145 2699 (76)
3238 2627 3313 2692 εἷς
3370 2638 3603 2707 γυναῖκα
3649 2655 3782 2708 παρ⁴

2145 2705 2326 2797 ἔλαϐε.
2362 2711 2513 2767 Μετᾶ
2540 2717 2730 2768 τοῦτον
2766 2715 3049 2790 Μεριόπας
3096 2715 3256 2774 πέντε
3313 2705 3520 2791 μόνους
3559 2705 3784 2797 χρόνους

2148 2793 2551 2873 βεϐασιλευκὼς
2618 2802 2780 2867 αὐτὸς
2866 2804 3235 2877 καταλύεται,
3296 2809 3386 2864 καὶ
3445 2813 3482 2881 ἡ
3547 2793 3786 2886 βασιλεία

2140 2890 2247 2941 τῶν
2284 2888 2541 2963 Ἀργείων
2581 2889 2670 2946 έπί
2722 2900 2853 2969 φμθ¹
2910 2890 3003 2964 ἔτη
3063 2891 3389 2971 διαρκέσασα
3440 2899 3518 2962 εἰς
3583 2907 3789 2956 Σικυω-

2141 2975 2288 3041 νίτας
2314 2976 2443 3041 τοὺς
2472 2976 2833 3044 Ἐλλαδικοὺς
2860 2985 3287 3056 μεταπεπτώκει.

2190 3066 2305 3160 ..Ἐν
2366 3064 2424 3160 θὲ
2487 3074 2607 3134 τοῖς
2656 3070 2876 3160 χρόνοις
2933 3075 3211 3139 Μωῦσέως
3274 3075 3461 3154 γέγονέ
3512 3101 3606 3145 τις
3661 3082 3788 3159 ἀνὴρ

2145 3151 2333 3232 μέγας,
2367 3157 2428 3212 ἐκ
2453 3164 2551 3227 τῆς
2607 3156 2787 3237 φυλῆς
2854 3161 3053 3237 Ἰἀφεθ,
3105 3164 3165 3226 ὃς
3202 3151 3488 3242 αὐτόχθων
3557 3167 3629 3225 ὢν
3670 3151 3788 3225 έϐαί-

2143 3246 2358 3302 σίλευσε
2383 3254 2483 3318 τῆς
2519 3249 2768 3319 Ἀττικῆς
2808 3244 2900 3321 ἔτη
2958 3249 3067 3326 λβ“.
3126 3254 3341 3329 Ὀνομα
3399 3262 3478 3330 τῷ
3510 3258 3663 3336 ἀνδρὶ
3692 3267 3785 3315 Γυ-

2141 3356 2262 3409 γης.
2319 3337 2439 3394 Ἐπ’
2495 3336 2661 3393 αὐτοῦ
2710 3337 2903 3414 γέγονε
2966 3346 3314 3417 κατακυσμὸς
3376 3344 3428 3401 ἐν
3460 3351 3532 3420 τῇ
3572 3350 3782 3423 Ἀττικῇ

2148 3424 2309 3511 μόνῃ·
2372 3426 2534 3489 αὐτός
2590 3447 2650 3483 τε
2704 3427 2958 3485 ἀπώλετο
3014 3431 3104 3487 καὶ
3167 3436 3202 3502 ἡ
3262 3436 3422 3511 χώρα
3476 3442 3648 3508 πᾶσα,
3699 3437 3783 3494 καὶ

2142 3509 2246 3575 ἕως
2279 3513 2413 3568 ἐτῶν
2439 3512 2732 3572 διακοσίων
2753 3511 2962 3592 ἔρημος
2990 3513 3214 3594 ἔμεινεν.

2218 3602 2303 3659 Ἐν
2330 3599 2388 3658 δὲ
2415 3608 2534 3666 τοῖς
2563 3611 2776 3679 καιροῖς
2831 3614 2932 3677 τῆς
2989 3608 3177 3679 ἐξόδου
3227 3617 3338 3668 τῶν
3385 3614 3517 3670 υἱῶν
3571 3615 3782 3692 Ἰσραὴλ

2143 3696 2243 3760 τῆς
2299 3693 2407 3747 τῶν
2479 3692 2783 3752 Μολοσσῶν
2845 3697 3033 3772 χώρας
3102 3699 3386 3775 αὐτόχθων
3436 3725 3539 3773 τις,
3604 3703 3784 3775 Ἀίδης

2146 3777 2339 3856 ὄνομα,
2400 3777 2806 3858 βεϐασιλευκὼς
2894 3789 3031 3860 μετά
3105 3788 3398 3854 Μελινδίας
3477 3800 3582 3864 τῆς
3636 3794 3792 3851 αὐτοῦ

2142 3873 2392 3946 γυναικὸς
2424 3870 2552 3948 ἔσχε
2594 3876 2858 3950 θυγατέρα
2918 3879 3017 3947 τήν
3070 3880 3431 3957 Περσεφόνην,
3484 3884 3553 3949 ής
3609 3881 3786 3957 Πειρί-

2144 3963 2267 4023 θους
2326 3962 2354 4016 ὁ
2405 3961 2570 4017 αὐτοῦ
2626 3963 2989 4037 συγκλητικὸς
3060 3964 3299 4041 έρασθεῖς
3355 3971 3491 4024 κατὰ
3544 3971 3782 4043 σύνταξιν

2143 4051 2310 4121 αὐτῆς
2394 4052 2625 4127 ἁρπάσαι
2719 4055 2919 4125 ταύτην
2977 4057 3170 4119 νυκτὸς
3222 4053 3529 4131 ἐϐουλήθη.
3613 4065 3776 4117 Τοῦτο

2142 4138 2304 4217 γνοὺς
2349 4137 2558 4211 Ἀΐδης,
2616 4140 2674 4195 ’ὸν
2736 4145 2855 4218 εἶχε
2908 4144 3043 4200 κύνα
3110 4146 3362 4222 μέγιστον
3424 4149 3514 4205 καὶ
3576 4149 3775 4228 ἄγριον,

2140 4223 2500 4306 Τρικέρϐερον
2530 4228 3027 4306 ἐπονομαζόμενον,
3056 4230 3160 4303 ἕξω
3213 4235 3311 4302 τῆς
3366 4238 3534 4313 θύρας
3595 4223 3778 4311 ἔστησε

2142 4318 2479 4398 Περσεφόνης
2508 4317 2831 4394 ἀγνοούσης.
2865 4323 2976 4378 Τοῦ
3009 4320 3066 4378 δὲ
3111 4325 3361 4401 Πειρίθου
3419 4329 3557 4404 πρὸς
3616 4330 3776 4398 αὐτὴν

2136 4408 2580 4485 παραγενομένου
2634 4410 2847 4481 νυκτὸς,
2908 4410 3225 4490 ἐφορμήσας
3272 4417 3301 4471 ὁ
3359 4416 3506 4472 κύων
3567 4419 3772 4476 ἀνεῖλεν

2140 4498 2324 4554 αὐτόν.
2354 4497 2680 4568 Ἐξελθοῦσα
2711 4496 2769 4554 δὲ
2798 4501 2935 4576 πρὸς
2965 4504 3063 4573 τὴν
3121 4506 3371 4581 ταραχὴν
3414 4509 3447 4577 ἡ
3480 4509 3619 4583 κόρη
3692 4505 3777 4563 δι-

374 4615 489 4669 que
511 4597 951 4668 Proserpinam,
987 4599 1139 4652 144
1170 4612 1305 4651 eum
1351 4595 1425 4651 ad
1450 4597 1767 4653 tumultum
1818 4616 2020 4655 excur-

2156 4585 2455 4663 σπᾶραιιται
2530 4587 2621 4643 καὶ
2697 4587 2832 4659 αύτὴ
2904 4596 2986 4664 τῷ
3049 4593 3189 4651 κυνί.
3250 4596 3517 4652 Ἐντεῦθεν
3574 4598 3772 4674 έρῥηθη

369 4693 546 4754 reret,
585 4688 916 4759 discerpsit.
952 4687 1094 4743 Inde
1127 4693 1268 4743 nata
1292 4692 1384 4743 est
1412 4686 1631 4755 fabula,
1663 4689 1820 4759 quod
1843 4690 2014 4747 Pluto

2151 4673 2581 4748 ῖτιὸΠλούτων,
2638 4677 2702 4732 τὸ
2754 4682 2851 4734 τοῦ
2910 4678 3101 4756 ἀνδρὸς
3159 4683 3387 4762 εὔπορον
3460 4673 3767 4762 σημαίνων,

370 4781 460 4844 (ea
488 4795 597 4834 vox
640 4778 874 4834 divitias
914 4778 1022 4832 viri
1054 4778 1183 4849 ejus
1206 4777 1496 4849 designat)
1520 4777 1744 4849 virgine
1776 4780 2017 4835 Proser-

2151 4767 2226 4836 σὴν
2252 4765 2423 4842 κόρην
2450 4767 2790 4846 Περσεφόνην
2821 4768 3065 4846 ἁρπάσας
3103 4770 3156 4836 ἐς
3188 4772 3324 4846 ᾅδην
3357 4775 3559 4852 ᾤχετο.

365 4868 508 4940 pina
529 4873 699 4940 rapta
716 4867 791 4924 ad
811 4868 1034 4922 inferos
1058 4867 1139 4937 (id
1159 4873 1248 4922 est
1268 4865 1341 4921 ad
1362 4865 1595 4937 Aidem)
1625 4870 2011 4925 concesserit.

435 4957 729 5030 Egialeus
783 4956 1013 5029 primus
1055 4972 1304 5028 regnum
1361 4955 1423 5010 in
1471 4954 1777 5027 Sicyonios
1808 4959 2008 5030 gessit,

2193 4946 2313 5003 Ὅτι
2344 4946 2373 5001 ὁ
2409 4946 2705 5024 Αἰγιαλεὺς
2761 4954 2979 5025 πρῶτος
3033 4957 3380 5009 Σικυωνιτῶν
3437 4956 3771 5025 πεντήκοντα

364 5065 553 5104 annos
583 5050 828 5104 52.Post
856 5046 1016 5101 hunc
1037 5044 1135 5099 alii
1178 5061 1347 5117 reges
1383 5044 1588 5114 viginti
1620 5061 1725 5101 sex
1772 5045 2013 5103 fuerunt

2160 5034 2219 5090 ύο
2251 5032 2342 5107 ἔτη
2374 5037 2522 5112 ἧρξεο
2559 5040 2678 5113 μεθ’
2736 5038 2794 5094 ὅν
2836 5038 3000 5096 ἄλλοι
3054 5043 3134 5107 κς¹
3174 5039 3281 5106 ἕως
3337 5048 3434 5099 τοῦ
3493 5044 3770 5117 καλουμέ-

361 5155 551 5210 usque
580 5138 653 5193 ad
683 5138 1068 5208 Zeuxippum.
1106 5134 1208 5189 llic
1230 5134 1516 5207 Sicyoniis
1546 5151 1735 5190 annos
1770 5137 2010 5209 triginta

2151 5145 2212 5179 ου
2243 5126 2562 5198 Ζευξίππου,
2594 5129 2654 5191 ὃς
2703 5122 2821 5191 ἕτὸς
2878 5123 2929 5184 ἕν
2987 5129 3078 5186 καὶ
3130 5132 3422 5206 τριάκοντα
3489 5129 3769 5189 ἐϐασίλευ-

360 5242 547 5283 unum
579 5222 911 5297 imperavit.
963 5222 1201 5278 Duravit
1227 5221 1339 5277 hoc
1377 5238 1625 5295 regnum
1658 5239 1847 5280 annos
1880 5226 2004 5281 980.

2154 5236 2204 5270 εν
2238 5214 2290 5271 έν
2344 5216 2553 5281 αὐτοῖς.
2613 5218 2711 5273 Καὶ
2763 5217 3023 5296 κατέσχεν
3073 5220 3248 5279 αὐτῶν
3306 5224 3341 5294 ἡ
3389 5221 3635 5298 βασιλεία
3690 5218 3766 5276 ἔτι

2116 5302 2396 5361 ἑννακόσία
2434 5303 2788 5383 ὁγδοήκοντα.

1554 5445 1922 5505 XYLANDRI
1960 5449 2048 5505 ET
2087 5449 2304 5508 GOARI
2342 5451 2567 5509 ΝΟΤᾸΞ.

428 5577 539 5649 (767)
570 5572 769 5649 malim
789 5574 1333 5649 Hypermnestram.
1360 5571 1471 5649 S_ed
1493 5572 1620 5628 huic
1641 5574 2009 5649 o_mni_a_.4per-

514 5578 539 5659 ί)
570 5578 769 5659 Malim
789 5578 1333 5659 Hypermnestram.
1360 5578 1471 5659 Sed
1494 5578 1620 5628 huic
1641 5578 2009 5659 omniaper-
2118 5578 2262 5659 tiam
2284 5579 2614 5659 parandam
2647 5578 2883 5653 scriptis
2932 5581 3257 5653 repetenda
3312 5582 3490 5655 inque
3541 5582 3761 5643 scholis

359 5644 529 5721 sequi
560 5647 807 5718 nolo,ex
822 5644 1012 5719 poetis
1039 5650 1098 5701 et
1126 5644 1296 5701 libris
1325 5644 1401 5701 ad
1429 5661 1639 5701 eorum
1670 5644 2007 5720 intelligen-
2120 5648 2253 5706 ideo
2280 5644 2441 5708 nota.
2472 5650 2614 5709 Χη.
2765 5644 2786 5653 ’
2999 5644 3020 5653 ’
3394 5644 3414 5655 ⁵
3738 5684 3741 5685 ν

2120 5648 2253 5706 ideo
2280 5648 2441 5708 nota.
2472 5650 2614 5709 Χη.
