4094 6292
352 417 469 480 1¹Π

1509 427 2067 492 HISTORIARUM
2112 424 2629 489 COMPENDIUM

3675 429 3795 490 178

430 554 515 612 Τὰ
547 554 608 613 δὲ
638 555 843 617 δυτικὰ
872 561 960 618 καὶ
989 562 1057 620 τὰ
1078 563 1216 621 κατὰ
1281 532 1516 624 Ἰταλίαν
1575 567 1713 641 μέρη
1770 566 1872 623 ὑπὸ
1915 569 2007 622 τῶι

2214 564 2573 638 Regionibus
2603 567 2807 621 autum
2840 564 2916 620 ad
2949 564 3092 621 solis
3119 580 3398 622 occasum
3418 564 3792 639 vergentibus

364 645 498 702 υἱῶν
523 647 701 704 Πίκου
731 656 838 706 τοῦ
866 653 956 708 καὶ
1015 654 1137 718 Διὸς
1193 655 1625 733 ξτοπαρχοῦντο.
1670 659 1757 715 Ἐν
1808 654 1866 713 δὲ
1909 662 2028 721 τοῖς

367 733 639 807 Ἕλλησιν
698 741 730 794 6
794 742 1119 816 Προμηθεὺς
1185 747 1273 820 [Ρ.
1360 749 1450 822 82)
1536 748 1625 802 καὶ
1691 745 2026 820 Ἐπιμηθεὺς

373 824 575 889 Ἀτλας
612 848 672 883 τε
701 830 792 884 καὶ
853 832 883 886 6
940 834 1223 905 πανόπτης
1278 836 1483 914 Ἀργος
1541 834 1920 912 ἐγνωρίζοντο,
1964 836 2024 892 6'v

363 915 457 1002 καὶ
485 917 997 995 ἑκατοντόφθαλμον
1027 920 1118 977 διὰ
1167 924 1233 979 τὸ
1282 923 1685 994 ὁξυωπέστατον
1732 926 1821 982 καὶ
1869 925 2023 1002 περί-

362 999 603 1060 ϐλεπτον
635 1007 774 1062 εἶναι
823 1010 924 1080 τήν
984 1007 1222 1067 διάνοιαν
1280 1013 1532 1073 ἰκάλουν.
1595 1016 1698 1073 Καὶ
1729 1016 1757 1071 6
1793 1018 1888 1091 μὲν
1919 999 2023 1074 Ἀ-

359 1092 500 1157 τλας
550 1094 958 1172 ἀπρονομικὴν
1022 1103 1211 1175 μετῄει
1270 1101 1603 1178 ἐπιστήμην,
1662 1103 1747 1160 διὸ
1800 1106 1892 1160 καὶ
1932 1106 2023 1162 τὸν

363 1184 594 1271 οὖρανὸν
652 1187 934 1263 βαστάζειν
994 1190 1152 1247 αὐτὸν
1241 1192 1629 1266 ἐμυθεύσαντο,
1695 1195 2023 1271 Προμηθεὺς

364 1270 428 1329 δὲ
465 1278 881 1352 γραμματικὴν,
914 1275 992 1342 ὥς
1032 1301 1217 1357 φασιν,
1277 1280 1503 1358 ἰξεῦρεν.
1567 1284 1634 1342 Οἱ
1691 1270 1753 1340 δε
1801 1286 2019 1358 Ἀναξα-

361 1358 577 1439 γόρειοι
619 1366 983 1441 ἑρμηνεύουσι
1010 1374 1135 1425 νοῦν
1168 1370 1261 1443 μὲν
1290 1371 1382 1427 τὸν
1421 1371 1539 1443 Δία,
1586 1375 1688 1444 τήν
1746 1371 1803 1429 δὲ
1854 1377 2018 1446 Ἀθη-

357 1459 459 1508 νᾶν
496 1455 721 1530 τέχνην.
755 1458 920 1515 ’Ὁθεν
949 1459 1038 1514 καὶ
1069 1460 1155 1519 16.

357 1573 581 1646 Χειρῶν
625 1569 949 1647 ὀλλυμένων
1010 1577 1124 1652 (77)
1182 1570 1327 1653 ἔρῥει
1383 1576 1698 1653 πολύμητιν
1758 1582 2014 1653 Ἀθήνην·

352 1715 453 1770 τὸν
486 1713 545 1771 δὲ
580 1717 873 1794 Προμηθέα
936 1723 1057 1775 νοῦν
1106 1715 1318 1799 ἔλεγον·
1360 1725 1673 1800 προμήθεια
1717 1724 1820 1802 γὰρ
1871 1725 2014 1782 ἐστιν

356 1805 671 1881 ἀνθρώποις
700 1810 729 1865 6
756 1813 903 1873 νοῦς.
941 1812 1033 1869 Διὸ
1062 1811 1151 1867 καὶ
1188 1814 1510 1886 μυθεύονται
1539 1815 1668 1879 τοὺς
1697 1817 2015 1892 ἀνθρώπους

2143 662 2202 711 et
2229 656 2414 711 Italia:
2437 656 2755 727 posteritas
2804 656 2925 711 Pici
2953 656 3108 712 Jovis
3140 672 3248 728 per
3275 656 3610 728 provincias
3636 672 3792 728 pras-

2132 745 2263 801 fuit.
2286 747 2691 801 InterGraacos
2718 750 2913 801 autem
2948 745 3338 802 innotuerunt
3375 747 3784 814 Prometheus,

2135 836 2539 907 Epimetheus,
2572 834 2736 890 Atlas
2767 839 2828 889 et
2854 835 3196 890 acutissimo
3217 836 3346 890 visu
3368 835 3653 907 praeditus
3685 842 3787 892 Ar-

2134 941 2262 996 gus,
2286 924 2387 995 qui
2428 923 2501 979 ob
2558 923 3072 996 perspicacitatem
3127 924 3435 979 oculorum
3482 930 3660 997 atque
3692 925 3786 979 in-

2131 1014 2289 1086 genii
2319 1012 2769 1070 centumoculus
2802 1018 2894 1067 est
2930 1013 3281 1083 perhibitus.
3317 1013 3479 1069 Atlas
3509 1020 3782 1069 astrono—

2131 1104 2349 1159 micam
2380 1102 2653 1159 tractavit
2672 1102 2982 1158 scientiam
3010 1119 3023 1157 :
3050 1103 3249 1173 itaque
3272 1101 3518 1157 fabulati
3551 1107 3693 1158 sunt
3709 1103 3783 1160 ab

2132 1208 2200 1248 eo
2224 1192 2436 1248 cmlum
2464 1192 3125 1262 gestari.Prometheum
3151 1192 3554 1264 grammaticas
3585 1193 3785 1249 inven-

2128 1289 2319 1341 torem
2349 1283 2531 1339 fuisse
2562 1283 2818 1339 tradunt.
2850 1284 3213 1357 Anaxagorei
3245 1300 3422 1356 porro
3440 1285 3781 1358 philosophi

2126 1375 2282 1431 Jovis
2311 1374 2555 1429 nomine
2596 1379 2880 1440 mentem,
2933 1374 3205 1429 Minervas
3252 1373 3534 1430 vocabulo
3591 1380 3779 1432 artem

2127 1463 2489 1538 intelligunt.
2524 1463 2687 1519 Unde
2718 1467 2808 1518 est
2837 1462 3026 1519 illudi

2253 1591 2317 1645 Et
2346 1590 2598 1645 manibus
2623 1604 2801 1644 cassus
2831 1592 3130 1660 sapientem
3161 1589 3395 1645 Pallada
3429 1591 3645 1661 quaerit.

2122 1732 2543 1787 Prometheum
2575 1735 2773 1787 autem
2816 1736 3078 1787 mentem
3111 1731 3582 1804 interpretantur
3611 1748 3626 1788 :
3686 1735 3779 1787 est

2122 1821 2283 1877 enim
2306 1820 2648 1877 hominibus
2678 1837 2713 1876 a
2743 1826 2939 1876 mente
2961 1820 3301 1894 prudentia,
3328 1838 3507 1893 quam
3538 1838 3777 1893 prome-

362 1895 838 2011 μεταπεπλάσξαι,
881 1895 1141 1968 δηλονότι
1183 1902 1289 1958 ἀπὸ
1346 1899 1615 1985 ίδιωτείας
1664 1906 1741 1967 είς
1789 1911 2007 1981 γνῶσιν.

2122 1911 2344 1967 tbeiam
2363 1909 2820 1965 dicunt.ldcirco
2838 1910 3019 1965 etiam
3040 1909 3384 1966 fabulantur
3404 1911 3476 1966 ab
3496 1927 3563 1967 eo
3586 1912 3776 1965 homi-

356 1985 700 2059 Ἐπιμηθεὺς
731 1985 790 2042 δὲ
816 1989 920 2057 τὴν
953 1992 1220 2064 μουσικὴν
1254 1982 1454 2067 ἐξεῦρε,
1486 1998 1577 2049 καί
1612 1993 1919 2050 Δευκαλίων
1946 1995 2014 2050 τὰ

356 2075 490 2149 περὶ
520 2079 617 2130 τοῦ
644 2076 1036 2151 κατακλυσμοῦ
1064 2086 1166 2149 τῆς
1194 2081 1446 2151 Ἀττικῆς
1476 2082 1785 2155 ἀνετάξατο.
1818 2086 1880 2143 Ὀ
1911 2086 2010 2143 Κέ-

356 2168 509 2240 κροψ
539 2161 596 2220 δὲ
626 2163 825 2244 διφυὴς
855 2168 1149 2242 ὠνομάσθη
1158 2215 1175 2241 ,
1208 2173 1242 2242 ἢ
1275 2167 1365 2226 διὰ
1389 2174 1564 2245 μῆκος
1583 2175 1903 2247 σώματος,ἢ
1925 2175 2008 2230 ὅτι

357 2254 669 2329 Αἰγύπτιος
725 2255 799 2311 ὤν
858 2259 954 2321 τὰς
1007 2256 1104 2315 δύο
1184 2260 1437 2336 γλώσσας
1491 2264 1780 2333 ἠπίστατο.
1835 2266 2009 2329 Οὗτος

357 2343 499 2417 μετά
534 2345 625 2399 τὸν
683 2346 1072 2421 κατακλυσμὸν
1125 2357 1227 2420 τῆς
1280 2351 1535 2422 Ἀττικῆς
1594 2355 1835 2425 Ἀθηνῶν
1878 2352 2009 2411 ἐϐα-

349 2433 573 2489 σίλευσε
604 2435 841 2510 χρόνους
879 2438 940 2507 ν’,
988 2439 1079 2494 καὶ
1136 2440 1243 2496 ἀπὸ
1298 2448 1400 2511 τῆς
1465 2443 1689 2513 Ἀθηνᾶς
1747 2447 1847 2515 τὴν
1905 2448 2005 2502 πό-

348 2523 441 2614 λιν
497 2526 737 2614 Ἀθήνας
796 2527 1099 2602 ὠνόμασεν.
1162 2531 1284 2588 Ἐπὶ
1370 2534 1537 2589 αὐτοῦ
1593 2532 1646 2589 ἐν
1709 2540 1779 2608 τῇ
1839 2537 2009 2614 ἀκρο-

348 2612 519 2669 ⁴πόλει
557 2613 717 2671 ἐλαία
770 2619 1006 2692 πρώτως
1064 2618 1223 2698 ἐφύη.
1284 2623 1423 2679 ’Δπὸ
1479 2623 1674 2679 τούτου
1732 2612 2009 2702 Κεκροπία

347 2707 387 2774 ἡ
420 2707 587 2783 χώρα
614 2710 835 2780 πρῶτον
876 2706 1112 2780 ἐκλήθη.
1163 2712 1336 2775 Οὗτος
1393 2718 1609 2790 πρῶτος
1663 2716 1789 2790 βοῦν
1848 2715 2009 2772 ἐθαύ-

351 2812 495 2865 μασε
540 2794 633 2849 καὶ
692 2798 835 2859 Ζῆνα
891 2799 1346 2875 προσηγόρευσεν.
1406 2802 1526 2858 Ἐπὶ
1580 2805 1776 2860 τούτου
1830 2806 1894 2861 τὸ
1952 2805 2003 2861 ἐν

349 2880 523 2956 Δήλῳ
578 2885 725 2958 ἱερὸν
782 2884 1138 2953 ’Λπόλλωνος
1192 2889 1399 2959 Δηλίου
1471 2893 1573 2948 ὑπὸ
1652 2894 2005 2971 Ἐριχθονίου

348 2971 794 3060 υἱοῦΛΚέκροπος
828 2972 1077 3051 ἱδρύνθη.
1117 2978 1293 3044 Οὗτος
1341 2984 1628 3055 νομοθετεῖ
1678 2985 1774 3046 τὰς
1826 2989 2007 3060 γυναῖ-

347 3079 449 3124 κας
476 3054 557 3116 ἔτι
610 3064 912 3137 παρθένους
971 3061 1133 3129 οὔσας
1191 3068 1268 3123 ὲνὶ
1325 3054 1480 3145 ἀνδρὶ
1535 3075 1615 3144 τῷ
1676 3054 2004 3148 βουλομένῳ

349 3155 662 3241 γαμεῖσθαι,
720 3155 813 3211 καὶ
874 3154 1064 3230 μηδενὶ
1125 3157 1285 3234 ἄλλῳ
1368 3159 1471 3225 ἓως
1527 3164 1754 3220 θανάτου
1830 3185 1997 3241 προσ-

360 3239 589 3330 ανέχειν·
620 3241 722 3307 ἕως
751 3246 857 3322 γὰρ
907 3245 1072 3330 αὐτοῦ
1120 3246 1433 3328 ἀδιαφόρως
1491 3248 1650 3325 ἔζων,
1700 3256 1839 3330 πρὸς
1876 3239 2000 3312 και-

368 3329 462 3403 ρὸν
491 3334 792 3406 μιγνύμενοι
822 3336 914 3390 καὶ
952 3329 1106 3401 αὖθις
1163 3338 1253 3394 ’ὀτε
1312 3339 1608 3415 βούλονται
1665 3329 1999 3419 διαχωριζό-

368 3420 641 3490 μενοι,ώς
673 3421 887 3495 ἄδηλον
942 3426 1072 3482 εἶναι
1131 3427 1214 3491 τίς
1272 3426 1334 3485 ἃν
1393 3428 1482 3501 εἴη
1539 3429 1734 3488 τούτου
1790 3436 1996 3510 πατὴρ,

359 3513 571 3578 κτηνῶν
592 3513 796 3586 τρόπον
827 3515 1183 3590 νοθευομένου
1222 3522 1320 3573 τοῦ
1374 3518 1565 3595 γένους
1612 3525 1681 3595 τῇ
1732 3521 1998 3597 ἐπιμιξίᾳ.

351 3597 550 3676 Ἔλεγε
577 3601 678 3677 γὰρ
710 3603 846 3658 αὐτὸ
874 3602 1050 3661 αἶ’τιον
1076 3608 1216 3662 εἶναι
1271 3612 1369 3663 τοῦ
1426 3609 1835 3684 κατακλυσμοῦ.
1898 3613 2001 3670 Καὶ

351 3689 470 3758 μετ’
501 3687 662 3744 αὐτὸν
706 3692 951 3765 Κραναὸς
1006 3689 1350 3751 ἐϐασίλευσεν
1406 3692 1499 3770 ἔτη
1559 3697 1727 3759 ἐννέα.
1769 3702 1852 3756 ὅτι
1910 3703 2000 3757 καὶ

351 3778 566 3868 Σαπφὼ
596 3776 634 3847 ἤ
650 3781 754 3868 ,καὶ
783 3782 977 3855 πρώτη
1007 3790 1239 3841 Μουσῶν
1271 3785 1621 3861 ἁνηγόρευτο.
1664 3793 1799 3847 Εἶτα
1854 3797 2003 3868 Φορ-

341 3864 469 3927 νεῦς
508 3868 601 3921 καὶ
638 3866 805 3925 ἄλλοι
838 3874 954 3946 μετ’
1000 3874 1161 3931 αὐτὸν
1210 3873 1314 3939 ἓως
1375 3874 1590 3953 Κόδρου
1649 3864 2004 3954 βασιλεύσαν-

346 3967 452 4016 τος
510 3956 690 4011 αὒτῶν
746 3953 840 4032 ἔτη
920 3963 1021 4018 καὶ
1120 3965 1366 4039 Ἐκράτει
1451 3967 1549 4022 οὗν
1606 3969 1642 4038 ἡ
1701 3969 2004 4039 Ἀθηναίων

349 4043 612 4135 βασιλεία
638 4042 734 4135 ἔτη
761 4049 905 4127 υιιβκ
944 4050 1236 4110 Κάνταῦθεν
1282 4054 1556 4135 ἂρχοντας
1606 4054 1818 4114 δώδεκα
1865 4079 2003 4133 προ-

346 4130 679 4204 εϐάλλοντο,
713 4134 785 4193 δι’
814 4140 889 4193 ὤν
919 4142 955 4211 ἡ
984 4143 1104 4196 κατ’
1146 4130 1793 4220 αὐτοὺςηδιῳκονομεῖτο
1840 4130 2001 4204 πολι-

344 4222 488 4283 τεία.
547 4228 634 4283 Ἑν
689 4226 903 4290 τούτοις
958 4236 1076 4295 τοῖς
1131 4233 1395 4308 ἄρχουσιν
1473 4236 1781 4310 ἐνομοθέτει
1835 4238 2004 4310 Ἀθη-

347 4315 520 4369 ναίων
547 4320 767 4389 πρῶτος
807 4318 1030 4394 Δράκων
1090 4321 1337 4395 ὀνόματι.
1395 4325 1530 4382 Μετ’
1583 4324 1742 4383 αὐτὸν
1805 4324 1862 4383 δὲ
1907 4329 2006 4384 Σό-

346 4402 467 4459 λων
484 4410 582 4461 τοῦ
609 4408 911 4479 Δράκοντος
941 4407 1069 4473 τοὺς
1127 4410 1332 4484 νόμους
1379 4414 1584 4483 ὴθὲτει.
1636 4418 1771 4473 Εἶτα
1820 4417 2007 4488 Θάλης

349 4493 385 4548 6
414 4492 695 4582 Μιλήσιος
728 4495 1088 4571 ἐθεσμοθέτει,
1121 4500 1212 4557 καὶ
1242 4500 1412 4558 πάλιν
1469 4503 1753 4580 Αἰσχύλος
1798 4527 2002 4582 τυραν-

344 4586 522 4655 νήσας
558 4580 676 4649 ἔτος
723 4584 777 4642 ἓν
839 4590 928 4643 καὶ
989 4596 1165 4663 μῆνας
1222 4593 1285 4663 ζ’.
1340 4596 1474 4650 Μεθ’
1529 4593 1587 4651 ὅν
1646 4580 2003 4670 Ἀλκιϐιάδης

2122 2017 2229 2056 nes
2249 2000 2431 2055 fuisse
2454 1998 2923 2071 transﬂguratos,
2956 2000 3238 2054 nimirum
3266 1999 3426 2070 quod
3474 2000 3651 2054 rudes
3699 1999 3783 2055 ad

2122 2088 2430 2145 scientiam
2459 2087 2789 2144 adduxerit.
2823 2089 3103 2144 Musicam
3127 2087 3774 2159 invenitEpimetheus:

2121 2177 2442 2235 Deucalion
2463 2177 2777 2233 historiam
2808 2176 3010 2232 diluvii
3056 2176 3232 2232 Attici
3262 2174 3635 2247 conscripsit.
3665 2177 3774 2231 Ce-

2121 2285 2361 2340 cropem
2391 2267 2690 2340 duplicem
2724 2283 2829 2322 seu
2859 2265 3088 2322 duabus
3118 2264 3346 2323 naturis
3397 2271 3770 2322 constantem

2119 2360 2271 2416 145
2298 2358 2596 2425 dixerunt,
2617 2356 2735 2412 sive
2766 2356 2841 2411 ob
2871 2356 3136 2428 corporis
3168 2355 3616 2427 proceritatem,
3650 2356 3772 2410 sive

2120 2448 2277 2519 quod
2295 2448 2592 2520 Egyptius
2624 2446 2815 2519 patria
2830 2451 3145 2516 utramque
3168 2446 3429 2519 linguam
3446 2446 3770 2502 callereth

2118 2544 2253 2610 post
2277 2537 2564 2592 diluvium
2589 2536 2848 2591 Atticum
2869 2535 3117 2591 Athenis
3165 2536 3430 2608 regnavit
3458 2552 3646 2591 annos
3675 2539 3769 2602 50,

2118 2627 2450 2699 urbemque
2482 2626 2743 2681 Athenas
2765 2641 2800 2681 a
2826 2626 3097 2680 Minerva:
3119 2628 3318 2681 Graaco
3349 2625 3592 2681 nomine
3613 2641 3767 2680 nun-

2118 2717 2370 2789 cupavit.
2414 2718 2493 2772 Eo
2523 2720 2809 2787 regnante
2865 2715 3124 2786 primum
3183 2715 3243 2769 in
3301 2731 3435 2771 arce
3491 2714 3623 2770 olea
3677 2720 3770 2770 est

2120 2812 2312 2863 enata.
2347 2806 2429 2861 Ab
2474 2807 2601 2877 ipso
2661 2806 2820 2877 regio
2880 2805 3163 2875 Cecropia
3218 2809 3311 2859 est
3366 2803 3681 2876 appellata.
3714 2805 3768 2857 Is

2115 2897 2345 2970 primus
2375 2896 2583 2952 bovem
2616 2894 2941 2950 admiratus
2964 2899 3053 2949 est
3082 2899 3140 2948 et
3167 2895 3366 2949 Jovem
3389 2894 3768 2967 cognomina-

2114 2987 2216 3041 vit.
2264 2986 2406 3058 Ejus
2459 2988 2811 3055 tempestate
2862 2983 3064 3039 fanum
3123 2983 3425 3053 'Apollinis
3485 2983 3633 3038 Delii
3706 2982 3770 3037 in

2115 3073 2310 3130 insula
2341 3073 2477 3129 Delo
2508 3072 2769 3146 positum
2828 3076 2919 3126 est
2960 3071 3032 3127 ab
3079 3070 3459 3126 Erichthonio
3491 3072 3772 3143 CecrOpis

2114 3163 2260 3219 ﬂlio.
2293 3164 2348 3217 Is
2377 3162 2568 3235 legem
2602 3160 2739 3217 tulit
2788 3160 2873 3215 uti
2932 3160 3187 3233 virgines
3244 3160 3345 3215 uni
3406 3160 3582 3216 alicui
3638 3162 3763 3216 viro

2112 3253 2334 3310 volenti
2365 3251 2882 3322 nuberent,neque
2915 3266 2984 3305 eo
3014 3251 3141 3305 vivo
3172 3266 3298 3305 rem
3330 3267 3466 3305 cum
3497 3249 3620 3306 ullo
3642 3250 3761 3306 alio

2126 3302 2334 3310 .---_-_
2366 3302 2877 3322 -ημνην-Ἵπ-
2922 3302 2975 3305 -_
3030 3302 3067 3304 ν-
3116 3302 3133 3305 -
3173 3302 3298 3305 ηη-
3337 3302 3465 3305 -_-_-
3506 3302 3613 3306 ἡ---
3646 3302 3752 3306 ___-

2034 3302 2078 3370 ϐ
2106 3342 2414 3400 haberent.
2447 3342 2742 3396 Hactenus
2773 3339 2935 3395 enim
2966 3340 3306 3411 promiscuo
3329 3340 3648 3395 concubitu
3669 3340 3761 3396 usi

2106 3434 2363 3501 fuerant,
2390 3430 2636 3486 arbitrio
2689 3445 2797 3485 suo
2856 3430 3015 3484 inter
3069 3445 3130 3484 se
3177 3428 3371 3501 juncti
3429 3445 3756 3500 rursusque

2109 3522 2365 3594 separati
2394 3541 2410 3589 ;
2439 3537 2555 3592 quo
2572 3521 2793 3576 factum
2826 3525 2916 3575 est
2943 3524 3009 3575 ut
3052 3535 3230 3576 nemo
3288 3524 3519 3592 patrem
3577 3535 3752 3576 suum

2108 3613 2260 3670 scire
2289 3615 2509 3684 posset,
2541 3610 2772 3683 pecoris
2808 3608 2998 3665 instar
3041 3609 3276 3679 spurios
3305 3609 3754 3679 procreantibus

2110 3701 2621 3758 hominibus.Eam
2656 3716 2781 3755 rem
2811 3698 2910 3753 ille
2933 3713 3171 3753 causam
3190 3697 3409 3752 diluvio
3430 3698 3756 3770 praebuisse

2109 3791 2363 3848 dicebat.
2401 3792 2540 3845 Post
2555 3790 2714 3845 hunc
2736 3789 2997 3843 Cranaus
3027 3786 3292 3858 regnavit
3332 3802 3519 3841 annos
3546 3790 3607 3853 9;
3640 3804 3758 3858 quo

2110 3887 2377 3954 tempore
2395 3880 2627 3951 Sappho
2658 3878 2824 3944 vixit,
2857 3894 2988 3948 qum
3010 3877 3205 3949 prima
3253 3877 3552 3932 Musarum
3601 3876 3761 3932 dicta

2108 3971 2241 4027 fuit.
2268 3969 2566 4025 Successit
2611 3969 2835 4024 Cranao
2867 3967 3196 4033 Pborneus,
3230 3964 3446 4038 aliique
3478 3966 3759 4039 deinceps

2109 4075 2299 4131 usque
2331 4058 2408 4115 ad
2436 4057 2820 4129 Codrum,qui
2843 4071 3088 4127 regnum
3120 4071 3226 4128 per
3255 4072 3442 4111 annos
3472 4059 3534 4110 21
3559 4057 3760 4129 gessit.

2110 4150 2353 4208 Duravit
2380 4165 2628 4221 regnum
2677 4147 3040 4203 Atheniense
3098 4163 3287 4201 annos
3310 4149 3433 4201 492.
3458 4146 3601 4201 Inde
3632 4164 3759 4203 rem

2110 4242 2412 4315 publicam
2445 4255 2611 4296 suam
2636 4236 2925 4294 duodenis
2946 4236 3316 4311 principibus
3338 4237 3760 4293 administran-

2112 4332 2248 4388 dam
2306 4330 2698 4386 tradiderunt.
2748 4330 2832 4383 Ex
2890 4327 2983 4383 his
3048 4328 3278 4399 primus
3354 4327 3539 4382 Draco
3598 4326 3757 4400 leges

2111 4419 2574 4477 Atheniensibus
2603 4418 2817 4491 posuit,
2849 4433 2996 4490 quas
3028 4417 3155 4488 ejus
3212 4431 3521 4471 successor
3576 4416 3758 4474 Solon

2111 4510 2432 4583 abrogavit.
2465 4511 2603 4565 Post
2633 4509 2789 4564 hunc
2847 4507 2995 4563 alias
3025 4505 3235 4563 Thales
3282 4506 3543 4562 Milesius
3573 4506 3754 4573 tulit;

2111 4616 2471 4672 rursumque
2501 4598 2826 4671 Eschylus,
2863 4612 2997 4667 cum
3035 4597 3095 4652 in
3127 4612 3254 4651 rem
3304 4595 3608 4668 publicam
3666 4601 3761 4668 ty-

343 4671 445 4745 ἔτη
483 4671 601 4745 δύο,
652 4678 774 4732 εἶτα
815 4676 981 4735 ἄλλοι
1036 4682 1125 4752 ιη’,
1172 4682 1264 4737 καὶ
1318 4684 1467 4746 αὗθις
1526 4686 1561 4754 ἡ
1610 4685 1818 4742 τούτων
1870 4708 2002 4744 κατ-

2118 4671 2427 4746 rannidem
2460 4689 2757 4746 obtineret
2785 4704 2892 4760 per
2923 4702 3146 4742 annum
3178 4703 3247 4741 ac
3276 4690 3307 4740 7
3340 4687 3760 4741 menses.Post

345 4760 524 4834 ελόθη
558 4766 831 4840 βασιλεία.
866 4770 952 4826 Ἐν
984 4768 1205 4834 ἐκείνοις
1234 4777 1353 4836 τοῖς
1382 4778 1594 4850 καιροῖς
1643 4775 1731 4830 καὶ
1785 4777 1835 4832 οἱ
1879 4797 1999 4853 κρι-

339 4854 440 4908 ταὶ
466 4854 646 4935 ἦρχον
674 4854 727 4911 ἒν
755 4857 898 4920 υἱοῖς
930 4858 1172 4934 Ἰσραήλ.

2112 4780 2271 4837 hunc
2299 4778 2636 4835 Alcibiades
2666 4777 2999 4842 biennium,
3031 4774 3245 4831 deinde
3268 4775 3365 4831 alii
3404 4777 3487 4845 18,
3522 4792 3759 4831 rursus-

2113 4886 2228 4943 que
2249 4871 2459 4925 horam
2479 4885 2726 4942 regnum
2749 4866 3035 4923 abolitum
3056 4865 3211 4920 140
3238 4869 3346 4920 est.
3379 4866 3459 4919 Eo
3492 4870 3757 4936 tempore

332 4945 580 5019 judices
600 4948 818 5020 populo
848 4950 1122 5008 Israelico
1144 4952 1529 5026 prmfuerunt,
1563 4973 1711 5029 quos
1741 4962 1983 5031 propter
2002 4961 2338 5016 Graecorum
2404 4958 2683 5014 historias
2731 4956 2928 5012 denuo
2985 4969 3452 5011 commemorare
3509 4953 3753 5024 placuit.

420 5035 548 5091 Τῶν
575 5040 779 5110 κριτῶν
808 5040 907 5092 τοῦ
956 5037 1179 5115 Ἰσραὴλ
1238 5040 1573 5116 ἑπανὲληψις
1612 5040 1702 5098 διὰ
1750 5045 1847 5107 τὰς
1888 5050 1997 5101 τῶν

334 5121 632 5194 Ἐλλήνων
662 5126 926 5200 ἱστορίας.
962 5128 1113 5184 Μετὰ
1166 5129 1374 5201 Ἰησοῦν
1420 5136 1516 5187 τοῦ
1569 5134 1723 5203 Ναυῆ
1784 5132 1843 5188 ἐκ
1894 5141 1997 5204 τῆς

337 5209 525 5269 Ἰούδα
552 5215 644 5269 καὶ
673 5215 903 5289 Συμεὼν
932 5216 1111 5295 φυλῆς
1145 5223 1229 5293 [Ρ.
1266 5223 1356 5295 83]
1389 5226 1508 5286 τοῖς
1528 5206 1805 5293 ’ἀλλήλων
1837 5244 1995 5300 σχοι-

332 5303 596 5376 νίσμασιν
645 5305 746 5362 ἀνὰ
807 5305 970 5381 μέρος
1029 5309 1377 5380 βοηθούντων
1416 5317 1637 5387 πρῶτος
1688 5313 1843 5386 ἄρξαι
1899 5320 1995 5371 τοῦ

336 5392 486 5448 λαοῦ
517 5391 733 5468 λέγεται
761 5391 947 5451 Χάλεϐ
976 5390 1069 5467 ἔτη
1104 5396 1173 5456 λ’.
1205 5398 1353 5454 Μετᾶ
1397 5404 1558 5455 τοῦτο
1589 5402 1617 5456 6
1649 5399 1781 5464 λαὸς
1836 5400 1992 5458 εἰδώ-

336 5479 471 5545 λοις
500 5481 799 5559 λατρεύσεις
855 5481 1130 5541 ἐκδίδοται
1188 5484 1466 5545 δουλεύειν
1514 5494 1593 5563 τῷ
1641 5493 1996 5566 Χουσαρθὼμ

2177 5048 2838 5105 JudicumHebrseorum
2852 5051 3119 5117 tempora
3140 5060 3273 5099 cum
3286 5042 3499 5098 Graacis
3517 5042 3755 5098 collata.

2109 5137 2339 5193 Mortuo
2356 5136 2705 5193 JosuaJudao
2747 5134 3108 5190 etSimeonis
3138 5133 3549 5189 tribusmutua
3586 5131 3755 5187 auxi-

2107 5227 2189 5283 lia
2202 5227 2553 5300 junxerunt.
2586 5224 2822 5281 Primus
2869 5223 3084 5296 populo
3130 5223 3247 5277 dux
3266 5222 3448 5277 fuisse
3477 5227 3757 5279 narratur

2107 5316 2377 5381 Calebus,
2420 5331 2609 5370 annos
2641 5317 2727 5369 30.
2761 5312 2903 5369 Inde
2938 5312 3193 5385 populus
3241 5310 3576 5367 simulacris
3606 5313 3757 5369 divi-

2106 5423 2251 5461 num
2283 5403 2620 5460 exhibendo
2652 5404 2878 5459 cultum
2921 5401 3157 5469 meruit,
3206 5405 3272 5455 ut
3322 5401 3753 5458 Chusarthomo

2104 5492 2445 5565 Syriai,quas
2478 5497 2568 5548 est
2604 5491 3041 5563 Mesopotamia,
3086 5490 3209 5563 regi
3264 5492 3607 5547 servitutem
3635 5508 3754 5546 ser-

1518 5619 1877 5677 XYLANDRI
1931 5621 2021 5676 ET
2070 5617 2287 5674 GOARI
2341 5618 2564 5673 NOTAE.

416 5728 532 5801 ('77)
563 5727 721 5784 Nihil
746 5725 957 5802 habeo,
988 5735 1056 5787 ut
1078 5747 1271 5805 neque
1304 5734 1375 5792 de
1396 5734 1564 5807 bove,
1588 5737 1745 5804 Jove,
1774 5737 1876 5808 qui
1901 5735 2189 5808 sequitur.
2222 5735 2357 5791 XvL.
