4104 6276
387 413 509 476 179

1711 400 2029 466 GEORGII
2073 399 2414 462 CEDRENI

3671 414 3780 479 180

389 548 541 604 viret
569 561 757 602 annos
815 543 1165 602 octodecim.
1215 545 1361 599 Cum
1417 545 1616 600 autem
1656 557 1718 597 se
1747 539 1822 595 ad
1853 539 2027 595 Deum

2155 532 2374 610 βασιλεῖ
2429 534 2630 611 Συρίας
2683 543 2784 608 τῆς
2843 539 3271 612 Μεσοποταμίας
3326 533 3421 614 ἔτη
3492 542 3581 614 ιη’.
3634 547 3779 604 Ἐπι-

393 637 648 711 populus
669 634 1138 704 convertisset,is
1161 633 1246 690 eis
1276 633 1537 706 primum
1559 631 1826 705 judicem
1880 629 2037 684 exci-

392 726 539 783 tavit
565 723 1000 792 Gothonielem,
1033 722 1228 780 Calebi
1263 721 1528 790 fratrem,
1560 727 1704 776 natu
1721 720 2034 776 minorem.

391 817 448 871 Is
476 814 761 888 populum
789 815 858 868 40
887 829 1076 869 annos
1105 811 1469 884 gubernavit.
1527 811 1714 882 Hujus
1771 814 2037 880 tempore

395 904 683 962 diluvium
734 902 1196 958 Deucalioneum
1246 901 1306 956 in
1338 901 1557 956 Graecia
1603 899 1736 956 fuit.
1783 901 2037 955 Rursum

393 993 654 1068 peccatis
685 991 938 1064 populus
970 991 1156 1046 Deum
1187 989 1513 1045 irritansab
1554 1005 1622 1044 eo
1656 989 1716 1044 in
1774 993 2037 1060 potesta-

393 1088 512 1140 tem
530 1082 735 1154 Egloni
757 1079 1020 1137 Moabico
1051 1079 1174 1152 regi
1223 1079 1475 1134 traditus
1506 1083 1616 1143 est,
1644 1094 1801 1135 anno
1827 1076 2036 1133 mundi

389 1173 551 1239 3942,
575 1173 749 1242 eique
779 1169 1015 1226 servivit
1071 1185 1258 1225 annos
1312 1167 1399 1223 48.
1433 1167 1898 1240 Resipiscentem
1931 1182 2035 1238 po-

389 1261 599 1335 pulum
623 1261 776 1316 Deus
807 1259 1090 1331 posteain
1109 1256 1444 1314 libertatem
1465 1257 1721 1313 asseruit
1739 1255 2038 1314 ambidex-

389 1351 466 1407 tri
497 1350 644 1407 Aodi
674 1365 874 1422 opera.
911 1349 962 1404 ls
991 1350 1061 1404 80
1091 1364 1282 1404 annos
1323 1346 1610 1420 populum
1667 1344 2033 1420 gubernavit.

390 1443 561 1496 Anno
594 1439 725 1510 ejus
751 1441 818 1492 27
850 1437 1057 1494 Atticm
1095 1452 1198 1492 rex
1262 1435 1514 1508 Cecrops
1571 1434 1812 1491 exstitit.
1863 1435 2035 1489 Anno

391 1527 826 1601 septuagesimo
856 1525 1107 1598 septimo
1125 1523 1411 1581 diluvium
1432 1523 1542 1580 fuit
1563 1524 1626 1580 in
1655 1522 1960 1580 Thessalia
1979 1527 2038 1577 et

394 1615 704 1688 EthioPia.
739 1617 965 1672 Rursus
995 1613 1340 1669 fictitiorum
1397 1613 1644 1669 deorum
1685 1612 1848 1669 cultu
1879 1611 2035 1666 insa-

390 1707 596 1763 niente
615 1703 860 1778 p0pulo,
893 1703 1189 1758 concessit
1212 1703 1366 1758 Deus
1395 1708 1463 1759 ut
1489 1703 1542 1758 is
1562 1718 1670 1775 per
1689 1701 1894 1774 viginti
1929 1717 2034 1756 an-

389 1811 498 1851 nos
529 1811 565 1851 a
591 1793 822 1850 Jabimo
850 1809 985 1865 rege
1015 1791 1390 1846 Cbanaanico
1422 1791 1876 1862 opprimeretur.
1900 1791 2038 1845 Post

387 1883 618 1940 Debora
646 1882 889 1938 fatidica
915 1879 1155 1948 mulier,
1208 1897 1354 1935 uxor
1383 1879 1738 1952 Apheidothi
1774 1877 1846 1934 de
1877 1878 2036 1934 tribu

385 1973 780 2044 Ephraimica,
819 1971 1096 2027 Israelico
1140 1971 1356 2042 populo
1417 1970 1672 2042 praefuit.
1714 1970 1831 2026 Hac
1884 1969 2033 2024 duce

385 2062 678 2119 Barachus
703 2061 1015 2117 Abinoemi
1031 2061 1190 2117 {ilius
1205 2060 1363 2116 tribu
1377 2058 1750 2131 Nephthalim
1761 2059 1884 2113 icus
1898 2073 2032 2114 cum

384 2152 530 2207 147
563 2151 760 2206 Sisera
785 2151 1091 2222 sepiarum
1121 2149 1334 2207 Jabimi
1369 2149 1722 2220 imperatore
1772 2162 2032 2219 pugnam

381 2239 700 2310 commisit,
735 2244 1042 2310 totumque
1103 2238 1232 2310 ejus
1291 2237 1611 2294 exercitum
1670 2235 1841 2292 fudit.
1902 2236 2032 2306 Ipse

379 2328 577 2386 Sisera
605 2327 786 2401 pedes
813 2327 1046 2400 fugiens
1103 2344 1140 2383 a
1189 2327 1352 2382 Jaela
1408 2341 1593 2381 uxore
1655 2323 2031 2380 Coschameri

381 2417 606 2474 Cinnaai
637 2417 983 2475 interfectus
1017 2421 1126 2480 est,
1161 2417 1315 2472 mala
1344 2415 1505 2472 clavo
1539 2413 1932 2470 transadacta.
1953 2416 2034 2470 Ea

381 2511 734 2578 tempestate
774 2506 1028 2562 Cadmus
1082 2505 1296 2561 Thebis
1353 2504 1636 2578 regnavit.
1696 2502 2032 2558 Secundum

381 2595 624 2652 Deboraa
665 2600 920 2652 mortem
950 2611 1157 2650 rursus
1187 2594 1442 2666 deliquit
1482 2593 1758 2666 populus,
1815 2591 2030 2647 Madia-

381 2685 642 2757 nitisque
672 2685 972 2740 vexandus
1001 2701 1109 2756 per
1137 2691 1365 2756 septem
1395 2699 1600 2739 annos.
1629 2681 1912 2737 divinitus
1943 2687 2032 2737 est

382 2773 697 2830 exhibitus.
723 2775 835 2828 Eos
875 2773 1108 2830 Gedeon
1157 2773 1313 2828 tribu
1366 2775 1746 2839 Manasswus,
1774 2771 2030 2827 victoriae

379 2862 598 2919 ﬁducia
625 2863 808 2936 signis
838 2880 874 2918 a
897 2863 1016 2919 Deo
1045 2862 1201 2918 datis
1245 2862 1618 2928 conﬁrmata,
1679 2878 1814 2917 cum
1849 2877 2032 2917 manu

374 2952 636 3008 virorum
662 2953 762 3025 qui
791 2969 1006 3008 canum
1025 2968 1190 3008 more
1221 2968 1436 3024 aquam
1459 2949 1776 3008 lambendo
1797 2949 2030 3006 hausis-

375 3045 508 3098 sent
536 3041 780 3098 adortus
810 3047 918 3107 est,
944 3059 1014 3098 ac
1043 3041 1350 3098 exstinctis
1381 3057 1586 3098 eorum
1607 3043 1708 3097 120
1738 3039 2026 3102 millibus,

369 3130 573 3202 populi
605 3147 712 3203 per
743 3129 1140 3202 quadraginta
1169 3147 1356 3187 annos
1389 3129 1507 3186 dux
1537 3129 1667 3186 fuit.
1701 3131 1841 3186 Post
1869 3129 2030 3184 hunc

368 3219 732 3276 Abimelicus
757 3221 914 3275 illius
947 3221 1097 3291 ejus,
1130 3236 1319 3276 annos
1353 3222 1406 3287 3,
1441 3219 1650 3276 Tbolas
1689 3220 1779 3289 23,
1829 3219 2022 3275 Jairus

2066 1905 2112 1970 B

375 3271 996 3364 ξᾷἱέὲῌίιζεζέξξῐιὶάέ
1016 3271 1098 3364 ἶ)ὶί
1129 3271 1250 3364 QE;
1263 3271 1847 3382 ’ῥέέοᾷιῖᾖερἶιέιεζ
1866 3271 2022 3363 ΧιᾹᾷ
2054 3271 2096 3339 C

376 3397 620 3454 monitis
653 3395 887 3454 deditus
917 3397 1106 3462 est,ab
1138 3414 1326 3468 eoque
1361 3398 1426 3452 18
1457 3415 1646 3454 annos
1697 3397 2021 3452 divexatus.

375 3491 524 3544 Cum
546 3490 744 3542 autem
775 3484 849 3542 ad
880 3487 1066 3542 Deum
1126 3486 1482 3553 revertisset,
1543 3501 1649 3558 per
1708 3485 2022 3556 Jephtham

379 3575 743 3632 Galaaditam
773 3575 824 3630 is
855 3591 954 3630 eos
985 3574 1278 3630 liberavit.
1329 3574 1611 3647 Princeps
1667 3573 1872 3646 populi
1910 3573 2025 3628 fuit

379 3665 476 3722 hic
507 3681 693 3721 annos
723 3667 776 3719 6.
807 3665 950 3720 Post
967 3665 1127 3720 hunc
1160 3662 1418 3720 Essebon
1467 3667 1520 3720 ‘l.
1581 3665 1660 3719 Eo
1703 3662 1826 3718 fere
1877 3669 2020 3718 tem-

376 3772 519 3828 pore
551 3754 724 3826 Troja
754 3759 812 3808 et
848 3753 1022 3810 Ilium
1051 3753 1406 3818 conduntur,
1441 3759 1500 3808 et
1526 3752 1892 3824 .Esculapius
1933 3769 2022 3808 ar-

380 3849 499 3900 tem
516 3844 806 3900 medicam
825 3843 1340 3914 constituit.Eglon
1352 3841 1709 3898 Zabulonius
1726 3858 1913 3898 annos
1933 3845 2017 3897 10.

376 3931 584 3988 Abdon
605 3931 819 3987 Selemi
843 3931 997 3987 filius
1018 3931 1494 3998 Pharathonites,
1518 3930 1612 3986 cui
1635 3930 2024 4004 quadraginta

375 4023 618 4078 fuerunt
645 4021 1036 4092 ﬁlii,nepotes
1067 4021 1330 4094 triginta,
1364 4020 1704 4076 lsraelicum
1735 4020 2020 4092 populum

376 4111 528 4168 rexit
552 4127 740 4166 annos
768 4113 820 4166 8.
857 4111 974 4166 Hoc
1005 4116 1270 4182 tempore
1297 4109 1456 4182 apud
1477 4109 1709 4166 Graacos
1761 4110 2023 4166 innotuit

375 4201 644 4273 Orpheus
673 4202 878 4270 Tarax,
909 4201 1128 4272 lyricus
1159 4199 1546 4270 omniumque
1581 4206 1892 4271 poetarum
1923 4217 2021 4256 ce-

375 4290 749 4347 leberrimus.
787 4293 836 4348 ls
867 4291 928 4346 in
946 4289 1320 4363 poematibus
1349 4289 1471 4346 suis
1502 4289 1790 4361 plurimos
1820 4307 2020 4346 versus

376 4379 576 4450 posuit
605 4379 676 4432 de
701 4377 1134 4434 elementorum
1164 4383 1297 4434 ortu
1319 4378 1582 4450 itemque
1599 4378 1861 4434 hominis
1874 4379 2022 4433 nati-

375 4467 574 4532 vitate,
606 4466 756 4522 lucis
787 4483 858 4522 ex
886 4469 1106 4524 aethere
1147 4466 1456 4524 eﬂ‘ulsione
1515 4467 1968 4541 phil050phatus
2002 4486 2015 4524 :

379 4555 529 4612 148
563 4556 703 4612 item
737 4555 809 4611 de
839 4555 1150 4628 principiis
1180 4555 1568 4628 incorporeis,
1602 4555 1674 4612 de
1707 4557 1986 4629 potestati

2143 623 2436 701 στέψαντος
2467 627 2642 682 τοίνυν
2685 631 2780 682 τοῦ
2838 626 2977 684 λαοῦ
3033 629 3168 704 πρὸς
3220 631 3347 686 Θεὸν
3408 631 3652 704 ἀνίστησι
3696 638 3778 692 τὸν

2143 714 2416 800 Γοθονιὴλ
2469 721 2688 792 πρῶτον
2775 719 2992 794 κριτὴν,
3061 716 3294 799 ἀδελφὸν
3377 724 3636 800 νεώτερον
3689 733 3779 784 τοῦ

2141 799 2346 871 Χάλεϐ,
2377 807 2437 868 ὅς
2467 803 2640 882 ἔκρινε
2669 808 2760 870 τὸν
2811 807 2942 864 λαὸν
2988 804 3083 881 ἔτη
3135 812 3208 883 μ’.
3259 811 3347 867 ἐπὶ
3393 799 3590 870 τούτου
3627 815 3777 892 γέγο-

2141 913 2228 948 νεν
2269 896 2297 949 6
2329 893 2416 951 ἐπὶ
2447 895 2814 961 Δευκαλίωνος
2873 898 3257 974 κατακλυσμὸς
3314 901 3364 957 ἐν
3411 907 3483 978 τῇ
3539 905 3776 966 ιΕλλάδι.

2143 982 2256 1079 μοιῖ
2273 983 2438 1040 πάλιν
2465 985 2526 1040 τὸ
2572 988 2814 1063 πονηρὸν
2873 991 3105 1060 ποιήσας
3155 991 3184 1045 6
3243 991 3465 1065 Ἰσραὴλ
3512 993 3774 1068 παρεδόθη

2158 1070 2351 1148 Εγλὼν
2397 1073 2614 1150 βασιλεῖ
2638 1071 2945 1134 Μωαϐιτῶν
2991 1077 3044 1134 ἐν
3098 1083 3178 1152 τῷ
3233 1080 3462 1157 ’γ79μβ¹
3516 1081 3642 1153 ἱτει,
3694 1089 3778 1142 καί

2142 1159 2456 1220 ἐδούλευσεν
2489 1159 2581 1236 ἔτη
2632 1171 2720 1236 ιη’.
2779 1165 2950 1222 Πάλιν
3001 1165 3058 1222 δὲ
3117 1167 3311 1233 αὐτοὺς
3367 1169 3778 1248 ἐπιστρέψαντας

2143 1249 2428 1328 ἐξαιρεῖται
2457 1250 2548 1309 διὰ
2574 1258 2672 1311 τοῦ
2711 1253 3170 1334 άμτοτεροδεξιοῦ
3228 1258 3394 1330 Ἀὼδ,
3447 1259 3507 1324 ὅς
3564 1259 3690 1338 ἔσχε
3724 1265 3778 1320 τὸ

2141 1340 2429 1417 ἐπώνυμον
2458 1349 2619 1400 τοῦτο
2671 1343 2762 1400 διὰ
2796 1347 2859 1402 τὸ
2913 1347 3124 1420 ὁμοίως
3178 1347 3232 1404 ἐν
3293 1352 3454 1406 παντὶ
3505 1353 3778 1430 πράγματι

2141 1436 2210 1506 τῇ
2239 1433 2506 1508 εὐωνύμῳ
2557 1440 2794 1508 χρῆσθαι
2850 1435 2998 1512 χειρὶ
3059 1438 3302 1512 καθάπερ
3355 1440 3448 1495 καὶ
3501 1445 3569 1516 τῇ
3623 1439 3780 1516 δεξιᾷ.

2140 1522 2311 1585 Οὗτος
2367 1524 2616 1600 ἡγήσατο
2672 1527 2769 1580 τοῦ
2828 1523 2967 1581 λαοῦ
3020 1521 3114 1598 ἔτη
3171 1528 3242 1585 π’.
3307 1529 3525 1587 Τούτου
3578 1535 3656 1604 τῷ
3709 1519 3783 1604 κζ“

2139 1605 2246 1667 ἔτει
2303 1607 2618 1668 ἐϐασίλευσε
2673 1617 2774 1679 τῆς
2857 1616 3106 1687 Ἀττικῆς
3189 1619 3218 1673 6
3301 1617 3541 1694 Κέκροιιν
3625 1619 3676 1676 ἐν
3731 1619 3784 1677 δὶ

2137 1706 2218 1774 τῷ
2275 1703 2351 1770 οζ“
2407 1698 2514 1758 ἔτει
2571 1703 2758 1778 γέγονε
2813 1703 3197 1780 κατακλυσμὸς
3254 1705 3307 1762 ἐν
3379 1707 3646 1782 Θεσσαλίᾳ
3696 1712 3780 1766 καὶ

2141 1789 2420 1864 Αἰθιοπίᾳ.
2461 1789 2631 1846 Πάλίν
2691 1789 3169 1866 εἱδωλομανοῦντα
3219 1797 3311 1852 τὸν
3367 1797 3589 1873 Ἰσραὴλ
3653 1819 3783 1873 παρ-

2143 1875 2313 1936 έδωκε
2368 1883 2568 1954 Κύριος
2627 1879 2679 1936 ἐν
2739 1883 2888 1960 χειρὶ
2969 1879 3178 1958 Ἰαϐεἰμ
3241 1885 3514 1960 βασιλεως
3581 1889 3785 1944 Χαναὰν

2142 1965 2236 2055 ἐτη
2275 1970 2341 2026 κ’.
2377 1969 2526 2028 Μετά
2551 1974 2719 2026 ταῦτα
2777 1967 3020 2048 Δεϐόρῥα
3071 1981 3367 2052 προφῆτις,
3425 1978 3560 2050 γυνὴ
3617 1980 3782 2055 Ἀφει-

2143 2054 2252 2113 δὼθ
2281 2055 2461 2138 φυλῆς
2500 2061 2762 2136 Ἐφραῗμ,
2818 2058 2996 2135 ἔκρινε
3046 2063 3141 2118 τὸν
3202 2063 3448 2137 Ἰσραήλ.
3510 2065 3608 2120 Διᾶ
3656 2054 3779 2122 ταύ-

2141 2151 2513 2237 τηςᾼὴγήσατο
2565 2151 2768 2226 Βαράκ,
2826 2153 2946 2215 υἱὸς
3003 2149 3287 2231 Ἀϐινοείμ
3341 2157 3404 2213 ἐκ
3454 2157 3631 2237 φυλῆς
3683 2159 3780 2215 Νε-

2143 2235 2539 2316 φθαλεὶμ,τῆς
2596 2241 2734 2295 κατά
2789 2241 3028 2318 Σισάρῥα
3089 2245 3277 2322 μάχης
3315 2250 3417 2301 τοῦ
3469 2235 3782 2322 άρχιστρατ-

2143 2329 2280 2402 ηγου
2311 2323 2544 2402 Ἰαϐεὶμ,
2575 2329 2666 2383 καὶ
2697 2329 2960 2403 ἐκράτησε
2985 2329 3163 2404 πάσης
3198 2341 3300 2404 τῆς
3357 2333 3639 2408 δυνάμεως
3693 2335 3779 2391 a6-

2139 2417 2460 2506 “:oBrAOtbc
2487 2415 2546 2474 δέ
2602 2419 2630 2474 ὁ
2686 2419 2927 2498 Σισάρῥα
2981 2428 3102 2486 τοῖς
3158 2423 3288 2480 ποσὶ
3348 2422 3624 2506 διαφυγὼν
3683 2427 3780 2482 ὑπὸ

2141 2505 2292 2576 Ἰαὴλ
2352 2509 2607 2582 γυναικὸς
2699 2508 2888 2586 Χάμερ
2973 2515 3069 2568 τοῦ
3155 2513 3410 2570 Κινναίου
3473 2515 3778 2590 ἀναιρεῖται,

2140 2596 2408 2670 πασσάλῳ
2473 2597 2614 2654 κατᾶ
2668 2606 2767 2670 τῆς
2819 2600 3015 2676 γνάθου
3100 2599 3402 2674 διαπαρείς.
3467 2604 3614 2662 Κατὰ
3669 2601 3782 2660 τοῦ-

2138 2705 2268 2748 τους
2321 2684 2448 2749 τοὺς
2509 2687 2740 2764 χρόνους
2793 2685 3016 2764 Κάδμος
3073 2689 3128 2746 ἐν
3187 2687 3397 2763 Θήϐαις
3457 2689 3777 2750 ἐϐασίλευσε.

2141 2774 2296 2832 Μετᾶ
2321 2773 2378 2831 δὲ
2431 2778 2531 2846 τήν
2591 2771 2860 2855 Δεόόρρας
2915 2777 3174 2852 τελευτὴν
3234 2779 3508 2854 ἐξήμαρτε
3563 2780 3777 2838 πάλινὸ

2141 2861 2296 2932 λαὸς,
2327 2865 2416 2920 καὶ
2449 2862 2720 2941 παρεδόθη
2752 2868 2870 2928 τοῖς
2921 2865 3278 2940 Μαδιηναίοις
3322 2864 3420 2943 ἔτη
3475 2873 3538 2942 ζ’.
3583 2869 3777 2928 Γεδεὼν

2139 2949 2197 3009 δὲ
2241 2952 2424 3018 αὐτοῖς
2481 2954 2544 3009 ἐκ
2597 2953 2778 3032 φυλῆς
2827 2961 3108 3029 Μανασσῆ,
3169 2958 3336 3024 θείοις
3389 2962 3640 3036 σημείεις
3687 2966 3780 3028 τῆς

2137 3043 2294 3114 νίκης
2323 3045 2692 3117 κομισάμενος
2747 3047 2848 3115 τὴν
2907 3045 3106 3114 πίστιν,
3163 3047 3532 3123 ἐπανίσταται,
3587 3049 3675 3106 καὶ
3727 3047 3776 3103 ἐν

2135 3137 2254 3194 τοῖς
2283 3130 2509 3206 ἀνδράσι
2547 3140 2662 3196 τοῖς
2695 3133 2896 3209 λάψασι
2927 3135 3107 3198 καθὼς
3121 3135 3266 3192 κύων
3287 3143 3396 3196 τῶν
3430 3143 3499 3216 ιβ’
3522 3135 3779 3214 μυριάδας

2137 3221 2613 3300 διαχειρισάμενος
2657 3226 2786 3301 ἦρξε
2841 3229 2940 3281 τοῦ
3000 3225 3137 3283 λαοῦ
3191 3223 3286 3300 ἔτη
3347 3231 3423 3302 μ’.
3487 3225 3778 3302 Ἀϐιμέλεχ

2133 3313 2329 3368 τούτου
2360 3314 2476 3376 υἱὸς
2536 3311 2630 3386 ἔτη
2687 3315 2756 3390 γ’,
2815 3313 2961 3371 Θόλα
2998 3309 3092 3387 ἔτη
3151 3317 3253 3393 xy‘,
3312 3318 3478 3394 Ἰαεὶρ
3518 3319 3547 3374 6
3575 3315 3776 3374 Γαλαα-

2135 3396 2288 3470 δίτης
2318 3394 2410 3471 ἔτη
2469 3403 2580 3476 κβ’.
2641 3401 2794 3460 Μετὰ
2845 3407 3010 3460 τοῦτο
3063 3402 3362 3480 ἐξήμαρτεν
3403 3409 3434 3462 ὁ
3486 3407 3638 3476 λαὸς,
3693 3402 3776 3460 καὶ

2132 3485 2409 3563 παρεδόθη
2439 3494 2557 3551 τοῖς
2589 3491 2910 3566 Ἀμανίτρις
2940 3489 3033 3564 ἔτη
3065 3499 3154 3564 ιη’.
3213 3495 3444 3552 Ἔπειτα
3493 3497 3592 3564 τὴν
3647 3493 3774 3568 πρὸς

2131 3577 2257 3632 Θεὸν
2293 3577 2666 3650 ποιησάμενος
2699 3577 2960 3636 ἐπάνοδον
2985 3582 3250 3652 σώζονται
3293 3581 3384 3639 διὰ
3429 3589 3530 3640 τοῦ
3585 3579 3776 3659 Ἰεφθάε

2128 3670 2226 3722 τοῦ
2265 3663 2604 3723 Γαλααδίτου
2633 3665 2728 3738 ἔτη
2757 3669 2823 3733 ς’.
2853 3671 3003 3726 Μετὰ
3023 3675 3214 3726 τοῦτον
3257 3671 3530 3732 Ἐσσεϐὼν
3575 3671 3666 3742 ἔτη
3715 3670 3772 3739 ζ’.

2129 3755 2280 3813 Κατᾶ
2303 3754 2529 3820 τούτους
2558 3756 2686 3821 τοὺς
2721 3758 2954 3834 χρόνους
2997 3761 3060 3816 τὸ
3117 3761 3294 3818 Ἴλιον
3352 3761 3575 3836 ἐκτίσθη
3627 3761 3773 3828 καὶῆ

2129 3843 2316 3920 Τροία,
2347 3845 2438 3901 καὶ
2470 3846 2811 3918 Ἀσκληπιὸς
2841 3850 2940 3918 τήν
2967 3847 3213 3926 ἰατρικήν
3234 3850 3546 3928 ἐπιστήμην
3573 3849 3771 3926 μετῄει.

2148 3931 2343 4010 Εγλὼν
2376 3937 2487 4011 (78)
2515 3937 2542 3991 6
2576 3931 2964 4008 Βαϐυλωνίτης
2995 3933 3090 4010 ἕτη
3125 3941 3174 3998 ι’.
3209 3936 3416 3998 Ἀϐδὼν
3441 3944 3555 4006 υἱὸς
3579 3937 3776 4010 Σελεὶμ

2130 4022 2160 4077 6
2191 4024 2608 4096 Μαραθωνίτης,
2641 4025 2700 4087 ’ὀς
2746 4027 2811 4096 ἦν
2869 4029 3054 4103 πατὴρ
3111 4027 3320 4084 παίδων
3383 4034 3438 4105 μ’
3495 4030 3584 4088 καὶ
3634 4027 3776 4103 ἐκγό·

2126 4133 2233 4168 νων
2275 4110 2324 4168 λ’
2404 4107 2584 4169 ἔκλινε
2639 4114 2731 4169 τὸν
2791 4119 2828 4172 Ἰ
2955 4115 3018 4172 ’λ
3079 4112 3104 4138 ”
3266 4120 3278 4139 ’
3634 4117 3648 4138 ’

2330 4154 2345 4182 ,
2468 4147 2494 4186 ρ
2834 4136 2978 4194 φραη
3077 4138 3170 4190 ετη
3227 4141 3298 4190 η.
3360 4121 3506 4177 Κατὰ
3559 4133 3770 4175 τουτους

2127 4199 2256 4263 τοὺς
2288 4201 2524 4276 χρόνους
2557 4200 2786 4278 Ὀρφεὺς
2833 4203 2860 4258 6
2915 4203 3050 4278 Θρᾲξ
3112 4205 3140 4260 6
3199 4204 3425 4282 λυρικὸς
3474 4209 3564 4264 καὶ
3617 4224 3772 4272 ποιη-

2127 4294 2236 4346 τῶν
2291 4290 2544 4346 ἁπάντων
2599 4291 3006 4364 ἐπισημότατος
3063 4297 3186 4368 παρ’
3243 4293 3515 4369 Ἕλλησιν
3557 4291 3772 4372 ἐγοωρί.

2132 4385 2272 4450 ζετο,
2305 4382 2389 4456 [Ρ.
2422 4382 2514 4454 84]
2546 4378 2606 4443 ὃς
2635 4381 2688 4436 ἐν
2721 4388 3036 4452 ποιητικοῖς
3067 4382 3278 4460 στίχοις
3307 4387 3432 4459 περὶ
3492 4381 3770 4460 στοιχείων

2129 4469 2404 4540 ποιήσεως
2474 4470 2562 4525 καὶ
2623 4469 2913 4546 ἀνθρώπου
2967 4470 3240 4548 γενέσεως,
3327 4474 3418 4530 καὶ
3472 4475 3648 4555 φωτός
3722 4467 3771 4537 ἐξ

2129 4556 2342 4634 αίθέρος
2384 4555 2660 4634 ἔλλαμψιν
2711 4557 3050 4638 φιλοσοφῶν,
3109 4561 3284 4640 ἀρχὰς
3337 4584 3395 4620 τε
3452 4561 3770 4638 ἀσωμάτους

377 4645 508 4714 bus,
544 4645 614 4701 de
639 4644 762 4700 sole
793 4649 854 4700 et
879 4645 1024 4701 luna
1051 4644 1464 4717 sideribusque
1510 4646 1821 4712 universis,
1854 4651 2014 4702 terra

2136 4646 2210 4701 ιιαὶ
2234 4645 2495 4718 ἐξουσίας,
2527 4645 2688 4718 ἣλιον
2725 4647 2813 4702 καὶ
2847 4644 3087 4721 σελήνην
3117 4638 3219 4706 καὶγ
3239 4649 3406 4728 ἄστρα
3451 4653 3642 4718 πάντα,
3672 4653 3770 4723 γῆν

375 4734 524 4791 mari
555 4739 732 4806 atque
765 4734 1040 4790 omnibus
1072 4751 1204 4807 quae
1231 4734 1290 4788 in
1332 4735 1401 4790 iis
1435 4740 1594 4802 sunt,
1627 4735 1776 4791 sive‘t
1834 4736 2018 4792 videri

375 4841 444 4882 ea
475 4828 696 4896 queant
726 4840 830 4878 seu
861 4823 1049 4879 visum
1077 4823 1327 4896 fugiant,
1359 4824 1562 4880 omnia
1596 4823 1722 4880 hare
1781 4824 1852 4880 ab
1883 4827 2016 4880 uni-

375 4915 526 4970 versi
557 4913 870 4970 Conditore
887 4913 1085 4968 efﬁcta
1109 4911 1444 4968 docens.Ab
1468 4913 1677 4969 eodem
1710 4913 2018 4970 hominum

373 5021 560 5078 genus
586 5019 657 5059 ex
689 5007 845 5058 terra
859 5001 1122 5058 efﬁctum
1140 5001 1460 5072 animaque
1477 5002 1725 5058 rationis
1749 5009 2019 5075 compote

372 5091 736 5164 praeditum;
779 5097 905 5146 tum
967 5091 1165 5146 omnia
1218 5091 1290 5145 ad
1323 5108 1508 5147 unum
1556 5091 1766 5146 divinae
1797 5097 2021 5148 natura:

373 5181 690 5252 imperium
727 5187 904 5253 atque
953 5180 1070 5236 vim
1136 5179 1366 5248 referri,
1425 5197 1640 5253 nempe
1688 5181 1764 5238 ad
1823 5197 2021 5238 verum

371 5273 579 5339 Deum,
612 5287 787 5342 quem
820 5287 992 5326 nemo
1025 5269 1180 5326 videt
1209 5287 1221 5325 :
1255 5271 1349 5326 cui
1399 5271 1510 5327 tria
1560 5277 1698 5328 sunt
1754 5273 2020 5337 nomina.

371 5359 917 5428 con.silium,lumen
943 5364 1001 5415 et
1032 5360 1229 5416 vitain
1249 5359 1394 5432 ipso.
1432 5362 1514 5418 [ta
1545 5361 2023 5434 sapientissimus

371 5448 636 5521 Orpheus
663 5449 1094 5521 propemodum
1125 5448 1378 5518 veritati,
1417 5467 1597 5522 quam
1627 5467 1735 5506 nos
1785 5451 2023 5523 proﬁte-

2129 4735 2218 4790 καὶ
2251 4733 2521 4800 θάλασσαν
2550 4735 2642 4791 καὶ
2670 4734 2736 4791 τὰ
2761 4737 2818 4792 ἐν
2857 4735 3040 4801 αὐτοῖς
3097 4739 3268 4814 ὁράτὰ
3323 4762 3384 4797 τε
3434 4741 3524 4798 καὶ
3577 4739 3774 4814 ἀόρατα

2129 4824 2298 4880 πάντα
2332 4825 2436 4880 ὑπὸ
2463 4829 2560 4880 τοῦ
2609 4829 2964 4902 Δημιουργοῦ
3012 4832 3120 4882 τῶν
3169 4828 3317 4886 ὅλων
3367 4831 3636 4906 γενέσθαι,
3685 4821 3771 4880 καὶ

2129 4913 2191 4970 τὸ
2221 4918 2328 4970 τῶν
2359 4913 2660 4990 ἀνθρώπων
2693 4913 2848 4990 γένος
2883 4915 2969 4972 ὑπ’
3001 4915 3166 4974 αὐτοῦ
3197 4924 3296 4975 τοῦ
3327 4925 3462 4976 Θεοῦ
3519 4916 3764 4982 πλασθῆ-

2129 5024 2216 5058 ναι
2243 5001 2304 5058 ἐκ
2352 5009 2457 5079 γῆς
2517 5004 2607 5059 καὶ
2665 5005 2852 5084 ψυχὴν
2907 5004 2997 5060 ὑπ’
3053 5006 3218 5062 αὐτοῦ
3274 5011 3506 5086 λογικήν
3563 4998 3770 5070 λαϐεῖν,

2130 5092 2205 5155 εἰς
2241 5091 2368 5166 μίαν
2399 5089 2455 5148 δὲ
2508 5089 2736 5166 δύναμιν
2787 5093 2876 5149 καὶ
2913 5091 2968 5149 ἓν
3022 5095 3220 5170 κράτος
3273 5099 3529 5170 θεότητος
3582 5092 3768 5168 ἀνάγε-

2133 5184 2251 5237 σθαι
2279 5183 2346 5238 τά
2377 5183 2545 5238 πάντα
2587 5181 2888 5258 θ“εολογεῖν,
2921 5185 2982 5246 ὃς
3012 5183 3156 5240 ἐστιν
3189 5187 3217 5242 ὁ
3247 5185 3321 5242 ὥν
3375 5189 3524 5260 Θεὸς,
3583 5184 3641 5240 ὅν
3670 5179 3768 5236 οὖ-

2133 5267 2246 5336 δεῖς
2276 5273 2394 5348 ὁρᾷ.
2430 5271 2567 5347 Τρία
2599 5269 2676 5341 δὲ,
2717 5273 2904 5352 φησὶν,
2937 5273 3201 5347 ὀνόματα,
3236 5274 3438 5350 βουλὴ,
3471 5281 3606 5356 φῶς,
3629 5267 3764 5356 ζωῆξ

2133 5359 2186 5416 ἐν
2228 5361 2396 5432 αὐτῷ,
2429 5359 2624 5436 ὀλίγου
2657 5359 2764 5416 δεῖν
2799 5363 3108 5440 συμφώνως
3143 5367 3212 5438 τῇ
3251 5354 3493 5439 ἀληθεία
3527 5367 3593 5438 τῇ
3653 5354 3766 5414 καθ’

2133 5451 2282 5524 ἡμᾶς
2339 5450 2461 5524 περὶ
2521 5471 2583 5504 τ..
2638 5454 2774 5506 Θεοῦ
2849 5451 2936 5506 καὶ
3025 5451 3322 5527 ἀνθρώπων
3373 5455 3402 5510 6
3460 5451 3763 5536 σοφώτατος

1541 5559 1918 5616 XYLANDRI
1972 5559 2060 5614 ET
2117 5558 2332 5615 GOARI
2380 5559 2603 5628 NOTAE,

442 5656 554 5730 (Ῑὸ)
593 5655 760 5730 Elonl
780 5649 1096 5711 Emendavi
1125 5655 1186 5710 in
1219 5655 1729 5728 interpretatione,
1765 5663 1824 5712 et
1868 5655 2132 5730 supplevi
2190 5657 2316 5713 haec
2372 5673 2445 5712 ex
2504 5657 2792 5730 superiori
2837 5657 2911 5714 de
2957 5659 3260 5718 Iudicibus
3305 5661 3663 5726 narratione,
3711 5650 3767 5704 et

363 5725 533 5783 Judic
586 5742 684 5782 xu.
717 5726 855 5782 XvL.
