4118 6284
425 380 545 444 183

422 513 686 588 abigeret
742 511 1058 585 ipsumque
1139 512 1455 568 recrearet.

424 603 761 660 Goliathum
821 599 1143 656 barbarum
1222 596 1540 666 interfecit,
1601 597 1786 652 altum
1845 595 2076 652 cubitos

421 698 676 766 quatuor
709 708 780 747 ac
811 689 1190 762 spithamam,
1240 686 1470 742 casside
1531 690 1710 758 caput
1753 689 2074 749 armatum,

420 801 637 858 corpus
669 783 854 838 lorica
891 782 1151 849 hamata,
1191 781 1362 854 cujus
1393 796 1474 834 ass
1505 783 1564 834 et
1590 777 1815 834 ferrum
1848 792 2077 850 appen-

421 873 660 929 debat2
699 890 748 927 s.
809 871 1122 928 unciarum
1172 869 1382 936 millia,
1438 885 1613 924 crura
1659 867 1850 923 ocreis
1903 866 2076 922 (areis

421 967 666 1030 tectum,
691 965 1023 1034 gestantem
1055 957 1268 1014 hastile
1301 958 1490 1012 instar
1518 955 1797 1012 liciatorii
1827 955 2076 1012 textoris

424 1053 598 1124 cujus
623 1049 824 1122 cuspis
849 1049 1160 1104 unciarum
1195 1051 1596 1103 trecentarum
1627 1046 1840 1113 ferrea,
1874 1046 2078 1101 hume-

427 1142 636 1212 risque
692 1155 908 1194 mream
941 1137 1208 1210 aspidem
1258 1137 1569 1192 ferentem.
1621 1134 1704 1192 0b
1752 1133 1810 1189 id
1853 1133 2083 1190 facinus

419 1248 455 1286 a
511 1228 686 1285 Saulo
737 1244 919 1301 gener
971 1227 1252 1294 adscitus,
1308 1225 1515 1280 oborta
1588 1228 1878 1297 prmtextu
1939 1223 2078 1278 cho-

419 1335 554 1377 reas
585 1317 931 1374 ducentium
957 1315 1442 1372 muliercularum
1474 1313 1789 1371 cantilenm
1837 1311 2076 1375 invidia.

419 1425 455 1464 a
489 1424 692 1465 socero
725 1407 1002 1480 profugit.
1036 1407 1118 1461 Ea
1146 1408 1495 1478 tempestate
1545 1409 1603 1460 et
1657 1419 1841 1476 panes
1880 1418 2079 1460 sacros

422 1496 684 1554 comedit
715 1502 774 1552 et
801 1497 904 1552 338
963 1494 1302 1552 sacerdotes
1357 1493 1570 1550 Saulus
1619 1491 1954 1560 trucidavit,
1987 1509 2083 1548 ur-

424 1586 682 1658 bemque
702 1585 926 1642 Nobam
960 1584 1115 1639 ferro
1139 1583 1406 1652 vastavit,
1441 1581 1722 1638 omnibus
1744 1586 1804 1637 et
1830 1579 2084 1636 homini-

425 1675 536 1731 bus
567 1683 624 1730 et
640 1673 966 1747 pecudibus
989 1673 1342 1739 interfectis,
1369 1671 1496 1726 solo
1529 1671 1806 1726 Ahiatare
1839 1669 2077 1724 Abimeo

423 1763 583 1822 lechi
614 1765 738 1820 filio
768 1764 918 1820 151
977 1761 1316 1834 superstite,
1351 1761 1452 1833 qui
1493 1759 1632 1832 fuga
1685 1760 1762 1815 ad
1795 1759 2079 1815 Davidum

1785 371 2113 436 GEORGII
2155 372 2516 439 CEDRENI

1567 507 1734 564 Idem
1818 505 2070 562 Davidus

2193 525 2306 580 ρας,
2347 509 2438 564 καὶ
2489 508 2778 588 ἀφίσταται
2819 508 2912 565 ἀπ’
2966 509 3134 566 αὐτοῦ
3191 509 3254 565 τὸ
3312 507 3568 584 πονηρὸν
3623 515 3845 584 πνεῦμα,

3741 381 3846 442 184

2185 593 2352 653 Ἅλλ’
2407 598 2499 653 οῦν
2559 620 2622 674 γε
2666 597 2903 671 πατάξας
2937 598 2966 654 ὁ
2995 593 3161 654 Δαϐίδ
3222 596 3316 654 τόν
3376 595 3724 676 ἀλλόφυλον
3754 603 3844 658 Lo-

2188 683 2428 752 λιᾶθνδς
2457 686 2524 756 ἧν
2571 687 2764 758 ἡλικίᾳ
2820 692 3023 763 πηχῶν
3079 687 3351 763 τεσσάρων
3408 685 3512 742 καὶ
3577 691 3844 762 σπιθαμῆς

2187 773 2251 830 τὸ
2281 774 2442 848 ὕψος,
2471 776 2562 832 καί
2609 775 3033 852 περικεφαλαίαν
3087 771 3232 852 ἔχων
3297 776 3386 832 ἐπὶ
3444 783 3553 846 τῆς
3612 776 3844 854 κεφαλῆς

2187 862 2373 934 αὐτοῦ,
2415 867 2502 920 καὶ
2567 868 2786 941 θωρακα
2842 863 3178 921 ἁλυσιδωτὸν
3230 863 3392 921 πέντε
3423 863 3711 942 χιλιάδων
3771 869 3846 923 σί-

2187 951 2336 1009 κλων
2374 953 2590 1029 χαλκοῦ
2620 956 2710 1010 καὶ
2742 953 2992 1030 σιδηροῦ,
3025 955 3116 1011 καὶ
3163 952 3444 1031 κνημῖδας
3497 954 3719 1036 χαλκᾶς
3767 956 3847 1012 ἐπὶ

2186 1045 2254 1100 τά
2283 1045 2448 1118 σκέλη
2482 1047 2670 1116 αὐτοῦ,
2701 1048 2790 1102 καὶ
2821 1047 2883 1102 τὸ
2925 1043 3086 1118 ξύλον
3129 1052 3228 1103 τοῦ
3281 1045 3522 1124 δόρατος
3583 1048 3750 1104 αὐτοῦ
3779 1050 3846 1112 ὡς

2189 1132 2367 1192 ἀντίον
2398 1137 2750 1218 ύφαινόντων,
2781 1137 2872 1194 καὶ
2901 1141 2938 1209 ἡ
2971 1136 3054 1194 ἐπ’
3083 1137 3249 1194 αὐτοῦ
3298 1137 3498 1216 λόγχη
3563 1139 3845 1210 ἑξακοσίων

2191 1223 2395 1282 σίκλων
2447 1224 2698 1302 σιδήρου,
2765 1228 2856 1283 καὶ
2910 1227 3073 1290 ἀσπὶς
3135 1227 3320 1304 χαλκῆ
3380 1228 3492 1286 ἆνά
3557 1226 3720 1304 μέσον
3749 1233 3845 1286 τῶν

2682 1317 2786 1375 Καὶ

2194 1403 2399 1475 Σαοὺλ,
2453 1407 2544 1462 καὶ
2628 1406 2916 1486 φθονηθεὶς
2991 1408 3258 1489 προφάσει
3312 1413 3424 1464 τῶν
3491 1413 3847 1490 χορευτριῶν,

2191 1491 2579 1571 ἀποδιδράσκει
2619 1495 2712 1552 ἀπ’
2739 1495 2928 1568 αὐτοῦ,
2979 1493 3069 1553 ὅτε
3115 1496 3205 1553 καὶ
3271 1499 3402 1560 τούς
3483 1500 3690 1573 ἄρτους
3759 1504 3848 1567 τῆς

2191 1584 2534 1660 προσθέσεως
2566 1583 2748 1666 ἔφαγε,
2787 1587 2878 1642 καὶ
2924 1585 3052 1648 τοὺς
3106 1587 3461 1662 τριακοσίους
3521 1589 3854 1658 πεντήκοντα

2191 1674 2355 1748 ἱερεῖς
2385 1675 2564 1730 ἀνεῖλε
2596 1673 2803 1747 Σαοὺλ,
2847 1675 2939 1730 καὶ
2987 1681 3159 1731 πᾶσαν
3217 1675 3318 1744 τήν
3389 1675 3570 1733 πόλιν
3639 1675 3852 1748 ἐπάταξε

2191 1757 2419 1836 Νομϐἆν
2472 1762 2525 1820 ἐν
2603 1761 2854 1840 ῥομφαίᾳ
2918 1763 3025 1820 ἀπὸ
3082 1763 3374 1840 ἀνθρώπου
3434 1759 3547 1828 ἔως
3603 1766 3850 1836 κτήνους,

2191 1310 2360 1390 ὤμων
2415 1317 2600 1377 αὐτοῦ.
2682 1317 2786 1375 Καὶ
2869 1314 2958 1374 διά
3039 1321 3202 1374 τοῦτο
3257 1314 3729 1396 ἐπιγαμϐρευθεὶς
3777 1323 3848 1393 τῷ

425 1859 708 1910 evaserat.
732 1852 797 1908 Id
819 1851 1204 1926 parricidium
1226 1851 1387 1907 Sauli
1406 1850 1608 1906 omnia
1632 1849 1856 1922 ﬂagitia
1876 1849 1952 1904 im
1961 1848 2074 1921 pie-

2193 1859 2290 1952 καί
2321 1851 2430 1952 οὐχ
2470 1852 2768 1930 ὑπελείφθη
2819 1851 2872 1924 ἐξ
2912 1851 3109 1952 aurati,
3151 1851 3197 1908 εἰ
3240 1855 3319 1927 μὴ
3386 1849 3686 1930 Ἀϐιάθαρ,
3745 1855 3850 1915 υἱὸς

423 1950 542 2000 tate
577 1942 892 2016 superavit.
921 1941 1147 2013 Quippe
1171 1941 1272 2012 qui
1295 1943 1488 2013 Agago
1512 1944 1570 1995 et
1593 1939 1772 1995 rebus
1796 1937 2076 1994 omnibus

421 2032 698 2106 pretiosis
715 2031 1100 2105 pepercisset,
1120 2031 1170 2085 is
1192 2030 1282 2084 ira
1302 2034 1603 2101 permotos
1619 2031 1724 2084 350
1741 2027 2077 2085 sacerdotes

416 2123 748 2194 urbemque
771 2137 976 2177 eorum
1001 2136 1134 2176 cum
1167 2119 1442 2174 omnibus
1473 2117 1825 2174 mortalibus
1842 2117 2074 2173 delevit.

423 2212 736 2268 Enimvero
768 2209 1309 2266 inhumanissimus
1325 2207 1542 2264 Saulus
1573 2207 1950 2263 lenissimum
1979 2208 2079 2263 Da-

420 2301 621 2358 vidum
651 2300 858 2356 crebro
884 2315 1248 2372 persequens
1281 2299 1466 2354 semel
1529 2303 1709 2369 atque
1769 2297 1985 2352 iterum
2017 2298 2077 2352 in

421 2389 554 2461 ejus
584 2405 798 2445 manus
849 2388 1074 2444 incidit.
1109 2389 1361 2443 Tantum
1419 2391 1618 2443 autem
1669 2403 1704 2441 a
1730 2384 2076 2458 reponendo

428 2478 726 2536 maleﬁcio
758 2477 947 2534 abfuit
974 2476 1249 2544 Davidus,
1275 2483 1340 2532 ut
1367 2493 1566 2550 regem
1585 2475 1785 2548 potius
1815 2475 1896 2530 ita
1927 2475 2073 2531 δυο.

421 2575 741 2641 queretur:
777 2589 804 2617 «
837 2567 973 2632 Cur,
1008 2583 1040 2621 ο
1071 2583 1174 2622 rex
1199 2570 1334 2620 Vitas
1365 2581 1513 2620 meas
1546 2564 1848 2620 insidiaris
1876 2564 1904 2619 ‘?
1945 2563 2073 2619 dis-

414 2662 614 2731 ceptet
642 2659 796 2712 Deus
829 2671 1071 2712 causam
1103 2659 1371 2710 nostram
1394 2653 1460 2710 ‘5.
1487 2676 1514 2704 »
1549 2655 1630 2709 Ac
1683 2653 1886 2708 Davidi
1938 2655 2074 2724 qui-

415 2746 550 2803 dem
573 2745 786 2802 domus
813 2743 1100 2817 paulatim
1127 2743 1333 2810 crevit,
1365 2743 1524 2799 Sauli
1576 2742 1804 2798 familia
1845 2759 2072 2798 mares-

424 2840 618 2892 cente.
651 2834 910 2890 Tandem
931 2833 1142 2890 Saulus
1163 2832 1224 2888 in
1245 2833 1368 2888 suis
1392 2831 1808 2904 iniquitatibus
1829 2832 2078 2887 immor-

421 2934 557 2985 tuus
585 2932 694 2995 est,
727 2945 762 2984 a
793 2926 1066 2984 Barbaris
1098 2925 1310 2998 sagitta
1331 2925 1393 2980 in
1423 2924 1528 2980 ilia
1558 2924 1868 2992 confixus;
1916 2923 2074 2995 quod

417 3017 632 3075 vulnus
661 3034 796 3074 cum
828 3022 1082 3073 mortem
1125 3032 1247 3071 non
1304 3014 1715 3080 accelerasset,
1777 3013 1904 3085 ipse
1962 3013 2073 3068 sibi
2105 3040 2148 3106 Β

418 3124 629 3164 necem
661 3107 944 3163 conscivit
972 3104 1166 3180 gladio
1206 3121 1312 3161 suo
1361 3103 1738 3172 incumbens,
1761 3119 1837 3158 ne
1869 3120 1903 3159 a
1931 3103 2073 3158 Bar-

421 3197 584 3253 baris
614 3214 722 3268 per
743 3195 1066 3252 ludibrium
1100 3194 1438 3251 haberetur.

421 3284 633 3359 γέγννεν
663 3281 1084 3362 αὐτοφονευτής,
1119 3281 1387 3343 ἐπιπεσὼν
1416 3279 1501 3336 ἐπὶ
1533 3283 1634 3349 τῆν
1659 3280 1932 3356 ῥομφαίαν
1958 3278 2144 3352 αὖτοῦ,

495 3377 636 3430 Post
651 3374 896 3430 Saulum
926 3372 1182 3429 Davidus
1213 3389 1396 3445 regno
1419 3389 1526 3444 per
1549 3371 1618 3426 40
1639 3387 1830 3426 annos
1848 3370 2085 3426 functus

431 3470 541 3533 est,
565 3463 696 3519 etin
717 3462 995 3518 omnibus
1025 3461 1196 3516 factis
1229 3460 1329 3515 Dei
1359 3459 1645 3516 voluntati
1677 3459 1892 3531 paruit,
1913 3459 2085 3515 sicuti

421 3552 712 3624 scriptum
743 3556 865 3607 est:
900 3573 929 3600 «
965 3551 1164 3606 Inveni
1198 3549 1390 3607 filium
1417 3549 1530 3604 lsai
1558 3548 1868 3615 Davidum,
1894 3548 2082 3604 virum

432 3659 504 3698 ex
533 3641 717 3698 animi
748 3641 866 3698 mei
894 3640 1190 3696 sententia
1218 3655 1232 3694 :
1262 3639 1312 3694 is
1350 3638 1718 3694 voluntatem
1777 3653 1973 3693 meam
2026 3637 2087 3693 in

433 3731 710 3788 omnibus
771 3736 1209 3802 exsequetur.»
1285 3729 1468 3784 Affuit
1523 3744 1659 3801 ergo
1709 3727 2086 3799 omnipotens

434 3821 677 3888 Davido,
711 3820 880 3892 isque
911 3819 1091 3875 rebus
1123 3817 1401 3874 secundis
1459 3823 1668 3873 auctus
1727 3822 1836 3874 est.
1873 3816 2089 3872 Habuit

431 3915 706 3983 potentes
737 3910 892 3964 viros
924 3908 1166 3981 triginta
1217 3913 1466 3979 septem,
1497 3923 1752 3978 quorum
1800 3906 2086 3964 minimus

431 4006 671 4056 centum
713 3999 871 4066 viris,
904 3997 1199 4053 maximus
1250 3995 1412 4052 mille
1442 3996 1583 4052 viris
1615 4001 2084 4069 compararetur.

431 4090 515 4144 Ex
544 4088 638 4143 his
659 4087 775 4143 fuit
806 4087 1127 4155 Sebochas,
1160 4086 1260 4159 qui
1295 4087 1557 4158 Sephum
1614 4086 1836 4158 Raphm
1894 4085 2084 4140 filium

430 4178 726 4251 percussit
755 4178 826 4233 de
857 4177 1191 4251 gigantibus
1221 4181 1576 4250 prognatum
1601 4192 1615 4244 ;
1648 4176 1921 4244 Eleanas,
1981 4175 2083 4247 qui

431 4272 757 4327 Cliettmum
787 4272 976 4326 virum
1003 4269 1314 4325 robustum
1362 4267 1589 4335 stravit,
1641 4268 1812 4340 cujus
1870 4266 2085 4322 hastile

433 4367 561 4418 erat
589 4359 865 4416 liciatorii
889 4359 1042 4415 I52
1067 4358 1314 4415 textoris
1346 4355 1575 4429 aequale
1604 4373 1618 4424 ;
1645 4356 1945 4422 Jonathas,
1984 4354 2085 4427 qui

431 4451 622 4506 virum
645 4450 871 4522 ingenti
887 4448 1096 4504 robore
1117 4465 1185 4504 ac
1201 4447 1358 4503 mole
1383 4446 1650 4518 corporis
1674 4445 1909 4519 dejecit,
1926 4446 2086 4502 senis

430 4539 648 4611 pedum
675 4555 743 4593 ac
773 4553 1057 4592 manuum
1093 4537 1290 4609 digitis
1313 4535 1628 4607 prieditum
1653 4550 1668 4603 ;
1701 4534 1959 4604 Adinon,
1985 4536 2085 4606 qui

430 4644 550 4684 uno
608 4627 810 4699 prailio
896 4625 1160 4697 gladium
1241 4630 1450 4681 contra
1505 4624 1875 4696 octingentos
1931 4625 2084 4679 viros

433 4715 672 4774 strinxit
699 4733 713 4782 ;
745 4713 1082 4781 Jesebadas,
1109 4713 1210 4785 qui
1241 4730 1362 4768 una
1391 4729 1589 4786 pugna
1622 4719 1917 4768 trecentos
1949 4730 2088 4768 sau-

431 4805 626 4873 ciavit,
645 4806 832 4860 Maras
860 4802 960 4875 qui
986 4802 1259 4858 barbaris
1294 4801 1660 4858 irruentibus
1696 4801 1936 4874 agrique
1961 4818 2090 4873 por-

433 4896 658 4951 tionem
691 4893 850 4949 lente
884 4891 1174 4948 consitam
1222 4890 1479 4962 diripere
1539 4888 1918 4960 conantibus,
1953 4907 2087 4944 cum

429 4985 657 5058 fugeret
689 4981 967 5056 populus,
1001 4979 1164 5037 solus
1194 4980 1320 5052 ipse
1377 4979 1640 5034 substitit
1695 4978 2086 5051 Barbarisque

432 5075 494 5129 in
551 5075 747 5147 fugam
803 5071 950 5128 actis
1001 5085 1207 5142 agrum
1267 5068 1570 5136 defendit;
1621 5067 1951 5137 Eleazarus,
1985 5069 2084 5140 qui

432 5179 624 5218 messe
639 5161 847 5217 hordei
865 5159 1036 5214 initia
1049 5174 1184 5214 cum
1212 5157 1602 5214 Barbarorum
1625 5157 1883 5214 adventu
1897 5175 2086 5230 popu-

429 5251 524 5305 lus
555 5250 820 5322 fugisset,
844 5249 1056 5304 unicus
1075 5247 1336 5304 substitit
1359 5252 1415 5303 et
1437 5248 1726 5304 hordeum
1751 5252 1976 5304 tutatus
1995 5253 2084 5304 est

429 5339 758 5410 proﬂigatis
780 5337 1073 5404 Barbaris,
1099 5354 1352 5410 quorum
1375 5342 1597 5394 tantam
1617 5337 1803 5393 edidit
1824 5342 2082 5411 stragem

427 5433 494 5483 ut
524 5443 734 5481 manus
759 5427 885 5498 ejus
912 5425 1228 5500 defatigata
1256 5427 1448 5500 gladio
1499 5428 1836 5497 adlimserit,
1882 5446 2078 5485 rever-

431 5534 650 5588 susque
689 5523 776 5572 est
818 5515 1072 5588 populus
1101 5517 1174 5574 ad
1223 5517 1474 5592 legenda
1521 5518 1744 5590 spolia;
1802 5519 2076 5588 Banaias,

433 5607 605 5678 cujus
633 5605 820 5661 multa
841 5606 1378 5664 fueruntfacinora.
1428 5607 1608 5664 Filios
1657 5606 1870 5664 Arielis
1919 5610 2073 5664 Moa-

507 5721 604 5778 “I
639 5725 772 5795 Reg.
801 5741 948 5792 xxn',
978 5727 1061 5779 l6.

2187 1935 2518 2018 Ἀϐιμέλεχ,
2549 1943 2736 2020 φυγὼν
2773 1941 2912 2017 πρὸς
2965 1936 3155 2000 Δαῦὶδ.
3215 1942 3364 2014 Αὕτη
3437 1947 3546 2000 τοῦ
3609 1942 3850 2012 Σαοὺλὴ

2196 2031 2480 2110 μιαιφονία
2507 2031 2724 2086 πάντων
2755 2035 2864 2086 τῶν
2897 2028 3084 2087 ἄλλων
3144 2032 3578 2108 ἁμαρτημάτων
3614 2027 3852 2090 δυσσεϐε-

2193 2120 2372 2196 στέρα.
2415 2121 2520 2176 Καὶ
2549 2119 2642 2175 τὸν
2677 2121 2770 2190 μὶν
2801 2120 2981 2198 Ἀγαγ
3014 2117 3260 2191 διέσωσε,
3301 2123 3391 2178 καὶ
3441 2123 3632 2178 πάντα
3663 2121 3762 2178 ὅσα
3787 2121 3848 2197 ᾖν

2190 2208 2502 2280 ἀξιόκτητα·
2533 2212 2632 2263 τοῦ
2662 2205 2720 2264 δὲ
2747 2211 2924 2282 θυμοῦ
2954 2210 3304 2280 κεκινηκότος
3331 2209 3467 2273 τοὺς
3507 2209 3848 2287 τριακοσίους

2190 2299 2532 2368 πεντήκοντα
2576 2297 2741 2371 ἱερεῖς
2797 2297 2888 2352 καὶ
2945 2301 3120 2353 πᾶσαν
3169 2300 3270 2368 τήν
3322 2297 3498 2355 πόλιν
3554 2296 3846 2375 αὔτανδρον

2191 2385 2481 2466 δεέφθειρε.
2539 2385 2822 2450 Πολλάκις
2883 2385 2940 2443 δὲ
2987 2385 3340 2445 καταδιώκων
3396 2392 3499 2446 τὸν
3551 2391 3847 2467 πραότατον

2189 2472 2360 2532 Δαϐἰδ
2394 2476 2950 2554 ὁάπανθρωπότατος
3017 2477 3202 2536 Σαοὺλ
3270 2477 3346 2542 εἲς
3420 2485 3626 2556 χεῖρας
3687 2474 3847 2534 Δαϐὶδ

2187 2567 2326 2639 ἅπαξ
2367 2567 2460 2622 καὶ
2513 2564 2596 2630 δὶς
2645 2569 2989 2642 ἐμπέπτωκε.
3021 2571 3112 2640 Μὴ
3148 2567 3552 2628 ἀνταποδιδοὺς
3597 2568 3657 2627 δὲ
3688 2571 3715 2626 ὁ
3750 2579 3844 2625 Aa-

2192 2652 2284 2712 ϐὶδ
2313 2655 2464 2730 αὖτῷ
2491 2655 2659 2713 κακῦν
2690 2657 2806 2713 ἀντὶ
2835 2662 3026 2726 κακοῦ,
3061 2656 3278 2732 μᾶλλον
3307 2657 3467 2735 ἔλεγε
3499 2662 3648 2735 πρὸς
3675 2658 3843 2718 αὐτόν.

2193 2745 2348 2800 «Ἵνα
2367 2741 2422 2798 τί
2441 2739 2822 2814 καταδιώκεις,
2849 2742 3096 2820 βασιλεῦ,
3122 2739 3334 2816 λαϐεῖν,
3359 2749 3463 2817 τὴν
3491 2749 3688 2827 ψυχήν
3709 2763 3844 2820 μου;

2190 2835 2413 2888 Δικάσαι
2443 2832 2643 2907 Κύριος
2687 2831 2848 2906 μέσον
2885 2835 3068 2907 ἡμῶν.
3108 2858 3136 2886 ››
3195 2837 3277 2910 [Ρ.
3313 2839 3407 2911 86]
3440 2837 3547 2893 Καὶ
3597 2838 3627 2893 ὁ
3661 2836 3755 2910 μὶν
3780 2833 3848 2890 οἶ-

2188 2939 2284 2982 κος
2343 2916 2518 2976 Δαόἰδ
2587 2920 2880 2996 ἐπορεύετο
2935 2923 3028 2979 καὶ
3093 2922 3448 3001 ἐκραταιοῦτο,
3503 2927 3533 2982 ὁ
3593 2922 3654 2982 δέ
3709 2926 3844 2985 οἶκος

2188 3009 2370 3066 Σαοὺλ
2429 3011 2722 3087 ἐπορεύετο
2780 3013 2872 3067 καὶ
2929 3013 3162 3083 ἠσθένει.
3219 3013 3316 3072 Καὶ
3368 3015 3612 3072 ἀπέθανε
3675 3011 3844 3072 Σαούλ

2200 3099 2253 3156 ἐν
2283 3105 2403 3163 ταῖς
2457 3100 2707 3174 ἀνομίαις
2769 3100 2956 3171 αὐτοῦ,
3010 3102 3276 3174 τοξευθεὶς
3331 3104 3435 3161 ὑπὸ
3495 3110 3610 3162 τῶν
3679 3101 3845 3160 ἀλλο·

2201 3188 2387 3268 φύλων
2426 3189 2503 3256 εἷς
2547 3189 2614 3245 τά
2663 3187 3026 3267 ὑποχένδρια·
3057 3191 3146 3247 καί
3179 3194 3256 3267 μή
3289 3193 3660 3266 ἀποθνήσκων
3697 3191 3844 3253 αὐτὸς

2189 3281 2265 3353 μή
2297 3300 2416 3342 πως
2447 3279 2780 3353 ἐμπαίξωσιν
2808 3281 2973 3336 αὐτὸν
3005 3281 3057 3336 οἱ
3089 3279 3422 3361 ἀλλόφυλοι.

2269 3369 2421 3425 Μετά
2475 3365 2532 3424 δὲ
2597 3367 2777 3426 Σαοὺλ
2837 3365 3156 3427 ἐϐασίλευσε
3204 3367 3373 3428 Δαὸἰδ
3441 3371 3544 3446 ἔτη
3584 3371 3834 3447 τεσσαράο

2193 3481 2379 3532 κοντα,
2413 3482 2472 3524 ος
2499 3460 2724 3534 ἐποίησε
2753 3462 2819 3518 τὰ
2849 3461 3134 3537 θελήματα
3170 3468 3272 3520 τοῦ
3310 3469 3444 3522 Θεοῦ
3490 3465 3690 3531 πάντα,
3717 3461 3842 3520 κατά

2191 3551 2256 3606 τὸ
2288 3551 2599 3626 εἰρημένον·
2635 3574 2661 3602 ιι
2707 3551 2878 3625 Εὗρον
2911 3552 3001 3608 τὸν
3048 3557 3146 3608 τοῦ
3201 3553 3394 3609 Ἰεσσαῖ
3456 3549 3633 3610 Δαϐἲδ
3683 3549 3841 3626 ἄνδρα

2193 3641 2452 3710 κατάτήν
2482 3635 2706 3716 καρδίαν
2736 3661 2864 3714 μου,
2923 3641 2982 3704 ’ὀς
3037 3643 3257 3713 ποιήσει
3321 3641 3500 3698 πάντα
3556 3641 3624 3698 τά
3690 3639 3840 3709 θελή-

2197 3726 2342 3802 ματά
2372 3749 2557 3802 μου.»
2599 3730 2700 3788 Καὶ
2761 3727 3052 3807 ἐπορεύετο
3119 3727 3286 3788 Δαὸἰδ
3336 3732 3714 3809 πορευόμενος
3756 3725 3838 3784 καῖ

2197 3815 2662 3894 μεγαλυνόμενος,
2692 3818 2784 3874 καὶ
2817 3817 3012 3895 Κύριος
3041 3821 3429 3898 παντοκράτωρ
3484 3823 3602 3896 μετ’
3659 3819 3834 3875 αὐτοῦ.

2199 3908 2338 3986 Εἶχε
2377 3904 2435 3962 δὲ
2487 3907 2580 3963 καὶ
2622 3904 2882 3972 δυνατοὺς
2945 3905 3135 3984 ἄνδρες
3185 3910 3618 3985 τριακονταεπτά
3661 3905 3833 3964 τοιού-

2192 4018 2322 4060 τους
2375 3996 2516 4054 ὥστε
2584 3999 2676 4054 τὸν
2739 4000 2933 4074 μικρὸν
2989 3999 3168 4056 αὐτῶν
3221 4005 3398 4056 ποιεῖν
3446 4003 3589 4080 πρὸς
3638 3996 3832 4063 ἑκατὸν,

2190 4087 2282 4144 τὸν
2317 4085 2374 4143 δὶ
2406 4087 2574 4166 μέγαν
2605 4087 2743 4164 πρὸς
2775 4087 3019 4164 χιλίους.
3054 4089 3142 4164 Ἐξ
3200 4091 3276 4144 ὧν
3325 4089 3438 4146 ἐστὶ
3506 4094 3576 4148 τά
3607 4087 3834 4162 ὀνόματα

2191 4180 2378 4233 ταῦτα’
2409 4172 2648 4254 Σεϐοχᾶ·
2695 4175 2852 4241 οὗτος
2883 4176 3110 4251 ἐπάταξε
3137 4180 3230 4236 τὸν
3260 4181 3368 4262 Σὶφ
3395 4181 3490 4238 τὸν
3532 4185 3630 4238 τοῦ
3655 4178 3829 4255 Ῥαφᾶ,

2195 4266 2464 4341 ἀπόγονον
2522 4271 2630 4322 τῶν
2717 4269 3005 4345 γιγάντων.
3086 4267 3363 4328 ἘλεανΞν.
3424 4269 3587 4334 οὗτος
3635 4265 3830 4325 ἀνεῖλεν

2194 4352 2328 4410 ἅνδα
2359 4351 2581 4412 δυνατὸν
2614 4358 2898 4426 Χετταῖον,
2948 4355 3016 4411 οῦ
3041 4359 3107 4428 ἦν
3140 4359 3203 4414 τὸ
3257 4358 3420 4430 ξύλον
3471 4365 3572 4416 τοῦ
3613 4355 3829 4432 δόρατος

2193 4443 2268 4508 ὡς
2334 4444 2512 4501 ἀντίον
2583 4445 2937 4522 ὑφαινόντων,
2997 4445 3274 4504 Ἰωνάθαψ
3344 4447 3501 4511 οὗτος
3562 4447 3828 4529 ἐφόνευσεν

2194 4530 2362 4608 ἄνδρα
2391 4532 2614 4590 δυνατὸν
2656 4536 2746 4591 καὶ
2774 4536 3124 4612 παμμεγέθη,
3155 4533 3355 4614 ἔχοντα
3397 4536 3452 4594 ἐν
3508 4528 3630 4603 ταῖς
3683 4528 3827 4613 χερσῖ

2119 4621 2283 4722 Dxa?
2323 4628 2442 4686 τοῖς
2497 4625 2657 4680 ποσὶν
2719 4625 2818 4680 ἀνά
2867 4624 3168 4690 δακτύλους
3368 4625 3618 4684 ’Δδίνων’
3681 4623 3828 4682 οὗτος

2198 4709 2465 4768 ἐσπάσατο
2494 4715 2593 4784 τὴν
2637 4713 2907 4794 ῥομφαίαν
2959 4715 3125 4771 αὐτοῦ
3184 4715 3272 4772 ἐπί
3312 4716 3646 4774 ὀκτακοσίων
3677 4730 3828 4787 στρι·

2198 4807 2409 4858 τιωτῶν
2442 4803 2518 4866 εἷς
2554 4803 2683 4878 μίαν
2714 4799 3101 4880 παρεμϐολήν.
3135 4801 3427 4864 Ἰεσεϐαδᾶ·
3463 4808 3621 4870 οὗτος
3673 4799 3828 4859 ἐσπά-

2199 4912 2326 4948 σατο
2357 4893 2455 4963 τὴν
2491 4893 2766 4970 μάχαιραν
2826 4894 2992 4950 αὐτοῦ
3024 4895 3076 4951 ἐν
3103 4902 3278 4972 καιρῷ
3343 4895 3418 4953 ἐνὶ
3475 4896 3562 4954 ἐπὶ
3603 4907 3828 4970 τραυμα-

2193 4985 2326 5036 τιῶν
2357 4982 2706 5058 τριακοσίων.
2739 4985 2920 5058 Μαρα·
2972 4985 3133 5047 οὗτος
3159 4991 3262 5042 τῶῖ
3307 4984 3639 5068 ἀλλοφύλων
3678 4974 3824 5037 ἔπελ-

2195 5068 2396 5124 θόντων
2465 5068 2554 5124 καὶ
2617 5066 2970 5145 βουλομένων
3041 5072 3275 5148 ἁρπάσαι
3328 5074 3427 5143 τήν
3467 5064 3681 5149 *μερίδα
3737 5064 3826 5118 τοῦ

2196 5155 2364 5232 ἅγροῦ
2412 5158 2602 5230 πλήση
2650 5159 2810 5214 οὖσαν
2856 5166 3056 5240 φακῆς,
3095 5162 3311 5218 καὶτοῦ
3368 5159 3506 5218 λαοῦ
3558 5158 3822 5238 φυγόντος,

2195 5246 2362 5320 μόνος
2393 5241 2546 5318 ἔστη,
2577 5249 2668 5304 καὶ
2697 5247 2824 5312 τοὺς
2853 5237 2947 5324 μὲν
2997 5249 3355 5326 ἀλλοφύλους
3413 5237 3618 5323 ἐδίωξε,
3644 5237 3740 5316 τήν
3772 5237 3822 5296 δὲ

2194 5333 2394 5411 μερίδα
2424 5340 2520 5391 τοῦ
2571 5335 2745 5412 ἀγροῦ
2801 5337 3082 5416 ἐφύλαξεν,
3136 5339 3422 5415 Ἐλεάζαρο
3481 5341 3634 5402 οὗτος
3687 5327 3822 5408 μερί-

2191 5419 2282 5486 δος
2315 5419 2482 5496 οὔσης
2511 5430 2740 5501 κριθῶν,
2785 5427 2875 5482 καὶ
2915 5428 3022 5483 τῶν
3083 5427 3412 5509 ἀλκοφύλων
3473 5425 3818 5487 ἐπελθόντων.

2187 5515 2412 5570 καὶτοῦ
2442 5513 2579 5570 λαοῦ
2631 5517 2924 5594 φυγόντος,
2985 5518 3146 5592 μόνος
3197 5519 3512 5593 ἐστηλώθη,
3563 5518 3650 5576 καὶ
3703 5509 3815 5568 τοὺς

2199 5605 2298 5677 μὲν
2358 5603 2718 5688 ἀλλοφύλους
2799 5603 3008 5682 ἔτρεψε,
3073 5611 3173 5680 τήν
3228 5607 3284 5666 δὶ
3339 5613 3534 5686 κριθὴν
3591 5607 3812 5665 διέσωσε·
