4118 6284
235 394 355 460 185

1398 400 1937 465 HISTORIABUM
1987 400 2520 465 COMPENDIUM

3549 412 3672 473 186

231 531 539 596 τοσούτους
569 535 678 611 γὰρ
708 532 964 609 ἐπάταξεν
1018 535 1072 594 ἓν
1132 542 1250 601 τοῖς
1306 534 1684 618 ἀλλοφύλοις,
1720 531 1826 598 ἕως
1869 535 1904 606 ἡ

2020 536 2136 593 bici
2168 536 2281 594 iste
2310 538 2696 611 percussit,et
2716 540 2970 613 quadam
3005 540 3100 598 die
3132 558 3266 599 cum
3296 543 3674 615 nixjaceret,

245 624 382 704 χεὶρ
412 623 582 679 αύτοῦ
656 629 968 684 κοπιάσασα
1023 626 1455 702 προσεκολλήθη
1516 632 1585 701 τῇ
1647 625 1913 703 μαχαίρᾳ,

241 714 346 769 καὶ
375 715 405 771 6
434 712 567 777 λαὸς
599 713 926 793 ὲπέστρεψεν
956 717 1135 775 ὀπίσω
1170 718 1338 775 αύτοῦ
1389 718 1466 781 εἰς
1516 717 1579 774 τὸ
1612 714 1914 772 σκυλεύειν.

250 802 490 865 Hamis:
522 805 588 841 “'
648 805 811 869 οὗτος
865 806 1055 863 πολλά
1108 808 1203 881 μὲν
1251 806 1508 878 ἐποίησεν
1559 805 1712 885 ἔργα,
1773 804 1913 861 ἑπά-

244 894 377 963 ταξε
407 890 583 948 δὲκαὶ
610 896 741 956 τοὺς
802 896 952 959 υἱοὺς
1013 897 1211 971 Ἀριὴλ
1259 901 1358 953 τοῦ
1415 896 1612 967 Μωάό,
1678 896 1767 951 καὶ
1823 915 1914 950 κα.

236 977 424 1046 ταόὰς
448 979 500 1038 ὲν
530 983 771 1058 ἡμέραις
799 986 989 1060 χιόνος
1020 986 1097 1049 εἰς
1157 985 1358 1043 λάκκον
1416 985 1667 1065 ἐφόνευσε
1696 984 1912 1043 λέοντα.

239 1069 466 1128 Ἀνεῖλε
495 1069 555 1127 δξ
578 1071 897 1149 καί,ὰνδρα
958 1074 1258 1152 Αῗγύπτιον
1314 1076 1660 1151 ἑπτάπηχυν,
1714 1069 1916 1155 ἔχοντα

238 1158 417 1233 ξύλον
444 1155 741 1236 διαϐάθρας
797 1164 875 1227 ὡς
930 1162 1082 1241 δόρυο
1151 1165 1395 1241 ἁρπάσας
1450 1166 1554 1241 γάρ
1613 1164 1704 1220 ἀπ’
1747 1164 1916 1220 αὐτοῦ

2025 628 2085 682 in
2112 628 2339 684 foveam
2371 627 2697 698 descendit,
2732 629 2911 701 inque
2959 647 3028 687 ea
3085 632 3321 689 leonem
3352 635 3670 709 jugulavit.

2025 717 2186 772 Idem
2216 719 2547 789 Egyptium
2569 719 2886 789 quemdam
2900 724 3124 794 septem
3147 722 3378 779 cubitos
3401 724 3669 797 longum,

2023 807 2125 878 qui
2158 806 2316 879 ligno
2353 808 2590 863 nautico
2621 808 2804 864 basta)
2844 810 2974 865 loco
3031 810 3308 868 utebatur
3336 830 3669 887 aggressus,

2022 895 2248 967 lignum
2281 896 2339 952 id
2364 897 2415 952 ei
2441 898 2999 971 eripuit,ipsumque
3030 916 3098 955 eo
3117 902 3668 973 necavit.Abisaius,

2019 986 2184 1042 Joabi
2214 987 2416 1051 frater,
2450 988 2554 1042 600
2585 989 2737 1043 viros
2778 989 3090 1061 percussit.
3151 995 3210 1046 et
3251 991 3507 1058 Jesbam,
3570 993 3673 1066 qui

2020 1074 2241 1131 Davido
2268 1077 2489 1130 caulem
2521 1075 2871 1133 intentabat.
2907 1078 3039 1133 Fuit
3071 1079 3119 1133 is
3147 1080 3352 1135 .lesbas
3384 1098 3452 1136 ex
3474 1088 3671 1154 poste-

2016 1163 2101 1218 ris
2132 1163 2369 1236 Raphaa,
2404 1165 2576 1237 cujus
2633 1166 2833 1237 cuspis
2886 1169 2985 1221 150
3033 1168 3239 1223 uncias
3276 1171 3668 1243 appendebat.

231 1249 310 1304 τὸ
336 1249 502 1323 ξύλον
531 1246 586 1308 ἔν
617 1250 764 1324 αύτῷ
794 1253 1100 1310 ἀπέκτεινεν
1161 1254 1340 1311 αὐτόν.
1406 1250 1611 1314 Ἀϐεσᾶ
1666 1255 1696 1309 ὁ
1751 1250 1904 1309 ἀδελ-

2014 1254 2157 1310 Cum
2187 1253 2463 1311 Abisaius
2490 1261 2775 1324 curreret,
2812 1256 3025 1312 similis
3062 1263 3189 1313 erat
3232 1274 3460 1329 capreas
3493 1275 3669 1315 mon-

234 1339 350 1419 φὸς
408 1335 591 1397 Ἰωάϐ·
653 1339 813 1403 οὗτος
866 1341 1123 1414 ἐπάταξεν
1184 1341 1381 1420 ἄνδρας
1438 1344 1752 1414 ἑξακοσίους
1822 1341 1913 1399 καί

232 1429 340 1483 τὸν
399 1424 604 1485 Ἰεσϐἁν
648 1430 876 1488 θέλοντα
926 1437 1181 1509 φονεῦσαι
1235 1433 1327 1488 τὸν
1392 1428 1556 1489 Δαϐἰδ
1617 1432 1705 1507 (ἦν
1767 1430 1826 1488 δὲ
1880 1432 1908 1487 6

235 1513 457 1573 Ἰεσῦἆν
488 1515 707 1594 ἔκγονος
764 1521 862 1576 τού
920 1521 1169 1600 Ῥαφαν),
1224 1520 1355 1598 δόρυ
1414 1521 1613 1598 ἔχοντα
1665 1525 1909 1596 σταθμοῦ

239 1605 462 1662 σίκλων
522 1610 873 1683 τριακοσίων.
932 1610 1120 1667 ῚΙνῖκα
1172 1608 1228 1667 δὲ
1298 1607 1515 1688 ἔτρεχεν
1574 1612 1603 1667 6
1687 1608 1906 1677 ’Λϐεσᾶ,

237 1698 314 1765 ἦν
348 1700 425 1756 ὡς
460 1694 659 1771 δορκᾶς
696 1696 750 1753 ἐν
807 1704 925 1762 τοῖς
975 1699 1143 1774 ὄρεσι.
1203 1703 1361 1775 Τρεῖς
1420 1697 1478 1756 δὶ
1508 1699 1613 1755 ἀπὸ
1641 1704 1749 1755 τῶν
1783 1698 1907 1755 λοι-

236 1790 364 1841 πῶν
396 1781 643 1858 δυνατοὶ,
673 1786 1199 1862 περικυκλωσάντων
1232 1789 1365 1845 ποτὲ
1423 1794 1532 1844 τῶν
1564 1786 1907 1868 ἀλλοφύλων

236 1874 342 1943 τήν
364 1871 630 1948 Βηθλεὲμ
658 1879 746 1930 καί
804 1881 902 1931 τοῦ
952 1871 1119 1931 Δαϐὶδ
1164 1875 1600 1949 ἐπιθυμήσαντος
1648 1881 1789 1932 πιεῖν
1846 1874 1905 1930 ἐκ

235 1969 339 2021 τοῦ
367 1964 424 2020 ὲν
462 1964 717 2038 Βηθλεὲμ
744 1963 997 2045 φρέατος,
1031 1963 1314 2042 διέῥρηξαν
1348 1968 1401 2022 οἱ
1430 1973 1578 2042 τρεῖς
1635 1968 1736 2036 τήν
1767 1985 1906 2042 παρ-

235 2049 498 2129 εμϐολὴν
530 2060 643 2111 τῶν
682 2053 1017 2136 ἀλλοφύλων
1075 2059 1162 2131 [Ρ.
1219 2059 1315 2133 87]
1363 2057 1454 2113 καὶ
1512 2054 1749 2131 ἤνεγκαν
1827 2060 1907 2127 τῷ

235 2144 411 2205 Δαϐιδ
466 2146 618 2225 ὕδωρ
665 2149 773 2205 ἀπὸ
823 2153 919 2205 τοῦ
976 2150 1226 2230 φρέατος.
1278 2151 1340 2209 Ὁ
1373 2147 1430 2205 δὲ
1470 2152 1751 2223 θαυμάσας
1803 2151 1902 2219 τὴν

233 2238 461 2316 ἀνδρίαν
492 2240 677 2295 αὐτῶν
711 2239 809 2296 ούκ
830 2238 948 2296 ἔπιε
976 2243 1037 2296 τὸ
1094 2238 1266 2317 ὕδωρ,
1315 2240 1444 2297 ἀλλ’
1504 2238 1743 2296 ἔσπεισεν
1772 2238 1905 2294 αὐτὸ

235 2331 316 2401 τῷ
351 2330 576 2404 Κυρίῳ,
608 2327 804 2404 λέγων·
849 2354 876 2383 ιι
907 2328 1102 2393 Ἵλεώς
1136 2352 1253 2404 μοι,
1298 2330 1485 2406 Κύριε,
1517 2330 1561 2385 εἰ
1606 2332 1744 2403 αἷμα
1804 2329 1905 2383 ἆν-

239 2420 483 2494 θρώπων
507 2419 884 2492 πορευοέντων
918 2418 969 2474 ἐν
998 2425 1118 2483 ταῖς
1147 2423 1353 2496 ψυχαῖς
1399 2418 1576 2476 αὐτῶν
1602 2419 1840 2493 πίωμαι.
1874 2443 1902 2471 »

236 2508 488 2582 Ὁμοίως
554 2505 613 2563 δὲ
678 2507 768 2563 καὶ
812 2509 864 2564 οἱ
920 2507 1110 2564 λοιποὶ
1168 2509 1345 2564 αὐτῶν
1402 2509 1651 2585 ὑπῆρχον
1717 2506 1904 2582 ἄνδρες

241 2597 686 2673 ἆκαταγώνιστοι
717 2597 807 2652 καὶ
861 2593 1239 2677 οοὸερώτατοι
1293 2603 1409 2659 τοῖς
1466 2597 1749 2665 ἐναντίοις,
1810 2599 1902 2652 θυ-

242 2686 396 2761 ρεοὺς
458 2685 690 2762 ἔχοντες
746 2687 838 2742 καὶ
898 2684 1098 2762 δόρατα
1132 2686 1381 2764 μέγιστα,
1422 2687 1512 2744 καὶ
1561 2691 1758 2765 κοῦφοι
1786 2692 1903 2751 τοῖς

348 2772 1211 2830 “²⁸δ·’δέὶ⁴’κόε
1445 2775 1585 2831 ‘a‘t
1728 2777 1740 2795 '

238 2797 400 2832 ποσιν
434 2798 515 2837 ω..
585 2794 723 2851 opm
760 2796 811 2838 ες
872 2798 911 2831 π
965 2796 1070 2831 τωι
1157 2796 1312 2851 ρ..ων,
1369 2796 1463 2831 και
1517 2799 1547 2833 τ
1635 2796 1904 2851 προσωπα

240 2866 422 2920 αὐτῶν
448 2866 529 2926 ὡς
563 2864 831 2939 πρόσωπα
862 2862 1115 2920 λεόντων.
1150 2869 1269 2920 Τῶν
1320 2862 1377 2921 δέ
1433 2886 1497 2940 γε
1551 2864 1904 2939 πολεμιστῶν

232 2960 334 3009 τοῦ
362 2958 563 3009 κοινοῖ)
594 2951 737 3008 λαοῦ
766 2951 859 3016 οὕς
886 2954 1033 3029 εἶχεν
1069 2953 1097 3008 6
1140 2949 1330 3023 Aa6l6,
1387 2948 1452 3023 ἦν
1506 2955 1737 3030 ἀριθμὸς
1799 2976 1902 3028 μυ-

238 3041 427 3118 ριάδες
460 3039 583 3097 σλδ⁸
614 3044 752 3115 (80),
781 3043 962 3106 καθὼς
1020 3044 1407 3118 ἠριθμήθησαν
1445 3043 1549 3098 ὑπὸ
1581 3037 1744 3100 Ἰωᾶϐ
1804 3048 1901 3099 τοῦ

235 3133 712 3210 ἇρἸ.ιστρατὴγου.
749 3133 897 3203 Φησὶ
927 3132 1054 3209 γάρ·
1079 3156 1107 3184 ιι
1144 3133 1244 3189 Καὶ
1289 3131 1582 3204 προσέθετο
1633 3133 1767 3208 ὀργῇ
1801 3133 1903 3191 Κύ-

248 3243 367 3297 ριος
408 3223 663 3292 ἒκκαῆναι
726 3222 779 3277 ἐν
837 3220 1083 3296 Ἰσραὴλ,
1139 3224 1227 3277 καὶ
1288 3222 1529 3278 ἐπὲσεισε
1582 3222 1674 3277 τὸν
1732 3220 1900 3278 Δαϐὶδ

252 3293 308 3367 ἓν
342 3311 530 3375 αὖτοῖς
551 3310 743 3389 λέγων·
778 3293 1087 3386 Πορεύθητι
1114 3313 1201 3367 καὶ
1221 3311 1526 3387 ἀρίθμησον
1548 3312 1642 3366 τὸν
1673 3312 1898 3385 Ἰσραὴλ
1940 3293 1983 3360 c

257 3402 355 3458 καὶ
383 3401 476 3456 τὸν
508 3398 725 3458 Ἰούδαν.
784 3402 890 3458 Καὶ
949 3402 1095 3457 εἶπεν
1157 3402 1185 3456 6
1247 3398 1506 3478 βασιλεὺς
1546 3402 1683 3476 πρὸς
1742 3395 1906 3458 ’ῐωᾶϐ

254 3492 349 3547 τὸν
382 3489 620 3566 ἄρχοντα
656 3498 758 3561 τῆς
812 3491 1006 3570 ἰσχύος
1039 3492 1130 3547 τὸν
1193 3491 1310 3565 μετ’
1338 3490 1523 3548 αὐτοῦ.
1582 3490 1905 3566 Ἐπίσκεψαι

245 3582 343 3638 τὸν
403 3580 558 3650 λαὸν,
614 3580 707 3636 καὶ
755 3582 1032 3657 γνώσομαι
1088 3582 1180 3637 τὸν
1246 3580 1475 3656 ἀριθμὸν
1535 3580 1719 3635 αὐτοῦ.
1803 3581 1904 3637 Καὶ

245 3671 394 3727 εἶπεν
432 3666 616 3728 Ἰωάϐ·
654 3670 921 3746 Προσθείη
955 3669 1162 3745 Κύριος
1219 3670 1247 3725 6
1305 3671 1435 3732 θεὸς
1478 3670 1615 3744 πρὸς
1646 3670 1737 3725 τὸν
1769 3667 1902 3725 λαόν

243 3779 363 3817 σου⁶
398 3761 493 3815 καὶ
522 3759 610 3815 ’ἱνα
639 3760 693 3814 τί
724 3762 753 3815 6
788 3760 982 3836 Κύριος
1026 3780 1130 3833 μου
1193 3757 1449 3834 βούλεται
1509 3758 1560 3812 ἐν
1612 3762 1692 3831 τῷ
1752 3756 1906 3834 λόγῳ

238 3852 429 3923 τούτῳ
458 3869 476 3918 ;
511 3849 611 3904 Καὶ
643 3849 1001 3925 ὑπερίσχυσεν
1033 3851 1061 3905 6
1093 3849 1261 3924 λόγος
1315 3852 1413 3903 τοῦ
1466 3847 1755 3918 βασιλέως,
1814 3848 1903 3903 καὶ

241 3939 494 4010 ἀπῆλθεν
553 3934 718 3995 Ἰωᾶὅ
777 3940 867 3995 καὶ
927 3938 1265 4012 ἐπεσκέψατο
1317 3940 1409 3994 τὸν
1464 3937 1620 3995 λαόν.
1681 3938 1785 3995 Καὶ
1839 3940 1905 4007 ἦν

242 4035 346 4092 πᾶς
401 4028 635 4104 Ἰσραὴλ
687 4026 873 4084 χίλιαι
931 4026 1186 4104 χιλιάδες
1242 4028 1333 4082 καὶ
1401 4028 1590 4083 ἑκατὸν
1653 4023 1903 4103 χιλιάδες

244 4117 462 4196 ἀνδρῶν
498 4115 849 4191 ἒσπασμὲνων
882 4116 1177 4197 ῥομφαίαν,
1237 4118 1326 4173 καὶ
1385 4114 1599 4179 Ἰούδας
1648 4113 1902 4194 χιλιάδες

246 4210 598 4283 τετρακόσιαι
683 4203 1027 4284 ὀγδοήκοντα
1097 4204 1302 4282 ἀνδρῶν
1385 4204 1734 4280 ἐσπασμένων
1807 4206 1905 4279 μά-

247 4319 471 4375 χαιραν.
502 4300 604 4354 Τὸν
638 4295 697 4352 δὲ
725 4297 859 4353 Λευῒ
905 4298 995 4353 καὶ
1024 4298 1115 4354 τὸν
1156 4297 1410 4370 Βενιαμὶν
1441 4298 1543 4353 οὐκ
1574 4298 1900 4371 ἠρίθμησεν,

250 4390 331 4444 δτι
358 4387 803 4463 προσώχθισενὸ
864 4384 1035 4465 λόγος
1094 4391 1191 4442 τοῦ
1253 4386 1522 4462 βασιλέως
1566 4387 1657 4442 τὸν
1717 4382 1901 4459 Ἰωὲιϐ,

249 4477 337 4533 καὶ
379 4476 621 4550 πονηρὸν
656 4477 825 4551 ὶφάνη
859 4475 1099 4532 ἐναντίον
1155 4480 1253 4531 τοῦ
1311 4479 1462 4531 Θεοῦ.
1524 4474 1622 4530 Καὶ
1678 4476 1903 4548 ἐπάταξε

247 4564 447 4642 καρδία
484 4561 651 4623 Δαϐὶδ
682 4564 845 4621 αύτὸν
874 4564 930 4621 ἑν
983 4570 1065 4638 τῷ
1122 4565 1426 4640 ἀριθμῆσαι
1457 4565 1549 4620 τὸν
1602 4564 1756 4620 λαιόν⁵
1810 4566 1899 4620 καὶ

2013 1348 2185 1398 ἱειιιω.
2203 1344 2348 1399 Cum
2379 1350 2577 1399 autem
2609 1345 2865 1416 quodam
2884 1352 3150 1418 tempore
3174 1348 3413 1403 Barbari
3432 1349 3670 1404 Bethle-

2017 1432 2254 1489 hemam
2278 1432 2586 1488 obsidione
2604 1434 3025 1503 cinxissent,ac
3042 1438 3078 1489 1
3093 1437 3451 1492 53Davidus
3466 1443 3605 1509 potu
3616 1456 3668 1493 m

2016 1538 2184 1594 aqum
2199 1522 2269 1576 de
2284 1522 2440 1578 fonte
2456 1523 2934 1579 Bethlehemensi
2954 1526 3467 1593 desideraret,tres
3480 1529 3584 1583 viri
3602 1529 3672 1583 de

2014 1611 2262 1682 reliquis
2273 1612 2616 1684 potentibus
2628 1618 2824 1669 castra
2840 1615 3232 1670 Barbarorum
3248 1622 3675 1688 perruperunt,

2014 1700 2258 1773 regique
2281 1717 2386 1756 suo
2409 1717 2625 1774 aquam
2650 1701 2721 1757 de
2752 1703 2855 1757 illo
2879 1704 3039 1758 fonte
3056 1703 3669 1761 attuleruntDavidus

2016 1808 2219 1847 eorum
2252 1790 2661 1848 fortitudinem
2695 1793 3021 1849 admiratus
3074 1810 3196 1849 non
3245 1795 3396 1850 bibit
3422 1812 3661 1867 aquam,

1938 1922 1980 1983 Β
2018 1881 2120 1936 sed
2142 1882 2393 1936 Domino
2417 1899 2547 1937 eam
2580 1882 2892 1946 libavit,ita
2924 1882 3078 1937 fatus
3101 1881 3169 1938 ωε
3190 1885 3487 1955 Propitius
3517 1884 3664 1939 mihi

2016 1970 2408 2037 sis,Domine:
2442 1988 2565 2026 non
2594 1970 2796 2025 bibam
2843 1972 3194 2044 sanguinem
3251 1974 3530 2041 virorum,
3561 1975 3664 2044 qui

2012 2059 2144 2114 vita)
2171 2076 2292 2115 sum
2324 2060 2589 2131 periculo
2612 2076 2742 2116 eam
2772 2060 3024 2117 attulere
3041 2077 3278 2132 aquam.
3308 2082 3333 2111 η
3362 2062 3574 2117 Itidem
3610 2067 3668 2117 et

2014 2149 2453 2221 reliquieorum
2490 2150 2925 2222 insuperabiles
2959 2157 3149 2219 erant,
3184 2168 3536 2224 summoque
3555 2152 3664 2207 ho-

2015 2238 2205 2294 stibus
2246 2240 2482 2307 terrori,
2511 2240 2695 2296 scutis
2725 2240 2937 2295 armati
2970 2245 3029 2295 et
3066 2240 3251 2296 hastis
3309 2242 3668 2313 praegrandi-

2012 2326 2147 2395 bus,
2179 2345 2475 2400 cursuque
2518 2329 2707 2384 instar
2760 2334 3176 2385 montanaruni
3212 2346 3524 2403 caprarum
3569 2346 3667 2385 ve-

2014 2416 2196 2485 loces,
2229 2435 2297 2474 ac
2322 2419 2484 2473 vultu
2515 2418 2756 2474 leonino
2781 2419 3033 2490 praediti.
3063 2423 3352 2475 Gaz-terum
3379 2436 3667 2477 numerus

2014 2507 2273 2563 militum
2297 2523 2446 2579 quos
2469 2508 2542 2563 de
2576 2508 2795 2581 populo
2820 2509 3074 2565 Davidus
3096 2508 3371 2578 habebat,
3396 2510 3666 2565 fuit2340

2015 2596 2225 2661 millia,
2269 2613 2446 2667 quem
2487 2598 2729 2668 quidem
2786 2598 3003 2653 Joabus
3063 2599 3359 2654 exercitus
3388 2600 3665 2671 princeps

2013 2686 2303 2757 concepit.
2337 2687 2593 2742 Itaenim
2610 2687 2896 2759 scriptum
2920 2692 3010 2744 est
3025 2685 3071 2721 ⁴⁷
3099 2705 3112 2742 :
3138 2691 3320 2743 Porro
3344 2695 3541 2744 autem
3571 2689 3663 2744 ira

2012 2775 2247 2831 Domini
2271 2775 2551 2830 adversus
2581 2776 2924 2831 Israelicum
2958 2776 3247 2849 populum
3284 2779 3505 2833 exarsit
3534 2795 3547 2845 ;
3580 2778 3665 2833 is-

2013 2880 2128 2936 que
2160 2864 2444 2919 Davidum
2466 2865 2810 2919 incitavitut
2836 2866 3097 2921 mitteret
3111 2867 3210 2937 qui
3230 2867 3573 2923 Israelicum
3597 2884 3667 2923 ac

2012 2953 2318 3009 Iudaicum
2351 2953 2636 3025 populum
2654 2955 3362 3010 numerarent.Mandavit
3391 2972 3529 3027 ergo
3560 2974 3664 3011 rex

2010 3042 2189 3098 Joabo
2213 3059 2452 3097 suarum
2485 3042 2790 3113 copiarum
2823 3059 3054 3097 summo
3088 3042 3244 3109 duci,
3280 3050 3345 3098 ut
3376 3044 3663 3115 populum

2011 3132 2399 3204 perlustraret
2428 3131 2660 3202 sibique
2692 3132 2820 3204 ejus
2844 3148 3158 3188 numerum
3187 3133 3500 3189 indicaret.
3532 3136 3666 3190 Joa-

2011 3222 2122 3277 bus
2137 3221 2831 3289 tametsi,incrementum
2848 3221 3050 3293 populi
3064 3223 3183 3296 regi
3208 3228 3503 3295 precatus,
3521 3240 3662 3280 cauo

2014 3317 2247 3368 saretur
2270 3311 2382 3367 sibi
2412 3312 2631 3368 mirum
2655 3312 2837 3368 videri
2869 3329 2975 3367 cur
3005 3330 3107 3368 rex
3150 3314 3261 3369 hoc
3297 3314 3424 3369 fieri
3461 3314 3657 3380 vellet,

2015 3406 2213 3457 tamen
2240 3402 2393 3474 regis
2412 3402 2691 3458 mandato
2714 3402 3069 3474 praevalente
3093 3402 3661 3476 abiitpopulumque

2012 3490 2407 3562 perlustravit
2444 3493 2690 3547 Inventa
2746 3497 2885 3548 sunt
2940 3493 3203 3549 Israelici
3260 3493 3463 3567 populi
3526 3497 3663 3549 1100

2013 3579 2203 3635 millia
2232 3580 2485 3635 virorum
2521 3580 2781 3652 gladium
2832 3571 3273 3654 stringentium,
3326 3588 3385 3637 et
3433 3582 3660 3638 Judairi

2011 3671 2116 3724 480
2147 3668 2355 3724 millia.
2391 3670 2552 3724 Levis
2580 3676 2639 3724 et
2666 3669 3001 3741 Benjamini
3030 3670 3219 3725 tribus
3240 3687 3504 3726 recensu)
3537 3688 3657 3725 non

2013 3763 2152 3814 sunt
2176 3775 2188 3812 :
2221 3758 2549 3815 offenderat
2570 3759 2729 3815 enim
2757 3760 3118 3833 regissermo
3137 3759 3405 3816 Joabum.
3440 3760 3652 3832 Displi-

2013 3848 2339 3904 cuitautem
2375 3850 2515 3905 I54
2534 3850 2649 3905 Deo
2665 3848 2979 3915 idfactum,
3013 3849 3659 3906 etcorDaviditremuit

2012 3936 2287 3992 instituta
2333 3954 2403 3992 ea
2436 3937 2937 3993 dinumeratione.
2974 3937 3261 3995 Dominus
3301 3954 3436 4010 ergo
3467 3944 3659 3993 vatem

2012 4026 2238 4081 Gadum
2269 4025 2343 4081 ad
2377 4025 2657 4081 Davidum
2690 4026 2872 4093 misit,
2907 4027 3009 4098 qui
3042 4027 3092 4081 ei
3126 4026 3250 4082 suis
3279 4027 3473 4082 verbis
3504 4027 3662 4081 indi-

2011 4120 2173 4171 caret
2200 4114 2499 4186 optionem
2531 4115 2642 4187 ipsi
2702 4116 2829 4171 dari
2886 4115 3178 4172 liberam:
3210 4117 3301 4171 vel
3349 4117 3659 4188 penuriam

2014 4202 2369 4258 triennalem
2398 4203 2586 4275 regni,
2619 4204 2707 4258 vel
2740 4203 2918 4259 trium
2950 4204 3247 4261 mensium
3269 4205 3468 4275 fugam
3491 4205 3662 4259 inse-

2013 4293 2334 4365 quentibus
2366 4291 2658 4361 hostibus,
2693 4292 2781 4348 vel
2812 4298 3040 4365 pestem
3100 4293 3281 4350 trium
3331 4293 3564 4349 dierum
3600 4294 3662 4349 in

2011 4400 2191 4456 regno
2225 4399 2331 4438 suo
2362 4382 2667 4455 deligeret.
2728 4382 3055 4455 Respondit
3108 4400 3211 4438 rex
3268 4401 3332 4439 se
3390 4383 3452 4438 in
3485 4382 3662 4438 tantis

2011 4473 2301 4546 angustiis
2332 4479 2669 4529 versantem
2692 4473 2869 4528 malle
2901 4473 2964 4528 in
2995 4474 3120 4541 Dei,
3154 4473 3323 4545 cujus
3351 4472 3663 4544 multiplex

2011 4571 2169 4622 esset
2204 4566 2819 4639 misericordia,quam
2853 4567 2916 4622 in
2947 4567 3262 4623 hominum
3288 4566 3663 4623 manusinci-

251 4654 543 4712 ἀπέστειλε
574 4654 770 4730 Κύριος
799 4652 907 4711 Γὰδ
964 4656 1061 4710 τὸν
1117 4657 1405 4733 προφήτην
1427 4654 1562 4731 πρὸς
1594 4650 1783 4725 Δαϐὶδ,
1815 4655 1904 4710 καὶ

2015 4656 2189 4711 dere:
2222 4656 2471 4728 proinde
2513 4656 2917 4728 pestilentiam
2969 4657 3271 4728 praeferre.
3320 4658 3469 4725 Ergo
3526 4673 3661 4711 cum

250 4746 390 4802 εἷπε’
411 4742 555 4803 Τάδε
579 4743 726 4820 λέγει
756 4743 978 4817 Κύριος·
1008 4742 1265 4815 Ἕκλεξαι
1298 4745 1504 4817 σεαυτῷ
1534 4745 1780 4819 γενέσθαι
1812 4764 1903 4799 σοι

247 4833 284 4904 ἤ
314 4842 445 4912 τρια
475 4833 569 4904 ἔτη
602 4832 769 4908 λιμὸν
803 4834 857 4889 ἐν
886 4837 954 4908 τῇ
987 4836 1060 4909 γῇ
1097 4853 1214 4902 σου,
1270 4833 1306 4903 ἢ
1365 4840 1540 4907 μῆνας
1595 4838 1742 4908 τρεῖς
1773 4833 1902 4911 φεύ-

252 4946 367 5003 γειν
401 4945 462 4980 σε
489 4923 550 4979 ἐκ
576 4929 683 4979 τῶν
712 4922 928 5000 ἐχθρῶν
988 4944 1085 4978 σου
1144 4921 1470 4998 ἔμπροσθεν,
1504 4924 1539 4993 ἢ
1580 4929 1725 4997 τρεῖς
1753 4924 1901 4997 ἡμὲ-

249 5036 348 5089 ρας
406 5016 631 5079 θάνατον
689 5014 743 5069 ἒν
802 5017 871 5087 τῇ
920 5017 993 5088 γῇ
1053 5034 1172 5069 σου.
1231 5013 1333 5071 Καὶ
1388 5015 1503 5069 εἷπε
1551 5008 1717 5069 Δαϐἰδ
1765 5015 1902 5088 πρὸς

250 5105 371 5161 Γὰδ
416 5106 588 5160 Στενά
610 5124 705 5179 μοι
755 5100 963 5181 σιρόδρα
1019 5102 1281 5159 πάντοθὲν
1343 5103 1477 5159 ἐστι’
1536 5102 1684 5174 πλὴν
1740 5101 1905 5177 ἐμπε-

316 5206 366 5256 1⁸
395 5208 446 5261 ΙΙ
474 5208 613 5278 Reg.
648 5221 813 5270 χχιιι,
846 5208 931 5260 17.
963 5202 1008 5239 ⁴⁷
1041 5205 1090 5260 ΙΙ
1122 5206 1257 5278 Reg.
1293 5221 1443 5261 xxrv.

2015 4745 2249 4802 triticea
2301 4745 2515 4823 messis
2566 4750 2741 4811 esset,
2798 4745 2954 4801 luem
3006 4747 3158 4802 Deus
3230 4746 3506 4801 lsraelico
3566 4763 3665 4817 po-

2014 4834 2153 4908 pulo
2186 4835 2467 4903 immisit;
2529 4852 2595 4892 ac
2626 4836 2934 4907 perierunt
2990 4835 3062 4890 ab
3120 4851 3337 4891 aurora
3364 4851 3554 4907 usque
3585 4835 3661 4890 ad

2014 4924 2251 4997 prandii
2282 4925 2489 4980 horam
2517 4925 2590 4980 70
2619 4925 2931 4980 hominum
2964 4924 3171 4981 millia.
3212 4926 3458 4995 Jamque
3481 4924 3658 4979 etiam

2015 5015 2089 5070 ad
2120 5014 2448 5072 Jerusalem
2478 5016 2725 5088 angelus
2755 5031 2998 5071 manum
3046 5015 3421 5081 extendebat,
3475 5019 3542 5067 ut
3598 5013 3661 5068 in

2017 5121 2086 5161 ea
2110 5110 2365 5178 stragem
2396 5105 2617 5162 ederet.
2650 5104 2734 5159 Ibi
2793 5104 3045 5160 Davidus
3102 5104 3417 5160 Dominum
3474 5102 3662 5157 inter-

1515 5295 1882 5352 XYLANDRI
1922 5296 2008 5350 ET
2048 5295 2262 5351 GOARI
2305 5294 2528 5349 ΝΟΤᾸΞ.

320 5396 435 5469 (80)
461 5395 567 5469 Hic
598 5409 886 5451 numerus
916 5409 1111 5469 neque
1133 5411 1267 5469 cum
1298 5395 1374 5469 iis
1395 5411 1525 5469 quae
1558 5395 1901 5457 statim.ne-

247 5464 359 5543 que
373 5464 512 5543 cum
534 5468 605 5521 iis
623 5482 754 5538 qua)
786 5481 905 5543 non
936 5464 1125 5521 multo
1142 5466 1387 5543 inferius
1401 5464 1900 5543 dicuntur,neque

248 5538 664 5619 6mnino‘cum
695 5538 941 5619 veritate
970 5538 1782 5619 congruit..losepbus..4ntiq.
1802 5555 1898 5619 vn,

252 5613 873 5699 1.0,ba'b‘eftnnumeru‘m
904 5607 1359 5698 lsraeliticorum
1382 5607 1696 5678 ἐνενήκοντα
1713 5607 1902 5699 piperat-

255 5681 365 5751 δας,
416 5684 655 5746 900000,
712 5679 1051 5753 Judmorum
1127 5681 1523 5753 τεσσαράκοντα
1608 5679 1898 5753 μυριάδας,

252 5758 459 5813 800000
530 5755 789 5809 Zonaras
836 5751 1051 5808 horum
1112 5751 1342 5821 500000,
1397 5751 1634 5811 illorum
1688 5751 1900 5810 800000

2011 5409 2329 5450 numerum
2360 5391 2620 5463 concipit
2647 5409 2659 5459 ;
2696 5408 2826 5461 quae
2858 5397 2948 5448 est
2976 5390 3237 5446 Bibliaca
3267 5407 3519 5447 summa.
3553 5392 3663 5448 Ce-

2013 5464 2232 5545 drenus
2258 5481 2413 5535 saepe
2446 5464 2649 5545 variat.
2684 5463 2934 5527 librarii,
2974 5466 3158 5545 puto,
3219 5463 3415 5545 culpa.
3439 5535 3453 5545 _
3476 5466 3659 5545 Porro

2011 5533 2419 5591 Hebraismum
2436 5552 2554 5591 non
2570 5535 2884 5589 obscurum
2903 5533 3267 5606 retinui,quo
3282 5533 3385 5589 viri
3403 5535 3661 5605 gladium

2011 5607 2371 5681 stringentes
2395 5607 2722 5662 identidem
2758 5606 2815 5681 ιιι
2850 5605 3503 5681 εει-ἱριιιιῖιίάίοιιῐιιιιιο,
3560 5608 3660 5681 qui

2010 5677 2191 5737 tetaté
2211 5684 2269 5737 et
2289 5679 2498 5737 robore
2532 5685 2671 5737 sunt
2695 5677 2960 5736 militari.
2996 5678 3134 5736 Χγι..
