4118 6284
224 430 334 498 189

1377 436 1916 500 HISTORIARUM
1961 436 2514 502 COMPENDIUM.

3533 442 3649 504 190

218 574 320 638 τῆς
348 565 632 643 ἒπάρσεως
664 565 956 641 δηλονότι,
997 569 1219 648 γέγονεν
1276 567 1423 646 ῗαρα.
1457 574 1632 648 Ὅπερ
1671 573 1754 648 [Ρ.
1790 575 1868 647 89ξ

1998 575 2208 642 elatus,
2270 574 2590 649 depressus
2639 591 2771 631 sum
2797 579 2855 631 et
2903 575 2964 632 in
3020 590 3284 634 summas
3342 578 3647 650 angustias

220 656 295 731 δὴ
323 659 413 716 καὶ
438 658 599 722 αὐτὸς
633 660 953 740 ὑποφαίνων
985 656 1193 737 ἔλεγεν⁸
1229 686 1257 713 ‹‹
1325 662 1585 736 Ὑψωθείς
1640 659 1697 718 δὲ
1763 660 1887 717 ἰτα-

227 748 498 815 ιεινώθην
549 746 643 802 καὶ
696 747 1068 823 ἐξηπορήθην.
1130 751 1228 805 Καὶ
1296 749 1402 825 ἐγὼ
1459 751 1554 823 μὲν
1622 750 1773 806 εἶπον
1829 749 1883 805 ἐν

226 842 301 911 τῇ
330 837 545 909 εὖθηνίᾳ
579 858 706 912 μου·
742 839 824 895 Οὐ
860 840 937 912 μὴ
970 839 1219 895 σαλευθῶ
1266 840 1341 903 εἰς
1380 840 1474 895 τὸν
1521 841 1716 911 αἰῶνα,
1773 840 1885 896 ἀπο

228 930 489 1002 ἔστρεψας
525 925 583 983 δε
627 928 692 983 τὸ
746 929 1042 1005 πρόσωπόν
1083 951 1202 998 σου,
1268 930 1359 984 καὶ
1400 929 1699 1005 ἐγεννήθην
1728 951 1885 986 τεταο

222 1019 525 1094 ραγμένος.
569 1016 732 1076 Ἀλλ’
789 1019 989 1095 ἀγαθόν
1046 1041 1162 1093 μοι,
1226 1020 1308 1075 ὅτι
1366 1019 1732 1083 ἱταπείνωσάς
1795 1042 1881 1094 με,

221 1104 473 1172 ὅπωςᾶν
510 1108 668 1180 μάθω
696 1109 763 1163 τὰ
821 1105 1168 1181 δικαιώματά
1225 1130 1340 1166 σου.
1407 1134 1435 1161 ››
1494 1111 1591 1166 Διὰ
1648 1111 1753 1186 γὰρ
1782 1117 1882 1181 τῆς

218 1201 322 1253 τοῦ
354 1198 480 1252 υἱοῦ
520 1197 929 1261 ἐπαναστάσεως
969 1196 1121 1262 δίκας
1179 1197 1429 1275 ἐναργεῖς
1486 1198 1628 1256 ἔτισε
1676 1204 1773 1256 τοῦ
1827 1220 1887 1255 τε

221 1286 399 1365 ῃόνου
430 1287 654 1358 καὶτῆς
689 1290 943 1369 μοιχείας
998 1289 1137 1346 κατᾶ
1195 1292 1295 1360 τήν
1353 1292 1497 1355 θείαν
1556 1291 1881 1366 πρόρρησιν.

219 1380 375 1449 Φησί
404 1379 532 1454 γάρ·
562 1404 591 1432 ‹‹
619 1377 758 1435 Τάδε
789 1379 932 1455 λέγει
971 1380 1190 1457 Κύριος·
1224 1379 1361 1439 Ἰδοὺ
1393 1381 1502 1459 ἐγὼ
1531 1379 1727 1456 ἒγείρω
1747 1381 1885 1436 κακὰ

218 1467 312 1524 ἐπὶ
345 1468 407 1524 σὲ
438 1468 499 1525 ὲκ
528 1472 625 1525 τοῦ
672 1468 827 1525 οἴκου
857 1491 974 1539 σου,
998 1492 1027 1521 ι)
1090 1471 1179 1526 καί
1234 1473 1303 1525 τὰ
1334 1471 1478 1542 ἑξῆς.
1509 1473 1671 1527 Ὅσον
1702 1471 1882 1527 τοίνυν

218 1558 416 1631 θλϊψις
471 1558 679 1630 ὀνίνησι
734 1561 821 1614 καὶ
882 1561 1136 1640 συμφορὰ
1211 1559 1301 1616 καὶ
1362 1559 1616 1637 μέριμνα,
1677 1560 1768 1616 καί
1826 1561 1885 1616 ἐκ

217 1645 435 1717 ταύτης
481 1653 584 1716 τῆς
633 1647 879 1723 ἱστορίας
946 1647 1308 1720 μανθάνομεν.
1381 1648 1726 1722 Διωκόμενος
1779 1649 1885 1724 γὰρ

220 1735 330 1791 ὑπὸ
360 1741 464 1793 τοῦ
495 1736 681 1793 Σαοὺλ
740 1738 770 1792 6
826 1736 957 1798 Θεὸς
1015 1731 1181 1791 Δαϐἱδ
1239 1741 1409 1792 πᾶσαν
1452 1738 1735 1811 κατώρθου
1793 1759 1881 1815 ιρι-

216 1823 513 1903 λοσοφίαν,
597 1826 688 1881 καὶ
765 1825 1237 1902 παραταττόμενος
1292 1826 1383 1881 καὶ
1460 1831 1581 1888 ταῖς
1634 1826 1880 1903 φροντίσι

1988 665 2288 722 redactus.
2322 668 2512 736 Atque
2548 681 2652 738 ego
2686 666 2930 736 quidem
2961 666 3139 722 rebus
3186 666 3338 722 meis
3367 668 3648 724 secundis

1989 754 2131 817 dixi,
2157 754 2323 810 nullo
2355 772 2624 826 unquam
2656 761 2928 828 tempore
2960 755 3400 813 labefactabor:
3432 762 3501 815 ut
3529 758 3646 829 pri-

1989 862 2151 901 mum
2193 862 2328 901 vero
2359 850 2520 901 tuam
2552 844 2766 901 faciem
2799 846 3085 913 avertisti,
3117 847 3504 903 conturbatus
3533 847 3641 903 fui.

1990 934 2127 990 Mihi
2158 951 2294 990 vero
2317 934 2694 991 conducibile
2724 935 2837 990 fuit
2876 935 2981 991 abs
3024 940 3081 992 te
3140 936 3414 1008 deprimi,
3463 943 3529 992 ut
3558 938 3643 993 sic

1987 1031 2089 1081 tua
2112 1024 2252 1096 jura
2281 1024 2593 1080 discerem.
2627 1046 2655 1075 ››
2687 1025 2919 1081 Etenim
2954 1026 3285 1081 rebellione
3312 1026 3418 1081 filii
3441 1031 3643 1098 aperte

1989 1133 2192 1188 poenas
2213 1133 2348 1171 cum
2381 1115 2660 1172 adulterii
2698 1122 2822 1172 tum
2852 1117 3472 1189 homicidiipersolvit,
3494 1134 3645 1189 quo-

1989 1205 2164 1262 modo
2188 1206 2238 1261 ei
2290 1205 2575 1261 divinitus
2625 1207 2977 1279 prmdictum
3006 1205 3236 1262 fuerat:
3270 1229 3299 1257 «
3358 1207 3504 1262 Ecce
3535 1223 3641 1280 ego

1987 1296 2094 1352 tibi
2123 1312 2192 1352 ex
2221 1296 2397 1353 domo
2417 1302 2519 1352 tua
2547 1296 2915 1352 calamitates
2942 1297 3639 1366 immittam,»etczetera.

1986 1387 2110 1443 Jam
2142 1387 2269 1441 haec
2300 1402 2534 1458 quoque
2564 1403 2674 1441 nos
2705 1386 2953 1441 historia
2997 1386 3168 1441 docet
3195 1403 3291 1442 res
3343 1385 3640 1454 adversas,

1986 1478 2356 1535 calamitates
2370 1483 2544 1549 atque
2559 1478 2994 1534 sollicitudines
3025 1478 3453 1550 expedire.Quo
3479 1477 3635 1532 enim

1987 1574 2255 1640 tempore
2286 1568 2492 1625 beatus
2536 1569 2789 1625 Davidus
2836 1567 3116 1624 infestum
3168 1567 3411 1624 Saulum
3470 1568 3637 1639 fugit,

1989 1675 2058 1715 eo
2093 1658 2153 1713 in
2186 1657 2465 1713 omnibus
2494 1658 2798 1729 sapientia)
2832 1657 3046 1713 studiis
3077 1657 3360 1729 praeclare
3394 1673 3456 1712 se
3511 1672 3644 1729 ges-

1988 1749 2065 1804 sit
2090 1749 2393 1819 :interque
2426 1747 2563 1804 belli
2597 1747 2863 1819 pericula
2894 1752 2949 1801 et
2980 1747 3287 1802 hostilium
3319 1751 3639 1802 conatuum

1989 1837 2477 1909 occupationibus
2544 1837 2744 1892 animo
2829 1837 3081 1903 intento,
3143 1853 3214 1891 ex
3294 1835 3640 1907 praescripto

213 1920 328 1971 τῶν
392 1914 660 1988 πολέμων
718 1914 1031 1992 ἐνασχολῶν
1088 1917 1188 1984 τήν
1250 1912 1492 1971 διάνοιαν
1552 1917 1689 1970 κατὰ
1753 1917 1868 1978 τοὺς

1996 1942 2296 1982 sacrarum
2331 1926 2525 1999 legum
2582 1926 2745 1981 vixit.
2777 1924 2941 1980 Idem
2997 1924 3320 1997 pauxillum
3355 1924 3641 1995 requietis

208 2007 405 2080 ἱεροὺς
461 2004 812 2062 ἐπολιτεύετο
869 2007 1095 2079 νόμους.
1186 2007 1510 2082 ῘΑνακωχῆς
1575 2003 1636 2062 δὲ
1688 2007 1877 2082 τυχὼν

209 2093 417 2172 ὀλίγης
443 2096 539 2152 τὸν
569 2092 793 2162 ὄλισθον
852 2096 1055 2152 ἐκεῖνον
1109 2097 1384 2171 ὑπέμεινε.
1428 2100 1536 2154 Τοῦ
1568 2093 1627 2152 ὂὶ
1657 2099 1874 2173 προφή-

204 2207 311 2241 του
342 2186 486 2261 πρὸς
515 2185 678 2241 αὐτὸν
718 2185 1075 2256 εἰσελθόντος,
1133 2185 1223 2242 καὶ
1270 2191 1364 2242 τὸν
1421 2180 1654 2262 ἔλεγχον
1712 2185 1877 2242 αὐτοῦ

210 2276 639 2350 ὁπομείναντος,
696 2277 788 2332 ναὶ
864 2277 965 2345 τὴν
1038 2274 1435 2355 ἐξομολόγησιν
1493 2276 1875 2351 ποιησαμένου

209 2366 327 2434 παῖ,
362 2391 392 2417 u
427 2365 757 2440 Ἦμάρτηγα
785 2370 865 2439 τῷ
896 2366 1079 2439 Κυρίῳ
1114 2386 1243 2440 μου,
1275 2388 1305 2417 n
1333 2367 1628 2444 φήσαντος.
1662 2366 1825 2446 φησὶν
1846 2367 1874 2421 6

213 2457 535 2532 προφήτης·
574 2478 601 2507 α
630 2454 708 2514 Οὐ
738 2456 815 2527 μὴ
846 2455 1147 2530 ἀποθάνῃς,
1179 2453 1326 2524 πλὴν
1360 2454 1708 2531 παροργίζων
1740 2477 1876 2525 παρ-

216 2543 458 2622 ὦργισας
493 2545 550 2600 ἰν
598 2549 719 2607 τοῖς
753 2544 1090 2608 ὑπεναντίοις
1143 2546 1235 2599 τὸν
1288 2546 1547 2621 Κύριον.»
1577 2546 1679 2603 Καὶ
1708 2552 1873 2623 πρῶ-

215 2654 301 2689 τον
334 2634 525 2706 μέντοι
556 2634 620 2689 τὸ
655 2631 1015 2713 μοιχαλίδιον
1073 2631 1287 2690 παιδίον
1347 2634 1600 2706 ἐπάταξεν
1630 2636 1657 2691 6
1717 2638 1873 2704 Θεὸς,

213 2718 395 2778 ἔπειτα
441 2722 538 2777 καὶ
595 2724 700 2792 τήν
755 2726 853 2778 τοῦ
910 2723 1030 2777 υἱοῦ
1087 2722 1256 2778 αὐτοῦ
1344 2722 1696 2779 ἐπανάστασιν
1757 2726 1873 2779 κατ’

211 2812 383 2868 αὖτοῦ
415 2809 762 2886 παραδηλῶν
804 2810 959 2882 οησίο
994 2836 1021 2864 ‹‹
1067 2813 1171 2870 Καὶ
1227 2815 1318 2866 νῦν
1375 2813 1475 2868 οὐκ
1522 2812 1871 2887 ἐξαρθήσεται

206 2902 456 2980 ῥομφαία
499 2902 561 2958 ἐκ
588 2907 691 2958 τοῦ
720 2901 874 2958 οἴκου
905 2923 1020 2960 σου.
1058 2903 1343 2966 Ἐἰκότως
1377 2902 1471 2958 οὖν
1500 2897 1673 2980 ἔλεγε.
1693 2906 1874 2962 «Παι-

207 2989 382 3049 δε·5ων
416 2989 709 3048 ἐπαίδευσὲ
744 3012 814 3065 με
844 2995 871 3048 6
902 2992 1127 3068 Κύριος⁹
1156 2997 1235 3065 τῷ
1266 2989 1325 3047 δὲ
1353 2992 1567 3067 θανάτῳ
1606 2992 1668 3048 οὗ
1699 2994 1871 3067 παρέ-

207 3078 352 3138 δωκέ
384 3103 517 3157 με.»
546 3081 1148 3158 Καὶγὰρπαντοδαπαῖς
1178 3081 1361 3152 αὐτὸν,
1394 3083 1482 3137 οἷα
1513 3079 1580 3151 δὴ
1596 3084 1872 3160 πάνσοφος

208 3171 431 3247 ἰατρὸς,
460 3168 737 3234 παιδείαις
787 3166 1055 3227 ὑπέϐαλεν
1088 3172 1117 3227 6
1156 3171 1287 3234 Θεὸς
1348 3172 1481 3247 μετὰ
1529 3173 1627 3241 τὴν
1659 3173 1868 3247 ὁμολο-

1987 2018 2135 2074 157
2176 2020 2386 2072 nactus
2443 2016 2505 2070 in
2553 2015 2726 2069 istam
2788 2020 2879 2069 est
2921 2013 3234 2086 prolapsus
3288 2012 3636 2068 fwditatem.

1984 2107 2256 2178 Ingresso
2286 2104 2360 2160 ad
2390 2121 2453 2161 se
2484 2109 2634 2170 vate,
2662 2109 2721 2160 et
2744 2103 2943 2159 delicti
2977 2102 3494 2174 exprobrationem
3508 2118 3640 2157 sus-

1986 2197 2167 2253 tinuit
2195 2201 2254 2252 et
2283 2195 2588 2251 confessus
2618 2194 2907 2266 flagitium
2968 2197 3074 2262 est,
3108 2208 3385 2266 peccasse
3430 2196 3639 2247 contra

1984 2286 2305 2342 Dominum
2338 2300 2468 2339 sese
2498 2282 2841 2356 perhibens.
2877 2283 3083 2354 Itaque
3112 2285 3273 2336 vates
3300 2296 3434 2336 eum
3449 2285 3638 2336 morte

1984 2391 2104 2431 non
2127 2373 2507 2446 plectendum
2531 2372 2709 2444 hujus
2768 2371 2956 2444 culpa:
3006 2388 3184 2427 causa
3212 2370 3633 2442 pronuntiavit.

1984 2479 2324 2536 quanquam
2381 2462 2767 2517 vehementer
2844 2463 3030 2517 Deum
3094 2464 3520 2532 exasperasset.
3583 2460 3637 2515 Is

1984 2555 2242 2627 primum
2275 2553 2503 2625 prolem
2548 2570 2616 2609 ex
2677 2569 2745 2607 eo
2802 2552 3096 2608 adulterio
3150 2557 3349 2607 natam
3382 2552 3634 2620 necavit,

1984 2647 2201 2703 deinde
2235 2647 2341 2703 filii
2401 2646 2794 2703 rebellionem
2843 2647 2896 2701 ei
2957 2646 3328 2719 significavit,
3380 2663 3513 2702 cum
3572 2647 3633 2701 in

1982 2736 2215 2794 familia
2243 2736 2431 2808 ipsius
2462 2752 2769 2807 nunquam
2801 2752 2834 2791 a
2863 2735 3075 2808 gladiis
3106 2736 3230 2791 fore
3264 2737 3631 2792 vacationem

1985 2825 2383 2882 denuntiaret.
2418 2826 2851 2880 Convenienter
2883 2841 3016 2896 ergo
3049 2825 3300 2880 Davidus
3325 2825 3477 2880 dixit
3508 2841 3568 2879 se
3600 2842 3635 2881 a

1984 2918 2101 2973 Deo
2136 2917 2517 2971 vehementer
2548 2914 2789 2987 quidem
2847 2915 3218 2987 castigatum,
3254 2931 3373 2970 non
3433 2920 3630 2969 tamen

1983 3005 2116 3061 neci
2151 3004 2433 3060 traditum
2464 3005 2667 3060 fuisse.
2702 3005 2844 3059 Nam
2879 3005 3050 3069 Deus,
3075 3002 3632 3074 utsapientissimus

1982 3094 2270 3162 medicus,
2302 3093 2499 3149 omnis
2528 3093 2760 3166 generis
2786 3092 3275 3165 castigationibus
3307 3108 3441 3147 eum
3463 3108 3632 3147 exer-

1983 3184 2122 3247 cuit,
2157 3187 2542 3254 posteaquam
2602 3186 2911 3253 peccatum
2951 3198 3122 3236 suum
3164 3181 3470 3237 confessus
3498 3181 3629 3237 fuit.

219 3261 347 3334 γίαν
383 3267 486 3329 τῆς
518 3259 802 3336 ἁμαρτίας.
834 3261 897 3318 Ὁ
924 3260 1012 3315 οὗν
1067 3261 1332 3335 μακάριος
1392 3258 1560 3317 Δαϐἱδ
1611 3263 1718 3337 πρὸ
1769 3270 1868 3334 τῆς

1982 3273 2036 3327 Is
2089 3287 2225 3344 ergo
2280 3271 2489 3327 beatus
2539 3271 2812 3337 llavidus,
2864 3276 3186 3342 antequam
3242 3287 3310 3325 ex
3357 3270 3464 3325 hac
3517 3270 3629 3325 vita

226 3346 497 3416 τελευτῆς
526 3348 673 3404 σί)τοῦ
711 3347 951 3411 καλέσας
989 3349 1079 3404 τὸν
1134 3350 1251 3404 υἱὸν
1303 3349 1467 3405 αὐτοῦ
1527 3351 1872 3424 Σολομῶντα

229 3437 379 3492 εἶπεν
406 3436 570 3507 αὐτῷ’
601 3460 628 3488 ιι
659 3435 935 3511 Σολομῶν
1000 3436 1186 3493 τέκνον
1223 3457 1349 3510 μου,
1384 3438 1507 3511 ἐμοὶ
1543 3437 1751 3515 ἐγένετο
1781 3439 1868 3496 ἐπὶ

220 3527 409 3601 ψυχήν
438 3529 534 3580 τοῦ
566 3523 930 3601 οἰκοδομῆσαι
966 3528 1119 3582 οἷκον
1152 3528 1342 3603 Κυρίῳ
1371 3533 1448 3600 τῷ
1478 3534 1593 3602 Θεῷ
1626 3528 1867 3602 ι81).Καὶ

212 3614 425 3691 ἐγένετο
450 3616 616 3690 λόγος
644 3617 843 3688 Κυρίου
876 3615 958 3672 ἐπ’
982 3615 1136 3690 ἐμοὶ,
1168 3616 1362 3694 λέγων·
1388 3620 1535 3692 Αἷμα
1565 3617 1868 3690 είςπλῆθος

206 3705 427 3780 ιξέχεας
466 3706 556 3760 καὶ
589 3704 872 3777 πολέμους
902 3706 1167 3775 ἐποίησας
1224 3705 1521 3782 μεγάλους.
1568 3708 1683 3766 Οὐκ
1712 3708 1867 3764 οἰκο-

208 3792 478 3866 δομήσεις
508 3797 662 3851 οἰκον
691 3801 771 3869 τῷ
811 3796 1040 3871 ὀνόματί
1103 3818 1229 3871 μου.
1273 3795 1414 3856 Ἰδοὺ
1471 3799 1586 3861 υίὸς
1626 3799 1865 3858 τίκτεταί

208 3906 315 3959 σοι,
348 3886 440 3941 καὶ
500 3885 796 3941 ἀναπαύσω
849 3886 1007 3941 αὐτὸν
1056 3886 1161 3942 ἀπὸ
1221 3888 1431 3943 πάντων
1489 3892 1598 3945 τῶν
1651 3888 1862 3966 ἐχθρῶν

207 3974 397 4044 αὑτοῦ,
431 3973 521 4029 ὅτι
553 3972 831 4049 Σολομῶν
863 3972 1033 4049 ὄνομα
1063 3977 1232 4048 αὐτῷ.
1287 3976 1458 4039 Οὗτος
1507 3975 1864 4053 οἰκοδομήσει

209 4067 362 4120 οἷκον
400 4069 485 4136 τῷ
516 4063 741 4136 ὀνόματί
774 4085 900 4138 μου.
957 4066 1058 4120 Καὶ
1116 4071 1207 4121 νῦν
1257 4064 1513 4144 ἀνδρίζου
1543 4068 1633 4122 καὶ
1680 4067 1860 4146 ἴσχυε.

209 4154 303 4208 Καὶ
336 4151 462 4208 ἲδοί)
497 4152 606 4229 ἐγὼ
632 4155 771 4208 κατά
821 4154 924 4223 τὴν
955 4155 1231 4211 πτωχείαν
1287 4177 1397 4228 μου
1447 4158 1556 4231 (82)
1585 4159 1862 4232 ἡτοίμασα

208 4242 285 4305 εἷς
319 4245 472 4298 οἷκον
510 4242 713 4317 Κυρίου
758 4243 992 4318 χρυσίου
1058 4245 1300 4301 τάλαντα
1351 4243 1614 4321 χιλιάδας
1671 4247 1861 4304 ἑκατὸν

207 4332 296 4387 καὶ
340 4332 606 4408 ἀργυρίου
634 4330 871 4388 τάλαντα
917 4332 1107 4408 χιλίας
1168 4331 1450 4410 χιλιάδας,
1503 4335 1592 4390 καὶ
1646 4334 1857 4412 χαλκόν

201 4422 298 4477 καὶ
332 4419 563 4495 σίδηρον
592 4423 656 4477 οὗ
695 4421 796 4477 οὐκ
846 4416 991 4478 ἔστιν
1047 4423 1300 4499 ἀριθμός
1359 4427 1449 4480 καί
1501 4427 1638 4502 πρὸς
1692 4431 1861 4482 ταῦτα

198 4510 442 4587 πρόσθες
504 4510 582 4574 εἰς
635 4509 936 4585 οἴκοδομὴν
987 4517 1116 4568 ναοῦ
1173 4515 1397 4587 Κυρίου.
1462 4539 1490 4565 ››
1563 4516 1660 4572 Καὶ
1754 4525 1853 4573 Δα-

1981 3361 2422 3434 commigraret,
2455 3360 2800 3416 advocatum
2823 3360 2896 3416 ad
2927 3360 3210 3420 seﬁlium
3253 3359 3629 3415 Solomonem

1980 3450 2042 3505 in
2074 3450 2226 3505 hanc
2258 3450 2610 3506 sententiam
2646 3454 2735 3505 est
2762 3449 3096 3505 allocutus:
3131 3469 3152 3496 ι
3195 3449 3304 3503 Fili
3345 3448 3425 3503 mi
3467 3447 3631 3504 Solo-

1979 3555 2143 3608 mon,
2176 3539 2523 3595 induxeram
2558 3555 2662 3612 ego
2696 3539 2756 3593 in
2795 3539 3061 3594 animum
3120 3554 3318 3594 meum
3376 3537 3626 3593 Domino

1978 3628 2097 3684 Deo
2123 3628 2411 3699 templum
2445 3628 2739 3685 aediﬁcare
2764 3645 2776 3682 :
2802 3627 2906 3682 sed
2936 3644 3032 3682 me
3059 3628 3211 3682 Deus
3258 3626 3341 3681 ita
3372 3626 3622 3693 monuit,

1975 3723 2043 3772 ut
2069 3717 2428 3790 significaret
2481 3733 2598 3784 me,
2632 3718 2771 3789 quia
2802 3717 3053 3772 multum
3086 3715 3393 3788 sanguinis
3440 3715 3626 3770 fudis-

1977 3822 2100 3861 sem
2161 3823 2229 3862 ac
2277 3822 2491 3880 magna
2554 3806 2715 3862 bella
2767 3806 3102 3878 gessissem,
3154 3805 3340 3877 ipsius
3392 3803 3620 3859 nomini

1974 3894 2161 3950 aedem
2196 3896 2577 3951 conditurum
2618 3912 2739 3950 non
2770 3912 2936 3949 esse:
2970 3895 3158 3949 ﬁlium
3189 3893 3335 3949 mihi
3367 3893 3556 3959 nasci,
3589 3909 3623 3947 a

1974 3985 2185 4056 quo(id
2216 3985 2376 4057 quod
2409 3990 2467 4039 et
2495 3985 2829 4041 Solomonis
2850 4001 3070 4040 nomen
3097 3984 3361 4055 denotat)
3382 3998 3619 4038 omnem

1973 4073 2233 4130 hostium
2287 4074 2574 4145 impetum
2607 4080 2762 4129 esset
2817 4074 2943 4145 ipse
3001 4073 3447 4145 prohibiturus:
3483 4088 3617 4126 eum

1971 4162 2200 4218 nomini
2224 4164 2325 4218 Dei
2358 4163 2648 4235 templum
2682 4168 3139 4218 exstructurum.
3172 4165 3253 4217 Tu
3284 4161 3619 4234 itaque,ﬁli,

1970 4253 2059 4306 vir
2088 4256 2236 4314 esto,
2264 4258 2324 4308 et
2344 4252 2496 4308 vires
2527 4269 2713 4308 sume.
2739 4254 2930 4324 Atque
2962 4268 3095 4307 ecce
3144 4268 3269 4325 ego,
3325 4257 3613 4323 quantum

1968 4359 2106 4400 mea
2159 4347 2476 4415 paupertas
2534 4342 2688 4411 tulit,
2750 4342 2823 4398 ad
2908 4340 3318 4399 aedificandam
3368 4341 3616 4397 Domino

1970 4431 2467 4500 domum,confeci
2501 4431 2726 4487 talenta
2782 4432 2911 4487 auri
2966 4432 3193 4495 100000,
3255 4431 3480 4503 argenti
3526 4435 3614 4486 ta-

1967 4520 2129 4577 lenta
2160 4522 2423 4588 lOOOOCO,
2447 4526 2734 4594 praeterea
2762 4521 2896 4576 mris
2926 4526 3103 4592 atque
3144 4520 3286 4576 ferri
3336 4521 3616 4575 innume-

200 4597 297 4657 ϐίδ
329 4604 446 4675 (83)
477 4595 789 4675 πρεσϐύτης
846 4601 934 4656 καὶ
990 4600 1212 4676 πλήρης
1244 4606 1488 4679 ἡμερῶν,
1529 4605 1619 4659 καὶ
1694 4606 1849 4681 βασι-

1979 4610 2217 4667 rabilem
2248 4611 2384 4665 vim.
2418 4613 2500 4666 Tu
2558 4611 2629 4666 iis
2669 4609 2819 4665 adde
2877 4627 3007 4682 quas
3066 4611 3139 4666 ad
3198 4610 3614 4667 azdiiicandum

200 4692 407 4754 λεῦσας
434 4690 527 4745 τὸν
559 4690 674 4745 υἱὸν
705 4690 872 4746 αὐτοῦ
912 4689 1253 4766 Σολομῶντα
1307 4690 1474 4748 πάλιν
1522 4696 1665 4750 εἶπεν
1698 4696 1850 4768 αὐτῷ

1979 4701 2081 4756 )eo
2107 4700 2397 4773 templum
2428 4701 2665 4757 facient.
2692 4719 2717 4751 η
2759 4701 2910 4757 I58
2942 4703 3078 4756 Erat
3115 4706 3314 4758 autem
3365 4700 3617 4757 Davidus

195 4779 446 4838 ἐνώπιον
475 4783 575 4834 τοῦ
602 4777 759 4834 λαοῦ’
795 4776 939 4836 Ἰδοὺ
969 4781 1246 4854 ἡτοίμασα
1277 4781 1353 4844 εἰς
1404 4781 1553 4837 οἶκον
1590 4787 1687 4839 τοῦ
1719 4788 1853 4840 Θεοῦ

200 4890 317 4944 μου
341 4869 601 4939 χρυσίον,
632 4870 915 4946 ἁργὺριον,
949 4867 1179 4947 χαλκὸν,
1214 4873 1299 4945 [Ρ.
1350 4874 1441 4946 90]
1501 4869 1724 4946 σίδηρον
1764 4873 1853 4929 καὶ

196 4958 385 5015 πάντα
414 4955 571 5020 λίθον
598 4956 782 5029 τίμιον
810 4957 900 5012 καὶ
928 4955 1117 5019 λίθους
1146 4957 1364 5033 τιμίους
1411 4957 1736 5024 πολυτελεῖς
1765 4961 1856 5016 καὶ

1962 4790 2283 4847 admodum
2306 4796 2581 4863 provecta
2611 4795 2783 4846 aetate
2809 4795 2869 4847 et
2897 4796 3063 4846 satur
3092 4807 3405 4847 annorum.
3440 4795 3617 4847 Cum-

1966 4896 2081 4953 que
2114 4880 2301 4936 ﬂlium
2335 4897 2509 4937 suum
2560 4881 2937 4937 Solomonem
2968 4896 3149 4951 regno
3180 4881 3615 4953 inaugurasset,

1965 4984 2174 5023 rursus
2204 4985 2403 5024 coram
2437 4968 2656 5041 populo
2682 4969 2763 5024 ita
2786 4984 2920 5024 eum
2948 4973 3038 5024 est
3068 4968 3391 5025 allocutus:
3425 4991 3447 5021 ο
3470 4970 3616 5024 Ecce

1484 5061 1844 5118 XYLANDRI
1880 5065 1966 5119 ET
2004 5067 2217 5124 GOARI
2255 5068 2474 5126 NOTAE.

272 5158 389 5230 (81)
424 5157 490 5211 In
517 5154 782 5230 margine
814 5160 1055 5230 notatur
1084 5156 1202 5213 alia
1230 5157 1428 5226 lectio,
1492 5161 1572 5229 τῷ
1625 5156 1855 5230 ὀνόματι

196 5229 412 5302 Κυρίου
441 5229 541 5302 τοῦ
570 5228 727 5294 θεοῦ,
787 5227 1009 5302 nomint:
1061 5230 1285 5284 Domini
1316 5233 1431 5297 Dei,
1464 5227 1612 5302 qum
1644 5227 1855 5287 eodem

195 5298 439 5358 recidit.
476 5299 795 5369 Desumpta
825 5304 968 5354 sunt
995 5298 1121 5356 haec
1152 5317 1219 5356 ex
1254 5302 1277 5355 Ι
1309 5298 1718 5358 Ρδνίιιῖχχνηι.
1739 5306 1853 5358 Ca3-

197 5381 400 5446 terum
422 5369 759 5446 Solomonis
789 5386 1009 5446 nomen
1047 5372 1187 5446 Paci
1202 5371 1533 5446 παρώνυμον
1567 5379 1676 5446 est.
1711 5375 1850 5446 XYL.

269 5444 391 5518 (82)
437 5444 505 5497 In
536 5441 803 5518 margine
825 5441 1124 5518 _allevera_t
1175 5441 1475 5518 librarius,
1528 5444 1643 5518 nisi
1700 5444 1852 5518 forte

193 5512 508 5590 Gedrenus
530 5512 792 5590 tam'[uit
819 5512 1309 5590 ζᾶοοιμεποιαότη
1340 5514 1573 5590 καὶένμοὶ
1603 5515 1854 5590 πτωχεία

192 5587 437 5668 γένοιτοε
469 5586 579 5668 θεῖε
602 5577 793 5668 Δαόὶδ,
824 5577 1403 5668 Ιθρὶέθφνοίεοιόοι
1427 5577 1689 5643 historias
1710 5577 1850 5668 con-

194 5654 513 5731 venienter
535 5654 908 5731 impulsi-iteite;
937 5654 1103 5731 Talis
1121 5664 1255 5731 erat
1285 5660 1462 5715 etiam
1494 5676 1692 5730 supra,
1708 5658 1851 5716 folio

194 5732 286 5799 38,
308 5729 390 5788 ad
417 5728 709 5801 Manassis
739 5728 1597 5801 etprraimibenedictionem
1611 5738 1851 5790 annota-

197 5796 527 5873 ιὶόιοῖμαι
569 5796 657 5853 διὰ
704 5796 873 5853 τοῦτό
926 5796 1016 5854 καὶ
1069 5798 1191 5873 ίμοῖ
1236 5801 1310 5864 ὡς
1366 5802 1446 5873 τῷ
1495 5802 1755 5875 Μανασσῇ
1788 5802 1849 5857 τὸ

1968 5158 2256 5240 δυστυχεῖς
2290 5165 2770 5240 ἀποκεκλήρωται.
2798 5168 2953 5240 Sunt
2974 5172 3030 5222 et
3046 5166 3178 5240 alia
3205 5165 3425 5240 passim
3443 5164 3607 5233 talia,

1966 5254 2098 5307 quae
2128 5236 2398 5295 consulto
2430 5236 2627 5307 omisi,
2660 5239 2812 5295 nihil
2871 5255 3015 5295 sane
3044 5236 3328 5294 lectorem
3359 5236 3433 5292 iis
3456 5253 3610 5307 prte-

1966 5310 2157 5364 teritis
2204 5310 2564 5383 defraudans
2604 5313 2727 5383 qui,
2778 5311 2826 5366 si
2888 5310 3062 5379 volet,
3119 5309 3327 5365 utilius
3384 5308 3610 5380 aliquid

1963 5382 2216 5453 margini
2245 5383 2418 5438 facile
2451 5382 2660 5453 allinet
2713 5385 2848 5437 XYL.

2032 5447 2148 5522 (83)
2172 5454 2236 5508 In
2268 5453 2553 5529 margine,
2578 5452 2802 5529 Ἓλιπεν
2846 5450 2906 5529 ἐπ
2937 5447 3434 5529 ⁸τοῦ.ᾁντιγρςίιρου.
3470 5452 3608 5529 Mihi

1963 5530 2160 5578 autem
2193 5523 2453 5594 profecto
2485 5540 2607 5579 non
2632 5525 2862 5580 videtur
2893 5524 2986 5578 hic
3017 5523 3249 5594 aliquid
3276 5523 3503 5588 deesse,
3529 5525 3609 5578 ila

1961 5600 2026 5649 ut
2058 5595 2240 5668 mirer
2268 5596 2496 5651 librarii
2521 5597 2891 5668 religionem,
2925 5594 3048 5668 qui,
3080 5601 3199 5650 tam
3230 5596 3420 5651 multa
3479 5594 3607 5648 loca

1960 5667 2366 5741 mutilatapro
2398 5667 3131 5741 integris’describensmic
3144 5668 3384 5724 demum
3401 5681 3606 5723 sense-

1960 5683 2234 5724 mutuata
2301 5686 2366 5723 ro
2398 5683 2643 5741 integris
2665 5683 2802 5723 dese

1959 5738 2039 5794 rit
2069 5683 2297 5811 aliquis
2327 5739 2636 5797 excidisse.
2671 5739 2805 5796 XrL.
