4104 6276
508 414 637 476 191

1883 412 2201 476 GEORGII
2244 411 2594 473 CEDRENI

3792 432 3889 494 192

505 550 719 627 paravi
753 550 829 607 ad
859 551 1412 607 structuram'aedis
1446 552 1565 608 Deo
1596 567 1729 608 meo
1761 546 2168 607 consecranda

2294 541 2611 606 ποικίλους.
2645 544 2748 602 Καὶ
2778 545 2917 618 πρὸς
2945 544 3162 612 τούτοις
3193 545 3417 624 δίδωμι,
3450 551 3595 617 ἐκτὸς
3641 557 3711 612 ὧν
3758 562 3891 630 inet.

508 657 741 708 aurum,
774 640 1739 713 argentum,aas,ferrum,lapides,
1774 639 2165 710 omnisgene-

510 730 593 786 ris
613 729 905 802 pretiosas
925 746 1191 802 gemmas
1216 747 1229 784 :
1252 731 1343 785 his
1361 730 1514 786 addo
1536 731 1663 786 auri
1685 728 1928 802 Ophirei
1946 727 2169 784 talenta

509 824 600 875 ter
627 819 889 884 mille,ac
919 824 1149 889 septem
1178 820 1369 875 millia
1388 819 1748 875 talentorum
1778 818 2009 891 argenti
2028 833 2164 889 pro~

509 910 628 968 bati
660 908 735 965 ad
772 925 974 965 muros
1027 910 1230 981 templi
1290 910 1727 966 incrustandos.
1781 932 1809 959 »
1859 908 2167 979 Principes

510 1004 709 1055 autem
741 997 940 1070 populi
970 998 1231 1054 Israelici
1272 998 1344 1053 ad
1400 998 1558 1053 idem
1619 1016 1769 1071 opus
1825 997 2166 1054 faciendum

512 1087 895 1145 contulerunt
915 1088 1276 1145 talentorum
1307 1089 1434 1144 auri
1494 1089 1685 1144 millia
1715 1092 1769 1154 7,
1828 1094 2164 1160 argentum,

509 1177 741 1250 lapides
770 1177 1064 1249 pretiosos
1094 1183 1154 1233 et
1183 1178 1539 1233 immensam
1565 1178 1684 1232 vim
1723 1178 1879 1233 teris.
1914 1176 2166 1232 Davidus

515 1282 650 1323 cum
680 1265 1200 1338 populnm,felicia
1230 1267 1281 1322 ei
1301 1268 1505 1322 omnia
1534 1268 1701 1339 prius
1731 1270 2164 1338 comprecatus,

512 1354 857 1422 dimisisset,
890 1372 1097 1412 rursus
1140 1356 1223 1411 ita
1278 1356 1468 1411 ﬁlium
1521 1373 1696 1412 suum
1742 1353 2163 1428 compellavit:

508 1468 537 1495 «
570 1444 848 1513 Proinde,
890 1461 924 1500 o
970 1445 1273 1513 Solomon,
1332 1447 1518 1501 Deum
1569 1445 1866 1517 majorum
1928 1451 2166 1501 tuorum

503 1552 778 1609 agnosce,
813 1552 1068 1606 eumque
1100 1539 1221 1591 toto
1244 1534 1422 1592 corde
1455 1541 1633 1607 atque
1674 1536 1874 1592 animo
1926 1534 2165 1590 volente

502 1625 652 1683 cole.
685 1624 898 1680 Omnia
918 1624 1077 1680 enim
1110 1625 1292 1680 corda
1313 1629 1616 1682 scrutatur
1644 1626 2004 1692 Deus,omne
2017 1639 2167 1695 sque

501 1714 889 1786 cogitationes
910 1713 1084 1769 videt.
1129 1715 1185 1768 Si
1234 1731 1468 1786 quaaras
1527 1730 1686 1782 eum,
1745 1714 2054 1771 invenies:
2116 1714 2165 1770 si

501 1805 902 1877 derelinquas,
934 1821 1179 1877 prorsus
1215 1804 1502 1861 destituet
1533 1810 1611 1861 te.
1646 1824 1672 1857 ιι
1737 1806 1912 1862 Dedit
1962 1810 2166 1862 autem

502 1894 756 1951 Davidus
789 1894 1091 1949 Solomoni
1127 1893 1253 1949 ﬁlio
1282 1910 1388 1950 suo
1419 1894 1727 1967 exemplar
1759 1895 1940 1950 totius
1954 1894 2166 1966 templi

507 1990 568 2041 et
606 1983 1101 2039 Cherubimorum
1134 1983 1237 2053 qui
1268 1983 1459 2055 passis
1512 1983 1624 2039 alis
1670 1999 1871 2039 arcam
1928 1982 2167 2058 {mderis

506 2072 689 2129 divini
710 2071 1096 2129 obumbrant.
1130 2072 1270 2137 Quas
1301 2073 1503 2129 omnia
1535 2088 1715 2128 manu
1778 2072 1878 2128 Dei
1936 2072 2171 2144 depicta

507 2161 760 2219 Davidus
789 2160 915 2216 ﬁlio
970 2160 1265 2232 praebens,
1298 2162 1568 2218 hortatus
1627 2166 1718 2217 est
1767 2166 1834 2218 ut
1889 2161 2169 2235 praesidio

508 2252 630 2319 Dei,
667 2266 845 2321 quem
876 2254 1045 2321 pater
1067 2249 1369 2318 coluisset,
1391 2250 1601 2315 fretus,
1633 2251 1824 2307 virum
1858 2268 1921 2307 se
1940 2250 2171 2322 praebe-

510 2345 602 2394 ret
630 2356 699 2395 ac
726 2340 959 2394 fortiter
989 2356 1116 2394 rem
1142 2344 1398 2411 gereret.

584 2429 687 2483 Hic
718 2428 867 2484 actis
899 2427 1154 2483 Davidus
1185 2428 1434 2500 grandis
1468 2433 1634 2495 natu,
1684 2429 1926 2501 pietate,
1957 2429 2171 2500 opibus

510 2524 568 2574 et
599 2517 790 2590 gloria
846 2517 1119 2589 insignis,
1175 2517 1354 2573 finem
1409 2518 1591 2590 hujus
1642 2518 1774 2573 vita:
1814 2518 1975 2586 fecit,
2007 2524 2173 2574 satur

510 2624 832 2676 annorum,
868 2607 1377 2680 septuagenarius.
1425 2609 1513 2663 Ita
1569 2608 1729 2663 enim
1785 2602 1966 2664 habet
2001 2625 2172 2665 sacra

518 2696 820 2768 Scriptura
830 2697 875 2731 ⁴⁹
895 2713 908 2750 :
925 2721 949 2746 ιι
970 2697 1193 2753 Mortuo
1212 2696 1386 2752 Saulo
1404 2697 1590 2752 Judmi
1609 2697 1981 2754 Cbebronem
1993 2714 2168 2754 vene-

510 2793 674 2854 runt,
710 2803 778 2842 ac
818 2786 1102 2842 Davidum
1126 2786 1279 2845 159
1302 2803 1462 2843 anno
1502 2803 1623 2843 sum
1655 2788 1845 2843 uitatis
1868 2788 2168 2844 tricesimo

513 2876 695 2931 totius
724 2875 980 2932 Israelici
1010 2875 1213 2948 p0puli
1244 2891 1444 2947 regem
1474 2877 1757 2932 unctione
1782 2875 2167 2948 inaugurave~

515 2970 675 3021 runt.
701 2965 889 3021 Cessit
911 2964 1192 3037 deinceps
1237 2981 1486 3038 regnum
1516 2982 1708 3021 annos
1740 2968 1827 3023 40.
1874 2986 1901 3016 ν
1926 2966 1997 3022 Et
2029 2982 2167 3022 vero

514 3071 697 3127 regno
754 3056 1039 3111 unctione
1098 3055 1491 3129 inauguratus
1544 3055 1740 3113 fuerat
1820 3053 2078 3112 Davidus
2134 3073 2171 3111 a

511 3144 787 3201 Samuolo
819 3161 833 3200 :
866 3144 1025 3216 quod
1055 3149 1254 3200 autem
1288 3144 1545 3217 populus
1576 3160 1711 3201 cum
1742 3159 1942 3217 regem
1976 3143 2171 3200 decla-

2277 653 2424 726 μασα
2454 632 2534 697 εἷς
2562 633 2708 691 οἶκον
2729 634 2829 726 τὸν
2860 635 3038 711 ἅγιον,
3072 637 3301 713 χρυσίου
3338 638 3435 697 τοῦ
3484 642 3535 713 ἑξ
3590 646 3761 724 Ὠφείρ
3788 653 3887 726 (84)

2275 722 2517 816 τάλαντα
2542 723 2980 816 Δτρισχίλιαρκσιὶ
3033 727 3424 804 ἑπτακισχίλια
3477 731 3702 791 τάλαντα
3734 722 3891 816 Ἵάργυξ

2277 811 2400 886 ρίου
2433 809 2685 886 δοκίμου,
2714 818 2815 870 τοῦ
2861 813 3236 896 ἐξαλειῳθῆναι
3292 816 3344 873 ἐν
3403 820 3584 887 αὐτοῖς
3634 830 3742 888 τοῖς
3789 809 3892 884 τοί·

2274 918 2404 990 χοις
2435 905 2529 956 τοῦ
2556 903 2724 977 ἱεροῦ.
2770 927 2801 990 ι.
2836 904 2903 961 Ol
2934 901 2993 959 δὲ
3039 904 3305 982 ἂρχοντες
3360 913 3470 964 τῶν
3526 911 3652 967 υἱῶν
3683 914 3879 990 Ἰσραὴλ

2274 986 2479 1079 ἔδωκαν
2524 990 2601 1053 εἰς
2654 992 2721 1047 τὰ
2775 987 2910 1068 ἔργα
2962 998 3059 1050 τοῦ
3111 994 3269 1052 οἷ’κου
3332 1001 3431 1052 τοῦ
3487 1004 3617 1055 Θεοῦ
3674 986 3879 1079 χρυσίου

2273 1078 2520 1136 τάλαντα
2549 1081 2937 1155 ἑπτακισχίλια
2990 1084 3080 1140 καὶ
3138 1086 3397 1163 ἀργύριον
3448 1089 3537 1143 καὶ
3594 1078 3767 1155 λίθους
3819 1115 3890 1151 τι-

2274 1169 2432 1254 μίους
2458 1170 2548 1225 καὶ
2601 1170 2810 1227 χαλκὸν
2865 1170 3106 1248 ἄπειρον.
3165 1177 3269 1233 Καὶ
3309 1176 3608 1254 εὐλογήσας
3646 1181 3734 1236 τὸν
3774 1182 3885 1240 λαὸν

2273 1258 2301 1313 ὁ
2332 1253 2500 1314 Δα6ὶ3
2528 1262 2617 1315 καὶ
2660 1260 2989 1327 ἀποστείλας
3047 1265 3188 1320 εἶπεν
3248 1266 3398 1329 αὖθις
3586 1271 3687 1342 υίῷ
3714 1271 3881 1327 αὐτοῦ’

2267 1371 2296 1401 ιι
2331 1349 2430 1404 Καὶ
2458 1353 2573 1417 νῦν,
2606 1349 2898 1425 Σολομῶν,
2953 1357 3123 1429 γνῶθι
3166 1356 3259 1410 τὸν
3318 1357 3450 1412 Θεὸν
3501 1362 3608 1413 τῶν
3663 1361 3881 1436 πατέρων

2269 1459 2389 1507 σου,
2419 1439 2510 1493 καὶ
2542 1436 2834 1496 δούλευσον
2860 1443 3011 1514 αὐτῷ
3041 1442 3093 1498 ἐν
3134 1442 3329 1520 καρδίᾳ
3383 1443 3571 1518 τελείᾳ
3622 1448 3710 1502 καὶ
3756 1452 3886 1525 ψυχῇ

2269 1524 2533 1603 θελούσῃ,
2564 1527 2650 1584 ὅτι
2680 1527 2908 1604 καρδίας
2961 1532 3139 1595 πάσας
3196 1534 3371 1604 ἐτάζει
3412 1534 3612 1610 Κύριος
3662 1538 3747 1592 καὶ
3797 1524 3885 1594 πᾶν

2268 1616 2565 1691 ὖνθύμημα
2593 1619 2870 1694 γινώσκει.
2929 1622 3034 1679 Καὶ
3086 1623 3174 1678 ἐὰν
3238 1627 3478 1697 ζητήσῃς
3517 1626 3692 1695 αὐτὸν,
3752 1632 3883 1703 εὑρε-

2269 1705 2490 1776 θήσεταί
2544 1726 2652 1762 σοι·
2710 1708 2801 1764 καὶ
2857 1707 2947 1764 ἐὰν
3002 1710 3334 1786 καταλείψῃς
3368 1714 3552 1786 αὐτὸν,
3599 1716 3881 1792 καταλείψει

2269 1816 2327 1851 σε
2356 1796 2431 1858 εἷς
2466 1795 2648 1859 τέλος.
2682 1822 2709 1849 ››
2743 1800 2847 1853 Καὶ
2875 1793 3047 1856 ἔδωκε
3105 1797 3272 1857 Δαϐὶδ
3314 1803 3640 1879 Σολομῶντι
3678 1809 3753 1881 τῷ
3800 1811 3886 1881 υίῷ

2272 1886 2444 1941 αὐτοῦ
2470 1886 2534 1942 τὸ
2566 1884 2921 1963 παράδειγμα
2949 1895 3047 1945 τοῦ
3096 1896 3228 1947 ναοῦ
3265 1895 3466 1956 παντὸς
3517 1897 3607 1950 καὶ
3657 1901 3757 1951 τῶν
3806 1900 3886 1954 Χι-

2276 1970 2485 2049 ρουϐἒμ
2506 1978 2616 2031 τῶν
2649 1974 3159 2052 διαπεπετασμὲνων
3189 1987 3308 2044 ταῖς
3355 1982 3574 2057 πτέρυξι
3626 1986 3711 2040 καὶ
3759 2006 3891 2041 σκια-

2279 2064 2475 2133 ζόντων
2508 2063 2596 2120 ἐπὶ
2627 2072 2727 2135 τῆς
2752 2061 2995 2124 κιϐωτοῦ
3025 2066 3294 2141 διαθήκης
3342 2073 3571 2149 Κυρίου.
3628 2074 3795 2130 Πάντα
3846 2073 3891 2129 ἐν

2274 2157 2459 2230 γραφῇ
2503 2153 2690 2228 χειρὸς
2730 2157 2931 2232 Κυρίου
2988 2155 3191 2216 δέδωκε
3229 2157 3398 2217 Δαόὶδ
3458 2163 3771 2236 Σολομῶντι
3825 2169 3891 2236 τῷ

2275 2243 2378 2314 υἱῷ
2408 2242 2594 2313 αὐτοῦ,
2629 2242 2821 2319 λέγων.
2857 2270 2887 2299 ‹‹
2919 2248 3111 2327 Ἲσχυε
3138 2248 3229 2304 καὶ
3295 2249 3572 2328 ἀνδρὶζου,
3603 2250 3681 2308 ὅτι
3707 2251 3884 2327 Κύριος

2275 2331 2304 2386 ὁ
2330 2330 2460 2393 Θεός
2494 2353 2598 2405 μου
2634 2334 2770 2404 μετὰ
2799 2339 2917 2392 σοῦ.
2954 2359 2983 2387 ››

2344 2419 2449 2479 Καὶ
2508 2421 2643 2494 μετᾶ
2717 2427 2887 2480 ταῦτα
2942 2423 3265 2499 ἑτελεύτησε
3319 2424 3489 2486 Δαόἶδ
3545 2429 3760 2503 πλούτῳ
3809 2430 3885 2484 καὶ

2276 2505 2403 2584 δόξῃ
2437 2509 2527 2564 καὶ
2559 2505 2801 2584 εὐσεϐείᾳ
2830 2511 2880 2567 ἐν
2922 2516 3082 2589 γήρει
3136 2515 3295 2589 καλῷ
3348 2519 3441 2574 καὶ
3499 2517 3715 2593 πλήρης
3763 2519 3883 2590 ἡμεο

2276 2602 2407 2669 ρῶν,
2438 2596 2570 2654 ἐτῶν
2601 2606 2662 2657 ο“.
2697 2602 2841 2671 Φησὶ
2874 2602 3000 2679 γάρ’
3034 2625 3065 2659 α
3115 2604 3213 2660 Καὶ
3242 2604 3452 2682 ἐγένετο
3494 2608 3626 2681 μετὰ
3687 2607 3745 2663 τὸ
3774 2606 3888 2661 ἀποο

2275 2687 2451 2743 θανεῖν
2481 2688 2575 2743 τὸν
2632 2688 2837 2763 Σαοὺλ,
2897 2692 2987 2746 καὶ
3019 2687 3276 2769 ἔρχονται
3306 2697 3360 2750 οἱ
3407 2694 3594 2772 ἄνδρες
3622 2702 3717 2765 τῆς
3772 2696 3890 2751 Ἰου-

2275 2772 2427 2839 δαίας
2457 2777 2511 2832 ὲν
2567 2775 2822 2853 Χεϐρὼν,
2879 2781 2969 2836 καὶ
3028 2783 3282 2860 χρίουσιν
3343 2784 3503 2841 αὐτὸν
3559 2786 3633 2847 εἷς
3692 2783 3891 2859 βασιλία

2276 2861 2363 2918 ἐπὶ
2405 2865 2575 2920 πάντα
2630 2865 2870 2940 Ἰσραήλ.
2932 2869 3241 2943 Τριάκοντα
3298 2870 3435 2929 ἐτῶν
3495 2867 3659 2929 Δαὸἰδ
3726 2870 3772 2925 ἐν
3820 2873 3892 2939 τῷ

2276 2953 2585 3028 βασιλεύειν
2668 2957 2852 3017 αὐτόν.
2914 2960 3017 3016 Καὶ
3102 2956 3449 3019 ἐϐασίλευσεν
3526 2958 3617 3033 ἔτη
3669 2959 3893 3033 τεσσαρᾶ-

2272 3063 2460 3103 κοντα.
2495 3068 2525 3097 ››
2556 3044 2735 3103 Ἀλλὰ
2757 3051 2856 3112 τῆς
2892 3049 2986 3121 μὲν
3019 3051 3315 3124 βασιΛικῆς
3365 3055 3604 3128 χρίσεως
3657 3048 3743 3105 διὰ
3792 3055 3884 3103 Σα-

2278 3132 2462 3205 μουὴλ
2492 3134 2726 3207 ἠξιώθη,
2764 3136 2859 3198 τὰς
2914 3135 2973 3192 δέ
3026 3160 3085 3212 γε
3121 3144 3217 3194 τοῦ
3278 3140 3415 3197 λαοῦ
3466 3140 3819 3216 ἀναγορεύσεις
3858 3138 3887 3203 ἦ

505 3234 682 3301 ravit,
727 3233 786 3288 id
835 3233 1140 3304 Scriptura
1194 3234 1534 3304 promiscua
1587 3233 1860 3289 vocabuli
1915 3249 2168 3305 usurpa-

2278 3221 2492 3297 ἱστορία
2522 3224 2735 3300 χρίσεις
2766 3223 3075 3304 ἀδιαφόρως
3115 3228 3389 3303 ὠνόμασε,
3445 3230 3776 3299 Τελευτήσας
3798 3222 3891 3279 τοί-

510 3323 675 3377 tione
724 3323 1065 3378 unctionem
1092 3323 1436 3380 nominavit.
1498 3323 1775 3396 Sepultus
1806 3327 1897 3379 est
1924 3324 2166 3379 Jerusa-

2278 3331 2366 3365 νυν
2397 3298 2566 3387 ἐτάφη
2598 3311 2652 3368 ἒν
2681 3317 2749 3389 τῇ
2781 3298 2942 3371 πόλει
2968 3298 3352 3393 *Ἰερουσαλὴμ
3410 3320 3487 3383 εἰς
3542 3319 3604 3374 τὸ
3662 3298 3894 3391 μέγιστον

509 3411 682 3467 lemne
758 3412 819 3466 in
877 3412 1136 3468 maximo
1196 3412 1492 3483 sepulcro,
1571 3412 1732 3485 quod
1790 3416 2168 3469 exstruxerat

508 3500 987 3571 sapientissimus
1018 3500 1176 3556 ﬁlius
1195 3501 1475 3557 Solomon
1492 3500 1566 3557 ad
1586 3501 2163 3573 Siloamam.Regna-

504 3590 587 3645 vit
642 3589 897 3645 Duvidus
951 3606 1144 3646 annos
1201 3590 1377 3647 Saulo
1436 3588 1753 3662 superstite
1786 3594 1839 3654 7,
1901 3589 1974 3646 ab
2036 3590 2166 3662 ejus

512 3679 671 3735 exitu
700 3695 889 3735 annos
911 3679 999 3734 33.
1033 3679 1395 3735 Vaticinatus
1425 3683 1515 3736 est
1544 3683 1605 3735 et
1642 3679 1792 3751 ipse,
1854 3683 1913 3734 et
1955 3678 2168 3734 eodem

512 3775 782 3841 tempore
816 3767 1011 3825 Gadus
1041 3769 1345 3825 Natbanus
1396 3768 1669 3840 Asaphus
1725 3774 1901 3839 atque
1940 3768 2169 3824 Iditbu-

518 3875 671 3914 mus.
724 3858 1063 3913 Exercitum
1121 3858 1278 3930 regis
1331 3857 1501 3914 duxit
1557 3857 1807 3924 Joabus;
1868 3857 1972 3929 qui
2031 3874 2168 3913 cum

507 3946 800 4020 populum
861 3946 1216 4015 censuisset,
1273 3946 1689 4005 Israelicorum
1736 3947 1977 4003 inventa
2032 3951 2172 4002 sunt

519 4037 656 4090 1000
696 4034 905 4102 millia,
960 4034 1176 4090 Judmaa
1226 4034 1416 4091 tribus
1471 4039 1576 4092 470
1635 4035 1840 4103 millia,
1897 4036 2058 4091 Levis
2113 4040 2171 4091 et

519 4123 853 4196 Benjamini
886 4140 1099 4182 census
1129 4129 1298 4181 actus
1327 4141 1446 4181 non
1475 4130 1598 4181 est:
1661 4130 1721 4181 et
1750 4125 1991 4197 quidem
2020 4125 2171 4181 irato

521 4215 656 4282 Deo,
692 4214 872 4269 trium
905 4215 1187 4271 horarum
1209 4214 1398 4287 spatio
1433 4219 1670 4271 mortua
1698 4219 1837 4273 sunt
1858 4214 2171 4271 hominum

516 4307 585 4358 ’70
620 4304 813 4359 millia
844 4302 915 4360 de
947 4303 1189 4377 papulo.

594 4394 929 4449 Notandum
954 4399 1064 4463 est,
1092 4410 1228 4450 cum
1260 4398 1602 4465 peccatores
1627 4398 1686 4450 et
1734 4397 2173 4466 contemptores

522 4481 624 4536 Dei
656 4482 847 4553 gravis
905 4482 1109 4553 aliqua
1154 4487 1213 4537 et
1258 4482 1527 4538 insolens
1582 4487 1787 4538 manet
1842 4482 2170 4551 calamitas,

2280 3407 2489 3473 μνῆμα,
2523 3402 2554 3456 δ
2582 3399 2940 3476 ᾠκοδόμησεν
2971 3404 2999 3459 ὁ
3030 3407 3347 3482 σοφώτατος
3377 3409 3498 3472 υἱὸς
3539 3406 3698 3463 αὐτοῦ
3723 3399 3894 3459 Σολο-

2274 3493 2392 3562 μῶν
2418 3492 2567 3567 παρὰ
2593 3493 2691 3562 τὴν
2734 3492 2992 3567 Σιλωάμ.
3052 3497 3335 3552 Βασιλεύει
3396 3496 3461 3554 δε
3501 3500 3531 3554 ὁ
3585 3490 3743 3553 Δαῦὶδ
3773 3488 3897 3547 ἑπτὰ

2273 3578 2368 3653 μὶν
2398 3576 2491 3650 ἔτη
2522 3580 2804 3655 περιόντος
2836 3587 2932 3637 τοῦ
2965 3582 3169 3652 Σαοὺλ,
3207 3586 3340 3658 μετὰ
3389 3584 3446 3641 δὲ
3509 3588 3607 3656 τὴν
3662 3578 3894 3645 τελευτήν

2271 3667 2465 3724 τούτου
2499 3668 2599 3745 λγ“.
2644 3673 3018 3745 Προεφήτευσε
3048 3670 3107 3728 δὲ
3141 3674 3302 3737 αύτός
3354 3696 3412 3731 τε
3443 3672 3615 3733 Δαὸὶδ
3671 3672 3756 3728 καὶ
3802 3662 3894 3723 Γὰδ

2272 3758 2364 3814 καὶ
2401 3758 2578 3814 Νάθαν
2635 3759 2725 3816 καὶ
2783 3762 2958 3840 Ἀσὰφ
3015 3762 3106 3818 καὶ
3165 3761 3431 3838 Ἰδιθούμ.
3501 3757 3894 3839 Ἐστρατηλάτει

2275 3845 2332 3903 δὲ
2361 3845 2719 3921 αύτῷἸωᾶϐ,
2777 3849 2835 3914 ὅς
2892 3851 3168 3927 ἠρίθμησε
3222 3855 3314 3909 τὸν
3378 3853 3541 3927 λαὸν,
3584 3852 3672 3909 καὶ
3725 3845 3894 3920 εὑρέθη

2273 3937 2456 4017 χίλιαι
2489 3939 2674 3994 ἑκατὸν
2707 3936 2983 4014 χιλιάδες,
3012 3945 3111 3997 τοῦ
3178 3939 3236 3998 δὶ
3291 3941 3478 4001 Ἰούδα
3519 3944 3596 4000 υο¹
3649 3932 3898 3996 χιλιάδες.

2275 4026 2382 4084 Τὸν
2416 4023 2474 4081 δὲ
2504 4026 2631 4082 Aeni
2657 4027 2745 4082 καὶ
2803 4028 2896 4083 τὸν
2953 4030 3210 4104 Βενιαμὶν
3268 4030 3366 4087 οὐκ
3420 4033 3749 4108 ἠρίθμησαν.
3809 4025 3904 4078 Ηε-

2275 4115 2604 4172 πτώκασιδε
2642 4118 2756 4173 κατ’
2788 4119 2960 4196 ὀργὴν
3017 4124 3151 4176 Θεοῦ
3209 4120 3269 4176 ἐκ
3323 4127 3421 4179 τοῦ
3469 4124 3610 4181 λαοῦ
3637 4118 3686 4176 ἐν
3738 4108 3895 4189 τρισὶν

2280 4204 2445 4279 ὥραις
2478 4202 2733 4280 χιλιάδες
2759 4207 2826 4263 ο’.

2351 4388 2702 4461 Σημειωτὲον
2735 4387 2810 4449 ὡς
2837 4386 3002 4458 ἡνίκα
3042 4408 3125 4450 τις
3177 4388 3462 4446 ἀπόκειται
3521 4392 3637 4451 τοῖς
3663 4378 3901 4461 ἇνομοῦσι

2278 4476 2367 4533 καὶ
2427 4481 2849 4557 καταφρονοῦσιν
2908 4476 3111 4549 ἐξαισία
3166 4476 3358 4552 πληγή
3435 4479 3528 4536 καὶ
3585 4473 3721 4552 ὀργῆ
3776 4460 3904 4537 παρὰ

522 4586 700 4641 quam
727 4570 928 4625 omnia
946 4586 1117 4640 azqua
1149 4569 1687 4641 dispensanslance
1705 4571 2168 4627 Deusimmissu-

2278 4564 2358 4639 τῷ
2423 4563 2657 4629 δικαίοις
2704 4565 2772 4622 τὰ
2825 4566 2999 4622 πάντα
3047 4564 3409 4631 διευθετοῦντι
3447 4570 3651 4643 ζυγοῖς,
3705 4571 3904 4651 συχχως

519 4676 621 4714 rus
652 4665 761 4726 est,
798 4664 922 4714 tum
953 4658 1157 4731 populi
1197 4658 1570 4731 principibus
1626 4660 1741 4715 hoc
1791 4660 2055 4732 permitti
2088 4659 2168 4714 uti

2284 4653 2453 4730 ρεῖταί
2482 4676 2567 4717 τις
2604 4655 2942 4730 ἐνεργεθῆναι
2998 4656 3411 4733 πονηροπραεία
3462 4662 3580 4718 τοῖς
3638 4653 3731 4707 τοῦ
3785 4643 3903 4698 λαοῦ

521 4747 766 4819 aliquod
789 4748 1015 4804 malum
1045 4748 1277 4805 facinus
1306 4752 1671 4820 perpetrent.
1714 4748 1777 4804 Id
1825 4765 1895 4805 eo
1953 4749 2039 4813 lit,
2100 4764 2168 4805 ne

2285 4746 2638 4818 ἡγουμένοις,
2669 4747 2744 4809 ὡς
2776 4746 2838 4801 ἅν
2872 4747 2948 4819 μὴ
2982 4744 3201 4821 ἀλόγως
3232 4744 3373 4821 μηδὲ
3402 4747 3478 4811 ὡς
3512 4747 3562 4818 ἐξ
3597 4735 3903 4821 αὐτομάτου..

519 4816 742 4893 temere
772 4844 873 4893 aut
901 4837 1280 4906 fortuito,sed
1306 4816 1472 4909 justo
1495 4837 1728 4909 judicio
1780 4836 1939 4893 mala
1986 4836 2168 4911 inﬂigi

2284 4816 2523 4891 ἀλλ’-ἐκ
2581 4833 2789 4897 δικαίας
2846 4816 3073 4910 κρίσεως
3103 4816 3413 4911 ’ἐπάξεσθαι
3497 4816 3797 4893 πιστεύοιτο
3826 4816 3905 4911 Δ’τὰ

518 4932 820 4999 putentur.
860 4929 1059 4999 Neque
1090 4907 1557 4983 existimandum
1616 4930 1707 4982 est
1752 4931 1995 5000 propter
2050 4907 2168 4984 sola

2283 4925 2442 4982 κακά.
2471 4925 2553 4982 Οὐ
2585 4921 2668 4980 δεῖ
2697 4922 2755 4980 δὶ
2785 4907 2896 4997 (85)
2929 4925 3136 4980 οἲεσθαι
3183 4907 3258 4987 ὡς
3316 4923 3407 4981 διὰ
3439 4924 3610 4999 μόνην
3661 4921 3767 5008 τῶκς
3816 4907 3906 5008 ἀΡῖ

522 5015 857 5086 principum
909 5015 1126 5071 delicta
1181 5019 1419 5087 pestes,
1483 5014 2168 5088 ingentes'calamitates

2287 5014 2497 5090 χόντων
2524 5014 2625 5083 τὴν
2655 5011 2977 5089 ἀπροσεξίαν
3011 5011 3234 5083 ἐξαίσιοι
3294 5015 3509 5079 θάνατοι
3552 5016 3632 5088 [Ρ.
3684 5004 3768 5074 91]
3802 5004 3901 5090 ,καί

520 5121 989 5177 communesque
1020 5104 1223 5178 populi
1255 5104 1700 5161 interneciones
1726 5104 2015 5162 accidere.
2050 5106 2168 5163 Imo

2287 5083 2581 5181 σῦμφορῶν
2615 5083 2916 5177 ὑπερϐολαὶ
2936 5107 3054 5165 τοῖς
3074 5100 3232 5166 λαοῖς
3262 5101 3353 5159 καὶ
3382 5083 3570 5160 κοιναὶ-
3589 5100 3701 5156 τοῖς
3730 5083 3909 5163 ὄχλοις

592 5206 637 5241 ιο

666 5206 716 5261 Π
747 5208 885 5279 ⁸⁸8·
920 5223 976 5262 "'
1690 5295 2054 5352 XYLANDRI
2094 5296 2183 5350 ET
2220 5293 2435 5353 GOARI
2473 5294 2696 5351 NOTzE.

2285 5394 2548 5454 faciatad
2561 5395 2798 5452 rudium
2828 5395 3361 5465 imperitorumque
3372 5395 3673 5456 hominum,
3687 5385 3909 5465 qu???)

2289 5467 2554 5524 maxima
2566 5455 2999 5539 estmultitudo,
3032 5455 3395 5539 sententiam
3415 5465 3486 5522 de
3499 5467 3607 5523 bac
3634 5455 3910 5539 relatu?!

2292 5545 2352 5596 et
2374 5539 2812 5610 imprudentem
2835 5528 3251 5594 refellendam.
3285 5538 3419 5593 Haec
3441 5528 3740 5610 annotatjo
3768 5528 3912 5610 {mf

531 5598 839 5685 θαυμαστὸν
886 5598 1020 5685 πρὸς
1054 5612 1178 5685 ’τήν
1236 5609 1324 5665 νῦν
1350 5682 1359 5685 _
1387 5610 1575 5684 μωρὰν
1632 5598 2023 5685 καὶμᾶνόησξον⁸
2057 5615 2168 5685 τῶν

2291 5598 2602 5685 prseterita
2621 5628 2741 5685 non
2773 5616 2881 5685 est,
2914 5612 3157 5685 cum_sit
3184 5626 3325 5665 vera
3351 5626 3364 5664 :
3396 5626 3536 5685 nam
3572 5598 3909 5685 profeﬁtfﬁf‘

528 5671 850 5759 κοινοτέρων
898 5671 1194 5759 ἀνθρώπων
1255 5671 1507 5759 γνώμης.
1566 5681 1677 5759 Καὶ
1737 5681 1852 5759 δρα⁵
1889 5671 1941 5738 τί
2009 5682 2168 5759 λέγει.

2291 5671 2437 5754 quid
2466 5699 2571 5755 ego
2580 5671 3011 5759 judico,_locu_s
3043 5681 3257 5759 dignus
3283 5671 3907 5759 est_animadver§iglfv

529 5735 1496 5824 suamnam“senatus
1528 5735 1985 5826 observamus,
2011 5735 2181 5828 "sua
2287 5735 3904 5828 555.133;assumamusagniturum.

596 5399 818 5475 (ΒῇῈκ
844 5394 1061 5471 Σωφείρ
1077 5397 1358 5475 mendose
1391 5396 1631 5475 scripsit
1656 5414 1763 5475 pro
1775 5394 1836 5475 ,ἒξ
1857 5395 2176 5475 ’QcpelpLdu-

524 5470 865 5542 plicilittera
888 5468 1006 5526 non
1026 5468 1182 5526 recte
1217 5468 1567 5540 discerpta]
1592 5469 1849 5541 Paralip.
1875 5468 2176 5542 xiix_.X\'L.

601 5543 713 5613 (85)
746 5542 832 5596 Ad
882 5542 1211 5613 marginem
1238 5546 1593 5613 a_nnotatu_m
1628 5546 1718 5613 est
1837 5540 2179 5613 Σημείωσαι,
