4118 6284
156 309 268 370 193

1303 314 1851 379 HISTORIARUM
1893 317 2457 384 COMPENDIUM.

3468 323 3587 382 194

160 436 631 516 επισυμόαίνουσι
660 441 1060 523 πανωλεθρίαι,
1098 445 1289 510 πάντες
1342 444 1400 504 δὲ
1454 451 1534 522 τῷ
1587 448 1747 523 νόμῳ
1775 449 1811 520 ἢ
1842 518 1843 521 η

1955 457 2124 510 .utem
2140 471 2349 513 omnes
2369 454 2517 530 legis
2539 459 2644 512 aut
2662 455 2954 513 naturalis
2968 459 3071 513 aut
3094 455 3330 530 scripta;
3358 455 3586 513 violatae

165 554 241 605 τῳ
272 538 488 612 φυσινῷ
546 534 582 606 ἢ
652 540 731 608 τῷ
785 540 1010 612 γραπτῷ
1066 537 1103 607 ἢ
1154 537 1248 593 καὶ
1301 537 1507 618 ἀμφοῖν
1564 534 1820 594 ὑπόδικοι

164 623 556 698 καθιστάμενοι
610 628 730 688 τοῖς
800 623 972 696 ἀξίοις
1029 627 1166 682 κατὰ
1213 627 1400 702 καιρὸν
1456 628 1821 706 τυγχάνουσιν

166 711 491 786 ἐπιτιμίοις.
527 714 814 790 dia-Syenae:
846 711 901 770 δὲ
929 716 991 770 τὸ
1032 715 1099 771 τὰ
1155 717 1274 772 καθ’
1330 712 1527 772 ἕκαστα
1579 721 1688 773 τῶν
1731 717 1826 772 ἆν-

169 804 402 879 θρώπων
460 803 834 877 ἁμαρτήματα
891 802 981 859 διὰ
1036 804 1101 860 τὸ
1148 804 1372 881 ἄπειρον
1427 806 1824 882 ἀπαριθμεῖν-ἡ

170 891 355 971 Γραφῇ
385 894 448 947 τὸ
471 896 572 947 τοῦ
609 891 876 968 βασιλέως
907 893 1173 968 ἀνόμημα
1221 895 1296 957 ὡς
1334 894 1507 951 αἶ’τιον
1558 896 1828 972 τιμωρίας

162 983 454 1056 γενόμενον
510 986 630 1044 τοῖς
690 982 1143 1057 βασιλευομένοις
1211 985 1519 1064 ὑφηγεῖται,
1581 985 1697 1040 οἷον
1758 982 1826 1055 δὴ

162 1070 259 1124 καὶ
288 1068 381 1125 ἐπὶ
407 1073 509 1126 τοῦ
538 1065 706 1125 Δαὸἱδ
743 1072 962 1148 γεγονὸς
996 1073 1197 1129 ὦπται.
1260 1071 1540 1131 Ἀπὲκειτο
1596 1074 1695 1148 μὲν
1723 1073 1826 1151 γὰρ

158 1156 303 1233 ὀργὴ
368 1159 576 1233 Κυρίου
634 1158 770 1214 κατὰ
827 1160 1052 1234 Ἰσραὴλ
1122 1158 1213 1216 διὰ
1290 1161 1389 1223 τὰς
1441 1160 1829 1237 πολυτρόπους

159 1246 349 1303 αὐτῶν
430 1248 713 1320 ἀθετήσεις
773 1246 989 1320 δηλαδὴ
1054 1250 1293 1307 ἐπέσεισε
1350 1249 1410 1307 δὶ
1468 1256 1681 1326 πνεῦμα
1732 1252 1826 1306 τὸν

159 1334 339 1393 Δαὸἰδ
374 1339 680 1414 ἀριθμῆσαι
709 1338 801 1394 τὸν
836 1338 1082 1414 Ἰσραήλ.
1127 1340 1227 1398 Καὶ
1282 1338 1481 1396 τούτου
1537 1340 1830 1414 γενομένου

161 1426 415 1501 παρέστη
449 1425 599 1500 αὖτῷ
624 1428 771 1503 πρωῒ
800 1427 909 1483 Γάδ
954 1429 982 1483 ὁ
1015 1431 1308 1510 προφήτης
1349 1429 1531 1495 θεόθεν
1585 1430 1834 1486 ἀποστα-

162 1513 284 1579 λεὶς
314 1516 566 1591 καὶνρία
605 1514 920 1587 ἐκλέξασθαι
983 1517 1131 1591 αὐτῷ
1186 1523 1522 1596 παρεγγυῶν,
1582 1520 1651 1576 ’Ἡ
1708 1518 1834 1596 τρία

166 1599 261 1674 ἔτη
298 1604 473 1678 λιμὸν
506 1604 595 1671 ἐπὶ
618 1607 718 1675 τὴν
752 1613 855 1682 γῆν
884 1627 1002 1676 σου,
1052 1607 1088 1677 ἢ
1142 1613 1286 1682 τρεῖς
1353 1614 1530 1682 μῆνας
1561 1605 1834 1683 διωκόμε-

163 1716 258 1749 νον
285 1694 506 1771 φεύγειν
565 1692 626 1750 ἐκ
672 1696 973 1770 προσώπου
1030 1698 1139 1752 τῶν
1196 1697 1410 1775 ἐχθρῶν
1471 1721 1588 1769 σου,
1621 1700 1833 1774 ῆτρεῖς

164 1786 381 1859 ἡμέρας
409 1787 638 1849 θάνατον
660 1788 905 1860 γενέσθαι
948 1785 1000 1841 ἒν
1030 1791 1099 1861 τῇ
1251 1809 1369 1847 σου.
1421 1789 1484 1846 Ὁ
1523 1785 1601 1857 δὲ,
1641 1808 1663 1839 ι
1697 1795 1827 1843 Στε-

154 1875 367 1951 ναγμοί
397 1875 681 1940 πάντοθεν·
729 1874 879 1946 πλὴν
913 1875 1256 1950 ἐμπεσοῦμαι
1316 1875 1383 1947 δὴ
1447 1877 1523 1940 εἷς
1580 1880 1675 1940 τὰς
1707 1883 1826 1954 χεῖο

164 1984 260 2037 ρας
290 1968 396 2019 τοῦ
421 1963 653 2039 Κυρίου,
696 1964 782 2021 ὅτι
831 1964 1038 2022 πολλοὶ
1099 1968 1149 2021 οἱ
1209 1966 1490 2043 οἷ’κτιρμοῖ
1538 1967 1727 2036 αὐτοῦ,
1760 1967 1837 2030 εἰς

162 2050 222 2109 δὲ
243 2058 446 2129 χεῖρας
478 2055 778 2128 ἀνθρώπων
811 2056 886 2129 μή
921 2054 1241 2129 ἐμπέσοιμι,
1273 2056 1357 2110 ὅτι
1389 2055 1781 2130 ἀνελεήμονες.
1809 2080 1838 2108 »

167 2145 275 2201 Καὶ
308 2143 593 2215 ἐξελέξατο
627 2145 804 2218 ἑαυτῷ
858 2146 951 2201 τὸν
1011 2147 1262 2210 θάνατον.
1318 2148 1488 2203 Ἦσαν
1547 2144 1606 2201 δὲ
1634 2148 1838 2221 ἡμέραι

175 2237 449 2307 θερισμοῦ
497 2237 684 2309 πυρῶν
721 2276 736 2302 ,
793 2233 884 2290 καὶ
967 2231 1137 2291 ἔδωκε
1192 2234 1393 2310 Κύριος
1453 2236 1681 2300 θάνατον
1734 2234 1843 2291 ἀπὸ

171 2323 418 2397 πρωῗθεν
478 2318 584 2386 ἕως
664 2322 911 2398 ἀρίστου,
996 2324 1087 2380 καὶ
1137 2324 1401 2380 ἀπέθανον
1460 2321 1848 2399 ἑϐδομήκοντα

177 2408 444 2487 χιλιάδες
484 2409 717 2485 ἀνδρῶν.
751 2414 854 2471 Ἢν
886 2410 947 2469 δὲ
971 2414 1000 2468 ὁ
1031 2411 1260 2490 ἄγγελος
1308 2417 1407 2470 τοῦ
1438 2419 1573 2470 Θεοῦ
1603 2413 1848 2484 ἑστηκὼς

184 2501 461 2576 πειρατὴν
522 2499 710 2557 ἅλωνα
752 2503 913 2576 Ὀρνᾶ
963 2507 1061 2558 τοῦ
1108 2498 1495 2563 Γεόουσσαίου.
1561 2498 1731 2558 Δαϐἱδ
1794 2498 1852 2556 δὲ

1929 544 2015 599 rei
2048 560 2154 601 suo
2190 550 2456 618 tempore
2484 545 2679 619 dignis
2709 546 3059 603 afﬁciuntur
3111 546 3444 618 suppliciis.
3505 547 3590 603 Ac

1932 650 2102 690 sacra
2130 635 2450 707 Scriptura,
2484 653 2619 692 cum
2653 636 2726 691 ob
2760 637 2914 691 160
2960 636 3317 691 inﬁnitatem
3373 651 3590 707 pecca-

1931 728 2129 780 torum
2160 741 2291 796 quaa
2311 742 2348 781 a
2370 725 2620 798 singulis
2644 726 2989 781 hominibus
3011 725 3486 791 committuntur,
3512 725 3586 781 ab

1933 829 2141 870 eorum
2193 816 2648 871 enumeratione
2701 815 3018 880 abstineat,
3079 815 3235 887 regis
3301 814 3588 871 delictum

1933 908 2219 974 tanquam
2272 922 2459 976 pmnea
2519 921 2760 961 causam
2821 904 3072 960 subditis
3136 909 3585 960 commemorat.

1935 990 2116 1063 Cujus
2145 992 2232 1048 rei
2265 994 2606 1065 exemplum
2663 993 2917 1049 historia
2974 992 3252 1048 Davidica
3305 993 3586 1065 suggerit.

1934 1080 2227 1138 Nimirum
2258 1082 2419 1138 enim
2451 1083 2540 1139 ira
2595 1083 2701 1139 Dei
2759 1082 2980 1139 malum
3034 1082 3309 1138 Israelico
3370 1082 3588 1154 pOpulo

1935 1171 2184 1242 parabat
2213 1178 2456 1245 propter
2494 1172 2855 1244 multiplices
2886 1172 3031 1245 legis
3062 1171 3434 1236 violationes,
3469 1171 3596 1243 spi—

1937 1261 2088 1316 ritus
2117 1268 2318 1317 autem
2346 1261 2633 1318 Davidum
2655 1262 2729 1317 ad
2747 1261 3154 1317 recensionem
3180 1259 3592 1332 populiimpu-

1936 1349 2021 1404 lit.
2057 1351 2182 1417 Qua
2212 1356 2451 1422 peracta
2480 1368 2656 1407 mane
2688 1350 2880 1406 Gadus
2917 1367 2951 1405 a
2982 1351 3099 1405 Deo
3160 1350 3377 1404 missus
3434 1353 3594 1403 vates

1939 1454 2075 1494 eum
2107 1440 2400 1510 convenit,
2435 1440 2860 1513 Optionemque
2881 1439 2972 1495 vel
2995 1437 3307 1495 triennalis
3329 1437 3592 1510 penuriae

1937 1542 2045 1597 per
2101 1542 2350 1599 regnum
2409 1527 2499 1582 vel
2558 1527 2876 1583 trimestris
2939 1526 3090 1598 fugm
3139 1525 3595 1595 insequentibus

1939 1614 2207 1693 hostibus
2240 1615 2330 1670 vel
2360 1615 2651 1672 triduanaa
2692 1633 2798 1688 per
2827 1632 3074 1688 regnum
3108 1616 3291 1687 pestis
3346 1614 3596 1669 liberam

1939 1705 2268 1776 proposuit.
2294 1705 2550 1761 Davidus
2589 1706 3048 1777 circumseptum
3077 1722 3139 1760 se
3182 1704 3438 1759 miseriis
3468 1703 3597 1760 fas-

1944 1810 2065 1861 sus,
2125 1793 2187 1848 in
2251 1795 2350 1848 Dei
2408 1794 2817 1865 multipliciter
2870 1793 3272 1855 misericordis
3323 1810 3501 1865 quam
3536 1794 3600 1849 in

1944 1882 2254 1938 hominum
2268 1883 2600 1939 crudelium
2616 1900 2827 1939 manus
2849 1899 2910 1939 se
2932 1883 3194 1939 incidere
3219 1883 3399 1939 malle
3422 1883 3594 1952 dixit,

1946 1970 2176 2042 sibique
2208 1977 2460 2026 mortem
2489 1971 2724 2044 delegit.
2765 1971 3091 2028 Metebatur
3122 1978 3247 2027 tum
3280 1973 3542 2027 triticum
3578 1987 3591 2038 ;

1948 2066 2006 2115 et
2035 2058 2317 2116 divinitus
2356 2060 2628 2116 immissa
2653 2066 2817 2133 peste
2868 2078 2902 2116 a
2960 2060 3219 2116 diluculo
3273 2077 3463 2131 usque
3518 2059 3593 2115 ad

1948 2145 2185 2218 prandii
2225 2146 2432 2202 horam
2485 2147 2843 2203 interierunt
2897 2150 2965 2202 ’70
3020 2147 3331 2202 hominum
3387 2145 3598 2202 millia.

1954 2232 2152 2288 Stabat
2168 2233 2411 2306 angelus
2426 2235 2526 2289 Dei
2541 2235 2614 2290 ad
2628 2250 2827 2289 aream
2841 2236 3010 2291 Ornzc
3037 2235 3309 2290 Jebusazi.
3347 2233 3598 2290 Davidus

1955 2327 2152 2377 autem
2183 2322 2614 2381 vociferabatur
2646 2339 2659 2377 :
2689 2345 2717 2373 ‹‹
2749 2324 2896 2378 Ecce
2927 2339 3031 2395 ego
3056 2340 3187 2378 sum
3215 2323 3315 2395 qui
3339 2322 3600 2394 peccavi,

1957 2412 2021 2466 in
2052 2427 2145 2467 me
2178 2418 2236 2468 et
2265 2413 2450 2485 patris
2467 2414 2584 2469 mei
2603 2413 2892 2469 familiam
2918 2430 3129 2469 manus
3148 2420 3247 2468 tua
3266 2413 3464 2468 saeviat
3483 2412 3549 2467 ⁵ο.
3572 2433 3601 2461 ››

1959 2501 2104 2555 Tum
2138 2501 2405 2572 placatus
2432 2501 2606 2568 Deus,
2639 2502 2793 2558 cladi
2824 2502 3115 2557 Israelicao
3157 2502 3338 2558 ﬁnem
3378 2501 3603 2557 statuit.

180 2586 326 2647 ὶϐόα·
375 2616 404 2643 ‹‹
440 2588 584 2650 Ἰδοὒ
619 2591 725 2667 ἐγὼ
756 2589 1013 2664 ἠδίκησαι·
1044 2593 1279 2670 γετέσθω
1301 2596 1337 2664 ἡ
1365 2593 1490 2671 χείρ
1514 2614 1610 2649 σου
1641 2593 1692 2649 ἒν
1728 2591 1854 2667 ἒμυὶ
1884 2588 1974 2644 καὶ
2032 2587 2084 2643 ἐν
2132 2594 2212 2663 τῷ
2242 2588 2379 2664 οἷ’κῳ
2435 2595 2534 2646 τοῦ
2582 2589 2786 2665 πατρός
2847 2612 2974 2665 μου.
3010 2615 3038 2643 ››
3074 2590 3171 2645 Καὶ
3229 2587 3604 2666 παρακληθεὶς

183 2681 209 2735 ὁ
234 2682 430 2748 Κύριος
460 2680 689 2757 συνέσχε
717 2683 817 2751 τήν
848 2685 1068 2755 θραῦσιν
1094 2684 1195 2753 τὴν
1214 2683 1353 2739 κατὰ
1379 2681 1624 2758 Ἰσραὴλ.

245 2772 369 2828 Ὅτι
422 2765 762 2846 πεσϐυτερος
818 2773 1111 2848 γενόμενος
1144 2768 1367 2828 ὁΔαϐἶδ
1425 2777 1543 2836 τοῖς
1601 2770 1844 2846 ἱματίοις

189 2859 290 2914 οὐκ
347 2858 706 2931 ἐθερμαίνετο
740 2901 754 2927 ,
838 2860 930 2915 καὶ
1013 2857 1242 2936 ἤνεγκαν
1314 2857 1531 2916 νεάνιδα
1585 2858 1842 2935 παρθένον

181 2945 421 3008 Ἀὄισςὶκ
448 2952 551 3020 τήν
583 2955 917 3023 Σωμανῖτιν,
949 2951 1039 3006 καὶ
1091 2952 1157 3020 ἦν
1216 2952 1377 3008 αὐτὸν
1437 2949 1848 3024 περιθάλπουσα

184 3042 274 3099 ἐπὶ
322 3050 429 3113 τῆς
482 3041 678 3113 κοίτης
714 3086 729 3112 ,
781 3041 873 3097 καὶ
921 3042 949 3096 ὁ
1009 3039 1270 3116 βασιλεὺς
1328 3040 1427 3097 οὐκ
1481 3036 1617 3115 ἔγνω
1655 3040 1843 3111 αὐτήν.

179 3130 459 3196 Ἀδωνίας
524 3128 584 3187 δὲ
658 3131 777 3193 υἱός
837 3127 1005 3186 Δαόὶδ
1064 3130 1421 3204 ἐπαιρόμενος
1478 3129 1689 3205 ἐκράτει
1742 3136 1843 3199 τῆς

192 3220 504 3296 βασιλείας.
547 3219 650 3278 Καὶ
685 3217 941 3298 είφῆλθεν
989 3215 1268 3295 Βηρσαϐεέ
1313 3220 1450 3295 πρὸς
1510 3214 1699 3289 Δαϐὶδ,
1754 3217 1845 3273 καὶ

196 3311 610 3383 προσκυνήσασα
638 3309 778 3364 εἶπε·
821 3332 849 3361 α
885 3307 1046 3384 Κύριε
1094 3306 1336 3382 βασιλεῦ,
1385 3302 1607 3381 ὤμοσας
1666 3328 1758 3379 μοι
1793 3306 1844 3363 ἐν

204 3396 400 3470 Κυρίῳ
433 3396 544 3468 6εῷ
571 3419 656 3453 σου
690 3396 778 3454 ὅτι
831 3396 1103 3471 Σολομῶν
1145 3398 1172 3451 ὁ
1205 3398 1322 3460 υἱὸς
1383 3418 1487 3470 μου
1539 3395 1847 3472 βασιλεύσει

202 3486 326 3559 μετ’
353 3484 472 3557 ἐμὲ.
501 3487 597 3543 Καὶ
629 3484 750 3542 ἰδοὺ
801 3490 894 3541 νῦν
954 3482 1217 3547 Ἀδωνίας
1270 3480 1605 3553 ἐϐασίλευσε,
1636 3485 1723 3540 καὶ
1784 3482 1847 3540 σὺ

196 3576 296 3631 οὐκ
324 3570 514 3651 ἔγνως.
558 3580 803 3635 »Ταῦτα
862 3576 1095 3640 ἀκούσας
1155 3571 1351 3645 Δαϐὶδ,
1410 3575 1665 3653 ἀθροίσας
1720 3575 1846 3639 τοὺς

187 3668 479 3745 προφήτας
518 3667 611 3721 καὶ
642 3666 828 3742 ἱερεῖς,
891 3664 1038 3744 χρίει
1099 3663 1442 3737 Σολομῶντα
1498 3664 1587 3720 καὶ
1642 3665 1847 3734 καθίζει

186 3755 273 3810 ἐπὶ
303 3760 403 3811 τοῦ
442 3757 641 3830 θρόνου
670 3755 862 3812 αὐτοῦ.
901 3754 1249 3834 ᾪκογόμησε
1310 3752 1367 3810 δὲ
1427 3749 1593 3810 Δαϐὶδ
1645 3753 1698 3810 ἐν
1731 3760 1846 3818 ταῖς

185 3846 427 3919 ἡμέραις
459 3843 628 3900 αὗτοῦ
681 3844 767 3899 ἐπὶ
823 3850 923 3913 τῆς
988 3843 1290 3919 ἀκρωρείας
1349 3841 1715 3918 Ἰερουσαλὴμ
1752 3845 1849 3912 τήν

190 3939 361 4006 Σιῶν,
392 3935 601 4003 σκηνὴν
634 3931 686 3988 ἐν
737 3934 878 4007 αὐτῇ
910 3937 992 4006 τῷ
1038 3938 1154 4005 Θεῷ
1208 3932 1543 4006 πηξάμενος,
1604 3930 1657 3988 ἒν
1685 3932 1721 4008 ᾖ
1747 3935 1845 4003 τὴν

194 4018 436 4079 κιϐωτὸν
476 4020 729 4092 ἀπέθετο,
757 4021 883 4080 Ἐπὶ
925 4021 1126 4079 τούτου
1182 4023 1312 4098 παρ’
1370 4020 1631 4094 Ἐλλησιν
1663 4024 1850 4098 Ὅμη-

199 4133 288 4187 ρος
316 4115 413 4169 καὶ
438 4109 696 4177 Ἠσίοδος
722 4110 1101 4190 ἐγνωρίζοντοο

265 4294 359 4364 Τῷ
388 4288 596 4361 δὶ,δυο’
653 4288 759 4346 ἔτει
821 4287 1091 4363 Σολομῶν
1137 4285 1454 4345 ἐϐασίλευσε
1511 4286 1850 4360 δωδεκαετῆς

196 4377 291 4447 ὣν,
324 4381 418 4434 καὶ
444 4386 633 4454 κρατεῖ
661 4375 754 4450 ἔτη
812 4384 892 4452 μ’.
954 4379 1091 4458 Εἶχε
1149 4376 1206 4434 δὲ
1264 4384 1521 4455 γυναῖκας
1576 4378 1854 4455 Ἰσραηλί-

2026 2772 2229 2843 Magno
2253 2770 2381 2843 jam
2415 2777 2558 2828 natu
2592 2771 2878 2828 Davidum
2923 2778 3114 2828 vestes
3172 2788 3293 2827 non
3347 2771 3605 2843 amplius

1955 2859 2401 2917 calefaciebant.
2429 2863 2632 2933 Itaque
2663 2861 2918 2918 adducta
2947 2866 3037 2917 est
3080 2861 3152 2916 ad
3211 2877 3350 2916 eum
3407 2859 3610 2933 puella

1954 2949 2114 3021 virgo
2144 2949 2396 3006 Abisaca
2425 2950 2770 3018 Sumanitis,
2799 2967 2931 3021 quas
2964 2966 3099 3005 eum
3132 2950 3194 3004 in
3223 2949 3371 3005 lecto
3395 2965 3610 3005 conca-

1956 3038 2239 3095 lefaceret
2270 3055 2283 3093 :
2307 3056 2502 3111 neque
2522 3044 2724 3095 tamen
2744 3055 2873 3095 eam
2888 3057 2987 3095 rex
3005 3040 3292 3112 cognovit.
3316 3039 3606 3093 Caeterum

1884 3088 1930 3157 θ’
1958 3127 2217 3184 Adonias
2249 3088 2424 3184 illiusl
2438 3128 2637 3183 Davidi
2655 3145 2785 3184 sese
2810 3088 3401 3201 extulitrggnumque
3439 3142 3609 3183 occu-

1958 3218 2134 3289 pavit.
2170 3218 2372 3288 Itaque
2404 3216 2693 3274 Bersabee
2723 3217 2796 3274 ad
2827 3217 3116 3274 Davidum
3156 3218 3304 3273 161
3344 3216 3602 3286 intravit,

1960 3307 2133 3379 eique
2166 3306 2413 3378 supplex
2444 3307 2526 3362 ita
2551 3306 2700 3362 dixit
2730 3323 2743 3362 :
2778 3329 2805 3357 ‹‹
2840 3309 3023 3363 Deum
3062 3307 3380 3363 Dominum
3413 3312 3606 3378 tuum,

1958 3414 1991 3452 ο
2022 3414 2146 3467 rex,
2171 3397 2412 3469 jurasti,
2459 3397 2522 3453 in
2578 3414 2759 3471 regno
2820 3398 2926 3452 tibi
2983 3397 3363 3454 Solomonem
3417 3396 3607 3452 filium

1958 3504 2159 3544 meum
2184 3503 2619 3543 successurum.
2650 3486 2827 3559 Atqui
2873 3504 3007 3543 ecce
3046 3487 3176 3556 tibi,
3235 3503 3394 3544 nunc
3451 3486 3606 3541 Ado-

1959 3577 2108 3643 nias,
2144 3580 2198 3631 te
2228 3576 2559 3649 ignorante,
2592 3592 2840 3649 regnum
2865 3574 3180 3647 occepit“.
3226 3575 3323 3629 His
3379 3573 3602 3629 auditis

1958 3664 2232 3732 Davidus,
2262 3665 2596 3721 convocatis
2626 3666 2858 3721 vatibus
2885 3682 2953 3721 ac
2985 3664 3399 3721 sacerdotibus
3453 3663 3613 3719 Solo-

1959 3770 2195 3810 monem
2226 3755 2478 3825 inungit,
2504 3754 2702 3827 itaque
2720 3771 2900 3827 regno
2924 3754 3341 3826 inauguratum
3370 3752 3431 3807 in
3455 3751 3605 3806 solio

1959 3858 2064 3897 suo
2094 3841 2364 3897 collocat.
2389 3843 2538 3899 Dum
2571 3846 2726 3897 esset
2756 3842 2819 3896 in
2851 3842 2992 3896 vivis
3036 3841 3309 3909 Davidus,
3344 3840 3612 3910 Sionem,

1958 3947 2089 4002 quae
2123 3936 2213 3987 est
2236 3947 2339 3986 arx
2370 3931 2933 4002 Hierosolymorum,
2968 3931 3300 3998 mdiﬁcavit,
3326 3930 3506 4001 inque
3538 3947 3610 3987 ea

1958 4019 2405 4075 tabernaculum
2441 4021 2557 4075 Deo
2592 4020 2736 4087 fixit,
2768 4026 2945 4090 atque
2975 4020 3035 4074 in
3067 4020 3179 4076 hoc
3211 4036 3411 4077 aream
3435 4036 3612 4092 repo-

1961 4109 2098 4165 suit.
2132 4108 2335 4165 Davidi
2366 4114 2536 4165 astate
2568 4108 2725 4181 apud
2756 4110 2986 4165 Grmcos
3010 4111 3298 4167 Homerus
3317 4116 3375 4165 et
3406 4110 3613 4166 Hesio—

1962 4197 2073 4254 dus
2104 4197 2518 4253 innotuerunt.

2033 4303 2203 4352 Anno
2236 4313 2270 4352 a
2299 4295 2524 4353 mundo
2557 4296 2797 4352 condito
2827 4298 2990 4365 4470,
3051 4296 3333 4353 Solomon
3390 4311 3614 4353 annum

1960 4402 2140 4459 agens
2172 4386 2363 4442 mtatis
2394 4385 2835 4456 duodecimum,
2886 4402 3136 4459 regnum
3193 4386 3374 4440 iniit:
3435 4385 3613 4455 idque

190 4466 347 4530 τιδας
382 4468 475 4523 καὶ
513 4468 728 4533 ἐθνικὰς
786 4468 1109 4529 ἑπτακοσίας
1165 4467 1255 4522 καὶ
1286 4466 1573 4531 παλλακὰς
1629 4489 1843 4543 ’τριαδιο⁴

1960 4492 2068 4547 per
2096 4491 2286 4530 annos
2310 4477 2380 4530 40
2403 4475 2610 4530 tenuit.
2637 4475 2853 4531 Habuit
2874 4488 3087 4530 uxores
3108 4475 3416 4531 Israelicas
3438 4479 3615 4546 atque

192 4558 339 4620 σίας.
374 4560 505 4614 "Eva
549 4555 606 4613 δὲ
631 4558 797 4632 μόνον
859 4556 1051 4634 ἄρεἷενα
1108 4557 1222 4612 υἱὸν
1268 4554 1398 4631 ἔσχε
1458 4558 1550 4612 τὸν
1582 4553 1852 4631 Ῥοϐοὰμ,

190 4647 285 4702 καὶ
316 4651 514 4703 τοῦτον
569 4646 622 4719 ἐξ
653 4645 983 4717 ἁλλοωῦλης
1038 4640 1267 4707 Ναάϐας
1320 4653 1418 4716 τῆς
1482 4643 1854 4720 ’Λμανίτιδης⁷

192 4737 415 4809 ἀνάξιον
452 4740 533 4807 [Ρ.
584 4738 676 4810 92]
707 4742 808 4806 τῆς
839 4737 1042 4812 ἀρχῆς.
1104 4734 1277 4799 Αὐτὸς
1340 4734 1435 4790 τὸν
1489 4733 1858 4809 Ἰερουσαλὴμ

269 4828 280 4842 I
388 4825 403 4846 ,
494 4823 517 4843 ᾗ
813 4823 843 4844 Ἰ
1111 4820 1160 4840 \‘
1217 4825 1230 4841 ο
1411 4825 1425 4842 \
1572 4824 1587 4844 ,
1663 4828 1690 4839 θ’
1805 4826 1818 4843 \

191 4847 323 4881 ναον
371 4826 753 4900 ῳκοοόμησεν,
811 4828 934 4880 ενθα
992 4819 1160 4878 Δαϐιο
1211 4843 1239 4879 ο
1290 4844 1470 4899 πατηρ
1528 4844 1694 4879 αυτου
1760 4846 1858 4895 τήν

194 4918 347 4971 Σιὼν
396 4913 660 4988 ἐπήξατο,
714 4913 1008 4989 ἀρξάμενος
1088 4912 1195 4968 ἀπὸ
1250 4916 1348 4968 τοῦ
1402 4909 1657 4989 δευτέρου
1703 4910 1857 4977 ἔτους

194 5012 297 5071 τῆς
345 5005 517 5061 αὐτοῦ
578 5002 881 5080 βασιλείας.
940 5003 1032 5059 Ἐν
1090 4996 1259 5058 ἔτεσιν
1322 5001 1414 5056 οὗν
1464 5001 1602 5058 ἔτιτᾶ
1655 5002 1861 5059 τελειοῖ

196 5095 387 5150 αὐτόν.
425 5094 581 5150 Εῗσὶν
615 5092 708 5149 οὖν
740 5092 850 5150 ἀπὸ
891 5090 1076 5166 Ἀδὰμ
1102 5088 1206 5157 ἕως
1234 5091 1481 5147 εἰκοστοῦ
1523 5092 1729 5168 χρόνου
1758 5100 1860 5164 τῆς

200 5189 351 5253 ζωῆς
387 5181 758 5257 Σολομῶντος
809 5182 906 5253 ’ἐτη
939 5178 1081 5259 ,δφι¹.
1113 5182 1294 5239 Οὗτοσ
1324 5182 1351 5236 ὁ
1381 5179 1650 5254 Σολομῶν
1681 5180 1861 5238 δεῦτε-

196 5293 287 5347 ρος
330 5273 449 5338 υἱὸς
476 5276 574 5329 τοῦ
628 5268 795 5329 Δαϐἰδ
836 5270 897 5326 ἐκ
924 5278 1026 5341 τῆς
1089 5264 1367 5344 Βηρσαϐεὶ
1418 5271 1661 5346 γέγονεν·
1698 5272 1726 5326 ὁ
1756 5273 1861 5348 γὰρ

201 5367 442 5436 πρῶτος,
477 5363 505 5417 ὁ
565 5362 674 5418 ἀπὸ
728 5360 1006 5440 μοιχείας,
1061 5361 1304 5430 τέθνηκε.
1351 5359 1454 5416 Καὶ
1513 5359 1618 5435 γὰρ
1671 5359 1860 5437 ἂρῥω-

194 5458 451 5516 στοῦντος
492 5452 660 5510 αὐτοῦ
717 5452 1043 5517 ἐκακοπάθει
1104 5445 1272 5506 Δαϐὶδ
1332 5448 1386 5504 ἐν
1448 5450 1738 5526 ἀγρυπνίᾳ,
1768 5452 1860 5509 καὶ

193 5544 382 5617 σάκκῳ
439 5544 530 5600 καὶ
592 5539 787 5614 σποδῷ
844 5541 1285 5618 προσευχόμενος
1338 5540 1419 5612 τῷ
1474 5544 1589 5613 Θεῷ
1640 5541 1726 5597 ἐπὶ
1783 5549 1863 5619 τῷ

259 5645 312 5682 ⁵ο
341 5646 392 5701 II
418 5647 563 5719 Heg.
598 5661 759 5712 xmv,
790 5645 879 5698 17.
911 5641 957 5680 ⁵1
991 5642 1067 5700 Ill
1099 5643 1238 5715 Reg.
1274 5657 1317 5712 ι,
1351 5642 1438 5697 13.

1965 4563 2332 4636 alienigenas
2364 4581 2612 4620 numero
2642 4568 2764 4630 700,
2798 4564 3044 4637 pellices
3080 4566 3203 4631 300,
3240 4581 3425 4620 unum
3482 4569 3615 4619 tan-

1965 4659 2093 4709 tum
2121 4654 2309 4709 tilium
2340 4653 2729 4722 Roboamum,
2762 4670 2942 4727 regno
2975 4654 3307 4726 indignum,
3341 4660 3398 4709 et
3457 4654 3616 4709 hunc

1967 4759 2204 4815 quoque
2233 4759 2302 4797 ex
2331 4742 2665 4815 alienigena
2684 4759 2889 4805 uxore.
2920 4742 3119 4797 Naaba
3139 4741 3425 4797 nimirum
3448 4744 3622 4798 Ama-

1966 4831 2238 4887 nitide.ls
2252 4831 2533 4887 Solomon
2547 4831 2835 4903 templum
2853 4830 3273 4902 Hierosolymis
3285 4829 3618 4897 aediﬁcavit,

1968 4937 2085 4992 quo
2118 4920 2247 4976 loco
2273 4920 2473 4985 David,
2507 4925 2676 4992 pater
2703 4920 2834 4991 ejus
2856 4920 3092 4976 Sionem
3115 4924 3371 4976 metatus
3401 4919 3619 4974 fuerat.

1968 5010 2147 5065 Orsus
2166 5014 2257 5065 est
2272 5014 2631 5065 structuram
2649 5006 2805 5064 anno
2825 5010 2985 5081 regni
3011 5009 3098 5064 sui
3123 5009 3332 5073 altero,
3367 5007 3618 5063 absolvit

1970 5104 2197 5170 septem
2236 5099 2429 5154 annis.
2492 5098 2577 5153 Ab
2635 5097 2859 5154 Adamo
2917 5114 3106 5168 usque
3136 5098 3211 5153 ad
3268 5097 3616 5152 vicesimum

1969 5203 2192 5243 annum
2222 5188 2412 5243 mtatis
2443 5186 2775 5242 Solomonis
2805 5186 2946 5241 anni
2978 5187 3274 5241 habentur
3292 5188 3451 5239 4510.
3482 5185 3617 5240 Fuit

1971 5277 2023 5331 is
2052 5277 2331 5332 Solomon
2362 5275 2659 5332 secundus
2690 5276 2891 5332 Davidi
2939 5293 3009 5330 ex
3066 5274 3354 5330 Bersabee.
3412 5275 3570 5330 filius
3602 5290 3616 5330 :

1971 5367 2200 5438 primus
2230 5367 2413 5434 enim,
2448 5381 2623 5436 quem
2655 5383 2725 5420 ex
2746 5365 3039 5422 adulterio
3062 5371 3434 5437 conceperat,
3465 5383 3623 5422 mor-

1972 5462 2111 5512 tuus
2144 5461 2251 5512 est.
2285 5457 2365 5510 Eo
2398 5459 2720 5527 mgrotante
2750 5454 3004 5511 Davidus
3034 5454 3249 5524 vigiliis
3280 5472 3410 5511 sese
3459 5456 3622 5511 affli-

1972 5544 2170 5612 ctavit,
2191 5560 2426 5600 sacrum
2449 5543 2692 5600 indutus
2721 5549 2779 5600 et
2792 5544 2989 5600 cinere
3019 5560 3281 5618 sparsus,
3307 5546 3622 5617 Deumque
