4104 6276
537 322 652 382 {95

1853 315 2254 381 GEORGIGII
2301 319 2646 392 CMB!“

3805 331 3908 395 196

529 473 636 528 pro
670 456 788 512 vita
817 454 1061 510 infantis
1091 452 1442 525 deprecans.
1489 453 1642 518 Quin
1695 458 1754 507 et
1810 457 2144 524 praasenten

2291 453 2449 542 ζῆσαι
2475 454 2537 508 τὸ
2575 451 2818 512 παιδίον.
2867 434 2973 512 Καὶ.
3023 455 3176 530 ῥῆμα
3203 431 3408 527 ἐξὲθενο
3461 457 3540 520 ὡς
3587 458 3640 514 εἴ
3661 481 3738 524 τις
3789 463 3899 542 εἴπῃ

531 550 782 601 mortem
815 545 868 600 ei
902 544 1370 608 deduntiaverat,
1403 543 1742 614 quicunque
1793 542 1866 598 de
1922 542 2177 599 infantis

527 634 690 689 obitu
722 633 1042 688 retulisset.
1077 634 1298 687 Mortuo
1319 631 1544 687 infante
1574 636 1953 686 accesserunt
1978 647 2176 703 regem

525 723 854 780 familiares
886 721 1038 779 162
1069 722 1225 777 tristi
1256 721 1442 778 vultu.
1477 721 1640 777 Unde
1662 737 1766 776 rex
1787 720 1929 792 quid
1951 720 2173 778 factum

526 823 684 868 esset
715 811 1003 884 colligens
1031 827 1045 866 :
1082 834 1110 860 ‹‹
1140 813 1402 866 Mortuus
1433 816 1542 877 est,
1575 811 1790 882 inquit,
1823 826 1990 882 puer.
2016 833 2038 860 ι
2063 812 2172 867 Re-

526 901 894 972 sponderunt
925 917 938 955 :
973 922 1001 950 «
1033 901 1117 955 Tu
1133 900 1246 956 hoc
1275 899 1497 955 dixisti.
1531 921 1558 949 »
1591 902 1664 954 At
1692 915 1796 954 rex
1817 899 2017 954 statim
2039 916 2170 955 sur-

523 1005 680 1062 gere,
711 989 905 1046 lavare
937 1006 1172 1062 corpus,
1207 989 1438 1057 vestire,
1471 989 1588 1044 Deo
1619 989 1840 1061 gratias
1870 1003 2064 1062 agere,
2088 988 2170 1044 ci-

520 1079 663 1136 bum
695 1096 952 1135 sumere.
989 1080 1386 1151 lnterrogatus
1417 1093 1656 1134 causam
1689 1078 1866 1149 hujus
1880 1068 2170 1134 ‘mutatio-

519 1170 636 1238 nis,
669 1170 841 1240 Dum,
876 1169 1092 1241 inquit,
1124 1168 1518 1224 decumbebat
1545 1168 1761 1234 infans,
1793 1185 1829 1224 a
1857 1169 1972 1224 Deo
2030 1185 2166 1240 pre-

518 1259 685 1315 cibus
717 1261 968 1316 salutem
1001 1260 1130 1331 ejus
1161 1258 1415 1331 flagitavi
1449 1275 1462 1312 :
1497 1264 1728 1314 mortuo
1762 1275 1830 1314 eo
1879 1274 2166 1329 quorsum

518 1350 798 1406 attineret
854 1365 948 1404 me
1003 1348 1296 1414 afflictari,
1357 1364 1664 1418 nunquam
1724 1348 2072 1403 effecturum
2100 1352 2166 1404 ut

517 1439 718 1494 anima
747 1438 810 1492 in
839 1453 1054 1508 corpus
1089 1435 1341 1492 redeat?
1651 1495 1661 1506 ,

587 1527 966 1584 Solomonem
991 1526 1143 1582 Deus
1168 1525 1482 1598 prudentia
1502 1543 1570 1581 ac
1591 1525 1888 1598 sapientia
1903 1525 2164 1582 maxima

514 1616 772 1685 donavit,
807 1620 1130 1687 pectusque
1160 1620 1248 1670 tot
1265 1613 1706 1688 cognitionibus
1726 1630 1925 1670 rerum
1946 1613 2162 1686 imple-

513 1704 591 1758 vit
612 1710 757 1775 quot
784 1719 1101 1758 numerum
1132 1717 1330 1758 areum
1356 1702 1671 1758 maritimas
1702 1707 2029 1774 aequarent.
2050 1703 2161 1757 Ita-

2287 543 2370 600 δτι
2437 541 2804 617 ἐτελεύτησεν,
2877 544 3034 612 εὐθὺς
3093 546 3440 612 ἀποθανεῖται
3500 547 3674 612 αὐτός.
3729 541 3904 626 Τεθνηέ

2283 633 2446 696 κότος
2477 633 2534 690 δὲ
2559 639 2656 692 τοῦ
2687 633 2882 700 παιδὸς
2913 635 3172 708 εἷσῆλθον
3201 639 3337 712 πρὸς
3395 633 3563 694 Δαϐὶδ
3595 641 3642 696 οἳ
3682 647 3906 716 συνήθεις

2285 726 2503 799 στυγνοὶ
2530 725 2621 780 καί
2651 731 2930 804 κατηφεῖς.
2951 728 3012 785 Ὀ
3044 723 3102 782 δὲ
3130 727 3296 807 γνοὺς
3333 727 3440 784 ἀπὸ
3486 733 3582 784 τοῦ
3636 734 3901 811 σχήματος

2283 813 2422 868 εἶπε·
2451 839 2480 867 (ι
2511 814 2742 886 Τέθνηκε
2770 816 2834 872 τὸ
2856 813 3096 874 παιδίον.
3122 841 3150 869 ››
3173 817 3240 875 Οἱ
3258 815 3318 872 δὶ
3344 817 3517 874 εἶπον·
3548 840 3571 870 ι
3597 819 3667 874 Σὺ
3693 823 3854 886 εἶπας.
3875 849 3900 876 »

2283 903 2383 956 Καὶ
2438 902 2594 968 εὐθὺς
2651 903 2925 962 κατελθὼν
2987 903 3254 962 ἐλουσατο
3288 905 3404 986 Ϋκαῖ
3461 909 3766 986 ἡμφιάσατο
3819 912 3899 968 καὶ

2282 987 2659 1064 ηύχαρίστησε
2687 994 2766 1062 τῷ
2803 995 2920 1062 Θεῷ
2943 991 3035 1046 καὶ
3068 985 3332 1065 μετέλαϐε
3385 985 3616 1070 τροφῆς.
3668 995 3896 1070 Ἐρωτῶ-

2282 1095 2443 1149 μενος
2489 1076 2546 1134 δὶ
2597 1081 2698 1149 τήν
2747 1079 2920 1136 αἰτίαν
2971 1087 3074 1151 τῆς
3133 1079 3440 1158 ἰναλλαγῆς
3485 1083 3637 1138 εἶπεν
3661 1083 3902 1150 Gnaeos-

2277 1169 2498 1229 νοῦντος
2564 1166 2728 1223 αὐτοῦ
2789 1165 3054 1224 Ξδυσώπει
3137 1169 3230 1225 τὸν
3290 1169 3420 1225 Θεὸν
3471 1168 3759 1237 ἀναστῆναι
3814 1173 3894 1230 τὸν

2276 1251 2466 1326 παῖδα,
2516 1253 2632 1311 ἐπεὶ
2700 1253 2757 1312 δὶ
2814 1255 3188 1328 τετελεύτηκε,
3220 1257 3302 1320 τίς
3332 1259 3367 1328 ἡ
3404 1257 3567 1331 χρεία
3621 1261 3894 1317 κοποῦσθαί

2277 1363 2344 1416 με
2376 1361 2392 1412 ;
2425 1345 2514 1415 Μή
2547 1341 2761 1415 δυνηθῶ
2797 1344 3122 1422 ἀναστρέψαι
3149 1348 3248 1418 τήν
3307 1349 3494 1422 ψυχήν
3549 1351 3646 1402 τοῦ
3699 1345 3892 1404 παιδίου

2272 1431 2326 1488 ἐν
2357 1431 2504 1506 αὐτῷ
2536 1453 2550 1504 ;

2341 1523 2466 1580 Ὅτι
2521 1517 2691 1579 ἔδωκε
2738 1523 2940 1600 Κύρίος
2986 1529 3065 1597 τῷ
3127 1522 3457 1598 Σολομῶντι
3509 1526 3766 1603 φρόνησιν
3811 1526 3888 1581 καὶ

2271 1611 2461 1692 σοφίαν
2507 1611 2726 1682 πολλὴν
2783 1610 2991 1690 σφόδρα
3062 1613 3154 1669 καὶ
3215 1611 3422 1678 πλάτος
3482 1612 3720 1690 καρδίας,
3777 1615 3888 1671 ὡσεὶ

2268 1700 2454 1776 ἄμμος
2512 1704 2547 1771 ἡ
2605 1701 2750 1778 παρὰ
2815 1703 2913 1772 τήν
2972 1700 3262 1767 θάλασσαν·
3323 1702 3424 1758 Καὶ
3492 1702 3790 1775 ἐπληθύνθη
3843 1703 3886 1759 ἓν

510 1809 624 1864 que
656 1793 947 1864 sapientia
977 1799 1034 1848 et
1063 1793 1291 1864 priscos
1322 1807 1529 1848 omnes
1563 1792 1864 1864 superavit
1906 1797 1965 1846 et
2021 1791 2144 1848 uni-

2266 1791 2418 1863 αύτῷ
2455 1792 2490 1861 ἡ
2550 1791 2813 1870 φρόνησις
2873 1791 3008 1868 ὑπὲρ
3060 1792 3263 1857 πάντας
3309 1792 3577 1870 ἀρχαίους
3634 1791 3719 1848 καὶ
3773 1793 3886 1868 ὑπὲρ

506 1882 690 1938 versis
721 1882 946 1954 Egypti
979 1882 1348 1954 sapientibus
1378 1881 1745 1938 antecelluit.
1783 1881 2039 1937 Veniunt
2082 1879 2157 1936 ad

505 1989 642 2028 eum
668 1972 798 2027 duae
828 1971 1113 2027 mulieres
1143 1971 1547 2044 disceptandas
1579 1971 1701 2027 litis
1747 1988 1944 2028 causa.
1987 1970 2158 2026 Prior

501 2061 684 2116 refert
709 2078 792 2127 se,
827 2077 958 2116 cum
995 2061 1054 2115 in
1087 2078 1204 2116 una
1232 2061 1420 2117 ambae
1452 2061 1629 2117 domo
1688 2061 1991 2134 degerent,
2049 2078 2156 2132 pe-

499 2151 745 2222 perisse,
780 2157 956 2222 atque
983 2151 1236 2206 alteram
1267 2151 1410 2206 item
1445 2151 1638 2206 triduo
1670 2157 1822 2223 post.
1855 2151 1996 2223 Ejus
2053 2151 2154 2206 in-

494 2241 742 2307 fantem,
776 2257 912 2296 cum
944 2257 1050 2312 per
1081 2247 1320 2297 noctem
1354 2258 1488 2297 cum
1516 2247 1706 2297 matre
1730 2258 1837 2298 sua
1857 2241 2153 2311 cubasset,

497 2333 855 2387 exstinctum
887 2332 1074 2388 fuisse
1105 2348 1120 2399 ;
1153 2337 1330 2403 atque
1353 2348 1486 2387 eam
1515 2332 1868 2400 surrexisse,
1921 2330 2152 2403 sibique

497 2420 818 2475 dormienti
845 2437 1021 2476 suum
1052 2420 1344 2476 infantem
1375 2421 1734 2493 surripuisse
1767 2437 1837 2476 ex
1869 2420 2046 2489 ulnis,
2093 2421 2154 2476 in

499 2525 613 2580 que
644 2508 839 2564 locum
875 2509 1004 2581 ejus
1047 2517 1349 2566 mortuum
1390 2510 1794 2582 supposuisse.
1857 2510 1949 2575 Se,
2017 2525 2152 2565 cum

497 2613 672 2653 mane
703 2599 776 2653 ad
807 2597 1152 2654 lactandum
1185 2616 1360 2654 suum
1414 2599 1792 2666 surrexisset,
1850 2604 2153 2654 mortuum

490 2687 780 2742 infantem
809 2686 1150 2756 offendisse,
1186 2705 1254 2743 ac
1276 2705 1337 2742 re
1359 2689 1662 2760 explorata
1684 2687 2152 2760 deprehendisse

491 2791 627 2830 eum
659 2791 832 2831 suum
863 2791 982 2832 non
1015 2793 1166 2832 esse.
1199 2777 1346 2831 Cum
1378 2777 1568 2832 altera
1597 2777 1708 2832 hoc
1732 2783 1992 2849 negaret,
2017 2793 2138 2831 non

499 2881 670 2921 suum
709 2865 812 2922 sed
843 2865 1005 2920 illius
1028 2865 1320 2923 infantem
1352 2872 1608 2922 mortem
1641 2865 1859 2922 obiisse
1901 2871 2146 2922 conten-

494 2953 663 3021 dens,
689 2953 970 3010 Solomon
1002 2959 1325 3026 utrumque
1356 2954 1618 3012 medium
1652 2955 1840 3011 secari
1863 2955 2150 3011 infantem

491 3043 695 3115 jussit,
728 3060 795 3099 ac
826 3043 898 3099 de
930 3048 1184 3114 utroque
1215 3045 1549 3116 portionem
1579 3044 1870 3100 ambabus
1891 3044 2038 3101 dari.
2063 3044 2150 3099 Ibi

500 3139 692 3188 mater
715 3132 960 3188 infantis
991 3151 1190 3206 regem
1223 3140 1459 3205 precata
1488 3140 1577 3190 est
1606 3151 1679 3190 ne
1711 3135 1824 3190 hoc
1853 3140 2144 3206 ageretur.

498 3225 810 3294 potiusque
842 3226 1266 3280 concederetur
1285 3227 1456 3281 alteri
1483 3227 1718 3282 mulieri
1750 3227 1908 3281 vivus
1926 3226 2144 3292 infans,

496 3318 560 3367 ut
591 3329 666 3368 ne
697 3313 1504 3383 periret,alteradivisionem
1527 3317 1700 3371 istam
1741 3315 2050 3388 probante,
2081 3321 2148 3370 ut

495 3417 690 3472 neque
723 3401 832 3456 sibi
866 3403 1020 3456 103
1061 3419 1258 3473 neque
1290 3403 1462 3458 alteri
1495 3404 1656 3458 vivus
1694 3404 1893 3459 infans
1947 3403 2142 3458 obtin-

493 3496 675 3561 geret.
710 3490 1064 3546 Pronuntiat
1093 3507 1230 3562 ergo
1263 3491 1544 3546 Solomon
1599 3492 1792 3546 vivum
1851 3491 2140 3548 infantem

497 3578 548 3633 ei
583 3596 712 3634 esse
742 3579 979 3635 mulieri
1012 3579 1296 3646 dandum,
1324 3597 1455 3652 qua;
1487 3597 1622 3636 eum
1656 3581 1805 3636 mori
1835 3581 2131 3636 noluisset

562 3667 852 3722 Disseruit
881 3666 1160 3723 Solomon
1191 3667 1261 3723 de
1293 3669 1576 3740 stirpibus
1611 3685 1646 3724 a
1701 3669 1876 3724 cedro
1935 3667 2138 3724 Libani

490 3771 678 3826 usque
711 3756 784 3812 ad
811 3757 1135 3828 hyssopum
1167 3774 1236 3813 ex
1261 3775 1428 3813 muro
1455 3764 1833 3815 enascentem
1859 3776 1872 3827 ;
1897 3759 2041 3813 item
2065 3757 2137 3814 de

487 3847 833 3917 pecudibus,
868 3848 1060 3918 iisque
1093 3865 1224 3918 qua)
1257 3847 1420 3904 humi
1449 3855 1682 3920 repunt,
1709 3847 1779 3904 de
1802 3849 2136 3905 volucribus

487 3940 546 3988 et
573 3935 856 4005 piscibus,
886 3936 1039 3990 vires
1072 3953 1274 3991 eorum
1307 3943 1484 4008 atque
1513 3940 1778 3995 actiones
1808 3939 2132 4011 explicans,

484 4023 570 4078 uti
600 4025 888 4096 Josephus
920 4025 1118 4080 refert.
1146 4025 1580 4084 lncantationes
1603 4045 1838 4100 quoque
1856 4035 2133 4084 etexcan-

487 4113 742 4170 tationes
772 4114 1109 4171 daemonum
1143 4117 1390 4186 invenit,
1424 4118 1641 4190 quibus
1673 4119 1915 4191 quidam
1942 4119 2128 4175 Judaei

482 4208 717 4258 utentes
749 4204 1050 4261 daemonas
1079 4207 1408 4279 exigebant.
1451 4209 1699 4264 Naribus
1747 4209 1877 4281 ejus
1934 4209 2033 4280 qui
2093 4226 2128 4264 a

481 4291 774 4346 daemonio
795 4291 1179 4360 obsidebatur
1198 4296 1486 4351 annulum
1510 4296 1850 4368 quemdam,
1875 4297 1936 4352 in
1955 4299 2123 4370 cujus

480 4379 603 4449 pila
634 4380 800 4435 radix
835 4387 963 4437 erat
991 4399 1025 4437 a
1057 4383 1374 4440 Solomone
1410 4385 1484 4440 ad
1511 4385 1620 4440 hos
1677 4401 1822 4441 usus
1878 4386 2126 4442 demon-

481 4473 684 4534 strata,
719 4469 1101 4541 adhibebant,
1134 4478 1199 4527 ut
1239 4473 1566 4530 olfaceret:
1625 4475 1755 4545 ejus
1811 4475 1863 4530 vi
1924 4477 2123 4532 statim

478 4555 714 4612 daemon
763 4559 1190 4629 expellebatur.
1250 4566 1609 4634 Argumento
1665 4570 1793 4620 erat
1847 4565 2122 4636 poculum

477 4650 578 4700 aut
613 4645 773 4701 aliud
805 4665 904 4704 vas
930 4665 1085 4722 aqua
1109 4651 1376 4722 plenum,
1409 4652 1566 4723 quod
1589 4654 1866 4726 fugiendo
1889 4653 2123 4710 dwmon

475 4736 936 4796 comminuebat.

547 4897 826 4954 Solomon
855 4901 1142 4972 templum
1169 4902 1272 4958 Dei
1305 4919 1440 4959 cum
1471 4904 1836 4975 absolvisset,
1878 4905 2118 4962 dedica-

472 4985 577 5052 vit,
610 4987 882 5042 mactatis
915 4988 989 5044 ad
1020 4991 1310 5046 sacrificia
1338 4993 1658 5049 vitulorum
1705 4995 1775 5048 22
1833 4994 2116 5063 millibus,

471 5077 667 5130 ovium
697 5076 963 5132 millibus
1000 5081 1113 5132 120.
1153 5080 1404 5152 Diesque
1436 5082 1618 5138 festos
1649 5089 1875 5155 septem
1916 5085 2116 5156 splen-

469 5163 605 5218 dide
636 5165 755 5238 egit
781 5181 794 5220 :
828 5172 1031 5222 octavo
1062 5169 1343 5240 populum
1373 5171 1566 5226 fausta
1597 5180 2004 5244 comprecatus
2025 5174 2116 5229 di-

466 5253 646 5308 misit.
665 5256 802 5310 Post
825 5263 1091 5327 peractas
1125 5275 1229 5329 pro
1265 5261 1484 5332 templo
1517 5267 1576 5316 et
1603 5263 1818 5334 papulo
1841 5263 2119 5336 depreca-

467 5340 680 5409 tiones,
699 5343 853 5399 Deus
875 5345 927 5399 ei
945 5347 1239 5417 apparuit,
1255 5349 1456 5420 itaque
1475 5356 1566 5406 est
1586 5351 1741 5407 fatus
1760 5351 1836 5407 si'z
1863 5373 1893 5402 ‹‹
1925 5355 2115 5410 Exau-

463 5428 581 5484 divi
602 5447 805 5488 vocem
829 5439 941 5490 tum
961 5437 1340 5507 precationis,
1369 5439 1976 5514 templumque,quod
2011 5461 2111 5500 ex-

541 5599 588 5635 "
614 5602 665 5657 ΙΙ
693 5603 834 5676 Reg.
865 5621 942 5661 Ix.

2177 3181 2228 3247 C

2262 1881 2466 1943 πάντας
2506 1881 2808 1957 φρονίμους
2861 1879 3162 1957 Αἰγύπτου.
3215 1883 3519 1958 Ἔρχονται
3578 1884 3710 1957 πρὸς
3749 1882 3891 1937 αὐτὸν

2261 1975 2508 2045 γυναῖκες
2539 1966 2636 2025 δύο
2668 1967 3006 2040 δικασθῆναι,
3046 1971 3136 2026 καὶ
3175 1970 3320 2026 εἶπεν
3351 1973 3387 2041 ἡ
3426 1972 3546 2044 μία·
3581 1995 3608 2024 ι(
3634 1969 3771 2049 Ἐγὼ
3808 1970 3886 2027 καὶ

2262 2061 2297 2128 ἡ
2336 2060 2468 2134 γυνή
2519 2057 2653 2130 αὕτη
2717 2058 2974 2134 οἰκοῦμεν
3034 2057 3088 2115 ἒν
3137 2059 3274 2134 ν’ἰκῳ
3330 2060 3433 2115 ἑνί.
3495 2061 3594 2116 Καὶ
3649 2059 3754 2136 ἐγὼ
3808 2061 3889 2134 μὶν

2261 2145 2466 2219 ἔτεκον,
2495 2147 2587 2203 καὶ
2641 2148 2776 2221 μετὰ
2829 2149 3017 2224 τρίτην
3075 2149 3236 2221 αὕτη.
3287 2149 3508 2221 Ταύτης
3559 2149 3623 2206 τὸ
3695 2147 3890 2205 παιδίον

2258 2237 2533 2307 τέθνηκεν,
2593 2236 2709 2292 ἐπεὶ
2787 2237 2891 2306 τήν
2959 2237 3126 2294 νύκτα
3180 2236 3525 2313 ἐπεκοιμῆθη
3588 2238 3749 2312 αὐτῷ.
3803 2239 3894 2296 Καὶ

2271 2323 2390 2382 ἰδοὺ
2420 2326 2692 2383 ἀναστᾶσα
2722 2321 2887 2383 ἔλαϐε
2936 2329 2999 2383 τὸ
3062 2327 3193 2401 ἐμὸν
3225 2327 3446 2384 παιδίον
3481 2329 3543 2384 ἐκ
3593 2336 3692 2400 τῆς
3745 2329 3892 2404 ἀγκά-

2273 2413 2380 2486 λης
2414 2437 2520 2489 μου
2553 2415 2848 2487 ὁπνούσης,
2878 2416 2969 2471 καὶ
3008 2418 3214 2472 τέθεικε
3267 2417 3331 2473 τὸ
3380 2419 3582 2488 ἑαυτῆς
3629 2419 3888 2488 τεθνηκός·

2265 2502 2406 2580 ἐμοῦ
2436 2501 2498 2560 δὶ
2547 2505 2612 2560 τὸ
2657 2516 2804 2582 πρωϊ
2858 2505 3161 2577 ἀναστάσης
3217 2506 3458 2578 θηλάσαι
3509 2509 3660 2580 αὐτὸ,
3717 2506 3884 2583 εὑρέθη

2259 2595 2322 2648 τὸ
2349 2594 2628 2664 τεθνηκός.
2663 2595 2760 2651 Καὶ
2785 2599 3176 2668 καταμαθοῦσα
3236 2593 3379 2652 εἶδον
3421 2597 3504 2660 ὠς
3565 2597 3662 2652 οὐκ
3707 2591 3883 2652 ἔστιτὸ

2258 2677 2476 2738 παιδίον
2509 2703 2634 2755 μου.
2663 2703 2690 2733 »
2711 2682 2807 2738 Καὶ
2833 2685 2980 2739 εἶπεν
3004 2686 3038 2754 ἡ
3065 2685 3236 2757 ἑτέρω
3275 2707 3302 2736 κ
3333 2685 3512 2762 Οὐχὶ,
3531 2684 3674 2742 ἀλλὰ
3694 2686 3776 2741 σόν
3792 2685 3888 2740 ἐστι

2259 2772 2320 2826 τὸ
2349 2771 2630 2842 τεθνηκὸς,
2665 2769 2799 2844 ἐμὸν
2826 2768 2883 2826 δὲ
2903 2772 2968 2828 τὸ
2991 2777 3110 2842 ζῶν.
3132 2796 3160 2826 »
3187 2773 3286 2830 Καὶ
3320 2775 3435 2830 εἶπε
3456 2773 3742 2850 Σολομῶνο
3766 2800 3790 2827 ‹‹
3807 2783 3882 2830 Δις

2257 2862 2609 2936 χοτομήσατε
2633 2859 2914 2938 ἀμφότερα
2952 2863 3018 2917 τά
3051 2863 3248 2941 βρέφη,
3277 2863 3368 2918 καὶ
3401 2861 3530 2920 δότε
3578 2865 3904 2942 ἀμφοτέραις,

2255 2955 2375 3012 ταῖς
2404 2950 2639 3026 γυναιξῖν
2687 2951 2793 3006 ἀπὸ
2851 2954 2962 3007 τῶν
3011 2948 3108 3006 δύο
3160 2949 3420 3010 παιδίων.
3461 2977 3489 3005 ι)
3539 2953 3640 3012 Καὶ
3694 2953 3879 3022 εἶπενή

2257 3040 2394 3116 γυνή
2418 3042 2452 3109 ἡ
2483 3041 2664 3114 μήτηρ
2684 3043 2781 3096 τοῦ
2809 3044 3031 3110 ζῶντος·
3062 3063 3084 3094 ι
3112 3041 3224 3112 Μὴ,
3250 3042 3422 3118 κύριε,
3449 3041 3600 3099 ἀλλὰ
3629 3041 3745 3098 δότε
3761 3042 3879 3114 αὐτῇ

2254 3130 2318 3186 τὸ
2348 3126 2564 3185 παιδίον
2594 3128 2656 3184 τὸ
2689 3133 2814 3198 ζῶν,
2865 3129 2956 3185 καὶ
2991 3131 3067 3204 μὴ
3127 3129 3386 3208 ἀποθάνῃ.
3426 3153 3453 3184 ν
3516 3132 3576 3188 Ἠ
3638 3130 3693 3188 δί
3745 3131 3878 3206 ἐτὲρα

2258 3220 2392 3275 εἷπε·
2428 3244 2455 3272 α
2507 3221 2660 3290 Μήτε
2687 3223 2847 3293 αυτῇ,
2884 3222 3024 3292 μήτε
3054 3219 3178 3294 ἐμοὶ
3210 3215 3368 3277 ἔστω·
3425 3219 3634 3278 διὲλετε
3685 3221 3822 3278 αὐτό.
3849 3243 3874 3273 υ

2257 3309 2360 3367 Καὶ
2390 3309 2654 3385 ἀπεκρίθη
2685 3309 2712 3363 ὁ
2747 3306 3024 3384 βασιλεύς·
3064 3333 3086 3362 ι
3123 3309 3251 3366 Δότε
3265 3311 3328 3366 τὸ
3359 3310 3580 3368 παιδίον
3604 3313 3666 3368 τὸ
3695 3315 3792 3382 ζῶν

2257 3398 2332 3468 μή
2369 3395 2645 3472 θελησάσῃ
2673 3397 2887 3472 γυναικῖ
2921 3398 3202 3452 ἀποθανεῖν
3233 3397 3382 3468 αὐτὸ,
3418 3399 3506 3456 ὅτι
3565 3398 3728 3469 αὐτῆς
3778 3397 3876 3452 ἐστι

2249 3483 2452 3543 τὲκνον.
2473 3508 2500 3536 ›)

2161 3595 2174 3635 :
2209 3577 2364 3632 hanc
2395 3575 2555 3630 enim
2587 3592 2716 3632 esse
2746 3577 2876 3648 ejus
2908 3583 3178 3634 matrem.

2317 3663 2436 3719 ’Ὁτι
2465 3659 2703 3732 ἐλάλησε
2733 3660 3002 3736 Σολομῶν
3046 3665 3168 3740 περὶ
3216 3668 3325 3720 τῶν
3387 3665 3568 3736 ξύλων
3619 3670 3724 3721 τῶν
3777 3663 3871 3719 ἀπὸ

2243 3758 2345 3822 τῆς
2372 3748 2569 3826 κέδρου
2597 3755 2697 3807 τοῦ
2753 3747 2995 3808 Λιϐάνου
3051 3754 3142 3808 καὶ
3199 3752 3307 3816 ἓως
3360 3761 3460 3825 τῆς
3522 3757 3736 3812 ύσωπου
3784 3759 3874 3822 τῆς

2244 3839 2676 3915 ἐκπορευομένης
2703 3837 2792 3896 διὰ
2821 3845 2920 3896 τοῦ
2953 3841 3198 3918 τείχους,
3251 3843 3342 3898 καὶ
3409 3845 3536 3919 περὶ
3595 3849 3698 3900 τῶν
3751 3863 3874 3912 κτη-

2240 3934 2344 3984 νῶν
2403 3929 2496 3984 καὶ
2554 3932 2662 3984 τῶν
2713 3929 2953 4004 ἑρπετῶν
3010 3929 3100 3986 καὶ
3166 3935 3275 3986 τῶν
3329 3937 3593 3989 πετεινῶν
3644 3931 3728 3988 καὶ
3770 3934 3868 3987 τῶν

2239 4017 2440 4092 ίχθύω,
2497 4019 2592 4079 τὰς
2679 4016 2944 4092 δυηάμεις
3027 4019 3116 4074 καὶ
3200 4021 3296 4084 τὰς
3369 4021 3632 4098 ἐνεργείας
3685 4021 3865 4091 αὐτῶν,

2235 4108 2416 4172 καθὼς
2457 4107 2726 4176 Ἰώσηπος
2785 4113 3069 4182 μαρτυρεῖ.
3133 4111 3209 4183 [Ρ.
3243 4110 3336 4186 93]
3394 4109 3579 4168 Ἀλλά
3637 4111 3722 4167 καὶ
3775 4109 3860 4164 ἰπ-

2233 4193 2378 4270 ῳδὰς
2407 4195 2497 4251 καὶ
2531 4195 2889 4272 ἐξορκισμοὺς
2919 4198 3054 4252 κατὰ
3112 4194 3390 4272 δαιμόνων
3448 4199 3757 4276 ἐπενόησεν,
3786 4198 3862 4258 αἶς

2231 4285 2510 4362 χρώμενοί
2541 4305 2682 4348 τινες
2743 4283 2998 4342 Ἰουδαῖοι
3055 4286 3283 4350 τούτους
3340 4288 3660 4361 ἐξήλαυνον*
3694 4287 3866 4345 δακτύ-

2236 4375 2355 4430 λιον
2384 4375 2488 4451 γὰρ
2539 4372 2738 4450 ἔχοντά
2792 4395 2912 4430 τ;να
2971 4373 3244 4454 σφραγῖδα
3281 4379 3373 4433 καὶ
3406 4378 3558 4454 ῥίζαν
3590 4379 3642 4451 ἐξ
3679 4377 3748 4433 ὧν
3778 4378 3868 4432 ὑπ-

2233 4461 2397 4534 έδειξε
2432 4462 2724 4536 Σολομῶν,
2754 4460 2806 4518 ἐν
2867 4461 2976 4538 ῥινῖ
3038 4464 3326 4528 ὑποθέντες
3385 4467 3759 4546 ὀσφραίνεσθαι
3785 4467 3866 4520 τὸν

2233 4552 2512 4628 πάσχοντα
2569 4551 2991 4628 παρεσκεύαζον,
3064 4553 3136 4609 ὧν
3185 4559 3255 4631 τῇ
3330 4552 3558 4630 δυνάμει
3611 4557 3758 4619 εὐθὺς
3806 4551 3862 4608 τό

2235 4637 2489 4713 δαιμὸνον
2521 4638 2851 4711 ἔξέλκεσθαι.
2886 4646 3128 4714 Σημεῖον
3185 4639 3243 4697 δὲ
3293 4643 3490 4700 τούτου
3520 4645 3588 4715 ἦν
3619 4645 3864 4716 ποτήριον

2235 4731 2425 4804 μεστὸν
2459 4727 2651 4793 ὕδατος
2705 4729 2743 4800 ἦ
2800 4729 2985 4807 ’ἔτερόν
3044 4752 3097 4786 τι
3154 4730 3391 4807 ἀγγεῖον,
3431 4735 3460 4789 ’ὀ
3491 4735 3704 4794 πάντως
3749 4750 3862 4786 συν-

2230 4813 2410 4894 ἐτριϐε
2439 4824 2634 4896 φεῦγον
2666 4820 2730 4876 τὸ
2761 4817 3063 4893 δαιμόνιον,

2303 4909 2452 4966 Μετὰ
2477 4913 2608 4986 γοῦν
2635 4909 2696 4964 τὸ
2749 4908 3060 4966 συντελέσαι
3085 4911 3178 4967 τὸν
3237 4914 3385 4968 οἷκον
3449 4913 3645 4990 Κυρίου
3698 4909 3856 4968 Σολο-

2233 5002 2348 5072 μῶν
2381 4997 2698 5082 ἐνεκαίνισεν
2729 4997 2912 5070 αὐτὸν,
2976 4999 3138 5065 θύσας
3203 5001 3450 5082 μόσχους
3485 4999 3735 5079 χιλιάδας
3779 4996 3857 5072 κβ’

2227 5087 2316 5142 καὶ
2372 5081 2622 5161 πρόϐατα
2679 5084 2938 5164 χιλιάδας
3027 5091 3126 5164 ρκ’,
3193 5078 3284 5146 καὶ
3315 5078 3568 5164 -ἷποίησε
3628 5087 3852 5166 μεγάλην

2227 5175 2422 5249 ἱορτήν
2453 5176 2662 5249 ἡμέρας
2693 5175 2848 5234 ἑπτά.
2882 5179 2968 5250 Τῇ
3001 5175 3058 5232 δὲ
3115 5175 3283 5254 ὀγδόῃ
3345 5179 3520 5256 ἡμέρᾳ
3573 5176 3855 5251 εὐλογήσας

2224 5264 2316 5319 τὸν
2378 5263 2509 5319 λαὸν
2571 5261 2890 5335 ἐξαπίστελε
2923 5309 2934 5322 .
2995 5267 3096 5322 Καὶ
3162 5268 3295 5340 μετὰ
3369 5270 3432 5323 τὸ
3487 5264 3854 5344 προσεύξασθαι

2223 5351 2382 5408 αὐτὸν
2418 5351 2551 5426 ὑπὲρ
2583 5357 2680 5408 τοῦ
2739 5346 2882 5408 λαοῧ
2936 5356 3024 5410 καὶ
3084 5359 3181 5410 τοῦ
3243 5360 3375 5411 ναοῦ
3425 5351 3580 5434 ὤφθη
3635 5354 3778 5421 αὐτῷ
3827 5348 3854 5404 ὁ

2225 5442 2428 5518 Κύριος
2461 5440 2666 5520 λέγων’
2710 5468 2738 5496 ‹‹
2770 5445 3017 5502 Ἤκουσα
3052 5453 3152 5517 τῆς
3185 5453 3374 5526 φωνῆς
3401 5451 3506 5515 τῆς
3549 5444 3850 5521 προσευχῆς
