4104 6276
204 339 285 399 191

210 476 441 544 σου,Μῖ
472 482 736 561 ἡγίακα
800 488 912 544 τὸν
975 490 1128 545 οἶνον
1184 491 1376 544 τοῦτον
1436 485 1497 543 6'v
1552 482 1941 560 ᾠκοδόμησας.

212 572 294 624 τοῦ
318 568 533 636 Facem
574 575 655 631 τὸ
723 576 937 652 ὗνομά
998 600 1107 653 μου
1162 578 1271 634 iui
1326 578 1402 640 είς
1459 576 1550 634 τὸν
1607 576 1794 633 αἰῶνα·
1855 573 1945 631 καὶ

218 652 420 717 ’ἔσονται
455 663 517 718 οἱ
553 664 885 742 ὀφθαλμοί
928 690 1040 744 μου
1068 667 1180 724 ἐκεῖ
1234 668 1322 723 καὶ
1370 669 1407 737 ἡ
1451 663 1646 741 καρδία
1692 686 1795 739 μου
1846 664 1946 720 πά-

233 771 319 814 σας
351 752 460 814 τὰς
490 753 767 828 ἠμί-ρας.
806 758 923 815 Καὶ
965 759 1032 813 σὺ
1089 758 1176 813 ὲάν
1229 758 1497 833 πορευθῇς
1560 754 1789 811 ἐνώπιόν
1837 774 1943 829 μου

244 844 416 906 καθὼς
454 842 759 920 ἐπορεύθη
798 842 978 903 Δαϐἱδ
1003 849 1034 903 6
1064 849 1245 922 πατήρ
1303 867 1400 901 σου
1449 845 1503 901 ἐν
1553 845 1798 916 ὁσιότητι
1849 844 1942 899 καὶ

260 933 511 1006 εῦθύτητι
538 932 817 1009 καρδίας,
878 942 982 994 νοῦ
1057 941 1233 993 ποιεῖν
1287 936 1426 992 κατᾶ
1478 935 1650 991 πάντα
1680 933 1713 990 ἃ
1741 932 1941 990 ἐνετει-

269 1026 447 1100 λάμην
478 1025 662 1099 αὐτῷ,
686 1026 791 1082 καὶ
820 1025 891 1082 τά
920 1025 1316 1104 προστάγματά
1349 1046 1454 1099 μου
1500 1024 1593 1079 καὶ
1646 1026 1742 1089 τὰς
1792 1023 1940 1080 ἐντο-

276 1115 373 1181 λάς
417 1137 522 1190 μου
550 1114 1175 1195 φυλάξεις,ἆναστήσω
1223 1115 1315 1170 τὸν
1372 1112 1563 1190 θρόνον
1617 1121 1718 1184 τῆς
1783 1114 1942 1190 βασι-

283 1206 428 1271 λείας
467 1227 563 1261 σου
593 1205 690 1262 ἐπὶ
721 1204 954 1278 Ἰσραὴλ
984 1204 1062 1267 εἰς
1089 1205 1183 1261 τὸν
1222 1204 1413 1273 αἰῶνα,
1463 1203 1642 1267 καθὼς
1692 1199 1940 1274 ἐλάλησα

276 1302 358 1370 τῷ
392 1297 559 1372 πατρί
591 1317 693 1350 σου
726 1293 936 1371 λέγων·
970 1295 1086 1353 Οὐκ
1113 1294 1460 1369 ἑξαρθήσεται
1510 1294 1646 1366 ἀνὴρ
1694 1293 1937 1367 ἡγούμε-

272 1408 360 1449 νος
389 1390 444 1442 ἐν
478 1385 731 1462 Ἰσραὴλ·
799 1406 830 1438 ο
883 1383 1006 1440 Ἐὰν
1068 1381 1126 1438 δὲ
1180 1380 1609 1461 ἀποστραφέντες
1661 1380 1936 1457 ἀποστρά-

268 1484 409 1555 ᾳῆτε
439 1476 604 1549 ὑμεῖς
657 1473 752 1530 καὶ
808 1475 881 1529 τὰ
933 1474 1091 1529 τέκνα
1147 1473 1300 1546 ὑμῶν
1358 1471 1452 1526 ἀπ’
1506 1470 1664 1545 ἐμοῦ,
1724 1472 1813 1527 καὶ
1857 1472 1935 1544 μή

273 1567 558 1643 φυλάξητε
583 1565 685 1626 τὰς
714 1562 941 1626 ἐντολάς
996 1584 1123 1637 μου,
1178 1562 1270 1617 καὶ
1317 1564 1624 1636 πορευθῆτε
1669 1559 1757 1617 καί
1802 1557 1937 1616 δου-

270 1655 511 1726 λεύσητε
597 1655 749 1717 θεοῖς
836 1653 1040 1728 ἑτέροις
1109 1651 1199 1706 καὶ
1254 1651 1670 1726 προσκυνήσητε
1724 1650 1933 1722 αὐτοῖς,

276 1746 454 1822 ἆξαρῶ
505 1747 602 1801 τὸν
662 1745 890 1822 Ἰσραὴλ
947 1744 1056 1799 ἀπὸ
1106 1750 1204 1812 τῆς
1259 1749 1362 1817 γῆς
1414 1741 1482 1811 ἧς
1531 1736 1708 1796 ἔδωκα
1761 1740 1931 1814 αὐτῷ,

279 1837 376 1891 καὶ
421 1837 511 1891 τὸν
562 1835 722 1890 οἶκον
780 1837 972 1890 τοῦτον
1029 1832 1088 1887 ὅν
1144 1831 1341 1906 ἡγίασα
1394 1835 1476 1904 τῷ
1534 1830 1761 1904 ὀνόματί
1829 1851 1935 1904 μου

279 1924 995 1999 ἂπορῥὶψωίκπροσώπου
1041 1939 1164 1995 μου·
1225 1920 1316 1975 καὶ
1373 1915 1523 1975 ἔσται
1576 1916 1801 1995 Ἰσραὴλ
1861 1918 1937 1982 είς

266 2013 575 2092 ἀφανισμὸν
610 2012 709 2067 καὶ
741 2011 821 2075 εὶς
849 2009 1081 2083 λάλημα
1111 2009 1186 2070 εἷς
1244 2008 1312 2064 τὰ
1349 2001 1474 2078 ἔθνη
1526 2007 1718 2065 πάντα.
1776 2009 1872 2063 Καὶ
1907 2007 1937 2061 6

258 2106 425 2164 οἶκος
455 2102 630 2164 οὗτος
661 2104 692 2156 6
724 2098 942 2174 ὑψηλὸς
970 2098 1062 2154 καὶ
1097 2096 1282 2174 μέγας,
1317 2093 1463 2152 ἔσται
1502 2101 1608 2160 πᾶς
1666 2098 1694 2151 6
1743 2094 1938 2153 διαπο-

255 2192 570 2267 ρευόμενος
602 2188 675 2246 δι’
725 2188 895 2246 αὐτοῦ
943 2187 1035 2243 καὶ
1094 2191 1288 2263 συριεῖ.
1346 2186 1448 2241 Καὶ
1505 2185 1737 2261 ἐροῦσιν.
1798 2186 1938 2250 Ἀνθ’

1427 351 1967 416 ΗΙΞΤΟΚΙΛΗΟΜ
2012 352 2429 418 ΟΟΜΡΕΝΒΙ
2439 355 2552 417 UM
2565 401 2578 417 .

3591 338 3708 421 198

1970 490 2030 557 Α
2059 487 2349 557 struxisti,
2382 490 2741 557 consecravi,
2774 496 2841 547 ut
2868 491 2931 547 in
2965 508 3032 548 eo
3062 508 3282 548 nomen
3341 508 3543 550 meum
3592 494 3713 551 col-

2057 575 2248 632 locem
2271 578 2333 633 in
2353 580 2784 652 sempiternum
2808 581 3029 654 ;ibique
3057 590 3340 655 perpetuo
3364 584 3709 640 eruntoculi

2056 666 2175 721 mei
2206 672 2265 723 et
2293 684 2396 724 cor
2424 685 2645 725 meum.
2677 672 2761 725 Tu
2793 688 3049 743 quoque,
3074 673 3121 726 si
3144 672 3218 727 ad
3241 674 3575 746 exemplum
3598 692 3708 747 pa-

2056 756 2162 812 tris
2194 757 2277 812 tui
2308 758 2510 815 Davidi
2544 765 2598 816 te
2625 760 2687 815 in
2720 767 3041 833 conspectu
3072 778 3205 817 meo
3227 778 3396 834 geras
3420 770 3623 819 sancte
3647 769 3708 819 et

2056 845 2286 903 sincero
2320 849 2475 905 164
2506 849 2703 919 corde,
2736 855 2913 923 atque
2956 851 3160 907 omnia
3206 859 3501 924 prmcepta
3530 870 3705 909 man-

2053 933 2192 991 data
2213 941 2271 991 et
2283 938 2454 1009 jussa
2477 954 2608 995 mea
2630 938 2830 1007 obeas,
2869 938 3084 995 solium
3118 940 3281 1013 regni
3316 942 3398 996 tui
3424 941 3485 995 in
3514 943 3708 999 Israe-

2053 1024 2200 1080 licos
2230 1026 2621 1097 conﬁrmado,
2647 1034 2713 1084 ut
2738 1029 2816 1084 sit
2834 1034 3209 1100 perpetuum,
3235 1030 3530 1101 quomodo
3551 1032 3704 1103 patri

2055 1117 2153 1169 tuo
2180 1114 2303 1169 dixi
2334 1132 2641 1188 nunquam
2673 1117 2875 1173 defore
2906 1119 3007 1189 qui
3054 1118 3401 1173 Israelieum
3451 1135 3700 1192 regnum

2051 1212 2238 1281 gerut.
2266 1208 2368 1264 Sin
2391 1215 2588 1265 autem
2615 1227 2714 1266 vos
2738 1216 2797 1266 et
2817 1211 2991 1267 vestri
3013 1212 3232 1284 posteri
3258 1228 3291 1267 a
3315 1229 3407 1267 me
3441 1229 3541 1268 vos
3562 1231 3701 1285 pro-

2051 1297 2214 1353 tinus
2236 1300 2530 1368 avertetis,
2552 1300 2820 1372 meisque
2848 1301 3159 1373 praeceptis
3178 1301 3534 1373 posthabitis
3556 1303 3704 1359 alie-

2052 1403 2162 1442 nos
2183 1387 2325 1443 deos
2347 1389 2681 1458 sequemini
2705 1394 2881 1460 atque
2903 1389 3132 1461 coletis,
3158 1390 3497 1447 exscindam
3522 1393 3703 1448 Israe-

2049 1475 2233 1531 licum
2267 1478 2553 1549 populum
2586 1478 2657 1534 de
2693 1484 2845 1535 terra
2877 1496 3055 1551 quam
3090 1480 3143 1533 ei
3183 1479 3341 1549 dedi,
3393 1480 3700 1553 aedemque

2049 1564 2203 1620 hanc
2233 1582 2412 1637 quam
2442 1568 2671 1622 nomini
2704 1583 2836 1623 meo
2867 1568 3226 1640 consecravi,
3279 1585 3313 1623 a
3367 1569 3517 1626 facie
3566 1587 3702 1626 mea

2047 1655 2380 1726 projiciam.
2405 1658 2598 1727 Atque
2619 1657 2879 1713 Israelus
2910 1658 3151 1729 quidem
3175 1657 3704 1729 peribit,ludibrio-

2047 1758 2160 1814 que
2192 1744 2306 1799 erit
2336 1751 2392 1800 et
2422 1745 2623 1801 fabula
2639 1745 2916 1801 omnibus
2937 1746 3308 1802 nationibus:
3335 1747 3490 1803 aedes
3503 1754 3702 1805 autem

1964 1852 2012 1918 B
2043 1832 2170 1887 haec
2196 1832 2470 1889 sublimis
2492 1840 2551 1890 et
2567 1852 2783 1907 magna
2796 1836 2867 1892 ab
2883 1836 3159 1892 omnibus
3183 1838 3284 1908 qui
3312 1839 3705 1909 praeteribunt

2046 1920 2530 1978 subsannabitur.
2564 1925 2768 1996 Itaque
2820 1924 3020 1981 dicent
3051 1927 3333 1982 mortales
3363 1944 3375 1982 :
3413 1929 3559 1992 Quia
3587 1930 3704 1985 Do-

2046 2011 2278 2067 minum
2310 2013 2495 2068 Deum
2520 2030 2695 2069 suum
2723 2014 3116 2071 deseruerunt
3142 2015 3404 2071 Israelici
3429 2018 3701 2073 etalieno

2048 2098 2189 2155 deos
2219 2101 2554 2157 asciverunt
2583 2103 2716 2172 sibi,
2752 2102 2885 2159 ideo
2918 2103 3202 2159 Dominus
3226 2104 3377 2159 hanc
3400 2105 3700 2162 calamita-

2048 2193 2169 2242 tem
2201 2189 2345 2261 ipsis
2370 2191 2598 2250 intulit.
2640 2217 2659 2241 ι

249 2284 333 2337 ὧν
393 2278 774 2359 ἐγκατέλιπον
829 2278 1031 2353 Κύριον
1094 2277 1185 2332 τὸν
1251 2277 1379 2332 Θεὸν
1447 2273 1622 2331 αὐτῶν
1680 2274 1770 2331 καὶ
1828 2270 2189 2332 ἆντελάϐοντο
2240 2277 2369 2333 Θεὸν
2428 2276 2747 2353 ἀλλότριον,
2809 2276 2898 2334 διὰ
2955 2285 3116 2335 τοῦτο
3183 2280 3425 2358 ἐπήγαγε
3509 2284 3707 2359 Κύριος

248 2373 353 2440 τήν
382 2372 591 2427 κακίαν
619 2369 852 2439 ταύτην.
880 2392 908 2420 »ι

324 2463 440 2530 Τὴν
479 2456 544 2515 δὲ
574 2458 747 2514 πόλιν
786 2456 1049 2532 μεγίστην
1076 2458 1164 2512 καὶ
1220 2452 1530 2529 περίγαλλῆ
1584 2452 1931 2529 καταρτίσας,

254 2550 453 2605 καὶτὸ
506 2549 851 2622 περίμετρον
905 2545 1076 2613 αὐτῆς
1138 2548 1370 2615 ποιήσας
1431 2542 1621 2599 στάδια
1669 2542 1934 2615 τεσσαρά-

258 2660 449 2707 κοντα,
485 2637 767 2712 γινόμενα
799 2634 959 2710 μίλια
1002 2631 1055 2704 ἓξ
1112 2634 1308 2708 ἥμισυ,
1364 2631 1677 2690 δυσάλωτον
1732 2633 1930 2687 πάντο-

263 2743 350 2794 θεν
415 2729 641 2798 ταύτην
726 2727 1107 2785 κατεσκεύασε.
1181 2726 1537 2801 Περικλείσας
1603 2724 1708 2800 γὰρ
1764 2721 1935 2792 αὒτήν

257 2821 403 2894 τρισὶ
466 2819 693 2892 τείχεσι
751 2818 843 2872 καὶ
928 2816 1187 2893 φάραγξιν
1250 2815 1670 2891 ἀπερῤωγυίαις,
1734 2810 1932 2889 κατάρο

260 2910 421 2982 ῥοτον
455 2904 661 2962 ὕδασιν
694 2903 836 2976 ὃλην
866 2904 1140 2975 ἐποίησεν,
1192 2903 1333 2959 ὥστε
1378 2902 1438 2959 ἐκ
1484 2910 1584 2972 τῆς
1633 2900 1933 2978 ἀπορῤοίας

260 3000 391 3061 τοὺς
415 2999 649 3067 κήπους
676 2995 857 3050 αὐτῶν
896 2990 1229 3069 ἀρδεύεσθαι.
1291 2993 1397 3047 Σὺν
1444 2987 1660 3055 τούτοις
1709 2990 1935 3061 ἐποίησε

261 3087 498 3161 θυρεοὺς
527 3089 781 3161 χρυσοῦς
826 3081 1056 3144 ἔλατοὺς
1113 3081 1465 3143 ὀκτακοσίους
1524 3078 1800 3158 μεγάλους
1841 3079 1933 3134 καὶ

269 3177 479 3249 δόρατα
531 3173 827 3249 τριακόσια
881 3173 970 3227 καὶ
1031 3166 1184 3246 ἕτερα
1239 3168 1387 3225 ὅπλα
1437 3173 1618 3245 χρυσᾶ
1679 3167 1931 3224 πλεῖστα.

281 3266 390 3321 Καὶ
449 3265 634 3336 μέντοι
687 3264 782 3318 καὶ
841 3261 909 3317 τᾶ
965 3260 1127 3331 σκεύη
1177 3260 1341 3316 αὐτοῦ
1395 3259 1485 3315 καὶ
1552 3260 1604 3314 οἱ
1663 3258 1930 3332 λουτῆρες

288 3358 475 3431 χρυσί
498 3353 665 3407 πάντα
707 3352 986 3429 ὑπῆρχον,
1019 3349 1109 3403 καὶ
1138 3349 1236 3405 οὐκ
1273 3349 1341 3416 ἦν
1395 3348 1650 3423 ἀργύριον
1703 3346 1930 3422 λογιζό-

288 3462 449 3515 μενον
477 3439 528 3495 ἐν
555 3446 675 3501 ταῖς
717 3441 958 3516 ἡμέραις
1011 3437 1196 3494 αὐτοῦ.
1247 3439 1370 3495 Ὅτι
1410 3441 1537 3499 ναῦς
1590 3436 1756 3493 αὐτοῦ
1799 3436 1932 3492 ἐπο-

275 3531 459 3605 ρεύετο
492 3530 568 3592 είς
619 3535 847 3603 Θαρσεῖς
904 3528 994 3583 καὶ
1055 3525 1144 3583 διὰ
1197 3529 1414 3602 χρόνων
1472 3531 1638 3603 τριῶν
1695 3524 1931 3602 ἤρχετο,

270 3620 509 3698 ρέρουσα
534 3618 771 3698 χρυσίον
802 3615 1065 3672 πολὺκαὶ
1136 3616 1392 3693 ἀργύριον
1444 3616 1534 3671 καὶ
1592 3615 1780 3680 λίθους
1836 3636 1932 3670 το-

262 3711 490 3784 pta-robe;
519 3708 619 3763 καὶ
651 3705 875 3770 ὀδόντας
909 3705 1212 3784 ἐλεφάντων
1242 3706 1333 3761 καὶ
1366 3709 1452 3777 [Ρ.
1502 3709 1595 3780 94]
1637 3708 1929 3776 πιθήκους.

261 3800 362 3857 Καὶ
390 3796 576 3854 ἔδωκε
608 3795 889 3870 Σολομῶν
944 3796 1008 3851 τὸ
1063 3796 1295 3874 χρυσίον
1340 3794 1430 3851 καὶ
1467 3796 1532 3850 τὸ
1574 3793 1836 3870 ἀργύριον
1878 3793 1930 3847 ἐν

261 3889 650 3962 Ἰερουσαλὴμ
678 3886 754 3948 ὡς
799 3883 1017 3954 λίθους,
1069 3884 1161 3940 καὶ
1211 3885 1306 3946 τὰς
1358 3881 1585 3959 κέδρους
1640 3883 1714 3946 ὡς
1771 3903 1932 3939 συκα-

269 3978 470 4051 μίνους
504 3976 586 4038 εἰς
619 3974 856 4044 πλῆθος.
887 3975 966 4032 Τὸ
997 3971 1055 4029 δέ
1110 3994 1173 4051 γε
1219 3972 1432 4049 ἂριστον
1474 3972 1641 4028 αὐτοῦ
1696 3975 1761 4042 ἦν
1817 3973 1936 4037 καθ’

266 4069 487 4141 ἡμέραν
517 4066 683 4139 κόροι
742 4060 1080 4137 σεμιδάλεως
1126 4063 1177 4117 λ’
1206 4064 1259 4137 (ὁ
1291 4059 1349 4117 δὲ
1395 4061 1559 4137 κόρος
1609 4059 1780 4117 ἐποίει
1833 4059 1935 4135 μό.

266 4153 361 4210 δια
384 4155 463 4227 λ’)
493 4155 589 4210 καὶ
618 4153 783 4227 κόροι
811 4150 1054 4227 ἀλούρου
1109 4152 1569 4224 κεκοπανισμὲνου
1614 4150 1675 4221 ξ’,
1731 4149 1935 4229 μόσχοι

262 4242 529 4300 ἐκλεκτοὶ
561 4240 716 4309 δέκα,
750 4242 874 4318 βόες
912 4239 1144 4316 νομάδες
1192 4240 1338 4297 ὀκτὼ
1378 4262 1469 4296 και
1518 4235 1768 4316 πρόϐατα
1815 4240 1937 4296 ἔκαε

261 4335 386 4399 τὸν,
419 4333 586 4394 ἐκτὸς
621 4331 837 4408 ἐΛάφων
880 4331 970 4386 καὶ
1019 4331 1251 4406 ὀρνίθων
1302 4328 1572 4386 ἐκλεκτῶν
1617 4331 1704 4386 καὶ
1757 4350 1936 4384 σιτευο

256 4428 397 4478 τῶν.
438 4424 572 4496 Περὶ
606 4418 669 4475 δέ
694 4440 760 4495 γε
815 4428 916 4489 τῆς
971 4419 1192 4491 πολλῆς
1252 4423 1570 4499 φρονήσεως
1627 4421 1796 4475 αὐτοῦ
1847 4419 1938 4474 καὶ

262 4511 497 4589 σοφίας,
527 4511 599 4580 ἦς
634 4509 832 4589 εἴληφε
858 4509 1005 4586 παρᾶ
1041 4515 1176 4566 Θεοῦ
1205 4516 1304 4566 τοῦ
1331 4511 1591 4589 ὀφθέντος
1642 4507 1790 4581 αύτῷ
1835 4505 1937 4577 δὶς,

2113 2458 2296 2513 Porro
2327 2458 2535 2514 urbem
2555 2459 2835 2515 Solomon
2857 2460 3179 2517 maximam
3199 2461 3670 2533 pulcherrimam

2044 2561 2158 2616 que
2191 2548 2350 2612 fecit,
2387 2550 2466 2604 ita
2489 2554 2555 2604 ut
2584 2550 2841 2605 ambitus
2874 2551 3000 2622 ejus
3032 2556 3188 2606 esset
3236 2551 3568 2607 studiorum
3598 2553 3689 2617 40,

2044 2651 2175 2705 quas
2199 2637 2527 2693 conficiunt
2545 2639 2805 2695 miliaria
2825 2641 2859 2697 6
2879 2657 2950 2710 s.,
2975 2640 3353 2711 reddiditque
3376 2655 3505 2696 eam
3517 2658 3685 2712 pror-

2044 2740 2145 2779 sus
2176 2726 2724 2800 inexpugnabilom.
2759 2730 2902 2784 Nam
2934 2735 2992 2785 et
3010 2729 3198 2785 tribus
3219 2731 3404 2785 muris
3427 2746 3557 2786 eam
3576 2731 3697 2786 cin-

2042 2814 2130 2867 xit
2158 2821 2217 2868 et
2246 2815 2421 2871 fossis
2445 2817 2733 2889 abruptis,
2765 2823 3068 2889 totamque
3094 2819 3265 2889 aquis
3286 2819 3498 2890 perﬂui
3530 2820 3693 2888 fecit,

2043 2919 2295 2973 quarum
2317 2904 2570 2961 decursu
2603 2907 2756 2961 horti
2788 2908 3141 2980 rigarentur.
3172 2908 3252 2963 Ad
3274 2908 3399 2963 hanc
3423 2914 3592 2963 senta
3621 2925 3693 2963 ex

2042 3007 2186 3047 auro
2213 2992 2418 3048 ductili
2450 3012 2664 3068 magna
2694 2997 2798 3051 800
2826 2996 2986 3060 fecit,
3020 2997 3222 3052 hastas
3253 2999 3374 3064 300,
3393 2996 3692 3067 aliamque

2042 3088 2406 3138 armaturam
2432 3101 2672 3140 auream
2705 3086 3025 3157 plurimam
3054 3103 3066 3141 :
3102 3087 3247 3158 quin
3275 3091 3331 3142 et
3348 3103 3485 3142 vasa
3506 3086 3694 3157 ipsius

2044 3175 2103 3225 et
2132 3170 2365 3228 lavacra
2394 3174 2593 3230 omnia
2624 3191 2804 3231 aurea
2830 3182 3018 3244 erant,
3051 3192 3245 3247 neque
3278 3175 3465 3248 ipsius
3521 3180 3694 3232 aetate

1973 3236 2017 3305 (ἶ
2048 3259 2108 3314 in
2138 3262 2327 3332 pretio
2353 3262 2551 3334 aliquo
2583 3269 2892 3335 argentum
2923 3236 3271 3320 habebatur.
3300 3236 3523 3320 i\*avem
3541 3281 3694 3337 quo-

2039 3365 2153 3419 que
2183 3350 2458 3420 habebat,
2484 3369 2616 3423 qum
2649 3355 2854 3409 Tarses
2886 3353 3144 3425 petebat,
3166 3370 3234 3410 ac
3266 3352 3524 3409 triennio
3549 3370 3696 3425 quo-

2039 3455 2153 3509 que
2184 3455 2417 3496 reversa
2448 3442 2595 3499 105
2632 3442 2889 3497 multum
2919 3442 3048 3498 auri
3081 3443 3435 3515 argentique
3484 3459 3695 3515 appor~

2039 3527 2220 3594 tabat,
2252 3535 2309 3584 et
2341 3529 2568 3601 lapides
2601 3537 2885 3599 tornatos,
2916 3532 3063 3587 ebur
3086 3549 3153 3587 ac
3174 3531 3697 3604 simias.Reposuit

2040 3622 2237 3672 autem
2269 3619 2551 3676 Solomon
2573 3622 2952 3677 Jerusalemae
2977 3638 3189 3678 aurum
3218 3628 3276 3676 et
3299 3621 3697 3694 argentumin

2042 3714 2205 3764 tanta
2223 3710 2604 3766 multitudine
2621 3718 2840 3783 quanta
2859 3713 3151 3768 soletesse
3167 3710 3694 3784 lapidum,cedros-

2042 3813 2155 3867 que
2188 3815 2257 3853 ea
2286 3801 2458 3871 copia
2476 3817 2607 3870 qum
2631 3807 2721 3856 est
2744 3807 2831 3856 est
2855 3802 3318 3872 sycaminorum.
3342 3799 3614 3864 Quotidie
3635 3799 3699 3853 in

2042 3887 2357 3956 prandium
2389 3889 2519 3960 ejus
2552 3889 3004 3945 insumebantur
3030 3889 3242 3945 similae
3265 3889 3387 3944 cori
3410 3890 3478 3943 30
3501 3888 3699 3961 (corus

2042 3977 2110 4029 30
2140 3976 2369 4032 modios
2400 3978 2707 4050 continet),
2741 3980 2946 4034 farinae
2973 3979 3245 4035 cribratm
3272 3978 3395 4035 cori
3417 3981 3505 4046 60,
3530 3977 3697 4033 vituli

2044 4064 2216 4120 electi
2248 4068 2333 4134 10,
2365 4066 2543 4122 boves
2574 4068 2675 4137 qui
2702 4068 2763 4122 in
2793 4068 3029 4138 pascuis
3052 4068 3294 4123 aluntur
3322 4072 3375 4135 8,
3410 4083 3548 4123 oves
3572 4067 3694 4134 100,

2044 4158 2261 4225 printer
2290 4170 2491 4209 cervos
2521 4161 2699 4225 atque
2729 4172 2862 4211 aves
2893 4156 3113 4211 electas
3145 4163 3201 4211 et
3233 4156 3450 4211 altiles.
3486 4156 3572 4210 De
3605 4156 3696 4210 in-

2044 4242 2204 4314 genti
2234 4249 2433 4298 autem
2468 4244 2654 4316 ipsius
2685 4247 2996 4317 sapientia,
3029 4262 3207 4317 quam
3249 4262 3283 4301 a
3312 4246 3429 4300 Deo
3457 4243 3550 4299 bis
3580 4245 3695 4316 ipsi

2045 4331 2170 4387 viso
2202 4332 2448 4404 accepit,
2483 4333 2618 4389 audi
2661 4334 2803 4405 quid
2838 4351 3046 4390 rursus
3078 4334 3153 4390 ad
3184 4334 3380 4406 ipsum
3412 4333 3696 4389 Dominus

2046 4413 2202 4477 dical
2231 4439 2244 4476 :
2278 4444 2306 4470 «
2340 4424 2485 4479 Ecce
2517 4422 2651 4479 dedi
2674 4424 2779 4479 tibi
2804 4441 2904 4479 cor
2928 4424 3191 4496 prudens
3216 4441 3283 4480 ac
3309 4424 3581 4496 sapiens:
3611 4422 3693 4478 tui

2048 4512 2260 4567 similis
2292 4529 2485 4586 neque
2517 4520 2653 4570 ante
2687 4522 2741 4570 te
2771 4516 2882 4571 fuit
2911 4533 3104 4587 neque
3137 4516 3249 4571 erit
3278 4521 3415 4587 post
3444 4514 3693 4571 te.Divi-

264 4599 510 4655 animum
542 4600 599 4655 τί
628 4598 797 4654 πάλιν
824 4600 853 4654 6
903 4600 1033 4662 Θεός
1079 4621 1214 4677 φησι
1260 4600 1398 4674 πρὸς
1448 4598 1632 4653 αὐτόν*
1695 4619 1717 4649 ι
1767 4594 1929 4670 Ἰδοὺ,

2046 4600 2151 4656 tias
2183 4617 2438 4673 quoque,
2470 4603 2721 4675 gloriam
2753 4610 2810 4660 et
2840 4622 2981 4677 opes
3016 4604 3125 4660 tibi
3167 4603 3319 4661 dabo
3353 4605 3417 4659 ⁵³.
3457 4626 3476 4653 ι
3513 4603 3697 4674 quue

261 4687 495 4745 δέδωκά
524 4710 617 4743 σοι
642 4685 866 4763 καρδίαν
908 4688 1183 4768 φρονίμην
1223 4688 1315 4743 καὶ
1372 4689 1561 4763 σοφήν·
1603 4687 1678 4750 ὡς
1726 4687 1812 4757 σὺ,
1865 4687 1930 4742 οὐ

259 4779 504 4853 γέγονεν
565 4775 871 4851 ἔμπροσθέν
926 4798 1043 4848 σου,
1099 4777 1190 4832 καὶ
1251 4777 1387 4850 μετᾶ
1442 4777 1500 4831 at
1550 4775 1650 4830 οὐκ
1705 4775 1935 4847 ἀναστή-

267 4888 433 4923 σεται
465 4866 666 4938 ὅμοιός
693 4886 800 4924 σοι.
833 4866 939 4922 Καὶ
987 4867 1228 4922 πλοῦτον
1285 4867 1374 4921 καὶ
1429 4863 1583 4936 δόξαν
1637 4866 1727 4921 καὶ
1787 4865 1932 4941 χρή-

268 4978 429 5030 ματα
494 4953 659 5011 δώσω
718 4976 823 5011 σοι.
881 4979 913 5008 ιι
969 4956 1069 5011 Καὶ
1122 4959 1283 5010 τοῦτο
1355 4952 1601 5026 δηλοῦσα
1657 4957 1693 5023 ἡ
1749 4954 1933 5032 Γραφῆ

266 5043 476 5119 ἐπάγει
503 5042 761 5121 λέγουσα·
797 5069 825 5097 ‹‹
852 5040 1065 5101 Ἔδωκε
1094 5044 1295 5119 Κύριος
1325 5043 1584 5120 φρόνησιν
1614 5047 1692 5115 τῷ
1748 5040 1936 5098 Σολο·

266 5138 480 5206 μῶντῑ,
540 5134 631 5188 καὶ
719 5132 908 5212 σοφίαν
993 5131 1211 5203 πολλὴν
1292 5129 1521 5210 σφόδρα,
1599 5130 1691 5188 καὶ
1776 5130 1933 5210 χύμα

257 5221 503 5297 καρδίας
535 5222 614 5284 ὡς
654 5224 689 5292 ἡ
722 5221 908 5296 ἄμμος
942 5225 977 5293 ἡ
1009 5222 1155 5296 παρὰ
1200 5222 1303 5291 τὴν
1353 5219 1643 5277 θάλασσαν.
1679 5246 1708 5274 ››
1769 5220 1930 5278 Εἰκό-

259 5332 382 5373 τως
414 5310 513 5367 οὖν
541 5314 606 5368 ἒκ
641 5308 1015 5387 παραλλήλου
1037 5312 1128 5366 καὶ
1175 5315 1284 5365 τῶν
1338 5310 1511 5366 πάΑαι
1550 5311 1929 5386 γεγενημένων

260 5400 506 5473 ἀρίστων
537 5404 719 5479 σοφῶν
752 5399 1024 5472 ἐμνήσθη,
1061 5397 1152 5452 καὶ
1203 5397 1333 5459 τοὺς
1369 5396 1701 5475 Αἰγυπτίους
1751 5417 1924 5472 προσ·

253 5488 503 5554 τέθεικεν
531 5489 608 5551 ὡς
637 5488 939 5550 δοκοῦντας
988 5486 1133 5561 παρὰ
1186 5491 1348 5541 πᾶσιν
1409 5487 1545 5540 εἶναι
1602 5484 1801 5562 σοφούς
1866 5506 1925 5542 τε

255 5578 356 5634 καὶ
386 5580 708 5659 φρονίμους.
744 5576 853 5639 Καὶ
883 5576 989 5654 γὰρ
1044 5574 1121 5641 ὡς
1164 5571 1438 5648 ’Έλληνες
1484 5573 1786 5653 ἱστοροῦσι,
1830 5574 1922 5633 καὶ

312 5706 472 5773 »σιω
498 5713 648 5790 Reg,
683 5725 777 5783 nr,
812 5706 909 5766 14.
984 5701 1033 5742 ⁵⁴
1060 5702 1140 5765 ΠΙ
1165 5702 1302 5778 Reg.
1334 5718 1389 5775 ν,
1423 5701 1531 5776 12ς
1562 5717 1638 5775 xv,
1674 5701 1766 5762 32.

2042 4688 2350 4746 declarans
2380 4692 2680 4763 Scriptura
2710 4695 2792 4750 sic
2822 4694 3003 4749 infert
3055 4693 3140 4747 διε
3201 4716 3221 4743 ιι
3281 4692 3453 4748 Dedit
3504 4692 3702 4747 Domi-

2045 4793 2159 4833 nus
2190 4778 2490 4835 Solomoni
2520 4780 2977 4855 intelligentiam
3035 4783 3509 4855 sapientiamque
3540 4798 3700 4837 sum-

2045 4881 2224 4931 mam,
2248 4885 2469 4940 corque
2488 4875 2573 4926 tot
2599 4888 2797 4927 rerum
2818 4872 3033 4944 peritia
3053 4872 3411 4927 instructum
3435 4876 3693 4942 quantus

2046 4961 2136 5012 est
2154 4974 2350 5013 arena;
2374 4960 2434 5013 in
2451 4960 2646 5015 littore
2665 4961 2841 5016 maris
2860 4978 3202 5027 numerus.»
3218 4963 3695 5016 Consentaneum

2045 5046 2251 5117 ituque
2283 5053 2391 5111 est,
2425 5049 2584 5120 quod
2614 5056 2991 5121 comparatur
3011 5056 3186 5121 atque
3212 5051 3523 5122 prmfertur
3546 5054 3603 5103 et
3622 5047 3696 5101 iis

2044 5135 2145 5206 qui
2175 5136 2331 5208 apud
2365 5138 2591 5208 priscos
2621 5138 2856 5194 fuerant
2887 5139 3185 5209 sapientes
3219 5138 3402 5193 habiti
3433 5153 3501 5191 ac
3550 5153 3697 5208 prm-

2044 5224 2417 5291 stantissimi,
2453 5232 2511 5280 et
2550 5226 2696 5297 ipsis
2725 5227 3029 5300 Egyptiis,
3058 5227 3159 5298 qui
3178 5225 3331 5298 apud
3352 5242 3560 5280 omnes
3586 5241 3697 5279 no-

2040 5330 2178 5368 men
2199 5314 2534 5385 sapientum
2555 5314 2793 5371 habent.
2830 5318 2972 5371 Nam
3006 5315 3178 5371 sicuti
3211 5315 3393 5370 Grmci
3428 5320 3694 5370 narrant.

2035 5402 2405 5474 Pherecydes
2424 5403 2649 5475 Syrius,
2673 5405 3033 5477 Pythagoras
3053 5405 3695 5478 Samius,Anaxagoras

2035 5490 2754 5564 Clazomenius,Platoque
2768 5493 3152 5549 Atheniensis
3165 5492 3238 5549 ad
3250 5495 3554 5568 [Egyptios
3566 5510 3671 5567 pro

2029 5580 2168 5639 fecti
2179 5585 2319 5647 sunt
2330 5596 2432 5655 spe
2443 5598 2645 5642 rerum
2656 5582 2982 5643 divinarum
2991 5600 3061 5642 ac
3070 5588 3299 5643 natura;
3310 5584 3703 5659 cognitionem
