4104 6276
445 318 560 395 199

1799 305 2113 367 GEORGII
2157 308 2492 373 GEDltENI

3741 315 3850 378 200

446 471 518 510 ex
549 451 693 525 ipsis
714 445 1142 506 accuratiorem
1169 440 1454 498 discendi.
1484 441 1554 496 Et
1575 439 1816 512 quidem
1838 439 1910 495 de
1943 441 2098 498 Mose

2212 442 2520 518 Φερεκύδης
2554 447 2582 501 ὁ
2616 451 2815 522 Κύριος
2867 451 2980 524 (86)
3037 449 3128 504 καὶ
3189 447 3524 524 Πυθαγόρας
3577 448 3606 502 ὁ
3663 449 3855 520 Σάμιος

449 560 631 600 sacrae
655 541 884 596 Litterm
905 532 1406 600 testantur,fuisse
1431 547 1567 587 eum
1587 530 1923 588 institutum
1953 547 2090 586 om-

445 632 622 688 nibus
649 627 1048 700 A'Zgyptiorum
1083 623 1365 679 scientiis.
1400 622 1619 676 Horum
1650 621 1804 675 166
1823 637 1958 693 ergo
1979 637 2096 676 em-

446 721 636 783 nium,
673 717 870 788 inquit
899 715 1215 786 Scriptura,
1237 709 1564 766 luminibus
1587 708 1786 765 offecit
1814 709 2094 764 Solomon

445 814 647 881 utpote
679 805 963 862 divinitus
982 801 1272 875 sapientia
1293 799 1564 856 donatus.
1587 800 1790 870 Itaque
1821 799 2093 856 additur:

448 923 476 950 ‹‹
509 901 578 953 Et
611 895 900 968 sapientia
929 890 1327 950 antecellebat
1355 907 1561 945 omnes
1591 889 1863 944 homines
1891 905 1903 943 :
1939 889 2098 944 Dixit

444 989 561 1044 tria
591 986 781 1042 millia
809 980 1249 1055 parabolarum,
1296 978 1562 1034 carmina
1603 977 1940 1050 composuit
1970 980 2094 1036 600.

445 1076 736 1135 Disseruit
765 1075 837 1130 de
865 1070 1175 1129 arboribus
1206 1087 1240 1125 ο.
1284 1067 1460 1124 cedro
1507 1067 1733 1137 Libani,
1783 1085 1972 1140 usque
2020 1065 2096 1124 ad

446 1167 771 1238 hyssopum
801 1161 904 1234 qui
928 1161 1000 1216 de
1021 1159 1246 1232 pariete
1274 1157 1592 1214 enascitur.
1620 1157 1873 1212 Locutus
1903 1161 1994 1212 est
2023 1155 2094 1211 de

449 1253 796 1328 pecudibus,
831 1251 902 1306 de
935 1249 1304 1322 repentibus,
1332 1247 1405 1301 de
1435 1245 1794 1313 volucribus,
1818 1245 1890 1302 de
1915 1245 2094 1317 pisci-

447 1344 560 1400 bus
578 1341 644 1398 ⁵⁸.
671 1363 700 1392 ››
721 1343 800 1397 Ex
822 1339 1056 1411 scriptis
1073 1338 1202 1411 ejus
1222 1337 1404 1392 δι’ωοί
1429 1335 1531 1408 qui
1553 1334 1986 1406 iatrosophistaa
2003 1351 2097 1390 vo-

452 1439 684 1497 cantur,
713 1430 800 1493 rei
833 1428 1072 1485 medicte
1104 1427 1443 1499 scriptores,
1475 1424 1788 1480 materiam
1819 1429 1878 1485 et
1923 1439 2098 1497 argu-

448 1527 652 1579 menta
682 1519 953 1577 sulfurati
980 1521 1137 1573 artes
1167 1533 1304 1572 suas
1335 1514 1842 1586 conscripserunt.
1895 1512 2096 1569 Libros

447 1610 782 1668 Solomonis
795 1625 898 1666 rex
919 1607 1194 1663 Ezechias
1207 1605 1280 1661 de
1301 1604 1498 1660 medio
1522 1603 1922 1672 sustulit,cum
1940 1619 2098 1658 mor-

447 1700 660 1756 borum
691 1697 958 1754 remedia
987 1713 1057 1752 ex
1088 1696 1181 1751 his
1210 1695 1466 1766 populus
1491 1699 1702 1766 petens
1731 1709 1766 1748 a
1787 1693 1905 1749 Deo
1927 1709 2098 1750 sana-

2201 531 2292 586 καί
2322 532 2684 610 ’Δναξαγόρας
2715 537 2744 591 ὃ
2785 533 3159 610 Κλαζομένιος
3232 535 3330 592 καὶ
3383 534 3618 590 Πλάτων
3647 535 3674 590 ὁ
3701 535 3854 607 Ἀθη-

2200 625 2351 683 ναῖος
2391 622 2526 696 πρὸς
2583 623 2812 688 τούτους
2869 623 3234 699 ἑξεὸήμησαν,
3297 622 3590 700 θεολογίαν
3628 625 3715 679 καὶ
3768 647 3860 699 φυ-

2203 707 2484 785 σιολογίαν
2515 709 2902 790 ἀκριϐεστέραν
2959 717 3303 788 μαθήσεσθαι
3364 713 3496 786 παρ’
3553 713 3730 768 αύοῶν
3776 712 3861 770 ἐλ-

2203 800 2469 865 πίσαντες.
2503 801 2707 874 Καὶδὴ
2770 807 2862 862 καὶ
2919 807 3044 880 περὶ
3099 810 3202 862 τοῦ
3259 805 3549 864 Μωυσέως
3607 799 3859 874 διεξιὼνὸ

2205 895 2348 954 θεῖος
2377 890 2544 968 λόγος
2601 891 2702 972 ἔφη
2773 895 2859 951 ὅτι
2917 893 3207 967 ἐπαιδεύθη
3241 893 3297 950 ἐν
3342 895 3497 968 πάσῃ
3554 893 3712 971 σοφίᾳ
3764 891 3858 952 Αἷ-

2201 981 2464 1058 γυπτίων.
2523 984 2797 1054 Τούτους,
2857 987 3044 1063 φησὶν,
3099 983 3342 1048 ἅπαντας
3375 985 3406 1040 ὁ
3457 982 3728 1057 Σολομῶν
3769 985 3859 1040 ἀπ-

2205 1071 2428 1146 έκρυψεν
2463 1071 2552 1128 ὅτε
2577 1075 2760 1139 θεόθεν
2805 1081 2908 1144 τῆς
2966 1075 3159 1154 σοφίας
3205 1077 3276 1130 τὸ
3331 1071 3517 1148 δῶρον
3563 1070 3854 1148 δεξάμενος.

2203 1161 2363 1218 ’Ὀθεν
2421 1159 2686 1238 ἐπήγαγε·
2751 1188 2780 1217 ‹‹
2812 1165 2915 1222 Καὶ
2972 1162 3264 1242 ἐσοφίσατο
3332 1164 3472 1239 ὑπὲρ
3529 1161 3726 1225 πάντας
3779 1165 3856 1218 ἆνο

2205 1249 2480 1321 θρώπους,
2539 1251 2630 1306 καὶ
2699 1251 2939 1323 ἐλάλησε
2994 1253 3316 1330 τρισχιλίας
3377 1246 3726 1329 παραϐολὰς,
3776 1251 3858 1308 καὶ

2203 1338 2338 1406 ἦσαν
2370 1339 2426 1394 αἱ
2457 1337 2594 1412 ᾠδαὶ
2627 1340 2794 1398 αὐτοῦ
2825 1343 3300 1422 πεντακισχίλιαι,
3327 1343 3422 1399 καὶ
3481 1339 3721 1412 ἐλάλησε
3747 1341 3860 1416 περὶ

2203 1431 2313 1482 τῶν
2338 1424 2516 1496 ξύλων
2544 1433 2654 1484 τῶν
2701 1429 2809 1488 ἀπὸ
2864 1438 2964 1502 τῆς
3022 1429 3216 1508 κὲδρου
3265 1439 3372 1502 τῆς
3419 1429 3476 1486 ἐν
3521 1434 3604 1503 τῷ
3659 1425 3860 1503 Λιϐάνῳ

2205 1515 2292 1570 καὶ
2353 1515 2458 1580 ἓως
2517 1523 2617 1587 τῆς
2687 1519 2908 1575 ὑσώπου
2964 1527 3068 1590 τῆς
3124 1519 3578 1597 ἐκπορευομένης
3647 1515 3732 1574 διὰ
3777 1522 3860 1574 τοῦ

2205 1603 2424 1680 τοίχου,
2455 1605 2546 1660 καὶ
2577 1605 2818 1680 ἐλάλησε
2845 1609 2968 1685 περῖ
2995 1615 3105 1667 τῶν
3135 1615 3353 1682 κτηνῶν
3409 1609 3506 1666 καὶ
3554 1612 3662 1664 τῶν
3717 1609 3863 1683 ἕρπε·

2205 1698 2314 1750 τῶν
2343 1695 2436 1751 καί
2463 1699 2572 1752 τῶν
2602 1704 2860 1756 πετεινῶν
2890 1699 2980 1756 καὶ
3037 1701 3161 1776 περῖ
3221 1704 3336 1756 τῶν
3399 1698 3640 1778 ἰχθύων.
3679 1721 3705 1750 n
3752 1688 3862 1772 Ἀφ’

451 1793 675 1847 tionem
708 1789 972 1862 ﬂagitare
1005 1786 1347 1859 negligeret.
1382 1783 1662 1840 Solomon
1693 1783 2098 1856 magnitudine

2213 1785 2383 1872 civici
2429 1791 2538 1872 τῶν
2615 1788 2904 1861 Ἐλλήνων
2955 1789 3370 1870 ίατροσοφισταὶ
3432 1787 3862 1868 σφετερισάμενοι

451 1881 791 1937 divitiarum
823 1895 891 1935 ac
931 1877 1237 1950 sapientiae
1269 1891 1450 1948 supra
1478 1891 1685 1930 omnes
1715 1889 1884 1946 reges
1927 1879 2100 1930 terrm

453 1970 640 2025 elatus
671 1969 780 2024 fuit
805 1985 818 2036 ;
855 1983 1180 2036 omnesque
1203 1981 1373 2038 reges
1402 1964 1615 2020 faciem
1647 1964 1774 2037 ejus
1805 1963 2000 2020 videre
2034 1979 2102 2019 ac

447 2076 653 2115 vocem
685 2058 891 2114 audire
954 2055 1310 2127 cupiebant;
1366 2053 1800 2124 veniebantque
1845 2052 2104 2108 ferentes

455 2149 672 2222 singuli
704 2147 1025 2219 quotannis
1056 2161 1308 2200 munera
1339 2160 1464 2210 sua,
1495 2159 1632 2199 vasa
1653 2148 2100 2212 aurea,vestem,

449 2245 737 2304 aromata,
767 2253 972 2307 equos,
995 2234 1211 2290 mulas.
1234 2233 1499 2288 Habebat
1527 2249 1735 2287 currus
1758 2235 2105 2302 1400,equas

451 2325 737 2382 fecundas
769 2325 966 2391 40000,
999 2339 1290 2394 equorum
1322 2321 1396 2376 ad
1441 2337 1650 2376 currus
1700 2323 1892 2374 12000.
1943 2321 2103 2374 Prm-

449 2421 575 2470 erat
595 2420 795 2470 autem
819 2412 1099 2470 omnibus
1113 2411 1351 2484 regibus
1365 2427 1399 2466 a
1413 2409 1591 2465 ﬂuvio
1607 2407 1904 2480 Euphrate
1918 2425 2104 2479 usque

450 2503 526 2560 ad
555 2509 776 2559 terram
807 2501 1202 2558 Barbarorum
1237 2505 1296 2556 et
1325 2501 1476 2556 ﬁnes
1507 2498 1758 2572 Egypti.

2211 1869 2302 1925 καὶ
2331 1870 2429 1932 τὰς
2459 1871 2712 1952 ἀφορμὰς
2741 1873 3029 1953 εἰληφότες
3059 1877 3154 1938 τὰς
3194 1869 3427 1941 οἰκείας
3479 1875 3861 1944 συνεστήσαντο

2209 1959 2424 2036 τέχνας.
2480 1963 2692 2028 Ταύτας
2747 1963 2962 2044 ἀφανεῖς
3013 1965 3268 2038 ἐποίησεν
3328 1964 3586 2037 Ἐζεκίας
3644 1965 3672 2018 ὁ
3712 1965 3860 2035 βασι-

2211 2049 2338 2115 λεὺς
2397 2051 2585 2124 ἐπειδὴ
2645 2055 2744 2117 τὰς
2803 2056 3086 2130 θεραπείας
3141 2061 3253 2114 τῶν
3337 2055 3672 2129 νοσημάτων
3733 2051 3862 2108 ἔνθεν

2211 2140 2582 2214 κομιζόμενος
2613 2143 2642 2197 ὁ
2674 2141 2808 2207 λαὸς
2865 2145 3110 2222 περιώρα
3147 2146 3245 2208 τὰς
3283 2146 3464 2207 licet:
3512 2143 3681 2199 αἷτεῖν
3728 2142 3862 2218 παρᾶ

2213 2233 2366 2287 Θεοῦ.
2401 2231 2503 2288 Καὶ
2561 2230 2902 2310 ἐμεγαλύνθη
2958 2234 3231 2310 Σολομῶν
3297 2237 3439 2312 ὑπὲρ
3489 2235 3693 2295 πάντας
3745 2230 3860 2292 τοὺς

2215 2317 2460 2395 βασιλεῖς
2491 2326 2593 2390 τῆς
2623 2328 2724 2398 γῆς
2769 2321 2998 2398 πλούτῳ
3046 2325 3134 2382 καὶ
3194 2327 3486 2404 φρονήσει·
3547 2323 3639 2380 καὶ
3685 2322 3860 2384 πάντες

2214 2408 2265 2462 οἱ
2311 2407 2555 2484 βασιλεῖς
2605 2408 2834 2482 ἐζήτουν
2905 2411 3038 2470 ίδεῖν
3075 2416 3138 2470 τὸ
3202 2411 3512 2490 πρόσωπον
3576 2411 3736 2468 αὐτοῦ
3775 2409 3854 2464 καὶ

2212 2497 2446 2554 ἀει-οὖσαι
2475 2507 2576 2570 τῆς
2604 2509 2792 2580 φωνῆς
2822 2501 3010 2574 αὐτοῦ,
3066 2505 3158 2560 καὶ
3207 2505 3577 2580 παρεγίνοντο
3626 2503 3854 2581 φέροντες

448 2589 676 2652 ἕκαστος
717 2593 835 2646 κατ’
892 2589 1134 2646 ἐνιαυτὸν
1185 2587 1254 2643 τὰ
1297 2585 1449 2663 δῶρα
1503 2586 1700 2655 αύνῶν,
1758 2585 2105 2661 σκεύηχρυσᾶ
2158 2587 2252 2642 καὶ
2307 2588 2608 2662 ἱματισμὸν
2675 2591 2765 2648 καὶ
2821 2589 3113 2666 ἡδύσματα
3167 2593 3260 2650 καὶ
3313 2595 3532 2657 ἳππους
3595 2591 3683 2646 καὶ
3733 2591 3853 2663 ἡμι-

449 2680 628 2742 όνους.
691 2677 786 2736 Καὶ
843 2678 978 2748 ἦσαν
1039 2677 1208 2732 αὐτοῦ
1267 2674 1428 2752 χίλια
1480 2673 1801 2749 τετρακόσια
1849 2675 2085 2748 ἅρματα,
2144 2674 2234 2730 καὶ
2293 2675 2454 2733 ἵπποι
2513 2678 2732 2750 θήλειαι
2791 2678 3016 2745 τοκάδες
3099 2679 3357 2763 χιλιάδες
3446 2679 3850 2758 τεσσαράκοντα,

445 2771 538 2824 καὶ
593 2769 760 2825 ἳπποι
819 2768 894 2831 εἰς
954 2769 1172 2843 ἅρματα
1233 2761 1483 2842 χιλιάδες
1541 2761 1771 2824 δώδεκα.
1825 2762 1922 2820 Καὶ
1979 2765 2046 2833 ἦν
2123 2763 2429 2840 ἡγούμενος
2505 2773 2614 2825 τῶν
2685 2769 2958 2846 βασιλέων
3011 2761 3229 2830 ιιι-ἀθέων
3290 2771 3402 2829 ἀπὸ
3462 2775 3564 2828 τοῦ
3616 2763 3850 2841 ποταμοῦ

447 2861 530 2932 [Ρ.
564 2860 654 2932 95]
691 2857 977 2937 Εὐφράτου
1013 2854 1118 2920 ἓως
1146 2861 1252 2934 γῆς
1281 2853 1617 2932 ἀλλοφύλων
1648 2853 1737 2908 καὶ
1765 2848 1868 2915 ἕως
1905 2857 2013 2908 τῶν
2047 2849 2216 2926 ὁρίων
2249 2853 2542 2928 Αἰγύπτου.

518 2952 600 3004 Ac
628 2950 834 3023 regina
867 2948 1055 3018 Sabae,
1088 2965 1220 3020 qum
1242 2964 1278 3003 a
1299 2945 1514 3002 Grmcis
1543 2943 1768 3017 Sibylla
1787 2943 1946 3000 dicta
1965 2943 2096 3010 fuit,

2282 2943 2386 3030 Καὶ
2420 2944 2710 3021 βασίλισσα
2745 2944 2918 3019 Σαϐἇ,
2975 2949 3100 3020 ⁸ἣτις
3157 2948 3380 3030 ἐλέγετο
3439 2945 3694 3007 Σίϐυλλα
3731 2963 3848 3020 παρ’

453 3038 658 3094 audita
688 3039 818 3111 ejus
849 3038 1008 3097 fama
1039 3037 1446 3108 Hierosolyma
1475 3034 1732 3102 advenit,
1773 3039 1840 3090 ut
1885 3049 2106 3106 propo-

452 3128 568 3184 sita
591 3128 920 3200 quaestione
950 3127 1024 3181 de
1045 3125 1340 3198 sapientia
1361 3125 1410 3197 ej
1423 3141 1490 3180 us
1504 3122 1834 3196 periculum
1860 3123 2104 3178 faceret.

451 3217 630 3273 Multa
651 3217 862 3272 cameli
888 3220 1153 3271 aromata
1171 3214 1485 3287 portabant
1505 3231 1574 3270 ac
1591 3213 1806 3269 eximia
1820 3213 2108 3269 multum—

453 3323 568 3378 que
601 3307 748 3360 167
788 3306 915 3362 auri
941 3311 1000 3360 et
1029 3321 1420 3378 gemmarum,
1448 3321 1517 3360 ac
1551 3320 1760 3376 magno
1783 3303 2105 3358 admodum

455 3412 591 3452 cum
623 3403 909 3467 apparatu
959 3394 1297 3450 accedebat.
1348 3395 1668 3465 Postquam
1717 3410 1916 3450 coram
1969 3409 2103 3448 cum

451 3485 766 3540 Solomone
785 3491 876 3540 est
900 3500 1030 3554 qua:
1054 3483 1466 3552 voluitlocuta,
1496 3483 1666 3554 isque
1690 3483 1741 3536 ei
1770 3481 1972 3537 omnia
1987 3497 2106 3536 ser-

447 3590 625 3630 monc
658 3573 986 3645 composito
1020 3578 1078 3627 et
1123 3570 1566 3644 elegantissima
1612 3569 2104 3642 interpretatione

453 3661 746 3731 dissolvit,
779 3661 976 3716 denuo
1007 3677 1145 3716 eum
1175 3659 1259 3716 sic
1291 3658 1552 3715 tentavit.
1585 3659 1898 3714 Formosos
1955 3673 2102 3728 pue-

451 3771 553 3812 ros
586 3760 643 3809 et
669 3754 960 3810 formosas
990 3752 1221 3824 puellas
1251 3751 1459 3806 eodem
1517 3749 1734 3805 vestitu
1784 3755 1842 3804 et
1890 3753 2104 3804 ornatu

453 3846 778 3901 instructos
808 3858 1008 3898 coram
1040 3858 1109 3897 eo
1141 3839 1469 3906 constituit,
1523 3839 1811 3912 petiitque
1841 3845 1906 3896 ut
1946 3838 2104 3894 inter

450 3949 661 3990 sexum
687 3933 1119 3987 internoscerct
1139 3947 1306 3986 :nam
1329 3935 1389 3985 et
1407 3929 1538 4002 ipsa
1556 3928 1776 4000 Sibylla
1787 3927 1862 3983 ob
1877 3928 2098 4001 ingenii

449 4021 984 4096 promptitudinem
999 4019 1472 4092 sapientiamque
1495 4023 1551 4074 et
1567 4034 1762 4074 rerum
1779 4017 2102 4073 multarum

449 4113 727 4186 peritiam
759 4111 957 4185 magni
989 4117 1118 4168 erat
1145 4111 1428 4166 nominis.
1479 4111 1602 4166 Rex
1651 4125 1860 4165 omnes
1907 4108 2102 4164 lavare

445 4203 659 4260 faciem
684 4201 887 4274 jussit,
919 4202 1118 4274 itaque
1135 4199 1459 4256 discrimen
1483 4214 1656 4254 sexus
1688 4197 2098 4270 deprehendit,

2214 3029 2504 3106 ἸΕλλησιν,
2569 3035 2846 3094 ἀκούσασα
2908 3039 2973 3095 τὸ
3027 3039 3200 3116 ὄνομα
3268 3029 3476 3111 αὐτοῦ,
3569 3038 3734 3109 ἦλθεν
3785 3034 3852 3094 εἷς

2213 3120 2582 3198 Ἰερουσαλὴμ
2627 3124 2880 3201 πειράσαι
2935 3126 3099 3184 αὐτὸν
3160 3128 3212 3184 ἐν
3267 3127 3586 3206 αῗνίγματι,
3641 3126 3731 3182 καὶ
3766 3122 3854 3178 κά·-

2218 3209 2672 3287 μηλοιαῖρουσαι
2730 3210 3020 3289 ἡδύσματα
3071 3216 3260 3274 πολλὰ
3313 3219 3409 3274 καὶ
3473 3215 3717 3292 ἐξαίρετα
3776 3211 3856 3268 καὶ

2215 3303 2418 3375 χρυσὸν
2458 3300 2634 3359 πολὺν
2690 3302 2780 3358 καὶ
2841 3303 3031 3368 λίθους
3087 3306 3329 3380 τιμίους,
3379 3306 3486 3364 καὶ
3539 3305 3592 3362 ἐν
3651 3301 3853 3376 δυνάμει

2215 3388 2408 3464 βαρείᾳ
2473 3389 2697 3470 σφόδρα.
2759 3393 2862 3450 Καὶ
2923 3391 3244 3452 εἶσελθοῦσα
3335 3397 3484 3470 πρὸς
3541 3393 3718 3460 αὐτὸν,
3773 3389 3852 3445 καὶ

2215 3476 2501 3549 λαλήσασα
2532 3479 2678 3553 αύτῷ
2718 3481 2893 3538 πάντα
2933 3481 3030 3538 ὅσα
3066 3486 3132 3553 ἦν
3190 3482 3242 3540 ἓν
3297 3489 3366 3560 τῇ
3431 3483 3629 3561 καρδίᾳ
3676 3481 3850 3549 αὐτῆς.

2209 3565 2302 3620 καὶ
2356 3569 2530 3622 πάντα
2587 3564 2828 3625 διέλυσεν
2888 3569 3024 3644 αὐτῇ
3083 3569 3136 3627 ἐν
3221 3572 3468 3644 συντάξει
3523 3571 3705 3649 λόγων
3769 3563 3851 3622 καὶ

2212 3654 2474 3728 ἑρμηνείᾳ
2523 3655 2828 3733 λεπτοτάτῃ
2891 3659 2958 3715 ²⁵.
3007 3660 3070 3717 Ἣ
3131 3657 3188 3717 δὲ
3243 3660 3546 3734 προσέθετο
3599 3663 3695 3716 τοῦ
3745 3675 3854 3710 πει·

2213 3745 2369 3820 ράσαι
2428 3744 2587 3800 αὐτὸν
2641 3746 2731 3802 καὶ
2787 3744 2842 3802 ἐν
2895 3747 3096 3822 τούτῳ.
3156 3748 3446 3813 Εύόπτους
3514 3750 3614 3828 γὰρ
3669 3743 3854 3804 παῖδας

2211 3832 2432 3910 ἅῤῥενάς
2463 3855 2522 3890 τε
2551 3833 2640 3890 καὶ
2681 3833 2904 3905 θηλείας
2941 3837 3292 3913 ὁμοιοτρόπῳ
3323 3839 3501 3916 στολῇ
3557 3838 3647 3894 καὶ
3691 3837 3848 3909 κουρᾷ

2208 3927 2277 3998 τῇ
2337 3922 2472 3998 αὐτῇ
2531 3923 3058 4000 περικαλλωπίσατα
3113 3929 3449 4001 παρέστησεν
3535 3927 3695 4000 αὐτῷ,
3757 3929 3844 3993 ζη·

2207 4017 2374 4069 τοῦσα
2431 4011 2684 4087 ἐκατέρου
2740 4013 2930 4092 γένους
3014 4013 3280 4091 διάκρισιν
3359 4021 3713 4092 ποιήσασθαι·
3783 4012 3842 4080 ἦν

2207 4103 2308 4178 γὰρ
2339 4103 2431 4156 καὶ
2460 4101 2598 4170 αὐτὴ
2643 4104 2680 4172 ἡ
2714 4097 2964 4160 Σίϐυλλα
3017 4105 3154 4162 πάνυ
3207 4106 3292 4162 ἐπ’
3347 4106 3610 4184 ἀγχινοίᾳ
3662 4123 3717 4158 τε
3761 4095 3842 4154 καὶ

2211 4190 2373 4268 σοφίᾳ
2401 4191 2492 4246 καὶ
2547 4189 2881 4268 πολυπειρία
2937 4188 3251 4265 διαϐόητος.
3310 4195 3400 4259 Ὠς
3456 4193 3574 4252 δὲὸ
3608 4187 3842 4269 βασιλεὺς

447 4309 584 4349 cum
618 4309 810 4348 mares
839 4291 1074 4347 fortiter
1101 4295 1279 4361 atque
1313 4287 1502 4344 valide
1543 4287 1725 4342 facies
1778 4291 2098 4360 tergerent,

2212 4279 2466 4355 νίψασθαι
2493 4281 2710 4344 τούτοις
2740 4281 3032 4357 προσέταξε
3077 4283 3140 4338 τὸ
3192 4285 3510 4360 πρόσωπον,
3557 4284 3653 4354 τήν
3705 4276 3842 4358 φύσιν

450 4381 706 4437 femellas
742 4381 1028 4436 teneriter
1055 4385 1112 4435 et
1142 4377 1370 4434 timide.
1404 4378 1607 4448 Itaque
1639 4375 1842 4448 regina
1863 4377 2108 4432 omnino

454 4469 783 4542 stupefacta
804 4475 1046 4541 propter
1074 4485 1145 4525 ea
1171 4485 1302 4539 quae
1333 4467 1406 4522 ab
1447 4467 1574 4538 ipso
1601 4471 1662 4521 et
1713 4467 1840 4538 ejus
1883 4465 2110 4522 familia

455 4564 558 4617 eta
579 4559 774 4631 seipsa
795 4557 1336 4626 erantfacta,dixit:
1361 4580 1380 4604 ιι
1409 4557 1592 4610 Verus
1613 4558 1703 4610 est
1720 4570 1914 4610 sermo
1930 4571 2106 4626 quem

453 4649 518 4703 in
547 4652 707 4703 terra
735 4663 870 4702 mea
898 4645 1118 4712 audivi,
1155 4645 1388 4701 tametsi
1422 4643 1571 4700 mihi
1602 4659 1676 4698 ne
1708 4643 1954 4700 dimidia
1985 4644 2110 4715 qui-

453 4737 588 4793 dem
619 4754 756 4809 pars
787 4737 1130 4794 renuntiata
1159 4735 1308 4790 fuit:
1351 4734 1540 4790 multo
1573 4732 1736 4788 enim
1785 4733 1959 4806 plura
1987 4733 2106 4789 vidi

523 4835 570 4870 ιδ
599 4837 674 4890 111
703 4837 842 4906 Reg.
875 4853 946 4904 ιν,
976 4837 1066 4906 30,
1097 4837 1184 4902 32,
1219 4835 1308 4890 33.

2218 4371 2485 4447 ἑκατέρων
2545 4367 2826 4446 διέγνωκε,
2864 4376 2975 4428 τῶν
3036 4373 3132 4446 μὶν
3191 4374 3424 4452 ἇῤῥένων
3485 4375 3714 4434 εύτόνως
3765 4363 3844 4422 καὶ

2217 4456 2484 4536 ἀνδρικῶς
2523 4461 2617 4523 τὰς
2675 4459 2827 4535 ὄψεις
2871 4464 3324 4540 καταψυχόντων,
3373 4470 3484 4522 τῶν
3525 4464 3580 4522 δὲ
3627 4458 3846 4533 θηλειῶν

2217 4546 2441 4610 ἁπαλῶς
2479 4549 2571 4603 καὶ
2602 4547 3006 4624 ἀπειρημένιυς.
3033 4551 3122 4606 Ὡς
3177 4553 3279 4623 τήν
3331 4553 3652 4631 βασίλισσαν
3697 4563 3846 4604 κατα·

2215 4637 2518 4715 πλαγεῖσαν
2549 4637 2690 4692 πάνυ
2719 4631 2780 4694 ἔκ
2809 4658 2867 4694 τε
2895 4643 3005 4694 τῶν
3037 4639 3203 4696 αὐτοῦ
3231 4642 3322 4698 καὶ
3369 4647 3480 4698 τῶν
3527 4641 3647 4714 περὶ
3697 4633 3844 4692 αὐτὸν

2215 4727 2306 4784 καὶ
2339 4727 2390 4797 ἐξ
2421 4728 2616 4797 εαυτῆς
2683 4726 2992 4803 γενομένων
3052 4729 3243 4786 εἰπεῖν·
3290 4757 3318 4784 (ι
3353 4730 3598 4804 Ἀληϐὴς
3629 4731 3655 4784 ὀ
3687 4726 3844 4802 Λόγος

1655 4903 2018 4959 XYLANDRI
2057 4903 2144 4957 ET
2183 4899 2402 4958 GOARI
2441 4899 2665 4955 NOT/E.

530 4997 640 5070 (80)
673 4997 735 5054 Ὁ
767 4993 968 5070 Τύριος
997 4994 1418 5070 mendose_pr_o
1452 4991 1480 5045 ὁ
1514 4989 1760 5070 Κύριοςέ
1784 5007 1926 5070 nam
1971 4991 2106 5070 Stef

459 5062 692 5140 ph'an'us
724 5062 974 5125 testatur
1002 5067 1231 5140 gentile
1252 5062 1333 5120 ab
1367 5065 1510 5136 Syro
1544 5062 1673 5118 ﬁeri
1723 5062 1940 5140 Σύριος,
1991 5063 2108 5140 nisi

457 5134 641 5195 codex
675 5142 864 5207 fallit;
899 5134 1056 5210 quod
1089 5137 1336 5192 minime
1366 5134 1530 5210 puto,
1565 5152 1700 5210 cum
1732 5135 1816 5210 sic
1845 5141 1903 5189 et
1952 5134 2112 5210 apud

457 5205 1101 5282 Diogenem.Laertium
1133 5205 1385 5282 legatur:
1409 5214 1468 5282 et
1497 5206 1752 5263 insulam
1777 5205 2110 5282 _S_yron"Ho-

457 5278 658 5354 merus
686 5283 728 5340 Ο
759 5285 944 5354 Odyss.
978 5298 1155 5354 versu
1193 5278 1290 5354 3:01
1345 5279 1572 5354 Syriam
1621 5278 1901 5354 appellet,
1948 5279 2110 5354 Stra-

457 5353 661 5426 bonis,
687 5349 1029 5426 opinionem
1057 5352 1160 5426 ibi
1215 5349 1521 5406 Eustathio
1562 5355 1625 5426 et
1643 5349 1710 5426 in
1764 5349 2112 5426 Dionysium

459 5420 844 5496 approbante.
880 5423 1070 5480 Latini
1100 5425 1308 5496 Syrum
1349 5427 1559 5496 vocant
1596 5420 2018 5496 Phej'ecydem,
2050 5428 2116 5476 ut

459 5492 580 5551 Cie.
611 5513 628 5550 ι
665 5499 817 5553 Tusc.
851 5496 950 5552 ubi
985 5511 1118 5551 eum
1141 5492 1437 5567 regnante
1469 5493 1888 5567 Servio_Tull_io
1931 5492 2114 5567 fuisse

460 5567 563 5639 ait,
591 5569 768 5623 annis
795 5569 1078 5625 nimirum
1109 5563 1246 5639 post
1271 5565 1653 5639 Solomonem
1680 5565 1844 5639 haud
1876 5563 2118 5639 paucio-

456 5637 622 5711 ribus
651 5640 775 5696 400.
807 5642 986 5711 Syrus
1022 5635 1219 5711 insula
1249 5643 1338 5693 est
1389 5654 1526 5711 una
1558 5635 1900 5711 Cycladum,
1952 5635 2114 5711 Delo,

457 5709 718 5772 Bhenaaa
753 5717 811 5769 et
848 5705 1106 5786 'Mycono
1153 5709 1370 5766 cincta.
1422 5707 1565 5765 Vide
1608 5705 1959 5764 Strabonem
2007 5705 2118 5764 sub

2219 4990 2397 5070 ﬁnem
2409 4987 2668 5070 _dec_imi.
2703 4988 2791 5044 lbi
2812 4989 3184 5070 Pherecydes
3203 4991 3231 5047 ὁ
3255 4988 3456 5070 Βαίϐιος
3478 4990 3774 5070 dicitur,ut
3795 4984 3848 5070 ei

2218 5061 2376 5132 apud
2407 5058 2694 5132 Suidar‘n‘:
2723 5061 2882 5132 apud
2919 5058 3284 5122 Eustathium
3313 5067 3376 5122 in
3402 5065 3634 5123 Homeri
3666 5063 3843 5132 locum

2220 5124 2464 5205 οἷιξιιιιω
2507 5124 2880 5199 Βαϐυλώνίος,
2913 5135 3069 5205 apud
3099 5135 3394 5193 Laertium
3429 5143 3452 5193 1
3489 5139 3550 5194 in
3579 5135 3703 5190 Vita
3731 5127 3844 5205 ejus;

2221 5198 2450 5282 Βάδυος,
2482 5209 2554 5282 ut_
2575 5211 2858 5282 appareat
2888 5198 3086 5282 Badyn
3117 5215 3344 5282 patrem
3373 5211 3501 5282 ejus
3557 5198 3770 5282 fuisse,_
3791 5199 3844 5282 ei

2221 5273 2630 5351 emendandos
2655 5273 2732 5351 ei:
2765 5277 2878 5351 hoc
2903 5273 3187 5351 reliquos.
3222 5273 3686 5351 V'ulgo'obtinuit
3721 5280 3842 5351 eum

2223 5345 2484 5422 ex_Syria
2505 5346 2825 5422 oriundum
2857 5345 3060 5422 fuisse,
3089 5351 3275 5406 nobili
3302 5345 3407 5408 illa
3421 5352 3495 5408 ad
3509 5349 3843 5422 Euphratem

2221 5416 2375 5496 Asiae
2398 5417 3214 5496 regione.Quam_opinionem
3227 5424 3464 5496 auxitB.
3480 5416 3842 5496 Augustinus.

2223 5481 2534 5564 Assyrium
2549 5481 2837 5564 eum'no‘m
2849 5481 3041 5560 inans,
3056 5493 3179 5564 3nd
3193 5481 3843 5564 Velusianumuepistolni

2225 5567 2296 5642 et_
2315 5560 2558 5642 quidem
2585 5561 3149 5642 Assyriumﬂirgilii
3172 5582 3242 5621 ex
3259 5567 3526 5642 Pollione
3542 5560 3844 5642 tim—omnii},

2225 5632 2302 5712 ad
2330 5631 2461 5712 ejus
2491 5631 2563 5708 de
2594 5631 3058 5712 immortalitate
3074 5635 3540 5712 disputationem
3561 5637 3844 5712 ιοιῃιιειξξ·

2223 5695 2380 5762 Nam
2396 5703 2434 5762 l.
2468 5700 2526 5760 ni
2556 5710 2750 5762 contra
2767 5695 3245 5768 Acadreumdém
3275 5695 3688 5784 syrumvocat'.
3717 5695 3846 5756 Χη-
