  <div class='ocr_page' id='page_1' title='image "/cluster/home/n/w/nwhite01/storage/ocr_20150623/121/mdp.39015078384289/108.png"; bbox 0 0 4118 6284; ppageno 0'>
   <div class='ocr_carea' id='block_1_1' title="bbox 220 373 335 435">
    <p class='ocr_par' dir='ltr' id='par_1_1' title="bbox 220 373 335 435">
     <span class='ocr_line' id='line_1_1' title="bbox 220 373 335 435; baseline -0.035 0"><span class='ocrx_word' id='word_1_1' title='bbox 220 373 335 435; x_wconf 68' lang='grc'>301</span> 
     </span>
    </p>
   </div>
   <div class='ocr_carea' id='block_1_2' title="bbox 1381 368 2514 435">
    <p class='ocr_par' dir='ltr' id='par_1_2' title="bbox 1381 368 2514 435">
     <span class='ocr_line' id='line_1_2' title="bbox 1381 368 2514 435; baseline -0.005 0"><span class='ocrx_word' id='word_1_2' title='bbox 1381 370 1925 435; x_wconf 68' lang='lat' dir='ltr'>HISTORIABUM</span> <span class='ocrx_word' id='word_1_3' title='bbox 1969 368 2514 433; x_wconf 68' lang='lat' dir='ltr'>OOMPENDIUM.</span> 
     </span>
    </p>
   </div>
   <div class='ocr_carea' id='block_1_3' title="bbox 228 502 1926 582">
    <p class='ocr_par' dir='ltr' id='par_1_3' title="bbox 228 502 1926 582">
     <span class='ocr_line' id='line_1_3' title="bbox 228 502 1926 582; baseline 0.006 -22"><span class='ocrx_word' id='word_1_4' title='bbox 228 506 284 560; x_wconf 73' lang='grc' dir='ltr'>ὗν</span> <span class='ocrx_word' id='word_1_5' title='bbox 312 502 528 576; x_wconf 62' lang='grc' dir='ltr'>ἤκουσα</span> <span class='ocrx_word' id='word_1_6' title='bbox 557 507 616 561; x_wconf 76' lang='grc' dir='ltr'>ἐν</span> <span class='ocrx_word' id='word_1_7' title='bbox 654 509 724 582; x_wconf 82' lang='grc' dir='ltr'>τῇ</span> <span class='ocrx_word' id='word_1_8' title='bbox 754 511 827 582; x_wconf 79' lang='grc' dir='ltr'>γῇ</span> <span class='ocrx_word' id='word_1_9' title='bbox 860 529 987 581; x_wconf 87' lang='grc' dir='ltr'>μου,</span> <span class='ocrx_word' id='word_1_10' title='bbox 1027 508 1115 564; x_wconf 81' lang='grc' dir='ltr'>καὶ</span> <span class='ocrx_word' id='word_1_11' title='bbox 1149 509 1252 565; x_wconf 76' lang='grc' dir='ltr'>οὐκ</span> <span class='ocrx_word' id='word_1_12' title='bbox 1279 502 1391 563; x_wconf 75' lang='grc' dir='ltr'>ἔστι</span> <span class='ocrx_word' id='word_1_13' title='bbox 1431 508 1496 562; x_wconf 85' lang='grc' dir='ltr'>τὸ</span> <span class='ocrx_word' id='word_1_14' title='bbox 1546 506 1721 579; x_wconf 73' lang='grc' dir='ltr'>ἣμισυ</span> <span class='ocrx_word' id='word_1_15' title='bbox 1762 506 1890 559; x_wconf 83' lang='grc' dir='ltr'>καθ·</span> <span class='ocrx_word' id='word_1_16' title='bbox 1921 561 1926 570; x_wconf 93' lang='grc'>.</span> 
     </span>
    </p>
   </div>
   <div class='ocr_carea' id='block_1_4' title="bbox 2023 502 3657 582">
    <p class='ocr_par' dir='ltr' id='par_1_4' title="bbox 2023 502 3657 577">
     <span class='ocr_line' id='line_1_4' title="bbox 2023 502 3657 577; baseline -0.001 -16"><span class='ocrx_word' id='word_1_17' title='bbox 2023 503 2641 576; x_wconf 72' lang='lat' dir='ltr'>111aminaudiveram.</span> <span class='ocrx_word' id='word_1_18' title='bbox 2675 502 2899 559; x_wconf 83' lang='lat' dir='ltr'>Felices</span> <span class='ocrx_word' id='word_1_19' title='bbox 2948 504 3211 577; x_wconf 88' lang='lat' dir='ltr'>profecto</span> <span class='ocrx_word' id='word_1_20' title='bbox 3260 503 3541 561; x_wconf 82' lang='lat' dir='ltr'>mulieres</span> <span class='ocrx_word' id='word_1_21' title='bbox 3598 508 3657 559; x_wconf 86' lang='lat' dir='ltr'>et</span> 
     </span>
    </p>
   </div>
   <div class='ocr_carea' id='block_1_5' title="bbox 235 590 1926 675">
    <p class='ocr_par' dir='ltr' id='par_1_5' title="bbox 235 590 1898 675">
     <span class='ocr_line' id='line_1_5' title="bbox 235 590 1898 675; baseline -0.006 -18"><span class='ocrx_word' id='word_1_22' title='bbox 235 596 311 657; x_wconf 78' lang='grc' dir='ltr'>ὼς</span> <span class='ocrx_word' id='word_1_23' title='bbox 370 593 661 670; x_wconf 67' lang='grc' dir='ltr'>ἀπηγγέλη</span> <span class='ocrx_word' id='word_1_24' title='bbox 736 618 853 669; x_wconf 77' lang='grc' dir='ltr'>μοι’</span> <span class='ocrx_word' id='word_1_25' title='bbox 936 596 1161 654; x_wconf 89' lang='grc' dir='ltr'>πλείονα</span> <span class='ocrx_word' id='word_1_26' title='bbox 1245 598 1349 675; x_wconf 70' lang='grc' dir='ltr'>γὰρ</span> <span class='ocrx_word' id='word_1_27' title='bbox 1407 596 1622 671; x_wconf 70' lang='grc' dir='ltr'>ἑώρακα</span> <span class='ocrx_word' id='word_1_28' title='bbox 1680 594 1811 659; x_wconf 73' lang='grc' dir='ltr'>ὑπὲρ</span> <span class='ocrx_word' id='word_1_29' title='bbox 1862 590 1898 647; x_wconf 75' lang='grc' dir='ltr'>ἄ</span> 
     </span>
    </p>
   </div>
   <div class='ocr_carea' id='block_1_6' title="bbox 2023 590 3659 675">
    <p class='ocr_par' dir='ltr' id='par_1_6' title="bbox 2023 596 3659 667">
     <span class='ocr_line' id='line_1_6' title="bbox 2023 596 3659 667; baseline 0 -16"><span class='ocrx_word' id='word_1_30' title='bbox 2023 597 2174 667; x_wconf 65' lang='lat' dir='ltr'>pueri</span> <span class='ocrx_word' id='word_1_31' title='bbox 2206 597 2307 667; x_wconf 87' lang='lat' dir='ltr'>qui</span> <span class='ocrx_word' id='word_1_32' title='bbox 2341 613 2538 651; x_wconf 90' lang='lat' dir='ltr'>coram</span> <span class='ocrx_word' id='word_1_33' title='bbox 2570 601 2626 651; x_wconf 88' lang='lat' dir='ltr'>te</span> <span class='ocrx_word' id='word_1_34' title='bbox 2660 601 2854 651; x_wconf 84' lang='lat' dir='ltr'>astant</span> <span class='ocrx_word' id='word_1_35' title='bbox 2884 601 3131 667; x_wconf 88' lang='lat' dir='ltr'>tuosque</span> <span class='ocrx_word' id='word_1_36' title='bbox 3184 596 3483 667; x_wconf 84' lang='lat' dir='ltr'>sapientes</span> <span class='ocrx_word' id='word_1_37' title='bbox 3530 610 3659 651; x_wconf 88' lang='lat' dir='ltr'>ser-</span> 
     </span>
    </p>
   </div>
   <div class='ocr_carea' id='block_1_7' title="bbox 242 679 1896 764">
    <p class='ocr_par' dir='ltr' id='par_1_7' title="bbox 242 679 1896 764">
     <span class='ocr_line' id='line_1_7' title="bbox 242 679 1896 764; baseline -0.003 -23"><span class='ocrx_word' id='word_1_38' title='bbox 242 682 465 755; x_wconf 71' lang='grc' dir='ltr'>ἤκουσα.</span> <span class='ocrx_word' id='word_1_39' title='bbox 508 686 792 761; x_wconf 73' lang='grc' dir='ltr'>Μακάριαι</span> <span class='ocrx_word' id='word_1_40' title='bbox 852 692 982 762; x_wconf 76' lang='grc' dir='ltr'>γοῦν</span> <span class='ocrx_word' id='word_1_41' title='bbox 1038 688 1094 742; x_wconf 68' lang='grc' dir='ltr'>αἱ</span> <span class='ocrx_word' id='word_1_42' title='bbox 1145 691 1389 764; x_wconf 87' lang='grc' dir='ltr'>γυναῖκες</span> <span class='ocrx_word' id='word_1_43' title='bbox 1448 685 1539 742; x_wconf 87' lang='grc' dir='ltr'>καὶ</span> <span class='ocrx_word' id='word_1_44' title='bbox 1596 685 1653 739; x_wconf 76' lang='grc' dir='ltr'>οἱ</span> <span class='ocrx_word' id='word_1_45' title='bbox 1709 679 1896 743; x_wconf 74' lang='grc' dir='ltr'>παῖδές</span> 
     </span>
    </p>
   </div>
   <div class='ocr_carea' id='block_1_8' title="bbox 250 771 1898 850">
    <p class='ocr_par' dir='ltr' id='par_1_8' title="bbox 250 771 1898 850">
     <span class='ocr_line' id='line_1_8' title="bbox 250 771 1898 850; baseline -0.001 -22"><span class='ocrx_word' id='word_1_46' title='bbox 250 795 366 843; x_wconf 66' lang='grc' dir='ltr'>σου,</span> <span class='ocrx_word' id='word_1_47' title='bbox 393 774 443 829; x_wconf 69' lang='grc' dir='ltr'>οἱ</span> <span class='ocrx_word' id='word_1_48' title='bbox 472 775 881 850; x_wconf 83' lang='grc' dir='ltr'>παρεστηκότες</span> <span class='ocrx_word' id='word_1_49' title='bbox 909 776 1061 831; x_wconf 77' lang='grc' dir='ltr'>οὗτοι</span> <span class='ocrx_word' id='word_1_50' title='bbox 1110 774 1341 831; x_wconf 78' lang='grc' dir='ltr'>ἐνώπιόν</span> <span class='ocrx_word' id='word_1_51' title='bbox 1382 796 1478 831; x_wconf 91' lang='grc' dir='ltr'>σου</span> <span class='ocrx_word' id='word_1_52' title='bbox 1526 774 1618 830; x_wconf 79' lang='grc' dir='ltr'>καὶ</span> <span class='ocrx_word' id='word_1_53' title='bbox 1676 771 1898 828; x_wconf 80' lang='grc' dir='ltr'>ἀκούον-</span> 
     </span>
    </p>
   </div>
   <div class='ocr_carea' id='block_1_9' title="bbox 252 858 1899 945">
    <p class='ocr_par' dir='ltr' id='par_1_9' title="bbox 252 858 1899 945">
     <span class='ocr_line' id='line_1_9' title="bbox 252 858 1899 945; baseline -0.002 -27"><span class='ocrx_word' id='word_1_54' title='bbox 252 883 339 925; x_wconf 79' lang='grc' dir='ltr'>τες</span> <span class='ocrx_word' id='word_1_55' title='bbox 363 863 485 925; x_wconf 74' lang='grc' dir='ltr'>τοὺς</span> <span class='ocrx_word' id='word_1_56' title='bbox 544 862 754 942; x_wconf 82' lang='grc' dir='ltr'>λόγους</span> <span class='ocrx_word' id='word_1_57' title='bbox 809 873 910 934; x_wconf 77' lang='grc' dir='ltr'>τῆς</span> <span class='ocrx_word' id='word_1_58' title='bbox 964 867 1280 945; x_wconf 77' lang='grc' dir='ltr'>φρονήσεώς</span> <span class='ocrx_word' id='word_1_59' title='bbox 1338 885 1455 921; x_wconf 87' lang='grc' dir='ltr'>σου,</span> <span class='ocrx_word' id='word_1_60' title='bbox 1493 887 1521 915; x_wconf 73' lang='grc' dir='ltr'>ι»</span> <span class='ocrx_word' id='word_1_61' title='bbox 1580 863 1678 921; x_wconf 82' lang='grc' dir='ltr'>Καὶ</span> <span class='ocrx_word' id='word_1_62' title='bbox 1735 858 1899 916; x_wconf 81' lang='grc' dir='ltr'>δοῦσα</span> 
     </span>
    </p>
   </div>
   <div class='ocr_carea' id='block_1_10' title="bbox 246 949 1900 1032">
    <p class='ocr_par' dir='ltr' id='par_1_10' title="bbox 246 949 1900 1032">
     <span class='ocr_line' id='line_1_10' title="bbox 246 949 1900 1032; baseline -0.002 -25"><span class='ocrx_word' id='word_1_63' title='bbox 246 953 395 1025; x_wconf 75' lang='grc' dir='ltr'>αὑτῷ</span> <span class='ocrx_word' id='word_1_64' title='bbox 426 954 663 1032; x_wconf 77' lang='grc' dir='ltr'>χρυσίου</span> <span class='ocrx_word' id='word_1_65' title='bbox 693 953 933 1011; x_wconf 74' lang='grc' dir='ltr'>τάλαντα</span> <span class='ocrx_word' id='word_1_66' title='bbox 989 955 1178 1012; x_wconf 65' lang='grc' dir='ltr'>ἑκατὸν</span> <span class='ocrx_word' id='word_1_67' title='bbox 1237 952 1409 1010; x_wconf 76' lang='grc' dir='ltr'>εἶ’κοσι</span> <span class='ocrx_word' id='word_1_68' title='bbox 1463 952 1554 1008; x_wconf 80' lang='grc' dir='ltr'>καὶ</span> <span class='ocrx_word' id='word_1_69' title='bbox 1610 949 1900 1024; x_wconf 67' lang='grc' dir='ltr'>ἡδύσματα</span> 
     </span>
    </p>
   </div>
   <div class='ocr_carea' id='block_1_11' title="bbox 245 1041 1899 1117">
    <p class='ocr_par' dir='ltr' id='par_1_11' title="bbox 245 1041 1899 1117">
     <span class='ocr_line' id='line_1_11' title="bbox 245 1041 1899 1117; baseline -0.002 -21"><span class='ocrx_word' id='word_1_70' title='bbox 245 1041 438 1097; x_wconf 62' lang='grc' dir='ltr'>πολλὰ</span> <span class='ocrx_word' id='word_1_71' title='bbox 466 1042 557 1097; x_wconf 80' lang='grc' dir='ltr'>καὶ</span> <span class='ocrx_word' id='word_1_72' title='bbox 588 1041 778 1107; x_wconf 78' lang='grc' dir='ltr'>λίθους</span> <span class='ocrx_word' id='word_1_73' title='bbox 820 1045 1041 1117; x_wconf 81' lang='grc' dir='ltr'>τιμίους</span> <span class='ocrx_word' id='word_1_74' title='bbox 1089 1043 1179 1099; x_wconf 83' lang='grc' dir='ltr'>καὶ</span> <span class='ocrx_word' id='word_1_75' title='bbox 1228 1041 1294 1114; x_wconf 82' lang='grc' dir='ltr'>δὴ</span> <span class='ocrx_word' id='word_1_76' title='bbox 1326 1043 1416 1099; x_wconf 82' lang='grc' dir='ltr'>καὶ</span> <span class='ocrx_word' id='word_1_77' title='bbox 1464 1043 1565 1111; x_wconf 73' lang='grc' dir='ltr'>τὴν</span> <span class='ocrx_word' id='word_1_78' title='bbox 1610 1045 1707 1096; x_wconf 79' lang='grc' dir='ltr'>τοῦ</span> <span class='ocrx_word' id='word_1_79' title='bbox 1763 1041 1899 1094; x_wconf 86' lang='grc' dir='ltr'>ὀπο-</span> 
     </span>
    </p>
   </div>
   <div class='ocr_carea' id='block_1_12' title="bbox 243 1125 1901 1208">
    <p class='ocr_par' dir='ltr' id='par_1_12' title="bbox 243 1125 1901 1208">
     <span class='ocr_line' id='line_1_12' title="bbox 243 1125 1901 1208; baseline -0.001 -23"><span class='ocrx_word' id='word_1_80' title='bbox 243 1125 539 1204; x_wconf 69' lang='grc' dir='ltr'>ϐαλσάμου</span> <span class='ocrx_word' id='word_1_81' title='bbox 571 1132 746 1206; x_wconf 80' lang='grc' dir='ltr'>ῥίζαν,</span> <span class='ocrx_word' id='word_1_82' title='bbox 777 1132 871 1208; x_wconf 82' lang='grc' dir='ltr'>ἀφ’</span> <span class='ocrx_word' id='word_1_83' title='bbox 914 1130 979 1188; x_wconf 73' lang='grc' dir='ltr'>οὗ</span> <span class='ocrx_word' id='word_1_84' title='bbox 1034 1135 1068 1204; x_wconf 78' lang='grc' dir='ltr'><strong>ἡ</strong></span> <span class='ocrx_word' id='word_1_85' title='bbox 1123 1131 1459 1203; x_wconf 77' lang='grc' dir='ltr'>Παλαιστίνη</span> <span class='ocrx_word' id='word_1_86' title='bbox 1507 1135 1670 1186; x_wconf 79' lang='grc' dir='ltr'>τοῦτο</span> <span class='ocrx_word' id='word_1_87' title='bbox 1722 1130 1901 1205; x_wconf 82' lang='grc' dir='ltr'>γεώρ-</span> 
     </span>
    </p>
   </div>
   <div class='ocr_carea' id='block_1_13' title="bbox 242 1215 1906 1299">
    <p class='ocr_par' dir='ltr' id='par_1_13' title="bbox 242 1215 1906 1299">
     <span class='ocr_line' id='line_1_13' title="bbox 242 1215 1906 1299; baseline 0 -25"><span class='ocrx_word' id='word_1_88' title='bbox 242 1241 368 1293; x_wconf 87' lang='grc' dir='ltr'>γιον</span> <span class='ocrx_word' id='word_1_89' title='bbox 404 1215 586 1296; x_wconf 66' lang='grc' dir='ltr'>ἔσχεν,</span> <span class='ocrx_word' id='word_1_90' title='bbox 618 1218 693 1284; x_wconf 80' lang='grc' dir='ltr'>ὥς</span> <span class='ocrx_word' id='word_1_91' title='bbox 736 1243 901 1299; x_wconf 84' lang='grc' dir='ltr'>φησιν</span> <span class='ocrx_word' id='word_1_92' title='bbox 957 1224 1250 1293; x_wconf 86' lang='grc' dir='ltr'>Ἰώσηπος,</span> <span class='ocrx_word' id='word_1_93' title='bbox 1301 1221 1626 1297; x_wconf 70' lang='grc' dir='ltr'>ὑπέστρεψεν</span> <span class='ocrx_word' id='word_1_94' title='bbox 1673 1219 1750 1282; x_wconf 80' lang='grc' dir='ltr'>εἷς</span> <span class='ocrx_word' id='word_1_95' title='bbox 1797 1219 1906 1287; x_wconf 52' lang='grc' dir='ltr'>τήν,</span> 
     </span>
    </p>
   </div>
   <div class='ocr_carea' id='block_1_14' title="bbox 244 1308 1899 1386">
    <p class='ocr_par' dir='ltr' id='par_1_14' title="bbox 244 1308 1899 1386">
     <span class='ocr_line' id='line_1_14' title="bbox 244 1308 1899 1386; baseline 0.007 -24"><span class='ocrx_word' id='word_1_96' title='bbox 244 1315 354 1383; x_wconf 77' lang='grc' dir='ltr'>γῆν</span> <span class='ocrx_word' id='word_1_97' title='bbox 404 1310 576 1375; x_wconf 79' lang='grc' dir='ltr'>αὐτῆς</span> <span class='ocrx_word' id='word_1_98' title='bbox 634 1311 1189 1386; x_wconf 80' lang='grc' dir='ltr'>ὑπερεκπληττομὲνη</span> <span class='ocrx_word' id='word_1_99' title='bbox 1232 1310 1377 1368; x_wconf 89' lang='grc' dir='ltr'>λίαν.</span> <span class='ocrx_word' id='word_1_100' title='bbox 1440 1310 1568 1386; x_wconf 85' lang='grc' dir='ltr'>Περὶ</span> <span class='ocrx_word' id='word_1_101' title='bbox 1624 1310 1691 1379; x_wconf 80' lang='grc' dir='ltr'>ἧς</span> <span class='ocrx_word' id='word_1_102' title='bbox 1748 1308 1899 1363; x_wconf 73' lang='grc' dir='ltr'>καὶὸ</span> 
     </span>
    </p>
   </div>
   <div class='ocr_carea' id='block_1_15' title="bbox 247 1391 1898 1475">
    <p class='ocr_par' dir='ltr' id='par_1_15' title="bbox 247 1391 1898 1475">
     <span class='ocr_line' id='line_1_15' title="bbox 247 1391 1898 1475; baseline -0.001 -21"><span class='ocrx_word' id='word_1_103' title='bbox 247 1396 455 1474; x_wconf 66' lang='grc' dir='ltr'>Κύριος</span> <span class='ocrx_word' id='word_1_104' title='bbox 486 1391 610 1475; x_wconf 74' lang='grc' dir='ltr'>ἔφη’</span> <span class='ocrx_word' id='word_1_105' title='bbox 645 1426 672 1452; x_wconf 77' lang='grc' dir='ltr'>ιι</span> <span class='ocrx_word' id='word_1_106' title='bbox 711 1399 1007 1457; x_wconf 89' lang='grc' dir='ltr'>Βασίλισσα</span> <span class='ocrx_word' id='word_1_107' title='bbox 1032 1401 1215 1457; x_wconf 80' lang='grc' dir='ltr'>Νότου</span> <span class='ocrx_word' id='word_1_108' title='bbox 1242 1398 1408 1469; x_wconf 71' lang='grc' dir='ltr'>ἦλθεν</span> <span class='ocrx_word' id='word_1_109' title='bbox 1468 1398 1528 1455; x_wconf 77' lang='grc' dir='ltr'>ἐκ</span> <span class='ocrx_word' id='word_1_110' title='bbox 1575 1403 1683 1454; x_wconf 86' lang='grc' dir='ltr'>τῶν</span> <span class='ocrx_word' id='word_1_111' title='bbox 1734 1401 1898 1472; x_wconf 76' lang='grc' dir='ltr'>περα-</span> 
     </span>
    </p>
   </div>
   <div class='ocr_carea' id='block_1_16' title="bbox 242 1487 1900 1564">
    <p class='ocr_par' dir='ltr' id='par_1_16' title="bbox 242 1487 1900 1564">
     <span class='ocr_line' id='line_1_16' title="bbox 242 1487 1900 1564; baseline 0 -23"><span class='ocrx_word' id='word_1_112' title='bbox 242 1507 354 1541; x_wconf 87' lang='grc' dir='ltr'>των</span> <span class='ocrx_word' id='word_1_113' title='bbox 382 1494 486 1558; x_wconf 79' lang='grc' dir='ltr'>τῆς</span> <span class='ocrx_word' id='word_1_114' title='bbox 516 1495 621 1564; x_wconf 80' lang='grc' dir='ltr'>γῆς</span> <span class='ocrx_word' id='word_1_115' title='bbox 653 1487 787 1545; x_wconf 84' lang='grc' dir='ltr'>ἰδεῖν</span> <span class='ocrx_word' id='word_1_116' title='bbox 826 1492 926 1561; x_wconf 74' lang='grc' dir='ltr'>τήν</span> <span class='ocrx_word' id='word_1_117' title='bbox 997 1489 1189 1564; x_wconf 81' lang='grc' dir='ltr'>σοφίαν</span> <span class='ocrx_word' id='word_1_118' title='bbox 1248 1489 1634 1562; x_wconf 87' lang='grc' dir='ltr'>Σολομῶντος.</span> <span class='ocrx_word' id='word_1_119' title='bbox 1668 1513 1696 1541; x_wconf 88' lang='grc'><strong>››</strong></span> <span class='ocrx_word' id='word_1_120' title='bbox 1756 1487 1900 1563; x_wconf 82' lang='grc' dir='ltr'>Πρὸς</span> 
     </span>
    </p>
   </div>
   <div class='ocr_carea' id='block_1_17' title="bbox 245 1573 1901 1654">
    <p class='ocr_par' dir='ltr' id='par_1_17' title="bbox 245 1573 1901 1654">
     <span class='ocr_line' id='line_1_17' title="bbox 245 1573 1901 1654; baseline 0.002 -24"><span class='ocrx_word' id='word_1_121' title='bbox 245 1575 307 1630; x_wconf 77' lang='grc' dir='ltr'>ὅν</span> <span class='ocrx_word' id='word_1_122' title='bbox 344 1576 535 1649; x_wconf 75' lang='grc' dir='ltr'>μέντοι</span> <span class='ocrx_word' id='word_1_123' title='bbox 566 1579 654 1633; x_wconf 80' lang='grc' dir='ltr'>καὶ</span> <span class='ocrx_word' id='word_1_124' title='bbox 691 1580 872 1654; x_wconf 75' lang='grc' dir='ltr'>Σιράχ</span> <span class='ocrx_word' id='word_1_125' title='bbox 904 1580 932 1634; x_wconf 99' lang='lat'>6</span> <span class='ocrx_word' id='word_1_126' title='bbox 965 1580 1282 1654; x_wconf 84' lang='grc' dir='ltr'>σοφώτατος</span> <span class='ocrx_word' id='word_1_127' title='bbox 1318 1573 1491 1653; x_wconf 72' lang='grc' dir='ltr'>ἔλεγεο</span> <span class='ocrx_word' id='word_1_128' title='bbox 1544 1602 1572 1630; x_wconf 79' lang='grc' dir='ltr'>ι(</span> <span class='ocrx_word' id='word_1_129' title='bbox 1603 1574 1901 1649; x_wconf 83' lang='grc' dir='ltr'>Σολομῶν,</span> 
     </span>
    </p>
   </div>
   <div class='ocr_carea' id='block_1_18' title="bbox 243 1663 1903 1741">
    <p class='ocr_par' dir='ltr' id='par_1_18' title="bbox 243 1663 1903 1741">
     <span class='ocr_line' id='line_1_18' title="bbox 243 1663 1903 1741; baseline 0.001 -23"><span class='ocrx_word' id='word_1_130' title='bbox 243 1663 540 1741; x_wconf 69' lang='grc' dir='ltr'>ἐσοφίσθης</span> <span class='ocrx_word' id='word_1_131' title='bbox 573 1665 625 1721; x_wconf 84' lang='grc' dir='ltr'>ὲν</span> <span class='ocrx_word' id='word_1_132' title='bbox 654 1667 865 1739; x_wconf 89' lang='grc' dir='ltr'>νεότητί</span> <span class='ocrx_word' id='word_1_133' title='bbox 898 1689 1018 1737; x_wconf 85' lang='grc' dir='ltr'>σου,</span> <span class='ocrx_word' id='word_1_134' title='bbox 1044 1668 1135 1723; x_wconf 87' lang='grc' dir='ltr'>καὶ</span> <span class='ocrx_word' id='word_1_135' title='bbox 1193 1667 1539 1738; x_wconf 73' lang='grc' dir='ltr'>ἐνεπλήσθης</span> <span class='ocrx_word' id='word_1_136' title='bbox 1595 1665 1671 1727; x_wconf 85' lang='grc' dir='ltr'>ὠς</span> <span class='ocrx_word' id='word_1_137' title='bbox 1732 1685 1903 1721; x_wconf 91' lang='grc' dir='ltr'>ποτα-</span> 
     </span>
    </p>
   </div>
   <div class='ocr_carea' id='block_1_19' title="bbox 248 1753 1901 1835">
    <p class='ocr_par' dir='ltr' id='par_1_19' title="bbox 248 1753 1901 1835">
     <span class='ocr_line' id='line_1_19' title="bbox 248 1753 1901 1835; baseline -0.001 -27"><span class='ocrx_word' id='word_1_138' title='bbox 248 1754 352 1826; x_wconf 79' lang='grc' dir='ltr'>μὸς</span> <span class='ocrx_word' id='word_1_139' title='bbox 412 1756 692 1821; x_wconf 79' lang='grc' dir='ltr'>συνέσεως.</span> <span class='ocrx_word' id='word_1_140' title='bbox 752 1762 863 1827; x_wconf 83' lang='grc' dir='ltr'>Γῆν</span> <span class='ocrx_word' id='word_1_141' title='bbox 941 1755 1274 1830; x_wconf 78' lang='grc' dir='ltr'>ἐπεκάλυψεν</span> <span class='ocrx_word' id='word_1_142' title='bbox 1329 1759 1364 1826; x_wconf 81' lang='grc' dir='ltr'>ἡ</span> <span class='ocrx_word' id='word_1_143' title='bbox 1426 1755 1587 1835; x_wconf 82' lang='grc' dir='ltr'>σοφία</span> <span class='ocrx_word' id='word_1_144' title='bbox 1637 1775 1754 1824; x_wconf 86' lang='grc' dir='ltr'>σου,</span> <span class='ocrx_word' id='word_1_145' title='bbox 1812 1753 1901 1807; x_wconf 86' lang='grc' dir='ltr'>καὶ</span> 
     </span>
    </p>
   </div>
   <div class='ocr_carea' id='block_1_20' title="bbox 2008 684 3663 742">
    <p class='ocr_par' dir='ltr' id='par_1_20' title="bbox 2008 684 3663 742">
     <span class='ocr_line' id='line_1_20' title="bbox 2008 684 3663 742; baseline -0.001 -1"><span class='ocrx_word' id='word_1_146' title='bbox 2008 702 2216 741; x_wconf 84' lang='lat' dir='ltr'>mones</span> <span class='ocrx_word' id='word_1_147' title='bbox 2238 684 2569 742; x_wconf 61' lang='lat' dir='ltr'>audiunt“.</span> <span class='ocrx_word' id='word_1_148' title='bbox 2595 707 2622 735; x_wconf 86' lang='lat'>»</span> <span class='ocrx_word' id='word_1_149' title='bbox 2648 685 2898 740; x_wconf 81' lang='lat' dir='ltr'>Proinde</span> <span class='ocrx_word' id='word_1_150' title='bbox 2921 702 3057 740; x_wconf 89' lang='lat' dir='ltr'>cum</span> <span class='ocrx_word' id='word_1_151' title='bbox 3070 684 3448 741; x_wconf 85' lang='lat' dir='ltr'>Salomonem</span> <span class='ocrx_word' id='word_1_152' title='bbox 3466 687 3567 740; x_wconf 81' lang='grc'>120</span> <span class='ocrx_word' id='word_1_153' title='bbox 3582 690 3663 740; x_wconf 85' lang='lat' dir='ltr'>ta-</span> 
     </span>
    </p>
   </div>
   <div class='ocr_carea' id='block_1_21' title="bbox 2009 774 3663 847">
    <p class='ocr_par' dir='ltr' id='par_1_21' title="bbox 2009 774 3663 847">
     <span class='ocr_line' id='line_1_21' title="bbox 2009 774 3663 847; baseline -0.001 -17"><span class='ocrx_word' id='word_1_154' title='bbox 2009 774 2189 831; x_wconf 90' lang='lat' dir='ltr'>lentis</span> <span class='ocrx_word' id='word_1_155' title='bbox 2218 776 2369 844; x_wconf 83' lang='lat' dir='ltr'>auri,</span> <span class='ocrx_word' id='word_1_156' title='bbox 2402 775 2603 831; x_wconf 91' lang='lat' dir='ltr'>multis</span> <span class='ocrx_word' id='word_1_157' title='bbox 2632 774 2997 830; x_wconf 87' lang='lat' dir='ltr'>aromatibus</span> <span class='ocrx_word' id='word_1_158' title='bbox 3018 780 3195 846; x_wconf 90' lang='lat' dir='ltr'>atque</span> <span class='ocrx_word' id='word_1_159' title='bbox 3225 774 3496 847; x_wconf 88' lang='lat' dir='ltr'>gemmis,</span> <span class='ocrx_word' id='word_1_160' title='bbox 3519 789 3663 829; x_wconf 89' lang='lat' dir='ltr'>nec-</span> 
     </span>
    </p>
   </div>
   <div class='ocr_carea' id='block_1_22' title="bbox 2009 864 3660 936">
    <p class='ocr_par' dir='ltr' id='par_1_22' title="bbox 2009 864 3660 936">
     <span class='ocr_line' id='line_1_22' title="bbox 2009 864 3660 936; baseline 0 -17"><span class='ocrx_word' id='word_1_161' title='bbox 2009 881 2130 919; x_wconf 88' lang='lat' dir='ltr'>non</span> <span class='ocrx_word' id='word_1_162' title='bbox 2144 865 2512 936; x_wconf 82' lang='lat' dir='ltr'>opobalsami</span> <span class='ocrx_word' id='word_1_163' title='bbox 2533 864 2727 920; x_wconf 83' lang='lat' dir='ltr'>radice</span> <span class='ocrx_word' id='word_1_164' title='bbox 2749 864 3054 930; x_wconf 90' lang='lat' dir='ltr'>donasset,</span> <span class='ocrx_word' id='word_1_165' title='bbox 3082 864 3237 919; x_wconf 92' lang='lat' dir='ltr'>unde</span> <span class='ocrx_word' id='word_1_166' title='bbox 3261 881 3392 921; x_wconf 88' lang='lat' dir='ltr'>eam</span> <span class='ocrx_word' id='word_1_167' title='bbox 3413 864 3660 935; x_wconf 82' lang='lat' dir='ltr'>stirpem</span> 
     </span>
    </p>
   </div>
   <div class='ocr_carea' id='block_1_23' title="bbox 2009 954 3655 1029">
    <p class='ocr_par' dir='ltr' id='par_1_23' title="bbox 2009 954 3655 1029">
     <span class='ocr_line' id='line_1_23' title="bbox 2009 954 3655 1029; baseline -0.002 -18"><span class='ocrx_word' id='word_1_168' title='bbox 2009 956 2074 1012; x_wconf 87' lang='lat' dir='ltr'>in</span> <span class='ocrx_word' id='word_1_169' title='bbox 2102 956 2422 1012; x_wconf 66' lang='lat' dir='ltr'>Palaastina</span> <span class='ocrx_word' id='word_1_170' title='bbox 2452 956 2761 1029; x_wconf 80' lang='lat' dir='ltr'>propagari</span> <span class='ocrx_word' id='word_1_171' title='bbox 2813 961 3064 1027; x_wconf 73' lang='lat' dir='ltr'>emptam</span> <span class='ocrx_word' id='word_1_172' title='bbox 3110 955 3407 1027; x_wconf 85' lang='lat' dir='ltr'>Josephus</span> <span class='ocrx_word' id='word_1_173' title='bbox 3449 954 3655 1019; x_wconf 83' lang='lat' dir='ltr'>refert,</span> 
     </span>
    </p>
   </div>
   <div class='ocr_carea' id='block_1_24' title="bbox 2011 1044 3660 1120">
    <p class='ocr_par' dir='ltr' id='par_1_24' title="bbox 2011 1044 3660 1120">
     <span class='ocr_line' id='line_1_24' title="bbox 2011 1044 3660 1120; baseline -0.002 -17"><span class='ocrx_word' id='word_1_174' title='bbox 2011 1046 2239 1120; x_wconf 82' lang='lat' dir='ltr'>ingenti</span> <span class='ocrx_word' id='word_1_175' title='bbox 2267 1047 2662 1102; x_wconf 86' lang='lat' dir='ltr'>admiratione</span> <span class='ocrx_word' id='word_1_176' title='bbox 2685 1046 2959 1117; x_wconf 87' lang='lat' dir='ltr'>perculsa</span> <span class='ocrx_word' id='word_1_177' title='bbox 2974 1045 3217 1101; x_wconf 90' lang='lat' dir='ltr'>domum</span> <span class='ocrx_word' id='word_1_178' title='bbox 3242 1044 3526 1101; x_wconf 88' lang='lat' dir='ltr'>rediit.De</span> <span class='ocrx_word' id='word_1_179' title='bbox 3547 1045 3660 1100; x_wconf 87' lang='lat' dir='ltr'>hac</span> 
     </span>
    </p>
   </div>
   <div class='ocr_carea' id='block_1_25' title="bbox 2011 1133 3661 1193">
    <p class='ocr_par' dir='ltr' id='par_1_25' title="bbox 2011 1133 3661 1193">
     <span class='ocr_line' id='line_1_25' title="bbox 2011 1133 3661 1193; baseline -0.002 -1"><span class='ocrx_word' id='word_1_180' title='bbox 2011 1139 2189 1193; x_wconf 90' lang='lat' dir='ltr'>etiam</span> <span class='ocrx_word' id='word_1_181' title='bbox 2220 1137 2508 1191; x_wconf 87' lang='lat' dir='ltr'>Dominus</span> <span class='ocrx_word' id='word_1_182' title='bbox 2538 1135 2685 1190; x_wconf 80' lang='lat' dir='ltr'>dixit</span> <span class='ocrx_word' id='word_1_183' title='bbox 2710 1133 2759 1169; x_wconf 72' lang='grc'>⁵⁷</span> <span class='ocrx_word' id='word_1_184' title='bbox 2788 1134 2860 1191; x_wconf 90' lang='lat' dir='ltr'>ab</span> <span class='ocrx_word' id='word_1_185' title='bbox 2894 1135 3174 1191; x_wconf 84' lang='lat' dir='ltr'>extremis</span> <span class='ocrx_word' id='word_1_186' title='bbox 3213 1141 3386 1189; x_wconf 64' lang='lat' dir='ltr'>terra;</span> <span class='ocrx_word' id='word_1_187' title='bbox 3441 1133 3661 1189; x_wconf 81' lang='lat' dir='ltr'>finibus</span> 
     </span>
    </p>
   </div>
   <div class='ocr_carea' id='block_1_26' title="bbox 2011 1222 3658 1297">
    <p class='ocr_par' dir='ltr' id='par_1_26' title="bbox 2011 1222 3658 1297">
     <span class='ocr_line' id='line_1_26' title="bbox 2011 1222 3658 1297; baseline -0.003 -16"><span class='ocrx_word' id='word_1_188' title='bbox 2011 1226 2339 1281; x_wconf 88' lang='lat' dir='ltr'>austrinam</span> <span class='ocrx_word' id='word_1_189' title='bbox 2371 1224 2603 1280; x_wconf 84' lang='lat' dir='ltr'>venisse</span> <span class='ocrx_word' id='word_1_190' title='bbox 2634 1225 2922 1297; x_wconf 80' lang='lat' dir='ltr'>reginam,</span> <span class='ocrx_word' id='word_1_191' title='bbox 2966 1230 3035 1279; x_wconf 92' lang='lat' dir='ltr'>ut</span> <span class='ocrx_word' id='word_1_192' title='bbox 3081 1223 3435 1296; x_wconf 83' lang='lat' dir='ltr'>sapientiam</span> <span class='ocrx_word' id='word_1_193' title='bbox 3493 1222 3658 1278; x_wconf 83' lang='lat' dir='ltr'>Solo-</span> 
     </span>
    </p>
   </div>
   <div class='ocr_carea' id='block_1_27' title="bbox 2013 1311 3663 1385">
    <p class='ocr_par' dir='ltr' id='par_1_27' title="bbox 2013 1311 3663 1385">
     <span class='ocr_line' id='line_1_27' title="bbox 2013 1311 3663 1385; baseline -0.002 -14"><span class='ocrx_word' id='word_1_194' title='bbox 2013 1316 2209 1371; x_wconf 89' lang='lat' dir='ltr'>monis</span> <span class='ocrx_word' id='word_1_195' title='bbox 2265 1319 2555 1370; x_wconf 87' lang='lat' dir='ltr'>cerneret.</span> <span class='ocrx_word' id='word_1_196' title='bbox 2618 1315 2687 1373; x_wconf 89' lang='lat' dir='ltr'>Et</span> <span class='ocrx_word' id='word_1_197' title='bbox 2747 1314 3021 1369; x_wconf 90' lang='lat' dir='ltr'>Sirachus</span> <span class='ocrx_word' id='word_1_198' title='bbox 3077 1313 3525 1385; x_wconf 90' lang='lat' dir='ltr'>sapientissima</span> <span class='ocrx_word' id='word_1_199' title='bbox 3558 1311 3663 1367; x_wconf 86' lang='lat' dir='ltr'>-ita</span> 
     </span>
    </p>
   </div>
   <div class='ocr_carea' id='block_1_28' title="bbox 2014 1400 3664 1475">
    <p class='ocr_par' dir='ltr' id='par_1_28' title="bbox 2014 1400 3664 1475">
     <span class='ocr_line' id='line_1_28' title="bbox 2014 1400 3664 1475; baseline -0.002 -14"><span class='ocrx_word' id='word_1_200' title='bbox 2014 1421 2150 1461; x_wconf 89' lang='lat' dir='ltr'>eum</span> <span class='ocrx_word' id='word_1_201' title='bbox 2177 1404 2503 1474; x_wconf 86' lang='lat' dir='ltr'>alloquitur</span> <span class='ocrx_word' id='word_1_202' title='bbox 2531 1400 2616 1457; x_wconf 73' lang='lat'>‘3:</span> <span class='ocrx_word' id='word_1_203' title='bbox 2653 1425 2680 1453; x_wconf 79' lang='grc' dir='ltr'>α</span> <span class='ocrx_word' id='word_1_204' title='bbox 2713 1404 2756 1459; x_wconf 90' lang='grc' dir='ltr'><strong>Ο</strong></span> <span class='ocrx_word' id='word_1_205' title='bbox 2790 1403 3091 1467; x_wconf 91' lang='lat' dir='ltr'>Solomon,</span> <span class='ocrx_word' id='word_1_206' title='bbox 3127 1403 3187 1457; x_wconf 92' lang='lat' dir='ltr'>in</span> <span class='ocrx_word' id='word_1_207' title='bbox 3218 1403 3531 1475; x_wconf 83' lang='lat' dir='ltr'>juventute</span> <span class='ocrx_word' id='word_1_208' title='bbox 3560 1407 3664 1457; x_wconf 86' lang='lat' dir='ltr'>tua</span> 
     </span>
    </p>
   </div>
   <div class='ocr_carea' id='block_1_29' title="bbox 2016 1490 3667 1565">
    <p class='ocr_par' dir='ltr' id='par_1_29' title="bbox 2016 1490 3667 1565">
     <span class='ocr_line' id='line_1_29' title="bbox 2016 1490 3667 1565; baseline -0.002 -16"><span class='ocrx_word' id='word_1_209' title='bbox 2016 1494 2252 1565; x_wconf 90' lang='lat' dir='ltr'>sapiens</span> <span class='ocrx_word' id='word_1_210' title='bbox 2283 1493 2471 1548; x_wconf 90' lang='lat' dir='ltr'>factus</span> <span class='ocrx_word' id='word_1_211' title='bbox 2496 1508 2581 1560; x_wconf 92' lang='lat' dir='ltr'>es,</span> <span class='ocrx_word' id='word_1_212' title='bbox 2613 1498 2789 1562; x_wconf 89' lang='lat' dir='ltr'>atque</span> <span class='ocrx_word' id='word_1_213' title='bbox 2821 1492 3016 1549; x_wconf 89' lang='lat' dir='ltr'>amnis</span> <span class='ocrx_word' id='word_1_214' title='bbox 3047 1492 3236 1548; x_wconf 90' lang='lat' dir='ltr'>instar</span> <span class='ocrx_word' id='word_1_215' title='bbox 3275 1492 3524 1548; x_wconf 87' lang='lat' dir='ltr'>scientia</span> <span class='ocrx_word' id='word_1_216' title='bbox 3551 1490 3667 1545; x_wconf 88' lang='lat' dir='ltr'>im-</span> 
     </span>
    </p>
   </div>
   <div class='ocr_carea' id='block_1_30' title="bbox 2015 1579 3671 1654">
    <p class='ocr_par' dir='ltr' id='par_1_30' title="bbox 2015 1579 3671 1654">
     <span class='ocr_line' id='line_1_30' title="bbox 2015 1579 3671 1654; baseline -0.001 -17"><span class='ocrx_word' id='word_1_217' title='bbox 2015 1583 2228 1654; x_wconf 88' lang='lat' dir='ltr'>pletus.</span> <span class='ocrx_word' id='word_1_218' title='bbox 2262 1582 2563 1653; x_wconf 88' lang='lat' dir='ltr'>Sapientia</span> <span class='ocrx_word' id='word_1_219' title='bbox 2585 1588 2687 1638; x_wconf 87' lang='lat' dir='ltr'>tua</span> <span class='ocrx_word' id='word_1_220' title='bbox 2717 1588 2937 1637; x_wconf 89' lang='lat' dir='ltr'>terram</span> <span class='ocrx_word' id='word_1_221' title='bbox 2970 1582 3392 1653; x_wconf 85' lang='lat' dir='ltr'>texit,eamqne</span> <span class='ocrx_word' id='word_1_222' title='bbox 3422 1579 3671 1653; x_wconf 83' lang='lat' dir='ltr'>parabo-</span> 
     </span>
    </p>
   </div>
   <div class='ocr_carea' id='block_1_31' title="bbox 2016 1670 3667 1743">
    <p class='ocr_par' dir='ltr' id='par_1_31' title="bbox 2016 1670 3667 1743">
     <span class='ocr_line' id='line_1_31' title="bbox 2016 1670 3667 1743; baseline -0.001 -17"><span class='ocrx_word' id='word_1_223' title='bbox 2016 1671 2090 1726; x_wconf 89' lang='lat' dir='ltr'>lis</span> <span class='ocrx_word' id='word_1_224' title='bbox 2122 1672 2173 1726; x_wconf 91' lang='lat' dir='ltr'>ei</span> <span class='ocrx_word' id='word_1_225' title='bbox 2202 1671 2523 1727; x_wconf 89' lang='lat' dir='ltr'>subtilibus</span> <span class='ocrx_word' id='word_1_226' title='bbox 2555 1670 2984 1742; x_wconf 68' lang='lat' dir='ltr'>quaestionibus</span> <span class='ocrx_word' id='word_1_227' title='bbox 3016 1670 3338 1743; x_wconf 88' lang='lat' dir='ltr'>replevisti.</span> <span class='ocrx_word' id='word_1_228' title='bbox 3380 1671 3573 1743; x_wconf 84' lang='lat' dir='ltr'>Longe</span> <span class='ocrx_word' id='word_1_229' title='bbox 3603 1670 3667 1724; x_wconf 91' lang='lat' dir='ltr'>in</span> 
     </span>
    </p>
   </div>
   <div class='ocr_carea' id='block_1_32' title="bbox 2019 1759 3667 1833">
    <p class='ocr_par' dir='ltr' id='par_1_32' title="bbox 2019 1759 3667 1833">
     <span class='ocr_line' id='line_1_32' title="bbox 2019 1759 3667 1833; baseline -0.002 -16"><span class='ocrx_word' id='word_1_230' title='bbox 2019 1762 2247 1817; x_wconf 87' lang='lat' dir='ltr'>insulas</span> <span class='ocrx_word' id='word_1_231' title='bbox 2279 1767 2337 1817; x_wconf 93' lang='lat' dir='ltr'>et</span> <span class='ocrx_word' id='word_1_232' title='bbox 2368 1767 2626 1817; x_wconf 89' lang='lat' dir='ltr'>remotas</span> <span class='ocrx_word' id='word_1_233' title='bbox 2656 1767 2844 1817; x_wconf 85' lang='lat' dir='ltr'>terras</span> <span class='ocrx_word' id='word_1_234' title='bbox 2870 1767 2970 1817; x_wconf 90' lang='lat' dir='ltr'>tua</span> <span class='ocrx_word' id='word_1_235' title='bbox 3026 1763 3313 1817; x_wconf 89' lang='lat' dir='ltr'>memoria</span> <span class='ocrx_word' id='word_1_236' title='bbox 3362 1759 3667 1833; x_wconf 85' lang='lat' dir='ltr'>pervenit:</span> 
     </span>
    </p>
   </div>
   <div class='ocr_carea' id='block_1_33' title="bbox 247 1841 1926 1924">
    <p class='ocr_par' dir='ltr' id='par_1_33' title="bbox 247 1841 1901 1921">
     <span class='ocr_line' id='line_1_33' title="bbox 247 1841 1901 1921; baseline 0.004 -23"><span class='ocrx_word' id='word_1_237' title='bbox 247 1841 556 1913; x_wconf 70' lang='grc' dir='ltr'>ἐνέπλησας</span> <span class='ocrx_word' id='word_1_238' title='bbox 614 1844 667 1900; x_wconf 85' lang='grc' dir='ltr'>ἐν</span> <span class='ocrx_word' id='word_1_239' title='bbox 726 1842 1071 1921; x_wconf 77' lang='grc' dir='ltr'>παραϐολαῖς</span> <span class='ocrx_word' id='word_1_240' title='bbox 1123 1845 1481 1921; x_wconf 78' lang='grc' dir='ltr'>αῖνιγμάτων.</span> <span class='ocrx_word' id='word_1_241' title='bbox 1541 1845 1636 1905; x_wconf 80' lang='grc' dir='ltr'>Εἷς</span> <span class='ocrx_word' id='word_1_242' title='bbox 1702 1845 1901 1914; x_wconf 79' lang='grc' dir='ltr'>νήσους</span> 
     </span>
    </p>
   </div>
   <div class='ocr_carea' id='block_1_34' title="bbox 2023 1841 3668 1924">
    <p class='ocr_par' dir='ltr' id='par_1_34' title="bbox 2023 1849 3668 1924">
     <span class='ocr_line' id='line_1_34' title="bbox 2023 1849 3668 1924; baseline -0.003 -16"><span class='ocrx_word' id='word_1_243' title='bbox 2023 1853 2347 1924; x_wconf 77' lang='lat' dir='ltr'>charusque</span> <span class='ocrx_word' id='word_1_244' title='bbox 2380 1852 2542 1907; x_wconf 84' lang='lat' dir='ltr'>fuisti</span> <span class='ocrx_word' id='word_1_245' title='bbox 2578 1852 2639 1907; x_wconf 93' lang='lat' dir='ltr'>in</span> <span class='ocrx_word' id='word_1_246' title='bbox 2685 1852 2884 1922; x_wconf 85' lang='lat' dir='ltr'>quiete</span> <span class='ocrx_word' id='word_1_247' title='bbox 2939 1857 3060 1918; x_wconf 88' lang='lat' dir='ltr'>tua,</span> <span class='ocrx_word' id='word_1_248' title='bbox 3112 1851 3391 1907; x_wconf 87' lang='lat' dir='ltr'>divinitus</span> <span class='ocrx_word' id='word_1_249' title='bbox 3445 1849 3668 1921; x_wconf 87' lang='lat' dir='ltr'>paratis</span> 
     </span>
    </p>
   </div>
   <div class='ocr_carea' id='block_1_35' title="bbox 243 1929 1906 2010">
    <p class='ocr_par' dir='ltr' id='par_1_35' title="bbox 243 1929 1906 2010">
     <span class='ocr_line' id='line_1_35' title="bbox 243 1929 1906 2010; baseline 0 -24"><span class='ocrx_word' id='word_1_250' title='bbox 243 1929 441 2006; x_wconf 75' lang='grc' dir='ltr'>τιόῤῥω</span> <span class='ocrx_word' id='word_1_251' title='bbox 471 1933 562 1988; x_wconf 76' lang='grc' dir='ltr'>καὶ</span> <span class='ocrx_word' id='word_1_252' title='bbox 599 1935 806 2007; x_wconf 75' lang='grc' dir='ltr'>μακράς</span> <span class='ocrx_word' id='word_1_253' title='bbox 857 1936 1043 2010; x_wconf 85' lang='grc' dir='ltr'>χώρας</span> <span class='ocrx_word' id='word_1_254' title='bbox 1077 1933 1296 1990; x_wconf 77' lang='grc' dir='ltr'>ἀφίκετό</span> <span class='ocrx_word' id='word_1_255' title='bbox 1357 1955 1452 1989; x_wconf 91' lang='grc' dir='ltr'>σου</span> <span class='ocrx_word' id='word_1_256' title='bbox 1502 1934 1565 1989; x_wconf 86' lang='grc' dir='ltr'>τὸ</span> <span class='ocrx_word' id='word_1_257' title='bbox 1621 1932 1906 2008; x_wconf 91' lang='grc' dir='ltr'>μνημόσυ-</span> 
     </span>
    </p>
   </div>
   <div class='ocr_carea' id='block_1_36' title="bbox 247 2023 1905 2100">
    <p class='ocr_par' dir='ltr' id='par_1_36' title="bbox 247 2023 1905 2100">
     <span class='ocr_line' id='line_1_36' title="bbox 247 2023 1905 2100; baseline 0.001 -25"><span class='ocrx_word' id='word_1_258' title='bbox 247 2043 367 2091; x_wconf 89' lang='grc' dir='ltr'>νον,</span> <span class='ocrx_word' id='word_1_259' title='bbox 398 2024 492 2077; x_wconf 80' lang='grc' dir='ltr'>καὶ</span> <span class='ocrx_word' id='word_1_260' title='bbox 523 2025 820 2097; x_wconf 71' lang='grc' dir='ltr'>ἠγαπήθης</span> <span class='ocrx_word' id='word_1_261' title='bbox 853 2024 907 2079; x_wconf 86' lang='grc' dir='ltr'>ἐν</span> <span class='ocrx_word' id='word_1_262' title='bbox 936 2028 1003 2098; x_wconf 72' lang='grc' dir='ltr'>τῇ</span> <span class='ocrx_word' id='word_1_263' title='bbox 1056 2024 1246 2100; x_wconf 54' lang='grc' dir='ltr'>είρήνῃ</span> <span class='ocrx_word' id='word_1_264' title='bbox 1304 2045 1422 2095; x_wconf 85' lang='grc' dir='ltr'>σου,</span> <span class='ocrx_word' id='word_1_265' title='bbox 1467 2023 1533 2093; x_wconf 77' lang='grc' dir='ltr'>ἢν</span> <span class='ocrx_word' id='word_1_266' title='bbox 1579 2023 1905 2080; x_wconf 72' lang='grc' dir='ltr'>κατέπαυσεν</span> 
     </span>
    </p>
   </div>
   <div class='ocr_carea' id='block_1_37' title="bbox 255 2110 1911 2190">
    <p class='ocr_par' dir='ltr' id='par_1_37' title="bbox 255 2110 1911 2190">
     <span class='ocr_line' id='line_1_37' title="bbox 255 2110 1911 2190; baseline 0.001 -24"><span class='ocrx_word' id='word_1_267' title='bbox 255 2112 283 2165; x_wconf 87' lang='lat'>6</span> <span class='ocrx_word' id='word_1_268' title='bbox 316 2111 452 2174; x_wconf 83' lang='grc' dir='ltr'>Θεὸς</span> <span class='ocrx_word' id='word_1_269' title='bbox 480 2111 769 2178; x_wconf 78' lang='grc' dir='ltr'>κυκλόθεν.</span> <span class='ocrx_word' id='word_1_270' title='bbox 803 2114 904 2170; x_wconf 81' lang='grc' dir='ltr'>Καὶ</span> <span class='ocrx_word' id='word_1_271' title='bbox 940 2110 1110 2187; x_wconf 80' lang='grc' dir='ltr'>ᾠδαῖς</span> <span class='ocrx_word' id='word_1_272' title='bbox 1145 2115 1237 2168; x_wconf 86' lang='grc' dir='ltr'>καὶ</span> <span class='ocrx_word' id='word_1_273' title='bbox 1293 2113 1613 2190; x_wconf 82' lang='grc' dir='ltr'>παροιμίαις</span> <span class='ocrx_word' id='word_1_274' title='bbox 1658 2112 1747 2168; x_wconf 78' lang='grc' dir='ltr'>καὶ</span> <span class='ocrx_word' id='word_1_275' title='bbox 1805 2133 1911 2168; x_wconf 87' lang='grc' dir='ltr'>πα-</span> 
     </span>
    </p>
   </div>
   <div class='ocr_carea' id='block_1_38' title="bbox 260 2195 1912 2279">
    <p class='ocr_par' dir='ltr' id='par_1_38' title="bbox 260 2195 1912 2279">
     <span class='ocr_line' id='line_1_38' title="bbox 260 2195 1912 2279; baseline 0.001 -24"><span class='ocrx_word' id='word_1_276' title='bbox 260 2195 532 2277; x_wconf 77' lang='grc' dir='ltr'>ραϐολαῖς</span> <span class='ocrx_word' id='word_1_277' title='bbox 580 2202 1031 2276; x_wconf 77' lang='grc' dir='ltr'>ἐθαυμαστώθης.</span> <span class='ocrx_word' id='word_1_278' title='bbox 1090 2203 1190 2258; x_wconf 81' lang='grc' dir='ltr'>Καὶ</span> <span class='ocrx_word' id='word_1_279' title='bbox 1249 2205 1547 2279; x_wconf 76' lang='grc' dir='ltr'>συνήγαγες</span> <span class='ocrx_word' id='word_1_280' title='bbox 1601 2202 1676 2264; x_wconf 83' lang='grc' dir='ltr'>ὡς</span> <span class='ocrx_word' id='word_1_281' title='bbox 1729 2201 1912 2258; x_wconf 84' lang='grc' dir='ltr'>κασσί-</span> 
     </span>
    </p>
   </div>
   <div class='ocr_carea' id='block_1_39' title="bbox 252 2287 1909 2367">
    <p class='ocr_par' dir='ltr' id='par_1_39' title="bbox 252 2287 1909 2367">
     <span class='ocr_line' id='line_1_39' title="bbox 252 2287 1909 2367; baseline 0.001 -22"><span class='ocrx_word' id='word_1_282' title='bbox 252 2309 409 2365; x_wconf 88' lang='grc' dir='ltr'>τερον</span> <span class='ocrx_word' id='word_1_283' title='bbox 436 2291 502 2345; x_wconf 84' lang='grc' dir='ltr'>τὸ</span> <span class='ocrx_word' id='word_1_284' title='bbox 534 2293 787 2366; x_wconf 86' lang='grc' dir='ltr'>χρυσίον,</span> <span class='ocrx_word' id='word_1_285' title='bbox 820 2292 908 2347; x_wconf 80' lang='grc' dir='ltr'>καὶ</span> <span class='ocrx_word' id='word_1_286' title='bbox 940 2293 1012 2354; x_wconf 87' lang='grc' dir='ltr'>ὡς</span> <span class='ocrx_word' id='word_1_287' title='bbox 1064 2287 1331 2366; x_wconf 78' lang='grc' dir='ltr'>μόλιϐδον</span> <span class='ocrx_word' id='word_1_288' title='bbox 1390 2291 1699 2362; x_wconf 73' lang='grc' dir='ltr'>ἰπλήθυνας</span> <span class='ocrx_word' id='word_1_289' title='bbox 1748 2289 1909 2367; x_wconf 81' lang='grc' dir='ltr'>ἄργυ-</span> 
     </span>
    </p>
   </div>
   <div class='ocr_carea' id='block_1_40' title="bbox 251 2375 1905 2455">
    <p class='ocr_par' dir='ltr' id='par_1_40' title="bbox 251 2375 1905 2455">
     <span class='ocr_line' id='line_1_40' title="bbox 251 2375 1905 2455; baseline 0.001 -24"><span class='ocrx_word' id='word_1_290' title='bbox 251 2396 368 2450; x_wconf 84' lang='grc' dir='ltr'>ρον.</span> <span class='ocrx_word' id='word_1_291' title='bbox 432 2375 614 2434; x_wconf 81' lang='grc' dir='ltr'>Ἀλλὰ</span> <span class='ocrx_word' id='word_1_292' title='bbox 662 2378 990 2454; x_wconf 75' lang='grc' dir='ltr'>παρὲκλινας</span> <span class='ocrx_word' id='word_1_293' title='bbox 1045 2379 1143 2443; x_wconf 75' lang='grc' dir='ltr'>τὰς</span> <span class='ocrx_word' id='word_1_294' title='bbox 1225 2378 1459 2454; x_wconf 85' lang='grc' dir='ltr'>λαγόνας</span> <span class='ocrx_word' id='word_1_295' title='bbox 1530 2400 1626 2434; x_wconf 88' lang='grc' dir='ltr'>σου</span> <span class='ocrx_word' id='word_1_296' title='bbox 1676 2378 1905 2455; x_wconf 82' lang='grc' dir='ltr'>γυναιξὶ,</span> 
     </span>
    </p>
   </div>
   <div class='ocr_carea' id='block_1_41' title="bbox 260 2465 1907 2541">
    <p class='ocr_par' dir='ltr' id='par_1_41' title="bbox 260 2465 1907 2541">
     <span class='ocr_line' id='line_1_41' title="bbox 260 2465 1907 2541; baseline 0.002 -21"><span class='ocrx_word' id='word_1_297' title='bbox 260 2466 349 2520; x_wconf 73' lang='grc' dir='ltr'>καί</span> <span class='ocrx_word' id='word_1_298' title='bbox 407 2465 820 2537; x_wconf 75' lang='grc' dir='ltr'>ἔνεξουσιάσθης</span> <span class='ocrx_word' id='word_1_299' title='bbox 873 2468 927 2523; x_wconf 71' lang='grc' dir='ltr'>ἐν</span> <span class='ocrx_word' id='word_1_300' title='bbox 982 2472 1062 2541; x_wconf 84' lang='grc' dir='ltr'>τῷ</span> <span class='ocrx_word' id='word_1_301' title='bbox 1119 2467 1332 2541; x_wconf 88' lang='grc' dir='ltr'>σώματί</span> <span class='ocrx_word' id='word_1_302' title='bbox 1380 2490 1498 2539; x_wconf 89' lang='grc' dir='ltr'>συυ,</span> <span class='ocrx_word' id='word_1_303' title='bbox 1551 2469 1641 2524; x_wconf 84' lang='grc' dir='ltr'>καὶ</span> <span class='ocrx_word' id='word_1_304' title='bbox 1697 2465 1907 2529; x_wconf 86' lang='grc' dir='ltr'>ἐδωκας</span> 
     </span>
    </p>
   </div>
   <div class='ocr_carea' id='block_1_42' title="bbox 252 2554 1911 2633">
    <p class='ocr_par' dir='ltr' id='par_1_42' title="bbox 252 2554 1911 2633">
     <span class='ocr_line' id='line_1_42' title="bbox 252 2554 1911 2633; baseline -0.002 -19"><span class='ocrx_word' id='word_1_305' title='bbox 252 2564 448 2632; x_wconf 80' lang='grc' dir='ltr'>μῶμον</span> <span class='ocrx_word' id='word_1_306' title='bbox 482 2558 535 2613; x_wconf 77' lang='grc' dir='ltr'>ἐν</span> <span class='ocrx_word' id='word_1_307' title='bbox 566 2563 637 2632; x_wconf 75' lang='grc' dir='ltr'>τῇ</span> <span class='ocrx_word' id='word_1_308' title='bbox 672 2557 802 2633; x_wconf 74' lang='grc' dir='ltr'>δόξῃ</span> <span class='ocrx_word' id='word_1_309' title='bbox 864 2580 986 2629; x_wconf 85' lang='grc' dir='ltr'>σου,</span> <span class='ocrx_word' id='word_1_310' title='bbox 1027 2559 1118 2614; x_wconf 79' lang='grc' dir='ltr'>καὶ</span> <span class='ocrx_word' id='word_1_311' title='bbox 1175 2554 1526 2630; x_wconf 76' lang='grc' dir='ltr'>ἐϐεϐήλωσας</span> <span class='ocrx_word' id='word_1_312' title='bbox 1584 2558 1648 2614; x_wconf 85' lang='grc' dir='ltr'>τὸ</span> <span class='ocrx_word' id='word_1_313' title='bbox 1696 2556 1911 2633; x_wconf 73' lang='grc' dir='ltr'>σπέρμα</span> 
     </span>
    </p>
   </div>
   <div class='ocr_carea' id='block_1_43' title="bbox 257 2645 1909 2724">
    <p class='ocr_par' dir='ltr' id='par_1_43' title="bbox 257 2645 1909 2724">
     <span class='ocr_line' id='line_1_43' title="bbox 257 2645 1909 2724; baseline -0.002 -23"><span class='ocrx_word' id='word_1_314' title='bbox 257 2666 373 2719; x_wconf 84' lang='grc' dir='ltr'>σου,</span> <span class='ocrx_word' id='word_1_315' title='bbox 405 2647 705 2724; x_wconf 78' lang='grc' dir='ltr'>ἐπαγαγεῖν</span> <span class='ocrx_word' id='word_1_316' title='bbox 751 2646 917 2723; x_wconf 68' lang='grc' dir='ltr'>ὀργήν</span> <span class='ocrx_word' id='word_1_317' title='bbox 971 2646 1061 2704; x_wconf 77' lang='grc' dir='ltr'>ἐπὶ</span> <span class='ocrx_word' id='word_1_318' title='bbox 1108 2650 1175 2703; x_wconf 76' lang='grc' dir='ltr'>τὰ</span> <span class='ocrx_word' id='word_1_319' title='bbox 1228 2647 1385 2703; x_wconf 82' lang='grc' dir='ltr'>τέκνα</span> <span class='ocrx_word' id='word_1_320' title='bbox 1442 2668 1560 2704; x_wconf 89' lang='grc' dir='ltr'>σου.</span> <span class='ocrx_word' id='word_1_321' title='bbox 1595 2670 1623 2699; x_wconf 89' lang='grc'>››</span> <span class='ocrx_word' id='word_1_322' title='bbox 1664 2645 1740 2704; x_wconf 80' lang='grc' dir='ltr'>Οὐ</span> <span class='ocrx_word' id='word_1_323' title='bbox 1799 2649 1909 2719; x_wconf 76' lang='grc' dir='ltr'>μὴν</span> 
     </span>
    </p>
   </div>
   <div class='ocr_carea' id='block_1_44' title="bbox 259 2742 1910 2824">
    <p class='ocr_par' dir='ltr' id='par_1_44' title="bbox 259 2742 1910 2824">
     <span class='ocr_line' id='line_1_44' title="bbox 259 2742 1910 2824; baseline -0.004 -19"><span class='ocrx_word' id='word_1_324' title='bbox 259 2748 314 2805; x_wconf 78' lang='grc' dir='ltr'>δὶ</span> <span class='ocrx_word' id='word_1_325' title='bbox 344 2746 497 2804; x_wconf 74' lang='grc' dir='ltr'>ἆλλᾶ</span> <span class='ocrx_word' id='word_1_326' title='bbox 524 2745 617 2802; x_wconf 76' lang='grc' dir='ltr'>καὶ</span> <span class='ocrx_word' id='word_1_327' title='bbox 649 2744 812 2810; x_wconf 83' lang='grc' dir='ltr'>αὐτὸς</span> <span class='ocrx_word' id='word_1_328' title='bbox 840 2742 909 2800; x_wconf 86' lang='grc' dir='ltr'>δι’</span> <span class='ocrx_word' id='word_1_329' title='bbox 936 2746 1127 2801; x_wconf 69' lang='grc' dir='ltr'>ἑαυτοῦ</span> <span class='ocrx_word' id='word_1_330' title='bbox 1183 2744 1482 2824; x_wconf 70' lang='grc' dir='ltr'>σαφέστατα</span> <span class='ocrx_word' id='word_1_331' title='bbox 1529 2743 1652 2820; x_wconf 82' lang='grc' dir='ltr'>περὶ</span> <span class='ocrx_word' id='word_1_332' title='bbox 1701 2745 1788 2818; x_wconf 92' lang='grc' dir='ltr'>[Ρ.</span> <span class='ocrx_word' id='word_1_333' title='bbox 1818 2743 1910 2814; x_wconf 82' lang='grc'>96]</span> 
     </span>
    </p>
   </div>
   <div class='ocr_carea' id='block_1_45' title="bbox 252 2827 1914 2912">
    <p class='ocr_par' dir='ltr' id='par_1_45' title="bbox 252 2827 1914 2912">
     <span class='ocr_line' id='line_1_45' title="bbox 252 2827 1914 2912; baseline -0.006 -18"><span class='ocrx_word' id='word_1_334' title='bbox 252 2845 353 2909; x_wconf 78' lang='grc' dir='ltr'>τῆς</span> <span class='ocrx_word' id='word_1_335' title='bbox 395 2834 540 2897; x_wconf 78' lang='grc' dir='ltr'>ἰδίας</span> <span class='ocrx_word' id='word_1_336' title='bbox 573 2834 767 2911; x_wconf 77' lang='grc' dir='ltr'>σοφίας</span> <span class='ocrx_word' id='word_1_337' title='bbox 801 2834 893 2889; x_wconf 79' lang='grc' dir='ltr'>καὶ</span> <span class='ocrx_word' id='word_1_338' title='bbox 923 2839 1021 2889; x_wconf 79' lang='grc' dir='ltr'>τοῦ</span> <span class='ocrx_word' id='word_1_339' title='bbox 1051 2833 1295 2890; x_wconf 78' lang='grc' dir='ltr'>πλούτου</span> <span class='ocrx_word' id='word_1_340' title='bbox 1336 2833 1522 2912; x_wconf 84' lang='grc' dir='ltr'>φησίν·</span> <span class='ocrx_word' id='word_1_341' title='bbox 1582 2858 1610 2885; x_wconf 88' lang='grc'><em>‹‹</em></span> <span class='ocrx_word' id='word_1_342' title='bbox 1644 2831 1805 2906; x_wconf 87' lang='grc' dir='ltr'>Ἐμοὶ</span> <span class='ocrx_word' id='word_1_343' title='bbox 1855 2827 1914 2887; x_wconf 70' lang='grc' dir='ltr'>δὲ</span> 
     </span>
    </p>
   </div>
   <div class='ocr_carea' id='block_1_46' title="bbox 256 2922 1912 3001">
    <p class='ocr_par' dir='ltr' id='par_1_46' title="bbox 256 2922 1912 3001">
     <span class='ocr_line' id='line_1_46' title="bbox 256 2922 1912 3001; baseline -0.005 -17"><span class='ocrx_word' id='word_1_344' title='bbox 256 2927 371 3001; x_wconf 78' lang='grc' dir='ltr'>δῴη</span> <span class='ocrx_word' id='word_1_345' title='bbox 423 2928 454 2981; x_wconf 89' lang='lat'>6</span> <span class='ocrx_word' id='word_1_346' title='bbox 512 2926 645 2986; x_wconf 86' lang='grc' dir='ltr'>Θεὸς</span> <span class='ocrx_word' id='word_1_347' title='bbox 706 2926 843 2979; x_wconf 75' lang='grc' dir='ltr'>κατὰ</span> <span class='ocrx_word' id='word_1_348' title='bbox 892 2923 1116 3000; x_wconf 85' lang='grc' dir='ltr'>γνώμην</span> <span class='ocrx_word' id='word_1_349' title='bbox 1176 2923 1343 2979; x_wconf 80' lang='grc' dir='ltr'>εἰπεῖν</span> <span class='ocrx_word' id='word_1_350' title='bbox 1396 2922 1487 2978; x_wconf 86' lang='grc' dir='ltr'>καὶ</span> <span class='ocrx_word' id='word_1_351' title='bbox 1544 2922 1912 2995; x_wconf 77' lang='grc' dir='ltr'>ἐνθυμηθῆναι</span> 
     </span>
    </p>
   </div>
   <div class='ocr_carea' id='block_1_47' title="bbox 254 3010 1913 3089">
    <p class='ocr_par' dir='ltr' id='par_1_47' title="bbox 254 3010 1913 3089">
     <span class='ocr_line' id='line_1_47' title="bbox 254 3010 1913 3089; baseline -0.006 -16"><span class='ocrx_word' id='word_1_352' title='bbox 254 3018 419 3088; x_wconf 78' lang='grc' dir='ltr'>ἀξίως</span> <span class='ocrx_word' id='word_1_353' title='bbox 448 3021 560 3071; x_wconf 86' lang='grc' dir='ltr'>τῶν</span> <span class='ocrx_word' id='word_1_354' title='bbox 596 3014 934 3089; x_wconf 74' lang='grc' dir='ltr'>λεγομὲνων,</span> <span class='ocrx_word' id='word_1_355' title='bbox 993 3013 1077 3068; x_wconf 77' lang='grc' dir='ltr'>ὅτι</span> <span class='ocrx_word' id='word_1_356' title='bbox 1134 3012 1296 3075; x_wconf 80' lang='grc' dir='ltr'>αὐτὸς</span> <span class='ocrx_word' id='word_1_357' title='bbox 1343 3014 1372 3067; x_wconf 93' lang='lat'>6</span> <span class='ocrx_word' id='word_1_358' title='bbox 1413 3010 1608 3087; x_wconf 74' lang='grc' dir='ltr'>Κύριος</span> <span class='ocrx_word' id='word_1_359' title='bbox 1666 3012 1755 3066; x_wconf 83' lang='grc' dir='ltr'>καὶ</span> <span class='ocrx_word' id='word_1_360' title='bbox 1814 3017 1913 3081; x_wconf 85' lang='grc' dir='ltr'>τῆς</span> 
     </span>
    </p>
   </div>
   <div class='ocr_carea' id='block_1_48' title="bbox 254 3096 1914 3184">
    <p class='ocr_par' dir='ltr' id='par_1_48' title="bbox 254 3096 1914 3184">
     <span class='ocr_line' id='line_1_48' title="bbox 254 3096 1914 3184; baseline -0.004 -24"><span class='ocrx_word' id='word_1_361' title='bbox 254 3104 447 3184; x_wconf 84' lang='grc' dir='ltr'>σοφίας</span> <span class='ocrx_word' id='word_1_362' title='bbox 483 3100 685 3177; x_wconf 80' lang='grc' dir='ltr'>ὁδηγός</span> <span class='ocrx_word' id='word_1_363' title='bbox 716 3101 828 3157; x_wconf 76' lang='grc' dir='ltr'>ἐστι</span> <span class='ocrx_word' id='word_1_364' title='bbox 867 3101 959 3156; x_wconf 80' lang='grc' dir='ltr'>καὶ</span> <span class='ocrx_word' id='word_1_365' title='bbox 1016 3105 1122 3157; x_wconf 89' lang='grc' dir='ltr'>τῶν</span> <span class='ocrx_word' id='word_1_366' title='bbox 1182 3104 1363 3177; x_wconf 84' lang='grc' dir='ltr'>σοφῶν</span> <span class='ocrx_word' id='word_1_367' title='bbox 1434 3096 1763 3174; x_wconf 78' lang='grc' dir='ltr'>διορθωτής.</span> <span class='ocrx_word' id='word_1_368' title='bbox 1823 3100 1914 3157; x_wconf 83' lang='grc' dir='ltr'>Ἐν</span> 
     </span>
    </p>
   </div>
   <div class='ocr_carea' id='block_1_49' title="bbox 2015 1939 3665 2014">
    <p class='ocr_par' dir='ltr' id='par_1_49' title="bbox 2015 1939 3665 2014">
     <span class='ocr_line' id='line_1_49' title="bbox 2015 1939 3665 2014; baseline -0.002 -17"><span class='ocrx_word' id='word_1_369' title='bbox 2015 1943 2239 1998; x_wconf 86' lang='lat' dir='ltr'>circum</span> <span class='ocrx_word' id='word_1_370' title='bbox 2262 1947 2317 1997; x_wconf 89' lang='lat' dir='ltr'>te</span> <span class='ocrx_word' id='word_1_371' title='bbox 2340 1940 2703 2014; x_wconf 80' lang='lat' dir='ltr'>regionibus.</span> <span class='ocrx_word' id='word_1_372' title='bbox 2738 1941 3015 1997; x_wconf 88' lang='lat' dir='ltr'>Carmina</span> <span class='ocrx_word' id='word_1_373' title='bbox 3044 1946 3162 2008; x_wconf 92' lang='lat' dir='ltr'>tua,</span> <span class='ocrx_word' id='word_1_374' title='bbox 3199 1939 3447 1995; x_wconf 89' lang='lat' dir='ltr'>dicteria</span> <span class='ocrx_word' id='word_1_375' title='bbox 3476 1945 3535 1994; x_wconf 88' lang='lat' dir='ltr'>et</span> <span class='ocrx_word' id='word_1_376' title='bbox 3563 1953 3665 2010; x_wconf 84' lang='lat' dir='ltr'>pa-</span> 
     </span>
    </p>
   </div>
   <div class='ocr_carea' id='block_1_50' title="bbox 2015 2027 3664 2098">
    <p class='ocr_par' dir='ltr' id='par_1_50' title="bbox 2015 2027 3664 2098">
     <span class='ocr_line' id='line_1_50' title="bbox 2015 2027 3664 2098; baseline -0.004 -11"><span class='ocrx_word' id='word_1_377' title='bbox 2015 2031 2235 2088; x_wconf 65' lang='lat' dir='ltr'>rabolae</span> <span class='ocrx_word' id='word_1_378' title='bbox 2264 2030 2721 2087; x_wconf 86' lang='lat' dir='ltr'>admirationem</span> <span class='ocrx_word' id='word_1_379' title='bbox 2753 2030 2839 2085; x_wconf 88' lang='lat' dir='ltr'>tui</span> <span class='ocrx_word' id='word_1_380' title='bbox 2867 2032 3217 2086; x_wconf 81' lang='lat' dir='ltr'>excitarunt.</span> <span class='ocrx_word' id='word_1_381' title='bbox 3244 2031 3471 2085; x_wconf 82' lang='lat' dir='ltr'>Aurum</span> <span class='ocrx_word' id='word_1_382' title='bbox 3498 2027 3664 2098; x_wconf 90' lang='lat' dir='ltr'>cupri</span> 
     </span>
    </p>
   </div>
   <div class='ocr_carea' id='block_1_51' title="bbox 2016 2117 3666 2192">
    <p class='ocr_par' dir='ltr' id='par_1_51' title="bbox 2016 2117 3666 2192">
     <span class='ocr_line' id='line_1_51' title="bbox 2016 2117 3666 2192; baseline -0.002 -17"><span class='ocrx_word' id='word_1_383' title='bbox 2016 2122 2205 2177; x_wconf 88' lang='lat' dir='ltr'>instar</span> <span class='ocrx_word' id='word_1_384' title='bbox 2233 2119 2545 2192; x_wconf 82' lang='lat' dir='ltr'>collegisti,</span> <span class='ocrx_word' id='word_1_385' title='bbox 2578 2135 2646 2175; x_wconf 92' lang='lat' dir='ltr'>ac</span> <span class='ocrx_word' id='word_1_386' title='bbox 2677 2125 2985 2191; x_wconf 78' lang='lat' dir='ltr'>argentum</span> <span class='ocrx_word' id='word_1_387' title='bbox 3012 2137 3082 2176; x_wconf 91' lang='lat' dir='ltr'>ea</span> <span class='ocrx_word' id='word_1_388' title='bbox 3110 2119 3281 2191; x_wconf 90' lang='lat' dir='ltr'>c0pia</span> <span class='ocrx_word' id='word_1_389' title='bbox 3309 2135 3377 2174; x_wconf 86' lang='lat' dir='ltr'>ac</span> <span class='ocrx_word' id='word_1_390' title='bbox 3393 2117 3443 2174; x_wconf 89' lang='lat' dir='ltr'>si</span> <span class='ocrx_word' id='word_1_391' title='bbox 3469 2117 3666 2190; x_wconf 91' lang='lat' dir='ltr'>plum-</span> 
     </span>
    </p>
   </div>
   <div class='ocr_carea' id='block_1_52' title="bbox 2015 2206 3667 2266">
    <p class='ocr_par' dir='ltr' id='par_1_52' title="bbox 2015 2206 3667 2266">
     <span class='ocr_line' id='line_1_52' title="bbox 2015 2206 3667 2266; baseline -0.004 0"><span class='ocrx_word' id='word_1_392' title='bbox 2015 2211 2158 2266; x_wconf 90' lang='lat' dir='ltr'>bum</span> <span class='ocrx_word' id='word_1_393' title='bbox 2190 2215 2364 2266; x_wconf 88' lang='lat' dir='ltr'>esset.</span> <span class='ocrx_word' id='word_1_394' title='bbox 2398 2210 2707 2264; x_wconf 85' lang='lat' dir='ltr'>Enimvero</span> <span class='ocrx_word' id='word_1_395' title='bbox 2739 2209 2926 2264; x_wconf 90' lang='lat' dir='ltr'>lumbi</span> <span class='ocrx_word' id='word_1_396' title='bbox 2968 2210 3053 2265; x_wconf 88' lang='lat' dir='ltr'>tui</span> <span class='ocrx_word' id='word_1_397' title='bbox 3095 2208 3449 2265; x_wconf 89' lang='lat' dir='ltr'>mulieribus</span> <span class='ocrx_word' id='word_1_398' title='bbox 3479 2206 3667 2262; x_wconf 90' lang='lat' dir='ltr'>dediti</span> 
     </span>
    </p>
   </div>
   <div class='ocr_carea' id='block_1_53' title="bbox 2016 2297 3668 2371">
    <p class='ocr_par' dir='ltr' id='par_1_53' title="bbox 2016 2297 3668 2371">
     <span class='ocr_line' id='line_1_53' title="bbox 2016 2297 3668 2371; baseline -0.004 -14"><span class='ocrx_word' id='word_1_399' title='bbox 2016 2302 2276 2367; x_wconf 85' lang='lat' dir='ltr'>fuerunt,</span> <span class='ocrx_word' id='word_1_400' title='bbox 2312 2305 2534 2371; x_wconf 88' lang='lat' dir='ltr'>tuoque</span> <span class='ocrx_word' id='word_1_401' title='bbox 2567 2316 2630 2354; x_wconf 90' lang='lat' dir='ltr'>es</span> <span class='ocrx_word' id='word_1_402' title='bbox 2660 2300 2879 2355; x_wconf 87' lang='lat' dir='ltr'>abusus</span> <span class='ocrx_word' id='word_1_403' title='bbox 2908 2317 3176 2371; x_wconf 85' lang='lat' dir='ltr'>corpore.</span> <span class='ocrx_word' id='word_1_404' title='bbox 3226 2300 3417 2365; x_wconf 88' lang='lat' dir='ltr'>Quare</span> <span class='ocrx_word' id='word_1_405' title='bbox 3460 2297 3668 2370; x_wconf 72' lang='lat' dir='ltr'>glorias</span> 
     </span>
    </p>
   </div>
   <div class='ocr_carea' id='block_1_54' title="bbox 2017 2387 3667 2461">
    <p class='ocr_par' dir='ltr' id='par_1_54' title="bbox 2017 2387 3667 2461">
     <span class='ocr_line' id='line_1_54' title="bbox 2017 2387 3667 2461; baseline -0.003 -16"><span class='ocrx_word' id='word_1_406' title='bbox 2017 2396 2132 2447; x_wconf 70' lang='lat' dir='ltr'>tuae</span> <span class='ocrx_word' id='word_1_407' title='bbox 2164 2390 2456 2446; x_wconf 89' lang='lat' dir='ltr'>maculam</span> <span class='ocrx_word' id='word_1_408' title='bbox 2492 2389 2827 2457; x_wconf 85' lang='lat' dir='ltr'>innussisti,</span> <span class='ocrx_word' id='word_1_409' title='bbox 2860 2393 3141 2459; x_wconf 89' lang='lat' dir='ltr'>tuamque</span> <span class='ocrx_word' id='word_1_410' title='bbox 3165 2387 3507 2461; x_wconf 88' lang='lat' dir='ltr'>progeniem</span> <span class='ocrx_word' id='word_1_411' title='bbox 3529 2402 3667 2441; x_wconf 84' lang='lat' dir='ltr'>con-</span> 
     </span>
    </p>
   </div>
   <div class='ocr_carea' id='block_1_55' title="bbox 2020 2475 3669 2550">
    <p class='ocr_par' dir='ltr' id='par_1_55' title="bbox 2020 2475 3669 2550">
     <span class='ocr_line' id='line_1_55' title="bbox 2020 2475 3669 2550; baseline -0.007 -15"><span class='ocrx_word' id='word_1_412' title='bbox 2020 2480 2344 2547; x_wconf 88' lang='lat' dir='ltr'>taminasti,</span> <span class='ocrx_word' id='word_1_413' title='bbox 2370 2479 2706 2550; x_wconf 90' lang='lat' dir='ltr'>iratumque</span> <span class='ocrx_word' id='word_1_414' title='bbox 2738 2477 2892 2549; x_wconf 87' lang='lat' dir='ltr'>proli</span> <span class='ocrx_word' id='word_1_415' title='bbox 2925 2483 3039 2533; x_wconf 70' lang='lat' dir='ltr'>tum</span> <span class='ocrx_word' id='word_1_416' title='bbox 3072 2478 3256 2533; x_wconf 89' lang='lat' dir='ltr'>Deum</span> <span class='ocrx_word' id='word_1_417' title='bbox 3280 2475 3612 2532; x_wconf 88' lang='lat' dir='ltr'>reddidisti.</span> <span class='ocrx_word' id='word_1_418' title='bbox 3640 2496 3669 2524; x_wconf 84' lang='lat'><strong><em>»</em></strong></span> 
     </span>
    </p>
   </div>
   <div class='ocr_carea' id='block_1_56' title="bbox 2018 2564 3672 2641">
    <p class='ocr_par' dir='ltr' id='par_1_56' title="bbox 2018 2564 3672 2641">
     <span class='ocr_line' id='line_1_56' title="bbox 2018 2564 3672 2641; baseline -0.003 -17"><span class='ocrx_word' id='word_1_419' title='bbox 2018 2572 2100 2625; x_wconf 86' lang='lat' dir='ltr'>Ac</span> <span class='ocrx_word' id='word_1_420' title='bbox 2131 2570 2257 2641; x_wconf 91' lang='lat' dir='ltr'>ipse</span> <span class='ocrx_word' id='word_1_421' title='bbox 2289 2568 2529 2639; x_wconf 87' lang='lat' dir='ltr'>quidem</span> <span class='ocrx_word' id='word_1_422' title='bbox 2562 2569 2685 2623; x_wconf 90' lang='lat' dir='ltr'>suis</span> <span class='ocrx_word' id='word_1_423' title='bbox 2707 2567 2897 2624; x_wconf 87' lang='lat' dir='ltr'>verbis</span> <span class='ocrx_word' id='word_1_424' title='bbox 2919 2567 3292 2639; x_wconf 88' lang='lat' dir='ltr'>apertissime</span> <span class='ocrx_word' id='word_1_425' title='bbox 3317 2564 3672 2637; x_wconf 82' lang='lat' dir='ltr'>sapientiam</span> 
     </span>
    </p>
   </div>
   <div class='ocr_carea' id='block_1_57' title="bbox 2018 2653 3670 2728">
    <p class='ocr_par' dir='ltr' id='par_1_57' title="bbox 2018 2653 3670 2728">
     <span class='ocr_line' id='line_1_57' title="bbox 2018 2653 3670 2728; baseline -0.004 -14"><span class='ocrx_word' id='word_1_426' title='bbox 2018 2658 2371 2728; x_wconf 88' lang='lat' dir='ltr'>divitiasque</span> <span class='ocrx_word' id='word_1_427' title='bbox 2395 2672 2532 2713; x_wconf 89' lang='lat' dir='ltr'>suas</span> <span class='ocrx_word' id='word_1_428' title='bbox 2558 2657 2859 2728; x_wconf 65' lang='lat' dir='ltr'>praedicat.</span> <span class='ocrx_word' id='word_1_429' title='bbox 2878 2680 2903 2705; x_wconf 87' lang='lat'><strong>«</strong></span> <span class='ocrx_word' id='word_1_430' title='bbox 2922 2656 3083 2721; x_wconf 85' lang='lat' dir='ltr'>Mihi,</span> <span class='ocrx_word' id='word_1_431' title='bbox 3106 2656 3368 2721; x_wconf 79' lang='lat' dir='ltr'>ait,Deus</span> <span class='ocrx_word' id='word_1_432' title='bbox 3385 2653 3670 2727; x_wconf 88' lang='lat' dir='ltr'>largiatur</span> 
     </span>
    </p>
   </div>
   <div class='ocr_carea' id='block_1_58' title="bbox 2018 2742 3673 2819">
    <p class='ocr_par' dir='ltr' id='par_1_58' title="bbox 2018 2742 3673 2819">
     <span class='ocr_line' id='line_1_58' title="bbox 2018 2742 3673 2819; baseline -0.004 -16"><span class='ocrx_word' id='word_1_433' title='bbox 2018 2753 2085 2803; x_wconf 91' lang='lat' dir='ltr'>ut</span> <span class='ocrx_word' id='word_1_434' title='bbox 2114 2752 2274 2802; x_wconf 89' lang='lat' dir='ltr'>recte</span> <span class='ocrx_word' id='word_1_435' title='bbox 2304 2746 2554 2819; x_wconf 82' lang='lat' dir='ltr'>cogitem</span> <span class='ocrx_word' id='word_1_436' title='bbox 2581 2751 2758 2817; x_wconf 86' lang='lat' dir='ltr'>atque</span> <span class='ocrx_word' id='word_1_437' title='bbox 2790 2745 3037 2816; x_wconf 91' lang='lat' dir='ltr'>eloquar</span> <span class='ocrx_word' id='word_1_438' title='bbox 3066 2761 3197 2815; x_wconf 64' lang='lat' dir='ltr'>quas</span> <span class='ocrx_word' id='word_1_439' title='bbox 3213 2742 3512 2800; x_wconf 87' lang='lat' dir='ltr'>dicuntur.</span> <span class='ocrx_word' id='word_1_440' title='bbox 3541 2743 3673 2814; x_wconf 84' lang='lat' dir='ltr'>Ipse</span> 
     </span>
    </p>
   </div>
   <div class='ocr_carea' id='block_1_59' title="bbox 2018 2833 3672 2905">
    <p class='ocr_par' dir='ltr' id='par_1_59' title="bbox 2018 2833 3672 2905">
     <span class='ocr_line' id='line_1_59' title="bbox 2018 2833 3672 2905; baseline -0.002 -14"><span class='ocrx_word' id='word_1_441' title='bbox 2018 2836 2181 2892; x_wconf 89' lang='lat' dir='ltr'>enim</span> <span class='ocrx_word' id='word_1_442' title='bbox 2212 2837 2497 2891; x_wconf 88' lang='lat' dir='ltr'>Dominus</span> <span class='ocrx_word' id='word_1_443' title='bbox 2529 2840 2587 2891; x_wconf 91' lang='lat' dir='ltr'>et</span> <span class='ocrx_word' id='word_1_444' title='bbox 2637 2835 2928 2890; x_wconf 89' lang='lat' dir='ltr'>saoientia</span> <span class='ocrx_word' id='word_1_445' title='bbox 2968 2833 3090 2888; x_wconf 82' lang='lat' dir='ltr'>dux</span> <span class='ocrx_word' id='word_1_446' title='bbox 3137 2840 3227 2889; x_wconf 91' lang='lat' dir='ltr'>est</span> <span class='ocrx_word' id='word_1_447' title='bbox 3276 2838 3330 2887; x_wconf 91' lang='lat' dir='ltr'>st</span> <span class='ocrx_word' id='word_1_448' title='bbox 3373 2833 3672 2905; x_wconf 86' lang='lat' dir='ltr'>sapientes</span> 
     </span>
    </p>
   </div>
   <div class='ocr_carea' id='block_1_60' title="bbox 2019 2923 3670 2998">
    <p class='ocr_par' dir='ltr' id='par_1_60' title="bbox 2019 2923 3670 2998">
     <span class='ocr_line' id='line_1_60' title="bbox 2019 2923 3670 2998; baseline -0.002 -17"><span class='ocrx_word' id='word_1_449' title='bbox 2019 2926 2221 2998; x_wconf 83' lang='lat' dir='ltr'>dirigit</span> <span class='ocrx_word' id='word_1_450' title='bbox 2245 2943 2257 2980; x_wconf 93' lang='lat'>:</span> <span class='ocrx_word' id='word_1_451' title='bbox 2287 2926 2504 2997; x_wconf 89' lang='lat' dir='ltr'>quippe</span> <span class='ocrx_word' id='word_1_452' title='bbox 2532 2926 2596 2980; x_wconf 92' lang='lat' dir='ltr'>in</span> <span class='ocrx_word' id='word_1_453' title='bbox 2626 2940 2808 2981; x_wconf 90' lang='lat' dir='ltr'>manu</span> <span class='ocrx_word' id='word_1_454' title='bbox 2829 2925 2960 2995; x_wconf 79' lang='lat' dir='ltr'>ejus</span> <span class='ocrx_word' id='word_1_455' title='bbox 2979 2929 3038 2979; x_wconf 90' lang='lat' dir='ltr'>et</span> <span class='ocrx_word' id='word_1_456' title='bbox 3057 2941 3167 2980; x_wconf 91' lang='lat' dir='ltr'>nos</span> <span class='ocrx_word' id='word_1_457' title='bbox 3190 2939 3396 2979; x_wconf 89' lang='lat' dir='ltr'>sumus</span> <span class='ocrx_word' id='word_1_458' title='bbox 3420 2928 3475 2978; x_wconf 85' lang='lat' dir='ltr'>at</span> <span class='ocrx_word' id='word_1_459' title='bbox 3494 2923 3670 2978; x_wconf 85' lang='lat' dir='ltr'>ratio-</span> 
     </span>
    </p>
   </div>
   <div class='ocr_carea' id='block_1_61' title="bbox 2019 3011 3674 3085">
    <p class='ocr_par' dir='ltr' id='par_1_61' title="bbox 2019 3011 3674 3085">
     <span class='ocr_line' id='line_1_61' title="bbox 2019 3011 3674 3085; baseline -0.001 -16"><span class='ocrx_word' id='word_1_460' title='bbox 2019 3030 2125 3070; x_wconf 90' lang='lat' dir='ltr'>nes</span> <span class='ocrx_word' id='word_1_461' title='bbox 2157 3020 2396 3069; x_wconf 70' lang='lat' dir='ltr'>nostraa.</span> <span class='ocrx_word' id='word_1_462' title='bbox 2429 3014 2561 3085; x_wconf 86' lang='lat' dir='ltr'>Ipse</span> <span class='ocrx_word' id='word_1_463' title='bbox 2592 3014 2752 3068; x_wconf 90' lang='lat' dir='ltr'>enim</span> <span class='ocrx_word' id='word_1_464' title='bbox 2784 3012 2930 3067; x_wconf 90' lang='lat' dir='ltr'>mihi</span> <span class='ocrx_word' id='word_1_465' title='bbox 2952 3029 3149 3068; x_wconf 87' lang='lat' dir='ltr'>veram</span> <span class='ocrx_word' id='word_1_466' title='bbox 3180 3028 3378 3067; x_wconf 90' lang='lat' dir='ltr'>rerum</span> <span class='ocrx_word' id='word_1_467' title='bbox 3393 3011 3674 3085; x_wconf 88' lang='lat' dir='ltr'>cognitio-</span> 
     </span>
    </p>
   </div>
   <div class='ocr_carea' id='block_1_62' title="bbox 2018 3101 3676 3172">
    <p class='ocr_par' dir='ltr' id='par_1_62' title="bbox 2018 3101 3676 3172">
     <span class='ocr_line' id='line_1_62' title="bbox 2018 3101 3676 3172; baseline -0.003 -13"><span class='ocrx_word' id='word_1_468' title='bbox 2018 3120 2179 3172; x_wconf 91' lang='lat' dir='ltr'>nem,</span> <span class='ocrx_word' id='word_1_469' title='bbox 2214 3102 2398 3170; x_wconf 90' lang='lat' dir='ltr'>dedit,</span> <span class='ocrx_word' id='word_1_470' title='bbox 2427 3108 2492 3157; x_wconf 93' lang='lat' dir='ltr'>ut</span> <span class='ocrx_word' id='word_1_471' title='bbox 2522 3103 2734 3157; x_wconf 85' lang='lat' dir='ltr'>scirem</span> <span class='ocrx_word' id='word_1_472' title='bbox 2762 3101 2967 3158; x_wconf 90' lang='lat' dir='ltr'>mundi</span> <span class='ocrx_word' id='word_1_473' title='bbox 2995 3101 3322 3171; x_wconf 83' lang='lat' dir='ltr'>exordium,</span> <span class='ocrx_word' id='word_1_474' title='bbox 3345 3101 3676 3156; x_wconf 90' lang='lat' dir='ltr'>elemento-</span> 
     </span>
    </p>
   </div>
   <div class='ocr_carea' id='block_1_63' title="bbox 255 3187 1926 3275">
    <p class='ocr_par' dir='ltr' id='par_1_63' title="bbox 255 3187 1909 3270">
     <span class='ocr_line' id='line_1_63' title="bbox 255 3187 1909 3270; baseline -0.004 -21"><span class='ocrx_word' id='word_1_475' title='bbox 255 3195 362 3270; x_wconf 71' lang='grc' dir='ltr'>γὰρ</span> <span class='ocrx_word' id='word_1_476' title='bbox 385 3192 536 3269; x_wconf 71' lang='grc' dir='ltr'>χειρῖ</span> <span class='ocrx_word' id='word_1_477' title='bbox 556 3191 726 3247; x_wconf 69' lang='grc' dir='ltr'>αὐτοῦ</span> <span class='ocrx_word' id='word_1_478' title='bbox 755 3190 846 3246; x_wconf 89' lang='grc' dir='ltr'>καὶ</span> <span class='ocrx_word' id='word_1_479' title='bbox 877 3195 1044 3263; x_wconf 72' lang='grc' dir='ltr'>ἡμεῖς</span> <span class='ocrx_word' id='word_1_480' title='bbox 1072 3190 1161 3245; x_wconf 84' lang='grc' dir='ltr'>καὶ</span> <span class='ocrx_word' id='word_1_481' title='bbox 1192 3190 1245 3244; x_wconf 81' lang='grc' dir='ltr'>οἱ</span> <span class='ocrx_word' id='word_1_482' title='bbox 1277 3187 1434 3263; x_wconf 87' lang='grc' dir='ltr'>λόγοι</span> <span class='ocrx_word' id='word_1_483' title='bbox 1492 3191 1676 3262; x_wconf 77' lang='grc' dir='ltr'>ἡμῶν.</span> <span class='ocrx_word' id='word_1_484' title='bbox 1739 3188 1909 3249; x_wconf 76' lang='grc' dir='ltr'>Αὐτὸς</span> 
     </span>
    </p>
   </div>
   <div class='ocr_carea' id='block_1_64' title="bbox 2023 3187 3676 3275">
    <p class='ocr_par' dir='ltr' id='par_1_64' title="bbox 2024 3190 3676 3264">
     <span class='ocr_line' id='line_1_64' title="bbox 2024 3190 3676 3264; baseline -0.003 -16"><span class='ocrx_word' id='word_1_485' title='bbox 2024 3209 2159 3248; x_wconf 90' lang='lat' dir='ltr'>rum</span> <span class='ocrx_word' id='word_1_486' title='bbox 2189 3193 2477 3257; x_wconf 87' lang='lat' dir='ltr'>actiones,</span> <span class='ocrx_word' id='word_1_487' title='bbox 2507 3191 2893 3264; x_wconf 90' lang='lat' dir='ltr'>principium,</span> <span class='ocrx_word' id='word_1_488' title='bbox 2936 3192 3117 3247; x_wconf 83' lang='lat' dir='ltr'>finem</span> <span class='ocrx_word' id='word_1_489' title='bbox 3149 3196 3209 3246; x_wconf 92' lang='lat' dir='ltr'>et</span> <span class='ocrx_word' id='word_1_490' title='bbox 3235 3190 3501 3246; x_wconf 87' lang='lat' dir='ltr'>medium</span> <span class='ocrx_word' id='word_1_491' title='bbox 3526 3194 3676 3245; x_wconf 90' lang='lat' dir='ltr'>tem-</span> 
     </span>
    </p>
   </div>
   <div class='ocr_carea' id='block_1_65' title="bbox 266 3273 1908 3357">
    <p class='ocr_par' dir='ltr' id='par_1_65' title="bbox 266 3273 1908 3357">
     <span class='ocr_line' id='line_1_65' title="bbox 266 3273 1908 3357; baseline -0.003 -21"><span class='ocrx_word' id='word_1_492' title='bbox 266 3283 369 3357; x_wconf 72' lang='grc' dir='ltr'>γὰρ</span> <span class='ocrx_word' id='word_1_493' title='bbox 420 3303 511 3355; x_wconf 83' lang='grc' dir='ltr'>μοι</span> <span class='ocrx_word' id='word_1_494' title='bbox 565 3278 766 3336; x_wconf 78' lang='grc' dir='ltr'>δέδωκε</span> <span class='ocrx_word' id='word_1_495' title='bbox 829 3283 938 3335; x_wconf 84' lang='grc' dir='ltr'>τῶν</span> <span class='ocrx_word' id='word_1_496' title='bbox 1004 3274 1173 3334; x_wconf 73' lang='grc' dir='ltr'>ὄντων</span> <span class='ocrx_word' id='word_1_497' title='bbox 1231 3278 1330 3347; x_wconf 79' lang='grc' dir='ltr'>τήν</span> <span class='ocrx_word' id='word_1_498' title='bbox 1383 3281 1582 3353; x_wconf 89' lang='grc' dir='ltr'>γνῶσιν</span> <span class='ocrx_word' id='word_1_499' title='bbox 1637 3273 1908 3351; x_wconf 76' lang='grc' dir='ltr'>ἀψευδῶς,</span> 
     </span>
    </p>
   </div>
   <div class='ocr_carea' id='block_1_66' title="bbox 277 3365 1912 3442">
    <p class='ocr_par' dir='ltr' id='par_1_66' title="bbox 277 3365 1912 3442">
     <span class='ocr_line' id='line_1_66' title="bbox 277 3365 1912 3442; baseline -0.004 -15"><span class='ocrx_word' id='word_1_500' title='bbox 277 3368 474 3427; x_wconf 69' lang='grc' dir='ltr'>εἰδέναι</span> <span class='ocrx_word' id='word_1_501' title='bbox 529 3370 767 3425; x_wconf 68' lang='grc' dir='ltr'>σύστασιν</span> <span class='ocrx_word' id='word_1_502' title='bbox 825 3372 927 3424; x_wconf 76' lang='grc' dir='ltr'>τοῦ</span> <span class='ocrx_word' id='word_1_503' title='bbox 982 3368 1195 3441; x_wconf 85' lang='grc' dir='ltr'>κόσμου</span> <span class='ocrx_word' id='word_1_504' title='bbox 1271 3367 1361 3422; x_wconf 85' lang='grc' dir='ltr'>καὶ</span> <span class='ocrx_word' id='word_1_505' title='bbox 1414 3365 1684 3442; x_wconf 80' lang='grc' dir='ltr'>ἐνεργείας</span> <span class='ocrx_word' id='word_1_506' title='bbox 1767 3386 1912 3421; x_wconf 85' lang='grc' dir='ltr'>στοι-</span> 
     </span>
    </p>
   </div>
   <div class='ocr_carea' id='block_1_67' title="bbox 275 3452 1908 3535">
    <p class='ocr_par' dir='ltr' id='par_1_67' title="bbox 275 3452 1908 3535">
     <span class='ocr_line' id='line_1_67' title="bbox 275 3452 1908 3535; baseline -0.003 -21"><span class='ocrx_word' id='word_1_507' title='bbox 275 3459 464 3535; x_wconf 78' lang='grc' dir='ltr'>χείων,</span> <span class='ocrx_word' id='word_1_508' title='bbox 496 3459 665 3535; x_wconf 69' lang='grc' dir='ltr'>ἀρχήν</span> <span class='ocrx_word' id='word_1_509' title='bbox 696 3457 789 3513; x_wconf 86' lang='grc' dir='ltr'>καὶ</span> <span class='ocrx_word' id='word_1_510' title='bbox 820 3456 979 3518; x_wconf 67' lang='grc' dir='ltr'>τέλος</span> <span class='ocrx_word' id='word_1_511' title='bbox 1010 3454 1099 3510; x_wconf 78' lang='grc' dir='ltr'>καί</span> <span class='ocrx_word' id='word_1_512' title='bbox 1133 3455 1405 3527; x_wconf 85' lang='grc' dir='ltr'>μεσότητα</span> <span class='ocrx_word' id='word_1_513' title='bbox 1453 3454 1692 3530; x_wconf 86' lang='grc' dir='ltr'>χρόνων,</span> <span class='ocrx_word' id='word_1_514' title='bbox 1737 3452 1908 3510; x_wconf 70' lang='grc' dir='ltr'>ἐνιαυ-</span> 
     </span>
    </p>
   </div>
   <div class='ocr_carea' id='block_1_68' title="bbox 264 3542 1908 3623">
    <p class='ocr_par' dir='ltr' id='par_1_68' title="bbox 264 3542 1908 3623">
     <span class='ocr_line' id='line_1_68' title="bbox 264 3542 1908 3623; baseline -0.004 -19"><span class='ocrx_word' id='word_1_515' title='bbox 264 3554 370 3604; x_wconf 79' lang='grc' dir='ltr'>τῶν</span> <span class='ocrx_word' id='word_1_516' title='bbox 400 3547 633 3610; x_wconf 69' lang='grc' dir='ltr'>κύκλους</span> <span class='ocrx_word' id='word_1_517' title='bbox 681 3547 774 3602; x_wconf 78' lang='grc' dir='ltr'>καὶ</span> <span class='ocrx_word' id='word_1_518' title='bbox 833 3544 1071 3621; x_wconf 74' lang='grc' dir='ltr'>ἀστέρων</span> <span class='ocrx_word' id='word_1_519' title='bbox 1129 3544 1323 3609; x_wconf 80' lang='grc' dir='ltr'>θὲσεις,</span> <span class='ocrx_word' id='word_1_520' title='bbox 1381 3544 1567 3623; x_wconf 75' lang='grc' dir='ltr'>φύσεις</span> <span class='ocrx_word' id='word_1_521' title='bbox 1607 3543 1759 3613; x_wconf 83' lang='grc' dir='ltr'>ζώων</span> <span class='ocrx_word' id='word_1_522' title='bbox 1816 3542 1908 3598; x_wconf 82' lang='grc' dir='ltr'>καὶ</span> 
     </span>
    </p>
   </div>
   <div class='ocr_carea' id='block_1_69' title="bbox 259 3631 1910 3711">
    <p class='ocr_par' dir='ltr' id='par_1_69' title="bbox 259 3631 1910 3711">
     <span class='ocr_line' id='line_1_69' title="bbox 259 3631 1910 3711; baseline -0.005 -17"><span class='ocrx_word' id='word_1_523' title='bbox 259 3638 466 3711; x_wconf 67' lang='grc' dir='ltr'>θυμοὺς</span> <span class='ocrx_word' id='word_1_524' title='bbox 515 3640 742 3709; x_wconf 78' lang='grc' dir='ltr'>θηρίων,</span> <span class='ocrx_word' id='word_1_525' title='bbox 798 3636 1119 3708; x_wconf 75' lang='grc' dir='ltr'>πνευμάτων</span> <span class='ocrx_word' id='word_1_526' title='bbox 1186 3635 1311 3710; x_wconf 88' lang='grc' dir='ltr'>βίας</span> <span class='ocrx_word' id='word_1_527' title='bbox 1365 3635 1452 3689; x_wconf 79' lang='grc' dir='ltr'>καὶ</span> <span class='ocrx_word' id='word_1_528' title='bbox 1516 3631 1910 3708; x_wconf 73' lang='grc' dir='ltr'>διαλογισμοὺς</span> 
     </span>
    </p>
   </div>
   <div class='ocr_carea' id='block_1_70' title="bbox 255 3720 1912 3803">
    <p class='ocr_par' dir='ltr' id='par_1_70' title="bbox 255 3720 1912 3803">
     <span class='ocr_line' id='line_1_70' title="bbox 255 3720 1912 3803; baseline -0.005 -20"><span class='ocrx_word' id='word_1_529' title='bbox 255 3727 582 3800; x_wconf 58' lang='grc' dir='ltr'>ἀνθρώπων,</span> <span class='ocrx_word' id='word_1_530' title='bbox 615 3723 875 3803; x_wconf 74' lang='grc' dir='ltr'>διαφορὰς</span> <span class='ocrx_word' id='word_1_531' title='bbox 899 3727 1078 3803; x_wconf 84' lang='grc' dir='ltr'>φυτῶν</span> <span class='ocrx_word' id='word_1_532' title='bbox 1111 3723 1200 3777; x_wconf 74' lang='grc' dir='ltr'>καί</span> <span class='ocrx_word' id='word_1_533' title='bbox 1262 3720 1520 3796; x_wconf 77' lang='grc' dir='ltr'>δυνάμεις</span> <span class='ocrx_word' id='word_1_534' title='bbox 1570 3721 1754 3797; x_wconf 80' lang='grc' dir='ltr'>ῥιζῶν,</span> <span class='ocrx_word' id='word_1_535' title='bbox 1812 3722 1912 3776; x_wconf 79' lang='grc' dir='ltr'>’ὀσα</span> 
     </span>
    </p>
   </div>
   <div class='ocr_carea' id='block_1_71' title="bbox 251 3805 1912 3891">
    <p class='ocr_par' dir='ltr' id='par_1_71' title="bbox 251 3805 1912 3891">
     <span class='ocr_line' id='line_1_71' title="bbox 251 3805 1912 3891; baseline -0.005 -19"><span class='ocrx_word' id='word_1_536' title='bbox 251 3817 309 3872; x_wconf 81' lang='grc' dir='ltr'><strong>τέ</strong></span> <span class='ocrx_word' id='word_1_537' title='bbox 337 3816 451 3872; x_wconf 74' lang='grc' dir='ltr'>ἐστι</span> <span class='ocrx_word' id='word_1_538' title='bbox 486 3815 703 3890; x_wconf 69' lang='grc' dir='ltr'>κρυπτὰ</span> <span class='ocrx_word' id='word_1_539' title='bbox 748 3813 841 3869; x_wconf 88' lang='grc' dir='ltr'>καὶ</span> <span class='ocrx_word' id='word_1_540' title='bbox 898 3811 1114 3891; x_wconf 77' lang='grc' dir='ltr'>ἐμφανῆ</span> <span class='ocrx_word' id='word_1_541' title='bbox 1173 3805 1366 3889; x_wconf 79' lang='grc' dir='ltr'>ἔγνων.</span> <span class='ocrx_word' id='word_1_542' title='bbox 1426 3812 1489 3867; x_wconf 71' lang='lat'>&#39;0</span> <span class='ocrx_word' id='word_1_543' title='bbox 1540 3812 1642 3885; x_wconf 72' lang='grc' dir='ltr'>γὰρ</span> <span class='ocrx_word' id='word_1_544' title='bbox 1699 3811 1912 3865; x_wconf 74' lang='grc' dir='ltr'>πάντων</span> 
     </span>
    </p>
   </div>
   <div class='ocr_carea' id='block_1_72' title="bbox 254 3899 1910 3985">
    <p class='ocr_par' dir='ltr' id='par_1_72' title="bbox 254 3899 1910 3985">
     <span class='ocr_line' id='line_1_72' title="bbox 254 3899 1910 3985; baseline -0.004 -24"><span class='ocrx_word' id='word_1_545' title='bbox 254 3905 519 3985; x_wconf 75' lang='grc' dir='ltr'>τεχνίτης</span> <span class='ocrx_word' id='word_1_546' title='bbox 551 3901 760 3976; x_wconf 77' lang='grc' dir='ltr'>ἐδίδαξὲ</span> <span class='ocrx_word' id='word_1_547' title='bbox 793 3923 860 3976; x_wconf 86' lang='grc' dir='ltr'>με</span> <span class='ocrx_word' id='word_1_548' title='bbox 916 3901 1124 3976; x_wconf 85' lang='grc' dir='ltr'>σοφίαν.</span> <span class='ocrx_word' id='word_1_549' title='bbox 1187 3904 1287 3956; x_wconf 77' lang='grc' dir='ltr'>Καὶ</span> <span class='ocrx_word' id='word_1_550' title='bbox 1343 3899 1450 3976; x_wconf 85' lang='grc' dir='ltr'>ἐγὼ</span> <span class='ocrx_word' id='word_1_551' title='bbox 1509 3899 1910 3969; x_wconf 69' lang='grc' dir='ltr'>ἐκκλησιαστὴς</span> 
     </span>
    </p>
   </div>
   <div class='ocr_carea' id='block_1_73' title="bbox 254 3987 1911 4072">
    <p class='ocr_par' dir='ltr' id='par_1_73' title="bbox 254 3987 1911 4072">
     <span class='ocr_line' id='line_1_73' title="bbox 254 3987 1911 4072; baseline -0.005 -21"><span class='ocrx_word' id='word_1_552' title='bbox 254 3995 531 4072; x_wconf 70' lang='grc' dir='ltr'>ἆγενόμην</span> <span class='ocrx_word' id='word_1_553' title='bbox 593 3991 848 4069; x_wconf 67' lang='grc' dir='ltr'>βασιλεὺς</span> <span class='ocrx_word' id='word_1_554' title='bbox 906 3991 1130 4067; x_wconf 76' lang='grc' dir='ltr'>Ἰσραὴλ</span> <span class='ocrx_word' id='word_1_555' title='bbox 1214 3989 1267 4045; x_wconf 78' lang='grc' dir='ltr'>ἐν</span> <span class='ocrx_word' id='word_1_556' title='bbox 1353 3988 1742 4063; x_wconf 82' lang='grc' dir='ltr'>Ἰερουσαλὴμ,</span> <span class='ocrx_word' id='word_1_557' title='bbox 1820 3987 1911 4043; x_wconf 82' lang='grc' dir='ltr'>καὶ</span> 
     </span>
    </p>
   </div>
   <div class='ocr_carea' id='block_1_74' title="bbox 255 4076 1913 4159">
    <p class='ocr_par' dir='ltr' id='par_1_74' title="bbox 255 4076 1913 4159">
     <span class='ocr_line' id='line_1_74' title="bbox 255 4076 1913 4159; baseline -0.004 -19"><span class='ocrx_word' id='word_1_558' title='bbox 255 4082 439 4142; x_wconf 76' lang='grc' dir='ltr'>ἶδωκα</span> <span class='ocrx_word' id='word_1_559' title='bbox 469 4085 570 4152; x_wconf 77' lang='grc' dir='ltr'>τήν</span> <span class='ocrx_word' id='word_1_560' title='bbox 602 4080 825 4159; x_wconf 83' lang='grc' dir='ltr'>καρδίαν</span> <span class='ocrx_word' id='word_1_561' title='bbox 881 4102 985 4155; x_wconf 88' lang='grc' dir='ltr'>μου</span> <span class='ocrx_word' id='word_1_562' title='bbox 1030 4081 1127 4136; x_wconf 75' lang='grc' dir='ltr'>τοῦ</span> <span class='ocrx_word' id='word_1_563' title='bbox 1174 4078 1468 4151; x_wconf 79' lang='grc' dir='ltr'>ἐκζητῆσαι</span> <span class='ocrx_word' id='word_1_564' title='bbox 1516 4079 1605 4135; x_wconf 77' lang='grc' dir='ltr'>καὶ</span> <span class='ocrx_word' id='word_1_565' title='bbox 1653 4076 1913 4134; x_wconf 67' lang='grc' dir='ltr'>κατασκέ-</span> 
     </span>
    </p>
   </div>
   <div class='ocr_carea' id='block_1_75' title="bbox 258 4168 1915 4252">
    <p class='ocr_par' dir='ltr' id='par_1_75' title="bbox 258 4168 1915 4252">
     <span class='ocr_line' id='line_1_75' title="bbox 258 4168 1915 4252; baseline -0.003 -23"><span class='ocrx_word' id='word_1_566' title='bbox 258 4176 459 4252; x_wconf 77' lang='grc' dir='ltr'>ψασθαι</span> <span class='ocrx_word' id='word_1_567' title='bbox 520 4172 573 4228; x_wconf 74' lang='grc' dir='ltr'>ἒν</span> <span class='ocrx_word' id='word_1_568' title='bbox 627 4175 695 4246; x_wconf 78' lang='grc' dir='ltr'>τῇ</span> <span class='ocrx_word' id='word_1_569' title='bbox 753 4171 915 4248; x_wconf 80' lang='grc' dir='ltr'>σοφίᾳ</span> <span class='ocrx_word' id='word_1_570' title='bbox 972 4170 1095 4244; x_wconf 79' lang='grc' dir='ltr'>περὶ</span> <span class='ocrx_word' id='word_1_571' title='bbox 1152 4173 1260 4224; x_wconf 88' lang='grc' dir='ltr'>τῶν</span> <span class='ocrx_word' id='word_1_572' title='bbox 1319 4168 1622 4244; x_wconf 73' lang='grc' dir='ltr'>γενομένων</span> <span class='ocrx_word' id='word_1_573' title='bbox 1695 4169 1915 4225; x_wconf 77' lang='grc' dir='ltr'>πάντων</span> 
     </span>
    </p>
   </div>
   <div class='ocr_carea' id='block_1_76' title="bbox 260 4256 1915 4336">
    <p class='ocr_par' dir='ltr' id='par_1_76' title="bbox 260 4256 1915 4336">
     <span class='ocr_line' id='line_1_76' title="bbox 260 4256 1915 4336; baseline -0.005 -16"><span class='ocrx_word' id='word_1_574' title='bbox 260 4264 371 4320; x_wconf 74' lang='grc' dir='ltr'>ὑπὸ</span> <span class='ocrx_word' id='word_1_575' title='bbox 404 4263 501 4318; x_wconf 87' lang='grc' dir='ltr'>τὸν</span> <span class='ocrx_word' id='word_1_576' title='bbox 543 4260 795 4336; x_wconf 77' lang='grc' dir='ltr'>οὐρανόν.</span> <span class='ocrx_word' id='word_1_577' title='bbox 854 4257 954 4317; x_wconf 83' lang='grc' dir='ltr'>Καὶ</span> <span class='ocrx_word' id='word_1_578' title='bbox 1019 4257 1139 4314; x_wconf 77' lang='grc' dir='ltr'>ἰδοὺ</span> <span class='ocrx_word' id='word_1_579' title='bbox 1201 4256 1311 4335; x_wconf 72' lang='grc' dir='ltr'>ἐγὼ</span> <span class='ocrx_word' id='word_1_580' title='bbox 1368 4256 1768 4336; x_wconf 81' lang='grc' dir='ltr'>ἐμεγαλόνθην,</span> <span class='ocrx_word' id='word_1_581' title='bbox 1824 4258 1915 4312; x_wconf 85' lang='grc' dir='ltr'>καὶ</span> 
     </span>
    </p>
   </div>
   <div class='ocr_carea' id='block_1_77' title="bbox 252 4342 1917 4430">
    <p class='ocr_par' dir='ltr' id='par_1_77' title="bbox 252 4342 1917 4430">
     <span class='ocr_line' id='line_1_77' title="bbox 252 4342 1917 4430; baseline -0.005 -21"><span class='ocrx_word' id='word_1_582' title='bbox 252 4350 579 4430; x_wconf 74' lang='grc' dir='ltr'>προσέθηκα</span> <span class='ocrx_word' id='word_1_583' title='bbox 609 4349 796 4427; x_wconf 81' lang='grc' dir='ltr'>σοφίαν</span> <span class='ocrx_word' id='word_1_584' title='bbox 845 4346 933 4404; x_wconf 82' lang='grc' dir='ltr'>ἐπὶ</span> <span class='ocrx_word' id='word_1_585' title='bbox 992 4352 1153 4404; x_wconf 82' lang='grc' dir='ltr'>πᾶσιν</span> <span class='ocrx_word' id='word_1_586' title='bbox 1211 4346 1265 4402; x_wconf 79' lang='grc' dir='ltr'>οἳ</span> <span class='ocrx_word' id='word_1_587' title='bbox 1321 4345 1569 4422; x_wconf 71' lang='grc' dir='ltr'>ἐγένοντο</span> <span class='ocrx_word' id='word_1_588' title='bbox 1618 4342 1917 4421; x_wconf 73' lang='grc' dir='ltr'>ἔμπροσθέν</span> 
     </span>
    </p>
   </div>
   <div class='ocr_carea' id='block_1_78' title="bbox 257 4433 1914 4519">
    <p class='ocr_par' dir='ltr' id='par_1_78' title="bbox 257 4433 1914 4519">
     <span class='ocr_line' id='line_1_78' title="bbox 257 4433 1914 4519; baseline -0.004 -22"><span class='ocrx_word' id='word_1_589' title='bbox 257 4463 378 4516; x_wconf 86' lang='grc' dir='ltr'>μου</span> <span class='ocrx_word' id='word_1_590' title='bbox 406 4439 462 4496; x_wconf 76' lang='grc' dir='ltr'>ἐν</span> <span class='ocrx_word' id='word_1_591' title='bbox 523 4435 906 4514; x_wconf 75' lang='grc' dir='ltr'>Ἰερουσαλὴμ,</span> <span class='ocrx_word' id='word_1_592' title='bbox 965 4437 1056 4493; x_wconf 85' lang='grc' dir='ltr'>καὶ</span> <span class='ocrx_word' id='word_1_593' title='bbox 1129 4433 1325 4519; x_wconf 83' lang='grc' dir='ltr'>καρδία</span> <span class='ocrx_word' id='word_1_594' title='bbox 1387 4457 1494 4519; x_wconf 86' lang='grc' dir='ltr'>μου</span> <span class='ocrx_word' id='word_1_595' title='bbox 1542 4433 1654 4492; x_wconf 76' lang='grc' dir='ltr'>εἶδε</span> <span class='ocrx_word' id='word_1_596' title='bbox 1707 4433 1914 4505; x_wconf 68' lang='grc' dir='ltr'>πολλὰ,</span> 
     </span>
    </p>
   </div>
   <div class='ocr_carea' id='block_1_79' title="bbox 2020 3279 3671 3353">
    <p class='ocr_par' dir='ltr' id='par_1_79' title="bbox 2020 3279 3671 3353">
     <span class='ocr_line' id='line_1_79' title="bbox 2020 3279 3671 3353; baseline -0.002 -17"><span class='ocrx_word' id='word_1_597' title='bbox 2020 3296 2256 3353; x_wconf 88' lang='lat' dir='ltr'>porum,</span> <span class='ocrx_word' id='word_1_598' title='bbox 2307 3296 2601 3337; x_wconf 89' lang='lat' dir='ltr'>annorum</span> <span class='ocrx_word' id='word_1_599' title='bbox 2650 3280 3053 3347; x_wconf 90' lang='lat' dir='ltr'>circuitiones,</span> <span class='ocrx_word' id='word_1_600' title='bbox 3104 3280 3367 3336; x_wconf 88' lang='lat' dir='ltr'>siderum</span> <span class='ocrx_word' id='word_1_601' title='bbox 3421 3279 3671 3351; x_wconf 90' lang='lat' dir='ltr'>positus,</span> 
     </span>
    </p>
   </div>
   <div class='ocr_carea' id='block_1_80' title="bbox 2020 3369 3678 3440">
    <p class='ocr_par' dir='ltr' id='par_1_80' title="bbox 2020 3369 3678 3440">
     <span class='ocr_line' id='line_1_80' title="bbox 2020 3369 3678 3440; baseline -0.001 -15"><span class='ocrx_word' id='word_1_602' title='bbox 2020 3376 2265 3426; x_wconf 89' lang='lat' dir='ltr'>naturas</span> <span class='ocrx_word' id='word_1_603' title='bbox 2285 3369 2953 3440; x_wconf 73' lang='lat' dir='ltr'>animalium,saavitiem</span> <span class='ocrx_word' id='word_1_604' title='bbox 2976 3369 3258 3439; x_wconf 89' lang='lat' dir='ltr'>ferarum,</span> <span class='ocrx_word' id='word_1_605' title='bbox 3292 3369 3442 3424; x_wconf 87' lang='lat' dir='ltr'>vires</span> <span class='ocrx_word' id='word_1_606' title='bbox 3471 3372 3678 3423; x_wconf 90' lang='lat' dir='ltr'>vento-</span> 
     </span>
    </p>
   </div>
   <div class='ocr_carea' id='block_1_81' title="bbox 2019 3457 3669 3531">
    <p class='ocr_par' dir='ltr' id='par_1_81' title="bbox 2019 3457 3669 3531">
     <span class='ocr_line' id='line_1_81' title="bbox 2019 3457 3669 3531; baseline -0.002 -17"><span class='ocrx_word' id='word_1_607' title='bbox 2019 3460 2489 3521; x_wconf 88' lang='lat' dir='ltr'>rum.hominum</span> <span class='ocrx_word' id='word_1_608' title='bbox 2509 3458 3263 3531; x_wconf 87' lang='lat' dir='ltr'>cogitationes.plantarum</span> <span class='ocrx_word' id='word_1_609' title='bbox 3282 3457 3669 3523; x_wconf 79' lang='lat' dir='ltr'>differentias,</span> 
     </span>
    </p>
   </div>
   <div class='ocr_carea' id='block_1_82' title="bbox 2018 3546 3682 3620">
    <p class='ocr_par' dir='ltr' id='par_1_82' title="bbox 2018 3546 3682 3620">
     <span class='ocr_line' id='line_1_82' title="bbox 2018 3546 3682 3620; baseline -0.002 -17"><span class='ocrx_word' id='word_1_610' title='bbox 2018 3548 2285 3605; x_wconf 90' lang='lat' dir='ltr'>radicum</span> <span class='ocrx_word' id='word_1_611' title='bbox 2317 3549 2655 3603; x_wconf 84' lang='lat' dir='ltr'>facultates.</span> <span class='ocrx_word' id='word_1_612' title='bbox 2689 3547 2940 3620; x_wconf 87' lang='lat' dir='ltr'>Cognovi</span> <span class='ocrx_word' id='word_1_613' title='bbox 2973 3548 3175 3602; x_wconf 89' lang='lat' dir='ltr'>omnia</span> <span class='ocrx_word' id='word_1_614' title='bbox 3221 3552 3279 3601; x_wconf 89' lang='lat' dir='ltr'>et</span> <span class='ocrx_word' id='word_1_615' title='bbox 3331 3546 3566 3603; x_wconf 88' lang='lat' dir='ltr'>occulta</span> <span class='ocrx_word' id='word_1_616' title='bbox 3622 3549 3682 3600; x_wconf 86' lang='lat' dir='ltr'>et</span> 
     </span>
    </p>
   </div>
   <div class='ocr_carea' id='block_1_83' title="bbox 2021 3635 3680 3707">
    <p class='ocr_par' dir='ltr' id='par_1_83' title="bbox 2021 3635 3680 3707">
     <span class='ocr_line' id='line_1_83' title="bbox 2021 3635 3680 3707; baseline -0.002 -15"><span class='ocrx_word' id='word_1_617' title='bbox 2021 3638 2340 3694; x_wconf 87' lang='lat' dir='ltr'>manifesta</span> <span class='ocrx_word' id='word_1_618' title='bbox 2364 3656 2375 3691; x_wconf 89' lang='lat'>:</span> <span class='ocrx_word' id='word_1_619' title='bbox 2392 3653 2528 3693; x_wconf 88' lang='lat' dir='ltr'>nam</span> <span class='ocrx_word' id='word_1_620' title='bbox 2543 3637 2741 3707; x_wconf 86' lang='lat' dir='ltr'>opifex</span> <span class='ocrx_word' id='word_1_621' title='bbox 2752 3637 3019 3691; x_wconf 88' lang='lat' dir='ltr'>omnium</span> <span class='ocrx_word' id='word_1_622' title='bbox 3036 3635 3316 3691; x_wconf 83' lang='lat' dir='ltr'>instruxit</span> <span class='ocrx_word' id='word_1_623' title='bbox 3331 3652 3427 3690; x_wconf 88' lang='lat' dir='ltr'>me</span> <span class='ocrx_word' id='word_1_624' title='bbox 3441 3635 3680 3705; x_wconf 88' lang='lat' dir='ltr'>sapien-</span> 
     </span>
    </p>
   </div>
   <div class='ocr_carea' id='block_1_84' title="bbox 2021 3722 3680 3799">
    <p class='ocr_par' dir='ltr' id='par_1_84' title="bbox 2021 3722 3680 3799">
     <span class='ocr_line' id='line_1_84' title="bbox 2021 3722 3680 3799; baseline -0.002 -18"><span class='ocrx_word' id='word_1_625' title='bbox 2021 3727 2119 3781; x_wconf 91' lang='lat' dir='ltr'>tia.</span> <span class='ocrx_word' id='word_1_626' title='bbox 2141 3729 2254 3799; x_wconf 80' lang='lat' dir='ltr'>Ego</span> <span class='ocrx_word' id='word_1_627' title='bbox 2272 3726 2656 3782; x_wconf 89' lang='lat' dir='ltr'>concionator</span> <span class='ocrx_word' id='word_1_628' title='bbox 2670 3722 3097 3797; x_wconf 87' lang='lat' dir='ltr'>Hierosolymis</span> <span class='ocrx_word' id='word_1_629' title='bbox 3111 3741 3358 3796; x_wconf 82' lang='lat' dir='ltr'>regnum</span> <span class='ocrx_word' id='word_1_630' title='bbox 3374 3725 3434 3779; x_wconf 92' lang='lat' dir='ltr'>in</span> <span class='ocrx_word' id='word_1_631' title='bbox 3450 3723 3680 3779; x_wconf 84' lang='lat' dir='ltr'>Israeli-</span> 
     </span>
    </p>
   </div>
   <div class='ocr_carea' id='block_1_85' title="bbox 2022 3813 3674 3888">
    <p class='ocr_par' dir='ltr' id='par_1_85' title="bbox 2022 3813 3674 3888">
     <span class='ocr_line' id='line_1_85' title="bbox 2022 3813 3674 3888; baseline -0.002 -17"><span class='ocrx_word' id='word_1_632' title='bbox 2022 3832 2122 3871; x_wconf 90' lang='lat' dir='ltr'>cos</span> <span class='ocrx_word' id='word_1_633' title='bbox 2152 3816 2305 3888; x_wconf 87' lang='lat' dir='ltr'>gessi</span> <span class='ocrx_word' id='word_1_634' title='bbox 2332 3832 2345 3881; x_wconf 88' lang='lat'><strong>;</strong></span> <span class='ocrx_word' id='word_1_635' title='bbox 2376 3814 2702 3885; x_wconf 84' lang='lat' dir='ltr'>induxique</span> <span class='ocrx_word' id='word_1_636' title='bbox 2734 3815 2793 3869; x_wconf 90' lang='lat' dir='ltr'>in</span> <span class='ocrx_word' id='word_1_637' title='bbox 2814 3814 3082 3869; x_wconf 88' lang='lat' dir='ltr'>animum</span> <span class='ocrx_word' id='word_1_638' title='bbox 3104 3829 3305 3869; x_wconf 90' lang='lat' dir='ltr'>meum</span> <span class='ocrx_word' id='word_1_639' title='bbox 3328 3813 3674 3885; x_wconf 90' lang='lat' dir='ltr'>perquirere</span> 
     </span>
    </p>
   </div>
   <div class='ocr_carea' id='block_1_86' title="bbox 2022 3903 3671 3975">
    <p class='ocr_par' dir='ltr' id='par_1_86' title="bbox 2022 3903 3671 3975">
     <span class='ocr_line' id='line_1_86' title="bbox 2022 3903 3671 3975; baseline -0.004 -13"><span class='ocrx_word' id='word_1_640' title='bbox 2022 3906 2177 3962; x_wconf 70' lang='lat'>169</span> <span class='ocrx_word' id='word_1_641' title='bbox 2208 3904 2279 3960; x_wconf 93' lang='lat' dir='ltr'>de</span> <span class='ocrx_word' id='word_1_642' title='bbox 2310 3904 2608 3969; x_wconf 88' lang='lat' dir='ltr'>omnibus,</span> <span class='ocrx_word' id='word_1_643' title='bbox 2651 3919 2719 3958; x_wconf 93' lang='lat' dir='ltr'>ao</span> <span class='ocrx_word' id='word_1_644' title='bbox 2758 3903 3059 3975; x_wconf 87' lang='lat' dir='ltr'>sapienter</span> <span class='ocrx_word' id='word_1_645' title='bbox 3104 3904 3498 3975; x_wconf 86' lang='lat' dir='ltr'>pervestigare</span> <span class='ocrx_word' id='word_1_646' title='bbox 3544 3918 3671 3957; x_wconf 92' lang='lat' dir='ltr'>om-</span> 
     </span>
    </p>
   </div>
   <div class='ocr_carea' id='block_1_87' title="bbox 2023 3993 3666 4067">
    <p class='ocr_par' dir='ltr' id='par_1_87' title="bbox 2023 3993 3666 4067">
     <span class='ocr_line' id='line_1_87' title="bbox 2023 3993 3666 4067; baseline -0.001 -16"><span class='ocrx_word' id='word_1_647' title='bbox 2023 3996 2126 4051; x_wconf 91' lang='lat' dir='ltr'>nia</span> <span class='ocrx_word' id='word_1_648' title='bbox 2156 4013 2285 4067; x_wconf 74' lang='lat' dir='ltr'>qum</span> <span class='ocrx_word' id='word_1_649' title='bbox 2304 3994 2413 4050; x_wconf 89' lang='lat' dir='ltr'>sub</span> <span class='ocrx_word' id='word_1_650' title='bbox 2434 3993 2580 4049; x_wconf 71' lang='lat' dir='ltr'>coelo</span> <span class='ocrx_word' id='word_1_651' title='bbox 2606 3994 2776 4050; x_wconf 83' lang='lat' dir='ltr'>ﬁunt.</span> <span class='ocrx_word' id='word_1_652' title='bbox 2805 3994 2951 4050; x_wconf 89' lang='lat' dir='ltr'>Ecce</span> <span class='ocrx_word' id='word_1_653' title='bbox 2974 3995 3268 4065; x_wconf 90' lang='lat' dir='ltr'>sapientia</span> <span class='ocrx_word' id='word_1_654' title='bbox 3288 3999 3494 4050; x_wconf 88' lang='lat' dir='ltr'>auctus</span> <span class='ocrx_word' id='word_1_655' title='bbox 3514 4010 3666 4062; x_wconf 91' lang='lat' dir='ltr'>sum,</span> 
     </span>
    </p>
   </div>
   <div class='ocr_carea' id='block_1_88' title="bbox 2025 4084 3674 4156">
    <p class='ocr_par' dir='ltr' id='par_1_88' title="bbox 2025 4084 3674 4156">
     <span class='ocr_line' id='line_1_88' title="bbox 2025 4084 3674 4156; baseline -0.002 -15"><span class='ocrx_word' id='word_1_656' title='bbox 2025 4101 2212 4156; x_wconf 90' lang='lat' dir='ltr'>eaque</span> <span class='ocrx_word' id='word_1_657' title='bbox 2242 4084 2511 4156; x_wconf 90' lang='lat' dir='ltr'>superavi</span> <span class='ocrx_word' id='word_1_658' title='bbox 2543 4099 2752 4138; x_wconf 91' lang='lat' dir='ltr'>omnes</span> <span class='ocrx_word' id='word_1_659' title='bbox 2782 4084 2883 4154; x_wconf 90' lang='lat' dir='ltr'>qui</span> <span class='ocrx_word' id='word_1_660' title='bbox 2914 4089 3050 4139; x_wconf 89' lang='lat' dir='ltr'>ante</span> <span class='ocrx_word' id='word_1_661' title='bbox 3079 4100 3174 4138; x_wconf 92' lang='lat' dir='ltr'>me</span> <span class='ocrx_word' id='word_1_662' title='bbox 3202 4084 3444 4140; x_wconf 88' lang='lat' dir='ltr'>fuerunt</span> <span class='ocrx_word' id='word_1_663' title='bbox 3464 4084 3674 4139; x_wconf 86' lang='lat' dir='ltr'>Hiero-</span> 
     </span>
    </p>
   </div>
   <div class='ocr_carea' id='block_1_89' title="bbox 2027 4171 3675 4247">
    <p class='ocr_par' dir='ltr' id='par_1_89' title="bbox 2027 4171 3675 4247">
     <span class='ocr_line' id='line_1_89' title="bbox 2027 4171 3675 4247; baseline -0.004 -15"><span class='ocrx_word' id='word_1_664' title='bbox 2027 4175 2294 4247; x_wconf 82' lang='lat' dir='ltr'>solymis,</span> <span class='ocrx_word' id='word_1_665' title='bbox 2326 4173 2681 4242; x_wconf 87' lang='lat' dir='ltr'>animusque</span> <span class='ocrx_word' id='word_1_666' title='bbox 2711 4188 2880 4227; x_wconf 90' lang='lat' dir='ltr'>meus</span> <span class='ocrx_word' id='word_1_667' title='bbox 2909 4173 3234 4228; x_wconf 88' lang='lat' dir='ltr'>multarum</span> <span class='ocrx_word' id='word_1_668' title='bbox 3259 4190 3457 4227; x_wconf 90' lang='lat' dir='ltr'>rerum</span> <span class='ocrx_word' id='word_1_669' title='bbox 3479 4171 3675 4244; x_wconf 87' lang='lat' dir='ltr'>cogni-</span> 
     </span>
    </p>
   </div>
   <div class='ocr_carea' id='block_1_90' title="bbox 2026 4260 3675 4333">
    <p class='ocr_par' dir='ltr' id='par_1_90' title="bbox 2026 4260 3675 4333">
     <span class='ocr_line' id='line_1_90' title="bbox 2026 4260 3675 4333; baseline -0.003 -13"><span class='ocrx_word' id='word_1_670' title='bbox 2026 4266 2188 4321; x_wconf 88' lang='lat' dir='ltr'>tione</span> <span class='ocrx_word' id='word_1_671' title='bbox 2220 4262 2332 4318; x_wconf 90' lang='lat' dir='ltr'>fuit</span> <span class='ocrx_word' id='word_1_672' title='bbox 2362 4266 2420 4318; x_wconf 91' lang='lat' dir='ltr'>et</span> <span class='ocrx_word' id='word_1_673' title='bbox 2449 4260 2743 4333; x_wconf 89' lang='lat' dir='ltr'>sapientia</span> <span class='ocrx_word' id='word_1_674' title='bbox 2789 4260 3096 4333; x_wconf 69' lang='lat' dir='ltr'>praeditus,</span> <span class='ocrx_word' id='word_1_675' title='bbox 3150 4261 3450 4333; x_wconf 89' lang='lat' dir='ltr'>parabolis</span> <span class='ocrx_word' id='word_1_676' title='bbox 3498 4264 3675 4332; x_wconf 86' lang='lat' dir='ltr'>atque</span> 
     </span>
    </p>
   </div>
   <div class='ocr_carea' id='block_1_91' title="bbox 2028 4349 3679 4425">
    <p class='ocr_par' dir='ltr' id='par_1_91' title="bbox 2028 4349 3679 4425">
     <span class='ocr_line' id='line_1_91' title="bbox 2028 4349 3679 4425; baseline -0.005 -14"><span class='ocrx_word' id='word_1_677' title='bbox 2028 4352 2630 4425; x_wconf 85' lang='lat' dir='ltr'>scientiis.Magnifice</span> <span class='ocrx_word' id='word_1_678' title='bbox 2651 4351 2854 4407; x_wconf 90' lang='lat' dir='ltr'>omnia</span> <span class='ocrx_word' id='word_1_679' title='bbox 2873 4350 2983 4424; x_wconf 83' lang='lat' dir='ltr'>egi,</span> <span class='ocrx_word' id='word_1_680' title='bbox 3001 4350 3212 4407; x_wconf 90' lang='lat' dir='ltr'>domos</span> <span class='ocrx_word' id='word_1_681' title='bbox 3226 4351 3375 4406; x_wconf 90' lang='lat' dir='ltr'>mihi</span> <span class='ocrx_word' id='word_1_682' title='bbox 3391 4349 3679 4418; x_wconf 81' lang='lat' dir='ltr'>exstruxi,</span> 
     </span>
    </p>
   </div>
   <div class='ocr_carea' id='block_1_92' title="bbox 2029 4438 3682 4511">
    <p class='ocr_par' dir='ltr' id='par_1_92' title="bbox 2029 4438 3682 4511">
     <span class='ocr_line' id='line_1_92' title="bbox 2029 4438 3682 4511; baseline -0.004 -12"><span class='ocrx_word' id='word_1_683' title='bbox 2029 4444 2234 4499; x_wconf 89' lang='lat' dir='ltr'>vineas</span> <span class='ocrx_word' id='word_1_684' title='bbox 2266 4441 2525 4510; x_wconf 90' lang='lat' dir='ltr'>consevi,</span> <span class='ocrx_word' id='word_1_685' title='bbox 2557 4440 2763 4495; x_wconf 89' lang='lat' dir='ltr'>hortos</span> <span class='ocrx_word' id='word_1_686' title='bbox 2793 4445 2852 4495; x_wconf 91' lang='lat' dir='ltr'>et</span> <span class='ocrx_word' id='word_1_687' title='bbox 2880 4439 3149 4511; x_wconf 89' lang='lat' dir='ltr'>pomaria</span> <span class='ocrx_word' id='word_1_688' title='bbox 3201 4439 3454 4507; x_wconf 89' lang='lat' dir='ltr'>confeci,</span> <span class='ocrx_word' id='word_1_689' title='bbox 3498 4438 3682 4509; x_wconf 90' lang='lat' dir='ltr'>inque</span> 
     </span>
    </p>
   </div>
   <div class='ocr_carea' id='block_1_93' title="bbox 255 4518 1926 4627">
    <p class='ocr_par' dir='ltr' id='par_1_93' title="bbox 255 4518 1916 4610">
     <span class='ocr_line' id='line_1_93' title="bbox 255 4518 1916 4610; baseline -0.004 -25"><span class='ocrx_word' id='word_1_690' title='bbox 255 4528 457 4610; x_wconf 84' lang='grc' dir='ltr'>σοφίαν</span> <span class='ocrx_word' id='word_1_691' title='bbox 491 4527 580 4583; x_wconf 72' lang='grc' dir='ltr'>καὶ</span> <span class='ocrx_word' id='word_1_692' title='bbox 639 4531 855 4601; x_wconf 87' lang='grc' dir='ltr'>γνῶσιν,</span> <span class='ocrx_word' id='word_1_693' title='bbox 913 4527 1002 4582; x_wconf 87' lang='grc' dir='ltr'>καὶ</span> <span class='ocrx_word' id='word_1_694' title='bbox 1058 4518 1225 4600; x_wconf 82' lang='grc' dir='ltr'>ἔγνων</span> <span class='ocrx_word' id='word_1_695' title='bbox 1280 4518 1598 4600; x_wconf 75' lang='grc' dir='ltr'>παραϐολᾶς</span> <span class='ocrx_word' id='word_1_696' title='bbox 1653 4525 1744 4579; x_wconf 79' lang='grc' dir='ltr'>καὶ</span> <span class='ocrx_word' id='word_1_697' title='bbox 1799 4521 1916 4579; x_wconf 82' lang='grc' dir='ltr'>ἐπι-</span> 
     </span>
    </p>
   </div>
   <div class='ocr_carea' id='block_1_94' title="bbox 2023 4518 3685 4627">
    <p class='ocr_par' dir='ltr' id='par_1_94' title="bbox 2034 4527 3685 4603">
     <span class='ocr_line' id='line_1_94' title="bbox 2034 4527 3685 4603; baseline -0.003 -15"><span class='ocrx_word' id='word_1_698' title='bbox 2034 4534 2107 4588; x_wconf 88' lang='lat' dir='ltr'>iis</span> <span class='ocrx_word' id='word_1_699' title='bbox 2136 4532 2333 4587; x_wconf 91' lang='lat' dir='ltr'>omnis</span> <span class='ocrx_word' id='word_1_700' title='bbox 2361 4529 2597 4603; x_wconf 87' lang='lat' dir='ltr'>generis</span> <span class='ocrx_word' id='word_1_701' title='bbox 2628 4528 2942 4602; x_wconf 88' lang='lat' dir='ltr'>frugiferas</span> <span class='ocrx_word' id='word_1_702' title='bbox 2973 4529 3218 4585; x_wconf 85' lang='lat' dir='ltr'>arbores</span> <span class='ocrx_word' id='word_1_703' title='bbox 3245 4527 3522 4601; x_wconf 90' lang='lat' dir='ltr'>plantavi.</span> <span class='ocrx_word' id='word_1_704' title='bbox 3552 4529 3685 4583; x_wconf 88' lang='lat' dir='ltr'>Pis-</span> 
     </span>
    </p>
   </div>
   <div class='ocr_carea' id='block_1_95' title="bbox 256 4610 1916 4692">
    <p class='ocr_par' dir='ltr' id='par_1_95' title="bbox 256 4610 1916 4692">
     <span class='ocr_line' id='line_1_95' title="bbox 256 4610 1916 4692; baseline -0.005 -17"><span class='ocrx_word' id='word_1_705' title='bbox 256 4617 629 4692; x_wconf 64' lang='grc' dir='ltr'>στῆμας,καῖ</span> <span class='ocrx_word' id='word_1_706' title='bbox 688 4615 998 4690; x_wconf 77' lang='grc' dir='ltr'>ἐμεγάλυνα</span> <span class='ocrx_word' id='word_1_707' title='bbox 1060 4614 1127 4670; x_wconf 76' lang='grc' dir='ltr'>τὰ</span> <span class='ocrx_word' id='word_1_708' title='bbox 1183 4614 1471 4687; x_wconf 79' lang='grc' dir='ltr'>ποιήματά</span> <span class='ocrx_word' id='word_1_709' title='bbox 1530 4635 1657 4688; x_wconf 86' lang='grc' dir='ltr'>μου,</span> <span class='ocrx_word' id='word_1_710' title='bbox 1712 4610 1916 4687; x_wconf 84' lang='grc' dir='ltr'>ᾠκοδό-</span> 
     </span>
    </p>
   </div>
   <div class='ocr_carea' id='block_1_96' title="bbox 259 4701 1925 4783">
    <p class='ocr_par' dir='ltr' id='par_1_96' title="bbox 259 4701 1925 4783">
     <span class='ocr_line' id='line_1_96' title="bbox 259 4701 1925 4783; baseline -0.003 -21"><span class='ocrx_word' id='word_1_711' title='bbox 259 4708 424 4783; x_wconf 65' lang='grc' dir='ltr'>μησα</span> <span class='ocrx_word' id='word_1_712' title='bbox 459 4727 553 4779; x_wconf 89' lang='grc' dir='ltr'>μοι</span> <span class='ocrx_word' id='word_1_713' title='bbox 588 4702 775 4767; x_wconf 72' lang='grc' dir='ltr'>οἷ’κους</span> <span class='ocrx_word' id='word_1_714' title='bbox 815 4705 906 4759; x_wconf 82' lang='grc' dir='ltr'>καὶ</span> <span class='ocrx_word' id='word_1_715' title='bbox 956 4702 1219 4782; x_wconf 65' lang='grc' dir='ltr'>ἐφύτευσα</span> <span class='ocrx_word' id='word_1_716' title='bbox 1283 4724 1376 4777; x_wconf 88' lang='grc' dir='ltr'>μοι</span> <span class='ocrx_word' id='word_1_717' title='bbox 1434 4701 1773 4776; x_wconf 80' lang='grc' dir='ltr'>ἀμπελῶνας</span> <span class='ocrx_word' id='word_1_718' title='bbox 1832 4704 1925 4758; x_wconf 81' lang='grc' dir='ltr'>καὶ</span> 
     </span>
    </p>
   </div>
   <div class='ocr_carea' id='block_1_97' title="bbox 255 4788 1927 4868">
    <p class='ocr_par' dir='ltr' id='par_1_97' title="bbox 255 4788 1927 4868">
     <span class='ocr_line' id='line_1_97' title="bbox 255 4788 1927 4868; baseline -0.004 -16"><span class='ocrx_word' id='word_1_719' title='bbox 255 4793 508 4865; x_wconf 66' lang='grc' dir='ltr'>ἐποίησά</span> <span class='ocrx_word' id='word_1_720' title='bbox 568 4815 661 4868; x_wconf 91' lang='grc' dir='ltr'>μοι</span> <span class='ocrx_word' id='word_1_721' title='bbox 745 4794 956 4864; x_wconf 74' lang='grc' dir='ltr'>κήπους</span> <span class='ocrx_word' id='word_1_722' title='bbox 1039 4791 1127 4847; x_wconf 78' lang='grc' dir='ltr'>καί</span> <span class='ocrx_word' id='word_1_723' title='bbox 1207 4788 1588 4867; x_wconf 82' lang='grc' dir='ltr'>παραδείσους,</span> <span class='ocrx_word' id='word_1_724' title='bbox 1647 4791 1737 4846; x_wconf 86' lang='grc' dir='ltr'>καὶ</span> <span class='ocrx_word' id='word_1_725' title='bbox 1796 4790 1927 4868; x_wconf 75' lang='grc' dir='ltr'>ἐφόο</span> 
     </span>
    </p>
   </div>
   <div class='ocr_carea' id='block_1_98' title="bbox 252 4879 1927 4956">
    <p class='ocr_par' dir='ltr' id='par_1_98' title="bbox 252 4879 1927 4956">
     <span class='ocr_line' id='line_1_98' title="bbox 252 4879 1927 4956; baseline -0.004 -15"><span class='ocrx_word' id='word_1_726' title='bbox 252 4904 435 4942; x_wconf 83' lang='grc' dir='ltr'>τευσα</span> <span class='ocrx_word' id='word_1_727' title='bbox 495 4902 548 4937; x_wconf 83' lang='grc' dir='ltr'>εν</span> <span class='ocrx_word' id='word_1_728' title='bbox 605 4881 790 4944; x_wconf 76' lang='grc' dir='ltr'>αὐτοῖς</span> <span class='ocrx_word' id='word_1_729' title='bbox 848 4879 1008 4952; x_wconf 74' lang='grc' dir='ltr'>ξύλον</span> <span class='ocrx_word' id='word_1_730' title='bbox 1087 4883 1435 4956; x_wconf 79' lang='grc' dir='ltr'>πάγκαρπον.</span> <span class='ocrx_word' id='word_1_731' title='bbox 1505 4879 1776 4951; x_wconf 85' lang='grc' dir='ltr'>Ἐποίησά</span> <span class='ocrx_word' id='word_1_732' title='bbox 1834 4902 1927 4952; x_wconf 89' lang='grc' dir='ltr'>μοι</span> 
     </span>
    </p>
   </div>
   <div class='ocr_carea' id='block_1_99' title="bbox 256 4966 1932 5047">
    <p class='ocr_par' dir='ltr' id='par_1_99' title="bbox 256 4966 1932 5047">
     <span class='ocr_line' id='line_1_99' title="bbox 256 4966 1932 5047; baseline -0.003 -17"><span class='ocrx_word' id='word_1_733' title='bbox 256 4968 679 5047; x_wconf 67' lang='grc' dir='ltr'>κολυμϐήθρας</span> <span class='ocrx_word' id='word_1_734' title='bbox 711 4969 920 5026; x_wconf 82' lang='grc' dir='ltr'>ὑδάτων</span> <span class='ocrx_word' id='word_1_735' title='bbox 959 4974 1056 5026; x_wconf 72' lang='grc' dir='ltr'>τοῦ</span> <span class='ocrx_word' id='word_1_736' title='bbox 1088 4969 1307 5025; x_wconf 82' lang='grc' dir='ltr'>ποτίσαι</span> <span class='ocrx_word' id='word_1_737' title='bbox 1340 4970 1433 5025; x_wconf 84' lang='grc' dir='ltr'>ἀπ’</span> <span class='ocrx_word' id='word_1_738' title='bbox 1463 4968 1641 5025; x_wconf 79' lang='grc' dir='ltr'>αὐτῶν</span> <span class='ocrx_word' id='word_1_739' title='bbox 1673 4966 1932 5043; x_wconf 89' lang='grc' dir='ltr'>δρυμῶνα</span> 
     </span>
    </p>
   </div>
   <div class='ocr_carea' id='block_1_100' title="bbox 267 5053 1931 5138">
    <p class='ocr_par' dir='ltr' id='par_1_100' title="bbox 267 5053 1931 5138">
     <span class='ocr_line' id='line_1_100' title="bbox 267 5053 1931 5138; baseline -0.003 -21"><span class='ocrx_word' id='word_1_740' title='bbox 267 5058 591 5138; x_wconf 83' lang='grc' dir='ltr'>βλαστόντα</span> <span class='ocrx_word' id='word_1_741' title='bbox 621 5058 775 5130; x_wconf 69' lang='grc' dir='ltr'>ξύλα.</span> <span class='ocrx_word' id='word_1_742' title='bbox 809 5057 1161 5130; x_wconf 81' lang='grc' dir='ltr'>Ἐκτησάμην</span> <span class='ocrx_word' id='word_1_743' title='bbox 1189 5053 1423 5120; x_wconf 69' lang='grc' dir='ltr'>δούλους</span> <span class='ocrx_word' id='word_1_744' title='bbox 1478 5057 1567 5111; x_wconf 87' lang='grc' dir='ltr'>καί</span> <span class='ocrx_word' id='word_1_745' title='bbox 1617 5054 1931 5127; x_wconf 83' lang='grc' dir='ltr'>παιδίσκας,</span> 
     </span>
    </p>
   </div>
   <div class='ocr_carea' id='block_1_101' title="bbox 258 5145 1931 5224">
    <p class='ocr_par' dir='ltr' id='par_1_101' title="bbox 258 5145 1931 5224">
     <span class='ocr_line' id='line_1_101' title="bbox 258 5145 1931 5224; baseline -0.002 -19"><span class='ocrx_word' id='word_1_746' title='bbox 258 5150 363 5206; x_wconf 83' lang='grc' dir='ltr'>καὶ</span> <span class='ocrx_word' id='word_1_747' title='bbox 399 5147 696 5224; x_wconf 75' lang='grc' dir='ltr'>οἰκογενεῖς</span> <span class='ocrx_word' id='word_1_748' title='bbox 726 5145 970 5223; x_wconf 69' lang='grc' dir='ltr'>ἐγένοντὸ</span> <span class='ocrx_word' id='word_1_749' title='bbox 1023 5167 1140 5220; x_wconf 85' lang='grc' dir='ltr'>μοι,</span> <span class='ocrx_word' id='word_1_750' title='bbox 1200 5145 1291 5201; x_wconf 89' lang='grc' dir='ltr'>καί</span> <span class='ocrx_word' id='word_1_751' title='bbox 1347 5166 1410 5220; x_wconf 81' lang='grc' dir='ltr'>γε</span> <span class='ocrx_word' id='word_1_752' title='bbox 1462 5147 1683 5216; x_wconf 64' lang='grc' dir='ltr'>κτήσεις</span> <span class='ocrx_word' id='word_1_753' title='bbox 1742 5147 1931 5221; x_wconf 87' lang='grc' dir='ltr'>βουκο.</span> 
     </span>
    </p>
   </div>
   <div class='ocr_carea' id='block_1_102' title="bbox 261 5230 1931 5310">
    <p class='ocr_par' dir='ltr' id='par_1_102' title="bbox 261 5230 1931 5310">
     <span class='ocr_line' id='line_1_102' title="bbox 261 5230 1931 5310; baseline -0.002 -15"><span class='ocrx_word' id='word_1_754' title='bbox 261 5239 406 5295; x_wconf 83' lang='grc' dir='ltr'>λίου</span> <span class='ocrx_word' id='word_1_755' title='bbox 427 5237 517 5292; x_wconf 85' lang='grc' dir='ltr'>καὶ</span> <span class='ocrx_word' id='word_1_756' title='bbox 548 5237 815 5308; x_wconf 87' lang='grc' dir='ltr'>ποιμνίου</span> <span class='ocrx_word' id='word_1_757' title='bbox 843 5234 1078 5309; x_wconf 72' lang='grc' dir='ltr'>ἐγένοντό</span> <span class='ocrx_word' id='word_1_758' title='bbox 1118 5256 1215 5307; x_wconf 91' lang='grc' dir='ltr'>μοι</span> <span class='ocrx_word' id='word_1_759' title='bbox 1256 5230 1490 5304; x_wconf 81' lang='grc' dir='ltr'>πολλαὶ,</span> <span class='ocrx_word' id='word_1_760' title='bbox 1552 5234 1685 5310; x_wconf 74' lang='grc' dir='ltr'>ὑπὲρ</span> <span class='ocrx_word' id='word_1_761' title='bbox 1730 5236 1931 5298; x_wconf 83' lang='grc' dir='ltr'>πάντας</span> 
     </span>
    </p>
   </div>
   <div class='ocr_carea' id='block_1_103' title="bbox 264 5320 1933 5401">
    <p class='ocr_par' dir='ltr' id='par_1_103' title="bbox 264 5320 1933 5401">
     <span class='ocr_line' id='line_1_103' title="bbox 264 5320 1933 5401; baseline -0.002 -18"><span class='ocrx_word' id='word_1_762' title='bbox 264 5328 406 5388; x_wconf 72' lang='grc' dir='ltr'>τοὺς</span> <span class='ocrx_word' id='word_1_763' title='bbox 464 5327 790 5401; x_wconf 75' lang='grc' dir='ltr'>γενομὲνους</span> <span class='ocrx_word' id='word_1_764' title='bbox 843 5320 1145 5397; x_wconf 71' lang='grc' dir='ltr'>ἔμπροσθέν</span> <span class='ocrx_word' id='word_1_765' title='bbox 1227 5344 1330 5396; x_wconf 90' lang='grc' dir='ltr'>μου</span> <span class='ocrx_word' id='word_1_766' title='bbox 1415 5321 1468 5378; x_wconf 79' lang='grc' dir='ltr'>ἐν</span> <span class='ocrx_word' id='word_1_767' title='bbox 1550 5325 1933 5398; x_wconf 77' lang='grc' dir='ltr'>Ἰερουσαλήμ.</span> 
     </span>
    </p>
   </div>
   <div class='ocr_carea' id='block_1_104' title="bbox 268 5408 1938 5491">
    <p class='ocr_par' dir='ltr' id='par_1_104' title="bbox 268 5408 1938 5491">
     <span class='ocr_line' id='line_1_104' title="bbox 268 5408 1938 5491; baseline 0.001 -24"><span class='ocrx_word' id='word_1_768' title='bbox 268 5415 382 5471; x_wconf 79' lang='grc' dir='ltr'>Καί</span> <span class='ocrx_word' id='word_1_769' title='bbox 412 5436 473 5489; x_wconf 86' lang='grc' dir='ltr'>γε</span> <span class='ocrx_word' id='word_1_770' title='bbox 506 5413 663 5491; x_wconf 66' lang='grc' dir='ltr'>σοφία</span> <span class='ocrx_word' id='word_1_771' title='bbox 697 5434 802 5486; x_wconf 88' lang='grc' dir='ltr'>μου</span> <span class='ocrx_word' id='word_1_772' title='bbox 834 5412 1029 5484; x_wconf 76' lang='grc' dir='ltr'>ἐστάθη</span> <span class='ocrx_word' id='word_1_773' title='bbox 1088 5433 1204 5484; x_wconf 91' lang='grc' dir='ltr'>μοι.</span> <span class='ocrx_word' id='word_1_774' title='bbox 1262 5411 1362 5466; x_wconf 77' lang='grc' dir='ltr'>Καὶ</span> <span class='ocrx_word' id='word_1_775' title='bbox 1421 5416 1524 5467; x_wconf 81' lang='grc' dir='ltr'>πᾶν</span> <span class='ocrx_word' id='word_1_776' title='bbox 1559 5411 1588 5467; x_wconf 86' lang='lat'>6&#39;</span> <span class='ocrx_word' id='word_1_777' title='bbox 1619 5412 1678 5467; x_wconf 84' lang='grc' dir='ltr'>ἃν</span> <span class='ocrx_word' id='word_1_778' title='bbox 1732 5408 1938 5487; x_wconf 78' lang='grc' dir='ltr'>ᾔτησαν</span> 
     </span>
    </p>
   </div>
   <div class='ocr_carea' id='block_1_105' title="bbox 270 5500 1940 5583">
    <p class='ocr_par' dir='ltr' id='par_1_105' title="bbox 270 5500 1940 5583">
     <span class='ocr_line' id='line_1_105' title="bbox 270 5500 1940 5583; baseline 0 -23"><span class='ocrx_word' id='word_1_779' title='bbox 270 5506 329 5560; x_wconf 74' lang='grc' dir='ltr'>οἱ</span> <span class='ocrx_word' id='word_1_780' title='bbox 367 5502 655 5583; x_wconf 73' lang='grc' dir='ltr'>ὀφθαλμοί</span> <span class='ocrx_word' id='word_1_781' title='bbox 689 5524 815 5576; x_wconf 84' lang='grc' dir='ltr'>μου,</span> <span class='ocrx_word' id='word_1_782' title='bbox 868 5501 970 5557; x_wconf 75' lang='grc' dir='ltr'>οὐκ</span> <span class='ocrx_word' id='word_1_783' title='bbox 1026 5500 1249 5581; x_wconf 76' lang='grc' dir='ltr'>ἀφεῖλον</span> <span class='ocrx_word' id='word_1_784' title='bbox 1290 5501 1383 5557; x_wconf 78' lang='grc' dir='ltr'>ἀπ’</span> <span class='ocrx_word' id='word_1_785' title='bbox 1437 5502 1639 5573; x_wconf 81' lang='grc' dir='ltr'>αὐτῶν,</span> <span class='ocrx_word' id='word_1_786' title='bbox 1692 5503 1783 5558; x_wconf 88' lang='grc' dir='ltr'>καὶ</span> <span class='ocrx_word' id='word_1_787' title='bbox 1837 5505 1940 5560; x_wconf 84' lang='grc' dir='ltr'>οὐκ</span> 
     </span>
    </p>
   </div>
   <div class='ocr_carea' id='block_1_106' title="bbox 272 5588 1942 5670">
    <p class='ocr_par' dir='ltr' id='par_1_106' title="bbox 272 5588 1942 5670">
     <span class='ocr_line' id='line_1_106' title="bbox 272 5588 1942 5670; baseline -0.001 -20"><span class='ocrx_word' id='word_1_788' title='bbox 272 5592 611 5650; x_wconf 75' lang='grc' dir='ltr'>ἒπεκώλυσα</span> <span class='ocrx_word' id='word_1_789' title='bbox 662 5594 761 5660; x_wconf 78' lang='grc' dir='ltr'>τήν</span> <span class='ocrx_word' id='word_1_790' title='bbox 829 5588 1057 5667; x_wconf 86' lang='grc' dir='ltr'>καρδίαν</span> <span class='ocrx_word' id='word_1_791' title='bbox 1121 5611 1228 5665; x_wconf 87' lang='grc' dir='ltr'>μου</span> <span class='ocrx_word' id='word_1_792' title='bbox 1285 5591 1393 5646; x_wconf 85' lang='grc' dir='ltr'>ἀπὸ</span> <span class='ocrx_word' id='word_1_793' title='bbox 1447 5591 1625 5662; x_wconf 85' lang='grc' dir='ltr'>πάσης</span> <span class='ocrx_word' id='word_1_794' title='bbox 1683 5592 1942 5670; x_wconf 70' lang='grc' dir='ltr'>εὐφροσόο</span> 
     </span>
    </p>
   </div>
   <div class='ocr_carea' id='block_1_107' title="bbox 278 5677 1939 5757">
    <p class='ocr_par' dir='ltr' id='par_1_107' title="bbox 278 5677 1939 5757">
     <span class='ocr_line' id='line_1_107' title="bbox 278 5677 1939 5757; baseline -0.002 -16"><span class='ocrx_word' id='word_1_795' title='bbox 278 5705 407 5754; x_wconf 87' lang='grc' dir='ltr'>νης.</span> <span class='ocrx_word' id='word_1_796' title='bbox 461 5707 493 5735; x_wconf 83' lang='lat'><strong>»</strong></span> <span class='ocrx_word' id='word_1_797' title='bbox 545 5683 649 5740; x_wconf 83' lang='grc' dir='ltr'>Καὶ</span> <span class='ocrx_word' id='word_1_798' title='bbox 711 5682 815 5757; x_wconf 76' lang='grc' dir='ltr'>γὰρ</span> <span class='ocrx_word' id='word_1_799' title='bbox 884 5677 1109 5750; x_wconf 86' lang='grc' dir='ltr'>πολλῆς</span> <span class='ocrx_word' id='word_1_800' title='bbox 1165 5680 1391 5756; x_wconf 74' lang='grc' dir='ltr'>εἰρήνης</span> <span class='ocrx_word' id='word_1_801' title='bbox 1451 5680 1542 5737; x_wconf 81' lang='grc' dir='ltr'>καὶ</span> <span class='ocrx_word' id='word_1_802' title='bbox 1594 5677 1939 5745; x_wconf 80' lang='grc' dir='ltr'>πολυολϐίας</span> 
     </span>
    </p>
   </div>
   <div class='ocr_carea' id='block_1_108' title="bbox 355 5772 916 5847">
    <p class='ocr_par' dir='ltr' id='par_1_108' title="bbox 355 5772 916 5847">
     <span class='ocr_line' id='line_1_108' title="bbox 355 5772 916 5847; baseline -0.009 -16"><span class='ocrx_word' id='word_1_803' title='bbox 355 5774 403 5810; x_wconf 81' lang='grc'>⁸⁸</span> <span class='ocrx_word' id='word_1_804' title='bbox 429 5774 509 5831; x_wconf 88' lang='grc' dir='ltr'>ΙΙΙ</span> <span class='ocrx_word' id='word_1_805' title='bbox 538 5775 679 5847; x_wconf 78' lang='lat' dir='ltr'>Reg.</span> <span class='ocrx_word' id='word_1_806' title='bbox 710 5789 767 5840; x_wconf 72' lang='grc' dir='ltr'>χ,</span> <span class='ocrx_word' id='word_1_807' title='bbox 799 5772 916 5828; x_wconf 85' lang='lat'>6-8.</span> 
     </span>
    </p>
   </div>
   <div class='ocr_carea' id='block_1_109' title="bbox 566 5889 1245 5954">
    <p class='ocr_par' dir='ltr' id='par_1_109' title="bbox 566 5889 1245 5954">
     <span class='ocr_line' id='line_1_109' title="bbox 566 5889 1245 5954; baseline 0 -2"><span class='ocrx_word' id='word_1_808' title='bbox 566 5891 832 5954; x_wconf 63' lang='lat' dir='ltr'>Pauor.</span> <span class='ocrx_word' id='word_1_809' title='bbox 877 5892 992 5953; x_wconf 74' lang='lat' dir='ltr'>Gn.</span> <span class='ocrx_word' id='word_1_810' title='bbox 1038 5889 1245 5953; x_wconf 80' lang='lat' dir='ltr'>CXXI.</span> 
     </span>
    </p>
   </div>
   <div class='ocr_carea' id='block_1_110' title="bbox 2034 4618 3685 4691">
    <p class='ocr_par' dir='ltr' id='par_1_110' title="bbox 2034 4618 3685 4691">
     <span class='ocr_line' id='line_1_110' title="bbox 2034 4618 3685 4691; baseline -0.004 -13"><span class='ocrx_word' id='word_1_811' title='bbox 2034 4623 2198 4678; x_wconf 90' lang='lat' dir='ltr'>cinas</span> <span class='ocrx_word' id='word_1_812' title='bbox 2231 4620 2376 4675; x_wconf 88' lang='lat' dir='ltr'>mihi</span> <span class='ocrx_word' id='word_1_813' title='bbox 2399 4619 2619 4691; x_wconf 89' lang='lat' dir='ltr'>paravi,</span> <span class='ocrx_word' id='word_1_814' title='bbox 2643 4618 2806 4675; x_wconf 88' lang='lat' dir='ltr'>unde</span> <span class='ocrx_word' id='word_1_815' title='bbox 2823 4619 3139 4675; x_wconf 88' lang='lat' dir='ltr'>viridantia</span> <span class='ocrx_word' id='word_1_816' title='bbox 3160 4636 3408 4675; x_wconf 90' lang='lat' dir='ltr'>nemora</span> <span class='ocrx_word' id='word_1_817' title='bbox 3422 4619 3685 4691; x_wconf 87' lang='lat' dir='ltr'>rigaren-</span> 
     </span>
    </p>
   </div>
   <div class='ocr_carea' id='block_1_111' title="bbox 2036 4705 3685 4779">
    <p class='ocr_par' dir='ltr' id='par_1_111' title="bbox 2036 4705 3685 4779">
     <span class='ocr_line' id='line_1_111' title="bbox 2036 4705 3685 4779; baseline -0.005 -12"><span class='ocrx_word' id='word_1_818' title='bbox 2036 4716 2151 4767; x_wconf 88' lang='lat' dir='ltr'>tur.</span> <span class='ocrx_word' id='word_1_819' title='bbox 2183 4708 2482 4779; x_wconf 85' lang='lat' dir='ltr'>Acquisivi</span> <span class='ocrx_word' id='word_1_820' title='bbox 2514 4724 2714 4764; x_wconf 89' lang='lat' dir='ltr'>servos</span> <span class='ocrx_word' id='word_1_821' title='bbox 2774 4714 2832 4764; x_wconf 89' lang='lat' dir='ltr'>et</span> <span class='ocrx_word' id='word_1_822' title='bbox 2878 4708 3149 4777; x_wconf 90' lang='lat' dir='ltr'>ancillas,</span> <span class='ocrx_word' id='word_1_823' title='bbox 3200 4713 3259 4763; x_wconf 91' lang='lat' dir='ltr'>et</span> <span class='ocrx_word' id='word_1_824' title='bbox 3298 4725 3488 4764; x_wconf 83' lang='lat' dir='ltr'>vernae</span> <span class='ocrx_word' id='word_1_825' title='bbox 3536 4705 3685 4762; x_wconf 90' lang='lat' dir='ltr'>mihi</span> 
     </span>
    </p>
   </div>
   <div class='ocr_carea' id='block_1_112' title="bbox 2037 4799 3686 4871">
    <p class='ocr_par' dir='ltr' id='par_1_112' title="bbox 2037 4799 3686 4871">
     <span class='ocr_line' id='line_1_112' title="bbox 2037 4799 3686 4871; baseline -0.002 -15"><span class='ocrx_word' id='word_1_826' title='bbox 2037 4802 2161 4857; x_wconf 86' lang='lat' dir='ltr'>nati</span> <span class='ocrx_word' id='word_1_827' title='bbox 2193 4805 2353 4868; x_wconf 90' lang='lat' dir='ltr'>sunt,</span> <span class='ocrx_word' id='word_1_828' title='bbox 2386 4800 2528 4854; x_wconf 89' lang='lat' dir='ltr'>item</span> <span class='ocrx_word' id='word_1_829' title='bbox 2561 4804 2833 4853; x_wconf 88' lang='lat' dir='ltr'>armenta</span> <span class='ocrx_word' id='word_1_830' title='bbox 2863 4815 2928 4853; x_wconf 91' lang='lat' dir='ltr'>ac</span> <span class='ocrx_word' id='word_1_831' title='bbox 2958 4814 3163 4871; x_wconf 85' lang='lat' dir='ltr'>greges</span> <span class='ocrx_word' id='word_1_832' title='bbox 3194 4799 3452 4870; x_wconf 90' lang='lat' dir='ltr'>copiose,</span> <span class='ocrx_word' id='word_1_833' title='bbox 3494 4814 3686 4869; x_wconf 90' lang='lat' dir='ltr'>quan-</span> 
     </span>
    </p>
   </div>
   <div class='ocr_carea' id='block_1_113' title="bbox 2038 4886 3691 4958">
    <p class='ocr_par' dir='ltr' id='par_1_113' title="bbox 2038 4886 3691 4958">
     <span class='ocr_line' id='line_1_113' title="bbox 2038 4886 3691 4958; baseline -0.002 -14"><span class='ocrx_word' id='word_1_834' title='bbox 2038 4894 2165 4946; x_wconf 87' lang='lat' dir='ltr'>tum</span> <span class='ocrx_word' id='word_1_835' title='bbox 2195 4893 2333 4944; x_wconf 91' lang='lat' dir='ltr'>ante</span> <span class='ocrx_word' id='word_1_836' title='bbox 2361 4905 2458 4944; x_wconf 90' lang='lat' dir='ltr'>me</span> <span class='ocrx_word' id='word_1_837' title='bbox 2480 4886 2906 4958; x_wconf 86' lang='lat' dir='ltr'>Hierosolymis</span> <span class='ocrx_word' id='word_1_838' title='bbox 2936 4903 3112 4942; x_wconf 91' lang='lat' dir='ltr'>nemo</span> <span class='ocrx_word' id='word_1_839' title='bbox 3140 4887 3422 4958; x_wconf 88' lang='lat' dir='ltr'>possedit.</span> <span class='ocrx_word' id='word_1_840' title='bbox 3451 4886 3601 4942; x_wconf 91' lang='lat' dir='ltr'>Sane</span> <span class='ocrx_word' id='word_1_841' title='bbox 3630 4890 3691 4941; x_wconf 88' lang='lat' dir='ltr'>et</span> 
     </span>
    </p>
   </div>
   <div class='ocr_carea' id='block_1_114' title="bbox 2040 4974 3691 5051">
    <p class='ocr_par' dir='ltr' id='par_1_114' title="bbox 2040 4974 3691 5051">
     <span class='ocr_line' id='line_1_114' title="bbox 2040 4974 3691 5051; baseline -0.003 -17"><span class='ocrx_word' id='word_1_842' title='bbox 2040 4978 2334 5051; x_wconf 84' lang='lat' dir='ltr'>sapientia</span> <span class='ocrx_word' id='word_1_843' title='bbox 2363 4993 2497 5033; x_wconf 90' lang='lat' dir='ltr'>mea</span> <span class='ocrx_word' id='word_1_844' title='bbox 2525 4976 2812 5041; x_wconf 89' lang='lat' dir='ltr'>constitit,</span> <span class='ocrx_word' id='word_1_845' title='bbox 2833 4991 3026 5047; x_wconf 88' lang='lat' dir='ltr'>neque</span> <span class='ocrx_word' id='word_1_846' title='bbox 3049 4976 3250 5031; x_wconf 91' lang='lat' dir='ltr'>oculos</span> <span class='ocrx_word' id='word_1_847' title='bbox 3276 4991 3441 5031; x_wconf 89' lang='lat' dir='ltr'>meos</span> <span class='ocrx_word' id='word_1_848' title='bbox 3467 4974 3539 5030; x_wconf 91' lang='lat' dir='ltr'>ab</span> <span class='ocrx_word' id='word_1_849' title='bbox 3565 4974 3691 5029; x_wconf 90' lang='lat' dir='ltr'>ulla</span> 
     </span>
    </p>
   </div>
   <div class='ocr_carea' id='block_1_115' title="bbox 2050 5063 3691 5138">
    <p class='ocr_par' dir='ltr' id='par_1_115' title="bbox 2050 5063 3691 5138">
     <span class='ocr_line' id='line_1_115' title="bbox 2050 5063 3691 5138; baseline -0.004 -14"><span class='ocrx_word' id='word_1_850' title='bbox 2050 5086 2113 5124; x_wconf 90' lang='lat' dir='ltr'>re</span> <span class='ocrx_word' id='word_1_851' title='bbox 2139 5068 2476 5124; x_wconf 88' lang='lat' dir='ltr'>desiderata</span> <span class='ocrx_word' id='word_1_852' title='bbox 2498 5067 2643 5138; x_wconf 89' lang='lat' dir='ltr'>ipsis</span> <span class='ocrx_word' id='word_1_853' title='bbox 2663 5066 2944 5132; x_wconf 86' lang='lat' dir='ltr'>abstinui,</span> <span class='ocrx_word' id='word_1_854' title='bbox 2960 5066 3313 5136; x_wconf 90' lang='lat' dir='ltr'>nullumque</span> <span class='ocrx_word' id='word_1_855' title='bbox 3330 5081 3514 5137; x_wconf 88' lang='lat' dir='ltr'>genus</span> <span class='ocrx_word' id='word_1_856' title='bbox 3535 5063 3691 5119; x_wconf 66' lang='lat' dir='ltr'>laeti-</span> 
     </span>
    </p>
   </div>
   <div class='ocr_carea' id='block_1_116' title="bbox 2044 5153 3692 5226">
    <p class='ocr_par' dir='ltr' id='par_1_116' title="bbox 2044 5153 3692 5226">
     <span class='ocr_line' id='line_1_116' title="bbox 2044 5153 3692 5226; baseline -0.002 -13"><span class='ocrx_word' id='word_1_857' title='bbox 2044 5158 2137 5213; x_wconf 63' lang='lat' dir='ltr'>tia;</span> <span class='ocrx_word' id='word_1_858' title='bbox 2169 5157 2334 5213; x_wconf 90' lang='lat' dir='ltr'>cordi</span> <span class='ocrx_word' id='word_1_859' title='bbox 2375 5173 2505 5212; x_wconf 91' lang='lat' dir='ltr'>meo</span> <span class='ocrx_word' id='word_1_860' title='bbox 2538 5172 2656 5210; x_wconf 89' lang='lat' dir='ltr'>non</span> <span class='ocrx_word' id='word_1_861' title='bbox 2678 5155 2922 5226; x_wconf 90' lang='lat' dir='ltr'>permisi</span> <span class='ocrx_word' id='word_1_862' title='bbox 2944 5154 3011 5211; x_wconf 73' lang='grc'>⁵⁸.</span> <span class='ocrx_word' id='word_1_863' title='bbox 3041 5179 3062 5205; x_wconf 79' lang='grc' dir='ltr'><strong>ι</strong></span> <span class='ocrx_word' id='word_1_864' title='bbox 3089 5158 3233 5211; x_wconf 89' lang='lat' dir='ltr'>Nam</span> <span class='ocrx_word' id='word_1_865' title='bbox 3256 5171 3399 5209; x_wconf 90' lang='lat' dir='ltr'>sane</span> <span class='ocrx_word' id='word_1_866' title='bbox 3423 5153 3474 5208; x_wconf 91' lang='lat' dir='ltr'>ei</span> <span class='ocrx_word' id='word_1_867' title='bbox 3487 5153 3692 5209; x_wconf 85' lang='lat' dir='ltr'>datum</span> 
     </span>
    </p>
   </div>
   <div class='ocr_carea' id='block_1_117' title="bbox 2042 5245 3690 5318">
    <p class='ocr_par' dir='ltr' id='par_1_117' title="bbox 2042 5245 3690 5318">
     <span class='ocr_line' id='line_1_117' title="bbox 2042 5245 3690 5318; baseline -0.002 -14"><span class='ocrx_word' id='word_1_868' title='bbox 2042 5249 2174 5313; x_wconf 88' lang='lat' dir='ltr'>fuit,</span> <span class='ocrx_word' id='word_1_869' title='bbox 2206 5255 2275 5304; x_wconf 93' lang='lat' dir='ltr'>ut</span> <span class='ocrx_word' id='word_1_870' title='bbox 2302 5248 2422 5303; x_wconf 86' lang='lat' dir='ltr'>alta</span> <span class='ocrx_word' id='word_1_871' title='bbox 2452 5263 2615 5318; x_wconf 91' lang='lat' dir='ltr'>pace,</span> <span class='ocrx_word' id='word_1_872' title='bbox 2651 5262 2884 5301; x_wconf 88' lang='lat' dir='ltr'>summa</span> <span class='ocrx_word' id='word_1_873' title='bbox 2910 5246 3323 5317; x_wconf 89' lang='lat' dir='ltr'>prosperitate,</span> <span class='ocrx_word' id='word_1_874' title='bbox 3371 5245 3690 5301; x_wconf 88' lang='lat' dir='ltr'>securitate</span> 
     </span>
    </p>
   </div>
   <div class='ocr_carea' id='block_1_118' title="bbox 2045 5331 3698 5403">
    <p class='ocr_par' dir='ltr' id='par_1_118' title="bbox 2045 5331 3698 5403">
     <span class='ocr_line' id='line_1_118' title="bbox 2045 5331 3698 5403; baseline -0.003 -12"><span class='ocrx_word' id='word_1_875' title='bbox 2045 5352 2113 5391; x_wconf 91' lang='lat' dir='ltr'>ac</span> <span class='ocrx_word' id='word_1_876' title='bbox 2143 5336 2275 5390; x_wconf 74' lang='lat' dir='ltr'>vitae</span> <span class='ocrx_word' id='word_1_877' title='bbox 2305 5331 2704 5403; x_wconf 87' lang='lat' dir='ltr'>voluptatibus</span> <span class='ocrx_word' id='word_1_878' title='bbox 2734 5333 3071 5388; x_wconf 83' lang='lat' dir='ltr'>frueretur:</span> <span class='ocrx_word' id='word_1_879' title='bbox 3120 5348 3322 5387; x_wconf 85' lang='lat' dir='ltr'>verum</span> <span class='ocrx_word' id='word_1_880' title='bbox 3364 5332 3539 5389; x_wconf 85' lang='lat' dir='ltr'>luxus</span> <span class='ocrx_word' id='word_1_881' title='bbox 3584 5332 3698 5387; x_wconf 88' lang='lat' dir='ltr'>iste</span> 
     </span>
    </p>
   </div>
   <div class='ocr_carea' id='block_1_119' title="bbox 2048 5420 3697 5489">
    <p class='ocr_par' dir='ltr' id='par_1_119' title="bbox 2048 5420 3697 5489">
     <span class='ocr_line' id='line_1_119' title="bbox 2048 5420 3697 5489; baseline -0.001 -10"><span class='ocrx_word' id='word_1_882' title='bbox 2048 5428 2107 5479; x_wconf 93' lang='lat' dir='ltr'>et</span> <span class='ocrx_word' id='word_1_883' title='bbox 2144 5423 2398 5479; x_wconf 89' lang='lat' dir='ltr'>delicata</span> <span class='ocrx_word' id='word_1_884' title='bbox 2422 5422 2538 5476; x_wconf 81' lang='lat' dir='ltr'>vita</span> <span class='ocrx_word' id='word_1_885' title='bbox 2567 5420 2641 5477; x_wconf 89' lang='lat' dir='ltr'>ad</span> <span class='ocrx_word' id='word_1_886' title='bbox 2673 5427 3002 5477; x_wconf 89' lang='lat' dir='ltr'>extremum</span> <span class='ocrx_word' id='word_1_887' title='bbox 3026 5420 3335 5477; x_wconf 87' lang='lat' dir='ltr'>acerbitati</span> <span class='ocrx_word' id='word_1_888' title='bbox 3357 5421 3488 5489; x_wconf 89' lang='lat' dir='ltr'>fuit,</span> <span class='ocrx_word' id='word_1_889' title='bbox 3520 5438 3589 5477; x_wconf 91' lang='lat' dir='ltr'>ac</span> <span class='ocrx_word' id='word_1_890' title='bbox 3608 5422 3697 5477; x_wconf 86' lang='lat' dir='ltr'>in—</span> 
     </span>
    </p>
   </div>
   <div class='ocr_carea' id='block_1_120' title="bbox 2048 5510 3695 5583">
    <p class='ocr_par' dir='ltr' id='par_1_120' title="bbox 2048 5510 3695 5583">
     <span class='ocr_line' id='line_1_120' title="bbox 2048 5510 3695 5583; baseline 0 -16"><span class='ocrx_word' id='word_1_891' title='bbox 2048 5510 2457 5583; x_wconf 65' lang='lat' dir='ltr'>temperantia;</span> <span class='ocrx_word' id='word_1_892' title='bbox 2489 5510 2789 5565; x_wconf 86' lang='lat' dir='ltr'>materies.</span> <span class='ocrx_word' id='word_1_893' title='bbox 2824 5510 3027 5581; x_wconf 84' lang='lat' dir='ltr'>Itaque</span> <span class='ocrx_word' id='word_1_894' title='bbox 3044 5510 3169 5566; x_wconf 73' lang='lat' dir='ltr'>haec</span> <span class='ocrx_word' id='word_1_895' title='bbox 3189 5510 3335 5567; x_wconf 90' lang='lat' dir='ltr'>dicit</span> <span class='ocrx_word' id='word_1_896' title='bbox 3357 5528 3413 5567; x_wconf 84' lang='lat'>:«</span> <span class='ocrx_word' id='word_1_897' title='bbox 3430 5511 3574 5568; x_wconf 92' lang='lat' dir='ltr'>0dio</span> <span class='ocrx_word' id='word_1_898' title='bbox 3591 5511 3695 5567; x_wconf 89' lang='lat' dir='ltr'>ha-</span> 
     </span>
    </p>
   </div>
   <div class='ocr_carea' id='block_1_121' title="bbox 2047 5597 3696 5671">
    <p class='ocr_par' dir='ltr' id='par_1_121' title="bbox 2047 5597 3696 5671">
     <span class='ocr_line' id='line_1_121' title="bbox 2047 5597 3696 5671; baseline -0.001 -15"><span class='ocrx_word' id='word_1_899' title='bbox 2047 5600 2152 5656; x_wconf 89' lang='lat' dir='ltr'>bui</span> <span class='ocrx_word' id='word_1_900' title='bbox 2183 5606 2367 5656; x_wconf 87' lang='lat' dir='ltr'>totam</span> <span class='ocrx_word' id='word_1_901' title='bbox 2400 5615 2597 5655; x_wconf 87' lang='lat' dir='ltr'>meam</span> <span class='ocrx_word' id='word_1_902' title='bbox 2622 5597 2801 5655; x_wconf 89' lang='lat' dir='ltr'>vitam</span> <span class='ocrx_word' id='word_1_903' title='bbox 2824 5615 3155 5671; x_wconf 90' lang='lat' dir='ltr'>omnesque</span> <span class='ocrx_word' id='word_1_904' title='bbox 3177 5617 3477 5658; x_wconf 72' lang='lat' dir='ltr'>aerumnas</span> <span class='ocrx_word' id='word_1_905' title='bbox 3492 5616 3656 5657; x_wconf 91' lang='lat' dir='ltr'>meas</span> <span class='ocrx_word' id='word_1_906' title='bbox 3681 5613 3696 5665; x_wconf 88' lang='lat'><strong>;</strong></span> 
     </span>
    </p>
   </div>
   <div class='ocr_carea' id='block_1_122' title="bbox 2052 5686 3698 5762">
    <p class='ocr_par' dir='ltr' id='par_1_122' title="bbox 2052 5686 3698 5762">
     <span class='ocr_line' id='line_1_122' title="bbox 2052 5686 3698 5762; baseline -0.001 -18"><span class='ocrx_word' id='word_1_907' title='bbox 2052 5689 2255 5745; x_wconf 88' lang='lat' dir='ltr'>omnia</span> <span class='ocrx_word' id='word_1_908' title='bbox 2283 5688 2444 5745; x_wconf 89' lang='lat' dir='ltr'>enim</span> <span class='ocrx_word' id='word_1_909' title='bbox 2483 5705 2633 5744; x_wconf 90' lang='lat' dir='ltr'>vana</span> <span class='ocrx_word' id='word_1_910' title='bbox 2659 5692 2817 5745; x_wconf 87' lang='lat' dir='ltr'>sunt.</span> <span class='ocrx_word' id='word_1_911' title='bbox 2849 5689 3136 5762; x_wconf 85' lang='lat' dir='ltr'>Expertus</span> <span class='ocrx_word' id='word_1_912' title='bbox 3158 5691 3318 5748; x_wconf 89' lang='lat' dir='ltr'>enim</span> <span class='ocrx_word' id='word_1_913' title='bbox 3341 5705 3473 5747; x_wconf 90' lang='lat' dir='ltr'>sum</span> <span class='ocrx_word' id='word_1_914' title='bbox 3487 5686 3698 5745; x_wconf 83' lang='lat' dir='ltr'>mulie-</span> 
     </span>
    </p>
   </div>
   <div class='ocr_carea' id='block_1_123' title="bbox 994 5769 2668 5845">
    <p class='ocr_par' dir='ltr' id='par_1_123' title="bbox 994 5769 2668 5845">
     <span class='ocr_line' id='line_1_123' title="bbox 994 5769 2668 5845; baseline 0.005 -18"><span class='ocrx_word' id='word_1_915' title='bbox 994 5769 1039 5807; x_wconf 77' lang='grc'>¹⁷</span> <span class='ocrx_word' id='word_1_916' title='bbox 1072 5772 1273 5828; x_wconf 85' lang='lat' dir='ltr'>Matth.</span> <span class='ocrx_word' id='word_1_917' title='bbox 1309 5788 1408 5845; x_wconf 81' lang='lat' dir='ltr'>xu,</span> <span class='ocrx_word' id='word_1_918' title='bbox 1438 5772 1529 5831; x_wconf 78' lang='grc'>42.</span> <span class='ocrx_word' id='word_1_919' title='bbox 1606 5771 1654 5809; x_wconf 79' lang='grc'>⁸⁸</span> <span class='ocrx_word' id='word_1_920' title='bbox 1679 5773 1858 5832; x_wconf 85' lang='lat' dir='ltr'>Eccli.</span> <span class='ocrx_word' id='word_1_921' title='bbox 1889 5792 2060 5836; x_wconf 84' lang='lat' dir='ltr'>van.</span> <span class='ocrx_word' id='word_1_922' title='bbox 2136 5778 2184 5816; x_wconf 78' lang='lat'>5°</span> <span class='ocrx_word' id='word_1_923' title='bbox 2212 5777 2403 5837; x_wconf 84' lang='lat' dir='ltr'>Ecclc.</span> <span class='ocrx_word' id='word_1_924' title='bbox 2433 5795 2473 5836; x_wconf 83' lang='grc' dir='ltr'>ιι</span> <span class='ocrx_word' id='word_1_925' title='bbox 2502 5780 2668 5836; x_wconf 79' lang='grc'>4-10.</span> 
     </span>
    </p>
   </div>
   <div class='ocr_carea' id='block_1_124' title="bbox 3383 5899 3420 5955">
    <p class='ocr_par' dir='ltr' id='par_1_124' title="bbox 3383 5899 3420 5955">
     <span class='ocr_line' id='line_1_124' title="bbox 3383 5899 3420 5955; baseline 0 0"><span class='ocrx_word' id='word_1_926' title='bbox 3383 5899 3420 5955; x_wconf 88' lang='lat'><strong>7</strong></span> 
     </span>
    </p>
   </div>
  </div>
