4118 6284
510 379 630 442 203
1875 375 2202 441 GEORGII
2245 373 2597 437 CEDRENI
3790 370 3886 446 2οι

507 535 636 575 rem
668 523 860 575 morte
891 533 1017 574 esse
1046 517 1422 581 amariorem,
1453 517 1594 588 quia
1624 521 1748 573 rete
1789 521 1876 571 est
1903 521 1961 570 et
1989 531 2135 570 nass;

2246 507 2458 580 _&6ciuc
2487 529 2546 564 τε
2597 509 2686 564 καὶ
2743 515 2952 590 τρυφῆς
3009 509 3328 567 ἀπέλαυσενο
3387 510 3518 568 ἀλλ’
3579 515 3785 592 ὕστερον
3826 520 3889 582 είς

508 605 887 678 illaqueando
919 607 1114 662 animo
1145 606 1211 661 °°.
1244 629 1270 655 ››
1324 608 1400 661 De
1457 607 1568 662 hac
1612 623 1676 661 re
1726 607 1807 661 ita
1858 605 2135 675 Scriptura

2266 599 2486 673 πικρίαν
2521 601 2555 669 ἡ
2590 597 2840 669 σπατάλη
2903 601 2989 653 καὶ
3025 603 3059 670 ἡ
3094 597 3266 671 ἡδονὴ
3327 601 3554 678 γέγονεν
3609 604 3765 677 αὐτῷ,
3815 611 3888 664 xui

508 701 711 752 narrat
739 714 752 751 :
786 718 815 747 ‹‹
847 698 1135 751 Caaterum
1168 713 1269 750 rex
1301 696 1578 750 Solomon
1611 695 1969 750 mulierosus
2009 698 2135 749 erat

2269 689 2521 751 ὑπόθεσις
2552 688 2871 751 ἀκολασίας.
2903 691 3057 747 Ὅθεν
3090 693 3276 767 φησίν·
3315 717 3343 743 (ι
3386 694 3663 764 Ἑμίσησα
3708 696 3888 770 σύμπα-

507 787 772 841 Fuerunt
811 786 862 839 ei
920 802 1134 840 uxores
1193 786 1493 855 principes
1551 788 1675 849 700,
1735 784 1974 856 pellices
2031 783 2134 836 300

2267 799 2359 832 σαν
2391 780 2490 847 τήν
2525 781 2670 849 ζωήν
2703 800 2808 852 μου
2851 779 2942 833 xui
2999 779 3174 834 πάντα
3227 781 3319 834 τὸν
3388 781 3609 860 μόχθον
3673 805 3788 857 μου,
3823 787 3887 841 δτι

507 876 680 930 Duxit
707 875 867 930 enim
898 891 1113 930 uxores
1146 875 1512 940 Moabitidas,
1542 873 2134 944 Amanitidas,Syrias

2264 869 2440 923 πάντα
2474 870 2794 940 ματαιότης.
2857 867 3026 944 Εῦρον
3084 873 3187 947 γάρ
3247 873 3580 946 πικρότερον
3643 875 3764 949 ὑπὲρ
3813 879 3887 932 τὸν

505 965 818 1028 Idumaeas,
852 965 1162 1030 Chettmas,
1195 964 1590 1029 Amorrhaoas,
1625 963 1909 1017 nimirum
1935 962 2054 1015 illis
2086 960 2135 1015 d1

2267 958 2497 1012 θάνατον
2531 960 2632 1027 τὴν
2661 965 2907 1034 γυναῖκα,
2950 957 3072 1027 ἥτις
3113 959 3222 1014 ἐστὶ
3255 964 3512 1037 θηρευμα
3571 964 3659 1017 καὶ
3711 969 3885 1039 σαγῆνη

506 1053 780 1138 gentibus
811 1069 1063 1121 quarum
1095 1053 1385 1123 conjugiis
1419 1054 1571 1106 Deus
1605 1051 1878 1106 Israelico
1938 1049 2135 1122 populi

2265 1043 2511 1118 καρδίας.
2547 1071 2575 1098 ››
2606 1047 2780 1100 Ταῦτά
2809 1048 2895 1102 τοί
2930 1067 3082 1123 φησι·
3144 1073 3172 1100 ‹‹
3219 1050 3321 1105 Καὶ
3375 1051 3405 1104 ὁ
3442 1051 3702 1125 βασιλεὺς
3738 1055 3888 1109 Σολο-

505 1136 914 1198 interdixerat.
949 1145 986 1197 Ι
1006 1143 1102 1197 10
1131 1143 1276 1196 Cum
1317 1148 1458 1196 aetas
1490 1141 1676 1212 ipsius
1698 1142 1827 1212 jam
1852 1146 2011 1194 eeset
2031 1155 2135 1202 gra

2269 1141 2385 1208 μῶν
2415 1138 2480 1206 ἦν
2513 1136 2884 1214 φιλογύναιος,
2915 1139 3004 1192 καὶ
3035 1139 3170 1208 ἦσαν
3221 1139 3367 1211 αὐτῷ
3421 1140 3694 1217 ἄρχουσαι
3745 1145 3886 1200 ἐπτα-

507 1233 613 1296 vis,
645 1233 914 1287 animum
946 1249 1063 1286 non
1087 1232 1288 1304 gessit,
1311 1231 1580 1302 exemplo
1609 1231 1795 1302 patris
1822 1230 1910 1284 sui
1929 1228 2132 1284 Davidi

2265 1226 2468 1294 κόσιαι,
2500 1227 2590 1281 καὶ
2630 1226 2908 1282 παλλακαὶ
2957 1228 3282 1304 τριακόσιαι.
3346 1231 3456 1287 Καὶ
3518 1230 3680 1287 ἔλαϐε
3733 1241 3890 1310 γυναῖ-

509 1329 736 1376 rectum
769 1338 907 1393 erga
964 1322 1277 1375 Dominum
1341 1323 1521 1374 Deum
1583 1336 1800 1374 suum:
1860 1318 1963 1373 sed
2021 1333 2135 1372 eun

2265 1336 2360 1377 κας
2395 1311 2742 1378 Μωαϐίτιδας
2783 1317 2872 1370 καὶ
2930 1317 3297 1390 Ἀμανίτιδας,
3359 1319 3548 1395 Σύρας
3606 1324 3692 1377 καὶ
3747 1322 3892 1380 Ἰδου-

511 1412 863 1483 alienigena
889 1427 1101 1465 uxores
1122 1415 1482 1472 averterunt,
1510 1415 1574 1462 ut
1594 1409 1856 1480 ipsarum
1879 1408 2020 1463 deos
2034 1423 2130 1461 am

2270 1405 2456 1477 μαίας,
2489 1405 2761 1467 Χετταίας
2820 1407 2905 1460 xui
2948 1405 3306 1482 Ἀμορραίας,
3366 1409 3431 1464 ἐκ
3490 1415 3601 1466 τῶν
3652 1411 3798 1467 ἐθνῶν
3838 1416 3893 1469 ὧν

508 1500 888 1572 plecteretur.
925 1502 1128 1570 Itaque
1154 1505 1294 1554 tunc
1317 1498 1594 1553 Solomon
1620 1498 1868 1552 delubra
1897 1495 2131 1552 condidi

2266 1494 2464 1550 ἀπεῖπε
2515 1495 2719 1569 Κύριος
2775 1501 2897 1557 τοῖς
2955 1497 3094 1558 υἱοῖς
3146 1497 3396 1574 Ἰσραήλ.
3452 1501 3559 1557 Καὶ
3619 1501 3810 1577 ἰγένετο
3853 1501 3891 1558 ἒν

509 1591 801 1645 Chamoso
833 1589 1118 1656 Moabico,
1168 1593 1415 1644 Λεμωνία)
1467 1588 1864 1650 Sidoniorum,
1919 1591 1975 1638 et
2021 1585 2159 1639 Mel-

508 1681 721 1734 chomo
752 1679 1250 1742 Ammonitarum,
1285 1677 1706 1732 abominandis
1727 1693 1795 1731 ac
1820 1677 1936 1730 Deo
1956 1673 2160 1728 invisis

508 1768 761 1823 deastris
794 1766 860 1820 ⁶¹.
896 1790 925 1817 ››
952 1772 1183 1822 Astarte
1209 1773 1299 1821 est
1329 1783 1507 1836 quam
1541 1768 1825 1820 Venerem
1875 1781 1982 1819 nos
2016 1763 2154 1817 dici-

511 1873 680 1913 mus:
714 1859 1070 1913 Chamosum
1101 1875 1207 1929 pro
1243 1858 1357 1911 Deo
1391 1856 1545 1927 Tyrii
1595 1855 1911 1909 habebant.
1967 1853 2158 1922 quue
2189 1880 2235 1944 Β

513 1946 687 2002 modo
709 1947 851 2002 fecit
871 1947 931 2001 in
953 1947 1202 2020 gratiam
1225 1945 1491 2000 omnium
1515 1944 1983 2015 alienigenarum
2006 1959 2158 1996 uxo-

511 2052 672 2100 rum;
709 2053 912 2107 emque
945 2037 1244 2092 sufﬁtibus
1279 2042 1336 2090 et
1367 2035 1671 2089 sacriﬁciis
1708 2033 2025 2088 simulacra
2055 2049 2164 2087 sua

510 2110 963 2181 venerabantur.
1007 2127 1087 2180 Ea
1125 2141 1261 2196 ergo
1313 2124 1454 2179 fecit
1503 2123 1804 2190 Solomon,
1852 2139 1982 2192 qum
2043 2123 2159 2176 Deo

517 2215 925 2287 displicerent,
958 2232 1152 2284 neque
1185 2215 1245 2268 in
1277 2230 1344 2268 eo
1376 2213 1625 2267 colendo
1664 2212 1906 2282 vestigia
1961 2209 2160 2265 Davidi

515 2309 698 2378 patria
725 2307 816 2363 sui
848 2313 1087 2362 secutus
1119 2312 1226 2361 est.
1262 2305 1608 2360 Succensuit
1651 2305 1848 2373 itaque
1875 2303 2160 2357 Dominus

513 2396 837 2462 Solomoni,
899 2395 1054 2464 quod
1087 2412 1120 2450 a
1151 2412 1211 2450 se
1266 2394 1675 2449 Israelicorum
1726 2394 1843 2446 Deo
1892 2391 2158 2446 animum

509 2486 932 2550 abalienasset,
968 2484 1056 2538 bis
1080 2485 1193 2556 ipsi
1221 2485 1429 2549 viso,et
1459 2483 1842 2537 interminato
1875 2499 1949 2536 ne
1981 2497 2157 2552 quem

510 2575 756 2630 omnino
777 2575 1154 2646 peregrinum
1178 2574 1354 2629 deum
1378 2577 1720 2627 sectaretur.
1749 2570 2161 2626 Denuntiavit-

505 2681 620 2734 que
654 2665 706 2718 ei
733 2666 908 2732 Deus,
943 2663 1178 2733 quando
1201 2663 1370 2734 jussa
1403 2679 1472 2717 ac
1513 2660 1795 2716 mandata
1848 2677 1953 2716 sua
1999 2677 2160 2731 spre-

501 2754 699 2819 visset,
725 2771 786 2809 se
811 2769 1054 2826 regnum
1082 2753 1214 2809 ideo
1239 2769 1308 2808 ex
1338 2768 1518 2808 manu
1551 2751 1738 2822 ipsius
1769 2750 2155 2821 abrepturum

501 2859 786 2914 servoque
807 2844 936 2915 ejus
955 2841 1310 2897 traditurum
1335 2859 1348 2909 ;
1375 2847 1550 2912 atque
1577 2839 1636 2894 id
1660 2839 1900 2910 quidem
1915 2844 2157 2910 propter

501 2933 786 2988 Davidum
814 2933 1002 3004 ipsius
1035 2938 1284 3003 patrem,
1318 2947 1490 2986 suum
1521 2929 1833 2993 famulum,
1869 2929 1992 2983 vivo
2024 2928 2152 2999 ipso

500 3037 620 3076 non
650 3022 968 3090 facturum,
1004 3021 1266 3091 itemque
1300 3025 1543 3091 propter
1581 3017 2012 3089 Hierosolyma,
2061 3033 2152 3070 ur-

498 3111 633 3166 bem
666 3128 699 3167 a
731 3128 791 3166 se
825 3111 1135 3166 delectam.
1186 3109 1593 3180 Excitavitque
1646 3109 1796 3163 Deus
1847 3105 2150 3161 Salomoni

499 3201 900 3254 adversarium
914 3200 1167 3255 Adarem
1182 3199 1506 3253 Idumaium
1530 3203 1705 3266 atque
1724 3195 2147 3250 Hedraazarem

2266 1587 2440 1658 καιρῷ
2471 1586 2659 1660 γήρως
2691 1585 2881 1653 αὐτοῦ,
2919 1584 3010 1639 καὶ
3079 1585 3178 1640 ούκ
3223 1588 3349 1658 ἧνὴ
3386 1587 3595 1662 καρδία
3647 1592 3772 1662 μετᾶ
3810 1595 3893 1648 Κυ-

2269 1674 2385 1748 ρίου
2445 1679 2578 1728 Θεοῦ
2631 1675 2797 1730 αύτοῦ
2852 1677 3028 1738 καθὼς
3079 1677 3166 1731 καὶ
3228 1681 3262 1746 ἡ
3321 1675 3525 1751 καρδία
3613 1677 3769 1736 Δαϐὶδ
3818 1688 3892 1736 τοῦ

2268 1764 2468 1836 πατρὸς
2501 1763 2689 1830 αὐτοῦ,
2730 1765 2821 1818 xui
2879 1763 3151 1834 ἐξέκλιναν
3211 1767 3267 1821 u‘.
3325 1767 3629 1844 ἀλλότριαι
3683 1778 3894 1845 γυναῖκες

2265 1854 2362 1919 τὴν
2425 1851 2646 1928 καρδίαν
2706 1854 2870 1908 αὐτοῦ
2922 1855 3097 1910 ὀπίσω
3148 1857 3283 1910 θεῶν
3363 1857 3572 1916 αὐτῶν.
3646 1861 3742 1916 Καὶ
3792 1862 3890 1916 τότε

2267 1941 2594 2014 ᾠκοδόμησε
2626 1941 2898 2016 Σολομῶν
2928 1945 3052 1999 ναὸν
3083 1949 3163 2016 τῷ
3192 1947 3400 2018 Χαμὼς
3447 1945 3670 2020 εἰδώλῳ
3720 1945 3888 2020 Μωᾶὄ,

2265 2033 2357 2086 καὶ
2384 2036 2454 2106 τῇ
2483 2034 2749 2107 Ἀστάρτῃ
2792 2032 3127 2108 βδελύγματι
3160 2033 3455 2102 Σιδονίων,
3498 2038 3591 2092 καὶ
3643 2043 3718 2110 τῷ
3764 2038 3890 2096 Μελ-

2270 2121 2404 2193 χὼμ
2433 2122 2881 2199 προσοχθίσματι
2911 2124 3041 2176 υἱῶν
3070 2124 3280 2196 Ἂμών.
3320 2150 3346 2175 ››
3372 2128 3436 2182 Ἠ
3473 2130 3558 2201 [Ρ.
3596 2129 3684 2200 97]
3709 2129 3792 2198 μὲν
3814 2129 3888 2182 οὗν

2268 2212 2541 2283 Ἀστάρτη
2585 2211 2722 2265 ἔστὶν
2773 2213 2806 2279 ἡ
2875 2213 3002 2284 παρ’
3059 2211 3329 2282 Ἐλλησιν
3391 2213 3696 2292 Ἀφροδίτη
3755 2218 3890 2290 λεγο-

2267 2301 2428 2372 μένη,
2481 2302 2508 2353 6
2559 2297 2616 2354 δὲ
2672 2302 2875 2373 Χαμὼς
2961 2303 3080 2364 θεὸς
3141 2303 3206 2372 ἦν
3266 2305 3513 2380 Τυρίων.
3587 2311 3689 2362 Καὶ
3743 2307 3889 2367 οὕτως

2265 2389 2490 2459 εποίησε
2519 2397 2636 2451 ταῖς
2680 2389 3019 2468 ἂλλοφύλοις
3049 2392 3214 2448 αὐτοῦ
3253 2397 3467 2468 γυναιξὶ
3520 2397 3731 2465 πάσαις,
3775 2395 3885 2451 αἵτι-

2264 2499 2350 2539 νες
2398 2477 2636 2552 ἐθυμίων
2694 2480 2784 2533 καὶ
2846 2479 2998 2544 ἔθυον
3059 2487 3174 2544 τοῖς
3237 2481 3498 2546 εἷδὼλοις
3555 2487 3749 2556 αὐτῶν,
3803 2484 3884 2542 Καὶ

2263 2565 2489 2636 ἐποίησε
2534 2566 2805 2640 Σολομῶν
2859 2569 2922 2623 τὸ
2976 2571 3212 2643 πονηρὸν
3264 2569 3502 2628 ἐνώπιον
3559 2576 3771 2649 Κυρίου,
3814 2572 3883 2626 xui

2265 2656 2364 2711 οὐκ
2393 2655 2659 2730 ἐπορεύθη
2696 2657 2873 2712 ὀπίσω
2902 2659 3102 2732 Κυρίου
3135 2660 3208 2722 ὡς
3267 2657 3437 2716 Δαϐὶδ
3497 2665 3525 2717 6
3579 2666 3751 2738 πατὴρ
3801 2662 3882 2716 αὖ-

2261 2749 2378 2802 τοῦ.
2413 2747 2514 2802 Καὶ
2547 2746 2791 2824 ὠργίσθη
2828 2747 3020 2822 Κύριος
3062 2747 3150 2803 ἐπὶ
3211 2749 3512 2824 Σολομῶν,
3575 2755 3657 2807 ὅτι
3713 2749 3885 2822 ἐξέκλι-

2260 2857 2343 2890 νεν
2379 2838 2414 2904 ἡ
2446 2833 2641 2910 καρδία
2701 2837 2864 2892 αὐτοῦ
2919 2838 3025 2894 ἀπὸ
3085 2841 3282 2916 Κυρίου
3335 2847 3476 2897 Θεοῦ
3533 2841 3753 2917 Ἰσραὴλ
3803 2845 3880 2896 τοῦ

2260 2923 2514 3003 ὀφθέντος
2543 2924 2690 2998 αὖτῷ
2740 2922 2820 2988 δὶς
2879 2926 2968 2980 καὶ
3029 2927 3414 3003 ἐντειλαμένου
3470 2932 3618 3004 αύτῷ
3676 2933 3746 3003 μή
3802 2951 3884 2983 πο-

2257 3013 2504 3087 ρεύεσθαι
2537 3013 2713 3068 ὀπίσω
2747 3017 2879 3070 θεῶν
2940 3016 3134 3090 ἑτέρων
3184 3019 3246 3073 τὸ
3301 3021 3579 3095 παράπαν.
3637 3021 3734 3078 Καὶ
3787 3019 3880 3073 εἶπε

2256 3103 2458 3176 Κύριος
2491 3104 2627 3178 πρὸς
2658 3103 2835 3158 αὐτόν·
2872 3131 2899 3157 ‹‹
2934 3106 3076 3170 Ἀνθ’
3107 3107 3182 3162 ὧν
3211 3109 3308 3163 οὐκ
3358 3109 3630 3186 ἐφύλαξάς
3675 3131 3771 3182 μου
3805 3108 3882 3168 τὰς

2262 3190 2480 3254 ἐντολὰς
2536 3195 2628 3247 xui
2690 3193 2755 3247 τά
2841 3200 3237 3270 προστάγματα
3293 3197 3327 3253 ἄ
3385 3199 3741 3272 ἐνετειλάμην
3792 3219 3877 3267 σοι,

2261 3277 2604 3354 διαρῥήσσων
2638 3279 2913 3357 διαρῥήξω
2942 3286 3042 3353 τήν
3101 3285 3382 3358 βασιλείαν
3431 3287 3492 3343 ἐκ
3551 3289 3734 3363 χειρός
3781 3306 3875 3352 σου,

496 3304 694 3359 regem
710 3289 1166 3357 Subensem,qui
1185 3285 2147 3354 lsraelicosinfestaveruntquam-

494 3376 594 3430 diu
627 3377 765 3430 vixit
796 3377 1095 3430 Solomon.
1133 3377 1393 3429 Mortuus
1423 3380 1513 3428 est
1541 3390 1696 3428 anno
1721 3373 1910 3427 aetatis
1928 3375 2018 3439 73,
2053 3373 2147 3426 in-

493 3482 606 3536 que
641 3465 916 3536 sepulcro
958 3465 1141 3536 patris
1195 3464 1516 3534 depositus.
1579 3463 1694 3518 Sub
1745 3479 1812 3516 eo
1854 3463 2142 3517 Homerus

488 3555 601 3610 fuit
633 3571 700 3610 ac
735 3553 1044 3610 Hesiodus.

490 3643 556 3710 ἠν
591 3641 936 3714 ἐξελεξάμην.
1000 3640 1102 3697 Καὶ
1164 3639 1354 3714 ἤγειρε
1403 3639 1604 3711 Κύριος
1661 3643 1739 3710 τῷ
1799 3635 2126 3710 Σολομῶν-τι
2191 3638 2364 3692 Σατᾶν
2424 3635 2583 3710 Ἄδερ
2638 3641 2728 3694 τὸν
2783 3639 3093 3715 Ἰδουμαῖον
3151 3643 3240 3698 καὶ
3298 3645 3390 3699 τὸν
3454 3643 3746 3719 Έδρααζὲρ
3799 3642 3875 3715 βα-

489 3728 644 3785 σιλέα
675 3725 880 3798 Σουϐἆ,
911 3730 999 3784 xui
1031 3730 1165 3798 ἦσαν
1198 3733 1275 3800 τῷ
1307 3727 1535 3806 Ἰφραήλ
1565 3727 1740 3782 Σατάν
1771 3727 1942 3787 πάσας
1969 3726 2062 3787 τὰς
2093 3726 2302 3801 ἡμέρας
2363 3726 2752 3799 Σολομῶντος.
2816 3730 2919 3785 Καὶ
2987 3730 3217 3786 ἀπέθανε
3277 3731 3555 3808 Σολομῶν
3612 3733 3735 3788 ἐτῶν
3789 3729 3872 3803 ογ“,

2254 3371 2342 3425 καὶ
2377 3368 2536 3426 δώσω
2569 3373 2733 3441 αὐτὴν
2763 3377 2840 3445 τῷ
2888 3371 3071 3447 δούλῳ
3132 3396 3247 3430 σου·
3297 3376 3446 3445 πλὴν
3500 3377 3552 3432 ἐν
3600 3383 3714 3440 ταῖς
3759 3373 3875 3447 ἡμέ-

2256 3479 2374 3533 ραις
2403 3481 2500 3514 σου
2530 3465 2690 3516 τοῦτο
2725 3461 2786 3516 ού
2815 3466 3057 3533 ποιήσω,
3089 3461 3176 3518 διὰ
3203 3460 3370 3521 Δαϐἱδ
3403 3469 3498 3523 τὸν
3549 3465 3741 3522 δοῦλόν
3786 3483 3872 3536 μου

2253 3549 2340 3603 καὶ
2375 3551 2576 3624 πατὲρα
2603 3573 2720 3620 σου,
2752 3553 2843 3606 καὶ
2877 3550 2963 3606 διὰ
2995 3553 3366 3628 Ἰερουσαλὴμ
3410 3559 3512 3627 τήν
3561 3555 3718 3611 πόλιν
3766 3572 3871 3626 μου,

489 3819 580 3875 καὶ
613 3818 783 3893 ἐτάφη
821 3820 956 3892 μετὰ
985 3823 1085 3872 τοῦ
1117 3819 1318 3892 πατρὸς
1345 3817 1530 3872 αὐτοῦ.
1564 3839 1592 3867 ››
1625 3817 1739 3895 Ἐφ’
1773 3815 1834 3870 οὗ
1864 3817 1930 3885 ἦν
1965 3817 2216 3889 Ὄμηρος
2247 3817 2333 3870 xui
2367 3815 2635 3881 Ἡσίοδος.

557 3911 704 3966 171
741 3910 982 3964 Miretur
1036 3909 1254 3980 aliquis
1284 3909 1505 3979 Optimo
1554 3909 1690 3980 jure
1749 3907 1892 3978 quid
1941 3924 2131 3962 causa;

485 3999 662 4054 fuerit
693 3998 850 4069 quod
881 4003 939 4054 et
959 3998 1360 4054 divinissimus
1388 3998 1580 4052 Moses
1611 4003 1668 4051 et
1700 3997 1794 4052 hic
1812 3997 2132 4068 sapientis-

486 4088 704 4144 simum
737 4088 1040 4156 Solomon,
1073 4105 1208 4143 cum
1238 4093 1556 4157 utrumque
1579 4103 1783 4142 eorum
1815 4092 1951 4142 ante
1975 4086 2128 4140 Deus

483 4182 644 4233 tanto
676 4179 898 4233 honore
933 4183 1110 4248 atque
1141 4177 1557 4249 procuratione
1592 4176 1864 4247 dignatus
1894 4175 2123 4240 fuisset,

481 4268 720 4324 tandem
749 4275 946 4325 tamen
976 4269 1145 4333 alter,
1177 4268 1277 4322 Dei
1300 4267 1706 4339 indignatione
1727 4271 1904 4336 atque
1920 4265 2123 4321 dolore

480 4359 750 4426 excitato,
784 4359 1090 4429 promissaa
1121 4357 1232 4411 sibi
1264 4358 1349 4411 rei
1389 4357 1582 4425 impos
1600 4355 1787 4409 factus
1809 4355 2119 4424 est;a1ter,

478 4462 611 4502 cum
642 4446 934 4502 irritasset
963 4448 1171 4508 Deum,
1207 4445 1450 4515 praemio
1483 4445 1746 4514 priorum
1797 4461 2120 4514 eorumque

2314 3910 2617 3979 Θαυμάσειε
2649 3905 2693 3962 δ’
2725 3911 2783 3963 ἂν
2817 3930 2900 3971 τις
2929 3908 3019 3963 xui
3053 3909 3201 3982 μάλα
3259 3912 3515 3983 είκότως,
3573 3911 3743 3983 ὥσπερ
3788 3905 3863 3961 ἐπὶ

2238 3999 2333 4050 τοῦ
2393 3996 2672 4051 θειοτάτου
2721 3998 3015 4067 Μωϋσὲως,
3077 3999 3220 4054 οὕτω
3277 4001 3365 4055 καὶ
3427 4000 3518 4056 ini
3585 3994 3732 4054 τοῦδε
3781 3993 3861 4046 τοῦ

2238 4082 2553 4160 σοφωτάτου
2590 4084 2974 4157 Σολομῶντος,
3007 4090 3121 4148 πῶς
3160 4087 3414 4164 ἑκάτερος
3467 4089 3641 4144 αὐτῶν
3691 4081 3863 4140 τοσαύ-

2233 4193 2331 4242 της
2382 4173 2552 4228 πάλαι
2613 4173 2758 4238 θείας
2811 4172 2971 4245 δόξης
3042 4177 3131 4230 xui
3222 4179 3568 4252 προμηθείας
3643 4169 3853 4245 ἀξιωθεὶς

2235 4262 2452 4337 ὓστερον
2487 4263 2514 4316 6
2551 4263 2644 4335 μὲν
2679 4263 2755 4325 εἷς
2785 4264 3149 4338 ἀγανάκτησιν
3210 4267 3300 4319 xui
3361 4265 3542 4338 λύπην
3600 4267 3686 4320 τὸν
3740 4259 3847 4316 Θεὸν

2230 4353 2454 4420 κινήσας
2508 4357 2608 4421 τῆς
2666 4350 2992 4429 επαγγελίας
3061 4352 3318 4426 ἐξὲπεσιν,
3381 4357 3409 4411 ὁ
3473 4355 3530 4412 δὲ
3583 4356 3654 4416 είς
3705 4349 3848 4425 ὀργὴν

2231 4438 2320 4492 καὶ
2363 4440 2532 4511 θυμὸν
2589 4438 2799 4515 ἐγείρας
2855 4441 3018 4497 αὐτὸν
3086 4444 3211 4505 τούς
3268 4465 3325 4500 τε
3381 4440 3850 4521 προειργασμένοος

477 4535 837 4604 optimorum
859 4533 1130 4589 laborum
1154 4532 1459 4598 multatus,
1492 4532 1752 4586 animam
1769 4549 2002 4604 quoque
2027 4533 2117 4588 in-

2246 4527 2481 4600 ἱρίστους
2519 4529 2720 4590 πόνους
2753 4527 2922 4603 ἄρδην
2952 4530 3232 4604 ἐζημίωτο
3259 4535 3348 4588 xui
3378 4537 3477 4605 τὴν
3512 4535 3688 4609 ψυχὴν
3709 4547 3847 4602 προσ-

475 4639 653 4692 super
667 4622 940 4692 perdidit.
959 4623 1250 4687 Quorsum
1278 4621 1436 4675 enim
1451 4619 1791 4675 reciderunt
1811 4627 1972 4677 tanta
1985 4639 2117 4678 cum

475 4712 593 4766 Deo
624 4711 1017 4772 familiaritas.
1053 4716 1216 4765 tanta
1239 4710 1298 4764 in
1319 4727 1386 4766 eo
1419 4709 1829 4780 compellando
1852 4711 2117 4779 libertas,

473 4807 560 4858 tot
589 4802 856 4872 tantique
885 4801 1141 4868 labores,
1165 4817 1232 4856 ac
1264 4806 1383 4854 tam
1410 4802 1607 4872 gravia
1640 4807 1697 4856 et
1717 4801 1901 4857 multa
1926 4806 2116 4855 certa-

472 4891 638 4946 mina
666 4891 846 4945 divini
875 4891 1049 4946 Mosis
1071 4890 1098 4944 ?
1128 4907 1256 4960 quas
1299 4891 1500 4944 omnia
1531 4890 1602 4944 ob
1629 4896 1936 4962 peccatum
1959 4888 2116 4960 apud

470 4997 685 5051 aquam
724 4981 906 5052 jurgii
963 4979 1288 5034 admissum
1339 4979 1674 5050 posthabita
1717 4985 1892 5044 sunt;
1939 4985 2114 5048 atque

468 5069 593 5142 ipse
624 5071 870 5125 introitu
901 5071 960 5123 in
994 5069 1342 5139 promissam
1378 5076 1617 5135 terram,
1669 5070 1846 5124 homo
1889 5068 2109 5139 justus,

464 5178 707 5231 prorsus
733 5167 793 5215 et
819 5159 1232 5214 irretractabili
1265 5160 1561 5213 sententia
1578 5159 1837 5229 privatus
1862 5158 1992 5223 fuit,
2025 5158 2110 5211 uti

462 5267 640 5320 supra
672 5255 760 5304 est
787 5255 1330 5304 commemoratam.
1366 5251 1654 5313 Quorsum
1689 5248 1790 5303 Dei
1837 5264 1973 5319 erga
2005 5248 2111 5301 So-

457 5336 759 5392 lomonem
784 5355 950 5392 amor
977 5343 1173 5392 tantus
1197 5344 1477 5406 tantaque
1494 5337 1680 5409 gratia
1707 5335 2109 5407 etsapientia?

455 5426 604 5491 Quid
647 5431 766 5480 tam
797 5427 1004 5499 ingens
1031 5425 1343 5497 prudentia
1363 5433 1539 5497 atque
1560 5427 1947 5498 intelligentia
1969 5443 2104 5496 pro-

451 5514 659 5582 fuit,ac
691 5516 1059 5571 sobriissima
1089 5516 1421 5572 divinarum
1454 5516 1973 5586 humanarumque
2007 5532 2100 5570 re-

449 5621 585 5661 rum
616 5605 1013 5661 consideratio
1041 5611 1098 5660 et
1127 5606 1405 5678 cognitio,
1431 5622 1565 5660 cum
1599 5606 1648 5660 is
1670 5605 1744 5661 ad
1770 5611 2101 5661 extremum

453 5710 523 5750 ex
555 5694 769 5752 insano
814 5695 1133 5754 mulierum
1179 5711 1380 5751 amore
1429 5693 1504 5750 ad
1549 5694 1761 5768 impios
1815 5695 2098 5751 falsorum

523 5794 569 5835 ⁸ο
599 5795 789 5856 Eccle.
824 5813 918 5866 vn,
952 5798 1043 5865 26,
1074 5799 1163 5852 27.
1240 5793 1284 5831 σί
1319 5795 1394 5850 III
1425 5797 1562 5867 Reg.
1597 5811 1672 5863 τι,
1721 5798 1741 5851 i
1779 5812 1908 5867 sqq.

2230 4616 2499 4672 απώλεσε.
2537 4623 2646 4674 Ποῦ
2677 4620 2776 4694 γὰρ
2820 4621 2853 4688 ἡ
2913 4620 3174 4692 τοιαύτην
3230 4624 3365 4697 πρὸς
3423 4627 3550 4680 Θεὸν
3607 4619 3848 4676 οἰκείωσις

2227 4705 2316 4759 xui
2346 4705 2621 4781 παῤῥησία
2654 4709 2741 4762 καὶ
2783 4709 2834 4762 oi
2890 4715 3148 4765 τοσοῦτοι
3207 4713 3296 4766 καὶ
3353 4713 3668 4781 τηλικοῦτοι
3714 4704 3846 4760 πόνοι

2225 4795 2314 4848 καί
2344 4795 2506 4848 κόποι
2537 4797 2624 4850 xui
2660 4796 2865 4872 ἀγῶνες
2894 4802 2990 4852 τοῦ
3031 4800 3315 4854 θεσπεσίου
3367 4802 3674 4863 Μωυσέωςς
3721 4790 3842 4846 οἵτι-

2223 4905 2308 4945 νες
2339 4882 2427 4939 διὰ
2453 4887 2552 4954 τήν
2587 4885 2672 4940 ἐπὶ
2703 4891 2800 4941 τοῦ
2849 4884 3044 4950 ὓδατος
3098 4896 3196 4958 τῆς
3243 4890 3552 4966 ἀντιλογίας
3601 4880 3836 4960 ἁμαρτίαν

2222 4975 2645 5047 παρωράθησαν,
2683 4975 2770 5028 xui
2801 4984 2900 5044 τῆς
2932 4977 3006 5039 εἰς
3059 4979 3158 5046 τήν
3214 4986 3318 5055 γῆν
3381 4977 3698 5056 ἐπαγγελίας
3739 4969 3834 5023 εἰσ-

2223 5062 2350 5117 όδου
2381 5063 2592 5137 ἀθρόως
2633 5066 2660 5118 6
2689 5063 2896 5127 δίκαιος
2937 5067 3024 5121 καὶ
3060 5069 3474 5144 άσυγχωρῆτως
3506 5065 3828 5134 ἀπεστέρητον

2219 5153 2397 5216 καθὼς
2430 5154 2517 5207 καὶ
2557 5148 2856 5228 ἔμπροσθεν
2917 5154 3149 5230 ε’ἒρηται.
3215 5163 3324 5213 Ποῦ
3383 5157 3438 5214 δὲ
3493 5160 3581 5214 καὶ
3632 5157 3662 5222 ἡ
3713 5146 3830 5221 πρὸς

2216 5244 2310 5297 τὸν
2366 5243 2706 5316 Σολομῶντα
2765 5246 2880 5299 θεία
2946 5246 3307 5322 φιλοστοργία
3388 5251 3474 5304 xui
3533 5251 3564 5316 ἡ
3622 5236 3826 5300 τοσαῦτη

2217 5333 2380 5407 χάρις
2405 5354 2463 5387 τε
2491 5333 2580 5388 καὶ
2615 5334 2803 5410 σοφίας
2831 5353 2844 5404 ;
2877 5335 2966 5390 xui
2999 5335 3080 5398 τίς
3123 5339 3156 5406 ἡ
3212 5337 3446 5415 ὠφέλεια
3491 5344 3587 5406 τῆς
3637 5325 3828 5389 πολλῆς

2216 5420 2423 5492 ἐκείνης
2453 5425 2768 5500 φρονήσεως
2796 5424 2884 5478 καὶ
2936 5424 3220 5494 συνέσεως,
3269 5413 3358 5482 καὶ
3415 5431 3448 5498 ἠ
3508 5413 3826 5498 προλαϐοῦσα

2210 5513 2434 5583 τοιαύτη
2467 5513 2855 5591 νηφαλιωτάτη
2893 5512 3070 5571 ἔννοια
3097 5517 3184 5572 καὶ
3218 5516 3474 5596 θεολογία
3524 5525 3605 5572 καί
3657 5524 3822 5588 φυσιο-

2212 5600 2392 5678 λογία,
2436 5598 2667 5680 ἔσχατον
2727 5604 2788 5660 ἐκ
2843 5608 3265 5682 γυναικομανίας
3324 5593 3406 5674 εἰς.
3458 5593 3822 5675 είδωλομανῖαν

2209 5690 2645 5762 ἐκπεπτωκὸτος,
2697 5695 2772 5758 ὡς
2829 5700 3010 5773 σαφῶς
3070 5694 3402 5769 δεδήλωται.
3460 5702 3545 5771 Τῷ
3597 5693 3696 5747 ὄντι
3737 5682 3822 5758 γάρ
