4118 6284
219 372 344 433 205

1351 368 1889 432 HISTORIARUM
1938 367 2488 432 GOMPENDIUM.

220 498 386 559 οὐδὲν
432 500 656 582 ὄφελος,
707 502 1056 576 ἑναρξάμενον
1124 501 1412 578 πνεύματι,
1479 501 1634 577 σαρκὶ
1690 499 1877 557 ἐπιτε-

2003 501 2239 559 ieorum
2268 502 2463 560 cultus
2493 504 2570 560 sit
2598 504 2910 576 prolapsus
2944 506 2972 560 ‘l
3002 506 3175 563 sicuti
3221 505 3647 562 demonstravi-

224 590 415 651 λέσαι.
462 596 610 656 Ἕως
661 591 756 664 μὲν
814 592 916 669 γάρ
971 589 1220 661 ἀπήλαυε
1250 589 1518 662 Σολομῶν
1563 596 1662 660 τῆς
1693 591 1891 654 ἀνωθεν

226 681 602 757 προμηθείας,
665 680 719 735 ἐν
775 680 968 756 ε’ρτζνῃ
1027 681 1117 735 καὶ
1172 680 1390 756 γαλήνῃ
1448 677 1630 755 διῆγε,
1690 678 1895 741 πάντας

234 766 386 850 ἔχων
447 767 858 842 ὑποκειμένους,
918 769 1096 830 καθὼς
1151 769 1494 844 προείρηται,
1552 767 1639 822 καὶ
1686 764 1893 841 δασμὸν

237 860 570 933 κομίζοντας
602 859 685 914 ὅτι
720 857 976 932 μάλιστα·
1008 856 1195 927 ἐπειδὴ
1241 856 1297 913 δὲ
1344 857 1546 928 ταύτης
1579 857 1892 934 ἐγυμνώθη,

231 954 355 1010 τοῖς
444 949 756 1020 δυσμενέσιν
841 946 1251 1027 εὐεπιχείρητος
1333 946 1564 1024 γέγονεν,
1639 947 1914 1015 Ἀληθῶς,

228 1035 413 1099 ὄντως
444 1033 674 1116 ιροῦερὸν
714 1038 777 1092 τὸ
832 1035 1081 1110 ἐμπεσεῖν
1139 1035 1216 1098 εἰς
1276 1042 1467 1112 χεῖρας
1501 1040 1636 1091 Θεοῦ
1669 1040 1889 1105 ζῶντος.

228 1129 444 1201 [P.98]
500 1130 704 1201 Ὥσπερ
758 1126 858 1202 γάρ
918 1129 945 1181 6
1003 1121 1159 1190 ἔλεος
1208 1124 1466 1202 ἄρῥητος,
1517 1123 1659 1180 οῧτω
1717 1123 1806 1180 καὶ
1856 1125 1891 1194 ἡ

225 1214 466 1277 κόλασις
522 1215 911 1277 ἀνυπόστατος.
966 1218 1087 1273 Ὅτι
1163 1212 1221 1271 δὲ
1270 1220 1388 1278 τοῖς
1444 1212 1698 1276 εῗδώλοις
1754 1211 1893 1268 ἐλὰ-

223 1325 445 1378 τρευσε,
474 1302 811 1377 καταλείψας
844 1306 934 1360 τὸν
986 1303 1158 1365 ὅντως
1210 1301 1337 1360 ὄντα
1385 1304 1513 1361 Θεὸν
1560 1307 1656 1359 τοῦ
1688 1302 1891 1379 πατρὸς

225 1393 404 1449 αὐτοῦ
436 1388 629 1461 Δαὸὶδ,
660 1390 896 1464 εὔδηλον
948 1392 999 1464 ἐξ
1047 1394 1121 1447 ὧν
1171 1393 1260 1448 καί
1313 1391 1504 1470 Ἀχίας
1540 1392 1567 1445 6
1597 1393 1891 1469 προφήτης

224 1477 334 1559 ἔφη
368 1483 507 1559 πρὸς
538 1484 631 1537 τὸν
666 1477 976 1559 Ἱεροϐοάμ·
1037 1507 1065 1535 ι(
1096 1479 1238 1540 Τάδε
1285 1479 1433 1537 λέλει
1482 1481 1705 1556 Κύριος·
1747 1477 1892 1535 Ἰδοὺ

226 1573 344 1647 ἐγὼ
376 1573 569 1646 ῥήσσω
598 1573 697 1640 τήν
733 1571 1008 1648 βασιλείαν
1043 1572 1103 1627 ἐκ
1149 1572 1337 1650 χειρὸς
1378 1569 1768 1642 Σολομῶντος,
1799 1568 1890 1625 καὶ

229 1659 397 1717 δώσω
431 1683 514 1717 σοι
546 1662 613 1717 τά
645 1659 776 1717 δέκα
828 1669 1098 1737 σκῆπτρα,
1155 1661 1244 1716 καὶ
1302 1660 1397 1716 δύο
1449 1664 1697 1735 σκῆπτρα
1728 1657 1890 1715 δώσω

228 1751 381 1822 αὐνῷ
413 1748 506 1805 διά
536 1747 703 1806 Δαϐἱδ
729 1751 824 1806 τὸν
864 1747 1060 1805 δοῦλόν
1113 1772 1219 1825 μου
1264 1750 1354 1805 καὶ
1401 1749 1767 1825 Ἰερουσαλὴμ
1790 1750 1889 1818 τήν

226 1838 399 1895 πόλιν
459 1861 584 1914 μοο,
642 1841 706 1909 ἦν
781 1839 1107 1913 ἐξελεξάμην
1173 1838 1232 1894 ἐκ
1299 1842 1485 1895 πασῶν
1542 1843 1650 1894 τῶν
1703 1839 1886 1916 φυλῶν

225 1927 482 2003 Ἰσραὴλ,
525 1928 644 1994 ἀνθ,
705 1930 780 1983 ὧν
835 1926 1154 2004 ἐγκατέλιπὲ
1213 1950 1300 2002 με,
1355 1927 1445 1985 καὶ
1505 1924 1792 1983 ἐδούλευσε
1819 1932 1888 2002 τῇ

219 2018 501 2094 Ἀστάρτῃ
568 2014 914 2093 βδελῦγματι
992 2015 1275 2089 Σιδονίων,
1339 2017 1429 2072 καὶ
1507 2017 1586 2089 τῷ
1684 2014 1890 2089 Χαμὼς

224 2103 453 2181 εἰδώλῳ
482 2102 678 2178 Μωάϐ,
707 2108 799 2162 καὶ
859 2111 938 2180 τῷ
997 2108 1257 2182 Μελχὼμ
1285 2105 1727 2183 προσοχθίσματι
1758 2106 1891 2165 υἱῶν

222 2196 446 2269 Ἀμῶν,
503 2197 592 2251 καὶ
648 2202 902 2271 γυναῖκας
979 2196 1276 2270 ἀλλοτρίας
1351 2193 1588 2259 πολλάς.
1653 2194 1755 2252 Καὶ
1811 2188 1889 2248 ἔτι

220 2281 392 2341 ἔλαϐε
423 2287 523 2357 τήν
558 2287 826 2363 Θυγατέρα
859 2284 1060 2360 Φαραὼ
1114 2286 1173 2340 ἐκ
1227 2289 1336 2340 τῶν
1389 2285 1553 2348 ἐθνῶν
1589 2284 1662 2338 ὧν
1695 2283 1891 2338 ἀπεῖπε

221 2374 427 2448 Κύριος
474 2380 595 2438 τοῖς
650 2377 789 2437 υἱοῖς
851 2374 1091 2450 Ἰσραήλ’
1149 2373 1265 2433 Οὐκ
1318 2372 1681 2430 εἰσελεύσεσθε
1711 2372 1761 2427 ἐν
1791 2371 1888 2426 αὐ-

217 2469 358 2532 τοῖς,
390 2463 486 2519 καὶ
546 2461 699 2519 uinci
759 2465 860 2519 οὐκ
917 2462 1313 2519 εἰσελεύσονται
1363 2462 1440 2525 εἷς
1495 2463 1659 2536 ὑμᾶς,
1690 2461 1777 2516 ’ἱνα
1809 2461 1886 2535 μὴ

222 2551 523 2609 ἐκκλίνωσι
580 2553 677 2617 τὰς
733 2551 957 2628 καρδίας
1017 2555 1169 2629 ὑμῶν
1237 2550 1413 2608 ὅπίσω
1474 2556 1581 2607 τῶν
1639 2548 1886 2606 εἰδώλων

225 2641 431 2697 αὐτῶν.
487 2640 594 2697 Καὶ
648 2634 869 2696 ἔκλιναν
926 2640 1089 2696 αὐτοῦ
1161 2641 1260 2709 τὴν
1320 2637 1544 2715 καρδίαν
1607 2638 1658 2694 ἐν
1716 2642 1890 2714 καιρῷ

223 2735 412 2805 γήρως
444 2729 616 2784 αὐτοῦ
675 2729 851 2785 ὀπίσω
905 2735 1012 2785 τῶν
1070 2735 1207 2794 θεῶν
1261 2729 1456 2785 αὐτῶν.
1519 2727 1621 2784 Καὶ
1675 2724 1890 2799 ᾠκοδὸ-

223 2840 397 2893 μησεν
432 2819 652 2893 ὑψηλὸν
688 2824 768 2892 τῷ
818 2820 1022 2892 Χαμὼς
1083 2818 1299 2892 εἰδώλῳ
1346 2813 1524 2876 Μωάϐ
1555 2817 1607 2872 ἐν
1638 2820 1721 2890 τῷ
1751 2813 1886 2888 ὄρει,

217 2908 305 2963 ἐπὶ
337 2907 650 2982 προσώπου
680 2907 1068 2983 Ἰερουσαλήμ,
1128 2909 1215 2963 καὶ
1273 2911 1354 2981 τῷ
1383 2906 1643 2982 Μελχὼμ
1672 2903 1890 2979 εἰδώλῳ

216 2998 351 3052 υἱῶν
390 2997 610 3070 Ἀμῶν,
643 2996 733 3050 καὶ
889 2998 1163 3071 ’Δστάρτη
1228 2993 1569 3074 βδελύγματι
1602 2992 1884 3050 Σιδονίων·

213 3086 307 3140 καὶ
358 3085 541 3150 οὕτως
592 3083 818 3157 ἐποίησε
862 3085 1057 3148 πάσαις
1104 3090 1224 3148 ταῖς
1273 3085 1514 3161 γυναιξὶν
1556 3082 1721 3139 αὐτοῦ
1767 3087 1887 3143 ταῖς

217 3175 571 3248 ἀλλοτρίαις,
604 3173 663 3230 αΊ
693 3174 934 3250 ἐθυμίων
985 3176 1076 3230 καὶ
1110 3172 1266 3230 ἔθυον
1306 3178 1424 3237 τοῖς
1477 3170 1735 3235 εἰδώλοις
1791 3169 1891 3226 αἰ)-

2002 594 2453 649 mus.Nimirum
2484 610 2689 649 revera
2706 611 2824 649 non
2866 595 3106 667 prodest
3136 597 3350 667 spiritu
3380 597 3646 669 cmpisse,

2001 679 2103 735 nbi
2137 698 2312 737 carne
2343 680 2645 737 absolvere
2677 682 2840 738 velis.
2885 684 3111 755 Quippe
3136 685 3435 752 Solomon,
3470 702 3655 756 quan-

2003 769 2100 824 diu
2162 771 2373 826 divinaa
2435 771 2817 843 providentiaa
2876 774 3202 828 commodis
3277 774 3463 831 fretus
3515 774 3649 845 fuit,

2003 867 2248 916 eatenus
2271 867 2540 932 pacatam
2570 878 2638 917 ac
2662 862 3039 933 tranquillam
3058 864 3233 919 vitam
3258 866 3393 936 egit,
3417 881 3646 935 omnes,

2002 959 2068 1006 ut
2097 951 2655 1014 diximus,subditos
2688 968 2755 1005 ac
2776 951 3194 1023 stipendiarios
3241 952 3485 1008 habens.
3535 955 3647 1008 De-

2004 1041 2243 1096 stitutus
2276 1040 2348 1095 ab
2382 1056 2449 1095 ea
2488 1040 2678 1095 facilis
2709 1046 2919 1096 vexatu
2970 1040 3241 1096 hostibus
3294 1042 3425 1097 fuit.
3486 1041 3647 1098 Adeo

2001 1147 2203 1186 verum
2236 1135 2345 1195 est,
2379 1128 2640 1185 terribile
2673 1147 2801 1186 esse
2850 1130 2913 1185 in
2962 1147 3173 1185 manus
3231 1131 3331 1186 Dei
3387 1131 3647 1188 incidere

2003 1219 2246 1274 viventis
2280 1219 2487 1289 :cujus
2516 1224 2582 1274 ut
2610 1219 2928 1275 ineﬂ‘abilis
2959 1220 3113 1276 172
3158 1224 3247 1275 est
3306 1220 3648 1275 misericor-

2002 1308 2123 1377 dia,
2154 1309 2237 1363 ita
2268 1314 2324 1363 et
2349 1308 2752 1364 intolerabiles
2783 1314 2923 1364 sunt
2954 1327 3160 1381 poenae.
3218 1311 3398 1364 Porro
3448 1314 3648 1365 autem

2002 1396 2064 1451 in
2089 1403 2368 1468 promptu
2392 1403 2482 1451 est
2520 1397 2898 1454 Solomonem
2922 1398 3200 1454 derelicto
3230 1415 3365 1453 vero
3398 1399 3515 1454 Deo
3546 1415 3648 1470 pa-

2000 1486 2109 1540 tris
2143 1486 2233 1540 sui
2266 1486 2469 1541 Davidi
2503 1486 2839 1542 simulacris
2861 1487 3125 1543 divinum
3144 1487 3426 1543 detulisse
3458 1488 3649 1543 bono-

2002 1592 2297 1643 rem,cum
2328 1576 2454 1630 haec
2471 1576 2590 1631 sint
2608 1576 2786 1632 verba
2815 1577 3010 1632 Achiaa
3056 1577 3205 1632 vatis
3261 1577 3335 1633 ad
3367 1576 3646 1633 Jeroboa—

2001 1682 2204 1720 mum:
2247 1688 2275 1715 ‹‹
2333 1667 2480 1721 Ecce
2540 1682 2644 1739 ego
2703 1667 2992 1738 obrumpo
3041 1683 3288 1740 regnum
3338 1684 3409 1722 ex
3466 1681 3647 1723 manu

2000 1753 2352 1810 Solomonis.
2388 1755 2515 1810 Tibi
2547 1755 2751 1811 decem
2783 1755 2970 1811 tribus
3000 1756 3152 1811 dabo
3188 1775 3200 1811 :
3233 1757 3380 1812 duas
3410 1756 3523 1828 ipsi
3549 1772 3649 1811 re—

1997 1841 2288 1913 linquam,
2324 1844 2383 1897 in
2413 1844 2662 1917 gratiam
2696 1845 2894 1899 David:
2929 1845 3077 1900 servi
3108 1845 3225 1900 mei
3256 1862 3322 1901 ac
3379 1846 3647 1900 Hieroso-

2000 1931 2295 2003 lymorum
2328 1932 2491 1987 urbis
2521 1949 2687 1997 meas,
2724 1949 2901 2004 quam
2935 1933 3006 1987 de
3030 1933 3304 1989 omnibus
3348 1933 3644 1989 lsraelicis

1997 2020 2270 2076 tribubus
2301 2021 2445 2076 mihi
2480 2021 2691 2094 delegi.
2722 2023 2908 2078 Causa
2940 2029 3051 2090 est,
3086 2022 3244 2093 quod
3294 2039 3386 2077 me
3445 2028 3643 2093 spreto

1996 2112 2290 2165 Astartam
2315 2109 2717 2178 Sidoniorum,
2749 2111 3105 2167 Chamosum
3147 2110 3560 2177 Moabitarum,
3585 2114 3645 2165 et

1992 2196 2386 2251 Melchomum
2427 2196 2903 2252 Ammonitarum
2958 2196 3356 2253 abominanda
3403 2196 3644 2252 simula-

1994 2301 2095 2340 cra
2125 2285 2321 2339 divino
2343 2285 2504 2340 cultu
2534 2283 2927 2339 honoravit“.
2945 2285 3331 2341 Duxitautem
3356 2285 3637 2340 Solomon

1992 2390 2206 2429 uxores
2229 2375 2447 2429 multas
2475 2374 2862 2446 alienigenas,
2886 2379 2946 2429 et
2978 2373 3213 2429 tandem
3243 2375 3422 2431 etiam
3481 2375 3632 2430 Pha-

1992 2463 2190 2517 raonis
2224 2462 2428 2530 ﬁliam,
2450 2463 2676 2535 nuptiis
2698 2464 3018 2519 contractis
3040 2480 3175 2518 cum
3197 2464 3470 2537 gentibus
3489 2480 3636 2535 qua-

1991 2568 2123 2607 rum
2143 2551 2535 2607 afﬁnitatibus
2554 2552 3063 2608 etnecessitudine
3080 2554 3229 2608 Deus
3252 2552 3642 2608 interdixerat

1991 2639 2065 2695 ob
2096 2641 2248 2696 hanc
2278 2658 2427 2710 rem,
2452 2658 2527 2696 ne
2559 2658 2643 2696 eae
2667 2640 3084 2697 lsraelicorum
3107 2642 3337 2699 animos
3369 2658 3437 2697 ea
3468 2658 3641 2697 occa-

1991 2730 2157 2784 sione
2215 2746 2249 2785 a
2296 2731 2412 2785 Deo
2472 2729 2546 2786 ad
2600 2730 3057 2787 simulacrorum
3107 2731 3360 2803 impium
3413 2730 3641 2787 cultum

1992 2817 2376 2874 abducerent.
2409 2819 2574 2884 Quod
2608 2819 2847 2889 quidem
2884 2820 3183 2875 Solomoni
3215 2826 3491 2892 provecta
3512 2820 3641 2892 jam

1993 2913 2167 2963 astate
2198 2925 2231 2962 a
2263 2909 2384 2963 suis
2407 2908 2695 2963 uxoribus
2743 2909 2980 2976 accidit,
3028 2908 3175 2964 adeo
3234 2915 3301 2964 ut
3351 2910 3640 2965 Chamoso

1993 2996 2309 3052 delubrum
2342 3002 2672 3051 exstrueret
2703 2997 2957 3052 sublime
2990 2998 3051 3052 in
3084 3002 3285 3052 monte
3308 3014 3342 3052 a
3396 2998 3639 3071 regione

1992 3083 2741 3156 Hierosolymagitemquee
2765 3084 3095 3140 Melchomo
3129 3091 3187 3140 et
3216 3088 3645 3152 AstartasMoa-

1998 3172 2763 3229 bitarum.Ammonitarum
2787 3179 2846 3229 et
2866 3173 3245 3230 Sidoniorum
3279 3175 3644 3230 detestandis

224 3267 366 3322 τῶν.
395 3267 501 3321 Καὶ
529 3265 775 3343 ὠργίσθη
829 3265 1024 3340 Κύριος
1074 3269 1153 3337 τῷ
1206 3265 1549 3338 Σολομῶντι,
1588 3263 1680 3318 καὶ
1713 3262 1880 3317 εἶπεν⁹

2003 3262 2354 3318 simulacris.
2385 3265 2576 3333 Atque
2609 3262 2817 3318 eodem
2849 3264 3022 3319 modo
3055 3264 3300 3337 singulis
3331 3265 3453 3320 suis
3473 3280 3645 3337 pere-

233 3354 393 3418 Ἀνθ’
452 3355 523 3409 ῶν
572 3355 667 3409 οὐκ
725 3354 991 3435 ἐφόλαξας
1046 3355 1115 3409 τά
1168 3353 1566 3429 προστάγματά
1612 3373 1716 3424 μου
1748 3350 1779 3405 ἃ
1810 3350 1888 3404 ἐν·

239 3441 533 3515 ετει).ἀμην
585 3466 693 3512 σοι,
750 3440 1097 3518 διαρῥήσσων
1159 3440 1437 3517 διαρῥήξω
1470 3442 1570 3510 τήν
1606 3437 1884 3515 βασιλείαν

237 3553 336 3588 σου
367 3531 426 3586 ἐκ
455 3533 640 3606 χειρός
698 3554 818 3602 σου,
872 3533 963 3587 καὶ
1013 3529 1175 3587 δώσω
1227 3532 1399 3601 αὐτὴν
1429 3535 1507 3602 τῷ
1538 3528 1723 3602 δούλῳ
1751 3547 1877 3583 σου’

230 3618 383 3689 πλήν
444 3619 497 3675 ἐν
552 3624 672 3683 ταῖς
729 3622 966 3694 ἠμὲραις
1018 3640 1117 3673 σου
1174 3617 1241 3672 οὐ
1297 3619 1515 3687 ποιήσω
1543 3612 1889 3685 ταῦτα,οὐδὶ

228 3708 372 3780 ὅλην
423 3711 525 3780 τήν
564 3707 842 3785 βασιλείαν
896 3706 1172 3783 λήψομαι.
1207 3714 1496 3781 Σκῆπτρον
1521 3705 1576 3761 ’ὲν
1611 3703 1771 3760 δώσω
1803 3725 1886 3759 σοι

227 3797 319 3855 διὰ
349 3794 524 3856 Δαὸὶδ
553 3799 647 3855 τὸν
681 3795 878 3854 δοῦλόν
911 3818 1015 3872 μου
1063 3796 1151 3851 καὶ
1211 3794 1299 3852 διά
1350 3798 1449 3867 τήν
1509 3794 1793 3872 βασιλείαν
1822 3793 1889 3863 ἢν

225 3887 564 3962 ἐξελεξάμην
576 3932 589 3944 .
622 3909 652 3939 n

297 4152 670 4209 Ἀποθανόντι
718 4148 777 4207 δὲ
821 4156 903 4223 τῷ
953 4145 1119 4206 Δαϐἰδ
1165 4150 1390 4220 ἐποίησε
1439 4146 1710 4222 Σολομῶν
1743 4166 1891 4220 μνη-

238 4248 396 4316 μεῖον
426 4242 575 4317 παρά
620 4245 699 4313 τῷ
749 4237 984 4314 Σιλωάμ
1038 4235 1306 4315 ἀντρῶδες
1359 4235 1448 4292 διά
1510 4238 1725 4312 βάθους,
1758 4236 1896 4310 πρὸς

231 4333 295 4386 τὸ
334 4333 416 4404 μὴ
467 4330 693 4405 ὁρᾶσθαι
748 4326 1238 4405 μεμηχανημένον.
1296 4326 1682 4402 Συγκατώρυξε
1726 4323 1785 4380 δὲ
1814 4330 1897 4398 τῷ

232 4420 406 4496 πατρὶ
462 4419 555 4474 καὶ
616 4420 850 4495 χρυσίου
903 4415 1119 4479 πολλάς
1177 4413 1467 4491 μυριάδας,
1518 4414 1592 4477 ὡς
1627 4413 1895 4484 Ἰώσηπός

235 4530 429 4587 φησιν.
464 4509 613 4564 Ἐκεῖ
656 4507 744 4562 καὶ
802 4506 958 4568 αὐτὸς
1006 4507 1034 4561 6
1088 4502 1358 4578 Σολομῶν
1388 4504 1674 4568 ἀποθανὼν
1702 4501 1895 4581 ἐτάφη,

1995 3350 2180 3423 grinis
2229 3351 2517 3407 uxoribus
2575 3357 2665 3407 est
2720 3352 3103 3424 gratiﬁcatus.
3163 3353 3481 3409 simulacra
3539 3369 3647 3409 sua

1997 3439 2290 3495 adolendo
2325 3446 2382 3495 et
2414 3440 2804 3497 sacrificando
2840 3442 3197 3498 colentibus.
3222 3444 3412 3498 Iratus
3446 3442 3644 3513 itaque

2000 3531 2151 3585 Deus
2182 3529 2485 3585 Solomoni
2519 3530 2687 3598 dixit,
2714 3531 2951 3603 quando
2983 3533 3031 3587 is
3062 3539 3358 3605 praecepta
3388 3551 3495 3589 sua
3524 3551 3645 3589 non

1998 3618 2389 3685 observasset,
2424 3636 2486 3675 se
2517 3620 2776 3675 vicissim
2830 3636 3079 3693 regnum
3119 3622 3172 3677 ei
3241 3621 3311 3677 de
3370 3622 3645 3678 manibus

1997 3715 2268 3779 ereptum
2304 3723 2468 3763 servo
2500 3709 2687 3779 ipsius
2720 3709 3101 3777 traditurum,
3121 3710 3356 3765 tametsi
3381 3710 3494 3765 hoc
3516 3711 3646 3781 ipso

1996 3800 2121 3853 vivo
2153 3815 2274 3854 non
2298 3799 2334 3852 ’I
2357 3799 2454 3854 78
2487 3806 2644 3855 esset
2663 3799 2947 3868 facturus,
2973 3817 3166 3872 neque
3190 3805 3377 3856 totum
3398 3816 3647 3872 regnum

1997 3888 2320 3955 ablaturus,
2380 3888 2482 3943 sed
2546 3905 2727 3944 unam
2772 3889 2990 3945 tribum
3050 3889 3301 3961 posteris
3360 3889 3487 3962 ejus
3544 3889 3645 3945 da-

1997 3982 2191 4043 turus,
2240 3974 2439 4031 Davidi
2501 3976 2688 4033 bausa
2719 3978 2868 4033 servi
2929 3979 3020 4034 sui
3052 3983 3111 4034 et
3141 3979 3340 4036 electae
3371 3995 3406 4034 a
3459 3995 3519 4034 se
3542 3995 3646 4034 ur-

1999 4064 2112 4120 bis.
2148 4086 2176 4114 »

2069 4153 2204 4207 Vita
2233 4151 2435 4207 functo
2492 4153 2711 4209 Davido
2773 4155 3113 4227 sepulcrum
3152 4156 3432 4213 Solomon
3490 4154 3645 4227 apud

2003 4241 2325 4296 Siloamum
2368 4240 2694 4309 aedificavit,
2755 4248 2946 4297 totum
3004 4244 3064 4298 in
3124 4260 3334 4316 specus
3390 4243 3645 4300 formam

2003 4332 2385 4393 effectum,ne
2417 4335 2581 4386 eeset
2599 4332 2989 4403 conspicuum
3020 4350 3033 4401 ;
3067 4338 3126 4388 et
3147 4349 3281 4388 cum
3312 4338 3479 4404 patre
3508 4349 3646 4388 cum

2002 4419 2084 4474 ibi
2116 4418 2413 4474 defodisse
2435 4420 2623 4476 multa
2640 4420 2998 4477 talentorum
3016 4422 3145 4478 auri
3163 4421 3650 4494 milliaJosephus

2006 4508 2230 4563 scribit.
2262 4508 2487 4564 Ibidem
2521 4515 2578 4565 et
2608 4510 2889 4567 Solomon
2951 4511 3112 4567 obita
3160 4517 3350 4568 morte
3383 4511 3652 4584 sepultus

237 4601 379 4656 Φασὶ
417 4597 477 4654 δὲ
507 4598 599 4653 καὶ
629 4598 881 4670 Ὑρκανὸν
916 4594 1136 4664 ὕστερον
1192 4596 1284 4650 τὸν
1340 4595 1507 4667 ἱερέα,
1544 4600 1644 4663 τῆς
1673 4590 1890 4655 πόλεως

2003 4602 2110 4652 est.
2136 4597 2457 4653 Perhibent
2482 4605 2689 4670 postea
2718 4601 3003 4672 temporis
3026 4602 3360 4673 Hyrcanum
3411 4580 3654 4674 pontiﬁ-

235 4689 742 4763 πολιορκουμένης,
806 4687 1010 4756 ἀνοῖξαι
1064 4684 1128 4740 τὸ
1205 4687 1471 4757 μνημεῖον
1536 4683 1624 4737 καὶ
1687 4686 1894 4756 χρυσοῦ

237 4776 533 4853 τρισχίλια
586 4774 825 4831 ταλαντα
901 4773 1096 4829 ἐκεῖθεν
1176 4770 1495 4848 ἐκφορῆσαι.
1551 4768 1727 4826 Ἀλλά
1804 4772 1892 4826 καὶ

231 4864 496 4942 Ἡρώδην
536 4865 649 4936 μετ’
678 4863 838 4919 αὐτὸν
867 4863 1071 4933 ἀνοῖξαι
1127 4861 1223 4933 μὲν
1270 4861 1361 4916 τὸν
1410 4859 1600 4938 τάφον,
1633 4861 1898 4934 ’χρήματα

239 4953 299 5010 δε
352 4957 432 5027 μή
486 4954 679 5028 εὖρεῖν·
713 4954 919 5024 κόσμον
966 4949 1023 5006 δὲ
1061 4953 1301 5029 χρσδσοῦν
1333 4948 1421 5003 καὶ
1452 4946 1719 5019 κειμήλια
1747 4949 1896 5021 πάμ-

236 5042 429 5100 πολλα
459 5047 649 5097 τοῦτον
691 5038 973 5096 ἀνελέσθαι
1027 5040 1326 5113 ἱστοροῦσι,
1376 5037 1697 5111 πειραθέντα
1727 5034 1898 5092 δὲκαὶ

234 5131 511 5208 ἐνδοτέρω
543 5137 749 5207 χωρεῖν
782 5132 909 5205 πυρὶ
941 5129 1316 5204 ἐπισχεθῆναι.

308 5222 709 5281 Ἀποθανιὶντος
768 5216 825 5274 δὲ
896 5222 995 5273 τοῦ
1073 5215 1440 5288 Σολομῶντος
1498 5210 1740 5290 Ῥοϐοάμ
1797 5217 1896 5285 τήν

238 5310 523 5386 βασιλείαν
580 5305 919 5382 διαδέχεται.
978 5307 1076 5361 Καὶ
1136 5305 1296 5366 αὐτὸς
1368 5301 1609 5372 ἀπῆλθεν
1670 5304 1746 5365 εἰς
1804 5303 1898 5360 Σί-

232 5422 392 5475 κιμα,
431 5399 513 5456 ὅτι
572 5397 688 5453 ἐκεῖ
753 5401 860 5460 πᾶς
912 5393 1134 5471 Ἰσραὴλ
1183 5393 1421 5468 ἀπῄεσαν
1451 5397 1549 5448 τοῦ
1586 5393 1900 5467 βασιλεῦσαι

232 5489 420 5544 αὐτόν·
454 5489 541 5543 καὶ
577 5483 852 5555 ἐλάλησεν
887 5485 914 5538 6
944 5484 1075 5546 λαὸς
1133 5483 1269 5560 πρὸς
1317 5476 1580 5554 Ῥοϐοάμ,
1614 5484 1671 5540 'O
1721 5485 1900 5559 πάτήρ

235 5602 328 5636 σου
362 5574 592 5655 ἐϐαρυνε
617 5577 714 5632 τὸν
744 5572 935 5630 κλοιὸν
985 5577 1172 5648 ἡμῶν,
1225 5574 1313 5628 καὶ
1378 5573 1440 5626 σὺ
1491 5577 1583 5628 νῦν
1615 5574 1902 5649 κούφισον,

230 5669 319 5725 καὶ
350 5663 726 5738 δουλεύσομεν
759 5683 867 5719 σοι.
898 5663 996 5717 Καὶ
1047 5664 1193 5716 εἶπεν
1229 5662 1257 5715 6
1294 5656 1571 5735 βασιλεύς·
1606 5662 1904 5729 Ἀπὲλοετε

306 5786 355 5822 ⁶²
385 5786 462 5844 IlI
492 5786 635 5861 Reg.
685 5780 856 5843 x1,'3l
897 5780 985 5833 33.

2005 4708 2298 4755 cem,cum
2329 4691 2471 4747 urbs
2520 4692 2826 4749 obsidione
2877 4698 3266 4764 premeretur,
3300 4698 3502 4765 aperto
3535 4707 3657 4747 mos

2005 4788 2291 4836 numento
2322 4782 2453 4836 auri
2496 4781 2717 4837 talenta
2762 4788 2852 4837 ter
2882 4782 3044 4837 mille
3102 4782 3240 4836 inde
3292 4787 3655 4853 exportasse.

2006 4874 2145 4928 Post
2176 4873 2334 4926 hunc
2365 4872 2654 4926 Herodem
2688 4871 2844 4927 idem
2877 4877 3204 4928 tentantem
3229 4871 3495 4943 pecunia:
3509 4869 3660 4924 nihil

2008 4961 2329 5026 invenisse,
2380 4960 2482 5017 sed
2532 4978 2711 5018 aurea
2768 4968 3117 5017 ornamenta
3171 4968 3347 5033 atque
3400 4959 3661 5030 reposita

2009 5050 2255 5105 donaria
2286 5050 2581 5121 permulta
2610 5050 2952 5116 abstulisse;
2988 5050 3355 5120 interiusque
3386 5053 3659 5120 penetra-

2008 5157 2072 5196 re
2099 5156 2437 5211 aggressum
2475 5140 2592 5211 igni
2627 5139 2809 5195 fuisse
2845 5140 3229 5211 prohibitum.

2082 5228 2381 5282 Solomoni
2419 5227 2755 5282 Roboamus
2806 5230 3112 5285 successit.
3173 5230 3342 5285 Fum.
3403 5242 3534 5282 cum
3586 5225 3661 5282 ad

2012 5317 2253 5372 comitia
2283 5317 2485 5389 populi
2522 5335 2716 5391 regem
2742 5319 2936 5389 ipsum
2956 5317 3664 5374 declaraturiSichemam

2011 5407 2296 5469 venisset,
2359 5406 2615 5478 populus
2673 5409 2897 5480 rogavit
2954 5407 3038 5461 uti
3080 5409 3311 5481 jugum,
3372 5407 3531 5479 quod
3580 5406 3664 5461 eis

2015 5501 2184 5567 pater
2215 5496 2402 5567 ipsius
2434 5503 2824 5567 aggravasset,
2880 5497 3133 5552 levaret:
3172 5498 3252 5550 ita
3309 5514 3371 5552 se
3421 5502 3659 5569 paratos

2016 5599 2145 5639 esse
2177 5584 2252 5639 ad
2285 5584 2663 5638 serviendum
2689 5585 2822 5656 ipsi.
2857 5585 3193 5641 Boboamus
3223 5585 3527 5641 discedere
3559 5600 3664 5655 po-

2015 5673 2156 5746 pulo
2176 5680 2351 5745 atque
2386 5673 2582 5728 triduo
2606 5679 2737 5748 post
2761 5675 2832 5731 ad
2878 5675 3290 5748 accipiendum
3317 5688 3665 5747 responsum
