4104 6276
477 359 597 442 αυτ

1831 375 2154 440 GEORGII
2199 375 2544 440 GEDRENI

3749 385 3854 446 208

479 512 674 572 redire
690 511 880 586 jusso,
902 511 1106 586 populi
1125 511 1424 586 postulata
1435 528 1572 569 cum
1597 509 1838 569 senibus
1851 527 2112 568 commu-

2232 505 2336 570 ἕως
2363 507 2590 584 ἡμερῶν
2629 512 2818 584 τριῶν·
2881 507 3266 585 ἀναστρέψατε,
3320 508 3410 566 καὶ
3464 509 3690 582 λαλήσω
3721 513 3855 587 ὑμῖν,

481 603 771 662 nicavit.li
787 602 1216 660 consuluerunt
1243 603 1330 658 uti
1352 603 1571 676 populo
1594 618 1820 659 morem
1855 606 2088 674 gereret
2113 617 2126 655 :

481 694 562 750 ita
585 710 720 750 eum
736 693 843 750 sub
867 709 929 748 se
950 699 1236 766 perpetuo
1259 692 1621 749 habiturum.
1657 692 1918 748 Consulti
1949 691 2126 746 etiam

479 800 514 840 a
527 799 664 856 rege
687 782 1138 852 adolescentuli,
1157 799 1305 854 quos
1319 782 1542 838 circum
1557 798 1618 837 se
1632 781 1850 837 habere
1877 779 2122 848 solebat,

478 872 698 930 hortati
716 888 850 928 eum
865 877 1006 926 sunt
1027 876 1091 926 ut
1111 871 1330 944 populo
1353 872 1436 926 sic
1455 869 1864 942 responderet,
1898 869 2125 924 tenuis-

476 961 687 1016 simam
735 960 826 1016 sui
883 959 1150 1032 corporis
1203 965 1429 1031 partem
1494 959 1846 1014 crassiorem
1902 955 2124 1012 lumbis

477 1049 742 1122 paternis
775 1065 926 1105 esse.
996 1049 1232 1104 Patrem
1284 1049 1430 1120 ipsis
1482 1049 1637 1104 174
1694 1064 1864 1120 grave
1911 1047 2122 1118 jugum

477 1137 832 1210 imposuisse
865 1154 878 1193 :
913 1143 975 1194 at
1001 1154 1063 1193 se
1093 1138 1155 1192 id
1187 1155 1362 1210 porro
1386 1154 1622 1209 quoque
1651 1142 2120 1208 aggravaturum.

479 1229 716 1285 Patrem
745 1227 808 1284 in
839 1227 984 1300 ipsis
1015 1227 1372 1299 castigandis
1399 1243 1576 1282 usum
1607 1225 1791 1282 fuisse
1849 1221 2123 1297 ﬂagellis,

485 1333 548 1374 se
578 1315 842 1389 scorpios
873 1315 949 1372 ad
965 1317 1075 1372 hoc
1103 1315 1529 1373 adhibiturum.
1565 1316 1684 1370 Hoc
1717 1314 2125 1370 adolescentu-

479 1405 677 1462 lorum
703 1405 1021 1462 consilium
1051 1405 1320 1478 probavit
1346 1404 1702 1474 Roboamus,
1745 1403 1946 1475 itaque
2004 1418 2126 1457 om-

480 1491 624 1549 nino
653 1491 960 1565 respondit
989 1492 1207 1564 populo
1227 1492 1558 1548 Sichemam
1580 1507 1832 1548 reverso.
1863 1489 1950 1545 Ad
1997 1489 2124 1544 haec

480 1580 736 1655 populus
765 1598 886 1637 uno
917 1598 1019 1638 ore
1047 1586 1407 1653 protestatus
1467 1586 1557 1636 est
1603 1580 1753 1635 nihil
1797 1595 1970 1651 porro
2011 1577 2121 1632 sibi

479 1687 614 1730 cum
645 1671 864 1727 Davido
893 1676 952 1726 et
969 1673 1186 1728 Jessasa
1215 1671 1379 1743 prole
1410 1687 1762 1727 commune:
1817 1668 2123 1724 lsraelicos

479 1760 542 1815 in
573 1775 747 1816 suum
779 1776 1074 1832 quemque
1103 1759 1555 1816 tabernaculum
1576 1758 1760 1827 abire,
1794 1757 1988 1829 ipsum
2019 1761 2119 1811 Da-

479 1847 680 1906 vidum
699 1865 868 1905 suam
889 1849 1132 1906 domum
1160 1865 1401 1921 pascere
1427 1865 1503 1905 an
1523 1848 1852 1921 gubernare
1885 1845 2119 1901 debere.

483 1937 602 1995 Hoc
633 1938 810 1995 modo
859 1939 1196 1994 Solomonis
1253 1955 1500 2012 regnum
1549 1937 1754 1992 ﬁssum
1813 1941 1920 1991 est.
1980 1937 2124 1990 Nam

481 2027 782 2084 Roboamo
805 2027 935 2084 dum
959 2033 1187 2084 tantum
1220 2027 1427 2094 tribus,
1459 2026 1620 2082 Iudae
1653 2032 1710 2081 et
1766 2024 2122 2098 Benjamini,

476 2117 857 2174 adhaeserunt
887 2135 898 2174 :
932 2118 1176 2189 reliquae
1207 2134 1415 2174 omnes
1469 2115 1886 2172 Jeroboamum
1918 2113 2124 2170 Nabati

474 2207 664 2262 ﬁlium
695 2223 894 2279 regem
926 2207 1036 2263 sibi
1096 2207 1553 2263 constituerunt.
1602 2205 1781 2277 Regia
1833 2203 2122 2262 Roboami

470 2296 586 2350 fuit
613 2297 1061 2369 Hierosolymis,
1096 2303 1154 2352 et
1185 2295 1502 2352 multitudo
1524 2312 1704 2368 regno
1729 2296 1856 2368 ejus
1888 2294 2126 2350 subdita

467 2383 648 2442 ludas
694 2385 1108 2458 appellabatur
1137 2403 1205 2442 ac
1227 2386 1438 2441 domus
1486 2385 1781 2450 Davidica,
1814 2384 2056 2440 nomine
2090 2399 2125 2438 a

473 2474 633 2530 tribu
662 2476 1077 2547 praestantiore
1129 2481 1386 2547 sumpto.
1422 2477 1496 2530 At
1538 2473 1926 2529 Jeroboamus
1955 2471 2122 2544 regni

475 2567 654 2635 caput
681 2562 1261 2629 habuitSamariam,
1295 2563 1519 2634 regiam
1568 2563 1802 2617 Tharsao
1828 2579 1842 2628 ;
1865 2560 2124 2633 populus

477 2669 656 2725 quam
686 2653 928 2726 regebat
953 2653 1208 2709 Israelus
1231 2652 1304 2708 ob
1333 2649 1777 2708 multitudinem
1801 2656 1860 2706 et
1882 2649 2121 2722 Ephrai-

475 2757 609 2798 mus
638 2740 713 2797 ob
744 2742 909 2818 regni
933 2741 1154 2798 tribum
1182 2739 1688 2815 nuncupabatur.,

541 3017 780 3073 Decima
819 3016 1032 3090 quinta
1083 3016 1179 3072 die
1212 3017 1395 3072 octavi
1457 3014 1682 3072 mensis
1735 3014 2121 3071 Jeroboamus

472 3105 778 3163 Bethelam
810 3107 1102 3174 ascendit,
1133 3105 1206 3162 ad
1238 3123 1402 3162 aram
1436 3123 1613 3178 quam
1644 3111 2018 3162 exstruxerat
2057 3110 2122 3159 ut

2241 598 2326 670 [P.
2361 601 2452 673 99]
2509 601 2612 657 Καὶ
2668 597 2975 676 ἀπήγγειλε
3029 594 3272 673 Ῥοϐοᾶμ
3319 603 3441 663 τοῖς
3497 597 3858 678 πρεσϐυτέροις

2234 686 2298 740 τὸ
2351 688 2507 762 ῥῆμα
2561 693 2658 744 τοῦ
2715 689 2872 748 λαοῦ.
2933 690 3040 746 Καὶ
3082 689 3235 744 αὐτοὶ
3292 691 3467 746 εἶπον·
3511 689 3772 764 ᾐτήσαντό
3807 715 3859 750 σε

2235 776 2510 848 ποιήσεις,
2561 778 2652 832 καὶ
2701 777 2860 834 αύτοῖ
2919 775 3110 834 δοῦλοί
3165 799 3263 834 σου
3319 779 3494 840 πάσας
3523 779 3616 840 τὰς
3643 780 3855 856 ἡμέρας.

2235 862 2340 920 Καὶ
2371 860 2838 922 συνεϐουλεύσατο
2899 868 3033 940 μετὰ
3089 871 3194 922 τῶν
3233 861 3536 941 παιδαρίων
3585 873 3689 922 τῶν
3735 890 3858 946 παρ-

2234 953 2482 1008 εστώτων
2511 953 2657 1026 αὐτῷ
2685 955 2809 1030 περὶ
2837 955 3056 1028 τούτου,
3091 955 3177 1011 καὶ
3229 953 3381 1012 αὓτοὶ
3423 957 3595 1011 εἷπον·
3628 955 3860 1027 Λάλησον

2231 1045 2312 1114 τῷ
2365 1040 2484 1116 λαῷ
2541 1042 2734 1108 οὕτως·
2787 1045 2851 1100 ἹΙ
2907 1047 3216 1119 σμικρότης
3271 1067 3374 1118 μου
3438 1043 3710 1120 παχυτέρα
3761 1047 3860 1104 ἐστὶ

2233 1137 2334 1201 τῆς
2367 1131 2565 1208 ὀσφύος
2617 1137 2715 1188 τοῦ
2767 1135 2971 1209 πατρός
3031 1155 3158 1208 μου.
3207 1135 3270 1192 Ὁ
3302 1137 3483 1210 πατήρ
3519 1154 3622 1207 μου
3655 1135 3860 1192 ὑπέτασ-

2233 1240 2318 1275 σεν
2381 1221 2520 1294 ὑμᾶς
2579 1219 2634 1276 έν
2684 1219 2862 1301 κλοιῷ
2923 1223 3099 1298 βαρεῖ,
3157 1223 3262 1298 ἐγὼ
3322 1225 3618 1300 προσθήσω
3674 1223 3755 1279 ἐπὶ
3790 1229 3860 1298 τῷ

2232 1305 2410 1380 κλοιῷ
2457 1308 2642 1364 αὐτοῦ·
2693 1309 2722 1364 6
2768 1312 2952 1385 πατήρ
3006 1331 3112 1384 μου
3159 1309 3469 1367 ἐπαίδευσεν
3525 1311 3662 1384 ὑμᾶς
3689 1310 3737 1366 ἐν
3769 1314 3860 1386 μά-

2235 1399 2419 1470 στιξιν,
2452 1397 2560 1474 ἐγὼ
2587 1397 2862 1454 παιδεύσω
2921 1400 3059 1474 ὑμᾶς
3118 1399 3172 1456 ἐν
3230 1401 3500 1476 σκορπίῳ.
3541 1402 3748 1473 Ταύτην
3774 1403 3860 1472 τὴν

2236 1483 2446 1561 βουλὴν
2485 1491 2595 1542 τῶν
2655 1485 2961 1564 παιδαρίων
3017 1491 3136 1544 εἷπε
3181 1485 3428 1564 Ῥοϐοὰμ
3492 1490 3856 1566 ὑποστρέψαντι

2232 1580 2310 1648 τῷ
2361 1574 2605 1650 Ἰσραὴλ·
2665 1579 2754 1632 καὶ
2803 1577 3066 1652 ἀπεκρίθη
3128 1584 3234 1642 πᾶς
3287 1580 3316 1634 6
3374 1576 3529 1642 λαός’
3573 1581 3686 1638 Οὐκ
3733 1577 3857 1636 ἔστιν

2233 1666 2368 1738 ἡμῖν
2427 1658 2504 1720 ἔτι
2563 1667 2715 1741 μερὶς
2768 1665 2820 1722 ἐν
2881 1663 3076 1734 Δαϐἱδ,
3137 1665 3266 1723 οὐδὲ
3317 1666 3664 1744 κληρονομία
3692 1669 3742 1724 έν
3770 1671 3858 1742 υἱῴ

2233 1753 2446 1813 Ἰεσσαί.
2481 1755 2802 1830 Ἀπότρεχε,
2858 1754 3104 1832 Ἰσραήλ,
3162 1757 3237 1819 εἷς
3289 1759 3353 1812 τὰ
3395 1758 3725 1830 οκηνώματὰ
3755 1779 3856 1828 σου,

2151 1885 2199 1950 Β
2235 1841 2398 1917 βόσκε
2425 1845 2517 1899 τὸν
2573 1844 2724 1900 οἶκόν
2786 1866 2907 1914 σου,
2965 1841 3154 1916 Δαϐὶδ,
3212 1847 3302 1900 καὶ
3359 1851 3527 1920 κρῖνε.
3563 1847 3662 1903 Καὶ
3696 1843 3859 1918 διεμε-

2271 1931 3077 1950 ι-.ηη,-ς-
3362 1934 3846 1950 ..-...

2231 1931 2386 2004 ρίσθη
2447 1936 2482 2003 ἠ
2539 1931 2788 2008 βασιλεία
2845 1933 3230 2008 Σολομῶντος·
3287 1935 3379 1990 καὶ
3437 1934 3583 2007 αὐτῷ
3641 1935 3731 2008 μὲν
3788 1939 3856 2008 τῷ

2228 2015 2473 2094 Ῥοϐοᾶμ
2496 2024 2530 2090 ἡ
2566 2021 2617 2091 ἐξ
2667 2019 2845 2079 Ἰούδα
2883 2023 3176 2096 παραμένει
3229 2023 3376 2099 φυλὴ
3427 2023 3518 2079 καὶ
3551 2026 3584 2094 ἡ
3613 2027 3706 2079 τοῦ
3742 2030 3856 2080 Βεν-

2230 2109 2406 2182 ιαμὶν,
2449 2111 2502 2166 αἱ
2556 2108 2614 2165 δὲ
2665 2109 2856 2166 λοιπαὶ
2905 2109 3032 2167 δέκα
3089 2111 3255 2188 φυλαι
3310 2107 3602 2188 Ἰεροϐοὰμ
3646 2112 3732 2168 τὸν
3771 2115 3856 2166 τοῦ

2228 2193 2408 2254 Ναϐἆτ
2442 2202 2848 2273 προεστήσαντο
2885 2198 3134 2276 βασιλέα.
3191 2203 3294 2257 Ἦν
3357 2202 3456 2276 μὶν
3505 2205 3584 2275 τῷ
3633 2196 3858 2275 Ῥοϐοᾶμ

2225 2293 2325 2356 τῆς
2373 2287 2653 2362 βασιλείας
2699 2290 2726 2343 6
2776 2291 2927 2352 οἶκος
2975 2289 3025 2345 έν
3073 2289 3462 2364 Ἰερουσαλήμ,
3515 2289 3754 2346 ἐκαλεῖτο
3806 2287 3857 2345 δὶ

2225 2377 2288 2431 τὸ
2317 2376 2409 2432 ὑπ’
2435 2377 2595 2434 αὐτὸν
2649 2379 2976 2453 ταττόμενον
3025 2377 3242 2450 πλῆθος
3301 2378 3509 2444 Ἰούδας
3539 2381 3626 2436 καὶ
3657 2382 3682 2436 ὁ
3719 2382 3856 2443 οἶκος

2229 2461 2418 2537 Δαϐὶδ,
2477 2465 2538 2522 έκ
2585 2474 2686 2537 τῆς
2744 2467 3184 2544 ἐοικρατεοτὲρας
3232 2467 3414 2546 φυλῆς
3477 2467 3715 2543 εἶ’ληιρὼς
3768 2471 3856 2538 τήν

2227 2555 2618 2631 προσηγορίαν.
2673 2559 2785 2614 Τοῦ
2829 2554 2886 2612 δὲ
2935 2553 3225 2632 Ἱεροεοᾶμ
3271 2559 3555 2633 Σαμάρεια
3601 2561 3635 2628 ἡ
3669 2557 3856 2633 μητρό-

2227 2643 2414 2715 πολις,
2449 2647 2476 2700 ὁ
2509 2643 2566 2700 δὲ
2593 2653 2692 2716 τῆς
2745 2643 3024 2720 βασιλείας
3082 2650 3233 2710 οἶκος
3275 2646 3328 2703 έν
3383 2651 3588 2722 Θαρσᾷ·
3621 2644 3781 2721 ὄνομα
3807 2645 3858 2700 δὲ

2226 2737 2305 2806 τῷ
2337 2734 2424 2788 ὑπ’
2455 2734 2618 2788 αὐτὸν
2653 2731 2772 2807 λαῷ
2803 2733 3023 2810 Ἰσραὴλ
3055 2732 3145 2790 διὰ
3181 2737 3242 2792 τὸ
3275 2735 3494 2807 πλῆθος
3523 2735 3612 2792 καὶ
3645 2733 3859 2814 Ἐφραίμ

2227 2819 2320 2877 διὰ
2345 2825 2446 2892 τήν
2477 2829 2578 2893 τῆς
2615 2823 2898 2899 βασιλειας
2925 2822 3126 2901 φυλὴν.

2295 3014 2443 3070 Κατὰ
2475 3011 2531 3069 δὲ
2559 3015 2650 3070 τὸν
2708 3011 2900 3092 ὄγδοον
2959 3022 3124 3090 μῆνα,
3182 3016 3232 3072 έν
3291 3021 3360 3092 τῇ
3419 3014 3848 3089 πεντεκαιδεκάτῃ

2221 3111 2318 3162 τοῦ
2353 3108 2548 3181 μηνὸς,
2603 3102 2762 3180 ἀνέϐη
2817 3103 3105 3184 Ἱεροεοᾶμ
3155 3109 3207 3166 ἐν
3265 3109 3452 3180 Βεθὴλ
3485 3111 3561 3175 εἰς
3588 3113 3649 3166 τὸ
3677 3111 3850 3164 θυσια-

465 3194 721 3266 buculis,
755 3213 904 3267 quas
926 3196 1179 3266 fuderat,
1210 3213 1336 3252 rem
1369 3213 1595 3252 sacram
1632 3196 1871 3263 faceret,
1897 3195 2112 3251 consti-

2223 3199 2446 3273 στήριον
2503 3199 2532 3252 ὃ
2593 3196 2817 3270 ἐποίησε
2874 3203 2970 3254 τοῦ
3031 3201 3172 3256 θύειν
3230 3205 3349 3262 ταῖς
3417 3199 3714 3276 δαμάλεσίν
3773 3201 3849 3260 αἷς

462 3284 694 3355 tuitque
727 3285 1194 3356 sacerdotes,qui
1219 3287 1279 3340 in
1311 3285 1492 3340 editis
1521 3286 1667 3340 locis
1685 3285 2112 3352 sacriﬁcarent,

463 3388 499 3428 a
529 3389 590 3428 se
623 3373 1008 3430 consecratis.
1039 3376 1187 3429 Ecce
1220 3380 1418 3429 autem
1451 3390 1524 3428 ex
1553 3375 1702 3429 Juda
1730 3375 1972 3446 quidam
2019 3374 2108 3429 di-

459 3461 631 3517 vinus
662 3462 840 3517 homo
872 3461 1151 3519 mandato
1186 3462 1288 3517 Dei
1320 3463 1644 3518 instructus
1683 3463 1984 3518 Bethelam
2012 3463 2111 3518 ad-

455 3551 634 3606 venit.
669 3551 746 3620 Is,
770 3567 904 3607 cum
951 3550 1337 3607 Jerohoamus
1368 3550 1540 3607 altari
1571 3567 1676 3606 suo
1735 3551 2110 3606 sacriﬁcandi

465 3642 653 3716 gratia
683 3641 832 3697 I15
867 3647 1108 3709 astaret,
1146 3641 1227 3696 ita
1255 3640 1458 3696 divino
1489 3639 1776 3696 instinctu
1805 3639 1989 3695 altare
2021 3645 2111 3695 est

461 3732 708 3790 affatus:
737 3732 959 3799 Altare,
993 3731 1327 3800 altare,hoc
1359 3730 1464 3785 tibi
1499 3729 1811 3785 denuntiat
1839 3731 2013 3798 Deus,
2046 3730 2109 3786 in

463 3821 639 3878 domo
673 3821 874 3878 Davidi
904 3822 1274 3877 nasciturum
1307 3836 1579 3892 puerum,
1609 3819 1828 3876 Josiam
1841 3820 2108 3890 nomine,

461 3912 564 3984 qui
597 3911 964 3967 sacrificulos
985 3911 1280 3968 editorum
1301 3910 1568 3966 locorum
1591 3925 1768 3981 super
1791 3914 1845 3964 te
1871 3909 2109 3966 adolere

460 4000 668 4057 solitos
698 3999 804 4056 tibi
837 4000 1149 4072 impositos
1180 3997 1485 4069 mactabit,
1518 4015 1584 4054 ac
1617 4015 1796 4070 supra
1827 4003 1883 4053 te
1912 3998 2104 4053 homi-

459 4105 606 4146 num
637 4106 772 4147 ossa
800 4089 1106 4146 accendet.
1134 4091 1204 4145 Et
1250 4089 1438 4145 fatum
1473 4088 1740 4160 prodigio
1771 4092 1837 4144 ut
1882 4089 2106 4144 contir-

455 4185 667 4249 maret,
699 4181 804 4248 En,
838 4180 942 4248 ait,
973 4180 1160 4236 altare
1201 4183 1529 4251 rumpetur,
1562 4183 1738 4249 atque
1769 4177 2108 4234 etl'undetur

457 4271 558 4342 qui
589 4275 677 4326 est
708 4268 759 4325 ei
792 4269 1105 4342 impositus
1131 4267 1335 4340 adeps.
1369 4269 1503 4322 Hinc
1549 4265 1798 4323 audiens
1826 4265 2104 4322 Jeroboa-

457 4376 592 4416 mus
621 4375 863 4414 manum
897 4375 1066 4414 suam
1097 4357 1359 4412 hominis
1409 4355 1897 4428 apprehendendi
1927 4371 2106 4411 causa

457 4449 723 4505 extendit
754 4465 766 4504 :
803 4466 930 4520 quae
961 4449 1156 4505 subito
1190 4447 1439 4514 exaruit,
1471 4447 1767 4518 simulque
1798 4463 1901 4502 ara
1929 4451 2104 4518 rupta

457 4537 640 4610 adeps
671 4539 892 4594 effusus
927 4544 1036 4594 est.
1081 4539 1226 4592 Tum
1256 4535 1640 4593 Jeroboamus
1669 4543 1860 4592 vatem
1917 4535 2104 4591 oravit

2149 3245 2192 3314 C

2220 3283 2514 3361 ἐχώνευσε,
2571 3288 2660 3342 καὶ
2719 3287 3022 3364 παρέστησε
3073 3287 3200 3350 τοὺς
3257 3289 3422 3364 ἱερεῖς
3459 3295 3566 3345 τῶν
3621 3287 3847 3363 ὑψηλῶν,

2221 3375 2315 3436 οὕς
2345 3374 2506 3438 αὐτὸς
2537 3377 2856 3445 κατέστησεν
2916 3374 2968 3431 έν
3029 3375 3236 3441 αὐτοῖς.
3295 3379 3396 3434 Καὶ
3432 3376 3555 3433 ἰδοῦ
3587 3377 3848 3452 ἄνθρωπος

2217 3467 2314 3517 τοῦ
2362 3469 2495 3519 Θεοῦ
2542 3466 2864 3538 παρεγένετο
2919 3465 2970 3520 ἐν
3023 3464 3223 3536 Βεθηλ,
3275 3466 3328 3522 έν
3377 3466 3540 3542 λόγῳ
3589 3467 3776 3541 Κυρίου
3803 3462 3850 3532 ἕξ

2220 3549 2398 3609 Ἰούδα
2453 3553 2543 3608 καί
2599 3549 2889 3629 Ἱεροϐοὰμ
2947 3554 3182 3626 εἱστήκει
3242 3555 3327 3610 ἐπὶ
3389 3557 3456 3612 τὸ
3489 3556 3850 3630 θυσιαστήριον

2218 3639 2384 3696 αὐτοῦ
2439 3645 2536 3696 τοῦ
2585 3644 2758 3699 θῦσαι.
2821 3643 2924 3700 Καὶ
2978 3644 3128 3699 εἶπεν
3185 3645 3212 3699 6
3273 3643 3559 3721 ἄνθρωπος
3614 3645 3742 3720 πρὸς
3795 3641 3850 3696 τὸ

2219 3733 2600 3808 θυσιαστήριον
2645 3731 2696 3786 ἐν
2744 3729 2899 3808 λόγῷ
2955 3735 3180 3809 Κυρίου·
3233 3738 3648 3810 Θυσιαστήριον,
3679 3737 3850 3788 θυσια-

2218 3821 2464 3893 στήριον,
2494 3817 2621 3876 τάδε
2645 3820 2788 3896 λέγει
2839 3822 3057 3896 Κύριος·
3105 3820 3251 3880 Ἰδοὺ
3291 3824 3407 3886 υἱὸς
3439 3825 3676 3880 τίκτεται
3705 3822 3752 3877 έν
3778 3825 3848 3892 τῷ

2218 3906 2353 3981 θ’ίκῳ
2405 3904 2594 3979 Δαϐὶδ,
2656 3908 2866 3974 ’[ωσίας
2921 3908 3094 3984 ὄνομα
3145 3912 3318 3984 αὐτῷ.
3380 3913 3482 3968 Καὶ
3513 3911 3654 3968 θύσει
3684 3909 3847 3965 ἐπὶσὶ

2214 3997 2340 4059 τοὺς
2395 3999 2559 4073 ἱερεῖς
2616 4003 2725 4053 τῶν
2784 3998 3014 4073 ὑψηλῶν
3071 4005 3178 4056 τῶν
3233 4002 3472 4057 θυόντων
3528 4003 3602 4065 εἰς
3657 4003 3730 4070 σέ,
3763 3996 3844 4054 καὶ

2216 4084 2346 4140 ὀστᾶ
2400 4087 2700 4162 ἀνθρώπων
2756 4087 2942 4144 καύσει
2998 4087 3086 4144 ἐπὶ
3159 4091 3236 4146 σέ.
3298 4091 3396 4147 Καὶ
3457 4090 3651 4147 ἔδωκεν
3706 4085 3845 4152 εὐθὺς

2214 4175 2394 4250 τέρας,
2449 4175 2640 4252 λέγων·
2703 4174 2848 4232 Ἰδοὺ
2903 4177 2967 4232 τὸ
3019 4179 3400 4254 θυσιαστήριον
3461 4182 3732 4256 ῥήγνυται,
3761 4174 3840 4230 καί

2215 4263 2574 4344 ἐκχυθήσεται
2637 4269 2671 4336 ἡ
2731 4265 2927 4336 πιότης
2980 4268 3016 4336 ἡ
3075 4265 3209 4323 οὖσα
3266 4267 3349 4324 ἐπ’
3405 4269 3573 4342 αὐτῷ.
3635 4268 3723 4326 Καὶ
3775 4265 3839 4326 ὡς

2211 4355 2444 4424 ἤκουσεν
2501 4349 2813 4430 ’1εροϐοὰμ,
2872 4355 3093 4426 ἐξέτεινε
3142 4359 3242 4426 τήν
3301 4365 3462 4434 χεῖρα
3520 4358 3679 4414 αὐτοῦ
3725 4353 3843 4410 συλ-

2213 4437 2472 4508 λαϐέσθαι
2528 4443 2708 4500 αὐτόν.
2769 4444 2874 4501 Καὶ
2935 4441 3052 4500 ἰδοὺ
3111 4445 3376 4519 ἐξηράνθη
3434 4450 3471 4518 ἡ
3522 4449 3643 4524 χεὶρ
3669 4445 3841 4512 αὐτοῦ,

2209 4532 2300 4588 καὶ
2355 4533 2418 4588 τὸ
2475 4534 2858 4610 θυσιαστήριον
2915 4531 3142 4609 έρῥάγη,
3201 4536 3290 4591 καὶ
3344 4539 3380 4606 ἡ
3435 4539 3630 4607 πιότης
3693 4534 3843 4589 αὐτοῦ

410 4628 417 4635 ’
455 4625 543 4682 uti
577 4627 762 4682 Deum
792 4642 897 4698 pro
929 4642 992 4681 se
1023 4625 1465 4697 deprecaretur,
1491 4625 1574 4679 uti
1615 4625 1726 4680 sibi
1757 4641 1862 4680 sua
1891 4641 2105 4680 manus

2221 4621 2466 4696 ἐξεχύθη.
2501 4622 2600 4678 Καὶ
2631 4622 2776 4678 εἶπεν
2807 4617 3115 4696 Ἱεροϐοάμ·
3159 4627 3391 4695 Δεήθητι
3435 4630 3532 4681 τοῦ
3561 4623 3840 4700 προσώπου

457 4713 521 4770 in
541 4713 840 4788 integrum
861 4715 1276 4769 restitueretur
1303 4715 1426 4778 Quo
1450 4713 1601 4768 facto
1623 4719 1870 4781 vates,et
1898 4719 2105 4768 sanata

452 4817 736 4866 manu,ex
759 4808 1082 4874 conspectu
1115 4802 1268 4874 regis
1297 4801 1608 4857 abiit.Erat
1629 4801 1780 4857 alius
1813 4803 2103 4872 impostor

459 4889 702 4962 quidam
734 4891 881 4946 vatis
910 4891 1174 4954 nomine,
1209 4906 1388 4945 senex
1420 4891 1674 4945 Bethelaa
1715 4889 2012 4945 habitans.
2047 4891 2100 4946 Is

450 4997 586 5037 cum
617 4979 939 5036 audivisset
968 4997 1099 5050 qua:
1131 4996 1165 5035 a
1195 4979 1390 5034 divino
1437 4979 1676 5034 homine
1725 4983 1855 5034 acta
1908 4983 2096 5046 erant,

449 5085 584 5125 eum
633 5075 980 5142 persecutus
1036 5073 1161 5135 est;
1224 5069 1649 5140 inventumque
1709 5067 1816 5122 sub
1873 5085 2097 5138 quercu

445 5159 750 5215 sedentem
767 5160 1036 5215 hartatus
1066 5164 1156 5213 est
1184 5164 1251 5213 ut
1269 5175 1469 5214 secum
1485 5163 1884 5214 reverteretac
1898 5157 2094 5213 cibum

445 5257 726 5304 sumeret.
761 5250 1002 5304 Divinus
1034 5266 1167 5304 vero
1201 5249 1260 5303 id
1290 5249 1574 5316 abnuere,
1625 5248 1784 5320 quod
1837 5249 1948 5303 sibi
2005 5249 2091 5303 in-

445 5338 703 5393 terdictu
745 5339 847 5393 Dei
881 5355 949 5393 eo
999 5338 1111 5394 loci
1170 5354 1365 5409 neque
1423 5338 1597 5394 edere
1651 5354 1846 5409 neque
1890 5337 2092 5394 bibere

438 5426 704 5497 permitti
727 5427 968 5482 diceret.
1003 5428 1088 5483 Ibi
1111 5427 1401 5499 impostor
1431 5427 1551 5496 ille,
1591 5443 1653 5482 se
1686 5443 1922 5498 quoque
1954 5444 2092 5500 per-

439 5517 579 5573 inde
611 5525 788 5590 atque
845 5519 1041 5591 ipsum
1099 5537 1227 5576 esse
1288 5525 1500 5587 vatem,
1533 5519 1930 5591 angelumque
1985 5519 2088 5574 Dei

434 5607 548 5666 sibi
580 5608 894 5666 mandasse
931 5615 996 5666 ut
1024 5609 1138 5682 ipsi
1196 5615 1452 5665 retracto
1512 5609 1711 5664 cibum
1772 5607 1962 5664 daret.
2005 5609 2086 5664 Eo

433 5695 745 5758 mendacio
789 5698 1057 5758 divinum
1098 5699 1390 5773 permovit
1437 5703 1503 5755 ut
1555 5713 1755 5754 secum
1811 5711 2085 5753 reversus

2214 4711 2411 4786 Κυρίου
2450 4715 2547 4766 τοῦ
2605 4715 2737 4766 Θεοῦ
2796 4732 2914 4781 σου,
2971 4713 3060 4766 καὶ
3121 4710 3496 4788 ἐπιστρεψάτω
3526 4717 3559 4783 ἡ
3595 4714 3713 4790 χείρ
3747 4731 3840 4784 μου

2209 4803 2344 4877 πρός
2409 4823 2492 4876 με.
2554 4803 2657 4860 Καὶ
2724 4799 2918 4872 ἐδεήθη
2983 4805 3011 4858 6
3069 4803 3354 4879 ἄνθρωπος
3407 4813 3505 4862 τοῦ
3553 4810 3704 4873 Θεοῦ,
3757 4800 3839 4858 καὶ

2209 4890 2413 4966 ἐγένετο
2445 4893 2480 4960 ἡ
2513 4891 2636 4966 χείρ
2691 4890 2858 4946 αὐτοῦ
2917 4891 3092 4967 ὑγιής.
3149 4895 3250 4949 Καὶ
3309 4894 3554 4963 ἀπῆλθεν
3583 4896 3611 4950 6
3643 4894 3838 4966 ἅνθρω-

2206 5001 2310 5044 πος
2365 4985 2463 5036 τοῦ
2520 4983 2653 5036 Θεοῦ
2710 4979 2816 5034 ἀπὸ
2868 4979 3166 5054 προσώπου
3215 4979 3648 5059 Ἰεροϐοάμ.Ἦν
3678 4979 3732 5036 δὲ
3760 4996 3836 5037 τις

2204 5069 2376 5132 ἄλλος
2407 5067 2888 5146 ψευδοπροφήτης,
2929 5076 3195 5126 κατοικῶν
3256 5071 3308 5128 ἰν
3353 5077 3441 5148 [Ρ.
3480 5075 3599 5146 100]
3649 5067 3834 5138 Βεθήλ,

2203 5156 2528 5236 πρεσϐύτης·
2561 5161 2650 5214 καὶ
2688 5159 2871 5233 μαθὼν
2904 5161 3003 5217 ὅσα
3051 5162 3307 5234 ἐποίησεν
3366 5166 3394 5220 6
3446 5164 3721 5240 ἅνθρωπος
3747 5160 3836 5212 τοῦ

2203 5255 2358 5318 Θεοῦ,
2388 5245 2704 5321 κατεδίωξεν
2735 5247 2910 5304 ὀπίσω
2966 5249 3151 5323 αὐτοῦ,
3209 5255 3298 5309 καὶ
3352 5255 3499 5317 εὗρεν
3533 5253 3684 5308 αὐτὸν
3715 5249 3837 5304 καθ-

2200 5341 2404 5413 ήμενον
2455 5337 2544 5394 ἐπὶ
2593 5334 2743 5410 δρῦν,
2793 5338 2884 5393 καὶ
2929 5341 3077 5394 εἶπεν
3132 5340 3298 5415 αύτῷο
3349 5347 3512 5417 Δεῦρο
3548 5341 3658 5415 μετ’
3692 5337 3834 5410 ἐμοῦ,

2198 5427 2288 5482 καὶ
2321 5426 2455 5504 φάγε
2505 5425 2690 5500 ἄρτον,
2744 5426 2840 5480 Καὶ
2891 5429 3056 5483 εἶπεν·
3109 5429 3186 5488 Οὐ
3235 5433 3492 5509 φάγωμαι
3539 5429 3694 5506 ἄρτον
3725 5421 3837 5480 οὐδὲ

2197 5519 2415 5592 πίωμαι
2447 5513 2593 5591 ὕδωρ
2626 5517 2680 5571 ἐν
2722 5514 2800 5588 τῷ
2848 5517 3004 5590 τόπῳ
3055 5518 3254 5593 τούτῳ,
3301 5521 3384 5577 δτι
3430 5521 3624 5596 Κύριος
3657 5511 3836 5574 ἐνετεί-

2197 5602 2330 5662 λατό
2365 5628 2459 5679 μοι
2491 5606 2688 5668 οὕτως.
2727 5607 2824 5662 Καὶ
2872 5609 3010 5662 εἷπε·
3064 5608 3232 5686 Κάγὼ
3283 5613 3574 5690 προφήτης
3605 5606 3713 5680 εἰμὶ
3741 5621 3836 5658 κα-

2195 5695 2304 5760 θὼς
2355 5695 2440 5770 σὺ,
2488 5693 2579 5750 καὶ
2633 5692 2867 5772 ἅγγελος
2918 5694 3122 5772 Κυρίου
3170 5696 3409 5772 έλάλησέ
3451 5719 3544 5776 μοι
3581 5698 3674 5752 τοῦ
3718 5691 3832 5748 ἐπι·
