  <div class='ocr_page' id='page_1' title='image "/cluster/home/n/w/nwhite01/storage/ocr_20150623/121/mdp.39015078384289/112.png"; bbox 0 0 4104 6276; ppageno 0'>
   <div class='ocr_carea' id='block_1_1' title="bbox 309 332 3822 441">
    <p class='ocr_par' dir='ltr' id='par_1_1' title="bbox 309 332 3822 441">
     <span class='ocr_line' id='line_1_1' title="bbox 309 332 3822 441; baseline 0.001 -7"><span class='ocrx_word' id='word_1_1' title='bbox 309 359 388 422; x_wconf 71' lang='lat'>209</span> <span class='ocrx_word' id='word_1_2' title='bbox 1546 373 1908 437; x_wconf 73' lang='lat' dir='ltr'>HISTORIA</span> <span class='ocrx_word' id='word_1_3' title='bbox 1924 374 2101 437; x_wconf 77' lang='lat' dir='ltr'><strong>RUM</strong></span> <span class='ocrx_word' id='word_1_4' title='bbox 2145 373 2698 441; x_wconf 71' lang='lat' dir='ltr'>GOHPENDIUM.</span> <span class='ocrx_word' id='word_1_5' title='bbox 3704 374 3822 440; x_wconf 74' lang='lat'><strong>210</strong></span> 
     </span>
    </p>
   </div>
   <div class='ocr_carea' id='block_1_2' title="bbox 308 490 2004 585">
    <p class='ocr_par' dir='ltr' id='par_1_2' title="bbox 308 490 2004 585">
     <span class='ocr_line' id='line_1_2' title="bbox 308 490 2004 585; baseline 0.006 -34"><span class='ocrx_word' id='word_1_6' title='bbox 308 490 497 585; x_wconf 62' lang='grc' dir='ltr'>πξὲψαι</span> <span class='ocrx_word' id='word_1_7' title='bbox 532 515 606 550; x_wconf 83' lang='grc' dir='ltr'>σε</span> <span class='ocrx_word' id='word_1_8' title='bbox 645 498 764 554; x_wconf 75' lang='grc' dir='ltr'>καὶ</span> <span class='ocrx_word' id='word_1_9' title='bbox 805 510 1061 579; x_wconf 74' lang='grc' dir='ltr'>φαγεῖν</span> <span class='ocrx_word' id='word_1_10' title='bbox 1132 508 1311 584; x_wconf 81' lang='grc' dir='ltr'>ἄρτον.</span> <span class='ocrx_word' id='word_1_11' title='bbox 1370 505 1472 565; x_wconf 71' lang='grc' dir='ltr'>Καὶ</span> <span class='ocrx_word' id='word_1_12' title='bbox 1527 506 1806 578; x_wconf 75' lang='grc' dir='ltr'>ἠπάτησεν</span> <span class='ocrx_word' id='word_1_13' title='bbox 1868 504 2004 562; x_wconf 78' lang='grc' dir='ltr'>αὐτὸ</span> 
     </span>
    </p>
   </div>
   <div class='ocr_carea' id='block_1_3' title="bbox 2121 490 3818 585">
    <p class='ocr_par' dir='ltr' id='par_1_3' title="bbox 2121 507 3818 585">
     <span class='ocr_line' id='line_1_3' title="bbox 2121 507 3818 585; baseline 0.003 -21"><span class='ocrx_word' id='word_1_14' title='bbox 2121 536 2139 576; x_wconf 63' lang='grc' dir='ltr'>ι</span> <span class='ocrx_word' id='word_1_15' title='bbox 2171 507 2373 564; x_wconf 85' lang='lat' dir='ltr'>ederet</span> <span class='ocrx_word' id='word_1_16' title='bbox 2401 515 2577 583; x_wconf 87' lang='lat' dir='ltr'>atque</span> <span class='ocrx_word' id='word_1_17' title='bbox 2609 509 2860 567; x_wconf 87' lang='lat' dir='ltr'>biberet.</span> <span class='ocrx_word' id='word_1_18' title='bbox 2893 513 3038 569; x_wconf 87' lang='lat' dir='ltr'>Tum</span> <span class='ocrx_word' id='word_1_19' title='bbox 3065 510 3360 585; x_wconf 82' lang='lat' dir='ltr'>impostor</span> <span class='ocrx_word' id='word_1_20' title='bbox 3384 510 3490 569; x_wconf 82' lang='lat' dir='ltr'>Dei</span> <span class='ocrx_word' id='word_1_21' title='bbox 3530 511 3818 570; x_wconf 79' lang='lat' dir='ltr'>instinctu</span> 
     </span>
    </p>
   </div>
   <div class='ocr_carea' id='block_1_4' title="bbox 306 582 2004 675">
    <p class='ocr_par' dir='ltr' id='par_1_4' title="bbox 306 582 2004 675">
     <span class='ocr_line' id='line_1_4' title="bbox 306 582 2004 675; baseline 0.006 -36"><span class='ocrx_word' id='word_1_22' title='bbox 306 582 366 639; x_wconf 75' lang='grc' dir='ltr'>καὶ</span> <span class='ocrx_word' id='word_1_23' title='bbox 390 584 742 663; x_wconf 67' lang='grc' dir='ltr'>ύπεστρεψε</span> <span class='ocrx_word' id='word_1_24' title='bbox 771 594 892 647; x_wconf 76' lang='grc' dir='ltr'>καὶ</span> <span class='ocrx_word' id='word_1_25' title='bbox 935 591 1142 675; x_wconf 66' lang='grc' dir='ltr'>ἔφαγε</span> <span class='ocrx_word' id='word_1_26' title='bbox 1178 597 1265 653; x_wconf 84' lang='grc' dir='ltr'>καὶ</span> <span class='ocrx_word' id='word_1_27' title='bbox 1296 591 1431 653; x_wconf 80' lang='grc' dir='ltr'>ἔπιε.</span> <span class='ocrx_word' id='word_1_28' title='bbox 1494 597 1701 653; x_wconf 79' lang='grc' dir='ltr'>Γίνεται</span> <span class='ocrx_word' id='word_1_29' title='bbox 1755 597 1848 653; x_wconf 82' lang='grc' dir='ltr'>οὗν</span> <span class='ocrx_word' id='word_1_30' title='bbox 1880 596 2004 674; x_wconf 81' lang='grc' dir='ltr'>λόγι</span> 
     </span>
    </p>
   </div>
   <div class='ocr_carea' id='block_1_5' title="bbox 2121 582 3816 675">
    <p class='ocr_par' dir='ltr' id='par_1_5' title="bbox 2166 582 3816 672">
     <span class='ocr_line' id='line_1_5' title="bbox 2166 582 3816 672; baseline 0.005 -22"><span class='ocrx_word' id='word_1_31' title='bbox 2166 597 2281 652; x_wconf 87' lang='lat' dir='ltr'>vati</span> <span class='ocrx_word' id='word_1_32' title='bbox 2314 582 2701 666; x_wconf 89' lang='lat' dir='ltr'>denuntiavit,</span> <span class='ocrx_word' id='word_1_33' title='bbox 2735 582 3217 672; x_wconf 76' lang='lat' dir='ltr'>quandoquidem</span> <span class='ocrx_word' id='word_1_34' title='bbox 3264 601 3418 656; x_wconf 75' lang='lat' dir='ltr'>I76</span> <span class='ocrx_word' id='word_1_35' title='bbox 3447 606 3657 659; x_wconf 86' lang='lat' dir='ltr'>contra</span> <span class='ocrx_word' id='word_1_36' title='bbox 3712 600 3816 659; x_wconf 85' lang='lat' dir='ltr'>Dei</span> 
     </span>
    </p>
   </div>
   <div class='ocr_carea' id='block_1_6' title="bbox 307 676 2004 767">
    <p class='ocr_par' dir='ltr' id='par_1_6' title="bbox 307 676 2004 767">
     <span class='ocr_line' id='line_1_6' title="bbox 307 676 2004 767; baseline 0.008 -39"><span class='ocrx_word' id='word_1_37' title='bbox 307 676 480 767; x_wconf 64' lang='grc' dir='ltr'>Κυρίου</span> <span class='ocrx_word' id='word_1_38' title='bbox 512 680 689 753; x_wconf 83' lang='grc' dir='ltr'>πρὸς</span> <span class='ocrx_word' id='word_1_39' title='bbox 754 681 880 739; x_wconf 78' lang='grc' dir='ltr'>τὸν</span> <span class='ocrx_word' id='word_1_40' title='bbox 958 684 1445 767; x_wconf 69' lang='grc' dir='ltr'>ψευδοπροφήτην</span> <span class='ocrx_word' id='word_1_41' title='bbox 1501 687 1595 742; x_wconf 81' lang='grc' dir='ltr'>τὸν</span> <span class='ocrx_word' id='word_1_42' title='bbox 1646 687 2004 762; x_wconf 55' lang='grc' dir='ltr'>ἀποστρεψανη</span> 
     </span>
    </p>
   </div>
   <div class='ocr_carea' id='block_1_7' title="bbox 2121 676 3813 767">
    <p class='ocr_par' dir='ltr' id='par_1_7' title="bbox 2168 687 3813 764">
     <span class='ocr_line' id='line_1_7' title="bbox 2168 687 3813 764; baseline 0.005 -23"><span class='ocrx_word' id='word_1_43' title='bbox 2168 687 2511 745; x_wconf 90' lang='lat' dir='ltr'>mandatum</span> <span class='ocrx_word' id='word_1_44' title='bbox 2535 705 2802 745; x_wconf 86' lang='lat' dir='ltr'>reversus</span> <span class='ocrx_word' id='word_1_45' title='bbox 2834 707 2902 745; x_wconf 92' lang='lat' dir='ltr'>eo</span> <span class='ocrx_word' id='word_1_46' title='bbox 2934 690 3048 746; x_wconf 92' lang='lat' dir='ltr'>loci</span> <span class='ocrx_word' id='word_1_47' title='bbox 3083 691 3284 746; x_wconf 88' lang='lat' dir='ltr'>cibum</span> <span class='ocrx_word' id='word_1_48' title='bbox 3314 706 3381 746; x_wconf 90' lang='lat' dir='ltr'>ac</span> <span class='ocrx_word' id='word_1_49' title='bbox 3411 696 3619 764; x_wconf 89' lang='lat' dir='ltr'>potum</span> <span class='ocrx_word' id='word_1_50' title='bbox 3649 707 3813 749; x_wconf 84' lang='lat' dir='ltr'>sum-</span> 
     </span>
    </p>
   </div>
   <div class='ocr_carea' id='block_1_8' title="bbox 308 765 2004 852">
    <p class='ocr_par' dir='ltr' id='par_1_8' title="bbox 308 765 2004 849">
     <span class='ocr_line' id='line_1_8' title="bbox 308 765 2004 849; baseline 0.004 -27"><span class='ocrx_word' id='word_1_51' title='bbox 308 765 460 838; x_wconf 78' lang='grc' dir='ltr'>αὐτὸν,</span> <span class='ocrx_word' id='word_1_52' title='bbox 491 769 599 823; x_wconf 74' lang='grc' dir='ltr'>καὶ</span> <span class='ocrx_word' id='word_1_53' title='bbox 646 767 802 826; x_wconf 76' lang='grc' dir='ltr'>εἶπε</span> <span class='ocrx_word' id='word_1_54' title='bbox 850 774 1031 849; x_wconf 80' lang='grc' dir='ltr'>πρὸς</span> <span class='ocrx_word' id='word_1_55' title='bbox 1068 776 1168 832; x_wconf 85' lang='grc' dir='ltr'>τὸν</span> <span class='ocrx_word' id='word_1_56' title='bbox 1229 765 1508 849; x_wconf 78' lang='grc' dir='ltr'>ἄνθρωπον</span> <span class='ocrx_word' id='word_1_57' title='bbox 1564 780 1661 832; x_wconf 71' lang='grc' dir='ltr'>τοῦ</span> <span class='ocrx_word' id='word_1_58' title='bbox 1728 780 1883 831; x_wconf 80' lang='grc' dir='ltr'>Θεοῦ·</span> <span class='ocrx_word' id='word_1_59' title='bbox 1918 774 2004 831; x_wconf 60' lang='grc' dir='ltr'>Τάη</span> 
     </span>
    </p>
   </div>
   <div class='ocr_carea' id='block_1_9' title="bbox 2121 765 3814 852">
    <p class='ocr_par' dir='ltr' id='par_1_9' title="bbox 2168 777 3814 852">
     <span class='ocr_line' id='line_1_9' title="bbox 2168 777 3814 852; baseline 0.004 -20"><span class='ocrx_word' id='word_1_60' title='bbox 2168 777 2402 849; x_wconf 88' lang='lat' dir='ltr'>psisset,</span> <span class='ocrx_word' id='word_1_61' title='bbox 2436 777 2681 834; x_wconf 80' lang='lat' dir='ltr'>cadaver</span> <span class='ocrx_word' id='word_1_62' title='bbox 2710 779 2894 851; x_wconf 88' lang='lat' dir='ltr'>ipsius</span> <span class='ocrx_word' id='word_1_63' title='bbox 2927 779 2987 834; x_wconf 92' lang='lat' dir='ltr'>in</span> <span class='ocrx_word' id='word_1_64' title='bbox 3018 780 3289 851; x_wconf 86' lang='lat' dir='ltr'>sepulcro</span> <span class='ocrx_word' id='word_1_65' title='bbox 3330 781 3625 852; x_wconf 82' lang='lat' dir='ltr'>majorum</span> <span class='ocrx_word' id='word_1_66' title='bbox 3682 797 3814 838; x_wconf 91' lang='lat' dir='ltr'>suo-</span> 
     </span>
    </p>
   </div>
   <div class='ocr_carea' id='block_1_10' title="bbox 307 854 2004 941">
    <p class='ocr_par' dir='ltr' id='par_1_10' title="bbox 307 854 2004 941">
     <span class='ocr_line' id='line_1_10' title="bbox 307 854 2004 941; baseline -0.001 -21"><span class='ocrx_word' id='word_1_67' title='bbox 307 854 424 931; x_wconf 76' lang='grc' dir='ltr'>λέγει</span> <span class='ocrx_word' id='word_1_68' title='bbox 470 857 744 934; x_wconf 73' lang='grc' dir='ltr'>Κύριος·</span> <span class='ocrx_word' id='word_1_69' title='bbox 810 865 1010 921; x_wconf 77' lang='grc' dir='ltr'>Ἀνθ’</span> <span class='ocrx_word' id='word_1_70' title='bbox 1068 868 1151 922; x_wconf 80' lang='grc' dir='ltr'>ὧν</span> <span class='ocrx_word' id='word_1_71' title='bbox 1201 861 1441 941; x_wconf 74' lang='grc' dir='ltr'>παρέϐης</span> <span class='ocrx_word' id='word_1_72' title='bbox 1501 865 1593 921; x_wconf 87' lang='grc' dir='ltr'>τὸν</span> <span class='ocrx_word' id='word_1_73' title='bbox 1650 866 1823 940; x_wconf 83' lang='grc' dir='ltr'>νόμον</span> <span class='ocrx_word' id='word_1_74' title='bbox 1854 864 2004 939; x_wconf 74' lang='grc' dir='ltr'>Κυρίι</span> 
     </span>
    </p>
   </div>
   <div class='ocr_carea' id='block_1_11' title="bbox 2121 854 3811 941">
    <p class='ocr_par' dir='ltr' id='par_1_11' title="bbox 2169 866 3811 940">
     <span class='ocr_line' id='line_1_11' title="bbox 2169 866 3811 940; baseline 0.002 -18"><span class='ocrx_word' id='word_1_75' title='bbox 2169 883 2303 922; x_wconf 88' lang='lat' dir='ltr'>rum</span> <span class='ocrx_word' id='word_1_76' title='bbox 2327 883 2448 922; x_wconf 93' lang='lat' dir='ltr'>non</span> <span class='ocrx_word' id='word_1_77' title='bbox 2480 866 2551 922; x_wconf 89' lang='lat' dir='ltr'>iri</span> <span class='ocrx_word' id='word_1_78' title='bbox 2584 868 2910 924; x_wconf 89' lang='lat' dir='ltr'>conditum.</span> <span class='ocrx_word' id='word_1_79' title='bbox 2943 871 3134 940; x_wconf 81' lang='lat' dir='ltr'>Atque</span> <span class='ocrx_word' id='word_1_80' title='bbox 3177 884 3476 940; x_wconf 87' lang='lat' dir='ltr'>egressum</span> <span class='ocrx_word' id='word_1_81' title='bbox 3532 870 3671 925; x_wconf 91' lang='lat' dir='ltr'>inde</span> <span class='ocrx_word' id='word_1_82' title='bbox 3729 869 3811 926; x_wconf 84' lang='lat' dir='ltr'>di-</span> 
     </span>
    </p>
   </div>
   <div class='ocr_carea' id='block_1_12' title="bbox 303 946 2004 1035">
    <p class='ocr_par' dir='ltr' id='par_1_12' title="bbox 303 946 2004 1035">
     <span class='ocr_line' id='line_1_12' title="bbox 303 946 2004 1035; baseline 0.005 -34"><span class='ocrx_word' id='word_1_83' title='bbox 303 946 807 1025; x_wconf 74' lang='grc' dir='ltr'>ιαὶῦπὲστρεψας</span> <span class='ocrx_word' id='word_1_84' title='bbox 865 954 981 1009; x_wconf 80' lang='grc' dir='ltr'>καὶ</span> <span class='ocrx_word' id='word_1_85' title='bbox 1046 951 1247 1035; x_wconf 76' lang='grc' dir='ltr'>ἔφαγες</span> <span class='ocrx_word' id='word_1_86' title='bbox 1302 954 1394 1012; x_wconf 88' lang='grc' dir='ltr'>λαὶ</span> <span class='ocrx_word' id='word_1_87' title='bbox 1451 950 1598 1018; x_wconf 75' lang='grc' dir='ltr'>ἔπιες</span> <span class='ocrx_word' id='word_1_88' title='bbox 1647 954 1698 1010; x_wconf 75' lang='grc' dir='ltr'>ἐν</span> <span class='ocrx_word' id='word_1_89' title='bbox 1765 959 1846 1027; x_wconf 79' lang='grc' dir='ltr'>τῷ</span> <span class='ocrx_word' id='word_1_90' title='bbox 1903 954 2004 1009; x_wconf 71' lang='grc' dir='ltr'>τότε</span> 
     </span>
    </p>
   </div>
   <div class='ocr_carea' id='block_1_13' title="bbox 2121 946 3811 1035">
    <p class='ocr_par' dir='ltr' id='par_1_13' title="bbox 2168 957 3811 1016">
     <span class='ocr_line' id='line_1_13' title="bbox 2168 957 3811 1016; baseline 0.002 -3"><span class='ocrx_word' id='word_1_91' title='bbox 2168 957 2370 1013; x_wconf 91' lang='lat' dir='ltr'>vinum</span> <span class='ocrx_word' id='word_1_92' title='bbox 2403 957 2494 1012; x_wconf 91' lang='lat' dir='ltr'>leo</span> <span class='ocrx_word' id='word_1_93' title='bbox 2526 957 2756 1013; x_wconf 85' lang='lat' dir='ltr'>obviam</span> <span class='ocrx_word' id='word_1_94' title='bbox 2787 957 2975 1014; x_wconf 83' lang='lat' dir='ltr'>factus</span> <span class='ocrx_word' id='word_1_95' title='bbox 3005 958 3323 1013; x_wconf 81' lang='lat' dir='ltr'>interfecit.</span> <span class='ocrx_word' id='word_1_96' title='bbox 3373 959 3616 1015; x_wconf 83' lang='lat' dir='ltr'>Interim</span> <span class='ocrx_word' id='word_1_97' title='bbox 3653 960 3811 1016; x_wconf 85' lang='lat' dir='ltr'>Jero-</span> 
     </span>
    </p>
   </div>
   <div class='ocr_carea' id='block_1_14' title="bbox 305 1036 2004 1124">
    <p class='ocr_par' dir='ltr' id='par_1_14' title="bbox 305 1036 2004 1124">
     <span class='ocr_line' id='line_1_14' title="bbox 305 1036 2004 1124; baseline 0.004 -32"><span class='ocrx_word' id='word_1_98' title='bbox 305 1036 483 1109; x_wconf 72' lang='grc' dir='ltr'>τούτῳ,</span> <span class='ocrx_word' id='word_1_99' title='bbox 520 1036 598 1092; x_wconf 71' lang='grc' dir='ltr'>οὗ</span> <span class='ocrx_word' id='word_1_100' title='bbox 643 1042 744 1113; x_wconf 75' lang='grc' dir='ltr'>μὴ</span> <span class='ocrx_word' id='word_1_101' title='bbox 783 1040 1057 1118; x_wconf 71' lang='grc' dir='ltr'>εἰσέλθῃ</span> <span class='ocrx_word' id='word_1_102' title='bbox 1109 1046 1172 1100; x_wconf 83' lang='grc' dir='ltr'>τὸ</span> <span class='ocrx_word' id='word_1_103' title='bbox 1204 1045 1363 1116; x_wconf 80' lang='grc' dir='ltr'>σῶμά</span> <span class='ocrx_word' id='word_1_104' title='bbox 1394 1065 1491 1100; x_wconf 90' lang='grc' dir='ltr'>σου</span> <span class='ocrx_word' id='word_1_105' title='bbox 1523 1043 1600 1106; x_wconf 70' lang='grc' dir='ltr'>είς</span> <span class='ocrx_word' id='word_1_106' title='bbox 1629 1044 1721 1099; x_wconf 83' lang='grc' dir='ltr'>τὸν</span> <span class='ocrx_word' id='word_1_107' title='bbox 1760 1047 1927 1124; x_wconf 73' lang='grc' dir='ltr'>τάφον</span> <span class='ocrx_word' id='word_1_108' title='bbox 1949 1050 2004 1099; x_wconf 71' lang='grc' dir='ltr'>τᾶ</span> 
     </span>
    </p>
   </div>
   <div class='ocr_carea' id='block_1_15' title="bbox 2121 1036 3206 1124">
    <p class='ocr_par' dir='ltr' id='par_1_15' title="bbox 2170 1045 3206 1103">
     <span class='ocr_line' id='line_1_15' title="bbox 2170 1045 3206 1103; baseline 0 -2"><span class='ocrx_word' id='word_1_109' title='bbox 2170 1045 2418 1101; x_wconf 89' lang='lat' dir='ltr'>boamus</span> <span class='ocrx_word' id='word_1_110' title='bbox 2450 1062 2484 1101; x_wconf 91' lang='lat' dir='ltr'>a</span> <span class='ocrx_word' id='word_1_111' title='bbox 2513 1047 2743 1102; x_wconf 89' lang='lat' dir='ltr'>malitia</span> <span class='ocrx_word' id='word_1_112' title='bbox 2771 1064 2889 1102; x_wconf 92' lang='lat' dir='ltr'>non</span> <span class='ocrx_word' id='word_1_113' title='bbox 2917 1047 3206 1103; x_wconf 86' lang='lat' dir='ltr'>discessit.</span> 
     </span>
    </p>
   </div>
   <div class='ocr_carea' id='block_1_16' title="bbox 307 1128 3808 1211">
    <p class='ocr_par' dir='ltr' id='par_1_16' title="bbox 307 1128 3808 1211">
     <span class='ocr_line' id='line_1_16' title="bbox 307 1128 3808 1211; baseline 0.002 -29"><span class='ocrx_word' id='word_1_114' title='bbox 307 1128 537 1202; x_wconf 68' lang='grc' dir='ltr'>πατέρων</span> <span class='ocrx_word' id='word_1_115' title='bbox 593 1149 745 1186; x_wconf 82' lang='grc' dir='ltr'>σου.</span> <span class='ocrx_word' id='word_1_116' title='bbox 827 1132 1200 1202; x_wconf 79' lang='grc' dir='ltr'>Ἑξελθόντα</span> <span class='ocrx_word' id='word_1_117' title='bbox 1256 1131 1313 1189; x_wconf 76' lang='grc' dir='ltr'>δὲ</span> <span class='ocrx_word' id='word_1_118' title='bbox 1360 1133 1499 1190; x_wconf 85' lang='grc' dir='ltr'>λεὼν</span> <span class='ocrx_word' id='word_1_119' title='bbox 1561 1135 1895 1205; x_wconf 76' lang='grc' dir='ltr'>συναντήσας</span> <span class='ocrx_word' id='word_1_120' title='bbox 1953 1131 2282 1189; x_wconf 79' lang='grc' dir='ltr'>ἐθανάτωσεν</span> <span class='ocrx_word' id='word_1_121' title='bbox 2342 1132 2519 1191; x_wconf 80' lang='grc' dir='ltr'>αὐτόν.</span> <span class='ocrx_word' id='word_1_122' title='bbox 2582 1129 2874 1208; x_wconf 71' lang='grc' dir='ltr'>Ὶεροϐοὰμ</span> <span class='ocrx_word' id='word_1_123' title='bbox 2921 1132 2978 1189; x_wconf 75' lang='grc' dir='ltr'>δὲ</span> <span class='ocrx_word' id='word_1_124' title='bbox 3008 1135 3113 1190; x_wconf 78' lang='grc' dir='ltr'>οὐκ</span> <span class='ocrx_word' id='word_1_125' title='bbox 3170 1135 3495 1211; x_wconf 72' lang='grc' dir='ltr'>ἀπέστρεψεν</span> <span class='ocrx_word' id='word_1_126' title='bbox 3554 1135 3660 1191; x_wconf 83' lang='grc' dir='ltr'>ἀπὸ</span> <span class='ocrx_word' id='word_1_127' title='bbox 3707 1141 3808 1206; x_wconf 82' lang='grc' dir='ltr'>τῆς</span> 
     </span>
    </p>
   </div>
   <div class='ocr_carea' id='block_1_17' title="bbox 305 1217 740 1279">
    <p class='ocr_par' dir='ltr' id='par_1_17' title="bbox 305 1217 740 1279">
     <span class='ocr_line' id='line_1_17' title="bbox 305 1217 740 1279; baseline 0 -7"><span class='ocrx_word' id='word_1_128' title='bbox 305 1218 470 1279; x_wconf 76' lang='grc' dir='ltr'>κακίας</span> <span class='ocrx_word' id='word_1_129' title='bbox 508 1217 740 1279; x_wconf 69' lang='grc' dir='ltr'>αὐτοῦ,</span> 
     </span>
    </p>
   </div>
   <div class='ocr_carea' id='block_1_18' title="bbox 358 1303 2050 1389">
    <p class='ocr_par' dir='ltr' id='par_1_18' title="bbox 358 1303 2050 1389">
     <span class='ocr_line' id='line_1_18' title="bbox 358 1303 2050 1389; baseline 0.001 -24"><span class='ocrx_word' id='word_1_130' title='bbox 358 1307 439 1381; x_wconf 80' lang='grc' dir='ltr'>Τῷ</span> <span class='ocrx_word' id='word_1_131' title='bbox 475 1305 583 1378; x_wconf 79' lang='grc' dir='ltr'>λη’</span> <span class='ocrx_word' id='word_1_132' title='bbox 620 1303 754 1365; x_wconf 77' lang='grc' dir='ltr'>ἔτει</span> <span class='ocrx_word' id='word_1_133' title='bbox 802 1315 935 1366; x_wconf 72' lang='grc' dir='ltr'>τοῦ</span> <span class='ocrx_word' id='word_1_134' title='bbox 970 1315 1119 1370; x_wconf 77' lang='grc' dir='ltr'><strong>Ἀσᾶ</strong></span> <span class='ocrx_word' id='word_1_135' title='bbox 1179 1311 1448 1389; x_wconf 65' lang='grc' dir='ltr'>βασιλέως</span> <span class='ocrx_word' id='word_1_136' title='bbox 1507 1310 1707 1380; x_wconf 74' lang='grc' dir='ltr'>Ἰούδα,</span> <span class='ocrx_word' id='word_1_137' title='bbox 1765 1307 2050 1369; x_wconf 70' lang='grc' dir='ltr'>ἐϐασίλευ-</span> 
     </span>
    </p>
   </div>
   <div class='ocr_carea' id='block_1_19' title="bbox 305 1394 2045 1477">
    <p class='ocr_par' dir='ltr' id='par_1_19' title="bbox 305 1394 2045 1477">
     <span class='ocr_line' id='line_1_19' title="bbox 411 1398 1944 1437; baseline 0 -16"><span class='ocrx_word' id='word_1_138' title='bbox 411 1401 425 1421; x_wconf 74' lang='lat'><strong>,</strong></span> <span class='ocrx_word' id='word_1_139' title='bbox 586 1398 602 1415; x_wconf 60' lang='lat'><strong>‘</strong></span> <span class='ocrx_word' id='word_1_140' title='bbox 994 1403 1007 1420; x_wconf 78' lang='grc'><strong><em>1</em></strong></span> <span class='ocrx_word' id='word_1_141' title='bbox 1422 1401 1433 1419; x_wconf 73' lang='grc' dir='ltr'><strong>Ι</strong></span> <span class='ocrx_word' id='word_1_142' title='bbox 1922 1423 1944 1437; x_wconf 53' lang='grc' dir='ltr'>ρ</span> 
     </span>
     <span class='ocr_line' id='line_1_20' title="bbox 305 1394 2045 1477; baseline 0.001 -24"><span class='ocrx_word' id='word_1_143' title='bbox 305 1419 372 1453; x_wconf 82' lang='grc' dir='ltr'>σεν</span> <span class='ocrx_word' id='word_1_144' title='bbox 432 1394 661 1474; x_wconf 71' lang='grc' dir='ltr'>Αχααϐ</span> <span class='ocrx_word' id='word_1_145' title='bbox 773 1401 811 1455; x_wconf 88' lang='lat'>6</span> <span class='ocrx_word' id='word_1_146' title='bbox 922 1422 1163 1458; x_wconf 84' lang='grc' dir='ltr'>παντων</span> <span class='ocrx_word' id='word_1_147' title='bbox 1240 1400 1517 1477; x_wconf 77' lang='grc' dir='ltr'>βασιλαων</span> <span class='ocrx_word' id='word_1_148' title='bbox 1573 1403 1942 1475; x_wconf 83' lang='grc' dir='ltr'>πονηρότατο..</span> <span class='ocrx_word' id='word_1_149' title='bbox 1992 1401 2045 1455; x_wconf 81' lang='grc' dir='ltr'>ἐν</span> 
     </span>
    </p>
   </div>
   <div class='ocr_carea' id='block_1_20' title="bbox 307 1487 2004 1563">
    <p class='ocr_par' dir='ltr' id='par_1_20' title="bbox 307 1487 2004 1563">
     <span class='ocr_line' id='line_1_21' title="bbox 307 1487 2004 1563; baseline 0 -18"><span class='ocrx_word' id='word_1_150' title='bbox 307 1487 536 1562; x_wconf 71' lang='grc' dir='ltr'>Ἰσραήλ’</span> <span class='ocrx_word' id='word_1_151' title='bbox 578 1488 651 1550; x_wconf 76' lang='grc' dir='ltr'>’ὸς</span> <span class='ocrx_word' id='word_1_152' title='bbox 706 1493 1162 1562; x_wconf 71' lang='grc' dir='ltr'>θυσιαστήριον</span> <span class='ocrx_word' id='word_1_153' title='bbox 1223 1489 1442 1561; x_wconf 82' lang='grc' dir='ltr'>ἔστησεν</span> <span class='ocrx_word' id='word_1_154' title='bbox 1499 1496 1577 1563; x_wconf 78' lang='grc' dir='ltr'>τῷ</span> <span class='ocrx_word' id='word_1_155' title='bbox 1635 1489 1808 1549; x_wconf 84' lang='grc' dir='ltr'>Βάαλ.</span> <span class='ocrx_word' id='word_1_156' title='bbox 1871 1489 2004 1548; x_wconf 68' lang='grc' dir='ltr'>Οὔτε</span> 
     </span>
    </p>
   </div>
   <div class='ocr_carea' id='block_1_21' title="bbox 2121 1487 3803 1563">
    <p class='ocr_par' dir='ltr' id='par_1_21' title="bbox 2155 1490 3803 1551">
     <span class='ocr_line' id='line_1_22' title="bbox 2155 1490 3803 1551; baseline 0.004 -7"><span class='ocrx_word' id='word_1_157' title='bbox 2155 1490 2364 1546; x_wconf 90' lang='lat' dir='ltr'>rimus.</span> <span class='ocrx_word' id='word_1_158' title='bbox 2393 1492 2444 1547; x_wconf 90' lang='lat' dir='ltr'>Is</span> <span class='ocrx_word' id='word_1_159' title='bbox 2468 1492 2625 1548; x_wconf 89' lang='lat' dir='ltr'>Baali</span> <span class='ocrx_word' id='word_1_160' title='bbox 2656 1509 2818 1548; x_wconf 88' lang='lat' dir='ltr'>aram</span> <span class='ocrx_word' id='word_1_161' title='bbox 2855 1494 3082 1549; x_wconf 82' lang='lat' dir='ltr'>statuit.</span> <span class='ocrx_word' id='word_1_162' title='bbox 3116 1496 3370 1550; x_wconf 80' lang='lat' dir='ltr'>Uxorem</span> <span class='ocrx_word' id='word_1_163' title='bbox 3401 1494 3610 1549; x_wconf 86' lang='lat' dir='ltr'>habuit</span> <span class='ocrx_word' id='word_1_164' title='bbox 3644 1496 3803 1551; x_wconf 71' lang='lat' dir='ltr'>Ieza-</span> 
     </span>
    </p>
   </div>
   <div class='ocr_carea' id='block_1_22' title="bbox 310 1576 2004 1656">
    <p class='ocr_par' dir='ltr' id='par_1_22' title="bbox 310 1576 1982 1656">
     <span class='ocr_line' id='line_1_23' title="bbox 310 1576 1982 1656; baseline 0.002 -23"><span class='ocrx_word' id='word_1_165' title='bbox 310 1579 407 1656; x_wconf 73' lang='grc' dir='ltr'>εἴχε</span> <span class='ocrx_word' id='word_1_166' title='bbox 457 1583 737 1653; x_wconf 79' lang='grc' dir='ltr'>γυναῖκα</span> <span class='ocrx_word' id='word_1_167' title='bbox 808 1582 941 1650; x_wconf 75' lang='grc' dir='ltr'>τήν</span> <span class='ocrx_word' id='word_1_168' title='bbox 1013 1576 1279 1650; x_wconf 74' lang='grc' dir='ltr'>Ἰεζάϐελ.</span> <span class='ocrx_word' id='word_1_169' title='bbox 1340 1581 1463 1637; x_wconf 81' lang='grc' dir='ltr'>Ἐπὶ</span> <span class='ocrx_word' id='word_1_170' title='bbox 1528 1580 1726 1637; x_wconf 88' lang='grc' dir='ltr'>τούτου</span> <span class='ocrx_word' id='word_1_171' title='bbox 1776 1579 1982 1655; x_wconf 80' lang='grc' dir='ltr'>Ἀχιὴλ</span> 
     </span>
    </p>
   </div>
   <div class='ocr_carea' id='block_1_23' title="bbox 2121 1576 3801 1656">
    <p class='ocr_par' dir='ltr' id='par_1_23' title="bbox 2151 1578 3801 1653">
     <span class='ocr_line' id='line_1_24' title="bbox 2151 1578 3801 1653; baseline 0.004 -20"><span class='ocrx_word' id='word_1_172' title='bbox 2151 1578 2516 1652; x_wconf 83' lang='lat' dir='ltr'>belam.Ejus</span> <span class='ocrx_word' id='word_1_173' title='bbox 2548 1586 2813 1653; x_wconf 87' lang='lat' dir='ltr'>tempore</span> <span class='ocrx_word' id='word_1_174' title='bbox 2836 1582 3041 1637; x_wconf 86' lang='lat' dir='ltr'>Achiel</span> <span class='ocrx_word' id='word_1_175' title='bbox 3067 1582 3367 1638; x_wconf 86' lang='lat' dir='ltr'>Bethelica</span> <span class='ocrx_word' id='word_1_176' title='bbox 3399 1583 3801 1639; x_wconf 88' lang='lat' dir='ltr'>Jerichuntem</span> 
     </span>
    </p>
   </div>
   <div class='ocr_carea' id='block_1_24' title="bbox 311 1648 2004 1747">
    <p class='ocr_par' dir='ltr' id='par_1_24' title="bbox 311 1648 2004 1747">
     <span class='ocr_line' id='line_1_25' title="bbox 311 1648 2004 1747; baseline -0.002 -21"><span class='ocrx_word' id='word_1_177' title='bbox 311 1648 613 1739; x_wconf 69' lang='grc' dir='ltr'>Βέθηλίτης</span> <span class='ocrx_word' id='word_1_178' title='bbox 646 1648 1067 1744; x_wconf 75' lang='grc' dir='ltr'>ᾠκοδόμησε</span> <span class='ocrx_word' id='word_1_179' title='bbox 1097 1648 1195 1740; x_wconf 68' lang='grc' dir='ltr'>τὴν</span> <span class='ocrx_word' id='word_1_180' title='bbox 1228 1671 1465 1746; x_wconf 77' lang='grc' dir='ltr'>Ἰεριχώ’</span> <span class='ocrx_word' id='word_1_181' title='bbox 1525 1668 1578 1726; x_wconf 77' lang='grc' dir='ltr'>ἐν</span> <span class='ocrx_word' id='word_1_182' title='bbox 1631 1675 1713 1743; x_wconf 79' lang='grc' dir='ltr'>τῷ</span> <span class='ocrx_word' id='word_1_183' title='bbox 1766 1648 2004 1747; x_wconf 42' lang='lat' dir='ltr'>milia</span> 
     </span>
    </p>
   </div>
   <div class='ocr_carea' id='block_1_25' title="bbox 2121 1648 3803 1747">
    <p class='ocr_par' dir='ltr' id='par_1_25' title="bbox 2150 1667 3803 1745">
     <span class='ocr_line' id='line_1_26' title="bbox 2150 1667 3803 1745; baseline 0.004 -23"><span class='ocrx_word' id='word_1_184' title='bbox 2150 1667 2517 1726; x_wconf 84' lang='lat' dir='ltr'>instauravit.</span> <span class='ocrx_word' id='word_1_185' title='bbox 2539 1671 2720 1742; x_wconf 86' lang='lat' dir='ltr'>Cujus</span> <span class='ocrx_word' id='word_1_186' title='bbox 2746 1688 2879 1727; x_wconf 89' lang='lat' dir='ltr'>cum</span> <span class='ocrx_word' id='word_1_187' title='bbox 2904 1671 3293 1728; x_wconf 81' lang='lat' dir='ltr'>fundamenta</span> <span class='ocrx_word' id='word_1_188' title='bbox 3311 1673 3803 1745; x_wconf 88' lang='lat' dir='ltr'>poneret,primo-</span> 
     </span>
    </p>
   </div>
   <div class='ocr_carea' id='block_1_26' title="bbox 320 1754 2004 1836">
    <p class='ocr_par' dir='ltr' id='par_1_26' title="bbox 320 1756 2003 1833">
     <span class='ocr_line' id='line_1_27' title="bbox 320 1756 2003 1833; baseline 0.001 -21"><span class='ocrx_word' id='word_1_189' title='bbox 320 1759 647 1831; x_wconf 68' lang='grc' dir='ltr'>πρωτοτόκῳ</span> <span class='ocrx_word' id='word_1_190' title='bbox 696 1757 918 1814; x_wconf 70' lang='grc' dir='ltr'>αὐτοῦ</span> <span class='ocrx_word' id='word_1_191' title='bbox 954 1756 1325 1832; x_wconf 74' lang='grc' dir='ltr'>ἐθεμελίωσεν</span> <span class='ocrx_word' id='word_1_192' title='bbox 1368 1760 1562 1829; x_wconf 79' lang='grc' dir='ltr'>αὐτὴν,</span> <span class='ocrx_word' id='word_1_193' title='bbox 1594 1758 1684 1815; x_wconf 88' lang='grc' dir='ltr'>καὶ</span> <span class='ocrx_word' id='word_1_194' title='bbox 1743 1758 1795 1814; x_wconf 80' lang='grc' dir='ltr'>ἐν</span> <span class='ocrx_word' id='word_1_195' title='bbox 1830 1757 2003 1833; x_wconf 77' lang='grc' dir='ltr'>Σεγοὺ</span> 
     </span>
    </p>
   </div>
   <div class='ocr_carea' id='block_1_27' title="bbox 2121 1754 3799 1836">
    <p class='ocr_par' dir='ltr' id='par_1_27' title="bbox 2151 1761 3799 1836">
     <span class='ocr_line' id='line_1_28' title="bbox 2151 1761 3799 1836; baseline 0.004 -22"><span class='ocrx_word' id='word_1_196' title='bbox 2151 1761 2415 1832; x_wconf 87' lang='lat' dir='ltr'>genitum</span> <span class='ocrx_word' id='word_1_197' title='bbox 2443 1762 2633 1818; x_wconf 85' lang='lat' dir='ltr'>filium</span> <span class='ocrx_word' id='word_1_198' title='bbox 2657 1780 2829 1819; x_wconf 92' lang='lat' dir='ltr'>suum</span> <span class='ocrx_word' id='word_1_199' title='bbox 2841 1765 3085 1820; x_wconf 88' lang='lat' dir='ltr'>Achiam</span> <span class='ocrx_word' id='word_1_200' title='bbox 3110 1764 3463 1836; x_wconf 77' lang='lat' dir='ltr'>perdidit,ac</span> <span class='ocrx_word' id='word_1_201' title='bbox 3485 1765 3799 1820; x_wconf 91' lang='lat' dir='ltr'>minimum</span> 
     </span>
    </p>
   </div>
   <div class='ocr_carea' id='block_1_28' title="bbox 323 1844 2004 1924">
    <p class='ocr_par' dir='ltr' id='par_1_28' title="bbox 323 1844 2004 1924">
     <span class='ocr_line' id='line_1_29' title="bbox 323 1844 2004 1924; baseline 0.001 -21"><span class='ocrx_word' id='word_1_202' title='bbox 323 1852 390 1920; x_wconf 80' lang='grc' dir='ltr'>τῷ</span> <span class='ocrx_word' id='word_1_203' title='bbox 435 1846 699 1924; x_wconf 64' lang='grc' dir='ltr'>νεωτέρῳ</span> <span class='ocrx_word' id='word_1_204' title='bbox 777 1844 1092 1919; x_wconf 69' lang='grc' dir='ltr'>ἒπέστησε</span> <span class='ocrx_word' id='word_1_205' title='bbox 1159 1849 1255 1914; x_wconf 72' lang='grc' dir='ltr'>κάς</span> <span class='ocrx_word' id='word_1_206' title='bbox 1315 1848 1479 1923; x_wconf 82' lang='grc' dir='ltr'>θύρας</span> <span class='ocrx_word' id='word_1_207' title='bbox 1534 1849 1724 1919; x_wconf 79' lang='grc' dir='ltr'>αὐτῆς,</span> <span class='ocrx_word' id='word_1_208' title='bbox 1788 1848 1925 1904; x_wconf 77' lang='grc' dir='ltr'>κατὰ</span> <span class='ocrx_word' id='word_1_209' title='bbox 1979 1870 2004 1905; x_wconf 84' lang='grc' dir='ltr'>τ</span> 
     </span>
    </p>
   </div>
   <div class='ocr_carea' id='block_1_29' title="bbox 2121 1844 3800 1924">
    <p class='ocr_par' dir='ltr' id='par_1_29' title="bbox 2151 1849 3800 1924">
     <span class='ocr_line' id='line_1_30' title="bbox 2151 1849 3800 1924; baseline 0.004 -22"><span class='ocrx_word' id='word_1_210' title='bbox 2151 1853 2295 1903; x_wconf 86' lang='lat' dir='ltr'>natu</span> <span class='ocrx_word' id='word_1_211' title='bbox 2319 1849 2640 1922; x_wconf 81' lang='lat' dir='ltr'>Segubum,</span> <span class='ocrx_word' id='word_1_212' title='bbox 2671 1867 2805 1906; x_wconf 91' lang='lat' dir='ltr'>cum</span> <span class='ocrx_word' id='word_1_213' title='bbox 2828 1857 3028 1923; x_wconf 89' lang='lat' dir='ltr'>portas</span> <span class='ocrx_word' id='word_1_214' title='bbox 3070 1857 3317 1924; x_wconf 87' lang='lat' dir='ltr'>aptaret.</span> <span class='ocrx_word' id='word_1_215' title='bbox 3352 1854 3435 1907; x_wconf 88' lang='lat' dir='ltr'>Ita</span> <span class='ocrx_word' id='word_1_216' title='bbox 3483 1853 3642 1909; x_wconf 90' lang='lat' dir='ltr'>enim</span> <span class='ocrx_word' id='word_1_217' title='bbox 3674 1853 3800 1909; x_wconf 87' lang='lat' dir='ltr'>fore</span> 
     </span>
    </p>
   </div>
   <div class='ocr_carea' id='block_1_30' title="bbox 317 1937 2004 2014">
    <p class='ocr_par' dir='ltr' id='par_1_30' title="bbox 317 1937 2004 2014">
     <span class='ocr_line' id='line_1_31' title="bbox 317 1937 2004 2014; baseline 0.001 -23"><span class='ocrx_word' id='word_1_218' title='bbox 317 1939 455 2013; x_wconf 75' lang='grc' dir='ltr'>ῥῆμα</span> <span class='ocrx_word' id='word_1_219' title='bbox 484 1937 746 2011; x_wconf 72' lang='grc' dir='ltr'>Κυρίου,</span> <span class='ocrx_word' id='word_1_220' title='bbox 788 1940 830 1994; x_wconf 87' lang='grc' dir='ltr'><strong>’ὀ</strong></span> <span class='ocrx_word' id='word_1_221' title='bbox 896 1937 1184 2010; x_wconf 73' lang='grc' dir='ltr'>ἐλάλησεν</span> <span class='ocrx_word' id='word_1_222' title='bbox 1218 1938 1268 1994; x_wconf 73' lang='grc' dir='ltr'>ἰν</span> <span class='ocrx_word' id='word_1_223' title='bbox 1329 1937 1476 2014; x_wconf 83' lang='grc' dir='ltr'>χειρῖ</span> <span class='ocrx_word' id='word_1_224' title='bbox 1538 1940 1718 2009; x_wconf 85' lang='grc' dir='ltr'>Ἰησοῦ</span> <span class='ocrx_word' id='word_1_225' title='bbox 1773 1942 1871 1993; x_wconf 77' lang='grc' dir='ltr'>τοῦ</span> <span class='ocrx_word' id='word_1_226' title='bbox 1923 1943 2004 1993; x_wconf 72' lang='grc' dir='ltr'>υὶο</span> 
     </span>
    </p>
   </div>
   <div class='ocr_carea' id='block_1_31' title="bbox 2121 1937 3797 2014">
    <p class='ocr_par' dir='ltr' id='par_1_31' title="bbox 2150 1937 3797 2013">
     <span class='ocr_line' id='line_1_32' title="bbox 2150 1937 3797 2013; baseline 0.003 -21"><span class='ocrx_word' id='word_1_227' title='bbox 2150 1937 2305 1992; x_wconf 87' lang='lat' dir='ltr'>Deus</span> <span class='ocrx_word' id='word_1_228' title='bbox 2317 1940 2671 2009; x_wconf 85' lang='lat' dir='ltr'>perJosuam</span> <span class='ocrx_word' id='word_1_229' title='bbox 2689 1941 2855 1995; x_wconf 77' lang='lat' dir='ltr'>Navae</span> <span class='ocrx_word' id='word_1_230' title='bbox 2869 1940 3056 1996; x_wconf 84' lang='lat' dir='ltr'>filium</span> <span class='ocrx_word' id='word_1_231' title='bbox 3069 1941 3605 2013; x_wconf 71' lang='lat' dir='ltr'>praedixerat.Tunc</span> <span class='ocrx_word' id='word_1_232' title='bbox 3619 1942 3797 1997; x_wconf 86' lang='lat' dir='ltr'>etiam</span> 
     </span>
    </p>
   </div>
   <div class='ocr_carea' id='block_1_32' title="bbox 304 2023 2004 2107">
    <p class='ocr_par' dir='ltr' id='par_1_32' title="bbox 304 2024 2004 2107">
     <span class='ocr_line' id='line_1_33' title="bbox 304 2024 2004 2107; baseline -0.001 -23"><span class='ocrx_word' id='word_1_233' title='bbox 304 2033 437 2097; x_wconf 78' lang='grc' dir='ltr'>Ναῆ.</span> <span class='ocrx_word' id='word_1_234' title='bbox 462 2029 611 2085; x_wconf 83' lang='grc' dir='ltr'>Τότε</span> <span class='ocrx_word' id='word_1_235' title='bbox 642 2029 757 2084; x_wconf 80' lang='grc' dir='ltr'>καὶ</span> <span class='ocrx_word' id='word_1_236' title='bbox 799 2029 838 2084; x_wconf 92' lang='lat'>6</span> <span class='ocrx_word' id='word_1_237' title='bbox 877 2030 1195 2107; x_wconf 76' lang='grc' dir='ltr'>προφήτης</span> <span class='ocrx_word' id='word_1_238' title='bbox 1231 2027 1420 2090; x_wconf 87' lang='grc' dir='ltr'>Ἥλίας</span> <span class='ocrx_word' id='word_1_239' title='bbox 1451 2029 1570 2084; x_wconf 80' lang='grc' dir='ltr'>εἶπε</span> <span class='ocrx_word' id='word_1_240' title='bbox 1615 2028 1752 2104; x_wconf 88' lang='grc' dir='ltr'>πρὸς</span> <span class='ocrx_word' id='word_1_241' title='bbox 1809 2024 2004 2104; x_wconf 77' lang='grc' dir='ltr'>Ἀχαάέ</span> 
     </span>
    </p>
   </div>
   <div class='ocr_carea' id='block_1_33' title="bbox 2121 2023 3799 2107">
    <p class='ocr_par' dir='ltr' id='par_1_33' title="bbox 2151 2025 3799 2087">
     <span class='ocr_line' id='line_1_34' title="bbox 2151 2025 3799 2087; baseline 0.004 -7"><span class='ocrx_word' id='word_1_242' title='bbox 2151 2025 2308 2082; x_wconf 88' lang='lat' dir='ltr'>Elias</span> <span class='ocrx_word' id='word_1_243' title='bbox 2357 2033 2516 2083; x_wconf 88' lang='lat' dir='ltr'>vates</span> <span class='ocrx_word' id='word_1_244' title='bbox 2567 2027 2804 2084; x_wconf 87' lang='lat' dir='ltr'>Achabo</span> <span class='ocrx_word' id='word_1_245' title='bbox 2847 2028 2995 2084; x_wconf 81' lang='lat' dir='ltr'>dixit</span> <span class='ocrx_word' id='word_1_246' title='bbox 3040 2028 3119 2084; x_wconf 75' lang='grc' dir='ltr'>⁸³ε</span> <span class='ocrx_word' id='word_1_247' title='bbox 3155 2050 3179 2073; x_wconf 78' lang='grc' dir='ltr'>«ι</span> <span class='ocrx_word' id='word_1_248' title='bbox 3209 2032 3295 2084; x_wconf 86' lang='lat' dir='ltr'>Ita</span> <span class='ocrx_word' id='word_1_249' title='bbox 3324 2030 3460 2084; x_wconf 82' lang='lat' dir='ltr'>vivit</span> <span class='ocrx_word' id='word_1_250' title='bbox 3496 2031 3650 2085; x_wconf 90' lang='lat' dir='ltr'>Deus</span> <span class='ocrx_word' id='word_1_251' title='bbox 3679 2047 3799 2087; x_wconf 79' lang='lat' dir='ltr'>cos-</span> 
     </span>
    </p>
   </div>
   <div class='ocr_carea' id='block_1_34' title="bbox 297 2114 2004 2192">
    <p class='ocr_par' dir='ltr' id='par_1_34' title="bbox 297 2116 2004 2192">
     <span class='ocr_line' id='line_1_35' title="bbox 297 2116 2004 2192; baseline -0.004 -17"><span class='ocrx_word' id='word_1_252' title='bbox 297 2120 369 2187; x_wconf 73' lang='grc' dir='ltr'><em>Ζῆ</em></span> <span class='ocrx_word' id='word_1_253' title='bbox 398 2119 609 2192; x_wconf 78' lang='grc' dir='ltr'>Κύριος</span> <span class='ocrx_word' id='word_1_254' title='bbox 658 2120 693 2174; x_wconf 97' lang='lat'>6</span> <span class='ocrx_word' id='word_1_255' title='bbox 765 2119 936 2181; x_wconf 82' lang='grc' dir='ltr'>Θεὸς</span> <span class='ocrx_word' id='word_1_256' title='bbox 994 2122 1107 2174; x_wconf 81' lang='grc' dir='ltr'>τῶν</span> <span class='ocrx_word' id='word_1_257' title='bbox 1172 2116 1469 2191; x_wconf 76' lang='grc' dir='ltr'>δυνάμεων,</span> <span class='ocrx_word' id='word_1_258' title='bbox 1529 2118 1576 2190; x_wconf 83' lang='grc' dir='ltr'>ᾧ</span> <span class='ocrx_word' id='word_1_259' title='bbox 1624 2118 1896 2192; x_wconf 70' lang='grc' dir='ltr'>παρέστην</span> <span class='ocrx_word' id='word_1_260' title='bbox 1956 2117 2004 2173; x_wconf 80' lang='grc' dir='ltr'>ὲν</span> 
     </span>
    </p>
   </div>
   <div class='ocr_carea' id='block_1_35' title="bbox 2121 2114 3793 2192">
    <p class='ocr_par' dir='ltr' id='par_1_35' title="bbox 2149 2114 3793 2190">
     <span class='ocr_line' id='line_1_36' title="bbox 2149 2114 3793 2190; baseline 0.003 -22"><span class='ocrx_word' id='word_1_261' title='bbox 2149 2114 2390 2170; x_wconf 91' lang='lat' dir='ltr'>lestium</span> <span class='ocrx_word' id='word_1_262' title='bbox 2437 2116 2805 2172; x_wconf 84' lang='lat' dir='ltr'>exercituum</span> <span class='ocrx_word' id='word_1_263' title='bbox 2844 2117 3187 2188; x_wconf 76' lang='lat' dir='ltr'>imperator,</span> <span class='ocrx_word' id='word_1_264' title='bbox 3219 2122 3356 2173; x_wconf 89' lang='lat' dir='ltr'>ante</span> <span class='ocrx_word' id='word_1_265' title='bbox 3405 2135 3581 2190; x_wconf 88' lang='lat' dir='ltr'>quem</span> <span class='ocrx_word' id='word_1_266' title='bbox 3613 2119 3793 2187; x_wconf 89' lang='lat' dir='ltr'>astiti,</span> 
     </span>
    </p>
   </div>
   <div class='ocr_carea' id='block_1_36' title="bbox 291 2202 2004 2281">
    <p class='ocr_par' dir='ltr' id='par_1_36' title="bbox 291 2202 2004 2281">
     <span class='ocr_line' id='line_1_37' title="bbox 291 2202 2004 2281; baseline -0.001 -18"><span class='ocrx_word' id='word_1_267' title='bbox 291 2210 463 2263; x_wconf 83' lang='grc' dir='ltr'>ώπιον</span> <span class='ocrx_word' id='word_1_268' title='bbox 500 2207 721 2280; x_wconf 71' lang='grc' dir='ltr'>αὐτοῦ,</span> <span class='ocrx_word' id='word_1_269' title='bbox 766 2207 828 2263; x_wconf 64' lang='grc' dir='ltr'>εἴ</span> <span class='ocrx_word' id='word_1_270' title='bbox 890 2202 1059 2264; x_wconf 82' lang='grc' dir='ltr'>ἔσται</span> <span class='ocrx_word' id='word_1_271' title='bbox 1092 2208 1160 2264; x_wconf 74' lang='grc' dir='ltr'>τὰ</span> <span class='ocrx_word' id='word_1_272' title='bbox 1215 2202 1306 2277; x_wconf 78' lang='grc' dir='ltr'>ἔτη</span> <span class='ocrx_word' id='word_1_273' title='bbox 1364 2210 1531 2263; x_wconf 80' lang='grc' dir='ltr'>ταῦτα</span> <span class='ocrx_word' id='word_1_274' title='bbox 1589 2204 1791 2281; x_wconf 86' lang='grc' dir='ltr'>δρόσπς</span> <span class='ocrx_word' id='word_1_275' title='bbox 1819 2207 1854 2276; x_wconf 73' lang='grc' dir='ltr'><strong>ἢ</strong></span> <span class='ocrx_word' id='word_1_276' title='bbox 1890 2208 2004 2262; x_wconf 79' lang='grc' dir='ltr'>ὑετό</span> 
     </span>
    </p>
   </div>
   <div class='ocr_carea' id='block_1_37' title="bbox 2121 2202 3791 2281">
    <p class='ocr_par' dir='ltr' id='par_1_37' title="bbox 2148 2204 3791 2280">
     <span class='ocr_line' id='line_1_38' title="bbox 2148 2204 3791 2280; baseline 0.003 -21"><span class='ocrx_word' id='word_1_277' title='bbox 2148 2207 2215 2259; x_wconf 88' lang='lat' dir='ltr'>ut</span> <span class='ocrx_word' id='word_1_278' title='bbox 2244 2221 2351 2275; x_wconf 88' lang='lat' dir='ltr'>per</span> <span class='ocrx_word' id='word_1_279' title='bbox 2369 2204 2478 2260; x_wconf 90' lang='lat' dir='ltr'>hos</span> <span class='ocrx_word' id='word_1_280' title='bbox 2495 2221 2684 2261; x_wconf 89' lang='lat' dir='ltr'>annos</span> <span class='ocrx_word' id='word_1_281' title='bbox 2711 2222 2904 2277; x_wconf 91' lang='lat' dir='ltr'>neque</span> <span class='ocrx_word' id='word_1_282' title='bbox 2928 2224 3025 2263; x_wconf 93' lang='lat' dir='ltr'>ros</span> <span class='ocrx_word' id='word_1_283' title='bbox 3042 2224 3234 2279; x_wconf 91' lang='lat' dir='ltr'>neque</span> <span class='ocrx_word' id='word_1_284' title='bbox 3255 2208 3451 2280; x_wconf 89' lang='lat' dir='ltr'>pluvia</span> <span class='ocrx_word' id='word_1_285' title='bbox 3480 2209 3541 2265; x_wconf 92' lang='lat' dir='ltr'>in</span> <span class='ocrx_word' id='word_1_286' title='bbox 3574 2215 3791 2265; x_wconf 87' lang='lat' dir='ltr'>terram</span> 
     </span>
    </p>
   </div>
   <div class='ocr_carea' id='block_1_38' title="bbox 286 2292 2004 2374">
    <p class='ocr_par' dir='ltr' id='par_1_38' title="bbox 286 2295 1997 2374">
     <span class='ocr_line' id='line_1_39' title="bbox 286 2295 1997 2374; baseline -0.001 -21"><span class='ocrx_word' id='word_1_287' title='bbox 286 2297 370 2354; x_wconf 69' lang='grc' dir='ltr'>ἐπὶ</span> <span class='ocrx_word' id='word_1_288' title='bbox 399 2306 509 2367; x_wconf 76' lang='grc' dir='ltr'>τῆς</span> <span class='ocrx_word' id='word_1_289' title='bbox 544 2304 691 2374; x_wconf 73' lang='grc' dir='ltr'>γῆς,</span> <span class='ocrx_word' id='word_1_290' title='bbox 730 2298 789 2352; x_wconf 72' lang='grc' dir='ltr'>εἰ</span> <span class='ocrx_word' id='word_1_291' title='bbox 833 2300 930 2369; x_wconf 71' lang='grc' dir='ltr'>μὴ</span> <span class='ocrx_word' id='word_1_292' title='bbox 964 2295 1062 2352; x_wconf 81' lang='grc' dir='ltr'>διὰ</span> <span class='ocrx_word' id='word_1_293' title='bbox 1107 2296 1377 2370; x_wconf 85' lang='grc' dir='ltr'>στόματός</span> <span class='ocrx_word' id='word_1_294' title='bbox 1436 2318 1562 2369; x_wconf 87' lang='grc' dir='ltr'>μου.</span> <span class='ocrx_word' id='word_1_295' title='bbox 1623 2296 1723 2353; x_wconf 81' lang='grc' dir='ltr'>Καὶ</span> <span class='ocrx_word' id='word_1_296' title='bbox 1770 2296 1997 2371; x_wconf 82' lang='grc' dir='ltr'>ἐπορεύθ</span> 
     </span>
    </p>
   </div>
   <div class='ocr_carea' id='block_1_39' title="bbox 2121 2292 3792 2374">
    <p class='ocr_par' dir='ltr' id='par_1_39' title="bbox 2146 2292 3792 2369">
     <span class='ocr_line' id='line_1_40' title="bbox 2146 2292 3792 2369; baseline 0.005 -21"><span class='ocrx_word' id='word_1_297' title='bbox 2146 2292 2458 2354; x_wconf 88' lang='lat' dir='ltr'>cadet.nisi</span> <span class='ocrx_word' id='word_1_298' title='bbox 2480 2312 2575 2351; x_wconf 90' lang='lat' dir='ltr'>me</span> <span class='ocrx_word' id='word_1_299' title='bbox 2589 2296 2917 2351; x_wconf 80' lang='lat' dir='ltr'>edicente.»</span> <span class='ocrx_word' id='word_1_300' title='bbox 2935 2297 3156 2369; x_wconf 87' lang='lat' dir='ltr'>Ivitque</span> <span class='ocrx_word' id='word_1_301' title='bbox 3189 2299 3345 2354; x_wconf 87' lang='lat' dir='ltr'>Elias</span> <span class='ocrx_word' id='word_1_302' title='bbox 3376 2316 3579 2355; x_wconf 86' lang='lat' dir='ltr'>versus</span> <span class='ocrx_word' id='word_1_303' title='bbox 3596 2306 3792 2356; x_wconf 89' lang='lat' dir='ltr'>ortum</span> 
     </span>
    </p>
   </div>
   <div class='ocr_carea' id='block_1_40' title="bbox 283 2380 2004 2461">
    <p class='ocr_par' dir='ltr' id='par_1_40' title="bbox 283 2380 2003 2461">
     <span class='ocr_line' id='line_1_41' title="bbox 283 2380 2003 2461; baseline -0.001 -17"><span class='ocrx_word' id='word_1_304' title='bbox 283 2388 423 2443; x_wconf 74' lang='grc' dir='ltr'>κατᾶ</span> <span class='ocrx_word' id='word_1_305' title='bbox 455 2390 566 2457; x_wconf 67' lang='grc' dir='ltr'>τήν</span> <span class='ocrx_word' id='word_1_306' title='bbox 603 2384 956 2455; x_wconf 76' lang='grc' dir='ltr'>ἆνπτολήν</span> <span class='ocrx_word' id='word_1_307' title='bbox 1011 2386 1065 2441; x_wconf 73' lang='grc' dir='ltr'>ἐν</span> <span class='ocrx_word' id='word_1_308' title='bbox 1098 2384 1253 2461; x_wconf 86' lang='grc' dir='ltr'>λόγῳ</span> <span class='ocrx_word' id='word_1_309' title='bbox 1311 2386 1538 2460; x_wconf 78' lang='grc' dir='ltr'>Κυρίου,</span> <span class='ocrx_word' id='word_1_310' title='bbox 1596 2386 1687 2440; x_wconf 80' lang='grc' dir='ltr'>καὶ</span> <span class='ocrx_word' id='word_1_311' title='bbox 1746 2380 2003 2459; x_wconf 77' lang='grc' dir='ltr'>ἐκρύϐηέ</span> 
     </span>
    </p>
   </div>
   <div class='ocr_carea' id='block_1_41' title="bbox 2121 2380 3791 2461">
    <p class='ocr_par' dir='ltr' id='par_1_41' title="bbox 2148 2383 3791 2459">
     <span class='ocr_line' id='line_1_42' title="bbox 2148 2383 3791 2459; baseline 0.004 -21"><span class='ocrx_word' id='word_1_312' title='bbox 2148 2383 2421 2452; x_wconf 88' lang='lat' dir='ltr'>solis,Dei</span> <span class='ocrx_word' id='word_1_313' title='bbox 2439 2385 2615 2440; x_wconf 86' lang='lat' dir='ltr'>verbo</span> <span class='ocrx_word' id='word_1_314' title='bbox 2640 2386 2964 2442; x_wconf 88' lang='lat' dir='ltr'>instructus</span> <span class='ocrx_word' id='word_1_315' title='bbox 2989 2387 3370 2459; x_wconf 86' lang='lat' dir='ltr'>;delituitque</span> <span class='ocrx_word' id='word_1_316' title='bbox 3384 2389 3457 2444; x_wconf 90' lang='lat' dir='ltr'>ad</span> <span class='ocrx_word' id='word_1_317' title='bbox 3473 2396 3791 2445; x_wconf 75' lang='lat' dir='ltr'>torrentem</span> 
     </span>
    </p>
   </div>
   <div class='ocr_carea' id='block_1_42' title="bbox 284 2472 2004 2554">
    <p class='ocr_par' dir='ltr' id='par_1_42' title="bbox 284 2472 2004 2554">
     <span class='ocr_line' id='line_1_43' title="bbox 284 2472 2004 2554; baseline -0.002 -22"><span class='ocrx_word' id='word_1_318' title='bbox 284 2482 361 2550; x_wconf 72' lang='grc' dir='ltr'>τῷ</span> <span class='ocrx_word' id='word_1_319' title='bbox 403 2477 744 2554; x_wconf 73' lang='grc' dir='ltr'>χειμάῤῥῳ</span> <span class='ocrx_word' id='word_1_320' title='bbox 780 2477 1014 2551; x_wconf 74' lang='grc' dir='ltr'>Χορᾶθ</span> <span class='ocrx_word' id='word_1_321' title='bbox 1036 2480 1116 2547; x_wconf 80' lang='grc' dir='ltr'>τῷ</span> <span class='ocrx_word' id='word_1_322' title='bbox 1146 2473 1231 2531; x_wconf 75' lang='grc' dir='ltr'>ἐπὶ</span> <span class='ocrx_word' id='word_1_323' title='bbox 1264 2475 1556 2546; x_wconf 76' lang='grc' dir='ltr'>πρόσωπον</span> <span class='ocrx_word' id='word_1_324' title='bbox 1606 2478 1707 2531; x_wconf 78' lang='grc' dir='ltr'>τοῦ</span> <span class='ocrx_word' id='word_1_325' title='bbox 1737 2472 2004 2548; x_wconf 77' lang='grc' dir='ltr'>Ἰορδάνου</span> 
     </span>
    </p>
   </div>
   <div class='ocr_carea' id='block_1_43' title="bbox 2121 2472 3789 2554">
    <p class='ocr_par' dir='ltr' id='par_1_43' title="bbox 2145 2472 3789 2551">
     <span class='ocr_line' id='line_1_44' title="bbox 2145 2472 3789 2551; baseline 0.005 -25"><span class='ocrx_word' id='word_1_326' title='bbox 2145 2472 2634 2546; x_wconf 89' lang='lat' dir='ltr'>Chorathum,qui</span> <span class='ocrx_word' id='word_1_327' title='bbox 2659 2481 2794 2531; x_wconf 89' lang='lat' dir='ltr'>este</span> <span class='ocrx_word' id='word_1_328' title='bbox 2810 2476 3085 2549; x_wconf 86' lang='lat' dir='ltr'>regioneJ</span> <span class='ocrx_word' id='word_1_329' title='bbox 3094 2478 3421 2545; x_wconf 87' lang='lat' dir='ltr'>ordanis,et</span> <span class='ocrx_word' id='word_1_330' title='bbox 3435 2479 3485 2551; x_wconf 89' lang='lat' dir='ltr'>ej</span> <span class='ocrx_word' id='word_1_331' title='bbox 3497 2496 3564 2534; x_wconf 90' lang='lat' dir='ltr'>us</span> <span class='ocrx_word' id='word_1_332' title='bbox 3575 2496 3789 2551; x_wconf 88' lang='lat' dir='ltr'>aquam</span> 
     </span>
    </p>
   </div>
   <div class='ocr_carea' id='block_1_44' title="bbox 287 2559 2004 2642">
    <p class='ocr_par' dir='ltr' id='par_1_44' title="bbox 287 2559 2004 2642">
     <span class='ocr_line' id='line_1_45' title="bbox 287 2559 2004 2642; baseline -0.003 -19"><span class='ocrx_word' id='word_1_333' title='bbox 287 2566 375 2623; x_wconf 81' lang='grc' dir='ltr'>καὶ</span> <span class='ocrx_word' id='word_1_334' title='bbox 402 2561 564 2622; x_wconf 76' lang='grc' dir='ltr'>ἔπιεν</span> <span class='ocrx_word' id='word_1_335' title='bbox 602 2564 783 2641; x_wconf 71' lang='grc' dir='ltr'>ὕδωρ</span> <span class='ocrx_word' id='word_1_336' title='bbox 823 2565 1073 2621; x_wconf 75' lang='grc' dir='ltr'>ἐκεῖθεν⁹</span> <span class='ocrx_word' id='word_1_337' title='bbox 1105 2563 1195 2619; x_wconf 80' lang='grc' dir='ltr'>καὶ</span> <span class='ocrx_word' id='word_1_338' title='bbox 1251 2566 1302 2618; x_wconf 77' lang='grc' dir='ltr'>οἱ</span> <span class='ocrx_word' id='word_1_339' title='bbox 1359 2560 1584 2638; x_wconf 82' lang='grc' dir='ltr'>κόρακες</span> <span class='ocrx_word' id='word_1_340' title='bbox 1638 2559 1829 2642; x_wconf 66' lang='grc' dir='ltr'>ἔφερον</span> <span class='ocrx_word' id='word_1_341' title='bbox 1886 2562 2004 2618; x_wconf 80' lang='grc' dir='ltr'>αύτε</span> 
     </span>
    </p>
   </div>
   <div class='ocr_carea' id='block_1_45' title="bbox 2121 2559 3789 2642">
    <p class='ocr_par' dir='ltr' id='par_1_45' title="bbox 2140 2560 3789 2640">
     <span class='ocr_line' id='line_1_46' title="bbox 2140 2560 3789 2640; baseline 0.005 -25"><span class='ocrx_word' id='word_1_342' title='bbox 2140 2560 2327 2618; x_wconf 86' lang='lat' dir='ltr'>bibit:</span> <span class='ocrx_word' id='word_1_343' title='bbox 2368 2565 2643 2636; x_wconf 90' lang='lat' dir='ltr'>corvique</span> <span class='ocrx_word' id='word_1_344' title='bbox 2702 2582 2874 2621; x_wconf 89' lang='lat' dir='ltr'>mane</span> <span class='ocrx_word' id='word_1_345' title='bbox 2928 2583 3153 2631; x_wconf 74' lang='lat' dir='ltr'>carnes,</span> <span class='ocrx_word' id='word_1_346' title='bbox 3201 2569 3428 2639; x_wconf 88' lang='lat' dir='ltr'>vesperi</span> <span class='ocrx_word' id='word_1_347' title='bbox 3474 2585 3689 2640; x_wconf 87' lang='lat' dir='ltr'>panem</span> <span class='ocrx_word' id='word_1_348' title='bbox 3734 2569 3789 2624; x_wconf 92' lang='lat' dir='ltr'>ei</span> 
     </span>
    </p>
   </div>
   <div class='ocr_carea' id='block_1_46' title="bbox 283 2651 2004 2733">
    <p class='ocr_par' dir='ltr' id='par_1_46' title="bbox 283 2651 2001 2733">
     <span class='ocr_line' id='line_1_47' title="bbox 283 2651 2001 2733; baseline -0.002 -21"><span class='ocrx_word' id='word_1_349' title='bbox 283 2659 452 2729; x_wconf 69' lang='grc' dir='ltr'>κρέας</span> <span class='ocrx_word' id='word_1_350' title='bbox 476 2656 656 2732; x_wconf 74' lang='grc' dir='ltr'>πρρΐ,</span> <span class='ocrx_word' id='word_1_351' title='bbox 695 2656 812 2713; x_wconf 79' lang='grc' dir='ltr'>καὶ</span> <span class='ocrx_word' id='word_1_352' title='bbox 850 2655 930 2711; x_wconf 82' lang='grc' dir='ltr'>τὸ</span> <span class='ocrx_word' id='word_1_353' title='bbox 965 2653 1163 2724; x_wconf 80' lang='grc' dir='ltr'>δείλης</span> <span class='ocrx_word' id='word_1_354' title='bbox 1194 2651 1374 2728; x_wconf 77' lang='grc' dir='ltr'>ἄρτον.</span> <span class='ocrx_word' id='word_1_355' title='bbox 1432 2658 1539 2708; x_wconf 73' lang='grc' dir='ltr'>Τοῖ’)</span> <span class='ocrx_word' id='word_1_356' title='bbox 1606 2654 1913 2733; x_wconf 74' lang='grc' dir='ltr'>χειμάρρου</span> <span class='ocrx_word' id='word_1_357' title='bbox 1974 2651 2001 2709; x_wconf 87' lang='grc' dir='ltr'>δ</span> 
     </span>
    </p>
   </div>
   <div class='ocr_carea' id='block_1_47' title="bbox 2121 2651 3787 2733">
    <p class='ocr_par' dir='ltr' id='par_1_47' title="bbox 2143 2651 3787 2727">
     <span class='ocr_line' id='line_1_48' title="bbox 2143 2651 3787 2727; baseline 0.005 -22"><span class='ocrx_word' id='word_1_358' title='bbox 2143 2651 2493 2708; x_wconf 88' lang='lat' dir='ltr'>attulerunt.</span> <span class='ocrx_word' id='word_1_359' title='bbox 2536 2659 2681 2709; x_wconf 75' lang='lat' dir='ltr'>Cum</span> <span class='ocrx_word' id='word_1_360' title='bbox 2727 2670 2863 2709; x_wconf 89' lang='lat' dir='ltr'>vero</span> <span class='ocrx_word' id='word_1_361' title='bbox 2912 2660 3143 2711; x_wconf 83' lang='lat' dir='ltr'>torrens</span> <span class='ocrx_word' id='word_1_362' title='bbox 3184 2656 3513 2727; x_wconf 85' lang='lat' dir='ltr'>pluviarum</span> <span class='ocrx_word' id='word_1_363' title='bbox 3553 2657 3787 2714; x_wconf 87' lang='lat' dir='ltr'>defectu</span> 
     </span>
    </p>
   </div>
   <div class='ocr_carea' id='block_1_48' title="bbox 281 2741 2004 2821">
    <p class='ocr_par' dir='ltr' id='par_1_48' title="bbox 281 2741 2004 2821">
     <span class='ocr_line' id='line_1_49' title="bbox 281 2741 2004 2821; baseline -0.002 -19"><span class='ocrx_word' id='word_1_364' title='bbox 281 2751 355 2821; x_wconf 74' lang='grc' dir='ltr'>τῇ</span> <span class='ocrx_word' id='word_1_365' title='bbox 387 2742 709 2820; x_wconf 69' lang='grc' dir='ltr'>ἀνομϐρίᾳ</span> <span class='ocrx_word' id='word_1_366' title='bbox 744 2745 1141 2821; x_wconf 68' lang='grc' dir='ltr'>ξηρανθέντος</span> <span class='ocrx_word' id='word_1_367' title='bbox 1171 2741 1257 2799; x_wconf 70' lang='grc' dir='ltr'>διὰ</span> <span class='ocrx_word' id='word_1_368' title='bbox 1319 2742 1492 2820; x_wconf 86' lang='grc' dir='ltr'>λόγου</span> <span class='ocrx_word' id='word_1_369' title='bbox 1552 2743 1752 2818; x_wconf 79' lang='grc' dir='ltr'>Κυρίου</span> <span class='ocrx_word' id='word_1_370' title='bbox 1809 2741 2004 2817; x_wconf 78' lang='grc' dir='ltr'>ἔργετα</span> 
     </span>
    </p>
   </div>
   <div class='ocr_carea' id='block_1_49' title="bbox 2121 2741 3784 2821">
    <p class='ocr_par' dir='ltr' id='par_1_49' title="bbox 2140 2741 3784 2818">
     <span class='ocr_line' id='line_1_50' title="bbox 2140 2741 3784 2818; baseline 0.005 -24"><span class='ocrx_word' id='word_1_371' title='bbox 2140 2741 2488 2809; x_wconf 84' lang='lat' dir='ltr'>exaruisset,</span> <span class='ocrx_word' id='word_1_372' title='bbox 2514 2742 2687 2814; x_wconf 88' lang='lat' dir='ltr'>jussu</span> <span class='ocrx_word' id='word_1_373' title='bbox 2720 2743 2820 2797; x_wconf 91' lang='lat' dir='ltr'>Dei</span> <span class='ocrx_word' id='word_1_374' title='bbox 2853 2744 3244 2815; x_wconf 85' lang='lat' dir='ltr'>Sarephtham</span> <span class='ocrx_word' id='word_1_375' title='bbox 3272 2745 3391 2798; x_wconf 87' lang='lat' dir='ltr'>ivit.</span> <span class='ocrx_word' id='word_1_376' title='bbox 3420 2746 3503 2800; x_wconf 83' lang='lat' dir='ltr'>lbi</span> <span class='ocrx_word' id='word_1_377' title='bbox 3529 2745 3784 2818; x_wconf 87' lang='lat' dir='ltr'>hospitio</span> 
     </span>
    </p>
   </div>
   <div class='ocr_carea' id='block_1_50' title="bbox 274 2829 2004 2914">
    <p class='ocr_par' dir='ltr' id='par_1_50' title="bbox 274 2831 2004 2914">
     <span class='ocr_line' id='line_1_51' title="bbox 274 2831 2004 2914; baseline -0.003 -22"><span class='ocrx_word' id='word_1_378' title='bbox 274 2836 361 2898; x_wconf 71' lang='grc' dir='ltr'>εἷς</span> <span class='ocrx_word' id='word_1_379' title='bbox 396 2838 710 2914; x_wconf 64' lang='grc' dir='ltr'>Σαρεφθᾶ.</span> <span class='ocrx_word' id='word_1_380' title='bbox 772 2835 893 2890; x_wconf 79' lang='grc' dir='ltr'>Καὶ</span> <span class='ocrx_word' id='word_1_381' title='bbox 963 2835 1120 2914; x_wconf 78' lang='grc' dir='ltr'>χήρᾳ</span> <span class='ocrx_word' id='word_1_382' title='bbox 1173 2833 1387 2907; x_wconf 79' lang='grc' dir='ltr'>γυναικὶ</span> <span class='ocrx_word' id='word_1_383' title='bbox 1444 2831 1781 2903; x_wconf 77' lang='grc' dir='ltr'>ἐπιξενωθεὶς</span> <span class='ocrx_word' id='word_1_384' title='bbox 1840 2833 2004 2901; x_wconf 82' lang='grc' dir='ltr'>ἤσθιε·</span> 
     </span>
    </p>
   </div>
   <div class='ocr_carea' id='block_1_51' title="bbox 2121 2829 3783 2914">
    <p class='ocr_par' dir='ltr' id='par_1_51' title="bbox 2137 2829 3783 2903">
     <span class='ocr_line' id='line_1_52' title="bbox 2137 2829 3783 2903; baseline 0.004 -20"><span class='ocrx_word' id='word_1_385' title='bbox 2137 2845 2279 2884; x_wconf 90' lang='lat' dir='ltr'>usus</span> <span class='ocrx_word' id='word_1_386' title='bbox 2302 2829 2491 2884; x_wconf 70' lang='lat' dir='ltr'>vidum</span> <span class='ocrx_word' id='word_1_387' title='bbox 2506 2830 2796 2896; x_wconf 87' lang='lat' dir='ltr'>mulieris,</span> <span class='ocrx_word' id='word_1_388' title='bbox 2827 2831 2952 2903; x_wconf 90' lang='lat' dir='ltr'>ipse</span> <span class='ocrx_word' id='word_1_389' title='bbox 2976 2849 3109 2887; x_wconf 90' lang='lat' dir='ltr'>cum</span> <span class='ocrx_word' id='word_1_390' title='bbox 3125 2850 3193 2888; x_wconf 85' lang='lat' dir='ltr'>ea</span> <span class='ocrx_word' id='word_1_391' title='bbox 3210 2838 3269 2887; x_wconf 93' lang='lat' dir='ltr'>et</span> <span class='ocrx_word' id='word_1_392' title='bbox 3286 2834 3413 2903; x_wconf 82' lang='lat' dir='ltr'>ejus</span> <span class='ocrx_word' id='word_1_393' title='bbox 3438 2833 3641 2890; x_wconf 88' lang='lat' dir='ltr'>liberis</span> <span class='ocrx_word' id='word_1_394' title='bbox 3662 2841 3783 2889; x_wconf 89' lang='lat' dir='ltr'>toto</span> 
     </span>
    </p>
   </div>
   <div class='ocr_carea' id='block_1_52' title="bbox 270 2916 2004 2997">
    <p class='ocr_par' dir='ltr' id='par_1_52' title="bbox 270 2919 2004 2997">
     <span class='ocr_line' id='line_1_53' title="bbox 270 2919 2004 2997; baseline -0.001 -17"><span class='ocrx_word' id='word_1_395' title='bbox 270 2926 458 2988; x_wconf 72' lang='grc' dir='ltr'>αὐτός</span> <span class='ocrx_word' id='word_1_396' title='bbox 494 2947 557 2981; x_wconf 85' lang='grc' dir='ltr'>τε</span> <span class='ocrx_word' id='word_1_397' title='bbox 589 2925 697 2980; x_wconf 78' lang='grc' dir='ltr'>καὶ</span> <span class='ocrx_word' id='word_1_398' title='bbox 738 2928 783 2994; x_wconf 76' lang='grc' dir='ltr'><strong>ἡ</strong></span> <span class='ocrx_word' id='word_1_399' title='bbox 820 2925 981 2997; x_wconf 86' lang='grc' dir='ltr'>γυνὴ</span> <span class='ocrx_word' id='word_1_400' title='bbox 1014 2923 1104 2978; x_wconf 84' lang='grc' dir='ltr'>καὶ</span> <span class='ocrx_word' id='word_1_401' title='bbox 1151 2924 1218 2977; x_wconf 77' lang='grc' dir='ltr'>τα</span> <span class='ocrx_word' id='word_1_402' title='bbox 1245 2923 1403 2979; x_wconf 80' lang='grc' dir='ltr'>τὲκνα</span> <span class='ocrx_word' id='word_1_403' title='bbox 1459 2923 1651 2990; x_wconf 76' lang='grc' dir='ltr'>αὐτῆς·</span> <span class='ocrx_word' id='word_1_404' title='bbox 1711 2920 1803 2976; x_wconf 86' lang='grc' dir='ltr'>καὶ</span> <span class='ocrx_word' id='word_1_405' title='bbox 1833 2924 1868 2991; x_wconf 77' lang='grc' dir='ltr'><strong>ἡ</strong></span> <span class='ocrx_word' id='word_1_406' title='bbox 1896 2919 2004 2997; x_wconf 66' lang='lat' dir='ltr'>Spei:</span> 
     </span>
    </p>
   </div>
   <div class='ocr_carea' id='block_1_53' title="bbox 2121 2916 3783 2997">
    <p class='ocr_par' dir='ltr' id='par_1_53' title="bbox 2134 2916 3783 2995">
     <span class='ocr_line' id='line_1_54' title="bbox 2134 2916 3783 2995; baseline 0.006 -25"><span class='ocrx_word' id='word_1_407' title='bbox 2134 2916 2238 2972; x_wconf 90' lang='lat' dir='ltr'>illo</span> <span class='ocrx_word' id='word_1_408' title='bbox 2260 2921 2524 2990; x_wconf 89' lang='lat' dir='ltr'>tempore</span> <span class='ocrx_word' id='word_1_409' title='bbox 2539 2919 2736 2974; x_wconf 89' lang='lat' dir='ltr'>cibum</span> <span class='ocrx_word' id='word_1_410' title='bbox 2755 2922 3027 2992; x_wconf 88' lang='lat' dir='ltr'>sumpsit,</span> <span class='ocrx_word' id='word_1_411' title='bbox 3053 2921 3192 2976; x_wconf 89' lang='lat' dir='ltr'>dum</span> <span class='ocrx_word' id='word_1_412' title='bbox 3210 2923 3491 2987; x_wconf 79' lang='lat' dir='ltr'>sterilitas</span> <span class='ocrx_word' id='word_1_413' title='bbox 3505 2938 3572 2977; x_wconf 89' lang='lat' dir='ltr'>ac</span> <span class='ocrx_word' id='word_1_414' title='bbox 3593 2940 3783 2995; x_wconf 89' lang='lat' dir='ltr'>penu-</span> 
     </span>
    </p>
   </div>
   <div class='ocr_carea' id='block_1_54' title="bbox 267 3006 2004 3089">
    <p class='ocr_par' dir='ltr' id='par_1_54' title="bbox 267 3009 2004 3089">
     <span class='ocr_line' id='line_1_55' title="bbox 267 3009 2004 3089; baseline -0.003 -19"><span class='ocrx_word' id='word_1_415' title='bbox 267 3019 389 3070; x_wconf 71' lang='grc' dir='ltr'>τοῦ</span> <span class='ocrx_word' id='word_1_416' title='bbox 453 3014 721 3089; x_wconf 75' lang='grc' dir='ltr'>ἀλεύρου</span> <span class='ocrx_word' id='word_1_417' title='bbox 794 3012 914 3069; x_wconf 76' lang='grc' dir='ltr'>οὐκ</span> <span class='ocrx_word' id='word_1_418' title='bbox 990 3011 1251 3083; x_wconf 78' lang='grc' dir='ltr'>ἐξέλιπεν,</span> <span class='ocrx_word' id='word_1_419' title='bbox 1309 3009 1439 3067; x_wconf 73' lang='grc' dir='ltr'>οὐδὲ</span> <span class='ocrx_word' id='word_1_420' title='bbox 1493 3012 1521 3066; x_wconf 91' lang='lat'>6</span> <span class='ocrx_word' id='word_1_421' title='bbox 1573 3010 1865 3085; x_wconf 78' lang='grc' dir='ltr'>καμψάκης</span> <span class='ocrx_word' id='word_1_422' title='bbox 1924 3015 2004 3066; x_wconf 72' lang='lat' dir='ltr'>toi</span> 
     </span>
    </p>
   </div>
   <div class='ocr_carea' id='block_1_55' title="bbox 2121 3006 3781 3089">
    <p class='ocr_par' dir='ltr' id='par_1_55' title="bbox 2132 3006 3781 3083">
     <span class='ocr_line' id='line_1_56' title="bbox 2132 3006 3781 3083; baseline 0.005 -23"><span class='ocrx_word' id='word_1_423' title='bbox 2132 3006 2220 3061; x_wconf 89' lang='lat' dir='ltr'>ria</span> <span class='ocrx_word' id='word_1_424' title='bbox 2243 3006 2717 3075; x_wconf 82' lang='lat' dir='ltr'>ﬁnirentur,cum</span> <span class='ocrx_word' id='word_1_425' title='bbox 2736 3008 2976 3064; x_wconf 85' lang='lat' dir='ltr'>interim</span> <span class='ocrx_word' id='word_1_426' title='bbox 2998 3026 3191 3080; x_wconf 88' lang='lat' dir='ltr'>neque</span> <span class='ocrx_word' id='word_1_427' title='bbox 3215 3009 3406 3066; x_wconf 83' lang='lat' dir='ltr'>farina</span> <span class='ocrx_word' id='word_1_428' title='bbox 3453 3011 3781 3083; x_wconf 88' lang='lat' dir='ltr'>cadineque</span> 
     </span>
    </p>
   </div>
   <div class='ocr_carea' id='block_1_56' title="bbox 276 3094 2004 3190">
    <p class='ocr_par' dir='ltr' id='par_1_56' title="bbox 276 3097 2004 3190">
     <span class='ocr_line' id='line_1_57' title="bbox 276 3097 2004 3190; baseline -0.002 -32"><span class='ocrx_word' id='word_1_429' title='bbox 276 3102 499 3159; x_wconf 73' lang='grc' dir='ltr'>ἱλαίου</span> <span class='ocrx_word' id='word_1_430' title='bbox 527 3102 963 3174; x_wconf 77' lang='grc' dir='ltr'>ἠλαττονήθη,</span> <span class='ocrx_word' id='word_1_431' title='bbox 1018 3097 1125 3165; x_wconf 66' lang='grc' dir='ltr'>ἕως</span> <span class='ocrx_word' id='word_1_432' title='bbox 1163 3101 1225 3154; x_wconf 79' lang='grc' dir='ltr'>οὗ</span> <span class='ocrx_word' id='word_1_433' title='bbox 1258 3097 1480 3169; x_wconf 85' lang='grc' dir='ltr'>διελύθη</span> <span class='ocrx_word' id='word_1_434' title='bbox 1519 3098 1547 3153; x_wconf 82' lang='lat'>6</span> <span class='ocrx_word' id='word_1_435' title='bbox 1576 3099 1763 3190; x_wconf 78' lang='grc' dir='ltr'>λιμός.</span> <span class='ocrx_word' id='word_1_436' title='bbox 1797 3100 2004 3171; x_wconf 72' lang='grc' dir='ltr'>Ταύτης</span> 
     </span>
    </p>
   </div>
   <div class='ocr_carea' id='block_1_57' title="bbox 2121 3094 3780 3190">
    <p class='ocr_par' dir='ltr' id='par_1_57' title="bbox 2131 3094 3780 3170">
     <span class='ocr_line' id='line_1_58' title="bbox 2131 3094 3780 3170; baseline 0.004 -21"><span class='ocrx_word' id='word_1_437' title='bbox 2131 3094 2329 3150; x_wconf 91' lang='lat' dir='ltr'>oleum</span> <span class='ocrx_word' id='word_1_438' title='bbox 2351 3096 2545 3151; x_wconf 73' lang='lat' dir='ltr'>trulla-3</span> <span class='ocrx_word' id='word_1_439' title='bbox 2569 3096 2912 3153; x_wconf 82' lang='lat' dir='ltr'>deficerent.</span> <span class='ocrx_word' id='word_1_440' title='bbox 2946 3099 3132 3170; x_wconf 88' lang='lat' dir='ltr'>Hujus</span> <span class='ocrx_word' id='word_1_441' title='bbox 3162 3099 3342 3154; x_wconf 88' lang='lat' dir='ltr'>etiam</span> <span class='ocrx_word' id='word_1_442' title='bbox 3373 3098 3561 3155; x_wconf 74' lang='lat' dir='ltr'>viduas</span> <span class='ocrx_word' id='word_1_443' title='bbox 3590 3101 3780 3157; x_wconf 81' lang='lat' dir='ltr'>illium</span> 
     </span>
    </p>
   </div>
   <div class='ocr_carea' id='block_1_58' title="bbox 288 3187 2004 3269">
    <p class='ocr_par' dir='ltr' id='par_1_58' title="bbox 288 3189 2004 3269">
     <span class='ocr_line' id='line_1_59' title="bbox 288 3189 2004 3269; baseline -0.001 -22"><span class='ocrx_word' id='word_1_444' title='bbox 288 3193 407 3247; x_wconf 62' lang='grc' dir='ltr'>καὶ</span> <span class='ocrx_word' id='word_1_445' title='bbox 442 3194 536 3248; x_wconf 58' lang='grc' dir='ltr'>τὸν</span> <span class='ocrx_word' id='word_1_446' title='bbox 583 3193 713 3247; x_wconf 75' lang='grc' dir='ltr'>υἱὸν</span> <span class='ocrx_word' id='word_1_447' title='bbox 746 3189 992 3267; x_wconf 75' lang='grc' dir='ltr'>ἤγειρεν</span> <span class='ocrx_word' id='word_1_448' title='bbox 1053 3189 1114 3246; x_wconf 76' lang='grc' dir='ltr'>ἐκ</span> <span class='ocrx_word' id='word_1_449' title='bbox 1168 3194 1392 3263; x_wconf 80' lang='grc' dir='ltr'>νεκρῶν,</span> <span class='ocrx_word' id='word_1_450' title='bbox 1421 3190 1478 3244; x_wconf 82' lang='grc' dir='ltr'>ὅν</span> <span class='ocrx_word' id='word_1_451' title='bbox 1509 3189 1634 3269; x_wconf 77' lang='grc' dir='ltr'>φασί</span> <span class='ocrx_word' id='word_1_452' title='bbox 1690 3210 1830 3253; x_wconf 88' lang='grc' dir='ltr'>τινες</span> <span class='ocrx_word' id='word_1_453' title='bbox 1883 3190 2004 3247; x_wconf 63' lang='grc' dir='ltr'>εἶναι</span> 
     </span>
    </p>
   </div>
   <div class='ocr_carea' id='block_1_59' title="bbox 2121 3187 3777 3269">
    <p class='ocr_par' dir='ltr' id='par_1_59' title="bbox 2130 3187 3777 3260">
     <span class='ocr_line' id='line_1_60' title="bbox 2130 3187 3777 3260; baseline 0.004 -20"><span class='ocrx_word' id='word_1_454' title='bbox 2130 3190 2429 3241; x_wconf 87' lang='lat' dir='ltr'>mertuum</span> <span class='ocrx_word' id='word_1_455' title='bbox 2462 3187 2524 3241; x_wconf 92' lang='lat' dir='ltr'>in</span> <span class='ocrx_word' id='word_1_456' title='bbox 2554 3187 2732 3242; x_wconf 88' lang='lat' dir='ltr'>vitam</span> <span class='ocrx_word' id='word_1_457' title='bbox 2764 3189 3091 3255; x_wconf 83' lang='lat' dir='ltr'>revocavit;</span> <span class='ocrx_word' id='word_1_458' title='bbox 3146 3205 3324 3260; x_wconf 88' lang='lat' dir='ltr'>quem</span> <span class='ocrx_word' id='word_1_459' title='bbox 3368 3190 3579 3244; x_wconf 76' lang='lat' dir='ltr'>Ionam</span> <span class='ocrx_word' id='word_1_460' title='bbox 3624 3191 3777 3246; x_wconf 69' lang='lat' dir='ltr'>I77</span> 
     </span>
    </p>
   </div>
   <div class='ocr_carea' id='block_1_60' title="bbox 309 3274 2004 3360">
    <p class='ocr_par' dir='ltr' id='par_1_60' title="bbox 309 3279 2004 3360">
     <span class='ocr_line' id='line_1_61' title="bbox 309 3279 2004 3360; baseline 0.002 -29"><span class='ocrx_word' id='word_1_461' title='bbox 309 3281 529 3338; x_wconf 75' lang='grc' dir='ltr'>Ἰωνῖιν</span> <span class='ocrx_word' id='word_1_462' title='bbox 556 3283 641 3336; x_wconf 66' lang='grc' dir='ltr'>’ὠν</span> <span class='ocrx_word' id='word_1_463' title='bbox 675 3282 1023 3360; x_wconf 73' lang='grc' dir='ltr'>προφήτην.</span> <span class='ocrx_word' id='word_1_464' title='bbox 1056 3279 1191 3336; x_wconf 85' lang='grc' dir='ltr'>Τότε</span> <span class='ocrx_word' id='word_1_465' title='bbox 1218 3281 1304 3334; x_wconf 80' lang='grc' dir='ltr'>καὶ</span> <span class='ocrx_word' id='word_1_466' title='bbox 1337 3280 1439 3347; x_wconf 75' lang='grc' dir='ltr'>τήν</span> <span class='ocrx_word' id='word_1_467' title='bbox 1492 3281 1677 3334; x_wconf 89' lang='grc' dir='ltr'>θυσίαν</span> <span class='ocrx_word' id='word_1_468' title='bbox 1736 3279 2004 3350; x_wconf 74' lang='grc' dir='ltr'>ἐποίησεν,</span> 
     </span>
    </p>
   </div>
   <div class='ocr_carea' id='block_1_61' title="bbox 2121 3274 3809 3360">
    <p class='ocr_par' dir='ltr' id='par_1_61' title="bbox 2125 3274 3809 3339">
     <span class='ocr_line' id='line_1_62' title="bbox 2125 3274 3809 3339; baseline 0.005 -10"><span class='ocrx_word' id='word_1_469' title='bbox 2125 3280 2317 3329; x_wconf 89' lang='lat' dir='ltr'>vatem</span> <span class='ocrx_word' id='word_1_470' title='bbox 2350 3275 2521 3331; x_wconf 85' lang='lat' dir='ltr'>illum</span> <span class='ocrx_word' id='word_1_471' title='bbox 2552 3274 2735 3331; x_wconf 86' lang='lat' dir='ltr'>fuisse</span> <span class='ocrx_word' id='word_1_472' title='bbox 2767 3282 3117 3334; x_wconf 89' lang='lat' dir='ltr'>autumamt.</span> <span class='ocrx_word' id='word_1_473' title='bbox 3140 3280 3300 3334; x_wconf 85' lang='lat' dir='ltr'>Tunc</span> <span class='ocrx_word' id='word_1_474' title='bbox 3332 3284 3390 3334; x_wconf 90' lang='lat' dir='ltr'>et</span> <span class='ocrx_word' id='word_1_475' title='bbox 3419 3279 3809 3339; x_wconf 79' lang='lat' dir='ltr'>sacrificium‘</span> 
     </span>
    </p>
   </div>
   <div class='ocr_carea' id='block_1_62' title="bbox 328 3362 2004 3444">
    <p class='ocr_par' dir='ltr' id='par_1_62' title="bbox 328 3364 2004 3444">
     <span class='ocr_line' id='line_1_63' title="bbox 328 3364 2004 3444; baseline 0.001 -22"><span class='ocrx_word' id='word_1_476' title='bbox 328 3366 397 3422; x_wconf 76' lang='grc' dir='ltr'>ὶν</span> <span class='ocrx_word' id='word_1_477' title='bbox 536 3373 631 3444; x_wconf 72' lang='grc' dir='ltr'>πῦρ</span> <span class='ocrx_word' id='word_1_478' title='bbox 683 3369 743 3440; x_wconf 79' lang='grc' dir='ltr'>ἒξ</span> <span class='ocrx_word' id='word_1_479' title='bbox 808 3367 1055 3442; x_wconf 72' lang='grc' dir='ltr'>ούρανοῦ</span> <span class='ocrx_word' id='word_1_480' title='bbox 1104 3364 1363 3423; x_wconf 80' lang='grc' dir='ltr'>κατελθὸν</span> <span class='ocrx_word' id='word_1_481' title='bbox 1417 3367 1710 3423; x_wconf 68' lang='grc' dir='ltr'>κατέκαυσε</span> <span class='ocrx_word' id='word_1_482' title='bbox 1764 3370 1830 3424; x_wconf 75' lang='grc' dir='ltr'>τὰ</span> <span class='ocrx_word' id='word_1_483' title='bbox 1885 3367 2004 3424; x_wconf 78' lang='grc' dir='ltr'>ὁλο·</span> 
     </span>
    </p>
   </div>
   <div class='ocr_carea' id='block_1_63' title="bbox 2121 3362 3773 3444">
    <p class='ocr_par' dir='ltr' id='par_1_63' title="bbox 2126 3362 3773 3442">
     <span class='ocr_line' id='line_1_64' title="bbox 2126 3362 3773 3442; baseline 0.005 -25"><span class='ocrx_word' id='word_1_484' title='bbox 2126 3362 2280 3419; x_wconf 90' lang='lat' dir='ltr'>Elias</span> <span class='ocrx_word' id='word_1_485' title='bbox 2313 3366 2575 3438; x_wconf 84' lang='lat' dir='ltr'>peregit:</span> <span class='ocrx_word' id='word_1_486' title='bbox 2608 3366 2682 3422; x_wconf 89' lang='lat' dir='ltr'>ad</span> <span class='ocrx_word' id='word_1_487' title='bbox 2708 3366 2865 3437; x_wconf 91' lang='lat' dir='ltr'>quod</span> <span class='ocrx_word' id='word_1_488' title='bbox 2889 3367 3120 3423; x_wconf 72' lang='lat' dir='ltr'>cmlitus</span> <span class='ocrx_word' id='word_1_489' title='bbox 3151 3368 3302 3442; x_wconf 83' lang='lat' dir='ltr'>ignis</span> <span class='ocrx_word' id='word_1_490' title='bbox 3347 3368 3626 3440; x_wconf 88' lang='lat' dir='ltr'>delapsus</span> <span class='ocrx_word' id='word_1_491' title='bbox 3670 3369 3773 3426; x_wconf 89' lang='lat' dir='ltr'>ho-</span> 
     </span>
    </p>
   </div>
   <div class='ocr_carea' id='block_1_64' title="bbox 2123 3453 3775 3530">
    <p class='ocr_par' dir='ltr' id='par_1_64' title="bbox 2123 3453 3775 3530">
     <span class='ocr_line' id='line_1_65' title="bbox 2123 3453 3775 3530; baseline 0.002 -21"><span class='ocrx_word' id='word_1_492' title='bbox 2123 3453 2320 3521; x_wconf 89' lang='lat' dir='ltr'>stiam,</span> <span class='ocrx_word' id='word_1_493' title='bbox 2353 3470 2573 3526; x_wconf 89' lang='lat' dir='ltr'>aquam</span> <span class='ocrx_word' id='word_1_494' title='bbox 2607 3460 2664 3510; x_wconf 92' lang='lat' dir='ltr'>et</span> <span class='ocrx_word' id='word_1_495' title='bbox 2694 3456 2997 3527; x_wconf 89' lang='lat' dir='ltr'>pulverem</span> <span class='ocrx_word' id='word_1_496' title='bbox 3028 3462 3196 3513; x_wconf 76' lang='lat' dir='ltr'>terras</span> <span class='ocrx_word' id='word_1_497' title='bbox 3216 3459 3775 3530; x_wconf 89' lang='lat' dir='ltr'>consumpsit.lbiet</span> 
     </span>
    </p>
   </div>
   <div class='ocr_carea' id='block_1_65' title="bbox 2125 3541 3771 3621">
    <p class='ocr_par' dir='ltr' id='par_1_65' title="bbox 2125 3541 3771 3621">
     <span class='ocr_line' id='line_1_66' title="bbox 2125 3541 3771 3621; baseline 0.005 -23"><span class='ocrx_word' id='word_1_498' title='bbox 2125 3541 2246 3599; x_wconf 90' lang='lat' dir='ltr'>Beli</span> <span class='ocrx_word' id='word_1_499' title='bbox 2280 3544 2616 3601; x_wconf 88' lang='lat' dir='ltr'>sacerdotes</span> <span class='ocrx_word' id='word_1_500' title='bbox 2648 3562 2715 3601; x_wconf 89' lang='lat' dir='ltr'>ac</span> <span class='ocrx_word' id='word_1_501' title='bbox 2744 3552 2906 3602; x_wconf 88' lang='lat' dir='ltr'>vates</span> <span class='ocrx_word' id='word_1_502' title='bbox 2946 3546 3238 3620; x_wconf 83' lang='lat' dir='ltr'>jugulavit</span> <span class='ocrx_word' id='word_1_503' title='bbox 3268 3550 3392 3617; x_wconf 83' lang='lat'>850,</span> <span class='ocrx_word' id='word_1_504' title='bbox 3428 3555 3484 3605; x_wconf 92' lang='lat' dir='ltr'>et</span> <span class='ocrx_word' id='word_1_505' title='bbox 3513 3548 3771 3621; x_wconf 89' lang='lat' dir='ltr'>pluviam</span> 
     </span>
    </p>
   </div>
   <div class='ocr_carea' id='block_1_66' title="bbox 2122 3631 3773 3709">
    <p class='ocr_par' dir='ltr' id='par_1_66' title="bbox 2122 3631 3773 3709">
     <span class='ocr_line' id='line_1_67' title="bbox 2122 3631 3773 3709; baseline 0.005 -23"><span class='ocrx_word' id='word_1_506' title='bbox 2122 3631 2442 3689; x_wconf 85' lang='lat' dir='ltr'>devocavit.</span> <span class='ocrx_word' id='word_1_507' title='bbox 2466 3634 2755 3702; x_wconf 84' lang='lat' dir='ltr'>Jezabela,</span> <span class='ocrx_word' id='word_1_508' title='bbox 2788 3653 2852 3691; x_wconf 88' lang='lat' dir='ltr'>re</span> <span class='ocrx_word' id='word_1_509' title='bbox 2884 3643 3204 3709; x_wconf 86' lang='lat' dir='ltr'>comperta,</span> <span class='ocrx_word' id='word_1_510' title='bbox 3238 3637 3493 3709; x_wconf 79' lang='lat' dir='ltr'>graviter</span> <span class='ocrx_word' id='word_1_511' title='bbox 3547 3638 3773 3695; x_wconf 89' lang='lat' dir='ltr'>minata</span> 
     </span>
    </p>
   </div>
   <div class='ocr_carea' id='block_1_67' title="bbox 2121 3720 3767 3797">
    <p class='ocr_par' dir='ltr' id='par_1_67' title="bbox 2121 3720 3767 3797">
     <span class='ocr_line' id='line_1_68' title="bbox 2121 3720 3767 3797; baseline 0.005 -23"><span class='ocrx_word' id='word_1_512' title='bbox 2121 3720 2262 3776; x_wconf 68' lang='lat' dir='ltr'>Elim</span> <span class='ocrx_word' id='word_1_513' title='bbox 2294 3728 2400 3778; x_wconf 92' lang='lat' dir='ltr'>est.</span> <span class='ocrx_word' id='word_1_514' title='bbox 2429 3724 2614 3788; x_wconf 86' lang='lat' dir='ltr'>Quam</span> <span class='ocrx_word' id='word_1_515' title='bbox 2646 3724 2747 3780; x_wconf 88' lang='lat' dir='ltr'>ille</span> <span class='ocrx_word' id='word_1_516' title='bbox 2778 3724 3007 3797; x_wconf 80' lang='lat' dir='ltr'>fugiens</span> <span class='ocrx_word' id='word_1_517' title='bbox 3039 3726 3151 3780; x_wconf 87' lang='lat' dir='ltr'>iter</span> <span class='ocrx_word' id='word_1_518' title='bbox 3190 3728 3258 3780; x_wconf 81' lang='grc'><strong>40</strong></span> <span class='ocrx_word' id='word_1_519' title='bbox 3306 3725 3537 3782; x_wconf 90' lang='lat' dir='ltr'>dierum</span> <span class='ocrx_word' id='word_1_520' title='bbox 3569 3727 3767 3797; x_wconf 88' lang='lat' dir='ltr'>profe-</span> 
     </span>
    </p>
   </div>
   <div class='ocr_carea' id='block_1_68' title="bbox 2121 3811 3769 3885">
    <p class='ocr_par' dir='ltr' id='par_1_68' title="bbox 2121 3811 3769 3885">
     <span class='ocr_line' id='line_1_69' title="bbox 2121 3811 3769 3885; baseline 0.004 -19"><span class='ocrx_word' id='word_1_521' title='bbox 2121 3816 2248 3867; x_wconf 92' lang='lat' dir='ltr'>ctus</span> <span class='ocrx_word' id='word_1_522' title='bbox 2280 3817 2386 3867; x_wconf 88' lang='lat' dir='ltr'>est.</span> <span class='ocrx_word' id='word_1_523' title='bbox 2421 3811 2590 3869; x_wconf 89' lang='lat' dir='ltr'>Solus</span> <span class='ocrx_word' id='word_1_524' title='bbox 2622 3811 2839 3869; x_wconf 72' lang='lat' dir='ltr'>Abdias</span> <span class='ocrx_word' id='word_1_525' title='bbox 2870 3815 2997 3885; x_wconf 89' lang='lat' dir='ltr'>jam</span> <span class='ocrx_word' id='word_1_526' title='bbox 3055 3814 3193 3870; x_wconf 91' lang='lat' dir='ltr'>inde</span> <span class='ocrx_word' id='word_1_527' title='bbox 3243 3814 3315 3870; x_wconf 89' lang='lat' dir='ltr'>ab</span> <span class='ocrx_word' id='word_1_528' title='bbox 3367 3814 3769 3872; x_wconf 86' lang='lat' dir='ltr'>adolescentia</span> 
     </span>
    </p>
   </div>
   <div class='ocr_carea' id='block_1_69' title="bbox 2119 3902 3763 3974">
    <p class='ocr_par' dir='ltr' id='par_1_69' title="bbox 2119 3902 3763 3974">
     <span class='ocr_line' id='line_1_70' title="bbox 2119 3902 3763 3974; baseline 0.004 -20"><span class='ocrx_word' id='word_1_529' title='bbox 2119 3904 2281 3955; x_wconf 84' lang='lat' dir='ltr'>vates</span> <span class='ocrx_word' id='word_1_530' title='bbox 2310 3902 2554 3963; x_wconf 84' lang='lat' dir='ltr'>exstitit,</span> <span class='ocrx_word' id='word_1_531' title='bbox 2595 3918 2779 3974; x_wconf 81' lang='lat' dir='ltr'>genus</span> <span class='ocrx_word' id='word_1_532' title='bbox 2810 3920 2844 3959; x_wconf 90' lang='lat' dir='ltr'>a</span> <span class='ocrx_word' id='word_1_533' title='bbox 2873 3903 3101 3960; x_wconf 84' lang='lat' dir='ltr'>vatibus</span> <span class='ocrx_word' id='word_1_534' title='bbox 3137 3921 3256 3959; x_wconf 93' lang='lat' dir='ltr'>non</span> <span class='ocrx_word' id='word_1_535' title='bbox 3274 3904 3692 3971; x_wconf 88' lang='lat' dir='ltr'>ducens.Quod</span> <span class='ocrx_word' id='word_1_536' title='bbox 3712 3905 3763 3960; x_wconf 91' lang='lat' dir='ltr'>ei</span> 
     </span>
    </p>
   </div>
   <div class='ocr_carea' id='block_1_70' title="bbox 2228 1313 3808 1390">
    <p class='ocr_par' dir='ltr' id='par_1_70' title="bbox 2228 1313 3808 1390">
     <span class='ocr_line' id='line_1_71' title="bbox 2228 1313 3808 1390; baseline 0.002 -22"><span class='ocrx_word' id='word_1_537' title='bbox 2228 1313 2547 1386; x_wconf 88' lang='lat' dir='ltr'>Trigesimo</span> <span class='ocrx_word' id='word_1_538' title='bbox 2580 1319 2782 1370; x_wconf 89' lang='lat' dir='ltr'>octavo</span> <span class='ocrx_word' id='word_1_539' title='bbox 2814 1330 2970 1370; x_wconf 90' lang='lat' dir='ltr'>anno</span> <span class='ocrx_word' id='word_1_540' title='bbox 3003 1317 3125 1370; x_wconf 69' lang='lat' dir='ltr'>Asaa</span> <span class='ocrx_word' id='word_1_541' title='bbox 3180 1316 3332 1389; x_wconf 86' lang='lat' dir='ltr'>regis</span> <span class='ocrx_word' id='word_1_542' title='bbox 3363 1314 3526 1372; x_wconf 76' lang='lat' dir='ltr'>Judm</span> <span class='ocrx_word' id='word_1_543' title='bbox 3558 1330 3808 1390; x_wconf 82' lang='lat' dir='ltr'>regnum</span> 
     </span>
    </p>
   </div>
   <div class='ocr_carea' id='block_1_71' title="bbox 2156 1401 3809 1479">
    <p class='ocr_par' dir='ltr' id='par_1_71' title="bbox 2156 1401 3809 1479">
     <span class='ocr_line' id='line_1_72' title="bbox 2156 1401 3809 1479; baseline 0.004 -24"><span class='ocrx_word' id='word_1_544' title='bbox 2156 1401 2501 1459; x_wconf 89' lang='lat' dir='ltr'>Israelicum</span> <span class='ocrx_word' id='word_1_545' title='bbox 2525 1404 2719 1459; x_wconf 84' lang='lat' dir='ltr'>tenuit</span> <span class='ocrx_word' id='word_1_546' title='bbox 2748 1404 3044 1473; x_wconf 84' lang='lat' dir='ltr'>Achabus,</span> <span class='ocrx_word' id='word_1_547' title='bbox 3069 1407 3336 1461; x_wconf 90' lang='lat' dir='ltr'>omnium</span> <span class='ocrx_word' id='word_1_548' title='bbox 3367 1421 3572 1479; x_wconf 89' lang='lat' dir='ltr'>regum</span> <span class='ocrx_word' id='word_1_549' title='bbox 3621 1406 3809 1462; x_wconf 88' lang='lat' dir='ltr'>deter-</span> 
     </span>
    </p>
   </div>
   <div class='ocr_carea' id='block_1_72' title="bbox 338 3453 2017 3535">
    <p class='ocr_par' dir='ltr' id='par_1_72' title="bbox 338 3453 2017 3535">
     <span class='ocr_line' id='line_1_73' title="bbox 338 3453 2017 3535; baseline 0 -23"><span class='ocrx_word' id='word_1_550' title='bbox 338 3458 672 3531; x_wconf 75' lang='grc' dir='ltr'>καυτώματα</span> <span class='ocrx_word' id='word_1_551' title='bbox 701 3457 809 3514; x_wconf 83' lang='grc' dir='ltr'>καὶ</span> <span class='ocrx_word' id='word_1_552' title='bbox 840 3458 910 3513; x_wconf 87' lang='grc' dir='ltr'>τὸ</span> <span class='ocrx_word' id='word_1_553' title='bbox 944 3453 1093 3532; x_wconf 77' lang='grc' dir='ltr'>ὕδωρ</span> <span class='ocrx_word' id='word_1_554' title='bbox 1120 3456 1209 3511; x_wconf 79' lang='grc' dir='ltr'>καὶ</span> <span class='ocrx_word' id='word_1_555' title='bbox 1263 3457 1356 3511; x_wconf 89' lang='grc' dir='ltr'>τὸν</span> <span class='ocrx_word' id='word_1_556' title='bbox 1395 3460 1530 3535; x_wconf 79' lang='grc' dir='ltr'>χοῦν</span> <span class='ocrx_word' id='word_1_557' title='bbox 1585 3463 1685 3527; x_wconf 77' lang='grc' dir='ltr'>τῆς</span> <span class='ocrx_word' id='word_1_558' title='bbox 1710 3463 1837 3532; x_wconf 79' lang='grc' dir='ltr'>γῆς.</span> <span class='ocrx_word' id='word_1_559' title='bbox 1871 3458 2017 3514; x_wconf 84' lang='grc' dir='ltr'>Ἐκεῖ</span> 
     </span>
    </p>
   </div>
   <div class='ocr_carea' id='block_1_73' title="bbox 334 3540 2011 3625">
    <p class='ocr_par' dir='ltr' id='par_1_73' title="bbox 334 3540 2011 3625">
     <span class='ocr_line' id='line_1_74' title="bbox 334 3540 2011 3625; baseline -0.001 -23"><span class='ocrx_word' id='word_1_560' title='bbox 334 3548 434 3602; x_wconf 69' lang='grc' dir='ltr'>καί</span> <span class='ocrx_word' id='word_1_561' title='bbox 461 3547 587 3610; x_wconf 68' lang='grc' dir='ltr'>τοὺς</span> <span class='ocrx_word' id='word_1_562' title='bbox 614 3549 795 3623; x_wconf 71' lang='grc' dir='ltr'>ἱερεῖς</span> <span class='ocrx_word' id='word_1_563' title='bbox 828 3550 933 3603; x_wconf 71' lang='grc' dir='ltr'>τοῦ</span> <span class='ocrx_word' id='word_1_564' title='bbox 964 3543 1084 3614; x_wconf 72' lang='grc' dir='ltr'>Βὴλ</span> <span class='ocrx_word' id='word_1_565' title='bbox 1136 3545 1225 3600; x_wconf 75' lang='grc' dir='ltr'>καὶ</span> <span class='ocrx_word' id='word_1_566' title='bbox 1273 3544 1403 3607; x_wconf 79' lang='grc' dir='ltr'>τοὺς</span> <span class='ocrx_word' id='word_1_567' title='bbox 1451 3547 1734 3623; x_wconf 79' lang='grc' dir='ltr'>προφήτας</span> <span class='ocrx_word' id='word_1_568' title='bbox 1794 3540 2011 3625; x_wconf 75' lang='grc' dir='ltr'>ἔσφαξεν</span> 
     </span>
    </p>
   </div>
   <div class='ocr_carea' id='block_1_74' title="bbox 321 3630 2009 3710">
    <p class='ocr_par' dir='ltr' id='par_1_74' title="bbox 321 3630 2009 3710">
     <span class='ocr_line' id='line_1_75' title="bbox 321 3630 2009 3710; baseline -0.001 -18"><span class='ocrx_word' id='word_1_569' title='bbox 321 3644 450 3707; x_wconf 64' lang='grc' dir='ltr'>ω’,</span> <span class='ocrx_word' id='word_1_570' title='bbox 489 3636 582 3692; x_wconf 80' lang='grc' dir='ltr'>καὶ</span> <span class='ocrx_word' id='word_1_571' title='bbox 635 3637 804 3692; x_wconf 68' lang='grc' dir='ltr'>ὑετὸν</span> <span class='ocrx_word' id='word_1_572' title='bbox 863 3637 1211 3708; x_wconf 86' lang='grc' dir='ltr'>κατήνεγκεν.</span> <span class='ocrx_word' id='word_1_573' title='bbox 1271 3630 1511 3705; x_wconf 71' lang='grc' dir='ltr'>Ἰεζάϐελ</span> <span class='ocrx_word' id='word_1_574' title='bbox 1571 3633 1629 3690; x_wconf 74' lang='grc' dir='ltr'>δὲ</span> <span class='ocrx_word' id='word_1_575' title='bbox 1683 3639 1846 3691; x_wconf 79' lang='grc' dir='ltr'>τοῦτο</span> <span class='ocrx_word' id='word_1_576' title='bbox 1905 3657 2009 3710; x_wconf 83' lang='grc' dir='ltr'>μα·</span> 
     </span>
    </p>
   </div>
   <div class='ocr_carea' id='block_1_75' title="bbox 319 3720 2011 3801">
    <p class='ocr_par' dir='ltr' id='par_1_75' title="bbox 319 3720 2011 3801">
     <span class='ocr_line' id='line_1_76' title="bbox 319 3720 2011 3801; baseline 0.001 -20"><span class='ocrx_word' id='word_1_577' title='bbox 319 3732 509 3791; x_wconf 72' lang='grc' dir='ltr'>θοῧσα</span> <span class='ocrx_word' id='word_1_578' title='bbox 542 3724 1005 3800; x_wconf 79' lang='grc' dir='ltr'>προσηπείλησεν</span> <span class='ocrx_word' id='word_1_579' title='bbox 1061 3726 1237 3796; x_wconf 77' lang='grc' dir='ltr'>αὐτῷ,</span> <span class='ocrx_word' id='word_1_580' title='bbox 1294 3728 1383 3780; x_wconf 81' lang='grc' dir='ltr'>καὶ</span> <span class='ocrx_word' id='word_1_581' title='bbox 1438 3720 1625 3801; x_wconf 71' lang='grc' dir='ltr'>ἔφυγεν</span> <span class='ocrx_word' id='word_1_582' title='bbox 1686 3724 1875 3788; x_wconf 83' lang='grc' dir='ltr'>Ἠλίας</span> <span class='ocrx_word' id='word_1_583' title='bbox 1905 3728 2011 3783; x_wconf 87' lang='grc' dir='ltr'>ἀπὸ</span> 
     </span>
    </p>
   </div>
   <div class='ocr_carea' id='block_1_76' title="bbox 747 3809 2008 3891">
    <p class='ocr_par' dir='ltr' id='par_1_76' title="bbox 747 3809 2008 3891">
     <span class='ocr_line' id='line_1_77' title="bbox 747 3809 2008 3891; baseline 0 -19"><span class='ocrx_word' id='word_1_584' title='bbox 747 3809 994 3884; x_wconf 76' lang='grc' dir='ltr'>Ἰεζάϐελ</span> <span class='ocrx_word' id='word_1_585' title='bbox 1079 3811 1203 3870; x_wconf 80' lang='grc' dir='ltr'>ὁδὸν</span> <span class='ocrx_word' id='word_1_586' title='bbox 1287 3816 1509 3890; x_wconf 77' lang='grc' dir='ltr'>ἡμερῶν</span> <span class='ocrx_word' id='word_1_587' title='bbox 1589 3816 2008 3891; x_wconf 86' lang='grc' dir='ltr'>τεσσαράκοντα.</span> 
     </span>
    </p>
   </div>
   <div class='ocr_carea' id='block_1_77' title="bbox 314 3818 655 3886">
    <p class='ocr_par' dir='ltr' id='par_1_77' title="bbox 314 3818 655 3886">
     <span class='ocr_line' id='line_1_78' title="bbox 314 3818 655 3886; baseline 0 -16"><span class='ocrx_word' id='word_1_588' title='bbox 314 3818 655 3886; x_wconf 70' lang='grc' dir='ltr'>προσώπου</span> 
     </span>
    </p>
   </div>
   <div class='ocr_carea' id='block_1_78' title="bbox 308 3900 2012 3983">
    <p class='ocr_par' dir='ltr' id='par_1_78' title="bbox 308 3900 2012 3983">
     <span class='ocr_line' id='line_1_79' title="bbox 308 3900 2012 3983; baseline -0.001 -21"><span class='ocrx_word' id='word_1_589' title='bbox 308 3905 522 3967; x_wconf 65' lang='grc' dir='ltr'>Μόνος</span> <span class='ocrx_word' id='word_1_590' title='bbox 557 3900 887 3961; x_wconf 75' lang='grc' dir='ltr'>δὶἈὸδιοὺ</span> <span class='ocrx_word' id='word_1_591' title='bbox 928 3903 989 3959; x_wconf 73' lang='grc' dir='ltr'>ἐκ</span> <span class='ocrx_word' id='word_1_592' title='bbox 1034 3908 1153 3967; x_wconf 68' lang='grc' dir='ltr'>νίας</span> <span class='ocrx_word' id='word_1_593' title='bbox 1209 3903 1432 3974; x_wconf 79' lang='grc' dir='ltr'>ἠλικίου</span> <span class='ocrx_word' id='word_1_594' title='bbox 1488 3907 1778 3983; x_wconf 72' lang='grc' dir='ltr'>προφήτης</span> <span class='ocrx_word' id='word_1_595' title='bbox 1818 3906 2012 3979; x_wconf 74' lang='grc' dir='ltr'>γέγονε</span> 
     </span>
    </p>
   </div>
   <div class='ocr_carea' id='block_1_79' title="bbox 307 3989 2006 4071">
    <p class='ocr_par' dir='ltr' id='par_1_79' title="bbox 307 3989 2006 4071">
     <span class='ocr_line' id='line_1_80' title="bbox 307 3989 2006 4071; baseline 0.001 -23"><span class='ocrx_word' id='word_1_596' title='bbox 307 3990 407 4048; x_wconf 72' lang='grc' dir='ltr'>δι’</span> <span class='ocrx_word' id='word_1_597' title='bbox 472 3989 795 4063; x_wconf 68' lang='grc' dir='ltr'>εὐσέϐειαν,</span> <span class='ocrx_word' id='word_1_598' title='bbox 856 3992 962 4046; x_wconf 71' lang='grc' dir='ltr'>ὰπὸ</span> <span class='ocrx_word' id='word_1_599' title='bbox 1011 3996 1309 4071; x_wconf 81' lang='grc' dir='ltr'>προφητῶν</span> <span class='ocrx_word' id='word_1_600' title='bbox 1366 3992 1444 4064; x_wconf 79' lang='grc' dir='ltr'>μὴ</span> <span class='ocrx_word' id='word_1_601' title='bbox 1486 3991 2006 4069; x_wconf 82' lang='grc' dir='ltr'>γενεαλογούμενος.</span> 
     </span>
    </p>
   </div>
   <div class='ocr_carea' id='block_1_80' title="bbox 306 4078 2007 4158">
    <p class='ocr_par' dir='ltr' id='par_1_80' title="bbox 306 4078 2007 4158">
     <span class='ocr_line' id='line_1_81' title="bbox 306 4078 2007 4158; baseline 0.001 -21"><span class='ocrx_word' id='word_1_602' title='bbox 306 4084 411 4158; x_wconf 69' lang='grc' dir='ltr'>[Ρ.</span> <span class='ocrx_word' id='word_1_603' title='bbox 452 4085 590 4156; x_wconf 77' lang='grc'>101]</span> <span class='ocrx_word' id='word_1_604' title='bbox 621 4088 730 4138; x_wconf 86' lang='grc' dir='ltr'>Ἦν</span> <span class='ocrx_word' id='word_1_605' title='bbox 769 4078 828 4136; x_wconf 73' lang='grc' dir='ltr'>δὲ</span> <span class='ocrx_word' id='word_1_606' title='bbox 873 4086 973 4136; x_wconf 78' lang='grc' dir='ltr'>τοῦ</span> <span class='ocrx_word' id='word_1_607' title='bbox 1029 4078 1240 4157; x_wconf 74' lang='grc' dir='ltr'>Ἀχαᾶὄ</span> <span class='ocrx_word' id='word_1_608' title='bbox 1303 4081 1617 4153; x_wconf 74' lang='grc' dir='ltr'>οἰκονόμος,</span> <span class='ocrx_word' id='word_1_609' title='bbox 1672 4079 1725 4136; x_wconf 70' lang='grc' dir='ltr'>ἒν</span> <span class='ocrx_word' id='word_1_610' title='bbox 1783 4087 2007 4156; x_wconf 81' lang='grc' dir='ltr'>κρυπτῷ</span> 
     </span>
    </p>
   </div>
   <div class='ocr_carea' id='block_1_81' title="bbox 312 4168 2005 4246">
    <p class='ocr_par' dir='ltr' id='par_1_81' title="bbox 312 4168 2005 4246">
     <span class='ocr_line' id='line_1_82' title="bbox 312 4168 2005 4246; baseline -0.001 -19"><span class='ocrx_word' id='word_1_611' title='bbox 312 4168 659 4245; x_wconf 72' lang='grc' dir='ltr'>σεϐόμενος</span> <span class='ocrx_word' id='word_1_612' title='bbox 691 4172 786 4225; x_wconf 83' lang='grc' dir='ltr'>τὸν</span> <span class='ocrx_word' id='word_1_613' title='bbox 840 4170 971 4225; x_wconf 85' lang='grc' dir='ltr'>Θεὸν</span> <span class='ocrx_word' id='word_1_614' title='bbox 1025 4169 1270 4244; x_wconf 75' lang='grc' dir='ltr'>Ἰσραὴλ.</span> <span class='ocrx_word' id='word_1_615' title='bbox 1330 4170 1504 4233; x_wconf 83' lang='grc' dir='ltr'>Οὗτος</span> <span class='ocrx_word' id='word_1_616' title='bbox 1530 4170 1620 4225; x_wconf 80' lang='grc' dir='ltr'>καὶ</span> <span class='ocrx_word' id='word_1_617' title='bbox 1653 4171 1840 4227; x_wconf 71' lang='grc' dir='ltr'>ἑκατὸν</span> <span class='ocrx_word' id='word_1_618' title='bbox 1867 4192 2005 4246; x_wconf 69' lang='grc' dir='ltr'>προσ</span> 
     </span>
    </p>
   </div>
   <div class='ocr_carea' id='block_1_82' title="bbox 300 4254 2008 4338">
    <p class='ocr_par' dir='ltr' id='par_1_82' title="bbox 300 4254 2008 4338">
     <span class='ocr_line' id='line_1_83' title="bbox 300 4254 2008 4338; baseline -0.001 -23"><span class='ocrx_word' id='word_1_619' title='bbox 300 4263 516 4338; x_wconf 67' lang='grc' dir='ltr'>φήτας</span> <span class='ocrx_word' id='word_1_620' title='bbox 554 4260 608 4316; x_wconf 78' lang='grc' dir='ltr'>ἐν</span> <span class='ocrx_word' id='word_1_621' title='bbox 645 4257 770 4314; x_wconf 80' lang='grc' dir='ltr'>δυσί</span> <span class='ocrx_word' id='word_1_622' title='bbox 804 4257 1102 4329; x_wconf 75' lang='grc' dir='ltr'>σπηλαίοις</span> <span class='ocrx_word' id='word_1_623' title='bbox 1146 4258 1354 4334; x_wconf 84' lang='grc' dir='ltr'>κρύψας</span> <span class='ocrx_word' id='word_1_624' title='bbox 1389 4255 1481 4313; x_wconf 80' lang='grc' dir='ltr'>διὰ</span> <span class='ocrx_word' id='word_1_625' title='bbox 1514 4259 1608 4314; x_wconf 84' lang='grc' dir='ltr'>τὸν</span> <span class='ocrx_word' id='word_1_626' title='bbox 1636 4254 1808 4336; x_wconf 73' lang='grc' dir='ltr'>φόϐον</span> <span class='ocrx_word' id='word_1_627' title='bbox 1842 4261 2008 4328; x_wconf 84' lang='grc' dir='ltr'>Ἰεζά-</span> 
     </span>
    </p>
   </div>
   <div class='ocr_carea' id='block_1_83' title="bbox 297 4345 2004 4424">
    <p class='ocr_par' dir='ltr' id='par_1_83' title="bbox 297 4345 2004 4424">
     <span class='ocr_line' id='line_1_84' title="bbox 297 4345 2004 4424; baseline -0.002 -17"><span class='ocrx_word' id='word_1_628' title='bbox 297 4347 433 4407; x_wconf 72' lang='grc' dir='ltr'>ϐελ</span> <span class='ocrx_word' id='word_1_629' title='bbox 490 4349 811 4424; x_wconf 68' lang='grc' dir='ltr'>(ἀπέκτεινε</span> <span class='ocrx_word' id='word_1_630' title='bbox 838 4348 942 4424; x_wconf 74' lang='grc' dir='ltr'>γὰρ</span> <span class='ocrx_word' id='word_1_631' title='bbox 974 4348 1193 4420; x_wconf 69' lang='grc' dir='ltr'>αὺτούς)</span> <span class='ocrx_word' id='word_1_632' title='bbox 1221 4346 1369 4422; x_wconf 79' lang='grc' dir='ltr'>ἄρτῳ</span> <span class='ocrx_word' id='word_1_633' title='bbox 1399 4348 1489 4403; x_wconf 79' lang='grc' dir='ltr'>καὶ</span> <span class='ocrx_word' id='word_1_634' title='bbox 1549 4346 1702 4403; x_wconf 79' lang='grc' dir='ltr'>ὕδατι</span> <span class='ocrx_word' id='word_1_635' title='bbox 1762 4345 2004 4423; x_wconf 78' lang='grc' dir='ltr'>ἔθρεψεν,</span> 
     </span>
    </p>
   </div>
   <div class='ocr_carea' id='block_1_84' title="bbox 2118 3989 3765 4066">
    <p class='ocr_par' dir='ltr' id='par_1_84' title="bbox 2118 3989 3765 4066">
     <span class='ocr_line' id='line_1_85' title="bbox 2118 3989 3765 4066; baseline 0.005 -22"><span class='ocrx_word' id='word_1_636' title='bbox 2118 3989 2192 4044; x_wconf 90' lang='lat' dir='ltr'>ob</span> <span class='ocrx_word' id='word_1_637' title='bbox 2222 3990 2503 4061; x_wconf 86' lang='lat' dir='ltr'>pietatem</span> <span class='ocrx_word' id='word_1_638' title='bbox 2535 3993 2746 4047; x_wconf 90' lang='lat' dir='ltr'>evenit.</span> <span class='ocrx_word' id='word_1_639' title='bbox 2809 3994 2952 4049; x_wconf 82' lang='lat' dir='ltr'>Cum</span> <span class='ocrx_word' id='word_1_640' title='bbox 3010 3994 3169 4048; x_wconf 89' lang='lat' dir='ltr'>enim</span> <span class='ocrx_word' id='word_1_641' title='bbox 3229 3998 3384 4049; x_wconf 89' lang='lat' dir='ltr'>esset</span> <span class='ocrx_word' id='word_1_642' title='bbox 3412 4002 3765 4066; x_wconf 87' lang='lat' dir='ltr'>procurator</span> 
     </span>
    </p>
   </div>
   <div class='ocr_carea' id='block_1_85' title="bbox 2116 4077 3771 4145">
    <p class='ocr_par' dir='ltr' id='par_1_85' title="bbox 2116 4077 3771 4145">
     <span class='ocr_line' id='line_1_86' title="bbox 2116 4077 3771 4145; baseline 0.006 -14"><span class='ocrx_word' id='word_1_643' title='bbox 2116 4077 2337 4132; x_wconf 80' lang='lat' dir='ltr'>Achabi</span> <span class='ocrx_word' id='word_1_644' title='bbox 2352 4077 2920 4145; x_wconf 88' lang='lat' dir='ltr'>domesticus,Deum</span> <span class='ocrx_word' id='word_1_645' title='bbox 2938 4081 3344 4137; x_wconf 86' lang='lat' dir='ltr'>lsraelicorum</span> <span class='ocrx_word' id='word_1_646' title='bbox 3360 4083 3587 4139; x_wconf 89' lang='lat' dir='ltr'>occulte</span> <span class='ocrx_word' id='word_1_647' title='bbox 3602 4101 3771 4140; x_wconf 85' lang='lat' dir='ltr'>vene-</span> 
     </span>
    </p>
   </div>
   <div class='ocr_carea' id='block_1_86' title="bbox 2115 4152 3761 4240">
    <p class='ocr_par' dir='ltr' id='par_1_86' title="bbox 2115 4152 3761 4240">
     <span class='ocr_line' id='line_1_87' title="bbox 2115 4152 3761 4240; baseline 0.004 -20"><span class='ocrx_word' id='word_1_648' title='bbox 2115 4164 2379 4233; x_wconf 87' lang='lat' dir='ltr'>rabatur,</span> <span class='ocrx_word' id='word_1_649' title='bbox 2411 4169 2594 4221; x_wconf 77' lang='lat' dir='ltr'>aciOO</span> <span class='ocrx_word' id='word_1_650' title='bbox 2614 4152 2773 4223; x_wconf 82' lang='lat' dir='ltr'>vates</span> <span class='ocrx_word' id='word_1_651' title='bbox 2810 4173 2970 4222; x_wconf 87' lang='lat' dir='ltr'>metu</span> <span class='ocrx_word' id='word_1_652' title='bbox 2986 4169 3269 4224; x_wconf 71' lang='lat' dir='ltr'>Jezabelaa</span> <span class='ocrx_word' id='word_1_653' title='bbox 3298 4173 3577 4240; x_wconf 89' lang='lat' dir='ltr'>(mortem</span> <span class='ocrx_word' id='word_1_654' title='bbox 3600 4173 3761 4227; x_wconf 88' lang='lat' dir='ltr'>enim</span> 
     </span>
    </p>
   </div>
   <div class='ocr_carea' id='block_1_87' title="bbox 2117 4255 3762 4335">
    <p class='ocr_par' dir='ltr' id='par_1_87' title="bbox 2117 4255 3762 4335">
     <span class='ocr_line' id='line_1_88' title="bbox 2117 4255 3762 4335; baseline 0.005 -24"><span class='ocrx_word' id='word_1_655' title='bbox 2117 4271 2187 4312; x_wconf 87' lang='lat' dir='ltr'>ea</span> <span class='ocrx_word' id='word_1_656' title='bbox 2201 4255 2478 4313; x_wconf 90' lang='lat' dir='ltr'>omnibus</span> <span class='ocrx_word' id='word_1_657' title='bbox 2490 4257 2943 4314; x_wconf 84' lang='lat' dir='ltr'>machinabatur</span> <span class='ocrx_word' id='word_1_658' title='bbox 2973 4259 3200 4315; x_wconf 89' lang='lat' dir='ltr'>vatibus</span> <span class='ocrx_word' id='word_1_659' title='bbox 3223 4260 3349 4330; x_wconf 90' lang='lat' dir='ltr'>Dei)</span> <span class='ocrx_word' id='word_1_660' title='bbox 3365 4260 3425 4315; x_wconf 88' lang='lat' dir='ltr'>in</span> <span class='ocrx_word' id='word_1_661' title='bbox 3447 4260 3594 4318; x_wconf 89' lang='lat' dir='ltr'>duas</span> <span class='ocrx_word' id='word_1_662' title='bbox 3625 4279 3762 4335; x_wconf 86' lang='lat' dir='ltr'>spe-</span> 
     </span>
    </p>
   </div>
   <div class='ocr_carea' id='block_1_88' title="bbox 2113 4344 3761 4420">
    <p class='ocr_par' dir='ltr' id='par_1_88' title="bbox 2113 4344 3761 4420">
     <span class='ocr_line' id='line_1_89' title="bbox 2113 4344 3761 4420; baseline 0.005 -20"><span class='ocrx_word' id='word_1_663' title='bbox 2113 4344 2316 4401; x_wconf 87' lang='lat' dir='ltr'>luncas</span> <span class='ocrx_word' id='word_1_664' title='bbox 2342 4345 2671 4415; x_wconf 88' lang='lat' dir='ltr'>abdiderat,</span> <span class='ocrx_word' id='word_1_665' title='bbox 2728 4346 2931 4419; x_wconf 89' lang='lat' dir='ltr'>ibique</span> <span class='ocrx_word' id='word_1_666' title='bbox 2989 4364 3176 4420; x_wconf 88' lang='lat' dir='ltr'>usque</span> <span class='ocrx_word' id='word_1_667' title='bbox 3202 4348 3276 4404; x_wconf 92' lang='lat' dir='ltr'>ad</span> <span class='ocrx_word' id='word_1_668' title='bbox 3332 4349 3508 4405; x_wconf 88' lang='lat' dir='ltr'>famis</span> <span class='ocrx_word' id='word_1_669' title='bbox 3538 4351 3761 4411; x_wconf 79' lang='lat' dir='ltr'>exitum</span> 
     </span>
    </p>
   </div>
   <div class='ocr_carea' id='block_1_89' title="bbox 290 4433 2004 4513">
    <p class='ocr_par' dir='ltr' id='par_1_89' title="bbox 290 4433 2004 4513">
     <span class='ocr_line' id='line_1_90' title="bbox 290 4433 2004 4513; baseline -0.002 -17"><span class='ocrx_word' id='word_1_670' title='bbox 290 4436 433 4503; x_wconf 69' lang='grc' dir='ltr'>ἶως</span> <span class='ocrx_word' id='word_1_671' title='bbox 480 4439 675 4508; x_wconf 76' lang='grc' dir='ltr'>ἐλύηη</span> <span class='ocrx_word' id='word_1_672' title='bbox 709 4439 739 4492; x_wconf 90' lang='lat'>6</span> <span class='ocrx_word' id='word_1_673' title='bbox 770 4437 954 4512; x_wconf 86' lang='grc' dir='ltr'>λιμός.</span> <span class='ocrx_word' id='word_1_674' title='bbox 987 4433 1124 4494; x_wconf 88' lang='grc' dir='ltr'>Τότε</span> <span class='ocrx_word' id='word_1_675' title='bbox 1151 4438 1243 4493; x_wconf 87' lang='grc' dir='ltr'>καὶ</span> <span class='ocrx_word' id='word_1_676' title='bbox 1291 4435 1484 4500; x_wconf 83' lang='grc' dir='ltr'>Ἠλίας</span> <span class='ocrx_word' id='word_1_677' title='bbox 1515 4436 1568 4492; x_wconf 80' lang='grc' dir='ltr'>ἐν</span> <span class='ocrx_word' id='word_1_678' title='bbox 1600 4437 1750 4512; x_wconf 85' lang='grc' dir='ltr'>λόγῳ</span> <span class='ocrx_word' id='word_1_679' title='bbox 1805 4439 2004 4513; x_wconf 82' lang='grc' dir='ltr'>Κυρίου</span> 
     </span>
    </p>
   </div>
   <div class='ocr_carea' id='block_1_90' title="bbox 2121 4433 3765 4513">
    <p class='ocr_par' dir='ltr' id='par_1_90' title="bbox 2121 4436 3765 4510">
     <span class='ocr_line' id='line_1_91' title="bbox 2121 4436 3765 4510; baseline 0.005 -21"><span class='ocrx_word' id='word_1_680' title='bbox 2121 4450 2266 4506; x_wconf 88' lang='lat' dir='ltr'>pane</span> <span class='ocrx_word' id='word_1_681' title='bbox 2290 4439 2348 4489; x_wconf 88' lang='lat' dir='ltr'>et</span> <span class='ocrx_word' id='word_1_682' title='bbox 2363 4451 2517 4506; x_wconf 87' lang='lat' dir='ltr'>aqua</span> <span class='ocrx_word' id='word_1_683' title='bbox 2547 4453 2647 4491; x_wconf 89' lang='lat' dir='ltr'>eos</span> <span class='ocrx_word' id='word_1_684' title='bbox 2678 4436 2892 4492; x_wconf 88' lang='lat' dir='ltr'>alebat.</span> <span class='ocrx_word' id='word_1_685' title='bbox 2926 4437 3144 4493; x_wconf 88' lang='lat' dir='ltr'>Eadem</span> <span class='ocrx_word' id='word_1_686' title='bbox 3204 4443 3549 4510; x_wconf 86' lang='lat' dir='ltr'>tempestate</span> <span class='ocrx_word' id='word_1_687' title='bbox 3609 4441 3765 4498; x_wconf 88' lang='lat' dir='ltr'>Elias</span> 
     </span>
    </p>
   </div>
   <div class='ocr_carea' id='block_1_91' title="bbox 288 4506 2004 4605">
    <p class='ocr_par' dir='ltr' id='par_1_91' title="bbox 288 4506 2004 4605">
     <span class='ocr_line' id='line_1_92' title="bbox 288 4506 2004 4605; baseline -0.002 -20"><span class='ocrx_word' id='word_1_688' title='bbox 288 4529 497 4605; x_wconf 75' lang='grc' dir='ltr'>χμίει</span> <span class='ocrx_word' id='word_1_689' title='bbox 571 4506 948 4589; x_wconf 67' lang='grc' dir='ltr'>Ἑλισαιὲέἱς</span> <span class='ocrx_word' id='word_1_690' title='bbox 1010 4529 1322 4605; x_wconf 76' lang='grc' dir='ltr'>προφήτην·</span> <span class='ocrx_word' id='word_1_691' title='bbox 1394 4525 1627 4602; x_wconf 82' lang='grc' dir='ltr'>εὑρίσκει</span> <span class='ocrx_word' id='word_1_692' title='bbox 1845 4506 2004 4583; x_wconf 80' lang='grc' dir='ltr'>αύτὸν</span> 
     </span>
    </p>
   </div>
   <div class='ocr_carea' id='block_1_92' title="bbox 2121 4506 3761 4605">
    <p class='ocr_par' dir='ltr' id='par_1_92' title="bbox 2121 4523 3761 4601">
     <span class='ocr_line' id='line_1_93' title="bbox 2121 4523 3761 4601; baseline 0.006 -24"><span class='ocrx_word' id='word_1_693' title='bbox 2121 4523 2283 4595; x_wconf 89' lang='lat' dir='ltr'>iussu</span> <span class='ocrx_word' id='word_1_694' title='bbox 2313 4524 2414 4579; x_wconf 91' lang='lat' dir='ltr'>Dei</span> <span class='ocrx_word' id='word_1_695' title='bbox 2436 4524 2713 4581; x_wconf 68' lang='lat' dir='ltr'>Elizaaum</span> <span class='ocrx_word' id='word_1_696' title='bbox 2745 4526 3026 4583; x_wconf 88' lang='lat' dir='ltr'>unctione</span> <span class='ocrx_word' id='word_1_697' title='bbox 3054 4532 3246 4583; x_wconf 90' lang='lat' dir='ltr'>vatem</span> <span class='ocrx_word' id='word_1_698' title='bbox 3277 4528 3611 4601; x_wconf 87' lang='lat' dir='ltr'>inaugurat,</span> <span class='ocrx_word' id='word_1_699' title='bbox 3628 4547 3761 4587; x_wconf 88' lang='lat' dir='ltr'>cum</span> 
     </span>
    </p>
   </div>
   <div class='ocr_carea' id='block_1_93' title="bbox 288 4604 1999 4686">
    <p class='ocr_par' dir='ltr' id='par_1_93' title="bbox 288 4604 1999 4686">
     <span class='ocr_line' id='line_1_94' title="bbox 288 4604 1999 4686; baseline -0.002 -22"><span class='ocrx_word' id='word_1_700' title='bbox 288 4604 692 4686; x_wconf 66' lang='grc' dir='ltr'>ἄροτριῶντα</span> <span class='ocrx_word' id='word_1_701' title='bbox 723 4608 778 4663; x_wconf 78' lang='grc' dir='ltr'>ἐν</span> <span class='ocrx_word' id='word_1_702' title='bbox 808 4604 1017 4663; x_wconf 80' lang='grc' dir='ltr'>δώδεκα</span> <span class='ocrx_word' id='word_1_703' title='bbox 1066 4604 1277 4684; x_wconf 81' lang='grc' dir='ltr'>ζεύγεσι</span> <span class='ocrx_word' id='word_1_704' title='bbox 1308 4608 1476 4682; x_wconf 80' lang='grc' dir='ltr'>βοῶν.</span> <span class='ocrx_word' id='word_1_705' title='bbox 1537 4608 1642 4664; x_wconf 83' lang='grc' dir='ltr'>Καὶ</span> <span class='ocrx_word' id='word_1_706' title='bbox 1702 4607 1855 4670; x_wconf 78' lang='grc' dir='ltr'>εὐθὺς</span> <span class='ocrx_word' id='word_1_707' title='bbox 1887 4606 1999 4664; x_wconf 88' lang='grc' dir='ltr'>θύει</span> 
     </span>
    </p>
   </div>
   <div class='ocr_carea' id='block_1_94' title="bbox 294 4693 1999 4773">
    <p class='ocr_par' dir='ltr' id='par_1_94' title="bbox 294 4693 1999 4773">
     <span class='ocr_line' id='line_1_95' title="bbox 294 4693 1999 4773; baseline 0 -21"><span class='ocrx_word' id='word_1_708' title='bbox 294 4700 425 4771; x_wconf 69' lang='grc' dir='ltr'>μὲν</span> <span class='ocrx_word' id='word_1_709' title='bbox 459 4699 604 4762; x_wconf 71' lang='grc' dir='ltr'>τοὺς</span> <span class='ocrx_word' id='word_1_710' title='bbox 641 4698 802 4773; x_wconf 86' lang='grc' dir='ltr'>βόας,</span> <span class='ocrx_word' id='word_1_711' title='bbox 834 4694 887 4751; x_wconf 74' lang='grc' dir='ltr'>ἐν</span> <span class='ocrx_word' id='word_1_712' title='bbox 920 4693 977 4751; x_wconf 76' lang='grc' dir='ltr'>δὲ</span> <span class='ocrx_word' id='word_1_713' title='bbox 1013 4702 1131 4760; x_wconf 84' lang='grc' dir='ltr'>τοῖς</span> <span class='ocrx_word' id='word_1_714' title='bbox 1159 4696 1397 4752; x_wconf 84' lang='grc' dir='ltr'>σκεύεσιν</span> <span class='ocrx_word' id='word_1_715' title='bbox 1450 4694 1673 4752; x_wconf 81' lang='grc' dir='ltr'>ἀνάπτει</span> <span class='ocrx_word' id='word_1_716' title='bbox 1721 4701 1852 4772; x_wconf 81' lang='grc' dir='ltr'>πῦρ,</span> <span class='ocrx_word' id='word_1_717' title='bbox 1909 4697 1999 4752; x_wconf 88' lang='grc' dir='ltr'>καὶ</span> 
     </span>
    </p>
   </div>
   <div class='ocr_carea' id='block_1_95' title="bbox 290 4784 1998 4864">
    <p class='ocr_par' dir='ltr' id='par_1_95' title="bbox 290 4784 1998 4864">
     <span class='ocr_line' id='line_1_96' title="bbox 290 4784 1998 4864; baseline -0.001 -21"><span class='ocrx_word' id='word_1_718' title='bbox 290 4788 548 4863; x_wconf 67' lang='grc' dir='ltr'>ἒψήσας</span> <span class='ocrx_word' id='word_1_719' title='bbox 580 4784 783 4841; x_wconf 76' lang='grc' dir='ltr'>δίδωσι</span> <span class='ocrx_word' id='word_1_720' title='bbox 807 4790 887 4856; x_wconf 76' lang='grc' dir='ltr'>τῷ</span> <span class='ocrx_word' id='word_1_721' title='bbox 932 4784 1051 4857; x_wconf 85' lang='grc' dir='ltr'>λαῷ</span> <span class='ocrx_word' id='word_1_722' title='bbox 1107 4789 1314 4864; x_wconf 76' lang='grc' dir='ltr'>φαγεῖν.</span> <span class='ocrx_word' id='word_1_723' title='bbox 1375 4785 1477 4842; x_wconf 83' lang='grc' dir='ltr'>Καὶ</span> <span class='ocrx_word' id='word_1_724' title='bbox 1535 4785 1695 4848; x_wconf 82' lang='grc' dir='ltr'>αὐτὸς</span> <span class='ocrx_word' id='word_1_725' title='bbox 1752 4785 1998 4856; x_wconf 83' lang='grc' dir='ltr'>ἀπῆλθεν</span> 
     </span>
    </p>
   </div>
   <div class='ocr_carea' id='block_1_96' title="bbox 292 4869 1356 4946">
    <p class='ocr_par' dir='ltr' id='par_1_96' title="bbox 292 4869 1356 4946">
     <span class='ocr_line' id='line_1_97' title="bbox 292 4869 1356 4946; baseline -0.002 -13"><span class='ocrx_word' id='word_1_726' title='bbox 292 4877 515 4933; x_wconf 73' lang='grc' dir='ltr'>ὀπίσω</span> <span class='ocrx_word' id='word_1_727' title='bbox 546 4874 772 4944; x_wconf 83' lang='grc' dir='ltr'>Ἠλίου,</span> <span class='ocrx_word' id='word_1_728' title='bbox 802 4874 891 4930; x_wconf 71' lang='grc' dir='ltr'>καὶ</span> <span class='ocrx_word' id='word_1_729' title='bbox 924 4869 1161 4945; x_wconf 83' lang='grc' dir='ltr'>διηκόνει</span> <span class='ocrx_word' id='word_1_730' title='bbox 1190 4872 1356 4946; x_wconf 80' lang='grc' dir='ltr'>αύτῷ.</span> 
     </span>
    </p>
   </div>
   <div class='ocr_carea' id='block_1_97' title="bbox 400 5049 1995 5131">
    <p class='ocr_par' dir='ltr' id='par_1_97' title="bbox 400 5049 1995 5131">
     <span class='ocr_line' id='line_1_98' title="bbox 400 5049 1995 5131; baseline -0.003 -19"><span class='ocrx_word' id='word_1_731' title='bbox 400 5049 631 5131; x_wconf 75' lang='grc' dir='ltr'>Ἀχαᾶϐ</span> <span class='ocrx_word' id='word_1_732' title='bbox 662 5054 943 5125; x_wconf 79' lang='grc' dir='ltr'>κρατήσας</span> <span class='ocrx_word' id='word_1_733' title='bbox 969 5052 1062 5108; x_wconf 87' lang='grc' dir='ltr'>τὸν</span> <span class='ocrx_word' id='word_1_734' title='bbox 1120 5052 1234 5107; x_wconf 79' lang='grc' dir='ltr'>υἱὸν</span> <span class='ocrx_word' id='word_1_735' title='bbox 1294 5049 1463 5128; x_wconf 80' lang='grc' dir='ltr'>Ἀδερ</span> <span class='ocrx_word' id='word_1_736' title='bbox 1501 5059 1602 5122; x_wconf 83' lang='grc' dir='ltr'>τῆς</span> <span class='ocrx_word' id='word_1_737' title='bbox 1636 5053 1833 5129; x_wconf 88' lang='grc' dir='ltr'>Συρίας</span> <span class='ocrx_word' id='word_1_738' title='bbox 1891 5055 1995 5110; x_wconf 80' lang='grc' dir='ltr'>ἀπ-</span> 
     </span>
    </p>
   </div>
   <div class='ocr_carea' id='block_1_98' title="bbox 297 5137 1992 5217">
    <p class='ocr_par' dir='ltr' id='par_1_98' title="bbox 297 5137 1992 5217">
     <span class='ocr_line' id='line_1_99' title="bbox 297 5137 1992 5217; baseline -0.002 -17"><span class='ocrx_word' id='word_1_739' title='bbox 297 5144 520 5200; x_wconf 64' lang='grc' dir='ltr'>ελυσεν</span> <span class='ocrx_word' id='word_1_740' title='bbox 554 5143 720 5199; x_wconf 77' lang='grc' dir='ltr'>αὐτὸν</span> <span class='ocrx_word' id='word_1_741' title='bbox 756 5142 896 5217; x_wconf 83' lang='grc' dir='ltr'>μετὰ</span> <span class='ocrx_word' id='word_1_742' title='bbox 935 5137 1150 5215; x_wconf 84' lang='grc' dir='ltr'>δώρων.</span> <span class='ocrx_word' id='word_1_743' title='bbox 1186 5141 1281 5198; x_wconf 81' lang='grc' dir='ltr'>Καὶ</span> <span class='ocrx_word' id='word_1_744' title='bbox 1311 5138 1591 5217; x_wconf 69' lang='grc' dir='ltr'>ἅνθρωπός</span> <span class='ocrx_word' id='word_1_745' title='bbox 1639 5162 1722 5204; x_wconf 87' lang='grc' dir='ltr'>τις</span> <span class='ocrx_word' id='word_1_746' title='bbox 1780 5141 1839 5198; x_wconf 82' lang='grc' dir='ltr'>ἐκ</span> <span class='ocrx_word' id='word_1_747' title='bbox 1884 5149 1992 5199; x_wconf 81' lang='grc' dir='ltr'>τῶν</span> 
     </span>
    </p>
   </div>
   <div class='ocr_carea' id='block_1_99' title="bbox 297 5226 1990 5313">
    <p class='ocr_par' dir='ltr' id='par_1_99' title="bbox 297 5226 1990 5313">
     <span class='ocr_line' id='line_1_100' title="bbox 297 5226 1990 5313; baseline -0.002 -24"><span class='ocrx_word' id='word_1_748' title='bbox 297 5234 456 5289; x_wconf 68' lang='grc' dir='ltr'>υἱῶν</span> <span class='ocrx_word' id='word_1_749' title='bbox 486 5238 602 5290; x_wconf 81' lang='grc' dir='ltr'>τῶν</span> <span class='ocrx_word' id='word_1_750' title='bbox 650 5235 980 5313; x_wconf 65' lang='grc' dir='ltr'>προφητῶν,</span> <span class='ocrx_word' id='word_1_751' title='bbox 1013 5230 1260 5306; x_wconf 84' lang='grc' dir='ltr'>Μιχαίας</span> <span class='ocrx_word' id='word_1_752' title='bbox 1291 5226 1484 5303; x_wconf 74' lang='grc' dir='ltr'>ὄνομα,</span> <span class='ocrx_word' id='word_1_753' title='bbox 1543 5233 1663 5288; x_wconf 81' lang='grc' dir='ltr'>εἷπε</span> <span class='ocrx_word' id='word_1_754' title='bbox 1720 5232 1856 5307; x_wconf 87' lang='grc' dir='ltr'>πρὸς</span> <span class='ocrx_word' id='word_1_755' title='bbox 1898 5233 1990 5286; x_wconf 88' lang='grc' dir='ltr'>τὸν</span> 
     </span>
    </p>
   </div>
   <div class='ocr_carea' id='block_1_100' title="bbox 298 5318 1992 5397">
    <p class='ocr_par' dir='ltr' id='par_1_100' title="bbox 298 5318 1992 5397">
     <span class='ocr_line' id='line_1_101' title="bbox 298 5318 1992 5397; baseline -0.003 -16"><span class='ocrx_word' id='word_1_756' title='bbox 298 5323 567 5393; x_wconf 78' lang='grc' dir='ltr'>πλησίον</span> <span class='ocrx_word' id='word_1_757' title='bbox 602 5323 772 5382; x_wconf 71' lang='grc' dir='ltr'>αὐτοῦ</span> <span class='ocrx_word' id='word_1_758' title='bbox 822 5322 878 5378; x_wconf 79' lang='grc' dir='ltr'>ἐν</span> <span class='ocrx_word' id='word_1_759' title='bbox 941 5318 1094 5397; x_wconf 83' lang='grc' dir='ltr'>λόγῳ</span> <span class='ocrx_word' id='word_1_760' title='bbox 1153 5320 1376 5394; x_wconf 84' lang='grc' dir='ltr'>Κυρίου.</span> <span class='ocrx_word' id='word_1_761' title='bbox 1438 5320 1678 5392; x_wconf 81' lang='grc' dir='ltr'>Πάταξόν</span> <span class='ocrx_word' id='word_1_762' title='bbox 1741 5343 1826 5396; x_wconf 85' lang='grc' dir='ltr'>με.</span> <span class='ocrx_word' id='word_1_763' title='bbox 1890 5321 1992 5379; x_wconf 71' lang='grc' dir='ltr'>Καὶ</span> 
     </span>
    </p>
   </div>
   <div class='ocr_carea' id='block_1_101' title="bbox 304 5409 1992 5489">
    <p class='ocr_par' dir='ltr' id='par_1_101' title="bbox 304 5409 1992 5489">
     <span class='ocr_line' id='line_1_102' title="bbox 304 5409 1992 5489; baseline -0.001 -21"><span class='ocrx_word' id='word_1_764' title='bbox 304 5414 418 5470; x_wconf 71' lang='grc' dir='ltr'>οὔκ</span> <span class='ocrx_word' id='word_1_765' title='bbox 447 5413 710 5489; x_wconf 74' lang='grc' dir='ltr'>ἠθέλησε,</span> <span class='ocrx_word' id='word_1_766' title='bbox 749 5413 852 5469; x_wconf 75' lang='grc' dir='ltr'>Καὶ</span> <span class='ocrx_word' id='word_1_767' title='bbox 890 5411 1047 5467; x_wconf 78' lang='grc' dir='ltr'>εἶπεν</span> <span class='ocrx_word' id='word_1_768' title='bbox 1079 5409 1247 5481; x_wconf 73' lang='grc' dir='ltr'>αὐτῷ’</span> <span class='ocrx_word' id='word_1_769' title='bbox 1280 5410 1419 5466; x_wconf 84' lang='grc' dir='ltr'>’Δνθ’</span> <span class='ocrx_word' id='word_1_770' title='bbox 1474 5411 1550 5465; x_wconf 82' lang='grc' dir='ltr'>ὧν</span> <span class='ocrx_word' id='word_1_771' title='bbox 1606 5409 1704 5467; x_wconf 79' lang='grc' dir='ltr'>οὐκ</span> <span class='ocrx_word' id='word_1_772' title='bbox 1754 5412 1992 5482; x_wconf 69' lang='grc' dir='ltr'>ἤκουσας</span> 
     </span>
    </p>
   </div>
   <div class='ocr_carea' id='block_1_102' title="bbox 294 5495 1984 5589">
    <p class='ocr_par' dir='ltr' id='par_1_102' title="bbox 294 5495 1984 5589">
     <span class='ocr_line' id='line_1_103' title="bbox 294 5495 1984 5589; baseline -0.012 -16"><span class='ocrx_word' id='word_1_773' title='bbox 294 5511 405 5579; x_wconf 73' lang='grc' dir='ltr'>τῆς</span> <span class='ocrx_word' id='word_1_774' title='bbox 432 5514 624 5589; x_wconf 63' lang='grc' dir='ltr'>φωνῆς</span> <span class='ocrx_word' id='word_1_775' title='bbox 654 5504 899 5582; x_wconf 75' lang='grc' dir='ltr'>Κυρίου,</span> <span class='ocrx_word' id='word_1_776' title='bbox 928 5520 1030 5589; x_wconf 80' lang='grc' dir='ltr'>και</span> <span class='ocrx_word' id='word_1_777' title='bbox 1063 5496 1183 5589; x_wconf 73' lang='grc' dir='ltr'>ἰδου</span> <span class='ocrx_word' id='word_1_778' title='bbox 1239 5497 1302 5589; x_wconf 64' lang='lat' dir='ltr'>ab</span> <span class='ocrx_word' id='word_1_779' title='bbox 1361 5499 1684 5576; x_wconf 77' lang='grc' dir='ltr'>ἀποτρέχεις</span> <span class='ocrx_word' id='word_1_780' title='bbox 1741 5495 1865 5572; x_wconf 80' lang='grc' dir='ltr'>ἔξω,</span> <span class='ocrx_word' id='word_1_781' title='bbox 1896 5504 1984 5557; x_wconf 83' lang='grc' dir='ltr'>καὶ</span> 
     </span>
    </p>
   </div>
   <div class='ocr_carea' id='block_1_103' title="bbox 281 5585 1985 5675">
    <p class='ocr_par' dir='ltr' id='par_1_103' title="bbox 281 5585 1985 5675">
     <span class='ocr_line' id='line_1_104' title="bbox 281 5585 1985 5675; baseline -0.005 -19"><span class='ocrx_word' id='word_1_782' title='bbox 281 5585 522 5675; x_wconf 64' lang='grc' dir='ltr'>κατάξει</span> <span class='ocrx_word' id='word_1_783' title='bbox 565 5620 625 5656; x_wconf 89' lang='grc' dir='ltr'>σε</span> <span class='ocrx_word' id='word_1_784' title='bbox 658 5594 840 5654; x_wconf 80' lang='grc' dir='ltr'>λέων·</span> <span class='ocrx_word' id='word_1_785' title='bbox 898 5588 1040 5663; x_wconf 73' lang='grc' dir='ltr'>ὅπερ</span> <span class='ocrx_word' id='word_1_786' title='bbox 1097 5585 1189 5642; x_wconf 78' lang='grc' dir='ltr'>καὶ</span> <span class='ocrx_word' id='word_1_787' title='bbox 1240 5585 1442 5664; x_wconf 69' lang='grc' dir='ltr'>γέγονε.</span> <span class='ocrx_word' id='word_1_788' title='bbox 1516 5589 1617 5645; x_wconf 83' lang='grc' dir='ltr'>Καὶ</span> <span class='ocrx_word' id='word_1_789' title='bbox 1676 5591 1794 5646; x_wconf 79' lang='grc' dir='ltr'>εἷπε</span> <span class='ocrx_word' id='word_1_790' title='bbox 1849 5593 1985 5667; x_wconf 86' lang='grc' dir='ltr'>πρὸς</span> 
     </span>
    </p>
   </div>
   <div class='ocr_carea' id='block_1_104' title="bbox 338 5718 883 5797">
    <p class='ocr_par' dir='ltr' id='par_1_104' title="bbox 338 5718 883 5797">
     <span class='ocr_line' id='line_1_105' title="bbox 338 5718 883 5797; baseline 0.002 -31"><span class='ocrx_word' id='word_1_791' title='bbox 338 5723 392 5766; x_wconf 71' lang='grc' dir='ltr'><em>η</em></span> <span class='ocrx_word' id='word_1_792' title='bbox 425 5724 513 5786; x_wconf 73' lang='grc' dir='ltr'>ιιι</span> <span class='ocrx_word' id='word_1_793' title='bbox 538 5724 691 5797; x_wconf 69' lang='lat' dir='ltr'>Reg.</span> <span class='ocrx_word' id='word_1_794' title='bbox 727 5718 883 5774; x_wconf 73' lang='lat' dir='ltr'>xvii.</span> 
     </span>
    </p>
   </div>
   <div class='ocr_carea' id='block_1_105' title="bbox 2110 4614 3753 4692">
    <p class='ocr_par' dir='ltr' id='par_1_105' title="bbox 2110 4614 3753 4692">
     <span class='ocr_line' id='line_1_106' title="bbox 2110 4614 3753 4692; baseline 0.006 -24"><span class='ocrx_word' id='word_1_795' title='bbox 2110 4614 2172 4669; x_wconf 90' lang='lat' dir='ltr'>in</span> <span class='ocrx_word' id='word_1_796' title='bbox 2199 4630 2334 4670; x_wconf 89' lang='lat' dir='ltr'>eum</span> <span class='ocrx_word' id='word_1_797' title='bbox 2361 4615 2667 4672; x_wconf 88' lang='lat' dir='ltr'>incidisset</span> <span class='ocrx_word' id='word_1_798' title='bbox 2701 4617 3015 4674; x_wconf 87' lang='lat' dir='ltr'>duodecim</span> <span class='ocrx_word' id='word_1_799' title='bbox 3046 4619 3208 4692; x_wconf 82' lang='lat' dir='ltr'>jugis</span> <span class='ocrx_word' id='word_1_800' title='bbox 3239 4620 3419 4677; x_wconf 88' lang='lat' dir='ltr'>boum</span> <span class='ocrx_word' id='word_1_801' title='bbox 3469 4629 3753 4679; x_wconf 89' lang='lat' dir='ltr'>arantem.</span> 
     </span>
    </p>
   </div>
   <div class='ocr_carea' id='block_1_106' title="bbox 2106 4704 3758 4777">
    <p class='ocr_par' dir='ltr' id='par_1_106' title="bbox 2106 4704 3758 4777">
     <span class='ocr_line' id='line_1_107' title="bbox 2106 4704 3758 4777; baseline 0.007 -18"><span class='ocrx_word' id='word_1_802' title='bbox 2106 4704 2355 4761; x_wconf 74' lang='lat' dir='ltr'>Elisaaus</span> <span class='ocrx_word' id='word_1_803' title='bbox 2375 4707 2576 4762; x_wconf 87' lang='lat' dir='ltr'>statim</span> <span class='ocrx_word' id='word_1_804' title='bbox 2598 4708 2868 4764; x_wconf 81' lang='lat' dir='ltr'>mactatis</span> <span class='ocrx_word' id='word_1_805' title='bbox 2898 4709 3533 4777; x_wconf 86' lang='lat' dir='ltr'>bobus,instrumentis</span> <span class='ocrx_word' id='word_1_806' title='bbox 3561 4720 3758 4770; x_wconf 87' lang='lat' dir='ltr'>arato-</span> 
     </span>
    </p>
   </div>
   <div class='ocr_carea' id='block_1_107' title="bbox 2107 4794 3757 4875">
    <p class='ocr_par' dir='ltr' id='par_1_107' title="bbox 2107 4794 3757 4875">
     <span class='ocr_line' id='line_1_108' title="bbox 2107 4794 3757 4875; baseline 0.007 -26"><span class='ocrx_word' id='word_1_807' title='bbox 2107 4794 2210 4850; x_wconf 91' lang='lat' dir='ltr'>riis</span> <span class='ocrx_word' id='word_1_808' title='bbox 2231 4797 2514 4861; x_wconf 86' lang='lat' dir='ltr'>accensis,</span> <span class='ocrx_word' id='word_1_809' title='bbox 2548 4801 2885 4869; x_wconf 87' lang='lat' dir='ltr'>percoctam</span> <span class='ocrx_word' id='word_1_810' title='bbox 2913 4815 3122 4855; x_wconf 89' lang='lat' dir='ltr'>eorum</span> <span class='ocrx_word' id='word_1_811' title='bbox 3155 4816 3400 4857; x_wconf 88' lang='lat' dir='ltr'>carnem</span> <span class='ocrx_word' id='word_1_812' title='bbox 3426 4803 3645 4875; x_wconf 88' lang='lat' dir='ltr'>populo</span> <span class='ocrx_word' id='word_1_813' title='bbox 3669 4822 3757 4861; x_wconf 89' lang='lat' dir='ltr'>ve-</span> 
     </span>
    </p>
   </div>
   <div class='ocr_carea' id='block_1_108' title="bbox 2107 4886 3754 4961">
    <p class='ocr_par' dir='ltr' id='par_1_108' title="bbox 2107 4886 3754 4961">
     <span class='ocr_line' id='line_1_109' title="bbox 2107 4886 3754 4961; baseline 0.005 -20"><span class='ocrx_word' id='word_1_814' title='bbox 2107 4887 2389 4942; x_wconf 87' lang='lat' dir='ltr'>scendam</span> <span class='ocrx_word' id='word_1_815' title='bbox 2427 4886 2681 4958; x_wconf 68' lang='lat' dir='ltr'>praebet;</span> <span class='ocrx_word' id='word_1_816' title='bbox 2714 4892 2893 4960; x_wconf 89' lang='lat' dir='ltr'>atque</span> <span class='ocrx_word' id='word_1_817' title='bbox 2923 4889 3051 4961; x_wconf 91' lang='lat' dir='ltr'>ipse</span> <span class='ocrx_word' id='word_1_818' title='bbox 3074 4889 3266 4946; x_wconf 88' lang='lat' dir='ltr'>Eliam</span> <span class='ocrx_word' id='word_1_819' title='bbox 3297 4896 3577 4961; x_wconf 89' lang='lat' dir='ltr'>sectatur,</span> <span class='ocrx_word' id='word_1_820' title='bbox 3610 4899 3671 4950; x_wconf 86' lang='lat' dir='ltr'>et</span> <span class='ocrx_word' id='word_1_821' title='bbox 3700 4896 3754 4952; x_wconf 88' lang='lat' dir='ltr'>ei</span> 
     </span>
    </p>
   </div>
   <div class='ocr_carea' id='block_1_109' title="bbox 2106 4975 2501 5034">
    <p class='ocr_par' dir='ltr' id='par_1_109' title="bbox 2106 4975 2501 5034">
     <span class='ocr_line' id='line_1_110' title="bbox 2106 4975 2501 5034; baseline 0.005 -3"><span class='ocrx_word' id='word_1_822' title='bbox 2106 4975 2501 5034; x_wconf 87' lang='lat' dir='ltr'>administrat.</span> 
     </span>
    </p>
   </div>
   <div class='ocr_carea' id='block_1_110' title="bbox 2173 5066 3756 5142">
    <p class='ocr_par' dir='ltr' id='par_1_110' title="bbox 2173 5066 3756 5142">
     <span class='ocr_line' id='line_1_111' title="bbox 2173 5066 3756 5142; baseline 0.006 -23"><span class='ocrx_word' id='word_1_823' title='bbox 2173 5066 2357 5120; x_wconf 90' lang='lat' dir='ltr'>Porro</span> <span class='ocrx_word' id='word_1_824' title='bbox 2378 5066 2654 5122; x_wconf 89' lang='lat' dir='ltr'>Achabus</span> <span class='ocrx_word' id='word_1_825' title='bbox 2676 5084 2811 5123; x_wconf 90' lang='lat' dir='ltr'>cum</span> <span class='ocrx_word' id='word_1_826' title='bbox 2835 5067 3023 5123; x_wconf 85' lang='lat' dir='ltr'>filium</span> <span class='ocrx_word' id='word_1_827' title='bbox 3046 5067 3222 5124; x_wconf 83' lang='lat' dir='ltr'>Aderi</span> <span class='ocrx_word' id='word_1_828' title='bbox 3241 5085 3438 5142; x_wconf 86' lang='lat' dir='ltr'>regem</span> <span class='ocrx_word' id='word_1_829' title='bbox 3461 5071 3642 5142; x_wconf 65' lang='lat' dir='ltr'>Syria:</span> <span class='ocrx_word' id='word_1_830' title='bbox 3665 5088 3756 5128; x_wconf 87' lang='lat' dir='ltr'>ce—</span> 
     </span>
    </p>
   </div>
   <div class='ocr_carea' id='block_1_111' title="bbox 2103 5153 3752 5229">
    <p class='ocr_par' dir='ltr' id='par_1_111' title="bbox 2103 5153 3752 5229">
     <span class='ocr_line' id='line_1_112' title="bbox 2103 5153 3752 5229; baseline 0.007 -22"><span class='ocrx_word' id='word_1_831' title='bbox 2103 5153 2595 5225; x_wconf 86' lang='lat' dir='ltr'>pissct,donatum</span> <span class='ocrx_word' id='word_1_832' title='bbox 2616 5155 3017 5229; x_wconf 89' lang='lat' dir='ltr'>dimisit.Ergo</span> <span class='ocrx_word' id='word_1_833' title='bbox 3033 5157 3274 5227; x_wconf 89' lang='lat' dir='ltr'>quidam</span> <span class='ocrx_word' id='word_1_834' title='bbox 3291 5175 3364 5213; x_wconf 81' lang='lat' dir='ltr'>ex</span> <span class='ocrx_word' id='word_1_835' title='bbox 3376 5164 3573 5215; x_wconf 88' lang='lat' dir='ltr'>vatum</span> <span class='ocrx_word' id='word_1_836' title='bbox 3584 5160 3642 5216; x_wconf 87' lang='lat' dir='ltr'>fa</span> <span class='ocrx_word' id='word_1_837' title='bbox 3651 5162 3752 5218; x_wconf 89' lang='lat' dir='ltr'>mi-</span> 
     </span>
    </p>
   </div>
   <div class='ocr_carea' id='block_1_112' title="bbox 2102 5242 3749 5309">
    <p class='ocr_par' dir='ltr' id='par_1_112' title="bbox 2102 5242 3749 5309">
     <span class='ocr_line' id='line_1_113' title="bbox 2102 5242 3749 5309; baseline 0.006 -12"><span class='ocrx_word' id='word_1_838' title='bbox 2102 5242 2456 5299; x_wconf 71' lang='lat' dir='ltr'>liaMichaaas</span> <span class='ocrx_word' id='word_1_839' title='bbox 2467 5244 2907 5305; x_wconf 79' lang='lat' dir='ltr'>nomine,alteri</span> <span class='ocrx_word' id='word_1_840' title='bbox 2920 5246 3156 5302; x_wconf 84' lang='lat' dir='ltr'>cuidam</span> <span class='ocrx_word' id='word_1_841' title='bbox 3171 5247 3269 5302; x_wconf 92' lang='lat' dir='ltr'>Dei</span> <span class='ocrx_word' id='word_1_842' title='bbox 3285 5247 3749 5309; x_wconf 83' lang='lat' dir='ltr'>instinctudixit:</span> 
     </span>
    </p>
   </div>
   <div class='ocr_carea' id='block_1_113' title="bbox 2100 5331 3746 5411">
    <p class='ocr_par' dir='ltr' id='par_1_113' title="bbox 2100 5331 3746 5411">
     <span class='ocr_line' id='line_1_114' title="bbox 2100 5331 3746 5411; baseline 0.007 -25"><span class='ocrx_word' id='word_1_843' title='bbox 2100 5331 2231 5387; x_wconf 88' lang='lat' dir='ltr'>Feri</span> <span class='ocrx_word' id='word_1_844' title='bbox 2253 5348 2370 5387; x_wconf 90' lang='lat' dir='ltr'>me.</span> <span class='ocrx_word' id='word_1_845' title='bbox 2395 5331 2561 5396; x_wconf 91' lang='lat' dir='ltr'>Quod</span> <span class='ocrx_word' id='word_1_846' title='bbox 2577 5333 2831 5389; x_wconf 90' lang='lat' dir='ltr'>cumille</span> <span class='ocrx_word' id='word_1_847' title='bbox 2865 5333 3239 5402; x_wconf 86' lang='lat' dir='ltr'>detrectaret,</span> <span class='ocrx_word' id='word_1_848' title='bbox 3274 5336 3640 5397; x_wconf 87' lang='lat' dir='ltr'>denuntiavit</span> <span class='ocrx_word' id='word_1_849' title='bbox 3671 5342 3746 5411; x_wconf 87' lang='lat' dir='ltr'>ei,</span> 
     </span>
    </p>
   </div>
   <div class='ocr_carea' id='block_1_114' title="bbox 2099 5420 3749 5495">
    <p class='ocr_par' dir='ltr' id='par_1_114' title="bbox 2099 5420 3749 5495">
     <span class='ocr_line' id='line_1_115' title="bbox 2099 5420 3749 5495; baseline 0.007 -19"><span class='ocrx_word' id='word_1_850' title='bbox 2099 5420 2260 5492; x_wconf 89' lang='lat' dir='ltr'>quod</span> <span class='ocrx_word' id='word_1_851' title='bbox 2293 5421 2574 5477; x_wconf 87' lang='lat' dir='ltr'>mandato</span> <span class='ocrx_word' id='word_1_852' title='bbox 2613 5422 2716 5477; x_wconf 88' lang='lat' dir='ltr'>Dei</span> <span class='ocrx_word' id='word_1_853' title='bbox 2739 5439 2861 5478; x_wconf 92' lang='lat' dir='ltr'>non</span> <span class='ocrx_word' id='word_1_854' title='bbox 2894 5430 3049 5479; x_wconf 88' lang='lat' dir='ltr'>esset</span> <span class='ocrx_word' id='word_1_855' title='bbox 3078 5424 3417 5495; x_wconf 89' lang='lat' dir='ltr'>obsecutus,</span> <span class='ocrx_word' id='word_1_856' title='bbox 3449 5427 3583 5485; x_wconf 92' lang='lat' dir='ltr'>ideo</span> <span class='ocrx_word' id='word_1_857' title='bbox 3614 5448 3749 5487; x_wconf 90' lang='lat' dir='ltr'>eum</span> 
     </span>
    </p>
   </div>
   <div class='ocr_carea' id='block_1_115' title="bbox 2109 5509 3749 5584">
    <p class='ocr_par' dir='ltr' id='par_1_115' title="bbox 2109 5509 3749 5584">
     <span class='ocr_line' id='line_1_116' title="bbox 2109 5509 3749 5584; baseline 0.009 -22"><span class='ocrx_word' id='word_1_858' title='bbox 2109 5524 2413 5581; x_wconf 87' lang='lat' dir='ltr'>egressum</span> <span class='ocrx_word' id='word_1_859' title='bbox 2435 5526 2470 5564; x_wconf 91' lang='lat' dir='ltr'>a</span> <span class='ocrx_word' id='word_1_860' title='bbox 2500 5509 2670 5566; x_wconf 84' lang='lat' dir='ltr'>leone</span> <span class='ocrx_word' id='word_1_861' title='bbox 2693 5527 2911 5567; x_wconf 66' lang='lat' dir='ltr'>caesum</span> <span class='ocrx_word' id='word_1_862' title='bbox 2935 5511 3027 5566; x_wconf 91' lang='lat' dir='ltr'>iri.</span> <span class='ocrx_word' id='word_1_863' title='bbox 3052 5513 3244 5584; x_wconf 86' lang='lat' dir='ltr'>Atque</span> <span class='ocrx_word' id='word_1_864' title='bbox 3275 5514 3359 5571; x_wconf 88' lang='lat' dir='ltr'>ita</span> <span class='ocrx_word' id='word_1_865' title='bbox 3387 5515 3607 5575; x_wconf 86' lang='lat' dir='ltr'>factum</span> <span class='ocrx_word' id='word_1_866' title='bbox 3641 5525 3749 5577; x_wconf 87' lang='lat' dir='ltr'>est.</span> 
     </span>
    </p>
   </div>
   <div class='ocr_carea' id='block_1_116' title="bbox 2096 5596 3745 5676">
    <p class='ocr_par' dir='ltr' id='par_1_116' title="bbox 2096 5596 3745 5676">
     <span class='ocr_line' id='line_1_117' title="bbox 2096 5596 3745 5676; baseline 0.008 -23"><span class='ocrx_word' id='word_1_867' title='bbox 2096 5597 2261 5654; x_wconf 78' lang='lat' dir='ltr'>Alius</span> <span class='ocrx_word' id='word_1_868' title='bbox 2281 5596 2495 5654; x_wconf 87' lang='lat' dir='ltr'>deinde</span> <span class='ocrx_word' id='word_1_869' title='bbox 2518 5600 2631 5656; x_wconf 84' lang='lat' dir='ltr'>vati</span> <span class='ocrx_word' id='word_1_870' title='bbox 2642 5599 2819 5673; x_wconf 87' lang='lat' dir='ltr'>jussu</span> <span class='ocrx_word' id='word_1_871' title='bbox 2839 5600 3025 5672; x_wconf 88' lang='lat' dir='ltr'>ipsius</span> <span class='ocrx_word' id='word_1_872' title='bbox 3039 5601 3241 5676; x_wconf 82' lang='lat' dir='ltr'>plagas</span> <span class='ocrx_word' id='word_1_873' title='bbox 3257 5605 3296 5660; x_wconf 86' lang='grc' dir='ltr'>ι</span> <span class='ocrx_word' id='word_1_874' title='bbox 3312 5606 3350 5661; x_wconf 75' lang='lat'><strong>7</strong></span> <span class='ocrx_word' id='word_1_875' title='bbox 3360 5604 3408 5661; x_wconf 82' lang='lat'><strong>8</strong></span> <span class='ocrx_word' id='word_1_876' title='bbox 3424 5611 3483 5662; x_wconf 90' lang='lat' dir='ltr'>et</span> <span class='ocrx_word' id='word_1_877' title='bbox 3500 5608 3745 5666; x_wconf 85' lang='lat' dir='ltr'>vulnera</span> 
     </span>
    </p>
   </div>
  </div>
