4104 6276
461 385 580 448 211

1831 383 2149 449 GEORGII
2195 374 2533 450 CEDRENI

3737 409 3842 472 212

475 515 1099 593 imposuitlndevates
1118 519 1304 577 fascia
1322 519 1487 578 vultu
1536 521 1816 596 obligato,
1849 537 1967 594 qua
2020 536 2119 576 rex

2231 515 2430 607 ἄλλον,
2461 520 2551 575 καὶ
2581 520 2836 595 ἐπάταξεν
2867 524 3054 596 αὐτὸν,
3083 526 3176 584 καὶ
3235 527 3542 607 συνετρίϐη.
3602 538 3696 592 Kal
3755 561 3844 597 κα.

467 609 882 666 Israelicorum
906 610 1264 667 transiturus
1289 616 1414 666 erat
1435 613 1736 678 constitit;
1757 628 1944 682 eoque
1967 628 2117 683 prae-

468 702 742 756 tereunte
761 697 884 754 alta
912 716 1050 754 voce
1081 705 1324 770 questus
1350 705 1438 756 est
1469 717 1531 756 se
1564 701 1791 773 regium
1807 717 2037 758 servum
2060 701 2121 755 in

469 787 703 845 bellum
737 788 1092 860 profectum,
1116 790 1297 845 alium
1344 789 1663 862 quemdam
1708 789 1782 846 ad
1812 808 1875 847 se
1930 790 2122 846 virum

474 877 1070 949 adduxisse,ejusque
1093 878 1204 933 sibi
1236 880 1566 935 custodiam
1588 879 1900 937 mandasse
1914 879 2122 953 ealege

472 970 540 1024 ut
577 966 625 1022 si
657 967 708 1021 is
764 967 852 1021 vir
908 967 1255 1040 aufugisset,
1308 985 1414 1040 pro
1458 984 1525 1024 eo
1586 970 1761 1025 vitam
1812 986 1980 1031 suam
2023 975 2122 1026 aut

473 1059 699 1129 argenti
736 1059 957 1114 talenta
987 1059 1293 1131 penderet.
1324 1061 1393 1115 Se
1435 1062 1545 1117 hac
1577 1061 1714 1117 illac
1771 1062 2119 1133 circumspi-

473 1148 689 1216 ciente,
721 1148 963 1202 interim
994 1148 1184 1204 virum
1224 1149 1362 1221 fuga
1380 1167 1441 1205 se
1474 1151 2124 1223 proripuisse.Respon-

477 1237 564 1293 dit
591 1254 696 1292 rex
727 1253 864 1292 eum
890 1237 962 1292 de
985 1254 1045 1293 se
1079 1238 1206 1309 ipso
1239 1239 1596 1294 sententiam
1617 1240 1845 1307 tulisse,
1873 1257 2121 1312 esseque

475 1344 581 1387 suo
607 1327 897 1384 arbitratu
924 1328 1227 1384 homicidii
1250 1329 1668 1401 fontemﬁl‘um
1690 1336 1848 1386 vates
1870 1348 2121 1404 propere

468 1417 716 1473 fasciam
749 1433 783 1472 a
812 1416 960 1473 facie
982 1419 1609 1491 removit,agnitusque
1630 1437 1788 1476 unus
1809 1421 1880 1476 de
1893 1422 2121 1477 vatibus

475 1506 718 1575 esse,ita
738 1506 971 1562 locutus
996 1511 1168 1563 est:«
1209 1509 1301 1563 Sic
1347 1509 1429 1563 ait
1474 1510 1760 1565 Dominus
1790 1511 2122 1582 regizQuia

470 1600 535 1650 tu
565 1596 761 1650 virum
784 1596 1069 1667 perniciei
1093 1597 1453 1654 destinatum
1478 1615 1547 1654 ex
1590 1600 1866 1655 manibus
1890 1600 2006 1655 tuis
2032 1599 2119 1655 di-

478 1683 717 1752 misisti,
740 1701 876 1740 ecce
908 1685 1036 1754 tibi,
1067 1685 1186 1742 vita
1224 1692 1324 1742 tua
1372 1704 1478 1759 pro
1526 1688 1644 1744 vita
1690 1688 1876 1760 ipsius
1933 1705 2121 1761 popu-

472 1773 685 1845 lusque
716 1779 852 1830 tuus
883 1792 990 1846 pro
1021 1775 1240 1847 pOpulo
1273 1776 1402 1847 ejus
1449 1774 1572 1832 luet
1598 1775 1667 1832 9‘.
1702 1799 1731 1827 »
1782 1777 1942 1832 Abiit
1980 1795 2118 1850 ergo

408 1934 411 1935 ν
473 1862 749 1918 Achabus
778 1863 962 1919 animi
984 1880 1140 1937 aeger
1164 1870 1340 1935 atque
1372 1864 1542 1921 ﬂens.

536 2051 873 2109 Secundum
891 2052 1016 2110 haec
1030 2052 1303 2109 Achabus
1317 2053 1799 2110 vineamNabothi
1816 2056 2121 2126 Israelitae,

471 2142 851 2214 continguam
901 2158 1052 2196 areas
1099 2143 1273 2214 regis,
1296 2141 1385 2197 vel
1414 2144 1851 2215 permutatione
1878 2145 2121 2202 alterius

471 2232 659 2286 vinem
689 2230 781 2284 vel
813 2230 1006 2285 soluto
1046 2231 1236 2301 pretio
1269 2247 1437 2286 suam
1468 2232 1660 2287 facere
1721 2233 2013 2304 cupiebat.
2050 2238 2123 2290 At

471 2336 608 2375 vero
636 2318 939 2375 Nabothus
969 2335 1293 2390 pernegare
1352 2335 1414 2374 se
1472 2338 1646 2377 suum
1694 2323 2120 2392 patrimonium

472 2409 751 2478 cuiquam
783 2407 1179 2463 addicturum.
1212 2410 1348 2473 Quae
1372 2426 1466 2463 res
1502 2426 1633 2464 cum
1668 2411 1932 2466 dolorem
1962 2414 2122 2468 intu-

471 2497 642 2554 lisset
662 2496 1190 2564 Achabo,Jezabela
1219 2513 1288 2552 eo
1318 2498 1552 2569 cognito
1574 2499 1646 2554 ad
1680 2500 1944 2555 seniores
1960 2501 2123 2556 urbis

474 2586 706 2641 litteras
739 2585 858 2654 dat,
892 2584 1184 2641 mandans
1212 2586 1298 2641 uti
1330 2585 1661 2642 Nabothum
1686 2589 1935 2659 quaesita
1956 2606 2121 2644 occa-

478 2675 645 2731 sione
665 2674 803 2730 facti
831 2674 1211 2730 interﬁciant.
1249 2675 1292 2730 li
1343 2676 1600 2732 conﬁcta
1646 2677 1926 2733 adversus
1985 2696 2121 2734 eum

479 2762 977 2834 calumnia,quasi
1008 2779 1205 2835 regem
1236 2769 1575 2820 exsecratus
1608 2771 1782 2835 esset,
1818 2767 2122 2823 hominem

478 2852 1036 2918 trucidant,vineam
1055 2852 1329 2908 Achabus
1352 2860 1619 2926 occupat.
1646 2855 1811 2910 Hunc
1834 2858 1989 2912 Elias
2020 2873 2123 2930 ag-

471 2959 709 3016 gressus
740 2941 821 2997 ita
842 2941 1252 3012 compellavit:
1278 2942 1446 2998 «Haec
1473 2943 1616 2998 dicit
1645 2945 1929 3000 Dominus
1954 2964 1967 3001 :
1995 2968 2019 2997 (ι
2039 2949 2122 3002 Tu

471 3032 625 3087 179
657 3031 989 3099 ᾕοηιὶοἱάἱο
1010 3037 1347 3103 perpetrato
1396 3032 1652 3089 alienam
1684 3035 2120 3106 possessionem

473 3121 1017 3190 invasisti.Idcirco,
1043 3138 1161 3191 quo
1184 3121 1313 3177 loco
1337 3124 1687 3195 sanguinem
1702 3125 1948 3180 Nabothi
1983 3143 2120 3182 sues

472 3214 720 3265 etcanes
742 3209 1283 3276 linxerunt,eodem
1309 3216 1366 3264 et
1390 3228 1568 3266 canes
1583 3214 1932 3284 sanguinem
1950 3220 2114 3270 tuum
2148 3248 2192 3317 C

472 3298 739 3353 lambent
782 3305 841 3353 et
873 3300 932 3352 in
964 3314 1033 3353 eo
1070 3305 1265 3353 scorta
1316 3299 1627 3367 lavabunt;
1661 3318 1730 3356 ac
1784 3303 2116 3359 Jezabelam

476 3407 654 3447 canes
683 3389 976 3446 vorabunt
1005 3395 1143 3445 ante
1162 3407 1363 3445 muros
1384 3393 1786 3449 Jesraelenses
1811 3394 2124 3452 '5.»Exitus

478 3481 593 3536 hoc
617 3479 963 3534 vaticinium
995 3479 1436 3550 comprobavit,
1480 3497 1618 3536 nam
1664 3483 1938 3538 Achabus
1988 3502 2122 3540 cum

481 3568 800 3640 Josaphato
830 3584 962 3640 rege
993 3567 1155 3623 Iudae
1189 3584 1459 3641 egressus
1490 3570 1551 3624 in
1595 3571 1860 3642 praelium
1919 3580 2126 3629 contra

480 3675 682 3732 regem
713 3657 917 3731 Syrim.
942 3658 1154 3730 sagitta
1166 3658 1341 3729 jecur
1371 3658 1522 3715 ictus
1565 3661 1889 3716 Samariam
1951 3663 2126 3717 rediit

483 3748 684 3819 ibique
714 3752 984 3803 mortuus
1009 3754 1124 3813 est;
1159 3752 1217 3803 et
1246 3764 1381 3803 cum
1413 3750 1652 3821 sanguis
1675 3750 1804 3822 ejus
1827 3751 2128 3808 elueretur

480 3836 638 3910 apud
662 3837 886 3892 fontem
909 3837 1351 3902 Samariaa,eum
1375 3856 1508 3894 sues
1527 3844 1585 3894 et
1603 3855 1778 3895 canes
1798 3840 2124 3911 linxerunt,

477 3925 843 3998 paulumque
863 3925 1016 3979 infra
1036 3926 1376 3981 meretrices
1406 3927 1468 3982 in
1489 3930 1618 4000 ejus
1647 3929 1933 4002 sanguine
1965 3932 2121 3987 lava-

473 4013 913 4069 runt.Jezabela
946 4015 1123 4068 etiam
1156 4012 1227 4068 de
1250 4030 1419 4069 muro
1443 4014 1673 4089 dejecta
1703 4017 1951 4074 canibus
1973 4035 2122 4075 escas

474 4103 787 4167 fuit,sicuti
814 4103 968 4159 Deus
999 4102 1154 4158 fatus
1178 4103 1392 4160 fuerat.

533 4258 813 4315 Ochozias
834 4257 1055 4313 Achabi
1075 4256 1229 4313 filius
1245 4274 1493 4330 regnum
1515 4259 1573 4314 in
1597 4260 2115 4321 Israelicostenuit

474 4346 808 4402 biennium.
825 4347 878 4401 Is
901 4363 1033 4402 cum
1054 4352 1386 4418 aagrotaret,
1418 4348 1661 4404 nuntios
1684 4350 1847 4406 misit
1868 4354 2122 4409 Accaro-

470 4435 739 4505 nem.qui
772 4452 843 4490 ex
882 4434 992 4489 deo
1016 4435 1284 4507 principe
1322 4453 1660 4493 muscarum
1678 4448 2015 4511 quaererent
2046 4461 2121 4499 an

470 4523 869 4580 valetudinem
903 4539 974 4577 ex
1007 4523 1211 4578 morbo
1263 4542 1369 4580 suo
1429 4532 1584 4582 esset
1636 4536 2004 4602 recepturus.
2044 4533 2118 4588 lis

468 4612 625 4669 Etias
655 4612 1005 4680 occurrit,ac
1026 4614 1244 4668 reversi
1258 4614 1520 4670 Ochozim
1559 4619 1909 4675 nuntiarunt
1929 4622 2113 4676 homi-

2231 4629 2418 4692 αὐτοῖς
2429 4673 2439 4685 .
2470 4632 2564 4684 Kal

469 4719 607 4758 nem
642 4702 783 4773 ipsis
798 4701 1090 4757 hirsutum
1103 4701 1335 4759 obviam
1348 4704 1571 4760 factum
1584 4707 1799 4768 .cinctu
1814 4710 2065 4779 pelliceo
2100 4729 2112 4767 :

470 4790 954 4864 eumjussisseut
980 4791 1053 4846 ad
1086 4808 1220 4846 eum
1252 4794 1352 4863 qui
1380 4793 1621 4849 miserat
1650 4796 2116 4871 redirent,eique

467 4881 814 4939 nuntiarent
842 4881 1140 4957 DeumAita
1183 4882 1315 4943 fari,
1377 4898 1537 4949 eum,
1596 4885 1824 4940 scilicet
1866 4889 2023 4957 quod
2054 4890 2116 4944 in

466 4960 684 5027 Israelo
717 4969 919 5025 nullus
942 4952 1231 5038 sit.Deus,
1284 4969 1417 5025 ideo
1477 4972 1717 5027 Baalum
1767 4952 2106 5033 consultum

463 5061 718 5117 misisse.
754 5061 878 5115 Non
909 5059 992 5114 ita
1020 5059 1165 5114 fore.
1202 5059 1403 5130 Ipsum
1449 5060 1519 5115 de
1551 5061 1726 5128 lecto,
1762 5080 1938 5134 quem
1970 5083 2109 5121 con-

465 5149 814 5215 scendisset,
847 5163 1225 5220 nequaquam
1279 5147 1729 5206 descensurum.
1788 5154 2118 5225 Respondit

462 5238 741 5294 Ochozias
770 5238 959 5292 Eliam
1010 5252 1147 5291 eum
1203 5236 1385 5293 fuisse
1437 5239 1795 5310 Thesbitam,
1831 5244 2109 5316 misitque

464 5329 623 5383 viros
642 5327 1074 5399 quinquaginta
1087 5343 1220 5383 cum
1241 5343 1347 5382 suo
1370 5329 1667 5398 praefecto.
1702 5331 1955 5389 Sedebat
1989 5340 2111 5392 tum

463 5415 621 5473 Elias
647 5416 708 5470 in
741 5416 961 5470 montis
990 5415 1226 5470 vertice.
1269 5416 1373 5472 Cui
1405 5434 1540 5474 cum
1597 5420 1910 5490 prmfectus
1960 5426 2116 5482 180

464 5505 715 5560 dixisset
746 5520 760 5558 :
797 5524 819 5551 κ
856 5504 955 5558 Vir
984 5503 1105 5570 Dei,
1138 5521 1242 5562 rex
1273 5510 1327 5561 te
1358 5512 1545 5573 vocat,
1580 5507 1896 5577 descende,
1938 5535 1956 5561 ι
1987 5530 2116 5570 res-

467 5594 717 5668 pondit:
749 5614 778 5643 ‹‹
801 5592 860 5650 Si
893 5608 998 5664 ego
1028 5593 1115 5648 vir
1139 5593 1240 5648 Dei
1267 5594 1501 5658 sum,de
1522 5596 1670 5653 cmlo
1691 5599 1842 5671 ignis
1863 5600 2116 5672 decidat,

473 5700 543 5742 ac
572 5688 629 5740 te
657 5699 792 5740 cum
817 5681 934 5738 tuis
965 5685 1032 5738 50
1053 5682 1192 5739 viris
1219 5685 1475 5756 perimat
1493 5683 1793 5759 “.nldque
1815 5692 2015 5749 statim
2037 5693 2117 5750 fa-

2139 1881 2190 1948 Β
2227 1865 2316 1920 καὶ
2348 1866 2376 1919 ὁ
2417 1863 2550 1928 λαός
2583 1888 2680 1923 σου
2713 1869 2831 1927 ἀντὶ
2861 1875 2960 1927 τοῦ
2991 1872 3126 1928 λαοῦ
3157 1874 3340 1932 αὐτοῦ.
3381 1901 3408 1928 »

2229 606 2606 702 ταδησαμενος
2695 618 2986 692 προφήτης
3016 615 3301 693 ταλαμῶνι
3346 606 3474 684 τοὺς
3528 623 3841 702 ὀφθαλμοὺς,

2230 695 2306 786 ὡς
2363 698 2391 753 ὁ
2445 700 2700 774 βασιλεὺς
2783 704 3005 780 Ἰσραὴλ
3086 711 3507 784 παρεπορεύετο,
3562 714 3646 770 καί
3696 721 3842 786 αὐτὸς

2231 780 2381 841 ἐϐόα·
2414 789 2477 845 Ὀ
2505 787 2703 854 δοῦλος
2733 813 2828 848 σου
2885 795 3103 866 ἐξῆλθεν
3163 796 3249 854 ἐπὶ
3305 802 3407 870 τήν
3466 805 3706 877 στρατιὰν
3755 814 3840 865 τοῦ

2232 875 2501 975 πολέμου,
2548 882 2640 936 καὶ
2679 884 3087 975 ανὴρ-εἰσῆγεν
3135 885 3303 965 ἄνδρα
3352 894 3488 967 πρὸς
3533 875 3608 967 ⁷με
3663 897 3837 975 λέγων·

2233 965 2479 1040 Φύλαξόν
2517 991 2613 1042 μοι
2639 972 2730 1026 τὸν
2764 971 2931 1050 ἄνδρα
2986 978 3199 1036 τοῦτον.
3259 965 3405 1037 Ἐὰν-
3432 979 3489 1038 δὲ
3544 965 3785 1065 ἄποφύγῃ
3814 992 3844 1062 ἦ

2231 1057 2385 1131 ψυχή
2430 1079 2524 1112 σου
2592 1054 2737 1116 ἔσται
2794 1063 2909 1118 ἀντὶ
2974 1070 3077 1131 τῆς
3108 1070 3293 1148 ψυχῆς
3323 1070 3514 1142 αὑτοῦ,
3545 1073 3580 1142 ἢ
3633 1054 3849 1135 male}

2231 1143 2487 1237 αργυρίου
2546 1151 2783 1219 στήσεις.
2847 1153 2949 1209 Καὶ
2999 1143 3231 1230 ἐγὲνετον,
3286 1160 3360 1221 ὡς
3420 1158 3849 1237 περιεϐλέπετοὸ

2233 1232 2431 1298 δοῦλός
2464 1258 2559 1292 σου
2590 1237 2697 1295 ὧδε
2737 1241 2828 1296 καὶ
2859 1241 2985 1314 ὧδε,
3017 1246 3106 1300 καὶ
3138 1246 3296 1311 αὐτὸς
3345 1250 3447 1304 οὐκ
3471 1252 3559 1320 ἦν.
3593 1255 3693 1309 Καὶ
3718 1258 3848 1313 εἶπεν

2233 1321 2464 1400 Ἀχαᾶίϐ-
2496 1324 2639 1383 Ἰδοὺ
2671 1327 2929 1400 δικαστὴς
2961 1334 3045 1402 σὺ,
3091 1335 3182 1390 καὶ
3212 1337 3277 1391 τὰ
3334 1335 3523 1415 ἔνεδρα
3570 1345 3688 1418 παρ’
3717 1343 3847 1419 ἐμοί.

2229 1415 2567 1509 Ἐρόνευσαᾳ
2624 1421 2731 1475 Καὶ
2790 1422 3023 1486 σπεύσας
3081 1426 3109 1481 ὁ
3176 1430 3470 1506 προφήτης
3536 1415 3849 1509 ἇφεῒλεῄτὸν

2227 1506 2516 1600 Ιτελαμῶνα
2546 1509 2653 1566 ἀπὸ
2708 1517 2814 1568 τῶν
2872 1515 3170 1595 ὀφθαλμῶν
3226 1519 3415 1591 αύτοῦ,
3472 1506 3592 1579 καὶ*
3623 1523 3845 1600 ἐγνώσθη

2230 1594 2314 1651 ὅτι
2345 1596 2404 1653 ἐκ
2432 1602 2540 1654 τῶν
2568 1607 2865 1678 προφητῶν
2901 1594 3043 1660 ἔστιν
3101 1605 3280 1675 οὗτος,
3341 1610 3432 1665 καὶ
3490 1612 3621 1668 εἶπε·
3663 1594 3701 1668 ἰ(
3729 1594 3851 1674 Τάδε

2231 1684 2655 1779 λέγει-Κύριος-
2689 1691 2838 1779 Διότι
2894 1692 3151 1771 ἐξήγαγες
3208 1696 3270 1751 σὺ
3326 1695 3494 1775 ἄνδρα
3545 1700 3777 1779 ὀλέθριον
3801 1704 3853 1762 ἐκ

2229 1771 2428 1866 χειρός-
2455 1798 2581 1850 μου,
2613 1776 2733 1834 ἰδοὺ
2763 1782 2797 1851 ἡ
2831 1781 2983 1856 ψυχή
3019 1804 3114 1839 σου
3145 1785 3264 1840 ἀντὶ
3310 1771 3436 1858 τῆς*
3467 1792 3652 1866 ψυχῆς
3672 1771 3682 1779 ¹
3706 1794 3853 1850 αὐτοῦ

3470 1880 3573 1938 Καὶ
3630 1882 3850 1953 ἀπῆλθεν

2230 1950 2443 2030 Ἀχαᾶὄ
2469 1954 2831 2032 ἐκλελυμένος
2863 1962 2953 2017 καὶ
2982 1961 3213 2022 κλαίων.

2302 2045 2597 2138 Ἀμπελὼν
2630 2048 2707 2111 εἷς
2757 2049 2853 2138 ἦν,
2885 2047 3159 2118 Ναϐουθαὶ
3215 2060 3295 2128 τῷ
3351 2057 3668 2136 Ἰσραηλίτῃ
3722 2064 3852 2138 παρὰ

2227 2131 2327 2229 τὴν
2361 2131 2479 2229 ἅλω
2507 2140 2604 2229 τοῦ
2639 2136 2902 2229 Ἀχαάἆγ
2933 2141 2991 2196 ’ὸν
3051 2143 3229 2215 ἐζήτει
3288 2131 3477 2201 λαϐεῖν
3539 2131 3742 2229 Ἀχαᾶϐ
3771 2131 3853 2207 καὶ

2231 2218 2414 2277 δοῦναι
2450 2224 2485 2293 ἢ
2517 2219 2700 2302 ἕτερον
2742 2228 3043 2301 ἀμπελῶνα
3071 2232 3107 2303 ἢ
3137 2236 3236 2305 τὴν
3286 2239 3457 2309 τιμὴν
3519 2218 3697 2294 αὐτοῦ.
3725 2242 3777 2299 Ὀ
3805 2239 3855 2297 δὶ

2231 2310 2369 2366 εἴπεο
2406 2315 2495 2383 Μὴ
2530 2317 2742 2388 γένοιτό
2799 2340 2892 2392 μοι
2946 2316 3129 2376 δοῦναί
3186 2345 3289 2379 τινι
3347 2327 3447 2395 τὴν
3503 2326 3854 2403 κληρονομίαν

2234 2421 2360 2491 μου.
2395 2403 2733 2474 Λυπηθὲντος
2788 2403 2846 2461 δὲ
2902 2406 3140 2489 Ἀχαὰϐ,
3202 2414 3279 2476 ὡς
3335 2412 3568 2484 ἤκουσεν
3620 2415 3853 2491 Ἰεζάϐελ,

2228 2489 2422 2566 γράφει
2454 2491 2590 2566 πρὸς
2617 2494 2743 2556 τοὺς
2773 2492 3169 2573 πρεσϐυτέρους
3198 2501 3326 2565 τοὺς
3362 2503 3420 2559 ἐν
3451 2511 3518 2580 τῇ
3570 2505 3722 2562 πολει
3776 2489 3853 2563 δια

2229 2580 2551 2654 προφάσεως
2599 2581 2911 2639 ἀποκτεῖναι
2969 2589 3151 2646 αὐτόν.
3215 2592 3281 2649 Οἱ
3338 2590 3398 2648 δὲ
3457 2600 3848 2668 συκοφαντοῦσιν

2229 2667 2389 2723 αὐτὸν
2446 2669 2519 2731 ὡς
2574 2673 2914 2747 κατηρᾶσατο
2968 2680 3066 2731 τοῦ
3127 2678 3423 2754 βασιλέως,
3484 2683 3570 2738 καὶ
3630 2685 3853 2740 ἀποκτεί-

2228 2776 2410 2811 νουσιν
2438 2759 2624 2831 αύτὸν,
2657 2762 2747 2816 καὶ
2776 2761 3112 2839 κληρονομεῖ
3150 2766 3360 2845 Ἀχαὰϐ
3402 2773 3494 2827 τὸν
3553 2773 3847 2848 ἀμπελῶνα.

2232 2846 2328 2901 Καὶ
2378 2844 2606 2941 ,ἔρχεται
2672 2851 2810 2927 πρὸς
2867 2853 3027 2910 αὐτὸν
3082 2844 3294 2928 Ἠλίας,
3352 2862 3446 2916 καὶ
3499 2844 3645 2941 λέγει
3698 2862 3848 2936 αὐτῷ·

2232 2964 2262 2994 α
2290 2939 2431 2998 Τάδε
2460 2940 2612 3031 λέγει
2638 2944 2864 3021 Κύριος·
2897 2948 2986 3011 Ὠς
3014 2949 3075 3004 σὺ
3106 2949 3399 3026 ἐφόνευσας
3438 2956 3527 3011 καὶ
3581 2939 3853 3031 γὲκληρονό-

2233 3052 2433 3103 μησας,
2467 3028 2555 3086 διὰ
2586 3033 2748 3089 τοῦτο
2780 3033 2834 3090 ἐν
2886 3041 2965 3109 τῷ
3018 3040 3174 3113 τόπῳ
3227 3042 3273 3115 ᾧ
3321 3038 3533 3118 ἕλειξαν
3592 3048 3641 3101 οἱ
3670 3028 3750 3108 ὕες
3774 3044 3852 3101 καὶ

2229 3121 2281 3176 οἱ
2312 3120 2462 3182 κύνες
2492 3122 2554 3176 τὸ
2595 3123 2729 3195 αἷμα
2785 3120 3084 3205 Ναϐουθαῖ,
3145 3128 3257 3185 ἐκεῖ
3314 3130 3584 3204 λείξουσιν
3647 3137 3695 3191 ol
3723 3135 3857 3199 κύνες

2229 3212 2292 3268 τὸ
2323 3211 2465 3284 αἷμά
2494 3232 2611 3281 σου,
2642 3213 2728 3267 καὶ
2763 3215 2817 3268 al
2874 3216 3067 3289 πόρναι
3125 3217 3414 3277 λούσονται
3469 3222 3520 3279 ἐν
3551 3230 3628 3298 τῷ
3658 3223 3855 3298 αἵματί-

2233 3322 2348 3357 σου·
2399 3300 2490 3357 καί
2569 3305 2668 3371 τήν
2751 3301 2985 3375 Ἰεζάϐελ
3051 3312 3455 3389 καταφάγονται
3513 3316 3565 3369 οἳ
3619 3315 3759 3377 κύνες
3808 3314 3852 3370 ἐν

2228 3395 2308 3462 τῷ
2355 3411 2780 3471 προτειχισματι
2867 3396 3129 3472 Ἰεσραέλ.
3166 3423 3193 3450 »
3276 3403 3458 3479 ’Όπερ
3523 3405 3611 3459 καὶ
3666 3404 3855 3481 γέγονε.

2230 3483 2311 3550 [Ρ.
2346 3482 2470 3553 102]
2504 3481 2768 3553 Ἐξελθὼν
2794 3484 2898 3561 γὰρ
2931 3488 3067 3557 μετᾶ
3127 3488 3401 3564 βασιλέως
3466 3491 3645 3550 ’ῐουδα
3689 3495 3858 3552 Ἰωσα-

2230 3568 2334 3644 φὰτ
2358 3566 2674 3641 πολεμῆσαι
2727 3572 2820 3626 τὸν
2851 3574 3079 3648 βασιλέα
3136 3576 3356 3652 Συρίας,
3412 3582 3686 3655 τοξεύεται
3738 3583 3857 3637 κατᾶ

2227 3660 2324 3712 τοῦ
2363 3658 2588 3726 ἥπατος,
2630 3661 2718 3714 καὶ
2778 3661 3068 3741 ὑποτρέφει
3125 3667 3261 3738 πρὸς
3323 3674 3656 3746 Σαμάρειαν,
3712 3670 3853 3733 αὐτὸς

2231 3736 2288 3795 δὲ
2315 3741 2559 3814 τελευτᾷ·
2593 3745 2655 3800 τὸ
2705 3742 2762 3800 δὲ
2815 3747 2955 3820 αἷμα
2993 3736 3175 3804 ἀύτοῦ
3212 3736 3606 3810 ἆπονίπτουσιν
3655 3755 3737 3812 ἐπὶ
3765 3764 3853 3825 τῆς

2228 3827 2440 3904 κρήνης
2470 3835 2799 3905 Σαμαρείας,
2851 3837 2940 3890 καὶ
2990 3835 3253 3910 ἐξέλειξαν
3285 3843 3334 3896 οἱ
3366 3842 3462 3906 ὕες
3517 3847 3601 3901 καὶ
3637 3846 3686 3900 ol
3716 3844 3855 3906 κύνες

2228 3920 2290 3974 τὸ
2321 3920 2459 3992 αἷμα
2488 3922 2674 3979 αὐτοῦ.
2712 3924 2917 3999 Μικρὸν
2977 3924 3034 3981 δὲ
3089 3929 3326 3993 κάτωθεν
3384 3932 3443 3986 al
3503 3933 3690 4010 πόρναι
3715 3934 3865 3989 ἐλού-

2230 4029 2389 4063 σαντο
2421 4010 2471 4063 ἐν
2514 4015 2594 4083 τῷ
2652 4009 2840 4084 αἵματι
2892 4012 3078 4072 αὐτοῦ.
3132 4018 3230 4072 Καὶ
3289 4009 3715 4092 ’ῐεζάϐελνᾶπὸ
3767 4021 3853 4076 τοῦ

2227 4093 2446 4169 τείχους
2476 4099 2730 4166 πεσοῦσα,
2759 4104 2876 4162 τοῖς
2907 4102 3029 4155 κυσὶ
3067 4099 3405 4182 κατάϐρωμα
3435 4111 3624 4185 γέγονε
3654 4109 3779 4165 κατᾶ
3801 4108 3856 4164 τὸ

2230 4182 2297 4257 ῥῆ
2309 4204 2383 4257 μα
2415 4184 2631 4259 Κυρίου.

2300 4274 2562 4348 Ὀχοζίας
2589 4274 2705 4337 υἱὸς
2747 4273 2961 4352 Ἀχαᾶϐ
3027 4286 3215 4354 κρατεῖ
3241 4286 3338 4337 τοῦ
3372 4285 3597 4360 Ἰσραῆλ
3631 4283 3718 4357 ἔτη
3750 4283 3856 4344 δύο.

2230 4362 2404 4451 Οὗτος
2435 4362 2785 4439 ἡρῥώστηφε,
2822 4367 2913 4421 καὶ
2941 4367 3250 4426 ἀπέστειλεν
3279 4371 3551 4449 ἀγγέλους
3596 4376 3859 4451 ἐπερωτῆ-

2230 4471 2317 4506 σαι
2346 4449 2397 4506 ἐν
2430 4456 2498 4526 τῇ
2533 4452 2680 4510 Βάαλ
2716 4455 2925 4528 μυιάων
2952 4458 3078 4512 Θεὸν
3140 4461 3444 4535 Ἀκκάρων,
3482 4464 3532 4521 εἴ
3564 4449 3775 4537 ζήσεται
3806 4462 3860 4518 ἐκ

2227 4546 2327 4608 τῆς
2359 4541 2663 4614 ἀρῥωστίας
2719 4542 2904 4600 αὐτοῦ.
2967 4546 3067 4603 Καὶ
3118 4545 3239 4604 ῒδοὺ
3297 4550 3490 4617 Ἠλίας
3548 4556 3857 4626 συνήντησεν

2601 4632 3030 4713 ἆποστραφὲντες
3063 4637 3213 4694 εἶπον
3244 4644 3324 4712 τῷ
3356 4643 3604 4719 Ὀχοζίᾳ,
3644 4670 3663 4694 α
3700 4643 3857 4718 Ἀνὴρ

2227 4714 2388 4781 δασὺς
2425 4721 2749 4790 συνήντησεν
2777 4723 2933 4794 ἡμῖν,
2974 4724 3063 4779 καὶ
3097 4727 3239 4798 ζώνη
3300 4714 3591 4805 δερμανίνη
3652 4730 3738 4787 ἐπὶ
3766 4714 3857 4798 τὴν

2228 4806 2391 4883 ὀσφὺν
2416 4805 2603 4874 αὐτοῦ,
2636 4808 2725 4863 καὶ
2756 4811 2873 4865 εἷπε
2901 4814 3039 4886 πρὸς
3093 4816 3260 4887 ἡμᾶς·
3292 4821 3704 4896 Ἀποστράφητε
3732 4818 3859 4894 πρὸς

2224 4896 2316 4950 τὸν
2350 4895 2743 4952 ἀποστείλαντα
2775 4900 2934 4971 ὑμᾶς,
2967 4903 3058 4957 καὶ
3090 4902 3279 4961 ε’ίπατε
3334 4895 3507 4982 αύτῷέ
3533 4907 3668 4966 Τάδε
3725 4907 3856 4980 λέγει

2229 4983 2446 5073 Κύριος·
2477 4986 2573 5041 Διὰ
2603 4987 2668 5042 τὸ
2702 4990 2777 5060 μή
2835 4988 2963 5045 εἶναι
2997 4993 3127 5048 Θεὸν
3157 4993 3208 5048 ἐν
3239 4996 3485 5070 Ἰσραὴλ,
3539 4997 3601 5055 σὺ
3658 4996 3854 5073 πορεύῃ

2226 5072 2565 5158 ἐπερωτῆσαι
2597 5074 2649 5130 ἐν
2690 5079 2757 5150 τῇ
2790 5077 2937 5134 Βάαλ
2972 5098 2986 5149 ;
3036 5081 3160 5158 Ούχ
3190 5083 3385 5148 οὕτως.
3443 5087 3508 5142 Ἡ
3563 5072 3801 5156 κλίνηὲν
3830 5081 3863 5158 ᾖ

2226 5157 2450 5233 ἀνέὸης,
2476 5164 2540 5218 οὔ
2561 5159 2842 5239 καταδήσῃ
2871 5167 2962 5222 ἀπ’
2983 5157 3172 5239 αὐτῆς.
3200 5195 3227 5223 ››
3256 5174 3354 5228 Καὶ
3378 5177 3546 5230 εἶπεν·
3572 5201 3600 5228 ‹‹
3626 5173 3807 5233 Ἠλιας
3838 5171 3864 5225 δ

2228 5246 2489 5321 Θισϐίτης
2522 5275 2550 5303 »
2582 5251 2712 5309 ἐστί.
2748 5254 2850 5311 Kal
2878 5256 3189 5314 ἀπέστειλεν
3231 5263 3530 5337 ἡγούμενον
3584 5280 3861 5331 πεντηκονο

2225 5340 2441 5420 τάρχην
2473 5340 2560 5396 καὶ
2592 5341 2723 5404 τοὺς
2752 5347 3084 5416 πεντήκοντα
3136 5349 3325 5410 αὐτοῦ,
3385 5353 3482 5407 Kal
3535 5352 3727 5413 Ἠλίας
3779 5348 3857 5405 ἐπὶ

2227 5435 2328 5498 τῆς
2359 5436 2607 5507 κορυφῆς
2644 5435 2740 5485 τοῦ
2793 5431 2973 5508 ὄρους.
3024 5436 3122 5491 Καὶ
3158 5438 3302 5495 εἶπεν
3335 5441 3363 5495 ὁ
3393 5440 3857 5514 πεντηκοντάρχης

2227 5517 2363 5592 πρὸς
2394 5517 2577 5573 αὐτόν·
2619 5543 2643 5574 ι
2674 5521 2959 5596 Ἀνθρωπε
2986 5529 3083 5579 τοῦ
3141 5531 3295 5595 Θεοῦ,
3352 5531 3380 5585 ὁ
3417 5528 3666 5604 βασιλεὺς
3707 5526 3857 5583 καλεῖ

2226 5624 2303 5660 σε’
2335 5602 2629 5677 κατέϐηθι.
2664 5632 2693 5663 »
2726 5612 2869 5684 Ηρὸς
2912 5612 2970 5667 ’ὀν
3033 5613 3242 5692 ’[Ιλίας·
3303 5642 3332 5669 ‹‹
3454 5617 3739 5692 ἄηθρωπος
3764 5619 3875 5672 τοῦ

2225 5693 2359 5751 Θεοῦ
2388 5696 2519 5775 ἐγὼ,
2578 5694 2934 5771 καταϐήςεται
2991 5707 3096 5779 πῦρ
3250 5707 3503 5784 ούρανοῦ,
3549 5690 3637 5767 καὶ
3695 5724 3852 5762 καταδ

545 5783 594 5819 ⁸4
623 5784 696 5841 Ill
728 5786 867 5857 Reg.
898 5801 989 5853 xx,
1024 5787 1098 5840 12.
1203 5784 1249 5819 ⁸³
1278 5786 1356 5842 IlI
1385 5788 1526 5858 Reg.
1557 5803 1669 5857 xxx,
1696 5791 1784 5857 19,
1815 5807 1943 5866 sqq.
2050 5797 2098 5835 ⁸ο

2231 5803 2369 5878 Reg.
2407 5819 2447 5876 ι,
2480 5802 2508 5859 1
2541 5818 2673 5877 sqq.
