4118 6284
319 361 442 426 313
1463 364 2014 434 ΗῙΒΤΟΒΙΑΜΙΠ
2055 364 2596 428 ΟΟΜΡΕΝΠΙΗΜ.
3637 372 3756 436 214

328 498 552 580 civem!
579 521 640 555 σε
668 500 930 568 καὶτοὺς
988 503 1325 576 πεντήκοντά
1382 525 1504 564 σου.
1546 528 1575 558 ››
1626 503 1730 562 Καὶ
1786 496 1960 558 κατέϐ-

2068 557 2078 570 _
2112 509 2272 558 ctum
2303 508 2410 557 est.
2444 502 2663 558 Eadem
2695 506 3022 558 evenerunt
3046 501 3120 558 iis
3151 502 3254 576 qui
3313 505 3573 563 secundo
3623 508 3752 567 loco

327 597 435 667 τ’ὖρ
466 592 518 663 ἐξ
551 593 816 668 οὐρανοῦ,
849 597 942 652 καὶ
987 595 1275 674 κατέφαγεν
1327 597 1486 652 αὐτὸν
1515 596 1604 652 καὶ
1637 594 1765 659 τοὺς
1792 596 1958 664 πεντή

2099 593 2269 648 missi
2303 593 2560 648 fuerunt.
2585 593 2814 649 Tertius
2845 611 2979 649 cum
3013 597 3080 648 50
3112 595 3252 649 viris
3284 596 3491 652 eodem
3533 599 3750 666 missus

327 703 490 738 κοντα
522 682 711 740 αὐτοῦ.
749 685 946 747 Οὖτως
983 686 1188 762 ἐγένετο
1219 687 1310 742 καὶ
1356 691 1473 748 τοῖς
1521 685 1813 760 δευτέροις.
1845 685 1906 742 Ὀ
1937 681 1994 738 δὲ

331 773 515 847 τρίτος
573 775 1072 854 πεντηκοντάρχης
1129 773 1326 845 ἐλθὼν,
1385 773 1562 830 πεσὼν
1611 775 1696 828 ἐπὶ
1731 775 1830 841 τὴν
1863 779 1990 848 γῆν,

330 858 528 931 ἐδεήθη
561 861 652 917 καὶ
685 862 856 918 εἶπεν·
886 869 1174 939 Ἄνθρωπε
1219 868 1316 920 τοῦ
1349 868 1504 932 Θεοῦ,
1531 863 1889 936 ἐντιμωθήτω
1922 859 1988 930 δὴ

329 953 364 1020 ή
395 953 551 1026 ψυχή
601 973 708 1024 μου
737 951 827 1007 καί
854 955 888 1023 ἡ
921 956 1073 1028 ψυχή
1135 957 1244 1009 τῶν
1301 951 1532 1008 παιδίων
1568 973 1662 1008 σου
1692 952 1900 1008 τούτων
1934 951 1988 1006 ἐν

331 1039 649 1118 ὀφθαλμοῖς
706 1063 822 1097 σου.
884 1043 982 1097 Καὶ
1041 1041 1307 1114 ἐλάλησεν
1342 1040 1572 1118 ἃγγελος
1617 1041 1822 1116 Κυρίου
1854 1043 1988 1115 πρὸς

320 1114 547 1199 Ἠλίαν,
578 1131 670 1184 καὶ
727 1126 926 1202 κατέϐη
994 1134 1108 1204 μετ’
1167 1133 1346 1188 αὐτῶν
1404 1134 1540 1207 πρὸς
1598 1133 1689 1187 τὸν
1735 1133 1984 1206 βασιλέα,

394 1218 412 1238 \
469 1220 498 1242 τ
705 1222 716 1238 ι
799 1221 811 1238 \
877 1221 937 1253 ἕο
1107 1222 1120 1240 \
1185 1217 1208 1240 ν
1496 1242 1504 1252 .
1541 1223 1552 1244 ν
1676 1224 1687 1243 9
1726 1223 1753 1238 ν
1828 1222 1840 1240 Ί

320 1239 412 1274 και
446 1240 563 1274 ειπε
592 1241 729 1276 κατα
759 1242 822 1275 το
873 1243 1024 1295 ρημα
1067 1243 1130 1277 το
1183 1223 1485 1295 εμπροσθεν
1556 1230 1668 1285 Λνθ
1718 1243 1790 1276 ων
1825 1224 1988 1292 εξαπ-

323 1305 578 1369 ἐστειλας
605 1308 875 1384 ἐπερωτᾷν
903 1313 1003 1378 τὴν
1058 1317 1242 1382 μυῖαν,
1291 1311 1532 1371 ἀποστὰς
1562 1311 1668 1365 ἀπὸ
1696 1315 1794 1365 τοῦ
1826 1315 1981 1379 Θεοῦ,

326 1397 578 1472 ἀποθανῇ
637 1399 698 1452 σὺ
757 1399 846 1453 καὶ
915 1399 976 1454 οὐ
1037 1402 1197 1474 ζήσῃ.
1259 1399 1360 1456 Καὶ
1419 1400 1680 1455 ἀπέθανεν
1730 1401 1982 1474 Ἠχοξίας

321 1487 462 1540 κατᾶ
524 1487 586 1541 τὸ
648 1489 796 1561 ῥῆμα
855 1488 1073 1556 Ἠλίου,
1130 1489 1218 1543 καὶ
1275 1491 1606 1544 κατέπαυσεν
1639 1493 1747 1560 (87)
1794 1489 1844 1543 ἐν
1904 1494 1982 1561 τῷ

324 1574 592 1648 σπηλαίῳ
649 1575 943 1640 Μωυσέως.
1001 1577 1120 1632 Ἐπὶ
1182 1577 1380 1633 τούτου
1432 1582 1529 1633 τοῦ
1588 1579 1848 1653 Ὀχοζίου
1890 1577 1980 1632 λι·-

323 1665 604 1737 μώξαντες
667 1667 718 1720 οἱ
775 1668 892 1721 κατ’
949 1665 1156 1738 ἐκείνην
1211 1668 1312 1735 τήν
1370 1667 1706 1746 περίχωρον,
1756 1667 1822 1722 τὰ
1871 1665 1980 1722 ἴδια

319 1755 618 1830 σφάξαντες
669 1755 823 1810 τέκνα
889 1758 1214 1834 κατέφαγον·
1292 1756 1344 1811 ἐν
1416 1756 1606 1832 κόπρῳ
1660 1757 1762 1833 γὰρ
1819 1778 1980 1831 περι-

312 1847 523 1916 στερῶν
557 1843 672 1898 ἀντὶ
709 1843 840 1905 ἁλὸς
877 1845 1174 1919 βάπτοντες
1210 1845 1480 1925 ἐχρῶντο.

394 1938 483 1990 Ἐν
521 1931 577 1988 δὲ
607 1939 684 2007 τῷ
738 1935 1266 2015 τετρακισχιλιοστῷ
1322 1937 1682 2010 ἑξακοσιοστῷ
1736 1935 1968 2011 δευτέρῳ

309 2019 420 2077 ἔτει
455 2022 738 2102 ἀνελήφθη
799 2023 1009 2087 Ἠλίας.
1071 2028 1341 2090 Ἐντεῦθεν
1403 2025 1753 2101 ὑποστρέφων
1787 2026 1968 2080 Ἐλισ-

311 2114 433 2167 σαιῖε
500 2114 579 2170 εἰς
660 2115 877 2194 Ἰεριχὼ
931 2115 1213 2189 θεραπεύει
1271 2117 1337 2171 τὰ
1392 2117 1608 2190 πονηρὰ
1660 2112 1824 2170 ὕδατα
1881 2113 1968 2170 διὰ

310 2201 486 2259 ἁλῶν,
523 2199 939 2266 Ἀναόαἶνοντος
994 2203 1050 2260 δὲ
1107 2206 1182 2266 εἰς
1243 2205 1419 2273 Βεθήλ
1452 2204 1676 2275 ἐξῆλθον
1705 2203 1968 2280 παιδάρια

311 2292 484 2364 μικρᾶ
518 2291 575 2346 ἐκ
613 2299 711 2360 τῆς
769 2293 988 2357 πόλεως
1036 2295 1125 2348 καὶ
1185 2294 1430 2364 ἐλίθαζον
1493 2294 1650 2348 αὐτὸν
1698 2294 1786 2348 καὶ
1835 2315 1966 2349 κατ-

306 2383 533 2451 έπαιζον
590 2383 776 2452 αὐτοῦ,
836 2385 929 2439 καὶ
988 2383 1199 2459 ἔλεγον·
1267 2408 1286 2435 ιι
1349 2380 1642 2453 Ἀνέϐαινε,
1701 2382 1965 2463 φαλακρὶ,

305 2470 589 2531 ἀνάϐαινε.
653 2498 678 2526 ι
743 2476 804 2533 Ὀ
865 2472 920 2530 δὲ
1003 2477 1349 2545 κατηράσατο
1433 2474 1630 2529 αὐτῶν·
1699 2477 1787 2529 καὶ
1847 2473 1966 2530 ἰδοὺ

305 2564 540 2633 ἐξῆλθον
604 2562 699 2619 δύο
757 2564 943 2638 ἄρκτοι
1002 2564 1060 2620 ἐκ
1117 2570 1214 2620 τοῦ
1273 2563 1625 2638 δρυμοῦ,καὶ
1680 2561 1964 2640 διέῤῥηξαν

304 2654 354 2726 ἐξ
416 2654 603 2708 αὐτῶν
662 2655 1058 2727 τεσσαράκοντα
1111 2655 1200 2708 καὶ
1276 2651 1371 2708 δύο
1424 2651 1642 2715 παῖδας.
1705 2655 1963 2716 Κάκεῖθεν

304 2745 389 2816 [P'
453 2745 578 2814 103]
654 2743 977 2818 ὑπέστρεψεν
1049 2743 1124 2804 εἰς
1191 2747 1521 2816 Σαμάρειαν.
1589 2742 1799 2812 Ταύτην
1861 2745 1959 2812 τὴν

304 2827 619 2902 Σαμάρειαν
676 2831 704 2883 ὁ
761 2829 1011 2903 πέμπτος
1070 2828 1326 2904 βασιλεὺς
1389 2827 1606 2902 Ἰσραήλ
1666 2829 1834 2898 κτίζει
1887 2830 1961 2892 είς

302 2917 467 2973 πόλιν
525 2918 687 2988 ζαῧτη
761 2916 818 2974 δέ
869 2919 1010 2974 ἐστιν
1063 2923 1096 2989 ἡ
1157 2924 1246 2972 νῦν
1302 2917 1614 2990 καλουμένη
1666 2913 1957 2992 Σεϐαστή),

301 3008 633 3081 ἐπωνόμασε
691 3007 747 3064 δί
805 3009 969 3078 αὐτὴν
1032 3004 1236 3083 Σεϐἠρ,
1295 3009 1370 3070 εἰς
1425 3005 1600 3081 ὄνομα
1659 3003 1832 3083 Σεὸἀρ
1862 3009 1956 3062 τοῦ

302 3097 492 3169 κυρίου
521 3103 622 3153 τοῦ
657 3099 840 3172 ὄρους.
899 3098 1032 3153 Τότε
1062 3098 1151 3153 καὶ
1203 3099 1265 3152 τὸ
1324 3103 1504 3171 θαῦμα
1533 3101 1630 3152 τοῦ
1661 3095 1850 3152 ἐλαίου
1880 3098 1958 3160 εἲς

309 3187 631 3258 πληθυσμὸν
695 3192 760 3261 τῇ
819 3188 1028 3264 γοναικὶ
1087 3185 1315 3242 δέδωκεν
1364 3185 1700 3255 Ἐλισσαῖος,
1751 3186 1840 3240 καὶ
1888 3186 1954 3242 τὰ

317 3279 455 3352 χρὲα
484 3279 646 3347 critic
699 3275 770 3332 δι’
823 3279 991 3334 αὐτοῦ
1041 3282 1136 3333 τοῦ
1172 3275 1359 3332 ἐλαίου
1389 3275 1700 3350 ἐπλήρωσε,
1731 3275 1821 3330 καὶ
1853 3281 1951 3344 τῆς

324 3365 680 3438 Σωμανίτιδος
712 3368 803 3421 τὸν
865 3368 980 3421 υἱὸν
1029 3367 1305 3436 ἀνέστησε.
1363 3365 1502 3422 Τότε
1543 3365 1633 3418 καὶ
1672 3367 1705 3433 ἡ
1736 3363 1951 3434 τολύπη

316 3460 428 3515 τοῖς
453 3457 754 3528 ἀνθρώποις
812 3455 1094 3532 φάρμακον
1154 3457 1210 3509 δν
1269 3451 1453 3523 ἐδόθη,
1484 3453 1573 3508 καὶ
1618 3452 1688 3506 δι’
1719 3451 1952 3527 ἀλεύρου

305 3545 654 3619 ἐθεραπεύθη.
721 3547 816 3601 Καὶ
877 3547 929 3601 οἱ
985 3547 1216 3619 κρίθινοι
1271 3546 1318 3599 κ’
1375 3543 1528 3617 ἃρτοι
1584 3544 1672 3598 καὶ
1706 3544 1761 3597 αἱ
1801 3543 1956 3598 πέντε

299 3634 546 3698 παλάθαι
579 3640 685 3691 τῶν
738 3633 980 3711 ἴσχάδων
1041 3634 1093 3689 ἐν
1151 3640 1268 3697 τοῖς
1325 3633 1515 3689 ἑκατὸν
1548 3629 1795 3707 ἀνδράσιν
1827 3631 1950 3687 ἐπε-

301 3745 606 3796 ρισσευσαν.
670 3725 770 3781 Καὶ
835 3729 930 3779 τοῦ
996 3726 1208 3796 Νεεμᾶν
1268 3726 1303 3792 ἡ
1357 3722 1531 3796 λέπρα
1599 3720 1951 3796 ἐθεραπεύθη,

301 3821 480 3885 Γηεζῆ
546 3813 602 3870 δὲ
661 3811 852 3870 ἔλαϐεν
901 3817 1095 3890 ἱμάτια
1153 3814 1243 3870 καὶ
1299 3813 1529 3890 ἀργύρια
1585 3811 1674 3868 καὶ
1729 3815 1827 3881 τὴν
1901 3811 1949 3881 ἐξ

297 3909 471 3962 αὐτοῦ
504 3907 732 3982 λέπραν.
763 3909 886 3963 Ἐπὶ
945 3906 1160 3968 τούτοις
1215 3907 1302 3962 καὶ
1344 3906 1442 3974 τὴν
1504 3905 1684 3975 ἂξίνην
1717 3904 1824 3959 ἀπὸ
1854 3909 1951 3958 τοῦ

294 3993 574 4069 Ἰορδάνου
604 3997 862 4072 ἀνήγαγε,
893 3997 978 4052 καὶ
1037 3995 1102 4052 τὶ
1159 3990 1344 4070 ἔνεδρα
1397 3998 1495 4049 τοῦ
1538 3990 1808 4067 βασιλέως
1842 3999 1950 4046 Συ·-

293 4088 411 4163 ρίας
471 4087 764 4165 ἀνήγγειλε
819 4093 900 4161 τῷ
954 4085 1171 4163 βασιλεῖ
1220 4085 1466 4158 Ἰσραήλ.
1523 4087 1614 4142 Καὶ
1664 4089 1760 4140 τοῦ
1795 4085 1952 4159 βασι-

289 4178 437 4241 λέως
495 4178 694 4252 Συρίας
749 4177 1134 4240 κυκλώσαντος
1192 4176 1351 4231 αὑτὸν
1385 4175 1461 4236 είς
1499 4176 1562 4230 τὸ
1594 4173 1725 4247 ὄρος
1755 4172 1840 4229 ἐπὶ
1871 4179 1950 4244 τῷ

289 4274 586 4342 κρατῆσαι,
620 4267 692 4329 ὡς
728 4263 869 4321 εἶδεν
900 4266 928 4320 ὁ
955 4265 1270 4340 λειτουργὸς
1322 4263 1596 4320 Ἐλισσαιέ
1634 4261 1704 4319 τὰ
1733 4258 1949 4337 ἅρματα

293 4357 381 4410 καὶ
414 4358 514 4425 τήν
552 4353 800 4427 δύναμιν,
843 4350 1107 4434 ἐφοϐήθη,
1156 4353 1244 4409 καὶ
1303 4353 1440 4408 εἶπε·
1476 4352 1661 4427 Κύριε,
1693 4352 1747 4406 τί
1779 4353 1948 4420 ποιή-

294 4468 460 4518 σομεν
485 4465 498 4515 ;
525 4449 588 4502 Ὀ
612 4443 669 4500 δὶ
702 4445 834 4501 εἷπε·
871 4446 962 4513 Μὴ
996 4440 1191 4524 φοϐοῦ,
1213 4445 1297 4499 ὅτι
1328 4443 1554 4504 πλείους
1577 4443 1630 4496 οἱ
1661 4442 1774 4514 μεθ’
1797 4443 1944 4512 ἡμᾶς

300 4537 430 4608 ύπὶρ
464 4535 742 4607 τοῦςιμεηέ
799 4535 993 4590 αὐτῶν.
1057 4533 1157 4590 Καὶ
1216 4531 1582 4609 προσηύξατο,
1614 4531 1703 4587 καὶ
1736 4532 1944 4601 ἤνοιξεν

2101 681 2158 736 in
2195 688 2412 738 terram
2445 681 2780 753 procubuit,
2813 688 3122 753 vatemque
3154 683 3480 740 obtestatus
3520 693 3609 742 est
3659 689 3746 745 uti

2100 769 2209 824 sibi
2243 770 2483 839 suisque
2515 773 2799 840 parceret.
2852 771 3076 824 Monuit
3104 777 3300 826 autem
3354 773 3601 840 angelus
3640 777 3743 833 Dei

2095 858 2281 914 Eliam
2313 866 2378 914 ut
2407 857 2828 924 descenderet;
2865 858 3032 929 isque
3089 875 3221 914 cum
3253 860 3372 916 illis
3410 862 3484 916 ad
3540 881 3740 936 regem

2095 948 2411 1019 profectus,
2443 949 2700 1018 priorem
2733 964 3067 1002 sermonem
3098 950 3355 1019 repetiit,
3405 952 3562 1022 quod
3622 954 3738 1010 Deo

2095 1037 2350 1096 deserto.
2372 1037 2444 1091 ad
2472 1037 2802 1108 principem
2827 1054 3163 1092 muscarum
3186 1039 3521 1096 consultum
3544 1044 3738 1099 misis-

2094 1134 2202 1196 set,
2265 1127 2396 1181 ideo
2425 1143 2544 1180 non
2578 1127 2892 1193 victurum,
2923 1126 3026 1182 sed
3066 1128 3442 1186 moriturum.
3477 1133 3738 1188 Mortuus

2093 1224 2183 1272 est
2204 1233 2340 1286 ergo
2363 1216 2641 1271 Ocliozias
2665 1215 2992 1270 secundum
3008 1216 3181 1271 verba
3203 1218 3365 1284 Elim,
3383 1222 3740 1290 etrequievit

2090 1307 2149 1362 in
2185 1306 2467 1377 spelunca
2498 1305 2688 1359 Mosis.
2737 1307 2919 1376 llujns
2963 1307 3225 1361 Ochoziaa
3284 1313 3453 1362 aetate
3513 1311 3743 1383 circum.

2089 1399 2202 1452 ista
2230 1397 2355 1452 loca
2388 1397 2716 1452 incolentes
2746 1398 2994 1466 penuria
3026 1414 3092 1451 eo
3115 1396 3306 1453 adacti
3340 1405 3477 1453 sunt
3505 1407 3568 1454 ut
3599 1419 3744 1475 suos.

2088 1488 2308 1543 liberos
2340 1493 2580 1542 necatos
2608 1486 3008 1553 comederent,
3034 1487 3172 1542 timo
3195 1488 3605 1546 columbarum
3629 1509 3736 1562 pro

2089 1575 2206 1632 sale
2239 1575 2524 1632 adhibito.

2002 1874 2047 1936 Β
2156 1846 2310 1902 Elias
2332 1848 2392 1902 in
2415 1848 2629 1903 ccelum
2651 1853 2855 1918 raptus
2877 1853 2966 1903 est
2990 1865 3146 1904 anno
3167 1850 3375 1905 mundi
3398 1853 3558 1907 4602.
3585 1853 3727 1907 Inde

2075 1953 2344 1991 reversus
2377 1937 2620 1992 Elisaeus
2645 1937 3047 1993 Jerichuntem
3081 1939 3201 1994 sale
3233 1939 3452 2011 injecto
3485 1941 3725 1996 vitiosas

2075 2044 2257 2098 aquas
2289 2028 2560 2083 correxit.
2606 2027 2764 2082 Idem
2798 2045 2932 2083 cum
2988 2030 3293 2085 Betbelam
3349 2030 3723 2096 ascenderet,

2073 2117 2306 2186 pueruli
2341 2118 2486 2172 urbe
2517 2119 2735 2189 egressi
2765 2134 2899 2172 eum
2927 2118 3225 2190 lapidibus
3278 2120 3720 2190 impetiverunt,

2073 2212 2249 2277 atque
2270 2206 2587 2261 illuserunt
2609 2207 2986 2262 vociferando
3012 2223 3024 2260 :
3063 2229 3087 2258 σ
3119 2208 3398 2271 Ascende.
3424 2209 3608 2271 calve.
3632 2226 3722 2265 as-

2073 2294 2259 2351 cende
2280 2295 2346 2350 δτ.
2366 2318 2392 2343 ››
2415 2297 2526 2350 Eos
2551 2295 2796 2350 Elisseus
2815 2313 2949 2351 cum
2974 2302 3129 2352 esset
3150 2303 3508 2362 exsecratus,
3526 2298 3721 2355 subito

2073 2403 2140 2442 ex
2174 2386 2317 2440 silva
2349 2385 2464 2440 duo
2493 2386 2614 2441 ursi
2648 2388 2870 2457 egressi
2904 2403 3120 2456 pueros
3153 2387 3543 2458 quadraginta
3574 2389 3722 2445 duos

2071 2475 2536 2546 discerpserunt.
2573 2476 2713 2529 Inde
2747 2477 3070 2530 Samariam
3121 2493 3392 2532 reversus
3422 2485 3532 2532 est.
3567 2480 3723 2534 Hanc

2070 2565 2277 2619 urbem
2304 2567 2546 2635 quintus
2571 2565 2882 2619 lsraelicus
2906 2583 3006 2620 rex
3033 2566 3297 2620 condidit
3325 2585 3335 2619 :
3365 2584 3521 2622 nunc
3549 2567 3722 2624 Seba-

2070 2659 2156 2708 ste
2189 2655 2580 2725 appellantur,
2615 2654 2673 2708 id
2697 2660 2783 2708 est
2805 2658 3067 2725 Augusta
3108 2655 3251 2710 181
3283 2657 3509 2711 Nomen
3538 2658 3588 2710 ei
3614 2657 3719 2712 im-

2068 2744 2265 2814 posuit
2321 2743 2519 2809 Seber,
2581 2759 2614 2796 a
2669 2745 2912 2797 nomine
2971 2743 3224 2808 Sebaris,
3285 2745 3383 2813 qui
3439 2745 3717 2803 dominus

2067 2833 2288 2887 montis
2316 2833 2442 2904 ejus
2465 2833 2594 2889 fuit.
2620 2834 2777 2886 Tunc
2799 2839 2855 2887 et
2883 2832 3080 2886 oleum
3110 2833 3476 2888 mulierculas
3510 2835 3713 2906 prodi-

2064 2923 2224 2995 giose
2240 2924 2654 2994 multiplicavit
2676 2924 2939 2990 Elisaeus,
2957 2941 3023 2978 ac
3049 2941 3115 2977 eo
3130 2941 3210 2979 aes
3234 2925 3496 2981 alienum
3522 2927 3708 2996 ipsius

2063 3011 2274 3080 diluit;
2310 3018 2368 3067 et
2390 3013 2579 3067 tilium
2603 3012 2988 3067 Sunamitidis
3013 3014 3367 3068 exstinctum
3389 3015 3519 3068 vitm
3539 3016 3706 3070 resti-

2062 3103 2209 3166 tuit;
2245 3108 2302 3157 et
2331 3102 2702 3157 cucurbitam
2735 3102 3063 3158 silvestrem
3106 3102 3178 3157 ad
3206 3105 3564 3160 vescendum
3597 3107 3706 3161 bo-

2063 3192 2324 3247 minibus
2380 3191 2766 3262 propositam,
2829 3208 2961 3246 cum
3021 3193 3096 3246 sit
3153 3200 3459 3261 venenata,
3501 3195 3707 3251 farina

2063 3281 2432 3350 inspersione
2489 3281 2842 3336 medicatam
2901 3298 3132 3338 vescam
3192 3282 3368 3350 fecit;
3402 3289 3460 3338 et
3503 3285 3708 3357 viginti

2063 3369 2315 3441 panibus
2346 3369 2690 3425 hordeaceis
2722 3387 2788 3424 ac
2820 3371 3082 3442 quinque
3115 3373 3443 3428 caricarum
3495 3376 3708 3431 massis

2062 3463 2298 3514 centum
2312 3459 2466 3514 viros
2481 3460 2784 3523 saturavit,
2798 3466 3112 3530 superante
3128 3461 3318 3516 adhuc
3333 3462 3708 3520 cibo.Eadem

2064 3553 2411 3618 tempestate
2431 3549 2689 3603 Neeman
2715 3549 2880 3620 lepra
2902 3549 3187 3605 liberatus
3210 3557 3318 3616 est,
3345 3559 3401 3608 et
3419 3553 3625 3609 eadem
3646 3553 3709 3608 in

2063 3637 2224 3692 Geezi
2237 3654 2291 3692 m
2306 3637 2378 3691 ob
2392 3643 2662 3709 acceptas
2681 3644 2869 3693 vestes
2883 3645 3059 3709 atque
3077 3647 3385 3712 argentum
3401 3643 3707 3698 translata.

2062 3727 2354 3782 Prmterea
2398 3727 2448 3780 is
2497 3734 2655 3781 vates
2714 3733 2772 3782 et
2828 3729 3082 3782 securim
3145 3745 3213 3782 ex
3242 3729 3495 3786 Jordane
3525 3731 3706 3787 ﬂuvio

2061 3831 2361 3887 emergere
2413 3815 2573 3881 fecit,
2632 3822 2688 3870 et
2721 3816 2967 3871 insidias
2998 3819 3152 3888 regis
3210 3818 3334 3888 Syri
3371 3821 3490 3890 regi
3523 3821 3707 3876 Israe-

2061 3905 2175 3960 lico
2207 3906 2458 3976 aperuit.
2491 3906 2633 3960 Cum
2657 3913 2854 3960 autem
2878 3923 2982 3962 rex
3008 3907 3186 3978 Syriae
3209 3914 3397 3964 vatem
3422 3910 3481 3964 in
3504 3917 3704 3967 monte

2060 3995 2366 4051 obsidione
2381 3995 2681 4062 cinxisset,
2706 3997 2791 4050 uti
2816 4013 2951 4052 eum
2975 3998 3035 4052 in
3061 4014 3227 4052 suam
3251 4004 3604 4070 potestatem
3626 4018 3708 4056 re-

2060 4082 2305 4155 digeret,
2332 4083 2592 4138 famulus
2619 4084 2812 4138 Elismi
2841 4087 3173 4156 conspectis
3197 4087 3468 4143 curribus
3519 4095 3576 4144 et
3607 4107 3706 4145 co—

2058 4175 2172 4246 piis
2191 4173 2517 4245 perlimuit,
2543 4174 2970 4244 dominumque
2991 4177 3221 4245 trepide
3243 4179 3467 4249 rogavit
3493 4180 3703 4249 ecquid

2057 4264 2147 4320 sui
2180 4263 2535 4319 defendendi
2564 4279 2739 4318 causa
2777 4264 2969 4318 facere
3015 4272 3277 4336 possent.
3337 4267 3510 4322 Vates
3562 4283 3700 4324 eum

2056 4353 2210 4410 bono
2244 4371 2371 4409 esse
2404 4354 2603 4409 animo
2628 4354 2841 4423 jussit:
2875 4353 3070 4424 plures
3117 4355 3273 4410 enim
3320 4355 3433 4410 sibi
3493 4356 3702 4413 adesse

2057 4460 2234 4514 quam
2262 4443 2552 4500 hostibus.
2590 4445 2860 4514 Deusque
2890 4444 2963 4498 ad
2995 4444 3181 4515 ipsius
3214 4463 3420 4516 preces
3476 4447 3701 4503 famulo

2055 4533 2254 4588 oculos
2277 4534 2526 4603 aperuit,
2547 4534 2628 4589 ita
2656 4539 2720 4588 ut
2750 4541 3020 4588 cerneret
3049 4541 3312 4590 montem
3345 4537 3513 4607 equis
3543 4537 3704 4592 obsi-

295 4627 322 4680 ὁ
357 4627 490 4685 Θεὸς
544 4627 669 4684 τοὺς
727 4623 1041 4701 ὀφθαλμοὺς
1099 4626 1196 4678 τοῦ
1248 4618 1560 4696 παιδαρίου,
1620 4621 1708 4676 καὶ
1744 4617 1854 4676 εἶδε
1882 4621 1944 4674 τὸ

2068 4638 2177 4676 ;um
2210 4628 2264 4676 et
2290 4622 2562 4677 Elismum
2583 4624 2751 4695 igneo
2784 4640 2962 4678 curru
2985 4623 3438 4680 circumdatum.
3477 4627 3700 4682 Deinde

294 4715 424 4790 ὄρος
456 4714 588 4770 ὅλον
621 4713 830 4788 πλῆρες
857 4711 1047 4768 ’ἱππων
1079 4711 1166 4767 καὶ
1219 4712 1369 4786 ἅρμα
1423 4711 1593 4785 πυρὸς
1625 4708 1941 4784 περικύκλῳ

290 4804 587 4862 Ἐλισσαιὰ
650 4797 1008 4860 Καταόάντων
1095 4799 1153 4857 δὲ
1231 4803 1368 4875 πρὸς
1454 4801 1638 4868 αὐτὸν,
1692 4798 1942 4869 ἐπάταξεν

288 4894 484 4954 αὐτοὺς
514 4894 712 4967 Κύριος
746 4892 992 4965 ἀορασίᾳ.
1038 4891 1139 4949 Καὶ
1189 4890 1358 4946 εἶπεν·
1407 4914 1436 4942 ‹‹
1463 4889 1757 4957 Ἑλισσαιὶ,
1792 4886 1942 4943 δεῦτε

289 4984 466 5040 ὀπίσω
525 5005 648 5055 μου.
688 5007 716 5034 ε)
779 4981 878 5040 Καὶ
938 4981 1216 5058 ἀπήγαγεν
1276 4979 1469 5041 αὐτοὺς
1502 4979 1577 5040 εἰς
1612 4977 1938 5051 Σαμάρειαν,

283 5076 372 5128 καὶ
437 5072 740 5148 ἠνοίγησαν
797 5073 850 5126 οἱ
908 5068 1185 5149 ὀφθαλμοὶ
1243 5069 1446 5136 αὐτῶν,
1494 5069 1584 5124 καὶ
1643 5065 1804 5134 εἶδον,
1848 5067 1939 5122 καὶ

287 5161 408 5218 ἰδοὺ
451 5161 606 5216 αὐτοὶ
639 5161 692 5216 ἐν
730 5162 880 5235 μέσῳ
932 5159 1264 5234 Σαμαρείας.
1311 5160 1414 5216 Καὶ
1447 5157 1590 5212 εἶπεν
1625 5159 1651 5211 ὁ
1687 5156 1940 5232 βασιλεὺς

285 5255 620 5326 Σαμαρείας*
655 5249 724 5306 Ei
751 5250 990 5321 πατάξω,
1049 5249 1254 5324 πάτερς
1315 5249 1408 5303 Καὶ
1452 5247 1620 5304 εἶπεν,
1658 5270 1686 5298 ‹‹
1718 5247 1796 5303 Οὐ
1829 5266 1938 5300 πα-

348 5369 394 5403 ⁸¹¹
433 5372 506 5424 IV
539 5372 681 5443 Reg.
726 5386 792 5436 ιι,
824 5370 912 5424 23.

2053 4729 2185 4768 cum
2218 4714 2292 4768 ad
2351 4714 2550 4768 hostes
2608 4714 2849 4768 Elisaaus
2907 4714 3218 4784 degressus
3274 4723 3449 4786 esset,
3493 4734 3698 4774 eorum

2052 4803 2255 4858 oculos
2287 4803 2440 4858 Deus
2488 4803 2750 4860 caecitate
2801 4803 3056 4874 quadam
3125 4806 3488 4874 perstrinxit,
3523 4808 3604 4863 ita
3635 4815 3700 4864 ut

2053 4893 2242 4949 Elisaai
2266 4896 2497 4948 monitu
2521 4909 2654 4948 cum
2683 4894 2810 4964 ipso
2833 4894 3158 4950 Samariam
3182 4895 3492 4958 intrarent,
3518 4898 3696 4968 idque

2052 4988 2174 5038 tum
2199 4983 2437 5038 demum
2457 4983 2764 5047 sentirent,
2791 5000 2926 5037 cum
2949 4985 3220 5039 essentin
3242 4985 3441 5040 media
3461 5002 3530 5041 ea
3551 4987 3694 5042 urbe

2051 5072 2377 5126 constituti.
2413 5071 2496 5126 lbi
2527 5088 2660 5128 cum
2691 5087 2796 5125 rex
2845 5071 3104 5126 diceret:
3141 5094 3169 5122 ‹‹
3212 5073 3283 5127 Mi
3315 5079 3498 5143 pater,
3540 5090 3694 5130 anne

2050 5160 2170 5214 illis
2193 5177 2404 5216 manus
2421 5162 2664 5216 afferam
2686 5160 2753 5214 ‘2»
2775 5160 3020 5216 Elisaeus
3039 5162 3238 5222 vetuit.
3265 5161 3583 5233 cibumque
3620 5163 3694 5218 iis

2049 5255 2108 5304 et
2138 5255 2342 5320 potum
2375 5249 2525 5305 182
2559 5249 2775 5320 apponi
2827 5249 3145 5305 mandavit.
3207 5250 3430 5315 Quibus
3487 5251 3690 5308 refecti

1482 5418 1845 5493 XYLANDRI
1883 5437 1970 5491 ET
1999 5437 2212 5493 GOARI
2253 5439 2473 5494 nom.

348 5542 457 5612 (87)
489 5539 908 5614 Locum_hunc
933 5542 1216 5614 asterisco
1248 5540 1545 5612 insignivi,
1579 5537 1720 5614 quia
1757 5551 1928 5614 pror-
2040 5534 2173 5589 dem
2191 5536 2560 5593 Mosisfuisse
2574 5536 3014 5608 receptaculum
3029 5537 3268 5608 quidam
3284 5539 3683 5599 crediderunt.

277 5611 406 5670 sum
438 5619 529 5668 est
555 5611 832 5669 mutilus.
871 5611 1055 5666 Verba
1091 5613 1216 5668 liaac
1267 5614 1340 5670 ad
1378 5611 1571 5672 Eliam
1598 5611 1683 5673 'in
1714 5613 1927 5674 Horebi
2039 5623 2174 5679 XYL.

278 5686 496 5744 montis
528 5684 823 5758 spelunca
851 5684 1299 5742 delitescentem
1322 5687 1536 5759 refero,
1557 5705 1736 5760 quam
1766 5701 1928 5746 eam-
