4118 6284
374 312 492 373 215

1734 307 2059 371 GEORGII
2101 296 2445 371 CIDRENI

3695 306 3809 370 216

372 447 450 505 ad
473 446 783 505 dominum
806 423 983 502 suun;
1001 444 1332 515 redierunt,
1349 461 1546 518 neque
1565 445 1638 503 ab
1661 462 1730 501 eo
1756 449 2022 518 tempore

2134 441 2332 512 τάξεις.
2366 442 2606 517 Παράθες
2667 438 2852 505 αυτοῖς
2909 440 3072 518 ἄρτον
3129 440 3220 498 καὶ
3282 439 3466 515 ὕδωρ.
3508 464 3537 492 »
3580 439 3682 497 Καὶ
3713 463 3811 516 φα-

370 538 518 594 levis
549 537 851 609 Syriarum
881 540 1184 593 armatura
1229 536 1293 592 in
1348 536 1657 593 Israelicos
1688 534 1874 592 ullam
1909 536 2027 591 im-

370 625 740 701 pressionem
772 623 934 681 fecit.

442 805 707 862 chosiaa
736 806 1010 861 Joramus
1063 804 1247 861 frater
1305 804 1625 870 successit;
1658 802 1761 875 qui
1793 818 1929 859 cum
1960 819 2022 860 se

370 896 651 953 adversus
706 898 893 952 Deum
949 895 1105 951 male
1170 901 1420 968 gereret,
1481 894 1795 973 duodecim
1850 893 2026 949 annis

369 1003 553 1058 regno
583 990 746 1059 gesto
777 985 849 1040 ab
879 985 1065 1040 Jehuo
1119 989 1210 1040 est
1264 985 1635 1040 interfectus.
1671 985 1726 1038 Is
1756 985 2024 1039 Joramus

367 1092 568 1148 regem
599 1075 988 1131 Moabitarum
1030 1076 1249 1130 Masam
1297 1074 1593 1131 devictum
1624 1090 1659 1128 a
1689 1090 1751 1128 se
1782 1072 2026 1128 tributa-

368 1167 527 1222 rium
557 1164 718 1230 fecit,
751 1165 1096 1236 accepitque
1122 1163 1193 1219 ab
1227 1180 1294 1219 eo
1331 1163 1651 1235 quotannis
1682 1162 1885 1218 tributi
1917 1178 2023 1217 no-

369 1256 534 1311 mine
557 1270 738 1327 agnos
759 1256 965 1309 100000
986 1252 1352 1323 totidemque
1375 1254 1696 1309 arietes.Eo
1712 1257 2022 1324 regnante,

370 1345 528 1402 Elias
552 1343 651 1399 ille
672 1360 921 1415 magnus
973 1343 1036 1398 in
1078 1342 1291 1399 coelum
1331 1343 1599 1399 sublatus
1630 1346 1739 1397 est.
1775 1341 1843 1397 Et
1871 1341 2028 1396 Ader

371 1434 553 1506 Syriae
597 1449 700 1488 rex
750 1433 914 1488 venit
960 1448 1027 1487 ac
1076 1433 1403 1488 Samariam
1457 1430 1876 1498 circumsedit;
1910 1445 2028 1501 qua

375 1523 688 1581 obsidione
712 1528 878 1579 tanta
895 1523 953 1577 in
976 1522 1122 1578 urbe
1145 1522 1331 1578 fames
1349 1522 1576 1577 exstitit
1594 1526 1661 1577 ut
1681 1525 1856 1593 caput
1877 1520 2025 1576 asini

374 1615 443 1669 30
472 1613 769 1685 argenteis
799 1612 1065 1667 nummis
1085 1611 1461 1667 venderetur.
1494 1613 1576 1666 Ea
1604 1610 2027 1675 durante,cum

371 1702 642 1756 Joramus
674 1716 910 1755 murum
933 1698 1146 1768 obiret,
1172 1699 1447 1770 quaedam
1477 1715 1612 1754 eum
1644 1697 1860 1754 mulier
1888 1714 2022 1753 con-

2128 532 2321 610 γόντες
2351 529 2603 602 ἀπῆλθον
2631 533 2769 607 πρὸς
2796 532 2889 587 τὸν
2927 531 3118 607 κύριον
3164 531 3376 600 αὐτῶν,
3414 530 3509 586 καὶ
3545 529 3609 584 οὐ
3642 550 3811 606 προσ-

2129 623 2306 678 έθεντο
2344 616 2423 677 ἔτι
2479 623 2533 678 οἱ
2596 627 2899 697 μονοζωνοι
2959 622 3157 699 Συρίας
3210 626 3316 679 τοῦ
3374 619 3563 686 ἐλθεῖν
3611 620 3691 686 εἰς
3719 623 3809 677 τὸν

2133 710 2383 785 Ἰσραήλ.

2202 804 2354 861 Μετᾶ
2406 800 2464 858 δὲ
2520 803 2777 879 Ὀχοζίαν
2836 798 3178 859 ἐϐασίλευσεν
3237 802 3465 878 Ἰωρὰμ
3497 802 3527 857 6
3567 800 3808 877 ἀδελφὸς

2133 891 2318 961 αὖτοῦ,
2351 895 2440 948 καὶ
2474 892 2699 964 ἐποίησε
2754 893 2816 949 τὸ
2868 893 3108 970 πονηρὸν
3160 892 3406 949 ἐνώπιον
3439 892 3677 966 Κυρίου.
3712 894 3809 949 Καὶ

2133 981 2340 1062 ἐσφάγη
2412 982 2517 1039 ὑπὸ
2576 985 2781 1053 Ἰησοῦ,
2853 981 3178 1058 βασιλεύσας
3244 977 3345 1052 ἔτη
3424 978 3684 1037 δεκαδύο·
3753 981 3809 1047 ὃς

2136 1072 2400 1142 ὑποτάξας
2441 1070 2533 1127 τὸν
2580 1073 2738 1129 Maca
2798 1071 3025 1147 βασιλέα
3079 1066 3271 1144 Μωάϐ,
3304 1071 3382 1140 ἦν
3417 1067 3729 1143 λαμϐάνων
3761 1070 3808 1142 ἑξ

2132 1160 2295 1218 αὐτοῦ
2335 1162 2499 1239 φόρον
2532 1163 2649 1217 κατ’
2709 1161 2977 1229 ἐνιαυτὸν,
3037 1164 3229 1237 ἀρνοὺς
3289 1159 3578 1243 χιλιάδας
3624 1162 3811 1218 ἑκατὸν

2130 1252 2220 1307 καὶ
2277 1254 2466 1328 κριοὺς
2526 1249 2787 1327 χιλιάδας
2846 1251 3065 1309 ἄκατόν.
3124 1253 3239 1330 Ἐφ’
3301 1252 3370 1307 οὗ
3431 1251 3729 1328 ἀνελήφθη
3783 1254 3810 1309 6

2136 1342 2299 1417 μέγας
2358 1339 2572 1402 Ἠλίας.
2634 1340 2737 1397 Καὶ
2804 1339 2971 1410 ἦλθεν
3037 1341 3066 1395 6
3136 1339 3400 1415 βασιλεὺς
3458 1338 3669 1411 Συρίας
3719 1340 3809 1396 καὶ

2131 1431 2503 1507 περιεκάθισεν
2563 1429 2651 1484 ἐπὶ
2712 1429 3039 1504 Σαμάρειαν,
3081 1430 3172 1484 καὶ
3228 1430 3433 1507 γέγονε
3493 1428 3668 1501 λιμος
3719 1430 3810 1502 μὲ-

2130 1540 2231 1595 γας
2285 1518 2425 1574 ὥστε
2484 1524 2757 1593 πραθῆναι
2815 1517 3059 1597 κεφαλὴν
3126 1514 3252 1575 ὄνου
3309 1518 3607 1594 ἀργυρίων
3660 1520 3809 1593 τριά-

2129 1628 2313 1664 κοντα.
2348 1607 2453 1664 Καὶ
2511 1607 2578 1677 ἦν
2639 1608 2847 1682 Ἰωρὰμ
2896 1605 3357 1683 διαπορευόμενος
3420 1606 3515 1663 ἐπὶ
3563 1612 3666 1663 τοῦ
3698 1607 3808 1665 τεί-

2133 1716 2291 1773 χους.
2351 1697 2457 1754 Καὶ
2522 1698 2660 1773 γυνή
2720 1718 2805 1759 τις
2863 1691 3060 1768 ἐϐόησε
3114 1698 3250 1773 πρὸς
3293 1695 3485 1754 αὐτόν.
3525 1720 3556 1749 ι(
3599 1700 3810 1760 Σῶσον,

370 1793 535 1844 tenta
554 1804 692 1843 voce
715 1786 1134 1859 interpellavit,
1159 1808 1187 1837 ‹‹
1208 1785 2022 1858 Serva,inquiens,me,domi-

2137 1787 2304 1862 Κύριε
2338 1784 2584 1863 βασιλεῦ.
2617 1810 2645 1838 ››
2697 1783 2794 1841 Καὶ
2859 1786 3175 1860 ἀποκριθεὶς
3221 1785 3365 1841 sine“
3404 1787 3501 1856 Μὴ
3540 1784 3714 1841 σῶσαί
3755 1806 3810 1841 σε

372 1894 448 1933 ne
474 1894 602 1933 rex.
640 1899 667 1925 ι»
705 1878 757 1932 Is
785 1876 1096 1948 respondit
1125 1876 1235 1932 hoc
1276 1875 1517 1947 quidem
1548 1892 1583 1930 a
1612 1877 1730 1931 Deo
1762 1892 1891 1931 esse
1921 1891 2024 1947 po-

369 1967 712 2024 stulandum
740 1983 754 2020 :
779 1982 855 2022 an
878 1966 1038 2022 enim
1062 1971 1298 2037 putaret
1320 1965 1431 2021 sibi
1452 1964 1545 2020 vel
1571 1965 1643 2021 de
1671 1980 1812 2021 area
1840 1965 1931 2020 vel
1953 1965 2025 2021 de

367 2056 649 2113 torculari
674 2073 846 2128 posse
869 2072 1043 2127 opem
1064 2056 1170 2111 abs
1192 2072 1330 2128 rege
1352 2055 1538 2111 ferri?
1560 2055 1769 2110 Mulier
1786 2070 2028 2126 respon-
2044 2070 2056 2087 '

367 2145 454 2201 dit
481 2145 632 2201 nihil
663 2145 777 2201 tale
837 2162 899 2200 se
964 2144 1501 2218 ﬂagitare.Muliere
1558 2144 1676 2200 alia
1704 2148 1795 2212 (ea
1824 2161 2024 2200 coram

365 2234 592 2303 aderat)
626 2234 709 2289 ita
732 2239 977 2307 rogante
1007 2249 1179 2288 suum
1212 2250 1274 2288 se
1324 2233 1453 2288 heri
1487 2232 1678 2288 tilium
1712 2239 2023 2300 mactasse,

365 2328 718 2394 coctumque
750 2323 823 2377 ab
849 2324 992 2393 ipsis
1015 2322 1414 2378 communiter
1441 2338 1570 2377 esse
1599 2322 2021 2377 manducatum

365 2430 437 2469 ea
466 2419 663 2467 autem
688 2428 750 2467 se
782 2411 840 2466 id
863 2412 991 2484 lege
1031 2411 1265 2479 fecisse,
1289 2416 1356 2465 ut
1398 2410 1683 2482 postridie
1716 2410 1820 2465 illa
1849 2426 2022 2465 suum

367 2503 441 2559 ad
470 2518 699 2558 cmnam
732 2501 1041 2573 praeberet,
1079 2517 1257 2572 quem
1312 2501 1487 2557 hodie
1521 2503 1649 2572 ipsa
1676 2500 2021 2556 abscondat.

365 2594 485 2648 Hoc
505 2592 707 2647 audito
731 2607 830 2646 rex
853 2590 1203 2645 vestimenta
1224 2607 1331 2646 sua
1353 2591 1650 2658 laceravit,
1683 2591 2022 2662 conspexit-

366 2697 482 2752 que
513 2680 768 2752 populus
794 2696 1030 2735 saccum
1081 2696 1198 2750 quo
1252 2679 1404 2734 cutis
1438 2680 1592 2752 regis
1625 2680 1842 2736 amicta
1871 2684 2015 2735 erat.

366 2772 521 2827 Diris
552 2777 751 2828 autem
782 2777 909 2826 tum
934 2771 1442 2827 exsecrationibus
1474 2788 1605 2827 sese
1636 2788 1739 2827 rex
1767 2770 2017 2840 devovit,

363 2862 481 2917 nisi
515 2878 584 2918 eo
615 2862 743 2933 ipso
803 2860 899 2916 die
957 2860 1238 2916 Elisaeum
1296 2862 1491 2933 capite
1548 2866 1902 2917 truncasset.
1938 2862 2019 2916 Ac

361 2951 528 3007 misit
556 2966 690 3006 eum
724 2950 825 3021 qui
856 2966 890 3004 a
919 2965 1055 3023 rege
1097 2954 1223 3006 erat
1253 2950 1465 3005 tertius
1495 2966 1563 3005 ac
1593 2951 1839 3005 intimus
1863 2950 2019 3022 regis

364 3039 621 3096 satelles.
683 3039 830 3094 Huic
885 3045 1042 3094 vates
1093 3039 1177 3095 ita
1231 3044 1322 3095 est
1378 3041 1649 3095 locutus:
1688 3059 1712 3092 α
1745 3041 1832 3095 Ita
1861 3038 2020 3095 fatur

365 3131 559 3186 Deus:
593 3129 734 3184 Cras
764 3129 873 3183 hac
905 3127 1113 3183 eadem
1161 3129 1308 3184 hora
1355 3145 1636 3185 mensura
1664 3130 1818 3185 183
1851 3128 2020 3183 simi-

366 3217 579 3290 laginis
609 3217 755 3272 siclo
788 3221 846 3270 et
876 3216 1007 3270 dum
1033 3232 1330 3272 mensuras
1351 3217 1559 3273 hordei
1591 3216 1737 3272 siclo
1766 3217 2024 3272 venden-

357 3313 456 3364 tur
479 3308 542 3361 in
591 3306 779 3377 portis
811 3305 1109 3361 Samaria.
1144 3327 1173 3355 »
1229 3312 1305 3362 At
1360 3306 1459 3361 ille
1488 3305 1756 3361 satelles:
1791 3328 1818 3356 ‹‹
1850 3307 1931 3360 Ne
1965 3306 2014 3361 si

359 3397 604 3469 quidem
625 3394 917 3450 fenestras
949 3393 1079 3449 οωιὶ
1111 3395 1338 3466 aperiat
1368 3397 1541 3461 Deus,
1561 3396 1672 3450 hoc
1693 3394 1816 3450 ullo
1841 3394 2015 3449 modo

364 3485 493 3541 fieri
517 3487 773 3556 potest.»
803 3482 1049 3538 Elisaeus
1072 3488 1310 3538 contra:
1335 3504 1359 3535 α
1389 3484 1557 3551 Sane,
1580 3483 1916 3554 inquit,hoc
1937 3482 2017 3538 ita

364 3573 495 3630 fieri
545 3572 734 3628 oculis
762 3571 881 3626 tuis
910 3570 1156 3636 videbis,
1190 3588 1385 3643 neque
1436 3577 1633 3627 tamen
1681 3570 1820 3626 inde
1851 3570 2019 3642 quid-

366 3679 546 3736 quam
584 3661 868 3736 gustabis.
905 3682 934 3711 »
968 3663 1049 3716 Ea
1106 3662 1235 3733 ipsa
1291 3667 1464 3718 nocte
1495 3669 1749 3733 quatuor
1799 3661 2017 3733 leprosi

371 3753 473 3825 qui
507 3752 581 3809 ad
610 3752 777 3808 urbis
807 3756 1039 3823 portam
1072 3751 1443 3818 desidebant,
1476 3753 1633 3808 fame
1656 3752 1919 3824 superati
1945 3752 2020 3807 ad

368 3843 571 3899 hostes
604 3842 969 3913 transfugere
1002 3846 1355 3899 statuerunt.
1381 3842 1423 3897 Ii
1448 3859 1581 3898 cum
1612 3859 1719 3915 per
1744 3843 2021 3898 tenebras

368 3933 649 4004 Syrorum
680 3936 876 3987 castra
904 3937 1102 3987 essent
1131 3932 1400 4004 ingressi,
1434 3932 1736 3988 neminem
1775 3933 2019 3987 omnino

367 4021 674 4076 hominem
704 4020 786 4075 ibi
831 4026 1201 4092 repererunt.
1244 4022 1477 4077 Etenim
1527 4022 1679 4077 Deus
1709 4022 1931 4078 fecerat
1957 4028 2025 4078 ut

367 4111 429 4166 in
460 4110 535 4166 iis
565 4111 775 4166 castris
808 4110 1039 4166 sonitus
1062 4127 1364 4180 curruum,
1386 4128 1675 4183 equorum
1707 4114 2022 4185 magnique

368 4202 660 4258 exercitus
686 4201 1029 4268 audiretur;
1081 4218 1196 4273 quo
1247 4203 1545 4274 perterriti
1579 4204 1705 4274 Syri
1744 4203 2023 4260 omnibus

368 4289 544 4345 rebus
596 4289 822 4345 relictis
871 4289 935 4345 in
986 4290 1247 4346 tenebris
1305 4291 1636 4363 profugere.
1679 4293 1865 4356 Quam
1896 4308 2022 4346 rem

370 4395 505 4434 cum
564 4379 781 4449 leprosi
841 4379 902 4433 in
956 4378 1167 4434 urbem
1222 4380 1687 4445 renuntiassent,
1728 4381 1893 4436 misit
1920 4398 2023 4435 rex

332 4466 337 4469 ’
371 4467 659 4541 quosdam
678 4468 1047 4539 exploratum
1068 4483 1223 4523 anne
1242 4469 1301 4523 id
1316 4469 1603 4525 indicium
1624 4486 1826 4525 verum
1844 4476 2019 4526 esset.

2137 1875 2359 1952 Κύριος
2392 1874 2554 1940 πόθεν
2599 1880 2759 1930 σῶσω
2791 1894 2886 1944 σε;
2922 1876 3016 1946 Μὴ
3076 1874 3183 1931 ἀπὸ
3237 1882 3339 1945 τῆς
3373 1873 3603 1936 ἅλωνος
3634 1877 3671 1947 ἢ
3707 1875 3813 1930 ἀπὸ

2133 1971 2233 2034 τῆς
2266 1965 2471 2036 ληνοῦ;
2508 1988 2535 2015 ››
2594 1963 2698 2021 Καὶ
2756 1984 2920 2043 φησιν
2979 1965 3014 2033 ἡ
3066 1964 3228 2040 γυνή’
3268 1986 3296 2018 α
3326 1963 3510 2039 Οὐχὶ,
3558 1962 3806 2039 βασιλεῦ.

2136 2057 2217 2130 [Ρ.
2255 2057 2381 2129 104]
2435 2052 2594 2112 Ἀλλ’
2622 2056 2657 2123 ἡ
2690 2055 2828 2129 γυνὴ
2888 2052 3022 2124 αὕτη
3083 2053 3200 2109 εἴ.πέ
3259 2075 3383 2127 μοι,
3428 2054 3537 2116 Δὸς
3568 2053 3661 2109 τὸν
3695 2053 3813 2108 υἱόν

2134 2166 2253 2211 σου,
2281 2144 2581 2224 φαγώμεθα
2610 2143 2773 2199 αὐτὸν
2806 2145 3070 2219 σήμερον,
3119 2142 3207 2198 καὶ
3259 2144 3354 2198 τὸν
3403 2143 3529 2198 υἱόν
3565 2164 3679 2215 μου
3710 2138 3807 2197 αὔ-

2134 2254 2274 2307 ριον’
2314 2232 2401 2288 καὶ
2462 2235 2755 2308 ἑψήσαντες
2812 2231 2974 2288 αὐτὸν
3031 2234 3161 2307 χθὶς
3220 2233 3527 2310 ἐφάγομεν,
3583 2231 3674 2287 καὶ
3707 2233 3805 2301 σή-

2137 2343 2298 2397 μερον
2331 2318 2528 2398 ἔκρυψε
2557 2324 2646 2379 τὸν
2691 2324 2804 2379 υἱὸν
2855 2322 3044 2392 αὐτῆς.
3080 2345 3109 2375 ››
3159 2325 3333 2398 Ὅπερ
3366 2322 3613 2384 ἀκούσας
3648 2323 3804 2396 βασι-

2132 2413 2258 2475 λεὺς
2302 2412 2549 2488 διέρῥηξε
2602 2414 2669 2468 τά
2723 2413 2918 2486 ἱμάτια
2969 2409 3155 2482 αυτοῦ,
3209 2412 3300 2468 καὶ
3360 2409 3505 2467 εἶδεν
3567 2414 3597 2467 6
3666 2409 3797 2473 λαὸς

2128 2505 2220 2560 τὸν
2250 2507 2448 2560 σάκκον
2480 2503 2567 2559 ἐπὶ
2626 2507 2727 2568 τῆς
2784 2502 2981 2577 σαρκὸς
3039 2502 3205 2557 αὐτοῦ
3248 2499 3478 2561 ἔσωθεν.
3514 2502 3623 2558 Καὶ
3660 2502 3792 2557 άπο-

2130 2594 2334 2670 κριθεὶς
2365 2594 2505 2648 εἷπε·
2559 2589 2755 2647 «Τάδε
2810 2594 3028 2662 ποιήσει
3091 2613 3184 2666 μοι
3244 2593 3273 2647 6
3330 2592 3493 2661 Θεὸς,
3549 2592 3641 2646 καὶ
3671 2588 3795 2646 τάδε

2131 2688 2419 2765 προσθείη,
2453 2685 2499 2742 εἰ
2532 2686 2786 2755 στήσεται
2841 2687 2876 2750 ἡ
2935 2683 3146 2762 κεφαλή
3195 2683 3518 2741 Ἐλισσαίου
3552 2686 3789 2755 σήμερον

2131 2778 2215 2835 ἐπ’
2244 2776 2413 2849 αὐτῷ.
2448 2800 2476 2827 ››
2507 2775 2612 2832 Καὶ
2644 2772 2929 2830 ἀπέστειλε
2981 2774 3076 2829 τὸν
3136 2774 3432 2848 τριστάτην
3469 2776 3590 2848 (88)
3622 2771 3703 2853 ἐφ’
3732 2773 3788 2828 ’ὀν

2129 2866 2514 2923 ἐπανεπαύετο.
2584 2863 2683 2919 Καὶ
2751 2864 2874 2918 εἷπε
2938 2863 3077 2938 πρὸς
3143 2863 3305 2919 αὐτὸν
3377 2864 3406 2918 ὁ
3471 2864 3788 2939 προφήτης.

2128 2979 2157 3009 ‹‹
2196 2953 2332 3012 Τάδε
2360 2953 2507 3030 λέγει
2540 2953 2766 3027 Κύριος·
2809 2949 3037 3025 Αὕριος,
3069 2952 3145 3014 ὡς
3176 2953 3211 3021 ἡ
3245 2949 3364 3027 ὥρα
3396 2953 3565 3023 αὕτη,
3597 2952 3788 3028 μέτρον

2126 3042 2469 3119 σεμιδάλεως
2508 3040 2703 3097 σίκλου
2760 3041 2849 3096 καὶ
2907 3038 3160 3115 δίμετρον
3219 3047 3418 3115 κριθῆς
3481 3038 3680 3095 σίκλου
3737 3034 3789 3094 ἐν

2124 3139 2245 3197 ταῖς
2301 3130 2504 3194 πύλαις
2561 3130 2893 3206 Σαμαρείας.
2928 3153 2957 3183 ››
3017 3130 3123 3186 Καὶ
3181 3131 3330 3185 εἶπεν
3395 3131 3424 3184 6
3473 3129 3783 3205 τριστάτης·

2126 3248 2155 3276 ‹‹
2186 3222 2252 3280 Εἰ
2302 3220 2499 3292 ἀνοίξει
2559 3220 2762 3295 Κύριος
2824 3220 2955 3281 τοὺς
2991 3217 3366 3294 καταρράκτας
3395 3223 3497 3275 τοῦ
3529 3219 3782 3291 οὐρανοῦ,

2125 3312 2188 3368 οὗ
2221 3313 2296 3386 μὴ
2325 3307 2470 3366 ἔσται
2501 3313 2684 3365 τοῦτο.
2722 3332 2750 3361 ››
2803 3309 2865 3366 Ὁ
2915 3305 2973 3364 δὲ
3011 3305 3319 3369 Ἐλισσαῖος
3360 3308 3548 3387 φησίν·
3583 3333 3610 3361 (ι
3648 3305 3780 3365 Ἰδοὺ

2125 3398 2247 3476 ὄψει
2278 3405 2396 3461 τοῖς
2435 3397 2748 3478 ’ὀφθαλμοῖς
2781 3419 2900 3468 σου,
2945 3398 3035 3453 καὶ
3100 3397 3298 3462 ἐκεῖθεν
3329 3399 3394 3454 οὗ
3432 3400 3513 3473 μὴ
3546 3419 3717 3475 φαγῃ.
3748 3417 3772 3450 ι

2126 3490 2232 3546 Καὶ
2293 3485 2485 3563 ἄνδρες
2543 3487 2738 3561 λεπροὶ
2795 3488 3047 3560 τέσσαρες
3099 3486 3244 3561 παρὰ
3299 3486 3400 3554 τὴν
3441 3485 3627 3557 πύλην
3680 3492 3776 3553 τῆς

2126 3576 2344 3639 πόλεως
2409 3577 2729 3649 καθήμενοι,
2783 3575 2872 3630 καὶ
2947 3575 3043 3630 τὸν
3132 3573 3299 3647 λιμὸν
3359 3577 3437 3649 μή
3499 3576 3776 3655 φέροντες,

2127 3661 2521 3722 ἐϐουλεύσαντο
2580 3665 2718 3740 πρὸς
2752 3663 2879 3725 τοὺς
2938 3662 3652 3737 ἐναντίουςαύτομολῆσαι.
3688 3662 3783 3718 Καὶ

2129 3753 2504 3817 διαναστάντες
2535 3752 2587 3808 ἐν
2645 3758 2725 3826 τῷ
2774 3749 2953 3808 σκότει
3012 3750 3269 3823 similem;
3318 3753 3394 3816 εἰς
3434 3755 3545 3823 τήν
3575 3772 3779 3824 παρεμ-

2128 3840 2303 3913 ϐολὴν
2340 3842 2562 3918 Συρίας.
2615 3842 2714 3897 Καὶ
2773 3839 2891 3896 ἰδοὺ
2951 3841 3051 3896 οὐκ
3105 3843 3171 3911 ἦν
3225 3840 3360 3913 ἀνὴρ
3395 3840 3534 3909 ἐκεῖ,
3568 3841 3648 3896 ὅτι
3680 3840 3786 3898 Κύ-

2131 3955 2249 4011 ριος
2277 3933 2545 4001 ἀκουστὴν
2606 3930 2834 4002 ἐποίησε
2882 3933 2982 4002 τήν
3043 3925 3402 4007 παρεμϐολὴν
3433 3930 3639 4007 Συρίας
3670 3951 3783 4005 φω-

2129 4025 2226 4092 νὴν
2257 4021 2513 4099 ἁρμάτων
2545 4021 2635 4077 καὶ
2667 4018 2854 4076 ’ίππων
2914 4019 3003 4076 καὶ
3064 4016 3346 4092 δυνάμεως
3377 4019 3651 4095 μεγάλης.
3684 4017 3780 4075 Καὶ

2129 4109 2435 4185 ἀπέδρασαν
2514 4108 2567 4165 ἐν
2640 4113 2720 4180 τῷ
2794 4108 2973 4165 σκότει
3049 4109 3265 4178 πάντες,
3362 4109 3777 4184 καταλείψαντες

2130 4202 2355 4261 ἃπαντα.
2415 4199 2513 4255 Καὶ
2562 4202 2670 4254 τῶν
2729 4203 2944 4275 κεπρῶν
3003 4195 3451 4277 διασαφησάντων
3504 4200 3557 4256 ἐν
3584 4202 3650 4272 τῇ
3680 4197 3776 4252 πό-

2130 4290 2239 4362 λει,
2271 4288 2581 4347 ἀπέστειλεν
2611 4290 2639 4344 6
2674 4287 2928 4365 βασιλεὺς
2956 4293 3160 4365 γνῶναι
3192 4288 3239 4343 εἱ
3281 4288 3499 4360 ἀληθὴς
3529 4290 3558 4345 6
3589 4287 3767 4362 Λόγος.

2131 4382 2232 4437 Καὶ
2292 4377 2640 4454 πορευθέντες
2697 4376 2874 4433 ὀπίσω
2932 4381 3028 4431 τοῦ
3086 4375 3359 4453 βασιλέως
3420 4378 3618 4452 Συρίας
3674 4370 3774 4436 ἕως

2131 4473 2229 4526 τοῦ
2256 4465 2553 4542 Ἰορδάνου,
2612 4464 2733 4522 ἰδοὺ
2786 4473 2951 4536 πᾶσα,
3012 4468 3046 4537 ἡ
3107 4464 3232 4530 ὁδὸς
3291 4467 3518 4544 πλήρης
3550 4465 3771 4541 ἱματίων

369 4556 478 4620 Qui
509 4556 663 4628 regis
693 4556 819 4627 Syri
846 4555 1091 4628 vestigia
1114 4572 1301 4627 usque
1330 4556 1404 4612 ad
1432 4556 1744 4613 Jordanem
1780 4558 2019 4615 fluvium

2132 4559 2220 4616 καὶ
2279 4564 2484 4615 σκευῶν
2546 4559 2620 4613 ὧν
2661 4552 2878 4632 ἔρριψεν
2932 4554 2985 4612 ἓν
3037 4561 3117 4629 τῷ
3173 4552 3497 4631 θαμϐεῖσθαι
3565 4556 3771 4620 αυτούς.

371 4644 557 4700 secuti
614 4648 798 4699 totam
856 4644 1009 4700 viam
1064 4645 1324 4701 vestibus
1405 4651 1463 4700 et
1526 4646 1678 4700 vasis
1733 4646 2021 4719 repletam

369 4734 665 4803 viderunt,
718 4751 849 4806 qum
894 4734 1265 4808 trepidantes
1316 4735 1470 4792 inter
1517 4736 1861 4809 fugiendum
1894 4738 2017 4808 Syri

370 4826 467 4897 abj
478 4825 794 4881 ecerant“.
819 4824 1301 4897 Exploratoribus
1322 4825 1573 4881 reversis
1596 4826 1850 4898 populus
1875 4827 2021 4881 urbe

373 4931 435 4972 se
466 4914 540 4971 ad
570 4915 830 4971 hostium
862 4920 1055 4970 castra
1084 4915 1420 4987 diripienda
1459 4916 1686 4972 eﬁ‘udit.
1719 4918 1909 4988 Atque
1940 4918 2022 4974 ita

373 5012 493 5063 tum
522 5005 768 5079 impleta
818 5010 958 5061 sunt
1015 5023 1147 5076 quae
1206 5005 1277 5061 de
1335 5006 1557 5063 vilitate
1615 5023 1868 5063 annonae
1917 5026 2022 5080 per

443 5106 490 5142 ⁸⁸
521 5108 593 5161 IV
623 5106 761 5180 Reg.
796 5122 870 5174 νι,
904 5108 955 5159 7.

2132 4648 2230 4705 Καὶ
2302 4646 2751 4723 ὑποστρεψάντων
2805 4650 2912 4702 τῶν
2970 4644 3415 4719 ἀπεσταλμένων,
3474 4645 3690 4718 ἐξῆλθεν
3746 4645 3773 4698 6

2131 4738 2262 4800 λαὸς
2292 4745 2394 4808 τῆς
2417 4735 2632 4799 πόλεως
2688 4734 2780 4791 καὶ
2840 4732 3108 4810 διήρπασε
3135 4737 3234 4805 τήν
3286 4732 3644 4813 παρεμϐολὴν
3671 4743 3776 4792 Συ-

2132 4827 2272 4902 ρίας,
2326 4828 2417 4882 καὶ
2473 4826 2681 4901 ἐγένετο
2754 4823 2949 4901 μὲτρον
3038 4822 3381 4900 σεμιδάλεως
3434 4826 3622 4883 σῖκλου
3686 4821 3771 4879 καὶ

2129 4914 2383 4993 δίμετρον
2411 4918 2604 4990 κριθῆς
2663 4913 2856 4971 σίκλου
2920 4915 3057 4970 κατὰ
3111 4915 3175 4970 τὸ
3233 4916 3387 4990 ῥῆμα
3419 4917 3635 4993 Κυρίου.
3665 4916 3769 4971 Teii

2129 5003 2186 5062 δὲ
2243 5004 2514 5080 βασιλέως
2573 5004 3006 5076 καταστήσαντος
3055 5002 3148 5059 τόν
3202 5006 3494 5080 τριστάτην
3550 5003 3635 5061 ἐπὶ
3674 5009 3769 5072 τῆς

1571 5179 1936 5235 XYLANDRI
1974 5180 2063 5235 ET
2101 5179 2317 5235 GOARI
2357 5179 2579 5235 ΝΟΤᾹΞ.

446 5266 560 5337 (88)
588 5250 756 5339 @533
777 5266 862 5320 sic
893 5265 1175 5339 Hebraice
1199 5264 1354 5339 docti
1374 5266 1879 5339 interpretantur:
1915 5285 2023 5323 no-

382 5353 520 5410 men
544 5336 705 5410 enim
735 5353 769 5390 a
808 5336 1069 5410 ternario
1101 5343 1209 5393 est.
1241 5336 1849 5410 Iosephus—Antiqua.
1886 5357 1963 5408 1x,
1991 5342 2021 5394 3

372 5406 562 5481 τρίτης
596 5405 1084 5481 μοίρας-ἡγεμόνα
1112 5405 1441 5481 transtullt,
1496 5411 1683 5465 tertia)
1716 5405 2021 5481 copiarum

373 5478 543 5553 parti
564 5478 967 5553 praepositum.
989 5479 1184 5533 Suidas
1212 5478 1503 5553 τριστάτης
1535 5488 1625 5537 est
1654 5478 1904 5553 stipator
1924 5488 2023 5537 aut

375 5551 617 5609 satelles
636 5551 1076 5623 regius,_ternas
1098 5567 1279 5606 manu
1301 5552 1501 5609 hastas
1522 5551 1760 5608 tenens.
1792 5552 1929 5609 XvL.
1956 5583 2022 5594 —

372 5621 731 5695 Improprie'
755 5621 1061 5693 Xylander
1115 5637 1182 5678 ac
1235 5623 1461 5678 mutile.
1511 5624 1753 5697 Proprie
1784 5641 1921 5680 vero
1951 5640 2021 5681 ac

2136 5268 2364 5339 integre
2394 5268 2547 5339 misit
2588 5267 3005 5339 rex_triqﬁw_n
3062 5265 3191 5339 (seu
3250 5266 3640 5333 triumvirum)
3687 5263 3771 5319 cui

2135 5336 2493 5393 innitebatur.
2528 5337 2799 5392 Sanctius
2843 5338 2905 5392 in
2930 5336 3096 5410 “Reg.
3131 5337 3233 5410 lib.
3265 5338 3556 5410 τριστάτην
3589 5339 3767 5410 inter-3

2134 5415 2401 5481 pretatur
2431 5410 2721 5481 triarium,
2784 5424 2815 5463 e
2868 5404 3073 5481 tribus‘
3123 5404 3414 5465 ministris
3446 5404 3648 5475 unum,
3678 5404 3762 5481 cui

2133 5477 2297 5609 Etans
2327 5482 2418 5536 vel
2450 5480 2765 5536 ambulans
2793 5496 2900 5552 per
2956 5480 3110 5536 vices
3168 5496 3271 5536 rex
3328 5482 3557 5539 solebat
3579 5477 3761 5537 inniti.

2180 5568 2307 5609 om.

2180 5568 2307 5609 OAR.
