4118 6284
299 297 417 362 317

1430 297 1791 362 HISTORIA
1803 297 1982 361 RUM
2025 294 2580 359 COMPENDIUM.

3600 303 3719 365 218

307 431 510 506 πύλης,
542 433 914 507 συνεπάτησεν
942 432 1103 491 αὐτὸν
1153 434 1183 490 6
1229 432 1366 496 λαὸς
1421 434 1534 508 (καὶ
1597 429 1844 504 ἀπέθανε)
1876 432 1953 506 μὴ

2065 437 2256 489 vatem
2279 432 2433 489 Deus
2462 431 2838 503 praedixerat.
2869 433 2977 490 Ille
3009 438 3208 492 autem
3238 452 3273 492 a
3304 451 3442 509 rege
3482 436 3717 505 tertius,

314 523 552 603 φαγόντα
589 522 652 579 ἐκ
678 529 780 581 τοῦ
809 524 962 581 σίτου
999 525 1135 581 κατὰ
1160 523 1231 581 τὸ
1260 524 1412 599 ῥῆμα
1439 526 1535 579 τοῦ
1573 524 1886 600 προφήτου.

372 794 476 852 Καὶ
512 793 699 866 μέντοι
722 795 814 850 καὶ
857 795 920 850 τὸ
979 794 1396 869 Ἰεριχούντειον
1448 790 1596 868 ὕδωρ
1657 789 1727 848 δι’
1785 792 1958 867 εὐχῆς

304 884 513 958 ἲάσρτο.
546 885 750 959 Πικρὸν
784 884 888 962 γὰρ
918 886 983 953 ἦν
1014 882 1167 963 φύσει
1220 884 1310 939 καὶ
1351 880 1617 939 δύσποτον
1675 882 1764 936 καὶ
1825 882 1962 955 πρὸς

305 977 656 1051 τεκνογονίαν
709 971 972 1047 ἐμπόδιόν
1026 994 1085 1029 τε
1139 972 1231 1028 καὶ
1282 971 1677 1047 θανατηφόρον,
1730 964 1840 1027 ἔσθ’
1871 970 1960 1026 ὅτε

306 1063 564 1137 καὶπρὸς
594 1063 806 1138 ἀρδείαν
857 1060 1254 1133 ἀνεπιτήδειον·
1306 1060 1437 1135 ὅπερ
1494 1060 1573 1122 εἰς
1628 1059 1956 1135 εὐχρηστίαν

306 1153 617 1228 ἆνθρωποις
672 1153 764 1208 καὶ
823 1153 1045 1222 κτήνεσι
1108 1146 1445 1225 μεταϐληθὶν
1500 1149 1792 1225 εὐκαρπίας
1852 1147 1958 1223 μᾶ-

307 1243 472 1299 λιστα
503 1240 722 1310 πολλῆς
762 1246 850 1297 καὶ
893 1240 1165 1315 σωτηρίας
1234 1240 1451 1315 ὑπῆρχε
1504 1242 1574 1312 τῇ
1634 1240 1794 1313 χώρᾳ
1824 1239 1958 1312 πρό-

304 1329 477 1403 ξενον.
514 1330 676 1403 Ἀχρι
709 1329 811 1405 γάρ
844 1325 1003 1402 δεῦρο
1062 1328 1434 1403 πλημμυροῦν
1501 1325 1757 1400 μεγίστην
1808 1325 1957 1382 πιαί-

301 1440 379 1474 νει
428 1416 661 1475 πεδιάδα
696 1461 710 1485 ,
767 1420 857 1474 καὶ
902 1419 1084 1498 τρέφει
1136 1414 1496 1492 παραδείσους
1552 1416 1642 1470 καὶ
1697 1416 1955 1494 φοίνίκων

306 1508 437 1585 γένη
474 1504 707 1584 διάφορα
757 1504 1115 1585 μελιτοφόρα,
1145 1506 1219 1560 ὧν
1279 1505 1332 1560 οἱ
1384 1503 1635 1560 πλεῖστοι
1676 1503 1958 1576 πατούμε-

305 1617 393 1651 νοι
430 1594 527 1651 καὶ
574 1590 1008 1668 ἀποθλιϐόμενοι
1066 1592 1193 1667 μέλι
1248 1594 1393 1651 πολὺ
1443 1592 1751 1668 ἐκχέουσιν.
1800 1596 1955 1649 ’Ἐστι

300 1686 404 1761 γὰρ
440 1683 805 1764 μελιτοφόρος
829 1685 922 1738 καὶ
978 1681 1410 1761 ἀρωματοφόρος
1468 1684 1503 1752 ἠ
1566 1683 1727 1756 χώρα
1792 1682 1955 1750 πάνυ,

302 1773 544 1854 ρέρουσα
580 1774 768 1851 κίτρον
820 1773 913 1829 καὶ
976 1767 1353 1848 μυροϐάλανον
1405 1772 1496 1827 καὶ
1560 1766 1957 1845 ὀποϐάλσαμον

304 1863 391 1920 ὅτι
420 1861 704 1919 πλεῖστον·
750 1861 873 1932 ἥτις
928 1860 998 1918 δι’
1056 1860 1260 1937 ὀλίγων
1315 1864 1539 1937 καρπῶν
1594 1857 1685 1915 καὶ
1743 1860 1951 1935 ἀνθρώ-

297 1973 428 2015 ποις
457 1951 813 2025 ἑπιθυμητῶν
846 1951 903 2006 εὗ
955 1950 1105 2024 μαλα
1132 1954 1213 2023 τῷ
1279 1946 1591 2024 παραδείσῳ
1646 1969 1764 2012 πως
1819 1969 1953 2025 παρ-

302 2044 599 2113 εικάζεται.

372 2223 461 2297 [Ρ.
495 2224 625 2296 105]
653 2221 806 2277 Μετὰ
851 2218 908 2276 δὲ
961 2219 1167 2296 Ἰωράμ
1222 2214 1565 2276 ἐϐασίλευσεν
1625 2222 1803 2289 Ἰησοῦ
1835 2221 1953 2281 υίὸς

293 2311 574 2384 Ναμεσίου
632 2312 764 2383 (89).
822 2308 1036 2366 Τούτου
1096 2308 1491 2382 εῗσερχομὲνου
1549 2308 1605 2365 ἐν
1662 2313 1731 2383 τῇ
1788 2308 1953 2365 πόλει

297 2400 610 2473 Σαμαρείας
637 2397 941 2472 παρέκυψεν
972 2395 1210 2468 Ἰεζάϐελ
1245 2395 1335 2453 διὰ
1364 2404 1464 2467 τῆς
1525 2396 1742 2472 θυρίδος
1796 2419 1954 2470 περι-

295 2486 823 2561 κεκαλλωπισμὲνη·
856 2489 884 2542 6
936 2485 995 2543 δὲ
1043 2485 1301 2562 βασιλεὺς
1329 2488 1625 2563 προσέταξε
1682 2493 1798 2550 τοῖς
1854 2485 1947 2543 εὓ-

292 2581 524 2655 νούχοις
554 2578 726 2648 αὐτῆς
755 2578 1200 2652 κατακρημνίσαι
1232 2577 1421 2648 αὐτήν.
1481 2576 1688 2632 Τούτου
1744 2575 1802 2632 δὲ
1860 2597 1954 2654 γε-

294 2665 525 2746 γονότος
578 2662 819 2737 Ἰεζάϐελ
876 2668 1223 2737 κατεπατήθη
1304 2666 1409 2722 ὑπό
1465 2670 1573 2722 τῶν
1625 2667 1811 2725 ἳππων
1862 2667 1951 2723 καὶ

291 2754 620 2833 κατεϐρώθη
655 2757 757 2812 ὑπὸ
788 2760 895 2813 τῶν
951 2760 1162 2829 κμνῶν.
1223 2756 1485 2827 Ἑπάταξε
1540 2754 1597 2811 δὲ
1635 2758 1663 2811 6
1700 2755 1954 2832 βασιλεὺς

290 2850 376 2904 καὶ
404 2848 539 2904 τοὺς
571 2841 951 2918 ἑϐδομήκοντα
983 2846 1135 2908 υἱοὺς
1196 2839 1418 2920 Ἀχαόιϐ
1486 2844 1576 2900 καὶ
1642 2845 1770 2908 τοὺς
1802 2865 1953 2922 περι-

293 2935 615 3017 λειφθέντας
702 2934 865 2991 αὐτοῦ
947 2934 1150 2996 πάντας
1232 2933 1287 2990 ἕν
1364 2934 1645 3011 Σαμαρείᾳ
1708 2936 1844 2992 κατὰ
1890 2935 1954 2991 τὸ

295 3026 699 3103 ρῆμαἸΙλιοῦ.
758 3024 1118 3098 Συναθροίσας
1170 3022 1226 3079 δὶ
1266 3025 1404 3080 ἅπαν
1464 3026 1527 3080 τὸ
1586 3024 1802 3093 πλῆθος
1854 3029 1953 3080 τοῦ

296 3117 463 3187 λαοῦ,
492 3111 596 3192 ἔφη
628 3115 765 3190 πρὸς
800 3114 996 3178 αὐτοὺς
1055 3113 1190 3186 μετὰ
1244 3114 1602 3191 πανουργίας·
1671 3138 1700 3166 «
1734 3109 1947 3194 Ἀχαὰϐ

2066 540 2201 579 cum
2232 539 2367 578 eum
2399 539 2502 578 rex
2525 528 2708 594 portae
2740 524 3124 595 praefecisset,
3154 526 3410 582 obtritus
3431 544 3466 582 a
3495 527 3717 599 populo

2065 612 2262 685 periit,
2289 628 2410 667 non
2441 612 2693 685 gustatis
2734 613 2809 669 iis
2850 612 3172 683 alimentis,
3223 615 3395 671 sicuti
3445 621 3506 671 et
3553 621 3713 673 vates

2064 700 2189 756 fore
2222 700 2642 756 afﬁrmaverat.

2134 790 2298 845 Idem
2328 790 2577 846 Elisaeus
2610 790 2906 862 praecibus
2935 791 3195 848 obtinuit
3251 798 3317 848 ut
3371 810 3540 865 aqum
3565 795 3715 851 Jeri-

2065 880 2322 936 chuntiaa
2353 884 2555 935 essent
2579 879 2867 945 salubres,
2901 897 3037 936 cum
3068 885 3283 937 natura
3314 889 3513 937 essent
3551 899 3717 939 ama-

2065 987 2167 1033 raa,
2202 962 2366 1040 potui
2396 969 2807 1034 incommodus,
2845 969 3192 1025 fecunditati
3241 970 3525 1035 adversas,
3559 973 3715 1029 184

2065 1061 2123 1112 et
2155 1057 2427 1124 lethales,
2460 1074 2527 1113 ac
2564 1074 2998 1130 nonnunquam
3032 1058 3209 1115 etiam
3259 1060 3331 1115 ad
3392 1060 3711 1133 rigandum

2063 1146 2256 1202 solum
2290 1147 2552 1210 inutiles,
2587 1147 2725 1213 Quae
2774 1164 2928 1219 aqua
2984 1149 3314 1204 mutatione
3373 1148 3485 1205 ista
3525 1149 3713 1205 homi—

2063 1252 2207 1291 num
2252 1242 2311 1292 et
2364 1237 2596 1308 pecoris
2655 1237 2787 1291 usui
2827 1237 3229 1294 accomodata.
3292 1237 3615 1294 fertilitatis
3647 1256 3715 1296 ac

2063 1325 2270 1381 salutis
2300 1326 2624 1396 plurimum
2658 1326 2755 1380 isti
2788 1327 3013 1399 regioni
3059 1327 3436 1383 concilliavit.
3465 1331 3609 1383 Nam
3654 1326 3713 1383 in

2062 1415 2220 1470 hunc
2249 1432 2439 1486 usque
2480 1415 2639 1471 diem
2700 1415 3008 1470 exundans
3066 1422 3462 1487 campestrem
3524 1419 3713 1473 maxi-

2062 1521 2223 1560 mam
2252 1504 2554 1577 regionem
2586 1505 2941 1578 impinguat,
2993 1507 3301 1578 nutritque
3357 1508 3625 1578 pomaria
3653 1513 3712 1563 et

2061 1594 2320 1666 palmeta
2351 1594 2665 1660 mellifera,
2688 1611 2938 1666 quorum
2987 1595 3214 1651 fructus
3273 1596 3483 1652 calcati
3532 1603 3709 1669 atque

2060 1685 2250 1756 pressi
2281 1700 2553 1757 magnam
2586 1684 2784 1740 mellis
2835 1686 2949 1739 vim
3006 1685 3342 1742 effundunt.
3404 1689 3505 1742 Est
3548 1688 3706 1742 enim

2062 1774 2328 1845 apprime
2379 1773 2673 1829 mellifera
2701 1780 2762 1830 et
2791 1774 3170 1830 aromatifera
3227 1775 3339 1830 ista
3397 1777 3578 1848 regio,
3627 1777 3706 1830 ci-

2062 1868 2219 1921 trum
2277 1864 2612 1936 producens
2670 1870 2729 1920 et
2791 1864 3067 1937 glandem
3151 1867 3603 1937 unguantariam
3654 1871 3713 1923 et

2062 1952 2430 2025 opobalsami
2464 1952 2809 2024 plurimum,
2833 1959 2899 2008 ut
2928 1957 3173 2025 propter
3218 1971 3384 2010 raros
3416 1961 3473 2009 et
3521 1955 3709 2010 homi-

2060 2041 2236 2098 nibus
2266 2040 2690 2098 desiderabiles
2721 2042 2947 2097 fructus
2978 2060 3100 2098 non
3134 2043 3388 2100 absurde
3435 2043 3709 2115 paradiso

2062 2130 2391 2203 comparari
2418 2147 2592 2202 posse
2623 2131 2909 2187 videatur.
2956 2165 2960 2169 -

2130 2221 2366 2275 Joramo
2395 2220 2616 2276 Jehuus
2660 2221 2967 2288 successit,
2999 2221 3255 2276 Namesii
3288 2221 3466 2278 ﬁlius.
3499 2223 3553 2277 ls
3578 2239 3714 2279 cum

2063 2309 2384 2365 Samariam
2435 2309 2705 2374 intraret,
2751 2310 3017 2366 Jezabela
3046 2317 3328 2366 exornato
3360 2328 3608 2384 corpore
3639 2312 3712 2367 de

2060 2398 2322 2453 fenestra
2342 2399 2666 2471 prospexit.
2690 2400 2911 2454 Jehuus
2934 2400 2984 2471 ej
2996 2417 3063 2454 us
3088 2400 3377 2455 eunuchis
3400 2400 3712 2472 imperavit

2061 2489 2147 2543 uti
2181 2504 2311 2543 eam
2332 2488 2773 2560 praecipitarent
2796 2506 2809 2554 ;
2835 2506 2952 2560 quo
2983 2489 3136 2545 facto
3156 2490 3423 2545 Jezabela
3446 2491 3518 2546 ab
3541 2492 3709 2562 equis

2062 2577 2299 2644 obtrita,
2335 2595 2371 2634 a
2400 2579 2648 2634 canibus
2681 2579 2959 2635 devorata
2989 2585 3099 2635 est.
3158 2580 3321 2635 Idem
3370 2596 3474 2635 rex
3532 2582 3709 2637 etiam

2064 2667 2436 2738 septuaginta
2466 2667 2622 2722 filios
2652 2668 2873 2723 Achabi
2907 2686 3255 2740 omnemque
3288 2670 3417 2741 ejus
3465 2671 3709 2743 stirpem

2064 2757 2445 2827 superstitem
2468 2756 2745 2812 Samaria:
2777 2757 3075 2813 interfecit
3092 2759 3420 2814 secundum
3442 2759 3584 2815 Elim
3615 2777 3708 2816 va.

2062 2844 2357 2901 ticinium.
2390 2846 2533 2901 Inde
2564 2852 2769 2901 coacta
2794 2848 2954 2901 omni
2990 2847 3369 2903 multitudine
3400 2854 3592 2904 astute
3615 2866 3714 2905 eos

2064 2933 2478 3005 compellavit:
2517 2934 2817 2990 Achabum
2860 2935 3123 3007 exiguos.
3157 2952 3219 2991 se
3266 2936 3454 2992 multo
3508 2937 3710 3008 plures

2063 3023 2223 3078 Baali
2250 3023 2444 3078 cultus
2474 3024 2901 3095 praestiturum.
2944 3024 3200 3079 Proinde
3255 3042 3464 3081 omnes
3522 3027 3713 3082 Baalis

2061 3116 2222 3166 vates
2252 3126 2321 3167 ac
2378 3111 2692 3182 pontifices
2750 3110 2824 3166 ad
2882 3128 2944 3167 se
2985 3118 3408 3168 convocarent:
3469 3130 3607 3170 nam
3648 3133 3711 3171 se

308 3206 403 3278 μὲν
432 3202 717 3260 ἐδούλευσε
740 3207 821 3274 τῷ
851 3204 1000 3260 Βάαλ
1052 3201 1235 3278 ὀλίγα,
1292 3204 1442 3274 Ἰηοῦ
1490 3201 1549 3258 δὶ
1577 3200 1764 3258 πολλὰ
1825 3200 1953 3258 δου-

2065 3216 2345 3273 magnum
2376 3200 2537 3255 Baali
2568 3200 2926 3256 sacriﬁcium
2969 3201 3323 3268 instituisse,
3371 3208 3429 3258 et
3472 3209 3713 3260 necatu-

307 3294 496 3350 λεύσει
544 3294 704 3366 αύτῷ.
788 3292 887 3348 Καὶ
965 3297 1056 3346 νῦν
1103 3292 1306 3355 πάντας
1361 3290 1623 3347 καλέσατε
1687 3291 1825 3367 πρός
1885 3313 1953 3366 με

309 3384 438 3445 τοὺς
463 3382 729 3461 ύροφήτας
758 3382 852 3437 καὶ
890 3382 1055 3456 ἱερεῖς
1085 3385 1182 3436 τοῦ
1213 3379 1383 3447 Βάαλ,
1434 3380 1520 3435 ὅτι
1572 3380 1789 3455 μεγάλη
1854 3401 1950 3455 μοι

306 3472 463 3538 θυσία
489 3477 565 3544 τῷ
595 3469 769 3528 Βάαλ·
803 3474 907 3532 πᾶς
935 3470 1036 3546 γὰρ
1057 3470 1118 3534 ὃς
1145 3467 1206 3525 ἄν
1239 3468 1537 3544 ἀπολείψῃ,
1558 3469 1622 3524 οὐ
1657 3472 1897 3540 ζήσεται.
1920 3494 1947 3521 ιι

295 3557 796 3634 Συναθροισθέντων
851 3559 943 3614 οὖν
1027 3559 1265 3627 πάντων,
1353 3558 1441 3615 καὶ
1520 3563 1616 3613 τοῦ
1666 3557 1950 3614 εἴδωλείου

295 3651 661 3722 πλησθέντος,
720 3650 896 3722 στόμα
961 3649 1097 3725 πρὸς
1153 3648 1328 3722 στόμα
1386 3648 1550 3722 φησὶν
1609 3649 1639 3703 6
1699 3647 1954 3724 βασιλεὺς

2062 3307 2218 3358 rum,
2253 3290 2300 3346 si
2343 3290 2478 3362 quis
2536 3290 2775 3345 illorum
2833 3289 2906 3346 ab
2964 3291 3076 3346 hoc
3132 3291 3440 3349 abfuisset.
3502 3296 3585 3349 Ita
3642 3294 3714 3349 iis

2064 3381 2342 3437 omnibus
2373 3382 2761 3454 congregatis,
2786 3398 2854 3437 ac
2901 3382 3037 3437 fano
3097 3382 3401 3438 simulacri
3459 3386 3709 3456 repleto,

2063 3470 2280 3526 diserte
2312 3470 2613 3525 mandavit
2641 3471 2828 3525 servis
2868 3470 3016 3527 185
3054 3471 3249 3527 Baalis
3279 3488 3381 3526 rex
3411 3473 3497 3527 uti
3529 3473 3715 3546 dispi-

2063 3566 2266 3616 cerent
2293 3560 2494 3631 ecquis
2526 3560 2587 3614 in
2616 3559 2792 3615 turba
2821 3565 2977 3614 esset
2998 3561 3098 3615 Dei
3131 3560 3340 3616 cultor.
3376 3563 3521 3617 Cum
3553 3563 3711 3618 inter

2061 3650 2327 3707 Baalicos
2357 3650 2571 3705 horum
2599 3650 2801 3706 nullus
2859 3649 3245 3713 inveniretur,
3305 3651 3450 3722 regii
3498 3651 3708 3707 famuli

293 3753 406 3803 τοῖς
440 3738 671 3803 δούλοις
700 3743 799 3794 τοῦ
832 3737 998 3794 Βάσλ·
1034 3762 1062 3789 ι(
1095 3739 1449 3813 Ἐρευνήσατε
1486 3731 1730 3812 ἀκριϐῶς
1762 3736 1807 3792 εἰ
1837 3734 1950 3792 ἔστι

2065 3739 2230 3809 iussu
2259 3740 2413 3812 regis
2444 3739 2708 3795 Baalicos
2739 3756 2948 3795 omnes
2969 3738 3125 3794 ferro
3152 3739 3545 3809 trucidarunt,
3568 3742 3708 3799 Baa-

297 3832 416 3904 μεθ’
447 3830 606 3902 ὑμῶν
636 3849 719 3891 τις
766 3831 873 3882 τῶν
933 3823 1147 3882 δούλων
1209 3826 1430 3901 Κυρίου.
1474 3849 1502 3878 »
1566 3827 1662 3880 Καὶ
1723 3823 1953 3899 μηδενὸς

290 3918 610 3992 εὑρεθέντος
642 3914 891 3972 ἐκέλευσε
944 3921 1060 3978 τοῖς
1124 3914 1422 3989 ὑπουργοῖς
1477 3915 1667 3984 αὐτοῦ,
1697 3915 1787 3969 καὶ
1821 3915 1948 3970 ἑπά-

288 4010 454 4078 τ-ιξαν
506 4007 708 4069 πάντας
766 4005 819 4060 ἐν
880 4005 1106 4078 στόματι
1156 4004 1451 4082 ῥομφαίας·
1511 4005 1598 4059 καὶ
1653 4005 1743 4059 τὸν
1803 4001 1948 4060 Βάαλ

289 4099 485 4155 ιιαὲτᾶ
530 4097 698 4153 αὐτοῦ
749 4096 923 4152 πάντα
980 4095 1259 4170 ἐνέπρησε.
1320 4094 1475 4163 Ηλήν
1535 4094 1635 4150 οὐκ
1688 4092 1948 4172 ἐφύλαξεν

290 4189 373 4252 εἰς
449 4188 613 4252 τέλος
693 4185 795 4242 τοῦ
867 4186 1185 4259 πορεύεσθαι

294 4277 418 4336 δύο.

1270 4182 1324 4238 ἐν
1396 4182 1551 4257 νόμῳ
1637 4184 1859 4260 Κυρίου,
1932 4182 2023 4239 καὶ
2080 4181 2287 4261 ἐσφάγη
2339 4180 2392 4236 ἐν
2448 4187 2529 4253 τῷ
2585 4180 2840 4255 πολέμῳ,

2061 3828 2299 3899 lemque
2330 3845 2463 3884 cum
2482 3829 2646 3884 omni
2680 3829 2808 3899 ejus
2840 3829 3237 3887 instrumento
3271 3836 3704 3888 cremaverunt.

2060 3918 2350 3972 Cmterum
2369 3918 2590 3973 Jehuus
2630 3934 2749 3973 non
2780 3919 3178 3989 perseveravit
3198 3935 3384 3989 usque
3421 3918 3495 3975 ad
3525 3922 3704 3976 finem

2060 4005 2366 4062 servandis
2397 4008 2495 4061 Dei
2520 4007 2852 4078 praeceptis.
2877 4008 2942 4060 In
2964 4006 3120 4061 bello
3145 4009 3377 4076 cecidit,
3401 4027 3580 4083 regno
3604 4029 3711 4083 per

2058 4110 2249 4150 annos
2280 4094 2484 4166 viginti
2518 4094 2669 4149 duos
2690 4098 2874 4165 gesto.

2949 4178 3274 4256 βασιλεύσας
3340 4182 3432 4257 ἔτη
3536 4185 3706 4242 εἴκοσι

372 4368 527 4426 Μετὰ
559 4364 617 4423 δὲ
666 4367 810 4437 Ἰηοῦ
869 4359 1211 4422 ἐϐασίλευσεν
1278 4363 1509 4440 Ἰωάχας
1538 4364 1567 4418 6
1598 4365 1713 4427 υἱὸς
1770 4362 1954 4420 αὑτοῦ.

2138 4363 2434 4420 Successit
2481 4365 2535 4420 ei
2580 4367 2899 4423 Joachazus
2962 4367 3144 4437 ﬁlius,
3193 4368 3295 4440 qui
3340 4385 3478 4425 cum
3528 4369 3709 4442 impie

290 4456 388 4513 καὶ
414 4454 646 4526 ἐποίησε
672 4456 736 4509 τὸ
792 4453 1030 4530 πονηρὸν
1083 4452 1309 4510 ἐνώπιον
1370 4452 1596 4528 Κυρίου,
1660 4451 1750 4508 καὶ
1816 4452 1952 4506 ἀπέ-

295 4548 430 4601 θανε
463 4543 788 4620 βασιλεύσας
831 4540 924 4613 ἔτη
981 4545 1080 4613 κζ’.
1139 4542 1291 4600 Μενᾶ
1336 4532 1407 4598 ⁷δὲ
1462 4543 1702 4616 Ἰωάχαζ
1758 4536 1946 4597 ἰϐασί-

292 4634 491 4690 λευσεν
520 4633 683 4690 Ίωᾶσ
712 4634 740 4689 ὁ
770 4633 885 4694 υἱὸς
936 4631 1124 4700 αὐτοῦ,
1157 4631 1248 4686 καὶ
1307 4630 1534 4702 ἐποίησε
1588 4632 1652 4685 τὸ
1708 4630 1949 4702 πονηρὸν

297 4723 538 4780 ἐνώπιον
603 4721 843 4798 Κυρίου,
907 4720 996 4776 καὶ
1052 4720 1280 4785 ἀπέθανε
1340 4717 1662 4794 βασιλεύσας
1713 4712 1806 4790 ἔτη
1861 4715 1948 4776 ιδ’.

292 4816 417 4892 Ἐφ’
452 4811 517 4868 οὗ
549 4810 825 4868 Ἐλισσαιὶ
876 4808 1213 4880 ἐτελεύτησε,
1244 4808 1627 4885 προφητεύσας
1681 4813 1759 4879 τῷ
1800 4807 1953 4868 Ἰωὰς

289 4905 398 4973 τήν
430 4900 698 4978 προτέραν
728 4897 816 4954 διὰ
858 4894 1160 4972 συμϐόλων
1217 4899 1353 4954 κατὰ
1393 4897 1591 4971 Συρίας
1620 4896 1800 4967 νίκην,
1831 4896 1955 4952 ἐπι-

290 4992 501 5068 τρέψας
557 4988 706 5062 αύτῷ
768 4988 860 5044 ’ἐπὶ
936 4988 1034 5056 τήν
1091 4994 1194 5064 γῆν
1250 4986 1493 5057 τοξεῦσαι
1549 4985 1820 5048 πεντάκις·
1862 4989 1950 5042 καὶ

288 5085 358 5140 τὸ
391 5084 490 5157 μὶν
512 5079 694 5155 τρίτον
724 5078 1002 5154 εὐστόχως
1032 5075 1243 5154 ἔρῥιψε,
1273 5077 1336 5131 τὸ
1381 5074 1439 5131 δὲ
1476 5076 1730 5151 τέταρτον
1788 5077 1956 5146 ἠστό-

289 5193 463 5250 χῃσι,
527 5170 619 5226 καὶ
664 5165 995 5245 προφητεύει
1049 5163 1196 5250 αὐτῷ
1250 5162 1355 5230 ἕως
1409 5164 1601 5239 τρίτης
1659 5160 1951 5238 συμϐολῆς

2061 4449 2301 4517 viveret,
2336 4466 2515 4523 regno
2546 4466 2652 4523 per
2698 4468 2887 4508 annos
2939 4454 3143 4524 viginti
3190 4459 3416 4526 septem
3474 4454 3712 4510 functus

2061 4539 2230 4596 obiit.
2265 4542 2406 4594 Post
2434 4540 2592 4596 hunc
2640 4543 2905 4615 regnavit
2962 4543 3123 4599 filius
3154 4531 3284 4615 ejus
3338 4545 3471 4600 Joas
3523 4561 3712 4601 annos

2062 4630 2533 4700 quatuordecim,
2568 4632 2785 4704 impius
2814 4633 2942 4705 ipse
2997 4651 3253 4706 quoque.
3303 4636 3383 4690 Eo
3428 4642 3710 4709 regnante

2063 4719 2309 4775 Elisaeus
2358 4721 2631 4790 moritur,
2689 4722 2973 4794 prmdicta
3028 4724 3194 4795 prius
3238 4725 3359 4779 εἷοω
3399 4724 3471 4779 de
3530 4726 3711 4796 Syriis

2062 4810 2325 4877 victoria,
2341 4810 2518 4882 idque
2541 4826 2648 4882 per
2669 4811 2854 4881 signa.
2875 4813 3059 4869 Iussit
3088 4829 3222 4868 eum
3248 4814 3460 4886 sagitta
3489 4820 3709 4870 terram

2063 4900 2383 4972 quinquies
2408 4907 2630 4972 petere.
2690 4902 2950 4957 Tertium
3004 4904 3137 4975 Joas
3191 4920 3437 4975 scopum
3496 4904 3709 4975 attigit,

2064 4996 2274 5063 quarto
2305 4989 2616 5046 aberravit.
2647 4990 2849 5062 Itaque
2880 4992 2932 5046 ei
2965 4993 3318 5049 vaticinatus
3344 4998 3435 5047 est
3467 4992 3709 5048 Elisaeus

2063 5079 2253 5136 tribus
2285 5094 2419 5135 eum
2450 5080 2674 5151 prmliis
2696 5079 2768 5134 de
2790 5080 2950 5152 Syris
2971 5082 3248 5137 victorem
3282 5081 3429 5145 fore,
3461 5081 3710 5153 reliquis

2065 5166 2531 5224 succubiturum.
2562 5167 2780 5233 Quodsi
2805 5169 3123 5242 quinquies
3154 5186 3397 5242 scopum
3420 5170 3714 5243 attigisset

1507 5309 1868 5367 XYLANDRI
1902 5310 1991 5365 ET
2027 5310 2240 5367 GOARI
2277 5311 2498 5367 ΝΟΤᾸΞ.

361 5460 475 5532 (89)
507 5460 605 5534 Sic
636 5455 805 5534 estin
818 5452 1177 5534 Bibliis._Sed
1203 5456 1262 5508 et
1297 5452 1951 5534 annosregnummulto

288 5524 467 5594 aliter
486 5531 678 5590 codex
708 5525 892 5583 habet
909 5528 1144 5580 notatos
1172 5540 1352 5596 quam
1376 5524 1593 5579 veritas
1636 5524 1951 5592 Scriptum

294 5622 477 5679 sacrm
534 5604 713 5661 ferat.
764 5595 1037 5662 Historiae
1076 5595 1219 5668 ipsae
1280 5595 1575 5670 legantur,
1609 5611 1740 5669 quae
1768 5595 1865 5655 hic
1895 5602 1955 5653 et

2061 5451 2287 5531 mutila
2337 5456 2395 5531 et
2441 5469 2563 5531 non
2595 5453 2819 5525 optimo
2857 5453 3064 5510 ordine
3115 5471 3231 5527 qua
3282 5463 3565 5514 notantur
3593 5475 3707 5531 qua

2061 5524 2456 5592 inculcantur,
2481 5526 2618 5581 XYL.
