4118 6284
445 382 573 451 ’19

1808 378 2126 448 GEORGII
2167 376 2507 451 GEDRENI

3734 372 3845 461 sse

431 521 766 599 'quinquies
794 517 1025 576 collatis
1056 516 1243 591 signis
1274 518 1555 590 Syrorum
1585 518 1907 592 imperium
1940 535 2099 578 ever-

2219 527 2427 590 νικῆσαι
2456 522 2584 586 τοὺς
2619 504 2870 599 Σύρουςξ
2906 506 3013 586 τίὶςΔ
3055 503 3131 578 δὲ.
3162 503 3346 600 ὲιτὲρας
3402 502 3723 596 ἡττηθῆναι.
3777 521 3841 580 Εἰ

453 628 661 670 surum
690 610 894 666 fuisse.

523 882 830 936 Annorum
856 875 1072 948 quibus
1104 876 1531 948 Hierosolymis
1581 880 1892 949 regnatum
1938 877 2050 933 fuit
2078 893 2113 934 a

448 966 668 1025 Davido
699 982 887 1036 usque
918 966 990 1020 ad
1029 964 1354 1034 Sedeciam,
1417 982 1648 1021 summa
1707 971 1793 1020 est
1823 965 2112 1037 quadrin-

446 1062 761 1130 gentorum
811 1054 1134 1126 nonaginta
1183 1060 1335 1110 octo.
1400 1056 1587 1126 Reges
1636 1055 1877 1110 fuerunt
1906 1056 2108 1127 viginti

450 1146 586 1213 duo,
621 1162 828 1201 omnes
858 1145 1074 1199 Davido
1127 1143 1420 1216 prognati.
1454 1145 1629 1199 Vates
1658 1144 1898 1200 fuerunt
1948 1142 2108 1200 Sauli

447 1240 712 1306 tempore
743 1233 1050 1289 Samuelus
1092 1239 1151 1287 et
1200 1233 1479 1301 Davidus,
1514 1233 1718 1288 Davidi
1752 1234 1879 1305 ipse
1906 1235 2106 1303 David,

450 1323 663 1388 Gadus,
698 1323 1018 1387 Nathanus,
1061 1321 1359 1393 Asaphus,
1395 1322 1728 1377 Salomonis
1760 1327 1819 1377 et
1845 1329 2111 1395 postero-

451 1430 584 1470 rum
616 1413 831 1468 Achias
858 1412 1157 1481 Silonites,
1187 1412 1443 1467 Sammas
1473 1412 1758 1482 Adonius,
1793 1412 1902 1469 sub
1944 1415 2106 1470 Josa-

453 1503 634 1572 phato
683 1508 742 1557 et
771 1501 925 1557 186
982 1502 1428 1557 successoribus
1500 1502 1791 1569 Michazas,
1841 1502 2107 1571 Elisaeus,

457 1591 703 1657 Abdius,
736 1590 844 1646 sub
874 1591 1024 1646 Jehu
1045 1591 1295 1659 Ozielus,
1326 1590 1655 1658 Eleazarus,
1690 1592 1945 1649 Azarias.
1970 1593 2109 1648 Eze-

452 1683 586 1738 chia
613 1686 922 1754 regnante,
955 1697 1022 1736 ac
1053 1680 1334 1753 deinceps
1366 1682 1567 1746 Oseas,
1594 1684 1864 1750 Amosus,
1900 1683 2104 1752 Isaias,

455 1772 651 1827 Jonas.
683 1771 855 1826 Josiaa
876 1775 1051 1825 aatate
1089 1786 1156 1825 ac
1203 1774 1338 1841 post
1391 1770 1700 1839 Jeremias,
1751 1772 2105 1844 Sophonias,

450 1859 650 1928 Oidas,
683 1859 1004 1914 Baruchus.
1042 1859 1300 1915 Sedeciae
1331 1875 1512 1932 regno
1536 1861 1840 1917 Jeremias.
1883 1862 2109 1918 Abacu-

452 1966 577 2005 cus.
602 1950 743 2004 Post
770 1948 1048 2005 exsilium
1081 1947 1191 2003 sub
1216 1949 1367 2004 Jehu
1395 1952 1645 2022 Aggeeus
1686 1955 1746 2005 et
1774 1951 2107 2007 Zacharias.

455 2039 733 2096 Danielus
753 2040 1216 2111 Ezechielusque
1264 2041 1325 2095 in
1380 2040 1510 2112 ipso
1550 2040 1756 2097 exsilio
1814 2042 2113 2114 Babylone

450 2129 752 2185 vaticinati
786 2135 946 2186 sunt.

523 2310 822 2381 Josa‘phati
855 2308 1015 2365 filius
1046 2309 1119 2365 ab
1170 2308 1383 2365 Elisan
1415 2325 1584 2366 sacra
1609 2311 1894 2367 unctione
1922 2326 2109 2383 regno

454 2398 732 2454 Samariae
783 2398 1062 2453 inunctus
1116 2403 1299 2454 totam
1334 2398 1556 2455 Achabi
1615 2399 1903 2455 familiam
1951 2399 2112 2454 ultus

459 2493 567 2543 est.
603 2490 746 2543 Nam
780 2493 838 2543 et
881 2489 1185 2543 Joramum
1248 2489 1378 2560 ejus
1438 2488 1594 2545 ﬁlius
1648 2506 1849 2562 regem
1900 2490 2113 2562 sagitta

454 2577 774 2643 interfecit,
808 2583 867 2632 et
896 2578 1076 2649 hujus
1107 2582 1359 2632 matrem
1390 2577 1717 2634 Jezabelam
1766 2579 2105 2650 praecipita-

450 2669 552 2734 vit,
586 2674 644 2721 et
675 2667 893 2722 Achabi
929 2668 1084 2722 ﬁlios
1112 2684 1244 2723 cum
1298 2673 1592 2736 necasset,
1649 2685 1854 2723 eorum
1914 2669 2111 2740 capita

453 2757 516 2811 in
542 2756 714 2813 biviis
746 2757 1036 2828 exposuit.
1078 2756 1215 2811 Inde
1238 2757 1514 2812 simulato
1543 2774 1605 2813 se
1637 2758 1902 2814 solemne
1935 2757 2112 2814 sacri-

453 2846 653 2901 ﬁcium
679 2852 1082 2917 peracturum,
1116 2845 1423 2901 universos
1478 2846 1670 2903 Baalis
1725 2852 1885 2902 vates
1929 2852 2109 2918 atque

449 2935 788 2991 sacerdotes
818 2935 1123 2999 conduxit,
1155 2940 1334 3006 atque
1357 2934 1428 2991 ad
1450 2951 1633 2991 unum
1668 2952 1877 2992 omnes
1892 2936 2110 3009 jugun-

448 3024 606 3092 lavit,
653 3024 981 3096 fanumque
1037 3024 1336 3080 simulacri
1380 3025 1701 3081 demolitus
1730 3026 1793 3080 in
1827 3025 2107 3082 latrinam

455 3116 762 3170 convertit.
796 3115 1085 3187 Regnavit
1110 3130 1298 3170 annos
1328 3114 1785 3189 duodetriginta.

514 3293 646 3347 Joas
678 3290 941 3347 Ochoziae
972 3291 1134 3348 ﬁlius
1164 3297 1299 3363 post
1330 3308 1469 3347 eum
1504 3308 1693 3348 annos
1734 3291 2013 3347 sedecim.
2050 3293 2104 3347 ls
2135 3261 2179 3329 θ

451 3379 784 3434 Gotholiam
815 3380 1064 3436 necavit.
1090 3380 1209 3434 Hoc
1238 3384 1520 3452 regnante
1551 3380 1762 3435 Jodaas
1795 3380 2102 3436 sacrifica-

451 3469 551 3533 vit,
585 3484 775 3523 annos
803 3472 980 3523 natus
1012 3470 1134 3522 130.
1166 3468 1388 3540 Estque
1438 3469 1768 3524 notandum
1819 3469 1980 3524 hunc
2017 3484 2106 3523 so-

451 3557 577 3612 lum
608 3556 681 3612 ad
703 3562 928 3612 tantam
960 3561 1195 3613 aetatem
1228 3558 1570 3628 pervenisse
1596 3562 1729 3628 post
1757 3558 2029 3613 Mossem.

524 3649 695 3701 Anno
750 3646 958 3701 mundi
1019 3646 1158 3701 4648
1218 3652 1382 3701 vates
1432 3646 1682 3701 Elismus
1738 3646 1992 3702 moritur
2038 3662 2107 3703 ac

454 3736 757 3807 sepelitur.
784 3735 965 3791 Paulo
988 3741 1120 3806 post
1147 3734 1459 3806 praedones
1491 3734 1770 3791 Moabieci
1793 3735 1853 3790 in
1886 3741 2105 3791 terram

452 3826 791 3881 Israelicam
848 3825 1305 3896 impressionem
1370 3825 1614 3887 faciunt,
1674 3842 1742 3882 ac
1799 3826 2102 3883 hominem

452 3917 600 3971 187
651 3915 966 3987 quemdam
998 3916 1060 3970 in
1091 3915 1286 3971 Elisaai
1322 3921 1710 3972 monumento
1760 3917 2058 3989 sepeliunt
2089 3934 2103 3971 :

450 4005 502 4060 is
533 4009 598 4059 ut
618 4021 752 4061 ossa
771 4006 918 4061 vatis
949 4006 1161 4078 attigit,
1185 4005 1476 4063 redivivus
1500 4005 1563 4062 in
1582 4005 1765 4079 pedes
1788 4023 1927 4063 suos
1957 4024 2098 4063 con-

453 4092 624 4159 stitit,

523 4181 912 4238 Joroboamus
939 4183 1055 4238 Joae
1089 4183 1248 4239 illius
1300 4185 1566 4257 regnavit
1611 4201 1802 4240 annos
1845 4184 2106 4256 quadra-

453 4271 617 4343 ginta
644 4288 853 4328 unum.
887 4273 965 4326 Eo
997 4278 1281 4345 regnante
1310 4274 1486 4329 Jonas
1518 4279 1577 4328 et
1620 4275 1872 4329 Amosus
1900 4273 2107 4328 vatici-

452 4361 576 4417 nati
624 4367 779 4417 sunt.
838 4362 1132 4418 Successit
1189 4363 1243 4418 ei
1298 4363 1609 4418 Zacharias
1668 4363 1844 4418 ﬁlius.
1898 4364 2105 4429 Quem,

451 4465 584 4504 cum
612 4450 644 4502 6
677 4466 909 4505 menses
940 4466 1188 4522 regnum
1220 4451 1533 4519 tenuisset,
1556 4450 1850 4506 Sellumus
1874 4452 2108 4507 necavit

449 4536 776 4608 decemque
810 4554 1045 4595 menses
1076 4539 1360 4611 regnavit.
1395 4540 1561 4594 Hunc
1592 4541 1919 4596 Manaimus
1941 4541 2103 4613 deje-

2221 611 2324 690 γὰρ
2357 611 2490 689 ἄχρι
2519 619 2626 670 τῶν
2676 614 2829 673 πὲντε
2883 615 2950 671 τὰ
3008 613 3145 691 βὲλη
3206 613 3490 695 εὐστόχως
3558 610 3842 687 ἐϐεϐλήκει,

2219 702 2476 759 πεντάκις
2516 703 2578 759 ’ἂν
2629 703 3075 782 παραταξάμενος
3101 705 3201 773 τήν
3267 703 3461 779 Σύρων
3492 704 3667 784 ἀρχὴν
3695 704 3844 762 κατί-

2221 786 2375 849 ϐαλε.

2290 882 2539 939 Γίνονται
2588 884 2681 939 οὗν
2750 886 2891 958 ὁμοῦ
2946 887 3055 940 τῶν
3109 882 3164 938 ἐν
3201 880 3574 958 Ἰερουσαλὴμ
3621 883 3851 959 βασιλευ-

2220 972 2425 1028 σάντων
2458 973 2566 1028 ἀπὸ
2600 969 2765 1029 Δαϐἲδ
2804 969 2911 1035 ἕως
2971 970 3224 1029 Σεδεκίου
3280 971 3375 1043 ἔτη
3410 972 3555 1051 υίτηη
3589 974 3651 1032 Οἱ
3684 972 3738 1029 δὲ
3770 977 3849 1050 βα-

2220 1061 2396 1125 σιλεῖς
2440 1062 2691 1141 ὑπῆρχον
2747 1063 2839 1117 τὸν
2871 1061 3100 1137 ἀριθμὸν
3150 1062 3258 1136 κβ’,
3310 1062 3511 1124 πάντες
3561 1059 3617 1117 δὲ
3672 1062 3717 1133 ἐξ
3747 1064 3850 1126 ἑνὸς

2219 1149 2469 1226 ἐγένοντο
2499 1151 2690 1226 γένους
2741 1155 2838 1206 τοῦ
2892 1146 3078 1209 Δαϐίδ.
3115 1152 3232 1226 Ἐφ’
3261 1152 3336 1206 ὧν
3378 1151 3518 1220 ἦσαν
3569 1154 3847 1231 προφῆται,

2218 1237 2307 1293 ἐπὶ
2352 1240 2446 1313 μὶν
2501 1239 2681 1295 Σαοὺλ
2742 1234 2908 1295 Δαϐίδ
2945 1239 3035 1294 καὶ
3098 1238 3387 1312 Σαμουὴλ*
3452 1238 3544 1295 ἐπὶ
3587 1238 3644 1294 δὲ
3698 1236 3848 1296 Δαϐἱδ

2218 1327 2383 1392 αὐτὸς
2411 1330 2439 1385 ὁ
2462 1325 2652 1399 Δαϐὶδ,
2685 1328 2816 1397 Γάδ,
2851 1329 3051 1398 Νάθαν,
3109 1329 3299 1406 Ἀσάφ·
3363 1329 3453 1385 ἐπὶ
3491 1327 3845 1403 Σολομῶντος

2217 1418 2440 1474 καὶτῶν
2481 1421 2597 1493 μετ’
2656 1418 2815 1473 αὐτὸν
2874 1418 3121 1493 Μιχαίας
3175 1419 3204 1474 ὁ
3252 1416 3587 1489 Σιλωνίτης,
3650 1417 3846 1491 Σαμέας

2218 1505 2247 1559 ὁ
2279 1504 2478 1564 ’Δδών.
2505 1507 2626 1563 Ἐπὶ
2678 1505 2735 1562 δὶ
2781 1507 3043 1585 Ἰωσάφατ
3079 1506 3173 1563 καὶ
3219 1510 3327 1562 τῶν
3366 1507 3486 1578 μετ’
3547 1505 3703 1561 αὐτὸν
3753 1509 3847 1564 Μι.

2218 1594 2406 1675 χαίας,
2439 1595 2652 1666 Ἠλίας,
2715 1595 3049 1664 Ἐλισσαῖος,
3108 1590 3351 1652 Ἀϐδιοῦ.
3417 1596 3546 1653 Ἐπὶ
3605 1592 3662 1650 δὲ
3715 1597 3850 1667 Ἰηοῦ

2216 1684 2435 1755 Ὀζιήλ,
2491 1683 2779 1761 Ἐλεάζαρ,
2830 1684 3104 1759 Ἀζαρίας.
3167 1684 3289 1740 Ἐπὶ
3348 1681 3408 1739 δὲ
3476 1685 3716 1755 Ἐζεκίου
3771 1686 3851 1740 καὶ

2214 1777 2323 1828 τῶν
2393 1774 2510 1847 μετ’
2591 1774 2750 1830 αὐτὸν
2820 1773 3003 1845 Ὠσηὲ,
3082 1773 3293 1846 Ἀμὼς,
3352 1772 3602 1842 Ἡσαΐας,
3658 1777 3849 1836 Ἰωνᾶς.

2217 1862 2340 1920 Ἐπὶ
2373 1860 2430 1918 δὲ
2463 1864 2675 1919 Ἰωσίου
2703 1864 2793 1919 καὶ
2824 1868 2933 1918 τῶν
2970 1864 3084 1936 μετ’
3116 1862 3276 1919 αὐτὸν
3335 1863 3629 1939 Ἱερεμίας,
3688 1869 3847 1940 Σοφο-

2219 1951 2355 2023 νίας,
2387 1950 2578 2021 Ὀλδᾶ,
2613 1952 2858 2029 Βαροῦχ.
2893 1953 3017 2010 Ἐπὶ
3050 1949 3307 2007 Σεδεκίου
3361 1952 3672 2027 Ἱερεμίας,
3701 1946 3854 2009 ’Δϐας

2220 2040 2386 2115 κούμ.
2422 2043 2566 2097 Μετᾶ
2592 2039 2650 2097 δὲ
2680 2043 2779 2111 τὴν
2813 2039 3201 2121 αἰχμαλωσίαν
3234 2040 3322 2095 ἐπὶ
3371 2043 3554 2111 Ἰησοῦ
3604 2041 3849 2115 Ἀγγαῖος

2218 2131 2309 2184 καὶ
2340 2131 2638 2206 Ζαχαρίας.
2674 2129 2877 2200 Δανιὴλ
2907 2131 2994 2185 καὶ
3057 2128 3319 2199 Ἰεζεκιήλ
3353 2128 3407 2185 ἐν
3467 2134 3537 2205 τῇ
3567 2126 3849 2205 αΐχμαλω-

2220 2218 2308 2290 σίᾳ
2338 2217 2390 2274 ἐν
2426 2214 2715 2275 Βαϐυλῶνι
2745 2221 3175 2299 προεφήτευσαν.

2290 2311 2373 2383 [Ρ.
2436 2310 2559 2383 106]
2620 2311 2887 2389 Ἰωσάφατ
2979 2310 3081 2365 ὑπὸ
3147 2310 3432 2366 Ἐλισαίου
3492 2309 3734 2389 χρισθεὶς
3782 2308 3850 2370 εἷς

2221 2397 2451 2474 βασιλέα
2481 2399 2569 2453 ἐπὶ
2602 2400 2909 2473 Σαμαρείας
2966 2400 3141 2454 πάντα
3190 2403 3286 2453 τοῦ
3343 2394 3564 2474 Ἀχαὰϐ
3593 2399 3682 2453 τὸν
3714 2398 3850 2452 οἶκον

2219 2486 2622 2562 ἐτιμωρήσατο.
2680 2487 2858 2544 Αὐτὸν
2912 2489 3007 2562 μὲν
3067 2489 3169 2565 γὰρ
3222 2489 3315 2543 τὸν
3379 2485 3608 2564 βασιλέα
3662 2486 3852 2561 Ἰωράμ

2214 2575 2604 2646 κατατοξεύσας
2633 2575 2859 2649 ἀναιρεῖ,
2916 2579 3151 2649 κρημνῷ
3208 2572 3264 2632 δὲ
3320 2570 3562 2645 Ἰεζάϐελ
3608 2576 3704 2642 τήν
3733 2573 3850 2629 τού-

2212 2685 2310 2720 του
2354 2664 2744 2740 διαχειρίζεται
2806 2663 3035 2740 μητέρα.
3093 2666 3388 2721 Καὶὸτοῦ
3443 2660 3655 2740 Ἀχαὰϐ
3712 2661 3847 2723 υἱοὺς

2215 2749 2691 2828 διαχειρισάμενος
2732 2755 3037 2829 προύθηκεν
3080 2754 3259 2808 αὐτῶν
3291 2753 3379 2809 ἐπὶ
3438 2755 3538 2814 τὰς
3593 2749 3844 2826 διεξόδους

2212 2841 2597 2921 τάς“κεφαλάς.
2641 2845 2871 2900 Ἔπειτα
2928 2844 3248 2920 συναγαγὼν
3333 2844 3536 2905 πάντας
3588 2843 3712 2904 τοὺς
3763 2843 3848 2895 τοῦ

2215 2933 2365 2989 Βάαλ
2412 2934 2699 3009 προφήτας
2756 2932 2847 2986 καὶ
2907 2933 3093 3007 ἱερεῖς,
3153 2929 3441 3003 δημοτελῆ
3502 2930 3682 2986 θυσίαν
3735 2929 3845 2984 ἐπι-

2211 3018 2389 3075 τελεῖν
2442 3020 2990 3095 προσποιησάμενος,
3049 3020 3253 3082 πάντας
3287 3020 3374 3096 ὑφ’
3422 3018 3842 3093 ἕνάποσφάττει,

2212 3108 2304 3164 καὶ
2341 3109 2404 3164 τὸ
2435 3106 2719 3164 εἶδωλεῐον
2757 3107 3126 3164 κατασλάπτει
3166 3108 3257 3162 καὶ
3312 3114 3545 3180 καθιστᾷ
3576 3108 3843 3183 λύτρωμα.

2209 3193 2561 3255 Ἐϐασίλευσε
2593 3194 2650 3252 δὲ
2678 3191 2772 3268 ἔτη
2803 3199 2912 3267 κη’.

2289 3288 2447 3349 Ἰωὰς
2477 3287 2596 3349 υἱὸς
2644 3288 2905 3367 Ὀχοζίου
2940 3285 3216 3363 βασιλεύει
3279 3289 3398 3362 μετ’
3455 3286 3620 3344 αὐτὸν
3672 3280 3759 3354 ἔτη
3794 3287 3852 3347 ις’

2208 3377 2386 3441 Οὗτος
2407 3377 2506 3445 τὴν
2546 3375 2809 3433 Γοθολίαν
2864 3376 3096 3433 ἀνεῖλεν.
3155 3376 3283 3434 Ἐπὶ
3334 3377 3543 3433 τούτου
3597 3376 3846 3451 ἱεράτευεν

2207 3463 2416 3536 Ἰωδαὶ,
2452 3467 2617 3536 ζήσας
2648 3461 2740 3537 ἔτη
2794 3464 2896 3541 ρλ“.
2936 3469 3284 3539 Σημειωτὲον
3313 3465 3396 3522 ὅτι
3444 3471 3646 3522 τοῦτον
3700 3464 3846 3523 οὗτος

2211 3553 2451 3633 φαινέται
2488 3554 2653 3628 μόνος
2688 3555 2895 3629 βιώσας
2926 3554 3017 3611 τὸν
3050 3554 3248 3632 χρόνον
3284 3557 3420 3631 μετᾶ
3462 3558 3724 3623 Μωϋσῆν.

2281 3646 2377 3716 Τῷ
2406 3642 2594 3721 ιδ’χμη“
2642 3640 2748 3700 ἔτει
2776 3649 2873 3700 τοῦ
2928 3645 3140 3719 κόσμου
3197 3647 3498 3724 προφήτης
3552 3644 3846 3702 Ἐλισσαῖος

2209 3730 2484 3805 τελευτᾷ,
2542 3733 2632 3788 καὶ
2689 3734 2980 3789 ϐάπτουσιν
3038 3734 3223 3790 αὐτόν.
3288 3735 3416 3789 Μετ’
3472 3736 3544 3790 οὗ
3597 3730 3738 3788 πολὺ
3792 3725 3846 3783 δὶ

2212 3822 2513 3896 μονόζωνοι
2560 3817 2735 3878 Μωὰϐ
2760 3821 2932 3891 ἦλθον
2992 3822 3046 3876 ἐν
3099 3827 3169 3898 τῇ
3223 3826 3317 3899 γῇ,
3375 3821 3465 3877 καὶ
3538 3816 3726 3895 ἔθαψαν
3760 3817 3840 3872 ἄν·

2210 3921 2427 3985 θρωπον
2459 3908 2511 3965 ἔν
2538 3914 2619 3983 τῷ
2650 3911 2899 3984 μνημείῳ
2956 3909 3252 3968 Ἐλισσαιέ
3312 3912 3401 3965 Ὡς
3461 3913 3557 3968 οὗν
3607 3909 3841 3984 προσήγ-

2210 4021 2360 4079 γισεν
2403 3999 2603 4063 ἐκεῖνος
2653 4006 2778 4063 τοῖς
2835 4001 3042 4064 ὀστέοις
3100 4004 3197 4056 τοῦ
3262 4003 3576 4080 προφήτου,
3634 3997 3842 4066 ἀνέζησε

2212 4096 2299 4145 καί
2330 4088 2456 4160 ἔστη
2488 4088 2576 4145 ἐπὶ
2606 4089 2735 4153 τοὺς
2764 4088 2937 4152 πόδας
2969 4089 3155 4149 αὐτοῦ.

2279 4182 2572 4264 Ἰεροϐοᾶμ
2601 4190 2630 4243 ὁ
2687 4188 2805 4252 υἱὸς
2856 4188 3014 4250 Ἰωὰς
3074 4182 3423 4245 ἐϐασίλευσεν
3472 4187 3569 4260 ἔτη
3630 4187 3732 4260 μα’·
3763 4179 3841 4237 ἐπὶ

2207 4277 2408 4334 τούτου
2460 4279 2834 4357 προεφήτευον
2921 4279 3107 4340 Ἰωνᾶς
3181 4279 3269 4333 καὶ
3332 4278 3540 4351 Ἀμώς.
3585 4270 3837 4351 Ζαχαρίας

2210 4367 2326 4429 υἱὸς
2363 4366 2531 4421 αὐτοῦ
2565 4370 2739 4439 μῆνας
2903 4363 3125 4440 Σελοὺμ
3175 4367 3269 4422 τὸν
3329 4368 3599 4444 Ζαχαρίαν
3649 4360 3838 4421 ἀνελων

2210 4451 2524 4511 ἐϐασίλευσε
2558 4462 2732 4529 μῆνας
2771 4452 2919 4514 δέκα,
2971 4455 3224 4529 Μαναεὶμ
3246 4461 3327 4529 τῷ
3388 4455 3610 4530 Σελοὺμ
3656 4454 3841 4510 ἐπανα-

2213 4545 2349 4605 σπᾶς
2403 4539 2745 4599 ἐϐασίλευσεν
2804 4538 2897 4615 ἔτη
2985 4541 3131 4602 δέκα.
3192 4545 3365 4607 Οὗτος
3426 4546 3501 4618 μὴ
3556 4542 3839 4615 δεξαμένων

451 4625 568 4694 cit;
602 4631 849 4698 etregno
872 4629 1096 4698 potitus
1119 4627 1434 4683 decenium
1457 4628 1716 4701 praafuit.
1742 4631 1797 4685 Is
1818 4632 1896 4685 Th
1907 4646 2099 4686 ersam

2219 4634 2365 4689 ιῦτὸν
2392 4637 2498 4688 τῶν
2533 4632 2587 4688 ἐν
2633 4637 2806 4709 Θερσᾷ
2861 4636 3273 4710 χειρωσάμενος
3327 4634 3563 4709 ἀναιρεῖ,
3615 4632 3700 4688 καὶ
3750 4626 3837 4686 τὰς

447 4730 581 4770 cum
613 4715 893 4787 oppidani
918 4733 1054 4771 eum
1078 4733 1199 4773 non
1223 4716 1625 4785 admitterent,
1663 4720 1714 4774 vi
1744 4720 1918 4792 cepit,
1940 4720 2105 4791 oppi-

451 4804 640 4859 danos
668 4804 984 4872 interfecit,
1011 4822 1078 4862 ac
1106 4807 1378 4878 gravidas
1409 4808 1588 4864 etiam
1620 4808 1904 4864 mulieres
1926 4809 2101 4864 disci-

450 4892 554 4950 dit.
590 4894 885 4949 Successit
917 4895 968 4950 ei
1007 4896 1270 4952 Phalcias
1306 4896 1488 4962 filius,
1548 4914 1615 4953 ac
1646 4898 1955 4955 biennium
2006 4914 2102 4952 re-

448 4983 665 5057 gnavit.
702 4984 866 5039 Hunc
921 4985 1185 5040 Phaceas
1226 4987 1476 5043 Romelii
1534 4987 1690 5042 {llius
1743 5004 1877 5044 cum
1917 4988 2099 5042 inter-

446 5072 709 5135 fecisset.
741 5074 1087 5131 octennium
1112 5090 1359 5148 regnum
1395 5077 1606 5132 tenuit.
1646 5078 1764 5132 Hoc
1813 5082 2100 5149 regnante

446 5162 973 5235 Theglaphalassar
1017 5164 1391 5236 Assyriorum
1447 5181 1552 5220 rex
1610 5166 1825 5222 ludam
1874 5165 2099 5222 bellum

447 5250 668 5318 intulit,
700 5252 1107 5324 majoremque
1129 5253 1260 5325 ejus
1289 5258 1518 5325 partem
1549 5254 1610 5310 in
1641 5271 1807 5310 suam
1838 5259 2097 5327 potesta-

448 5343 568 5395 tem
599 5340 841 5414 redegit.
877 5341 1058 5398 Oseas
1080 5342 1177 5398 llas
1211 5342 1368 5398 filius
1398 5350 1533 5416 post
1578 5345 1870 5400 Phaceam
1909 5360 2098 5401 annos

456 5443 667 5484 novem
688 5430 972 5501 regnavit.
996 5432 1140 5487 Tum
1169 5431 1576 5489 Salmanassar
1596 5434 1974 5505 Assyriorum
1994 5450 2097 5490 rex

453 5516 777 5573 Samariam
800 5522 1493 5595 expugnavit,regemqus
1512 5539 1648 5578 cum
1671 5527 1792 5579 toto
1823 5523 2096 5580 lsraelico

452 5607 667 5680 populo
697 5610 956 5681 captivos
987 5611 1248 5685 abduxit,
1274 5629 1342 5668 ac
1362 5610 1531 5669 Alare
1560 5617 1618 5667 et
1641 5612 1834 5668 Aboro
1856 5614 2095 5669 Medicis

446 5696 504 5750 in
532 5695 778 5754 urbibus
826 5698 1138 5756 collocavit
1192 5700 1268 5756 ad
1319 5700 1543 5759 flumen
1574 5702 1882 5758 Gozanem.
1915 5702 2001 5759 Ibi
2031 5703 2094 5759 in

2211 4721 2263 4777 ἐν
2288 4722 2483 4798 γαστρὶ
2513 4721 2745 4798 ἐχούσας
2776 4719 3115 4797 διαρῥήσσει.
3152 4722 3403 4786 Φαλκίας
3459 4727 3557 4778 τοῦ
3597 4717 3836 4785 Μαναεὶμ

2210 4810 2325 4872 υίὸς
2372 4811 2465 4865 τὸν
2522 4809 2727 4886 πατέρα
2775 4808 3155 4884 διαδεξάμενος
3212 4807 3555 4868 ἐϐασίλευσεν
3612 4804 3699 4878 ἔτη
3733 4803 3838 4860 δύου

2211 4901 2385 4955 Φακεέ
2417 4901 2445 4955 ὁ
2473 4903 2569 4954 τοῦ
2595 4898 2907 4974 Ῥωμελίου
2950 4902 3041 4956 τὸν
3098 4900 3342 4957 Φαλκίαν
3413 4900 3618 4956 ἀνελὼν
3668 4891 3835 4953 ἐϐασί-

2209 4987 2395 5045 λευσεν
2428 4983 2520 5060 ἔτη
2568 4995 2638 5059 ηὀ
2699 4987 2787 5044 ἐπὶ
2844 4990 3040 5045 τούτου
3097 4989 3562 5071 Θεγλαφαλασσὰρ
3593 4990 3620 5045 ὁ
3659 4989 3836 5071 Ἀσσυ-

2211 5077 2339 5155 ρίων
2390 5076 2648 5153 βασιλεὺς
2706 5077 2784 5143 είς
2835 5080 2933 5148 τήν
2993 5077 3259 5136 Ἰουδαίαν
3289 5068 3727 5154 Ὕέπιστρατεύσας
3773 5068 3835 5127 τά

2207 5166 2442 5223 πλεῖστα
2492 5170 2592 5237 τῆς
2654 5174 2759 5243 γῆς
2816 5168 2992 5222 αὐτῶν
3049 5167 3434 5246 σφετερίζεται.
3467 5170 3481 5192 ’
3512 5167 3653 5237 Ωσηὶ
3708 5158 3830 5235 μετὰ

2205 5257 2297 5313 τὸν
2332 5257 2528 5327 Φακεὲ,
2562 5258 2716 5312 ὁτοῦ
2765 5255 2906 5329 Ἰλᾶ,
2944 5256 3220 5333 βασιλεύει
3282 5255 3377 5329 ἔτη
3429 5259 3493 5317 θ’.
3546 5256 3663 5313 Ἐπὶ
3713 5248 3830 5305 τού·

2206 5367 2307 5402 του
2373 5343 2769 5421 Σαλμανασσὰρ
2818 5344 3076 5421 βασιλεὺς
3143 5347 3447 5423 Ἀσσυρίων
3504 5343 3717 5403 ἐπιστὰς
3769 5339 3832 5409 τῇ

2210 5433 2487 5511 Σαμαρείᾳ
2517 5433 2675 5490 αὐτόν
2714 5455 2772 5489 τε
2829 5432 2944 5509 ἄγει
2983 5433 3347 5511 αἰχμάλωτον
3405 5435 3498 5491 καὶ
3554 5434 3719 5490 πάντα
3745 5425 3829 5482 τὸν

2204 5522 2427 5599 Ἰσραὴλ
2461 5523 2555 5579 σὺν
2594 5522 2763 5597 αὐτῷ,
2793 5524 2886 5579 καὶ
2940 5523 3238 5594 κατοικίζει
3298 5523 3495 5587 αὐτοὺς
3550 5522 3603 5579 ἐν
3648 5513 3830 5586 Ἀλαὶρ

2201 5615 2291 5669 καὶ
2323 5608 2528 5689 Ἀϐὼρ,
2586 5609 2859 5686 Μηδικαῖς
2905 5610 3123 5681 πόλεσι,
3181 5614 3273 5668 καὶ
3329 5612 3419 5668 ἐπὶ
3478 5611 3706 5684 ποταμῷ
3733 5608 3832 5689 Γεῖτ

2204 5704 2320 5770 ζᾶνρ
2359 5687 2487 5756 Et“
2522 5706 2630 5770 τῆς
2670 5700 2747 5761 εἷς
2804 5699 2931 5757 Θεὸν
2990 5695 3348 5776 παραϐάσεως
3396 5697 3549 5763 δίκας
3608 5687 3834 5752 1mm.-
