4118 6284
326 418 448 482 211

1463 412 2018 484 HISTORIARUM
2059 411 2623 475 COMPENDIUM.

332 574 456 610 ουσι
505 553 971 629 κακουχούμενοι.
1029 553 1088 608 '0
1154 551 1214 610 δὶ
1270 552 1549 630 ’Δσσύριος
1602 546 1986 611 Βαϐυλωνίους

2108 546 2335 619 magnis
2400 545 2835 603 calamitatibus
2897 546 3160 603 viventes
3228 532 3551 620 impietatis
3623 567 3744 606 suae

331 641 389 700 ἰν
422 643 703 718 Σαμαρείᾳ
732 641 954 718 πέμψας
987 641 1236 719 αἰσχρῶς
1277 642 1367 699 καὶ
1427 642 1645 716 ἀνόμως
1716 633 1990 718 βεϐιωκό-

330 752 451 801 τας,
484 732 655 788 οίκεῖν
678 731 868 797 αὐτόθι
900 731 1167 789 ἐκέλευσε.
1202 732 1446 796 Τούτους
1496 733 1525 788 ὁ
1593 730 1723 792 Θεὸς
1771 727 1991 788 λέοντας

333 820 750 894 ἃξαποστέλλων
812 819 1100 901 διέφθειρε.
1163 822 1481 895 Πυθόμενος
1542 817 1659 878 δέὁ
1709 811 1990 894 Βάρϐαρος

332 911 429 966 καὶ
458 910 658 971 συνιεὶς
717 906 835 966 δέον
889 904 1095 986 ἔκρινεν
1146 909 1233 967 ἐπὶ
1291 919 1392 981 τῆς
1450 917 1555 987 γῆς
1609 907 1824 978 ἒκείνης
1889 907 1991 969 τῆς

334 1001 476 1056 κατὰ
507 1001 676 1074 νόμον
705 1004 822 1071 Θεῷ
851 998 1106 1075 λατρείας
1137 999 1541 1073 ἐπιμελεῖσθαι,
1599 999 1686 1054 καὶ
1746 990 1837 1052 ἕνα
1882 998 1989 1048 τῶν

336 1088 528 1164 ἱερέων
615 1087 1002 1159 ἐξαποστείλας
1059 1090 1150 1145 τὸν
1208 1086 1445 1163 ’Έσδραν
1521 1089 1586 1144 τὰ
1663 1082 1992 1160 νομιζόμενα

333 1178 527 1234 αὐτόθι
556 1184 734 1233 ποιεῖν
765 1178 1065 1234 ἐκέλευσεν.
1102 1179 1158 1233 Ὀ
1217 1176 1274 1234 δέ
1325 1176 1639 1253 καταμένων
1699 1175 1751 1232 ἐν
1812 1170 1990 1244 Βεθὴλ

331 1269 429 1325 τὸν
461 1270 629 1343 νόμον
688 1267 881 1331 αὐτοὺς
939 1267 1298 1341 ἐξεπαὶδευσε,
1358 1271 1444 1325 καὶ
1504 1271 1597 1325 τὸν
1652 1269 1778 1326 Θεὸν
1840 1263 1993 1324 σέϐε-

331 1359 460 1413 σθαι
521 1357 716 1421 αὐτοὺς
776 1355 1042 1415 ἐδίδασκε.
1096 1359 1191 1416 Καὶ
1249 1360 1423 1423 οὕτως
1481 1358 1531 1434 ἐξ
1591 1357 1796 1415 ἐκείνου
1854 1379 1991 1431 συμ-

330 1442 510 1503 ϐαίνει
538 1446 733 1502 ἐκτῶν
782 1445 1017 1503 λεόντων
1075 1449 1173 1517 τήν
1232 1455 1334 1524 γῆς
1389 1449 1689 1525 ἠρεμῆσαι.
1752 1448 1993 1511 Τούτους

332 1537 503 1592 εῗσέτι
531 1535 875 1610 Σαμαρείτας
925 1537 1031 1592 ἀπὸ
1086 1544 1189 1607 τῆς
1249 1537 1437 1614 χώρας
1504 1536 1990 1616 προσαγορεύουσι*

332 1624 424 1682 διὸ
452 1626 542 1682 καὶ
570 1629 654 1697 [Ρ.
690 1628 816 1701 107]
848 1625 1148 1684 ἀλλόκοτοι
1206 1630 1300 1691 τὰς
1358 1629 1725 1704 προαιρέσεις,
1787 1626 1878 1683 διὰ
1905 1624 1994 1708 ⁵δὲ

331 1716 438 1785 τήν
466 1718 564 1770 τοῦ
606 1714 782 1790 νόμου
840 1712 1191 1773 διδασκαλίαν
1254 1718 1520 1794 βραχεῖαν
1570 1711 1761 1793 ἔχουσι
1820 1729 1995 1782 θεοσε-

335 1799 492 1867 ϐείας
520 1801 771 1882 ἔμφασιν·
807 1803 932 1862 οὔδε
952 1806 1055 1883 γὰρ
1104 1813 1206 1877 τῆς
1239 1804 1542 1883 δεκαλόγου
1573 1805 1765 1863 πλεῖον
1826 1827 1994 1884 παρα-

340 1889 538 1991 λαέῖν
565 1896 904 1991 ἠξιώθησαν,
1081 1983 1097 1991 μ
1371 1987 1390 1991 _
1495 1985 1511 1991 Α
1569 1986 1580 1991 Δ
1737 1986 1749 1991 Δ
1794 1985 1829 1991 ῃ
1889 1985 1899 1991 ⁸
2019 1925 2068 1991 Β

415 1985 679 2040 Ἐνταῦθα
732 1990 834 2054 τῆς
891 1983 1303 2060 Ἰσραηλιτικῆς
1366 1985 1645 2059 βασιλείας
1702 1986 1755 2041 οἱ
1794 1985 1991 2060 χρόνοι

337 2070 645 2146 κατέληξαν
678 2072 756 2135 εἷς
813 2068 906 2144 ἔτη
964 2076 1249 2149 τριακόσια
1304 2074 1428 2151 τρία
1457 2075 1547 2131 καὶ
1602 2081 1777 2150 μῆνας
1835 2074 1989 2146 ἑπτὰ,

332 2161 633 2235 ἀρξάμενοι
679 2163 774 2236 μὶν
812 2162 919 2218 ἀπὸ
968 2158 1262 2238 ἰεροϐοάμ
1315 2168 1415 2219 τοῦ
1470 2158 1681 2235 Ναϐἁτ,
1738 2161 1990 2235 καταλή-

334 2251 522 2321 ξαντες
558 2249 617 2307 δὲ
644 2251 720 2315 είς
752 2253 916 2324 Ὠσηὶ
941 2252 1034 2309 τὸν
1062 2257 1159 2308 τοῦ
1200 2252 1315 2310 ’1λᾶ
1374 2254 1466 2309 καὶ
1523 2256 1622 2324 τήν
1683 2252 1787 2309 ὑπὸ
1847 2251 1992 2307 Σαλα

338 2342 624 2415 μανασσὰρ
662 2346 760 2396 τοῦ
821 2340 1046 2417 Ἰσραὴλ
1111 2343 1450 2416 μετοικεσίαν
1510 2344 1615 2400 ἀπὸ
1683 2342 1991 2418 Σαμαρείας

338 2430 417 2490 εἰς
446 2428 971 2503 Μήδους.“[ίκμαζε
1034 2429 1091 2487 δὲ
1151 2432 1238 2487 καὶ
1285 2435 1319 2502 ἡ
1380 2431 1713 2507 προκειμένη
1766 2436 1873 2487 τῶν
1934 2430 1994 2487 ἔκ

338 2513 512 2574 Δαϐἰδ
548 2518 820 2593 βασιλεία,
850 2521 951 2590 τὴν
985 2520 1078 2594 μὶν
1111 2522 1291 2596 ἀρχὴν
1325 2522 1430 2578 ἀπὸ
1460 2525 1558 2578 τοῦ
1613 2519 1838 2576 δεκάτου
1892 2523 1991 2589 τῆς

337 2614 440 2665 τοῦ
501 2610 687 2665 Σαοὺλ
743 2605 948 2686 ἔχουσα
1006 2611 1327 2686 μοναρχίας,
1387 2610 1735 2681 γαταλτςξασα
1792 2608 1849 2665 δὲ
1905 2609 1993 2665 ἐπὶ

341 2699 436 2755 τὸν
470 2694 719 2772 Ῥοϐοὰμ
745 2701 836 2755 τὸν
870 2703 966 2756 τοῦ
1021 2700 1412 2774 Σολομῶντος.
1472 2695 1627 2757 Ἀϐία
1683 2697 1994 2773 διαδεξάμε-

341 2809 437 2850 νος
492 2789 597 2857 τήν
654 2793 752 2843 τοῦ
798 2789 1003 2863 πατρὸς
1059 2788 1239 2864 ἀρχὴν
1285 2789 1559 2863 βασιλεύει
1616 2785 1709 2859 ἔτη
1764 2787 1889 2862 τρία
1943 2785 1996 2842 ἓν

333 2875 729 2952 Ἰερουσαλήμ.
759 2879 891 2935 Ἀσᾶ
938 2871 1041 2948 ἔτη
1106 2878 1214 2951 μα’·
1274 2878 1434 2940 οὗτος
1491 2874 1601 2947 ἤδη
1652 2878 1876 2953 γηραιὸς
1925 2874 1998 2931 ὢν

345 2967 639 3043 ἆρθριτικῇ
663 2965 794 3030 τοὺς
822 2964 996 3028 πόδας
1056 2965 1270 3043 ἤλγησε
1325 2966 1503 3022 πάθει.
1559 2966 1831 3045 Ἰωσάφατ
1864 2965 1998 3039 μετὰ

347 3062 538 3113 τοῦτον
568 3054 663 3127 ἔτη
697 3059 795 3111 κε’·
832 3055 921 3112 ἐπὶ
951 3057 1149 3112 τούτου
1175 3059 1548 3133 προεφήτευσε
1612 3054 1853 3131 Μιχαίας
1905 3055 1996 3111 καί

347 3142 575 3208 ’Δϐδίας
613 3145 705 3201 καὶ
736 3144 1000 3222 Ἐλεάζαρ
1014 3147 1103 3202 καὶ
1128 3146 1391 3209 Ἀνανίας.
1425 3146 1653 3221 Ἰωρὰμ,
1682 3145 1774 3202 τὸν
1796 3145 2000 3220 πατέρα

349 3237 613 3299 Ἰωσάφατ
642 3233 1049 3312 διαδεξάμενος,
1082 3231 1174 3308 ἔτη
1197 3244 1267 3308 η’.

2099 653 2305 709 poenas
2334 636 2644 692 dederunt.
2702 635 2814 691 Sed
2857 636 3043 692 victor
3084 636 3456 709 Babylonios,
3490 655 3744 709 quorum

2100 726 2217 782 vita
2245 730 2373 783 erat
2415 725 2650 799 flagitiis
2703 731 2999 797 c00perta,
3048 725 3381 781 habitatum
3413 727 3742 785 Samariam

2100 816 2299 883 misit;
2368 832 2517 886 quos
2594 816 2745 870 Deus
2803 814 3087 869 immissis
3150 814 3422 871 leonibus
3463 816 3743 888 perdidit.

2101 905 2392 961 Barbarus
2422 921 2491 960 ea
2520 921 2583 959 re
2633 905 2886 976 cognita,
2920 905 3186 959 sentiens
3235 911 3509 976 Oportere
3539 908 3599 962 in
3629 909 3746 965 ista

2099 1001 2258 1050 terra
2278 996 2462 1049 Deum
2495 1010 2564 1048 ex
2597 994 2941 1065 praescripto
2972 993 3117 1066 legis
3142 1011 3261 1048 sum
3284 994 3420 1064 coli,
3452 1012 3636 1051 unum
3669 997 3743 1054 de

2101 1084 2508 1140 sacerdotibus
2530 1083 2772 1139 Esdram
2806 1083 2987 1148 misit,
3014 1082 3112 1154 qui
3137 1083 3247 1139 rite
3278 1083 3358 1138 ibi
3392 1100 3522 1155 quas
3545 1091 3746 1142 essent

2100 1174 2328 1249 agenda
2356 1176 2694 1231 conficeret.
2733 1176 2781 1229 ts
2813 1175 3067 1229 Bethelaa
3092 1174 3238 1229 I88
3272 1181 3537 1231 moratus
3568 1194 3749 1249 popu-

2098 1267 2224 1322 lum
2256 1267 2442 1339 legem
2506 1266 2766 1321 divinam
2820 1281 2887 1320 ac
2945 1266 3046 1320 Dei
3097 1264 3321 1320 cultum
3353 1265 3571 1322 docuit.
3622 1268 3744 1333 Quo

2098 1356 2320 1412 factum
2352 1362 2443 1411 est
2472 1361 2537 1411 ut
2586 1356 2889 1429 regionem
2932 1356 3133 1411 leones
3180 1356 3462 1412 infestare
3510 1357 3747 1412 desine-

2101 1450 2253 1501 rent.
2306 1446 2421 1501 Hos
2471 1445 2795 1500 etiamnum
2855 1446 3175 1501 Samaritae
3223 1461 3256 1501 a
3320 1446 3449 1501 loco
3496 1452 3744 1501 vocant:

2102 1540 2412 1609 propterea
2442 1537 2621 1590 etiam
2653 1551 2687 1590 a
2729 1534 2950 1589 Iudaeis
2999 1535 3228 1590 diverso
3259 1535 3530 1590 instituto
3585 1537 3740 1605 vitae,

2102 1629 2300 1679 tamen
2334 1622 2406 1678 ob
2438 1623 2585 1696 legis
2616 1622 2992 1694 disciplinam
3025 1623 3463 1694 aliquantulum
3506 1623 3742 1696 religio-

2100 1712 2194 1768 nis
2225 1730 2344 1784 prae
2375 1728 2438 1767 se
2468 1712 2688 1767 ferunt.
2722 1714 2920 1783 Neque
2952 1712 3113 1767 enim
3152 1717 3369 1785 praeter
3397 1712 3742 1785 decalogum

2101 1801 2426 1873 quidquam
2457 1800 2530 1856 iis
2561 1801 2789 1857 discere
2820 1817 3167 1857 concessum
3197 1801 3325 1856 fuit.

2170 1988 2273 2043 Hic
2304 1985 2442 2041 ﬁnis
2501 1990 2592 2040 est
2633 1985 2797 2058 regni
2845 1984 3128 2053 Israelici,
3185 1984 3343 2056 quod
3401 2001 3591 2040 annos
3639 1985 3740 2039 303

2096 2091 2453 2146 mensesque
2476 2078 2506 2128 7
2528 2074 2778 2141 duravit,
2810 2078 3064 2145 cceptum
3087 2090 3122 2129 a
3149 2073 3498 2129 Jeroboamo
3529 2073 3741 2129 Nabasi

2099 2165 2223 2220 tilio
2255 2169 2313 2219 et
2340 2165 2575 2220 ﬁnitum
2619 2165 2768 2220 Osea
2796 2163 2894 2218 Ilaa
2927 2163 3048 2217 ﬁlio
3095 2180 3250 2237 rege,
3284 2179 3419 2218 cum
3450 2165 3499 2218 is
3529 2180 3597 2219 ac
3629 2179 3704 2235 po
3726 2193 3738 2203 -

2096 2254 2273 2327 pulus
2301 2253 2611 2309 Israelicus
2642 2270 2677 2309 a
2715 2253 3157 2310 Salmanassare
3187 2258 3276 2309 est
3303 2270 3337 2308 a
3384 2253 3648 2309 Samaria
3676 2252 3738 2307 in

2098 2343 2346 2398 Médiam
2414 2343 2776 2415 deportatus.
2846 2343 3135 2397 Caeterum
3202 2358 3235 2397 a
3292 2343 3522 2397 decimo
3574 2341 3741 2414 regni

2098 2433 2257 2488 Sauli
2289 2448 2446 2488 anno
2476 2448 2726 2505 regnum
2757 2431 2972 2488 Davido
3012 2437 3071 2486 et
3101 2433 3229 2504 ejus
3276 2432 3579 2503 progeniei
3610 2448 3745 2502 pro.

2098 2524 2357 2595 positum
2388 2523 2603 2595 ccepit;
2636 2522 2954 2594 ﬂoruitque
2993 2522 3075 2577 ita
3123 2527 3187 2577 ut
3218 2523 3277 2576 in
3311 2522 3608 2578 Roboamo
3640 2521 3747 2576 So-

2100 2611 2356 2668 lomonis
2388 2612 2511 2667 filio
2543 2612 2842 2667 deficeret.
2891 2612 3037 2667 Huic
3077 2612 3253 2666 Abias
3303 2612 3606 2678 successit,
3649 2627 3738 2664 re-

2101 2718 2401 2775 gnumque
2429 2718 2536 2773 per
2565 2717 2752 2756 annos
2785 2706 2906 2757 tres
2951 2701 3329 2757 Jerusalemaa
3368 2700 3567 2773 gessit.
3599 2702 3746 2754 Asas

2102 2791 2317 2846 deinde
2349 2807 2538 2846 annos
2586 2793 2656 2844 40
2734 2792 2786 2845 Is
2842 2806 3053 2862 magno
3076 2792 3205 2860 jam
3251 2795 3395 2844 natu
3427 2806 3498 2844 ex
3528 2789 3745 2861 pedum

2102 2880 2370 2936 articulis
2428 2879 2731 2935 laboravit.
2793 2881 2934 2934 Post
2979 2879 3137 2934 hunc
3165 2880 3518 2950 Josaphatus
3561 2893 3751 2932 annos

2101 2973 2208 3025 25:
2244 2987 2312 3026 eo
2370 2974 2654 3043 regnante
2682 2970 2973 3034 Michaaas,
3025 2968 3266 3033 Abdias,
3324 2969 3634 3023 Eleazarus
3695 2970 3753 3021 et

2101 3062 2364 3118 Ananias
2394 3060 2695 3115 vaticinati
2727 3065 2885 3116 sunt.
2935 3061 3208 3115 Joramus
3253 3058 3406 3131 patri
3435 3058 3748 3129 Josaphato

2104 3151 2386 3207 suffectus
2416 3165 2608 3205 annos
2637 3151 2690 3203 8.

426 3286 536 3379 :E:
547 3286 1174 3398 *έαᾙβξῖᾆτῖὀνθξλῖἶ
1255 3286 1267 3294 ν
1290 3323 1529 3401 θυγάτηρ
1610 3317 1835 3396 Ζαμϐρῆ
1893 3327 1990 3378 τοῖ’)

2177 3325 2457 3383 Samariae
2490 3324 2783 3391 Gotholia,
2816 3323 2942 3380 tilia
2970 3325 3229 3379 Zambrze
3258 3324 3412 3396 regis
3465 3323 3749 3395 Israelici,

365 3410 617 3485 βασιλέως
676 3408 904 3486 ’ίσραὴλ
953 3405 1046 3480 ἔτη
1098 3412 1168 3481 η’.
1231 3409 1380 3481 Αὕτη
1439 3415 1625 3466 πασῶν
1663 3403 1992 3481 ἀσεϐεστάτη

352 3500 605 3575 γενομένη
671 3503 940 3578 γυναικῶν
996 3500 1198 3561 πάντας
1278 3499 1491 3574 ἀναιρεῖ
1544 3498 1677 3561 τοὺς
1735 3498 1997 3579 Ὀχοζίου

347 3585 565 3655 παῖδας,
602 3584 818 3663 Ἀχαάϐ
848 3592 927 3659 τῷ
960 3586 1272 3664 Ἰσραηλίτῃ
1306 3585 1524 3665 βασιλεῖ
1577 3588 1994 3663 τιμωρουμένηο

347 3674 522 3732 ἐδόκει
552 3677 657 3752 γὰρ
687 3675 747 3732 ἐκ
775 3680 870 3732 τοῦ
909 3678 1099 3755 γένους
1154 3678 1285 3733 εἶναι
1351 3677 1573 3736 τούτου.
1629 3672 1883 3735 Ἰωσαϐἶδ
1940 3673 1997 3731 δὶ

338 3768 371 3834 ἠ
407 3769 507 3820 τοῦ
568 3765 756 3834 Ὀζίου
814 3761 1048 3841 ἀδελφὴ,
1098 3767 1232 3841 γυνή
1284 3770 1382 3821 τοῦ
1440 3764 1739 3840 ἀρχιερέως
1786 3761 1994 3836 Ἰωδαὶ,

343 3853 598 3927 κλέψασα
660 3853 813 3916 ἰωᾶς
866 3855 959 3909 τὸν
1021 3855 1281 3930 Ὀχοζίου
1333 3855 1448 3909 υἱὸν
1504 3854 1730 3924 ὀκταετῆ
1790 3851 1992 3929 τυγχᾶ-

345 3964 507 3999 νοντα
544 3939 733 3998 Ἰωδαὲ
763 3945 1126 4019 προσήγαγεν.
1187 3943 1359 4006 Αὐτὸς
1420 3940 1478 3999 δὲ
1527 3943 1721 4019 χρίσας
1771 3940 1998 4013 ἀνέδειξε

347 4029 606 4107 βασιλέα,
638 4032 904 4087 Γοθολίαν
959 4031 1183 4088 ἀνελών.
1249 4028 1490 4101 Εὐσεϐής
1521 4035 1638 4089 κατ’
1670 4033 1845 4108 ἀρχᾶς
1902 4053 1998 4106 γε-

338 4121 576 4193 νόμενος
658 4120 829 4175 πάντα
883 4126 1134 4196 καθαιρεῖ
1214 4122 1282 4176 τὰ
1354 4118 1584 4189 εἴδωλα,
1665 4121 1813 4190 πλὴν
1887 4116 2009 4176 τῶν

340 4209 659 4285 μετεώρων.
693 4206 1106 4283 Εἷδωλολατρεῖ
1135 4206 1193 4265 δὶ
1232 4208 1320 4265 ἐπὶ
1350 4215 1430 4283 τῷ
1458 4208 1604 4266 τέλει
1658 4209 1839 4281 Ἰωὰς,
1907 4209 1997 4264 καὶ

338 4299 622 4379 Ζαχαρίαν
651 4300 743 4354 τὸν
773 4303 872 4354 τοῦ
902 4296 1088 4355 Ἰωδαὶ
1117 4298 1233 4355 υἱὸν
1292 4300 1384 4355 τὸν
1443 4301 1757 4377 προφήτην,
1806 4297 2000 4355 αΐτιώ-

345 4410 504 4463 μενον
535 4390 639 4458 τὴν
681 4386 978 4463 ἐκτροπὴν,
1035 4386 1368 4451 καταλεύσας
1423 4389 1651 4465 ἀναιρεῖ.
1714 4387 1998 4446 Βασιλεύει

339 4476 398 4533 δὲ
429 4471 528 4548 ἕτη
568 4479 641 4550 μ’.
676 4478 933 4550 Ἀμεσίας
964 4476 1082 4541 υίὸς
1116 4477 1286 4533 αὐτοῦ
1347 4472 1440 4548 ἔτη
1502 4480 1598 4533 κθ¹·
1660 4479 1746 4534 επὶ
1798 4477 2001 4533 τούτου

344 4562 603 4623 Σίϐυλλα
633 4569 668 4637 ἡ
713 4566 928 4639 Κυμαία
983 4567 1327 4643 ἐγνωρίζετο.
1354 4568 1537 4637 Ὀζίας
1592 4568 1619 4622 ὁ
1671 4567 1761 4622 καὶ
1818 4573 2003 4642 Ζαχα-

2105 3432 2294 3471 annos
2327 3416 2380 3472 8.
2416 3416 2549 3470 Haec
2598 3414 2865 3469 omnium
2926 3413 3244 3469 mulierum
3294 3413 3755 3470 sceleratissima

2104 3504 2368 3561 Ochoziaa
2423 3504 2756 3559 universam
2823 3503 3053 3574 prolem
3110 3503 3413 3566 interﬁcit,
3459 3502 3587 3559 ulta
3642 3504 3754 3558 hoc

2104 3594 2281 3649 modo
2312 3592 2618 3649 Achabum
2649 3592 2990 3649 Israelicum
3023 3608 3245 3664 regem,
3280 3592 3379 3663 qui
3404 3608 3472 3646 ex
3496 3608 3561 3646 ea
3584 3596 3758 3663 gente

2103 3683 2412 3738 videbatur
2480 3681 2685 3738 fuisse.
2746 3681 2859 3735 Sed
2914 3680 3164 3736 Jozabea
3227 3680 3494 3735 Ochoziae
3569 3696 3757 3747 soror,

2104 3791 2256 3829 uxor
2308 3773 2528 3829 Joiadaa
2607 3772 2821 3826 summi
2883 3771 3207 3843 pontificis,
3274 3771 3511 3826 Joasum
3570 3769 3760 3825 filium

2108 3863 2372 3921 chozize
2404 3868 2535 3917 octo
2567 3878 2863 3917 annorum
2893 3860 3182 3916 suﬂ‘urata
3208 3859 3427 3915 Joiadaa
3474 3859 3758 3914 tradidit;

2108 3970 2284 4025 quem
2317 3954 2367 4006 is
2402 3952 2551 4008 189
2601 3952 2883 4007 unctione
2941 3967 3109 4006 sacra
3146 3966 3324 4024 regno
3366 3949 3753 4023 inauguravit,

2108 4059 2176 4098 ac
2205 4040 2538 4098 Gotholiam
2589 4041 2838 4096 necavit.
2890 4042 3099 4096 Joasus
3143 4039 3214 4095 ab
3264 4040 3435 4095 initio
3485 4040 3617 4111 pius
3646 4039 3759 4095 fuit

2110 4136 2171 4187 et
2199 4131 2520 4186 simulacra
2570 4131 2773 4186 omnia
2819 4129 3094 4198 abolevit,
3151 4128 3290 4184 solis
3338 4128 3590 4184 collibus
3637 4146 3757 4185 non

2111 4221 2343 4276 excisis.
2380 4220 2491 4275 Sed
2541 4219 2617 4275 ad
2649 4224 2979 4274 extremum
3030 4218 3246 4289 impios
3299 4218 3757 4274 simulacrorum

2111 4309 2304 4366 cultus
2335 4308 2666 4380 amplexus,
2695 4313 2885 4363 vatem
2916 4305 3258 4361 Zachariam
3289 4305 3504 4361 Joiadaa
3546 4305 3757 4374 filium,

2113 4399 2271 4470 quod
2302 4400 2353 4452 is
2382 4398 2536 4454 hanc
2566 4398 2721 4470 regis
2752 4395 3191 4468 perversionem
3221 4395 3506 4467 culparet,
3549 4394 3758 4467 lapidi-

2110 4489 2222 4546 bus
2242 4488 2519 4544 obrutum
2551 4487 2798 4543 necavit.
2824 4487 3312 4557 Regnavitannos
3334 4483 3723 4557 quadraginta
3744 4494 3759 4540 ς

2114 4576 2382 4632 Amasias
2412 4575 2570 4630 illius
2601 4575 2750 4647 ejus,
2799 4590 2990 4630 annos
3038 4573 3242 4647 viginti
3289 4589 3521 4628 novem.
3572 4574 3759 4645 Hujus

347 4659 490 4733 ρίας,
523 4658 951 4730 υἱὸςἈμεσίου,
1008 4655 1101 4726 ἔτη
1151 4658 1256 4732 νβ’.
1316 4658 1492 4719 Οὗτος
1550 4651 1810 4727 θεοσεϐὴς
1869 4659 1996 4732 ἀνὴρ

2114 4672 2286 4722 aetate
2313 4664 2538 4735 Sibylla
2566 4665 2804 4723 Cumaea
2824 4663 3100 4719 innotuit.
3126 4663 3313 4731 Ozias,
3337 4662 3437 4734 qui
3462 4667 3520 4716 et
3548 4663 3759 4717 Zacha-

343 4748 436 4816 ἧν·
492 4744 715 4820 ὕστερον
776 4743 833 4802 δὲ
889 4750 996 4801 τῶν
1091 4748 1263 4820 ἁγίων
1358 4741 1613 4815 ἐπιϐῆναι
1697 4749 2007 4826 πειρασθείς

348 4834 676 4910 λεπροῦται,
735 4836 822 4890 καὶ
885 4832 1124 4905 ἰδίκαζεν
1178 4835 1290 4891 ἀντ’
1349 4832 1515 4891 αὐτοῦ
1553 4837 1583 4891 ὁ
1640 4836 1757 4898 υἱὸς
1817 4835 2002 4894 αὐτοῦ.

348 4926 456 4982 Ἥν
486 4922 545 4980 δὲ
579 4924 867 5001 ἀρχιερεὺς
899 4925 1166 5000 Ἀζαρίας,
1226 4927 1519 5002 προφήτης
1566 4922 1624 4981 δὲ
1676 4926 1862 4999 ’Δμὼς
1913 4927 2002 4982 καὶ

343 5010 577 5075 Ἠσαίας
609 5014 638 5067 ὁ
683 5012 799 5075 υἱὸς
856 5010 1041 5083 αὐτοῦ,
1072 5012 1163 5069 καὶ
1225 5013 1407 5088 Ὠσηὲ,
1466 5011 1556 5068 καὶ
1613 5013 1819 5077 Ἰωνᾶς.
1861 5012 2008 5069 Κατᾶ

347 5101 580 5163 τούτους
605 5104 734 5164 τοὺς
764 5103 1002 5177 χρόνους
1036 5105 1348 5176 Λυκοϋργος
1405 5098 1847 5177 ⁴ὶακεδαιμονίων
1892 5102 2006 5159 ἔνο⁹

343 5193 588 5267 μοθέτει.

420 5390 663 5460 Ίωάθαμ.
718 5388 747 5442 ὁ
798 5387 917 5450 υἱὸς
975 5386 1156 5458 Ὀζίου
1213 5383 1306 5457 ἔτη
1375 5394 1459 5452 ις’.
1518 5389 1641 5444 Ἑπί
1672 5389 1868 5444 τούτου
1924 5392 2005 5461 τῷ

347 5479 559 5555 πρώτῳ
605 5471 711 5533 ἔτει
768 5477 972 5556 Ἴφιτος
1024 5476 1121 5538 τὰς
1182 5474 1558 5548 Ὀλυμπιάδας
1612 5475 1913 5547 ἒνέστησεν,
1972 5478 2003 5533 δ’

346 5568 464 5624 ἑστι
495 5564 909 5639 τετραετηρικὸς
942 5563 1158 5639 χρόνος.
1209 5566 1344 5640 Ηαρ⁹
1407 5563 1728 5639 Αἷγυπτίοις
1794 5563 1854 5621 δὶ
1905 5587 2003 5621 κυ-

353 5658 489 5734 ρίως
519 5654 835 5728 Ὀλυμπιὰς
863 5655 899 5723 ἡ
925 5651 1125 5725 σελήνη
1158 5653 1405 5710 καλεῖται
1433 5651 1523 5710 διὰ
1569 5656 1631 5711 τὸ
1661 5656 1799 5712 κατᾶ
1859 5659 2006 5728 μῆνα

349 5743 674 5822 περιπολεῖν
730 5742 829 5796 τὸν
912 5739 1173 5810 ζωδιακὸν
1206 5741 1467 5811 “κύκλον,
1523 5744 1585 5799 ὃν
1670 5744 1724 5799 οἱ
1778 5743 2026 5801 παλαιοὶ»

2114 4757 2254 4819 rias,
2286 4755 2541 4810 Amasize
2570 4753 2734 4809 ﬁlius
2764 4769 2955 4808 annos
2985 4752 3417 4825 quinquaginta
3436 4751 3602 4807 duos.
3628 4752 3761 4806 Fuit

2114 4845 2213 4901 hic
2249 4844 2337 4898 vir
2387 4843 2739 4915 religiosus:
2799 4841 2903 4898 sed
2950 4846 3158 4914 postea
3213 4840 3497 4913 temporis
3554 4839 3761 4911 templi

2115 4934 2341 4990 aditum
2363 4934 2585 4988 intrare
2614 4937 2862 4989 conatus
2893 4932 2953 4986 in
2983 4931 3207 5003 lepram
3230 4930 3458 4999 incidit,
3484 4929 3762 5000 filiusque

2115 5023 2303 5096 ipsius
2360 5023 2492 5078 loco
2535 5022 2636 5092 jus
2668 5020 2886 5093 populo
2932 5019 3098 5075 dixit.
3153 5021 3293 5075 Erat
3322 5025 3447 5075 tum
3495 5016 3762 5089 pontifex

2115 5114 2413 5170 maximus
2469 5112 2728 5180 Azarias,
2787 5115 2947 5166 vates
3002 5113 3256 5167 Amosus
3304 5114 3362 5163 et
3418 5108 3546 5178 ejus
3604 5106 3765 5162 ﬁlius

2114 5203 2318 5272 Isaias,
2351 5218 2418 5257 ac
2448 5203 2628 5257 Oseas
2659 5208 2718 5255 et
2743 5201 2942 5256 Jonas.
2977 5200 3059 5254 Ea
3088 5201 3437 5269 tempestate
3468 5197 3765 5269 Lycurgus

2116 5291 2578 5348 Lacedaemoniis
2608 5289 2768 5362 leges
2797 5288 3019 5361 posuit.

2185 5389 2533 5443 Joathamus
2564 5387 2712 5443 Oziaa
2742 5385 2900 5442 illius
2921 5385 3186 5457 regnavit
3214 5399 3403 5439 annos
3443 5383 3764 5441 sexdecim.

2114 5478 2312 5533 Primo
2338 5475 2519 5548 hujus
2550 5475 2716 5549 regni
2746 5491 2903 5530 anno
2936 5474 3164 5546 Iphitus
3187 5473 3568 5547 Olympiadas
3589 5476 3764 5530 insti-

2116 5566 2248 5631 tuit,
2296 5564 2453 5635 quod
2500 5570 2589 5619 est
2644 5569 2898 5637 quatuor
2954 5580 3248 5619 annorum
3298 5568 3551 5635 tempus.
3596 5563 3770 5636 Apud

2114 5655 2408 5728 [Egyptios
2438 5660 2637 5711 autem
2677 5655 2914 5728 proprie
2946 5654 3101 5710 luna:
3151 5652 3518 5726 Olympiadis
3548 5668 3766 5708 nomen

2117 5747 2400 5806 tribuitur
2455 5748 2609 5816 ideo,
2689 5746 2829 5819 quia
2886 5747 3114 5803 mensis
3172 5745 3361 5819 spatio
3417 5743 3765 5816 signiferum
