4118 6284
409 381 528 442 223

1773 384 2080 448 GEORGII
2124 384 2464 448 CEDRENI

3706 404 3813 463 224

413 517 619 574 orbem
669 518 898 585 circuit,
928 537 1106 591 quem
1133 521 1448 595 Olympum
1493 527 1721 579 veteres
1767 521 2044 578 dixerunt

2179 517 2474 592 Ὄλυμπον
2509 519 2762 581 ἐκάλουν.
2796 525 2884 582 Ἐν
2917 524 3051 600 αὐτῇ
3108 531 3176 603 τῇ
3227 529 3424 604 πρώτῃ
3495 530 3814 606 Ὀλυμπιάδι

411 609 608 664 Prima
671 609 784 664 ista
835 611 1181 683 Olympiade
1241 614 1526 669 Romulus
1575 620 1632 668 et
1681 616 1897 669 Remus
1938 612 2060 667 nati

410 703 568 764 sunt,
606 700 707 768 qui
761 701 1015 771 septima
1066 702 1416 774 Olympiade
1463 707 1708 760 Romam
1757 706 2060 774 cmperunt

407 787 661 842 condere
688 805 700 854 ;
735 805 983 859 quarum
1014 807 1212 846 rerum
1237 793 1640 848 narrationem
1663 792 2058 864 copiosiorem

407 876 467 930 in
500 893 703 950 regum
734 881 1084 936 recensione
1118 882 1404 937 invenies.

479 968 757 1022 Ezechias
814 970 966 1039 patri
1026 971 1254 1027 Achazo
1314 972 1620 1038 successit,
1690 988 2058 1045 regnumque

408 1071 597 1110 annos
628 1059 694 1110 29
726 1059 922 1129 gessit.
958 1060 1076 1114 Hoc
1109 1067 1338 1115 sextum
1362 1078 1584 1116 annum
1612 1067 1891 1134 regnante
1930 1062 2057 1117 Sal-

406 1161 735 1211 manassar,
763 1147 862 1218 qui
886 1148 1340 1204 etNabunassar
1376 1149 1610 1213 dicitur,
1653 1167 1755 1205 rex
1787 1151 2058 1221 Assyrio-

405 1251 560 1299 rum,
593 1237 859 1291 Samaria
879 1243 1049 1308 capta
1082 1238 1424 1295 lsraelicum
1448 1239 1732 1310 populum
1761 1240 2057 1310 captivum

405 1324 668 1380 abduxit.
697 1326 827 1381 Haec
861 1327 1005 1382 190
1036 1334 1126 1384 est
1155 1329 1349 1399 prima
1383 1330 1793 1384 lsraelicorum
1833 1329 2054 1400 depor-

409 1414 573 1469 tatio.
605 1416 655 1468 Is
676 1432 779 1470 rex
805 1417 983 1471 etiam
1016 1417 1450 1488 Sardanapalus
1477 1419 1586 1474 fuit
1617 1419 1970 1491 appellatus,
1999 1425 2058 1474 et

409 1517 498 1566 est
531 1517 698 1583 pater
743 1513 1356 1570 Nabuchodonosoris.
1410 1518 1660 1571 Necesse
1717 1522 1809 1571 est
1855 1522 2053 1572 autem

409 1617 673 1671 quaerere
705 1602 776 1658 de
809 1620 990 1674 regno
1020 1606 1283 1676 Assyrio,
1317 1605 1415 1675 qui
1443 1605 1545 1660 ﬁat
1575 1605 1733 1676 quod
1755 1607 2058 1677 Scriptura

409 1691 912 1747 Salmanassarem
945 1695 1319 1765 Assyriorum
1353 1711 1552 1766 regem
1584 1695 1871 1763 nominet,
1919 1712 2054 1750 cum

408 1786 545 1835 ante
577 1797 764 1836 annos
795 1784 862 1836 96
893 1781 964 1838 ab
997 1782 1221 1838 Arbace
1272 1783 1331 1838 id
1359 1799 1606 1854 regnum
1656 1783 1965 1852 abolitum,
1997 1789 2056 1839 et

2173 609 2386 681 Ῥῶμος
2415 616 2506 665 καί
2565 612 2859 685 Ῥωμύλος
2907 615 3294 692 ἐγεννήθησαν,
3355 617 3552 682 οἶετινες
3603 621 3652 675 ἐν
3681 627 3745 696 τῇ
3777 631 3814 695 ζ’

2170 696 2509 769 Ὀλυμπιάδι
2576 701 2675 770 τὴν
2717 703 2940 776 Ῥώμην
3000 705 3234 780 ἣρξαντα
3296 709 3526 778 κτίζειν.
3610 713 3814 769 Τούτων

2163 789 2264 857 τὴν
2289 785 2550 864 διήγησιν
2579 790 2913 867 πλατύτερον
2959 793 3010 850 ἰν
3067 795 3136 870 τῇ
3190 798 3338 867 τάξει
3380 803 3491 853 τῶν
3557 800 3810 875 βασιλέων

2166 876 2437 949 εὑρήσεις.

2239 969 2293 1022 Ρ.
2332 970 2456 1042 108]
2507 970 2747 1038 Ἐζεκίας
2806 973 2898 1028 τὸν
2958 975 3136 1053 ’Λχὰζ
3175 973 3560 1049 διαδεξάμενος
3620 981 3646 1034 6
3703 983 3811 1045 οἰὸς

2163 1051 2505 1113 ἐϐασίλευσεν
2539 1055 2630 1129 ἔτη
2699 1063 2798 1119 κθ’.
2861 1064 2943 1119 Ἐν
2997 1051 3076 1138 τῶ
3132 1067 3176 1130 ς’
3235 1065 3340 1122 ἔτει
3412 1067 3608 1124 τούτου
3643 1093 3810 1146 μετῳ-

2160 1146 2320 1217 κίσθη
2357 1148 2461 1201 ὑπὸ
2497 1147 2864 1227 Σαλμανασάρ
2912 1156 3009 1208 τοῦ
3061 1152 3151 1209 καί
3208 1151 3661 1232 Ναϐουνασάρου,
3717 1162 3810 1235 βα-

2161 1232 2358 1298 σιλέως
2389 1237 2718 1312 Ἀσσυρίων,
2751 1241 3033 1316 Σαμάρεία
3065 1243 3609 1322 αἰχμαλωτισθεῖσα.
3670 1232 3807 1321 Αίίτη

2158 1326 2349 1400 πρώτη
2387 1329 2418 1396 ἡ
2462 1327 2824 1403 αἰχμαλωσία
2877 1333 3119 1407 Ἰσραήλ·
3180 1334 3353 1398 Οὗτος
3419 1334 3477 1392 δὲ
3536 1338 3624 1392 καὶ
3683 1347 3808 1414 Σαρ-

2159 1411 2466 1477 δανάπαλος
2499 1417 2737 1494 ἐλέγετο,
2769 1421 2834 1489 ἦν
2888 1419 2944 1476 δέ
2997 1424 3179 1499 πατὴρ
3235 1430 3331 1480 τοῦ
3394 1411 3808 1502 Ναϐουχοδονδ-

2160 1526 2277 1579 σορ.
2325 1508 2642 1584 Ἀναγκαῖον
2704 1506 2760 1564 δὲ
2815 1517 3046 1581 ζητῆσαι
3105 1515 3228 1589 περὶ
3302 1519 3403 1584 τῆς
3460 1521 3569 1571 τῶν
3627 1520 3806 1574 Ἀσσυ-

2161 1594 2294 1668 ρίων
2349 1595 2652 1670 βασιλείας,
2713 1604 2830 1662 πῶς
2862 1601 3063 1672 ταύτης
3121 1604 3227 1678 πρὸ
3287 1604 3370 1682 ιβ’
3431 1604 3566 1660 ἐτῶν
3627 1610 3806 1662 καθαι-

2159 1685 2407 1758 ρεθείσης
2439 1682 2842 1762 ὑπὸἊρϐάκου
2881 1695 2978 1744 τοῦ
3038 1689 3254 1762 Μήδου,
3310 1698 3414 1748 τοῦ
3477 1696 3680 1766 ταύτην
3736 1699 3806 1758 εἰς

2159 1771 2385 1844 Μήδους
2446 1774 2884 1853 μετενέγκαντος,
2944 1781 2979 1848 ἠ
3040 1782 3225 1858 Γραφή
3284 1783 3378 1837 τὸν
3445 1787 3801 1862 Σαλμανάσαρ

405 1869 478 1924 ad
511 1869 705 1924 Medos
739 1871 1090 1927 translatum
1123 1871 1318 1928 fuerit.
1354 1873 1540 1927 Causa
1573 1871 1861 1942 redditur,
1895 1873 2049 1944 quod

2165 1863 2389 1938 βασιλέα
2448 1864 2744 1940 Ἀσσυρίων
2799 1867 2979 1924 καλεῖ.
3041 1869 3138 1924 Καί
3227 1893 3392 1950 φησιν
3472 1875 3558 1928 ὅτι
3617 1873 3807 1945 Μήδων

407 1960 674 2030 quamvis
712 1961 784 2016 ab
816 1961 1042 2016 Arbace
1075 1962 1374 2018 successio
1400 1963 1458 2017 in
1484 1979 1664 2035 regno
1687 1962 2057 2018 fuitMedicae

405 2049 612 2120 gentis,
647 2049 706 2104 id
737 2056 937 2106 tamen
969 2052 1149 2107 etiam
1179 2052 1486 2124 Assyrium
1516 2059 1924 2124 nuncupatum
1948 2052 2060 2108 fuit

405 2137 478 2192 ob
503 2138 874 2195 nobilitatem
903 2146 959 2194 et
978 2146 1329 2196 vetustatem
1353 2141 1729 2212 Assyriorum
1759 2159 1826 2198 ac
1856 2143 2056 2215 regio-

404 2227 496 2281 nis
521 2244 760 2284 nomen.
781 2230 1044 2300 Namque
1071 2231 1165 2286 hic
1195 2231 1571 2302 Assyriorum
1596 2247 1697 2286 rex
1721 2248 1855 2286 cum
1877 2232 2058 2287 Medis

401 2317 693 2382 subesset,
735 2320 1112 2390 Assyriorum
1164 2336 1268 2374 rex
1317 2319 1678 2374 constitutus
1711 2320 1839 2374 fuit.
1874 2322 2055 2375 Caete-

394 2421 526 2460 rum
543 2407 813 2460 Ezechias
839 2423 943 2462 rex
966 2424 1122 2462 anno
1147 2409 1236 2462 sui
1264 2408 1426 2474 regni
1447 2408 1824 2478 quindecimo
1847 2409 2056 2465 lethali

397 2495 602 2548 morbo
639 2501 945 2566 correptus
976 2497 1310 2552 ministerio
1347 2497 1512 2551 Isaia:
1565 2498 2052 2570 propagationem

397 2585 526 2640 vitae
562 2584 622 2638 in
654 2585 997 2655 quindecim
1032 2603 1224 2641 annos
1261 2587 1557 2652 obtinuit;
1593 2604 1723 2657 quae
1756 2588 1806 2642 ei
1839 2589 2060 2643 conﬁr-

400 2680 557 2729 mata
588 2680 678 2728 est
707 2675 1046 2748 prodigioso
1085 2676 1226 2731 solis
1259 2692 1364 2747 per
1395 2676 1598 2731 decem
1618 2677 1834 2747 gradus
1855 2677 2056 2733 adver-

399 2783 497 2821 sus
531 2783 703 2822 suum
736 2767 1074 2823 naturalem
1099 2785 1341 2823 cursum
1394 2769 1611 2834 reditu,
1646 2786 1761 2840 quo
1795 2769 1921 2824 dies
1951 2787 2059 2841 per

399 2861 585 2914 totum
610 2865 901 2914 terrarum
927 2860 1134 2916 orbem
1168 2861 1328 2915 horis
1365 2861 1428 2914 10
1453 2865 1660 2915 auctus
1683 2864 1750 2914 22
1774 2861 2056 2916 horarum

397 2946 527 3015 fuit,
563 2964 789 3020 suaque
812 2955 983 3004 nocte
1002 2950 1212 3005 caruit.
1247 2952 1299 3004 Is
1331 2965 1434 3004 rex
1463 2951 1845 3020 quantumvis
1877 2950 2052 3006 casti-

401 3042 503 3095 tati
536 3041 793 3107 deditus,
826 3058 860 3096 a
885 3043 1093 3097 morbo
1125 3047 1326 3098 tamen
1367 3058 1704 3114 resurgens,
1756 3049 1888 3098 voto
1920 3060 2055 3098 con-

398 3135 565 3201 cepto
582 3130 785 3186 liberis
811 3148 1053 3202 operam
1071 3131 1251 3186 dedit.
1269 3131 1432 3186 Idem
1451 3138 1788 3202 serpentem
1809 3149 2052 3200 aereum,

2173 1952 2269 2025 μὲν
2298 1953 2451 2026 γένος
2481 1955 2618 2008 κατά
2673 1951 2939 2031 διαδοχὴν
2996 1957 3102 2012 ἀπὸ
3142 1955 3418 2034 Ἀρϐάκου
3451 1957 3810 2036 ἐϐασίλευσεν,

2166 2041 2200 2109 ἡ
2236 2037 2292 2095 δὲ
2323 2040 2576 2115 βασιλεία
2605 2043 2694 2098 καὶ
2725 2045 3028 2120 Ἀσσυρίων
3077 2045 3298 2122 ἐλέγετο
3341 2047 3435 2105 διά
3489 2053 3553 2106 τὸ
3607 2053 3804 2129 εὐγενές

2166 2130 2254 2184 καὶ
2291 2130 2522 2185 παλαιὸν
2549 2138 2649 2201 τῆς
2682 2133 2861 2211 ἀρχῆς
2918 2136 3102 2191 καὶτὸ
3129 2144 3230 2206 τῆς
3292 2140 3488 2214 χώρας
3533 2139 3722 2215 ὄνομα
3782 2145 3806 2198 6

2167 2217 2272 2293 γὰρ
2301 2224 2408 2272 τῶν
2455 2221 2754 2296 ’Δσσυρίων
2811 2223 2970 2286 οὗτος
3040 2225 3298 2298 βασιλεὺς
3358 2229 3465 2283 ὑπὸ
3533 2231 3632 2299 τὴν
3688 2234 3809 2307 ἡγε·

2172 2309 2360 2381 μονίαν
2394 2307 2599 2378 Μήδων
2656 2310 2729 2365 ὢν
2787 2314 3089 2388 Ἀσσυρίων
3141 2317 3400 2391 βασιλεὺς
3449 2322 3701 2391 κατέστη.
3760 2325 3816 2380 Ὀ

2165 2398 2349 2455 τοίνυν
2413 2400 2651 2471 Ἐζεκίας
2707 2408 2788 2476 τῷ
2847 2406 2904 2460 ιε’
2987 2403 3090 2461 ἔτει
3145 2415 3243 2477 τῆς
3304 2409 3594 2484 βασιλείας
3653 2413 3806 2468 αύτοῦ

2167 2492 2399 2560 νοσήσας
2459 2497 2593 2566 πρὸς
2657 2491 2877 2555 θάνατον
2932 2499 3249 2572 προσθήκην
3314 2507 3464 2570 ζωῆς
3514 2497 3678 2557 ἔλαϐε
3730 2499 3811 2556 διά

2164 2577 2388 2636 Ἡσαΐου
2472 2579 2604 2636 ἐτῶν
2667 2590 2740 2638 ιε’.
2804 2584 2905 2640 Καὶ
2971 2591 3255 2642 πιστοῦται
3315 2595 3487 2645 ταῦτα
3556 2589 3646 2646 διὰ
3719 2597 3810 2646 τοῦ

2163 2667 2472 2745 παραδόξου
2521 2672 2756 2745 σημείου
2807 2682 2908 2744 τῆς
2965 2675 3228 2733 ἐπανόδου
3285 2680 3478 2750 ἡλίου,
3513 2690 3614 2753 τῆς
3672 2703 3814 2758 φυσι-

2163 2761 2264 2828 κῆς
2329 2763 2597 2831 κινήσεως
2649 2759 2776 2818 δέκα
2835 2765 3081 2840 βαθμοὺς
3155 2767 3566 2842 ἀναποδισάσης
3647 2770 3806 2848 ἤγουν

2166 2845 2292 2904 δέκα
2325 2849 2470 2925 ὥρας
2494 2853 2613 2915 καθ’
2643 2851 2780 2923 ὃλην
2835 2855 2932 2922 τήν
2997 2857 3350 2930 οἰκουμένην,
3410 2862 3485 2924 ὡς
3520 2863 3657 2917 εἶναι
3713 2864 3804 2930 τὴν

2162 2937 2374 3013 ἡμέραν
2407 2939 2616 3010 ἐκείνην
2654 2942 2821 3014 μόνην
2858 2946 3035 3019 χωρὶς
3080 2953 3178 3015 τῆς
3241 2945 3378 3012 ἰδίας
3434 2952 3627 3013 νυκτὸς
3661 2952 3810 3025 ὡρῶν

2164 3027 2268 3102 κβ“.
2299 3028 2474 3091 Οὗτος
2533 3029 2623 3083 καὶ
2683 3033 3032 3108 σωφροσύνην
3092 3036 3266 3091 ἀσκῶν
3328 3037 3438 3094 ἀπὸ
3499 3046 3600 3108 τῆς
3655 3039 3806 3094 νόσου

2165 3115 2393 3180 ἀναστὰς
2452 3116 2650 3188 ηὔξατο
2711 3118 3127 3190 παιδοποιῆσαι.
3186 3126 3360 3188 Οὗτος
3419 3129 3514 3183 τὸν
3575 3130 3694 3206 ὅφιν
3751 3128 3803 3182 ὅν

399 3237 574 3291 quem
607 3221 667 3274 in
701 3221 1022 3275 solitudine
1077 3224 1264 3276 Moses
1315 3221 1724 3292 suspenderat,
1777 3223 2049 3293 deposuit

2166 3203 2428 3280 ἐκρέμασε
2479 3208 2722 3277 Μωυσῆς
2771 3209 2822 3264 ἐν
2877 3215 2944 3275 τῆ
3002 3210 3218 3287 ἐρήμῳ,
3277 3215 3502 3280 καθεῖλε
3554 3203 3640 3273 καί
3675 3217 3808 3272 ἐχώ-

397 3313 573 3378 atque
607 3308 903 3373 conflavit,
949 3307 1109 3378 quod
1159 3309 1211 3362 ei
1256 3309 1510 3380 populus
1558 3309 1843 3365 adoleret.
1895 3310 2046 3374 Quin

396 3403 454 3452 et
487 3395 703 3450 librum
737 3395 1088 3464 Solomonis,
1115 3396 1209 3451 cui
1231 3397 1424 3452 omnis
1446 3398 1678 3463 generis
1699 3397 2045 3454 morborum

394 3484 656 3540 remedia
679 3485 864 3540 incisa
885 3490 1072 3550 erant,
1100 3491 1426 3540 crematum
1452 3485 1523 3540 de
1547 3485 1742 3541 medio
1767 3488 2043 3554 sustulit;

395 3579 454 3628 et
484 3573 749 3642 ejusdem
786 3573 968 3628 libros
999 3574 1072 3628 de
1099 3574 1667 3645 comparationibus,
1695 3580 1753 3630 et
1782 3577 2047 3632 carmina

395 3663 454 3718 in
489 3663 702 3733 quibus
736 3663 806 3717 de
839 3663 1114 3734 stirpium
1147 3669 1325 3735 atque
1377 3664 1726 3719 animalium
1777 3666 2046 3721 omnium

395 3754 789 3820 terrestrium,
822 3755 1150 3811 volucrium
1173 3761 1232 3809 et
1252 3755 1578 3810 natantiam
1600 3761 1834 3821 natura,
1859 3775 2046 3813 reme-

396 3841 628 3914 diisque
655 3844 921 3898 omnium
970 3844 1313 3900 morborum
1369 3843 1505 3900 inde
1557 3847 1828 3916 petendis
1859 3846 2045 3902 disse-

395 3936 594 3984 runrat
625 3931 805 4002 (unde
839 3932 1174 3986 Graecorum
1199 3931 1413 3987 medici
1438 3933 1750 3988 materiam
1776 3936 2046 3990 sufl‘urati

397 4019 542 4072 191
611 4035 746 4072 suas
773 4023 927 4073 artes
986 4020 1443 4088 constituerunt)
1476 4020 1826 4090 combussit,
1871 4024 2043 4078 sicuti

392 4107 731 4173 retulimus,
760 4109 899 4179 quia
919 4108 1172 4180 populus
1205 4125 1275 4164 ex
1306 4109 1379 4164 iis
1405 4110 1669 4166 remedia
1702 4111 2044 4168 morborum

393 4201 601 4270 petens
632 4213 665 4252 a
714 4198 830 4252 Deo
890 4197 1204 4254 sanitatem
1258 4216 1504 4270 poscere
1547 4200 1897 4274 negligebat.
1934 4204 2044 4258 Re-

394 4292 610 4360 gnante
641 4287 886 4343 Ezechia
929 4287 990 4342 in
1042 4288 1305 4344 Judaaam
1337 4289 1537 4360 copias
1587 4289 1832 4345 adduxit
1861 4292 2043 4347 Sena-

395 4378 690 4442 cheribus,
728 4379 1188 4434 Salmanassaris
1221 4395 1548 4434 successor.
1598 4379 1705 4444 Qui
1739 4397 1874 4436 cum
1916 4381 2041 4452 glo-

395 4468 553 4521 riose
593 4467 778 4522 multa
828 4469 890 4522 in
963 4468 1273 4523 hominum
1317 4476 1372 4522 et
1416 4467 1699 4539 populum
1759 4471 1886 4541 ejus
1940 4471 2040 4526 de-

397 4555 768 4621 blaterasset,
820 4556 1084 4612 irritatus
1117 4563 1204 4612 est
1261 4557 1310 4612 is
1356 4559 1454 4628 qui
1489 4559 1740 4614 consilia
1777 4563 2041 4629 gentium
2073 4581 2118 4644 ι)

397 4645 648 4715 dissipat
679 4651 736 4699 et
765 4646 1119 4717 populorum
1149 4648 1532 4718 cogitationes
1565 4649 1760 4705 irritas
1804 4651 1943 4706 facit
1973 4669 2041 4708 ac

399 4733 646 4789 consilia
705 4735 1038 4807 principum
1093 4735 1299 4791 eludit.
1361 4738 1433 4803 Is,
1474 4738 1656 4792 misso
1696 4740 1923 4812 angelo,
1970 4741 2040 4796 de

401 4825 661 4879 exercitu
693 4826 1068 4896 Assyriorum
1101 4825 1291 4881 millia
1325 4828 1420 4881 185
1444 4827 1757 4884 interfecit.
1791 4832 1876 4886 Ita
1906 4848 2040 4886 cum

397 4913 685 4968 dedecore
720 4922 775 4969 et
809 4915 967 4970 rabie
998 4915 1245 4970 Niniven
1293 4933 1562 4972 reversus
1607 4919 2040 4977 Senacheribus

399 5006 458 5060 in
511 5005 768 5075 captivos
825 5022 858 5058 a
902 5005 1342 5060 Salmanassare
1393 5005 1681 5062 obductos
1735 5009 2040 5066 Israelicos

393 5111 609 5166 magna
638 5094 796 5149 caede
827 5094 1112 5148 desaaviit.
1139 5095 1324 5160 Quem
1370 5112 1505 5151 mox
1550 5097 1748 5154 divina
1777 5099 1923 5156 ultio
1954 5100 2040 5156 in-

393 5190 594 5239 secuto
627 5201 868 5240 suorum
927 5183 1186 5239 ﬁliorum
1237 5185 1510 5241 manibus
1570 5188 1805 5258 occidit,
1853 5207 2038 5262 eaque

381 5273 546 5344 justa
571 5291 682 5329 nex
728 5275 1014 5346 injustam
1063 5274 1427 5346 captivorum
1473 5277 1841 5336 occidionem
1877 5281 2038 5337 seda-

391 5363 490 5418 vit.

463 5522 586 5574 Fuit
607 5526 733 5576 tum
759 5521 1181 5592 intercaptivos
1203 5522 1381 5579 homo
1405 5524 1646 5596 quidam
1668 5529 2032 5601 misericors,

389 5611 628 5666 nmine
658 5609 888 5676 Tobias,
912 5611 1013 5678 qui
1041 5611 1102 5665 in
1143 5612 1488 5684 sepeliendo
1543 5614 1887 5674 interfectos
1928 5622 2030 5676 Ju-

380 5703 535 5757 daos
567 5699 818 5758 multum
870 5716 1063 5772 operas
1106 5701 1512 5772 impendebat.
1565 5705 1688 5770 Qua
1748 5706 1820 5763 de
1851 5723 2031 5767 causa

2161 3315 2363 3382 νευσεν,
2397 3297 2478 3350 ὃτι
2512 3297 2659 3369 αύτῷ
2691 3296 2888 3372 ἐθυμία
2918 3302 2945 3355 ὁ
3007 3299 3156 3364 λαός.
3217 3303 3396 3361 Ἀλλὰ
3454 3310 3545 3362 καὶ
3602 3302 3807 3382 βιϐλίον

2156 3381 2552 3456 Σολομῶντος,
2580 3385 2910 3462 ἰαματήριον
2953 3390 3150 3454 παντὸς
3206 3395 3412 3458 πάθους
3469 3381 3806 3470 ἐγκεκολαμ-

2159 3473 2338 3546 μένον,
2373 3473 2618 3544 ἐξέκαυσε
2647 3476 2735 3530 καὶ
2794 3479 3046 3554 ἠφάνισε,
3102 3482 3198 3543 τάς
3255 3505 3314 3538 τε
3371 3487 3497 3559 περὶ
3555 3491 3663 3540 τῶν
3708 3504 3802 3538 πα-

2163 3555 2417 3634 ραϐολῶν
2461 3565 2548 3618 καὶ
2615 3563 2793 3636 ᾠδῶν,
2855 3565 2906 3623 ἐν
2970 3568 3052 3630 αἶς
3112 3573 3232 3646 περὶ
3305 3555 3656 3652 τῶν-φυτῶν
3724 3571 3807 3627 καί

2156 3652 2429 3706 παντοίων
2493 3654 2646 3722 ζώων
2701 3656 3045 3734 φυσιολογία,
3108 3663 3380 3739 χερσαίων
3441 3669 3700 3720 πετεινῶν
3756 3681 3810 3716 τε

2156 3740 2248 3794 καὶ
2273 3745 2512 3811 νηκτῶν,
2567 3745 2654 3798 καὶ
2718 3744 2962 3818 ἰαμάτων
3023 3749 3226 3813 πάθους
3269 3753 3489 3822 παντὸς,
3521 3752 3801 3829 γραφείσας

2158 3828 2326 3901 αὐτῷ,
2387 3830 2475 3910 ἀφ’
2527 3833 2599 3886 ῶν
2654 3833 2741 3888 καὶ
2804 3835 2854 3890 οἰ
2925 3841 3032 3891 τῶν
3093 3837 3378 3908 Ἐλλήνων
3465 3839 3801 3922 ἰατροφισταῖ

2159 3921 2604 3996 σφετερισάμενοι
2689 3924 2778 3978 καὶ
2856 3926 2951 3988 τὰς
3033 3928 3284 4007 ἀφορμάς
3361 3921 3655 4007 εἰληφότες
3708 3929 3796 3988 τᾶς

2159 4005 2302 4070 ἰδίας
2335 4013 2728 4080 συνεστήσαντο
2758 4012 2976 4088 τέχνας.
3020 4005 3197 4074 Ταῦτα
3252 4021 3433 4075 τοίνυν
3490 4005 3558 4076 τά
3616 4015 3796 4096 βιϐλία

2154 4099 2399 4168 Ἑζεκίας
2438 4102 2779 4166 κατακαύσας
2823 4104 2998 4184 ἀφανῆ
3058 4106 3330 4179 ἐποίησεν,
3400 4111 3474 4173 ὡς
3533 4111 3794 4174 λέλεκται,

2154 4184 2345 4256 ἐπειδὴ
2395 4188 2487 4250 τάς
2549 4191 2832 4265 θεραπείας
2891 4199 3001 4249 τῶν
3067 4198 3392 4270 νοσημάτων
3440 4195 3585 4257 ἔνθεν
3640 4219 3796 4271 κομι-

2156 4277 2432 4349 ζόμενοςὸ
2466 4277 2598 4341 λαὸς
2629 4282 2874 4358 περιώρα
2902 4284 2996 4346 τὰς
3030 4285 3199 4350 ἰάσεις
3250 4288 3417 4344 αἰτεῖν
3447 4291 3594 4366 παρὰ
3645 4292 3789 4344 Θεοῦ.

2153 4375 2242 4431 Ἐν
2274 4371 2494 4436 ταύταις
2524 4379 2640 4436 ταῖς
2673 4375 2907 4450 ἡμέραις
2959 4380 3056 4430 τοῦ
3113 4378 3354 4446 Ἐζεκίου
3413 4376 3574 4451 ἀνέϐη
3635 4387 3791 4435 Σενα-

2153 4464 2367 4539 χηρεὶμ
2396 4463 2423 4517 6
2457 4459 2718 4540 διάδοχος
2747 4465 3133 4540 Σαλμανασάρ·
3198 4468 3285 4522 καὶ
3345 4468 3576 4526 πλεῖστα
3637 4487 3790 4543 μεγα-

2153 4553 2669 4629 λορῥημονήσαντος
2728 4555 2864 4610 κατά
2919 4561 3016 4610 τοῦ
3072 4559 3277 4632 Κυρίου
3333 4560 3424 4614 καὶ
3511 4561 3645 4616 κατά
3698 4559 3788 4610 τοῦ

2150 4643 2286 4698 λαοῦ
2318 4642 2504 4712 αὐτοῦ,
2536 4644 2855 4718 παρεκλήθη
2901 4646 2928 4699 6
2987 4643 3352 4716 διασκεδάζων
3393 4647 3596 4722 βουλάς
3626 4647 3783 4710 ἐθνῶν

2149 4731 2238 4787 καὶ
2270 4733 2470 4796 ἀθετῶν
2503 4731 2804 4809 λογισμοὺς
2863 4733 3009 4789 λαῶν
3063 4735 3153 4790 καὶ
3218 4735 3421 4812 βουλὰς
3482 4739 3782 4815 ἀρχόντων,

2149 4822 2238 4877 καὶ
2299 4819 2626 4884 ἀποστείλας
2683 4822 2914 4899 ἄγγελον
2970 4823 3181 4880 ἀνεῖλεν
3240 4824 3299 4881 ἐκ
3353 4835 3454 4896 τῆς
3509 4819 3779 4902 παρεμϐο-

2149 4911 2254 4980 λῆς
2297 4915 2405 4966 τῶν
2456 4911 2748 4986 Ἀσσυρίων
2815 4910 3070 4988 χιλιάδας
3128 4917 3259 4987 ρπέ.
3323 4917 3420 4972 Καὶ
3479 4917 3622 4972 οὕτω
3674 4911 3782 4987 μετ’

2151 4999 2418 5076 αἰσχύνης
2461 5001 2550 5054 καὶ
2608 5002 2810 5072 Λύσσης
2864 5004 2892 5057 6
2959 5003 3310 5080 Σεναχηρείμ
3376 5007 3657 5076 ἀναζεύξας
3714 5000 3785 5063 εἰς

2149 5090 2334 5147 Νινευΐ
2392 5087 2581 5152 δεινῶς
2631 5090 2817 5165 ἀνῄρει
2878 5093 3004 5155 τοὺς
3081 5093 3618 5168 αἰχμαλωτισθέντας
3685 5091 3780 5147 ὑπὸ

2149 5177 2514 5254 Σαλμανασάρ
2546 5179 2650 5236 ἀπὸ
2684 5183 2989 5254 Σαμαρείας
3014 5185 3109 5237 τοῦ
3167 5184 3408 5258 Ἰσραήλ.
3475 5188 3572 5244 Ὃν
3601 5182 3778 5239 αὐτίκα

2147 5268 2260 5324 Θεία
2312 5266 2432 5339 δίκη
2498 5269 2850 5342 μετελθοῦσα,
2905 5271 2995 5326 καὶ
3057 5271 3158 5328 ὑπδ
3210 5278 3317 5328 τῶν
3377 5271 3533 5330 ἰδίων
3585 5273 3775 5329 τέκνων

2145 5357 2541 5434 ἀναιρεθέντος,
2599 5361 2812 5431 ἀπαύθη
2871 5368 2972 5431 τῆς
3068 5361 3459 5437 αἰχμαλωσίας
3517 5367 3551 5435 ἡ
3608 5360 3773 5419 ἔδικος

2145 5448 2326 5523 σφαγή
2360 5444 2448 5501 διὰ
2477 5453 2575 5516 τῆς
2607 5445 2820 5503 ἐνδίκου
2850 5449 3199 5525 ἀναιρέσεως.

2217 5536 2302 5607 [Ρ.
2339 5536 2461 5609 109]
2506 5537 2592 5592 Ἐν
2649 5536 2817 5611 ταύτῃ
2887 5541 2954 5612 τῇ
3014 5535 3374 5613 αἰχμαλωσίᾳ
3432 5541 3645 5611 ὑπῆρχέ
3697 5556 3772 5597 τις

2142 5620 2395 5695 ἐλεήμων
2465 5622 2746 5700 ἅνθρωπος
2804 5623 3046 5700 τοῦνομα
3097 5622 3320 5698 Τωϐἠτ,
3403 5629 3492 5685 καὶ
3562 5625 3774 5693 πολλὴν

2139 5704 2284 5769 ἔχων
2345 5709 2586 5783 σπουδὴν
2643 5712 2718 5776 εἰς
2775 5715 2836 5769 τὸ
2889 5715 3104 5780 θάπτειν
3164 5716 3291 5780 τοὺς
3342 5717 3774 5791 ἀποθνήσκοντα(
