4118 6284
1438 355 1980 426 ΗΙΞἸῸΒΙΑΒΗΠ
2025 351 2545 418 GOMPENDIUM
2559 400 2572 414 .

3587 356 3708 419 226

299 503 406 555 τῶν
432 496 738 556 Ἰουδαίων.
775 497 904 575 Περὶ
961 498 1035 554 ὧν
1101 498 1191 555 καὶ
1244 492 1563 570 διαϐληθεὶς
1619 499 1702 568 τῷ
1729 493 1950 570 βασιλεῖ

2080 489 2227 564 apud
2258 506 2456 563 regem
2488 489 2741 559 delatus,
2766 506 2900 547 cum
2932 489 3042 548 sibi
3059 490 3196 566 fuga
3235 492 3635 549 consuluisset
3664 499 3725 550 et

305 589 394 644 καὶ
427 588 609 667 φυγὼν
662 589 938 664 ἐκοιμήθη
997 583 1098 662 ἔξω
1151 592 1249 643 τοῦ
1305 588 1544 664 τείχους·
1578 584 1669 641 καί
1700 584 1775 646 ὡς
1803 581 1965 638 εἴωθε

308 678 585 741 πολλάκις
631 680 898 755 γίνεσθαι,
953 679 1306 752 καιμώμενος
1359 676 1609 738 καὶτοὺς
1641 672 1961 755 ὀφθαλμοὺς

305 768 693 845 ἠνεῳγμένους
739 764 909 844 ἔχων,
958 768 1047 823 καὶ
1091 770 1394 841 στρουθίων
1427 763 1840 844 ἀφοδευσὰντων
1886 762 1962 824 εἰς

310 857 439 920 τοὺς
480 856 802 938 όιρθαλμοὺς
861 857 1048 927 αὐτοῦ,
1107 858 1439 932 λευκώματα
1492 854 1813 925 πεποίηκεν.
1862 853 1962 909 Ἦν

310 945 371 1002 δὲ
427 949 517 1003 καὶ
571 952 627 1004 ἓν
681 944 1036 1011 Ἐκϐατάνοις
1089 950 1226 1023 κόρη
1288 949 1557 1026 συγγενὴς
1608 945 1797 1013 αότοῦ,
1841 942 1963 1012 ἥτις

310 1038 447 1093 ὶπτᾶ
508 1035 705 1113 ἄνδρας
764 1033 1026 1106 λαϐοῦσα,
1101 1039 1191 1093 καὶ
1271 1037 1487 1093 πάντων
1544 1036 1651 1092 ὕπὸ
1703 1031 1964 1106 δαίμονος

315 1128 716 1202 ἀναιρουμένων
771 1127 877 1202 πρὸ
932 1132 1029 1181 τοῦ
1088 1132 1287 1204 γνῶναι
1341 1126 1564 1197 ταύτην,
1609 1121 1827 1195 ηὔξατο.
1863 1121 1966 1179 Καὶ

311 1213 626 1272 ἀπέστειλεν
660 1216 794 1291 αὐτῇ
829 1217 1030 1291 βοηθὸν
1078 1218 1107 1272 ὁ
1156 1217 1286 1279 Θεὸς
1316 1216 1409 1272 τὸν
1440 1213 1665 1291 ἄγγελον
1696 1209 1964 1292 Ῥαφαήλ.

309 1307 373 1365 Ὀ
412 1304 503 1360 οὖν
529 1301 730 1374 Τωὸἠν
791 1305 1161 1381 παραγγείλας
1216 1309 1296 1378 τῷ
1351 1307 1454 1377 υἱῷ
1499 1304 1663 1359 αὐτοῦ
1691 1297 1860 1373 Τοϐίᾳ
1888 1301 1964 1374 μή

310 1390 505 1449 λαϐεῖν
551 1392 868 1469 ἀλλαχόθεν
912 1400 1136 1470 γυναῖκα
1184 1393 1234 1449 εἲ
1285 1395 1362 1467 μὴ
1413 1392 1473 1449 ἐκ
1515 1395 1615 1461 τῆς
1660 1390 1839 1469 φυλῆς
1877 1388 1969 1445 καὶ

304 1487 409 1539 τοῦ
463 1470 653 1560 γένους
713 1482 879 1538 αὐτοῦ
936 1484 1075 1540 κατᾶ
1130 1483 1224 1537 τὸν
1274 1483 1472 1556 νόμον,
1540 1478 1761 1536 δίδωσιν
1820 1479 1970 1551 αὖτῷ

307 1572 685 1652 χειρόγραφον
747 1571 873 1647 περὶ
937 1570 1221 1627 ταλάντων
1286 1568 1416 1626 δέκα
1484 1569 1715 1650 χρυσίου
1781 1568 1814 1623 ἃ
1878 1566 1969 1622 καὶ

305 1663 578 1736 παρέθετο
611 1661 663 1716 ἐν
692 1666 762 1735 τῇ
796 1658 1000 1733 Μηδίᾳ,
1049 1662 1186 1737 πρὸς
1240 1662 1302 1716 τὸ
1357 1660 1613 1727 ἀπελθεῖν
1661 1659 1750 1713 καὶ
1783 1653 1970 1713 λαϐεῖν

310 1749 449 1825 αὐτὰ
485 1748 576 1804 διὰ
603 1749 834 1825 τάχους.
888 1753 1001 1806 Τοῦ
1053 1748 1111 1805 δὲ
1165 1747 1360 1811 παιδὸς
1391 1753 1687 1819 ζητοῦντος
1728 1743 1969 1801 συνοδοι-

311 1823 486 1913 πόρον
516 1839 592 1902 ὡς
754 1835 905 1929 ⁸ὁδὸν
943 1838 1307 1929 ἀγνοοῦντος,
1368 1836 1603 1929 app—temet
1654 1839 1787 1929 Θεοῦ
1833 1854 1965 1929 προ·
1998 1863 2045 1929 Β

310 1928 437 2000 νοίᾳ
465 1930 557 1982 τὸν
623 1926 873 2003 ἄγγελον.
941 1925 1190 2003 Ῥαφαήλ
1253 1926 1329 1987 ὡς
1394 1921 1674 2002 ἄνθρωπον
1738 1924 1964 1977 ἑστῶτα.

308 2018 408 2076 Ὃν
480 2017 912 2089 μισθωσάμενος,
982 2014 1179 2071 εἰδέναι
1242 2016 1341 2084 τήν
1409 2013 1533 2070 ὁδὸν
1590 2014 1833 2087 λέγοντα
1876 2010 1966 2066 καὶ

313 2106 567 2179 Ἀζαρίαν
625 2106 1057 2179 ὀνομαζόμενον,
1106 2102 1382 2159 συνοδεύει
1427 2103 1626 2176 τούτῳ.
1680 2101 1776 2156 Καὶ
1818 2098 1969 2155 διελ-

309 2195 519 2249 θόντων
550 2194 728 2249 αὐτῶν
762 2194 840 2256 εῗς
879 2196 972 2250 τὸν
1031 2196 1280 2268 ποταμὸν
1332 2194 1544 2269 Τίγριν,
1595 2193 1811 2247 καὶτοῦ
1840 2211 1969 2244 παι-

312 2281 407 2346 δὸς
440 2284 775 2346 εἰσελθόντος
815 2282 1133 2353 λούσασθαι,
1165 2284 1256 2339 καὶ
1306 2283 1501 2358 ἶχθ·3ος
1541 2281 1689 2354 αὖτῷ
1722 2278 1967 2358 μεγάλου

314 2372 782 2445 ἐπιπηδήσαντος,
841 2375 991 2430 εἶπεν
1046 2374 1196 2446 αὐτῷ
1246 2375 1275 2428 ὀ
1331 2372 1563 2451 ἄγγελος
1619 2367 1967 2427 ἐπιλαϐέσθαι

308 2469 410 2521 τοῦ
463 2463 656 2540 ῖχθόος
704 2465 795 2518 καὶ
848 2468 1030 2535 τεμεῖν
1090 2462 1256 2517 αὐτοῦ
1305 2465 1405 2531 τὴν
1441 2463 1697 2537 γαστέρα,
1745 2460 1833 2515 καὶ
1864 2457 1967 2514 λα-

311 2547 428 2607 ϐεῖν
460 2552 525 2607 τό
553 2572 613 2607 τε
638 2554 790 2627 ἧπαρ
835 2552 926 2606 καὶ
973 2552 1076 2619 τὴν
1121 2549 1344 2624 καρδίαν
1391 2552 1481 2605 καὶ
1508 2552 1609 2620 τήν
1640 2548 1846 2625 χολὴν,
1878 2547 1969 2603 καὶ

311 2639 625 2717 φυλάττειν.
654 2643 765 2697 ἰὀῦ
808 2638 866 2695 δὲ
894 2639 1302 2714 πυνθανομένου
1347 2641 1411 2695 τὸ
1460 2642 1739 2715 ’χρήσιμον
1774 2637 1967 2707 αὐτῶν,

313 2756 343 2785 κ
373 2732 457 2788 Τὸ
492 2731 590 2805 μὲν
618 2732 791 2806 ἧπαρ,
825 2730 980 2808 φησὶ,
1010 2729 1101 2784 καὶ
1144 2732 1179 2800 ἡ
1210 2727 1406 2805 καρδία
1434 2731 1757 2803 θυμῖώμενα
1783 2727 1969 2784 διώκει

314 2817 609 2894 δαίμονας,
639 2822 675 2888 ἡ
709 2816 767 2874 δὲ
816 2818 963 2894 χολή
1017 2822 1300 2894 καθαρίζει
1332 2818 1680 2892 λευκώματα.
1714 2842 1741 2872 ››
1772 2819 1911 2875 Εἶτα
1942 2818 1969 2872 ὁ

316 2910 412 2983 μὲν
444 2914 577 2970 παῖς
635 2903 908 2982 λαμϐάνει
961 2909 1060 2977 τὴν
1117 2906 1178 2963 ἐκ
1226 2912 1324 2963 τοῦ
1375 2910 1566 2982 γένους
1620 2909 1788 2962 αὐτοῦ
1832 2926 1971 2981 προ-

311 2997 607 3073 λεχθεῖσαν
638 2997 809 3070 κόρην
841 2997 917 3058 εἰς
966 3002 1215 3073 γυναῖκα,
1261 3001 1331 3071 τῇ
1382 2992 1693 3069 συμϐουλίᾳ
1721 2995 1812 3051 καὶ
1842 3016 1969 3050 συν⁶

311 3085 463 3161 εργίᾳ
497 3090 602 3141 τοῦ
632 3086 872 3162 ἀγγέλου
905 3084 1240 3162 διωχθέντος
1292 3089 1390 3141 τὸῦ
1436 3089 1681 3159 πονηροῦ
1712 3081 1969 3159 δαίμονος

314 3174 474 3246 ἔντῷ
532 3174 843 3248 θυμιάματι
898 3175 1096 3248 τούτῷ.
1158 3174 1257 3230 Καὶ
1318 3173 1640 3252 ὑποστρέφει
1703 3174 1837 3246 μετὰ
1873 3176 1969 3229 τοῦ

322 3261 508 3326 παιδὸς
566 3265 660 3319 καὶ
712 3234 819 3332 ἰτῆς
872 3234 1127 3340 γυναικὸς
1178 3261 1345 3319 αότοῦ
1398 3234 1534 3338 πρός
1566 3234 1687 3317 ⁸τὸν
1765 3259 1969 3336 πατὲρα
1999 3234 2043 3301 C

327 3346 538 3421 Τωῦήτ·
594 3352 658 3406 οὗ
716 3353 847 3414 τοὺς
906 3351 1232 3432 ὀφθαλμοὺς
1288 3354 1315 3407 ὁ
1372 3357 1499 3414 παῖς
1555 3355 1624 3424 τῇ
1685 3349 1835 3426 χολῇ
1873 3354 1971 3406 τοῦ

330 3437 512 3514 ίχθῦος
538 3439 855 3517 ἐπίχρίσας,
889 3441 978 3495 καὶ
1024 3441 1261 3515 παρευθί)
1311 3436 1511 3505 Τωϐὴτ
1540 3435 1969 3512 ἀναϐλέψαντος,

317 3526 642 3605 ἑςθανέρωσεν
700 3530 888 3585 ἑαυτὸν
941 3532 969 3585 ὁ
1026 3528 1281 3606 ἄγγελος,
1371 3529 1455 3585 ὅτι
1534 3529 1633 3585 οὐκ
1684 3528 1971 3606 ἄνθρωπός

314 3616 483 3687 ἐστιν,
543 3617 695 3675 ἀλλὰ
748 3619 896 3695 παρά
955 3623 1090 3675 Θεοῦ
1165 3617 1445 3690 ἀπεστάλη
1517 3620 1653 3685 πρὸς
1716 3619 1968 3695 βοήθειαν

2073 587 2240 637 extra
2266 582 2487 637 moenia
2514 581 2801 638 dormiret
2830 583 3069 655 apertis,
3102 589 3167 639 ut
3206 599 3361 655 saepe
3386 583 3470 649 fit,
3503 583 3720 653 oculis,

2070 690 2341 746 passeres
2372 674 2435 729 in
2467 674 2669 730 oculos
2701 674 2831 745 ejus
2862 682 3087 732 stercus
3123 677 3490 747 dejecerunt,
3525 693 3719 748 eoque

2071 779 2214 819 casu
2243 765 2304 819 in
2327 764 2922 838 albuginem,incidit.
2971 768 3110 822 Erat
3156 767 3468 822 Ecbatanis
3515 767 3719 839 puella

2071 853 2267 924 ipsum
2322 854 2673 926 cognatione
2727 855 3060 926 attingens;
3116 872 3245 926 quae
3304 874 3438 911 cum
3497 856 3718 927 septies

2071 942 2391 1013 nupsisset,
2465 959 2834 1014 sponsosque
2905 943 3168 1015 singulos
3242 946 3396 1001 192
3480 945 3714 1000 daemon

2071 1032 2419 1103 priusquam
2452 1048 2575 1086 rem
2622 1048 2758 1087 cum
2811 1049 3028 1104 sponsa
3084 1033 3372 1089 haberent
3427 1039 3721 1101 necasset,

2075 1126 2255 1177 Deum
2273 1122 2548 1194 precibus
2571 1122 3020 1194 interpellabat;
3045 1123 3216 1194 isque
3249 1124 3300 1178 ei
3320 1124 3537 1179 auxilio
3559 1124 3719 1179 misit

2073 1212 2350 1284 angelum
2372 1212 2758 1283 Raphaelum.
2777 1214 3095 1267 Enimuero
3108 1213 3316 1269 Tobias
3340 1214 3526 1269 tilium
3552 1229 3726 1269 suum

2074 1300 2344 1356 hortatus
2374 1318 2449 1356 ne
2477 1301 2719 1356 aliunde
2751 1318 2928 1373 quam
2962 1320 3028 1358 ex
3056 1319 3161 1358 sua
3192 1302 3371 1373 stirpe
3405 1308 3463 1357 et
3506 1318 3719 1375 genere

2076 1406 2181 1445 suo
2212 1407 2455 1446 uxorem
2479 1390 2739 1461 duceret,
2769 1393 2942 1448 sicuti
2974 1392 3067 1447 lex
3103 1392 3443 1458 mandabat,
3485 1408 3619 1446 eum
3650 1390 3724 1447 ad

2074 1478 2399 1550 repetenda
2428 1496 2605 1551 quam
2637 1480 2896 1551 primum
2921 1480 3125 1537 decem
3156 1480 3400 1547 talenta,
3434 1497 3564 1552 quae
3598 1480 3724 1552 ipse

2076 1568 2377 1638 quondam
2419 1567 2480 1623 in
2509 1569 2696 1624 Media
2753 1569 3129 1641 deposuerat,
3191 1587 3323 1625 cum
3388 1569 3725 1643 syngrapha

2077 1657 2276 1712 mittit.
2311 1658 2494 1712 Eilius
2525 1658 2756 1713 itineris
2779 1659 3058 1715 comitem
3092 1676 3160 1715 ac
3189 1659 3399 1715 ducem
3439 1675 3725 1730 quaerent,

2076 1746 2236 1817 quod
2265 1747 2418 1802 viam
2452 1748 2767 1820 ignoraret,
2803 1749 3014 1804 divinae
3040 1749 3422 1821 providentia:
3454 1748 3634 1804 ductu
3665 1748 3728 1803 in

2076 1836 2441 1907 Raphaelum
2473 1838 2684 1893 incidit
2737 1838 2845 1893 sub
2878 1838 2987 1896 viri
3047 1839 3241 1910 specie
3287 1838 3347 1894 in
3404 1838 3530 1893 foro
3563 1841 3726 1893 stan-

2078 1930 2229 1992 tem;
2263 1925 2433 1997 cujus
2453 1927 2719 1981 Azariam
2747 1944 2808 1982 se
2850 1928 3217 1983 nominantis
3260 1933 3317 1982 et
3341 1929 3447 1981 vias
3481 1944 3541 1981 se
3581 1943 3724 1996 gna-

2075 2030 2207 2069 rum
2240 2016 2575 2086 profitentis
2605 2032 2784 2088 opera
2813 2017 3123 2083 conducta,
3156 2018 3270 2071 iter
3300 2033 3367 2071 eo
3407 2016 3723 2071 comitatus

2076 2105 2426 2176 ingreditur.
2469 2106 2613 2160 Cum
2664 2105 2735 2160 ad
2767 2106 2963 2177 Tigrin
3010 2106 3250 2162 ﬂuvium
3291 2108 3723 2178 pervenissent,

2077 2212 2224 2267 puer
2276 2194 2510 2251 lavandi
2566 2212 2743 2251 causa
2779 2212 2996 2267 aquam
3029 2197 3329 2269 ingressus
3388 2201 3496 2265 est,
3551 2202 3727 2266 atque

2077 2284 2287 2360 ingens
2336 2283 2416 2339 ibi
2451 2285 2632 2354 piscis
2664 2301 2798 2340 eum
2828 2286 3057 2341 invasit.
3113 2287 3257 2341 Eum
3285 2286 3491 2358 jussus
3537 2291 3625 2339 est
3653 2284 3729 2340 ab

2078 2374 2285 2447 angelo
2317 2390 2550 2445 capere,
2584 2380 2642 2429 et
2671 2374 2925 2430 dissecto
2959 2381 3160 2430 ventre
3185 2376 3378 2447 jecur,
3414 2390 3515 2429 cor
3563 2380 3620 2429 et
3649 2372 3728 2428 fel

2080 2463 2337 2519 eximere
2368 2477 2435 2518 ac
2459 2479 2711 2518 servare.
2737 2464 2991 2536 Angelus
3014 2462 3086 2518 ad
3117 2463 3258 2534 quid
3285 2481 3354 2519 ea
3379 2463 3732 2535 prodessent

2080 2553 2497 2624 interrogatus,
2526 2552 2819 2623 jecinoris
2859 2558 2918 2607 et
2945 2552 3140 2608 cordis
3171 2552 3377 2608 suffitu
3427 2552 3728 2607 daemones

2081 2640 2234 2712 abigi
2262 2640 2588 2712 respondit,
2620 2640 2761 2696 felle
2786 2640 3093 2714 albugines
3124 2642 3275 2697 tolli.
3304 2640 3556 2697 Proinde
3598 2656 3726 2695 eam

2080 2731 2152 2787 de
2177 2747 2293 2802 qua
2323 2731 2547 2787 dictum
2578 2737 2666 2785 est
2692 2731 2973 2802 puellam,
2999 2732 3500 2804 consanguineam
3532 2748 3724 2802 suam,

2079 2820 2274 2876 Tobiae
2304 2820 2463 2876 filius
2491 2837 2735 2876 uxorem
2766 2821 2952 2891 duxit,
2985 2821 3176 2893 angeli
3200 2821 3450 2876 consilio
3484 2826 3542 2876 et
3571 2819 3734 2876 auxi—

2082 2908 2185 2977 lio,
2216 2908 2373 2964 malo
2404 2909 2674 2964 dwmone
2721 2910 2769 2962 vi
2805 2910 2934 2981 ejus
2978 2910 3212 2965 suffitus
3242 2910 3440 2982 fugato
3471 2928 3485 2976 ;
3538 2926 3733 2964 rever-

2083 3014 2302 3068 susque
2333 3013 2469 3052 cum
2500 2997 2715 3052 comite
2749 3014 2855 3053 suo
2888 3003 2945 3052 et
2988 3015 3170 3053 uxore
3201 2998 3275 3053 ad
3302 3003 3554 3069 patrem,
3586 3013 3729 3052 ocu-

2081 3085 2168 3141 los
2226 3087 2355 3158 ejus
2412 3085 2551 3142 felle
2608 3086 2884 3158 inungit;
2944 3104 3061 3158 quo
3101 3087 3253 3143 facto
3302 3103 3482 3142 senex
3538 3086 3729 3141 visum

2082 3176 2243 3231 illico
2270 3177 2512 3247 recepit.
2560 3178 2704 3232 Tum
2762 3178 3009 3249 angelus
3038 3195 3099 3233 se
3149 3177 3282 3249 quis
3316 3183 3473 3232 esset
3519 3176 3729 3249 aperit,

2081 3279 2201 3318 non
2240 3263 2543 3318 hominem
2577 3281 2638 3319 se
2672 3279 2820 3333 esse,
2868 3265 2969 3320 sed
3000 3281 3035 3320 a
3065 3266 3181 3321 Deo
3232 3265 3479 3320 missum
3509 3264 3729 3320 docens

2081 3353 2435 3423 opitulatum
2466 3353 2612 3425 ipsis
2643 3360 2701 3409 et
2748 3353 2962 3425 puellm
3011 3354 3187 3422 Sane,
3249 3354 3427 3425 idque
3486 3358 3728 3426 propter

2082 3442 2345 3513 ipsorum
2378 3443 2681 3515 pietatem,
2714 3444 2867 3499 I98
2900 3443 2959 3498 id
2992 3460 3227 3515 quoque
3267 3444 3411 3515 ipsis
3440 3443 3608 3513 dixit,
3638 3458 3732 3497 re-

2080 3531 2167 3602 gis
2197 3548 2482 3587 arcanum
2530 3536 2691 3587 recte
2744 3533 2878 3604 tegi,
2914 3533 3015 3589 sed
3072 3534 3226 3590 facta
3249 3533 3353 3589 Dei
3404 3532 3727 3605 praedicare

2082 3620 2478 3676 honoriﬁcum
2512 3638 2661 3677 esse.
3534 3620 3539 3621 ί

310 3724 500 3789 αὐτοῖς
527 3746 592 3780 τε
621 3726 712 3779 καὶ
743 3730 812 3800 τῇ
843 3725 980 3801 κόρῃ
1012 3725 1195 3802 Σάρῥᾳ
1226 3723 1315 3781 διὰ
1343 3727 1441 3795 τὴν
1474 3726 1651 3780 αὐτῶν
1712 3721 2008 3797 εὐσέϐειαν,
2066 3724 2239 3802 λέγων
2300 3727 2436 3801 πρὸς
2484 3725 2702 3790 αὒτοῦςο
2757 3754 2773 3776 α
2812 3728 3123 3802 Μυστήριον
3159 3723 3424 3802 βασιλέως
3450 3725 3712 3801 -κρύητειν

310 3812 510 3885 καλὸν,
541 3815 610 3869 τὰ
641 3813 700 3869 δὲ
728 3808 854 3890 ἔργα
878 3818 975 3871 τοῦ
1007 3815 1203 3891 Κυρίου
1244 3815 1494 3890 ἀνυμνεῖν
1524 3810 1774 3888 ἐνδόξως.
1810 3839 1838 3869 ››

379 3941 490 3997 Exi
552 3940 750 3995 τούτου
806 3941 899 3995 καὶ
957 3942 1239 4016 ἄνθρωπός
1299 3962 1381 4003 τις
1440 3939 1764 4016 ἐγνωρίζετο
1803 3939 1855 3993 ἐν
1887 3944 1969 4012 τῷ

305 4027 543 4104 Ἰσραὴλ
600 4027 870 4093 πλούσιος
919 4034 1006 4086 καὶ
1084 4029 1429 4104 ἀνελεήμων,
1483 4029 1544 4091 ὃς
1600 4028 1777 4095 ἰλθὼν
1832 4028 1970 4104 πρός

303 4139 427 4173 τινα
485 4122 598 4172 τῶν
661 4115 1000 4174 διδασκάλων
1081 4120 1173 4174 καὶ
1254 4119 1556 4187 ἀναπτύξας
1622 4120 1722 4188 τὴν
1784 4118 1973 4196 σοφίαν

308 4212 683 4279 Σολομῶντος
714 4207 866 4282 εὗρεν
900 4207 1073 4270 εὐθύςν
1129 4231 1158 4261 ι(
1199 4210 1258 4266 Ὀ
1289 4206 1454 4263 ἐλεῶν
1484 4207 1707 4284 πτωχὸν
1743 4204 1973 4277 δανείζει

312 4300 457 4367 Θεῷ.
520 4319 550 4346 υ
611 4295 708 4350 Καὶ
776 4296 853 4358 εἷς
931 4297 1120 4354 ἑαυτὸν
1175 4300 1463 4374 γενόμενος
1510 4299 1601 4352 καὶ
1656 4296 1970 4371 κατανυγεὶς

316 4382 576 4448 ἀπελθὼν
608 4385 849 4460 πέπρακε
898 4388 1070 4443 πάντα
1124 4387 1214 4444 καὶ
1275 4385 1509 4461 διένειμε
1563 4391 1834 4462 πτωχοῖς,
1864 4408 1972 4460 μη-

314 4472 402 4529 δὲν
464 4475 643 4547 ἑαυτῷ
698 4474 1027 4550 καταλείψας
1075 4476 1223 4547 πλὴν
1278 4478 1633 4550 νομισμάτων
1692 4473 1809 4533 δύο.
1873 4475 1967 4530 Καὶ

313 4562 641 4637 πωχεοῦσςις
695 4566 832 4620 πάνυ
894 4566 983 4621 καὶ
1045 4568 1146 4622 ὑπὸ
1210 4564 1442 4641 μηδενὸς
1500 4565 1562 4622 ἐκ
1615 4568 1760 4626 θείας
1820 4563 1972 4621 δοκι-

323 4651 523 4726 μασίας
557 4650 878 4726 ἐλεούμενος
939 4654 1160 4728 ὓστερον
1219 4653 1271 4709 ἐν
1332 4656 1505 4728 ἑαυτῷ
1564 4654 1714 4729 λέγει
1778 4675 1968 4729 μικρο-
2008 4641 2052 4706 D

321 4743 607 4816 #9115514.
669 4743 1136 4817 «Ἀπελεύσομαι
1191 4747 1440 4818 [Ρ.1ΙΟ]
1501 4744 1553 4798 ἐν
1612 4742 1978 4818 Ἰερουσαλήμ

322 4831 417 4886 καὶ
446 4828 831 4906 διακρινοῦμαι
859 4838 936 4905 τῷ
994 4838 1109 4907 Θεῷ
1171 4856 1275 4907 μου
1316 4836 1398 4890 ὅτι
1455 4832 1728 4903 ἐπλάνησὲ
1760 4854 1827 4908 με
1858 4830 1972 4888 δια-

321 4921 617 4992 σκορπίσαι
648 4923 716 4976 τά
772 4922 1089 4998 ὑπάρχοντά
1141 4945 1264 4997 μου.
1302 4947 1326 4975 ››
1383 4923 1761 4998 Πορευομένου
1792 4921 1849 4978 δέ
1877 4921 1978 4978 αὗ-

317 5014 444 5078 τοῦ,
479 5007 619 5064 εἶδεν
662 5007 853 5086 ἄνδρας
911 5009 1007 5068 δύο
1068 5013 1420 5089 μαχομένους
1475 5013 1609 5089 πρὸς
1664 5012 1971 5083 ἀλλήλους,

315 5099 580 5174 εὖρόντας
612 5099 767 5164 λίθον
820 5101 1026 5174 τίμιον.
1084 5104 1182 5158 Καὶ
1221 5104 1353 5183 φησὶ
1384 5106 1519 5178 πρὸς
1550 5101 1767 5164 αὐτούς’
1801 5125 1829 5154 ‹‹
1864 5105 1975 5159 ’Ἰνα

311 5189 389 5258 τί,
451 5187 701 5264 ἀδεῖφοὶ,
754 5191 1024 5269 μάχεσθε;
1079 5192 1208 5248 Δότε
1268 5214 1360 5266 μοι
1418 5192 1599 5264 αὐτὸν,
1652 5192 1743 5247 καὶ
1780 5186 1975 5246 λάϐετε

313 5279 640 5352 νομίσματα
671 5276 787 5335 δύο.
826 5305 851 5332 ››
884 5283 1008 5338 Τῶν
1052 5279 1108 5336 δὲ
1142 5282 1276 5354 μετᾶ
1330 5286 1504 5357 χαρᾶς
1560 5284 1750 5337 τοῦτον
1800 5300 1976 5355 παρα-

318 5367 569 5443 σχόντων
600 5366 683 5441 (οὗ
742 5368 843 5444 γὰρ
902 5367 1098 5443 ᾔδεσαν
1156 5375 1255 5425 τοῦ
1303 5369 1460 5426 λίθου
1514 5370 1575 5424 τὸ
1633 5369 1974 5443 ὑπερτίμιον)

317 5456 569 5527 ἀπῆλθεν
627 5459 704 5524 είς
760 5460 1148 5536 Ἰερουσαλὴμ,
1206 5463 1297 5519 τὸν
1360 5463 1510 5519 λίθον
1560 5455 1973 5539 ἕπιφερόμενος.

314 5548 424 5607 Καὶ
487 5545 661 5618 δείξας
720 5551 881 5606 αὐτὸν
920 5553 1243 5631 χρυσοχόῳ,
1301 5559 1645 5628 παραχρῆμα
1694 5552 1785 5606 τὸν
1819 5549 1973 5614 λίθον

306 5635 529 5692 ἐκεῖνος
586 5636 717 5695 ἰδὼν
800 5640 1027 5701 ἀναστὰς
1106 5640 1496 5716 προσεκύνησε,
1553 5642 1644 5696 καὶ
1697 5634 1975 5714 ἔκθαμόος

303 5727 611 5808 γενόμενος
633 5730 984 5803 ἓπυνθάνιτο,
1037 5754 1066 5783 ‹‹
1097 5735 1211 5787 Ποῦ
1257 5732 1350 5787 τὸν
1406 5730 1741 5805 πολύτιμον,
1771 5728 1974 5806 λέγων,

2151 3941 2369 3999 Eodem
2400 3949 2666 4015 tempore
2697 3944 2782 3998 vir
2812 3944 3056 4015 quidam
3086 3944 3148 3999 in
3190 3944 3407 4016 populo
3449 3943 3725 4000 lsraelico

2080 4031 2510 4099 celebrabatur,
2540 4032 2702 4087 dives
2734 4038 2791 4088 et
2830 4035 3205 4090 inhumanus.
3242 4036 3298 4090 ls
3328 4051 3463 4090 cum
3512 4051 3722 4105 quem-

2081 4120 2217 4176 dam
2247 4120 2549 4177 doctorem
2600 4123 2997 4187 convenisset,
3043 4124 3382 4196 librumque
3415 4124 3723 4195 sapientiae

2081 4210 2413 4265 Solomonis
2441 4211 2790 4282 aperuisset,
2822 4213 3014 4283 primo
3053 4212 3259 4267 obtutu
3290 4213 3353 4267 in
3384 4213 3511 4267 haec
3548 4212 3731 4268 verba

2084 4300 2313 4366 incidit,
2345 4323 2372 4351 «
2408 4300 2514 4366 Qui
2547 4300 2866 4357 miseratur
2888 4318 3235 4373 pauperem,
3269 4302 3319 4357 is
3353 4307 3465 4356 Deo
3496 4301 3727 4357 fenera-

2083 4394 2198 4447 tnr.
2234 4412 2261 4441 »
2292 4392 2497 4462 Itaque
2528 4391 2589 4445 in
2621 4406 2684 4445 se
2713 4390 3081 4446 descendens
3111 4395 3169 4445 et
3192 4394 3583 4462 compunctus
3608 4390 3729 4445 ani-

2085 4496 2270 4550 mum,
2301 4479 2599 4553 digressus
2645 4481 2847 4536 omnia
2876 4497 2983 4536 sua
3029 4479 3318 4550 vendidit,
3363 4496 3431 4535 ac
3469 4481 3727 4552 pretium

2081 4568 2237 4624 inter
2284 4584 2499 4641 egenos
2553 4569 2873 4636 distribuit,
2932 4570 3083 4625 nihil
3139 4569 3252 4625 sibi
3308 4575 3525 4641 praeter
3581 4569 3730 4625 duos

2084 4674 2361 4713 nummos
2414 4675 2743 4715 reservans.
2803 4661 2890 4715 Ita
2946 4668 3019 4716 ad
3090 4675 3389 4715 summam
3450 4658 3725 4715 redactus

2084 4753 2516 4819 paupertatem,
2548 4764 2684 4804 cum
2735 4749 2875 4819 (Deo
2935 4748 3017 4804 ita
3072 4748 3407 4813 ordinante,
3467 4749 3552 4803 uti
3593 4763 3728 4802 eum

2084 4836 2383 4908 probaret)
2413 4854 2589 4893 nemo
2620 4838 2805 4909 ipsius
2828 4837 3231 4906 misereretur,
3254 4837 3495 4893 tandem
3528 4836 3729 4892 animo

2082 4926 2269 4982 fracto
2299 4942 2502 4982 secum
2534 4926 2739 4983 statuit
2766 4926 2851 4981 ire
2882 4927 3308 4998 Hierosolyma,
3342 4932 3401 4982 et
3430 4943 3564 4981 cum
3609 4927 3724 4980 Deo

2085 5031 2191 5070 suo
2222 5014 2573 5085 disceptare,
2606 5016 2705 5085 qui
2737 5032 2799 5069 se
2830 5015 2903 5071 ad
2931 5015 3087 5071 bona
3115 5032 3222 5070 sua
3252 5012 3596 5085 dissipanda
3624 5029 3729 5084 per

2083 5103 2379 5159 fallaciam
2406 5104 2752 5158 induxisset.
2787 5106 2851 5158 In
2880 5121 2950 5159 eo
2981 5104 3192 5159 itinera
3225 5104 3379 5157 videt
3400 5103 3554 5156 viros
3576 5101 3726 5157 duos

2086 5192 2513 5264 depugnantes,
2545 5193 2644 5262 qui
2676 5192 2937 5263 lapidem
2986 5193 3311 5265 pretiosum
3357 5192 3726 5247 invenerant.

2086 5282 2198 5337 Eos
2220 5281 2302 5336 ita
2323 5282 2567 5335 affatur:
2595 5303 2621 5331 «
2643 5281 2812 5350 Quid,
2840 5285 3069 5352 fratres,
3095 5281 3558 5354 pugnatis?Date
3584 5282 3729 5338 mihi

2086 5370 2365 5443 lapidem,
2399 5386 2465 5425 ac
2506 5386 2606 5425 vos
2636 5387 2742 5441 pro
2774 5387 2842 5426 eo
2874 5372 3022 5427 duos
3069 5389 3347 5427 nummos
3395 5373 3662 5443 accipite.
3702 5394 3729 5421 ››

2085 5458 2251 5524 Quod
2294 5457 2402 5521 illi,
2436 5473 2583 5527 quos
2636 5458 2842 5530 ingens
2907 5459 3120 5531 lapidis
3175 5461 3431 5531 pretium
3490 5460 3727 5529 latebat,

2086 5546 2446 5620 perlibenter
2502 5546 2714 5602 fecere.
2752 5549 2922 5603 Venit
2960 5565 3094 5621 ergo
3144 5550 3254 5604 iste
3304 5550 3728 5621 Hierosolyma,

2084 5636 2343 5710 lapidem
2375 5652 2576 5692 secum
2596 5642 2856 5710 gestans,
2877 5656 3131 5713 eumque
3162 5639 3390 5697 aurifici
3412 5644 3725 5695 monstrat.

2085 5727 2194 5795 Qui
2223 5726 2401 5784 simul
2430 5731 2607 5799 atque
2637 5726 2896 5800 lapidem
2927 5730 3256 5804 conspexit,
3289 5729 3574 5799 adoravit,
3603 5732 3729 5782 stu-
