4104 6276
432 340 550 403 227

1777 339 2106 400 GEORGII
2149 339 2494 404 CEDRENI

434 487 701 547 pensque
758 472 1089 528 sciscitatus
1145 473 1236 526 est
1285 467 1530 526 ubinam
1577 468 2077 542 pretiosissimum

2192 469 2279 526 καὶ
2311 471 2453 527 θεῖον
2491 471 2644 529 λίθον
2673 471 2866 530 τοῦτον
2923 477 3109 550 etSp“;
3171 472 3287 530 ἰδοῦ
3341 477 3442 551 γὰρ
3467 472 3558 546 ἔτή
3587 479 3700 553 τρία
3726 482 3811 551 σή.

438 565 592 621 hanc
615 570 672 619 et
693 565 955 619 divinum
978 562 1237 634 lapidem
1261 562 1604 629 invenisset,
1635 567 1878 634 pmpter
1906 577 2083 632 quem

439 660 628 710 totum
652 653 780 725 jam
813 652 1136 708 triennium
1167 651 1309 708 urbs
1341 651 1685 723 perturbata
1714 659 1890 722 atque
1921 651 2080 706 solli-

437 745 554 799 cita
579 743 674 798 sit.
709 743 898 799 Simul
931 759 1062 798 eum
1088 741 1161 796 ad
1187 759 1483 797 summum
1509 741 1850 814 pontiﬁcem
1873 741 2084 795 aﬂ'erre

431 833 630 904 jussit,
663 833 950 887 maximas
982 831 1054 886 ab
1087 848 1154 886 eo
1187 831 1420 887 divitias
1443 837 1901 904 reportaturum.
1936 831 2082 884 Dum

432 921 820 994 iret,angelus
832 921 936 976 Dei
955 920 1293 992 pontiﬁcem
1316 921 1400 975 sic
1411 919 2086 975 monuithenietnunc

435 1011 508 1067 ad
543 1017 596 1066 te
628 1011 828 1078 homo,
890 1010 1148 1066 nobilem
1210 1011 1362 1066 I94
1395 1011 1654 1082 lapidem
1703 1027 1775 1065 ex
1823 1008 2084 1080 diploide

433 1101 682 1157 Aaronis
715 1100 1061 1172 pontiﬁcali,
1097 1100 1198 1172 qui
1228 1101 1483 1156 amissus
1509 1100 1722 1158 fuerat.
1745 1105 2080 1171 reportans.

435 1191 650 1262 Recipe
683 1191 861 1257 hunc,
893 1195 950 1244 et
981 1189 1192 1246 ferenti
1223 1189 1477 1245 multum
1503 1189 1630 1245 auri
1661 1194 1836 1260 atque
1857 1187 2084 1258 argenti

437 1279 532 1335 da.
565 1279 752 1334 Simul
793 1283 853 1334 et
878 1279 1050 1350 alapa
1096 1279 1381 1334 mediocri
1422 1279 1668 1346 inﬂicta,
1713 1278 1858 1350 jube
1907 1293 2083 1350 porro

439 1385 560 1424 non
591 1384 720 1424 esse
769 1369 953 1423 animi
1001 1367 1270 1434 dubium,
1323 1383 1516 1438 neque
1565 1367 1836 1423 difﬁdere
1875 1371 1991 1421 Deo
2021 1366 2083 1422 in

437 1458 619 1513 sacris
649 1457 886 1514 Litteris
925 1457 1147 1514 dicenti
1180 1474 1316 1513 eum
1350 1457 1453 1528 qui
1479 1473 1800 1529 pauperem
1833 1455 2079 1511 misera-

431 1551 548 1614 tur,
579 1547 696 1602 Deo
720 1547 998 1602 faenerari
1025 1563 1039 1602 :
1063 1563 1158 1602 me
1185 1546 1345 1602 enim
1375 1553 1433 1601 et
1454 1547 1516 1602 in
1537 1546 1650 1602 hoc
1666 1546 1783 1601 vita
1803 1545 2082 1616 implesse

433 1635 566 1700 hoc,
599 1635 848 1690 redditis
879 1635 966 1690 illi
998 1635 1171 1708 longe
1223 1635 1493 1708 pluribus
1525 1651 1704 1706 quam
1753 1635 1881 1706 ipse
1934 1631 2082 1688 mihi

433 1731 736 1780 mutuatus
765 1726 914 1782 fuit:
949 1731 1008 1780 et
1055 1726 1104 1780 si
1136 1725 1314 1781 ﬁdem
1359 1725 1593 1795 habeat,
1637 1726 1699 1780 in
1751 1725 1938 1781 altera
1965 1725 2082 1780 vita

435 1813 788 1886 adepturum
819 1815 1254 1886 insuperabiles
1294 1814 1526 1870 divitias
1579 1814 1808 1880 Omnia,
1861 1819 1928 1870 ut
1946 1813 2080 1885 jus-
2112 1829 2160 1896 Β

431 1920 531 1958 sus
560 1903 772 1973 fuerat,
829 1906 948 1977 egit
977 1905 1262 1977 pontifex.
1320 1905 1425 1961 Ille
1457 1922 1592 1960 vero
1656 1905 1781 1961 hanc
1830 1903 2080 1960 audiens

433 1993 864 2049 tremebundus
895 1995 1170 2050 omnibus
1193 1995 1254 2050 in
1285 1995 1507 2066 templo
1537 1995 1760 2050 relictis
1782 1993 2077 2062 discessit,

432 2097 612 2155 agens
641 2082 860 2154 gratias
885 2082 1026 2150 Deo,
1059 2083 1232 2154 eique
1265 2089 1321 2138 et
1351 2083 1628 2138 omnibus
1661 2099 1792 2155 quae
1835 2083 1897 2138 in
1929 2081 2076 2137 Scri-

428 2177 604 2241 ptura
633 2171 915 2227 dicuntur
949 2171 1130 2227 ﬁdem
1161 2171 1472 2227 adhibens.

501 2259 761 2314 Ezechias
791 2261 1079 2316 successit
1109 2263 1406 2317 Manasses
1437 2262 1616 2328 ﬁlius,
1651 2261 1751 2332 qui
1784 2276 1846 2316 se
1898 2261 2080 2332 impie

431 2347 711 2402 adversus
733 2350 917 2404 Deum
948 2350 1147 2422 gessit,
1187 2367 1488 2422 regnoque
1509 2366 1698 2406 annos
1745 2353 1812 2404 55
1841 2349 2080 2404 functus

427 2435 590 2491 obiit.
625 2438 680 2490 Is
711 2436 1018 2508 impietate
1053 2455 1260 2494 omnes
1283 2439 1622 2511 superiores
1651 2454 1818 2510 reges
1843 2453 2083 2510 supera-

429 2527 528 2596 vit,
562 2527 1018 2584 simulacrorum
1070 2529 1234 2584 cultu
1279 2535 1338 2584 et
1367 2529 1724 2584 homicidiis.
1759 2530 1813 2583 Is
1865 2533 1924 2583 et
1953 2543 2079 2582 ma-

429 2631 610 2688 gnum
634 2615 784 2671 illud
809 2617 1020 2672 Isaiam
1039 2635 1204 2673 serra
1231 2617 1427 2691 lignea
1461 2617 1766 2683 dissecuit,
1789 2622 1846 2672 et
1872 2615 2080 2671 Hiero-

431 2704 661 2776 solyma
682 2721 889 2761 cruore
919 2706 1142 2778 injuste
1174 2706 1302 2762 fuso
1336 2707 1659 2775 inundavit,
1704 2711 1764 2763 et
1810 2705 2079 2762 colendis

431 2794 766 2850 simulacris
798 2794 946 2850 nihil
988 2797 1347 2852 Amorrhwis
1379 2797 1692 2852 concessit.
1744 2796 1944 2852 Edem
1973 2795 2076 2850 Dei

428 2883 758 2954 incestavit,
792 2885 1161 2941 constituens
1209 2886 1273 2942 in
1301 2902 1370 2942 ea
1421 2885 1894 2957 quadrifrontem
1923 2885 2078 2940 Iovis

433 2973 794 3045 imaginem;
829 2990 1022 3046 neque
1063 2975 1246 3030 ullam
1294 2975 1637 3046 haruspices
1702 2973 2076 3030 consulendi.

431 3063 718 3118 veneficia
749 3065 1041 3120 tractandi
1071 3081 1140 3120 ac
1169 3065 1428 3120 obscena
1447 3065 1658 3137 agendi
1690 3063 2082 3136 intercapedi-

431 3167 570 3206 nem
628 3151 788 3206 fecit.
831 3153 1034 3224 Itaque
1114 3153 1265 3210 irato
1325 3155 1444 3209 Deo
1495 3153 1763 3210 Ninivem
1817 3153 2080 3224 captivus

434 3240 725 3296 abductus
757 3247 847 3296 est
871 3259 904 3296 a
933 3259 1068 3314 rege
1100 3243 1447 3300 Merodacho
1475 3260 1488 3298 :
1519 3243 1620 3298 ubi
1641 3244 1702 3298 in
1731 3243 1902 3298 aereis
1923 3241 2084 3298 habi-

430 3333 526 3384 tus
549 3329 820 3394 vinculis,
847 3330 1082 3386 sincera
1102 3331 1547 3402 resispiscentia
1577 3337 1876 3386 correctus
1895 3332 2082 3386 Deum

429 3414 632 3469 oravit.
667 3415 852 3486 Cujus
886 3415 1189 3472 voluntate
1239 3435 1340 3472 rex
1372 3417 1756 3472 Merodachus
1783 3418 2083 3489 mitigatus

435 3503 765 3558 Manassem
825 3503 1291 3576 Hierosolymam
1349 3507 1593 3562 remisit.
1655 3509 1758 3563 Hic
1813 3523 2084 3562 reversus

435 3591 640 3646 omnia
700 3591 1159 3649 simulacrorum
1237 3594 1541 3650 domicilia
1609 3595 1835 3662 evertit,
1892 3595 2084 3650 eadem

437 3682 590 3738 195
650 3682 750 3737 Dei
801 3682 1076 3754 expiavit,
1154 3684 1300 3757 legis
1351 3685 1520 3757 jussa
1578 3691 1890 3741 exsecutus
1971 3691 2082 3757 est,

435 3770 713 3843 piamque
745 3777 802 3828 et
857 3773 975 3828 Deo
1006 3779 1312 3846 acceptam
1371 3775 1547 3830 vitam
1578 3791 1767 3846 usque
1798 3774 1870 3830 ad
1898 3781 2084 3831 extre-

433 3876 597 3916 mum
629 3862 904 3932 spiritum
932 3863 1226 3934 perduxit.

504 3951 788 4006 Manassae
845 3953 1099 4007 Amosus
1153 3952 1310 4008 ﬁlius
1365 3955 1651 4010 successit
1679 3970 1748 4010 ac
1771 3955 2081 4010 biennium

434 4038 719 4111 regnavit.
753 4041 832 4096 Eo
866 4045 1130 4114 tempore
1161 4042 1342 4124 Midas
1375 4044 1641 4116 Phrygias
1670 4060 1775 4098 rex
1806 4045 2079 4114 moritur,

434 4147 610 4202 quem
641 4147 814 4188 aures
845 4134 1111 4192 asininas
1144 4135 1422 4193 habuisse
1455 4137 1818 4210 perhibitum
1850 4144 1960 4195 est.

503 4299 690 4355 Josias
715 4305 846 4370 post
876 4305 1104 4372 patrem
1134 4303 1412 4358 Amosum
1467 4319 1714 4376 regnum
1760 4303 1953 4359 tenuit
1981 4319 2078 4358 an-

433 4403 545 4442 nos
574 4389 662 4455 3l,
697 4405 832 4444 cum
863 4388 923 4443 id
980 4396 1112 4444 octo
1161 4408 1354 4447 annos
1383 4397 1558 4447 natus
1607 4392 1971 4464 occepisset:
2017 4393 2079 4448 in

2195 579 2358 635 μερον
2409 560 2772 638 Ἱερουσαλὴμ
2855 561 3092 620 δονεῖται
3173 565 3264 620 καὶ
3329 563 3676 622 ἀκαταστατεῖ
3728 565 3807 626 διὰ

2189 648 2281 703 τὸν
2315 647 2644 724 περιϐόητον
2679 649 2836 716 λίθον
2862 657 3072 712 τοῦτον.
3123 653 3226 711 Καὶ
3273 652 3522 716 ἀπελθὼν
3550 651 3636 716 δὸς
3663 655 3806 710 αὐτὸν

2187 742 2268 810 τῷ
2300 737 2569 815 ἀρχιερεῖ,
2629 741 2720 796 καὶ
2781 738 2992 819 σφόδρα
3043 741 3396 813 πλουτήσεις.
3430 766 3457 795 ››
3489 745 3590 798 Του
3637 741 3691 799 δὶ
3716 745 3810 799 ἀπ-

2189 829 2498 902 ερχομένου
2554 829 2786 906 ἄγγελος
2844 831 3043 908 Κυρίου
3101 834 3219 888 εἷπε
3272 831 3408 908 πρὸς
3439 832 3527 886 τὸν
3554 832 3809 908 ἀρχιερὲαο

2190 937 2221 968 ι(
2257 919 2364 974 Νῦν
2395 916 2674 974 ἐλεύσεται
2712 918 2995 995 ἄνθρωπος
3024 921 3162 996 πρὸς
3212 921 3288 987 σὶ,
3344 921 3436 975 τὸν
3476 919 3810 978 ἀπολεσθέντα

2188 1005 2610 1085 πολυθρύλητον
2671 1010 2822 1068 λίθον
2882 1011 2942 1067 ἐκ
2995 1018 3096 1082 τῆς
3148 1008 3434 1072 διπλοῖδος
3493 1011 3694 1086 Ἀαρὼν
3721 1016 3809 1068 τοῦ

2188 1094 2490 1171 ἀρχιερέως
2551 1095 2720 1177 ἔχων.
2789 1095 2982 1155 Λαϐὼν
3045 1098 3204 1155 αὐτὸν
3269 1095 3362 1160 δὸς
3421 1103 3502 1170 τῷ
3563 1095 3806 1174 ἒνὲγκαντι

2191 1183 2350 1240 αὐτὸν
2385 1186 2611 1261 χρυσίον
2649 1186 2796 1244 πολὺ
2851 1188 2942 1244 καὶ
2998 1188 3272 1264 ἀργύριον.
3328 1190 3478 1260 Ἀμα
3509 1184 3564 1242 δέ
3593 1189 3676 1242 καὶ
3721 1189 3810 1262 ῥα-

2187 1272 2348 1334 πίσας
2383 1277 2620 1350 μετρίως
2645 1277 2786 1345 εἰπὲ,
2846 1279 2934 1347 Μὴ
2999 1273 3216 1346 δίσοαζε
3270 1275 3322 1333 ἐν
3371 1281 3440 1351 τῇ
3486 1273 3676 1348 καρδίᾳ
3701 1297 3807 1346 σου,

2191 1359 2332 1437 μηδὲ
2361 1363 2574 1420 ἀπίστει
2625 1371 2704 1440 τῷ
2762 1362 2853 1422 διὰ
2904 1373 3006 1436 τῆς
3061 1371 3280 1440 Γραφῆς
3309 1363 3544 1440 λέγοντι’
3574 1365 3634 1423 Ὀ
3661 1363 3810 1420 ἐλεῶν

2185 1453 2412 1528 πτωχὸν
2444 1449 2675 1524 δανείζει
2723 1459 2858 1528 Θεῷ.
2921 1453 3062 1512 Ἰδοὺ
3112 1453 3238 1530 γὰρ,
3297 1453 3349 1510 ἐν
3405 1459 3486 1527 τῷ
3541 1454 3630 1510 νῦν
3669 1454 3812 1508 αἰὧνι

2186 1539 2544 1616 ἐξεπλήρωσά
2599 1564 2683 1598 σοι
2741 1541 3195 1600 πολλαπλασίονα
3251 1543 3384 1615 ὗπὶρ
3443 1545 3517 1598 ὧν
3561 1539 3810 1604 ἐδάνεισάς

2191 1647 2306 1702 μοι’
2357 1632 2448 1684 καὶ
2508 1631 2554 1686 εί
2609 1631 2902 1703 πιστεύεις,
2958 1631 3114 1706 λήψῃ
3175 1631 3266 1688 καὶ
3321 1629 3376 1686 ἐν
3431 1637 3513 1704 τῷ
3569 1628 3810 1705 μέλλοντι

2187 1717 2427 1774 πλοῦτον
2461 1717 2890 1797 ἀνυπέρόλητον.
2923 1745 2952 1774 ››
2985 1722 3082 1776 Καὶ
3117 1722 3144 1776 ὁ
3179 1721 3275 1796 μὶν
3304 1719 3590 1800 ἀρχιερεὺς
3615 1721 3678 1775 τὰ
3707 1717 3812 1774 δια-

2186 1807 2489 1885 τεταγμένα
2544 1809 2720 1865 πάντα
2774 1812 3046 1880 πεποίηκε
3100 1812 3238 1885 πρὸς
3291 1811 3386 1866 τὸν
3433 1808 3705 1884 ἄνθρωπον
3734 1809 3813 1864 καὶ

2191 1893 2522 1970 λελάληκεν·
2587 1901 2616 1956 ὁ
2669 1897 2726 1956 δὲ
2780 1901 3014 1964 ἀκούσας
3059 1901 3150 1957 καὶ
3207 1897 3472 1974 ἔντρομος
3528 1901 3817 1977 γενόμενος,

2189 1987 2368 2066 πάντα
2416 1987 2574 2050 ἐάσας
2629 1989 2682 2044 ἐν
2736 1995 2820 2062 τῷ
2873 1995 2988 2063 ναῷ
3053 1989 3295 2064 ἐξῆλθεν,
3356 1989 3686 2066 εὐχαριστῶν
3739 1987 3819 2042 καί

2189 2064 2457 2131 πιστεύων
2518 2077 2699 2152 Κυρίῳ
2757 2077 2848 2133 καὶ
2907 2077 3076 2134 πάντα
3127 2079 3194 2134 τὰ
3250 2077 3302 2134 ἐν
3357 2064 3596 2152 τῇνθείᾳ
3649 2079 3819 2154 Γραφῇ

2191 2161 2610 2238 διηγορευμένα.

2263 2254 2415 2311 Μετὰ
2461 2255 2700 2326 Ἐζεκίαν
2760 2251 3078 2313 ἐϐασίλευσε
3132 2261 3426 2328 Μανασσῆς
3483 2256 3597 2317 υἱὸς
3651 2255 3821 2324 αὐτοῦ,

2188 2343 2278 2398 καὶ
2336 2340 2563 2414 ἐποίησε
2609 2347 2672 2400 τὸ
2738 2347 2976 2420 πονηρὸν
3035 2344 3265 2402 ἐνώπιον
3323 2347 3547 2422 Κυρίου,
3593 2343 3678 2398 καὶ
3730 2343 3823 2398 ἄπ-

2188 2431 2336 2494 ἐθανε
2380 2430 2704 2505 βασιλεύσας
2763 2427 2858 2506 ἔτη
2919 2435 3014 2489 vs“
3073 2435 3135 2496 ’ὸς
3190 2435 3652 2510 παρανομώτατος
3701 2431 3819 2506 ὑπὲρ

2187 2516 2393 2578 πάντας
2419 2520 2544 2582 τοὺς
2593 2517 2896 2596 ἔμπροσθεν
2960 2520 3209 2598 βασιλεῖς
3267 2521 3532 2599 ὑπάρχων
3560 2519 3644 2577 ἐπὶ
3675 2518 3824 2574 εἴδω-

2189 2605 2429 2682 λομανίᾳ
2467 2631 2526 2666 τε
2573 2611 2664 2666 καὶ
2718 2611 3144 2688 αἰματεκχυσίᾳ,
3175 2613 3266 2669 καὶ
3294 2613 3390 2668 τὸν
3437 2612 3594 2686 μέγαν
3621 2610 3818 2668 Ἦσαῖαν

2187 2696 2382 2772 πρίστις
2413 2697 2616 2773 ξυλίνῳ
2645 2701 2850 2770 πριόνι,
2900 2701 2990 2758 καὶ
3045 2703 3146 2771 τήν
3203 2699 3570 2779 Ἰερουσαλήμ.
3598 2701 3821 2773 αἱμάτων

2187 2784 2390 2841 ἀδίκων
2451 2786 2776 2862 πληρώσας,
2833 2789 2944 2866 οὐχ
3007 2791 3170 2858 ἧττον
3237 2787 3679 2864 είδωλολάτρησε
3727 2790 3822 2843 τῶν

2189 2877 2559 2954 Ἀμορῥαίων.
2621 2879 2720 2938 Καὶ
2775 2882 2868 2937 τὸν
2944 2885 3094 2938 οἷκον
3183 2883 3388 2960 Κυρίου
3445 2879 3824 2956 καταμολύνας,

2188 2967 2280 3023 καὶ
2322 2969 2781 3044 τετραπρόσωπον
2839 2968 3074 3028 εἷ’δωλον
3133 2977 3230 3028 τοῦ
3287 2973 3416 3037 Διὸς
3449 2973 3500 3029 ἐν
3535 2970 3678 3043 αύτῷ
3705 2969 3826 3038 στή-

2189 3075 2304 3125 σας,
2339 3055 2402 3110 οὐ
2460 3053 2704 3113 διέλιπεν
2763 3058 3153 3134 οἰωνιζόμενος
3207 3061 3298 3116 καὶ
3357 3058 3716 3139 φαρμακεύων
3743 3055 3826 3110 καὶ

2197 3143 2602 3220 αἱσχρουργῶν.
2637 3147 2731 3202 Διὸ
2779 3147 2869 3203 καὶ
2921 3149 3056 3204 κατὰ
3113 3149 3257 3204 θείαν
3312 3149 3489 3226 ὀργήν
3519 3147 3730 3222 δέσμιος
3755 3143 3823 3204 εἰς

2199 3235 2388 3291 Νινευῒ
2413 3233 2643 3312 ἀπήχθη
2680 3236 2784 3292 ὑπὸ
2813 3234 3076 3316 Μαροδὶχ
3121 3236 3420 3314 βασιλέως·
3469 3237 3558 3294 καὶ
3605 3235 3820 3316 χαλκοῖς

2191 3318 2416 3396 δεσμοῖς
2473 3319 2828 3396 ὑποϐληθεῖς,
2875 3323 2945 3381 δι’
2997 3325 3328 3402 εἰλικρινοῦς
3380 3325 3666 3402 μετανοίας
3709 3320 3822 3391 δεη-

2195 3411 2303 3473 Θεῗς
2331 3416 2432 3466 τοῦ
2464 3416 2620 3483 Θεοῦ,
2664 3415 2756 3470 τὸν
2809 3413 3036 3490 βασιλέα
3081 3416 3341 3493 ἠγάθυνε,
3387 3419 3482 3472 καὶ
3533 3415 3609 3476 εἰς
3639 3415 3819 3486 Ἰερου-

2190 3496 2380 3572 σαλὴμ
2435 3499 2592 3555 αὐτὸν
2649 3500 2965 3577 ἐξέπεμψεν.
3022 3505 3122 3565 ’ος
3162 3503 3481 3569 ἐπανελθὼν
3539 3506 3703 3558 πᾶσαν
3733 3496 3819 3571 μὶν

2187 3588 2550 3662 κατὲστμεψεν
2617 3587 2913 3662 εἷδωλικήν
2987 3595 3215 3664 σκηνὴν,
3287 3596 3352 3650 τὸ
3435 3593 3493 3650 δὲ
3549 3591 3685 3666 ἱερὸν
3733 3581 3819 3642 τοῧ

2188 3680 2321 3732 Θεοῦ
2375 3677 2560 3752 ῧγνισε
2611 3682 2703 3734 καί
2759 3680 2852 3736 τὸν
2929 3683 3100 3756 νόμον
3159 3680 3390 3761 ἐφύλαξε
3457 3684 3546 3739 καὶ
3605 3671 3818 3737 εὐσεϐῶς

2189 3759 2410 3821 ἐϐίωσεν
2471 3767 2810 3843 εὐχαριστῶν
2858 3773 2938 3842 τῷ
2987 3775 3104 3844 Θεῷ
3162 3759 3298 3850 ἄχρι
3350 3770 3663 3831 τελευταίας
3704 3765 3820 3822 ἀνα·

2186 3856 2360 3920 πνοῆς
2389 3853 2574 3912 αὐτοῦ.
3766 3875 3769 3877 ’

2255 3943 2402 3999 Μετὰ
2452 3940 2510 3999 δὶ
2556 3946 2849 4016 Μανασσῆν
2901 3941 3246 4004 ἐϐασίλευσεν
3291 3950 3485 4024 Ἀμὼς
3529 3947 3643 4009 υἱός
3669 3943 3818 4000 αὐτοῦ

2184 4029 2276 4105 ἔτη
2312 4030 2428 4090 δύο.
2457 4035 2609 4092 Κατὰ
2661 4037 2890 4100 τούτους
2947 4038 3077 4104 τοὺς
3137 4039 3373 4116 χρόνους
3422 4039 3598 4102 Μίδας
3625 4038 3652 4092 ὁ
3683 4041 3820 4108 Φρυ-

2183 4122 2306 4198 γίας
2360 4119 2618 4197 βασιλεὺς
2672 4122 3041 4198 ἐτελεύτησεν,
3098 4129 3185 4202 [Ρ.
3229 4131 3352 4204 Hi]
3414 4131 3596 4186 ὅντινα
3651 4117 3822 4194 ι’λεγον

2186 4207 2299 4264 ὦτα
2329 4207 2474 4286 ἔχειν
2507 4205 2656 4268 ὄνου.

2257 4309 2468 4372 Ἰωσίας
2534 4310 2626 4366 τὸν
2689 4312 2894 4384 πατέρα
2958 4315 3144 4389 Ἀμὼς
3221 4313 3602 4392 διαδεξάμενος
3676 4311 3820 4365 ὀκτα·

2185 4398 2310 4466 ετῆς
2389 4395 2846 4484 ἀντιλαμϐάνεται
2904 4409 3005 4473 τῆς
3090 4404 3292 4482 ἀρχῆς,
3355 4403 3676 4484 βασίλεύσας
3730 4392 3816 4462 ἔτη

434 4474 592 4530 bello
625 4475 837 4542 sagitta
857 4477 1010 4532 ictus
1046 4479 1238 4549 periit.
1263 4481 1406 4535 Nam
1432 4497 1531 4535 rex
1553 4482 1776 4553 Egypti
1806 4482 2078 4538 Necheuo

2192 4487 2474 4562 τριάκοντα
2529 4483 2608 4544 ἓν.
2668 4489 2773 4547 Καὶ
2830 4474 3474 4566 ἐτελεύτησεῃτοξευθεὲς
3500 4495 3550 4551 ἐν
3579 4487 3815 4560 πολέμῳ.

433 4563 694 4636 Assyriis
724 4564 949 4621 bellum
981 4583 1114 4620 cum
1150 4567 1404 4626 fecisset.
1441 4569 1533 4624 his
1564 4571 1752 4625 Josias
1788 4571 2078 4627 auxilium

2192 4575 2247 4632 ’0
2304 4574 2406 4652 γὰρ
2494 4575 2721 4635 Νεχευὼ
2811 4563 3138 4654 βασιλεύσας
3195 4563 3478 4658 Αἰγύπτου
3533 4578 3665 4639 κατᾶ
3717 4575 3814 4630 τῶν

432 4653 588 4709 ferre
617 4654 862 4709 studuit.
891 4655 1052 4720 Inde,
1087 4662 1151 4710 ut
1186 4657 1398 4713 Esdras
1429 4666 1739 4726 memorat,
1765 4677 1868 4716 rex
1903 4663 2074 4734 [Egy-

434 4742 520 4813 pti
549 4743 768 4798 Josiam
803 4743 884 4799 ita
915 4751 1003 4799 est
1027 4737 1276 4800 aﬂ'atus':
1305 4769 1332 4796 «
1365 4748 1515 4812 Quid
1567 4749 1714 4803 mihi
1749 4754 1942 4805 tecum
1991 4751 2075 4806 rei

435 4837 546 4898 est,
579 4848 612 4886 ο
671 4847 770 4887 rex
800 4833 1060 4890 Judmm?
1104 4836 1229 4890 Non
1285 4843 1494 4892 contra
1523 4843 1580 4892 te
1637 4839 1852 4894 missus
1885 4856 2016 4894 sum
2043 4855 2078 4894 a

432 4921 574 4992 Deo,
607 4921 711 4977 sed
731 4923 1114 4994 Euphrataeos
1134 4925 1291 4980 bello
1323 4927 1634 4997 petiturus.
1659 4929 1729 4982 Et
1758 4945 1898 4984 sane
1933 4929 2076 4984 mihi

435 5011 588 5066 Deus
617 5009 823 5066 adest:
883 5018 946 5068 tu
1000 5013 1199 5084 itaque
1255 5015 1495 5072 desiste.
1545 5032 1740 5086 neque
1798 5017 1882 5070 illi
1915 5018 2078 5073 reln-

433 5105 611 5154 ctare.
648 5123 675 5150 »
707 5101 818 5158 Sed
849 5102 1037 5158 Josias
1066 5119 1200 5158 eum
1235 5104 1480 5160 missum
1515 5120 1636 5160 non
1683 5105 1843 5174 fecit,
1874 5123 2076 5162 verum

433 5189 494 5243 in
525 5206 732 5261 campo
763 5191 950 5246 aciem
981 5199 1190 5247 contra
1211 5208 1345 5247 eum
1369 5193 1649 5248 instruxit
1673 5195 1952 5250 adversus
1976 5197 2078 5252 Dei

433 5280 808 5334 sententiam.
843 5282 991 5353 Ergo
1047 5281 1120 5336 ab
1167 5281 1436 5336 hostibus
1493 5284 1704 5354 sagitta
1763 5301 2078 5354 percussus

431 5364 724 5420 ministris
745 5368 929 5436 jussit
956 5374 1023 5424 ut
1060 5386 1122 5424 se
1152 5370 1310 5440 gravi
1341 5370 1543 5426 dolore
1574 5373 1849 5428 aﬂ‘ectum
1872 5373 2076 5445 prmlio

430 5451 788 5521 educerent;
823 5458 1140 5529 statimque
1167 5459 1575 5531 Hierosolyma
1606 5477 1876 5518 reversus
1919 5480 2075 5518 mor-

427 5546 548 5596 tem
579 5542 746 5598 obiit.
781 5546 1050 5614 Magnum
1082 5549 1210 5619 ejus
1243 5565 1402 5604 mors
1435 5548 1655 5604 luctum
1682 5567 1787 5622 per
1814 5551 2076 5607 Judaeam

425 5635 610 5687 totam
645 5633 936 5701 excitavit,
970 5651 1224 5706 eumque
1253 5637 1510 5692 maxime
1539 5639 1827 5694 Jeremias
1856 5640 2080 5697 lamen-

2187 4663 2485 4736 Ἀσσυρίων
2548 4663 2916 4740 ἐστράτευσεν,
2975 4667 3331 4746 ἐπικουρῆσαι
3401 4670 3460 4730 δέ
3513 4677 3630 4732 τοῖς
3703 4664 3822 4718 Ἀσ·

2183 4751 2392 4828 συρίοις
2467 4753 2626 4816 οὗτος
2703 4753 3049 4828 ἐσπούδαζεν.
3125 4761 3284 4819 Ὅθεν
3361 4763 3524 4840 φησὶν
3579 4751 3816 4827 "ll-353?“.

2187 4864 2215 4893 ί(
2247 4842 2350 4899 Καὶ
2413 4843 2562 4898 εἶπεν
2625 4845 2652 4899 ὁ
2715 4843 2974 4920 βασιλεὺς
3028 4849 3305 4925 Αἰγύπτου
3343 4853 3481 4926 πρὸς
3511 4845 3726 4907 Ἰωσίαν
3755 4842 3816 4926 τί

2183 4929 2309 5004 ἐμοὶ
2337 4931 2428 4987 καὶ
2481 4933 2588 5002 σοὶ,
2627 4931 2852 5009 βασιλεῦ
2911 4944 3012 5006 τῆς
3071 4935 3338 5002 Ἰουδαίας
3363 4925 3394 5008 ;ν
3439 4937 3580 5016 Οὐχὶ
3608 4932 3736 5008 πρὸς
3761 4925 3814 4982 σὶ

2185 5017 2586 5094 ἐξαπέσταλμαι
2644 5023 2790 5098 παρὰ
2849 5027 3054 5100 Κυρίου
3109 5031 3242 5082 Θεοῦ
3298 5029 3524 5098 ποιῆσαι
3565 5021 3813 5092 πόλεμον,

2185 5105 2313 5164 ἀλλ’
2371 5109 2460 5164 ἐπὶ
2509 5114 2606 5166 τοῦ
2663 5111 2964 5191 Εὐφράτου.
3025 5116 3125 5171 Καὶ
3185 5119 3278 5170 νῦν
3319 5117 3521 5192 Κύριος
3551 5112 3663 5188 μετ’
3690 5103 3813 5179 ἐμοῦ

2186 5199 2343 5256 ἐστίν.
2403 5198 2724 5270 ’Λπόστηθι,
2779 5201 2870 5256 καὶ
2929 5206 3004 5278 μή
3071 5203 3392 5262 ἐναντιούτω
3439 5211 3518 5279 τῷ
3563 5197 3753 5273 Κυρίῳ·
3785 5211 3810 5242 ’³

2186 5288 2287 5345 Καὶ
2347 5286 2446 5342 οὐκ
2502 5288 2825 5362 ἀπέστρεψεν
2880 5289 2974 5344 ἀπ’
3019 5292 3184 5347 αὐτοῦ
3242 5293 3471 5365 Ἰωσίας,
3520 5289 3662 5348 ἀλλὰ
3705 5298 3813 5336 συν⁹

2186 5379 2450 5447 εστήσατο
2505 5377 2643 5448 πρὸς
2699 5378 2873 5434 αύτὸντ
2927 5379 3173 5452 πόλεμον
3228 5381 3282 5436 ἐν
3329 5387 3410 5454 τῷ
3462 5379 3628 5451 πεδίῳ
3680 5365 3812 5442 ’παρὰ

2186 5465 2412 5542 γνώμην
2459 5469 2613 5520 Θεοῦ.
2695 5467 2799 5522 Καὶ
2865 5469 3131 5540 τοξευθείς
3217 5467 3320 5524 ὕπὸ
3389 5476 3494 5526 τῶν
3544 5455 3806 5533 πολεμίων

2187 5556 2306 5609 εἷπε
2334 5559 2450 5616 τοῖς
2501 5554 2684 5609 παισὶν
2737 5554 2919 5610 αὐτοῦ·
2983 5581 3010 5608 ‹‹
3043 5557 3368 5634 Ἐξαγάγετὲ
3397 5581 3484 5633 με,
3515 5557 3596 5614 ὅτι
3625 5543 3814 5634 σφόδρα

2189 5639 2470 5716 ὀδυνῶμαι
2527 5665 2554 5693 ››
2617 5642 2722 5699 Καὶ
2781 5642 2979 5706 εύθέως
3037 5643 3474 5722 ἀποστρέψαντος
3527 5641 3684 5700 αὐτοῦ
3745 5629 3847 5706 εἷς,
