4118 6284
293 375 416 436 229

297 507 675 585 Ἰερουσαλὴμ
730 505 825 562 καὶ
891 505 985 562 τὸν

299 599 497 661 πένθος
532 596 671 673 μέγα
699 597 839 651 κατὰ
877 599 1050 650 πᾶσαν
1092 596 1192 664 τὴν
1253 590 1546 664 Ἰουδαίαν,
1601 592 1689 648 καὶ
1755 590 1970 666 μᾶλλον

304 688 572 762 Ἱερεμίας
603 687 879 762 ἐθρήνησε
908 685 1044 760 ὑπὲρ
1089 683 1324 740 Ἰωσίου.
1381 684 1467 740 Ἐν
1518 686 1597 754 τῷ
1650 682 1722 752 ιη¹
1777 678 1973 736 τούτου

308 776 417 832 ἔτει
448 776 618 852 εύρηὼν
654 777 682 831 ὁ
712 775 889 850 ἱερεὺς
929 771 1163 834 Χελκίας
1212 772 1264 828 ἐν
1324 776 1401 845 τῷ
1442 773 1572 847 ἱερῷ
1630 765 1850 846 βιϐλίον
1894 769 1976 843 (ὃς

314 867 385 936 ἦν
417 867 595 940 πατὴρ
641 863 912 940 Ἰερεμίου
971 867 1066 918 τοῦ
1123 863 1432 941 προφήτου)
1491 859 1848 937 προσκομίζει
1897 862 1977 930 τῷ

318 956 562 1031 βασιλεῖ.
611 955 676 1012 Ὀ
734 950 813 1023 δὲ,
877 947 1114 1022 εὐλαϐής
1171 948 1245 1005 ὢν
1301 949 1390 1006 καὶ
1434 946 1773 1010 δικαιότατος
1842 947 1974 1022 ὑπὶρ

315 1045 448 1106 τοὺς
481 1037 783 1117 ἔμπροσθεν
817 1039 979 1095 αὐτοῦ
1030 1035 1298 1115 βασιλεῖς,
1359 1036 1458 1092 οὐκ
1526 1034 1793 1107 ἠθέλησεν
1845 1034 1978 1090 ἀνα-

317 1137 521 1209 γνῶναι
580 1131 730 1187 αύτό.
786 1131 1020 1206 Ἀνέγνω
1075 1127 1257 1184 τοίνυν
1325 1126 1454 1183 αὐτὸ
1523 1127 1552 1181 ὁ
1625 1123 1824 1200 ἱερεὺς,
1884 1121 1975 1178 καὶ

314 1217 558 1277 ἔκλαυσε
587 1226 692 1284 πᾶς
740 1221 768 1274 ὁ
832 1218 986 1281 λαός.
1046 1219 1108 1276 '0
1165 1214 1223 1271 δὲ
1274 1217 1447 1291 ἱερεὺς
1515 1212 1629 1287 ἅμα
1681 1218 1761 1286 τῷ
1815 1215 1979 1267 τοῦτο

326 1309 632 1385 ἀναγνῶναι
701 1306 1129 1383 διαπεφώνηκεν.
1160 1307 1218 1359 Ὀ
1249 1302 1306 1360 δὲ
1338 1302 1593 1381 βασιλεὺς
1662 1302 1782 1357 Αίαν
1850 1300 1980 1356 ἀθυ-

333 1401 540 1470 μήσας,
602 1395 757 1462 εἰδὼς
813 1394 866 1451 ἐν
918 1395 1202 1456 τοσούτοις
1275 1388 1412 1448 ἔτεσι
1495 1391 1978 1465 καταπατούμενον

323 1487 421 1541 τὸν
455 1486 625 1560 νόμον
666 1486 887 1560 Κυρίου,
946 1485 1012 1541 τὰ
1068 1483 1263 1558 ἱμάτια
1322 1479 1612 1557 διαρῥήξας
1649 1480 1741 1535 καὶ
1798 1474 1981 1555 ἔμφο-

322 1571 427 1636 ϐος
459 1574 751 1650 γενόμενος
783 1572 1068 1630 ἀπέστειλε
1116 1573 1252 1647 πρὸς
1310 1567 1507 1629 Ὀλδὰν
1547 1572 1645 1639 τὴν
1689 1567 1982 1642 προφῆτιν⁹

324 1665 735 1737 πυνθανόμενος
788 1663 841 1719 τί
900 1663 1156 1739 βούλεται
1217 1661 1420 1737 Κύριος
1476 1660 1601 1734 περί
1669 1658 1833 1714 αὐτοῦ
1889 1678 1980 1713 και

315 1754 529 1816 παντὸς
556 1758 654 1809 τοῦ
687 1752 843 1812 λαοῦ.
898 1753 962 1810 Ἦ
1002 1749 1060 1807 δὲ
1102 1749 1253 1829 φησί’
1310 1746 1509 1806 «Τάδε
1560 1749 1706 1824 λέγει
1753 1746 1975 1823 Κύριος·

1434 368 1974 434 ειετοιιιΑιιυκ
2018 367 2560 457 COMPENDIUM.

1081 501 1198 579 βίον
1258 502 1699 576 μεταλλάξαντος
1768 499 1971 578 ἐγένετο

2091 507 2245 559 tatus
2276 509 2382 561 est.
2425 506 2597 560 Anno
2644 502 2820 559 Josias
2870 519 3052 576 supra
3110 502 3410 560 decimum
3454 509 3724 562 octavum

3605 375 3726 435 230

2075 591 2307 648 Chlcias
2341 592 2638 662 sacerdos,
2673 593 2774 664 qui
2805 593 2950 648 vatis
2980 594 3249 649 Jeremiaa
3281 594 3413 663 fuit,
3445 601 3614 667 pater
3658 595 3722 650 in

2078 682 2299 754 templo
2349 682 2568 738 librum
2601 682 2849 749 invenit,
2885 699 3138 754 eumque
3167 683 3239 738 ad
3269 699 3468 756 regem
3498 685 3714 739 attulit.

2078 771 2330 843 Rex.qui
2362 771 2580 843 pietate
2614 778 2671 826 et
2694 770 2930 842 justitia
2963 773 3190 843 priores
3221 789 3387 845 reges
3418 774 3590 846 longe
3625 790 3725 829 au-

2078 860 2393 926 tecederet,
2428 862 2582 916 196
2604 861 2798 916 noluit
2825 860 2951 932 ipse
2983 860 3489 932 legere.Sacerdos
3521 864 3723 935 itaque

2081 950 2365 1017 recitavit,
2400 949 2675 1021 ﬂevitque
2724 949 3036 1005 universus
3083 950 3359 1021 populus.
3411 951 3716 1019 Sacerdos,

2080 1045 2145 1094 ut
2173 1040 2432 1111 primum
2466 1039 2699 1111 legendi
2725 1039 2859 1094 finis
2890 1038 3080 1094 factus
3111 1039 3557 1106 est,clamorem
3590 1058 3720 1097 sus-

2082 1128 2236 1184 tulit.
2271 1130 2392 1184 Rex
2423 1134 2621 1184 autem
2656 1128 2883 1201 ingenti
2938 1128 3143 1183 dolore
3174 1128 3505 1200 perculsus,
3565 1129 3723 1202 quod

2080 1216 2556 1290 deprehenderet
2585 1224 2667 1273 tot
2719 1234 2905 1273 annos
2937 1217 3127 1289 legem
3172 1218 3273 1272 Dei
3304 1218 3720 1273 conculcatam

2084 1306 2286 1371 fuisse,
2321 1313 2509 1362 vestes
2542 1324 2679 1362 suas
2710 1306 3024 1373 laceravit;
3049 1307 3422 1379 graviterque
3452 1313 3723 1362 metuens

2084 1395 2227 1451 nisit
2255 1396 2355 1466 qui
2388 1395 2597 1452 Oldam
2629 1396 2940 1451 mulierem
2971 1389 3272 1451 fatidicam
3321 1396 3723 1463 consulerent,

2087 1482 2375 1555 quidnam
2407 1501 2442 1540 a
2471 1500 2605 1557 rege
2636 1502 2703 1540 ac
2726 1489 2847 1539 toto
2869 1482 3087 1557 populo
3111 1486 3263 1540 Deus
3286 1485 3725 1555 requireret.Ea

2084 1573 2394 1645 respondit
2449 1573 2532 1628 sic
2565 1574 2675 1629 fari
2731 1574 2964 1628 Deum:
3014 1595 3039 1622 ‹‹
3094 1572 3584 1643 Quandoquidem
3626 1590 3727 1629 cor

2084 1668 2254 1718 tuum
2287 1663 2619 1718 emollitum
2653 1668 2759 1718 est.
2797 1680 2977 1734 esque
3009 1680 3103 1718 me
3129 1663 3587 1729 reveritus,cum
3620 1680 3724 1720 au-

2086 1752 2238 1809 dires
2270 1769 2361 1808 me
2390 1752 2773 1824 pronuntiare
2806 1752 2964 1808 hunc
3002 1753 3197 1808 locum
3231 1758 3289 1807 et
3317 1752 3446 1824 ejus
3496 1753 3726 1808 incolas

320 1844 474 1906 ’Ave’
507 1845 580 1897 ὧν
613 1840 904 1913 ἠπαλύνθη
960 1861 1056 1895 σου
1086 1843 1121 1910 ἡ
1152 1837 1347 1915 καρδία
1392 1838 1484 1893 καὶ
1528 1836 1820 1913 ἐνετράπης
1871 1835 1976 1890 ἀπὸ

2091 1841 2539 1912 pessumdatum
2570 1847 2747 1913 atque
2779 1841 3169 1897 exsecrationi
3202 1841 3525 1897 obnoxium
3557 1842 3727 1907 iri,ac

319 1931 626 2006 προσώπου
681 1953 809 2004 μου,
869 1930 945 1992 ὡς
1003 1931 1241 1998 ἤκουσας
1308 1927 1389 1983 ὅτι
1449 1925 1698 1997 ἐλάλησα
1746 1923 1834 1981 ἐπὶ
1882 1926 1975 1980 τὸν

315 2042 493 2076 τοπον
518 2024 710 2076 τοῦτον
749 2020 840 2074 καὶ
898 2020 1025 2080 τοὺς
1087 2018 1423 2080 ἐνοικοῦντας
1473 2016 1656 2086 αὐτὸν,
1708 2019 1805 2070 τοῦ
1845 2015 1979 2070 εἶναι

320 2109 403 2173 εἷς
456 2108 762 2187 ἀφανισμὸν
822 2109 910 2163 καὶ
970 2108 1044 2169 εἷς
1109 2106 1370 2182 κατάραν,
1431 2105 1519 2161 καὶ
1577 2102 1862 2180 διὲῤῥηξας
1914 2104 1981 2157 τὰ

323 2199 527 2272 ἱμάτιά
566 2219 663 2253 σου
693 2199 782 2253 καὶ
813 2192 1076 2259 ἔκλαυσας
1118 2196 1352 2251 ἐνώπιόν
1405 2216 1533 2269 μου,
1584 2190 1702 2249 ἰδοὺ
1753 2192 1981 2269 προστί-

326 2288 472 2360 θημί
504 2308 561 2340 σε
589 2287 725 2363 πρὸς
754 2285 881 2349 τοὺς
923 2283 1155 2361 πατέρας
1213 2306 1310 2339 σου
1368 2283 1419 2338 ἐν
1470 2283 1682 2359 εἰρήνῃ,
1739 2283 1831 2337 καὶ
1882 2281 1983 2337 ούκ

327 2372 455 2449 ὄψει
487 2380 615 2431 πᾶσι
654 2380 772 2436 τοῖς
802 2380 992 2436 κακοῖς
1025 2374 1111 2437 οἷς
1146 2373 1326 2444 ἐπάξω
1363 2371 1449 2428 ἐπὶ
1498 2373 1590 2427 τὸν
1645 2372 1811 2427 τόπον
1850 2373 1984 2425 τοῦ·

321 2486 419 2520 τον
450 2463 702 2526 καὶτοὺς
735 2464 1073 2525 ἐνοικοῦντας
1123 2463 1304 2534 αὐτὸν,
1360 2466 1458 2517 τοῦ
1516 2460 1649 2515 εἶναι
1710 2459 1786 2522 εἰς
1842 2459 1983 2536 ἀφα-

326 2555 548 2628 νισμόν.
586 2576 610 2607 ι
644 2554 802 2611 ’Όθεν
836 2552 995 2626 ζήλῳ
1025 2551 1160 2626 θοίῳ
1216 2551 1538 2625 κινούμενος
1572 2550 1633 2605 ού
1701 2550 1869 2625 μόνον
1916 2549 1984 2605 τὰ

320 2646 615 2718 πανταχοῦ
641 2640 847 2697 εἳδωλά
887 2663 946 2697 τε
1002 2643 1089 2696 καὶ
1153 2636 1462 2713 σεϐάσματα
1518 2640 1871 2715 κατέστρεψεν
1924 2638 1984 2695 ἐκ

322 2734 573 2808 βάθρων,
617 2731 765 2787 ἀλλὰ
812 2731 895 2786 κνὶ
942 2730 1069 2793 τοὺς
1112 2728 1517 2805 είδωλολάτρας
1568 2728 1696 2791 τοὺς
1748 2729 1845 2804 μὲν
1903 2724 1979 2784 ἔτι

323 2827 534 2892 ζῶντας
570 2821 901 2894 ὠλόθρευσε,
930 2821 1057 2882 τοὺς
1087 2817 1143 2875 δὲ
1168 2817 1277 2891 ἤδη
1303 2819 1626 2890 τεθνηκότας
1660 2820 1711 2874 ἐν
1742 2824 1860 2883 τοῖς
1886 2818 1985 2874 τά-

320 2931 446 2986 φοις
489 2908 807 2966 κατέκαυσε.
848 2910 947 2964 Καὶ
978 2907 1180 2984 ἐπάρας
1228 2909 1355 2969 τοὺς
1394 2907 1707 2987 ὀφςαλβοὺς
1751 2907 1839 2963 ἐπὶ
1888 2908 1980 2963 τὸν

322 3001 493 3076 τάφον
523 3003 627 3054 τοῦ
656 2998 943 3072 ἀνθρώπου
972 3003 1073 3053 τοῦ
1104 3002 1241 3053 Θεοῦ
1273 2998 1411 3053 εἴπεο
1450 3021 1476 3049 ‹‹
1509 2998 1575 3056 Τί
1603 2999 1666 3053 τὸ
1716 2997 1985 3053 σκόπελον

324 3087 525 3161 ἐκεῖνό,
559 3087 592 3143 ὅ
622 3087 733 3165 ἐγὼ
768 3084 999 3163 βλέπω;
1033 3110 1060 3139 n
1093 3087 1194 3145 Καὶ
1228 3088 1384 3164 φασὶν
1413 3088 1465 3143 ol
1515 3085 1704 3162 ἄνδρες
1736 3094 1834 3158 τῆς
1874 3087 1984 3143 πό·

326 3176 488 3240 λεως·
528 3202 557 3227 ‹‹
596 3177 658 3235 Ὀ
691 3177 977 3253 ἅνθρωπος
1006 3180 1102 3232 τοῦ
1132 3179 1266 3232 Θεοῦ
1320 3176 1482 3247 ἐστιν,
1528 3177 1555 3232 ὁ
1605 3176 1984 3255 προφητεύσας

332 3267 456 3328 τους
483 3266 693 3342 λόγους
739 3267 968 3328 τούτους
1028 3264 1117 3321 ἐπὶ
1157 3267 1219 3321 τὸ
1286 3269 1669 3340 θυσιαστήριον
1720 3265 1918 3337 Βεθήλ.
1949 3289 1981 3320 ››

348 3356 446 3409 Καὶ
475 3356 631 3410 εἶπεν·
697 3381 723 3408 ‹‹
760 3357 959 3434 Ἅφετε
1022 3355 1205 3410 αὐτόν’
1253 3353 1449 3427 μηδεές
1490 3357 1684 3430 κινήσῃ
1739 3356 1804 3409 τὰ
1855 3354 1983 3411 ὀστᾶ

345 3444 577 3501 αὐτοῦ.»
629 3446 731 3503 Kul
794 3448 978 3519 μέντοι
1038 3443 1129 3498 καὶ
1183 3442 1310 3505 τοὺς
1367 3442 1836 3520 ἐγγαστριμύθους
1892 3443 1984 3499 καὶ

336 3533 455 3595 τοὺς
510 3532 969 3614 ψευδοπροφήτας
1036 3534 1125 3589 καὶ
1184 3538 1286 3588 πᾶν
1346 3530 1631 3608 βδέλυγμα
1679 3533 1768 3588 καὶ
1810 3553 1980 3607 προσο

329 3623 572 3697 όχθισμα
629 3626 715 3699 [Ρ.
779 3625 903 3697 H2]
966 3622 1018 3678 ἐν
1088 3620 1454 3699 Ἰερουσαλὴμ
1509 3622 1687 3698 ἐξῆρε
1745 3621 1835 3678 καὶ
1888 3620 1981 3677 ἐπ·

325 3711 575 3787 ἐστερεψε
603 3713 741 3788 πρὸς
782 3713 979 3787 Κύριον
1014 3713 1065 3767 ἐν
1095 3709 1200 3787 ὅλῃ
1234 3708 1428 3787 καρδίᾳ
1457 3711 1547 3766 καὶ
1601 3711 1759 3787 ἰσχύϊ
1808 3711 1897 3767 καὶ
1929 3710 1981 3767 ἐν

324 3801 429 3873 ὅλη
465 3806 625 3878 ψυχῇ
658 3803 823 3858 αὐτοῦ
851 3802 988 3858 κατὰ
1024 3802 1115 3857 τὸν
1172 3801 1339 3876 νόμον
1404 3800 1698 3865 Μωϋσὲως.
1762 3802 1854 3857 Διὸ
1912 3800 1980 3871 δὴ

325 3891 415 3945 καὶ
473 3893 539 3946 τὸ
609 3892 804 3966 Πάσχα
858 3890 1105 3946 τοιοῦτον
1162 3890 1416 3962 ἐποίησεν
1477 3893 1590 3946 οἷον
1646 3890 1707 3946 οὐ
1764 3892 1979 3966 γέγονεν

324 3979 433 4035 ἀπὸ
488 3979 712 4055 χρόνων
765 3982 948 4050 Ἰησοῦ
993 3979 1089 4034 τοῦ
1145 3985 1294 4048 Ναυῆ
1355 3978 1446 4034 καὶ
1504 3977 1794 4052 Σαμουήλ⁶
1855 3978 1983 4054 ἐνῷ

327 4067 463 4142 βόας
500 4069 597 4142 μὲν
627 4065 779 4124 ἔθυσε
819 4065 1080 4143 χιλιάδας
1134 4068 1225 4143 ιβ’,
1264 4062 1514 4143 πρόϐατα
1561 4064 1822 4143 χιλιάδας
1869 4066 1979 4139 λη’,

328 4158 425 4213 Καὶ
480 4159 850 4233 κατωρθώθη,
908 4180 1063 4237 φησι,
1118 4159 1183 4215 τὰ
1259 4154 1392 4236 ἔργα
1473 4157 1687 4215 Ἰωσίου
1744 4156 1980 4214 ἐναντίον

326 4247 560 4321 Κυρίου,
603 4247 656 4303 ἐν
686 4245 883 4320 καρδίᾳ
909 4247 1111 4324 πλήρει
1141 4242 1436 4309 εὐσεϐείας
1494 4248 1583 4302 καὶ
1637 4248 1742 4323 γὰρ
1788 4249 1982 4321 ὅμοιος

327 4338 479 4408 αὐτῷ
513 4335 613 4391 οὒκ
642 4334 899 4411 ἐγεννήθη
934 4335 1234 4412 ἔμπροσθεν
1272 4336 1458 4405 αὐτοῦ,
1509 4337 1598 4391 καὶ
1648 4336 1747 4392 οὐκ
1790 4337 1980 4408 ἀνέστη

324 4421 524 4497 ὅμοιος
584 4425 771 4482 αὐτοῦ.
861 4426 1012 4495 [Ιλήν
1071 4428 1179 4481 οὐκ
1233 4425 1548 4501 ἀπεστράφη
1613 4427 1814 4500 Κύριος
1875 4426 1983 4481 ἀπὸ

2088 1931 2324 2003 quando
2348 1937 2665 2003 prOpterea
2689 1932 2889 1986 scissis
2922 1931 3178 1985 vestibus
3202 1948 3400 1986 coram
3424 1948 3517 1985 me
3543 1930 3731 2004 lacry-

2089 2036 2215 2075 mas
2247 2020 2470 2085 fudisti,
2495 2019 2627 2074 ideo
2656 2036 2728 2074 en
2762 2036 2865 2091 ego
2899 2025 2953 2074 te
2984 2020 3045 2073 in
3078 2036 3218 2089 pace
3246 2020 3396 2074 mori
3433 2020 3727 2087 sinam,ne

2089 2109 2423 2181 conspicias
2451 2108 2817 2164 calamitates
2849 2126 2994 2179 quas
3026 2124 3127 2181 ego
3177 2109 3314 2164 huic
3345 2109 3475 2164 loco
3509 2115 3567 2163 et
3597 2112 3725 2178 ejus

2088 2197 2524 2253 habitatoribus
2555 2196 2841 2269 inﬂigam,
2873 2198 2959 2252 uti
2992 2214 3091 2252 eos
3116 2197 3408 2253 aboleam.
3442 2197 3490 2231 δυ
3524 2218 3549 2248 »ι
3583 2196 3725 2252 Inde

2088 2285 2276 2341 Josias
2306 2285 2502 2341 divino
2533 2285 2758 2340 fervore
2789 2286 2974 2340 animi
3008 2286 3326 2342 instinctus
3378 2303 3499 2342 non
3554 2285 3729 2342 modo

2090 2392 2220 2446 qum
2252 2374 2593 2446 ubicunque
2640 2375 2905 2430 locorum
2959 2375 3274 2430 exstabant
3321 2376 3642 2431 simulacra
3674 2380 3731 2429 et

2094 2464 2487 2536 superstitiosi
2521 2463 2715 2520 cultus
2747 2465 3146 2520 instrumenta
3173 2464 3440 2520 funditus
3490 2465 3731 2533 excidit,

2092 2555 2197 2610 sed
2257 2560 2313 2610 et
2342 2554 2603 2610 cultores
2635 2572 2841 2610 eorum
2889 2555 3039 2610 alios
3069 2555 3227 2611 vivos
3266 2555 3545 2627 perdidit,
3579 2555 3730 2610 alios

2091 2649 2359 2699 mortuos
2398 2644 2461 2699 in
2519 2644 2710 2701 bustis
2760 2645 3061 2701 cremavit.
3113 2644 3377 2717 Cumque
3436 2644 3734 2701 tumulum

2093 2733 2504 2804 conspexisset
2559 2733 2666 2789 sub
2694 2750 2810 2804 quo
2863 2734 2951 2787 vir
2998 2734 3100 2789 Dei
3153 2733 3414 2806 jacebat,
3468 2733 3738 2805 quaesivit

2093 2821 2370 2892 quisnam
2393 2826 2551 2877 esset
2574 2821 2673 2876 ille
2699 2821 2994 2893 scopulus.
3020 2822 3342 2894 Oppidanis
3372 2823 3737 2895 responden-

2094 2911 2250 2966 tibus
2295 2911 2533 2983 cippum
2584 2928 2714 2968 esse
2746 2911 2925 2966 divini
2984 2911 3157 2967 istius
3204 2913 3466 2967 hominis
3521 2914 3619 2983 qui
3666 2913 3737 2967 de

2094 2999 2391 3054 Bethelico
2424 2999 2595 3055 altari
2625 3006 2779 3055 esset
2805 3000 3176 3067 vaticinatus,
3223 3001 3483 3072 relinqui
3517 3018 3651 3057 eum
3685 3006 3743 3057 et

2094 3104 2229 3143 ossa
2259 3088 2389 3159 ejus
2420 3105 2540 3142 non
2574 3089 2796 3143 moveri
2819 3088 3023 3160 jussit.
3058 3089 3222 3144 Idem
3271 3089 3514 3155 ariolos,
3561 3090 3744 3145 falsos

2094 3182 2275 3247 vates,
2299 3182 2475 3248 atque
2502 3176 2791 3248 quidquid
2817 3177 3177 3249 ﬂagitiosum
3201 3184 3261 3233 et
3280 3178 3745 3235 abominandum

2095 3272 2225 3321 erat
2255 3265 3054 3338 Hierosolymis,exstirpavit
3089 3284 3101 3320 :
3127 3284 3308 3339 seque
3331 3267 3403 3323 ad
3427 3269 3747 3323 Dominum

2094 3362 2214 3412 toto
2246 3357 2421 3413 corde
2454 3374 2521 3412 ac
2558 3363 2793 3428 pectore
2852 3359 3161 3426 convertit,
3198 3358 3476 3414 omnibus
3525 3359 3746 3415 viribus

2093 3447 2348 3503 annixus
2406 3446 2480 3503 ad
2532 3447 2802 3503 Mosaicae
2850 3448 2999 3503 197
3054 3448 3200 3520 legis
3249 3448 3743 3505 observationem.

2095 3536 2229 3590 Ideo
2264 3536 2444 3591 etiam
2491 3536 2718 3591 Pascha
2752 3535 2863 3591 tale
2895 3535 3216 3592 celebravit
3264 3538 3438 3608 quale
3468 3542 3604 3610 post
3647 3538 3749 3593 Jo-

2093 3641 2262 3681 suam
2290 3630 2347 3680 et
2379 3624 2717 3680 Samuelum
2779 3630 2976 3680 actum
3010 3626 3245 3681 nullum
3304 3627 3435 3682 fuit.
3478 3627 3748 3682 Mactavit

2093 3715 2255 3770 enim
2286 3713 2465 3769 boum
2505 3713 2695 3768 millia
2724 3716 2818 3780 22,
2876 3713 3072 3769 ovium
3105 3715 3298 3769 millia
3339 3716 3425 3769 38.
3477 3717 3748 3771 Testatur

2094 3804 2399 3874 Scriptura
2429 3802 2677 3874 probata
2706 3802 2891 3859 fuisse
2923 3804 3042 3859 Deo
3072 3803 3245 3859 Josias
3279 3804 3537 3870 ofﬁcia,a
3566 3804 3742 3860 corde

2092 3893 2328 3965 pietatis
2361 3892 2538 3964 pleno
2588 3891 2852 3963 profecta
2883 3910 2896 3947 :
2948 3909 3089 3948 nam
3121 3893 3333 3948 similis
3382 3894 3511 3966 ejus
3546 3909 3740 3965 neque

2092 3987 2228 4038 ante
2252 3997 2444 4052 neque
2475 3987 2607 4052 post
2638 3982 2834 4053 ipsum
2868 3983 3114 4037 exstitit.
3136 3983 3337 4054 Neque
3362 3989 3559 4038 tamen
3591 3984 3742 4040 iram

2093 4072 2155 4126 in
2183 4070 2416 4126 Judaaos
2443 4075 2792 4142 conceptam
2824 4070 2981 4126 Deus
3021 4070 3316 4142 deposuit,
3350 4089 3581 4127 memor
3607 4072 3742 4142 qui-

2093 4159 2201 4216 bus
2230 4157 2424 4213 modis
2455 4158 2649 4229 ipsum
2682 4160 2981 4214 Mauasses
3013 4159 3327 4216 irritasset.
3362 4163 3441 4216 Eo
3474 4166 3742 4231 tempore

2093 4249 2272 4305 etiam
2311 4247 2653 4318 Byzantium
2685 4264 2720 4302 a
2750 4247 2899 4319 Byzo
2948 4248 3214 4304 Thracia:
3245 4266 3382 4321 rege
3433 4249 3744 4305 conditum

2094 4345 2183 4394 est
2218 4354 2230 4391 :
2263 4337 2364 4392 alii
2400 4338 2770 4408 Megarenses
2804 4334 2933 4407 ejus
2966 4336 3128 4392 urbis
3158 4342 3438 4393 auctores
3493 4338 3743 4395 faciunt.

2093 4428 2256 4482 Tunc
2285 4432 2345 4481 et
2376 4424 2597 4496 Sibylla
2625 4425 2935 4481 Samonaaa
2964 4426 3249 4481 innotuit.

324 4515 505 4581 θυμοῦ
536 4521 639 4584 τῆς
671 4514 840 4592 ὀργῆς
880 4514 1066 4585 αὐτοῦ,
1099 4514 1162 4571 οὗ
1221 4515 1475 4588 ἐθυμώθη
1536 4514 1588 4570 ἐν
1648 4519 1730 4588 τῷ
1788 4512 1986 4587 Ἰούδᾳ,
2045 4513 2131 4570 ἐπὶ
2191 4514 2318 4575 τοὺς
2379 4512 2794 4589 παροργισμοὺς
2855 4513 2948 4567 οὕν
3004 4515 3349 4589 παρώργισεν
3404 4514 3567 4570 αὐτὸν
3624 4521 3741 4572 Μα-

321 4610 546 4672 νασσῆς.
608 4604 725 4680 Ἐφ’
789 4605 865 4657 ὤν
922 4604 1136 4683 χρόνων
1193 4604 1284 4658 καὶ
1338 4603 1401 4659 τὸ
1467 4603 1760 4674 Βυζάντιον
1823 4603 1926 4659 ὑπὸ
1986 4603 2163 4673 Βύζου
2227 4598 2503 4670 βασιλέως
2563 4608 2664 4671 τῆς
2726 4601 2941 4677 Θρᾴκης
3033 4601 3272 4674 ἐκτίσθη·
3333 4602 3409 4665 ὡς
3463 4599 3522 4659 δέ
3605 4624 3744 4667 τινες

325 4691 431 4746 ὑπὸ
465 4692 781 4767 Μεγαρέων.
814 4693 929 4769 Ἐφ’
960 4693 1033 4747 ὧν
1061 4693 1151 4748 καὶ
1184 4688 1433 4748 Σίϐυλλα
1461 4694 1495 4763 ἡ
1532 4691 1794 4766 Σαμωνία
1823 4691 2167 4768 ἐγνωρίζετο.

398 4780 555 4836 Μετᾶ
586 4777 644 4835 δὲ
704 4779 912 4836 Ἰωσίαν
963 4777 1307 4837 ἐϐασίλευσεν
1352 4782 1593 4857 Ἰωάχαζ
1641 4782 1757 4844 υἱὸς
1800 4781 1986 4853 αὐτοῦ,

324 4870 386 4931 ὅς
415 4868 643 4940 ἐποίησε
672 4871 734 4924 τὸ
765 4870 1007 4944 πονηρὸν
1064 4869 1292 4925 ἐνώπιον
1345 4869 1573 4946 Κυρίου,
1620 4871 1710 4924 καὶ
1759 4869 1987 4948 ληφθεὶς

326 4960 436 5015 ὑπὸ
467 4953 710 5032 Νεχαὼϐ
755 4957 1026 5034 βασιλέως
1084 4958 1365 5037 Αἰγύπτου
1405 4959 1636 5038 ἀπήχθη
1693 4958 1768 5023 εἷς
1815 4958 1987 5035 Αἴγυς

323 5067 484 5114 πτον,
538 5047 590 5102 ἐν
736 5048 826 5102 καὶ
885 5047 1135 5115 ἀπέθανε,
1198 5047 1523 5125 βασιλεύσας
1585 5054 1761 5121 μῆνας
1816 5054 1984 5123 τρεῖς.

322 5134 539 5210 Ἐ’ρόὗ
589 5136 645 5188 οἱ
699 5133 1059 5208 Ἰσραηλῖται,
1119 5135 1297 5197 καθώς
1353 5155 1518 5213 φησιν
1577 5136 1869 5205 Ἰώσηπος,
1928 5134 1987 5191 ἐκ

318 5223 425 5277 τοῦ
456 5230 727 5293 κρατῆσαι
756 5225 856 5293 τῆν
893 5229 991 5279 τοῖ’)
1054 5222 1231 5282 Ἰούδα
1281 5223 1458 5300 φυλὴν
1512 5223 1603 5278 καὶ
1658 5230 1982 5294 κατοικῆσαι

316 5310 426 5379 τήδ
476 5312 642 5367 πόλιν
705 5314 1093 5387 Ἰερουσαλήμ,
1136 5314 1285 5369 οὗτοι
1337 5314 1433 5388 μὲν
1494 5311 1800 5385 ἐκλήθησαν
1849 5315 1983 5368 Ἰου-

315 5398 496 5470 δαῖοι,
529 5405 564 5472 ἡ
599 5400 656 5458 δὲ
685 5401 852 5464 πόλις
883 5405 918 5474 ἡ
950 5403 1042 5459 καὶ
1109 5404 1257 5460 Σιὼν
1313 5400 1568 5472 Ἰουδαία,
1628 5404 1751 5472 ἣτις
1810 5401 1983 5458 πάλαι

318 5495 419 5566 μὲν
455 5488 662 5558 Ἰεϐοὺς
689 5493 912 5569 ἐλέγετο
969 5493 1061 5549 διὰ
1096 5495 1159 5550 τὸ
1218 5496 1309 5550 τὸν
1370 5489 1733 5552 Ἰεϐουσσαῖον
1793 5514 1982 5548 κατοι-

322 5589 495 5651 κῆσαι
526 5582 617 5637 τὸν
646 5584 818 5638 τόπον
849 5582 1073 5639 ἐκεῖνον.
1106 5579 1274 5638 Δαϐἱδ
1316 5581 1373 5639 δὲ
1401 5580 1771 5659 Ἰερουσαλὴμ
1811 5602 1982 5658 προσ-

318 5672 642 5747 ηγόρευσεν,
697 5671 760 5728 ἐκ
813 5676 912 5727 τοῦ
968 5668 1384 5746 συμϐεϐηκότος
1441 5673 1855 5751 τεχνησάμενος
1919 5672 1984 5728 τὸ

381 5770 435 5809 ⁶⁴
464 5772 545 5830 III
583 5774 727 5847 Reg.
760 5788 900 5840 un,
933 5773 998 5827 18
1027 5774 1116 5830 20.

2168 4780 2339 4837 Josias
2372 4782 2993 4838 successitJoachazus
3027 4782 3277 4839 filius.Is
3308 4783 3596 4838 voluntati
3632 4783 3737 4838 Dei

2098 4871 2441 4927 adversatus
2473 4877 2580 4940 est,
2617 4876 2940 4943 captusque
2971 4888 3006 4926 a
3034 4888 3169 4943 rege
3198 4872 3423 4945 Egypti
3460 4872 3736 4927 Nechabo

2098 4966 2207 5030 est,
2242 4960 2421 5030 inque
2453 4961 2760 5032 .Egyptum
2794 4962 3056 5031 captivus
3086 4961 3375 5016 abductus
3407 4961 3489 5015 ibi
3525 4962 3726 5032 periit.

2095 5052 2344 5104 Tantum
2368 5054 2489 5102 tres
2524 5065 2758 5104 menses
2786 5066 3032 5122 regnum
3066 5050 3275 5105 tenuit.
3319 5051 3507 5119 Hujus
3539 5054 3734 5113 aetate,

2099 5145 2162 5192 ut
2189 5143 2393 5193 narrat
2420 5137 2730 5208 Josephus,
2759 5136 3019 5192 obtinuit
3048 5145 3113 5192 ut
3140 5137 3452 5193 Israelicus
3484 5137 3739 5208 populus

2096 5244 2130 5282 a
2156 5227 2357 5281 Judaea
2389 5224 2703 5295 tribu,quac
2725 5226 2953 5281 caeteris
2975 5227 3162 5281 multo
3193 5226 3527 5298 prmstabat,
3546 5226 3712 5281 Iudas

2097 5312 2602 5380 dicerentur,urbs
2629 5319 2826 5370 autem
2850 5316 2986 5370 Sion
3007 5316 3208 5371 Iudaea
3227 5315 3736 5371 denominaretur.

2101 5404 2447 5474 Antiquitus
2478 5418 2547 5457 ea
2575 5402 2750 5457 Jebus
2779 5404 3075 5475 appellata
3102 5403 3234 5472 fuit,
3264 5421 3299 5459 a
3333 5404 3620 5460 Jebusmis
3669 5423 3740 5461 ea

2090 5493 2224 5548 loca
2255 5489 2703 5546 habitantibus:
2757 5493 3007 5548 Davidus
3061 5500 3261 5549 autem
3312 5494 3733 5567 Hierosolyma:

2093 5595 2312 5636 nomen
2344 5579 2397 5633 ei
2428 5579 2714 5650 imposuit
2742 5579 2814 5635 ab
2848 5586 3059 5636 eventu
3093 5598 3106 5636 :
3142 5587 3232 5638 est
3261 5583 3421 5639 enim
3470 5584 3531 5638 in
3578 5583 3715 5638 altis

2094 5670 2246 5727 simo
2269 5671 2469 5725 monte
2490 5673 2817 5740 exstructa,
2851 5687 2966 5742 quo
3001 5670 3062 5729 in
3082 5677 3286 5729 monte
3320 5673 3607 5729 Dominus
3628 5673 3744 5727 Da-
