4104 6276
448 371 562 431 23!

1815 371 2135 434 GEORGII
2177 372 2525 437 OEDRENI

3713 389 3816 451 232

451 511 582 567 vido
614 513 888 584 apparuit
915 511 991 569 ad
1021 530 1220 570 aream
1249 514 1420 571 Ornae
1448 513 1852 584 Jebusaa,cum
1886 513 1959 570 ob
1990 514 2092 568 im-

2204 511 2398 588 ὄνομα·
2433 514 2486 570 ἐν
2543 511 2657 590 ὄρει
2713 515 2818 594 γὰρ
2874 517 3016 574 ἐστιν
3075 518 3408 594 ὑψηλοτάτῳ
3463 521 3819 599 κατῳκοδομηο

452 603 779 674 prudenter
835 603 1047 658 factam
1107 604 1310 676 populi
1369 605 1781 660 recensionem
1842 605 2096 677 papulus

454 699 618 765 peste.
651 693 1032 766 afﬂigeretur.
1065 695 1298 750 Etenim
1330 712 1501 750 mons
1535 695 1780 752 Hebraeo
1822 711 2096 750 sermone

453 785 535 836 Ar
577 781 814 848 dicitur,
869 783 1012 838 urbs
1063 791 1262 838 autem
1313 783 1528 839 Salem.
1577 786 1780 856 Itaque
1823 784 2094 851 Davidus,

451 886 586 926 cum
617 887 826 926 novam
854 871 962 926 sibi
989 872 1210 944 regiam
1235 872 1622 942 condidisset,
1655 873 1806 928 198
1827 873 2096 928 Arsalem

450 961 832 1032 nuncupavit,
895 963 1052 1032 quod
1111 962 1462 1034 signiﬁcavit
1515 963 1713 1019 locum
1775 965 1983 1036 pacis:
2035 964 2097 1018 in

452 1050 718 1106 Grmcum
745 1056 944 1106 autem
977 1069 1312 1108 sermonem
1333 1070 1402 1109 ea
1431 1070 1538 1109 vox
1566 1055 1836 1110 traducta
1864 1053 1939 1110 ob
1965 1053 2094 1109 soni

454 1141 921 1196 concinnitatem
949 1141 1010 1196 in
1045 1141 1449 1214 Hierosolyma
1477 1142 1738 1199 deﬂexit.

526 1322 668 1376 Post
695 1321 1049 1376 Joachazum
1105 1323 1368 1394 regnavit
1392 1323 1753 1390 Joachimus,
1786 1323 2096 1396 collegam-

458 1425 571 1481 que
602 1408 810 1464 habuit
833 1409 1072 1466 fratrem
1109 1411 1476 1466 Eliacimum.
1515 1412 1569 1466 Is
1599 1428 1835 1483 quoque.
1865 1411 2100 1467 Joachi-

457 1515 594 1554 mus
626 1515 696 1555 ea
728 1499 866 1554 fecit
894 1515 1024 1570 quas
1057 1501 1175 1555 Deo
1217 1499 1619 1572 displicerent.
1652 1501 1856 1572 Itaque
1905 1501 2099 1556 Nabu—

452 1585 833 1642 chodonosor
883 1587 1217 1642 Merodacbi
1270 1605 1577 1643 successor
1629 1587 1892 1643 Iudaeam
1944 1587 2098 1644 bello

451 1675 666 1732 invasit
695 1694 763 1733 ac
794 1677 906 1733 sibi
939 1678 1311 1734 tributariam
1341 1679 1483 1734 fecit
1506 1720 1520 1745 ,
1554 1684 1613 1734 et
1640 1696 1776 1734 cum
1806 1677 2097 1734 tributum

451 1762 811 1828 Joachimus,
845 1763 1001 1834 quod
1035 1769 1240 1836 pactus
1275 1770 1420 1832 erat,
1452 1770 1773 1832 recusaret,
1808 1763 2002 1820 denuo
2034 1764 2098 1818 in

451 1851 716 1952 iludmam
734 1852 1472 1954 duxit.Hierosol‘ymisqu.e
1493 1854 2095 1954 potitusloachimum
2125 1889 2172 1954 Β

451 1939 515 1995 in
537 1957 705 1996 suam
726 1947 1080 2013 potestatem
1102 1941 1405 1998 redactum
1431 1943 1822 2012 interfecit,ac
1836 1943 1908 1998 de
1924 1959 2095 1999 muro

451 2030 786 2101 projectum
809 2030 984 2098 longo
1007 2036 1273 2102 tempore
1297 2031 2093 2104 insepultumjacerejussit,

447 2118 720 2174 functum
766 2136 945 2192 regno
976 2137 1166 2175 annos
1219 2123 1303 2176 11.
1356 2121 1436 2175 De
1478 2120 1589 2177 hoc
1634 2122 1715 2176 ita
1760 2122 2093 2179 Jeremias:

453 2229 481 2258 «
517 2209 650 2263 Haec
677 2210 1024 2279 pronuntiat
1080 2211 1234 2264 Deus
1261 2209 1333 2264 de
1363 2209 1668 2264 Joachimo
1696 2210 1869 2265 Josiaa
1919 2209 2046 2265 filio
2079 2225 2092 2264 :

453 2297 545 2350 Va)
569 2297 664 2352 isti
688 2297 830 2352 viro.
857 2299 984 2352 Non
1011 2314 1145 2353 eum
1171 2297 1522 2370 plangentes
1548 2298 1914 2364 clamabunt,
1933 2299 2096 2354 Eheu

449 2386 635 2441 frater
664 2403 677 2440 :
710 2403 904 2457 neque
932 2387 1086 2442 inter
1117 2387 1492 2459 plorandum,
1517 2404 1654 2442 eum
1688 2387 1997 2442 dominum
2027 2405 2095 2443 ac

447 2471 692 2528 fratrem
724 2473 1160 2529 inclamabant:
1185 2474 1288 2530 sed
1311 2475 1462 2529 asini
1487 2475 1792 2546 sepultura
1823 2476 1876 2531 ei
1901 2476 2093 2530 obtin-

451 2567 634 2635 get,et
664 2578 799 2617 cum
827 2563 1277 2633 computruerit,
1296 2563 1646 2634 projicietur
1678 2564 1835 2620 ultra
1864 2571 2092 2636 portam

455 2651 930 2722 Hierosolymum
962 2652 1027 2707 ⁷ο.
1053 2673 1082 2701 ››
1110 2654 1271 2708 Tunc
1301 2652 1662 2724 Babylonem
1685 2653 1976 2708 abductus
2005 2658 2098 2709 est

451 2739 657 2794 Daniel
686 2757 755 2796 ac
789 2745 907 2795 tres
938 2740 1128 2812 pueri,
1162 2746 1221 2795 et
1247 2741 1320 2796 de
1350 2741 1568 2813 populo
1599 2741 1937 2813 plurimi,ac
1959 2759 2096 2814 pars

445 2845 725 2884 vasorum
757 2829 1012 2884 Domini.
1049 2835 1337 2886 Cmterum
1397 2837 1518 2886 tres
1567 2829 1665 2886 isti
1725 2831 1874 2886 sacri
1925 2831 2093 2903 pueri

445 2918 552 2974 ﬁlii
589 2925 732 2974 sunt
761 2919 1192 2975 Ezechiaa.Cum
1225 2921 1386 2976 enim
1418 2937 1488 2976 ex
1519 2921 1726 2976 morbo
1757 2922 2096 2978 convaluis-

449 3013 539 3064 set
567 3007 954 3064 Merodachus
984 3008 1263 3065 Baldanis
1296 3009 1452 3065 filius
1501 3027 1605 3067 rex
1651 3010 1987 3084 Babylonis,
2020 3009 2094 3066 ad

451 3113 585 3152 eum
618 3099 780 3154 misit
811 3098 1039 3154 litteras
1070 3105 1128 3154 et
1160 3099 1739 3172 munera,gralulans
1768 3099 1927 3170 quod
1958 3115 2094 3154 eum

447 3188 686 3244 sanitati
719 3189 1060 3244 restitutum
1096 3188 1434 3244 audivisset.
1482 3189 1668 3262 Hujus
1716 3189 1926 3263 legatis
1954 3190 2094 3245 Eze-

447 3275 612 3330 chias
643 3293 851 3332 omnes
889 3293 1025 3332 suas
1067 3277 1301 3332 divitias
1326 3285 1502 3348 atque
1534 3279 1843 3333 thesauros
1875 3278 2094 3333 demon
2125 3256 2168 3321 (ἶ

445 3364 667 3420 stravit.
699 3365 862 3430 Quod
895 3365 1114 3420 factum
1140 3365 1389 3422 moleste
1422 3367 1618 3422 ferens
1650 3367 1854 3435 Isaias,
1891 3367 1972 3422 ita
2004 3373 2097 3422 est

443 3470 640 3526 regem
661 3471 838 3509 suum
856 3454 1206 3510 alloeutus“
1232 3473 1288 3508 :«
1309 3455 1456 3510 Audi
1480 3473 1820 3512 sermonem
1835 3457 2092 3512 Domini.

447 3543 594 3597 Ecce
633 3549 872 3614 appetet
902 3544 1054 3599 198
1087 3543 1234 3610 dies,
1269 3561 1387 3616 qua
1418 3544 1514 3599 die
1568 3545 1768 3601 omnia
1799 3546 1870 3600 de
1917 3545 2093 3601 domo

449 3633 551 3683 tua
581 3629 949 3695 auferentur,
992 3645 1368 3702 quascunque
1412 3631 1672 3702 majores
1703 3631 1785 3686 tui
1835 3631 1897 3686 in
1940 3631 2093 3687 hanc

448 3735 636 3789 usque
653 3717 808 3774 diem
829 3725 1488 3792 congresserunt.atque
1513 3721 1713 3775 omnia
1733 3720 2093 3792 Babylonem

451 3805 946 3880 deportabuntur.
977 3809 1130 3874 Quin
1162 3815 1220 3864 et
1253 3809 1408 3865 ﬁlios
1441 3815 1571 3865 tuos
1601 3826 1635 3866 a
1664 3815 1720 3866 te
1751 3816 2093 3883 procreatus

448 3897 764 3962 abducent,
799 3903 858 3952 et
886 3899 1190 3954 eunuchos
1217 3899 1279 3954 in
1309 3900 1475 3971 regia
1500 3899 1851 3972 Babylonica
1880 3900 2096 3957 consti-

447 3991 638 4041 tuent.
672 4007 696 4036 η
739 3989 908 4042 Anno
939 3987 1105 4059 regni
1148 3987 1744 4045 Nabuchodonosoris
1791 3989 2089 4054 vicesimo,

450 4075 551 4147 qui
580 4075 694 4132 fuit
721 4075 794 4132 ab
827 4077 1071 4133 exordio
1103 4079 1311 4134 mundi
1353 4095 1549 4134 annus
1598 4081 1757 4148 4094,
1808 4079 2092 4135 Danielus

447 4166 602 4239 regis
632 4165 929 4222 insomnia
959 4166 1386 4239 interpretatus
1417 4173 1525 4226 est.
1561 4167 1868 4224 Sexdecim
1919 4169 2092 4224 annis

445 4261 581 4328 post
613 4261 730 4312 tres
763 4255 861 4312 isti
883 4257 1071 4312 sancti
1100 4259 1267 4329 pueri
1291 4259 1350 4314 in
1382 4257 1817 4314 inflammatum
1849 4257 2089 4313 furnum

447 4350 588 4400 sunt
627 4345 900 4416 conjecti.
931 4345 1373 4418 Balthasar,qui
1400 4354 1457 4402 et
1477 4347 1796 4420 Riniglisar
1815 4347 2090 4402 nomina—

446 4433 632 4499 tur,in
664 4434 930 4488 convivio
963 4451 1098 4489 cum
1132 4435 1254 4489 suis
1285 4435 1658 4506 principibus
1688 4453 1756 4491 ac
1777 4435 2090 4508 pollicibus

443 4519 656 4575 bibens
689 4519 760 4574 de
793 4521 978 4576 sacris
1007 4522 1110 4577 Dei
1153 4523 1327 4591 vasis,
1385 4523 1597 4596 digitos
1628 4525 1890 4580 hominis
1947 4523 2092 4579 vidit

443 4609 507 4663 in
533 4607 823 4679 parietem
869 4609 1219 4678 scribentes,
1280 4627 1458 4680 quam
1499 4613 1852 4684 scripturam
1913 4629 2088 4668 nemo

2202 4613 2447 4674 πίνοντος
2509 4611 2561 4666 έν
2619 4615 2737 4674 τοῖς
2783 4611 2954 4682 ἱεροῖς
3009 4612 3245 4668 σκεύεσιν
3303 4612 3460 4670 οἷ’κου
3520 4615 3718 4690 Κυρίου
3752 4607 3836 4664 σὺν
3919 4679 3929 4693 ο

441 4703 658 4770 printer
679 4714 866 4752 unum
893 4699 1208 4754 Danielum
1233 4701 1654 4773 interpretatus
1671 4703 1871 4758 est.lta
1890 4708 2089 4760 autem

513 4823 563 4859 ’⁷ο
591 4825 706 4880 Jer.
741 4841 879 4891 xxn,
955 4825 1003 4862 ’⁷⁸
1027 4828 1100 4881 IV
1132 4829 1271 4900 Reg.
1304 4843 1400 4899 xx,
1437 4830 1520 4898 t7,
1558 4830 1641 4885 18.

2206 602 2361 678 μένη,
2394 604 2446 691 ἐν
2477 605 2523 678 ᾧ
2553 604 2754 680 Κύριος
2789 604 2946 683 ὤφθη
2991 611 3069 680 τῷ
3127 603 3292 664 Δαϐἱδ
3355 608 3408 665 ἐν
3465 611 3629 668 ἀλῶνι
3679 615 3820 691 Ὀρνᾶ

2201 697 2298 747 τοῦ
2329 688 2713 764 Ἰεϐουσσαίου,
2753 697 2810 750 ἓν
2858 700 2927 770 τῇ
2987 697 3201 770 θραύσει
3259 703 3356 754 τοῦ
3415 698 3548 755 λαοῦ
3603 698 3685 757 διὰ
3731 688 3819 774 τὴν

2201 777 2406 856 ἄλογον
2438 779 2830 868 ἐπαρίθμησιν.
2867 781 2970 840 Καὶ
2999 783 3062 837 τὸ
3097 783 3190 856 μὲν
3240 781 3367 861 ὅρος
3416 781 3655 862 Ἐϐραίδι
3685 797 3820 868 φωνῇ

2201 865 2416 941 λέγεται
2445 871 2573 943 Ἀρ,
2607 871 2642 939 ἡ
2676 867 2734 924 δε
2791 871 2956 933 πόλις
3012 869 3234 946 Σαλήμ·
3266 874 3329 930 Ὁ
3359 875 3452 930 οὖν
3510 865 3821 936 Δαϐἶδνέον

2199 955 2368 1012 τόπον
2427 955 2501 1019 είς
2561 956 2838 1034 βασίλειον
2887 961 3296 1031 κατασκευάζων
3357 961 3643 1037 Ἀρσαλήμ
3695 965 3816 1023 ὦνό-

2205 1065 2390 1117 μασεν,
2433 1046 2462 1100 ’ὀ
2493 1043 2630 1113 ἐστι,
2657 1048 2842 1111 Τόπος
2901 1047 3142 1123 εἰρήνης.
3188 1051 3554 1126 Ἰερουσαλῆμ
3598 1051 3652 1109 δὶ
3679 1055 3746 1116 εἰς
3770 1057 3824 1111 τὸ

2202 1132 2534 1205 Ἑλληνικὸν
2574 1135 3016 1214 παρενηνεγμένη
3065 1136 3327 1212 κέκληται
3375 1137 3463 1195 διὰ
3507 1143 3604 1212 τὴν
3645 1141 3825 1200 καλλι-

2201 1223 2430 1296 φωνίαν.

2272 1311 2420 1367 Μετᾶ
2449 1309 2506 1367 δὲ
2538 1313 2776 1389 Ἰωάχαζ
2825 1309 3168 1372 ἐϐασίλευσεν
3221 1317 3483 1392 Ἰωακεῖμ
3529 1320 3614 1375 καὶ
3657 1319 3826 1376 Ἐλια-

2199 1400 2332 1473 κεὶμ
2369 1401 2398 1454 ὁ
2429 1397 2663 1476 ἀδελφὸς
2697 1402 2884 1470 αὐτοῦ,
2945 1403 3036 1460 καὶ
3089 1403 3316 1477 ἐποίησε
3364 1407 3428 1462 τὸ
3493 1409 3719 1484 πονηρὸν
3753 1407 3828 1464 ἐν·

2201 1489 2374 1576 ὼπιον
2409 1491 2632 1564 Κυρίου.
2666 1492 2764 1547 Καὶ
2795 1491 2970 1549 ἐλθὼν
2999 1489 3494 1575 Ναϐουχοδονόσορ
3526 1498 3554 1552 ὁ
3584 1493 3827 1576 διάδοχος

2199 1575 2490 1655 Μαροδάχ,
2521 1581 2609 1636 καὶ
2661 1580 3038 1658 πολιορκήσας
3086 1585 3186 1654 τὴν
3244 1582 3533 1655 Ἰουδαίαν,
3581 1575 3827 1663 ὑπόγορον

2199 1667 2368 1737 αὐτὴν
2423 1667 2700 1739 ἐποίησεν.
2788 1673 3178 1744 Ἀθετήσαντος
3234 1671 3291 1730 δὲ
3368 1678 3468 1746 τῆν
3524 1674 3828 1754 φορολογίαν

2202 1757 2460 1831 ’Ῑωακεῖμ
2513 1757 2651 1828 ἦλθε
2707 1758 2872 1816 πάλιν
2932 1761 3011 1824 εἰς
3069 1761 3440 1838 Ἰερουσαλὴμ.
3493 1761 3830 1844 Ναϐουχοδοο

2200 1845 2384 1922 νόσορ,
2417 1845 2507 1902 καὶ
2538 1851 2728 1904 τοῦτον
2757 1850 3170 1925 χειρωσάμενος
3213 1853 3301 1906 καὶ
3353 1849 3562 1908 ἀνελών
3607 1854 3691 1908 καί
3739 1854 3830 1910 ἀπὸ

2203 1939 2300 1990 τοῦ
2328 1935 2546 2012 τείχους
2579 1933 2798 2016 ῥιφῆναι
2837 1935 3094 2001 κελεύσας
3150 1937 3353 2018 ἃταφον
3396 1937 3484 1997 ἐπὶ
3516 1939 3682 1997 πολὺν
3723 1961 3832 1997 κατ·

2205 2021 2362 2079 έλιπε
2419 2025 2644 2100 χρόνον,
2709 2025 3104 2102 βασιλεύσαντα
3159 2026 3250 2098 ἔτη
3311 2023 3517 2085 ἕνδεκα.
3579 2030 3704 2103 Περὶ
3770 2028 3828 2084 οὗ

2205 2134 2369 2190 φησιν
2400 2115 2692 2188 Ἰερεμίαςο
2723 2139 2751 2168 «
2785 2113 2927 2173 Τάδε
2983 2114 3130 2193 λέγει
3190 2117 3394 2193 Κύριος
3444 2117 3532 2174 ἐπὶ
3591 2117 3830 2192 Ἰωαλεὶμ

2204 2203 2320 2258 υἱὸν
2355 2203 2589 2260 Ἰωσίου·
2635 2202 2771 2262 Ούαὶ
2830 2203 2919 2261 ἐπὶ
2975 2206 3067 2262 τὸν
3136 2203 3304 2283 ἄνδρα
3359 2209 3572 2264 τοῦτοψ
3629 2210 3704 2265 Οὐ
3759 2211 3826 2282 μὴ

2201 2292 2464 2366 κόψονται
2497 2293 2680 2364 αὐτὸν,
2709 2297 2775 2348 Ὠ
2805 2291 3025 2374 ἀδελφέ,
3067 2292 3193 2350 οὐδὲ
3253 2298 3330 2369 μὴ
3381 2295 3702 2352 κλαύσονται
3743 2295 3828 2350 αύ-

2203 2381 2319 2452 τὸν,
2349 2381 2423 2438 Οἵ
2451 2403 2568 2454 μοι,
2600 2381 2772 2458 κύριε,
2804 2385 2895 2438 καὶ
2925 2383 3007 2442 Οῗ-
3038 2406 3154 2458 μοι,
3213 2383 3436 2466 ἀδελφέ’
3487 2384 3630 2442 ἀλλὰ
3669 2386 3825 2464 ταφῆν

2204 2467 2329 2525 ὅνου
2383 2473 2679 2548 ταφήσεται
2737 2474 2872 2546 (90),
2929 2472 3020 2528 καὶ
3099 2475 3503 2552 συμψηφισθεὶς
3578 2474 3832 2551 ῥιθήοεται

2204 2560 2290 2633 [Ρ.
2327 2561 2451 2634 113]
2512 2560 2758 2616 ἐπέκεινα
2811 2567 2914 2631 τῆς
2970 2562 3152 2633 πύλης
3205 2561 3594 2638 Ἰερουσαλήμ.
3628 2587 3655 2616 ››
3711 2562 3832 2621 Τότε

2201 2649 2289 2704 καὶ
2322 2648 2528 2718 Δανιὴλ
2559 2648 2787 2725 ἀπήχθη
2847 2649 2937 2706 καὶ
2997 2651 3050 2706 οἱ
3100 2656 3246 2726 τρεῖς
3296 2649 3488 2716 παῖδες
3544 2651 3632 2708 καὶ
3686 2649 3832 2707 ἄλλοι

2200 2741 2299 2793 τοῦ
2331 2737 2468 2793 λαοῦ
2499 2737 2750 2794 πλεῖστοι
2779 2740 2868 2794 καὶ
2904 2741 3072 2815 μέρυς
3098 2745 3204 2796 τῶν
3264 2746 3470 2797 σκευῶν
3526 2743 3714 2816 Κυρίου
3766 2739 3830 2802 είς

2205 2821 2524 2884 Βαϐυλῶνα.
2553 2827 2622 2882 Οἱ
2673 2823 2731 2884 δὲ
2786 2828 2929 2903 ἃγιοι
2984 2835 3130 2905 τρεῖς
3194 2829 3386 2894 παῖδες
3445 2831 3555 2886 υἱοὶ
3610 2830 3830 2901 Ἐζεκίου

2205 2913 2356 2972 εῗσίν.
2393 2916 2480 2972 ’Ev
2511 2915 2613 2990 γὰρ
2670 2920 2752 2990 τῷ
2805 2917 3095 2988 ἀναστῆναι
3155 2917 3313 2974 αὐτὸν
3367 2920 3474 2976 ἀπὸ
3528 2927 3628 2991 τῆς
3663 2919 3830 2986 νόσου,

2205 3001 2524 3059 ἀποστεῖλαι
2566 2999 2623 3059 δὶ
2680 3005 2816 3080 πρὸς
2873 3006 3036 3062 αὐτὸν
3107 3005 3382 3086 Μαροδὰχ
3441 3009 3556 3072 υἱὸς
3605 3003 3835 3065 Βαλαδὲιν

2209 3091 2466 3168 βασιλεὺς
2522 3087 2854 3157 Βαϐυλῶνος
2911 3093 3208 3168 ἐπιστολὴν
3272 3097 3364 3152 καὶ
3453 3094 3604 3171 δῶρα
3655 3096 3836 3168 ἢκουσε

2203 3179 2304 3254 γὰρ
2364 3181 2450 3235 δτι
2508 3179 2852 3258 ἡρῥώστησε,
2905 3182 2996 3237 καὶ
3061 3183 3306 3258 ἀνέστη),
3367 3181 3637 3256 ὑπέδειξεν
3688 3181 3832 3244 αὐτὸς

2204 3273 2322 3329 τοῖς
2381 3265 2634 3344 ἀγγέλοις
2692 3265 2962 3348 Μαρεδᾶχ
3008 3271 3182 3328 πάντα
3230 3274 3322 3328 τὸν
3381 3277 3628 3330 πλοῦτον
3687 3271 3832 3328 αὐτοῦ

2202 3356 2292 3412 καὶ
2347 3357 2476 3420 τοὺς
2534 3357 2840 3430 Θησαυροῦς
2899 3360 3088 3419 αὐτοῦ.
3178 3361 3318 3434 Πρὸς
3371 3363 3436 3417 ὅν
3511 3361 3831 3437 λυπούμενος

2203 3449 2346 3504 εἶπεν
2378 3447 2603 3512 Ἠσαίας
2634 3450 2662 3504 ὁ
2695 3453 2984 3528 προφήτης
3013 3478 3039 3505 (ι
3073 3457 3338 3510 ’Ἄκουσον
3399 3453 3574 3532 λόγον
3629 3452 3829 3528 Κυρίου.

2202 3537 2344 3594 Ἰδοὺ
2387 3539 2590 3613 ἡμέραι
2647 3534 2929 3618 ἔρχονται,
2984 3541 3075 3595 καὶ
3133 3539 3514 3620 ληφθήσονται
3571 3544 3733 3598 πάντα
3775 3541 3835 3596 τὰ

2203 3625 2256 3682 έν
2293 3631 2374 3699 τῷ
2425 3627 2563 3701 οἷ’κῳ
2615 3647 2734 3698 σου,
2793 3629 2884 3684 καὶ
2943 3627 3040 3684 ὅσα
3103 3630 3469 3708 έθησαύρισαν
3523 3634 3575 3688 οἱ
3629 3630 3834 3704 πατέρες

2203 3737 2300 3770 σου
2355 3713 2462 3779 ἵως
2515 3723 2616 3786 τῆς
2674 3715 2887 3790 ἡμέρας
2937 3719 3159 3790 ταύτης,
3215 3720 3306 3784 καὶ
3390 3721 3471 3784 εἷς
3558 3716 3836 3780 Βαϐυλῶνα

2200 3806 2685 3883 ἀπενεχθήσονται’
2718 3807 2893 3866 Ἀλλά
2930 3809 3020 3864 καὶ
3072 3809 3177 3866 ἀπὸ
3223 3815 3330 3866 τῶν
3392 3813 3530 3868 υἱῶν
3594 3834 3686 3868 σου
3736 3814 3832 3865 τῶν

2202 3894 2610 3968 ἐξεληλυθότων
2642 3897 2703 3952 ἐκ
2758 3901 2856 3952 σοῦ
2917 3895 3189 3971 λήψονται
3227 3900 3318 3956 καὶ
3369 3905 3662 3974 ποιήσουσι
3706 3899 3834 3954 σπά-

2201 3982 2394 4049 δοντας
2426 3985 2478 4040 έν
2505 3985 2586 4058 τῷ
2631 3983 2766 4058 οἷίκῳ
2821 3990 2918 4042 τοῦ
2976 3988 3244 4052 βασιλέως
3293 3985 3701 4053 Βαϐυλῶνος.»
3748 3989 3834 4057 Τῷ

2201 4072 2256 4130 δὲ
2321 4075 2551 4148 εἴκοστῷ
2617 4073 2722 4131 ἔτει
2802 4079 2900 4146 τῆς
2992 4077 3271 4152 βασιλείας
3335 4075 3828 4156 Ναϐουχοδονόσορ,

2197 4163 2726 4241 τετρακισχιλιοστῷ
2785 4161 2844 4218 δὲ
2897 4165 2987 4221 καὶ
3044 4165 3376 4242 ἐνενηκοστῷ
3451 4169 3689 4244 τετάρτῳ
3737 4167 3824 4221 τοῦ

2198 4253 2430 4328 κόσμου,
2463 4251 2756 4329 διεσάφησε
2779 4253 2844 4310 τὰ
2883 4254 3096 4310 ἐνύπνια
3153 4257 3320 4314 αὐτοῦ
3377 4257 3404 4312 ὁ
3474 4255 3696 4328 Δανιὴλ.
3747 4257 3832 4324 Tib

2199 4341 2255 4398 δὲ
2283 4340 2818 4418 τετρακισχιλιοστῷ
2847 4343 3124 4417 ἑκατοστῷ
3177 4342 3385 4419 δεκάτῳ
3432 4342 3539 4404 ἔτει
3597 4347 3661 4402 τὰ
3709 4341 3828 4399 κατὰ

2197 4435 2298 4503 τήν
2327 4433 2556 4506 κάμινον
2587 4437 2693 4488 τῶν
2755 4431 2924 4510 ἁγίων
2981 4437 3148 4508 τριῶν
3204 4432 3412 4491 παίδων
3471 4434 3826 4512 ἐπράχθησαν.

2199 4525 2313 4580 Τοῦ
2359 4523 2458 4597 γὰρ
2517 4520 2824 4595 Βαλτάσαρ,
2876 4520 2935 4584 ὅς
2991 4523 3084 4577 καὶ
3142 4523 3543 4602 Ῥινιγλίσαρος
3603 4523 3826 4598 ίλέγετο,

2197 4706 2314 4765 τοῖς
2351 4703 2668 4778 μεγιστᾶσιν
2701 4698 2866 4756 αὐτοῦ
2895 4701 2987 4757 καὶ
3017 4707 3136 4764 ταῖς
3187 4701 3502 4767 παλλακαῖς
3553 4724 3603 4759 εν
3650 4700 3833 4770 δείπνῳ

1643 4948 2011 5006 XYLANDRI
2051 4947 2136 5005 ET
2166 4935 2388 5005 'GOARI
2429 4947 2651 5004 nom.

512 5092 624 5162 (90)
655 5092 784 5147 Non
807 5107 936 5147 esse
959 5091 1046 5147 vel
1069 5108 1206 5148 vera
1231 5093 1322 5148 vel
1346 5093 1408 5148 in
1433 5094 1561 5150 loco
1582 5094 1762 5150 etiam
1786 5111 1892 5150 suo
1909 5094 2089 5151 allata

442 5179 512 5217 ea
542 5180 672 5232 qua!
705 5163 1009 5239 deludzra
1033 5170 1104 5239 et_
1121 5163 1265 5219 urbe
1301 5166 1841 5239 Hierosolymorum
1875 5166 2086 5238 dispu-

443 5239 662 5310 tantur,
698 5235 879 5310 cuivis
911 5234 1290 5310 perspicuum
1341 5255 1468 5292 esse
1517 5234 1680 5310 puto.
1729 5239 1832 5294 Hic
1888 5234 2086 5310 autem

443 5304 786 5377 Hieronymi
810 5304 1145 5364 versionem
1170 5324 1298 5362 sum
1324 5304 1722 5377 secutus,cum
1747 5325 1916 5365 meus
1937 5309 2090 5366 liber

444 5374 1143 5456 baberetptuvt-qozaﬂeic.
1177 5374 1617 5456 Complutensis
1639 5382 1796 5456 apud
1828 5383 2084 5456 Hierem.

447 5445 1040 5527 Zuyjl‘t‘lit'zzﬁrgent.
1075 5445 1446 5527 Συμδιτρὸείς,
1478 5470 1608 5524 qum
1640 5445 1756 5510 duo
1803 5453 2090 5527 vocabula

444 5518 586 5592 quid
618 5518 974 5592 signiﬁcent,
1007 5539 1126 5576 non
1155 5518 1354 5578 'faCile
1389 5518 1684 5592 dixerim;
1733 5529 1790 5580 et
1837 5526 2087 5581 minime

437 5589 593 5645 ferre.
617 5588 780 5645 locus
803 5591 1033 5666 videtur
1049 5600 1113 5647 ut
1132 5593 1504 5666 deploratum
1527 5603 1628 5652 aut
1653 5588 2086 5666 complocatum

435 5666 755 5732 vertamus,
782 5679 914 5717 cum
951 5664 1272 5734 Hesychius
1289 5666 1586 5738 ψιζομὲνην
1618 5664 1922 5724 annotarit
1953 5684 2084 5723 esse

2196 5089 2522 5177 κλαίουσαν,
2553 5098 2612 5177 et
2665 5091 2856 5177 ψιαδες
2902 5095 3060 5166 apud
3093 5095 3652 5177 _I_l_omerpm__‘still_zp
3705 5094 3831 5177 sint,

2198 5167 2539 5238 sanguinem
2569 5161 2724 5238 Iovis
2757 5161 3054 5238 lacrymaa,
3085 5167 3250 5224 Iliad.
3295 5169 3364 5224 ll.
3415 5171 3542 5226 459.
3596 5167 3832 5222 Verbum

2196 5239 2296 5310 Quit
2317 5237 2616 5308 signiﬁcat
2648 5237 2918 5310 λεπτ-ρνω.
2947 5247 3014 5294 ut
3064 5241 3247 5295 (ἓνωοί
3281 5241 3539 5310 tradunt,
3586 5245 3828 5295 attenuo.

2198 5309 2933 5382 Hebraicumzﬁncindicat
2951 5311 3074 5366 fore
3088 5318 3154 5366 ut
3167 5317 3414 5366 tractum
3438 5309 3539 5368 seu
3557 5315 3833 5382 raptatum

2197 5381 2572 5456 projiciatur,
2591 5381 2758 5436 nulla
2785 5399 3026 5456 prorsus
3045 5383 3377 5456 putredinis
3399 5385 3545 5456 signi
3555 5381 3832 5438 ficatione.

2195 5459 2263 5527 ut
2284 5453 2584 5527 conjicere
2607 5469 2901 5527 nequeam
2924 5453 3016 5508 vel
3037 5453 3180 5524 quid
3205 5453 3834 5527 Hieronymussecutus

2197 5471 2263 5508 ιιι
2284 5471 2402 5521 con.
2425 5471 2584 5507 lcel‘e
2607 5471 2901 5524 nequeam
2924 5471 3016 5508 νει
3037 5471 3180 5524 quia
3206 5471 3594 5527 Hieronymus
3615 5471 3831 5509 secutus

2197 5524 2294 5610 sit,
2327 5471 2416 5579 vel
2449 5525 2750 5610 quomodo
2781 5525 2844 5606 in
2874 5525 3075 5580 Grmca
3103 5526 3375 5610 versione
3407 5525 3710 5610 legendum

2195 5596 2340 5720 15am
2371 5595 2560 5720 nggtri
2595 5595 2845 5652 Cedreni
2877 5613 2984 5652 vox
3007 5613 3249 5668 prorsus
3279 5603 3390 5654 est.
3418 5595 3676 5654 Viderint
3691 5595 3833 5668 peri.

2222 5683 2398 5720 iores.
2484 5682 2574 5720 γι..

2197 5666 2398 5722 tiores.
2432 5666 2574 5723 XvL.
