4118 6284
301 403 425 462 233

1496 400 1858 461 HISTORIA
1872 399 2035 460 RUM
2083 402 2629 467 COMPENDIUM.

3601 417 3720 478 234

303 530 448 589 εἶδεν
479 531 772 605 ἀνθρώπου
805 527 1108 590 δακτύλους
1151 530 1458 606 γράφοντας
1514 529 1567 584 ἐν
1623 533 1703 601 τῷ
1759 545 1961 606 τοιχῳ·

2080 533 2276 588 habet.
2310 535 2462 589 Mani
2497 552 2510 588 :
2543 535 2655 590 hoc
2692 542 2781 591 est
2829 540 3004 607 Deus,
3055 541 3364 599 dimensns
3418 550 3508 601 est
3554 552 3721 604 tuum

309 624 387 679 ὧν
441 626 540 694 τὴν
633 624 852 700 γραφὴν
915 622 1082 695 μόνος
1142 621 1347 690 Δανιὴλ
1390 623 1752 694 ἡρμήνευσεν.
1815 621 1972 695 Ἔχει

308 711 372 767 δί
403 714 600 774 οὕτως·
642 711 802 766 Μανί’
835 710 865 765 ὅ
896 711 1061 781 ἐστιν,
1126 711 1454 784 Ἐμέτρησεν
1487 710 1515 763 ὁ
1548 709 1678 770 Θεὸς
1706 710 1806 778 τήν
1870 710 1972 782 βα-

309 801 521 858 σιλείαν
566 822 664 855 σου
693 801 785 856 καὶ
815 799 1136 876 ἐπλήρωσεν
1166 799 1356 868 αὐτήν.
1412 797 1600 854 Θεκέλ’
1659 799 1761 856 Καὶ
1818 796 1972 852 ἐστά-

305 894 518 964 Ομησεν
546 889 600 946 ἐν
648 894 794 965 ζυγῷ
851 889 942 944 καὶ
991 887 1180 962 εύρέθη
1246 889 1557 964 ὑστεροῦσα.
1620 889 1815 961 Φαρές·
1880 895 1970 940 Δι-

305 981 523 1056 ῄρηται
549 984 585 1050 ἠ
622 980 876 1056 βασιλεία
907 1001 1002 1034 σου
1031 980 1122 1034 καὶ
1153 977 1317 1048 ἐδόθη
1352 975 1564 1049 Μήδοις
1592 978 1682 1033 καὶ
1716 979 1964 1053 Πέρσαις.

388 1069 939 1144 Αἷχμαλωτισθείσης
1021 1076 1120 1138 τῆς
1203 1067 1569 1142 Ἰερουσαλὴμ
1649 1067 1912 1143 Ἰερεμίας
1950 1111 1965 1135 ,

303 1159 489 1214 καίτοι
543 1157 732 1215 πολλὰ
811 1159 958 1234 παρᾶ
1042 1163 1152 1213 τῶν
1240 1155 1532 1214 Χαλδαίων
1599 1156 1964 1230 ἀναβασθεὶς,

309 1248 601 1322 ᾑρετίσατο
637 1246 850 1322 μᾶλλον
889 1249 1022 1320 μετὰ
1065 1251 1173 1302 τῶν
1221 1245 1690 1310 ωταλειωθίντῶν
1721 1247 1963 1314 πενήτων

304 1340 688 1410 ἓναπομεῖναι.
721 1338 822 1394 Καὶ
877 1337 952 1397 ὡς
1010 1336 1170 1390 αὐτὸν
1232 1336 1309 1398 εἰς
1375 1336 1468 1390 τὸν
1526 1330 1793 1408 βόρϐορον
1852 1337 1964 1407 (91)

298 1422 573 1496 ἔϐαλλον,
625 1424 968 1500 πολόστιχον
1034 1421 1252 1498 βιϐλίον
1313 1425 1578 1496 συνέταξε.
1635 1426 1784 1479 Κατά
1838 1424 1964 1483 τοὺς

299 1518 533 1591 καιροὺς
596 1514 834 1577 ἐκείνους
909 1516 1000 1571 καὶ
1061 1516 1324 1586 Ἰεζεκιήλ
1383 1514 1410 1568 ὀ
1473 1513 1745 1572 θειότατος
1801 1512 1967 1587 αἰχμο

306 1605 530 1665 ἀλωτος
560 1605 838 1680 ἀναχθεὶς,
872 1605 962 1659 ἐπὶ
991 1610 1088 1659 τοῦ
1113 1607 1365 1676 ποταμοῦ
1396 1603 1586 1678 λαχὼν
1631 1607 1726 1657 τοῦ
1757 1597 1962 1676 Χοϐἀρ,

301 1693 688 1770 διανοιγέντων
719 1693 870 1766 αὐτῷ
923 1699 1032 1748 τῶν
1091 1693 1357 1764 οὐρανῶν,
1419 1689 1544 1746 εἶδε
1591 1689 1744 1761 δόξαν
1807 1695 1962 1761 Θεοῦ,
1993 1718 2041 1784 Β

303 1787 522 1854 πνεῦμα
561 1782 860 1856 ἐρχόμενον
889 1780 994 1835 ἀπὸ
1051 1780 1242 1856 βοῤῥᾶ,
1291 1781 1381 1834 καὶ
1446 1779 1677 1857 νεφέλην
1707 1777 1761 1833 ἐν
1792 1778 1960 1850 αὐτῷ,

299 1873 394 1927 καὶ
457 1871 657 1948 φέγγος
741 1869 1026 1936 κυκλόθεν,
1107 1871 1208 1938 τὴν
1268 1865 1475 1944 Τριάδα
1527 1867 1958 1946 φανταζόμενος.

304 1960 458 2015 Ἐκεῖ
488 1960 579 2013 καὶ
608 1963 716 2014 τῶν
752 1954 1027 2034 χερουϐἰμ
1057 1955 1193 2012 εἶδεν
1257 1957 1626 2025 ὑποτύπωσιν,
1679 1957 1734 2009 ἒν
1795 1976 1960 2030 προσ-

305 2051 447 2119 ώπῳ
480 2047 767 2120 ἀνθρώπου
805 2049 893 2101 καὶ
964 2046 1178 2120 μόσχου
1236 2045 1324 2100 καὶ
1385 2042 1602 2107 λέοντος
1656 2043 1747 2098 καὶ
1806 2045 1960 2099 ἀετοῦ

305 2135 793 2208 ὑποτυπουμένην,
855 2134 1123 2211 Ὑπεράνω
1174 2131 1230 2188 δὲ
1287 2133 1518 2203 τούτων,
1573 2133 1648 2194 ὡς
1697 2131 1836 2194 εἶδος
1867 2133 1961 2186 ἀν-

304 2227 559 2300 θρώπου,
590 2226 684 2280 τὸν
715 2225 846 2280 Θεὸν
877 2225 1158 2300 ἄνθρωπον
1192 2224 1334 2298 ὁρῶν
1365 2221 1434 2277 δι’
1473 2223 1640 2278 αὐτοῦ
1671 2224 1962 2298 προφήτης

377 2314 527 2368 Μετᾶ
586 2310 644 2367 δὲ
739 2313 995 2385 Ἰωακεὶμ
1071 2307 1420 2366 ἐϐασίλευσεν
1509 2310 1770 2384 Ἰεχονίας
1843 2311 1958 2372 υίὸς

298 2403 494 2471 αὐτοῦ,
527 2405 555 2459 ὁ
607 2403 696 2458 καὶ
746 2403 1020 2476 Ἰωακεὶμ,
1073 2400 1162 2458 διὰ
1199 2404 1620 2478 προστάγματος
1677 2396 1960 2475 Ναϐουχο-

299 2490 554 2566 δονόσορ,
605 2492 713 2548 Καὶ
755 2491 974 2561 ἐποίησε
1027 2491 1091 2546 τὸ
1147 2492 1382 2564 πονηρὸν
1441 2491 1670 2544 ἐνώπιον
1732 2490 1956 2564 Κυρίου.

299 2584 397 2638 Καὶ
431 2584 561 2658 περὶ
591 2582 721 2646 τοὺς
779 2582 976 2659 φόρους
1032 2582 1518 2655 ἀγνωμονήσαντος
1576 2578 1741 2634 αὐτοῦ
1796 2577 1962 2652 ῇλθεν

299 2670 453 2733 αὖθις
517 2668 1011 2747 Ναϐουχοδονόσορ
1070 2671 1146 2734 εἰς
1193 2673 1292 2739 τὴν
1351 2667 1515 2725 πόλιν
1571 2668 1956 2741 Ἰερουσαλήμ,

292 2763 384 2816 καὶ
415 2763 508 2833 [Ρ.
573 2763 700 2833 ibi]
769 2759 1080 2834 ἐπολιόρκει
1138 2757 1324 2830 αὐτήν.
1384 2759 1526 2833 Πρὸς
1587 2759 1644 2811 ὃν
1697 2757 1957 2832 Ἰεχονίας

295 2850 494 2921 ἐξήλυε
525 2849 622 2904 σὺν
656 2849 825 2924 μητρὶ
863 2849 954 2904 καὶ
1006 2850 1220 2910 τέκνοις
1270 2850 1356 2903 καὶ
1419 2852 1536 2909 τοῖς
1568 2844 1830 2922 ἄρχουσιν
1863 2846 1956 2900 αύ-

291 2945 410 2996 τοῦ.
469 2939 578 2996 Καὶ
665 2938 922 3007 εἰσῆλθον
982 2940 1033 2992 οἱ
1095 2944 1408 3013 μεγιστᾶνες
1472 2931 1957 3012 Ναϐουχοδονόσορ

296 3031 374 3090 εἷς
398 3031 502 3097 τήν
532 3027 722 3093 πόλιν,
765 3027 856 3082 καὶ
914 3027 1203 3104 ἐξήνεγκαν
1256 3028 1384 3089 τοὺς
1415 3027 1722 3100 θησαυροὺς
1760 3026 1958 3101 Κυρίου

299 3122 531 3174 καὶτοῦ
593 3116 865 3193 βασιλέως
929 3118 1018 3172 καὶ
1067 3119 1134 3172 τὰ
1190 3123 1369 3192 χρυσᾶ
1426 3117 1589 3186 σκεύη
1649 3116 1682 3171 ἃ
1735 3115 1961 3186 ἶεποίησε

309 3211 576 3282 Σολομὼν
635 3207 687 3262 ἐν
745 3209 860 3280 ναῷ
919 3208 1114 3281 Κυρίου
1155 3249 1167 3262 .
1237 3209 1345 3263 Τὸν
1415 3205 1472 3262 δέ
1530 3204 1779 3262 Σεδεκίαν
1841 3205 1960 3260 ἀντὶ

306 3299 578 3372 Ἰεχονίου
632 3299 974 3368 καταστήσας
1059 3297 1333 3369 ἀπῴκισεν
1405 3296 1665 3370 Ἰεχονίας
1733 3295 1808 3357 εἷς
1858 3302 1963 3350 Βα-

329 3380 546 3440 ϐυλῶνα
577 3389 654 3442 καὶ
717 3388 815 3454 τήν
880 3388 1086 3461 μητέρα
1114 3386 1202 3441 καὶ
1256 3387 1383 3446 τοὺς
1442 3383 1713 3463 ἄρχοντας
1771 3385 1960 3456 αὐτοῦ,

325 3476 707 3548 βασιλεύσαντα
740 3483 917 3549 μῆνας
955 3481 1121 3550 τρεῖς.
1184 3476 1314 3549 Περὶ
1364 3475 1426 3530 οὗ
1475 3474 1636 3530 πολιν
1695 3475 1959 3549 Ἱερεμίας

317 3561 510 3640 ἔλεγεν·
544 3591 572 3617 α
605 3564 889 3638 Ἠτιμώθη
940 3563 1200 3638 Ἰεχονίας
1232 3564 1306 3625 ὡς
1356 3567 1542 3623 σκεῦος
1574 3563 1636 3617 οὗ
1694 3561 1792 3618 οὐκ
1815 3565 1957 3616 ἔστιν

313 3657 489 3727 χρεία,
522 3653 906 3734 δτιόωεῤῥίφη
961 3653 1051 3708 καὶ
1106 3647 1371 3722 ἐξεϐλήθη
1434 3653 1507 3713 εἰς
1563 3659 1690 3724 γῆν,
1747 3651 1812 3720 ἣν
1864 3651 1963 3706 οὐκ

307 3741 447 3816 ᾔδει,
477 3743 630 3819 λέγει
681 3745 900 3812 Κύριος.
947 3744 1046 3811 Γή,
1096 3750 1194 3817 γῆ,
1252 3739 1480 3798 ἄκουσον
1529 3741 1693 3817 λόγον
1739 3740 1958 3815 Κυρίου·

310 3835 518 3908 γράψον
549 3835 644 3888 τὸν
672 3831 840 3907 ἄνδρα
887 3836 1083 3888 τοῦτον
1143 3831 1477 3906 ἐκκήρυκτον
1536 3829 1840 3904 ἄνθρωπον,
1876 3830 1958 3886 ὅτι

313 3922 371 3977 ού
400 3925 479 3995 μὴ
519 3922 732 3995 αὐξηθῇ
793 3921 852 3976 ἐκ
903 3926 1000 3976 τοῦ
1061 3921 1368 3996 σπέρματος
1425 3921 1590 3974 αὐτοῦ
1645 3919 1780 3994 ἀνὴρ
1834 3923 1961 3976 καθ-

307 4014 510 4084 ήμενος
545 4011 635 4065 ἐπὶ
667 4010 857 4084 θρόνου
889 4006 1077 4079 Δαϐὶδ,
1137 4007 1325 4084 ἄρχων
1380 4004 1460 4064 ἔτι
1509 4007 1560 4063 ἐν
1591 4013 1671 4080 τῷ
1701 4006 1894 4080 Ἰούδᾳ.
1935 4035 1956 4060 ι

307 4101 458 4158 Μετᾶ
488 4098 550 4155 δὲ
577 4099 839 4175 Ἰεχονίαν
879 4095 1220 4154 ἐϐασίλευσεν
1275 4095 1528 4160 Σεδεκίας
1586 4095 1964 4174 πατράδελφος

307 4189 494 4257 αὐτοῦ,
583 4189 674 4242 καὶ
730 4187 959 4258 εποίησε
1011 4187 1074 4242 τὸ
1132 4187 1373 4262 πονηρὸν
1430 4185 1659 4242 ἐνώπιον
1741 4187 1960 4260 Κυρίου.

305 4279 402 4333 Καὶ
463 4277 591 4352 περὶ
620 4279 722 4345 τήν
763 4275 1101 4354 φορολογίαν
1162 4276 1424 4338 ὡσαύτως
1481 4272 1966 4350 παρασπονδήσαν-

304 4389 396 4428 τος
430 4366 603 4423 αὐτοῦ
660 4365 797 4435 ἦλθε
853 4366 1017 4422 πάλιν
1078 4362 1574 4443 Ναϐουχοδονόσορ
1630 4365 1706 4429 εἰς
1761 4370 1961 4440 Ἰερου-

308 4456 522 4528 σαλὴμ,
557 4455 650 4511 καὶ
684 4453 997 4530 ἐπολιόρκει
1039 4454 1204 4523 αὐτὴν
1248 4451 1341 4524 ’έτη
1403 4451 1520 4511 δύο.
1581 4453 1686 4508 Καὶ
1742 4474 1964 4528 προφη-

303 4547 496 4610 τεύσας
552 4545 817 4620 Ἱερεμίας
891 4547 990 4614 τήν
1064 4543 1270 4599 ἅλωσιν
1327 4549 1427 4612 τῆς
1483 4541 1699 4605 πόλεως
1760 4541 1959 4616 δέσμος

304 4633 519 4708 ἐϐλήθη
567 4637 672 4691 ὑπὸ
705 4633 959 4692 Σεδεκίου
999 4634 1052 4690 ἐν
1082 4634 1286 4707 λάκκῳ.
1321 4633 1468 4688 Μετὰ
1497 4630 1554 4688 δὲ
1608 4633 1670 4688 τὸ
1729 4632 1958 4704 λυθῆναι

307 4726 596 4780 αὐτὸντοῦ
647 4723 872 4799 δεσμοῦ,
935 4720 1119 4780 λαϐὼν
1173 4726 1270 4793 τὴν
1308 4717 1543 4778 κιϐωτὸν
1601 4722 1692 4777 καὶ
1747 4723 1810 4778 τὸ
1867 4735 1959 4788 θυ-

307 4816 629 4889 σιαστήριον
679 4816 768 4870 καὶ
797 4815 897 4883 τήν
925 4814 1190 4890 τράπεζαν
1223 4813 1313 4868 καὶ
1343 4813 1442 4882 τὴν
1514 4811 1744 4890 Λυχνίαν
1777 4811 1838 4867 ἐκ
1865 4815 1960 4866 τοῦ

306 4908 441 4958 ναοῦ
468 4903 522 4957 ἐν
555 4903 712 4980 λόγῳ
763 4904 984 4978 Κυρίου,
1021 4901 1326 4976 μέλλουσαν
1356 4904 1457 4972 τήν
1508 4899 1671 4956 πόλιν
1697 4898 1804 4971 ἤδη
1857 4921 1958 4955 πα-

302 4987 772 5067 ραλαμϐάνεσθαι,
830 4993 1159 5065 κατέκρυψεν
1242 4990 1295 5045 ἐν
1359 4988 1552 5062 ἀδήλῳ
1633 4989 1809 5061 τόπῳ’
1869 4988 1960 5043 καὶ

306 5083 420 5162 οὐχ
477 5081 771 5157 εύρέθησαν
826 5081 926 5150 ἔτι,
994 5082 1069 5145 ὠς
1120 5082 1154 5150 ἡ
1213 5085 1319 5135 τῶν
1376 5074 1706 5136 Μακαϐαίων
1765 5073 1961 5152 βίϐλος

307 5170 486 5247 λέγει.
543 5171 606 5229 Ὀ
677 5169 733 5226 δέ
787 5193 850 5247 γε
907 5167 1401 5244 Ναϐουχοδονόσορ
1468 5163 1800 5243 παραλαϐὼν
1859 5169 1959 5236 τήν

301 5261 474 5317 πόλιν
532 5260 790 5336 ἐνέπρησε
845 5261 1039 5316 πὰσαν.
1117 5260 1221 5315 Τὸν
1281 5256 1338 5313 δὲ
1375 5256 1628 5314 Σεδεκίαν
1684 5255 1961 5334 χειρωσά-

305 5373 501 5425 μενος,
551 5352 651 5420 τήν
708 5351 802 5425 μὲν
859 5356 1086 5427 γυναῖκα
1140 5350 1230 5406 καὶ
1284 5350 1350 5405 τὰ
1405 5347 1564 5404 τέκνα
1620 5347 1784 5403 αὐτοῦ
1840 5349 1969 5404 κατ’

377 5479 428 5514 ⁷³
458 5479 578 5534 Jer.
606 5495 745 5547 xxu,
781 5479 868 5533 18.

2084 625 2547 696 regnum,idque
2579 627 2845 684 absolvit.
2871 630 3120 686 Thecel:
3153 633 3215 687 in
3247 636 3471 690 trutina
3500 639 3726 693 exami-

2084 712 2265 774 navit,
2298 729 2364 768 ac
2423 713 2862 786 deprehensum
2895 725 2986 773 est
3040 719 3096 773 id
3130 721 3403 780 deﬁcere.
3455 726 3676 780 Phares
3710 743 3723 780 :

2083 801 2410 858 abscissum
2428 810 2520 859 est
2538 821 2786 876 regnum
2801 812 2969 862 tuum
2988 810 3286 880 Medisque
3305 819 3363 866 et
3382 815 3583 869 Persis
3604 821 3727 870 tra-

2085 889 2294 946 ditum.
2313 894 2499 963 Atque
2515 910 2583 949 ea
2596 893 2724 966 ipsa
2737 902 2910 951 nocte
2925 897 3270 955 interfectus
3288 907 3378 956 est
3391 903 3720 961 Balthasar.

2148 1064 2570 1136 Hierosolymis
2618 1068 2804 1138 captis
2825 1069 3372 1136 Jeremias,tametsi
3398 1089 3531 1126 eum
3551 1075 3722 1129 vehe-

2080 1160 2308 1208 menter
2337 1161 2615 1226 urgerent
2638 1156 2916 1218 Chaldaai,
2952 1163 3150 1213 tamen
3177 1159 3438 1230 praatulit
3468 1160 3547 1215 ibi
3582 1180 3718 1218 cum

2077 1242 2297 1298 relictis
2322 1244 2524 1314 egenis
2555 1247 3196 1318 permanere.Cumque
3230 1254 3386 1302 esset
3410 1249 3473 1303 in
3501 1251 3724 1323 voragi-

2077 1348 2212 1386 nem
2235 1331 2809 1405 abjectus,magnum
2832 1334 3050 1389 librum
3074 1337 3426 1407 composuit.
3453 1339 3533 1392 Eo
3567 1346 3720 1394 tem-

2076 1438 2216 1491 pore
2249 1421 2428 1476 etiam
2461 1421 2870 1477 divinissimus
2919 1425 3256 1480 Ezechielus
3306 1426 3570 1496 captivus
3619 1427 3723 1482 ab-

2075 1510 2311 1577 ductus,
2345 1527 2478 1565 cum
2511 1511 2585 1567 ad
2625 1511 2868 1566 ﬂuvium
2898 1513 3226 1568 Chobarem
3264 1515 3523 1586 degeret,
3557 1517 3720 1572 caelis

2076 1600 2186 1670 ipsi
2214 1601 2433 1671 apertis
2469 1601 2841 1672 majestatem
2873 1603 2974 1657 Dei
3007 1605 3169 1670 vidit,
3200 1613 3439 1660 ventum
3472 1623 3506 1661 a
3536 1607 3720 1662 Borca

2075 1690 2229 1745 200
2260 1690 2959 1764 venientem,nubemque
2983 1695 3044 1748 in
3076 1712 3144 1750 eo
3167 1696 3625 1766 etSplendorem
3651 1697 3716 1752 in

2069 1778 2275 1834 orbem
2307 1780 2882 1846 circumfusum.Quo
2916 1783 3037 1838 viso
3069 1785 3416 1840 Trinitatem
3458 1792 3546 1841 est
3576 1787 3717 1841 ima-

2067 1869 2414 1940 ginatusti
2429 1877 2488 1925 et
2499 1872 2960 1928 Cherubinorum
2973 1874 3116 1928 vidit
3127 1878 3718 1946 reprmsentationem

2068 1956 2130 2011 in
2151 1957 2341 2012 forma
2358 1959 2636 2028 hominis,
2668 1961 2854 2029 vituli,
2888 1962 3080 2018 leonis
3099 1969 3157 2018 et
3175 1965 3413 2034 aquilas,
3437 1982 3505 2019 ac
3537 1982 3717 2036 supra

2069 2046 2176 2100 hos
2190 2047 2499 2118 quemdam
2513 2049 2774 2104 humana
2787 2051 3289 2121 specie,nimirum
3302 2054 3489 2108 Deum
3503 2054 3603 2123 qui
3618 2053 3717 2108 hu-

2070 2150 2308 2190 manam
2332 2141 2606 2190 naturam
2625 2136 3119 2208 induit,cernens,
3135 2139 3234 2210 qui
3261 2156 3395 2195 eum
3419 2140 3715 2195 Israelicis

2068 2228 2255 2277 vatem
2269 2224 2577 2279 constituit
2599 2226 3052 2298 futurorumque
3084 2229 3410 2300 cognitioni
3435 2228 3712 2284 initiavit.

2141 2311 2275 2366 Post
2312 2313 2639 2368 Joacimum
2668 2315 2980 2370 Jechonias
3012 2315 3169 2372 ﬁlius
3198 2317 3349 2388 ejus,
3373 2317 3468 2372 cui
3500 2325 3555 2372 et
3585 2319 3712 2372 Joa-

2070 2401 2263 2455 chimo
2286 2418 2505 2456 nomen
2528 2403 2656 2470 fuit,
2659 2403 2830 2473 jussu
2851 2403 3452 2461 Nabuchodonosoris
3466 2423 3714 2479 regnum

2069 2489 2314 2559 accepit.
2353 2489 2505 2544 Vixit
2535 2496 2594 2544 et
2633 2491 2759 2562 ipse
2790 2492 3058 2562 impie,et
3087 2493 3377 2548 tributum
3415 2494 3573 2550 mala
3598 2494 3712 2548 ﬁde

2068 2577 2368 2648 persolvit.
2407 2581 2732 2651 Eapropter
2784 2581 2857 2636 ad
2902 2581 3307 2654 Hierosolyma
3339 2599 3543 2638 rursus
3573 2600 3708 2639 cum

2069 2667 2331 2721 exercitu
2352 2666 2894 2724 Nabuchodonosor
2917 2671 3168 2725 accessit
3185 2671 3513 2742 urbemque
3544 2671 3712 2727 obse-

2068 2753 2171 2809 dit.
2206 2756 2358 2809 Exiit
2387 2755 2460 2810 ad
2491 2773 2628 2812 cum
2656 2759 2970 2813 Jechonias
3001 2777 3136 2814 cum
3168 2766 3376 2824 matre,
3410 2760 3616 2816 liberis
3645 2767 3706 2816 et

2067 2843 2528 2914 primoribus.Et
2544 2846 2645 2917 qui
2671 2853 2840 2902 erant
2861 2848 3017 2918 apud
3041 2848 3706 2918 Nabuchodonosorem,

2067 2933 2244 3002 primi
2261 2933 2320 2987 in
2342 2933 2551 2988 urbem
2567 2933 2816 3005 ingressi
2837 2936 3150 2990 thesauros
3172 2942 3291 2992 tam
3311 2954 3508 2992 sacros
3531 2956 3710 3008 quam

2067 3022 2260 3092 regios
2309 3023 2628 3093 omniaque
2659 3039 2840 3080 aurea
2888 3023 3094 3096 templi
3138 3027 3239 3080 Dei
3286 3027 3706 3095 instrumenta,

2068 3127 2196 3180 qua)
2229 3109 2504 3166 Salomon
2533 3111 2772 3181 fecerat,
2808 3119 3212 3184 exportarunt.
3246 3113 3594 3170 Sedechiam
3627 3132 3714 3171 re-

2065 3219 2179 3275 gno
2213 3203 2502 3260 Barbarus
2550 3204 2839 3275 prmfecit,
2867 3206 3168 3272 Jechonia,
3217 3224 3352 3263 cum
3385 3208 3433 3262 is
3473 3223 3711 3263 menses

2065 3299 2185 3348 tres
2216 3310 2463 3366 regnum
2521 3296 2820 3366 gessisset,
2855 3313 2976 3352 una
3031 3315 3167 3353 cum
3199 3304 3388 3354 matre
3445 3303 3504 3353 et
3533 3298 3705 3370 prin-

2067 3383 2296 3455 cipibus
2322 3385 2682 3456 Babylonem
2709 3386 3038 3458 deportato.
3062 3389 3142 3443 De
3169 3389 3281 3443 hoc
3308 3388 3592 3444 Jechonia
3622 3388 3707 3442 sic

2064 3472 2345 3527 Jeremias
2363 3475 2763 3544 pronuntiavit
2778 3475 2824 3510 ⁷³
2851 3493 2911 3529 ;‹‹
2943 3476 3174 3532 Nullius
3193 3477 3369 3548 pretii
3390 3481 3482 3532 est
3498 3477 3708 3532 Jecho-

2065 3561 2470 3633 nias,perinde
2501 3569 2678 3634 atque
2711 3581 2807 3619 vas
2838 3564 3023 3620 nullis
3052 3566 3258 3621 usibus
3289 3566 3707 3622 idoneum.Est

2066 3649 2223 3704 enim
2257 3651 2542 3717 ab'ectus,
2575 3657 2634 3706 et
2664 3652 2888 3722 ejectus
2918 3655 2980 3708 in
3012 3660 3231 3710 terram
3277 3654 3390 3710 sibi
3421 3655 3706 3727 ignotam,

2067 3739 2140 3793 ad
2165 3739 2472 3795 Dominus.
2507 3743 2550 3795 Ο
2583 3747 2760 3806 terra,
2810 3748 2988 3807 terra,
3020 3743 3156 3797 audi
3207 3759 3543 3798 sermonem
3572 3744 3704 3798 Dei.

2066 3829 2264 3886 Scribe
2314 3831 2471 3887 hunc
2529 3832 2856 3888 hominem.
2913 3833 3102 3888 virum
3154 3833 3540 3889 abdicatum:
3587 3851 3708 3888 non

2067 3919 2226 3974 enim
2248 3937 2511 3990 unquam
2535 3938 2606 3976 ex
2631 3922 2858 3977 semine
2881 3923 3011 3993 ejus
3033 3923 3334 3978 adolescet
3372 3924 3478 3990 vir,
3511 3924 3611 3994 qui
3644 3923 3707 3978 in

2067 4009 2214 4063 solio
2248 4009 2521 4064 Davidico
2554 4009 2757 4065 sedeat
2797 4017 2901 4067 aut
2928 4028 3102 4082 porro
3152 4013 3214 4067 in
3243 4013 3392 4068 Juda
3434 4013 3712 4084 princeps

2068 4100 2158 4155 sit.
2183 4122 2211 4149 ››
2245 4102 2390 4172 Ergo
2421 4105 2556 4171 post
2582 4101 2925 4156 Jechoniam
2958 4109 3204 4172 patruus
3232 4104 3361 4173 ejus
3393 4103 3711 4159 Sedechias

2066 4189 2352 4260 regnavit,
2379 4189 2482 4258 qui
2531 4196 2588 4243 et
2626 4189 2752 4259 ipse
2809 4192 2989 4244 Deum
3041 4207 3147 4245 sua
3195 4191 3310 4246 vita
3355 4192 3606 4246 offendit
3653 4199 3712 4248 et

2067 4279 2222 4351 pacti
2242 4278 2443 4334 tributi
2463 4279 2640 4334 ﬁdem
2659 4279 2804 4336 τοι
2833 4279 3065 4335 fefellit.
3098 4282 3350 4336 Rursum
3371 4281 3571 4351 itaque
3601 4281 3710 4336 Na-

2070 4369 2523 4424 buchodonosor
2547 4369 2621 4424 ad
2653 4369 3056 4441 Hierosolyma
3086 4371 3354 4434 accessit,
3379 4371 3708 4442 urbemque

2071 4459 2379 4514 biennium
2401 4459 2995 4529 obseditJeremiam,
3028 4461 3152 4516 fore
3181 4467 3250 4516 ut
3278 4461 3418 4516 urbs
3445 4463 3712 4532 capiatur

2071 4549 2833 4618 vaticinantem,Sedechias
2851 4551 3110 4606 vinctum
3136 4551 3196 4606 in
3223 4553 3450 4606 foveam
3474 4552 3709 4620 abjecit.

2069 4641 2122 4692 Is
2155 4645 2470 4710 postquam
2516 4639 2745 4696 solutus
2778 4646 2886 4702 est.
2923 4641 3176 4712 jamjam
3208 4639 3498 4712 capienda
3541 4643 3710 4708 urbe,

2062 4728 2236 4798 jussu
2267 4728 2369 4782 Dei
2397 4744 2788 4790 arcam,aram
2820 4735 2878 4784 et
2907 4745 3176 4784 mensam
3209 4736 3266 4784 et
3299 4729 3605 4784 lucernam
3636 4729 3709 4784 de

2071 4816 2288 4888 templo
2328 4817 2594 4882 abstulit,
2628 4824 2686 4872 et
2714 4817 2845 4872 loco
2895 4818 3092 4889 ignoto
3133 4817 3485 4882 occultavit;
3518 4833 3714 4888 neque

2070 4905 2282 4961 deinde
2317 4923 2388 4961 ea
2416 4907 2654 4961 inventa
2685 4912 2841 4975 sunt,
2882 4907 2968 4962 uti
3014 4907 3256 4978 quidem
3288 4905 3441 4961 liber
3490 4906 3714 4960 Macha-

2069 4995 2334 5050 baaorum
2366 4995 2722 5052 tradit.Urbe
2753 4997 2976 5067 potitus
3008 4996 3551 5052 Nabuchodonosor
3581 5011 3712 5049 eam

2072 5090 2250 5140 totam
2303 5085 2582 5141 incendio
2620 5086 2884 5141 vastavit.
2933 5086 3278 5142 Sedechiam
3319 5101 3452 5141 vero
3503 5088 3712 5138 nactus

2070 5191 2315 5230 uxorem
2358 5175 2487 5245 ejus
2538 5180 2597 5230 et
2624 5174 2841 5229 liberos
2890 5175 3018 5246 ipso
3067 5176 3292 5230 vivente
3349 5173 3710 5229 trucidavit:

2073 5267 2196 5318 tum
2228 5264 2341 5335 ipsi
2362 5264 2565 5318 oculos
2588 5265 2762 5330 eruit,
2799 5269 2974 5334 atque
2999 5264 3059 5319 in
3081 5264 3330 5319 vinculis
3355 5263 3716 5336 Babylonem

2072 5352 2338 5420 abduxit,
2370 5370 2504 5408 cum
2540 5354 2589 5408 is
2620 5354 2945 5410 triennium
3004 5355 3376 5426 imperasset.
3424 5352 3716 5426 Populum

1515 5565 1882 5619 XYLANDRI
1923 5567 2011 5621 ΕΤ
2047 5567 2257 5620 GNARI
2297 5567 2516 5620 NOTAE.

375 5659 492 5729 (91)
529 5651 811 5730 Βόρϐορυς
854 5673 1096 5730 caenum
1129 5655 1444 5729 signiﬁcat,
1503 5653 1613 5709 fuit
1643 5659 1840 5708 autem
1900 5654 1960 5709 in
2003 5655 2232 5711 foveam
2293 5656 2621 5728 conjectus,
2680 5673 2800 5711 non
2860 5673 3011 5730 aqua
3062 5657 3160 5714 sed
3221 5675 3385 5714 ραιηο
3445 5657 3721 5724 obsitam,

291 5732 317 5784 J
327 5746 524 5786 erem.
558 5729 790 5785 xxxviii.
821 5729 955 5785 XVL.

630 5841 899 5900 Ρλτιοι..
944 5841 1060 5900 GI.
1107 5837 1312 5899 CXXI.

3353 5841 3391 5896 8
