4118 6284
331 407 447 469 23⁸1

1493 408 2032 474 ΕΙΞΤΟΙΠΑΒΠΜ
2082 407 2625 473 COMPENDIUM.

3631 410 3752 469 238

333 537 594 614 ετείχισεν
623 539 961 614 άξιολόγῶς·
995 541 1058 596 τὸ
1095 537 1258 615 βάθος
1317 540 1489 610 αὐτῆς
1545 541 1757 618 ὀργυιαὶ
1810 541 1880 608 κ’,
1933 540 1983 596 τέ

2113 541 2442 600 stadiorum
2473 540 2759 612 40.Supra
2787 540 2945 596 hunc
2963 539 3246 611 plantavit
3275 539 3471 597 omnis
3518 543 3752 612 generis

337 626 393 684 δὶ
420 648 748 706 περιμετρον
785 629 956 699 αὐτῆς
1008 627 1197 686 στάδια
1259 634 1329 700 μ’.
1388 631 1642 703 ’Ὑπερθεν
1703 627 1761 686 δὶ
1816 628 1986 698 αὐτῆς

335 717 687 796 κατεούτευσε
744 715 935 794 δένδρα
998 715 1341 790 παντοδαπὰ,
1405 720 1482 781 ὡς
1549 722 1986 792 παρομοιοῦσθαι

337 805 652 870 δασυτάτοις
711 804 910 883 ὄρεσιν·
979 807 1009 862 ὅ
1093 808 1182 863 καὶ
1265 809 1575 884 κρεμαστὸν
1662 805 1986 884 παράδεισον

339 896 638 968 ὠνόμασενο
675 895 727 950 ἐν
783 897 934 967 αὐτῷ
990 897 1124 967 μετά
1175 899 1284 952 τῶν
1346 901 1617 970 γυναικῶν
1671 896 1840 953 αὐτοῦ
1897 915 1986 951 πε·

337 985 614 1061 ριπολῶν,
645 985 896 1047 καὶτοὺς
950 985 1098 1042 κάτω
1153 991 1402 1059 καθορῶν
1459 983 1510 1056 ἐξ
1566 984 1838 1053 ἀπόπτου,
1896 981 1982 1040 ὕπ’

337 1072 560 1137 οὐδενὸς
601 1079 709 1130 τῶν
766 1075 1003 1131 κάτωθεν
1061 1073 1260 1148 ὡρᾶτο.
1317 1076 1524 1132 ’Κκεῖσε
1589 1072 1986 1148 διαπορευόμε-

329 1184 421 1226 νος
454 1165 541 1238 [Ρ.
578 1166 702 1237 116]
735 1165 965 1238 στόματι
1028 1163 1360 1240 ὑπερηφάνῳ
1409 1163 1571 1222 εἶπεν·
1617 1187 1646 1219 ιι
1679 1163 1803 1238 Οὐχ
1845 1161 1980 1233 αὕτη

334 1252 478 1309 ἐστὶν
508 1256 546 1323 ἡ
585 1249 842 1310 Βαϐυλὼν
871 1256 906 1322 ἡ
943 1251 1178 1329 μεγάλη,
1219 1252 1286 1322 ἢν
1343 1252 1449 1329 ὶγὼ
1499 1253 1574 1315 εἰς
1625 1253 1775 1313 οἶκον
1831 1253 1983 1327 βασις

330 1341 484 1405 λείας
513 1341 570 1400 ἐν
598 1349 678 1416 τῷ
709 1345 892 1416 κράτει
933 1351 1036 1414 τῆς
1081 1343 1276 1418 ἰσχύος
1335 1363 1462 1416 μου,
1514 1342 1589 1405 εἷς
1646 1343 1817 1415 τιμήν
1883 1348 1984 1410 τῆς

331 1429 496 1502 δόξης
528 1455 631 1506 μου
665 1431 1040 1506 ᾠκοδόμησας
1074 1457 1101 1488 n
1138 1432 1241 1491 Καὶ
1291 1427 1372 1489 ἔτι
1419 1436 1516 1490 τοῦ
1572 1430 1744 1505 λόγου
1801 1431 1854 1489 ἂν
1905 1437 1983 1503 τῷ

325 1522 562 1594 στόματι
594 1523 762 1580 αὐτοῦ
811 1521 964 1586 ὄντος
1023 1523 1175 1600 φωνή
1233 1520 1292 1577 ἐκ
1346 1525 1443 1576 τοῦ
1496 1521 1730 1594 οὐρανοῦ
1775 1520 1979 1596 γέγονεο

325 1636 356 1663 ι(
383 1612 487 1668 Σοὶ
519 1609 734 1688 λέγεται
764 1607 1286 1687 Ναϐουχοδονόσορ’
1331 1611 1392 1669 Ἡ
1428 1607 1678 1684 βασιλεία
1707 1630 1803 1669 σου
1841 1629 1982 1684 παρ-

329 1700 500 1769 ἦλθεν
527 1700 635 1757 ἀπὸ
694 1704 812 1771 σοῦ,
869 1700 960 1755 καὶ
1018 1701 1125 1757 ἀπὸ
1178 1701 1474 1774 ανθρώπων
1531 1695 1846 1768 ἐκδιώξουσί
1901 1718 1976 1769 σε,

322 1790 416 1844 καὶ
455 1791 590 1859 μετὰ
643 1790 1264 1863 θηρίωνήκατοίκησίς
1320 1809 1436 1857 σου,
1491 1787 1578 1844 καὶ
1638 1787 1838 1861 χόρτον
1903 1788 1978 1850 ὡς

329 1879 461 1952 βοῦν
519 1879 799 1951 ψωμιοῦσί
859 1899 938 1950 σε,
994 1879 1085 1936 καὶ
1147 1878 1282 1934 ἑπτὰ
1334 1877 1516 1950 καιροὶ
1574 1874 1978 1952 ἀλλαγήςονται

323 1966 417 2024 ἆπὶ
451 1967 529 2038 οἱ,
558 1966 664 2029 ἳως
696 1968 758 2022 οὗ
786 1972 926 2041 γνῷς
958 1963 1041 2022 ὅτι
1071 1967 1308 2042 κυριεύει
1345 1967 1372 2021 ὁ
1420 1969 1676 2041 ”ὶ“ψιστος
1722 1972 1824 2034 τῆς
1882 1966 1976 2040 βα-

329 2055 544 2118 σιλείας
574 2062 683 2114 τῶν
742 2058 1070 2132 ἀνθρώπων,
1120 2057 1211 2112 καὶ
1252 2059 1297 2129 ᾧ
1345 2055 1405 2112 ἄν
1467 2056 1592 2131 δόξῃ
1650 2054 1812 2112 δώσει
1868 2058 1976 2112 αύ-

324 2147 452 2214 τῆν.
487 2170 515 2199 υ
547 2147 646 2202 Καὶ
703 2146 841 2211 αὐτῆ
895 2150 965 2220 τῇ
1019 2145 1194 2221 ὥρᾳὸ
1227 2145 1393 2221 λόγος
1452 2145 1828 2213 συνετελέσθη,
1886 2144 1976 2201 καὶ

325 2234 435 2290 ἀπὸ
505 2239 615 2290 τῶν
695 2232 997 2309 ἂνθρώπων
1082 2231 1364 2303 ἐξεδιώθη,
1440 2233 1530 2290 καὶ
1611 2231 1662 2290 ἕν
1745 2231 1976 2307 ἰρήμοιε

321 2320 564 2392 ηὐλίσθη
596 2324 682 2378 καὶ
718 2322 886 2395 ὄρεσι.ο
929 2322 1117 2398 γέγονε
1168 2323 1270 2398 γὰρ
1325 2323 1392 2378 τὰ
1449 2319 1749 2396 ἔμπροσθεν
1807 2321 1976 2380 αὐτοῦ

326 2413 421 2470 σὺν
455 2415 524 2484 τῇ
549 2411 762 2489 κεφαλῇ
794 2413 869 2472 ὡς
913 2412 1065 2486 βοῦς,
1115 2413 1205 2467 καὶ
1239 2412 1291 2466 οἱ
1335 2408 1494 2473 πόδες
1535 2411 1628 2470 σὺν
1676 2415 1793 2472 τοῖς
1852 2409 1976 2470 ὀπι-

326 2499 503 2563 σοίοις
534 2500 609 2562 ὡς
672 2499 832 2558 λέων.
894 2500 1274 2579 Ἀπεκαλόφθη
1335 2498 1391 2554 δὲ
1446 2504 1524 2571 τῷ
1581 2499 1723 2576 ἁγίῳ
1773 2497 1974 2566 Δανιὴλ

328 2591 456 2664 περὶ
486 2589 707 2657 τούτου,
739 2588 824 2644 ὅτι
883 2587 974 2646 διὰ
1029 2591 1126 2657 τήν
1190 2588 1388 2668 ἄλογον
1429 2589 1596 2647 αύτοῦ
1649 2586 1975 2661 φιληδονίαν

321 2679 409 2735 καὶ
445 2676 884 2754 σκληροκαρδίαν
941 2679 1044 2735 ὑπὸ
1103 2679 1264 2754 ζυγὸν
1312 2679 1386 2739 ὡς
1447 2680 1578 2751 βοῦς
1638 2677 1844 2752 ἐγένετο
1901 2681 1979 2747 τῷ

323 2764 550 2842 Βελίαρ·
587 2765 727 2824 λέων
760 2765 837 2835 δὲ,
871 2765 960 2825 διὰ
1007 2768 1098 2824 τὸν
1146 2767 1461 2843 τυραννικὸν
1509 2767 1596 2825 καὶ
1645 2767 1974 2842 ἁρπακτικὸν

321 2859 409 2913 καί
465 2855 900 2931 θηριωδέστατον
960 2858 1127 2914 αὐτοῦ
1183 2857 1404 2932 τρόπον’
1465 2859 1518 2914 οἱ
1571 2857 1672 2932 γάρ
1727 2854 1976 2916 δυνάσται

319 2945 519 3015 ταύτην
568 2945 759 3021 ἔχουσι
813 2948 911 3014 τὴν
963 2946 1170 3021 ἀρχὴν,
1222 2945 1310 3005 ἐπὶ
1363 2944 1510 3002 τέλει
1569 2942 1626 3002 δὲ
1682 2945 1756 3008 ὡς
1815 2952 1976 3020 θῆρες

321 3035 662 3109 ἁρπάζουσιν
716 3034 1099 3111 ὀλοθρεύοντες
1156 3035 1246 3092 καὶ
1325 3036 1693 3110 ἀναιροῦντες.
1747 3035 1844 3088 Καὶ
1901 3035 1976 3096 ὡς

322 3124 448 3198 βοῦς
476 3122 641 3192 ⁴ἤσθιε
673 3126 899 3199 χόρτον,
929 3125 1022 3181 καὶ
1066 3126 1119 3182 αἱ
1177 3126 1369 3199 τρίχες
1428 3124 1591 3182 σύτοῦ
1640 3123 1975 3194 ηὐξήθησαν,

319 3213 404 3267 καὶ
446 3215 500 3268 o't
557 3209 756 3288 ὄνυχες
825 3214 1078 3288 ἐγένοντο
1141 3214 1218 3276 ὡς
1278 3213 1494 3288 ὀρνέου,
1553 3214 1708 3282 καὶὴ
1741 3213 1869 3288 σὰρξ
1927 3213 1977 3272 ἐν

329 3302 462 3358 Emi
485 3308 696 3376 καιροῖς
736 3301 1013 3380 ἑπαχύννη
1073 3302 1162 3358 καὶ
1224 3301 1552 3374 ἐμελανώθη
1613 3306 1680 3374 τῇ
1732 3322 1973 3360 κακοπα-

341 3387 473 3457 θείᾳ,
505 3389 646 3458 καὶὴ
674 3389 902 3463 γλῶσσα
935 3391 1099 3448 αὐτοῦ
1146 3391 1290 3465 ἤρθη
1335 3389 1431 3447 τοῦ
1481 3392 1557 3463 μή
1615 3389 1824 3448 λαλεῖν.
1876 3391 1974 3450 Καὶ

333 3481 468 3531 νοῶν
495 3479 644 3542 εὐθὺς
674 3476 924 3553 ἐδάκρυε,
956 3481 1047 3534 καὶ
1101 3479 1209 3535 ἀπὸ
1256 3484 1359 3534 τοῦ
1407 3479 1617 3539 κλαίειν
1666 3481 1718 3536 οἱ
1773 3480 1979 3557 ὀφθαλ-

328 3567 612 3639 μοίαύτοῦ
653 3567 901 3642 ἐγένοντο
961 3569 1036 3632 ὡς
1090 3569 1272 3643 κρέας.
1332 3569 1430 3628 Καὶ
1488 3570 1695 3629 πολλοὶ
1752 3567 1976 3642 ἐξιόντες

319 3657 422 3735 οὐχ
473 3659 664 3730 ἑώρων
720 3659 884 3717 αὐτὸν
944 3658 1090 3727 πλὴν
1150 3663 1248 3714 τοῦ
1307 3659 1460 3715 ὁσίου
1520 3658 1753 3730 Δανιήλν
1819 3660 1977 3722 οὗτος

327 3748 432 3820 γὰρ
488 3748 670 3804 πάντα
736 3748 830 3802 τὸν
890 3749 1088 3822 χρόνον
1147 3755 1249 3816 τῆς
1304 3747 1659 3811 ἀλλοιώσεως
1717 3749 1879 3806 αὐτοῦ
1925 3749 1977 3808 ἰν

319 3843 667 3915 προσευχαῖς
703 3839 772 3906 ἦν
803 3838 934 3910 περέ
975 3837 1158 3894 αὐτοῦ.
1213 3839 1313 3894 Καὶ
1367 3840 1501 3911 μετά
1553 3840 1616 3893 τὸ
1673 3839 1982 3916 ἀλλαγῆναι

325 3930 457 3990 τοὺς
523 3927 661 3982 ἑπτὰ
717 3928 939 4001 καιροὺς
1020 3926 1360 3998 ἀποκατέστη
1449 3929 1524 3990 εἰς
1619 3929 1824 3995 ἑαυτὸν,
1891 3930 1981 3987 καὶ

325 4016 557 4085 ἐποίησε
586 4010 640 4085 ἕξ
679 4012 852 4087 ἥμισυ
909 4016 1140 4092 χρόνους
1200 4016 1516 4075 ὑποπίπτων
1573 4019 1660 4074 καὶ
1720 4017 1984 4090 ἐξομολο-

326 4108 604 4182 γούμενος
636 4111 714 4177 τῷ
743 4105 950 4181 Κυρίῳ,
990 4109 1131 4178 μήτε
1179 4105 1338 4181 ἄρτον
1389 4109 1594 4186 φαγὼν,
1652 4111 1790 4180 μήτε
1833 4112 1982 4165 οἶνον

328 4197 499 4262 πιὼν,
534 4193 660 4250 ἀλλ’
691 4194 741 4252 ἐν
779 4195 1026 4266 ὀσπρίοις
1059 4199 1309 4271 βρεκτοῖς
1339 4196 1430 4253 καὶ
1471 4194 1733 4271 λαχάνοις
1787 4196 1984 4267 διαζῶν

332 4284 474 4340 κατᾶ
501 4286 604 4354 τὴν
631 4288 727 4339 τοῦ
761 4283 1006 4360 μεγάλου
1047 4285 1250 4353 Δανιὴλ
1298 4284 1699 4361 προσλάλησιν,
1749 4287 1838 4342 καὶ
1890 4288 1982 4344 τὸν

336 4374 540 4449 Κύριον
597 4372 977 4446 ὶξιλεούμενος
1033 4374 1209 4431 πάντα
1265 4376 1360 4433 τὸν
1422 4374 1619 4449 χρόνον
1672 4383 1773 4444 τῆς
1840 4383 1988 4446 ζωῆς

338 4463 528 4520 αὐτοῦ.
590 4463 736 4519 Μετᾶ
792 4460 850 4517 δὲ
908 4467 1076 4520 ταῦτα
1132 4462 1298 4520 πάλιν
1348 4465 1512 4537 φησὶν
1566 4465 1594 4520 ὁ
1652 4465 1808 4527 αὐτὸς
1865 4467 1988 4540 περὶ

339 4560 443 4620 τῆς
473 4552 669 4610 ἑαυτοῦ
698 4552 1203 4613 ἀποκαταστάσεως·
1245 4577 1273 4605 ι(
1304 4553 1393 4611 Ἐν
1451 4557 1531 4624 τῷ
1569 4558 1746 4629 καιρῷ
1797 4553 1986 4627 ἐκείνῳ

330 4642 386 4696 αἱ
419 4642 608 4717 φρένες
645 4660 751 4711 μου
785 4640 1192 4721 ἐπεστράφησαν
1234 4641 1316 4699 ἐπ’
1371 4641 1491 4714 ἐμὲ,
1539 4643 1630 4700 καὶ
1687 4643 1763 4703 είς
1810 4645 1980 4717 τιμὴν

333 4730 435 4796 τῆς
472 4729 755 4805 βασιλείας
813 4751 918 4802 μου
976 4730 1167 4803 ἦλθον,
1233 4731 1321 4787 οιαὶ
1377 4733 1411 4801 ἡ
1475 4733 1658 4809 μορφή
1724 4753 1828 4806 μου
1895 4734 1992 4790 ἰπ-

331 4819 587 4893 ἑςτρεψεδ
629 4818 708 4874 ἄπ’
763 4819 883 4891 ἐμὲ,
918 4819 1005 4874 καὶ
1067 4821 1119 4874 οἱ
1175 4820 1428 4894 τύραννοί
1492 4814 1597 4892 μου
1649 4823 1738 4878 καὶ
1796 4824 1849 4877 οἱ
1903 4845 1991 4895 με-

331 4907 585 4983 γιστᾶνες
627 4927 731 4980 μου
791 4905 1016 4977 ἐζήτουν
1075 4927 1162 4979 με,
1221 4907 1313 4964 καὶ
1369 4908 1494 4983 περὶ
1549 4911 1648 4979 τήν
1709 4909 1988 4984 βασιλείαν

339 5018 451 5070 μου
533 4995 926 5070 ἱκραταιώθην,
1010 4996 1100 5051 καὶ
1192 4995 1554 5074 μεγαλωσύνη
1638 4998 1992 5074 περισσοτέρα

330 5085 492 5154 ἐτέθη
525 5106 642 5158 μοι.
688 5089 794 5141 Νῦν
851 5083 940 5142 οὖν
995 5084 1102 5158 ἐγὼ
1161 5081 1653 5161 Ναϐουχοδονόσορ
1706 5087 1840 5144 αἶ’νῶ
1898 5090 1988 5144 καὶ

330 5176 599 5247 ὁπερυψῶ
620 5174 711 5229 καὶ
747 5171 958 5247 δοξάζω
1012 5174 1106 5230 τὸν
1162 5174 1393 5250 βασιλᾶα
1438 5179 1535 5232 τοῦ
1593 5176 1848 5251 οὐρανοῦ,
1905 5179 1988 5234 ὅτι

328 5264 514 5320 πάντα
543 5263 612 5318 τὰ
643 5260 771 5337 ἔργα
800 5261 964 5319 αὐτοῦ
1018 5259 1278 5334 ἀληθινὰ,
1338 5262 1425 5319 καὶ
1483 5264 1539 5320 αἱ
1584 5261 1766 5339 τρίϐοι
1826 5265 1989 5323 αὐτοῦ

324 5352 563 5426 κρίσεις,
627 5351 717 5406 καὶ
773 5351 978 5414 πάντας
1036 5350 1163 5413 τοὺς
1219 5350 1621 5426 πορευομένους
1677 5352 1729 5408 ἂν
1790 5355 1988 5428 ὑπερη·

327 5440 501 5517 φανίᾳ
559 5439 778 5496 δύναται
839 5441 1186 5497 ταπεινῶσαι.
1224 5464 1250 5491 ››
1312 5443 1428 5509 Τήν
1482 5441 1666 5500 τοίνυν
1724 5441 1784 5500 ἐκ
1852 5447 1988 5502 Θεοῦ

327 5529 584 5594 δοθεῖσαν
641 5525 987 5587 πολυολϐίαν
1043 5530 1238 5604 ῥώμην
1295 5550 1354 5586 τε
1409 5531 1498 5587 καὶ
1572 5533 1914 5610 περιφάνειαν
1958 5534 1986 5587 ὁ

326 5624 483 5685 θεῖος
567 5617 736 5696 λόγος
822 5618 1175 5698 ὑπεμφαίνων
1261 5616 1350 5678 διὰ
1434 5619 1702 5694 Ἰερεμίου
1772 5623 1983 5695 φάσκει·

319 5735 353 5766 ιι
390 5706 537 5768 Τάδε
570 5706 716 5786 λέγει
760 5707 983 5783 Κύριος·
1039 5706 1180 5768 Ἰδοὺ
1228 5706 1439 5769 δέδωκα
1491 5712 1573 5782 [Ρ.
1629 5713 1754 5783 117]
1812 5715 1982 5765 πᾶσαν

403 5828 451 5863 ⁷⁴
493 5828 637 5885 Dan.
672 5844 750 5897 1v,
777 5827 959 5880 31-34.
1035 5825 1084 5860 ’³⁵
1112 5827 1224 5882 Jer.
1257 5844 1451 5892 xxvm,
1496 5828 1578 5882 ili.
1657 5828 1700 5863 ⁷⁸
1728 5829 1842 5883 Jer.
1879 5846 1948 5899 νι,
1992 5830 2078 5885 23.

2103 630 2368 696 arbores,
2435 629 2517 686 ita
2563 634 2628 686 ut
2667 629 2856 686 monti
2917 629 3116 687 densis
3174 627 3487 689 arboribus
3559 628 3750 690 obsito

2103 721 2310 781 hortus
2343 718 2557 780 similis
2596 717 2895 772 videretur
2929 733 2942 770 :
2977 717 3292 788 appellavit
3339 717 3467 792 ipse
3511 717 3749 776 hortum

2102 809 2416 880 pensilem.
2455 810 2515 865 In
2547 824 2615 866 eo
2647 823 2782 864 cum
2805 806 3156 864 mulieribus
3188 807 3309 862 suis
3342 805 3610 878 degebat,
3644 808 3750 866 de-

2101 915 2280 969 super
2311 897 2512 957 omnia
2569 912 2840 963 cernens,
2897 895 3023 967 ipse
3084 896 3350 951 omnium
3406 897 3749 972 conspectui

2099 991 2427 1060 exemptus.
2453 986 2536 1046 lbi
2557 983 2951 1044 obambulans
2999 989 3347 1055 arroganter
3374 985 3457 1042 ita
3477 991 3564 1044 est
3596 986 3748 1044 fatus

2101 1099 2127 1126 ‹‹
2159 1078 2365 1138 Nonne
2395 1076 2521 1136 haec
2556 1080 2646 1130 est
2670 1090 2881 1146 magna
2903 1071 3044 1128 urbs
3068 1072 3348 1145 Babylon,
3391 1090 3567 1148 quam
3601 1075 3748 1130 meis

2100 1184 2203 1240 ego
2236 1168 2460 1229 viribus
2491 1167 2636 1228 mihi
2671 1166 2895 1238 regiam
2927 1165 3212 1229 exstruxi,
3245 1165 3449 1237 glorias
3472 1166 3616 1221 mihi
3649 1167 3752 1223 ho-

2097 1258 2350 1328 norique
2382 1257 2641 1318 futuram
2665 1255 2692 1310 Ἰ
2715 1278 2742 1306 ››
2765 1272 2900 1315 cum
2929 1254 3123 1313 adhuc
3146 1254 3206 1312 in
3227 1271 3328 1309 ore
3349 1254 3401 1310 ei
3426 1254 3552 1312 haec
3576 1255 3752 1314 verba

2097 1347 2412 1410 haererent.
2436 1363 2542 1402 vox
2569 1344 2642 1400 de
2674 1345 2820 1402 cmlo
2853 1343 3011 1400 edita
3043 1348 3131 1397 est
3180 1343 3334 1402 talis.
3368 1366 3395 1393 «
3456 1343 3583 1400 Tibi
3638 1345 3749 1401 hoc

2095 1452 2128 1488 ο
2159 1434 2724 1501 Nabuchodonosor,
2768 1433 3030 1492 dicitur:
3063 1434 3330 1504 Regnum
3381 1437 3548 1492 tuum
3601 1450 3634 1489 a
3691 1439 3747 1490 te

2093 1524 2359 1583 ablatum
2392 1528 2568 1585 est.et
2588 1522 2660 1580 ab
2683 1521 3029 1582 hominibus
3063 1521 3405 1592 expelleris,
3452 1521 3747 1594 degesque

2095 1612 2252 1672 inter
2279 1612 2456 1680 feras,
2489 1613 2644 1672 204
2667 1611 3044 1682 pascerisque
3079 1617 3360 1680 tanquam
3376 1609 3483 1666 bos
3521 1611 3743 1682 herbis,

2092 1709 2440 1772 septemque
2463 1718 2651 1761 annos
2675 1703 2802 1761 haec
2823 1701 3072 1761 mutatio
3100 1699 3358 1767 durabit,
3382 1700 3523 1756 dum
3549 1700 3742 1758 discas

2091 1791 2462 1850 Altissimum
2486 1791 2546 1850 in
2575 1806 2756 1861 regna
2773 1791 3082 1850 hominum
3103 1795 3456 1861 potestatem
3489 1790 3741 1849 habere:

2091 1879 2190 1948 qui
2220 1893 2492 1950 regnum,
2513 1879 2606 1934 cui
2633 1879 2792 1942 velit,
2825 1878 2950 1948 ipse
2999 1877 3303 1934 concedat.
3342 1899 3370 1926 »
3400 1880 3470 1935 Et
3515 1895 3584 1935 ea
3615 1878 3744 1952 ipsa.

2091 1967 2236 2026 hora
2265 1967 2544 2037 impletus
2585 1972 2673 2025 est
2704 1966 2799 2025 hic
2831 1982 3048 2034 sermo,
3100 1971 3460 2036 exactusque
3505 1967 3578 2024 ab
3634 1967 3741 2024 lio-

2091 2055 2375 2123 minibus,
2422 2055 2483 2113 in
2545 2053 2968 2114 solitudinibus
3023 2059 3079 2108 et
3126 2055 3431 2112 montibus
3480 2054 3739 2113 delituit.

2089 2145 2234 2203 Nam
2266 2144 2430 2214 prior
2477 2144 2744 2214 corporis
2803 2159 2939 2214 pars
2987 2159 3123 2204 cum
3181 2143 3373 2214 capite
3428 2144 3489 2199 in
3551 2143 3739 2214 bovis,

2090 2232 2387 2303 posterior
2447 2249 2581 2290 cum
2641 2232 2893 2303 pedibus
2925 2231 2982 2287 in
3043 2232 3231 2290 leonis
3278 2232 3530 2288 formam
3570 2232 3734 2288 abie-

2090 2328 2251 2382 runt.
2297 2321 2664 2381 Patefactum
2696 2326 2896 2381 autem
2943 2326 3034 2377 est
3081 2321 3254 2380 beato
3307 2321 3545 2377 Danielo
3600 2339 3736 2378 eum

2090 2416 2332 2482 propter
2361 2412 2600 2470 brutam
2625 2411 2992 2482 voluptatum
3015 2411 3402 2482 cupiditatem
3421 2411 3736 2484 cordisque

2092 2501 2554 2563 obstinationem
2586 2502 2798 2560 Beliari
2831 2502 2940 2558 sub
2965 2501 3179 2573 jugum
3211 2501 3402 2556 instar
3424 2501 3583 2560 bovis
3618 2508 3738 2559 tra-

2093 2590 2314 2651 ditum:
2349 2591 2543 2652 leonis
2587 2591 2843 2651 formam
2899 2591 3249 2662 tyrannicis,
3305 2591 3616 2661 rapacibus
3673 2608 3742 2646 ac

2091 2679 2407 2739 ferissimis
2436 2679 2705 2739 moribus
2749 2679 3062 2741 meruisse.
3095 2680 3319 2751 Quippe
3351 2686 3745 2752 prmpotentes

2093 2771 2207 2831 tale.
2239 2769 2459 2828 habent
2490 2769 2821 2837 exordium,
2870 2775 2928 2824 et
2967 2770 3028 2824 in
3089 2769 3204 2829 ﬁne
3239 2771 3500 2828 ferarum
3559 2771 3748 2826 instar

2092 2860 2334 2930 rapiunt
2362 2859 2678 2931 perdentes
2709 2875 2777 2920 ac
2807 2859 3174 2916 necantes.ls
3198 2875 3334 2929 ergo
3364 2859 3528 2919 bovis
3561 2860 3748 2916 instar

2092 2949 2277 3011 herba
2309 2966 2371 3008 se
2391 2950 2569 3020 pavit,
2589 2955 3019 3018 creveruntque
3043 2949 3237 3009 crines
3271 2950 3320 3019 ej
3333 2955 3486 3016 us,et
3515 2966 3742 3021 ungues

2095 3042 2290 3099 avium
2319 3041 2615 3112 unguibus
2646 3040 2875 3097 similes
2901 3040 3038 3096 facti
3087 3045 3245 3105 sunt,
3307 3042 3738 3111 septennioque

2094 3147 2229 3187 caro
2260 3131 2390 3201 ejus
2413 3131 2740 3187 incrassata
2762 3131 3183 3200 est,victusque
3214 3145 3350 3186 eum
3382 3135 3504 3186 tam
3545 3129 3735 3186 fmdus

2094 3219 2424 3291 demigravit
2454 3236 2468 3276 :
2501 3219 2815 3290 ademptus
2847 3225 2936 3276 est
2982 3225 3040 3274 et
3105 3222 3400 3278 sermonis
3455 3237 3623 3286 usus,
3674 3225 3734 3275 et

2088 3325 2291 3366 seeum
2321 3309 2587 3381 cogitans
2613 3308 2979 3380 lacrymabat
3031 3309 3349 3380 ﬂendoque
3409 3310 3560 3368 oculi
3606 3311 3736 3381 ejus

2085 3398 2275 3453 instar
2296 3398 2492 3453 carnis
2525 3397 2744 3451 redacti
2770 3396 3092 3454 sunt.Multi
3108 3404 3306 3456 autem
3325 3416 3461 3457 cum
3477 3400 3728 3466 exirent,

2091 3503 2225 3542 eum
2255 3503 2374 3542 non
2408 3486 2701 3552 viderunt,
2735 3486 2862 3541 solo
2909 3487 3151 3541 Danielo
3193 3493 3458 3559 excepto.
3492 3489 3546 3544 Is
3578 3489 3739 3544 enim

2091 3581 2213 3632 toto
2245 3576 2377 3647 ejus
2407 3576 2756 3632 mutationis
2791 3581 3055 3645 tempore
3086 3593 3192 3646 pro
3227 3576 3353 3646 ipso
3386 3577 3740 3648 deprecatus

2091 3665 2328 3720 assidue
2357 3665 2711 3720 fuitExacto
2746 3665 3057 3734 septennia
3103 3664 3648 3722 Nabuchodonosor
3678 3666 3750 3722 ad

2093 3773 2155 3810 se
2184 3757 2389 3819 rediit,
2431 3774 2651 3826 sexque
2685 3756 2964 3827 deinceps
3014 3773 3204 3812 annos
3270 3763 3324 3811 et
3376 3758 3515 3811 anni
3549 3759 3750 3814 semis-

2093 3863 2218 3901 sem
2253 3846 2466 3917 exegit,
2500 3847 2618 3900 Deo
2651 3861 2780 3902 sese
2827 3845 3228 3900 submittendo
3262 3852 3320 3900 et
3367 3845 3585 3904 delicta
3638 3863 3745 3903 sua

2093 3933 2475 3999 confitendo;
2517 3951 2710 4004 neque
2742 3934 2831 3988 vel
2864 3949 3076 4004 panem
3111 3935 3233 3989 edit
3288 3950 3482 4006 neque
3541 3936 3743 3995 vinum

2097 4023 2262 4089 bibit,
2289 4023 2466 4077 vitam
2486 4023 2834 4078 madefactis
2859 4024 3264 4092 leguminibus
3288 4029 3348 4082 et
3368 4024 3631 4081 oleribus
3657 4031 3744 4083 t0-

2093 4112 2316 4178 lerans,
2343 4112 2542 4182 magni
2575 4111 3082 4176 Danielihortatu,
3118 4112 3424 4183 Deumque
3460 4119 3580 4169 toto
3613 4114 3744 4172 vita)

2096 4218 2215 4257 sum
2242 4206 2507 4270 tempore
2569 4216 2811 4270 pacans.
2863 4201 3014 4257 205
3057 4201 3392 4258 Secundum
3448 4203 3572 4256 haec
3618 4203 3742 4273 ipse

2099 4292 2180 4348 ita
2205 4291 2276 4347 de
2311 4306 2418 4347 sua
2436 4289 2810 4346 restitutione
2833 4289 3101 4358 loquitur
3119 4288 3185 4344 τι.
3210 4313 3236 4340 ιι
3272 4290 3351 4348 Eo
3379 4296 3644 4361 tempore
3671 4291 3745 4346 ad

2100 4380 2366 4438 animum
2399 4379 2570 4447 redii,
2604 4377 2945 4448 regiamque
2993 4378 3342 4450 dignitatem
3399 4380 3619 4451 recepi,
3677 4396 3745 4436 ac

2100 4471 2306 4526 formai
2337 4485 2484 4526 mea)
2517 4468 2826 4525 restitutus
2874 4484 3027 4535 sum,
3060 4469 3480 4541 principesque
3512 4475 3571 4524 et
3598 4486 3746 4541 pree-

2098 4558 2236 4616 fecti
2269 4557 2387 4614 mei
2424 4573 2520 4614 me
2559 4556 3018 4626 requisiverunt,
3043 4574 3111 4616 ac
3135 4559 3195 4616 in
3229 4575 3410 4631 regno
3444 4577 3575 4616 meo
3606 4576 3745 4617 oon-

2021 4630 2065 4693 Ῐ)
2103 4648 2392 4714 ﬁrmatus,
2427 4651 2634 4702 auctus
2659 4646 2836 4704 etiam
2879 4663 3006 4703 sum
3069 4630 3356 4719 ampliore
3417 4650 3746 4720 majestate.

2102 4738 2267 4792 Nunc
2296 4736 2495 4806 itaque
2529 4751 2633 4807 ego
2667 4736 3208 4796 Nabuchodonosor
3231 4737 3659 4805 laudo,extollo
3692 4742 3750 4794 et

2099 4824 2357 4896 praedico
2389 4825 2638 4896 gloriam
2699 4825 2953 4882 scelestis
2997 4827 3174 4898 regis,
3208 4829 3491 4897 quoniam
3548 4827 3750 4885 omnia

2101 4913 2230 4982 eius
2277 4913 2433 4970 facta
2487 4917 2650 4971 recta
2677 4919 2836 4980 sunt,
2869 4930 2937 4970 ac
2960 4913 3190 4984 justum
3224 4915 3284 4976 in
3324 4916 3588 4977 moribus
3618 4919 3747 4990 ejus

2093 5000 2411 5072 judicium.
2446 5002 2616 5070 Isque
2647 5017 2854 5061 omnes
2886 5000 3038 5056 elate
3069 5019 3198 5062 sese
3246 5009 3518 5074 gerentes
3549 5005 3748 5075 depri-

2099 5106 2264 5149 mere
2293 5091 2522 5157 novit,»
2557 5091 2705 5148 Sane
2737 5107 2879 5160 opes
2910 5092 3236 5160 potentiam
3275 5097 3452 5163 atque
3498 5093 3744 5165 gloriam

2098 5179 2187 5236 illi
2221 5196 2255 5238 ο,
2285 5180 2402 5239 Deo
2426 5195 2728 5246 concessa,
2761 5195 2929 5239 saera
2950 5180 3249 5250 Scriptura
3277 5180 3745 5240 verbisJeremim

2100 5269 2185 5327 sio
2217 5268 2441 5326 indicat
2461 5265 2531 5323 ⁷⁵.
2572 5288 2597 5314 ‹‹
2636 5269 2768 5326 Haec
2799 5267 3243 5330 dicitDominus
3274 5285 3287 5324 :
3319 5272 3465 5332 Eoos
3505 5289 3746 5334 omnem.

2101 5357 2255 5412 hanc
2287 5362 2504 5415 terram
2541 5355 3104 5417 Nabuchodonosori
3145 5359 3268 5431 regi
3325 5360 3638 5433 Babylonis
3685 5355 3748 5420 in

2099 5446 2444 5504 servitutem
2476 5444 2778 5510 tradidi,et
2809 5445 3030 5504 bestias
3085 5447 3404 5517 silvestres,
3433 5458 3500 5511 ut
3528 5453 3580 5510 ei
3613 5470 3754 5526 ope.

2101 5539 2328 5592 rentur.
2361 5533 2511 5591 Gens
2540 5538 2738 5592 autem
2772 5540 2829 5589 et
2860 5549 3105 5605 regnum
3137 5538 3297 5608 quod
3318 5541 3448 5611 ejus
3471 5542 3604 5612 iugo
3640 5541 3754 5597 col-

2101 5621 2224 5682 lum
2276 5638 2397 5682 non
2418 5621 2768 5689 subdiderit,
2797 5623 2952 5680 ferro
2984 5630 3043 5681 et
3070 5625 3227 5683 fame
3249 5645 3282 5684 a
3306 5645 3400 5685 me
3447 5631 3746 5702 punietur,

2101 5712 2391 5783 tantisper
2420 5710 2564 5770 dum
2589 5728 2770 5772 manu
2793 5713 2922 5785 ejus
2944 5716 3502 5778 conficiatur.»ltem
3522 5717 3596 5772 7‘:
3617 5718 3752 5774 «Est
