4104 6276
429 391 558 460 ’239

1797 389 2119 452 GIORGII
2161 390 2508 451 CEDRENI

3703 399 3804 460 ειο

439 534 625 600 ferox,
657 537 716 588 et
763 548 880 588 non
940 527 1336 586 miserebitur.
1395 528 1517 584 Vox
1572 526 1702 598 ejus
1759 531 1851 581 est
1897 525 2079 580 instar

2196 523 2296 590 τήν
2353 529 2457 598 γῆν
2512 525 2593 594 τῷ
2659 515 3152 596 Ναϐουχοδονόσορ
3233 523 3451 598 βασιλεῖ
3515 523 3810 594 Βαϐυλῶνος

442 623 672 678 sonitus
701 614 1862 688 marisIluctuantis.Equiscurribusque
1883 613 2079 670 multis

2201 607 2478 666 δουλεύειν
2508 609 2676 684 αὐτῷ,
2704 609 2796 665 καὶ
2827 611 2894 666 τὰ
2940 610 3104 686 θηρία
3157 617 3254 668 τοῦ
3311 613 3478 689 ἀγροῦ
3527 613 3814 692 ἐργάζεσθαι

441 711 946 783 instructus,ignis
961 710 1023 764 in
1037 723 1264 764 morem
1277 712 1332 762 te
1345 707 1544 780 cinget
1565 705 1898 770 obsidione,
1912 721 1946 760 o
1969 703 2079 759 ﬁlia

2198 697 2366 783 αὐτῷ.
2404 698 2506 756 Καὶ
2553 699 2617 754 τὸ
2677 691 2824 760 ἔθνος
2881 699 2974 754 καὶ
3031 703 3067 770 ἡ
3130 699 3398 776 βασιλεία,
3455 701 3568 758 ὅσοι
3601 691 3688 760 γᾶν
3747 711 3812 780 μὴ

443 801 657 856 Sionis.
693 821 720 849 ››
751 782 899 854 Item
928 797 974 832 7"
999 815 1012 852 :
1040 819 1067 848 «
1093 797 1178 852 0b
1200 812 1402 851 vocem
1420 795 1678 866 impetus
1700 793 1830 865 ejus
1857 798 2079 848 etarma

2199 782 2486 861 ἐμϐάλωσι
2528 789 2619 842 τὸν
2665 785 2954 863 τράχηλον
3014 789 3193 845 αὐτῶν
3251 790 3355 846 ὑπὸ
3409 792 3472 847 τὸ
3526 794 3675 868 ζυγὸν
3729 797 3816 851 αὖ·

440 889 658 962 pedum
692 889 900 961 ipsius,
935 894 993 942 et
1019 891 1259 958 propter
1287 900 1569 940 curruum
1601 883 1730 954 ejus
1753 883 2090 954 quassatio-

440 995 581 1035 nem
612 995 680 1034 ac
706 977 968 1034 sonitum
999 981 1285 1036 rotarum,
1317 990 1436 1028 non
1451 977 1872 1028 convertentur
1891 979 2089 1043 patres

443 1068 515 1124 ad
537 1067 689 1122 ﬁlios
720 1083 878 1133 suos,
913 1082 1032 1137 pra:
1064 1063 1420 1120 lassitudine
1445 1078 1734 1118 manuum
1765 1077 2029 1118 suarum.
2058 1083 2088 1110 η

442 1163 586 1212 Item
607 1155 687 1210 73:
711 1179 738 1205 «
760 1157 844 1210 Ex
867 1155 1027 1210 Dane
1050 1153 1326 1208 audietur
1352 1152 1625 1207 fremitus
1648 1167 1936 1222 equorum
1957 1151 2086 1221 ejus

439 1245 920 1303 accelerantium.
939 1266 966 1292 »
982 1242 1093 1298 Sed
1106 1249 1164 1297 et
1176 1241 1516 1297 Ezechielus
1530 1241 1612 1296 ita
1623 1241 1974 1295 vaticinatur
1993 1239 2042 1273 7°
2065 1257 2086 1294 :

439 1357 468 1386 α
490 1337 636 1391 Ecce
661 1350 764 1406 ego
791 1337 998 1389 contra
1019 1333 1266 1401 te,Tyre,
1293 1329 1523 1385 adduco
1537 1329 2084 1385 Nabuchodonoso-

436 1437 563 1478 rem
593 1421 748 1478 που
777 1435 978 1491 regem
1009 1417 1346 1489 Babylonis,
1377 1433 1578 1489 regem
1609 1433 1837 1489 regum,
1858 1415 2084 1470 instru-

434 1517 597 1566 ctum
627 1509 818 1580 equis,
852 1506 1122 1563 curribus
1162 1512 1220 1560 et
1249 1504 1560 1561 conductis
1591 1505 1911 1560 multarum
1946 1520 2084 1576 gen-

435 1599 584 1655 tium
608 1596 946 1670 ingentibus
967 1595 1175 1666 copiis.
1202 1597 1254 1650 Is
1279 1599 1334 1649 te
1355 1594 1508 1650 vallo
1529 1593 1807 1664 fossaque
1828 1594 2082 1649 circum-

433 1689 629 1743 veniet
657 1691 716 1742 et
743 1685 974 1741 infestis
1004 1684 1204 1740 armis.
1230 1685 1424 1738 Muros
1450 1689 1509 1738 et
1529 1689 1723 1738 turres
1743 1688 1876 1737 tuas
1898 1682 2082 1737 armis

433 1777 708 1849 dejiciet;
739 1773 1050 1846 pulvisque
1088 1788 1124 1828 a
1172 1771 1560 1828 multitudine
1608 1786 1899 1843 equorum
1949 1771 2081 1842 ejus

435 1865 724 1922 excitatus
752 1869 807 1919 te
839 1863 1091 1934 obteget.
1128 1882 1156 1911 ››
1200 1863 1283 1916 Ac
1311 1877 1548 1916 rursum
1578 1859 1662 1915 8":
1696 1883 1724 1910 «
1761 1861 1879 1915 Hoc
1925 1859 2081 1914 fatur

432 1956 722 2012 Dominus
751 1955 924 2010 Deus.
957 1954 1103 2008 Ecce
1132 1967 1238 2024 ego
1268 1953 1574 2023 Egyptum
1606 1949 2078 2006 Nabuchodono-

435 2045 554 2100 sori
587 2043 775 2098 trado.
808 2043 863 2096 Is
893 2040 1080 2112 copiis
1109 2039 1241 2112 ejus
1272 2039 1532 2110 potietur
1580 2056 1647 2095 ac
1695 2039 1888 2111 spolia
1921 2037 2078 2111 leget

431 2139 492 2190 et
513 2131 775 2205 praedam
807 2134 1048 2186 avertet.
1075 2131 1384 2200 Egyptum
1415 2129 1469 2183 ei
1496 2128 1788 2184 mercedis
1819 2127 1946 2183 loco
1977 2127 2073 2196 do,

431 2222 506 2278 ob
538 2225 812 2276 navatam
873 2217 1019 2272 mihi
1077 2217 1361 2272 adversus
1407 2217 1622 2287 Tyrum
1678 2233 1961 2287 operam;
2007 2232 2076 2271 ac

427 2327 535 2382 per
563 2311 759 2380 ipsum
790 2305 1034 2378 perdam
1093 2304 1541 2360 multitudinem
1589 2306 2008 2376 .Egyptiorum.
2045 2327 2074 2354 ››

427 2399 633 2469 Itaque
663 2399 1133 2452 consentaneum
1151 2399 1243 2448 est
1271 2393 1429 2464 quod
1453 2393 1506 2447 ei
1531 2394 1813 2449 Danielus
1830 2393 1978 2449 dixit
1990 2393 2070 2448 διε

429 2511 456 2538 ‹‹
491 2489 576 2543 Tu
606 2503 710 2542 rex
766 2500 969 2556 regum
1029 2499 1114 2552 es,
1175 2481 1269 2537 cui
1301 2481 1557 2537 caelestis
1614 2483 1771 2537 Deus
1827 2499 2073 2555 regnum

428 2576 592 2632 dedit
611 2573 872 2630 validum
903 2587 971 2626 ac
1000 2575 1210 2642 potens
1242 2575 1300 2624 et
1319 2569 1660 2642 ubicunque
1688 2570 1960 2626 homines
1983 2571 2076 2626 in-

427 2665 634 2722 colunt
680 2661 878 2734 magni
935 2659 1314 2715 aestimatum.
1373 2661 1440 2714 In
1495 2664 1654 2714 tuam
1721 2666 2074 2732 potestatem

433 2753 676 2811 tradidit
701 2753 858 2809 feras
888 2755 1150 2823 agrestes
1198 2754 1257 2804 et
1301 2765 1506 2804 aereas
1555 2749 1840 2815 volucres,
1901 2755 2074 2822 teque

430 2843 699 2900 omnium
732 2840 1043 2896 dominum
1074 2839 1398 2894 constituit.
1433 2839 1514 2893 Tu
1545 2854 1608 2894 es
1629 2854 1876 2894 aureum
1924 2841 2074 2896 illud

429 2937 636 2988 statuas
668 2935 864 3002 caput,
899 2933 956 2983 et
985 2926 1163 2982 arbor
1189 2942 1322 2997 qute
1345 2927 1405 2981 in
1438 2926 1909 3000 magnitudinem
1939 2946 2076 2985 suc-

428 3021 627 3088 crevit,
659 3020 744 3074 ita
769 3023 837 3074 ut
883 3015 1096 3073 caelum
1159 3013 1466 3071 cacumine
1514 3015 1784 3089 attingat,
1838 3023 1896 3072 et
1945 3035 2074 3073 am-

424 3109 656 3183 plitudo
688 3108 751 3162 in
781 3107 1122 3162 universam
1156 3108 1375 3160 terram
1405 3104 1744 3178 porrigatur
1799 3105 1908 3160 sub
1957 3123 2076 3178 qua

423 3202 562 3258 fera:
593 3199 828 3272 degant.
861 3199 1004 3252 Nam
1031 3195 1357 3267 potentiam
1382 3199 1440 3250 et
1462 3195 1577 3267 maj
1589 3201 1836 3252 estatem
1863 3203 2074 3253 nactus

425 3306 489 3346 es
516 3288 860 3352 maximam,
907 3284 1309 3354 majestasque
1335 3287 1437 3338 tua
1465 3283 1513 3338 it
1536 3284 1704 3351 ccelo,
1729 3289 1790 3339 et
1807 3287 2076 3356 potentia

421 3377 496 3434 ad
521 3377 669 3432 ﬁnes
701 3379 872 3430 terrae
903 3370 1304 3444 protenditur.
1348 3393 1368 3418 ι

2195 881 2316 946 τοῦ,
2348 876 2402 932 ἐν
2436 876 2685 956 μαχαίρᾳ
2723 877 2815 932 καὶ
2875 878 2930 933 ἐν
2979 876 3132 951 λιμῷ
3182 879 3449 953 σκέψομαι
3497 881 3682 946 αὑτοὺς
3723 881 3816 950 ἓως

2199 965 2261 1020 άν
2294 965 2618 1022 ἐκλείπωσιν
2641 966 2694 1021 ἐν
2722 969 2874 1046 χειρὶ
2905 967 3090 1024 αὐτοῦ.
3141 993 3171 1022 ‹‹
3206 970 3326 1040 Καὶ,
3361 993 3390 1020 ››
3448 971 3650 1044 ’ἰταμόν
3697 972 3812 1042 ἐστι,

2196 1055 2285 1110 καὶ
2318 1054 2418 1110 οὐκ
2449 1053 2689 1126 ἐλεήσει.
2723 1059 2888 1127 φωνή
2921 1055 3088 1112 αὐτοῦ
3133 1058 3206 1120 ὡς
3262 1056 3504 1121 θάλασσα
3553 1061 3817 1128 κυμαίνουο

2197 1164 2281 1198 σα.
2345 1145 2462 1222 Ἐφ’
2513 1145 2708 1208 ’ίπποις
2763 1143 3002 1208 πολλοῖς
3057 1147 3146 1201 καὶ
3221 1147 3428 1222 ἅρμασι
3483 1150 3815 1222 παρατάξεται

2194 1232 2270 1294 ὦς
2300 1239 2432 1305 πῦρ,
2463 1233 2540 1296 είς
2593 1233 2842 1307 πόλεμον
2871 1234 2958 1290 ἐπὶ
3016 1236 3074 1291 σε
3153 1237 3378 1312 θύγατερ
3430 1238 3594 1294 Σιών.
3629 1262 3656 1290 ››
3703 1241 3812 1312 Καὶ,

2196 1346 2224 1373 ι(
2253 1323 2389 1379 Ἀπὸ
2419 1325 2600 1394 φωνῆς
2632 1325 2811 1399 ὁρμῆς
2839 1325 3006 1380 αὐτοῦ
3053 1327 3147 1381 καὶ
3191 1326 3298 1382 ἀπὸ
3343 1331 3453 1380 τῶν
3497 1325 3679 1384 ὅπλων
3719 1334 3814 1384 τῶν

2191 1411 2374 1468 ποδῶν
2434 1413 2600 1469 αὖτοῦ
2657 1415 2748 1469 καὶ
2797 1413 2904 1470 ἀπὸ
2961 1421 3188 1489 σεισμοῦ
3245 1416 3354 1472 τὼν
3423 1417 3674 1492 ἁρμάτων
3734 1420 3814 1473 καὶ

2191 1505 2340 1577 ἤχου
2395 1507 2617 1578 τροχῶν
2674 1502 2836 1558 αὐτοῦ
2912 1503 3012 1559 οὐκ
3061 1503 3554 1583 ἐπιστραφήςονται
3609 1509 3813 1581 πατέρες

2189 1590 2278 1646 ἐπὶ
2311 1592 2462 1654 υἱοὺς
2489 1590 2690 1662 αὐτῶν,
2720 1593 2828 1646 ἀπὸ
2851 1589 3124 1658 ἐκλύσεως
3160 1598 3364 1669 χειρῶν
3406 1595 3601 1650 αὐτῶν
3631 1620 3658 1648 ››
3699 1597 3812 1664 Καὶ,

2191 1703 2217 1730 ‹‹
2249 1682 2348 1736 Ἐκ
2367 1679 2491 1736 Διᾶν
2521 1679 2913 1752 ἀκουσθήσεται
2939 1683 3090 1758 φωνή
3124 1681 3383 1755 ὀξύτητος
3396 1679 3582 1738 ἳππων
3604 1683 3810 1740 αὐτοῦ.»

2189 1769 2286 1823 Καὶ
2319 1765 2410 1824 διὰ
2440 1767 2704 1838 Ἰεζεκιῆλ
2765 1769 2940 1834 οὕτως
2998 1770 3168 1848 λέγει·
3207 1796 3229 1823 ι
3291 1769 3433 1828 Ἰδοὺ
3491 1771 3596 1845 ἐγὼ
3651 1772 3813 1848 ἐπάγω

2106 1889 2155 1954 Β
2185 1851 2272 1954 ἐπὶ
2335 1858 2442 1954 ξὸρ
2481 1853 2994 1954 -Ναϐουχοδιονόσορ
3084 1858 3311 1935 βασιλέα
3368 1856 3712 1926 Βαϐυλῶνος,
3760 1862 3814 1924 ὃς

2185 1943 2298 2000 ἐστι
2349 1945 2605 2020 βασιλεὺς
2665 1945 2954 2021 βασιλέων,
3023 1949 3140 2021 μεθ’
3195 1948 3380 2004 ἳππων
3445 1951 3533 2004 καὶ
3573 1951 3811 2024 άομάτων

2182 2035 2271 2088 καὶ
2299 2042 2618 2112 συναγωγῆς
2651 2034 2816 2090 ἐθνῶν
2844 2035 3071 2092 πολλῶν
3121 2035 3352 2112 σφόδρα,
3411 2037 3502 2092 καὶ
3547 2034 3816 2111 περιϐαλεῖ

2185 2145 2270 2178 σοι
2297 2123 2522 2202 τάφρον,
2568 2125 2657 2179 καὶ
2707 2123 3066 2198 οἴκοδομήσει
3123 2147 3182 2182 σε
3235 2125 3429 2199 κύκλῳ
3471 2129 3680 2203 χάρακα
3729 2129 3810 2182 καὶ

2181 2213 2490 2289 περίστασιν
2539 2211 2751 2283 ὅπλων,
2807 2214 2898 2269 καὶ
2953 2216 3048 2278 τὰς
3107 2214 3320 2292 λόγχας
3362 2216 3530 2272 αὐτοῦ
3582 2217 3614 2272 ά
3657 2216 3809 2272 ἑναντί

2183 2324 2279 2358 σου
2338 2301 2521 2360 δώκει.
2581 2305 2660 2361 Τὰ
2715 2304 2877 2379 τείχη
2940 2326 3036 2360 σου
3081 2305 3174 2360 καὶ
3247 2307 3378 2369 τοὺς
3445 2305 3684 2382 πύργους
3724 2327 3810 2362 σου

2183 2391 2403 2448 καθελεῖ
2432 2391 2484 2446 ἐν
2515 2397 2631 2453 τοῖς
2661 2391 2859 2457 ὅπλοις
2915 2393 3101 2449 αὐτοῦ·
3163 2393 3268 2450 ἀπὸ
3328 2393 3387 2450 δὲ
3441 2399 3537 2450 τοῦ
3587 2394 3814 2464 πλήθους

2181 2485 2288 2534 τῶν
2332 2479 2520 2535 ’ίππων
2578 2481 2742 2536 αὐτοῦ
2799 2481 3033 2557 καλύψει
3091 2504 3150 2538 σε
3205 2486 3494 2558 κονιορτὸς
3552 2483 3737 2540 αὐτῶν.
3791 2507 3816 2535 ιι

2184 2571 2282 2624 Καὶ
2312 2569 2500 2626 πάλιν·
2541 2596 2561 2621 ι
2594 2567 2729 2626 Τάδε
2773 2569 2924 2648 λέγει
2977 2569 3209 2629 Ἀδωναΐ
3256 2573 3486 2648 Κύριος·
3537 2570 3674 2630 Ἰδοὺ
3723 2573 3819 2648 ἐγὼ

2184 2656 2500 2732 δίδωμιτῷ
2529 2655 3023 2739 Ναϐουχοδονόσορ
3073 2663 3176 2731 τῆς
3230 2669 3337 2737 γῆν
3393 2661 3692 2737 Αἰγύπτου,
3742 2660 3822 2717 καὶ

2183 2747 2418 2822 λήψεται
2447 2751 2510 2804 τὸ
2540 2747 2755 2818 πλῆθος
2811 2751 3004 2820 αὐτῆς,
3071 2751 3163 2806 καὶ
3208 2749 3499 2808 σκυλεύσει
3554 2753 3622 2806 τά
3665 2751 3822 2808 σκῦλα

2182 2837 2371 2906 αὐτῆς,
2409 2837 2501 2892 καὶ
2530 2838 2893 2914 προνομεύσει
2944 2841 3046 2908 τήν
3101 2842 3392 2914 προνομήν
3438 2842 3630 2912 αὐτῆς.
3681 2839 3824 2898 ’Δντὶ

2181 2934 2284 2997 τῆς
2339 2926 2682 3004 λειτουργίας
2737 2928 2808 2997 ἧς
2861 2925 3180 2984 ἐδούλευσεν
3233 2929 3323 2985 ἐπὶ
3383 2931 3562 3006 Τύρον
3621 2927 3820 2986 δέδωκα

2182 3016 2330 3088 αὐτῷ
2385 3018 2484 3087 τήν
2544 3024 2648 3094 γῆν
2710 3017 3010 3094 Αἰγύπτου,
3069 3019 3160 3074 καὶ
3243 3019 3446 3076 ἀπολῶ
3505 3021 3568 3076 τὸ
3623 3019 3823 3090 πλῆθος

2184 3105 2494 3181 Αἰγυπτίων
2549 3103 2618 3160 δι’
2671 3107 2858 3162 αὐτοῦ.
2922 3129 2946 3158 υ
3006 3105 3250 3170 Εῗκότως
3332 3109 3434 3165 οὗν
3496 3107 3650 3184 ἔλεγε
3702 3107 3826 3185 πρὸς

2183 3195 2341 3251 αὐτὸν
2373 3195 2600 3265 Δανιήλ’
2661 3220 2689 3248 ‹‹
2722 3196 2799 3250 Σὺ
2847 3195 3104 3271 βασιλεὺς
3160 3195 3462 3272 βασιλέων,
3497 3199 3543 3272 ᾧ
3571 3199 3698 3264 Θεὸς
3738 3201 3822 3253 τοῦ

2182 3285 2415 3359 ούρανοῦ
2449 3283 2726 3360 βασιλείαν
2779 3284 3006 3360 ἰσχυράν
3053 3305 3110 3340 τε
3157 3285 3249 3341 καὶ
3295 3289 3567 3361 κραταιὰν
3613 3285 3816 3353 ἔδωκεν,

2181 3370 2400 3446 ἔντιμον
2433 3371 2484 3427 ἐν
2527 3374 2689 3429 παντὶ
2742 3373 2900 3446 τόπῳ
2938 3373 3078 3428 ὃπου
3133 3379 3491 3431 κατοικοῦσιν
3560 3376 3671 3430 υἱοὶ
3723 3380 3820 3430 τῶν

421 3465 742 3539 ἀνθρώπωνο
801 3459 976 3534 Θηρία
1029 3479 1088 3514 τε
1141 3462 1237 3512 τοῦ
1295 3459 1466 3532 ἀγροῦ
1518 3459 1605 3513 καὶ
1665 3461 1879 3514 πετεινὰ
1934 3465 2031 3516 τοῦ
2099 3461 2328 3536 ούρανοῦ
2385 3459 2580 3517 ἔδωκεν
2639 3463 2692 3516 ἐν
2749 3465 2818 3534 τῇ
2877 3461 3026 3538 χειρί
3084 3484 3202 3534 σου,
3261 3465 3350 3519 καὶ
3413 3465 3707 3536 κατέστησὲ
3768 3482 3820 3518 σε

420 3551 612 3627 κύριον
661 3549 895 3606 πάντων.
965 3547 1063 3602 Καὶ
1123 3554 1186 3600 σύ
1243 3547 1295 3602 εἴ
1348 3549 1384 3616 ἡ
1437 3553 1616 3622 χρυσῆ
1671 3545 1884 3625 κεφαλή
1939 3552 2043 3613 τῆς
2099 3550 2333 3617 εικόνος,
2391 3549 2483 3606 καὶ
2537 3553 2600 3606 τὸ
2667 3547 2884 3625 δένδρον
2943 3553 2974 3606 ὅ
3031 3549 3171 3615 εἶδες
3222 3554 3288 3608 τὸ
3349 3556 3707 3632 μεγαλυνθὶν,
3760 3553 3818 3606 οὗ

424 3643 488 3698 τὸ
517 3643 653 3713 ὓψος
683 3636 904 3718 ἔφθασεν
937 3635 1015 3696 εἷς
1044 3636 1136 3691 τὸν
1192 3635 1414 3710 οὐρανὸν
1474 3635 1565 3690 καὶ
1625 3637 1686 3691 τὸ
1741 3637 1902 3699 κύτος
1943 3638 2108 3694 αὐτοῦ
2164 3638 2242 3702 εἲς
2297 3643 2469 3694 πᾶσαν
2527 3643 2628 3710 τὴν
2677 3647 2799 3714 γῆν,
2856 3639 2945 3696 καῖ
3010 3642 3268 3699 ὑποκάτω
3329 3645 3507 3701 αὐτοῦ
3560 3645 3823 3717 κατῴκουν

423 3730 492 3787 τὰ
543 3728 726 3804 θηρία·
783 3726 866 3782 ὅτι
924 3723 1298 3799 ἐμεγαλύνθης
1349 3723 1439 3779 καὶ
1507 3725 1894 3801 ὑπερίσχυσας,
1957 3727 2047 3782 καὶ
2103 3731 2139 3798 ἡ
2201 3727 2558 3804 μεγαλωσύνη
2618 3750 2714 3784 σου
2772 3725 2997 3794 ἔφθασεν
3055 3730 3131 3792 είς
3187 3732 3279 3788 τὸν
3350 3733 3586 3809 οὐρανὸν
3649 3734 3733 3788 καὶ
3787 3733 3818 3799 ἡ

429 3819 615 3894 κυρεία
645 3838 743 3872 σου
772 3816 848 3878 είς
885 3815 952 3870 τὰ
983 3813 1187 3889 πέρατα
1215 3819 1315 3883 τῆς
1346 3819 1471 3890 γῆς.
1505 3838 1534 3866 ››

503 3904 1065 3964 Nabuchodonosori
1095 3903 1380 3960 successit
1401 3903 1905 3960 Ulemarodachus
1918 3905 2076 3962 ﬁlius

2186 3907 2334 3964 Μετὰ
2391 3904 2448 3962 δὶ
2507 3903 2998 3986 Ναϐουχοδονόσορ
3085 3905 3433 3966 ἐϐασίλευσεν
3513 3910 3818 3984 Οὖλεμαρο·

433 4005 491 4054 et
515 3995 994 4070 quinquennium
1023 3993 1306 4065 regnavit.
1337 3994 1393 4048 Is
1421 3993 1766 4049 Jechoniam
1822 3995 2075 4051 vinculis

2186 3990 2292 4070 δὰχ
2321 3995 2438 4060 υἱὸς
2465 3997 2632 4052 αὐτοῦ
2661 3994 2755 4068 ἔτη
2808 4005 2864 4068 ε’,
2915 3996 2973 4060 ὅς
3030 3999 3122 4054 τὸν
3173 3998 3443 4074 Ἰεχονίαν
3501 3999 3665 4063 λύσας
3718 4002 3816 4053 τῶν

428 4090 689 4147 solutum
720 4087 980 4144 convivio
1001 4084 1291 4142 adhibuit.
1328 4085 1408 4139 De
1429 4101 1545 4156 quo
1565 4091 1622 4140 et
1651 4085 1712 4140 in
1737 4085 2072 4158 Regnorum

2186 4079 2390 4156 δεσμῶν
2420 4083 2646 4156 ἐποίησε
2687 4087 3072 4161 συνεστιάτορα
3117 4087 3303 4144 αὐτοῦ.
3361 4089 3496 4164 Περὶ
3557 4089 3618 4145 οὗ
3671 4087 3811 4154 κειιὴ

424 4179 674 4236 historia
693 4177 980 4249 scriptum
1003 4180 1176 4242 est,et
1189 4174 1475 4231 Jeremias
1507 4175 1590 4230 sic
1615 4175 1699 4229 ait
1726 4174 1808 4229 ⁸²ε
1837 4197 1866 4225 ‹‹
1899 4177 2070 4230 Anno

2186 4177 2284 4228 τῶν
2317 4172 2617 4230 Βασιλειῶν
2683 4173 2893 4252 ίστορία
2947 4177 3035 4231 καὶ
3098 4177 3126 4230 ὁ
3175 4182 3319 4241 θεῖος
3377 4178 3648 4254 Ἱερεμίας
3699 4174 3811 4254 ἔφη’

419 4275 555 4342 post
581 4269 730 4326 ποτ
767 4266 1087 4322 abductum
1108 4265 1170 4319 in
1201 4264 1452 4320 vinculis
1470 4263 1840 4319 Joachimum
1870 4281 2069 4338 regem

2186 4285 2202 4314 ι
2239 4262 2342 4318 Καὶ
2373 4260 2586 4340 ἐγένετο
2615 4261 2670 4318 ἐν
2698 4269 2778 4336 τῷ
2823 4270 3135 4340 τριακοστῷ
3184 4260 3408 4339 ἑϐδόμῳ
3455 4265 3561 4322 ἔτει
3612 4267 3814 4322 ἀποικι-

416 4359 580 4414 Judaa
608 4358 909 4414 tricesimo
941 4355 1214 4427 septimo,
1246 4353 1528 4408 vicesima
1547 4360 1758 4424 quarta
1776 4353 1872 4410 die
1894 4371 2066 4410 men-

2186 4350 2388 4413 Iﬁivtoc
2417 4356 2514 4407 τοῦ
2547 4352 2804 4426 Ἰωακεὶμ
2837 4351 3110 4429 βασιλέως
3139 4352 3343 4425 Ἰούδα,
3390 4354 3446 4410 ἐν
3491 4360 3570 4428 τῷ
3621 4353 3814 4424 δεκάτῳ

420 4447 499 4502 sis
529 4445 768 4509 decimi,
799 4442 1319 4498 Evilmerodachus
1347 4457 1414 4496 eo
1446 4457 1603 4496 anno
1639 4442 2066 4513 Babylonicum

2186 4441 2330 4510 ιηνί,
2363 4441 2414 4496 ἐν
2439 4446 2509 4516 τῇ
2557 4443 2790 4517 τετάρτῃ
2848 4443 2936 4498 καὶ
2994 4441 3168 4498 εἰκάδι
3217 4447 3319 4498 τοῦ
3378 4445 3580 4516 μηνὸς,
3638 4437 3814 4500 ἔλαϐεν

419 4550 670 4605 regnum
701 4532 948 4602 adeptus
978 4535 1312 4601 respectum
1346 4529 1554 4584 habuit
1579 4530 1867 4584 Joachimi
1911 4531 2066 4604 regis

2186 4526 2386 4584 Εὐελὰδ
2442 4529 2850 4606 Ούλεμαροδᾶχ
2908 4531 3167 4606 βασιλεὺς
3227 4528 3583 4600 Βαϐυλῶνος,
3639 4531 3690 4588 ἐν
3743 4534 3815 4602 τῷ

417 4623 600 4690 Iudae,
635 4636 889 4691 eumque
921 4637 994 4674 ex
1025 4617 1294 4673 custodia
1323 4618 1384 4672 in
1425 4633 1602 4688 quam
1645 4617 1818 4674 datus
1875 4618 2070 4675 fuerat

2186 4617 2404 4692 ἐνιαυτῷ
2429 4619 2474 4692 ᾧ
2505 4615 2846 4690 ἐϐασίλουσε,
2874 4622 2972 4688 τὴν
3030 4619 3273 4701 κεφαλὴν
3329 4623 3600 4698 βασιλέως
3648 4617 3813 4679 Ἰούδα

421 4712 644 4778 eduxit,
667 4708 1041 4781 benigneque
1053 4706 1363 4768 allocutus,
1381 4705 1598 4760 solium
1611 4706 1663 4759 ei
1683 4705 1848 4761 soliis
1861 4723 2066 4779 regum

2186 4707 2452 4780 Ἰωακεὶμ,
2485 4707 2574 4763 καὶ
2615 4709 2874 4786 ἐξήγαγεν
2935 4709 3095 4765 αὐτὸν
3153 4709 3205 4780 ἐξ
3271 4708 3428 4766 οἴκου
3469 4713 3536 4767 οὗ
3595 4707 3807 4790 ἐφυλάτ.

420 4817 570 4873 quos
610 4815 812 4854 secum
865 4795 1126 4852 habebat
1179 4793 1477 4866 Babylone
1532 4794 1698 4865 prius
1746 4795 2063 4862 attribuit;

2186 4816 2316 4864 πετο,
2346 4796 2436 4850 καὶ
2477 4795 2744 4868 ἐλάλησεν
2795 4797 2944 4868 αὖτῷ
2994 4799 3234 4876 χρηστὰ,
3292 4799 3382 4854 καὶ
3423 4795 3622 4855 ἔδωκεν
3676 4797 3811 4865 αὐτῷ

419 4895 696 4962 vesteque
722 4904 838 4958 qua
868 4886 931 4941 in
961 4883 1231 4941 custodia
1263 4899 1406 4938 usus
1455 4889 1600 4947 erat,
1662 4889 1903 4938 exutum
1947 4884 2064 4940 alia

2186 4885 2262 4939 τὸν
2301 4882 2492 4962 δίφρον
2548 4885 2727 4942 ἐπάνω
2775 4892 2884 4942 τῶν
2945 4889 3152 4963 θρόνων
3215 4893 3324 4944 τῶν
3385 4888 3654 4964 βασιλέων
3706 4889 3806 4941 τῶν

417 4981 646 5047 induit;
675 4978 844 5048 isque
873 4975 1170 5046 reliquum
1204 4973 1336 5027 vitae
1370 4977 1602 5042 tempus
1632 4971 1830 5027 cibum
1863 4989 2062 5029 coram

2186 4979 2292 5042 μετ’
2323 4975 2486 5030 αὐτοῦ
2518 4974 2571 5030 ἐν
2607 4970 2920 5044 Βαϐυλῶνι,
2975 4976 3065 5032 καὶ
3124 4981 3212 5048 [Ρ.
3267 4979 3394 5050 118]
3455 4977 3663 5048 ἢλλαξε
3713 4975 3805 5042 τήν

418 5087 554 5143 rege
587 5067 859 5140 sumpsit.
895 5087 923 5115 »
955 5065 1009 5119 Is
1033 5061 1378 5120 Joachimus
1396 5066 1504 5125 est,
1527 5061 1628 5131 qui
1648 5067 1708 5116 et
1725 5061 2060 5121 Jechonias.

2186 5061 2374 5133 ττολῆν
2403 5069 2502 5132 τῆς
2560 5063 2809 5142 φυλακῆς
2864 5065 3054 5135 αὐτοῦ,
3111 5067 3200 5121 καὶ
3263 5064 3422 5136 ἤσθιέ
3474 5064 3565 5121 διὰ
3616 5061 3800 5121 παντὸς

416 5163 653 5216 Patrem
680 5158 840 5214 enim
871 5155 1000 5228 ejus
1028 5152 1419 5215 Joachimum,
1447 5151 1556 5206 sub
1589 5167 1706 5223 quo
1731 5152 1791 5206 in
1814 5152 2058 5224 captivi-

2186 5149 2329 5224 ἕρτον
2355 5151 2490 5204 κατὰ
2536 5151 2830 5224 πρόσωπον
2878 5152 3070 5220 αὐτοῦ,
3115 5152 3293 5217 πάσας
3335 5154 3431 5216 τὰς
3489 5152 3696 5225 ἡμέρας
3739 5149 3795 5206 ἃς

413 5253 594 5304 tatem
623 5246 912 5302 abductus
941 5247 1033 5300 est
1060 5240 1360 5308 Danielus,
1384 5240 1926 5297 Nabuchodonosor
1953 5259 2059 5298 ne-

2186 5234 2376 5310 ἷζησεν·
2436 5265 2464 5291 ››
2522 5240 2780 5312 ἰωακεὶμ
2835 5239 2893 5296 δὶ
2956 5242 3115 5304 οὗτός
3173 5241 3285 5299 ἐστι
3368 5243 3458 5297 καὶ
3528 5239 3799 5316 Ἰεχονίας

407 5343 605 5393 catum
637 5333 1061 5407 Hierosolymis
1090 5337 1255 5388 extra
1284 5331 1502 5386 mania
1529 5329 1850 5401 abjecerat.

2186 5330 2426 5402 Ιωακεὶμ
2452 5329 2556 5405 γὰρ
2589 5329 2681 5384 τὸν
2712 5330 2908 5386 τούτου
2949 5331 3174 5405 πατέρα,
3223 5331 3304 5408 ἐφ’
3363 5333 3425 5386 οὗ
3469 5331 3560 5387 καὶ
3609 5321 3802 5394 Δανιὴλ

403 5420 840 5504 ᾐχμαλωτίσθη,
871 5415 1361 5494 Ναϐουχοδονόσορ
1391 5415 1591 5472 ἀνιλὼν
1623 5415 1676 5472 ἐν
1707 5417 2073 5493 Ἰερουσαλὴμ
2101 5413 2316 5496 ἕρῥιψεν
2348 5413 2451 5504 ἔξω
2481 5422 2580 5474 τοῦ
2609 5420 2858 5500 τείχους.

475 5501 958 5569 Evilmerodacho
987 5511 1170 5566 frater
1188 5509 1496 5566 Balthasar
1517 5508 1820 5577 successit,
1843 5526 2056 5582 regna-

2235 5507 2382 5564 Μετὰ
2438 5503 2496 5562 δὲ
2552 5506 2958 5588 Οὐλεμαροδάχ
3042 5505 3357 5564 ἐϐασίλευσε
3447 5506 3724 5580 Βαλτάσαρ
3775 5501 3801 5554 ὁ

401 5604 598 5676 vitque
629 5619 818 5658 annos
845 5603 899 5656 3.
933 5601 1036 5657 Hic
1085 5617 1220 5656 cum
1260 5600 1322 5654 in
1368 5596 1628 5654 convivio
1681 5599 2056 5668 profanasset

2186 5593 2398 5674 ιδελφὸς
2457 5595 2622 5652 αὐτοῦ
2707 5596 2800 5669 ἔτη
2859 5600 3004 5672 τρία·
3067 5599 3125 5660 ὃς
3191 5598 3386 5670 μιάνας
3459 5598 3524 5654 τὰ
3577 5588 3804 5671 ἱερατικᾶ

467 5695 512 5731 ⁷⁷
539 5695 654 5750 Jer.
687 5709 858 5761 XLVII,
896 5693 947 5745 3.
1051 5690 1094 5725 79
1123 5691 1236 5745 Jcr.
1269 5705 1381 5756 VIII,
1414 5691 1498 5741 16.
1602 5687 1648 5722 ⁷ο
1678 5687 1878 5742 Ezech.
1921 5706 2074 5759 xva,

400 5768 447 5804 ⁸²
476 5768 592 5824 Jer.
626 5782 721 5824 LII.
755 5766 842 5820 31.

2285 5687 2334 5721 ⁸⁰
2391 5689 2597 5744 Ezech.
2651 5705 2799 5746 xxIx.
2859 5692 2943 5760 19,
3001 5693 3090 5746 20.
3194 5689 3240 5728 ⁸³
3294 5691 3444 5748 Dan.
3510 5705 3569 5756 II,
3627 5685 3802 5740 37-39.

509 5783 592 5823 er.
626 5782 721 5834 LII,
755 5782 842 5820 δι.
