4104 6276
252 335 362 396 2H

1508 348 2054 414 HISTORIARUM
2099 351 2643 423 COMPENDIUM.

3647 346 3764 408 242

273 469 448 540 σκεύη
495 480 610 530 τοῦ
677 485 839 536 Θεοῦ
902 481 961 537 ἦν
1020 487 1101 555 τῷ
1158 481 1462 557 συμποσίῳ.
1525 484 1659 559 ἅπερ
1723 483 1924 558 ἢγαγεν
1982 484 2011 538 6

2126 503 2291 544 sacra
2318 505 2459 545 vasa
2489 506 2619 562 quae
2638 494 2807 562 pater
2841 488 3031 562 ipsius
3059 482 3600 543 Nabuchodonosor
3630 483 3765 538 Hie.-

287 564 476 638 πατῆρ
510 564 700 623 αὐτοῦ
760 566 1280 647 Ναϐουχοδονόσορ
1337 570 1387 642 ἐξ
1446 573 1829 647 Ἰερουσαλὴμ,
1884 574 2009 648 ἀνῃ-

311 655 440 731 ρέθη
470 657 624 711 κατὰ
653 658 818 722 θείαν
865 661 1064 737 ὀργήν.
1126 661 1272 731 Φησὶ
1331 660 1436 736 γὰρ
1490 661 1627 736 πρὸς
1686 660 1847 716 αὐτὸν
1906 683 2011 733 τη-

318 750 549 802 νικαῦτα
581 747 809 818 Δανιὴλ
844 774 875 800 ι(
920 750 984 807 Ὁ
1016 750 1146 805 Θεὸς
1203 750 1232 804 6
1291 748 1513 824 ὕψιστος
1569 751 1668 820 τὴν
1730 750 2009 825 βασιλείαν

330 836 421 893 καὶ
478 836 581 906 τὴν
652 837 1067 912 μεγαλωσύνην
1126 834 1298 894 ἔδωκε
1379 834 1875 914 Ναϐουχοδονόσορ
1928 844 2009 913 τῷ

339 925 509 1003 πατρί
541 947 665 995 σου,
695 927 794 982 καὶ
827 928 939 982 ἀπὸ
991 935 1091 997 τῆς
1151 925 1547 1004 μεγαλωσύνης
1597 929 1761 984 αὐτοῦ
1812 930 2009 992 πάντες

348 1019 401 1073 οἱ
431 1016 582 1087 λαοὶ,
614 1014 809 1093 φυλαὶ,
842 1016 1100 1091 γλῶσσαι
1130 1017 1267 1086 ἦσαν
1298 1015 1609 1092 τρέμοντες,
1659 1017 1749 1073 καὶ
1811 1013 2011 1098 φοϐού-

352 1128 506 1180 μενοι
533 1105 643 1160 ἀπὸ
672 1110 981 1180 προσώπου
1015 1105 1200 1163 αὐτοῦ.
1237 1107 1335 1161 Καὶ
1364 1107 1459 1170 οὕς
1503 1100 1762 1163 ἐϐούλετο
1795 1106 2006 1183 ἀνῄρει,

342 1197 435 1252 καὶ
494 1195 590 1258 οῦς
650 1194 851 1265 ἢθελεν
911 1190 1101 1266 ἔσωζε.
1161 1197 1264 1253 Καὶ
1324 1195 1413 1251 ὅτε
1477 1197 1666 1268 ὑψώθη
1726 1200 1762 1267 ἡ
1816 1194 2011 1273 καρδία

338 1286 510 1342 αὐτοῦ
543 1285 637 1340 καὶ
673 1284 736 1340 τὸ
763 1289 994 1357 Πνεῦμα
1040 1284 1204 1340 αὐτοῦ
1255 1284 1591 1361 ἐκραταιώθη
1645 1291 1742 1341 τοῦ
1801 1287 2006 1362 ὑπερη-

333 1375 685 1452 φανεύεσθαι,
719 1374 1087 1449 κατῃσχύνθη
1121 1375 1227 1429 άπὸ
1280 1378 1377 1430 τοῦ
1444 1374 1635 1450 Θρόνου
1691 1382 1792 1446 τῆς
1853 1377 2004 1452 βασι-

342 1463 503 1528 λείας
534 1463 732 1534 αὐτοῦ,
761 1464 919 1532 καὶὴ
951 1465 1090 1536 τιμὴ
1144 1463 1309 1518 αὐτοῦ
1367 1465 1611 1540 ἀφῃρέθη
1672 1467 1762 1520 ἀπ’
1818 1466 2007 1536 αὐτοῦ,

335 1555 435 1609 καὶ
470 1554 584 1609 ἀπὸ
631 1559 743 1608 τῶν
810 1553 1112 1627 ἀνθρώπων
1161 1551 1487 1629 ἐξεόιώχθη,
1554 1555 1644 1608 καὶ
1706 1554 1842 1627 μετά
1899 1560 2008 1610 τῶν

344 1643 563 1716 θηρίων
597 1639 785 1713 ἐδόθη,
816 1641 906 1697 καὶ
958 1641 1096 1714 μετᾶ
1145 1647 1256 1697 τῶν
1309 1642 1549 1716 ὀνάγρων
1605 1645 1641 1713 ἡ
1692 1644 2011 1714 κατοίκησις

348 1732 544 1798 αῦτοῦ,
606 1730 701 1785 καὶ
754 1732 961 1806 χόρτον
1018 1732 1092 1792 ὡς
1140 1732 1268 1805 βοῦν
1328 1731 1607 1805 ἐψώμιζον
1684 1732 1866 1801 αὐτὸν,
1918 1733 2009 1788 καὶ

2114 580 2428 651 rosolymis
2457 586 2752 649 avexerat,
2780 579 2915 635 irati
2945 578 3050 635 Dei
3074 577 3247 648 jussu
3275 575 3624 630 interfectus
3651 579 3761 641 est,

2114 671 2274 725 Tunc
2293 671 2449 725 enim
2463 671 2546 725 ita
2560 687 2697 725 eum
2717 669 2995 725 Danielus
3025 672 3115 723 est
3132 665 3423 722 allocutus
3436 662 3513 717 ηε
3547 684 3577 713 ‹‹
3608 664 3764 718 Deus

2116 757 2440 814 altissimus
2464 776 2714 831 regnum
2745 764 2804 814 et
2831 758 3206 829 majestatem
3236 754 3390 826 patri
3432 759 3530 808 tuo
3568 751 3763 807 Nabu-

2116 848 2509 904 chodonosori
2541 848 2724 916 dedit,
2758 848 2842 903 ita
2871 845 3113 918 quidem
3132 849 3201 901 ut
3220 843 3494 899 omnibus
3525 842 3762 914 populis

2115 937 2390 1009 gentibus
2406 954 2474 993 ac
2491 937 2697 1008 quavis
2717 936 3019 993 utentibus
3050 935 3252 1005 lingua
3277 931 3617 989 nationibus
3638 931 3759 986 for-

2114 1026 2407 1083 midolosa
2435 1027 2614 1083 fuerit
2673 1027 2862 1099 ipsius
2902 1024 3188 1097 potentia,
3245 1027 3420 1093 atque
3450 1021 3578 1094 ipse
3610 1037 3761 1092 quos

2114 1116 2314 1185 vellet,
2340 1122 2444 1173 aut
2471 1121 2713 1173 necaret
2732 1122 2835 1171 aut
2852 1116 3043 1170 vivere
3076 1114 3317 1170 sineret.
3353 1112 3527 1182 Atqui
3560 1126 3695 1166 cum
3714 1109 3764 1164 is

2114 1207 2315 1261 animo
2346 1206 2733 1263 extolleretur
2762 1206 3127 1279 spiritusque
3157 1202 3444 1275 superbos
3480 1206 3763 1263 sumeret,

2114 1311 2222 1367 per
2249 1296 2639 1368 ignominiam
2654 1301 2745 1352 est
2771 1294 2923 1350 solio
2935 1293 3102 1365 regni
3126 1292 3215 1348 sui
3238 1291 3517 1347 detrusus
3538 1304 3764 1360 suoque

2115 1385 2339 1440 honore
2370 1386 2679 1456 spoliatus,
2713 1391 2773 1439 et
2799 1384 2873 1440 ab
2902 1381 3247 1439 hominibus
3276 1379 3641 1451 proﬂigatus,
3672 1377 3766 1432 in-

2114 1479 2207 1529 ter
2235 1473 2387 1530 208
2420 1475 2575 1530 feras
2603 1474 2765 1539 vixit,
2797 1490 2866 1528 ac
2894 1470 3053 1544 apud
3086 1470 3285 1525 asinos
3314 1469 3614 1524 silvestres
3653 1467 3759 1521 ha-

2114 1564 2341 1629 bitavit,
2374 1563 2675 1636 herbaque
2707 1580 2791 1630 se,
2823 1563 2989 1618 bovis
3018 1562 3227 1628 instar,
3248 1559 3427 1633 pavit,
3452 1564 3511 1613 et
3539 1557 3763 1614 caelesti

2114 1670 2247 1709 rore
2271 1670 2484 1724 corpus
2502 1653 2631 1723 ejus
2656 1653 2905 1719 maduit,
2928 1668 2997 1707 eo
3019 1667 3208 1721 usque
3229 1649 3371 1705 dum
3388 1647 3763 1704 Altissimum

2114 1759 2296 1814 regna
2325 1742 2634 1798 hominum
2667 1742 2997 1813 gubernare
3029 1755 3215 1810 eaque
3241 1737 3608 1797 suoarbitrio
3632 1752 3767 1790 con-

362 1820 465 1874 ἀπὸ
490 1825 596 1888 τῆς
631 1816 831 1894 δρόσου
877 1822 977 1874 τοῦ
1036 1817 1267 1892 οὐρανοῦ
1292 1817 1356 1873 τὸ
1387 1822 1548 1892 σῶμα
1597 1819 1760 1875 αὐτοῦ
1810 1815 2006 1891 ἐδάφη,

2126 1831 2333 1887 cedere
2365 1832 2580 1903 quibus
2613 1831 2732 1886 vult
2763 1828 3074 1885 intellexit.
3104 1828 3187 1882 Tu
3225 1843 3384 1894 vero,
3423 1825 3582 1881 ﬁlius
3613 1823 3764 1895 ejus,

358 1911 465 1973 ἕως
490 1913 551 1966 οὗ
580 1908 731 1987 ’ἐγνω
761 1909 844 1965 ὅτι
884 1909 1119 1984 κυριεύει
1177 1911 1205 1964 6
1260 1912 1515 1983 Ὕψιστος
1567 1917 1667 1980 τῆς
1729 1911 2007 1987 βασιλείας

348 2005 457 2055 τῶν
482 1999 810 2075 ἀνθρώπων,
836 1997 927 2053 καὶ
958 1997 1005 2071 ᾧ
1036 1997 1094 2052 ἃν
1118 1997 1264 2072 δόξῃ,
1289 1996 1451 2054 δώσει
1472 1999 1661 2070 αὐτήν.
1696 2001 1793 2056 Kal
1825 2000 1888 2055 σὺ
1920 2003 2010 2056 οὗν

343 2091 372 2144 6
405 2090 525 2150 υἱὸς
560 2087 731 2143 αὐτοῦ
763 2085 1053 2162 Βαλτάσαρ
1087 2085 1186 2142 οὐκ
1240 2087 1599 2151 ἑταπείνωσας
1641 2090 1739 2157 τήν
1783 2087 2007 2165 καρδίαν

341 2199 466 2246 σου,
493 2178 591 2232 καὶ
622 2179 676 2231 οἱ
710 2181 1029 2251 μεγιστᾶνες
1058 2176 1147 2230 καὶ
1187 2176 1239 2231 οἱ
1286 2175 1609 2253 παράκοιτοι
1656 2180 1747 2233 καί
1779 2181 1834 2233 αἱ
1866 2178 2006 2235 παλ-

340 2265 515 2323 λακαί
546 2287 670 2333 σου,
704 2269 851 2321 οἶνον
884 2264 1092 2321 ἐπίνετε
1120 2262 1171 2319 ἐν
1202 2270 1317 2328 τοῖς
1358 2266 1537 2340 ἁγίοις
1583 2268 1814 2325 σκεύεσι.
1849 2292 1878 2319 ››
1911 2270 2008 2324 Διά

2123 1920 2323 1976 animo
2344 1935 2724 1990 nequaquam
2748 1917 3067 1983 submisso,
3091 1931 3225 1970 cum
3240 1914 3611 1986 principibus
3626 1928 3766 1967 con-

2119 2008 2355 2064 cubinis
2387 2014 2445 2063 et
2475 2008 2788 2079 pollicibus
2821 2006 2939 2060 tuis
2968 2005 3169 2059 vinum
3199 2003 3272 2058 de
3304 2002 3488 2058 sacris
3508 2001 3662 2056 vasis
3683 2000 3762 2053 bi'

2119 2096 2277 2151 bisti.
2313 2117 2342 2145 ››
2373 2097 2516 2150 Eam
2540 2095 2615 2150 ob
2640 2110 2767 2149 rem
2790 2108 3025 2148 summa
3053 2090 3329 2162 apparuit
3348 2088 3401 2144 ei
3425 2105 3498 2143 ex
3518 2087 3764 2143 adverso

2118 2202 2351 2245 manus.
2367 2187 2538 2257 cujus
2555 2185 2864 2256 scripturas
2886 2182 3245 2238 sententiam
3262 2177 3608 2250 exquisivit;
3634 2192 3766 2246 quas

2118 2291 2153 2330 a
2181 2275 2352 2330 nobis
2383 2291 2561 2346 supra
2586 2278 2677 2329 est
2704 2273 2942 2343 scripta.

334 2361 506 2412 τοῦτο
536 2354 822 2425 ἀπεστάλη
855 2354 1197 2432 ἀστράγαλος
1228 2374 1415 2430 χειρος
1445 2354 1505 2410 ἐκ
1536 2358 1832 2429 προσώπου
1862 2359 2048 2428 αὐτοῦ,
2081 2361 2171 2415 καὶ
2200 2364 2300 2430 τήν
2334 2363 2550 2439 Γραφήν
2582 2359 2746 2416 αὐτοῦ
2776 2358 3035 2430 ὲνὲταξεν,
3066 2358 3141 2418 ὡς
3169 2355 3509 2432 προεγράφη.

419 2446 523 2500 Καὶ
559 2445 699 2518 μετᾶ
725 2445 789 2499 τὸ
846 2446 1192 2519 ἀναιρεθῆναι
1246 2442 1531 2520 Βαλτάσαρ
1589 2450 1812 2521 Δαρεῖος
1868 2468 2005 2521 παρ-

344 2529 517 2589 ἑλαῦε
583 2536 686 2603 τήν
748 2530 1024 2608 βασιλείαν
1086 2534 1114 2587 6
1152 2530 1363 2603 Μῆδος,
1427 2535 1455 2589 6
1493 2536 1583 2589 καὶ
1646 2534 2005 2611 ’Δρταζέρξης

342 2626 436 2681 καὶ
498 2624 836 2699 Ἀστυάγης,
915 2620 1008 2694 ἔτη
1098 2625 1178 2694 ιζ’.
1265 2626 1357 2688 ’ος
1407 2624 1540 2701 ’ἐσχε
1620 2632 1842 2701 γυναῖκα
1909 2630 2007 2697 τήν

343 2722 446 2773 τοῦ
506 2714 740 2795 Μαρδιχ
797 2718 1020 2791 Ἐσθήρ,
1083 2715 1459 2792 ὲπιλεχθεῖσαν
1519 2714 1611 2773 διὰ
1682 2718 1890 2781 κάλλος
1947 2719 2008 2775 ἐκ

342 2807 455 2863 τῶν
488 2802 802 2880 Ἐὅραῖκῶν
862 2803 1137 2861 νεανίδων⁸
1188 2803 1311 2875 ἥτις
1367 2806 1459 2862 καὶ
1513 2808 1604 2862 τὸν
1666 2805 1811 2863 ἲδιον
1873 2809 2003 2865 λαὸν

341 2900 438 2954 τὸν
487 2893 796 2953 Ἰουδαϊκὸν
858 2894 1196 2971 ἀναιρεῖσθαι
1255 2895 1527 2968 μέλλοντα
1584 2896 1637 2967 ἒξ
1699 2892 2005 2967 ἒπιὸουλῆς

2185 2454 2305 2507 Hoc
2337 2453 2674 2507 Balthasare
2705 2450 3037 2513 interfecto,
3070 2447 3279 2503 Darius
3310 2460 3555 2517 regnum
3605 2442 3764 2497 obti-

2112 2544 2242 2597 nuit
2289 2560 2478 2598 annos
2523 2546 2609 2610 17,
2660 2543 2860 2597 Medus
2915 2540 3179 2608 natione,
3237 2537 3339 2608 qui
3398 2540 3753 2590 Artaxerxes

2113 2634 2292 2690 etiam
2323 2634 2666 2688 nominatur
2706 2637 2767 2686 et
2816 2634 3119 2702 Astyages.
3161 2630 3216 2683 Is
3259 2641 3507 2682 uxorem
3546 2612 3755 2679 habuit

2112 2724 2440 2791 Estheram,
2474 2722 2549 2777 ob
2584 2720 3091 2793 pulchritudinem
3140 2734 3212 2773 ex
3240 2714 3501 2771 Judaicis
3544 2711 3755 2785 puellis

2112 2814 2347 2879 lectam,
2363 2811 2713 2866 Mardochasi
2735 2814 3041 2881 cognatam
3066 2828 3080 2876 ;
3104 2807 3236 2862 dum
3258 2805 3544 2877 populum
3565 2801 3758 2858 Judai-

2114 2917 2271 2965 cum,
2303 2901 2397 2955 cui
2422 2907 2610 2955 Aman
2628 2898 2932 2970 capiarum
2952 2896 3248 2967 regiarum
3265 2893 3579 2964 praefectus
3601 2906 3756 2946 sum-

340 2988 524 3059 Ἀμὰν
574 2988 675 3040 τοῦ
734 2984 1181 3059 ἀρχιστρατήγου
1240 2982 1656 3059 λυτρωσαμὸιη,
1707 2986 2001 3061 παρεσκεύ-

2126 3009 2246 3047 mus
2278 2991 2747 3046 internecionem
2779 2993 2907 3043 erat
2932 2986 3328 3051 machinatus,
3362 2982 3599 3053 eripuit,
3623 2982 3759 3036 effe-

348 3098 473 3132 ασεν
499 3074 713 3130 ἐκεῖνον
770 3071 1302 3143 ἀνασκολοπισθῆναι
1334 3073 1412 3137 είς
1461 3075 1595 3145 ὅπερ
1645 3074 1807 3145 ξύλον
1844 3071 2004 3131 ἐϐου-

350 3165 586 3221 λεύσατο
671 3159 1034 3241 Μαρδοχαῖον
1108 3162 1199 3217 τὸν
1293 3164 1493 3233 εαυτῆς
1575 3162 2005 3219 ἄνασκολοπίσαι

361 3258 526 3319 θεῖον,
572 3254 645 3326 μή
706 3256 956 3325 τιμῶντα
1023 3249 1181 3306 αὐτὸν
1228 3252 1318 3306 καὶ
1377 3257 1801 3328 προσκυνοῦντα.
1860 3254 2007 3325 Φησὶ

369 3344 575 3418 γάρτίς
601 3348 707 3397 τῶν
739 3342 1100 3415 μεγιστάνωνο
1152 3337 1293 3397 Ἰδοὺ
1343 3338 1501 3411 ξύλον
1550 3344 1773 3413 ἱστησεν
1832 3344 2007 3416 Ἀμάν

376 3438 456 3505 τῷ
511 3429 848 3507 Μαρδοχαίῳ
905 3433 1107 3505 πηχῶν
1165 3431 1225 3489 ν’,
1286 3431 1381 3486 Καὶ
1445 3431 1590 3486 εἶπεν
1650 3433 1678 3486 6
1731 3431 2007 3508 βασιλεύς·

369 3525 751 3599 Σταυρωθήτω
811 3523 982 3595 Ἀμάν
1042 3519 1171 3579 ἐκεῖ.
1228 3522 1325 3578 Καὶ
1382 3520 1591 3597 ἐγένετο
1649 3523 1823 3587 οὕτως
1878 3525 2012 3579 κατὰ

358 3618 457 3684 τήν
508 3614 761 3670 κὲλευσιν
818 3616 918 3667 τοῦ
981 3610 1248 3687 βασιλέως
1308 3612 1681 3687 Ἀρταξέρξου.
1772 3615 2011 3677 Εἰκότως

359 3708 456 3761 οὖν
505 3701 873 3777 πεπλήρωται
931 3702 967 3771 ἡ
1023 3702 1210 3775 Γραφὴ
1267 3704 1303 3770 ἡ
1358 3701 1609 3778 λέγουσα·
1664 3708 1791 3762 «'0
1844 3708 2016 3759 ποιῶν

355 3794 583 3863 πονηρά
637 3792 718 3855 είς
786 3790 920 3845 αὐτὰ
1004 3788 1475 3865 ἐγκυλισθήσεται,
1557 3793 1648 3846 καὶ
1734 3793 1794 3853 ὅς
1850 3789 1898 3847 δ’
1954 3790 2016 3848 ἅν

354 3884 606 3954 ἐκκαύσῃ
692 3879 904 3949 κακίαν,
989 3878 1274 3934 ἀπολεῖται
1360 3880 1449 3934 ὑπ’
1538 3879 1722 3949 αὐτῆς.
1809 3881 1911 3937 Καὶ
1956 3883 2015 3945 ὅς

349 3970 828 4047 παρασκευάζεται
861 3966 1075 4024 δίκτυον
1134 3967 1221 4023 ἐπὶ
1276 3969 1570 4043 πρόσωπον
1616 3973 1713 4024 τοῦ
1758 3968 2016 4044 πλησίον,

350 4057 657 4136 περιϐαλεῖ
686 4057 820 4114 αὐτὸ
843 4063 964 4119 τοῖς
1003 4058 1195 4112 ἑαυτοῦ
1246 4057 1398 4113 ποσί.
1442 4058 1539 4113 Καὶ
1573 4059 1601 4113 6
1632 4058 1874 4132 ὀρύσσων
1929 4059 2020 4135 βό-

353 4164 492 4226 θρον
520 4154 604 4220 τῷ
633 4146 872 4217 πλησίον
924 4146 1003 4209 εἷς
1065 4145 1223 4201 αὐτὸν
1279 4146 1612 4219 ἐμπεσεῖται.
1645 4169 1674 4198 ››
1709 4148 1827 4219 Καὶ,
1880 4172 1908 4200 (ι
1941 4150 2019 4204 Δι’

358 4244 439 4296 ῶν
468 4260 558 4300 τις
596 4236 917 4311 ἁμαρτάνει,
950 4233 1021 4289 δι’
1052 4236 1224 4290 αὐτῶν
1253 4234 1340 4290 καὶ
1390 4239 1477 4307 [Ρ.
1536 4239 1660 4308 119]
1707 4236 2015 4306 κολάζεται.

2113 3081 2310 3151 aitque
2366 3084 2431 3134 ut
2460 3079 2512 3133 is
2568 3081 2755 3133 Aman
2812 3077 2875 3131 in
2906 3090 3143 3131 crucem
3194 3073 3369 3128 istam
3425 3069 3760 3133 tolleretur,

2115 3186 2292 3240 quam
2352 3170 2412 3222 in
2462 3181 2697 3221 crucem
2751 3169 3038 3219 statuerat
3092 3162 3354 3217 Estheraa
3409 3157 3761 3215 avunculum

2115 3258 2545 3314 Mardochmum
2575 3272 2769 3328 agere,
2803 3253 2961 3326 quod
2992 3252 3064 3308 ab
3094 3269 3163 3308 eo
3181 3252 3406 3307 honore
3428 3249 3675 3305 affectus
3707 3253 3765 3301 et

2117 3348 2396 3403 adoratus
2417 3362 2537 3401 non
2558 3344 2786 3400 fuisset.
2812 3343 2967 3399 Dixit
2987 3342 3148 3397 enim
3169 3339 3414 3412 quidam
3426 3338 3764 3411 principum

2118 3441 2264 3494 Ecce
2299 3444 2484 3493 Aman
2507 3452 2742 3492 crucem
2761 3432 3125 3490 Mardochaao
3150 3430 3476 3499 constituit,
3500 3432 3569 3485 50
3600 3428 3763 3483 cubi-

2119 3534 2210 3582 tos
2239 3526 2442 3591 altam,
2476 3532 2534 3580 et
2554 3540 2657 3579 rex
2680 3524 2864 3595 jussit
2888 3523 2947 3576 in
2971 3538 3102 3579 eam
3124 3536 3360 3576 crucem
3382 3517 3575 3590 suffigi
3597 3519 3768 3571 Ama-

2121 3638 2260 3677 nem
2288 3622 2510 3691 itaque,
2542 3619 2627 3674 uti
2659 3619 3073 3689 imperaverat,
3112 3615 3335 3671 factum
3366 3618 3476 3669 est.
3508 3614 3590 3667 Ac
3621 3626 3765 3667 sane

2124 3716 2250 3765 tum
2280 3708 2592 3779 impletum
2615 3713 2704 3763 est
2725 3705 2875 3760 illud
2899 3704 3213 3775 Scriptura,
3237 3719 3250 3756 :
3289 3725 3310 3750 ι
3336 3700 3445 3765 Qui
3468 3699 3628 3754 mala
3645 3715 3767 3753 mo-

2123 3800 2286 3865 litur,
2318 3799 2392 3853 iis
2423 3797 2787 3861 involvetur;
2821 3800 2881 3850 et
2923 3794 3024 3864 qui
3057 3798 3263 3849 auctor
3313 3788 3594 3845 facinoris
3624 3788 3766 3843 mali

2125 3889 2389 3955 exsistet,
2410 3905 2477 3942 eo
2499 3887 2796 3958 perdetur.
2832 3885 2940 3950 Qui
2963 3888 3088 3939 rete
3112 3882 3282 3939 alteri
3334 3880 3523 3952 ponit,
3556 3878 3679 3933 suis
3708 3877 3770 3932 id

2127 3977 2376 4050 pedibus
2408 3976 2559 4033 209
2591 3974 2835 4041 induet;
2869 3990 2936 4028 ac
2976 3973 3077 4044 qui
3125 3972 3355 4027 foveam
3397 3968 3569 4024 altari
3600 3966 3768 4034 fodit,

2127 4067 2189 4120 in
2216 4081 2348 4120 eam
2378 4063 2623 4119 incidet.
2656 4088 2683 4112 »
2717 4064 2903 4116 Item:
2938 4083 2966 4110 «
2999 4063 3112 4116 Per
3142 4076 3272 4132 qum
3316 4057 3534 4129 aliquis
3581 4055 3771 4111 delin-

2129 4152 2275 4224 quit,
2308 4151 2523 4207 iisdem
2553 4151 2732 4206 etiam
2782 4149 3045 4221 punitur.
3081 4171 3109 4199 η
3144 4146 3260 4203 Sub
3316 4147 3427 4200 hoc
3454 4146 3573 4199 sive
3603 4146 3771 4199 Arta-

2128 4257 2303 4298 xerxe
2335 4242 2454 4297 sive
2496 4242 2761 4311 Astyage,
2812 4237 3055 4293 Danielo
3104 4234 3449 4307 angelorum
3497 4232 3774 4303 princeps

360 4331 488 4406 Ἐφ’
560 4327 624 4382 οὗ
683 4324 1065 4418 Ἀρταξέρξου,
1118 4329 1214 4379 τοῦ
1270 4326 1361 4379 καὶ
1419 4326 1748 4400 Ἀστυάγου,
1799 4328 1889 4381 καὶ
1942 4331 2013 4399 τῷ

2130 4332 2328 4388 divina
2356 4329 2693 4402 spectacula
2751 4327 3036 4393 exhibuit,
3096 4331 3447 4395 tempusque
3487 4321 3775 4377 adventus

360 4416 577 4484 Δανιὴλ
611 4414 905 4489 ὠράθησαν
936 4413 991 4468 αἱ
1042 4409 1129 4467 διὰ
1182 4417 1279 4469 τοῦ
1337 4411 1683 4491 ἂρχαγγέλου
1743 4412 2017 4484 ὀπτασίαι,

358 4507 457 4564 καὶ
490 4508 521 4561 6
554 4504 760 4580 χρόνος
790 4501 1048 4574 ἐδηλώθη
1079 4510 1178 4572 τῆς
1235 4505 1470 4578 Χριστοῦ
1516 4502 1836 4578 παρουσίας.
1886 4505 2018 4561 "Oa-

357 4617 452 4659 τις
482 4597 579 4650 καὶ
621 4591 912 4670 φθονηθεὶς
967 4591 1071 4646 ὑπὸ
1120 4596 1230 4647 τῶν
1293 4594 1625 4666 μεγιστάνων
1677 4590 1765 4647 διὰ
1806 4593 1869 4647 τὸ
1928 4614 2019 4665 με·

355 4683 554 4762 γάλως
597 4682 859 4754 τιμᾶσθαι
922 4681 1026 4735 ὑπὸ
1081 4685 1180 4735 τοῦ
1240 4680 1508 4755 βασιλέως
1567 4676 1779 4751 ἐϐλήθη
1833 4680 1886 4735 ὲν
1940 4685 2020 4753 τῷ

2129 4420 2342 4475 Christi
2374 4419 2427 4474 ei
2459 4424 2551 4473 est
2603 4417 2950 4472 indicatum.
3009 4414 3170 4470 Idem
3215 4411 3499 4468 Danielus
3554 4407 3776 4464 invidia

2129 4508 2464 4581 principum
2497 4506 2652 4579 quod
2686 4508 2747 4562 in
2796 4521 3010 4578 magno
3042 4509 3199 4559 esset
3250 4500 3406 4574 apud
3436 4515 3635 4573 regem
3665 4499 3775 4555 ho—

2131 4612 2296 4663 nore,
2328 4597 2390 4650 in
2410 4594 2651 4651 leonum
2683 4594 2910 4650 foveam
2931 4592 3251 4664 projectus,
3286 4589 3388 4644 Dei
3413 4588 3775 4659 benignitate

2130 4684 2212 4740 ibi
2243 4683 2563 4739 incolumis
2591 4687 2679 4739 est
2710 4687 2993 4738 servatus.

361 4772 565 4842 λάκκῳ
591 4773 703 4825 τῶν
736 4766 990 4823 λεόντων·
1026 4768 1085 4829 ὃς
1112 4767 1202 4822 καὶ
1226 4762 1479 4838 ἀϐλαϐὴς
1508 4765 1808 4842 διετηρήθη
1840 4770 1909 4840 τῇ
1941 4766 2128 4844 χάριτι
2156 4773 2252 4824 νοῦ
2279 4772 2433 4825 Θεοῦ.

444 4859 594 4916 Μετὰ
662 4855 720 4912 δὲ
776 4861 995 4931 Δαρεῖον
1081 4851 1394 4913 ἐϐασίλευσε
1484 4858 1661 4933 Κῦρος
1719 4857 1748 4912 6
1823 4856 2033 4933 Πέρσης

364 4946 472 5019 ἔτη
506 4946 621 5023 λβ’,
655 4948 717 5009 ὃς
746 4946 954 5002 ἀνελὼν
985 4950 1210 5021 Δαρεῖον
1241 4946 1419 5016 πάσης
1447 4953 1549 5019 γῆς
1589 4945 1897 5021 ἐκράτησεν·

452 5040 545 5094 Ἐν
578 5042 697 5097 τοῖς
730 5036 958 5114 χρόνοις
986 5039 1095 5089 τῶν
1152 5038 1365 5109 Κριτῶν
1421 5035 1512 5089 καὶ
1570 5036 1621 5089 οἱ
1681 5036 2033 5109 Ἀργοναῦται

368 5131 427 5184 οἱ
480 5125 608 5201 περὶ
668 5127 874 5181 Ἰάσονα
931 5123 1023 5179 τὸν
1087 5121 1482 5179 Θεσσαλονικὲα
1531 5124 1622 5178 καὶ
1678 5120 2033 5194 Πολυδεύκην

360 5216 468 5272 καὶ
529 5213 695 5269 Ὕλαν
754 5213 847 5267 καὶ
902 5210 1210 5285 Τελαμῶνα
1274 5212 1366 5267 καὶ
1420 5220 1546 5274 τοὺς
1607 5211 1839 5273 λοιποὺς
1898 5213 2034 5287 πρὸς

368 5305 479 5374 τήν
515 5300 773 5379 Κολχίδα
802 5300 1144 5369 ἐκπλέοντες,
1178 5302 1266 5355 καὶ
1334 5297 1423 5355 διὰ
1449 5305 1546 5356 τοῦ
1605 5299 1851 5355 ἀνάπλου
1898 5300 2035 5376 πρὸς

364 5397 478 5463 τήν
550 5394 826 5460 Ποντικήν
887 5390 1157 5455 θάΛασσαν
1220 5384 1472 5458 διαϐῆναι
1556 5387 1820 5457 θέλοντες,
1881 5390 2034 5445 ἀντι-

374 5485 608 5547 στάντος
653 5482 851 5543 αὐτοῖς
909 5479 1144 5549 Κυζίκου
1200 5482 1299 5534 τοῦ
1345 5477 1401 5533 ἰν
1459 5475 1856 5551 Ἑλλησπόντῳ
1899 5500 2035 5534 τοπ-

372 5571 683 5650 αρχοῦντος
738 5572 799 5627 ἐν
865 5568 1166 5644 ναυμαχίᾳ,
1252 5568 1347 5623 τὸν
1426 5568 1519 5642 μὶν
1576 5565 1882 5646 ἐφόνευσαν,
1934 5570 2035 5638 τήν

447 5663 494 5700 ⁸³
517 5666 665 5721 Dan.
704 5680 755 5732 ν,
792 5659 984 5717 18-23.

2215 4861 2453 4915 Darium
2466 4857 2766 4915 interfecit
2782 4859 2966 4928 Cyrus
2983 4858 3181 4923 Persa,
3204 4870 3572 4927 regnumque
3594 4870 3781 4910 annos

2143 4951 2213 5004 32
2241 4950 2518 5017 obtinuit,
2551 4948 2794 5004 subacta
2822 4948 2983 5003 omni
3013 4946 3271 5019 regione.

2213 5040 2337 5104 Quo
2360 5045 2626 5110 tempore
2630 5038 2654 5108 j
2663 5037 2867 5093 udices
2878 5035 3155 5091 lsraelico
3166 5034 3386 5106 populo
3399 5034 3785 5106 praefuerunt,

2144 5131 2495 5200 Argonautas
2521 5143 2657 5182 cum
2698 5127 2911 5181 Iasone
2942 5123 3244 5192 Thessalo,
3294 5123 3559 5189 Polluce,
3621 5123 3789 5193 Hyla,

2143 5216 2457 5273 Telamone
2487 5233 2557 5272 ac
2584 5214 2833 5285 reliquis
2863 5215 2924 5269 in
2956 5211 3297 5269 Colchidem
3347 5212 3791 5285 navigavevunt.

2144 5306 2248 5372 Qui
2282 5322 2417 5360 cum
2444 5322 2552 5375 per
2609 5320 2805 5360 .auces
2863 5304 2924 5358 in
2955 5304 3266 5358 Ponticum
3324 5317 3485 5357 mare
3535 5304 3793 5359 transire

2143 5393 2385 5453 vellent.
2410 5392 2681 5463 Cyzicum
2696 5390 3060 5463 Hellesponti
3094 5388 3403 5444 dominum
3424 5391 3617 5447 navali
3639 5408 3794 5462 prm-

2148 5481 2228 5535 lio
2251 5481 2412 5551 ipsos
2434 5479 2748 5551 prohibere
2768 5484 3078 5533 conantem
3115 5477 3561 5549 interfecerunt,
3586 5496 3654 5535 ac
3681 5480 3792 5550 Cy-

2144 5570 2332 5625 zicum
2346 5568 2555 5625 urbem
2570 5567 2936 5639 Hellesponti
2959 5566 3305 5638 primariam
3327 5573 3633 5639 ceperunt.
3665 5569 3795 5623 Mox
