4118 6284
387 304 502 366 24⁸7

1751 292 2074 353 GEORGII
2105 291 2445 355 CEDRENI

3703 302 3814 359 248

398 441 616 511 printer
645 433 764 489 alia
819 427 1019 486 docuit
1071 443 1203 483 eum
1261 426 1363 498 qui
1419 423 1560 480 velit
1616 423 2046 496 philosophari,

2191 419 2407 478 δίδασκε
2459 425 2594 500 πρὸς
2645 431 2764 489 τοῖς
2830 425 3025 491 ἄλλοις
3079 428 3162 485 ὅτι
3221 427 3312 484 δεῖ
3368 428 3467 483 τὸν
3509 423 3820 505 φιλοσοφεῖν

405 527 620 582 debere
651 520 927 577 omnibus
957 517 1259 574 abstinere
1289 515 1463 580 vitiis,
1493 514 1898 585 temperantia;
1929 519 2050 567 stu-

406 617 567 682 dere,
601 611 800 667 omnia
829 613 988 662 recte
1019 622 1189 678 agere
1221 609 1398 674 atque
1425 603 1618 658 facere
1645 621 1658 658 :
1691 603 1772 656 ita
1811 603 2053 657 demum

407 706 586 759 licere
617 699 955 771 cognitione
981 711 1185 750 eorum
1218 711 1348 766 quae
1376 710 1586 748 novem
1618 693 1831 747 litteris
1853 696 2056 746 notata

408 797 547 848 sunt
577 788 794 862 potiri:
830 786 936 851 sic,
990 785 1207 855 inquit,
1263 782 1485 838 videbis
1516 782 1728 836 Filium
1762 781 1863 835 Dei
1916 782 2054 835 Ver-

407 883 549 937 bum
581 877 778 933 omnis
803 874 1204 948 perpessionis
1235 889 1466 944 expers,
1500 871 1659 943 quod
1705 871 1899 942 ipsum
1948 869 2052 924 de-

406 986 526 1025 nuo
558 964 1088 1040 perpessionnibus
1120 961 1441 1016 obnoxium
1473 960 1766 1032 apparuit.

478 1058 706 1114 Floruit
733 1063 876 1111 tunc
928 1055 1107 1110 etiam
1140 1053 1521 1124 Hippocrates
1570 1049 1959 1122 phi1050phus
1999 1055 2058 1103 et

408 1146 935 1222 praestantissimus
965 1143 1252 1199 medicus.
1285 1142 1488 1196 Frater
1517 1140 1655 1194 huic
1703 1139 1816 1194 fuit
1845 1139 2058 1193 Sosan-

411 1239 519 1294 der
548 1237 632 1308 (id
661 1251 881 1290 nomen
903 1234 1056 1288 viros
1081 1237 1409 1286 servantem
1437 1229 1751 1300 designat),
1782 1229 1937 1284 214
1956 1228 2056 1298 qui

412 1335 471 1382 et
499 1324 972 1398 Hippocraticam
1004 1326 1063 1375 et
1089 1318 1504 1375 veterinariam
1531 1324 1718 1373 artem
1749 1317 2056 1372 tractabat.

416 1415 560 1471 Huic
618 1413 816 1468 ferunt
872 1411 1287 1482 Hippocratem
1347 1407 1584 1475 dixisse,
1620 1430 1648 1456 «
1684 1405 1782 1460 Vel
1838 1422 2060 1461 nomen

416 1510 583 1561 muta
610 1502 701 1556 vel
731 1509 917 1556 artem
945 1500 1201 1554 dedisce.
1235 1521 1264 1548 »

491 1597 630 1650 Post
656 1592 935 1662 Pelopem
983 1605 1229 1661 regnum
1256 1587 1448 1642 tenuit
1485 1591 1699 1641 Atreus
1755 1601 1941 1640 annos
1970 1588 2060 1652 20,

420 1683 560 1738 inde
589 1683 868 1753 Thyestes
893 1682 980 1748 22,
1026 1684 1152 1732 tum
1183 1680 1586 1750 Agamemnon
1621 1677 1704 1742 18,
1739 1680 1875 1745 post
1911 1674 2064 1746 fligi-

423 1774 589 1829 sthus
638 1775 690 1825 7.
751 1769 988 1824 Duravit
1044 1783 1178 1838 ergo
1257 1781 1507 1836 regnum
1556 1765 1890 1819 Graecorum
1946 1762 2062 1817 sive

418 1860 988 1932 Peloponnesiorum
1019 1872 1207 1912 annos
1239 1855 1360 1910 164.

490 2040 906 2114 Superioribus
937 2041 1242 2111 aliquanto
1290 2037 1657 2110 temporibus
1697 2037 1883 2091 Minos
1912 2036 2067 2090 Jovis

424 2137 482 2188 et
510 2135 757 2202 Europa:
782 2132 841 2184 F.
875 2131 1059 2184 Cretae
1083 2145 1328 2201 regnum
1351 2127 1544 2182 tenuit
1569 2147 1582 2195 ;
1605 2142 1858 2197 cumque
1881 2125 2066 2180 classe

421 2221 748 2294 plurimum
776 2219 1018 2286 valeret,
1077 2217 1541 2272 Atheniensibus
1589 2215 1813 2270 bellum
1843 2214 1984 2269 fecit
2013 2218 2072 2267 et

424 2311 582 2382 leges
612 2307 828 2378 posuit.
863 2309 1023 2361 Tunc
1054 2312 1112 2360 et
1160 2305 1382 2360 Daedali
1422 2305 1569 2360 Icari
1601 2321 1668 2360 ac
1696 2304 1868 2359 Tauri
1899 2302 2071 2357 nobi-

424 2399 582 2453 libus
619 2396 835 2451 fabulis
891 2396 1178 2466 Pasiphae
1231 2395 1441 2448 Minois
1496 2411 1646 2449 uxor
1702 2393 2073 2448 occasionem

430 2486 704 2558 praebuit.
736 2486 817 2539 Ea
846 2499 980 2538 cum
1009 2485 1197 2538 Tauro
1232 2483 1425 2538 scriba
1456 2499 1561 2537 suo
1595 2482 1886 2538 adulterio
1917 2497 2072 2536 com-

430 2573 827 2641 misso,filium
842 2573 1073 2644 peperit
1089 2573 1188 2642 qui
1207 2573 1569 2628 Minotaurus
1590 2572 1701 2626 fuit
1719 2571 2070 2643 appellatus.

429 2666 561 2736 Ipsa
590 2669 788 2717 autem
818 2677 938 2716 una
967 2678 1100 2716 cum
1133 2661 1360 2716 duabus
1398 2661 1632 2716 ancillis
1683 2661 1745 2715 in
1777 2676 2075 2716 carcerem

430 2753 663 2808 inclusa
693 2769 762 2806 ex
793 2750 999 2806 morbo
1057 2751 1252 2822 periit.
1287 2753 1486 2805 Icarus
1534 2767 1669 2805 cum
1729 2767 1799 2804 ex
1841 2765 2075 2804 carcere

429 2843 716 2916 profugus
747 2842 1067 2913 navigaret,
1103 2841 1163 2896 in
1195 2841 1343 2895 mari
1379 2841 1575 2912 periit.
1610 2840 1883 2896 Daedalus
1906 2840 2079 2910 jugu-

428 2933 583 2988 latus
615 2936 724 2986 est.

499 3022 782 3078 Hercules
821 3027 1042 3090 autem,
1094 3021 1144 3076 is
1174 3021 1346 3092 cujus
1402 3020 1637 3076 labores
1695 3021 1755 3075 in
1809 3020 2079 3074 omnium

430 3120 569 3170 sunt
597 3131 719 3181 ore,
773 3129 844 3166 ex
873 3112 1151 3167 Colchide
1192 3129 1325 3167 cum
1384 3112 1739 3184 Argonautis
1779 3126 2074 3176 reversus,

2159 509 2415 567 ἐθέλοντα
2515 516 2731 570 πάντων
2798 516 3091 593 ἀπέχεσθαι
3157 523 3377 589 κακῶν,
3471 518 3819 594 σωφροσύνην

2162 601 2362 671 ἀσκεῖν,
2421 603 2510 658 καὶ
2565 605 2742 660 πάντα
2794 607 2971 681 ὀρθῶς
3037 613 3178 664 νοεῖν
3237 608 3336 664 καὶ
3395 607 3678 684 πράττειν,
3736 607 3820 662 καὶ

2163 690 2335 753 οὕτως
2392 689 2503 747 ἔστι
2561 694 2624 748 τὸ
2681 693 3160 771 ἐννεαγράμματον
3222 700 3448 772 μαθεῖν.
3485 697 3590 754 Καὶ
3634 696 3819 766 οὕτως,

2162 781 2348 858 φησὶν,
2382 783 2504 856 ὄψει
2560 783 2651 838 τὸν
2709 786 2831 840 Υἱὸν
2879 792 2975 842 τοῦ
3033 792 3167 843 Θεοῦ
3221 788 3433 862 Λόγον,
3491 787 3588 842 τὸν
3629 787 3821 857 ἀπαθῆ,

2161 871 2402 941 παθητὸν
2432 880 2688 950 νεοφανῆ.

2235 1053 2430 1126 Τούτῳ
2461 1057 2772 1128 συνήκμαζε
2829 1057 2917 1112 καὶ
2975 1057 3348 1132 Ἱπποκράτης
3382 1057 3712 1135 φιλοσοφῶν
3743 1057 3825 1112 καὶ

2165 1142 2410 1216 ἰατρικὴν
2469 1144 2543 1205 ὡς
2602 1142 2793 1220 ἄριστα
2848 1148 3306 1220 κατορθούμενος.
3373 1152 3445 1223 ’ῼ
3503 1149 3572 1215 ἦν
3603 1143 3826 1222 ἀδελφὸς

2164 1227 2480 1305 Σώσανδρος
2523 1232 2932 1307 ὀνομαζόμενος
2987 1235 3075 1290 καὶ
3135 1236 3235 1303 τήν
3297 1235 3692 1309 ἱππιατρικήν,
3723 1233 3830 1308 ’ἅμα

2166 1316 2223 1373 δὲ
2274 1321 2362 1374 καὶ
2417 1321 2630 1376 πάντων
2681 1327 2788 1377 τῶν
2859 1329 3071 1393 κτηνῶν
3123 1324 3329 1400 τέχνην
3400 1323 3825 1398 μετερχόμενος·

2165 1408 2300 1483 πρὸς
2357 1410 2417 1462 ’ὸν
2471 1431 2627 1488 φασιν
2670 1412 2940 1486 εἰρηκέναι
2995 1413 3090 1467 τὸν
3149 1414 3555 1488 Ἱπποκράτην·
3618 1437 3647 1465 (ί
3678 1415 3743 1468 Ἣ
3773 1414 3829 1468 τὸ

2167 1494 2338 1570 ὄνομα
2373 1495 2667 1571 μετάϐαλε,
2697 1500 2732 1569 ἤ
2761 1503 2862 1571 τήν
2893 1503 3096 1577 τέχνην
3129 1503 3437 1576 μετάμαθε.

2241 1587 2394 1643 Μετὰ
2425 1589 2514 1660 [Ρ.
2550 1590 2674 1662 122]
2708 1588 2932 1645 Πέλοπα
2989 1585 3336 1646 ἐϐασίλευσεν
3376 1590 3612 1667 Ἀτρεὺς
3645 1588 3735 1661 ἔτη
3765 1593 3827 1662 κ’,

2168 1679 2284 1731 εἶτα
2313 1677 2549 1748 Θυέστης
2609 1677 2700 1750 ἔτη
2759 1681 2846 1756 ιβ’.
2907 1681 3022 1754 μεθ’
3078 1683 3134 1736 δν
3193 1681 3578 1756 Ἀγαμέμνων
3623 1675 3714 1751 ἔτη
3744 1684 3828 1751 ιη’,

2171 1767 2286 1822 εἶτα
2337 1765 2594 1844 Αἴγισθος
2652 1767 2746 1840 ἔτη
2831 1775 2888 1838 ζ’.
2977 1768 3243 1846 Κατέσχεν
3323 1771 3426 1826 οὗν
3489 1774 3524 1840 ἡ
3589 1768 3833 1846 βασιλεία

2168 1853 2458 1926 Ἑλλήνων
2499 1857 2624 1927 ἢτοι
2683 1857 3137 1930 Πελοποννησίων
3193 1857 3284 1928 ἔτη
3353 1861 3554 1915 ἑκατὸν
3585 1861 3833 1930 ἑξήκοντα

2167 1947 2418 2020 τέσσαρα.

2242 2037 2328 2091 ’Ev
2359 2040 2475 2098 τοῖς
2505 2038 2762 2113 ἀνωτέρω
2818 2042 2926 2093 τῶν
2985 2041 3289 2114 εἰρημένων
3353 2039 3599 2119 χρόνοις
3654 2040 3834 2101 Μίνως

2169 2130 2270 2193 τῆς
2313 2127 2558 2198 Κρήτης,
2591 2127 2619 2180 6
2677 2127 2793 2188 υἱὸς
2825 2130 2936 2201 (92)
2993 2135 3094 2198 τῆς
3152 2130 3460 2205 Εὐρώπης,
3499 2123 3830 2198 ἐϐασίλευσε,

2172 2214 2264 2269 καὶ
2296 2213 2752 2290 θαλασσοκρατῶν
2808 2217 3130 2287 Ἀθηναίους
3185 2216 3454 2291 ἐπολέμει
3505 2218 3601 2272 καὶ
3632 2217 3829 2290 νόμους

2176 2301 2418 2375 έξετίθει.
2476 2304 2614 2360 Τότε
2669 2307 2758 2360 καὶ
2818 2303 3087 2369 Δαίδαλος
3141 2307 3228 2361 καὶ
3299 2308 3330 2360 6
3385 2309 3612 2380 Ἴκαρος
3659 2307 3744 2359 καὶ
3803 2306 3828 2359 ὁ

2175 2396 2384 2466 Ταῦρος
2449 2391 2622 2448 ἕνεκεν
2687 2399 2786 2460 τῆς
2879 2397 3158 2471 Πασιφάης
3219 2400 3319 2461 τῆς
3388 2396 3617 2456 Μίνωος
3686 2394 3829 2468 ἐθρυ-

2178 2480 2376 2537 λοῦντο
2431 2485 2706 2557 γυναικός.
2768 2487 2861 2541 Ἐκ
2916 2490 3013 2540 τοῦ
3069 2486 3282 2559 Ταύρου
3360 2486 3463 2559 μὲν
3527 2485 3622 2540 οῦν
3682 2504 3836 2538 νοτα-

2181 2571 2302 2646 Ρίου
2369 2574 2478 2644 (93)
2546 2572 2710 2642 αὐτῆς
2779 2573 2930 2634 ὂντος
3019 2576 3378 2648 μοιχευθεῖσα
3445 2568 3626 2629 ἔτεκεν
3705 2573 3834 2639 υἱὸν,

2181 2660 2240 2721 δς
2281 2661 2634 2737 Μινώταυρος
2665 2660 2895 2733 ἐκλήθη.
2954 2664 3016 2720 Ἦ
3053 2662 3110 2718 δὲ
3167 2665 3429 2740 Πασιφάη
3490 2662 3597 2718 ὑπὸ
3630 2659 3837 2720 Μίνωος

2186 2749 2318 2822 με.τά
2377 2747 2472 2804 δύο
2532 2748 2802 2806 δουΛίδων
2860 2750 3172 2816 κλεισθεῖσα
3247 2753 3299 2807 έν
3363 2753 3643 2826 οἰκήματι
3700 2751 3834 2821 νόσῳ

2179 2837 2425 2910 τελευτᾷ.
2460 2842 2678 2915 Ἴκαρος
2711 2839 2767 2896 δὲ
2806 2844 2906 2910 τῆς
2954 2841 3174 2916 εἱρκτῆς
3227 2841 3532 2915 ὑπαλύξας,
3567 2842 3644 2903 ὡς
3675 2837 3840 2906 ἔπλει,

2183 2926 2496 2998 ἐποντίσθη.
2531 2927 2798 2991 Δαίδαλος
2832 2927 2888 2984 δὲ
2917 2929 3149 3009 ἐσφάγη.

2252 3014 2533 3090 Ἡρακλῆς
2580 3015 2638 3072 δὲ
2687 3020 2776 3074 καὶ
2834 3018 3017 3086 αὐτὸς,
3075 3021 3104 3074 6
3154 3024 3273 3080 τοῖς
3334 3020 3534 3082 ἄθλοις
3565 3017 3835 3092 πολυθρύ·

2189 3102 2381 3174 λητος,
2445 3107 2580 3178 μετὰ
2633 3108 2732 3175 τὴν
2787 3107 2893 3162 ἀπὸ
2957 3105 3240 3187 Κολχίδος
3304 3111 3444 3181 μετὰ
3503 3113 3613 3164 τῶν
3658 3109 3841 3180 Ἀργο-

426 3205 488 3258 in
521 3203 780 3257 Africam
811 3202 1005 3256 venit:
1039 3201 1120 3254 ibi
1145 3203 1440 3266 Antmum,
1475 3201 1836 3272 portentosis
1867 3201 2073 3254 daemo-

2191 3199 2400 3248 ναυτῶν
2435 3196 2782 3273 ὑποστροφὴν
2835 3197 2886 3252 ἐν
2939 3193 3117 3272 Λιϐύῃ
3164 3197 3465 3272 γενόμενος
3525 3197 3618 3252 καὶ
3653 3195 3840 3265 Ανταίῳ

433 3308 578 3346 num
610 3296 670 3346 et
696 3289 1110 3344 abominandis
1135 3295 1401 3344 utentem
1432 3289 1766 3361 praestigiis,
1806 3306 2078 3360 congres-

436 3397 536 3436 sus
567 3396 703 3434 cum
730 3383 1087 3449 superasset,
1120 3379 1181 3432 in
1210 3379 1484 3434 morbum
1516 3379 1892 3450 pestilentem
1932 3379 2084 3434 inci-

437 3469 543 3533 dit,
578 3483 894 3538 versusque
925 3468 986 3521 in
1017 3467 1277 3522 furorem
1311 3484 1371 3522 se
1399 3467 1590 3538 ipsum
1622 3468 1683 3522 in
1714 3467 1909 3539 ignem
1941 3483 2082 3522 con-

429 3559 598 3628 jecit,
625 3557 825 3628 itaque
857 3557 1052 3628 periit.

508 3647 647 3700 Post
702 3645 957 3699 Minoem
1028 3645 1392 3699 Minotaurus
1447 3645 1738 3716 Pasiphae
1797 3649 1854 3698 et
1908 3646 2080 3699 Tauri

442 3734 599 3789 ﬁlius
630 3751 876 3806 regnum
909 3733 1096 3788 inivit.
1131 3737 1202 3788 At
1234 3739 1539 3789 senatores
1583 3734 1799 3805 probro
1831 3734 1940 3789 sibi
1973 3735 2084 3789 du-

432 3829 655 3888 centes,
689 3841 737 3878 51
783 3840 853 3877 ex
904 3822 1197 3878 adulterio
1253 3829 1457 3878 natum
1514 3839 1713 3894 regem
1772 3822 2081 3891 haberent,

431 3913 580 3968 215
643 3912 936 3966 Theseum
993 3913 1148 3983 Egei
1206 3911 1359 3984 regis
1411 3913 1720 3968 Thessaliae
1760 3911 1951 3968 filium
2009 3911 2082 3967 ad

431 4001 844 4072 impetendum
875 4001 1032 4056 bello
1064 4001 1457 4057 Minotaurum
1491 4003 1897 4070 exhortantur,
1948 4019 2081 4073 pro-

433 4089 740 4145 mittentes
772 4090 882 4161 ipsi
945 4107 1006 4145 se
1064 4095 1123 4145 et
1170 4091 1562 4146 Minotaurum
1619 4092 1980 4162 prodituros,
2027 4097 2087 4146 et

433 4179 755 4234 Ariadnam
786 4179 996 4234 Minois
1028 4179 1213 4234 filiam
1245 4185 1546 4251 totamque
1577 4181 1809 4235 Cretam
1833 4179 2086 4235 traditu-

435 4286 554 4324 ros.
598 4270 804 4324 Statim
837 4270 1035 4340 itaque
1064 4269 1320 4324 Theseus
1354 4269 1414 4322 in
1444 4271 1675 4324 Cretam
1727 4270 1964 4341 trajicit.
2000 4261 2088 4326 lbi

436 4358 552 4414 dux
585 4359 878 4413 exercitus
906 4358 1240 4429 reliquique
1271 4374 1479 4412 omnes
1515 4359 1793 4415 simulata
1831 4360 1966 4432 fuga
1995 4361 2086 4414 Mi-

433 4454 750 4502 notaurum
786 4449 1057 4516 Gortynae
1088 4447 1363 4500 relictum
1395 4446 1714 4515 deserunt;
1748 4449 1849 4519 qui
1891 4449 2084 4520 prodi-

2193 3281 2490 3356 συμὸαλὼν
2552 3281 2892 3357 δαιμονιώδη
2952 3286 3072 3340 τινὰ
3145 3285 3236 3340 καὶ
3323 3287 3544 3362 μυσαρά
3601 3289 3838 3361 φάσματα

2189 3369 2463 3441 τελοῦντι,
2517 3373 2606 3427 καὶ
2665 3375 2892 3444 νικήσας
2951 3374 3134 3444 αὐτὸν,
3201 3374 3343 3448 νόσῳ
3415 3372 3694 3450 λοιμώδει
3749 3391 3834 3427 πε·

2197 3460 2460 3534 ριπίπτει,
2489 3462 2579 3516 καὶ
2633 3463 2812 3535 μανεὶς
2861 3462 2937 3526 εἲς
2986 3468 3094 3538 πῦρ
3146 3465 3335 3520 ἑαυτὸν
3382 3466 3550 3540 ῥίψας
3600 3461 3834 3530 τελευτᾷ.

2265 3643 2411 3698 Μετὰ
2443 3641 2630 3699 Μίνωα
2688 3644 3042 3717 Μινώταυρος
3097 3646 3124 3698 6
3185 3646 3473 3722 Πασιφάης
3513 3644 3605 3700 καὶ
3643 3641 3838 3715 Ταύρου

2197 3732 2497 3806 βασιλεύει.
2557 3727 2745 3803 Ὕϐριν
2805 3730 2863 3787 δὲ
2921 3735 2970 3788 οἱ
3031 3732 3388 3809 συγκλητικοὶ
3451 3735 3514 3789 τὸ
3576 3733 3678 3788 ὑπὸ
3719 3750 3837 3803 μοι·

2193 3824 2532 3896 χογεννήτου
2584 3819 2961 3896 βασιλεύεσθαι
3016 3824 3342 3896 ἡγούμενοι,
3401 3825 3588 3895 Θησέα
3619 3819 3838 3896 προτρέ-

2191 3931 2380 3965 πονται
2452 3911 2541 3964 τὸν
2602 3911 2716 3964 υἱὸν
2784 3910 2992 3986 Αἰγέως
3063 3909 3333 3984 βασιλέως
3401 3909 3704 3970 Θεσσαλίας
3768 3904 3838 3964 εἷς

2192 3998 2439 4072 πόλεμον
2506 4001 2625 4055 κατ’
2698 3998 2862 4054 αὐτοῦ
2940 3997 3217 4074 διαπερᾷν.
3296 4001 3716 4076 Ὑπισχνοῦνται
3786 3991 3838 4048 δὲ

2193 4088 2340 4160 αὐτῷ
2373 4088 2532 4143 αὐτόν
2584 4109 2640 4143 τε
2685 4086 2982 4165 προδοῦναι
3039 4090 3397 4166 Μινώταυρον
3424 4091 3520 4146 καὶ
3551 4083 3833 4162 Ἀριάδνην

2193 4179 2291 4244 τὴν
2375 4175 2589 4238 Νίνωος
2683 4179 2769 4232 καὶ
2841 4179 3124 4255 Πασιφάης
3203 4177 3294 4232 καὶ
3362 4185 3538 4234 πᾶσαν
3600 4177 3832 4252 Κρήτην.

2193 4271 2430 4341 Διαπερᾷ
2482 4272 2611 4342 γοῦν
2669 4266 2744 4327 είς
2801 4268 2900 4336 τήν
2943 4269 3159 4342 Κρήτην
3217 4266 3470 4344 ἐξαίφνης
3531 4269 3558 4323 ὁ
3613 4261 3831 4334 Θησεύς.

2190 4356 2253 4414 Ὀ
2309 4360 2436 4430 γοῦν
2513 4356 2816 4432 στρατηγὸς
2899 4356 2987 4410 καὶ
3073 4359 3262 4417 πάντες
3325 4357 3419 4412 τὸν
3484 4356 3830 4426 Μινώταυρον

2193 4445 2245 4500 ὲν
2349 4446 2588 4518 Γορτύνῃ
2661 4445 2881 4522 ἀφέντες
2954 4451 3148 4520 σχῆμα
3224 4453 3403 4524 φυγῆς
3495 4447 3828 4514 ἐποιήσαντο.

432 4536 658 4590 tionem
690 4535 954 4589 sentiens
995 4535 1056 4588 in
1087 4535 1282 4589 locum
1320 4535 1413 4589 cui
1473 4535 1830 4608 Labyrintho
1862 4555 2073 4593 nomen

2195 4536 2360 4597 Γνοὺς
2419 4532 2475 4589 δὲ
2534 4535 2692 4596 αὐτὸς
2744 4535 2842 4602 τήν
2892 4532 3185 4610 προδοσίαν
3239 4536 3418 4614 φεύγει
3489 4535 3567 4598 εἷς
3597 4535 3691 4601 τήν
3724 4537 3823 4585 Λα·

435 4629 524 4679 est
555 4623 838 4694 confugit,
900 4623 1100 4692 ibique
1133 4623 1195 4677 in
1254 4623 1539 4694 spelunca
1591 4624 1826 4680 abditus
1883 4626 2077 4694 latuit,

432 4711 622 4766 donec
653 4711 963 4784 cujusdam
995 4712 1216 4766 indicio
1238 4713 1496 4767 Theseus
1519 4730 1653 4767 eum
1671 4713 1749 4768 ibi
1777 4720 2077 4786 repertum

427 4800 739 4872 jugulavit.
773 4801 1034 4856 Theseus
1091 4801 1459 4872 triumphum
1520 4803 1836 4872 Gortynem
1891 4803 2077 4857 intro-

435 4890 620 4946 duxit.
648 4892 856 4962 Aigeus
904 4897 1102 4944 autem
1148 4896 1315 4960 pater
1345 4891 1494 4961 ejus,
1543 4890 1679 4962 fuga
1704 4892 1937 4946 Cretum
1971 4909 2077 4947 au-

434 4979 577 5047 dita,
611 4979 942 5050 suspicatus
972 4979 1262 5033 Theseum
1293 4977 1428 5032 dolo
1469 4978 1869 5048 interfectum,
1918 4981 2078 5036 luctu

2190 4620 2458 4699 ϐυρίνθων
2516 4627 2724 4699 χώραν,
2775 4624 2865 4678 καὶ
2915 4623 2968 4679 ἐν
3028 4623 3284 4697 σπηλαίῳ
3315 4623 3563 4690 λανθάνει
3593 4617 3816 4698 κρυόεἳς.

2186 4713 2292 4776 ἓως
2353 4715 2456 4768 ὑπὸ
2509 4733 2658 4774 τινος
2713 4717 2792 4785 τῷ
2849 4717 3016 4782 Θησεῖ
3075 4714 3330 4787 μηνυθεὶς
3391 4714 3616 4791 ἐσφάγη.
3667 4712 3724 4765 Ὀ
3773 4703 3829 4760 δὲ

2189 4802 2395 4872 Θησεὺς
2452 4801 2527 4862 εἷς
2581 4801 2855 4873 Γορτύνην
2936 4801 3192 4856 εἰσελθὼν
3275 4799 3679 4878 ἐθριάμϐευσεν.
3730 4795 3818 4853 Αἶ-

2186 4892 2308 4966 γεὺς
2350 4889 2406 4945 δὲ
2475 4891 2502 4944 6
2563 4889 2759 4944 τούτου
2822 4892 3003 4964 πατὴρ
3068 4891 3169 4959 τὴν
3231 4893 3406 4967 φυγήν
3456 4889 3684 4948 ἀκούσας
3717 4887 3817 4940 τῶν

2189 4983 2445 5052 Κρητῶν,
2480 4978 2572 5032 καὶ
2627 4978 2703 5038 ὡς
2753 4975 2903 5049 δόλῳ
2963 4979 3272 5048 ὑπονοήσας
3323 4979 3575 5036 ἀπώλετο
3615 4972 3828 5044 Θησεὺς,

1635 5097 1995 5153 XYLANDRI
2035 5099 2122 5152 ET
2159 5099 2375 5153 GOABI
2415 5097 2639 5151 NOT/E.

501 5214 594 5282 (92
626 5213 692 5292 In
720 5212 989 5292 margine
1046 5217 1145 5292 τῆς
1178 5209 1450 5292 Εὺρώπης
1505 5212 1800 5292 signatum
1827 5219 1972 5292 erat,
2006 5213 2090 5292 ita

433 5281 662 5352 utpost
687 5281 804 5344 υἱός
835 5281 1219 5337 inserendum
1246 5281 1677 5338 ostenderetur.
1711 5284 1899 5340 Credo
1941 5284 2089 5338 scri-

432 5359 600 5425 ptum
624 5353 804 5407 fuisse
825 5353 853 5405 6
877 5354 1021 5419 Δεός,
1044 5371 1162 5409 non
1183 5353 1320 5414 υἱός.
1343 5355 1630 5409 Fortassis
1652 5356 1830 5410 etiam
1853 5356 2085 5425 Europa

436 5424 656 5479 addita.
691 5426 804 5479 Res
837 5432 924 5479 est
954 5432 1107 5480 nota.
1175 5427 1307 5481 XYL.
1343 5458 1408 5466 ——
1443 5427 1726 5481 Dictionis
1784 5424 2081 5481 inversum

434 5496 730 5570 ordinem,
763 5497 999 5570 omissis
1024 5498 1302 5570 Xylandri
1327 5499 1716 5570 conjecturis,
1764 5497 1875 5552 hoc
1909 5505 2078 5570 pacto

437 5567 610 5622 facile
641 5567 950 5622 restitues:
981 5568 1008 5621 6
1040 5567 1153 5628 υἱὸς
1189 5567 1458 5640 Εύρώπης
1495 5567 1696 5638 Μίνως,
1727 5575 1826 5635 τῆς
1851 5567 2075 5640 Κρήτης

2195 5205 2524 5266 ἐϐασίλευεν.
2557 5211 2732 5265 GOAR.

2265 5285 2376 5354 (63)
2410 5283 2672 5338 Scribam
2705 5281 2863 5354 quod
2896 5283 3062 5348 verti,
3111 5283 3171 5336 in
3226 5285 3424 5339 Graeco
3455 5290 3542 5339 est
3570 5277 3820 5354 νότρἱρεος,

2192 5343 2478 5427 notarius.
2505 5357 2574 5408 Et
2594 5343 2950 5427 pos_t‘_)_ubpov.
2972 5343 3187 5427 lorum,
3213 5355 3365 5409 sicut
3385 5357 3526 5410 alibi
3547 5343 3820 5427 κουϐίκλον

2190 5426 2550 5500 cubiculum,
2589 5417 2846 5500 tamen;
2901 5425 3068 5493 dixit,
3129 5417 3393 5481 imitatus
3446 5417 3814 5500 θεραπαινίδας-

2187 5498 2371 5552 Paulo
2428 5489 2676 5552 inferius
2751 5489 3063 5553 solemnem’
3111 5489 3814 5566 Γεεείυἰῑαεθηι.’κοσμικήνν

2189 5568 2346 5640 quod
2371 5585 2491 5624 non
2525 5571 2644 5625 scio
2677 5569 2819 5640 quid
2849 5568 2961 5624 sibi
2991 5567 3148 5622 velit.
3183 5570 3318 5624 XYL.
