4104 6276
284 298 392 360 Ἀθ

1572 315 2114 381 HISTORIABUM
2159 312 2701 377 COMPENDIUM.

3647 318 3771 378 250

304 433 463 514 λῦπῃ
497 447 880 510 καταποθεὶς
943 446 1168 526 ἔρριψεν
1225 450 1410 505 ἐαυτὸν
1465 451 1542 513 είς
1596 451 1695 519 τὴν
1755 447 2016 514 θάλασσαν

2137 448 2448 515 absorpius
2470 448 2533 503 in
2558 463 2721 503 mare
2751 463 2815 502 se
2845 447 3040 520 ipsum
3070 448 3322 520 projecit
3349 465 3417 505 ac
3448 450 3768 506 suﬂ‘ocatus

322 528 409 586 καὶ
448 529 768 610 ἀπεπνίγηο
832 538 968 603 ’ὅθεν
1030 539 1125 594 καὶ
1182 539 1404 616 Αἴγαῖον
1456 539 1519 595 τὸ
1574 538 1815 616 πέλαγος
1877 536 2014 592 ὠνό-

342 644 561 699 μασται.
618 625 688 683 Ὀ
751 623 816 683 δὶ
873 629 1091 700 Θησεύς
1148 630 1245 698 τήν
1332 631 1548 704 Κρήτην
1609 630 1789 701 ἐάσας,
1854 647 2016 683 κατα-

354 716 625 792 ϐρονῆσας
666 712 732 772 δὶ
788 718 891 772 καὶ
948 715 1272 793 ³Δριάδνης,
1318 719 1442 790 ἣτις
1496 720 1550 776 ἑν
1605 725 1684 793 τῷ
1738 720 1872 794 ἱερῷ
1920 720 2016 771 τοῦ

364 806 486 868 Διὸς
569 802 991 881 παρεδρεύουσα
1073 806 1361 882 παρθᾶνος,
1430 807 1506 872 ὥς
1566 830 1713 889 φασι,
1768 805 2017 875 τελευτᾷ,

355 903 461 967 τῆς
491 894 794 958 Θεσσαλίας
827 895 1157 971 βασιλεύσας
1187 898 1421 974 ἠγάγετο
1469 903 1699 976 γυναῖκα
1751 892 2015 970 Φαίδραν.

355 987 434 1042 Ἥ
468 984 559 1041 καί
620 987 1030 1064 ἐσυκοφαντήθη
1064 986 1139 1046 ὡς
1195 987 1529 1061 Ἱππολύτῳ,
1589 989 1692 1059 υἱῷ
1755 987 1849 1060 μὲν
1906 991 2019 1052 Θη-

359 1074 504 1136 σὲως
557 1072 623 1130 ὲκ
674 1072 970 1143 παλλακῆς
1049 1073 1219 1144 αὐτῆς
1273 1071 1329 1130 δὲ
1383 1080 1662 1151 προγονῷ,
1741 1077 2018 1150 πορνικῶς

362 1169 619 1240 μιγεῖσα.
685 1169 746 1221 Ὁ
804 1165 899 1236 μὲν
951 1163 1048 1218 οὗν
1110 1162 1442 1227 Ἱππόλυτος
1496 1163 1730 1245 ἔφιππος
1786 1163 2019 1239 σύαγρον

362 1252 594 1309 διώκων
623 1258 723 1308 τοῦ
779 1253 962 1307 ὺππου
1022 1253 1365 1329 ὲξετινάχθη,
1424 1258 1520 1310 τοῦ
1578 1251 1635 1309 δὲ
1691 1251 1878 1327 λώρου
1923 1255 2019 1306 τοῦ

356 1341 613 1420 χαλινοῦ
642 1339 1085 1416 περιελιχθέντος
1112 1346 1228 1404 τοῖς
1285 1340 1578 1404 δακτύλοις
1627 1341 1791 1396 αὐτοῦ
1852 1340 2016 1412 ὲσύρη

357 1430 474 1485 ὑπὸ
502 1434 609 1485 τοῦ
634 1427 836 1499 ἵππου,
865 1431 952 1486 καὶ
982 1435 1053 1505 τῇ
1085 1429 1212 1505 ἕκτῃ
1244 1432 1427 1507 ἠμὲρᾳ
1466 1429 1713 1500 τελευτᾷ.
1763 1430 1886 1486 'Eé’
1915 1428 1961 1500 ᾦ
1992 1428 2019 1481 ὁ

356 1520 575 1591 Θησεὺς
629 1516 879 1597 σφοδρῶς
938 1519 1196 1587 ἀνιαθεὶς,
1253 1517 1400 1574 ἀλλὰ
1457 1522 1538 1594 [Ρ.
1606 1519 1728 1592 123]
1784 1516 1873 1573 καὶ
1917 1518 2018 1586 τὴν

358 1610 615 1687 Φαίδραν
644 1611 830 1666 καίτοι
869 1611 1059 1668 πολλὰ
1112 1612 1477 1687 ἐξομνυμένην
1535 1610 1868 1685 λοιδορήσας
1913 1608 2019 1664 ἀπὸ

363 1701 543 1776 ’ὅψεως
573 1699 855 1767 ἐποίησεν.
885 1701 1040 1769 Αύτή
1075 1699 1130 1756 δὲ
1168 1705 1237 1775 τῇ
1288 1697 1570 1777 ὑπερϐολῇ
1626 1707 1725 1770 τῆς
1778 1698 2016 1772 θλίψεως

376 1787 814 1879 δεινοπαθήσασα
850 1787 1138 1879 ἒτεθνήκειΓ
1198 1791 1332 1847 Τότε
1378 1791 1487 1879 καὶ,
1517 1788 1821 1879 Εύρυσθεὺς
1868 1785 2020 1879 ὲκρά-
2047 1814 2096 1879 Β

372 1899 458 1933 τει
486 1883 588 1932 τῶν
621 1875 1071 1951 Λακεδαιμονίων
1103 1871 1197 1950 ἔτη
1259 1879 1351 1955 μβ¹
1405 1878 1498 1935 καὶ
1544 1876 1708 1934 ἄλλοι
1763 1882 1876 1951 μετ’
1930 1874 2020 1929 αύ-

365 1969 460 2021 τὸν
488 1969 563 2037 η’,
593 1969 678 2024 Τὰ
713 1963 770 2021 δὲ
798 1966 971 2023 πάντα
998 1965 1091 2037 ἔτη
1118 1967 1379 2046 κατέσχεν
1410 1970 1446 2037 ἡ
1480 1968 1660 2023 αὐτῶν
1691 1967 1837 2044 ἀρχὴ
1868 1968 2016 2037 ετκέ.

432 2057 559 2113 Ὅτι
597 2054 652 2111 ἐν
678 2062 800 2118 τοῖς
827 2055 1049 2132 χρόνοις
1081 2055 1267 2112 Σαοὺλ
1323 2062 1540 2132 πρῶτον
1585 2058 1766 2133 ἀγῶνα
1817 2059 1870 2113 οἱ
1922 2063 2018 2111 Πι-

360 2150 514 2201 σαῖοι
575 2144 632 2199 ἐν
689 2144 974 2219 Ὀλυμπίᾳ
1027 2141 1395 2201 κατεϐάλοντο
1442 2146 1532 2201 καὶ
1591 2145 1675 2200 Διὶ
1731 2144 2020 2219 Ὀλυμπίῳ

356 2237 645 2308 κοσμικὴν
731 2236 956 2310 πρώτην
1035 2234 1351 2291 ἐπετέλεσαν
1446 2237 1661 2310 ἑορτήν.
1746 2238 2021 2300 Ἐντεῦθεν

354 2324 501 2378 κατὰ
529 2325 769 2396 τέσσαρα
815 2318 909 2394 ἔτη
966 2325 1058 2379 τὸν
1106 2325 1282 2401 ἀγῶνα
1327 2323 1417 2380 καὶ
1454 2326 1555 2394 τήν
1599 2326 1791 2399 ἑορτήν
1841 2325 2020 2380 ἐπιτε-

363 2413 626 2481 λοῦντες,
686 2411 1067 2486 Ὀλυμπιάδας
1122 2413 1219 2476 τὰς
1301 2411 1715 2489 τετραετηρίδας
1796 2414 2024 2486 καθεξῆς

363 2501 673 2576 ἢρίθμουν.
708 2503 801 2558 Ἐν
833 2504 916 2565 οἷς
970 2503 1196 2581 χρόνοις
1237 2502 1327 2557 καὶ
1378 2503 1669 2579 Κορίνθιοι
1720 2503 1853 2574 μετά
1898 2503 2024 2568 τοὺς

362 2587 840 2663 Λακεδαιμονίους
878 2595 1302 2670 -τοπαρχοῦντες
1334 2589 1617 2663 Ἐλλήνων
1670 2586 2024 2647 ἐϐασίλευσαν

357 2680 428 2733 τὰ
457 2679 642 2733 πάντα
672 2673 768 2749 ἔτη
822 2681 950 2749 τιη“.
1011 2678 1114 2735 Καὶ
1176 2679 1310 2752 μετὰ
1368 2676 1666 2754 Δάρδανον,
1722 2680 1816 2735 τὸν
1871 2679 2023 2735 Ἴλου

359 2770 503 2838 υἱὸν,
536 2768 632 2823 καὶ
662 2769 758 2823 τὸν
789 2764 1059 2844 Δαρδάνου
1090 2769 1204 2824 υἱὸν
1264 2764 1646 2842 Λαομέδοντα,
1700 2768 1967 2844 Πρίαμος,
1996 2771 2024 2825 ὁ

359 2855 778 2931 Λαομέδοντος,
811 2864 909 2927 τῆς
940 2862 1169 2934 Φρυγῶν
1218 2859 1406 2933 χώρας
1456 2856 1821 2934 ἂνηγορεύετο
1874 2859 2025 2935 βασι-

361 2944 512 3007 λεύς.
548 2946 689 3002 Τότε
716 2945 808 3002 καί
836 2946 899 3002 τὸ
924 2945 1195 3023 Δάρδανον
1214 2949 1304 3003 καὶ
1349 2947 1415 3003 τὸ
1464 2946 1632 3003 Ἴλιον
1672 2949 1762 3003 καὶ
1795 2950 1829 3017 ἡ
1862 2949 2027 3023 Γροία

358 3036 453 3090 καὶ
480 3040 517 3104 ἢ
550 3039 703 3090 πᾶσα
754 3036 915 3111 χώρα
963 3036 1242 3110 Φρυγγίας
1283 3035 1372 3090 ἐπὶ
1419 3040 1527 3091 τῶν
1586 3038 1812 3111 ἡμερῶν
1871 3035 2026 3091 ἐκπε-

364 3125 739 3201 πολιόρκηται
770 3126 1047 3201 Πριάμου·
1079 3128 1142 3183 Ἡ
1174 3126 1231 3182 δὲ
1285 3126 1435 3181 αἶτία
1482 3130 1582 3191 τῆς
1622 3124 2020 3200 καταδῃώσεως

2128 545 2252 608 est;
2287 538 2445 595 unde
2477 544 2537 594 et
2554 540 2793 610 Egeum
2822 539 2971 593 mari
2998 556 3218 595 nomen
3240 539 3767 613 obtigit.Catoruui

2126 631 2405 685 Theseus.
2475 630 2647 684 Creta
2703 628 2940 697 omissa,
2997 635 3194 700 spreta
3252 630 3430 686 etiam
3485 631 3766 700 Ariadna,

2127 736 2305 791 quam
2335 719 2538 773 ferunt
2566 716 2628 772 in
2659 717 2781 772 ade
2811 718 2964 771 Jovis
2994 717 3278 790 virginem
3309 718 3610 775 desedisse
3659 721 3769 775 ibi-

2127 824 2242 878 que
2274 813 2592 873 mortuam,
2611 805 2928 861 Thessalia
2959 822 3207 876 regnum
3237 808 3465 878 accepit
3486 824 3767 863 uxorem-

2128 913 2243 968 que
2274 895 2439 951 duxit
2463 894 2791 950 Phadram.
2818 895 2951 949 Hac
2977 895 3133 966 apud
3164 895 3359 966 ipsum
3390 896 3538 952 falso
3570 896 3768 953 delata

2126 986 2239 1041 fuit
2275 1002 2411 1041 cum
2462 985 2777 1057 Hippolyto
2826 985 3092 1058 privigno
3125 1003 3253 1054 suo,
3289 987 3388 1056 qui
3438 988 3663 1043 Theseo
3698 1005 3768 1042 ex

2126 1074 2338 1145 pellice
2368 1080 2541 1130 natus
2571 1075 2784 1141 fuerat,
2817 1092 3032 1148 corpus
3062 1093 3169 1147 per
3216 1076 3575 1131 adulterium
3618 1078 3765 1132 mis-

2129 1164 2341 1219 cuisse.
2375 1166 2455 1219 Ac
2503 1164 2850 1236 Hyppolitus
2881 1165 3120 1236 quidem
3167 1182 3300 1221 cum
3332 1182 3514 1235 eques
3557 1182 3767 1237 aprum

2129 1254 2723 1323 insequeretur,equo
2741 1271 3043 1323 excussus,
3062 1254 3311 1309 habenis
3328 1270 3541 1309 manus
3573 1254 3769 1327 digitis

2129 1342 2469 1413 implicatis,
2503 1342 2574 1397 ab
2604 1359 2755 1414 equo
2782 1347 3047 1415 raptatus
3101 1349 3264 1399 sexto
3295 1349 3430 1415 post
3469 1343 3563 1397 die
3594 1344 3771 1399 vitam

2130 1429 2357 1485 clausit.
2383 1431 2508 1495 Qua
2527 1447 2590 1485 re
2616 1447 2751 1486 cum
2774 1431 2835 1486 in
2870 1433 3196 1487 maximum
3217 1433 3475 1487 venisset
3504 1431 3772 1487 dolorem

2128 1520 3045 1592 Theseus,Phadra,quanquam
3077 1522 3392 1593 dejeranti,
3409 1521 3769 1576 adulterium

2130 1609 2781 1681 exprobravit,eamque
2814 1627 2845 1665 e
2876 1616 3196 1682 conspectu
3230 1627 3334 1665 suo
3358 1610 3624 1665 removit.
3667 1612 3766 1679 Ea,

2130 1697 2463 1752 calamitate
2489 1698 2811 1754 immodica
2826 1697 3323 1768 afﬁicta,marore
3347 1699 3640 1753 exstincta
3660 1703 3768 1752 est.

2129 1789 2289 1842 Tunc
2335 1786 2513 1842 etiam
2544 1787 2905 1857 Eurystheus
2936 1803 3181 1859 regnum
3222 1788 3377 1843 216
3410 1788 3471 1841 in
3505 1786 3771 1841 Laceda-

2128 1875 2363 1929 monios
2385 1875 2586 1947 gessit,
2625 1892 2814 1931 annos
2843 1879 2935 1944 42,
2958 1882 3016 1930 et
3036 1882 3169 1948 post
3201 1876 3368 1932 illum
3398 1877 3640 1932 fuerunt
3668 1875 3769 1931 alii

2128 1969 2258 2018 octo
2289 1980 2476 2034 reges.
2509 1965 2752 2019 Duravit
2773 1964 2835 2019 id
2864 1981 3108 2037 regnum
3141 1981 3329 2020 annos
3355 1967 3478 2019 325.

2201 2053 2361 2108 Sauli
2392 2059 2658 2125 tempore
2681 2054 2939 2125 primum
2959 2059 3259 2109 certamen
3288 2055 3459 2109 Pisai
3474 2054 3548 2109 ad
3570 2055 3768 2124 Olym-

2129 2142 2285 2213 piam
2302 2141 2709 2209 instituerunt,
2726 2143 2968 2214 Iovique
2987 2143 3257 2216 Olympio
3272 2145 3528 2215 primum
3546 2143 3762 2198 solem-

2129 2248 2267 2286 nem
2298 2232 2674 2287 festivitatem
2706 2232 3172 2288 celebraverunt.
3199 2232 3341 2288 Inde
3373 2233 3767 2303 quadriennio

2131 2320 2378 2392 singulis
2411 2321 2469 2377 id
2501 2322 2860 2377 sacrificium
2892 2323 3176 2377 iterantes
3231 2327 3421 2377 lustra
3466 2322 3767 2394 Olympia-

2130 2409 2273 2464 dum
2294 2411 2539 2465 nomine
2570 2411 2647 2466 ah
2678 2426 2746 2466 eo
2775 2410 2940 2466 initio
2972 2412 3582 2477 numeraverunt.Quo
3614 2416 3771 2465 tem-

2131 2515 2272 2570 pore
2309 2498 2489 2555 etiam
2520 2499 2805 2555 Corinthii
2836 2504 2971 2572 post
3002 2500 3496 2567 Lacedamonios,
3530 2501 3770 2571 regione

2132 2588 2195 2643 in
2226 2605 2395 2644 suam
2416 2595 2769 2661 potestatem
2791 2590 3291 2654 redacta,Gracia
3314 2606 3559 2662 regnum
3583 2605 3770 2644 annos

2132 2678 2376 2733 omnino
2426 2680 2530 2734 318
2586 2679 2995 2734 obtinuerunt.
3045 2681 3113 2733 Et
3163 2685 3296 2750 post
3336 2680 3672 2734 Dardanum
3702 2679 3771 2732 Ili

2132 2766 2343 2834 ﬁlium,
2377 2783 2445 2821 ac
2475 2768 2931 2822 Laomedontem
2967 2768 3221 2822 Dardani
3264 2767 3476 2829 ﬁlium,
3508 2768 3771 2822 Priames

2135 2856 2549 2912 Laomedontis
2594 2857 2751 2912 ﬁlius
2799 2857 3067 2928 Phrygia
3126 2873 3229 2911 rex
3270 2856 3602 2912 declaratus
3661 2863 3768 2911 est.

2134 2944 2251 3000 Sub
2283 2962 2398 3016 quo
2433 2945 2770 3001 Dardanum
2805 2946 3000 3008 Ilium,
3033 2946 3209 3016 Troja
3237 2961 3304 3000 ac
3341 2950 3464 2999 tota
3520 2945 3773 3015 Phrygia

2135 3033 2333 3088 excisa
2346 3035 2755 3089 sunt.Causam
2770 3034 2823 3088 ei
2842 3033 3230 3089 devastationi
3253 3032 3506 3103 prabuit
3525 3033 3773 3088 Alexan-

2135 3123 2260 3188 der,
2329 3122 2447 3177 alio
2506 3123 2746 3177 nomine
2805 3122 2970 3177 Paris
3023 3122 3237 3177 dictus.
3294 3123 3349 3176 Is
3406 3138 3542 3177 cum
3596 3127 3771 3176 natus

372 3174 529 3180 ..-----
571 3174 739 3197 --Ἰ-ω
773 3174 814 3181 -
862 3174 914 3180 --
972 3174 1022 3180 η
1098 3174 1142 3183 ..
1178 3174 1231 3182 ν-
1286 3174 1435 3181 ..---..
1494 3174 1582 3191 ηη
1625 3174 2016 3193 .-η--.τ--.νη

372 3174 723 3289 Ἀλέξάνδρος
770 3174 960 3270 orni“
997 3216 1184 3289 Πάρις.
1244 3215 1454 3273 Τούτου
1511 3215 1613 3291 γάρ
1671 3174 2016 3290 γεννηθέντος

2134 3174 2365 3265 Priamo
2415 3216 2592 3279 esset,
2640 3211 2755 3267 tale
2799 3211 3105 3267 oraculum
3137 3211 3290 3282 patri
3342 3216 3433 3266 est
3472 3210 3769 3266 allatum:

384 3303 493 3357 ὕπὸ
545 3303 785 3377 Πριάμου
840 3303 1099 3383 χρησμὸς
1154 3303 1303 3376 αὐτῷ
1358 3300 1675 3359 ἀναδέδοται
1746 3308 2012 3367 τοιοῦτος·

387 3414 417 3440 ει
451 3389 668 3466 Ἐτέχθη
720 3413 805 3447 σοι
858 3392 1029 3467 Πάρις
1088 3389 1373 3467 δύσπαρις’
1434 3393 1852 3469 τριακοντούνης
1911 3395 2015 3469 γάρ

373 3481 658 3555 γενόμενος
719 3482 899 3538 ὀλέσει
963 3480 1241 3558 βασιλείαν
1294 3488 1540 3559 Φρυγῶν,
1574 3509 1604 3536 ››
1662 3484 1835 3549 Εὐθὺς
1867 3482 1958 3539 οὗν
1988 3487 2016 3541 ὁ

370 3570 622 3643 Πρίαμος
712 3569 1065 3647 Ἀλέξανδρον
1155 3571 1524 3647 μετονομάσας
1617 3570 1853 3648 ἔπεμψεν
1938 3574 2017 3638 εἷς

360 3659 555 3734 ἆγρὸν,
624 3656 862 3736 Μανδρῶ
919 3658 1234 3736 λεγόμενον,
1290 3660 1881 3740 γαλακτοτροιρηθῆναι
1926 3663 2016 3718 καὶ

355 3748 673 3819 αὐξηθῆναι
702 3750 848 3824 παρᾶ
876 3749 1103 3824 γηπόνῳ
1130 3751 1258 3818 τινὶ,
1284 3749 1450 3829 ἄχρις
1503 3751 1566 3806 οὗ
1612 3751 1681 3807 τά
1727 3753 2018 3827 τριάκοντα

355 3835 453 3906 ἔτη
490 3842 597 3892 τοῦ
631 3841 890 3913 χρησμοῦ
946 3836 1220 3913 παρέλθῃ.
1280 3839 1538 3908 Ἐποίησε
1591 3836 1775 3895 δὲκαὶ
1831 3846 2019 3916 τεῖχος

356 3926 504 4000 μέγα
544 3924 601 3980 ἐν
653 3931 734 3998 τῷ
792 3927 961 4002 ἀγρῷ,
996 3926 1144 3982 δκαὶ
1204 3928 1406 4001 Πάριον
1460 3928 1756 4001 ὠνόμασεν.
1813 3930 1958 3986 Ἐκεῖ
1988 3931 2016 3984 ὁ

348 4015 538 4089 Πάρις
575 4010 797 4090 διάγων,
839 4015 1081 4088 εὐμαθής
1146 4036 1204 4071 τε
1261 4017 1384 4090 περὶ
1443 4017 1807 4094 τὰγράμματα
1863 4018 2018 4093 γενό-

354 4123 533 4175 μενος
590 4103 680 4157 καὶ
734 4100 979 4166 παιδείας
1039 4104 1104 4159 ού
1160 4112 1261 4174 τῆς
1321 4105 1600 4180 τυχούσης
1703 4109 2017 4186 μετασχὼν,

350 4191 805 4268 ἐγκωμιαστικὸν
832 4190 998 4268 λόγον
1039 4193 1131 4247 καὶ
1189 4193 1354 4266 ὕμνον
1402 4194 1480 4258 είς
1535 4196 1633 4264 τήν
1689 4195 2013 4273 Ἀφροδίτην

353 4279 672 4352 διετάξατο,
702 4283 799 4350 τὴν
828 4280 1115 4355 ἐπιθυμίαν
1168 4281 1333 4351 αὐτὴν
1391 4282 1569 4359 λὲγων
1630 4284 1786 4355 εἶναι,
1844 4284 1897 4356 ἐξ
1951 4289 2017 4355 ἧς

351 4370 455 4425 καὶ
511 4370 673 4424 τέκνα
727 4368 817 4424 καὶ
874 4370 1066 4447 σοφίαν
1121 4371 1212 4425 γαί
1263 4372 1455 4446 τέχνας
1516 4371 1570 4427 ἐν
1624 4370 1871 4448 λογικοῖς
1927 4375 2015 4429 καὶ

352 4456 601 4532 ἆλόγαις
650 4455 1056 4525 άποτίκτεσθαι,
1120 4458 1209 4512 καὶ
1248 4457 1418 4528 αὐτὴν
1478 4458 1531 4513 ἐν
1591 4460 1866 4536 συγκρίσει
1917 4464 2015 4532 τήν

2132 3322 2159 3349 ‹‹
2192 3300 2358 3355 Paris
2385 3300 2594 3356 infelix
2615 3301 2720 3356 tibi
2750 3306 2926 3357 natus
2956 3306 3064 3368 est,
3097 3301 3199 3370 qui
3239 3316 3396 3355 anno
3427 3301 3616 3356 atatis
3648 3316 3769 3355 sua

2132 3390 2432 3445 tricesimo
2463 3391 2729 3461 Phrygia
2759 3406 3007 3464 regnum
3038 3388 3305 3460 perdet.»
3333 3390 3539 3445 Statim
3573 3389 3770 3459 itaque

2130 3480 2401 3535 Priamus
2456 3496 2592 3535 eum
2648 3480 2890 3535 nomine
2952 3478 3271 3534 Alexandri
3349 3478 3647 3545 allectum,
3706 3478 3767 3532 in

2130 3569 2419 3639 pradium
2481 3569 2576 3624 cui
2626 3568 2867 3624 Mandro
2925 3583 3168 3635 nomen,
3213 3567 3485 3639 agricola
3533 3566 3768 3622 cuidam

2130 3658 2279 3713 lacte
2328 3658 2609 3715 alendum
2671 3664 2728 3713 et
2785 3657 3157 3713 educandum
3205 3655 3522 3722 mandavit,
3583 3655 3771 3709 donec

2127 3747 2196 3800 30
2256 3748 2396 3803 anni
2457 3747 2697 3803 oraculo
2758 3745 3046 3817 designati
3104 3744 3497 3815 praterirent.
3556 3745 3767 3797 Arcem

2129 3853 2365 3909 quoque
2399 3837 2459 3891 in
2491 3853 2630 3908 agro
2662 3851 2940 3907 magnam
2980 3833 3293 3896 exstruxit,
3334 3831 3493 3902 quod
3531 3832 3771 3887 Parium

2128 3930 2468 4004 appellavit.
2507 3926 2588 3982 lbi
2622 3925 2842 3998 degens
2871 3924 3060 3992 Paris,
3094 3940 3227 3979 cum
3262 3929 3319 3978 et
3348 3922 3584 3995 ingenio
3616 3928 3774 3977 esset

2125 4020 2285 4078 felici
2318 4027 2375 4074 et
2405 4017 2778 4073 institutione
2805 4032 2923 4070 non
2953 4015 3176 4087 vulgari
3207 4014 3585 4082 formaretur,
3636 4030 3770 4067 ora-

2128 4113 2349 4165 tionem
2383 4105 2772 4162 laudatoriam
2796 4109 2853 4158 et
2882 4103 3173 4174 hymnum
3204 4103 3264 4155 in
3300 4103 3584 4156 Venerem
3613 4118 3770 4156 com-

2128 4200 2346 4273 posuit,
2387 4196 2591 4252 dicens
2621 4210 2751 4248 eam
2784 4209 2909 4248 esse
2941 4191 3349 4263 cupiditatem,
3385 4207 3515 4261 qua
3547 4190 3766 4244 liberos

2128 4289 2484 4363 sapientiam
2516 4292 2574 4342 et
2603 4289 2759 4340 artes
2811 4282 2966 4355 apud
3022 4280 3297 4336 homines
3329 4285 3388 4334 et
3412 4280 3588 4334 bruta
3638 4296 3768 4350 pro-

2127 4384 2325 4445 creet;
2360 4378 2506 4433 217
2547 4389 2796 4445 eamque
2829 4373 2890 4426 in
2923 4369 3368 4442 comparatione
3400 4369 3669 4425 Minerva
3701 4385 3768 4424 ac

2124 4467 2341 4524 Iunoni
2373 4464 2653 4538 pratulit.
2686 4462 2830 4516 Inde
2861 4466 2990 4516 orta
3016 4465 3107 4515 est
3155 4458 3378 4524 fabula,
3412 4475 3551 4513 eum
3605 4458 3763 4514 arbi-

355 4542 703 4619 Ἀςρροδίτην
739 4543 1027 4607 Παλλάδος
1070 4548 1357 4622 προέκρινε
1399 4549 1490 4602 καί
1535 4550 1729 4623 τἭρας.
1781 4550 1875 4605 Διὸ
1920 4550 2010 4605 καὶ

2129 4564 2275 4613 trum
2299 4557 2595 4611 delectum
2619 4554 2773 4608 inter
2793 4552 2933 4607 deas
2958 4550 3170 4606 Veneri
3192 4549 3275 4604 uti
3300 4548 3513 4620 potiori
3540 4549 3764 4603 malum

357 4636 732 4709 ἑμυθεύσαντο
761 4639 953 4690 τοῦτον
998 4637 1189 4708 κριτὴν
1243 4640 1351 4691 τῶν
1391 4640 1559 4711 τριῶν
1608 4638 1898 4714 γενόμενον
1942 4643 2012 4712 τῇ

353 4722 664 4802 Ἀφροδίτῃ
693 4724 756 4778 τὸ
789 4723 969 4795 μῆλον
997 4721 1169 4801 ἤγουν
1201 4726 1300 4793 τὴν
1336 4725 1490 4797 νίκην
1542 4726 1617 4790 ὡς
1662 4733 1769 4782 τῶν
1823 4726 2011 4783 ἄλλων

352 4814 631 4890 κρείττονι
665 4808 983 4888 βραϐεῦσαι.
1014 4815 1165 4872 Μετά
1197 4812 1254 4869 δὲ
1283 4816 1414 4877 τοὺς
1450 4815 1739 4890 τριάκοντα
1778 4819 2012 4891 χρόνους

352 4904 725 4980 λογισάμενος
778 4904 806 4958 ὁ
867 4902 1109 4978 Πρίαμος
1168 4905 1263 4959 τὸν
1345 4907 1467 4982 περὶ
1529 4907 1695 4962 αὐτοῦ
1755 4911 2010 4983 χρησμὸν

351 4994 683 5069 παρελθεῖν,
721 4995 1136 5070 καταφρονήσας
1162 4995 1537 5071 προσηγάγετο
1585 4997 1769 5054 αὐσόν.
1818 4999 2010 5072 Γράμ-

351 5086 508 5157 ματά
559 5103 620 5137 τε
675 5082 767 5137 καὶ
825 5078 975 5156 δῶρα
1030 5082 1119 5137 καὶ
1181 5083 1363 5147 θυσίας
1422 5082 1644 5148 ἐπιδοὺς
1730 5085 1865 5159 μετᾶ
1918 5087 2009 5142 καὶ

340 5172 547 5229 ἑκατὸν
587 5171 883 5226 νεανίσκων
926 5175 1157 5246 Φρυγῶν
1210 5172 1350 5246 πρὸς
1394 5173 1521 5234 τοὺς
1566 5175 1852 5250 τοπάρχας
1904 5175 2008 5231 Εὖ-

354 5262 559 5338 ρώπης
590 5254 849 5329 διαϐῆναι
879 5257 1205 5315 κελεύεικαῖ
1247 5264 1328 5332 τῷ
1384 5261 1636 5340 Δαφναίῳ
1687 5262 2008 5319 ⁹Απόλλωνι

351 5355 542 5419 θῦσαι,
574 5348 665 5405 καὶ
694 5352 917 5421 πρῶτον
951 5346 1002 5400 ἐν
1032 5352 1100 5421 τῇ
1132 5349 1354 5424 Σπάρτῃ
1385 5349 1547 5406 πόλει
1596 5359 1697 5422 τῆς
1740 5348 2008 5415 Ἑλλάδος

346 5441 558 5508 ἔλθεῖν,
596 5436 703 5494 ὑπό
735 5433 1000 5507 Μενελάῳ
1028 5437 1150 5493 τότε
1190 5439 1616 5516 βασιλευομένῃ,
1656 5440 1714 5503 ὅς
1763 5441 1878 5502 υἱὸς
1913 5443 2008 5514 μὲν

350 5523 726 5587 Πλεισθένους
787 5525 859 5593 ἦν
917 5522 1155 5596 ἀληθῶς,
1220 5528 1322 5584 ὑπὸ
1384 5530 1569 5603 ’Δτρεῖ
1628 5530 1842 5605 βασιλεῖ
1898 5535 2008 5586 τῶν

358 5616 637 5694 Δργείων,
671 5616 793 5686 ἅμα
824 5614 908 5682 τῷ
933 5612 1032 5684 υἱῷ
1058 5614 1245 5672 αὐτοῦ.
1281 5618 1651 5694 Ἀγαμέμνονι
1681 5619 2009 5694 ἀνατραφεὶς

2125 4647 2381 4703 victoria
2441 4645 2672 4717 signum
2731 4641 3125 4713 adjudicasse.
3213 4641 3446 4696 Exactis
3523 4639 3764 4712 triginta

2124 4736 2318 4803 annis,
2348 4735 2618 4790 Priamus
2635 4730 2858 4787 oraculi
2882 4735 3117 4801 tempus
3130 4729 3259 4799 jam
3292 4729 3540 4783 exivisse
3576 4733 3760 4795 ratus,

2126 4841 2370 4881 securus
2401 4822 2587 4877 animi
2618 4820 2892 4876 Paridem
2923 4818 3225 4890 produxit,
3259 4834 3514 4887 eumque
3547 4816 3762 4871 additis

2131 4916 2228 4968 100
2258 4911 2585 4984 Phrygibus
2614 4906 3114 4973 adolescentibus,
3146 4922 3279 4961 cum
3311 4906 3764 4971 litteris,mune—

2125 5003 2288 5057 ribus
2336 5006 2395 5056 et
2448 4999 2701 5054 victimis
2758 4997 2832 5052 ad
2882 4995 3119 5066 regulos
3183 4996 3429 5065 EurOpa
3486 4993 3760 5064 trajicere

2119 5090 2301 5164 jussit
2356 5095 2413 5143 et
2471 5086 2770 5158 Daphnao
2828 5084 3087 5155 Apollini
3148 5081 3500 5138 sacriﬁcare.
3558 5080 3759 5134 Primo

2125 5179 2395 5235 omnium
2428 5174 2591 5229 Paris
2642 5173 2801 5226 venit
2829 5172 3097 5243 Spartam
3128 5169 3363 5225 Gracia
3393 5168 3600 5223 urbem
3656 5168 3759 5223 ubi

2121 5265 2407 5339 regnabat
2435 5261 2811 5317 Manelans.ls
2842 5259 3161 5314 Plisthenis
3182 5257 3340 5312 ﬁlius
3370 5274 3433 5312 re
3461 5273 3599 5312 vera
3626 5257 3759 5325 fuit,

2123 5355 2226 5411 sed
2252 5353 2324 5409 ab
2357 5355 2532 5406 Atreo
2566 5350 2907 5421 Argivorum
2957 5364 3094 5419 rege
3131 5363 3252 5401 una
3294 5363 3430 5401 cum
3473 5347 3601 5418 ejus
3633 5347 3756 5402 ﬁlio

2121 5449 2562 5516 Agamemnone
2618 5441 2901 5496 educatus
2955 5438 3188 5493 Atrides
3237 5438 3645 5510 appellabatur
3690 5456 3757 5494 ac

2118 5534 2302 5589 frater
2330 5526 3108 5603 Agamennonis.Menelaus
3132 5527 3404 5582 Paridem
3436 5528 3758 5598 perhuma-

2121 5622 2277 5677 niter
2309 5618 2559 5691 excepit,
2590 5618 2770 5688 inque
2802 5634 2907 5673 suo
2931 5617 3150 5688 palatio
3192 5616 3352 5673 omni
3413 5616 3606 5671 ofﬁcio
3637 5618 3753 5668 sta-
