4104 6276
505 342 622 404 255

1861 336 2184 398 GEORGII
2227 337 2573 400 OEDRENI

3755 350 3858 416 256

503 475 767 550 palidem
799 471 1188 544 scripserunt,
1219 470 1524 542 multaque
1556 473 1800 528 omnino
1833 472 1946 528 alia
1984 489 2154 528 voca-

2268 471 2329 526 τᾶ
2357 471 2492 561 ἑπτὰ
2521 472 2690 546 ἃστρα
2721 477 2826 528 τῶν
2855 471 3177 561 πλανήτων,
3201 472 3295 530 τδν
3351 471 3408 529 δέ
3455 476 3646 552 πύργον
3669 480 3725 534 τὸ
3751 481 3862 556 ὕψος

503 567 648 624 bula
705 581 879 620 secus
951 562 1490 634 pronuntiaverunt
1547 579 1727 633 quam
1799 561 2152 616 scriberunt.

504 655 740 727 Adjecit
771 653 864 706 his
893 652 1041 706 duas
1072 650 1408 705 Simonides
1438 651 1609 717 Ceus,
1629 671 1740 720 ηω,
1767 650 2154 722 Epicharmus

505 747 910 818 Syracusanus
942 746 1063 796 tres
1095 740 1214 810 ζξψ,
1251 739 1427 810 alque
1479 741 1564 795 sic
1617 739 1850 811 virginti
1900 745 2155 810 quatuor

504 837 841 892 litterarum
869 847 1106 886 summa
1133 829 1381 900 impleta
1411 837 1518 886 est.

2266 565 2365 615 τοῦ
2395 560 2714 634 οὐρανοῦ,ἐξ
2746 563 2808 616 οὗ
2829 559 3254 618 ἀνταποδίδοται
3285 569 3414 618 πᾶσι
3445 563 3582 619 καλὰ
3606 565 3793 636 ἤκακά.
3814 572 3861 626 Ὃ

2266 647 2424 712 αὐτὸς
2453 651 2572 724 εὗρε
2599 650 2690 706 καὶ
2719 651 2785 705 τὰ
2817 659 2880 716 ις’
2907 651 3203 728 γράμματα
3234 655 3350 726 (99)
3411 657 3504 708 τοῦ
3551 651 3860 734 ἀλφαϐήτου,

2263 761 2316 810 α,
2345 741 2404 816 β,
2435 763 2491 818 γ,
2523 738 2574 812 δ,
2615 761 2660 809 ε,
2699 743 3345 818 ι,κ,λ,μ,ν,ο,π,ρ,σ,τ,υ.
3380 743 3673 819 Προσέθηκε
3700 744 3750 800 δὲ
3774 747 3860 802 αὐ-

2261 835 2379 892 τοῖς
2409 827 2632 904 Κάδμος
2664 831 2694 886 ὁ
2722 831 2998 904 Μιλήσιος
3023 830 3180 908 ἕτερα
3202 833 3501 908 γράμματα
3515 835 3652 910 τρία,
3671 837 3720 906 θ,
3737 857 3788 914 φ,
3812 857 3864 914 χ.

503 933 597 989 Διὸ
627 931 717 987 καὶ
747 927 948 1000 πολλῷ
977 933 1057 1000 τῷ
1088 929 1275 1006 χρόνῳ
1306 933 1424 988 τοῖς
1460 929 1526 982 ιθ“
1555 927 1818 1006 ἐχρῶντο·
1850 925 2029 991 ὅθενοὶ
2059 927 2288 1003 ἀρχαῖοι
2324 929 2401 1000 μή
2435 921 2656 1004 ἔχοντες
2714 929 2778 984 τὸ
2835 933 2875 1003 ψ
2921 952 3022 1000 την
3052 929 3220 1005 ψαλίδ
3250 929 3460 988 παλίδα
3509 931 3736 1009 αέλεγον,
3785 935 3864 989 καὶ

508 1031 654 1090 ἄλλα
685 1031 874 1089 πολλὰ
899 1031 1124 1109 ῥήματα
1153 1027 1345 1091 ἄλλως
1375 1028 1670 1104 ἐξεφώνουν
1701 1027 1790 1082 καὶ
1820 1023 2049 1106 ἔγραφον
2078 1027 2168 1082 καὶ
2199 1024 2456 1104 ἔγραφον.
2519 1028 2663 1102 Πρὸς
2717 1033 2887 1083 ταῦτα
2916 1028 3230 1104 Σιμωνίδης
3255 1033 3283 1086 6
3337 1033 3468 1096 Χῖος
3492 1034 3568 1104 (1)
3595 1031 3860 1106 προσέθηκε

513 1132 634 1200 δύο,
667 1153 702 1202 η
735 1131 828 1186 καὶ
858 1153 926 1198 ω,
959 1129 1307 1204 Ἐπίχαρμος
1342 1125 1399 1182 δέ
1431 1128 1458 1182 ὁ
1492 1125 1868 1202 Συρακούσιος
1897 1126 2042 1202 τρία,
2076 1131 2122 1195 ζ,
2159 1126 2204 1197 ξ,
2245 1127 2306 1200 ψ,
2346 1125 2440 1180 καὶ
2473 1125 2646 1188 οὕτως
2675 1125 3076 1203 ἐπληρώθησαν
3107 1129 3173 1184 τὰ
3218 1127 3298 1185 κδ“
3328 1135 3590 1206 στοιχεῖα.

577 1223 959 1295 Appellentes
985 1220 1060 1276 ad
1083 1220 1252 1274 littus
1273 1219 1460 1288 Trojaa
1483 1218 1734 1274 classem
1767 1219 1996 1273 Graecos
2015 1219 2157 1273 Tro-

495 1313 627 1385 jani
653 1311 852 1366 conati
877 1315 1016 1366 sunt
1037 1309 1234 1364 littore
1256 1307 1573 1380 prohibere
1597 1323 1611 1372 ;
1633 1322 1828 1379 pugna
1847 1307 1968 1363 acri
1993 1323 2157 1362 com-

504 1401 687 1457 missa
714 1400 887 1456 multi
946 1399 1226 1469 utrinque
1282 1396 1647 1463 ceciderunt,
1683 1397 1826 1452 221
1878 1395 2150 1466 interque

503 1491 614 1546 hos
645 1489 1030 1552 Protesilaus,
1064 1490 1402 1543 Graecorum
1454 1485 1918 1550 antesignamus.
1973 1485 2150 1540 Nocte

503 1580 658 1636 facta
675 1579 905 1650 Trsjani
939 1577 1148 1632 urbem
1171 1575 1732 1646 repetiverunt,eam
1743 1591 1856 1645 que
1879 1578 2150 1628 accurate

2339 1210 2808 1290 Παρεμϐαλόντων
2859 1215 2917 1272 δὶ
2963 1223 3072 1274 τῶν
3131 1217 3422 1291 Ἐλλήνων
3479 1220 3569 1274 σὺν
3605 1227 3712 1284 ταῖς
3739 1225 3867 1278 ναυσὶ

2263 1304 2401 1359 κατὰ
2427 1312 2526 1374 τῆς
2558 1305 2761 1381 Τροίας
2793 1307 2856 1361 οὐ
2889 1309 3234 1384 συνεχώρουν
3294 1310 3347 1364 οἰ
3399 1311 3580 1384 Τρῶες
3605 1313 3870 1387 προσορμί-

2266 1415 2374 1450 σαι.
2409 1392 2664 1467 Πολέμου
2710 1392 2766 1449 δὲ
2825 1394 3187 1472 συρῥαγέντος
3243 1396 3494 1474 ἰσχυροῦ,
3539 1399 3626 1453 καὶ
3671 1398 3866 1456 πολλῶν

2262 1483 2312 1552 ἐξ
2346 1484 2613 1559 ἑκατέρων
2657 1485 3012 1560 ἀνῃρημένων
3066 1485 3158 1540 σὺν
3215 1489 3301 1560 [Ρ.
3365 1489 3490 1560 126]
3548 1487 3872 1562 Πρωτεσιλάῳ

2261 1575 2546 1650 προμάχῳ
2588 1579 2824 1646 Δαναῶν,
2883 1575 3075 1637 νυκτὸς
3124 1573 3516 1650 ἐπιγενομένης
3573 1578 3742 1649 Τρῶες
3792 1579 3868 1652 μὶν

513 1646 878 1734 clauserunt,
909 1666 1093 1722 Graeci
1147 1681 1283 1719 vero
1325 1663 1628 1718 subductis
1659 1663 1722 1716 in
1753 1663 1920 1716 littus
1969 1662 2156 1733 Trojaa

2268 1660 2342 1724 εἷς
2395 1664 2495 1731 τὴν
2554 1663 2719 1718 πόλιν
2767 1663 3026 1726 εἰσιόντες
3092 1663 3348 1742 ἀσφαλῶς
3435 1663 3868 1736 συνεκλείσθησαν,

504 1756 755 1812 navibus
789 1761 966 1826 atque
998 1753 1274 1808 stabilitis
1305 1768 1584 1808 auroram
1631 1751 1954 1822 prmstolati
1989 1755 2142 1805 sunt.

505 1845 695 1900 Media
725 1849 898 1899 nocte
930 1845 1163 1915 Cygnus
1200 1841 1466 1912 quidam,
1517 1847 1802 1912 cognatus
1833 1839 2054 1894 Priami
2082 1855 2150 1894 ac

504 1934 672 1989 urbis
702 1932 960 1988 Neandri
985 1932 1283 1998 dominus,
1298 1947 1432 1985 cum
1451 1947 1667 2002 magna
1691 1929 1949 1984 militum
1971 1945 2154 1984 manu

503 2022 721 2080 adoriri
775 2023 1006 2076 Graicos
1056 2036 1257 2086 ausus,
1291 2019 1610 2074 commissa
1664 2035 1865 2090 pugna
1908 2018 2035 2089 ipse
2081 2017 2154 2072 ab

507 2111 730 2167 Achille
761 2111 992 2166 occisus
1025 2115 1134 2172 est.
1161 2126 1229 2164 ac
1255 2109 1525 2180 plerique
1543 2109 1800 2178 quicum
1832 2109 1962 2179 ipso
1986 2113 2158 2162 erant

507 2200 804 2256 interfecti
838 2207 995 2255 sunt.
1047 2199 1153 2254 Die
1203 2203 1354 2265 orta,
1387 2199 1672 2254 consil....
1712 2199 1899 2269 Trojaa
1949 2203 2008 2252 et
2052 2196 2154 2251 Ilio

509 2291 573 2345 in
631 2289 836 2343 orbem
897 2287 1391 2359 circumjacentes
1448 2285 1648 2352 urbes,
1705 2285 1866 2357 quod
1923 2286 2155 2340 Priamo

509 2377 966 2450 Opitularentur,
1003 2375 1380 2446 subegerunt.
1420 2374 1754 2440 Diomedes,
1776 2374 1953 2444 Tydei
1977 2373 2156 2442 ﬁlius,

505 2465 873 2528 Neandrum,
906 2465 1088 2536 Cygni
1119 2463 1349 2532 urbem,
1381 2463 1539 2518 ﬁlios
1572 2463 1700 2533 ejus
1731 2467 1790 2517 et
1819 2463 2157 2517 universam

514 2555 806 2610 ditionem
883 2551 1299 2624 depopulatus,
1370 2552 1634 2623 praedam
1692 2551 1752 2606 in
1835 2552 2046 2606 castris
2097 2552 2159 2606 in

514 2643 781 2700 medium
811 2643 1084 2698 contulit.
1124 2641 1380 2697 Achilles
1411 2659 1546 2698 cum
1595 2641 2060 2715 Myrmidonibus
2099 2642 2161 2696 in

513 2733 766 2788 Lesbum
817 2737 876 2786 et
903 2732 1160 2786 vicinam
1212 2732 1516 2802 regionem
1559 2730 1936 2802 expeditione
1985 2729 2160 2795 facta,

513 2821 916 2876 Phorbantem
968 2836 1175 2874 eorum
1235 2821 1500 2875 locorum
1561 2819 1891 2885 dominum,
1944 2819 2164 2874 Priami

523 2909 1058 2981 consanguineum,
1083 2909 1412 2974 interfecit;
1439 2907 1621 2962 ﬁliam
1645 2909 1772 2978 ejus
1799 2907 2164 2976 Diomedam,

2257 1751 2310 1804 οἱ
2371 1748 2430 1806 δὲ
2455 1751 2522 1806 τὰ
2567 1749 2738 1806 πλοῖα
2769 1756 2838 1826 τῇ
2891 1751 3152 1828 παραλίῳ
3206 1760 3307 1823 τῆς
3357 1753 3551 1830 Τροίας
3579 1753 3708 1829 ἀκτῇ
3759 1776 3869 1810 κατ-

2257 1839 2702 1918 ασφαλισᾶμενοι
2741 1839 2932 1915 ἔμενον
2961 1845 3062 1913 τήν
3088 1839 3183 1899 ἕω.
3219 1845 3350 1918 Περὶ
3393 1845 3554 1917 μέσας
3609 1841 3666 1899 δὲ
3701 1844 3870 1906 νύκτας

2259 1928 2469 1990 Κύκνος
2497 1949 2581 1990 τις
2621 1926 2816 2003 ὄνομα,
2881 1933 3143 2007 συγγενὴς
3199 1928 3274 1987 ὥν
3329 1931 3577 2008 Πριάμου
3607 1933 3780 2011 ἅρχων
3829 1923 3876 1986 6t

2258 2016 2476 2080 πόλεως
2525 2016 2830 2094 Νεάνδρου,
2891 2020 3026 2094 μετὰ
3064 2019 3286 2077 πολλοῦ
3317 2019 3568 2092 πλήθους
3607 2019 3877 2094 πολεμικοῦ

2258 2109 2549 2179 τολμήσας
2580 2106 2801 2172 ἐπέθετο
2838 2110 2958 2164 κατ’
2988 2108 3187 2164 αὐτῶνο
3241 2105 3528 2183 συμϐολῆς
3593 2107 3648 2165 δέ
3681 2108 3878 2186 γενομέ-

2259 2216 2378 2266 νης,
2411 2195 2574 2258 αύτός
2601 2217 2661 2252 τε
2693 2195 2898 2259 Κύκνος
2959 2199 3062 2254 ὑπὸ
3119 2196 3432 2274 Ἀχιλλέως
3461 2199 3552 2254 καί
3607 2199 3657 2253 οἱ
3684 2196 3878 2257 πλείους

2261 2290 2369 2339 τῶν
2433 2287 2550 2358 μετ’
2606 2285 2772 2340 αὐτοῦ
2822 2287 3176 2362 ἀνῃρέθησαν.
3209 2287 3446 2363 Ἡμέρας
3511 2284 3569 2342 δὲ
3616 2285 3878 2361 γενομένης

2267 2371 2537 2448 βουλευ...
2573 2374 2668 2435 τὰς
2713 2374 2909 2448 κύκλῳ
2965 2375 3158 2438 πόλεις
3219 2375 3392 2432 Ἰλίου
3457 2376 3546 2430 καὶ
3599 2375 3774 2450 Τροίας
3815 2378 3880 2445 τῷ

2267 2462 2502 2536 Πριάμῳ
2548 2462 2954 2538 συμμαχούσας
2991 2466 3425 2538 παρεστήσαντο,
3479 2463 3577 2518 Καὶ
3608 2464 3635 2518 6
3668 2463 3753 2536 μὲν
3798 2465 3878 2516 τοῦ

2265 2547 2484 2612 Τυδέως
2543 2551 2658 2613 υἱὸς
2723 2549 3013 2624 Διομήδης
3070 2555 3172 2622 τήν
3223 2557 3322 2608 τοῦ
3381 2552 3668 2629 εἰρημένου
3705 2551 3878 2605 Κύκνου

2267 2637 2436 2694 πόλιν
2467 2637 2738 2715 Νέανδρον
2769 2641 2862 2695 καὶ
2891 2641 3020 2702 τοὺς
3049 2641 3202 2705 υἱοὺς
3229 2643 3321 2697 καὶ
3368 2644 3470 2712 τὴν
3519 2643 3697 2717 χώραν
3743 2639 3880 2694 αὖτοῦ

2268 2732 2440 2782 πᾶσαν
2501 2729 2878 2802 προνομεύσας
2949 2731 3038 2786 καὶ
3094 2729 3456 2807 καταδῃώσας
3513 2731 3589 2792 εἰς
3636 2730 3695 2784 τὸ
3749 2727 3880 2802 μέσον

2271 2816 2444 2893 ἤγαγε
2473 2817 2570 2874 τοῦ
2602 2823 2858 2895 στρατοῦ,
2907 2818 3208 2896 Ἀχιλλεὺς
3257 2819 3314 2876 δὲ
3365 2821 3504 2876 κατᾶ
3561 2814 3754 2875 Λέσϐου
3809 2813 3882 2869 καὶ

2269 2916 2372 2978 τῆς
2407 2909 2494 2963 ὑπ’
2527 2907 2694 2978 αὐτὴν
2727 2909 2920 2985 χώρας
2979 2911 3113 2982 μετὰ
3165 2914 3270 2966 τῶν
3304 2907 3664 2986 Μυρμιδόνων
3693 2905 3880 2979 ἐκστρο-

523 3016 657 3054 cum
690 2998 889 3070 praeda
918 3013 1096 3068 quam
1129 3015 1201 3053 ex
1242 3003 1364 3052 tota
1409 2999 1521 3052 ista
1568 2999 1807 3070 regione
1853 3003 2070 3070 egerat,
2105 2997 2159 3050 in

2273 2997 2440 3066 τεύει,
2469 2997 2558 3051 καὶ
2595 2991 2887 3066 Φόρϐαντα
2949 2998 3042 3070 μὲν
3087 2998 3183 3053 τὸν
3228 2998 3522 3075 τοπάρχην
3577 2997 3738 3052 αὐτῶν
3785 3011 3883 3066 συγ-

525 3094 719 3144 castra
748 3087 1016 3142 adduxit.
1046 3087 1187 3142 Inde
1211 3087 1284 3142 ad
1317 3086 1640 3157 Lyrnesum
1671 3085 1858 3155 duxit,
1911 3101 2162 3157 eamque

522 3177 734 3233 urbem
766 3177 942 3247 cepit,
969 3181 1027 3231 et
1054 3177 1359 3231 Eetionem
1391 3177 1520 3248 ejus
1549 3176 1880 3247 principem
1911 3175 2157 3231 occidit:

522 3281 767 3320 uxorem
791 3266 919 3336 ejus
950 3267 1357 3334 Astynomam.
1385 3281 1514 3334 quae
1542 3270 1601 3318 et
1620 3265 1894 3336 Chryseis
1925 3264 2162 3332 dicitur,

525 3354 710 3408 ﬁliam
742 3355 1014 3424 Chryseaa
1038 3354 1364 3408 sacerdotis
1387 3353 1692 3424 Apollinis,
1717 3371 1854 3408 cum
1883 3355 2164 3410 omnibus

525 3443 734 3516 Opibus
753 3443 881 3515 ejus
903 3443 1140 3498 urbisin
1155 3449 1346 3498 castra
1361 3443 1604 3498 abduxit
1624 3449 1801 3514 atque
1815 3444 1876 3498 in
1899 3445 2163 3500 medium

524 3533 791 3589 contilut.
827 3534 1037 3586 Postea
1065 3531 1140 3586 ad
1171 3531 1508 3603 Legopolim
1559 3531 1868 3587 contendit
1892 3534 2160 3604 pueris...

523 3621 670 3677 Brisi
703 3621 888 3676 ﬁliam
923 3619 1394 3692 Hippodameim,
1428 3635 1673 3674 uxorem
1721 3623 2014 3692 Amyntae,
2063 3622 2161 3693 qui

522 3727 770 3783 regnum
800 3710 861 3764 in
894 3726 964 3766 ea
991 3710 1138 3766 urbe
1165 3709 1426 3765 tenebat.
1453 3710 1506 3763 Is
1531 3716 1670 3764 tunc
1685 3709 1908 3765 aberat.
1932 3717 2013 3765 Ac
2033 3715 2168 3782 post

523 3801 722 3857 ascitis
753 3800 1034 3855 adversus
1065 3800 1296 3855 Graecos
1325 3799 1632 3871 Lyciorum
1664 3799 1817 3855 222
1849 3804 1906 3853 et
1948 3801 2163 3871 Lycao-

522 3907 665 3944 num
697 3889 949 3954 auxiliis,
1000 3904 1213 3961 magna
1243 3905 1378 3943 cum
1420 3887 1728 3942 hominum
1775 3887 1948 3943 turba
2003 3889 2162 3961 gravi

522 3979 612 4033 ira
653 3979 912 4049 percitus
954 3977 1150 4032 rediit.
1199 3977 1286 4031 Ibi
1335 3995 1470 4032 cum
1518 3977 1743 4032 Achille
1789 3995 2160 4050 congressus,

523 4081 717 4137 neque
748 4065 884 4120 ﬁlia:
909 4065 1164 4136 ﬁliisque
1186 4065 1392 4120 eturbi
1424 4082 1546 4120 sua)
1569 4065 1888 4136 quicquam
1921 4067 2160 4138 profuit,

523 4160 582 4210 et
610 4155 735 4226 ipse
779 4171 913 4210 cum
957 4155 1222 4210 exercitu
1269 4171 1374 4210 suo
1424 4154 1773 4210 interfectus
1823 4161 1932 4209 est.
1971 4156 2164 4211 Divisa

520 4243 678 4296 inter
694 4241 913 4296 milites
935 4242 1154 4312 praeda.
1169 4241 1547 4313 Chryseidem
1575 4243 2004 4314 Agamemnon.
2021 4243 2128 4314 Hip
2143 4273 2160 4284 -

522 4331 860 4402 podamiam
907 4330 1169 4384 Achilles
1221 4330 1447 4400 pellicis
1495 4329 1626 4384 loco
1675 4329 1950 4385 obtinuit.
1991 4333 2162 4385 Peste

523 4424 722 4473 autem
769 4419 1094 4473 exercitum
1150 4417 1488 4482 infestante,
1521 4417 1858 4473 Calchantis
1889 4420 2164 4475 vaticinia

523 4507 796 4578 Chryseis
807 4507 962 4578 patri
992 4507 1280 4568 redditur,
1303 4506 1623 4560 Briseidem
1639 4508 1848 4562 Achilli
1866 4512 2168 4580 Agamem-

524 4611 643 4648 non
665 4594 876 4661 aufert,
901 4600 959 4649 et
973 4595 1320 4665 aliquandiu
1341 4610 1538 4648 secum
1563 4601 1746 4650 tenet.
1771 4597 2167 4660 Quamobrem

521 4682 785 4737 Achilles
815 4683 1000 4738 iratus
1033 4699 1094 4738 se
1123 4688 1181 4737 et
1200 4683 1594 4753 Myrmidonas
1615 4700 1649 4737 a
1673 4701 1870 4756 pugna
1898 4686 2166 4740 abstituit

523 4776 838 4846 tantisper,
899 4774 1087 4829 donec
1140 4777 1546 4846 Agamemnon
1586 4775 1858 4844 gravibus
1897 4777 2166 4834 cladibus

523 4863 761 4920 attritus
793 4863 997 4918 multis
1031 4879 1166 4918 eum
1199 4861 1370 4916 donis
1399 4878 1468 4917 ac
1499 4861 2016 4933 deprecationibus
2033 4882 2164 4938 per-

523 4953 706 5008 movit
735 4958 800 5008 ut
829 4967 1068 5006 rursum
1091 4967 1229 5006 cum
1259 4951 1474 5005 Graecis
1499 4951 1562 5005 in
1591 4951 1779 5006 aciem
1812 4954 2168 5026 exiret.Ajax

523 5049 722 5100 autem
761 5041 1141 5099 Telamonius
1161 5041 1413 5096 Thraces
1435 5041 1762 5109 obsidebat,
1788 5045 1890 5113 qui
1906 5044 1966 5098 in
1987 5045 2162 5101 Cher-

519 5150 738 5189 roneso
769 5131 1060 5186 habitant.
1095 5131 1242 5184 Eum
1275 5129 1492 5184 timens
1515 5147 1614 5184 rex
1646 5131 1859 5186 horum
1892 5132 2164 5204 Polyme-

2272 3091 2402 3160 γενῆ
2437 3085 2689 3158 Πριάμου
2748 3080 2874 3143 ὄντα
2929 3085 3157 3161 ἀναιρεῖ,
3217 3088 3316 3155 τήν
3367 3089 3538 3144 αὐτοῦ
3577 3083 3630 3141 δὲ
3658 3081 3882 3156 θυγατέρα

2272 3171 2558 3246 Διομήδην
2643 3173 2735 3227 καὶ
2791 3176 2968 3228 πᾶσαν
3023 3176 3122 3244 τήν
3196 3175 3384 3250 χώραν
3445 3171 3880 3252 λαφυραγωγήσας

2271 3261 2494 3336 ἢνεγκεν
2529 3261 2606 3324 εἰς
2633 3262 2724 3317 τὸν
2757 3262 3008 3338 στρατόν.
3047 3263 3208 3326 Αὖθις
3259 3261 3318 3319 δὲ
3373 3266 3515 3341 πρὸς
3567 3265 3660 3333 τὴν
3693 3267 3878 3334 Λυρνη’

2273 3351 2366 3404 σὸν
2398 3352 2646 3426 ὁρμήσας
2678 3351 2769 3406 καὶ
2799 3353 2900 3420 τὴν
2951 3350 3114 3406 πόλιν
3173 3351 3336 3418 ἑλὼν,
3368 3355 3464 3409 καὶ
3519 3351 3768 3410 Ἠετίωνα
3806 3345 3879 3400 τὸν

2272 3440 2444 3507 αὐτῆς
2505 3437 2817 3513 πολιοῦχον
2863 3438 3096 3508 ἀνελὼν,
3154 3441 3242 3496 οιαὶ
3307 3443 3409 3510 τήν
3465 3447 3684 3517 γυναῖκα
3745 3434 3880 3491 αὐτοῦ

2273 3528 2616 3600 Ἀστυνόμην
2664 3529 2765 3597 τὴν
2842 3527 2932 3584 καῖ
2991 3528 3296 3604 Χρυσηΐδα,
3383 3530 3648 3608 θυγατέρα
3699 3523 3880 3600 Χρύσου

2272 3617 2461 3690 ἱερέως
2491 3613 2870 3689 Ἀπόλλωνος,
2923 3617 3086 3689 ἑλὼν,
3144 3620 3232 3674 καὶ
3293 3620 3467 3676 πάντα
3530 3620 3618 3675 τὸν
3669 3614 3879 3672 πλοῦτον

2272 3707 2500 3783 ἐνεγκὼν
2547 3708 2623 3770 εἷς
2679 3709 2743 3764 τὸ
2787 3709 2951 3783 μέσον
3007 3711 3210 3766 τέθεικε
3260 3717 3358 3767 τοῖ’)
3411 3716 3658 3788 στρατοῦ.
3707 3705 3882 3764 Ἐντεῦ-

2271 3798 2354 3852 θεν
2441 3797 2758 3876 ἐφορμήσας
2816 3801 2952 3854 κατὰ
3004 3802 3108 3868 τῆς
3197 3798 3506 3875 λεγομένης
3562 3794 3883 3876 Λεγοπόλιως
3940 3866 3946 3872 _

2269 3891 2386 3948 τοῖς
2447 3885 2695 3944 παισὶ....
2758 3887 2956 3962 Βρίσου
3016 3888 3284 3966 θυγατέρα
3351 3888 3748 3962 Ἱπποδάμειαν,
3799 3901 3882 3954 γυ-

2269 3981 2424 4030 ναῖκα
2457 3977 2617 4030 οὖσαν
2652 3976 2925 4048 ’Δμύντου
2959 3975 3231 4051 βασιλέως
3261 3977 3476 4050 ἐκείνης
3530 3985 3628 4048 τῆς
3673 3971 3880 4032 πόλεως.

2272 4065 2331 4128 ὅς
2359 4063 2426 4118 οὐ
2457 4071 2634 4140 παρῆν
2666 4066 2810 4122 τότε.
2845 4066 2992 4121 Μετὰ
3015 4071 3188 4122 ταῦτα
3246 4065 3302 4122 δὲ
3360 4068 3598 4128 Λυκίους
3649 4063 3731 4120 καὶ
3785 4063 3881 4114 Λυ-

2270 4153 2468 4214 κάονας
2498 4153 2634 4207 κατὰ
2661 4157 2770 4206 τῶν
2817 4152 3104 4225 Ἐλλήνων
3163 4155 3240 4218 εἰς
3305 4159 3628 4233 συμμαχίαν
3658 4144 3879 4207 ἒπικαλευ

2273 4245 2524 4316 σάμενος,
2583 4241 2772 4312 ἐπειδὴ
2831 4245 2932 4314 ἧκε
2988 4243 3081 4300 σὺν
3137 4241 3300 4322 ὅχλῳ
3359 4248 3560 4322 πολλῷ
3614 4243 3696 4301 καὶ
3747 4237 3880 4309 θυμῷ

2275 4334 2454 4408 βαρεῖ,
2483 4337 2562 4404 τῷ
2595 4331 2860 4411 Ἀχιλλεῖ
2887 4329 3187 4406 συμϐαλὼν
3217 4337 3280 4392 οὐ
3317 4336 3484 4410 μόνον
3529 4337 3623 4406 τὴν
3657 4323 3884 4405 θυγατέρα

2275 4423 2365 4478 καὶ
2393 4422 2522 4485 τοὺς
2553 4420 2821 4500 ἀδελφοὺς
2880 4422 3048 4493 αὐτῆς
3075 4425 3165 4479 καὶ
3214 4427 3314 4496 τὴν
3347 4427 3519 4482 αὐτοῦ
3547 4423 3702 4481 πόλιν
3754 4411 3884 4471 οὐδὲν

2279 4513 2507 4582 ὤνησεν,
2558 4509 2704 4566 ἀλλὰ
2753 4510 2843 4565 καὶ
2901 4510 3062 4576 αὐτὸς
3116 4513 3208 4568 καὶ
3267 4517 3322 4568 οἰ
3381 4514 3474 4570 σὺν
3532 4512 3673 4584 αὐτῷ
3721 4506 3887 4560 πάντες

2279 4597 2436 4676 ἔργον
2491 4601 2740 4673 πολέμου
2795 4601 3060 4676 γεγόνασι.
3124 4603 3228 4660 Καὶ
3287 4605 3357 4660 τὰ
3417 4605 3515 4678 μὲν
3555 4600 3693 4660 ἂλλα
3740 4595 3886 4678 πάντα

2271 4674 2598 4763 τῷήστρατῷ
2637 4674 2920 4764 ἐμερίσθη,
2981 4693 3081 4760 τήν
3143 4689 3199 4746 δὶ
3255 4674 3538 4766 Χρυσηΐδα
3599 4697 3628 4747 ὁ
3686 4674 3886 4766 Ἀγαμέ’

2280 4801 2452 4852 μνων,
2481 4775 2867 4852 Ἱπποδάμειαν
2905 4777 2963 4834 δὲ
3012 4783 3112 4850 τήν
3142 4782 3239 4836 καὶ
3272 4765 3541 4855 Βρισηΐδα
3569 4783 3598 4838 ὁ
3627 4765 3884 4836 Ἀχιλλεὺς

2276 4867 2428 4943 λόγῳ
2486 4866 2783 4942 ἒκρᾶτησαν
2871 4865 3190 4924 παλλακῶν.
3251 4871 3576 4944 Λοιμώδους
3637 4866 3690 4922 δὲ
3748 4860 3884 4914 νόσου

2275 4957 2616 5030 ἒνσκηψάσης
2662 4963 2742 5032 τῷ
2773 4962 3006 5034 στρατῷ,
3057 4963 3126 5032 τῇ
3184 4966 3280 5015 τοῦ
3339 4961 3654 5039 Κάλχαντος
3691 4945 3886 5039 μαντείὲι

2277 5046 2523 5122 Χρυσηίς
2575 5051 2657 5120 τῷ
2713 5049 2876 5124 πατρὶ
2908 5047 3249 5121 ἀποδίδοται,
3301 5035 3562 5127 Βρισηίδα
3593 5047 3647 5106 δέ
3673 5045 3764 5110 τὴν
3803 5035 3884 5127 τεξῦ

2271 5134 2587 5210 Ἀχιλλέως
2661 5135 2967 5214 ἀφαιρεῖται
3039 5124 3402 5212 Ἀγαμέμνων
3488 5141 3616 5218 ἄχρι
3695 5124 3882 5200 καιροῦ.

1723 5255 2088 5312 XYLANDRI
2126 5261 2214 5315 ET
2252 5260 2466 5316 GOARI
2506 5261 2730 5316 ΝΟΤᾹΞ.

590 5372 707 5444 (99)
737 5369 1064 5444 De‘litteris
1114 5369 1466 5444 Gracis__est
1515 5368 1667 5444 alius
1726 5375 2169 5428 commentandi

2280 5376 2600 5450 oriundum
2659 5383 2892 5434 constat
2940 5395 3008 5434 ex
3065 5377 3330 5450 probatis
3385 5377 3746 5450 auctoribus;
3777 5375 3888 5450 qui,

520 5438 693 5520 locus
720 5441 932 5520 aptior.
967 5441 1256 5520 Caeterum
1297 5439 1520 5520 aliquot
1550 5439 1830 5520 deinceps
1849 5444 1991 5520 _l_oca
2031 5453 2172 5502 sunt
2278 5447 2475 5502 insula
2504 5454 2637 5519 post
2688 5451 2967 5506 Helenam
3021 5438 3216 5520 prima
3257 5457 3346 5505 est
3402 5451 3475 5507 ab
3508 5451 3690 5507 Attica.
3717 5438 3888 5520 Asjafn

524 5511 774 5573 mutila;
791 5511 1006 5584 quibus
1027 5513 1347 5584 astericum
1370 5511 1590 5566 idcirco
1621 5511 1814 5570 allevi.
1849 5517 1987 5572 ΧΠ..

596 5587 674 5657 (1)
722 5583 852 5643 Χῖος
905 5583 1118 5657 vitiose,
1171 5583 1546 5657 legitur_pro
1591 5587 1770 5657 Κεῖος·
1806 5593 1908 5640 aut
1957 5589 2168 5645 saltem

519 5653 730 5714 auctor
789 5655 1040 5710 erravit:
1090 5656 1204 5710 Ceo
1234 5653 1478 5721 'insula,
1524 5653 1672 5708 urbe
1727 5656 1916 5711 Julide
1983 5659 2164 5714 fuisse

2277 5507 2961 5592 versusSErroremriz-gn
2995 5507 3398 5586 annotassem,
3455 5523 3569 5578 nisi
3617 5507 3890 5592 perWISa‘

2278 5595 2405 5646 tum
2437 5590 2616 5646 etiam
2643 5592 2704 5646 in
2735 5591 2868 5647 aliis
2900 5591 3068 5646 libris
3099 5592 3334 5647 scirem.
3368 5593 3504 5648 Χγι..
