4118 6284
255 400 371 461 257

1416 394 1960 457 HISTORIARUM
2007 394 2562 468 COMPENDIUM.

3554 410 3673 470 258

256 536 530 597 Ἐντεῦθεν
577 531 862 594 Χολωθεὶς
935 529 1235 611 Ἀχιλλεὺς
1288 531 1562 605 ἀπέσχετο
1624 528 1758 603 μετὰ
1805 533 1912 582 τῶν

2040 544 2154 592 ator
2199 540 2327 594 auri
2378 542 2631 597 multum
2653 543 2765 614 ipsi
2788 542 2971 605 dedit,
2998 547 3347 613 tantumque
3389 542 3674 598 frumenti

256 619 622 699 Μυρμιδόνων
662 626 763 676 τοῦ
791 623 914 683 τοῖς
944 621 1125 695 Τρωσί
1166 619 1452 695 πολεμεῖν,
1510 614 1613 682 ἔως
1666 619 1923 693 ἳσχυροῖς

258 722 532 795 πολέμοις
573 720 799 796 ὕστερον
857 722 1073 792 οἱπερὶ
1122 722 1213 776 τὸν
1273 720 1652 796 Ἀγαμέμνονα
1705 739 1922 774 κατανι-

259 813 505 885 κώμενοι
532 808 735 885 δώροις
775 808 1010 871 πολλοῖς
1041 812 1130 864 καὶ
1186 808 1577 884 παρακλέσεσιν
1637 805 1922 875 ἑδυσώπη-

262 922 361 956 σαν
422 899 583 955 αὐτὸν
633 897 873 970 ἒξελθεῖν
930 900 1047 971 μετ’
1097 899 1294 954 αὐτῶν.
1328 896 1462 959 Αἶ¹ας
1503 895 1559 952 δὶ
1590 898 1618 952 ὁ
1644 894 1921 969 Τελαμώ-

256 1010 377 1051 νιος
418 990 556 1064 πρὸς
586 987 713 1050 τοὺς
742 985 798 1042 ἐν
854 986 1197 1064 Χερρονήσῳ
1230 991 1440 1061 Θρᾷκας
1473 986 1762 1063 γενόμενος
1790 987 1923 1039 ὶπο-

266 1078 503 1155 λιόρυει·
540 1075 598 1132 ὅν
657 1077 1040 1151 Πολυμήστωρ
1074 1077 1102 1132 ὁ
1130 1076 1338 1132 τούτων
1371 1073 1629 1152 βασιλεὺς
1661 1070 1923 1152 φοϐηθεῖς

265 1169 478 1244 χρυσὸν
524 1164 706 1221 ἐδίδου
763 1164 956 1235 πολὺν,
1010 1166 1101 1220 καὶ
1164 1170 1312 1220 σῖτον
1359 1169 1616 1219 τοσοῦτον
1664 1163 1788 1218 ὅσον
1846 1166 1925 1234 τῷ

265 1267 523 1342 Ἀχαϊκῷ
580 1269 793 1340 στρατῷ
840 1265 917 1328 εἰς
984 1265 1224 1320 ἐνιαυτὸν
1295 1265 1593 1339 ἐξαρκέσαι.
1666 1265 1808 1342 Εἶχε
1867 1260 1925 1317 δὲ

265 1356 382 1412 ἐκεῖ
412 1353 745 1430 Πολύδωρον
794 1357 893 1410 ’τὸν
931 1357 1146 1411 πάντων
1203 1360 1311 1411 τῶν
1370 1356 1619 1428 Πριάμου
1667 1354 1799 1409 υἱῶν
1833 1375 1924 1426 μι-

264 1448 557 1521 κρότερον,
615 1447 674 1501 ’ὸν
717 1445 977 1501 παρέθετο
1032 1443 1437 1520 ΙΙαλυμήστορι
1496 1445 1742 1520 Πρίαμος
1796 1443 1926 1498 ἀνα-

266 1541 563 1612 τραιρῆναι·
623 1536 706 1608 [Ρ.
768 1536 892 1607 127]
949 1532 1078 1589 ἀλλ’
1126 1534 1290 1597 αὐτὸς
1362 1534 1519 1589 αὐτόν
1570 1531 1789 1588 ἔκδοτον
1845 1534 1925 1604 τῷ

273 1623 472 1681 Αῗαντι
502 1620 777 1693 δεδωκὼς,
817 1624 907 1678 καὶ
965 1621 1236 1700 ἐγγράφου
1284 1626 1554 1693 συνθήκας
1608 1623 1927 1692 πεποιηκὼς

272 1711 556 1787 μηδέποτε
580 1713 990 1787 ὑπερμαχήσειν
1052 1713 1325 1788 Πριάμου,
1385 1713 1699 1769 ἀπεστειλεν
1745 1712 1924 1768 αὐτὸν.

266 1804 332 1859 Ὀ
363 1802 506 1863 Αἴας
569 1799 626 1855 δὲ
677 1800 875 1856 ἐκεῖθεν
934 1802 1186 1873 ὁρμήσας
1235 1801 1374 1876 πρὸς
1432 1801 1738 1875 Τεύθραντα
1788 1799 1928 1869 ἦλθε

2032 633 2321 697 quantum
2353 630 2606 685 Achaico
2667 631 2950 686 exercitui
3007 631 3067 685 in
3098 648 3321 686 annum
3354 632 3676 687 sufﬁceret.

2033 718 2296 774 Habebat
2325 736 2525 774 secum
2557 720 2928 790 Polymestor
2960 721 3175 776 Priami
3211 721 3469 776 ﬁliorum
3505 726 3678 776 aetate

2033 807 2349 862 minimum
2392 808 2772 880 Polydorum.
2832 809 2942 864 sibi
2997 826 3031 863 a
3083 816 3248 879 patre
3303 810 3678 865 educandum

2037 896 2336 951 traditum.
2370 899 2535 953 Hunc
2595 915 2831 969 quoque
2877 899 3042 970 Ajaci
3075 898 3337 965 tradidit,
3368 899 3677 970 foedusque

2033 986 2319 1057 scriptum
2350 987 2590 1059 pepigit,
2615 1004 2919 1058 nanquam
2952 1004 3014 1042 se
3042 987 3275 1042 Priamo
3320 1005 3492 1059 opem
3526 989 3683 1043 latu-

2034 1092 2199 1129 rum:
2232 1076 2433 1147 itaque
2483 1077 2721 1148 Ajacem
2751 1082 3027 1148 pacatum
3067 1075 3312 1132 dimisit.
3348 1078 3496 1147 Ajax
3543 1077 3680 1133 inde

2034 1163 2109 1218 ad
2151 1165 2572 1220 Teuthrantem
2616 1165 2887 1237 regulum
2948 1182 3009 1219 se
3064 1165 3338 1233 contulit,
3399 1182 3577 1236 quem
3626 1171 3687 1221 et

2035 1254 2283 1321 necavit,
2309 1254 2520 1308 urbem
2542 1254 2671 1324 ejus
2695 1254 3067 1325 sxpugnavit,
3097 1253 3400 1324 ﬁliamque
3423 1256 3691 1309 Tecmes-

2036 1358 2161 1397 sam
2193 1343 2482 1413 captivam
2532 1343 2797 1409 abduxit,
2851 1360 2918 1398 ac
2976 1349 3159 1399 noctu
3217 1360 3426 1398 omnes
3458 1359 3601 1415 opes
3624 1344 3687 1399 in

2034 1437 2228 1487 castra
2267 1434 2600 1488 Graacorum
2656 1434 2906 1489 advexit.
2959 1434 3249 1488 Postridie
3306 1433 3460 1488 223
3503 1432 3686 1487 Graeci

2034 1521 2385 1592 polydorum
2417 1540 2447 1577 e
2466 1523 2702 1595 regione
2735 1523 2887 1577 muri
2912 1523 3301 1587 constituuni,
3327 1522 3679 1592 Priamoque

2035 1610 2372 1682 signiﬁcant
2388 1618 2452 1665 ut
2481 1612 2767 1667 Helenam
2800 1611 3008 1667 reddat
3060 1612 3367 1682 ﬁliumque
3398 1611 3680 1682 recipiat:

2036 1715 2105 1753 eo
2134 1699 2287 1754 facto
2315 1715 2377 1754 se
2394 1717 2538 1771 pace
2564 1700 2915 1755 conﬁrmata
2932 1700 3175 1755 domum
3197 1700 3495 1755 redituros
3539 1700 3686 1754 Cum

2038 1787 2097 1841 id
2128 1804 2248 1842 non
2278 1788 2800 1860 conseque'zentur,
2832 1790 3108 1844 omnibus
3139 1790 3210 1845 de
3243 1806 3413 1845 muro
3447 1790 3689 1861 conspi-

266 1891 584 1965 τοπάρχηνο
644 1890 702 1944 ’ὸν
754 1887 961 1945 ἀνελὼν
1015 1890 1105 1945 καὶ
1178 1890 1278 1958 τήν
1338 1889 1504 1944 αὐτοῦ
1553 1887 1717 1944 πόλιν
1767 1888 1925 1944 ἐκπο-

2041 1876 2337 1931 cientibus
2364 1879 2721 1948 Polydorum
2752 1879 2946 1949 gladio
2981 1878 3321 1932 trucidiant.
3364 1878 3689 1947 Idomenei,

281 1979 588 2054 λιορκήσας
632 1978 723 2033 καὶ
770 1979 868 2047 τὴν
920 1979 1199 2054 θυγατέρα,
1258 1981 1576 2051 Τέκμησσαν
1634 1977 1936 2057 αἰχμαλω-

279 2070 439 2129 τίσας
491 2066 667 2145 ἤγαγε
721 2089 896 2122 παντα
948 2069 1041 2123 τὸν
1112 2067 1350 2124 πλοῦτον
1406 2068 1595 2130 νυκτὸς
1680 2066 1767 2122 ἐπὶ
1844 2067 1935 2122 τὸν

278 2157 532 2228 στρατόν,
564 2160 644 2228 Τῇ
674 2161 801 2231 γοῦν
834 2156 955 2226 ἑξῆς
986 2157 1175 2211 ἱστῶσι
1226 2155 1507 2212 κατέναντι
1564 2162 1665 2212 τοῦ
1718 2156 1935 2231 τείχους

277 2248 372 2301 τὸν
432 2243 766 2320 Πολύδωρον
802 2291 815 2313 ,
866 2246 956 2300 καὶ
1012 2251 1091 2317 τῷ
1148 2247 1379 2321 Πριάμῳ
1436 2244 1666 2317 δηλοῦσι
1724 2246 1935 2319 πέμψαι

279 2336 382 2403 τήν
417 2333 647 2403 Ἐλὲνην
699 2334 789 2388 καὶ
848 2328 1038 2389 λαϐεῖν
1097 2334 1282 2389 αὐτόν·
1342 2333 1432 2389 καὶ
1491 2333 1716 2409 εἰρήνης
1763 2354 1937 2407 κυρω-

274 2424 464 2494 θείσης
521 2423 826 2496 ἀπαίρομεν
888 2422 1145 2486 ἐντεῦθεν.
1206 2423 1414 2478 Τοῦτου
1465 2421 1522 2478 δὲ
1574 2425 1649 2496 μή
1711 2424 1935 2499 γινομέο

266 2533 385 2582 νου,
434 2511 755 2588 βλεπόντων
807 2510 867 2567 ἐκ
921 2516 1019 2566 τοῦ
1062 2512 1282 2587 τείχους
1349 2511 1583 2578 πάντων,
1632 2511 1722 2566 τὸν
1756 2511 1935 2567 Πολύ-

277 2608 457 2684 δωρον
488 2615 708 2664 ἀνεῖλον
730 2608 1074 2686 ὑπογραφεὺς
1088 2612 1153 2677 ἦν
1178 2611 1207 2665 ὁ
1239 2608 1428 2671 Δίκτυς
1454 2611 1548 2682 (2),
1572 2609 1937 2683 ἀνὴράξιόλο-

274 2699 507 2774 γοςγκαὶ
543 2699 761 2762 συνετὸς
790 2699 847 2759 ὃς
880 2698 986 2753 ἀπὸ
1016 2705 1115 2765 τῆς
1164 2700 1389 2773 Κρήτης
1446 2704 1563 2760 τοῖς
1621 2697 1708 2753 ἐπὶ
1765 2697 1934 2754 Ἴλιον

266 2790 469 2858 ἥκουσι
505 2788 973 2861 συνεστρατεύετο.
1016 2786 1192 2851 Οὗτος
1219 2789 1310 2840 τὸν
1358 2792 1458 2843 τοῦ
1516 2788 1766 2860 πολέμου
1796 2788 1936 2863 χρό-

270 2900 366 2933 νον
399 2875 577 2932 πᾶντα
608 2878 783 2932 συνὼν
812 2881 891 2949 τῷ
940 2875 1204 2951 Ἰδομενεῖ
1256 2878 1323 2932 τὰ
1376 2876 1939 2953 παρακολουθήσαντα

279 2969 458 3023 πάντα
487 2967 588 3021 ἀπ’
636 2968 817 3045 ἀρχῆς
877 2964 1008 3041 ἄχρι
1055 2966 1251 3030 τὲλους
1309 2968 1447 3040 μετὰ
1500 2966 1761 3037 ἀληθείας
1815 2988 1938 3021 συν-

278 3060 502 3131 έγραψε,
553 3055 646 3110 καὶ
700 3055 828 3119 τοὺς
888 3063 1243 3131 χαρακτῆρας
1300 3061 1408 3112 τῶν
1463 3058 1798 3135 προμάχων,
1862 3056 1935 3118 ὡς

278 3157 483 3220 πάντας
513 3156 794 3225 ἑωρακὼς,
831 3156 1109 3231 ὑπέγραψε
1162 3155 1253 3210 καὶ
1311 3151 1550 3231 ἀκριϐῶς
1610 3155 1937 3230 ὑπεμνημάο

282 3242 581 3306 τυπετοὺς
609 3239 667 3297 δὲ
709 3242 943 3318 χρόνους
1001 3242 1090 3297 καὶ
1149 3243 1348 3305 τόπους
1403 3244 1494 3298 καὶ
1553 3244 1789 3318 τρόπους
1842 3243 1931 3297 καὶ
1972 3270 2014 3336 C

293 3331 365 3386 τὰ
405 3331 601 3387 ἒκεὶνου
653 3336 751 3387 τοῦ
808 3332 1063 3405 πολέμου
1117 3331 1415 3412 διασαφῶν,
1467 3335 1603 3407 μετά
1656 3329 1931 3409 ἀκριϐείας

295 3421 739 3499 ἶστοριόγραφῶν,
797 3423 887 3478 καὶ
964 3425 1081 3478 καθ’
1159 3419 1252 3477 ἕνα
1305 3428 1412 3478 τῶν
1473 3423 1753 3499 ἀρχόντων
1813 3425 1929 3497 μεθ’

291 3509 433 3564 ὅσων
460 3516 601 3581 νηῶν
634 3531 955 3586 παρεγίνετο
989 3512 1250 3580 συνέταξε.
1295 3514 1469 3568 Τοῦτο
1502 3510 1557 3567 δὲ
1602 3512 1691 3567 καὶ
1749 3512 1801 3568 ἐν
1860 3518 1928 3589 τῇ

292 3606 514 3683 δευτέρᾳ
540 3614 639 3679 τῆς
670 3608 903 3672 Ἰλιάδος
950 3607 1201 3684 ῥαψῳδίᾳ
1256 3612 1381 3684 παρ’
1437 3612 1668 3686 Ὁμήρῳ
1722 3611 1932 3684 δηλοῦ-

271 3720 383 3757 ται.
420 3701 537 3757 Τοῦ
569 3698 627 3755 δὲ
656 3701 919 3773 Ἕκτορος
966 3700 1035 3754 τὰ
1085 3703 1194 3754 τῶν
1254 3697 1539 3771 Ἐλλήνων
1598 3702 1932 3776 στρατόπεδα

275 3787 705 3853 συνελαύνοντος
776 3787 867 3843 καί
939 3787 1186 3851 πολλοὺς
1236 3788 1587 3864 ἀναιροῦντος
1622 3792 1929 3867 ἠναγκάσηο

269 3898 365 3931 σαν
423 3878 567 3952 πρὸς
627 3876 897 3956 Ἀχιλλέα
972 3875 1493 3952 διακηρυκεύσασθαι
1529 3924 1542 3937 ,
1603 3878 1778 3943 Μόλις
1838 3879 1930 3937 οὖν

272 3966 421 4037 εἴξας
454 3966 783 4043 Πάτροκλον
852 3965 1037 4030 αὐτοῖς
1082 3966 1173 4022 τὸν
1237 3965 1495 4043 φίλαττον
1543 3968 1752 4043 ἑταῖρον
1799 3970 1935 4043 μετά

267 4062 382 4111 τῶν
420 4053 820 4131 Μυρμιδόνωνν
841 4054 1186 4112 ἀποστέλλει⁸
1221 4056 1309 4111 καὶ
1332 4058 1392 4119 ’ὀς
1424 4056 1651 4128 ἐξελθὼν
1684 4059 1932 4123 πολλοὺς

270 4155 369 4226 μὲν
438 4154 653 4228 ἀναιρεῖ
698 4158 806 4207 τῶν
876 4147 1187 4229 βαρϐάρων,
1234 4152 1360 4216 τοὺς
1416 4151 1474 4209 δὲ
1531 4153 1740 4228 διώκει,
1798 4160 1932 4234 πρὸς

268 4242 466 4302 αὐτοῖς
499 4239 559 4296 δὶ
586 4239 786 4304 πύλαις
814 4249 912 4311 τῆς
946 4241 1162 4304 πόλεως
1196 4242 1299 4296 ὕπὸ
1355 4249 1616 4319 Ἕκτορος
1671 4246 1932 4303 κτείνεται

270 4331 627 4405 μαχόμενος.
660 4332 862 4387 Ττοῦτο
911 4331 1094 4404 μαθὼν
1152 4329 1477 4410 Ἀχιλλεὺς,
1509 4334 1598 4388 κσὶ
1656 4337 1819 4410 γνοὺς
1849 4332 1934 4394 ὅτι

276 4419 463 4496 βουλή
494 4419 610 4475 ἐστι
640 4424 721 4492 τῷ
750 4422 974 4494 Ἕκτορι
1014 4420 1203 4480 νυκτὸς
1259 4424 1327 4493 τῇ
1389 4420 1632 4494 βασιλίδι
1680 4430 1936 4490 Πενθεσι-

270 4517 398 4590 λείᾳ
455 4519 786 4587 ἀπαντῆσαι,
862 4516 1034 4594 λάθρα
1110 4518 1423 4595 προιρθάσας
1509 4522 1623 4592 ἅμα
1677 4528 1754 4594 τῷ
1807 4522 1934 4598 ἰδίῳ

276 4612 497 4682 στρατῷ
525 4606 617 4662 καὶ
649 4607 965 4680 ἀποκρύψας
1001 4607 1189 4662 ἒαυτον
1249 4608 1340 4662 τὸν
1399 4611 1646 4682 ποταμὸν
1694 4618 1951 4688 περῶντα

272 4709 516 4779 Ἕκτορα
561 4704 779 4773 κτείνει,
831 4705 895 4760 οὐ
949 4705 1110 4777 μόνον
1156 4705 1340 4773 αὐτὸν,
1390 4706 1538 4762 ἀλλά
1582 4709 1672 4763 καὶ
1732 4712 1937 4779 πάντας

271 4797 405 4857 τοὺς
462 4795 767 4868 ἑπομένους
825 4794 991 4867 αὐτῷ,
1042 4795 1191 4864 πλὴν
1246 4794 1361 4857 ἐνὸς
1415 4796 1473 4851 ’ὸν
1529 4805 1935 4873 χειροκοπήσας

276 4884 518 4960 ἄγγελον
567 4882 780 4958 ἔπεμψε
846 4884 1095 4959 Πριάμῳ·
1180 4883 1340 4946 αὐτὸς
1401 4882 1458 4939 δὲ
1509 4887 1572 4941 τὸ
1633 4892 1791 4963 σῶμα
1839 4898 1936 4948 τοῦ

277 4977 551 5048 ’Έκτορος
582 4970 776 5052 δίφρου
822 4973 1133 5048 ἐξηρτηκὼς
1194 4970 1428 5047 μηδενὸς
1479 4980 1590 5030 τῶν
1651 4978 1934 5051 Ἑλλήνων

277 5070 507 5144 γνόντος
592 5069 668 5131 εἷς
740 5070 839 5137 τὴν
892 5069 1057 5125 αὐτοῦ
1128 5070 1330 5140 σκηνὴν
1399 5067 1512 5144 ἄγει
1560 5074 1668 5148 πρὸ
1724 5076 1935 5151 ἡμέρας

279 5157 648 5214 καταικισθέν.
680 5159 738 5211 Ὀ
782 5155 840 5213 δὲ
868 5156 1116 5233 Πρίαμος
1147 5162 1214 5232 τῇ
1259 5160 1379 5228 ἑξῆς
1425 5168 1620 5235 σχῆμα
1674 5162 1937 5239 πένθιμον

274 5247 664 5322 περιθέμενος,
724 5245 927 5321 χρυσόν
1015 5267 1076 5302 τε
1157 5247 1248 5302 καὶ
1305 5244 1534 5322 ἄργυρον
1588 5251 1676 5305 καὶ
1735 5250 1937 5325 ἐσθῆτα

2044 1965 2143 2035 qui
2175 1982 2331 2019 unus
2370 1966 2444 2022 de
2492 1967 2742 2021 ducibus
2800 1969 3137 2021 Graacorum
3196 1968 3325 2031 fuit,
3359 1967 3553 2021 scriba
3582 1966 3694 2021 fuit

2042 2054 2261 2125 Dictys,
2293 2055 2381 2108 vir
2410 2055 2726 2126 praeclarus
2758 2060 2816 2109 et
2846 2055 3130 2126 prudens.
3166 2056 3323 2110 inter
3350 2072 3452 2110 eos
3484 2056 3583 2125 qui
3618 2073 3689 2110 ex

2042 2143 2213 2198 Creta
2242 2144 2317 2198 ad
2345 2144 2521 2199 Ilium
2553 2145 2693 2199 belli
2727 2162 2906 2201 causa
2961 2144 3208 2216 profecti
3267 2150 3423 2200 sunt.
3459 2145 3511 2198 Is
3570 2150 3691 2199 toto

2042 2232 2183 2286 belli
2214 2239 2482 2305 tempore
2512 2250 2647 2289 cum
2676 2234 2991 2288 Idomeneo
3014 2234 3144 2296 fuit,
3166 2239 3224 2288 et
3244 2234 3511 2288 omnium
3535 2250 3693 2303 qua:-

2043 2338 2276 2392 cunque
2296 2321 2366 2376 ab
2390 2322 2559 2376 initio
2583 2322 2657 2377 ad
2689 2323 2870 2377 ﬁnem
2900 2338 3087 2393 usque
3119 2328 3282 2393 gesta
3312 2328 3470 2386 sunt,
3494 2338 3692 2376 veram

2044 2411 2350 2466 historiam
2383 2411 2752 2482 conscripsit.
2791 2413 3074 2466 Ductores
3105 2411 3285 2465 etiam
3333 2411 3693 2475 Graecorum,

2044 2516 2193 2569 quos
2224 2516 2432 2555 omnes
2463 2500 2709 2567 viderat,
2732 2501 2854 2555 suis
2882 2516 3179 2571 quemque
3209 2499 3366 2553 notis
3403 2499 3696 2570 expressif

2043 2594 2436 2659 accurateque
2477 2589 2746 2660 depinxit
2778 2607 2793 2654 ;
2828 2595 3097 2661 tempora
3126 2605 3384 2659 quoque,
3417 2587 3549 2643 loca
3578 2587 3694 2641 cir-

2043 2680 2549 2751 cumstantiasque
2573 2696 2781 2735 omnes
2805 2680 3072 2735 omnium
3097 2696 3228 2750 quae
3256 2678 3359 2733 illo
3384 2678 3540 2733 bello
3564 2694 3694 2733 eve-

2042 2775 2279 2835 nerunt,
2305 2770 2617 2841 perspicue
2639 2770 2960 2835 aunotavit,
2996 2776 3054 2823 et
3084 2775 3225 2838 quot
3250 2768 3503 2839 quisque
3532 2767 3695 2839 prin-

2045 2858 2243 2929 cipum
2265 2874 2442 2913 naves
2465 2875 2666 2914 secum
2696 2858 3044 2923 adduxerit;
3079 2857 3237 2928 quod
3266 2857 3459 2927 ipsum
3508 2857 3687 2911 etiam

2045 2947 2118 3003 ab
2144 2948 2395 3001 Homero
2422 2954 2510 3002 est
2542 2949 2601 3001 in
2637 2949 2785 3001 libro
2818 2946 3080 3001 secundo
3105 2945 3304 3000 Iliadis
3335 2946 3689 3016 expositum.

2043 3036 2353 3091 Enimvero
2384 3052 2517 3091 cum
2554 3038 2767 3091 Hector
2824 3037 3158 3090 Grmcorum
3209 3034 3409 3104 copias
3456 3038 3695 3105 urgeret

2044 3124 2383 3195 multosque
2414 3125 2796 3189 interﬁceret,
2830 3124 3015 3179 coacti
3062 3128 3201 3178 sunt
3232 3124 3409 3177 Graeci
3444 3122 3695 3177 Achillis

2045 3231 2218 3285 opem
2233 3214 2431 3268 missis
2445 3214 2651 3286 legatis
2663 3214 2981 3285 implorare
3006 3213 3173 3283 isque
3189 3228 3342 3285 mgre
3356 3212 3692 3267 concedens

2044 3302 2380 3357 Patroclum
2405 3320 2578 3359 suum
2600 3303 3016 3358 charissimum
3039 3302 3266 3357 socium
3293 3318 3427 3356 cum
3450 3301 3688 3375 Myrmi-

2038 3392 2293 3446 donibus
2324 3392 2521 3457 mittit.
2548 3392 2854 3448 Patroclus
2874 3391 3077 3447 multis
3108 3390 3501 3446 Barbarorum
3524 3390 3691 3461 deje-

2038 3480 2168 3542 ctis,
2194 3480 2341 3535 alios
2362 3480 2656 3553 fugientes
2679 3498 3066 3553 persequens,
3092 3480 3166 3535 ad
3184 3480 3342 3551 ipsas
3367 3479 3529 3534 urbis
3553 3496 3691 3550 por-

2040 3576 2127 3626 tas
2160 3587 2425 3642 pugnans
2454 3571 2526 3625 ab
2559 3572 2805 3626 Hectore
2832 3570 3216 3626 interimitur.
3239 3568 3304 3623 ld
3319 3569 3419 3623 ubi
3449 3568 3685 3623 Achiles

2039 3660 2347 3731 comperit,
2382 3677 2450 3715 ac
2499 3666 2788 3732 praaterea
2837 3660 3116 3715 statuisse
3167 3660 3477 3713 Hectorem
3510 3663 3688 3712 noctu

2037 3748 2256 3820 regium
2289 3749 2677 3803 Penthesilea:
2729 3748 2961 3802 obviam
3019 3747 3125 3812 ire,
3186 3745 3339 3799 clam
3380 3750 3689 3815 amecapta

2039 3837 2480 3907 opportunitate
2500 3854 2634 3891 cum
2658 3854 2763 3892 suo
2781 3836 3045 3891 exercitu
3067 3835 3129 3889 in
3150 3834 3385 3888 insidiis
3410 3850 3471 3888 se
3504 3832 3688 3907 abdit,

2042 3928 2470 3997 Hectoremque
2491 3926 2737 3981 fluvium
2754 3931 3159 3981 transeuntem
3176 3923 3457 3978 interﬁcit
3472 3939 3690 3994 :neque

2039 4017 2241 4088 ipsum
2269 4018 2424 4073 224
2453 4017 2650 4082 modo,
2684 4016 2787 4071 sed
2817 4022 2874 4071 et
2919 4033 3126 4071 omnes
3187 4015 3286 4085 qui
3312 4014 3365 4069 ei
3422 4013 3691 4085 aderant,

2040 4122 2158 4160 uno
2190 4105 2451 4176 dempto,
2474 4121 2652 4175 quem
2670 4105 2936 4176 praacisis
2959 4104 3233 4159 manibus
3256 4103 3491 4158 Priamo
3507 4103 3692 4158 cladis

2040 4194 2320 4248 nuntium
2344 4194 2543 4247 mittit.
2571 4196 2698 4263 lpse
2720 4209 2935 4263 corpus
2967 4192 3231 4246 Hectoris
3249 4191 3448 4245 currui
3470 4206 3692 4261 appen-

2041 4299 2172 4337 sum
2194 4287 2609 4352 raptatumque
2638 4286 2776 4337 ante
2826 4280 3021 4335 lucem
3042 4281 3102 4334 in
3135 4296 3308 4334 suum
3340 4278 3686 4347 tentorium,

2041 4371 2280 4425 nemine
2302 4372 2639 4426 Graacorum
2660 4371 2905 4429 sciente.
2939 4368 3184 4440 perfert.
3217 4367 3507 4422 Postridie
3529 4367 3692 4421 Pria-

2042 4477 2176 4514 mus
2208 4459 2413 4514 habitu
2444 4459 2669 4532 lcgubri
2701 4466 2954 4530 sumpte,
3006 4474 3209 4513 secum
3240 4458 3437 4512 ferens
3470 4473 3684 4512 aurum

2041 4554 2349 4620 argentum
2380 4566 2447 4604 ac
2477 4549 2764 4621 pretiosas
2794 4553 3004 4613 vestes,
3038 4547 3263 4602 ducens
3282 4546 3459 4601 etiam
3486 4561 3689 4600 secum

1968 4672 2010 4735 υ
2044 4641 2229 4696 ﬁliam
2261 4641 2645 4712 Polyxenam,
2676 4641 3001 4695 formosam
3034 4638 3344 4711 virginem,
3378 4642 3437 4691 et
3463 4636 3693 4691 Andro-

2044 4730 2317 4784 macham
2388 4729 2651 4785 Hectoris
2734 4745 3003 4798 uxorem,
3086 4727 3478 4799 parvulosque
3566 4726 3695 4796 ejus

2046 4816 2262 4872 ﬁliolos
2292 4820 2709 4889 Astyanactem
2742 4824 2798 4872 et
2842 4816 3319 4879 Laomedontem,
3375 4831 3555 4869 ausus
3607 4818 3699 4868 est

2046 4906 2203 4962 inter
2258 4907 2486 4963 medios
2536 4909 2871 4962 Graacorum
2930 4907 3231 4978 principes
3291 4920 3352 4959 se
3401 4905 3693 4976 ingerere,

2045 5012 2265 5066 eosque
2299 4997 2545 5068 supplex
2578 5013 2746 5051 orare
2778 4996 2863 5050 uti
2907 5012 3012 5067 pro
3072 5012 3135 5052 se
3183 4993 3341 5065 apud
3401 4992 3689 5047 Achillem

2045 5084 2460 5155 deprecatores
2476 5087 2787 5151 ﬁerent,ut
2806 5086 2856 5140 is
2880 5085 3145 5140 Hectoris
3169 5100 3382 5154 corpus
3402 5081 3699 5136 redimen-

2046 5173 2188 5228 dum
2220 5175 2406 5232 daret.
2440 5174 2658 5229 Miserti
2693 5179 2833 5229 sunt
2854 5174 3031 5238 senis,
3058 5190 3195 5228 cum
3227 5177 3465 5242 stupore
3507 5168 3695 5224 admi-

2045 5263 2158 5317 rati
2188 5263 2517 5331 audaciam,
2550 5265 2757 5317 Nestor
2806 5267 2864 5317 et
2897 5262 3286 5326 Idomeneus;
3347 5276 3414 5314 ac
3468 5258 3696 5329 priores

1455 5366 1815 5425 XYLANDBI
1872 5374 1959 5429 ET
2012 5376 2233 5434 GOARI
2275 5378 2497 5434 NOTAE.

348 5490 427 5577 (2)
459 5490 528 5575 ἔτι
560 5488 864 5577 amatus;
919 5484 1215 5577 Δίκῑυςιέε
1271 5487 1332 5541 οδ
1366 5489 1642 5577 ἐθείρας
1684 5489 1937 5577 saeua

274 5554 532 5634 εἰληφὼς
558 5560 659 5634 τὴν
695 5554 902 5634 Ἰλιάδα
923 5554 1219 5628 συνέταξεν,
1256 5557 1390 5634 μετά
1420 5554 1496 5632 ρθ¹
1521 5554 1614 5629 ἔτη
1653 5554 1753 5629 τῆς
1782 5554 1937 5621 ἂλάί..

278 5629 434 5692 came
449 5629 674 5703 Τροίας.
704 5632 822 5704 Ego
851 5636 918 5684 ut
946 5646 1298 5704 nonnegem
1322 5629 1528 5704 Dic'lyn
1561 5639 1737 5704 atque
1758 5639 1932 5693 etiam

279 5701 561 5760 Daretem
599 5703 911 5758 historiam
945 5701 1081 5757 belli
1112 5701 1347 5776 Trojani
1389 5701 1816 5777 composuisse,
1856 5711 1938 5766 ita

2046 5503 2389 5573 persuaderi
2424 5504 2569 5558 mihi
2602 5520 2907 5573 nunquam
2931 5502 3121 5573 patiar
3150 5507 3215 5555 ut
3244 5501 3345 5571 qui
3368 5498 3544 5554 hodie
3567 5496 3697 5573 istis

2044 5566 2240 5646 titulis
2262 5566 2765 5631 circumferuntur
2794 5566 2980 5629 libelli
3006 5591 3107 5646 pro
3131 5566 3408 5645 genuinis
3440 5574 3541 5625 aut
3581 5566 3695 5622 ﬁde

2047 5644 2135 5699 vel
2166 5644 2345 5700 etiam
2380 5646 2534 5702 lectu
2566 5647 2761 5721 dignis
2792 5644 3065 5703 habeam.
3095 5644 3231 5701 Χη.
