  <div class='ocr_page' id='page_1' title='image "/cluster/home/n/w/nwhite01/storage/ocr_20150623/121/mdp.39015078384289/138.png"; bbox 0 0 4118 6284; ppageno 0'>
   <div class='ocr_carea' id='block_1_1' title="bbox 316 358 429 425">
    <p class='ocr_par' dir='ltr' id='par_1_1' title="bbox 316 358 429 425">
     <span class='ocr_line' id='line_1_1' title="bbox 316 358 429 425; baseline 0.027 -4"><span class='ocrx_word' id='word_1_1' title='bbox 316 358 429 425; x_wconf 76' lang='grc'>261</span> 
     </span>
    </p>
   </div>
   <div class='ocr_carea' id='block_1_2' title="bbox 1473 344 2597 421">
    <p class='ocr_par' dir='ltr' id='par_1_2' title="bbox 1473 344 2597 421">
     <span class='ocr_line' id='line_1_2' title="bbox 1473 344 2597 421; baseline -0.009 -4"><span class='ocrx_word' id='word_1_2' title='bbox 1473 348 2015 421; x_wconf 75' lang='grc' dir='ltr'>ΗΙΒΤΟΒΙΑΒΗΜ</span> <span class='ocrx_word' id='word_1_3' title='bbox 2060 344 2571 413; x_wconf 79' lang='lat' dir='ltr'>CONPENDIUM</span> <span class='ocrx_word' id='word_1_4' title='bbox 2583 394 2597 407; x_wconf 93' lang='lat'>.</span> 
     </span>
    </p>
   </div>
   <div class='ocr_carea' id='block_1_3' title="bbox 3618 348 3738 408">
    <p class='ocr_par' dir='ltr' id='par_1_3' title="bbox 3618 348 3738 408">
     <span class='ocr_line' id='line_1_3' title="bbox 3618 348 3738 408; baseline 0 0"><span class='ocrx_word' id='word_1_5' title='bbox 3618 348 3738 408; x_wconf 76' lang='grc'>262</span> 
     </span>
    </p>
   </div>
   <div class='ocr_carea' id='block_1_4' title="bbox 320 479 1980 573">
    <p class='ocr_par' dir='ltr' id='par_1_4' title="bbox 320 480 1966 573">
     <span class='ocr_line' id='line_1_4' title="bbox 320 480 1966 573; baseline -0.006 -24"><span class='ocrx_word' id='word_1_6' title='bbox 320 492 558 567; x_wconf 80' lang='grc' dir='ltr'>ὁρῶντες</span> <span class='ocrx_word' id='word_1_7' title='bbox 592 489 881 564; x_wconf 77' lang='grc' dir='ltr'>ὁρμῶντας</span> <span class='ocrx_word' id='word_1_8' title='bbox 922 483 1185 573; x_wconf 62' lang='grc' dir='ltr'>φοϐεροὺς</span> <span class='ocrx_word' id='word_1_9' title='bbox 1245 490 1331 565; x_wconf 86' lang='grc' dir='ltr'>[Ρ.</span> <span class='ocrx_word' id='word_1_10' title='bbox 1365 489 1488 561; x_wconf 79' lang='grc'>129]</span> <span class='ocrx_word' id='word_1_11' title='bbox 1540 486 1631 542; x_wconf 85' lang='grc' dir='ltr'>καὶ</span> <span class='ocrx_word' id='word_1_12' title='bbox 1689 480 1966 573; x_wconf 78' lang='grc' dir='ltr'>φρικτοός.</span> 
     </span>
    </p>
   </div>
   <div class='ocr_carea' id='block_1_5' title="bbox 2087 479 3738 573">
    <p class='ocr_par' dir='ltr' id='par_1_5' title="bbox 2087 479 3738 552">
     <span class='ocr_line' id='line_1_5' title="bbox 2087 479 3738 552; baseline 0.002 -18"><span class='ocrx_word' id='word_1_13' title='bbox 2087 480 2225 544; x_wconf 73' lang='lat' dir='ltr'>solis</span> <span class='ocrx_word' id='word_1_14' title='bbox 2257 486 2453 536; x_wconf 88' lang='lat' dir='ltr'>ortum</span> <span class='ocrx_word' id='word_1_15' title='bbox 2498 480 2708 536; x_wconf 81' lang='lat' dir='ltr'>armati</span> <span class='ocrx_word' id='word_1_16' title='bbox 2757 479 2831 533; x_wconf 90' lang='lat' dir='ltr'>ad</span> <span class='ocrx_word' id='word_1_17' title='bbox 2878 496 3140 552; x_wconf 83' lang='lat' dir='ltr'>pugnam</span> <span class='ocrx_word' id='word_1_18' title='bbox 3189 481 3505 536; x_wconf 85' lang='lat' dir='ltr'>exiverunt</span> <span class='ocrx_word' id='word_1_19' title='bbox 3549 482 3738 537; x_wconf 66' lang='lat' dir='ltr'>Graeci</span> 
     </span>
    </p>
   </div>
   <div class='ocr_carea' id='block_1_6' title="bbox 331 570 1991 654">
    <p class='ocr_par' dir='ltr' id='par_1_6' title="bbox 331 570 1991 654">
     <span class='ocr_line' id='line_1_6' title="bbox 331 570 1991 654; baseline -0.012 -12"><span class='ocrx_word' id='word_1_20' title='bbox 331 581 429 642; x_wconf 70' lang='grc' dir='ltr'>Καὶ</span> <span class='ocrx_word' id='word_1_21' title='bbox 466 581 519 638; x_wconf 71' lang='grc' dir='ltr'>οἱ</span> <span class='ocrx_word' id='word_1_22' title='bbox 552 581 744 653; x_wconf 81' lang='grc' dir='ltr'>Τρῶες</span> <span class='ocrx_word' id='word_1_23' title='bbox 777 576 837 639; x_wconf 63' lang='grc' dir='ltr'>δὲ</span> <span class='ocrx_word' id='word_1_24' title='bbox 878 570 969 639; x_wconf 62' lang='grc' dir='ltr'>σὺν</span> <span class='ocrx_word' id='word_1_25' title='bbox 1030 579 1134 654; x_wconf 75' lang='grc' dir='ltr'>βοῇ</span> <span class='ocrx_word' id='word_1_26' title='bbox 1192 576 1381 652; x_wconf 83' lang='grc' dir='ltr'>πολλῇ</span> <span class='ocrx_word' id='word_1_27' title='bbox 1424 577 1514 632; x_wconf 85' lang='grc' dir='ltr'>καὶ</span> <span class='ocrx_word' id='word_1_28' title='bbox 1546 573 1783 650; x_wconf 79' lang='grc' dir='ltr'>ἂλμασιν</span> <span class='ocrx_word' id='word_1_29' title='bbox 1814 570 1991 628; x_wconf 72' lang='grc' dir='ltr'>ἐπιτι-</span> 
     </span>
    </p>
   </div>
   <div class='ocr_carea' id='block_1_7' title="bbox 324 665 1985 744">
    <p class='ocr_par' dir='ltr' id='par_1_7' title="bbox 324 665 1985 744">
     <span class='ocr_line' id='line_1_7' title="bbox 324 665 1985 744; baseline -0.004 -19"><span class='ocrx_word' id='word_1_30' title='bbox 324 671 539 744; x_wconf 80' lang='grc' dir='ltr'>θέμενοι</span> <span class='ocrx_word' id='word_1_31' title='bbox 591 668 885 732; x_wconf 71' lang='grc' dir='ltr'>πλείστους</span> <span class='ocrx_word' id='word_1_32' title='bbox 934 667 1170 740; x_wconf 71' lang='grc' dir='ltr'>ἀνῄρουν</span> <span class='ocrx_word' id='word_1_33' title='bbox 1213 668 1304 723; x_wconf 80' lang='grc' dir='ltr'>καὶ</span> <span class='ocrx_word' id='word_1_34' title='bbox 1354 666 1507 722; x_wconf 78' lang='grc' dir='ltr'>αὐτοὶ</span> <span class='ocrx_word' id='word_1_35' title='bbox 1557 670 1663 721; x_wconf 86' lang='grc' dir='ltr'>τῶν</span> <span class='ocrx_word' id='word_1_36' title='bbox 1717 665 1985 736; x_wconf 80' lang='grc' dir='ltr'>Ἀχαιῶν.</span> 
     </span>
    </p>
   </div>
   <div class='ocr_carea' id='block_1_8' title="bbox 324 750 1986 836">
    <p class='ocr_par' dir='ltr' id='par_1_8' title="bbox 324 750 1986 836">
     <span class='ocr_line' id='line_1_8' title="bbox 324 750 1986 836; baseline -0.002 -23"><span class='ocrx_word' id='word_1_37' title='bbox 324 760 388 820; x_wconf 67' lang='grc' dir='ltr'><strong>Οἱ</strong></span> <span class='ocrx_word' id='word_1_38' title='bbox 421 757 693 836; x_wconf 74' lang='grc' dir='ltr'>ἡγεμόνες</span> <span class='ocrx_word' id='word_1_39' title='bbox 754 756 812 817; x_wconf 73' lang='grc' dir='ltr'>δὲ</span> <span class='ocrx_word' id='word_1_40' title='bbox 866 758 967 827; x_wconf 73' lang='grc' dir='ltr'>τὴν</span> <span class='ocrx_word' id='word_1_41' title='bbox 1031 757 1150 835; x_wconf 85' lang='grc' dir='ltr'>βίαν</span> <span class='ocrx_word' id='word_1_42' title='bbox 1205 761 1304 813; x_wconf 80' lang='grc' dir='ltr'>τοῦ</span> <span class='ocrx_word' id='word_1_43' title='bbox 1358 757 1603 827; x_wconf 70' lang='grc' dir='ltr'>πλήθους</span> <span class='ocrx_word' id='word_1_44' title='bbox 1640 752 1701 808; x_wconf 77' lang='grc' dir='ltr'>οὐ</span> <span class='ocrx_word' id='word_1_45' title='bbox 1733 750 1986 836; x_wconf 76' lang='grc' dir='ltr'>φέροντες</span> 
     </span>
    </p>
   </div>
   <div class='ocr_carea' id='block_1_9' title="bbox 326 834 1988 928">
    <p class='ocr_par' dir='ltr' id='par_1_9' title="bbox 326 834 1988 928">
     <span class='ocr_line' id='line_1_9' title="bbox 326 834 1988 928; baseline -0.008 -23"><span class='ocrx_word' id='word_1_46' title='bbox 326 834 655 928; x_wconf 69' lang='grc' dir='ltr'>ὑπεχώρουν</span> <span class='ocrx_word' id='word_1_47' title='bbox 689 847 827 921; x_wconf 81' lang='grc' dir='ltr'>πρὸς</span> <span class='ocrx_word' id='word_1_48' title='bbox 861 847 962 908; x_wconf 80' lang='grc' dir='ltr'>τὰς</span> <span class='ocrx_word' id='word_1_49' title='bbox 1017 834 1167 916; x_wconf 82' lang='grc' dir='ltr'>ναῦς,</span> <span class='ocrx_word' id='word_1_50' title='bbox 1202 844 1262 910; x_wconf 77' lang='grc' dir='ltr'>ἃς</span> <span class='ocrx_word' id='word_1_51' title='bbox 1319 845 1410 901; x_wconf 77' lang='grc' dir='ltr'>καὶ</span> <span class='ocrx_word' id='word_1_52' title='bbox 1443 844 1603 906; x_wconf 80' lang='grc' dir='ltr'>αὐτὰς</span> <span class='ocrx_word' id='word_1_53' title='bbox 1637 844 1689 898; x_wconf 77' lang='grc' dir='ltr'>οἱ</span> <span class='ocrx_word' id='word_1_54' title='bbox 1724 834 1988 916; x_wconf 76' lang='grc' dir='ltr'>βάρϐαροι</span> 
     </span>
    </p>
   </div>
   <div class='ocr_carea' id='block_1_10' title="bbox 320 930 1985 1008">
    <p class='ocr_par' dir='ltr' id='par_1_10' title="bbox 320 930 1985 1008">
     <span class='ocr_line' id='line_1_10' title="bbox 320 930 1985 1008; baseline -0.007 -15"><span class='ocrx_word' id='word_1_55' title='bbox 320 940 659 995; x_wconf 71' lang='grc' dir='ltr'>κατέκαυσαν</span> <span class='ocrx_word' id='word_1_56' title='bbox 716 930 801 1003; x_wconf 77' lang='grc' dir='ltr'>ἃν,</span> <span class='ocrx_word' id='word_1_57' title='bbox 852 932 896 995; x_wconf 78' lang='grc' dir='ltr'>εἷ</span> <span class='ocrx_word' id='word_1_58' title='bbox 951 936 1028 1008; x_wconf 79' lang='grc' dir='ltr'>μή</span> <span class='ocrx_word' id='word_1_59' title='bbox 1072 935 1161 1006; x_wconf 72' lang='grc' dir='ltr'>νὺξ</span> <span class='ocrx_word' id='word_1_60' title='bbox 1210 935 1438 990; x_wconf 76' lang='grc' dir='ltr'>ἐπιοῦσα</span> <span class='ocrx_word' id='word_1_61' title='bbox 1486 934 1586 1003; x_wconf 74' lang='grc' dir='ltr'>τὴν</span> <span class='ocrx_word' id='word_1_62' title='bbox 1632 930 1806 986; x_wconf 74' lang='grc' dir='ltr'>αὐτῶν</span> <span class='ocrx_word' id='word_1_63' title='bbox 1856 949 1985 983; x_wconf 77' lang='grc' dir='ltr'>κατ-</span> 
     </span>
    </p>
   </div>
   <div class='ocr_carea' id='block_1_11' title="bbox 330 1019 1987 1103">
    <p class='ocr_par' dir='ltr' id='par_1_11' title="bbox 330 1019 1987 1103">
     <span class='ocr_line' id='line_1_11' title="bbox 330 1019 1987 1103; baseline -0.007 -21"><span class='ocrx_word' id='word_1_64' title='bbox 330 1027 484 1102; x_wconf 80' lang='grc' dir='ltr'>έσχεν</span> <span class='ocrx_word' id='word_1_65' title='bbox 538 1027 739 1099; x_wconf 71' lang='grc' dir='ltr'>ὁρμήν.</span> <span class='ocrx_word' id='word_1_66' title='bbox 794 1023 1217 1103; x_wconf 80' lang='grc' dir='ltr'>Ἐπιγενομένης</span> <span class='ocrx_word' id='word_1_67' title='bbox 1285 1024 1375 1078; x_wconf 70' lang='grc' dir='ltr'>οὖν</span> <span class='ocrx_word' id='word_1_68' title='bbox 1428 1029 1526 1092; x_wconf 79' lang='grc' dir='ltr'>τῆς</span> <span class='ocrx_word' id='word_1_69' title='bbox 1568 1020 1757 1082; x_wconf 81' lang='grc' dir='ltr'>νυκτὸς</span> <span class='ocrx_word' id='word_1_70' title='bbox 1785 1019 1851 1077; x_wconf 80' lang='grc' dir='ltr'>τὰ</span> <span class='ocrx_word' id='word_1_71' title='bbox 1881 1021 1987 1072; x_wconf 84' lang='grc' dir='ltr'>τῶν</span> 
     </span>
    </p>
   </div>
   <div class='ocr_carea' id='block_1_12' title="bbox 330 1111 1988 1194">
    <p class='ocr_par' dir='ltr' id='par_1_12' title="bbox 330 1111 1988 1194">
     <span class='ocr_line' id='line_1_12' title="bbox 330 1111 1988 1194; baseline -0.007 -23"><span class='ocrx_word' id='word_1_72' title='bbox 330 1114 688 1191; x_wconf 64' lang='grc' dir='ltr'>ἀνῃρημένων</span> <span class='ocrx_word' id='word_1_73' title='bbox 742 1113 1113 1194; x_wconf 75' lang='grc' dir='ltr'>τεφρώσαντες</span> <span class='ocrx_word' id='word_1_74' title='bbox 1180 1113 1406 1186; x_wconf 86' lang='grc' dir='ltr'>σώματα</span> <span class='ocrx_word' id='word_1_75' title='bbox 1490 1111 1580 1167; x_wconf 84' lang='grc' dir='ltr'>καὶ</span> <span class='ocrx_word' id='word_1_76' title='bbox 1659 1111 1766 1165; x_wconf 88' lang='grc' dir='ltr'>τῶν</span> <span class='ocrx_word' id='word_1_77' title='bbox 1823 1125 1988 1185; x_wconf 80' lang='grc' dir='ltr'>τραυ-</span> 
     </span>
    </p>
   </div>
   <div class='ocr_carea' id='block_1_13' title="bbox 333 1195 1982 1279">
    <p class='ocr_par' dir='ltr' id='par_1_13' title="bbox 333 1195 1982 1279">
     <span class='ocr_line' id='line_1_13' title="bbox 333 1195 1982 1279; baseline -0.008 -19"><span class='ocrx_word' id='word_1_78' title='bbox 333 1208 543 1279; x_wconf 84' lang='grc' dir='ltr'>ματιῶν</span> <span class='ocrx_word' id='word_1_79' title='bbox 590 1201 1082 1277; x_wconf 71' lang='grc' dir='ltr'>ἑπιμελησοὶμενοι,</span> <span class='ocrx_word' id='word_1_80' title='bbox 1143 1202 1217 1267; x_wconf 84' lang='grc' dir='ltr'>ὡς</span> <span class='ocrx_word' id='word_1_81' title='bbox 1270 1201 1438 1272; x_wconf 80' lang='grc' dir='ltr'>εἰκὸς,</span> <span class='ocrx_word' id='word_1_82' title='bbox 1499 1200 1551 1256; x_wconf 73' lang='grc' dir='ltr'>οἱ</span> <span class='ocrx_word' id='word_1_83' title='bbox 1609 1195 1821 1274; x_wconf 78' lang='grc' dir='ltr'>όῖριστοι</span> <span class='ocrx_word' id='word_1_84' title='bbox 1876 1195 1982 1250; x_wconf 84' lang='grc' dir='ltr'>τῶν</span> 
     </span>
    </p>
   </div>
   <div class='ocr_carea' id='block_1_14' title="bbox 333 1284 1986 1369">
    <p class='ocr_par' dir='ltr' id='par_1_14' title="bbox 333 1284 1986 1369">
     <span class='ocr_line' id='line_1_14' title="bbox 333 1284 1986 1369; baseline -0.007 -19"><span class='ocrx_word' id='word_1_85' title='bbox 333 1295 581 1369; x_wconf 80' lang='grc' dir='ltr'>Ἀχαιῶν</span> <span class='ocrx_word' id='word_1_86' title='bbox 633 1286 1023 1348; x_wconf 73' lang='grc' dir='ltr'>ἰόουλεόσαντο</span> <span class='ocrx_word' id='word_1_87' title='bbox 1080 1291 1163 1354; x_wconf 74' lang='grc' dir='ltr'>τίς</span> <span class='ocrx_word' id='word_1_88' title='bbox 1227 1288 1287 1344; x_wconf 81' lang='grc' dir='ltr'>ἃν</span> <span class='ocrx_word' id='word_1_89' title='bbox 1351 1288 1611 1365; x_wconf 72' lang='grc' dir='ltr'>τολμήσῃ</span> <span class='ocrx_word' id='word_1_90' title='bbox 1697 1284 1833 1341; x_wconf 75' lang='grc' dir='ltr'>κατὰ</span> <span class='ocrx_word' id='word_1_91' title='bbox 1889 1286 1986 1339; x_wconf 77' lang='grc' dir='ltr'>τοῦ</span> 
     </span>
    </p>
   </div>
   <div class='ocr_carea' id='block_1_15' title="bbox 327 1372 1982 1461">
    <p class='ocr_par' dir='ltr' id='par_1_15' title="bbox 327 1372 1982 1461">
     <span class='ocr_line' id='line_1_15' title="bbox 327 1372 1982 1461; baseline -0.007 -23"><span class='ocrx_word' id='word_1_92' title='bbox 327 1383 615 1456; x_wconf 73' lang='grc' dir='ltr'>Μέμνονος</span> <span class='ocrx_word' id='word_1_93' title='bbox 647 1378 861 1461; x_wconf 79' lang='grc' dir='ltr'>βαλεῖν,</span> <span class='ocrx_word' id='word_1_94' title='bbox 890 1383 999 1433; x_wconf 85' lang='grc' dir='ltr'>τῶν</span> <span class='ocrx_word' id='word_1_95' title='bbox 1058 1374 1244 1434; x_wconf 75' lang='grc' dir='ltr'>ἄλλων</span> <span class='ocrx_word' id='word_1_96' title='bbox 1285 1376 1408 1453; x_wconf 76' lang='grc' dir='ltr'>περὶ</span> <span class='ocrx_word' id='word_1_97' title='bbox 1466 1373 1672 1438; x_wconf 75' lang='grc' dir='ltr'>ἄλλους</span> <span class='ocrx_word' id='word_1_98' title='bbox 1706 1372 1982 1451; x_wconf 84' lang='grc' dir='ltr'>ἀσχολου-</span> 
     </span>
    </p>
   </div>
   <div class='ocr_carea' id='block_1_16' title="bbox 338 1462 1984 1551">
    <p class='ocr_par' dir='ltr' id='par_1_16' title="bbox 338 1462 1984 1551">
     <span class='ocr_line' id='line_1_16' title="bbox 338 1462 1984 1551; baseline -0.007 -25"><span class='ocrx_word' id='word_1_99' title='bbox 338 1472 542 1549; x_wconf 84' lang='grc' dir='ltr'>μένων.</span> <span class='ocrx_word' id='word_1_100' title='bbox 602 1467 917 1551; x_wconf 76' lang='grc' dir='ltr'>Κληροῦται</span> <span class='ocrx_word' id='word_1_101' title='bbox 973 1466 1152 1525; x_wconf 74' lang='grc' dir='ltr'>τοίνυν</span> <span class='ocrx_word' id='word_1_102' title='bbox 1210 1465 1337 1530; x_wconf 61' lang='grc' dir='ltr'>Αἴας</span> <span class='ocrx_word' id='word_1_103' title='bbox 1370 1467 1396 1521; x_wconf 93' lang='lat'>6</span> <span class='ocrx_word' id='word_1_104' title='bbox 1445 1462 1829 1551; x_wconf 45' lang='grc' dir='ltr'>Τελαμώνιος,</span> <span class='ocrx_word' id='word_1_105' title='bbox 1884 1464 1984 1516; x_wconf 82' lang='grc' dir='ltr'>Καὶ</span> 
     </span>
    </p>
   </div>
   <div class='ocr_carea' id='block_1_17' title="bbox 340 1550 1986 1633">
    <p class='ocr_par' dir='ltr' id='par_1_17' title="bbox 340 1550 1986 1633">
     <span class='ocr_line' id='line_1_17' title="bbox 340 1550 1986 1633; baseline -0.006 -17"><span class='ocrx_word' id='word_1_106' title='bbox 340 1564 472 1633; x_wconf 76' lang='grc' dir='ltr'>πρῐν</span> <span class='ocrx_word' id='word_1_107' title='bbox 503 1559 661 1628; x_wconf 73' lang='grc' dir='ltr'>ἣλιον</span> <span class='ocrx_word' id='word_1_108' title='bbox 719 1556 964 1619; x_wconf 84' lang='grc' dir='ltr'>ἀνελθεῖς</span> <span class='ocrx_word' id='word_1_109' title='bbox 1022 1554 1385 1632; x_wconf 65' lang='grc' dir='ltr'>ὁπλισάμενοι</span> <span class='ocrx_word' id='word_1_110' title='bbox 1425 1553 1664 1631; x_wconf 71' lang='grc' dir='ltr'>ἐξῄεσαν,</span> <span class='ocrx_word' id='word_1_111' title='bbox 1713 1550 1986 1625; x_wconf 79' lang='grc' dir='ltr'>Ἕλληνες</span> 
     </span>
    </p>
   </div>
   <div class='ocr_carea' id='block_1_18' title="bbox 336 1641 1982 1726">
    <p class='ocr_par' dir='ltr' id='par_1_18' title="bbox 336 1641 1982 1726">
     <span class='ocr_line' id='line_1_18' title="bbox 336 1641 1982 1726; baseline -0.005 -19"><span class='ocrx_word' id='word_1_112' title='bbox 336 1652 433 1725; x_wconf 74' lang='grc' dir='ltr'>μὲν</span> <span class='ocrx_word' id='word_1_113' title='bbox 468 1653 703 1726; x_wconf 87' lang='grc' dir='ltr'>πρῶτοι,</span> <span class='ocrx_word' id='word_1_114' title='bbox 734 1646 889 1715; x_wconf 74' lang='grc' dir='ltr'>εὐθὺς</span> <span class='ocrx_word' id='word_1_115' title='bbox 948 1645 1005 1705; x_wconf 70' lang='grc' dir='ltr'>δὲ</span> <span class='ocrx_word' id='word_1_116' title='bbox 1042 1645 1130 1702; x_wconf 80' lang='grc' dir='ltr'>καὶ</span> <span class='ocrx_word' id='word_1_117' title='bbox 1171 1648 1199 1701; x_wconf 89' lang='grc' dir='ltr'>ὁ</span> <span class='ocrx_word' id='word_1_118' title='bbox 1267 1644 1503 1721; x_wconf 84' lang='grc' dir='ltr'>Μέμνων</span> <span class='ocrx_word' id='word_1_119' title='bbox 1558 1644 1647 1699; x_wconf 79' lang='grc' dir='ltr'>καὶ</span> <span class='ocrx_word' id='word_1_120' title='bbox 1707 1643 1900 1706; x_wconf 76' lang='grc' dir='ltr'>πάντες</span> <span class='ocrx_word' id='word_1_121' title='bbox 1930 1641 1982 1701; x_wconf 74' lang='grc' dir='ltr'>οἱ</span> 
     </span>
    </p>
   </div>
   <div class='ocr_carea' id='block_1_19' title="bbox 331 1728 1980 1816">
    <p class='ocr_par' dir='ltr' id='par_1_19' title="bbox 331 1728 1980 1816">
     <span class='ocr_line' id='line_1_19' title="bbox 331 1728 1980 1816; baseline -0.006 -22"><span class='ocrx_word' id='word_1_122' title='bbox 331 1740 420 1794; x_wconf 80' lang='grc' dir='ltr'>ὑπ’</span> <span class='ocrx_word' id='word_1_123' title='bbox 470 1737 631 1793; x_wconf 72' lang='grc' dir='ltr'>αὐτὸν</span> <span class='ocrx_word' id='word_1_124' title='bbox 679 1740 1022 1816; x_wconf 82' lang='grc' dir='ltr'>στρατιῶται.</span> <span class='ocrx_word' id='word_1_125' title='bbox 1057 1731 1256 1795; x_wconf 81' lang='grc' dir='ltr'>Ἀλλοι</span> <span class='ocrx_word' id='word_1_126' title='bbox 1308 1736 1402 1809; x_wconf 76' lang='grc' dir='ltr'>μὶν</span> <span class='ocrx_word' id='word_1_127' title='bbox 1448 1732 1540 1789; x_wconf 82' lang='grc' dir='ltr'>οὖν</span> <span class='ocrx_word' id='word_1_128' title='bbox 1583 1732 1719 1807; x_wconf 73' lang='grc' dir='ltr'>πρὸς</span> <span class='ocrx_word' id='word_1_129' title='bbox 1753 1728 1980 1803; x_wconf 77' lang='grc' dir='ltr'>ἄλλους,</span> 
     </span>
    </p>
   </div>
   <div class='ocr_carea' id='block_1_20' title="bbox 2094 568 3735 641">
    <p class='ocr_par' dir='ltr' id='par_1_20' title="bbox 2094 568 3735 641">
     <span class='ocr_line' id='line_1_20' title="bbox 2094 568 3735 641; baseline 0.002 -19"><span class='ocrx_word' id='word_1_130' title='bbox 2094 569 2376 641; x_wconf 87' lang='lat' dir='ltr'>primum,</span> <span class='ocrx_word' id='word_1_131' title='bbox 2409 586 2542 624; x_wconf 81' lang='lat' dir='ltr'>mox</span> <span class='ocrx_word' id='word_1_132' title='bbox 2575 568 2752 623; x_wconf 88' lang='lat' dir='ltr'>etiam</span> <span class='ocrx_word' id='word_1_133' title='bbox 2784 570 3057 624; x_wconf 86' lang='lat' dir='ltr'>Memnon</span> <span class='ocrx_word' id='word_1_134' title='bbox 3092 584 3226 625; x_wconf 91' lang='lat' dir='ltr'>cum</span> <span class='ocrx_word' id='word_1_135' title='bbox 3258 570 3529 625; x_wconf 87' lang='lat' dir='ltr'>universo</span> <span class='ocrx_word' id='word_1_136' title='bbox 3563 587 3735 625; x_wconf 82' lang='lat' dir='ltr'>exer-</span> 
     </span>
    </p>
   </div>
   <div class='ocr_carea' id='block_1_21' title="bbox 2091 657 3730 735">
    <p class='ocr_par' dir='ltr' id='par_1_21' title="bbox 2091 657 3730 735">
     <span class='ocr_line' id='line_1_21' title="bbox 2091 657 3730 735; baseline 0.001 -22"><span class='ocrx_word' id='word_1_137' title='bbox 2091 659 2212 714; x_wconf 91' lang='lat' dir='ltr'>citu</span> <span class='ocrx_word' id='word_1_138' title='bbox 2240 659 2323 714; x_wconf 87' lang='lat' dir='ltr'>lbi</span> <span class='ocrx_word' id='word_1_139' title='bbox 2357 676 2490 714; x_wconf 90' lang='lat' dir='ltr'>cum</span> <span class='ocrx_word' id='word_1_140' title='bbox 2512 659 2612 735; x_wconf 72' lang='lat' dir='ltr'>alii</span> <span class='ocrx_word' id='word_1_141' title='bbox 2641 657 2789 714; x_wconf 86' lang='lat' dir='ltr'>alios</span> <span class='ocrx_word' id='word_1_142' title='bbox 2812 659 3289 735; x_wconf 75' lang='lat' dir='ltr'>aggrederentur,</span> <span class='ocrx_word' id='word_1_143' title='bbox 3327 659 3471 731; x_wconf 84' lang='lat' dir='ltr'>Ajax</span> <span class='ocrx_word' id='word_1_144' title='bbox 3506 659 3730 715; x_wconf 79' lang='lat' dir='ltr'>Achille</span> 
     </span>
    </p>
   </div>
   <div class='ocr_carea' id='block_1_22' title="bbox 2090 749 3730 823">
    <p class='ocr_par' dir='ltr' id='par_1_22' title="bbox 2090 749 3730 823">
     <span class='ocr_line' id='line_1_22' title="bbox 2090 749 3730 823; baseline 0.001 -19"><span class='ocrx_word' id='word_1_145' title='bbox 2090 766 2124 804; x_wconf 89' lang='lat' dir='ltr'>a</span> <span class='ocrx_word' id='word_1_146' title='bbox 2156 754 2315 823; x_wconf 86' lang='lat' dir='ltr'>tergo</span> <span class='ocrx_word' id='word_1_147' title='bbox 2350 750 2541 823; x_wconf 88' lang='lat' dir='ltr'>ipsum</span> <span class='ocrx_word' id='word_1_148' title='bbox 2573 749 2965 807; x_wconf 82' lang='lat' dir='ltr'>conﬂrmante</span> <span class='ocrx_word' id='word_1_149' title='bbox 3013 752 3381 805; x_wconf 90' lang='lat' dir='ltr'>Memnomen</span> <span class='ocrx_word' id='word_1_150' title='bbox 3444 749 3730 807; x_wconf 81' lang='lat' dir='ltr'>adoritur.</span> 
     </span>
    </p>
   </div>
   <div class='ocr_carea' id='block_1_23' title="bbox 2089 838 3727 911">
    <p class='ocr_par' dir='ltr' id='par_1_23' title="bbox 2089 838 3727 911">
     <span class='ocr_line' id='line_1_23' title="bbox 2089 838 3727 911; baseline 0.002 -19"><span class='ocrx_word' id='word_1_151' title='bbox 2089 841 2363 893; x_wconf 85' lang='lat' dir='ltr'>Memnon</span> <span class='ocrx_word' id='word_1_152' title='bbox 2395 856 2569 894; x_wconf 91' lang='lat' dir='ltr'>curru</span> <span class='ocrx_word' id='word_1_153' title='bbox 2628 838 2937 911; x_wconf 74' lang='lat' dir='ltr'>degressus</span> <span class='ocrx_word' id='word_1_154' title='bbox 2968 839 3136 894; x_wconf 89' lang='lat' dir='ltr'>hasta</span> <span class='ocrx_word' id='word_1_155' title='bbox 3188 841 3427 910; x_wconf 81' lang='lat' dir='ltr'>Ajacem</span> <span class='ocrx_word' id='word_1_156' title='bbox 3461 840 3727 895; x_wconf 80' lang='lat' dir='ltr'>tentavit.</span> 
     </span>
    </p>
   </div>
   <div class='ocr_carea' id='block_1_24' title="bbox 2088 926 3731 1000">
    <p class='ocr_par' dir='ltr' id='par_1_24' title="bbox 2088 926 3731 1000">
     <span class='ocr_line' id='line_1_24' title="bbox 2088 926 3731 1000; baseline 0.002 -20"><span class='ocrx_word' id='word_1_157' title='bbox 2088 926 2200 981; x_wconf 90' lang='lat' dir='ltr'>Sed</span> <span class='ocrx_word' id='word_1_158' title='bbox 2231 927 2375 998; x_wconf 81' lang='lat' dir='ltr'>Ajax</span> <span class='ocrx_word' id='word_1_159' title='bbox 2397 927 2623 997; x_wconf 91' lang='lat' dir='ltr'>primus</span> <span class='ocrx_word' id='word_1_160' title='bbox 2645 943 2801 991; x_wconf 90' lang='lat' dir='ltr'>eum,</span> <span class='ocrx_word' id='word_1_161' title='bbox 2838 932 3006 981; x_wconf 91' lang='lat' dir='ltr'>sento</span> <span class='ocrx_word' id='word_1_162' title='bbox 3031 926 3216 998; x_wconf 83' lang='lat' dir='ltr'>ipsius</span> <span class='ocrx_word' id='word_1_163' title='bbox 3239 926 3569 994; x_wconf 90' lang='lat' dir='ltr'>deturbato,</span> <span class='ocrx_word' id='word_1_164' title='bbox 3593 944 3731 1000; x_wconf 83' lang='lat' dir='ltr'>gra-</span> 
     </span>
    </p>
   </div>
   <div class='ocr_carea' id='block_1_25' title="bbox 2088 1015 3730 1089">
    <p class='ocr_par' dir='ltr' id='par_1_25' title="bbox 2088 1015 3730 1089">
     <span class='ocr_line' id='line_1_25' title="bbox 2088 1015 3730 1089; baseline 0.004 -21"><span class='ocrx_word' id='word_1_165' title='bbox 2088 1015 2236 1069; x_wconf 91' lang='lat' dir='ltr'>viter</span> <span class='ocrx_word' id='word_1_166' title='bbox 2263 1016 2446 1082; x_wconf 91' lang='lat' dir='ltr'>ursit;</span> <span class='ocrx_word' id='word_1_167' title='bbox 2480 1033 2731 1089; x_wconf 89' lang='lat' dir='ltr'>cumque</span> <span class='ocrx_word' id='word_1_168' title='bbox 2766 1032 2973 1071; x_wconf 90' lang='lat' dir='ltr'>omnes</span> <span class='ocrx_word' id='word_1_169' title='bbox 3007 1016 3134 1071; x_wconf 89' lang='lat' dir='ltr'>lndi</span> <span class='ocrx_word' id='word_1_170' title='bbox 3170 1017 3230 1071; x_wconf 90' lang='lat' dir='ltr'>in</span> <span class='ocrx_word' id='word_1_171' title='bbox 3264 1017 3501 1089; x_wconf 82' lang='lat' dir='ltr'>Ajacem</span> <span class='ocrx_word' id='word_1_172' title='bbox 3530 1022 3730 1074; x_wconf 84' lang='lat' dir='ltr'>essent</span> 
     </span>
    </p>
   </div>
   <div class='ocr_carea' id='block_1_26' title="bbox 2088 1103 3726 1174">
    <p class='ocr_par' dir='ltr' id='par_1_26' title="bbox 2088 1103 3726 1174">
     <span class='ocr_line' id='line_1_26' title="bbox 2088 1103 3726 1174; baseline 0.002 -15"><span class='ocrx_word' id='word_1_173' title='bbox 2088 1103 2323 1174; x_wconf 81' lang='lat' dir='ltr'>intenti,</span> <span class='ocrx_word' id='word_1_174' title='bbox 2385 1106 2646 1165; x_wconf 81' lang='lat' dir='ltr'>Achilles</span> <span class='ocrx_word' id='word_1_175' title='bbox 2704 1106 2990 1160; x_wconf 85' lang='lat' dir='ltr'>cervicem</span> <span class='ocrx_word' id='word_1_176' title='bbox 3056 1107 3386 1161; x_wconf 78' lang='lat' dir='ltr'>Memnonis</span> <span class='ocrx_word' id='word_1_177' title='bbox 3443 1106 3726 1162; x_wconf 86' lang='lat' dir='ltr'>nudatam</span> 
     </span>
    </p>
   </div>
   <div class='ocr_carea' id='block_1_27' title="bbox 2086 1196 3727 1275">
    <p class='ocr_par' dir='ltr' id='par_1_27' title="bbox 2086 1196 3727 1275">
     <span class='ocr_line' id='line_1_27' title="bbox 2086 1196 3727 1275; baseline 0.003 -23"><span class='ocrx_word' id='word_1_178' title='bbox 2086 1196 2782 1275; x_wconf 85' lang='lat' dir='ltr'>hastatrajecit,eumque</span> <span class='ocrx_word' id='word_1_179' title='bbox 2796 1206 3012 1275; x_wconf 63' lang='lat' dir='ltr'>praeter</span> <span class='ocrx_word' id='word_1_180' title='bbox 3024 1201 3293 1256; x_wconf 91' lang='lat' dir='ltr'>omnium</span> <span class='ocrx_word' id='word_1_181' title='bbox 3311 1218 3475 1273; x_wconf 90' lang='lat' dir='ltr'>spem</span> <span class='ocrx_word' id='word_1_182' title='bbox 3489 1200 3727 1257; x_wconf 91' lang='lat' dir='ltr'>occidtt.</span> 
     </span>
    </p>
   </div>
   <div class='ocr_carea' id='block_1_28' title="bbox 2087 1287 3728 1363">
    <p class='ocr_par' dir='ltr' id='par_1_28' title="bbox 2087 1287 3728 1363">
     <span class='ocr_line' id='line_1_28' title="bbox 2087 1287 3728 1363; baseline 0.003 -21"><span class='ocrx_word' id='word_1_183' title='bbox 2087 1287 2228 1344; x_wconf 86' lang='lat' dir='ltr'>Inde</span> <span class='ocrx_word' id='word_1_184' title='bbox 2252 1288 2439 1346; x_wconf 77' lang='lat' dir='ltr'>eﬂ‘usa</span> <span class='ocrx_word' id='word_1_185' title='bbox 2462 1288 2848 1349; x_wconf 86' lang='lat' dir='ltr'>barbarorum</span> <span class='ocrx_word' id='word_1_186' title='bbox 2872 1289 3224 1363; x_wconf 68' lang='lat' dir='ltr'>fugacazdes</span> <span class='ocrx_word' id='word_1_187' title='bbox 3242 1297 3418 1362; x_wconf 85' lang='lat' dir='ltr'>atque</span> <span class='ocrx_word' id='word_1_188' title='bbox 3451 1289 3728 1363; x_wconf 88' lang='lat' dir='ltr'>ejulatus,</span> 
     </span>
    </p>
   </div>
   <div class='ocr_carea' id='block_1_29' title="bbox 2088 1377 3730 1456">
    <p class='ocr_par' dir='ltr' id='par_1_29' title="bbox 2088 1377 3730 1456">
     <span class='ocr_line' id='line_1_29' title="bbox 2088 1377 3730 1456; baseline 0.001 -24"><span class='ocrx_word' id='word_1_189' title='bbox 2088 1377 2422 1434; x_wconf 83' lang='lat' dir='ltr'>Graecorum</span> <span class='ocrx_word' id='word_1_190' title='bbox 2456 1384 2661 1435; x_wconf 88' lang='lat' dir='ltr'>contra</span> <span class='ocrx_word' id='word_1_191' title='bbox 2693 1378 3004 1435; x_wconf 89' lang='lat' dir='ltr'>exsultatio</span> <span class='ocrx_word' id='word_1_192' title='bbox 3045 1386 3324 1456; x_wconf 86' lang='lat' dir='ltr'>certaque</span> <span class='ocrx_word' id='word_1_193' title='bbox 3376 1385 3433 1433; x_wconf 90' lang='lat' dir='ltr'>et</span> <span class='ocrx_word' id='word_1_194' title='bbox 3480 1379 3730 1435; x_wconf 83' lang='lat' dir='ltr'>illustris</span> 
     </span>
    </p>
   </div>
   <div class='ocr_carea' id='block_1_30' title="bbox 2086 1467 3803 1542">
    <p class='ocr_par' dir='ltr' id='par_1_30' title="bbox 2086 1467 3803 1542">
     <span class='ocr_line' id='line_1_30' title="bbox 2086 1467 3803 1542; baseline 0.003 -22"><span class='ocrx_word' id='word_1_195' title='bbox 2086 1467 2349 1522; x_wconf 86' lang='lat' dir='ltr'>victoria.</span> <span class='ocrx_word' id='word_1_196' title='bbox 2383 1469 2540 1523; x_wconf 85' lang='lat' dir='ltr'>Tunc</span> <span class='ocrx_word' id='word_1_197' title='bbox 2575 1470 2752 1524; x_wconf 88' lang='lat' dir='ltr'>etiam</span> <span class='ocrx_word' id='word_1_198' title='bbox 2786 1469 3139 1542; x_wconf 74' lang='lat' dir='ltr'>Polydamas</span> <span class='ocrx_word' id='word_1_199' title='bbox 3169 1468 3524 1527; x_wconf 76' lang='lat' dir='ltr'>fortissimus</span> <span class='ocrx_word' id='word_1_200' title='bbox 3579 1470 3729 1526; x_wconf 70' lang='grc'>227</span> <span class='ocrx_word' id='word_1_201' title='bbox 3796 1510 3803 1515; x_wconf 68' lang='grc' dir='ltr'>ι</span> 
     </span>
    </p>
   </div>
   <div class='ocr_carea' id='block_1_31' title="bbox 2088 1556 3733 1630">
    <p class='ocr_par' dir='ltr' id='par_1_31' title="bbox 2088 1556 3733 1630">
     <span class='ocr_line' id='line_1_31' title="bbox 2088 1556 3733 1630; baseline 0.002 -21"><span class='ocrx_word' id='word_1_202' title='bbox 2088 1556 2431 1617; x_wconf 71' lang='grc' dir='ltr'>Ρὴωηίωῐη</span> <span class='ocrx_word' id='word_1_203' title='bbox 2462 1575 2565 1615; x_wconf 84' lang='lat' dir='ltr'>rex</span> <span class='ocrx_word' id='word_1_204' title='bbox 2600 1558 2807 1630; x_wconf 90' lang='lat' dir='ltr'>ingens</span> <span class='ocrx_word' id='word_1_205' title='bbox 2832 1558 3001 1614; x_wconf 89' lang='lat' dir='ltr'>hasta</span> <span class='ocrx_word' id='word_1_206' title='bbox 3031 1558 3230 1629; x_wconf 88' lang='lat' dir='ltr'>Ajacis</span> <span class='ocrx_word' id='word_1_207' title='bbox 3257 1558 3565 1616; x_wconf 89' lang='lat' dir='ltr'>confossus</span> <span class='ocrx_word' id='word_1_208' title='bbox 3584 1559 3733 1615; x_wconf 82' lang='lat' dir='ltr'>ceci-</span> 
     </span>
    </p>
   </div>
   <div class='ocr_carea' id='block_1_32' title="bbox 2088 1643 3729 1716">
    <p class='ocr_par' dir='ltr' id='par_1_32' title="bbox 2088 1643 3729 1716">
     <span class='ocr_line' id='line_1_32' title="bbox 2088 1643 3729 1716; baseline 0.002 -17"><span class='ocrx_word' id='word_1_209' title='bbox 2088 1643 2192 1699; x_wconf 87' lang='lat' dir='ltr'>dit.</span> <span class='ocrx_word' id='word_1_210' title='bbox 2248 1646 2587 1716; x_wconf 68' lang='lat' dir='ltr'>Aithioqum</span> <span class='ocrx_word' id='word_1_211' title='bbox 2644 1664 2778 1702; x_wconf 87' lang='lat' dir='ltr'>vero</span> <span class='ocrx_word' id='word_1_212' title='bbox 2843 1652 2901 1701; x_wconf 89' lang='lat' dir='ltr'>et</span> <span class='ocrx_word' id='word_1_213' title='bbox 2956 1646 3347 1704; x_wconf 86' lang='lat' dir='ltr'>barbarorum</span> <span class='ocrx_word' id='word_1_214' title='bbox 3409 1647 3729 1703; x_wconf 70' lang='lat' dir='ltr'>ineﬂ‘abilis</span> 
     </span>
    </p>
   </div>
   <div class='ocr_carea' id='block_1_33' title="bbox 2088 1733 3733 1813">
    <p class='ocr_par' dir='ltr' id='par_1_33' title="bbox 2088 1733 3733 1813">
     <span class='ocr_line' id='line_1_33' title="bbox 2088 1733 3733 1813; baseline 0.003 -25"><span class='ocrx_word' id='word_1_215' title='bbox 2088 1735 2265 1809; x_wconf 90' lang='lat' dir='ltr'>periit</span> <span class='ocrx_word' id='word_1_216' title='bbox 2291 1733 2723 1797; x_wconf 79' lang='lat' dir='ltr'>multitudoita</span> <span class='ocrx_word' id='word_1_217' title='bbox 2751 1743 2816 1791; x_wconf 90' lang='lat' dir='ltr'>ut</span> <span class='ocrx_word' id='word_1_218' title='bbox 2841 1753 3117 1808; x_wconf 87' lang='lat' dir='ltr'>campum</span> <span class='ocrx_word' id='word_1_219' title='bbox 3149 1735 3432 1792; x_wconf 84' lang='lat' dir='ltr'>cadavera</span> <span class='ocrx_word' id='word_1_220' title='bbox 3461 1738 3733 1813; x_wconf 88' lang='lat' dir='ltr'>oppleve-</span> 
     </span>
    </p>
   </div>
   <div class='ocr_carea' id='block_1_34' title="bbox 330 1819 1980 1903">
    <p class='ocr_par' dir='ltr' id='par_1_34' title="bbox 330 1819 1979 1903">
     <span class='ocr_line' id='line_1_34' title="bbox 330 1819 1979 1903; baseline -0.006 -20"><span class='ocrx_word' id='word_1_221' title='bbox 330 1829 357 1883; x_wconf 84' lang='lat'>6</span> <span class='ocrx_word' id='word_1_222' title='bbox 391 1825 526 1889; x_wconf 69' lang='grc' dir='ltr'>Αἴας</span> <span class='ocrx_word' id='word_1_223' title='bbox 561 1825 618 1881; x_wconf 74' lang='grc' dir='ltr'>δὲ</span> <span class='ocrx_word' id='word_1_224' title='bbox 648 1823 964 1903; x_wconf 81' lang='grc' dir='ltr'>Ἀχιλλέως</span> <span class='ocrx_word' id='word_1_225' title='bbox 1002 1824 1165 1880; x_wconf 75' lang='grc' dir='ltr'>αὑτοῦ</span> <span class='ocrx_word' id='word_1_226' title='bbox 1225 1823 1282 1879; x_wconf 76' lang='grc' dir='ltr'>ἐκ</span> <span class='ocrx_word' id='word_1_227' title='bbox 1329 1827 1437 1878; x_wconf 88' lang='grc' dir='ltr'>τῶν</span> <span class='ocrx_word' id='word_1_228' title='bbox 1492 1819 1708 1885; x_wconf 76' lang='grc' dir='ltr'>ὄπισθεν</span> <span class='ocrx_word' id='word_1_229' title='bbox 1769 1840 1979 1875; x_wconf 78' lang='grc' dir='ltr'>συνεπι-</span> 
     </span>
    </p>
   </div>
   <div class='ocr_carea' id='block_1_35' title="bbox 2087 1819 3727 1903">
    <p class='ocr_par' dir='ltr' id='par_1_35' title="bbox 2088 1821 3727 1899">
     <span class='ocr_line' id='line_1_35' title="bbox 2088 1821 3727 1899; baseline 0.004 -23"><span class='ocrx_word' id='word_1_230' title='bbox 2088 1822 2227 1891; x_wconf 83' lang='lat' dir='ltr'>rint,</span> <span class='ocrx_word' id='word_1_231' title='bbox 2260 1841 2392 1878; x_wconf 91' lang='lat' dir='ltr'>cum</span> <span class='ocrx_word' id='word_1_232' title='bbox 2426 1823 2652 1897; x_wconf 86' lang='lat' dir='ltr'>pedites</span> <span class='ocrx_word' id='word_1_233' title='bbox 2683 1825 2755 1880; x_wconf 90' lang='lat' dir='ltr'>ab</span> <span class='ocrx_word' id='word_1_234' title='bbox 2788 1825 3085 1899; x_wconf 86' lang='lat' dir='ltr'>equitibus</span> <span class='ocrx_word' id='word_1_235' title='bbox 3118 1827 3333 1882; x_wconf 87' lang='lat' dir='ltr'>mirum</span> <span class='ocrx_word' id='word_1_236' title='bbox 3366 1827 3427 1881; x_wconf 91' lang='lat' dir='ltr'>in</span> <span class='ocrx_word' id='word_1_237' title='bbox 3486 1821 3727 1883; x_wconf 89' lang='lat' dir='ltr'>modum</span> 
     </span>
    </p>
   </div>
   <div class='ocr_carea' id='block_1_36' title="bbox 334 1905 1977 1999">
    <p class='ocr_par' dir='ltr' id='par_1_36' title="bbox 334 1905 1977 1999">
     <span class='ocr_line' id='line_1_36' title="bbox 334 1905 1977 1999; baseline -0.006 -27"><span class='ocrx_word' id='word_1_238' title='bbox 334 1917 605 1999; x_wconf 80' lang='grc' dir='ltr'>σχύοντος</span> <span class='ocrx_word' id='word_1_239' title='bbox 658 1914 793 1969; x_wconf 80' lang='grc' dir='ltr'>κατὰ</span> <span class='ocrx_word' id='word_1_240' title='bbox 831 1918 926 1970; x_wconf 75' lang='grc' dir='ltr'>τοῦ</span> <span class='ocrx_word' id='word_1_241' title='bbox 982 1912 1267 1985; x_wconf 80' lang='grc' dir='ltr'>Μέμνονος</span> <span class='ocrx_word' id='word_1_242' title='bbox 1323 1911 1487 1987; x_wconf 76' lang='grc' dir='ltr'>ὁρμᾷ.</span> <span class='ocrx_word' id='word_1_243' title='bbox 1538 1910 1766 1983; x_wconf 77' lang='grc' dir='ltr'>Νέμνων</span> <span class='ocrx_word' id='word_1_244' title='bbox 1800 1905 1855 1964; x_wconf 73' lang='grc' dir='ltr'>δὲ</span> <span class='ocrx_word' id='word_1_245' title='bbox 1879 1911 1977 1963; x_wconf 77' lang='grc' dir='ltr'>τοῦ</span> 
     </span>
    </p>
   </div>
   <div class='ocr_carea' id='block_1_37' title="bbox 328 1995 1977 2080">
    <p class='ocr_par' dir='ltr' id='par_1_37' title="bbox 328 1995 1977 2080">
     <span class='ocr_line' id='line_1_37' title="bbox 328 1995 1977 2080; baseline -0.006 -20"><span class='ocrx_word' id='word_1_246' title='bbox 328 1995 572 2080; x_wconf 73' lang='grc' dir='ltr'>ἅρματος</span> <span class='ocrx_word' id='word_1_247' title='bbox 600 1997 837 2065; x_wconf 72' lang='grc' dir='ltr'>καταϐὰς</span> <span class='ocrx_word' id='word_1_248' title='bbox 894 2006 972 2077; x_wconf 78' lang='grc' dir='ltr'>τῷ</span> <span class='ocrx_word' id='word_1_249' title='bbox 1011 1999 1195 2079; x_wconf 82' lang='grc' dir='ltr'>δόρατι</span> <span class='ocrx_word' id='word_1_250' title='bbox 1255 2000 1528 2077; x_wconf 76' lang='grc' dir='ltr'>ἐπείραζεν</span> <span class='ocrx_word' id='word_1_251' title='bbox 1591 1995 1806 2057; x_wconf 62' lang='grc' dir='ltr'>Αἴαντα.</span> <span class='ocrx_word' id='word_1_252' title='bbox 1842 1995 1977 2059; x_wconf 73' lang='grc' dir='ltr'>Αἷάς</span> 
     </span>
    </p>
   </div>
   <div class='ocr_carea' id='block_1_38' title="bbox 323 2084 1977 2166">
    <p class='ocr_par' dir='ltr' id='par_1_38' title="bbox 323 2084 1977 2166">
     <span class='ocr_line' id='line_1_38' title="bbox 524 2084 1850 2111; baseline -0.002 -3"><span class='ocrx_word' id='word_1_253' title='bbox 524 2096 550 2108; x_wconf 60' lang='grc' dir='ltr'><em>η</em></span> <span class='ocrx_word' id='word_1_254' title='bbox 753 2092 769 2109; x_wconf 62' lang='grc' dir='ltr'>ι</span> <span class='ocrx_word' id='word_1_255' title='bbox 908 2090 923 2111; x_wconf 58' lang='grc' dir='ltr'>θ</span> <span class='ocrx_word' id='word_1_256' title='bbox 1006 2094 1029 2106; x_wconf 60' lang='grc' dir='ltr'><strong>υ</strong></span> <span class='ocrx_word' id='word_1_257' title='bbox 1307 2090 1317 2107; x_wconf 79' lang='grc'><strong><em>1</em></strong></span> <span class='ocrx_word' id='word_1_258' title='bbox 1510 2089 1523 2107; x_wconf 67' lang='grc' dir='ltr'>Ί</span> <span class='ocrx_word' id='word_1_259' title='bbox 1637 2086 1661 2106; x_wconf 50' lang='grc' dir='ltr'>ἢ</span> <span class='ocrx_word' id='word_1_260' title='bbox 1760 2086 1775 2107; x_wconf 74' lang='lat'><strong>’</strong></span> <span class='ocrx_word' id='word_1_261' title='bbox 1840 2084 1850 2105; x_wconf 82' lang='grc'><strong><em>1</em></strong></span> 
     </span>
     <span class='ocr_line' id='line_1_39' title="bbox 323 2089 1977 2166; baseline -0.004 -18"><span class='ocrx_word' id='word_1_262' title='bbox 323 2089 381 2148; x_wconf 70' lang='grc' dir='ltr'>δὲ</span> <span class='ocrx_word' id='word_1_263' title='bbox 439 2112 658 2166; x_wconf 79' lang='grc' dir='ltr'>πρῶτος</span> <span class='ocrx_word' id='word_1_264' title='bbox 709 2113 807 2160; x_wconf 78' lang='grc' dir='ltr'>την</span> <span class='ocrx_word' id='word_1_265' title='bbox 866 2112 1034 2146; x_wconf 79' lang='grc' dir='ltr'>αυτου</span> <span class='ocrx_word' id='word_1_266' title='bbox 1103 2091 1431 2166; x_wconf 70' lang='grc' dir='ltr'>ἀναστρέψας</span> <span class='ocrx_word' id='word_1_267' title='bbox 1500 2089 1698 2144; x_wconf 79' lang='grc' dir='ltr'>ασπίοα</span> <span class='ocrx_word' id='word_1_268' title='bbox 1760 2098 1977 2151; x_wconf 85' lang='grc' dir='ltr'>επεθετο</span> 
     </span>
    </p>
   </div>
   <div class='ocr_carea' id='block_1_39' title="bbox 323 2174 1978 2263">
    <p class='ocr_par' dir='ltr' id='par_1_39' title="bbox 323 2174 1978 2263">
     <span class='ocr_line' id='line_1_40' title="bbox 323 2174 1978 2263; baseline -0.005 -25"><span class='ocrx_word' id='word_1_269' title='bbox 323 2184 544 2263; x_wconf 75' lang='grc' dir='ltr'>βαρέως</span> <span class='ocrx_word' id='word_1_270' title='bbox 576 2183 741 2259; x_wconf 76' lang='grc' dir='ltr'>αὐτῷ·</span> <span class='ocrx_word' id='word_1_271' title='bbox 773 2182 988 2237; x_wconf 79' lang='grc' dir='ltr'>πάντων</span> <span class='ocrx_word' id='word_1_272' title='bbox 1040 2177 1096 2236; x_wconf 73' lang='grc' dir='ltr'>δὲ</span> <span class='ocrx_word' id='word_1_273' title='bbox 1142 2183 1247 2234; x_wconf 86' lang='grc' dir='ltr'>τῶν</span> <span class='ocrx_word' id='word_1_274' title='bbox 1287 2179 1378 2233; x_wconf 83' lang='grc' dir='ltr'>σὺν</span> <span class='ocrx_word' id='word_1_275' title='bbox 1412 2178 1558 2252; x_wconf 76' lang='grc' dir='ltr'>αὖτῷ</span> <span class='ocrx_word' id='word_1_276' title='bbox 1591 2174 1771 2233; x_wconf 83' lang='grc' dir='ltr'>Ἰνδῶν</span> <span class='ocrx_word' id='word_1_277' title='bbox 1811 2198 1978 2252; x_wconf 80' lang='grc' dir='ltr'>προσ-</span> 
     </span>
    </p>
   </div>
   <div class='ocr_carea' id='block_1_40' title="bbox 322 2264 1980 2349">
    <p class='ocr_par' dir='ltr' id='par_1_40' title="bbox 322 2264 1980 2349">
     <span class='ocr_line' id='line_1_41' title="bbox 322 2264 1980 2349; baseline -0.004 -22"><span class='ocrx_word' id='word_1_278' title='bbox 322 2272 570 2349; x_wconf 83' lang='grc' dir='ltr'>εχόντων</span> <span class='ocrx_word' id='word_1_279' title='bbox 597 2276 676 2348; x_wconf 79' lang='grc' dir='ltr'>τῷ</span> <span class='ocrx_word' id='word_1_280' title='bbox 709 2268 923 2337; x_wconf 60' lang='grc' dir='ltr'>Αἴαντι,</span> <span class='ocrx_word' id='word_1_281' title='bbox 973 2271 1034 2329; x_wconf 85' lang='grc' dir='ltr'>τὸ</span> <span class='ocrx_word' id='word_1_282' title='bbox 1079 2264 1207 2344; x_wconf 83' lang='grc' dir='ltr'>δόρυ</span> <span class='ocrx_word' id='word_1_283' title='bbox 1242 2266 1430 2349; x_wconf 72' lang='grc' dir='ltr'>βαλὼν</span> <span class='ocrx_word' id='word_1_284' title='bbox 1464 2267 1540 2331; x_wconf 79' lang='grc' dir='ltr'>εἷς</span> <span class='ocrx_word' id='word_1_285' title='bbox 1567 2268 1659 2322; x_wconf 88' lang='grc' dir='ltr'>τὸν</span> <span class='ocrx_word' id='word_1_286' title='bbox 1696 2267 1980 2339; x_wconf 76' lang='grc' dir='ltr'>Μέμνονος</span> 
     </span>
    </p>
   </div>
   <div class='ocr_carea' id='block_1_41' title="bbox 321 2352 1981 2440">
    <p class='ocr_par' dir='ltr' id='par_1_41' title="bbox 321 2352 1981 2440">
     <span class='ocr_line' id='line_1_42' title="bbox 321 2352 1981 2440; baseline -0.005 -22"><span class='ocrx_word' id='word_1_287' title='bbox 321 2358 614 2440; x_wconf 73' lang='grc' dir='ltr'>τράχηλον</span> <span class='ocrx_word' id='word_1_288' title='bbox 669 2362 1022 2437; x_wconf 69' lang='grc' dir='ltr'>γυμνωθέντα</span> <span class='ocrx_word' id='word_1_289' title='bbox 1077 2357 1271 2418; x_wconf 75' lang='grc' dir='ltr'>κτείνει</span> <span class='ocrx_word' id='word_1_290' title='bbox 1337 2360 1531 2413; x_wconf 75' lang='grc' dir='ltr'>τοῦτον</span> <span class='ocrx_word' id='word_1_291' title='bbox 1594 2357 1727 2432; x_wconf 56' lang='grc' dir='ltr'>ὑπὲρ</span> <span class='ocrx_word' id='word_1_292' title='bbox 1784 2352 1981 2410; x_wconf 78' lang='grc' dir='ltr'>ἐλπίδα</span> 
     </span>
    </p>
   </div>
   <div class='ocr_carea' id='block_1_42' title="bbox 323 2441 1979 2527">
    <p class='ocr_par' dir='ltr' id='par_1_42' title="bbox 323 2441 1979 2527">
     <span class='ocr_line' id='line_1_43' title="bbox 323 2441 1979 2527; baseline -0.002 -21"><span class='ocrx_word' id='word_1_293' title='bbox 323 2455 500 2507; x_wconf 72' lang='grc' dir='ltr'>πᾶσαν</span> <span class='ocrx_word' id='word_1_294' title='bbox 561 2451 588 2504; x_wconf 89' lang='lat'>6</span> <span class='ocrx_word' id='word_1_295' title='bbox 641 2445 962 2527; x_wconf 70' lang='grc' dir='ltr'>Ἀχιλλεύς,</span> <span class='ocrx_word' id='word_1_296' title='bbox 1026 2447 1316 2505; x_wconf 77' lang='grc' dir='ltr'>Κάντεῦθεν</span> <span class='ocrx_word' id='word_1_297' title='bbox 1383 2441 1668 2523; x_wconf 70' lang='grc' dir='ltr'>βαρεάρων</span> <span class='ocrx_word' id='word_1_298' title='bbox 1720 2446 1812 2520; x_wconf 70' lang='grc' dir='ltr'>μέν</span> <span class='ocrx_word' id='word_1_299' title='bbox 1846 2447 1979 2502; x_wconf 79' lang='grc' dir='ltr'>κατὰ</span> 
     </span>
    </p>
   </div>
   <div class='ocr_carea' id='block_1_43' title="bbox 315 2533 1979 2619">
    <p class='ocr_par' dir='ltr' id='par_1_43' title="bbox 315 2533 1979 2619">
     <span class='ocr_line' id='line_1_44' title="bbox 315 2533 1979 2619; baseline -0.003 -24"><span class='ocrx_word' id='word_1_300' title='bbox 315 2541 522 2616; x_wconf 68' lang='grc' dir='ltr'>κράτος</span> <span class='ocrx_word' id='word_1_301' title='bbox 577 2541 725 2619; x_wconf 67' lang='grc' dir='ltr'>φυγὴ</span> <span class='ocrx_word' id='word_1_302' title='bbox 764 2538 856 2593; x_wconf 81' lang='grc' dir='ltr'>καὶ</span> <span class='ocrx_word' id='word_1_303' title='bbox 915 2539 1078 2615; x_wconf 63' lang='grc' dir='ltr'>φόνος</span> <span class='ocrx_word' id='word_1_304' title='bbox 1131 2538 1222 2592; x_wconf 78' lang='grc' dir='ltr'>καὶ</span> <span class='ocrx_word' id='word_1_305' title='bbox 1285 2536 1531 2611; x_wconf 71' lang='grc' dir='ltr'>οἰμωγὴ,</span> <span class='ocrx_word' id='word_1_306' title='bbox 1589 2534 1874 2605; x_wconf 61' lang='grc' dir='ltr'>Ἑλλήνων</span> <span class='ocrx_word' id='word_1_307' title='bbox 1923 2533 1979 2590; x_wconf 70' lang='grc' dir='ltr'>δὲ</span> 
     </span>
    </p>
   </div>
   <div class='ocr_carea' id='block_1_44' title="bbox 314 2623 1978 2705">
    <p class='ocr_par' dir='ltr' id='par_1_44' title="bbox 314 2623 1978 2705">
     <span class='ocr_line' id='line_1_45' title="bbox 314 2623 1978 2705; baseline -0.029 6"><span class='ocrx_word' id='word_1_308' title='bbox 314 2629 656 2705; x_wconf 80' lang='grc' dir='ltr'>ἀλαλαγμὸς</span> <span class='ocrx_word' id='word_1_309' title='bbox 686 2629 776 2682; x_wconf 71' lang='grc' dir='ltr'>καὶ</span> <span class='ocrx_word' id='word_1_310' title='bbox 806 2627 929 2701; x_wconf 81' lang='grc' dir='ltr'>νίκη</span> <span class='ocrx_word' id='word_1_311' title='bbox 990 2627 1399 2704; x_wconf 59' lang='grc' dir='ltr'>ἀναμῳῆριστος</span> <span class='ocrx_word' id='word_1_312' title='bbox 1457 2626 1547 2679; x_wconf 74' lang='grc' dir='ltr'>καὶ</span> <span class='ocrx_word' id='word_1_313' title='bbox 1606 2623 1857 2699; x_wconf 54' lang='grc' dir='ltr'>λαμπρὰ,</span> <span class='ocrx_word' id='word_1_314' title='bbox 1889 2624 1978 2679; x_wconf 65' lang='grc' dir='ltr'>ὅτε</span> 
     </span>
    </p>
   </div>
   <div class='ocr_carea' id='block_1_45' title="bbox 316 2712 1976 2791">
    <p class='ocr_par' dir='ltr' id='par_1_45' title="bbox 316 2712 1976 2791">
     <span class='ocr_line' id='line_1_46' title="bbox 316 2712 1976 2791; baseline -0.004 -18"><span class='ocrx_word' id='word_1_315' title='bbox 316 2719 410 2773; x_wconf 63' lang='grc' dir='ltr'>οιαὶ</span> <span class='ocrx_word' id='word_1_316' title='bbox 443 2714 781 2791; x_wconf 62' lang='grc' dir='ltr'>Πολυδάμας</span> <span class='ocrx_word' id='word_1_317' title='bbox 814 2717 841 2772; x_wconf 89' lang='lat'>6</span> <span class='ocrx_word' id='word_1_318' title='bbox 872 2720 977 2772; x_wconf 85' lang='grc' dir='ltr'>τῶν</span> <span class='ocrx_word' id='word_1_319' title='bbox 1012 2716 1280 2770; x_wconf 75' lang='grc' dir='ltr'>Φοινίκων</span> <span class='ocrx_word' id='word_1_320' title='bbox 1303 2712 1688 2787; x_wconf 55' lang='grc' dir='ltr'>ἀλκιμώτατος</span> <span class='ocrx_word' id='word_1_321' title='bbox 1723 2712 1976 2789; x_wconf 79' lang='grc' dir='ltr'>βασιλεὺς</span> 
     </span>
    </p>
   </div>
   <div class='ocr_carea' id='block_1_46' title="bbox 314 2798 1975 2882">
    <p class='ocr_par' dir='ltr' id='par_1_46' title="bbox 314 2798 1975 2882">
     <span class='ocr_line' id='line_1_47' title="bbox 314 2798 1975 2882; baseline -0.002 -19"><span class='ocrx_word' id='word_1_322' title='bbox 314 2812 399 2879; x_wconf 79' lang='grc' dir='ltr'>τῷ</span> <span class='ocrx_word' id='word_1_323' title='bbox 460 2805 698 2869; x_wconf 66' lang='grc' dir='ltr'>Αἴαντος</span> <span class='ocrx_word' id='word_1_324' title='bbox 751 2802 937 2882; x_wconf 78' lang='grc' dir='ltr'>δόρατι</span> <span class='ocrx_word' id='word_1_325' title='bbox 996 2804 1086 2861; x_wconf 82' lang='grc' dir='ltr'>τὸν</span> <span class='ocrx_word' id='word_1_326' title='bbox 1142 2798 1396 2879; x_wconf 79' lang='grc' dir='ltr'>βαυϐῶνα</span> <span class='ocrx_word' id='word_1_327' title='bbox 1447 2801 1719 2872; x_wconf 49' lang='lat' dir='ltr'>“mea;</span> <span class='ocrx_word' id='word_1_328' title='bbox 1766 2800 1975 2859; x_wconf 78' lang='grc' dir='ltr'>πίπτει.</span> 
     </span>
    </p>
   </div>
   <div class='ocr_carea' id='block_1_47' title="bbox 314 2890 1979 2971">
    <p class='ocr_par' dir='ltr' id='par_1_47' title="bbox 314 2890 1979 2971">
     <span class='ocr_line' id='line_1_48' title="bbox 314 2890 1979 2971; baseline -0.003 -20"><span class='ocrx_word' id='word_1_329' title='bbox 314 2897 604 2956; x_wconf 72' lang='grc' dir='ltr'>Αῖθεότ.ων</span> <span class='ocrx_word' id='word_1_330' title='bbox 661 2918 721 2952; x_wconf 88' lang='grc' dir='ltr'>τε</span> <span class='ocrx_word' id='word_1_331' title='bbox 774 2895 866 2950; x_wconf 73' lang='grc' dir='ltr'>καὶ</span> <span class='ocrx_word' id='word_1_332' title='bbox 944 2890 1232 2971; x_wconf 73' lang='grc' dir='ltr'>βαρϐάρων</span> <span class='ocrx_word' id='word_1_333' title='bbox 1311 2892 1591 2967; x_wconf 72' lang='grc' dir='ltr'>ἀμύθητος</span> <span class='ocrx_word' id='word_1_334' title='bbox 1649 2892 1813 2966; x_wconf 78' lang='grc' dir='ltr'>ἐσμὸς</span> <span class='ocrx_word' id='word_1_335' title='bbox 1867 2891 1979 2947; x_wconf 81' lang='grc' dir='ltr'>ἐκεῖ</span> 
     </span>
    </p>
   </div>
   <div class='ocr_carea' id='block_1_48' title="bbox 316 2980 1973 3057">
    <p class='ocr_par' dir='ltr' id='par_1_48' title="bbox 316 2980 1973 3057">
     <span class='ocr_line' id='line_1_49' title="bbox 316 2980 1973 3057; baseline -0.004 -17"><span class='ocrx_word' id='word_1_336' title='bbox 316 2988 566 3057; x_wconf 72' lang='grc' dir='ltr'>θνήσκει,</span> <span class='ocrx_word' id='word_1_337' title='bbox 595 2986 673 3050; x_wconf 81' lang='grc' dir='ltr'>ὡς</span> <span class='ocrx_word' id='word_1_338' title='bbox 700 2984 1010 3057; x_wconf 66' lang='grc' dir='ltr'>πλησθῆναι</span> <span class='ocrx_word' id='word_1_339' title='bbox 1066 2985 1131 3039; x_wconf 80' lang='grc' dir='ltr'>τὸ</span> <span class='ocrx_word' id='word_1_340' title='bbox 1191 2980 1422 3038; x_wconf 69' lang='grc' dir='ltr'>δάπεδον</span> <span class='ocrx_word' id='word_1_341' title='bbox 1473 2985 1698 3054; x_wconf 79' lang='grc' dir='ltr'>νεκρῶν,</span> <span class='ocrx_word' id='word_1_342' title='bbox 1733 2980 1837 3036; x_wconf 76' lang='grc' dir='ltr'>ὑπὸ</span> <span class='ocrx_word' id='word_1_343' title='bbox 1868 2985 1973 3035; x_wconf 88' lang='grc' dir='ltr'>τῶν</span> 
     </span>
    </p>
   </div>
   <div class='ocr_carea' id='block_1_49' title="bbox 314 3070 1974 3147">
    <p class='ocr_par' dir='ltr' id='par_1_49' title="bbox 314 3070 1974 3147">
     <span class='ocr_line' id='line_1_50' title="bbox 314 3070 1974 3147; baseline -0.003 -18"><span class='ocrx_word' id='word_1_344' title='bbox 314 3075 529 3131; x_wconf 73' lang='grc' dir='ltr'>ἱππέων</span> <span class='ocrx_word' id='word_1_345' title='bbox 565 3072 757 3139; x_wconf 79' lang='grc' dir='ltr'>δεινῶς</span> <span class='ocrx_word' id='word_1_346' title='bbox 802 3078 912 3129; x_wconf 88' lang='grc' dir='ltr'>τῶν</span> <span class='ocrx_word' id='word_1_347' title='bbox 963 3077 1138 3143; x_wconf 82' lang='grc' dir='ltr'>πεζῶν</span> <span class='ocrx_word' id='word_1_348' title='bbox 1190 3070 1658 3147; x_wconf 67' lang='grc' dir='ltr'>συμπατουμένων</span> <span class='ocrx_word' id='word_1_349' title='bbox 1706 3072 1795 3126; x_wconf 74' lang='grc' dir='ltr'>καὶ</span> <span class='ocrx_word' id='word_1_350' title='bbox 1826 3070 1974 3125; x_wconf 67' lang='grc' dir='ltr'>ἀναιυ</span> 
     </span>
    </p>
   </div>
   <div class='ocr_carea' id='block_1_50' title="bbox 323 3157 2048 3254">
    <p class='ocr_par' dir='ltr' id='par_1_50' title="bbox 323 3157 2048 3254">
     <span class='ocr_line' id='line_1_51' title="bbox 323 3157 2048 3254; baseline -0.003 -36"><span class='ocrx_word' id='word_1_351' title='bbox 323 3164 622 3238; x_wconf 80' lang='grc' dir='ltr'>ρουμένων.</span> <span class='ocrx_word' id='word_1_352' title='bbox 694 3163 846 3219; x_wconf 84' lang='grc' dir='ltr'>Μετᾶ</span> <span class='ocrx_word' id='word_1_353' title='bbox 902 3167 1068 3217; x_wconf 75' lang='grc' dir='ltr'>ταῦτα</span> <span class='ocrx_word' id='word_1_354' title='bbox 1122 3162 1248 3224; x_wconf 75' lang='grc' dir='ltr'>τοὺς</span> <span class='ocrx_word' id='word_1_355' title='bbox 1304 3163 1505 3254; x_wconf 72' lang='grc' dir='ltr'>Τρῶας</span> <span class='ocrx_word' id='word_1_356' title='bbox 1553 3157 1869 3235; x_wconf 78' lang='grc' dir='ltr'>Ἀχιλλέως</span> <span class='ocrx_word' id='word_1_357' title='bbox 1899 3158 2048 3254; x_wconf 66' lang='grc' dir='ltr'>εἰςϐ</span> 
     </span>
    </p>
   </div>
   <div class='ocr_carea' id='block_1_51' title="bbox 331 3248 1976 3327">
    <p class='ocr_par' dir='ltr' id='par_1_51' title="bbox 331 3248 1976 3327">
     <span class='ocr_line' id='line_1_52' title="bbox 331 3248 1976 3327; baseline -0.002 -21"><span class='ocrx_word' id='word_1_358' title='bbox 331 3252 571 3323; x_wconf 76' lang='grc' dir='ltr'>πόλεμον</span> <span class='ocrx_word' id='word_1_359' title='bbox 598 3250 1111 3326; x_wconf 71' lang='grc' dir='ltr'>προσκαλουμένου,</span> <span class='ocrx_word' id='word_1_360' title='bbox 1171 3250 1433 3327; x_wconf 75' lang='grc' dir='ltr'>ἄρχοντες</span> <span class='ocrx_word' id='word_1_361' title='bbox 1488 3248 1716 3319; x_wconf 72' lang='grc' dir='ltr'>ἐξῆλθον</span> <span class='ocrx_word' id='word_1_362' title='bbox 1749 3250 1777 3303; x_wconf 97' lang='lat'>6</span> <span class='ocrx_word' id='word_1_363' title='bbox 1811 3250 1976 3323; x_wconf 83' lang='grc' dir='ltr'>Πάρις</span> 
     </span>
    </p>
   </div>
   <div class='ocr_carea' id='block_1_52' title="bbox 340 3336 1977 3418">
    <p class='ocr_par' dir='ltr' id='par_1_52' title="bbox 340 3336 1977 3418">
     <span class='ocr_line' id='line_1_53' title="bbox 340 3336 1977 3418; baseline -0.002 -24"><span class='ocrx_word' id='word_1_364' title='bbox 340 3338 432 3394; x_wconf 72' lang='grc' dir='ltr'>καὶ</span> <span class='ocrx_word' id='word_1_365' title='bbox 465 3336 721 3417; x_wconf 40' lang='lat' dir='ltr'>Aula-.060:</span> <span class='ocrx_word' id='word_1_366' title='bbox 774 3339 886 3395; x_wconf 78' lang='grc' dir='ltr'>υἱοῖ</span> <span class='ocrx_word' id='word_1_367' title='bbox 948 3339 1216 3418; x_wconf 80' lang='grc' dir='ltr'>Πριάμου,</span> <span class='ocrx_word' id='word_1_368' title='bbox 1271 3339 1361 3394; x_wconf 82' lang='grc' dir='ltr'>καὶ</span> <span class='ocrx_word' id='word_1_369' title='bbox 1420 3339 1471 3392; x_wconf 73' lang='grc' dir='ltr'>οἱ</span> <span class='ocrx_word' id='word_1_370' title='bbox 1526 3337 1751 3418; x_wconf 72' lang='grc' dir='ltr'>ἀδελφοὶ</span> <span class='ocrx_word' id='word_1_371' title='bbox 1783 3337 1977 3393; x_wconf 80' lang='grc' dir='ltr'>τούτου</span> 
     </span>
    </p>
   </div>
   <div class='ocr_carea' id='block_1_53' title="bbox 349 3428 1975 3504">
    <p class='ocr_par' dir='ltr' id='par_1_53' title="bbox 349 3428 1975 3504">
     <span class='ocr_line' id='line_1_54' title="bbox 349 3428 1975 3504; baseline -0.004 -16"><span class='ocrx_word' id='word_1_372' title='bbox 349 3430 585 3504; x_wconf 69' lang='grc' dir='ltr'>Τρωΐλος</span> <span class='ocrx_word' id='word_1_373' title='bbox 637 3432 729 3487; x_wconf 70' lang='grc' dir='ltr'>καὶ</span> <span class='ocrx_word' id='word_1_374' title='bbox 788 3432 1038 3500; x_wconf 76' lang='grc' dir='ltr'>Λυκάων,</span> <span class='ocrx_word' id='word_1_375' title='bbox 1119 3430 1214 3486; x_wconf 79' lang='grc' dir='ltr'>σὺν</span> <span class='ocrx_word' id='word_1_376' title='bbox 1269 3435 1349 3503; x_wconf 82' lang='grc' dir='ltr'>τῷ</span> <span class='ocrx_word' id='word_1_377' title='bbox 1406 3429 1588 3502; x_wconf 78' lang='grc' dir='ltr'>λοιπῷ</span> <span class='ocrx_word' id='word_1_378' title='bbox 1653 3428 1813 3485; x_wconf 79' lang='grc' dir='ltr'>πάντῖ</span> <span class='ocrx_word' id='word_1_379' title='bbox 1869 3432 1975 3484; x_wconf 89' lang='grc' dir='ltr'>τῶν</span> 
     </span>
    </p>
   </div>
   <div class='ocr_carea' id='block_1_54' title="bbox 336 3526 1976 3606">
    <p class='ocr_par' dir='ltr' id='par_1_54' title="bbox 336 3526 1976 3606">
     <span class='ocr_line' id='line_1_55' title="bbox 336 3526 1976 3606; baseline -0.002 -22"><span class='ocrx_word' id='word_1_380' title='bbox 336 3529 537 3603; x_wconf 81' lang='grc' dir='ltr'>Τρώων</span> <span class='ocrx_word' id='word_1_381' title='bbox 596 3533 830 3604; x_wconf 78' lang='grc' dir='ltr'>στρατῷ·</span> <span class='ocrx_word' id='word_1_382' title='bbox 903 3530 995 3592; x_wconf 71' lang='grc' dir='ltr'>οὕς</span> <span class='ocrx_word' id='word_1_383' title='bbox 1052 3526 1354 3606; x_wconf 78' lang='grc' dir='ltr'>Ἀχιλλεὺς</span> <span class='ocrx_word' id='word_1_384' title='bbox 1415 3528 1549 3602; x_wconf 85' lang='grc' dir='ltr'>μετά</span> <span class='ocrx_word' id='word_1_385' title='bbox 1585 3531 1692 3583; x_wconf 87' lang='grc' dir='ltr'>τῶν</span> <span class='ocrx_word' id='word_1_386' title='bbox 1724 3548 1976 3582; x_wconf 82' lang='grc' dir='ltr'>συνασπι-</span> 
     </span>
    </p>
   </div>
   <div class='ocr_carea' id='block_1_55' title="bbox 325 3616 1978 3695">
    <p class='ocr_par' dir='ltr' id='par_1_55' title="bbox 325 3616 1978 3695">
     <span class='ocr_line' id='line_1_56' title="bbox 325 3616 1978 3695; baseline -0.001 -21"><span class='ocrx_word' id='word_1_387' title='bbox 325 3616 568 3689; x_wconf 79' lang='grc' dir='ltr'>ζομένων</span> <span class='ocrx_word' id='word_1_388' title='bbox 621 3618 774 3690; x_wconf 80' lang='grc' dir='ltr'>αὖτῷ</span> <span class='ocrx_word' id='word_1_389' title='bbox 833 3619 1069 3695; x_wconf 78' lang='grc' dir='ltr'>Ἀχαιῶν</span> <span class='ocrx_word' id='word_1_390' title='bbox 1129 3617 1462 3692; x_wconf 74' lang='grc' dir='ltr'>καταδιώξας</span> <span class='ocrx_word' id='word_1_391' title='bbox 1492 3616 1618 3679; x_wconf 79' lang='grc' dir='ltr'>τοὺς</span> <span class='ocrx_word' id='word_1_392' title='bbox 1654 3617 1747 3693; x_wconf 78' lang='grc' dir='ltr'>μὶν</span> <span class='ocrx_word' id='word_1_393' title='bbox 1780 3621 1978 3687; x_wconf 81' lang='grc' dir='ltr'>ζῶντας</span> 
     </span>
    </p>
   </div>
   <div class='ocr_carea' id='block_1_56' title="bbox 320 3705 1979 3786">
    <p class='ocr_par' dir='ltr' id='par_1_56' title="bbox 320 3705 1979 3786">
     <span class='ocr_line' id='line_1_57' title="bbox 320 3705 1979 3786; baseline -0.002 -22"><span class='ocrx_word' id='word_1_394' title='bbox 320 3706 459 3775; x_wconf 64' lang='grc' dir='ltr'>εἷλε,</span> <span class='ocrx_word' id='word_1_395' title='bbox 504 3707 634 3770; x_wconf 65' lang='grc' dir='ltr'>τοὺς</span> <span class='ocrx_word' id='word_1_396' title='bbox 689 3705 747 3763; x_wconf 70' lang='grc' dir='ltr'>δὲ</span> <span class='ocrx_word' id='word_1_397' title='bbox 800 3708 875 3771; x_wconf 76' lang='grc' dir='ltr'>εἷς</span> <span class='ocrx_word' id='word_1_398' title='bbox 928 3711 1017 3786; x_wconf 80' lang='grc' dir='ltr'>τὸν</span> <span class='ocrx_word' id='word_1_399' title='bbox 1076 3708 1427 3785; x_wconf 71' lang='grc' dir='ltr'>Σκάμανδρον</span> <span class='ocrx_word' id='word_1_400' title='bbox 1489 3708 1735 3786; x_wconf 83' lang='grc' dir='ltr'>ποταμὸν</span> <span class='ocrx_word' id='word_1_401' title='bbox 1797 3708 1979 3763; x_wconf 72' lang='grc' dir='ltr'>ἐναπέο</span> 
     </span>
    </p>
   </div>
   <div class='ocr_carea' id='block_1_57' title="bbox 315 3793 1980 3870">
    <p class='ocr_par' dir='ltr' id='par_1_57' title="bbox 315 3793 1980 3870">
     <span class='ocr_line' id='line_1_58' title="bbox 315 3793 1980 3870; baseline 0 -19"><span class='ocrx_word' id='word_1_402' title='bbox 315 3798 496 3868; x_wconf 78' lang='grc' dir='ltr'>πνιξε,</span> <span class='ocrx_word' id='word_1_403' title='bbox 531 3796 784 3870; x_wconf 75' lang='grc' dir='ltr'>Τρωίλον</span> <span class='ocrx_word' id='word_1_404' title='bbox 844 3793 901 3855; x_wconf 75' lang='grc' dir='ltr'>δὲ</span> <span class='ocrx_word' id='word_1_405' title='bbox 953 3797 1042 3851; x_wconf 78' lang='grc' dir='ltr'>καὶ</span> <span class='ocrx_word' id='word_1_406' title='bbox 1103 3800 1351 3855; x_wconf 74' lang='grc' dir='ltr'>Λυκάονα</span> <span class='ocrx_word' id='word_1_407' title='bbox 1403 3798 1602 3856; x_wconf 80' lang='grc' dir='ltr'>ἀνεῖλε,</span> <span class='ocrx_word' id='word_1_408' title='bbox 1638 3796 1788 3855; x_wconf 80' lang='grc' dir='ltr'>Μετᾶ</span> <span class='ocrx_word' id='word_1_409' title='bbox 1814 3801 1980 3852; x_wconf 74' lang='grc' dir='ltr'>ταῦτα</span> 
     </span>
    </p>
   </div>
   <div class='ocr_carea' id='block_1_58' title="bbox 313 3885 1982 3965">
    <p class='ocr_par' dir='ltr' id='par_1_58' title="bbox 313 3885 1982 3965">
     <span class='ocr_line' id='line_1_59' title="bbox 313 3885 1982 3965; baseline 0.001 -25"><span class='ocrx_word' id='word_1_410' title='bbox 313 3885 515 3959; x_wconf 71' lang='grc' dir='ltr'>ἀνέστη</span> <span class='ocrx_word' id='word_1_411' title='bbox 576 3888 612 3955; x_wconf 75' lang='grc' dir='ltr'>ἡ</span> <span class='ocrx_word' id='word_1_412' title='bbox 674 3890 781 3942; x_wconf 89' lang='grc' dir='ltr'>τῶν</span> <span class='ocrx_word' id='word_1_413' title='bbox 836 3886 1196 3961; x_wconf 75' lang='grc' dir='ltr'>ἀναθημάτων</span> <span class='ocrx_word' id='word_1_414' title='bbox 1256 3886 1442 3963; x_wconf 75' lang='grc' dir='ltr'>ἐορτὴ,</span> <span class='ocrx_word' id='word_1_415' title='bbox 1493 3887 1700 3963; x_wconf 68' lang='grc' dir='ltr'>ἀνοχὴν</span> <span class='ocrx_word' id='word_1_416' title='bbox 1749 3885 1982 3965; x_wconf 76' lang='grc' dir='ltr'>φέρουσα</span> 
     </span>
    </p>
   </div>
   <div class='ocr_carea' id='block_1_59' title="bbox 312 3971 1979 4053">
    <p class='ocr_par' dir='ltr' id='par_1_59' title="bbox 312 3971 1979 4053">
     <span class='ocr_line' id='line_1_60' title="bbox 312 3971 1979 4053; baseline 0.002 -23"><span class='ocrx_word' id='word_1_417' title='bbox 312 3973 603 4047; x_wconf 82' lang='grc' dir='ltr'>πολέμου,</span> <span class='ocrx_word' id='word_1_418' title='bbox 639 3972 729 4029; x_wconf 77' lang='grc' dir='ltr'>ὅτε</span> <span class='ocrx_word' id='word_1_419' title='bbox 758 3971 825 4044; x_wconf 78' lang='grc' dir='ltr'>δὴ</span> <span class='ocrx_word' id='word_1_420' title='bbox 858 3976 1071 4031; x_wconf 72' lang='grc' dir='ltr'>πάντων</span> <span class='ocrx_word' id='word_1_421' title='bbox 1123 3974 1174 4029; x_wconf 82' lang='grc' dir='ltr'>ἐν</span> <span class='ocrx_word' id='word_1_422' title='bbox 1229 3975 1417 4051; x_wconf 69' lang='grc' dir='ltr'>εἰρήνῃ</span> <span class='ocrx_word' id='word_1_423' title='bbox 1453 3977 1689 4033; x_wconf 77' lang='grc' dir='ltr'>θυόντων</span> <span class='ocrx_word' id='word_1_424' title='bbox 1722 3979 1799 4047; x_wconf 74' lang='grc' dir='ltr'>τῷ</span> <span class='ocrx_word' id='word_1_425' title='bbox 1832 3983 1979 4053; x_wconf 76' lang='grc' dir='ltr'>Θυμ-</span> 
     </span>
    </p>
   </div>
   <div class='ocr_carea' id='block_1_60' title="bbox 309 4059 1981 4149">
    <p class='ocr_par' dir='ltr' id='par_1_60' title="bbox 309 4059 1981 4149">
     <span class='ocr_line' id='line_1_61' title="bbox 309 4059 1981 4149; baseline 0.002 -31"><span class='ocrx_word' id='word_1_426' title='bbox 309 4059 499 4142; x_wconf 72' lang='grc' dir='ltr'>ϐραέῳ</span> <span class='ocrx_word' id='word_1_427' title='bbox 528 4061 879 4136; x_wconf 80' lang='grc' dir='ltr'>Ἀπόλλωνι,</span> <span class='ocrx_word' id='word_1_428' title='bbox 936 4071 1151 4121; x_wconf 81' lang='grc' dir='ltr'>Δαναῶν</span> <span class='ocrx_word' id='word_1_429' title='bbox 1202 4067 1291 4121; x_wconf 79' lang='grc' dir='ltr'>καὶ</span> <span class='ocrx_word' id='word_1_430' title='bbox 1349 4068 1569 4149; x_wconf 80' lang='grc' dir='ltr'>Τρώων,</span> <span class='ocrx_word' id='word_1_431' title='bbox 1631 4066 1684 4125; x_wconf 79' lang='grc' dir='ltr'>ἐν</span> <span class='ocrx_word' id='word_1_432' title='bbox 1743 4070 1822 4140; x_wconf 81' lang='grc' dir='ltr'>τῷ</span> <span class='ocrx_word' id='word_1_433' title='bbox 1878 4066 1981 4123; x_wconf 71' lang='grc' dir='ltr'>ἀπὸ</span> 
     </span>
    </p>
   </div>
   <div class='ocr_carea' id='block_1_61' title="bbox 312 4152 1985 4231">
    <p class='ocr_par' dir='ltr' id='par_1_61' title="bbox 312 4152 1985 4231">
     <span class='ocr_line' id='line_1_62' title="bbox 312 4152 1985 4231; baseline 0.002 -23"><span class='ocrx_word' id='word_1_434' title='bbox 312 4157 526 4231; x_wconf 67' lang='grc' dir='ltr'>μικροὖ</span> <span class='ocrx_word' id='word_1_435' title='bbox 583 4159 680 4223; x_wconf 74' lang='grc' dir='ltr'>τῆς</span> <span class='ocrx_word' id='word_1_436' title='bbox 740 4152 957 4219; x_wconf 71' lang='grc' dir='ltr'>πόλεως</span> <span class='ocrx_word' id='word_1_437' title='bbox 1028 4153 1204 4224; x_wconf 77' lang='grc' dir='ltr'>ἃλσει,</span> <span class='ocrx_word' id='word_1_438' title='bbox 1289 4153 1612 4229; x_wconf 72' lang='grc' dir='ltr'>ἐξελθούσης</span> <span class='ocrx_word' id='word_1_439' title='bbox 1671 4156 1985 4230; x_wconf 78' lang='grc' dir='ltr'>Πολυξένης</span> 
     </span>
    </p>
   </div>
   <div class='ocr_carea' id='block_1_62' title="bbox 311 4238 1982 4324">
    <p class='ocr_par' dir='ltr' id='par_1_62' title="bbox 311 4238 1982 4324">
     <span class='ocr_line' id='line_1_63' title="bbox 311 4238 1982 4324; baseline 0.004 -29"><span class='ocrx_word' id='word_1_440' title='bbox 311 4242 458 4317; x_wconf 79' lang='grc' dir='ltr'>μετὰ</span> <span class='ocrx_word' id='word_1_441' title='bbox 486 4244 589 4308; x_wconf 76' lang='grc' dir='ltr'>τῆς</span> <span class='ocrx_word' id='word_1_442' title='bbox 614 4247 722 4315; x_wconf 76' lang='grc' dir='ltr'>μῆς</span> <span class='ocrx_word' id='word_1_443' title='bbox 753 4244 962 4320; x_wconf 78' lang='grc' dir='ltr'>μητρὸς</span> <span class='ocrx_word' id='word_1_444' title='bbox 985 4238 1225 4316; x_wconf 66' lang='grc' dir='ltr'>Ἑκάϐης</span> <span class='ocrx_word' id='word_1_445' title='bbox 1257 4244 1334 4307; x_wconf 68' lang='grc' dir='ltr'>εἷς</span> <span class='ocrx_word' id='word_1_446' title='bbox 1364 4245 1427 4300; x_wconf 85' lang='grc' dir='ltr'>τὸ</span> <span class='ocrx_word' id='word_1_447' title='bbox 1458 4246 1599 4319; x_wconf 76' lang='grc' dir='ltr'>ἱερὸν</span> <span class='ocrx_word' id='word_1_448' title='bbox 1630 4246 1658 4301; x_wconf 93' lang='lat'>6</span> <span class='ocrx_word' id='word_1_449' title='bbox 1688 4246 1982 4324; x_wconf 60' lang='grc' dir='ltr'>Ἀχιλλεὺς</span> 
     </span>
    </p>
   </div>
   <div class='ocr_carea' id='block_1_63' title="bbox 308 4329 1983 4412">
    <p class='ocr_par' dir='ltr' id='par_1_63' title="bbox 308 4329 1983 4412">
     <span class='ocr_line' id='line_1_64' title="bbox 308 4329 1983 4412; baseline 0.002 -26"><span class='ocrx_word' id='word_1_450' title='bbox 308 4330 527 4404; x_wconf 64' lang='grc' dir='ltr'>ταότην</span> <span class='ocrx_word' id='word_1_451' title='bbox 561 4329 859 4405; x_wconf 70' lang='grc' dir='ltr'>ἐθαύμασεν</span> <span class='ocrx_word' id='word_1_452' title='bbox 915 4330 1068 4389; x_wconf 81' lang='grc' dir='ltr'>ἰδών.</span> <span class='ocrx_word' id='word_1_453' title='bbox 1130 4334 1421 4410; x_wconf 76' lang='grc' dir='ltr'>Ἑωρακὼς</span> <span class='ocrx_word' id='word_1_454' title='bbox 1478 4332 1534 4389; x_wconf 76' lang='grc' dir='ltr'>δὲ</span> <span class='ocrx_word' id='word_1_455' title='bbox 1561 4335 1587 4389; x_wconf 82' lang='grc' dir='ltr'>ὁ</span> <span class='ocrx_word' id='word_1_456' title='bbox 1622 4334 1865 4412; x_wconf 77' lang='grc' dir='ltr'>Πρίαμος</span> <span class='ocrx_word' id='word_1_457' title='bbox 1893 4336 1983 4390; x_wconf 89' lang='grc' dir='ltr'>τὸν</span> 
     </span>
    </p>
   </div>
   <div class='ocr_carea' id='block_1_64' title="bbox 320 4418 1982 4503">
    <p class='ocr_par' dir='ltr' id='par_1_64' title="bbox 320 4418 1982 4503">
     <span class='ocr_line' id='line_1_65' title="bbox 320 4418 1982 4503; baseline 0.001 -26"><span class='ocrx_word' id='word_1_458' title='bbox 320 4418 630 4498; x_wconf 83' lang='grc' dir='ltr'>Ἀχιλλέα,</span> <span class='ocrx_word' id='word_1_459' title='bbox 681 4423 887 4497; x_wconf 85' lang='grc' dir='ltr'>πέμπει</span> <span class='ocrx_word' id='word_1_460' title='bbox 941 4423 1033 4477; x_wconf 85' lang='grc' dir='ltr'>τὸν</span> <span class='ocrx_word' id='word_1_461' title='bbox 1094 4420 1291 4479; x_wconf 75' lang='grc' dir='ltr'>Ἰδαῖον</span> <span class='ocrx_word' id='word_1_462' title='bbox 1349 4424 1486 4503; x_wconf 86' lang='grc' dir='ltr'>πρὸς</span> <span class='ocrx_word' id='word_1_463' title='bbox 1541 4423 1701 4480; x_wconf 82' lang='grc' dir='ltr'>αὐτὸν</span> <span class='ocrx_word' id='word_1_464' title='bbox 1747 4423 1798 4479; x_wconf 78' lang='grc' dir='ltr'>ἐν</span> <span class='ocrx_word' id='word_1_465' title='bbox 1829 4423 1982 4480; x_wconf 75' lang='grc' dir='ltr'>ἄλσει</span> 
     </span>
    </p>
   </div>
   <div class='ocr_carea' id='block_1_65' title="bbox 327 4507 1984 4590">
    <p class='ocr_par' dir='ltr' id='par_1_65' title="bbox 327 4507 1984 4590">
     <span class='ocr_line' id='line_1_66' title="bbox 327 4507 1984 4590; baseline 0.018 -47"><span class='ocrx_word' id='word_1_466' title='bbox 327 4509 563 4588; x_wconf 58' lang='grc' dir='ltr'>φέροντα</span> <span class='ocrx_word' id='word_1_467' title='bbox 592 4507 795 4590; x_wconf 70' lang='grc' dir='ltr'>λόγους</span> <span class='ocrx_word' id='word_1_468' title='bbox 851 4510 973 4584; x_wconf 76' lang='grc' dir='ltr'>περέ</span> <span class='ocrx_word' id='word_1_469' title='bbox 1031 4508 1359 4585; x_wconf 74' lang='grc' dir='ltr'>Πολυξένης.</span> <span class='ocrx_word' id='word_1_470' title='bbox 1417 4515 1620 4571; x_wconf 73' lang='grc' dir='ltr'>Τοῦτον</span> <span class='ocrx_word' id='word_1_471' title='bbox 1668 4511 1984 4585; x_wconf 79' lang='grc' dir='ltr'>ἰδιαζόντως</span> 
     </span>
    </p>
   </div>
   <div class='ocr_carea' id='block_1_66' title="bbox 319 4597 1988 4679">
    <p class='ocr_par' dir='ltr' id='par_1_66' title="bbox 319 4597 1988 4679">
     <span class='ocr_line' id='line_1_67' title="bbox 319 4597 1988 4679; baseline 0.002 -25"><span class='ocrx_word' id='word_1_472' title='bbox 319 4597 633 4672; x_wconf 68' lang='grc' dir='ltr'>ὁμιλοῦντα</span> <span class='ocrx_word' id='word_1_473' title='bbox 688 4604 769 4671; x_wconf 79' lang='grc' dir='ltr'>τῷ</span> <span class='ocrx_word' id='word_1_474' title='bbox 829 4598 1094 4678; x_wconf 80' lang='grc' dir='ltr'>Ἀχιλλεῖ</span> <span class='ocrx_word' id='word_1_475' title='bbox 1148 4598 1255 4656; x_wconf 69' lang='grc' dir='ltr'>τῶι</span> <span class='ocrx_word' id='word_1_476' title='bbox 1317 4601 1600 4675; x_wconf 66' lang='grc' dir='ltr'>Ἑλλήνων</span> <span class='ocrx_word' id='word_1_477' title='bbox 1667 4602 1720 4656; x_wconf 75' lang='grc' dir='ltr'>οἱ</span> <span class='ocrx_word' id='word_1_478' title='bbox 1777 4605 1988 4679; x_wconf 74' lang='grc' dir='ltr'>ἄριστοι</span> 
     </span>
    </p>
   </div>
   <div class='ocr_carea' id='block_1_67' title="bbox 316 4683 1975 4766">
    <p class='ocr_par' dir='ltr' id='par_1_67' title="bbox 316 4683 1975 4766">
     <span class='ocr_line' id='line_1_68' title="bbox 316 4683 1975 4766; baseline 0.002 -24"><span class='ocrx_word' id='word_1_479' title='bbox 316 4686 556 4759; x_wconf 70' lang='grc' dir='ltr'>ἰδόντες,</span> <span class='ocrx_word' id='word_1_480' title='bbox 587 4686 679 4742; x_wconf 72' lang='grc' dir='ltr'>καὶ</span> <span class='ocrx_word' id='word_1_481' title='bbox 724 4683 1134 4765; x_wconf 73' lang='grc' dir='ltr'>θορυϐηθέντες,</span> <span class='ocrx_word' id='word_1_482' title='bbox 1176 4687 1377 4746; x_wconf 82' lang='grc' dir='ltr'>Αἷάντα</span> <span class='ocrx_word' id='word_1_483' title='bbox 1432 4691 1521 4747; x_wconf 81' lang='grc' dir='ltr'>καὶ</span> <span class='ocrx_word' id='word_1_484' title='bbox 1579 4687 1833 4766; x_wconf 68' lang='grc' dir='ltr'>Διομήδη</span> <span class='ocrx_word' id='word_1_485' title='bbox 1888 4691 1975 4747; x_wconf 83' lang='grc' dir='ltr'>καὶ</span> 
     </span>
    </p>
   </div>
   <div class='ocr_carea' id='block_1_68' title="bbox 317 4773 1982 4857">
    <p class='ocr_par' dir='ltr' id='par_1_68' title="bbox 317 4773 1982 4857">
     <span class='ocr_line' id='line_1_69' title="bbox 317 4773 1982 4857; baseline 0.003 -27"><span class='ocrx_word' id='word_1_486' title='bbox 317 4773 584 4831; x_wconf 82' lang='grc' dir='ltr'>Ὀδυσσέα</span> <span class='ocrx_word' id='word_1_487' title='bbox 609 4778 911 4852; x_wconf 76' lang='grc' dir='ltr'>πέμπουσι,</span> <span class='ocrx_word' id='word_1_488' title='bbox 959 4780 1035 4852; x_wconf 78' lang='grc' dir='ltr'>μή</span> <span class='ocrx_word' id='word_1_489' title='bbox 1088 4776 1389 4839; x_wconf 81' lang='grc' dir='ltr'>ἐπιδιδόναι</span> <span class='ocrx_word' id='word_1_490' title='bbox 1422 4785 1829 4857; x_wconf 76' lang='grc' dir='ltr'>παρεγγυῶντες</span> <span class='ocrx_word' id='word_1_491' title='bbox 1865 4787 1982 4849; x_wconf 84' lang='grc' dir='ltr'>τοῖς</span> 
     </span>
    </p>
   </div>
   <div class='ocr_carea' id='block_1_69' title="bbox 323 4858 1980 4945">
    <p class='ocr_par' dir='ltr' id='par_1_69' title="bbox 323 4858 1980 4945">
     <span class='ocr_line' id='line_1_70' title="bbox 323 4858 1980 4945; baseline 0.001 -24"><span class='ocrx_word' id='word_1_492' title='bbox 323 4858 656 4941; x_wconf 71' lang='grc' dir='ltr'>βαρϐάροις,</span> <span class='ocrx_word' id='word_1_493' title='bbox 693 4862 834 4940; x_wconf 77' lang='grc' dir='ltr'>μηδέ</span> <span class='ocrx_word' id='word_1_494' title='bbox 863 4866 1132 4927; x_wconf 69' lang='grc' dir='ltr'>πιστεύειν</span> <span class='ocrx_word' id='word_1_495' title='bbox 1190 4868 1377 4925; x_wconf 72' lang='grc' dir='ltr'>ἑαυτὸν</span> <span class='ocrx_word' id='word_1_496' title='bbox 1436 4873 1552 4932; x_wconf 88' lang='grc' dir='ltr'>τοῖς</span> <span class='ocrx_word' id='word_1_497' title='bbox 1602 4867 1844 4945; x_wconf 78' lang='grc' dir='ltr'>ἐχθροῖς.</span> <span class='ocrx_word' id='word_1_498' title='bbox 1880 4870 1980 4929; x_wconf 74' lang='grc' dir='ltr'>Καὶ</span> 
     </span>
    </p>
   </div>
   <div class='ocr_carea' id='block_1_70' title="bbox 316 4947 1983 5035">
    <p class='ocr_par' dir='ltr' id='par_1_70' title="bbox 316 4947 1983 5035">
     <span class='ocr_line' id='line_1_71' title="bbox 316 4947 1983 5035; baseline 0.004 -29"><span class='ocrx_word' id='word_1_499' title='bbox 316 4951 486 5006; x_wconf 75' lang='grc' dir='ltr'>αὐτοί</span> <span class='ocrx_word' id='word_1_500' title='bbox 518 4947 706 5029; x_wconf 73' lang='grc' dir='ltr'>ἔμενον</span> <span class='ocrx_word' id='word_1_501' title='bbox 735 4952 836 5028; x_wconf 80' lang='grc' dir='ltr'>ἔξω</span> <span class='ocrx_word' id='word_1_502' title='bbox 866 4959 962 5012; x_wconf 76' lang='grc' dir='ltr'>τοῦ</span> <span class='ocrx_word' id='word_1_503' title='bbox 1000 4956 1222 5025; x_wconf 77' lang='grc' dir='ltr'>ἄλσους,</span> <span class='ocrx_word' id='word_1_504' title='bbox 1274 4954 1627 5035; x_wconf 78' lang='grc' dir='ltr'>ἐκδεχομενοι</span> <span class='ocrx_word' id='word_1_505' title='bbox 1655 4958 1748 5014; x_wconf 85' lang='grc' dir='ltr'>τὸν</span> <span class='ocrx_word' id='word_1_506' title='bbox 1784 4957 1983 5033; x_wconf 85' lang='grc' dir='ltr'>Ἀχιλ-</span> 
     </span>
    </p>
   </div>
   <div class='ocr_carea' id='block_1_71' title="bbox 314 5038 1976 5122">
    <p class='ocr_par' dir='ltr' id='par_1_71' title="bbox 314 5038 1976 5122">
     <span class='ocr_line' id='line_1_72' title="bbox 314 5038 1976 5122; baseline 0.005 -28"><span class='ocrx_word' id='word_1_507' title='bbox 314 5038 444 5122; x_wconf 63' lang='grc' dir='ltr'>λέα,</span> <span class='ocrx_word' id='word_1_508' title='bbox 510 5040 590 5114; x_wconf 78' lang='grc' dir='ltr'>[Ρ.</span> <span class='ocrx_word' id='word_1_509' title='bbox 641 5043 765 5116; x_wconf 83' lang='grc'>130]</span> <span class='ocrx_word' id='word_1_510' title='bbox 821 5042 958 5099; x_wconf 85' lang='grc' dir='ltr'>ὣστε</span> <span class='ocrx_word' id='word_1_511' title='bbox 1012 5045 1129 5103; x_wconf 75' lang='grc' dir='ltr'>κατ’</span> <span class='ocrx_word' id='word_1_512' title='bbox 1188 5041 1326 5099; x_wconf 76' lang='grc' dir='ltr'>ἰδίαν</span> <span class='ocrx_word' id='word_1_513' title='bbox 1383 5044 1751 5121; x_wconf 77' lang='grc' dir='ltr'>παραγγεῖλαι</span> <span class='ocrx_word' id='word_1_514' title='bbox 1811 5048 1976 5122; x_wconf 72' lang='grc' dir='ltr'>αὐτῷ.</span> 
     </span>
    </p>
   </div>
   <div class='ocr_carea' id='block_1_72' title="bbox 312 5116 1979 5211">
    <p class='ocr_par' dir='ltr' id='par_1_72' title="bbox 312 5116 1979 5211">
     <span class='ocr_line' id='line_1_73' title="bbox 312 5116 1979 5211; baseline 0.002 -26"><span class='ocrx_word' id='word_1_515' title='bbox 312 5116 380 5185; x_wconf 59' lang='grc' dir='ltr'>Ὀ</span> <span class='ocrx_word' id='word_1_516' title='bbox 446 5125 495 5182; x_wconf 87' lang='grc' dir='ltr'>δ’</span> <span class='ocrx_word' id='word_1_517' title='bbox 550 5130 619 5198; x_wconf 77' lang='grc' dir='ltr'>ἦν</span> <span class='ocrx_word' id='word_1_518' title='bbox 680 5131 1064 5207; x_wconf 75' lang='grc' dir='ltr'>ὑποσχόμενος</span> <span class='ocrx_word' id='word_1_519' title='bbox 1118 5137 1197 5205; x_wconf 76' lang='grc' dir='ltr'>τῷ</span> <span class='ocrx_word' id='word_1_520' title='bbox 1251 5130 1432 5207; x_wconf 79' lang='grc' dir='ltr'>Ἰδαίῳ</span> <span class='ocrx_word' id='word_1_521' title='bbox 1480 5134 1614 5208; x_wconf 83' lang='grc' dir='ltr'>πρὸς</span> <span class='ocrx_word' id='word_1_522' title='bbox 1669 5134 1843 5211; x_wconf 83' lang='grc' dir='ltr'>γάμον</span> <span class='ocrx_word' id='word_1_523' title='bbox 1882 5135 1979 5204; x_wconf 75' lang='grc' dir='ltr'>τὴν</span> 
     </span>
    </p>
   </div>
   <div class='ocr_carea' id='block_1_73' title="bbox 312 5213 1981 5299">
    <p class='ocr_par' dir='ltr' id='par_1_73' title="bbox 312 5213 1981 5299">
     <span class='ocr_line' id='line_1_74' title="bbox 312 5213 1981 5299; baseline 0.005 -29"><span class='ocrx_word' id='word_1_524' title='bbox 312 5213 638 5289; x_wconf 70' lang='grc' dir='ltr'>Πολυξένην</span> <span class='ocrx_word' id='word_1_525' title='bbox 700 5216 906 5277; x_wconf 76' lang='grc' dir='ltr'>λαϐεῖν·</span> <span class='ocrx_word' id='word_1_526' title='bbox 968 5219 1053 5276; x_wconf 80' lang='grc' dir='ltr'>διὸ</span> <span class='ocrx_word' id='word_1_527' title='bbox 1110 5222 1201 5281; x_wconf 79' lang='grc' dir='ltr'>καὶ</span> <span class='ocrx_word' id='word_1_528' title='bbox 1256 5223 1585 5299; x_wconf 84' lang='grc' dir='ltr'>προσέμενεν</span> <span class='ocrx_word' id='word_1_529' title='bbox 1639 5222 1799 5296; x_wconf 79' lang='grc' dir='ltr'>ἐντῷ</span> <span class='ocrx_word' id='word_1_530' title='bbox 1831 5221 1981 5280; x_wconf 71' lang='grc' dir='ltr'>ἄλσει</span> 
     </span>
    </p>
   </div>
   <div class='ocr_carea' id='block_1_74' title="bbox 316 5304 1980 5387">
    <p class='ocr_par' dir='ltr' id='par_1_74' title="bbox 316 5304 1980 5387">
     <span class='ocr_line' id='line_1_75' title="bbox 316 5304 1980 5387; baseline 0.006 -28"><span class='ocrx_word' id='word_1_531' title='bbox 316 5304 635 5367; x_wconf 81' lang='grc' dir='ltr'>ἆναπατῶν,</span> <span class='ocrx_word' id='word_1_532' title='bbox 688 5308 835 5367; x_wconf 78' lang='grc' dir='ltr'>Μετᾶ</span> <span class='ocrx_word' id='word_1_533' title='bbox 898 5308 1078 5387; x_wconf 81' lang='grc' dir='ltr'>βραχῦ</span> <span class='ocrx_word' id='word_1_534' title='bbox 1136 5308 1193 5364; x_wconf 71' lang='grc' dir='ltr'>δὲ</span> <span class='ocrx_word' id='word_1_535' title='bbox 1246 5311 1273 5365; x_wconf 90' lang='lat'>6</span> <span class='ocrx_word' id='word_1_536' title='bbox 1330 5311 1495 5386; x_wconf 71' lang='grc' dir='ltr'>Πάρις</span> <span class='ocrx_word' id='word_1_537' title='bbox 1526 5311 1615 5370; x_wconf 84' lang='grc' dir='ltr'>καὶ</span> <span class='ocrx_word' id='word_1_538' title='bbox 1649 5312 1675 5366; x_wconf 91' lang='lat'>6</span> <span class='ocrx_word' id='word_1_539' title='bbox 1710 5308 1980 5386; x_wconf 62' lang='grc' dir='ltr'>Δηΐφοϐος</span> 
     </span>
    </p>
   </div>
   <div class='ocr_carea' id='block_1_75' title="bbox 314 5396 1981 5479">
    <p class='ocr_par' dir='ltr' id='par_1_75' title="bbox 314 5396 1981 5479">
     <span class='ocr_line' id='line_1_76' title="bbox 314 5396 1981 5479; baseline 0.008 -31"><span class='ocrx_word' id='word_1_540' title='bbox 314 5396 484 5464; x_wconf 63' lang='grc' dir='ltr'>ἧκον,</span> <span class='ocrx_word' id='word_1_541' title='bbox 539 5397 985 5471; x_wconf 81' lang='grc' dir='ltr'>παρακαλυῦντες</span> <span class='ocrx_word' id='word_1_542' title='bbox 1037 5399 1202 5459; x_wconf 76' lang='grc' dir='ltr'>αὑτὸν</span> <span class='ocrx_word' id='word_1_543' title='bbox 1258 5399 1423 5469; x_wconf 75' lang='grc' dir='ltr'>δῆθεν</span> <span class='ocrx_word' id='word_1_544' title='bbox 1445 5400 1577 5477; x_wconf 83' lang='grc' dir='ltr'>περὶ</span> <span class='ocrx_word' id='word_1_545' title='bbox 1632 5405 1730 5456; x_wconf 80' lang='grc' dir='ltr'>τοῦ</span> <span class='ocrx_word' id='word_1_546' title='bbox 1778 5403 1981 5479; x_wconf 75' lang='grc' dir='ltr'>γάμον.</span> 
     </span>
    </p>
   </div>
   <div class='ocr_carea' id='block_1_76' title="bbox 313 5480 1981 5562">
    <p class='ocr_par' dir='ltr' id='par_1_76' title="bbox 313 5480 1981 5562">
     <span class='ocr_line' id='line_1_77' title="bbox 313 5480 1981 5562; baseline 0.006 -25"><span class='ocrx_word' id='word_1_547' title='bbox 313 5489 362 5537; x_wconf 90' lang='grc' dir='ltr'><strong>Ο</strong></span> <span class='ocrx_word' id='word_1_548' title='bbox 406 5480 467 5538; x_wconf 70' lang='grc' dir='ltr'>δὲ</span> <span class='ocrx_word' id='word_1_549' title='bbox 500 5483 710 5542; x_wconf 69' lang='grc' dir='ltr'>φαῦλον</span> <span class='ocrx_word' id='word_1_550' title='bbox 742 5484 915 5561; x_wconf 70' lang='grc' dir='ltr'>μηδὲν</span> <span class='ocrx_word' id='word_1_551' title='bbox 948 5489 1216 5553; x_wconf 70' lang='grc' dir='ltr'>ὑπονοῶν,</span> <span class='ocrx_word' id='word_1_552' title='bbox 1270 5488 1321 5544; x_wconf 81' lang='grc' dir='ltr'>ἐν</span> <span class='ocrx_word' id='word_1_553' title='bbox 1381 5493 1460 5562; x_wconf 82' lang='grc' dir='ltr'>τῷ</span> <span class='ocrx_word' id='word_1_554' title='bbox 1490 5494 1588 5544; x_wconf 74' lang='grc' dir='ltr'>τοῖ’)</span> <span class='ocrx_word' id='word_1_555' title='bbox 1620 5490 1981 5555; x_wconf 80' lang='grc' dir='ltr'>Ἀπόλλωνος</span> 
     </span>
    </p>
   </div>
   <div class='ocr_carea' id='block_1_77' title="bbox 309 5568 1982 5657">
    <p class='ocr_par' dir='ltr' id='par_1_77' title="bbox 309 5568 1982 5657">
     <span class='ocr_line' id='line_1_78' title="bbox 309 5568 1982 5657; baseline 0.005 -30"><span class='ocrx_word' id='word_1_556' title='bbox 309 5568 496 5641; x_wconf 67' lang='grc' dir='ltr'>ἑστὼς</span> <span class='ocrx_word' id='word_1_557' title='bbox 555 5574 689 5651; x_wconf 72' lang='grc' dir='ltr'>ἱερῷ</span> <span class='ocrx_word' id='word_1_558' title='bbox 746 5574 1067 5648; x_wconf 79' lang='grc' dir='ltr'>κατεδέξατο</span> <span class='ocrx_word' id='word_1_559' title='bbox 1122 5578 1340 5641; x_wconf 76' lang='grc' dir='ltr'>αὐτοὺς.</span> <span class='ocrx_word' id='word_1_560' title='bbox 1402 5580 1503 5635; x_wconf 85' lang='grc' dir='ltr'>Καὶ</span> <span class='ocrx_word' id='word_1_561' title='bbox 1562 5580 1590 5635; x_wconf 90' lang='lat'>6</span> <span class='ocrx_word' id='word_1_562' title='bbox 1651 5580 1744 5655; x_wconf 70' lang='grc' dir='ltr'>μὲν</span> <span class='ocrx_word' id='word_1_563' title='bbox 1809 5581 1982 5657; x_wconf 79' lang='grc' dir='ltr'>Πάρις</span> 
     </span>
    </p>
   </div>
   <div class='ocr_carea' id='block_1_78' title="bbox 310 5663 1987 5747">
    <p class='ocr_par' dir='ltr' id='par_1_78' title="bbox 310 5663 1987 5747">
     <span class='ocr_line' id='line_1_79' title="bbox 310 5663 1987 5747; baseline 0.006 -31"><span class='ocrx_word' id='word_1_564' title='bbox 310 5666 474 5736; x_wconf 70' lang='grc' dir='ltr'>ὅρκῳ</span> <span class='ocrx_word' id='word_1_565' title='bbox 505 5663 571 5718; x_wconf 70' lang='grc' dir='ltr'>τὰ</span> <span class='ocrx_word' id='word_1_566' title='bbox 626 5663 827 5738; x_wconf 73' lang='grc' dir='ltr'>μεταξῦ</span> <span class='ocrx_word' id='word_1_567' title='bbox 882 5665 1201 5747; x_wconf 66' lang='grc' dir='ltr'>ἀμφοτέρων</span> <span class='ocrx_word' id='word_1_568' title='bbox 1254 5666 1526 5745; x_wconf 77' lang='grc' dir='ltr'>λεγόμενα</span> <span class='ocrx_word' id='word_1_569' title='bbox 1570 5663 1805 5744; x_wconf 75' lang='grc' dir='ltr'>βεϐαιῶν</span> <span class='ocrx_word' id='word_1_570' title='bbox 1840 5670 1987 5747; x_wconf 74' lang='grc' dir='ltr'>παρὰ</span> 
     </span>
    </p>
   </div>
   <div class='ocr_carea' id='block_1_79' title="bbox 2086 1910 3729 1985">
    <p class='ocr_par' dir='ltr' id='par_1_79' title="bbox 2086 1910 3729 1985">
     <span class='ocr_line' id='line_1_80' title="bbox 2086 1910 3729 1985; baseline 0.003 -20"><span class='ocrx_word' id='word_1_571' title='bbox 2086 1910 2502 1967; x_wconf 89' lang='lat' dir='ltr'>obtererentur</span> <span class='ocrx_word' id='word_1_572' title='bbox 2544 1919 2719 1985; x_wconf 85' lang='lat' dir='ltr'>atque</span> <span class='ocrx_word' id='word_1_573' title='bbox 2777 1920 3152 1971; x_wconf 86' lang='lat' dir='ltr'>necarentur.</span> <span class='ocrx_word' id='word_1_574' title='bbox 3214 1915 3550 1970; x_wconf 87' lang='lat' dir='ltr'>Secundum</span> <span class='ocrx_word' id='word_1_575' title='bbox 3601 1915 3729 1971; x_wconf 72' lang='lat' dir='ltr'>heac</span> 
     </span>
    </p>
   </div>
   <div class='ocr_carea' id='block_1_80' title="bbox 2082 2002 3726 2078">
    <p class='ocr_par' dir='ltr' id='par_1_80' title="bbox 2082 2002 3726 2078">
     <span class='ocr_line' id='line_1_81' title="bbox 2082 2002 3726 2078; baseline 0.004 -24"><span class='ocrx_word' id='word_1_576' title='bbox 2082 2002 2338 2075; x_wconf 86' lang='lat' dir='ltr'>Trojani,</span> <span class='ocrx_word' id='word_1_577' title='bbox 2372 2003 2600 2058; x_wconf 83' lang='lat' dir='ltr'>Achille</span> <span class='ocrx_word' id='word_1_578' title='bbox 2634 2020 2734 2057; x_wconf 89' lang='lat' dir='ltr'>eos</span> <span class='ocrx_word' id='word_1_579' title='bbox 2765 2003 2839 2059; x_wconf 91' lang='lat' dir='ltr'>ad</span> <span class='ocrx_word' id='word_1_580' title='bbox 2874 2020 3130 2077; x_wconf 80' lang='lat' dir='ltr'>pugnam</span> <span class='ocrx_word' id='word_1_581' title='bbox 3164 2009 3539 2078; x_wconf 85' lang='lat' dir='ltr'>provocante,</span> <span class='ocrx_word' id='word_1_582' title='bbox 3591 2021 3726 2060; x_wconf 91' lang='lat' dir='ltr'>om-</span> 
     </span>
    </p>
   </div>
   <div class='ocr_carea' id='block_1_81' title="bbox 2084 2092 3724 2151">
    <p class='ocr_par' dir='ltr' id='par_1_81' title="bbox 2084 2092 3724 2151">
     <span class='ocr_line' id='line_1_82' title="bbox 2084 2092 3724 2151; baseline 0.003 -7"><span class='ocrx_word' id='word_1_583' title='bbox 2084 2107 2228 2146; x_wconf 90' lang='lat' dir='ltr'>num</span> <span class='ocrx_word' id='word_1_584' title='bbox 2255 2092 2579 2149; x_wconf 83' lang='lat' dir='ltr'>exercitum</span> <span class='ocrx_word' id='word_1_585' title='bbox 2600 2092 2661 2150; x_wconf 88' lang='lat' dir='ltr'>in</span> <span class='ocrx_word' id='word_1_586' title='bbox 2685 2093 2871 2147; x_wconf 88' lang='lat' dir='ltr'>aciem</span> <span class='ocrx_word' id='word_1_587' title='bbox 2891 2092 3222 2148; x_wconf 76' lang='lat' dir='ltr'>eduxerunt</span> <span class='ocrx_word' id='word_1_588' title='bbox 3243 2092 3492 2151; x_wconf 89' lang='lat' dir='ltr'>ducibus</span> <span class='ocrx_word' id='word_1_589' title='bbox 3517 2093 3724 2149; x_wconf 89' lang='lat' dir='ltr'>Paride</span> 
     </span>
    </p>
   </div>
   <div class='ocr_carea' id='block_1_82' title="bbox 2082 2180 3726 2255">
    <p class='ocr_par' dir='ltr' id='par_1_82' title="bbox 2082 2180 3726 2255">
     <span class='ocr_line' id='line_1_83' title="bbox 2082 2180 3726 2255; baseline 0.001 -19"><span class='ocrx_word' id='word_1_590' title='bbox 2082 2198 2149 2236; x_wconf 88' lang='lat' dir='ltr'>ac</span> <span class='ocrx_word' id='word_1_591' title='bbox 2176 2180 2477 2254; x_wconf 88' lang='lat' dir='ltr'>Deiphobo</span> <span class='ocrx_word' id='word_1_592' title='bbox 2510 2188 2569 2237; x_wconf 91' lang='lat' dir='ltr'>et</span> <span class='ocrx_word' id='word_1_593' title='bbox 2624 2199 2829 2237; x_wconf 86' lang='lat' dir='ltr'>eorum</span> <span class='ocrx_word' id='word_1_594' title='bbox 2860 2182 3141 2242; x_wconf 88' lang='lat' dir='ltr'>fratribus</span> <span class='ocrx_word' id='word_1_595' title='bbox 3170 2183 3358 2238; x_wconf 89' lang='lat' dir='ltr'>Troilo</span> <span class='ocrx_word' id='word_1_596' title='bbox 3416 2189 3592 2255; x_wconf 88' lang='lat' dir='ltr'>atque</span> <span class='ocrx_word' id='word_1_597' title='bbox 3621 2183 3726 2255; x_wconf 80' lang='lat' dir='ltr'>Ly-</span> 
     </span>
    </p>
   </div>
   <div class='ocr_carea' id='block_1_83' title="bbox 2082 2270 3723 2337">
    <p class='ocr_par' dir='ltr' id='par_1_83' title="bbox 2082 2270 3723 2337">
     <span class='ocr_line' id='line_1_84' title="bbox 2082 2270 3723 2337; baseline 0.002 -12"><span class='ocrx_word' id='word_1_598' title='bbox 2082 2287 2286 2329; x_wconf 88' lang='lat' dir='ltr'>caone.</span> <span class='ocrx_word' id='word_1_599' title='bbox 2345 2272 2497 2337; x_wconf 91' lang='lat' dir='ltr'>Quos</span> <span class='ocrx_word' id='word_1_600' title='bbox 2547 2270 2807 2326; x_wconf 88' lang='lat' dir='ltr'>Achilles</span> <span class='ocrx_word' id='word_1_601' title='bbox 2846 2289 2982 2331; x_wconf 85' lang='lat' dir='ltr'>cum</span> <span class='ocrx_word' id='word_1_602' title='bbox 3041 2272 3312 2329; x_wconf 83' lang='lat' dir='ltr'>auxiliari</span> <span class='ocrx_word' id='word_1_603' title='bbox 3372 2272 3723 2328; x_wconf 73' lang='lat' dir='ltr'>Achaeorum</span> 
     </span>
    </p>
   </div>
   <div class='ocr_carea' id='block_1_84' title="bbox 2083 2361 3722 2436">
    <p class='ocr_par' dir='ltr' id='par_1_84' title="bbox 2083 2361 3722 2436">
     <span class='ocr_line' id='line_1_85' title="bbox 2083 2361 3722 2436; baseline 0.005 -23"><span class='ocrx_word' id='word_1_604' title='bbox 2083 2376 2264 2415; x_wconf 87' lang='lat' dir='ltr'>manu</span> <span class='ocrx_word' id='word_1_605' title='bbox 2294 2366 2640 2431; x_wconf 87' lang='lat' dir='ltr'>persecutus</span> <span class='ocrx_word' id='word_1_606' title='bbox 2671 2363 2886 2435; x_wconf 89' lang='lat' dir='ltr'>partim</span> <span class='ocrx_word' id='word_1_607' title='bbox 2912 2363 3071 2417; x_wconf 85' lang='lat' dir='ltr'>vivos</span> <span class='ocrx_word' id='word_1_608' title='bbox 3103 2362 3280 2436; x_wconf 85' lang='lat' dir='ltr'>cepit,</span> <span class='ocrx_word' id='word_1_609' title='bbox 3311 2361 3463 2419; x_wconf 88' lang='lat' dir='ltr'>alios</span> <span class='ocrx_word' id='word_1_610' title='bbox 3494 2364 3556 2418; x_wconf 88' lang='lat' dir='ltr'>in</span> <span class='ocrx_word' id='word_1_611' title='bbox 3588 2364 3722 2421; x_wconf 88' lang='lat' dir='ltr'>Sca-</span> 
     </span>
    </p>
   </div>
   <div class='ocr_carea' id='block_1_85' title="bbox 2082 2448 3729 2522">
    <p class='ocr_par' dir='ltr' id='par_1_85' title="bbox 2082 2448 3729 2522">
     <span class='ocr_line' id='line_1_86' title="bbox 2082 2448 3729 2522; baseline 0.004 -19"><span class='ocrx_word' id='word_1_612' title='bbox 2082 2448 2398 2505; x_wconf 89' lang='lat' dir='ltr'>mandrum</span> <span class='ocrx_word' id='word_1_613' title='bbox 2421 2449 2669 2506; x_wconf 85' lang='lat' dir='ltr'>ﬂuvium</span> <span class='ocrx_word' id='word_1_614' title='bbox 2692 2451 3030 2522; x_wconf 87' lang='lat' dir='ltr'>compulsos</span> <span class='ocrx_word' id='word_1_615' title='bbox 3051 2451 3729 2521; x_wconf 84' lang='lat' dir='ltr'>submersit,interfectis</span> 
     </span>
    </p>
   </div>
   <div class='ocr_carea' id='block_1_86' title="bbox 2079 2540 3731 2619">
    <p class='ocr_par' dir='ltr' id='par_1_86' title="bbox 2079 2540 3731 2619">
     <span class='ocr_line' id='line_1_87' title="bbox 2079 2540 3731 2619; baseline 0.001 -24"><span class='ocrx_word' id='word_1_616' title='bbox 2079 2540 2275 2599; x_wconf 88' lang='lat' dir='ltr'>Troilo</span> <span class='ocrx_word' id='word_1_617' title='bbox 2302 2545 2361 2594; x_wconf 89' lang='lat' dir='ltr'>et</span> <span class='ocrx_word' id='word_1_618' title='bbox 2397 2540 2688 2613; x_wconf 87' lang='lat' dir='ltr'>Lyoaone.</span> <span class='ocrx_word' id='word_1_619' title='bbox 2715 2541 2812 2596; x_wconf 85' lang='lat' dir='ltr'>His</span> <span class='ocrx_word' id='word_1_620' title='bbox 2833 2543 3011 2615; x_wconf 79' lang='lat' dir='ltr'>gestis</span> <span class='ocrx_word' id='word_1_621' title='bbox 3032 2542 3418 2598; x_wconf 89' lang='lat' dir='ltr'>donariorum</span> <span class='ocrx_word' id='word_1_622' title='bbox 3442 2542 3604 2597; x_wconf 73' lang='lat' dir='ltr'>ierim</span> <span class='ocrx_word' id='word_1_623' title='bbox 3627 2560 3731 2619; x_wconf 81' lang='lat' dir='ltr'>ap-</span> 
     </span>
    </p>
   </div>
   <div class='ocr_carea' id='block_1_87' title="bbox 2080 2628 3723 2705">
    <p class='ocr_par' dir='ltr' id='par_1_87' title="bbox 2080 2628 3723 2705">
     <span class='ocr_line' id='line_1_88' title="bbox 2080 2628 3723 2705; baseline 0.003 -22"><span class='ocrx_word' id='word_1_624' title='bbox 2080 2629 2379 2700; x_wconf 90' lang='lat' dir='ltr'>petierunt</span> <span class='ocrx_word' id='word_1_625' title='bbox 2411 2628 2798 2705; x_wconf 79' lang='lat' dir='ltr'>induciasque</span> <span class='ocrx_word' id='word_1_626' title='bbox 2831 2631 3173 2687; x_wconf 88' lang='lat' dir='ltr'>attulerunt.</span> <span class='ocrx_word' id='word_1_627' title='bbox 3205 2632 3313 2687; x_wconf 92' lang='lat' dir='ltr'>Ubi</span> <span class='ocrx_word' id='word_1_628' title='bbox 3366 2649 3523 2701; x_wconf 90' lang='lat' dir='ltr'>cum,</span> <span class='ocrx_word' id='word_1_629' title='bbox 3565 2638 3632 2689; x_wconf 90' lang='lat' dir='ltr'>ut</span> <span class='ocrx_word' id='word_1_630' title='bbox 3663 2634 3723 2688; x_wconf 91' lang='lat' dir='ltr'>in</span> 
     </span>
    </p>
   </div>
   <div class='ocr_carea' id='block_1_88' title="bbox 2081 2717 3727 2795">
    <p class='ocr_par' dir='ltr' id='par_1_88' title="bbox 2081 2717 3727 2795">
     <span class='ocr_line' id='line_1_89' title="bbox 2081 2717 3727 2795; baseline 0.002 -23"><span class='ocrx_word' id='word_1_631' title='bbox 2081 2717 2510 2789; x_wconf 80' lang='lat' dir='ltr'>pace.universi</span> <span class='ocrx_word' id='word_1_632' title='bbox 2544 2724 2600 2773; x_wconf 90' lang='lat' dir='ltr'>et</span> <span class='ocrx_word' id='word_1_633' title='bbox 2630 2719 2812 2774; x_wconf 83' lang='lat' dir='ltr'>Danai</span> <span class='ocrx_word' id='word_1_634' title='bbox 2848 2724 2905 2774; x_wconf 88' lang='lat' dir='ltr'>et</span> <span class='ocrx_word' id='word_1_635' title='bbox 2930 2722 3106 2774; x_wconf 91' lang='lat' dir='ltr'>Troes</span> <span class='ocrx_word' id='word_1_636' title='bbox 3138 2719 3391 2795; x_wconf 82' lang='lat' dir='ltr'>Apollini</span> <span class='ocrx_word' id='word_1_637' title='bbox 3419 2721 3727 2795; x_wconf 69' lang='lat' dir='ltr'>Tymbrazo</span> 
     </span>
    </p>
   </div>
   <div class='ocr_carea' id='block_1_89' title="bbox 2080 2808 3725 2883">
    <p class='ocr_par' dir='ltr' id='par_1_89' title="bbox 2080 2808 3725 2883">
     <span class='ocr_line' id='line_1_90' title="bbox 2080 2808 3725 2883; baseline 0.002 -22"><span class='ocrx_word' id='word_1_638' title='bbox 2080 2823 2208 2861; x_wconf 89' lang='lat' dir='ltr'>rem</span> <span class='ocrx_word' id='word_1_639' title='bbox 2240 2823 2469 2862; x_wconf 88' lang='lat' dir='ltr'>sacram</span> <span class='ocrx_word' id='word_1_640' title='bbox 2500 2808 2839 2864; x_wconf 85' lang='lat' dir='ltr'>facerentin</span> <span class='ocrx_word' id='word_1_641' title='bbox 2870 2809 2999 2867; x_wconf 91' lang='lat' dir='ltr'>luco</span> <span class='ocrx_word' id='word_1_642' title='bbox 3023 2810 3121 2880; x_wconf 86' lang='lat' dir='ltr'>qui</span> <span class='ocrx_word' id='word_1_643' title='bbox 3158 2810 3299 2864; x_wconf 76' lang='lat' dir='ltr'>urbe</span> <span class='ocrx_word' id='word_1_644' title='bbox 3332 2811 3490 2865; x_wconf 90' lang='lat' dir='ltr'>haud</span> <span class='ocrx_word' id='word_1_645' title='bbox 3519 2811 3725 2883; x_wconf 87' lang='lat' dir='ltr'>procul</span> 
     </span>
    </p>
   </div>
   <div class='ocr_carea' id='block_1_90' title="bbox 2081 2896 3720 2973">
    <p class='ocr_par' dir='ltr' id='par_1_90' title="bbox 2081 2896 3720 2973">
     <span class='ocr_line' id='line_1_91' title="bbox 2081 2896 3720 2973; baseline 0.002 -22"><span class='ocrx_word' id='word_1_646' title='bbox 2081 2896 2304 2962; x_wconf 88' lang='lat' dir='ltr'>aberat,</span> <span class='ocrx_word' id='word_1_647' title='bbox 2324 2897 2584 2951; x_wconf 83' lang='lat' dir='ltr'>Achilles</span> <span class='ocrx_word' id='word_1_648' title='bbox 2614 2898 2973 2973; x_wconf 83' lang='lat' dir='ltr'>Polyxenam</span> <span class='ocrx_word' id='word_1_649' title='bbox 3005 2915 3139 2954; x_wconf 89' lang='lat' dir='ltr'>cum</span> <span class='ocrx_word' id='word_1_650' title='bbox 3171 2904 3358 2955; x_wconf 87' lang='lat' dir='ltr'>matre</span> <span class='ocrx_word' id='word_1_651' title='bbox 3392 2901 3628 2956; x_wconf 80' lang='lat' dir='ltr'>Hecuba</span> <span class='ocrx_word' id='word_1_652' title='bbox 3660 2901 3720 2954; x_wconf 91' lang='lat' dir='ltr'>in</span> 
     </span>
    </p>
   </div>
   <div class='ocr_carea' id='block_1_91' title="bbox 2082 2984 3724 3063">
    <p class='ocr_par' dir='ltr' id='par_1_91' title="bbox 2082 2984 3724 3063">
     <span class='ocr_line' id='line_1_92' title="bbox 2082 2984 3724 3063; baseline 0.001 -22"><span class='ocrx_word' id='word_1_653' title='bbox 2082 2984 2370 3056; x_wconf 87' lang='lat' dir='ltr'>templum</span> <span class='ocrx_word' id='word_1_654' title='bbox 2393 2985 2718 3058; x_wconf 79' lang='lat' dir='ltr'>ingressam</span> <span class='ocrx_word' id='word_1_655' title='bbox 2750 2987 3354 3063; x_wconf 63' lang='lat' dir='ltr'>conspicatus,formaa</span> <span class='ocrx_word' id='word_1_656' title='bbox 3385 2989 3515 3063; x_wconf 88' lang='lat' dir='ltr'>ejus</span> <span class='ocrx_word' id='word_1_657' title='bbox 3537 2988 3724 3042; x_wconf 91' lang='lat' dir='ltr'>admi-</span> 
     </span>
    </p>
   </div>
   <div class='ocr_carea' id='block_1_92' title="bbox 2081 3075 3724 3151">
    <p class='ocr_par' dir='ltr' id='par_1_92' title="bbox 2081 3075 3724 3151">
     <span class='ocr_line' id='line_1_93' title="bbox 2081 3075 3724 3151; baseline 0.001 -22"><span class='ocrx_word' id='word_1_658' title='bbox 2081 3075 2311 3132; x_wconf 86' lang='lat' dir='ltr'>ratione</span> <span class='ocrx_word' id='word_1_659' title='bbox 2369 3080 2458 3130; x_wconf 89' lang='lat' dir='ltr'>est</span> <span class='ocrx_word' id='word_1_660' title='bbox 2504 3075 2763 3151; x_wconf 89' lang='lat' dir='ltr'>percitus</span> <span class='ocrx_word' id='word_1_661' title='bbox 2803 3075 3071 3135; x_wconf 88' lang='lat' dir='ltr'>Priamus</span> <span class='ocrx_word' id='word_1_662' title='bbox 3129 3075 3358 3135; x_wconf 82' lang='lat' dir='ltr'>Achille</span> <span class='ocrx_word' id='word_1_663' title='bbox 3416 3076 3724 3132; x_wconf 82' lang='lat' dir='ltr'>observato</span> 
     </span>
    </p>
   </div>
   <div class='ocr_carea' id='block_1_93' title="bbox 2088 3163 3723 3239">
    <p class='ocr_par' dir='ltr' id='par_1_93' title="bbox 2088 3163 3723 3239">
     <span class='ocr_line' id='line_1_94' title="bbox 2088 3163 3723 3239; baseline 0 -18"><span class='ocrx_word' id='word_1_664' title='bbox 2088 3164 2308 3226; x_wconf 83' lang='lat' dir='ltr'>Idaeum</span> <span class='ocrx_word' id='word_1_665' title='bbox 2359 3164 2559 3235; x_wconf 83' lang='lat' dir='ltr'>mittit,</span> <span class='ocrx_word' id='word_1_666' title='bbox 2594 3165 2691 3236; x_wconf 85' lang='lat' dir='ltr'>qui</span> <span class='ocrx_word' id='word_1_667' title='bbox 2727 3165 2785 3219; x_wconf 90' lang='lat' dir='ltr'>in</span> <span class='ocrx_word' id='word_1_668' title='bbox 2816 3163 2950 3222; x_wconf 89' lang='lat' dir='ltr'>luco</span> <span class='ocrx_word' id='word_1_669' title='bbox 3011 3182 3145 3220; x_wconf 91' lang='lat' dir='ltr'>cum</span> <span class='ocrx_word' id='word_1_670' title='bbox 3178 3183 3244 3220; x_wconf 91' lang='lat' dir='ltr'>eo</span> <span class='ocrx_word' id='word_1_671' title='bbox 3293 3164 3363 3220; x_wconf 91' lang='lat' dir='ltr'>de</span> <span class='ocrx_word' id='word_1_672' title='bbox 3420 3166 3723 3239; x_wconf 75' lang='lat' dir='ltr'>Polyxena</span> 
     </span>
    </p>
   </div>
   <div class='ocr_carea' id='block_1_94' title="bbox 2087 3254 3733 3330">
    <p class='ocr_par' dir='ltr' id='par_1_94' title="bbox 2087 3254 3733 3330">
     <span class='ocr_line' id='line_1_95' title="bbox 2087 3254 3733 3330; baseline 0.001 -21"><span class='ocrx_word' id='word_1_673' title='bbox 2087 3255 2627 3330; x_wconf 83' lang='lat' dir='ltr'>colloqueretur.At</span> <span class='ocrx_word' id='word_1_674' title='bbox 2655 3254 2987 3309; x_wconf 62' lang='lat' dir='ltr'>Graecorum</span> <span class='ocrx_word' id='word_1_675' title='bbox 3022 3254 3319 3329; x_wconf 89' lang='lat' dir='ltr'>principes</span> <span class='ocrx_word' id='word_1_676' title='bbox 3351 3255 3508 3311; x_wconf 90' lang='lat' dir='ltr'>hunc</span> <span class='ocrx_word' id='word_1_677' title='bbox 3539 3255 3733 3312; x_wconf 89' lang='lat' dir='ltr'>solum</span> 
     </span>
    </p>
   </div>
   <div class='ocr_carea' id='block_1_95' title="bbox 2084 3343 3732 3405">
    <p class='ocr_par' dir='ltr' id='par_1_95' title="bbox 2084 3343 3732 3405">
     <span class='ocr_line' id='line_1_96' title="bbox 2084 3343 3732 3405; baseline 0.002 -6"><span class='ocrx_word' id='word_1_678' title='bbox 2084 3362 2223 3405; x_wconf 89' lang='lat' dir='ltr'>cum</span> <span class='ocrx_word' id='word_1_679' title='bbox 2260 3344 2493 3399; x_wconf 86' lang='lat' dir='ltr'>Achille</span> <span class='ocrx_word' id='word_1_680' title='bbox 2524 3343 2698 3401; x_wconf 84' lang='lat' dir='ltr'>verba</span> <span class='ocrx_word' id='word_1_681' title='bbox 2729 3351 3092 3401; x_wconf 77' lang='lat' dir='ltr'>commutare</span> <span class='ocrx_word' id='word_1_682' title='bbox 3125 3352 3435 3401; x_wconf 89' lang='lat' dir='ltr'>cernentes</span> <span class='ocrx_word' id='word_1_683' title='bbox 3459 3352 3732 3403; x_wconf 66' lang='lat' dir='ltr'>conturm-</span> 
     </span>
    </p>
   </div>
   <div class='ocr_carea' id='block_1_96' title="bbox 2082 3429 3717 3508">
    <p class='ocr_par' dir='ltr' id='par_1_96' title="bbox 2082 3429 3717 3508">
     <span class='ocr_line' id='line_1_97' title="bbox 2082 3429 3717 3508; baseline 0.002 -22"><span class='ocrx_word' id='word_1_684' title='bbox 2082 3429 2252 3499; x_wconf 88' lang='lat' dir='ltr'>bari;</span> <span class='ocrx_word' id='word_1_685' title='bbox 2284 3432 2599 3504; x_wconf 86' lang='lat' dir='ltr'>missisque</span> <span class='ocrx_word' id='word_1_686' title='bbox 2631 3433 2827 3505; x_wconf 82' lang='lat' dir='ltr'>Ajace,</span> <span class='ocrx_word' id='word_1_687' title='bbox 2862 3433 3141 3488; x_wconf 87' lang='lat' dir='ltr'>Diomede</span> <span class='ocrx_word' id='word_1_688' title='bbox 3174 3439 3232 3490; x_wconf 90' lang='lat' dir='ltr'>et</span> <span class='ocrx_word' id='word_1_689' title='bbox 3260 3434 3717 3508; x_wconf 87' lang='lat' dir='ltr'>Ulysse,hortari</span> 
     </span>
    </p>
   </div>
   <div class='ocr_carea' id='block_1_97' title="bbox 2085 3521 3721 3593">
    <p class='ocr_par' dir='ltr' id='par_1_97' title="bbox 2085 3521 3721 3593">
     <span class='ocr_line' id='line_1_98' title="bbox 2085 3521 3721 3593; baseline 0.002 -18"><span class='ocrx_word' id='word_1_690' title='bbox 2085 3538 2158 3576; x_wconf 90' lang='lat' dir='ltr'>ne</span> <span class='ocrx_word' id='word_1_691' title='bbox 2192 3521 2332 3593; x_wconf 86' lang='lat' dir='ltr'>quid</span> <span class='ocrx_word' id='word_1_692' title='bbox 2368 3522 2639 3577; x_wconf 87' lang='lat' dir='ltr'>Barbaris</span> <span class='ocrx_word' id='word_1_693' title='bbox 2698 3522 3051 3577; x_wconf 64' lang='lat' dir='ltr'>concederet</span> <span class='ocrx_word' id='word_1_694' title='bbox 3081 3540 3226 3577; x_wconf 84' lang='lat' dir='ltr'>neve</span> <span class='ocrx_word' id='word_1_695' title='bbox 3285 3523 3552 3579; x_wconf 87' lang='lat' dir='ltr'>hostibus</span> <span class='ocrx_word' id='word_1_696' title='bbox 3593 3542 3721 3580; x_wconf 83' lang='lat' dir='ltr'>sese</span> 
     </span>
    </p>
   </div>
   <div class='ocr_carea' id='block_1_98' title="bbox 2087 3612 3721 3685">
    <p class='ocr_par' dir='ltr' id='par_1_98' title="bbox 2087 3612 3721 3685">
     <span class='ocr_line' id='line_1_99' title="bbox 2087 3612 3721 3685; baseline 0.001 -19"><span class='ocrx_word' id='word_1_697' title='bbox 2087 3612 2393 3678; x_wconf 82' lang='lat' dir='ltr'>crederet;</span> <span class='ocrx_word' id='word_1_698' title='bbox 2418 3612 2529 3684; x_wconf 91' lang='lat' dir='ltr'>ipsi</span> <span class='ocrx_word' id='word_1_699' title='bbox 2552 3617 2718 3666; x_wconf 81' lang='lat' dir='ltr'>extra</span> <span class='ocrx_word' id='word_1_700' title='bbox 2750 3612 2947 3669; x_wconf 91' lang='lat' dir='ltr'>lucum</span> <span class='ocrx_word' id='word_1_701' title='bbox 2973 3613 3394 3684; x_wconf 63' lang='lat' dir='ltr'>praestolarimt</span> <span class='ocrx_word' id='word_1_702' title='bbox 3419 3630 3721 3685; x_wconf 89' lang='lat' dir='ltr'>egressum</span> 
     </span>
    </p>
   </div>
   <div class='ocr_carea' id='block_1_99' title="bbox 2088 3701 3719 3757">
    <p class='ocr_par' dir='ltr' id='par_1_99' title="bbox 2088 3701 3719 3757">
     <span class='ocr_line' id='line_1_100' title="bbox 2088 3701 3719 3757; baseline -0.001 -1"><span class='ocrx_word' id='word_1_703' title='bbox 2088 3701 2335 3756; x_wconf 87' lang='lat' dir='ltr'>seorsim</span> <span class='ocrx_word' id='word_1_704' title='bbox 2367 3707 2705 3757; x_wconf 85' lang='lat' dir='ltr'>monerent.</span> <span class='ocrx_word' id='word_1_705' title='bbox 2743 3706 2811 3755; x_wconf 79' lang='lat' dir='ltr'>At</span> <span class='ocrx_word' id='word_1_706' title='bbox 2841 3718 2975 3755; x_wconf 88' lang='lat' dir='ltr'>vero</span> <span class='ocrx_word' id='word_1_707' title='bbox 3008 3701 3268 3755; x_wconf 85' lang='lat' dir='ltr'>Achilles</span> <span class='ocrx_word' id='word_1_708' title='bbox 3301 3702 3620 3757; x_wconf 89' lang='lat' dir='ltr'>ducturum</span> <span class='ocrx_word' id='word_1_709' title='bbox 3655 3718 3719 3756; x_wconf 88' lang='lat' dir='ltr'>se</span> 
     </span>
    </p>
   </div>
   <div class='ocr_carea' id='block_1_100' title="bbox 2086 3790 3727 3864">
    <p class='ocr_par' dir='ltr' id='par_1_100' title="bbox 2086 3790 3727 3864">
     <span class='ocr_line' id='line_1_101' title="bbox 2086 3790 3727 3864; baseline 0 -19"><span class='ocrx_word' id='word_1_710' title='bbox 2086 3792 2448 3864; x_wconf 83' lang='lat' dir='ltr'>Polyxenam</span> <span class='ocrx_word' id='word_1_711' title='bbox 2481 3806 2722 3845; x_wconf 84' lang='lat' dir='ltr'>uxorem</span> <span class='ocrx_word' id='word_1_712' title='bbox 2757 3790 3111 3863; x_wconf 86' lang='lat' dir='ltr'>promiserat</span> <span class='ocrx_word' id='word_1_713' title='bbox 3142 3790 3314 3860; x_wconf 75' lang='lat' dir='ltr'>Idmo,</span> <span class='ocrx_word' id='word_1_714' title='bbox 3349 3791 3594 3863; x_wconf 88' lang='lat' dir='ltr'>ejusque</span> <span class='ocrx_word' id='word_1_715' title='bbox 3642 3791 3727 3845; x_wconf 87' lang='lat' dir='ltr'>rei</span> 
     </span>
    </p>
   </div>
   <div class='ocr_carea' id='block_1_101' title="bbox 2087 3881 3729 3955">
    <p class='ocr_par' dir='ltr' id='par_1_101' title="bbox 2087 3881 3729 3955">
     <span class='ocr_line' id='line_1_102' title="bbox 2087 3881 3729 3955; baseline -0.001 -17"><span class='ocrx_word' id='word_1_716' title='bbox 2087 3899 2263 3938; x_wconf 87' lang='lat' dir='ltr'>causa</span> <span class='ocrx_word' id='word_1_717' title='bbox 2288 3882 2347 3935; x_wconf 93' lang='lat' dir='ltr'>in</span> <span class='ocrx_word' id='word_1_718' title='bbox 2382 3882 2513 3936; x_wconf 90' lang='lat' dir='ltr'>luco</span> <span class='ocrx_word' id='word_1_719' title='bbox 2545 3881 2934 3936; x_wconf 85' lang='lat' dir='ltr'>obambulans</span> <span class='ocrx_word' id='word_1_720' title='bbox 2967 3882 3363 3953; x_wconf 75' lang='lat' dir='ltr'>exspectabat.</span> <span class='ocrx_word' id='word_1_721' title='bbox 3382 3882 3562 3937; x_wconf 87' lang='lat' dir='ltr'>Paulo</span> <span class='ocrx_word' id='word_1_722' title='bbox 3592 3887 3729 3955; x_wconf 91' lang='lat' dir='ltr'>post</span> 
     </span>
    </p>
   </div>
   <div class='ocr_carea' id='block_1_102' title="bbox 2086 3972 3724 4045">
    <p class='ocr_par' dir='ltr' id='par_1_102' title="bbox 2086 3972 3724 4045">
     <span class='ocr_line' id='line_1_103' title="bbox 2086 3972 3724 4045; baseline 0.001 -17"><span class='ocrx_word' id='word_1_723' title='bbox 2086 3973 2249 4028; x_wconf 87' lang='lat' dir='ltr'>Paris</span> <span class='ocrx_word' id='word_1_724' title='bbox 2279 3990 2345 4027; x_wconf 89' lang='lat' dir='ltr'>ac</span> <span class='ocrx_word' id='word_1_725' title='bbox 2403 3972 2740 4045; x_wconf 87' lang='lat' dir='ltr'>Deiphobus</span> <span class='ocrx_word' id='word_1_726' title='bbox 2773 3972 3109 4043; x_wconf 81' lang='lat' dir='ltr'>adfuerunt,</span> <span class='ocrx_word' id='word_1_727' title='bbox 3144 3973 3243 4042; x_wconf 85' lang='lat' dir='ltr'>qui</span> <span class='ocrx_word' id='word_1_728' title='bbox 3277 3991 3414 4028; x_wconf 84' lang='lat' dir='ltr'>eum</span> <span class='ocrx_word' id='word_1_729' title='bbox 3467 3974 3596 4045; x_wconf 89' lang='lat' dir='ltr'>jam</span> <span class='ocrx_word' id='word_1_730' title='bbox 3649 3974 3724 4029; x_wconf 89' lang='lat' dir='ltr'>ad</span> 
     </span>
    </p>
   </div>
   <div class='ocr_carea' id='block_1_103' title="bbox 2088 4060 3724 4133">
    <p class='ocr_par' dir='ltr' id='par_1_103' title="bbox 2088 4060 3724 4133">
     <span class='ocr_line' id='line_1_104' title="bbox 2088 4060 3724 4133; baseline 0.001 -17"><span class='ocrx_word' id='word_1_731' title='bbox 2088 4061 2564 4117; x_wconf 82' lang='lat' dir='ltr'>conﬁrmandum</span> <span class='ocrx_word' id='word_1_732' title='bbox 2596 4060 2937 4133; x_wconf 85' lang='lat' dir='ltr'>conjugium</span> <span class='ocrx_word' id='word_1_733' title='bbox 2964 4068 3253 4116; x_wconf 30' lang='lat' dir='ltr'>vocarent.</span> <span class='ocrx_word' id='word_1_734' title='bbox 3286 4062 3542 4118; x_wconf 84' lang='lat' dir='ltr'>Achilles</span> <span class='ocrx_word' id='word_1_735' title='bbox 3573 4064 3724 4119; x_wconf 66' lang='lat'>228</span> 
     </span>
    </p>
   </div>
   <div class='ocr_carea' id='block_1_104' title="bbox 2087 4149 3727 4226">
    <p class='ocr_par' dir='ltr' id='par_1_104' title="bbox 2087 4149 3727 4226">
     <span class='ocr_line' id='line_1_105' title="bbox 2087 4149 3727 4226; baseline 0.001 -21"><span class='ocrx_word' id='word_1_736' title='bbox 2087 4151 2239 4206; x_wconf 87' lang='lat' dir='ltr'>nihil</span> <span class='ocrx_word' id='word_1_737' title='bbox 2274 4149 2499 4206; x_wconf 89' lang='lat' dir='ltr'>sinistri</span> <span class='ocrx_word' id='word_1_738' title='bbox 2524 4150 2853 4225; x_wconf 85' lang='lat' dir='ltr'>suspicans,</span> <span class='ocrx_word' id='word_1_739' title='bbox 2888 4151 2950 4203; x_wconf 90' lang='lat' dir='ltr'>in</span> <span class='ocrx_word' id='word_1_740' title='bbox 2972 4151 3192 4226; x_wconf 89' lang='lat' dir='ltr'>templo</span> <span class='ocrx_word' id='word_1_741' title='bbox 3216 4152 3508 4223; x_wconf 82' lang='lat' dir='ltr'>Apollinis</span> <span class='ocrx_word' id='word_1_742' title='bbox 3543 4158 3727 4218; x_wconf 84' lang='lat' dir='ltr'>stans,</span> 
     </span>
    </p>
   </div>
   <div class='ocr_carea' id='block_1_105' title="bbox 2089 4237 3724 4310">
    <p class='ocr_par' dir='ltr' id='par_1_105' title="bbox 2089 4237 3724 4310">
     <span class='ocr_line' id='line_1_106' title="bbox 2089 4237 3724 4310; baseline 0.001 -17"><span class='ocrx_word' id='word_1_743' title='bbox 2089 4256 2188 4293; x_wconf 89' lang='lat' dir='ltr'>eos</span> <span class='ocrx_word' id='word_1_744' title='bbox 2221 4238 2480 4298; x_wconf 89' lang='lat' dir='ltr'>admisit.</span> <span class='ocrx_word' id='word_1_745' title='bbox 2515 4237 2598 4291; x_wconf 90' lang='lat' dir='ltr'>lbi</span> <span class='ocrx_word' id='word_1_746' title='bbox 2632 4238 2794 4292; x_wconf 86' lang='lat' dir='ltr'>Paris</span> <span class='ocrx_word' id='word_1_747' title='bbox 2825 4237 2996 4292; x_wconf 89' lang='lat' dir='ltr'>altari</span> <span class='ocrx_word' id='word_1_748' title='bbox 3030 4239 3724 4310; x_wconf 87' lang='lat' dir='ltr'>assistensjurcjurando</span> 
     </span>
    </p>
   </div>
   <div class='ocr_carea' id='block_1_106' title="bbox 2090 4327 3721 4402">
    <p class='ocr_par' dir='ltr' id='par_1_106' title="bbox 2090 4327 3721 4402">
     <span class='ocr_line' id='line_1_107' title="bbox 2090 4327 3721 4402; baseline -0.001 -17"><span class='ocrx_word' id='word_1_749' title='bbox 2090 4347 2159 4385; x_wconf 86' lang='lat' dir='ltr'>ea</span> <span class='ocrx_word' id='word_1_750' title='bbox 2181 4347 2311 4402; x_wconf 69' lang='lat' dir='ltr'>quae</span> <span class='ocrx_word' id='word_1_751' title='bbox 2329 4333 2498 4383; x_wconf 86' lang='lat' dir='ltr'>erant</span> <span class='ocrx_word' id='word_1_752' title='bbox 2520 4327 2756 4399; x_wconf 87' lang='lat' dir='ltr'>utrique</span> <span class='ocrx_word' id='word_1_753' title='bbox 2779 4327 2938 4384; x_wconf 87' lang='lat' dir='ltr'>dicta</span> <span class='ocrx_word' id='word_1_754' title='bbox 2959 4328 3171 4382; x_wconf 76' lang='lat' dir='ltr'>sanxit.</span> <span class='ocrx_word' id='word_1_755' title='bbox 3200 4327 3499 4399; x_wconf 82' lang='lat' dir='ltr'>Deiphobo</span> <span class='ocrx_word' id='word_1_756' title='bbox 3523 4334 3721 4383; x_wconf 88' lang='lat' dir='ltr'>autem</span> 
     </span>
    </p>
   </div>
   <div class='ocr_carea' id='block_1_107' title="bbox 2088 4416 3731 4493">
    <p class='ocr_par' dir='ltr' id='par_1_107' title="bbox 2088 4416 3731 4493">
     <span class='ocr_line' id='line_1_108' title="bbox 2088 4416 3731 4493; baseline -0.002 -19"><span class='ocrx_word' id='word_1_757' title='bbox 2088 4417 2380 4476; x_wconf 87' lang='lat' dir='ltr'>Achillem</span> <span class='ocrx_word' id='word_1_758' title='bbox 2431 4416 2703 4488; x_wconf 83' lang='lat' dir='ltr'>amplexo</span> <span class='ocrx_word' id='word_1_759' title='bbox 2760 4422 2815 4473; x_wconf 89' lang='lat' dir='ltr'>et</span> <span class='ocrx_word' id='word_1_760' title='bbox 2845 4416 3248 4481; x_wconf 86' lang='lat' dir='ltr'>deosculante.</span> <span class='ocrx_word' id='word_1_761' title='bbox 3291 4434 3493 4477; x_wconf 87' lang='lat' dir='ltr'>ensem</span> <span class='ocrx_word' id='word_1_762' title='bbox 3553 4435 3731 4493; x_wconf 90' lang='lat' dir='ltr'>quem</span> 
     </span>
    </p>
   </div>
   <div class='ocr_carea' id='block_1_108' title="bbox 2093 4506 3731 4583">
    <p class='ocr_par' dir='ltr' id='par_1_108' title="bbox 2093 4506 3731 4583">
     <span class='ocr_line' id='line_1_109' title="bbox 2093 4506 3731 4583; baseline 0 -21"><span class='ocrx_word' id='word_1_763' title='bbox 2093 4507 2357 4581; x_wconf 78' lang='lat' dir='ltr'>gestabat</span> <span class='ocrx_word' id='word_1_764' title='bbox 2389 4507 2450 4561; x_wconf 93' lang='lat' dir='ltr'>in</span> <span class='ocrx_word' id='word_1_765' title='bbox 2482 4506 2728 4565; x_wconf 86' lang='lat' dir='ltr'>Achillis</span> <span class='ocrx_word' id='word_1_766' title='bbox 2759 4506 3042 4563; x_wconf 84' lang='lat' dir='ltr'>intestina</span> <span class='ocrx_word' id='word_1_767' title='bbox 3093 4507 3297 4562; x_wconf 77' lang='lat' dir='ltr'>defixit</span> <span class='ocrx_word' id='word_1_768' title='bbox 3328 4526 3340 4575; x_wconf 92' lang='lat'><strong>;</strong></span> <span class='ocrx_word' id='word_1_769' title='bbox 3391 4508 3731 4583; x_wconf 87' lang='lat' dir='ltr'>statimque,</span> 
     </span>
    </p>
   </div>
   <div class='ocr_carea' id='block_1_109' title="bbox 2096 4594 3734 4668">
    <p class='ocr_par' dir='ltr' id='par_1_109' title="bbox 2096 4594 3734 4668">
     <span class='ocr_line' id='line_1_110' title="bbox 2096 4594 3734 4668; baseline 0.001 -17"><span class='ocrx_word' id='word_1_770' title='bbox 2096 4597 2293 4652; x_wconf 87' lang='lat' dir='ltr'>adhuc</span> <span class='ocrx_word' id='word_1_771' title='bbox 2318 4613 2453 4651; x_wconf 88' lang='lat' dir='ltr'>eum</span> <span class='ocrx_word' id='word_1_772' title='bbox 2475 4594 2778 4668; x_wconf 91' lang='lat' dir='ltr'>Deiphobo</span> <span class='ocrx_word' id='word_1_773' title='bbox 2804 4597 3234 4663; x_wconf 86' lang='lat' dir='ltr'>tenente,Paris</span> <span class='ocrx_word' id='word_1_774' title='bbox 3264 4596 3518 4653; x_wconf 89' lang='lat' dir='ltr'>alterum</span> <span class='ocrx_word' id='word_1_775' title='bbox 3549 4598 3734 4653; x_wconf 89' lang='lat' dir='ltr'>ictum</span> 
     </span>
    </p>
   </div>
   <div class='ocr_carea' id='block_1_110' title="bbox 2089 4684 3731 4744">
    <p class='ocr_par' dir='ltr' id='par_1_110' title="bbox 2089 4684 3731 4744">
     <span class='ocr_line' id='line_1_111' title="bbox 2089 4684 3731 4744; baseline 0.001 -4"><span class='ocrx_word' id='word_1_776' title='bbox 2089 4685 2309 4740; x_wconf 87' lang='lat' dir='ltr'>intulit.</span> <span class='ocrx_word' id='word_1_777' title='bbox 2342 4684 2602 4744; x_wconf 88' lang='lat' dir='ltr'>Achilles</span> <span class='ocrx_word' id='word_1_778' title='bbox 2628 4684 2848 4739; x_wconf 89' lang='lat' dir='ltr'>viribus</span> <span class='ocrx_word' id='word_1_779' title='bbox 2880 4685 3294 4742; x_wconf 82' lang='lat' dir='ltr'>deﬁcientibus</span> <span class='ocrx_word' id='word_1_780' title='bbox 3325 4686 3603 4743; x_wconf 88' lang='lat' dir='ltr'>concidit.</span> <span class='ocrx_word' id='word_1_781' title='bbox 3638 4687 3731 4741; x_wconf 87' lang='lat' dir='ltr'>Illi</span> 
     </span>
    </p>
   </div>
   <div class='ocr_carea' id='block_1_111' title="bbox 2092 4774 3732 4850">
    <p class='ocr_par' dir='ltr' id='par_1_111' title="bbox 2092 4774 3732 4850">
     <span class='ocr_line' id='line_1_112' title="bbox 2092 4774 3732 4850; baseline 0 -19"><span class='ocrx_word' id='word_1_782' title='bbox 2092 4776 2240 4831; x_wconf 89' lang='lat' dir='ltr'>citra</span> <span class='ocrx_word' id='word_1_783' title='bbox 2269 4774 2671 4847; x_wconf 88' lang='lat' dir='ltr'>suspicionem</span> <span class='ocrx_word' id='word_1_784' title='bbox 2703 4774 2788 4829; x_wconf 89' lang='lat' dir='ltr'>rei</span> <span class='ocrx_word' id='word_1_785' title='bbox 2813 4774 2929 4829; x_wconf 87' lang='lat' dir='ltr'>alia</span> <span class='ocrx_word' id='word_1_786' title='bbox 2960 4775 3049 4829; x_wconf 88' lang='lat' dir='ltr'>via</span> <span class='ocrx_word' id='word_1_787' title='bbox 3081 4792 3149 4830; x_wconf 84' lang='lat' dir='ltr'>ex</span> <span class='ocrx_word' id='word_1_788' title='bbox 3182 4776 3316 4832; x_wconf 91' lang='lat' dir='ltr'>lnco</span> <span class='ocrx_word' id='word_1_789' title='bbox 3349 4777 3732 4850; x_wconf 86' lang='lat' dir='ltr'>egressi,cum</span> 
     </span>
    </p>
   </div>
   <div class='ocr_carea' id='block_1_112' title="bbox 2091 4864 3733 4941">
    <p class='ocr_par' dir='ltr' id='par_1_112' title="bbox 2091 4864 3733 4941">
     <span class='ocr_line' id='line_1_113' title="bbox 2091 4864 3733 4941; baseline 0 -18"><span class='ocrx_word' id='word_1_790' title='bbox 2091 4865 2401 4939; x_wconf 88' lang='lat' dir='ltr'>paululum</span> <span class='ocrx_word' id='word_1_791' title='bbox 2424 4864 2560 4920; x_wconf 92' lang='lat' dir='ltr'>inde</span> <span class='ocrx_word' id='word_1_792' title='bbox 2577 4866 3211 4941; x_wconf 86' lang='lat' dir='ltr'>processissent,citato</span> <span class='ocrx_word' id='word_1_793' title='bbox 3239 4884 3417 4923; x_wconf 90' lang='lat' dir='ltr'>cursu</span> <span class='ocrx_word' id='word_1_794' title='bbox 3440 4868 3501 4922; x_wconf 88' lang='lat' dir='ltr'>in</span> <span class='ocrx_word' id='word_1_795' title='bbox 3526 4867 3733 4923; x_wconf 84' lang='lat' dir='ltr'>urbem</span> 
     </span>
    </p>
   </div>
   <div class='ocr_carea' id='block_1_113' title="bbox 2093 4955 3731 5033">
    <p class='ocr_par' dir='ltr' id='par_1_113' title="bbox 2093 4955 3731 5033">
     <span class='ocr_line' id='line_1_114' title="bbox 2093 4955 3731 5033; baseline -0.002 -20"><span class='ocrx_word' id='word_1_796' title='bbox 2093 4976 2154 5014; x_wconf 86' lang='lat' dir='ltr'>se</span> <span class='ocrx_word' id='word_1_797' title='bbox 2186 4956 2627 5033; x_wconf 81' lang='lat' dir='ltr'>proripuerunt.</span> <span class='ocrx_word' id='word_1_798' title='bbox 2663 4955 2898 5028; x_wconf 73' lang='lat' dir='ltr'>Ulysses</span> <span class='ocrx_word' id='word_1_799' title='bbox 2942 4974 3076 5012; x_wconf 89' lang='lat' dir='ltr'>cum</span> <span class='ocrx_word' id='word_1_800' title='bbox 3132 4957 3306 5012; x_wconf 86' lang='lat' dir='ltr'>sociis</span> <span class='ocrx_word' id='word_1_801' title='bbox 3335 4974 3572 5013; x_wconf 87' lang='lat' dir='ltr'>currere</span> <span class='ocrx_word' id='word_1_802' title='bbox 3632 4974 3731 5011; x_wconf 88' lang='lat' dir='ltr'>eos</span> 
     </span>
    </p>
   </div>
   <div class='ocr_carea' id='block_1_114' title="bbox 2093 5044 3735 5123">
    <p class='ocr_par' dir='ltr' id='par_1_114' title="bbox 2093 5044 3735 5123">
     <span class='ocr_line' id='line_1_115' title="bbox 2093 5044 3735 5123; baseline -0.001 -21"><span class='ocrx_word' id='word_1_803' title='bbox 2093 5045 2491 5114; x_wconf 86' lang='lat' dir='ltr'>cernentes,in</span> <span class='ocrx_word' id='word_1_804' title='bbox 2520 5044 2799 5123; x_wconf 84' lang='lat' dir='ltr'>templum</span> <span class='ocrx_word' id='word_1_805' title='bbox 2824 5046 3372 5119; x_wconf 86' lang='lat' dir='ltr'>accurrunt,ibique</span> <span class='ocrx_word' id='word_1_806' title='bbox 3398 5063 3549 5117; x_wconf 90' lang='lat' dir='ltr'>pone</span> <span class='ocrx_word' id='word_1_807' title='bbox 3573 5062 3735 5101; x_wconf 88' lang='lat' dir='ltr'>aram</span> 
     </span>
    </p>
   </div>
   <div class='ocr_carea' id='block_1_115' title="bbox 2084 5135 3732 5211">
    <p class='ocr_par' dir='ltr' id='par_1_115' title="bbox 2084 5135 3732 5211">
     <span class='ocr_line' id='line_1_116' title="bbox 2084 5135 3732 5211; baseline -0.001 -18"><span class='ocrx_word' id='word_1_808' title='bbox 2084 5138 2385 5209; x_wconf 85' lang='lat' dir='ltr'>jacentem</span> <span class='ocrx_word' id='word_1_809' title='bbox 2417 5135 2704 5191; x_wconf 84' lang='lat' dir='ltr'>Achillem</span> <span class='ocrx_word' id='word_1_810' title='bbox 2738 5154 2945 5193; x_wconf 86' lang='lat' dir='ltr'>cruore</span> <span class='ocrx_word' id='word_1_811' title='bbox 2977 5137 3261 5194; x_wconf 72' lang='lat' dir='ltr'>foedatum</span> <span class='ocrx_word' id='word_1_812' title='bbox 3295 5138 3616 5211; x_wconf 88' lang='lat' dir='ltr'>reperiunt.</span> <span class='ocrx_word' id='word_1_813' title='bbox 3633 5138 3732 5192; x_wconf 87' lang='lat' dir='ltr'>Cui</span> 
     </span>
    </p>
   </div>
   <div class='ocr_carea' id='block_1_116' title="bbox 2095 5224 3732 5298">
    <p class='ocr_par' dir='ltr' id='par_1_116' title="bbox 2095 5224 3732 5298">
     <span class='ocr_line' id='line_1_117' title="bbox 2095 5224 3732 5298; baseline 0.001 -18"><span class='ocrx_word' id='word_1_814' title='bbox 2095 5228 2239 5297; x_wconf 86' lang='lat' dir='ltr'>Ajax</span> <span class='ocrx_word' id='word_1_815' title='bbox 2268 5241 2281 5283; x_wconf 84' lang='lat'><strong>:</strong></span> <span class='ocrx_word' id='word_1_816' title='bbox 2308 5224 2624 5281; x_wconf 81' lang='lat' dir='ltr'>«Profecto</span> <span class='ocrx_word' id='word_1_817' title='bbox 2650 5240 2822 5281; x_wconf 88' lang='lat' dir='ltr'>nemo</span> <span class='ocrx_word' id='word_1_818' title='bbox 2844 5224 3153 5282; x_wconf 89' lang='lat' dir='ltr'>hominum</span> <span class='ocrx_word' id='word_1_819' title='bbox 3179 5233 3232 5281; x_wconf 92' lang='lat' dir='ltr'>tc</span> <span class='ocrx_word' id='word_1_820' title='bbox 3254 5232 3485 5298; x_wconf 84' lang='lat' dir='ltr'>poterat</span> <span class='ocrx_word' id='word_1_821' title='bbox 3506 5225 3732 5282; x_wconf 84' lang='lat' dir='ltr'>interii-</span> 
     </span>
    </p>
   </div>
   <div class='ocr_carea' id='block_1_117' title="bbox 2094 5313 3733 5389">
    <p class='ocr_par' dir='ltr' id='par_1_117' title="bbox 2094 5313 3733 5389">
     <span class='ocr_line' id='line_1_118' title="bbox 2094 5313 3733 5389; baseline 0 -17"><span class='ocrx_word' id='word_1_822' title='bbox 2094 5313 2360 5378; x_wconf 74' lang='lat' dir='ltr'>crre,sed</span> <span class='ocrx_word' id='word_1_823' title='bbox 2394 5317 2494 5367; x_wconf 89' lang='lat' dir='ltr'>tua</span> <span class='ocrx_word' id='word_1_824' title='bbox 2526 5314 2827 5368; x_wconf 87' lang='lat' dir='ltr'>temeritas</span> <span class='ocrx_word' id='word_1_825' title='bbox 2860 5320 2912 5369; x_wconf 92' lang='lat' dir='ltr'>te</span> <span class='ocrx_word' id='word_1_826' title='bbox 2942 5317 3066 5370; x_wconf 90' lang='lat' dir='ltr'>solo</span> <span class='ocrx_word' id='word_1_827' title='bbox 3102 5314 3378 5388; x_wconf 89' lang='lat' dir='ltr'>perdidit.</span> <span class='ocrx_word' id='word_1_828' title='bbox 3415 5338 3434 5364; x_wconf 71' lang='grc' dir='ltr'>ν</span> <span class='ocrx_word' id='word_1_829' title='bbox 3472 5318 3733 5389; x_wconf 74' lang='lat' dir='ltr'>Respon~</span> 
     </span>
    </p>
   </div>
   <div class='ocr_carea' id='block_1_118' title="bbox 2094 5399 3732 5478">
    <p class='ocr_par' dir='ltr' id='par_1_118' title="bbox 2094 5399 3732 5478">
     <span class='ocr_line' id='line_1_119' title="bbox 2094 5399 3732 5478; baseline 0.002 -21"><span class='ocrx_word' id='word_1_830' title='bbox 2094 5403 2181 5459; x_wconf 89' lang='lat' dir='ltr'>dit</span> <span class='ocrx_word' id='word_1_831' title='bbox 2214 5401 2468 5461; x_wconf 88' lang='lat' dir='ltr'>Achilles</span> <span class='ocrx_word' id='word_1_832' title='bbox 2498 5399 2982 5458; x_wconf 64' lang='lat' dir='ltr'>haecextremum</span> <span class='ocrx_word' id='word_1_833' title='bbox 3016 5404 3290 5477; x_wconf 84' lang='lat' dir='ltr'>spiritum</span> <span class='ocrx_word' id='word_1_834' title='bbox 3326 5404 3455 5478; x_wconf 88' lang='lat' dir='ltr'>jam</span> <span class='ocrx_word' id='word_1_835' title='bbox 3486 5405 3732 5473; x_wconf 79' lang='lat' dir='ltr'>ducens,</span> 
     </span>
    </p>
   </div>
   <div class='ocr_carea' id='block_1_119' title="bbox 2093 5488 3736 5568">
    <p class='ocr_par' dir='ltr' id='par_1_119' title="bbox 2093 5488 3736 5568">
     <span class='ocr_line' id='line_1_120' title="bbox 2093 5488 3736 5568; baseline 0.002 -23"><span class='ocrx_word' id='word_1_836' title='bbox 2093 5515 2120 5536; x_wconf 81' lang='grc' dir='ltr'><strong><em>υ</em></strong></span> <span class='ocrx_word' id='word_1_837' title='bbox 2156 5490 2298 5546; x_wconf 79' lang='lat' dir='ltr'>Dolo</span> <span class='ocrx_word' id='word_1_838' title='bbox 2334 5505 2424 5547; x_wconf 87' lang='lat' dir='ltr'>me</span> <span class='ocrx_word' id='word_1_839' title='bbox 2482 5488 2650 5544; x_wconf 89' lang='lat' dir='ltr'>Paris</span> <span class='ocrx_word' id='word_1_840' title='bbox 2682 5496 2738 5543; x_wconf 86' lang='lat' dir='ltr'>et</span> <span class='ocrx_word' id='word_1_841' title='bbox 2798 5492 3137 5565; x_wconf 86' lang='lat' dir='ltr'>Deiphobus</span> <span class='ocrx_word' id='word_1_842' title='bbox 3183 5493 3499 5568; x_wconf 61' lang='lat' dir='ltr'>Polyxenia</span> <span class='ocrx_word' id='word_1_843' title='bbox 3556 5511 3736 5551; x_wconf 85' lang='lat' dir='ltr'>causa</span> 
     </span>
    </p>
   </div>
   <div class='ocr_carea' id='block_1_120' title="bbox 2094 5578 3736 5654">
    <p class='ocr_par' dir='ltr' id='par_1_120' title="bbox 2094 5578 3736 5654">
     <span class='ocr_line' id='line_1_121' title="bbox 2094 5578 3736 5654; baseline 0.003 -18"><span class='ocrx_word' id='word_1_844' title='bbox 2094 5582 2509 5636; x_wconf 81' lang='lat' dir='ltr'>necaverunt.»</span> <span class='ocrx_word' id='word_1_845' title='bbox 2544 5578 2798 5635; x_wconf 85' lang='lat' dir='ltr'>Proinde</span> <span class='ocrx_word' id='word_1_846' title='bbox 2830 5598 3043 5654; x_wconf 84' lang='lat' dir='ltr'>corpus</span> <span class='ocrx_word' id='word_1_847' title='bbox 3077 5582 3322 5640; x_wconf 82' lang='lat' dir='ltr'>Achillis</span> <span class='ocrx_word' id='word_1_848' title='bbox 3352 5584 3392 5638; x_wconf 92' lang='lat' dir='ltr'>ii</span> <span class='ocrx_word' id='word_1_849' title='bbox 3423 5583 3736 5641; x_wconf 88' lang='lat' dir='ltr'>celerrime</span> 
     </span>
    </p>
   </div>
   <div class='ocr_carea' id='block_1_121' title="bbox 2095 5668 3737 5750">
    <p class='ocr_par' dir='ltr' id='par_1_121' title="bbox 2095 5668 3737 5750">
     <span class='ocr_line' id='line_1_122' title="bbox 2095 5668 3737 5750; baseline 0.001 -24"><span class='ocrx_word' id='word_1_850' title='bbox 2095 5671 2440 5743; x_wconf 85' lang='lat' dir='ltr'>rapuerunt,</span> <span class='ocrx_word' id='word_1_851' title='bbox 2478 5671 2535 5724; x_wconf 85' lang='lat' dir='ltr'>et</span> <span class='ocrx_word' id='word_1_852' title='bbox 2586 5668 2848 5725; x_wconf 83' lang='lat' dir='ltr'>humeris</span> <span class='ocrx_word' id='word_1_853' title='bbox 2882 5671 3004 5727; x_wconf 88' lang='lat' dir='ltr'>suis</span> <span class='ocrx_word' id='word_1_854' title='bbox 3052 5671 3395 5750; x_wconf 74' lang='lat' dir='ltr'>impositum</span> <span class='ocrx_word' id='word_1_855' title='bbox 3440 5674 3501 5727; x_wconf 91' lang='lat' dir='ltr'>in</span> <span class='ocrx_word' id='word_1_856' title='bbox 3546 5677 3737 5729; x_wconf 89' lang='lat' dir='ltr'>castra</span> 
     </span>
    </p>
   </div>
  </div>
