  <div class='ocr_page' id='page_1' title='image "/cluster/home/n/w/nwhite01/storage/ocr_20150623/121/mdp.39015078384289/139.png"; bbox 0 0 4118 6284; ppageno 0'>
   <div class='ocr_carea' id='block_1_1' title="bbox 360 418 477 478">
    <p class='ocr_par' dir='ltr' id='par_1_1' title="bbox 360 418 477 478">
     <span class='ocr_line' id='line_1_1' title="bbox 360 418 477 478; baseline 0.009 -1"><span class='ocrx_word' id='word_1_1' title='bbox 360 418 477 478; x_wconf 76' lang='grc'>263</span> 
     </span>
    </p>
   </div>
   <div class='ocr_carea' id='block_1_2' title="bbox 1719 396 2423 464">
    <p class='ocr_par' dir='ltr' id='par_1_2' title="bbox 1719 396 2423 464">
     <span class='ocr_line' id='line_1_2' title="bbox 1719 396 2423 464; baseline -0.011 0"><span class='ocrx_word' id='word_1_2' title='bbox 1719 399 2036 464; x_wconf 71' lang='lat' dir='ltr'>GEORGII</span> <span class='ocrx_word' id='word_1_3' title='bbox 2079 396 2423 458; x_wconf 80' lang='lat' dir='ltr'>CEDRENI</span> 
     </span>
    </p>
   </div>
   <div class='ocr_carea' id='block_1_3' title="bbox 3650 390 3770 453">
    <p class='ocr_par' dir='ltr' id='par_1_3' title="bbox 3650 390 3770 453">
     <span class='ocr_line' id='line_1_3' title="bbox 3650 390 3770 453; baseline 0 -1"><span class='ocrx_word' id='word_1_4' title='bbox 3650 390 3770 453; x_wconf 70' lang='grc'>264</span> 
     </span>
    </p>
   </div>
   <div class='ocr_carea' id='block_1_4' title="bbox 357 518 2012 624">
    <p class='ocr_par' dir='ltr' id='par_1_4' title="bbox 357 539 2002 624">
     <span class='ocr_line' id='line_1_4' title="bbox 357 539 2002 624; baseline -0.011 -17"><span class='ocrx_word' id='word_1_5' title='bbox 357 549 1203 624; x_wconf 89' lang='lat' dir='ltr'>pertuleruat,crematumque</span> <span class='ocrx_word' id='word_1_6' title='bbox 1224 541 1568 597; x_wconf 88' lang='lat' dir='ltr'>humarunt.</span> <span class='ocrx_word' id='word_1_7' title='bbox 1595 539 2002 624; x_wconf 86' lang='lat' dir='ltr'>Postmortem</span> 
     </span>
    </p>
   </div>
   <div class='ocr_carea' id='block_1_5' title="bbox 2122 518 3774 624">
    <p class='ocr_par' dir='ltr' id='par_1_5' title="bbox 2122 518 3774 624">
     <span class='ocr_line' id='line_1_5' title="bbox 2122 518 3774 624; baseline -0.004 -41"><span class='ocrx_word' id='word_1_8' title='bbox 2122 527 2204 583; x_wconf 77' lang='grc' dir='ltr'>τὸν</span> <span class='ocrx_word' id='word_1_9' title='bbox 2237 527 2426 603; x_wconf 82' lang='grc' dir='ltr'>βωμὸν</span> <span class='ocrx_word' id='word_1_10' title='bbox 2463 526 2677 595; x_wconf 83' lang='grc' dir='ltr'>ἳστατο,</span> <span class='ocrx_word' id='word_1_11' title='bbox 2727 523 3197 624; x_wconf 48' lang='grc' dir='ltr'>περιπλεκομῗιου</span> <span class='ocrx_word' id='word_1_12' title='bbox 3248 520 3306 579; x_wconf 69' lang='grc' dir='ltr'>δὲ</span> <span class='ocrx_word' id='word_1_13' title='bbox 3352 518 3638 624; x_wconf 77' lang='grc' dir='ltr'>Δηϊφόόου</span> <span class='ocrx_word' id='word_1_14' title='bbox 3676 523 3774 578; x_wconf 81' lang='grc' dir='ltr'>τὸν</span> 
     </span>
    </p>
   </div>
   <div class='ocr_carea' id='block_1_6' title="bbox 354 623 2004 709">
    <p class='ocr_par' dir='ltr' id='par_1_6' title="bbox 354 623 2004 709">
     <span class='ocr_line' id='line_1_6' title="bbox 354 623 2004 709; baseline -0.012 -13"><span class='ocrx_word' id='word_1_15' title='bbox 354 623 603 696; x_wconf 52' lang='lat' dir='ltr'>Achillis</span> <span class='ocrx_word' id='word_1_16' title='bbox 620 653 816 709; x_wconf 84' lang='lat' dir='ltr'>pugna</span> <span class='ocrx_word' id='word_1_17' title='bbox 831 637 1106 689; x_wconf 88' lang='lat' dir='ltr'>conserta</span> <span class='ocrx_word' id='word_1_18' title='bbox 1125 631 1447 702; x_wconf 84' lang='lat' dir='ltr'>multisque</span> <span class='ocrx_word' id='word_1_19' title='bbox 1462 629 1742 699; x_wconf 89' lang='lat' dir='ltr'>utrinque</span> <span class='ocrx_word' id='word_1_20' title='bbox 1756 625 1828 681; x_wconf 92' lang='lat' dir='ltr'>de</span> <span class='ocrx_word' id='word_1_21' title='bbox 1826 623 2004 695; x_wconf 89' lang='lat' dir='ltr'>jectis</span> 
     </span>
    </p>
   </div>
   <div class='ocr_carea' id='block_1_7' title="bbox 356 717 2006 800">
    <p class='ocr_par' dir='ltr' id='par_1_7' title="bbox 356 717 2006 800">
     <span class='ocr_line' id='line_1_7' title="bbox 356 717 2006 800; baseline -0.01 -17"><span class='ocrx_word' id='word_1_22' title='bbox 356 727 642 800; x_wconf 82' lang='lat' dir='ltr'>singulari</span> <span class='ocrx_word' id='word_1_23' title='bbox 673 723 1007 781; x_wconf 75' lang='lat' dir='ltr'>certamine</span> <span class='ocrx_word' id='word_1_24' title='bbox 1038 720 1397 776; x_wconf 81' lang='lat' dir='ltr'>Philoctetes</span> <span class='ocrx_word' id='word_1_25' title='bbox 1427 723 1486 773; x_wconf 89' lang='lat' dir='ltr'>et</span> <span class='ocrx_word' id='word_1_26' title='bbox 1540 717 1706 772; x_wconf 91' lang='lat' dir='ltr'>Paris</span> <span class='ocrx_word' id='word_1_27' title='bbox 1758 729 2006 786; x_wconf 87' lang='lat' dir='ltr'>congre-</span> 
     </span>
    </p>
   </div>
   <div class='ocr_carea' id='block_1_8' title="bbox 360 803 2007 874">
    <p class='ocr_par' dir='ltr' id='par_1_8' title="bbox 360 803 2007 874">
     <span class='ocr_line' id='line_1_8' title="bbox 360 803 2007 874; baseline -0.01 -2"><span class='ocrx_word' id='word_1_28' title='bbox 360 818 626 872; x_wconf 89' lang='lat' dir='ltr'>diuntur.</span> <span class='ocrx_word' id='word_1_29' title='bbox 682 814 853 868; x_wconf 86' lang='lat' dir='ltr'>Prior</span> <span class='ocrx_word' id='word_1_30' title='bbox 895 816 1054 866; x_wconf 82' lang='lat' dir='ltr'>sorte</span> <span class='ocrx_word' id='word_1_31' title='bbox 1117 809 1282 866; x_wconf 86' lang='lat' dir='ltr'>Paris</span> <span class='ocrx_word' id='word_1_32' title='bbox 1349 807 1736 863; x_wconf 87' lang='lat' dir='ltr'>Philoctetem</span> <span class='ocrx_word' id='word_1_33' title='bbox 1795 803 2007 874; x_wconf 78' lang='lat' dir='ltr'>sagitta</span> 
     </span>
    </p>
   </div>
   <div class='ocr_carea' id='block_1_9' title="bbox 357 892 2002 979">
    <p class='ocr_par' dir='ltr' id='par_1_9' title="bbox 357 892 2002 979">
     <span class='ocr_line' id='line_1_9' title="bbox 357 892 2002 979; baseline -0.01 -18"><span class='ocrx_word' id='word_1_34' title='bbox 357 911 562 979; x_wconf 86' lang='lat' dir='ltr'>petens</span> <span class='ocrx_word' id='word_1_35' title='bbox 583 903 819 960; x_wconf 87' lang='lat' dir='ltr'>aberrat</span> <span class='ocrx_word' id='word_1_36' title='bbox 839 917 873 955; x_wconf 92' lang='lat' dir='ltr'>a</span> <span class='ocrx_word' id='word_1_37' title='bbox 887 897 1426 970; x_wconf 89' lang='lat' dir='ltr'>sc0p0.Philocteta</span> <span class='ocrx_word' id='word_1_38' title='bbox 1437 895 1698 950; x_wconf 82' lang='lat' dir='ltr'>vicissim</span> <span class='ocrx_word' id='word_1_39' title='bbox 1721 892 2002 964; x_wconf 90' lang='lat' dir='ltr'>primum.</span> 
     </span>
    </p>
   </div>
   <div class='ocr_carea' id='block_1_10' title="bbox 357 979 2003 1060">
    <p class='ocr_par' dir='ltr' id='par_1_10' title="bbox 357 979 2003 1060">
     <span class='ocr_line' id='line_1_10' title="bbox 357 979 2003 1060; baseline -0.009 -10"><span class='ocrx_word' id='word_1_40' title='bbox 357 995 564 1050; x_wconf 71' lang='lat' dir='ltr'>laevam</span> <span class='ocrx_word' id='word_1_41' title='bbox 611 991 844 1048; x_wconf 91' lang='lat' dir='ltr'>Paridis</span> <span class='ocrx_word' id='word_1_42' title='bbox 890 1005 1135 1044; x_wconf 88' lang='lat' dir='ltr'>manum</span> <span class='ocrx_word' id='word_1_43' title='bbox 1185 987 1396 1060; x_wconf 78' lang='lat' dir='ltr'>sagitta</span> <span class='ocrx_word' id='word_1_44' title='bbox 1453 984 1692 1057; x_wconf 87' lang='lat' dir='ltr'>trajicit,</span> <span class='ocrx_word' id='word_1_45' title='bbox 1743 979 2003 1038; x_wconf 90' lang='lat' dir='ltr'>secundo</span> 
     </span>
    </p>
   </div>
   <div class='ocr_carea' id='block_1_11' title="bbox 361 1069 2006 1152">
    <p class='ocr_par' dir='ltr' id='par_1_11' title="bbox 361 1069 2006 1152">
     <span class='ocr_line' id='line_1_11' title="bbox 361 1069 2006 1152; baseline -0.009 -12"><span class='ocrx_word' id='word_1_46' title='bbox 361 1084 635 1139; x_wconf 85' lang='lat' dir='ltr'>dextrum</span> <span class='ocrx_word' id='word_1_47' title='bbox 667 1081 794 1152; x_wconf 86' lang='lat' dir='ltr'>ejus</span> <span class='ocrx_word' id='word_1_48' title='bbox 825 1077 1065 1134; x_wconf 90' lang='lat' dir='ltr'>oculum</span> <span class='ocrx_word' id='word_1_49' title='bbox 1119 1076 1292 1144; x_wconf 89' lang='lat' dir='ltr'>eruit,</span> <span class='ocrx_word' id='word_1_50' title='bbox 1328 1076 1500 1131; x_wconf 87' lang='lat' dir='ltr'>tertio</span> <span class='ocrx_word' id='word_1_51' title='bbox 1533 1073 1683 1130; x_wconf 87' lang='lat' dir='ltr'>talos</span> <span class='ocrx_word' id='word_1_52' title='bbox 1723 1076 1783 1127; x_wconf 94' lang='lat' dir='ltr'>et</span> <span class='ocrx_word' id='word_1_53' title='bbox 1824 1069 2006 1142; x_wconf 88' lang='lat' dir='ltr'><strong>pedes</strong></span> 
     </span>
    </p>
   </div>
   <div class='ocr_carea' id='block_1_12' title="bbox 358 1163 2008 1246">
    <p class='ocr_par' dir='ltr' id='par_1_12' title="bbox 358 1163 2008 1246">
     <span class='ocr_line' id='line_1_12' title="bbox 358 1163 2008 1246; baseline -0.006 -18"><span class='ocrx_word' id='word_1_54' title='bbox 358 1174 656 1246; x_wconf 88' lang='lat' dir='ltr'>impetens</span> <span class='ocrx_word' id='word_1_55' title='bbox 683 1187 819 1226; x_wconf 90' lang='lat' dir='ltr'>eum</span> <span class='ocrx_word' id='word_1_56' title='bbox 849 1171 975 1228; x_wconf 91' lang='lat' dir='ltr'>solo</span> <span class='ocrx_word' id='word_1_57' title='bbox 1015 1168 1360 1242; x_wconf 87' lang='lat' dir='ltr'>prosternit.</span> <span class='ocrx_word' id='word_1_58' title='bbox 1393 1165 1500 1232; x_wconf 88' lang='lat' dir='ltr'>Qui</span> <span class='ocrx_word' id='word_1_59' title='bbox 1550 1163 1924 1220; x_wconf 84' lang='lat' dir='ltr'>semianimis</span> <span class='ocrx_word' id='word_1_60' title='bbox 1973 1179 2008 1218; x_wconf 89' lang='lat' dir='ltr'>a</span> 
     </span>
    </p>
   </div>
   <div class='ocr_carea' id='block_1_13' title="bbox 360 1253 2006 1332">
    <p class='ocr_par' dir='ltr' id='par_1_13' title="bbox 360 1253 2006 1332">
     <span class='ocr_line' id='line_1_13' title="bbox 360 1253 2006 1332; baseline -0.007 -15"><span class='ocrx_word' id='word_1_61' title='bbox 360 1262 483 1317; x_wconf 92' lang='lat' dir='ltr'>suis</span> <span class='ocrx_word' id='word_1_62' title='bbox 513 1261 797 1332; x_wconf 90' lang='lat' dir='ltr'>abreptus</span> <span class='ocrx_word' id='word_1_63' title='bbox 828 1264 888 1314; x_wconf 93' lang='lat' dir='ltr'>et</span> <span class='ocrx_word' id='word_1_64' title='bbox 916 1259 1089 1314; x_wconf 90' lang='lat' dir='ltr'>Ilium</span> <span class='ocrx_word' id='word_1_65' title='bbox 1112 1257 1376 1329; x_wconf 89' lang='lat' dir='ltr'>perlatus</span> <span class='ocrx_word' id='word_1_66' title='bbox 1407 1258 1533 1320; x_wconf 90' lang='lat' dir='ltr'>est;</span> <span class='ocrx_word' id='word_1_67' title='bbox 1565 1253 1666 1309; x_wconf 92' lang='lat' dir='ltr'>ubi</span> <span class='ocrx_word' id='word_1_68' title='bbox 1699 1258 1838 1318; x_wconf 89' lang='lat' dir='ltr'>tres,</span> <span class='ocrx_word' id='word_1_69' title='bbox 1855 1269 2006 1324; x_wconf 90' lang='lat' dir='ltr'>quos</span> 
     </span>
    </p>
   </div>
   <div class='ocr_carea' id='block_1_14' title="bbox 361 1342 2004 1421">
    <p class='ocr_par' dir='ltr' id='par_1_14' title="bbox 361 1342 2004 1421">
     <span class='ocr_line' id='line_1_14' title="bbox 361 1342 2004 1421; baseline -0.006 -16"><span class='ocrx_word' id='word_1_70' title='bbox 361 1351 414 1406; x_wconf 92' lang='lat' dir='ltr'>ei</span> <span class='ocrx_word' id='word_1_71' title='bbox 444 1349 670 1405; x_wconf 87' lang='lat' dir='ltr'>Helena</span> <span class='ocrx_word' id='word_1_72' title='bbox 689 1353 1022 1421; x_wconf 83' lang='lat' dir='ltr'>pepererat,</span> <span class='ocrx_word' id='word_1_73' title='bbox 1057 1346 1598 1416; x_wconf 83' lang='lat' dir='ltr'>lllios,Bunymum,</span> <span class='ocrx_word' id='word_1_74' title='bbox 1631 1342 2004 1414; x_wconf 75' lang='lat' dir='ltr'>Corythaaum</span> 
     </span>
    </p>
   </div>
   <div class='ocr_carea' id='block_1_15' title="bbox 363 1430 2006 1509">
    <p class='ocr_par' dir='ltr' id='par_1_15' title="bbox 363 1430 2006 1509">
     <span class='ocr_line' id='line_1_15' title="bbox 363 1430 2006 1509; baseline -0.007 -14"><span class='ocrx_word' id='word_1_75' title='bbox 363 1445 422 1496; x_wconf 89' lang='lat' dir='ltr'>et</span> <span class='ocrx_word' id='word_1_76' title='bbox 451 1439 694 1505; x_wconf 61' lang='lat' dir='ltr'>Idaeum,</span> <span class='ocrx_word' id='word_1_77' title='bbox 750 1437 1031 1509; x_wconf 88' lang='lat' dir='ltr'>parvulos</span> <span class='ocrx_word' id='word_1_78' title='bbox 1063 1434 1413 1498; x_wconf 91' lang='lat' dir='ltr'>etiamnum,</span> <span class='ocrx_word' id='word_1_79' title='bbox 1464 1433 1618 1488; x_wconf 68' lang='lat'><strong>229</strong></span> <span class='ocrx_word' id='word_1_80' title='bbox 1651 1430 1763 1486; x_wconf 88' lang='lat' dir='ltr'>sibi</span> <span class='ocrx_word' id='word_1_81' title='bbox 1812 1435 2006 1485; x_wconf 88' lang='lat' dir='ltr'>astare</span> 
     </span>
    </p>
   </div>
   <div class='ocr_carea' id='block_1_16' title="bbox 361 1518 2006 1592">
    <p class='ocr_par' dir='ltr' id='par_1_16' title="bbox 361 1518 2006 1592">
     <span class='ocr_line' id='line_1_16' title="bbox 361 1518 2006 1592; baseline -0.005 -11"><span class='ocrx_word' id='word_1_82' title='bbox 361 1527 589 1592; x_wconf 84' lang='lat' dir='ltr'>videns,</span> <span class='ocrx_word' id='word_1_83' title='bbox 615 1526 942 1582; x_wconf 89' lang='lat' dir='ltr'>interclusa</span> <span class='ocrx_word' id='word_1_84' title='bbox 970 1523 1246 1592; x_wconf 85' lang='lat' dir='ltr'>voce,sub</span> <span class='ocrx_word' id='word_1_85' title='bbox 1269 1521 1527 1577; x_wconf 91' lang='lat' dir='ltr'>mediam</span> <span class='ocrx_word' id='word_1_86' title='bbox 1550 1525 1787 1575; x_wconf 87' lang='lat' dir='ltr'>noctem</span> <span class='ocrx_word' id='word_1_87' title='bbox 1809 1518 2006 1590; x_wconf 83' lang='lat' dir='ltr'>exspi-</span> 
     </span>
    </p>
   </div>
   <div class='ocr_carea' id='block_1_17' title="bbox 361 1605 2004 1684">
    <p class='ocr_par' dir='ltr' id='par_1_17' title="bbox 361 1605 2004 1684">
     <span class='ocr_line' id='line_1_17' title="bbox 361 1605 2004 1684; baseline -0.006 -13"><span class='ocrx_word' id='word_1_88' title='bbox 361 1616 529 1672; x_wconf 87' lang='lat' dir='ltr'>ravit.</span> <span class='ocrx_word' id='word_1_89' title='bbox 563 1615 716 1670; x_wconf 90' lang='lat' dir='ltr'>Tum</span> <span class='ocrx_word' id='word_1_90' title='bbox 747 1615 1006 1681; x_wconf 77' lang='lat' dir='ltr'>(Enone,</span> <span class='ocrx_word' id='word_1_91' title='bbox 1040 1629 1171 1684; x_wconf 83' lang='lat' dir='ltr'>quae</span> <span class='ocrx_word' id='word_1_92' title='bbox 1203 1611 1366 1683; x_wconf 90' lang='lat' dir='ltr'>prius</span> <span class='ocrx_word' id='word_1_93' title='bbox 1421 1627 1571 1666; x_wconf 79' lang='lat' dir='ltr'>uxor</span> <span class='ocrx_word' id='word_1_94' title='bbox 1598 1605 1830 1663; x_wconf 89' lang='lat' dir='ltr'>Paridis</span> <span class='ocrx_word' id='word_1_95' title='bbox 1877 1607 2004 1662; x_wconf 81' lang='lat' dir='ltr'>fue-</span> 
     </span>
    </p>
   </div>
   <div class='ocr_carea' id='block_1_18' title="bbox 359 1694 2005 1776">
    <p class='ocr_par' dir='ltr' id='par_1_18' title="bbox 359 1694 2005 1776">
     <span class='ocr_line' id='line_1_18' title="bbox 359 1694 2005 1776; baseline -0.006 -16"><span class='ocrx_word' id='word_1_96' title='bbox 359 1710 472 1772; x_wconf 85' lang='lat' dir='ltr'>rat,</span> <span class='ocrx_word' id='word_1_97' title='bbox 507 1703 764 1776; x_wconf 88' lang='lat' dir='ltr'>seipsam</span> <span class='ocrx_word' id='word_1_98' title='bbox 813 1700 1218 1774; x_wconf 79' lang='lat' dir='ltr'>strangulavit.</span> <span class='ocrx_word' id='word_1_99' title='bbox 1271 1698 1607 1771; x_wconf 89' lang='lat' dir='ltr'>Deiphobus</span> <span class='ocrx_word' id='word_1_100' title='bbox 1638 1694 1838 1750; x_wconf 86' lang='lat' dir='ltr'>statim</span> <span class='ocrx_word' id='word_1_101' title='bbox 1890 1697 2005 1750; x_wconf 82' lang='lat' dir='ltr'>lle-</span> 
     </span>
    </p>
   </div>
   <div class='ocr_carea' id='block_1_19' title="bbox 359 1786 2006 1861">
    <p class='ocr_par' dir='ltr' id='par_1_19' title="bbox 359 1786 2006 1861">
     <span class='ocr_line' id='line_1_19' title="bbox 359 1786 2006 1861; baseline -0.004 -13"><span class='ocrx_word' id='word_1_102' title='bbox 359 1793 557 1850; x_wconf 85' lang='lat' dir='ltr'>lenam</span> <span class='ocrx_word' id='word_1_103' title='bbox 587 1809 832 1848; x_wconf 81' lang='lat' dir='ltr'>uxorem</span> <span class='ocrx_word' id='word_1_104' title='bbox 863 1791 1029 1847; x_wconf 83' lang='lat' dir='ltr'>duxit</span> <span class='ocrx_word' id='word_1_105' title='bbox 1062 1807 1075 1858; x_wconf 91' lang='lat'><strong>;</strong></span> <span class='ocrx_word' id='word_1_106' title='bbox 1117 1805 1295 1861; x_wconf 89' lang='lat' dir='ltr'>quem</span> <span class='ocrx_word' id='word_1_107' title='bbox 1343 1787 1654 1860; x_wconf 87' lang='lat' dir='ltr'>postmodo</span> <span class='ocrx_word' id='word_1_108' title='bbox 1707 1786 2006 1842; x_wconf 83' lang='lat' dir='ltr'>Menelaus</span> 
     </span>
    </p>
   </div>
   <div class='ocr_carea' id='block_1_20' title="bbox 2116 607 3773 694">
    <p class='ocr_par' dir='ltr' id='par_1_20' title="bbox 2116 607 3773 694">
     <span class='ocr_line' id='line_1_20' title="bbox 2116 607 3773 694; baseline -0.004 -22"><span class='ocrx_word' id='word_1_109' title='bbox 2116 615 2389 692; x_wconf 84' lang='grc' dir='ltr'>Ἀχιλλέα</span> <span class='ocrx_word' id='word_1_110' title='bbox 2435 615 2525 671; x_wconf 85' lang='grc' dir='ltr'>καὶ</span> <span class='ocrx_word' id='word_1_111' title='bbox 2583 613 3011 694; x_wconf 76' lang='grc' dir='ltr'>καταφιλοῦντος</span> <span class='ocrx_word' id='word_1_112' title='bbox 3059 607 3342 668; x_wconf 76' lang='grc' dir='ltr'>ἐϐάπτισεν</span> <span class='ocrx_word' id='word_1_113' title='bbox 3403 609 3432 666; x_wconf 85' lang='grc' dir='ltr'><strong>ὅ</strong></span> <span class='ocrx_word' id='word_1_114' title='bbox 3482 611 3773 692; x_wconf 71' lang='grc' dir='ltr'>ἐπεφέρετο</span> 
     </span>
    </p>
   </div>
   <div class='ocr_carea' id='block_1_21' title="bbox 2112 699 3779 784">
    <p class='ocr_par' dir='ltr' id='par_1_21' title="bbox 2112 699 3779 784">
     <span class='ocr_line' id='line_1_21' title="bbox 2112 699 3779 784; baseline -0.004 -23"><span class='ocrx_word' id='word_1_115' title='bbox 2112 707 2263 784; x_wconf 85' lang='grc' dir='ltr'>ξίφος</span> <span class='ocrx_word' id='word_1_116' title='bbox 2319 706 2457 760; x_wconf 87' lang='grc' dir='ltr'>κατά</span> <span class='ocrx_word' id='word_1_117' title='bbox 2507 709 2617 760; x_wconf 87' lang='grc' dir='ltr'>τῶν</span> <span class='ocrx_word' id='word_1_118' title='bbox 2677 704 2844 760; x_wconf 75' lang='grc' dir='ltr'>αὐτοῦ</span> <span class='ocrx_word' id='word_1_119' title='bbox 2901 701 3222 782; x_wconf 74' lang='grc' dir='ltr'>σπλάγχωνο</span> <span class='ocrx_word' id='word_1_120' title='bbox 3254 702 3344 758; x_wconf 81' lang='grc' dir='ltr'>καὶ</span> <span class='ocrx_word' id='word_1_121' title='bbox 3393 699 3472 757; x_wconf 83' lang='grc' dir='ltr'>ἔτι</span> <span class='ocrx_word' id='word_1_122' title='bbox 3501 705 3779 776; x_wconf 76' lang='grc' dir='ltr'>κρατοῦν-</span> 
     </span>
    </p>
   </div>
   <div class='ocr_carea' id='block_1_22' title="bbox 2111 789 3774 868">
    <p class='ocr_par' dir='ltr' id='par_1_22' title="bbox 2111 789 3774 868">
     <span class='ocr_line' id='line_1_22' title="bbox 2111 789 3774 868; baseline -0.004 -18"><span class='ocrx_word' id='word_1_123' title='bbox 2111 815 2203 857; x_wconf 87' lang='grc' dir='ltr'>τος</span> <span class='ocrx_word' id='word_1_124' title='bbox 2236 791 2406 848; x_wconf 79' lang='grc' dir='ltr'>αὐτοῦ</span> <span class='ocrx_word' id='word_1_125' title='bbox 2459 791 2706 868; x_wconf 75' lang='grc' dir='ltr'>δευτέραν</span> <span class='ocrx_word' id='word_1_126' title='bbox 2739 792 2900 854; x_wconf 79' lang='grc' dir='ltr'>εὐθὺς</span> <span class='ocrx_word' id='word_1_127' title='bbox 2948 793 2976 847; x_wconf 97' lang='lat'>6</span> <span class='ocrx_word' id='word_1_128' title='bbox 3026 793 3200 867; x_wconf 82' lang='grc' dir='ltr'>Πάρις</span> <span class='ocrx_word' id='word_1_129' title='bbox 3231 790 3420 865; x_wconf 88' lang='grc' dir='ltr'>ἐπάγει</span> <span class='ocrx_word' id='word_1_130' title='bbox 3448 793 3568 847; x_wconf 88' lang='grc' dir='ltr'>κατ’</span> <span class='ocrx_word' id='word_1_131' title='bbox 3601 789 3774 845; x_wconf 79' lang='grc' dir='ltr'>αὐτοῦ</span> 
     </span>
    </p>
   </div>
   <div class='ocr_carea' id='block_1_23' title="bbox 2111 877 3776 960">
    <p class='ocr_par' dir='ltr' id='par_1_23' title="bbox 2111 877 3776 960">
     <span class='ocr_line' id='line_1_23' title="bbox 2111 877 3776 960; baseline -0.002 -22"><span class='ocrx_word' id='word_1_132' title='bbox 2111 883 2357 960; x_wconf 80' lang='grc' dir='ltr'>πληγήν.</span> <span class='ocrx_word' id='word_1_133' title='bbox 2419 881 2517 938; x_wconf 82' lang='grc' dir='ltr'>Καὶ</span> <span class='ocrx_word' id='word_1_134' title='bbox 2585 882 2646 944; x_wconf 81' lang='grc' dir='ltr'>ὅς</span> <span class='ocrx_word' id='word_1_135' title='bbox 2703 877 2934 944; x_wconf 81' lang='grc' dir='ltr'>ἔκλυτος</span> <span class='ocrx_word' id='word_1_136' title='bbox 2971 881 3215 957; x_wconf 84' lang='grc' dir='ltr'>γεγονὼς</span> <span class='ocrx_word' id='word_1_137' title='bbox 3269 880 3473 936; x_wconf 85' lang='grc' dir='ltr'>πίπτει.</span> <span class='ocrx_word' id='word_1_138' title='bbox 3537 881 3776 936; x_wconf 85' lang='grc' dir='ltr'>Ἐκεῖνει</span> 
     </span>
    </p>
   </div>
   <div class='ocr_carea' id='block_1_24' title="bbox 2113 966 3775 1042">
    <p class='ocr_par' dir='ltr' id='par_1_24' title="bbox 2113 966 3775 1042">
     <span class='ocr_line' id='line_1_24' title="bbox 2113 966 3775 1042; baseline -0.002 -16"><span class='ocrx_word' id='word_1_139' title='bbox 2113 969 2169 1028; x_wconf 72' lang='grc' dir='ltr'>δὲ</span> <span class='ocrx_word' id='word_1_140' title='bbox 2197 972 2524 1034; x_wconf 81' lang='grc' dir='ltr'>ἀνυπόπτως</span> <span class='ocrx_word' id='word_1_141' title='bbox 2583 968 2654 1027; x_wconf 88' lang='grc' dir='ltr'>δι’</span> <span class='ocrx_word' id='word_1_142' title='bbox 2711 969 2894 1042; x_wconf 79' lang='grc' dir='ltr'>ἄλλης</span> <span class='ocrx_word' id='word_1_143' title='bbox 2945 973 3044 1026; x_wconf 82' lang='grc' dir='ltr'>τοῦ</span> <span class='ocrx_word' id='word_1_144' title='bbox 3101 967 3305 1032; x_wconf 83' lang='grc' dir='ltr'>ἄλσους</span> <span class='ocrx_word' id='word_1_145' title='bbox 3337 967 3657 1039; x_wconf 74' lang='grc' dir='ltr'>ἐξελθόντες,</span> <span class='ocrx_word' id='word_1_146' title='bbox 3692 966 3775 1029; x_wconf 82' lang='grc' dir='ltr'>ὡς</span> 
     </span>
    </p>
   </div>
   <div class='ocr_carea' id='block_1_25' title="bbox 2116 1062 3775 1148">
    <p class='ocr_par' dir='ltr' id='par_1_25' title="bbox 2116 1062 3775 1148">
     <span class='ocr_line' id='line_1_25' title="bbox 2116 1062 3775 1148; baseline -0.004 -23"><span class='ocrx_word' id='word_1_147' title='bbox 2116 1070 2308 1147; x_wconf 88' lang='grc' dir='ltr'>μικρὸν</span> <span class='ocrx_word' id='word_1_148' title='bbox 2339 1069 2592 1148; x_wconf 73' lang='grc' dir='ltr'>ἀπεῖχον,</span> <span class='ocrx_word' id='word_1_149' title='bbox 2641 1067 2834 1145; x_wconf 82' lang='grc' dir='ltr'>δρόμῳ</span> <span class='ocrx_word' id='word_1_150' title='bbox 2877 1067 3076 1140; x_wconf 89' lang='grc' dir='ltr'>πολλῷ</span> <span class='ocrx_word' id='word_1_151' title='bbox 3130 1067 3474 1143; x_wconf 80' lang='grc' dir='ltr'>χρησάμενοι</span> <span class='ocrx_word' id='word_1_152' title='bbox 3515 1062 3775 1135; x_wconf 76' lang='grc' dir='ltr'>εἰσῆλθον</span> 
     </span>
    </p>
   </div>
   <div class='ocr_carea' id='block_1_26' title="bbox 2114 1153 3774 1234">
    <p class='ocr_par' dir='ltr' id='par_1_26' title="bbox 2114 1153 3774 1234">
     <span class='ocr_line' id='line_1_26' title="bbox 2114 1153 3774 1234; baseline -0.004 -20"><span class='ocrx_word' id='word_1_153' title='bbox 2114 1158 2189 1222; x_wconf 70' lang='grc' dir='ltr'>εἷς</span> <span class='ocrx_word' id='word_1_154' title='bbox 2216 1160 2318 1228; x_wconf 80' lang='grc' dir='ltr'>τὴν</span> <span class='ocrx_word' id='word_1_155' title='bbox 2348 1157 2530 1218; x_wconf 89' lang='grc' dir='ltr'>πόλιν.</span> <span class='ocrx_word' id='word_1_156' title='bbox 2563 1160 2629 1217; x_wconf 76' lang='grc' dir='ltr'>Οἱ</span> <span class='ocrx_word' id='word_1_157' title='bbox 2668 1157 2794 1234; x_wconf 82' lang='grc' dir='ltr'>περὶ</span> <span class='ocrx_word' id='word_1_158' title='bbox 2839 1157 2932 1212; x_wconf 86' lang='grc' dir='ltr'>τὸν</span> <span class='ocrx_word' id='word_1_159' title='bbox 2959 1154 3217 1215; x_wconf 84' lang='grc' dir='ltr'>Ὀδυσσέα</span> <span class='ocrx_word' id='word_1_160' title='bbox 3247 1155 3306 1212; x_wconf 78' lang='grc' dir='ltr'>δέ</span> <span class='ocrx_word' id='word_1_161' title='bbox 3332 1153 3538 1218; x_wconf 76' lang='grc' dir='ltr'>ἰδόντες</span> <span class='ocrx_word' id='word_1_162' title='bbox 3562 1153 3774 1214; x_wconf 82' lang='grc' dir='ltr'>αὖτοὸς</span> 
     </span>
    </p>
   </div>
   <div class='ocr_carea' id='block_1_27' title="bbox 2110 1240 3779 1323">
    <p class='ocr_par' dir='ltr' id='par_1_27' title="bbox 2110 1240 3779 1323">
     <span class='ocr_line' id='line_1_27' title="bbox 2110 1240 3779 1323; baseline -0.003 -21"><span class='ocrx_word' id='word_1_163' title='bbox 2110 1247 2430 1323; x_wconf 78' lang='grc' dir='ltr'>τρέχοντας,</span> <span class='ocrx_word' id='word_1_164' title='bbox 2509 1244 2889 1323; x_wconf 79' lang='grc' dir='ltr'>εἰσδραμόντες</span> <span class='ocrx_word' id='word_1_165' title='bbox 2973 1245 3280 1318; x_wconf 81' lang='grc' dir='ltr'>εὑρίσκουσι</span> <span class='ocrx_word' id='word_1_166' title='bbox 3345 1245 3438 1300; x_wconf 81' lang='grc' dir='ltr'>τὸν</span> <span class='ocrx_word' id='word_1_167' title='bbox 3495 1240 3779 1319; x_wconf 75' lang='grc' dir='ltr'>’Δχιλλέα</span> 
     </span>
    </p>
   </div>
   <div class='ocr_carea' id='block_1_28' title="bbox 2112 1329 3776 1410">
    <p class='ocr_par' dir='ltr' id='par_1_28' title="bbox 2112 1329 3776 1410">
     <span class='ocr_line' id='line_1_28' title="bbox 2112 1329 3776 1410; baseline -0.005 -20"><span class='ocrx_word' id='word_1_168' title='bbox 2112 1335 2428 1410; x_wconf 74' lang='grc' dir='ltr'>ᾑμαγμένον</span> <span class='ocrx_word' id='word_1_169' title='bbox 2487 1334 2737 1407; x_wconf 87' lang='grc' dir='ltr'>κείμενον</span> <span class='ocrx_word' id='word_1_170' title='bbox 2794 1333 2940 1407; x_wconf 81' lang='grc' dir='ltr'>παρᾶ</span> <span class='ocrx_word' id='word_1_171' title='bbox 2995 1331 3088 1388; x_wconf 79' lang='grc' dir='ltr'>τόν</span> <span class='ocrx_word' id='word_1_172' title='bbox 3153 1332 3365 1406; x_wconf 84' lang='grc' dir='ltr'>βωμόν.</span> <span class='ocrx_word' id='word_1_173' title='bbox 3427 1331 3567 1406; x_wconf 83' lang='grc' dir='ltr'>Πρὸς</span> <span class='ocrx_word' id='word_1_174' title='bbox 3621 1331 3680 1384; x_wconf 81' lang='grc' dir='ltr'>ὅν</span> <span class='ocrx_word' id='word_1_175' title='bbox 3739 1329 3776 1382; x_wconf 83' lang='grc' dir='ltr'><strong>ὁ</strong></span> 
     </span>
    </p>
   </div>
   <div class='ocr_carea' id='block_1_29' title="bbox 2113 1415 3778 1498">
    <p class='ocr_par' dir='ltr' id='par_1_29' title="bbox 2113 1415 3778 1498">
     <span class='ocr_line' id='line_1_29' title="bbox 2113 1415 3778 1498; baseline -0.004 -18"><span class='ocrx_word' id='word_1_176' title='bbox 2113 1421 2269 1486; x_wconf 65' lang='lat' dir='ltr'>A&#39;iag&#39;</span> <span class='ocrx_word' id='word_1_177' title='bbox 2311 1444 2333 1474; x_wconf 76' lang='grc' dir='ltr'>ι</span> <span class='ocrx_word' id='word_1_178' title='bbox 2364 1423 2492 1498; x_wconf 78' lang='lat' dir='ltr'>&#39;Ap&#39;</span> <span class='ocrx_word' id='word_1_179' title='bbox 2517 1425 2582 1491; x_wconf 74' lang='grc' dir='ltr'>ἦν</span> <span class='ocrx_word' id='word_1_180' title='bbox 2613 1423 2898 1497; x_wconf 76' lang='grc' dir='ltr'>ἅνθρωπος</span> <span class='ocrx_word' id='word_1_181' title='bbox 2943 1419 3244 1495; x_wconf 86' lang='grc' dir='ltr'>δυνάμενος</span> <span class='ocrx_word' id='word_1_182' title='bbox 3272 1419 3480 1476; x_wconf 82' lang='grc' dir='ltr'>κτεῖναί</span> <span class='ocrx_word' id='word_1_183' title='bbox 3511 1438 3607 1488; x_wconf 85' lang='grc' dir='ltr'>σε;</span> <span class='ocrx_word' id='word_1_184' title='bbox 3638 1415 3778 1474; x_wconf 81' lang='grc' dir='ltr'>ἀλλ’</span> 
     </span>
    </p>
   </div>
   <div class='ocr_carea' id='block_1_30' title="bbox 2111 1507 3779 1587">
    <p class='ocr_par' dir='ltr' id='par_1_30' title="bbox 2111 1507 3779 1587">
     <span class='ocr_line' id='line_1_30' title="bbox 2111 1507 3779 1587; baseline -0.002 -21"><span class='ocrx_word' id='word_1_185' title='bbox 2111 1514 2147 1581; x_wconf 82' lang='grc' dir='ltr'>ἡ</span> <span class='ocrx_word' id='word_1_186' title='bbox 2208 1513 2276 1580; x_wconf 74' lang='grc' dir='ltr'>σῆ</span> <span class='ocrx_word' id='word_1_187' title='bbox 2335 1511 2634 1587; x_wconf 87' lang='grc' dir='ltr'>προπέτεία</span> <span class='ocrx_word' id='word_1_188' title='bbox 2691 1511 2832 1584; x_wconf 85' lang='grc' dir='ltr'>μόνη</span> <span class='ocrx_word' id='word_1_189' title='bbox 2885 1531 2943 1566; x_wconf 90' lang='grc' dir='ltr'>σε</span> <span class='ocrx_word' id='word_1_190' title='bbox 2999 1509 3269 1570; x_wconf 82' lang='grc' dir='ltr'>ἀπώλεσε.</span> <span class='ocrx_word' id='word_1_191' title='bbox 3332 1534 3360 1562; x_wconf 84' lang='grc'><strong>››</strong></span> <span class='ocrx_word' id='word_1_192' title='bbox 3433 1510 3576 1584; x_wconf 86' lang='grc' dir='ltr'>Πρὸς</span> <span class='ocrx_word' id='word_1_193' title='bbox 3630 1508 3691 1563; x_wconf 83' lang='grc' dir='ltr'>ὃν</span> <span class='ocrx_word' id='word_1_194' title='bbox 3743 1507 3779 1562; x_wconf 85' lang='lat'>6</span> 
     </span>
    </p>
   </div>
   <div class='ocr_carea' id='block_1_31' title="bbox 2115 1595 3779 1676">
    <p class='ocr_par' dir='ltr' id='par_1_31' title="bbox 2115 1595 3779 1676">
     <span class='ocr_line' id='line_1_31' title="bbox 2115 1595 3779 1676; baseline -0.005 -20"><span class='ocrx_word' id='word_1_195' title='bbox 2115 1599 2416 1676; x_wconf 79' lang='grc' dir='ltr'>’Δχιλλεὺς</span> <span class='ocrx_word' id='word_1_196' title='bbox 2446 1597 2655 1676; x_wconf 84' lang='grc' dir='ltr'>ἔςχατα</span> <span class='ocrx_word' id='word_1_197' title='bbox 2686 1601 2881 1668; x_wconf 88' lang='grc' dir='ltr'>πνέων,</span> <span class='ocrx_word' id='word_1_198' title='bbox 2903 1624 2932 1652; x_wconf 78' lang='grc' dir='ltr'>α</span> <span class='ocrx_word' id='word_1_199' title='bbox 2957 1599 3116 1672; x_wconf 84' lang='grc' dir='ltr'>Δόλῳ</span> <span class='ocrx_word' id='word_1_200' title='bbox 3149 1599 3467 1675; x_wconf 78' lang='grc' dir='ltr'>εἰργάσαντό</span> <span class='ocrx_word' id='word_1_201' title='bbox 3503 1619 3589 1673; x_wconf 84' lang='grc' dir='ltr'>με,</span> <span class='ocrx_word' id='word_1_202' title='bbox 3612 1595 3779 1676; x_wconf 74' lang='grc' dir='ltr'>φησὲ,</span> 
     </span>
    </p>
   </div>
   <div class='ocr_carea' id='block_1_32' title="bbox 2115 1683 3776 1764">
    <p class='ocr_par' dir='ltr' id='par_1_32' title="bbox 2115 1683 3776 1764">
     <span class='ocr_line' id='line_1_32' title="bbox 2115 1683 3776 1764; baseline -0.004 -20"><span class='ocrx_word' id='word_1_203' title='bbox 2115 1690 2284 1764; x_wconf 86' lang='grc' dir='ltr'>Πάρις</span> <span class='ocrx_word' id='word_1_204' title='bbox 2317 1689 2410 1744; x_wconf 87' lang='grc' dir='ltr'>καὶ</span> <span class='ocrx_word' id='word_1_205' title='bbox 2464 1685 2743 1763; x_wconf 75' lang='grc' dir='ltr'>Δηῒφοϐος</span> <span class='ocrx_word' id='word_1_206' title='bbox 2803 1685 2894 1744; x_wconf 80' lang='grc' dir='ltr'>διὰ</span> <span class='ocrx_word' id='word_1_207' title='bbox 2950 1687 3285 1762; x_wconf 79' lang='grc' dir='ltr'>Πολυξένην.</span> <span class='ocrx_word' id='word_1_208' title='bbox 3320 1715 3342 1742; x_wconf 74' lang='grc' dir='ltr'><strong><em>ι</em></strong></span> <span class='ocrx_word' id='word_1_209' title='bbox 3378 1687 3641 1758; x_wconf 85' lang='grc' dir='ltr'>Ὁξύτατα</span> <span class='ocrx_word' id='word_1_210' title='bbox 3673 1683 3776 1740; x_wconf 78' lang='grc' dir='ltr'>οὖν</span> 
     </span>
    </p>
   </div>
   <div class='ocr_carea' id='block_1_33' title="bbox 2113 1783 3779 1860">
    <p class='ocr_par' dir='ltr' id='par_1_33' title="bbox 2113 1783 3779 1860">
     <span class='ocr_line' id='line_1_33' title="bbox 2113 1783 3779 1860; baseline -0.003 -19"><span class='ocrx_word' id='word_1_211' title='bbox 2113 1784 2196 1841; x_wconf 84' lang='grc' dir='ltr'>ἐπ’</span> <span class='ocrx_word' id='word_1_212' title='bbox 2231 1785 2398 1860; x_wconf 79' lang='grc' dir='ltr'>ὤμων</span> <span class='ocrx_word' id='word_1_213' title='bbox 2427 1786 2762 1860; x_wconf 82' lang='grc' dir='ltr'>ἁρπάσαντες</span> <span class='ocrx_word' id='word_1_214' title='bbox 2818 1785 2881 1840; x_wconf 85' lang='grc' dir='ltr'>τὸ</span> <span class='ocrx_word' id='word_1_215' title='bbox 2941 1787 3100 1859; x_wconf 87' lang='grc' dir='ltr'>σῶμα</span> <span class='ocrx_word' id='word_1_216' title='bbox 3155 1784 3247 1840; x_wconf 80' lang='grc' dir='ltr'>καὶ</span> <span class='ocrx_word' id='word_1_217' title='bbox 3305 1784 3394 1840; x_wconf 79' lang='grc' dir='ltr'>ἐπὶ</span> <span class='ocrx_word' id='word_1_218' title='bbox 3441 1784 3537 1846; x_wconf 72' lang='grc' dir='ltr'>τὰς</span> <span class='ocrx_word' id='word_1_219' title='bbox 3568 1783 3779 1852; x_wconf 78' lang='grc' dir='ltr'>σκηνὰς</span> 
     </span>
    </p>
   </div>
   <div class='ocr_carea' id='block_1_34' title="bbox 360 1871 2012 1971">
    <p class='ocr_par' dir='ltr' id='par_1_34' title="bbox 360 1876 2006 1955">
     <span class='ocr_line' id='line_1_34' title="bbox 360 1876 2006 1955; baseline -0.004 -17"><span class='ocrx_word' id='word_1_220' title='bbox 360 1888 676 1955; x_wconf 85' lang='lat' dir='ltr'>propterea</span> <span class='ocrx_word' id='word_1_221' title='bbox 731 1881 973 1938; x_wconf 88' lang='lat' dir='ltr'>auribus</span> <span class='ocrx_word' id='word_1_222' title='bbox 1022 1885 1081 1934; x_wconf 91' lang='lat' dir='ltr'>et</span> <span class='ocrx_word' id='word_1_223' title='bbox 1127 1895 1270 1934; x_wconf 89' lang='lat' dir='ltr'>naso</span> <span class='ocrx_word' id='word_1_224' title='bbox 1321 1876 1716 1946; x_wconf 65' lang='lat' dir='ltr'>manibusque</span> <span class='ocrx_word' id='word_1_225' title='bbox 1767 1882 2006 1932; x_wconf 87' lang='lat' dir='ltr'>trunca-</span> 
     </span>
    </p>
   </div>
   <div class='ocr_carea' id='block_1_35' title="bbox 2122 1871 3781 1971">
    <p class='ocr_par' dir='ltr' id='par_1_35' title="bbox 2122 1871 3781 1953">
     <span class='ocr_line' id='line_1_35' title="bbox 2122 1871 3781 1953; baseline -0.003 -23"><span class='ocrx_word' id='word_1_226' title='bbox 2122 1871 2411 1952; x_wconf 74' lang='grc' dir='ltr'>Ξιγαγόντες</span> <span class='ocrx_word' id='word_1_227' title='bbox 2465 1873 2557 1930; x_wconf 77' lang='grc' dir='ltr'>καὶ</span> <span class='ocrx_word' id='word_1_228' title='bbox 2617 1877 2991 1953; x_wconf 80' lang='grc' dir='ltr'>τεφρώσαντες</span> <span class='ocrx_word' id='word_1_229' title='bbox 3049 1875 3314 1930; x_wconf 85' lang='grc' dir='ltr'>θάπτουσι</span> <span class='ocrx_word' id='word_1_230' title='bbox 3345 1879 3440 1951; x_wconf 77' lang='grc' dir='ltr'>γῇ.</span> <span class='ocrx_word' id='word_1_231' title='bbox 3497 1874 3650 1931; x_wconf 82' lang='grc' dir='ltr'>Μετᾶ</span> <span class='ocrx_word' id='word_1_232' title='bbox 3677 1871 3781 1926; x_wconf 86' lang='grc' dir='ltr'>τὸν</span> 
     </span>
    </p>
   </div>
   <div class='ocr_carea' id='block_1_36' title="bbox 359 1973 460 2028">
    <p class='ocr_par' dir='ltr' id='par_1_36' title="bbox 359 1973 460 2028">
     <span class='ocr_line' id='line_1_36' title="bbox 359 1973 460 2028; baseline 0.02 -2"><span class='ocrx_word' id='word_1_233' title='bbox 359 1973 460 2028; x_wconf 84' lang='lat' dir='ltr'>vit.</span> 
     </span>
    </p>
   </div>
   <div class='ocr_carea' id='block_1_37' title="bbox 2115 1959 3777 2040">
    <p class='ocr_par' dir='ltr' id='par_1_37' title="bbox 2115 1959 3777 2040">
     <span class='ocr_line' id='line_1_37' title="bbox 2115 1959 3777 2040; baseline -0.003 -20"><span class='ocrx_word' id='word_1_234' title='bbox 2115 1966 2342 2020; x_wconf 86' lang='grc' dir='ltr'>θάνατον</span> <span class='ocrx_word' id='word_1_235' title='bbox 2388 1963 2702 2040; x_wconf 84' lang='grc' dir='ltr'>Ἀχιλλέως</span> <span class='ocrx_word' id='word_1_236' title='bbox 2759 1962 3010 2038; x_wconf 82' lang='grc' dir='ltr'>πολέμου</span> <span class='ocrx_word' id='word_1_237' title='bbox 3065 1963 3388 2040; x_wconf 79' lang='grc' dir='ltr'>γενομένου,</span> <span class='ocrx_word' id='word_1_238' title='bbox 3420 1963 3509 2018; x_wconf 74' lang='grc' dir='ltr'>καὶ</span> <span class='ocrx_word' id='word_1_239' title='bbox 3539 1959 3777 2017; x_wconf 81' lang='grc' dir='ltr'>πολλῶν</span> 
     </span>
    </p>
   </div>
   <div class='ocr_carea' id='block_1_38' title="bbox 359 2049 3780 2134">
    <p class='ocr_par' dir='ltr' id='par_1_38' title="bbox 359 2049 3780 2134">
     <span class='ocr_line' id='line_1_38' title="bbox 359 2049 3780 2134; baseline -0.003 -19"><span class='ocrx_word' id='word_1_240' title='bbox 359 2059 412 2130; x_wconf 78' lang='grc' dir='ltr'>ἐξ</span> <span class='ocrx_word' id='word_1_241' title='bbox 442 2059 708 2134; x_wconf 72' lang='grc' dir='ltr'>ἑκατέρων</span> <span class='ocrx_word' id='word_1_242' title='bbox 763 2057 1063 2127; x_wconf 83' lang='grc' dir='ltr'>πεσόντων,</span> <span class='ocrx_word' id='word_1_243' title='bbox 1122 2055 1197 2117; x_wconf 72' lang='grc' dir='ltr'>εἷς</span> <span class='ocrx_word' id='word_1_244' title='bbox 1257 2053 1600 2129; x_wconf 73' lang='grc' dir='ltr'>μονομαχίαν</span> <span class='ocrx_word' id='word_1_245' title='bbox 1662 2055 1690 2108; x_wconf 96' lang='lat'>6</span> <span class='ocrx_word' id='word_1_246' title='bbox 1749 2053 2100 2125; x_wconf 80' lang='grc' dir='ltr'>Φιλοκτήτης</span> <span class='ocrx_word' id='word_1_247' title='bbox 2159 2055 2248 2110; x_wconf 83' lang='grc' dir='ltr'>καὶ</span> <span class='ocrx_word' id='word_1_248' title='bbox 2306 2054 2334 2108; x_wconf 91' lang='lat'>6</span> <span class='ocrx_word' id='word_1_249' title='bbox 2397 2055 2566 2130; x_wconf 85' lang='grc' dir='ltr'>Πάρις</span> <span class='ocrx_word' id='word_1_250' title='bbox 2622 2049 2898 2130; x_wconf 80' lang='grc' dir='ltr'>ἔρχονται,</span> <span class='ocrx_word' id='word_1_251' title='bbox 2932 2054 3036 2111; x_wconf 81' lang='grc' dir='ltr'>Καὶ</span> <span class='ocrx_word' id='word_1_252' title='bbox 3068 2057 3284 2129; x_wconf 87' lang='grc' dir='ltr'>πρῶτος</span> <span class='ocrx_word' id='word_1_253' title='bbox 3315 2050 3566 2128; x_wconf 82' lang='grc' dir='ltr'>λαχὼνὸ</span> <span class='ocrx_word' id='word_1_254' title='bbox 3599 2051 3780 2126; x_wconf 82' lang='grc' dir='ltr'>Πάρις</span> 
     </span>
    </p>
   </div>
   <div class='ocr_carea' id='block_1_39' title="bbox 367 2139 3781 2222">
    <p class='ocr_par' dir='ltr' id='par_1_39' title="bbox 367 2139 3781 2222">
     <span class='ocr_line' id='line_1_39' title="bbox 367 2139 3781 2222; baseline -0.003 -19"><span class='ocrx_word' id='word_1_255' title='bbox 367 2145 562 2222; x_wconf 78' lang='grc' dir='ltr'>βάλλει</span> <span class='ocrx_word' id='word_1_256' title='bbox 619 2146 754 2202; x_wconf 83' lang='grc' dir='ltr'>κατᾶ</span> <span class='ocrx_word' id='word_1_257' title='bbox 812 2147 1184 2216; x_wconf 75' lang='grc' dir='ltr'>Φιλοκτήτου,</span> <span class='ocrx_word' id='word_1_258' title='bbox 1240 2143 1473 2222; x_wconf 78' lang='grc' dir='ltr'>άστοχεῖ</span> <span class='ocrx_word' id='word_1_259' title='bbox 1528 2141 1606 2202; x_wconf 80' lang='grc' dir='ltr'>δέ.</span> <span class='ocrx_word' id='word_1_260' title='bbox 1665 2143 1726 2200; x_wconf 75' lang='grc' dir='ltr'><strong>Ὀ</strong></span> <span class='ocrx_word' id='word_1_261' title='bbox 1785 2140 1840 2198; x_wconf 79' lang='grc' dir='ltr'>δὲ</span> <span class='ocrx_word' id='word_1_262' title='bbox 1899 2143 2265 2214; x_wconf 80' lang='grc' dir='ltr'>ἀντιτοξεύσας</span> <span class='ocrx_word' id='word_1_263' title='bbox 2319 2145 2420 2214; x_wconf 75' lang='grc' dir='ltr'>τήν</span> <span class='ocrx_word' id='word_1_264' title='bbox 2479 2142 2762 2219; x_wconf 79' lang='grc' dir='ltr'>ἀριστερὰν</span> <span class='ocrx_word' id='word_1_265' title='bbox 2820 2149 2983 2218; x_wconf 88' lang='grc' dir='ltr'>χεῖρα</span> <span class='ocrx_word' id='word_1_266' title='bbox 3031 2140 3267 2216; x_wconf 81' lang='grc' dir='ltr'>Πάριδος</span> <span class='ocrx_word' id='word_1_267' title='bbox 3333 2139 3620 2214; x_wconf 82' lang='grc' dir='ltr'>διαπείρει,</span> <span class='ocrx_word' id='word_1_268' title='bbox 3678 2139 3781 2195; x_wconf 83' lang='grc' dir='ltr'>καὶ</span> 
     </span>
    </p>
   </div>
   <div class='ocr_carea' id='block_1_40' title="bbox 363 2229 3786 2312">
    <p class='ocr_par' dir='ltr' id='par_1_40' title="bbox 363 2229 3786 2312">
     <span class='ocr_line' id='line_1_40' title="bbox 363 2229 3786 2312; baseline -0.003 -20"><span class='ocrx_word' id='word_1_269' title='bbox 363 2233 697 2312; x_wconf 80' lang='grc' dir='ltr'>δευτερώσας</span> <span class='ocrx_word' id='word_1_270' title='bbox 763 2236 852 2290; x_wconf 88' lang='grc' dir='ltr'>τὸν</span> <span class='ocrx_word' id='word_1_271' title='bbox 917 2231 1087 2305; x_wconf 82' lang='grc' dir='ltr'>δεξιὸν</span> <span class='ocrx_word' id='word_1_272' title='bbox 1153 2233 1322 2289; x_wconf 79' lang='grc' dir='ltr'>αὐτοῦ</span> <span class='ocrx_word' id='word_1_273' title='bbox 1388 2232 1670 2307; x_wconf 83' lang='grc' dir='ltr'>ἐπήρωσεν</span> <span class='ocrx_word' id='word_1_274' title='bbox 1739 2231 2046 2308; x_wconf 82' lang='grc' dir='ltr'>ὀφθαλμὸν,</span> <span class='ocrx_word' id='word_1_275' title='bbox 2112 2233 2202 2288; x_wconf 87' lang='grc' dir='ltr'>καὶ</span> <span class='ocrx_word' id='word_1_276' title='bbox 2267 2233 2451 2308; x_wconf 86' lang='grc' dir='ltr'>τρίτον</span> <span class='ocrx_word' id='word_1_277' title='bbox 2522 2231 2708 2308; x_wconf 90' lang='grc' dir='ltr'>βαλὼν</span> <span class='ocrx_word' id='word_1_278' title='bbox 2767 2231 2856 2289; x_wconf 86' lang='grc' dir='ltr'>ἐπὶ</span> <span class='ocrx_word' id='word_1_279' title='bbox 2919 2232 3050 2296; x_wconf 76' lang='grc' dir='ltr'>τοὺς</span> <span class='ocrx_word' id='word_1_280' title='bbox 3114 2229 3285 2294; x_wconf 86' lang='grc' dir='ltr'>πόδας</span> <span class='ocrx_word' id='word_1_281' title='bbox 3341 2231 3432 2287; x_wconf 82' lang='grc' dir='ltr'>καὶ</span> <span class='ocrx_word' id='word_1_282' title='bbox 3485 2231 3552 2286; x_wconf 75' lang='grc' dir='ltr'>τά</span> <span class='ocrx_word' id='word_1_283' title='bbox 3599 2231 3786 2309; x_wconf 68' lang='grc' dir='ltr'>σφυρᾶ</span> 
     </span>
    </p>
   </div>
   <div class='ocr_carea' id='block_1_41' title="bbox 365 2318 3785 2400">
    <p class='ocr_par' dir='ltr' id='par_1_41' title="bbox 365 2318 3785 2400">
     <span class='ocr_line' id='line_1_41' title="bbox 365 2318 3785 2400; baseline -0.001 -22"><span class='ocrx_word' id='word_1_284' title='bbox 365 2324 542 2400; x_wconf 82' lang='grc' dir='ltr'>ῥίπτει</span> <span class='ocrx_word' id='word_1_285' title='bbox 603 2325 769 2400; x_wconf 87' lang='grc' dir='ltr'>Πάριν</span> <span class='ocrx_word' id='word_1_286' title='bbox 832 2323 908 2386; x_wconf 82' lang='grc' dir='ltr'>εἷς</span> <span class='ocrx_word' id='word_1_287' title='bbox 963 2329 1090 2399; x_wconf 83' lang='grc' dir='ltr'>γῆν.</span> <span class='ocrx_word' id='word_1_288' title='bbox 1147 2325 1247 2380; x_wconf 85' lang='lat' dir='ltr'>&quot;0v</span> <span class='ocrx_word' id='word_1_289' title='bbox 1307 2319 1639 2396; x_wconf 86' lang='grc' dir='ltr'>ἁρπάσαντες</span> <span class='ocrx_word' id='word_1_290' title='bbox 1696 2323 1941 2394; x_wconf 78' lang='grc' dir='ltr'>ἡμιθανῆ</span> <span class='ocrx_word' id='word_1_291' title='bbox 2001 2321 2077 2384; x_wconf 86' lang='grc' dir='ltr'>εἰς</span> <span class='ocrx_word' id='word_1_292' title='bbox 2133 2323 2234 2391; x_wconf 72' lang='grc' dir='ltr'>τὴν</span> <span class='ocrx_word' id='word_1_293' title='bbox 2296 2321 2473 2378; x_wconf 89' lang='grc' dir='ltr'>Ἴλιον</span> <span class='ocrx_word' id='word_1_294' title='bbox 2531 2321 2806 2388; x_wconf 74' lang='grc' dir='ltr'>εἰσῆλθον.</span> <span class='ocrx_word' id='word_1_295' title='bbox 2841 2322 2942 2380; x_wconf 80' lang='grc' dir='ltr'>Καὶ</span> <span class='ocrx_word' id='word_1_296' title='bbox 2991 2321 3151 2384; x_wconf 81' lang='grc' dir='ltr'>αὐτὸς</span> <span class='ocrx_word' id='word_1_297' title='bbox 3180 2320 3305 2384; x_wconf 77' lang='grc' dir='ltr'>τοὺς</span> <span class='ocrx_word' id='word_1_298' title='bbox 3337 2319 3398 2376; x_wconf 84' lang='grc' dir='ltr'>ἐκ</span> <span class='ocrx_word' id='word_1_299' title='bbox 3419 2327 3520 2390; x_wconf 78' lang='grc' dir='ltr'>τῆς</span> <span class='ocrx_word' id='word_1_300' title='bbox 3546 2318 3785 2389; x_wconf 82' lang='grc' dir='ltr'>Ἑλένης</span> 
     </span>
    </p>
   </div>
   <div class='ocr_carea' id='block_1_42' title="bbox 363 2405 3781 2490">
    <p class='ocr_par' dir='ltr' id='par_1_42' title="bbox 363 2405 3781 2490">
     <span class='ocr_line' id='line_1_42' title="bbox 363 2405 3781 2490; baseline -0.001 -24"><span class='ocrx_word' id='word_1_301' title='bbox 363 2412 516 2474; x_wconf 78' lang='grc' dir='ltr'>υἱοὺς</span> <span class='ocrx_word' id='word_1_302' title='bbox 545 2417 710 2486; x_wconf 80' lang='grc' dir='ltr'>τρεῖς,</span> <span class='ocrx_word' id='word_1_303' title='bbox 741 2411 1049 2484; x_wconf 83' lang='grc' dir='ltr'>Βούνυμον,</span> <span class='ocrx_word' id='word_1_304' title='bbox 1082 2415 1382 2486; x_wconf 84' lang='grc' dir='ltr'>Κορυθαῖον</span> <span class='ocrx_word' id='word_1_305' title='bbox 1414 2409 1504 2464; x_wconf 85' lang='grc' dir='ltr'>καὶ</span> <span class='ocrx_word' id='word_1_306' title='bbox 1537 2407 1752 2478; x_wconf 82' lang='grc' dir='ltr'>Ἰδαῖον,</span> <span class='ocrx_word' id='word_1_307' title='bbox 1818 2407 2048 2484; x_wconf 78' lang='grc' dir='ltr'>μικροὺς</span> <span class='ocrx_word' id='word_1_308' title='bbox 2103 2408 2252 2483; x_wconf 78' lang='grc' dir='ltr'>αὖτῷ</span> <span class='ocrx_word' id='word_1_309' title='bbox 2307 2411 2681 2486; x_wconf 84' lang='grc' dir='ltr'>παραστάντας</span> <span class='ocrx_word' id='word_1_310' title='bbox 2715 2408 2845 2466; x_wconf 83' lang='grc' dir='ltr'>ἰδὼν</span> <span class='ocrx_word' id='word_1_311' title='bbox 2897 2409 3107 2490; x_wconf 75' lang='grc' dir='ltr'>ἄφωνος</span> <span class='ocrx_word' id='word_1_312' title='bbox 3137 2405 3333 2485; x_wconf 77' lang='grc' dir='ltr'>ἔμεινε,</span> <span class='ocrx_word' id='word_1_313' title='bbox 3367 2409 3458 2465; x_wconf 83' lang='grc' dir='ltr'>καὶ</span> <span class='ocrx_word' id='word_1_314' title='bbox 3488 2405 3578 2464; x_wconf 74' lang='grc' dir='ltr'>διὰ</span> <span class='ocrx_word' id='word_1_315' title='bbox 3603 2409 3781 2481; x_wconf 80' lang='grc' dir='ltr'>μέσης</span> 
     </span>
    </p>
   </div>
   <div class='ocr_carea' id='block_1_43' title="bbox 360 2492 3782 2578">
    <p class='ocr_par' dir='ltr' id='par_1_43' title="bbox 360 2492 3782 2578">
     <span class='ocr_line' id='line_1_43' title="bbox 360 2492 3782 2578; baseline -0.002 -20"><span class='ocrx_word' id='word_1_316' title='bbox 360 2502 562 2573; x_wconf 78' lang='grc' dir='ltr'>ἐξέπνει</span> <span class='ocrx_word' id='word_1_317' title='bbox 591 2503 802 2564; x_wconf 88' lang='grc' dir='ltr'>νυκτός,</span> <span class='ocrx_word' id='word_1_318' title='bbox 829 2503 894 2559; x_wconf 86' lang='grc' dir='ltr'><strong><em>Ἠ</em></strong></span> <span class='ocrx_word' id='word_1_319' title='bbox 928 2499 985 2557; x_wconf 80' lang='grc' dir='ltr'>δὶ</span> <span class='ocrx_word' id='word_1_320' title='bbox 1013 2502 1250 2577; x_wconf 87' lang='grc' dir='ltr'>προτέρα</span> <span class='ocrx_word' id='word_1_321' title='bbox 1279 2500 1448 2556; x_wconf 72' lang='grc' dir='ltr'>αὐτοῦ</span> <span class='ocrx_word' id='word_1_322' title='bbox 1477 2502 1612 2576; x_wconf 86' lang='grc' dir='ltr'>γυνὴ</span> <span class='ocrx_word' id='word_1_323' title='bbox 1645 2499 1856 2571; x_wconf 77' lang='grc' dir='ltr'>Οἰνώνη</span> <span class='ocrx_word' id='word_1_324' title='bbox 1899 2501 2063 2576; x_wconf 73' lang='grc' dir='ltr'>ἑαυτῇ</span> <span class='ocrx_word' id='word_1_325' title='bbox 2121 2501 2477 2577; x_wconf 75' lang='grc' dir='ltr'>ἀπεχρήσατο</span> <span class='ocrx_word' id='word_1_326' title='bbox 2535 2501 2768 2578; x_wconf 80' lang='grc' dir='ltr'>άγχόνῇ.</span> <span class='ocrx_word' id='word_1_327' title='bbox 2825 2499 3049 2573; x_wconf 83' lang='grc' dir='ltr'>Ἑλένην</span> <span class='ocrx_word' id='word_1_328' title='bbox 3105 2499 3162 2557; x_wconf 70' lang='grc' dir='ltr'>δὲ</span> <span class='ocrx_word' id='word_1_329' title='bbox 3221 2505 3449 2578; x_wconf 87' lang='grc' dir='ltr'>γυναῖκα</span> <span class='ocrx_word' id='word_1_330' title='bbox 3500 2492 3782 2576; x_wconf 70' lang='grc' dir='ltr'>Δηῒφοϐος</span> 
     </span>
    </p>
   </div>
   <div class='ocr_carea' id='block_1_44' title="bbox 358 2586 2352 2668">
    <p class='ocr_par' dir='ltr' id='par_1_44' title="bbox 358 2586 2352 2668">
     <span class='ocr_line' id='line_1_44' title="bbox 358 2586 2352 2668; baseline 0.002 -22"><span class='ocrx_word' id='word_1_331' title='bbox 358 2591 597 2668; x_wconf 74' lang='grc' dir='ltr'>ἠγάγετο</span> <span class='ocrx_word' id='word_1_332' title='bbox 629 2591 904 2667; x_wconf 76' lang='grc' dir='ltr'>παραυτὰ,</span> <span class='ocrx_word' id='word_1_333' title='bbox 934 2590 993 2646; x_wconf 79' lang='grc' dir='ltr'>ὅν</span> <span class='ocrx_word' id='word_1_334' title='bbox 1020 2593 1048 2646; x_wconf 88' lang='grc' dir='ltr'>ὁ</span> <span class='ocrx_word' id='word_1_335' title='bbox 1080 2587 1358 2651; x_wconf 81' lang='grc' dir='ltr'>Μενέλαος</span> <span class='ocrx_word' id='word_1_336' title='bbox 1390 2589 1612 2664; x_wconf 84' lang='grc' dir='ltr'>ὕστερον</span> <span class='ocrx_word' id='word_1_337' title='bbox 1645 2587 2031 2666; x_wconf 76' lang='grc' dir='ltr'>ἠκρωτηρίασε</span> <span class='ocrx_word' id='word_1_338' title='bbox 2058 2586 2128 2644; x_wconf 88' lang='grc' dir='ltr'>δι’</span> <span class='ocrx_word' id='word_1_339' title='bbox 2159 2589 2352 2662; x_wconf 80' lang='grc' dir='ltr'>αὐτήν.</span> 
     </span>
    </p>
   </div>
   <div class='ocr_carea' id='block_1_45' title="bbox 435 2688 2008 2764">
    <p class='ocr_par' dir='ltr' id='par_1_45' title="bbox 435 2688 2008 2764">
     <span class='ocr_line' id='line_1_45' title="bbox 435 2688 2008 2764; baseline -0.001 -18"><span class='ocrx_word' id='word_1_340' title='bbox 435 2691 769 2748; x_wconf 90' lang='lat' dir='ltr'>Palladium</span> <span class='ocrx_word' id='word_1_341' title='bbox 798 2691 997 2764; x_wconf 90' lang='lat' dir='ltr'>lignea</span> <span class='ocrx_word' id='word_1_342' title='bbox 1026 2690 1140 2747; x_wconf 91' lang='lat' dir='ltr'>fuit</span> <span class='ocrx_word' id='word_1_343' title='bbox 1169 2689 1602 2760; x_wconf 48' lang='lat' dir='ltr'>Minervamque</span> <span class='ocrx_word' id='word_1_344' title='bbox 1633 2688 1842 2745; x_wconf 91' lang='lat' dir='ltr'>eadem</span> <span class='ocrx_word' id='word_1_345' title='bbox 1874 2689 2008 2744; x_wconf 81' lang='lat' dir='ltr'>Pal-</span> 
     </span>
    </p>
   </div>
   <div class='ocr_carea' id='block_1_46' title="bbox 365 2779 2013 2854">
    <p class='ocr_par' dir='ltr' id='par_1_46' title="bbox 365 2779 2013 2854">
     <span class='ocr_line' id='line_1_46' title="bbox 365 2779 2013 2854; baseline -0.001 -18"><span class='ocrx_word' id='word_1_346' title='bbox 365 2781 457 2838; x_wconf 93' lang='lat' dir='ltr'>los</span> <span class='ocrx_word' id='word_1_347' title='bbox 488 2781 732 2850; x_wconf 87' lang='lat' dir='ltr'>dicitur,</span> <span class='ocrx_word' id='word_1_348' title='bbox 762 2781 978 2854; x_wconf 89' lang='lat' dir='ltr'>imago.</span> <span class='ocrx_word' id='word_1_349' title='bbox 1009 2781 1194 2836; x_wconf 74' lang='lat' dir='ltr'>Aiunt</span> <span class='ocrx_word' id='word_1_350' title='bbox 1223 2779 1284 2833; x_wconf 89' lang='lat' dir='ltr'>id</span> <span class='ocrx_word' id='word_1_351' title='bbox 1333 2779 1606 2834; x_wconf 88' lang='lat' dir='ltr'>nefandis</span> <span class='ocrx_word' id='word_1_352' title='bbox 1655 2779 2013 2850; x_wconf 86' lang='lat' dir='ltr'>quibusdam</span> 
     </span>
    </p>
   </div>
   <div class='ocr_carea' id='block_1_47' title="bbox 371 2867 2013 2938">
    <p class='ocr_par' dir='ltr' id='par_1_47' title="bbox 371 2867 2013 2938">
     <span class='ocr_line' id='line_1_47' title="bbox 371 2867 2013 2938; baseline -0.002 -12"><span class='ocrx_word' id='word_1_353' title='bbox 371 2870 712 2926; x_wconf 73' lang='lat' dir='ltr'>daemonum</span> <span class='ocrx_word' id='word_1_354' title='bbox 771 2868 1324 2926; x_wconf 87' lang='lat' dir='ltr'>consecrationibus</span> <span class='ocrx_word' id='word_1_355' title='bbox 1380 2867 1731 2938; x_wconf 87' lang='lat' dir='ltr'>arcanisque</span> <span class='ocrx_word' id='word_1_356' title='bbox 1799 2867 2013 2923; x_wconf 89' lang='lat' dir='ltr'>ritibus</span> 
     </span>
    </p>
   </div>
   <div class='ocr_carea' id='block_1_48' title="bbox 371 2957 2018 3030">
    <p class='ocr_par' dir='ltr' id='par_1_48' title="bbox 371 2957 2018 3030">
     <span class='ocr_line' id='line_1_48' title="bbox 371 2957 2018 3030; baseline 0 -16"><span class='ocrx_word' id='word_1_357' title='bbox 371 2958 712 3015; x_wconf 87' lang='lat' dir='ltr'>dedicatum</span> <span class='ocrx_word' id='word_1_358' title='bbox 755 2976 827 3016; x_wconf 87' lang='lat' dir='ltr'>ea</span> <span class='ocrx_word' id='word_1_359' title='bbox 877 2959 931 3013; x_wconf 90' lang='lat' dir='ltr'>vi</span> <span class='ocrx_word' id='word_1_360' title='bbox 979 2958 1183 3026; x_wconf 81' lang='lat' dir='ltr'>fuisse,</span> <span class='ocrx_word' id='word_1_361' title='bbox 1228 2963 1295 3013; x_wconf 91' lang='lat' dir='ltr'>ut</span> <span class='ocrx_word' id='word_1_362' title='bbox 1340 2957 1550 3014; x_wconf 90' lang='lat' dir='ltr'>urbem</span> <span class='ocrx_word' id='word_1_363' title='bbox 1595 2957 1658 3014; x_wconf 93' lang='lat' dir='ltr'>in</span> <span class='ocrx_word' id='word_1_364' title='bbox 1702 2975 1821 3030; x_wconf 91' lang='lat' dir='ltr'>qua</span> <span class='ocrx_word' id='word_1_365' title='bbox 1859 2962 2018 3014; x_wconf 88' lang='lat' dir='ltr'>esset</span> 
     </span>
    </p>
   </div>
   <div class='ocr_carea' id='block_1_49' title="bbox 372 3046 2012 3120">
    <p class='ocr_par' dir='ltr' id='par_1_49' title="bbox 372 3046 2012 3120">
     <span class='ocr_line' id='line_1_49' title="bbox 372 3046 2012 3120; baseline 0 -18"><span class='ocrx_word' id='word_1_366' title='bbox 372 3047 896 3120; x_wconf 84' lang='lat' dir='ltr'>inexpugnabilem</span> <span class='ocrx_word' id='word_1_367' title='bbox 927 3052 1322 3104; x_wconf 88' lang='lat' dir='ltr'>conservaret.</span> <span class='ocrx_word' id='word_1_368' title='bbox 1353 3046 1420 3103; x_wconf 94' lang='lat' dir='ltr'>Id</span> <span class='ocrx_word' id='word_1_369' title='bbox 1450 3047 1686 3120; x_wconf 91' lang='lat' dir='ltr'>signum</span> <span class='ocrx_word' id='word_1_370' title='bbox 1733 3047 2012 3119; x_wconf 83' lang='lat' dir='ltr'>Trojano-</span> 
     </span>
    </p>
   </div>
   <div class='ocr_carea' id='block_1_50' title="bbox 369 3136 2017 3210">
    <p class='ocr_par' dir='ltr' id='par_1_50' title="bbox 369 3136 2017 3210">
     <span class='ocr_line' id='line_1_50' title="bbox 369 3136 2017 3210; baseline -0.001 -18"><span class='ocrx_word' id='word_1_371' title='bbox 369 3155 502 3192; x_wconf 88' lang='lat' dir='ltr'>rum</span> <span class='ocrx_word' id='word_1_372' title='bbox 531 3139 655 3210; x_wconf 89' lang='lat' dir='ltr'>regi</span> <span class='ocrx_word' id='word_1_373' title='bbox 688 3137 864 3194; x_wconf 91' lang='lat' dir='ltr'>Ilium</span> <span class='ocrx_word' id='word_1_374' title='bbox 895 3137 1210 3192; x_wconf 90' lang='lat' dir='ltr'>condituro</span> <span class='ocrx_word' id='word_1_375' title='bbox 1241 3136 1632 3208; x_wconf 89' lang='lat' dir='ltr'>philosophus</span> <span class='ocrx_word' id='word_1_376' title='bbox 1663 3136 1908 3208; x_wconf 91' lang='lat' dir='ltr'>quidam</span> <span class='ocrx_word' id='word_1_377' title='bbox 1957 3141 2017 3191; x_wconf 91' lang='lat' dir='ltr'>et</span> 
     </span>
    </p>
   </div>
   <div class='ocr_carea' id='block_1_51' title="bbox 369 3224 2017 3298">
    <p class='ocr_par' dir='ltr' id='par_1_51' title="bbox 369 3224 2017 3298">
     <span class='ocr_line' id='line_1_51' title="bbox 369 3224 2017 3298; baseline 0 -18"><span class='ocrx_word' id='word_1_378' title='bbox 369 3225 882 3281; x_wconf 79' lang='lat' dir='ltr'>innominatarum</span> <span class='ocrx_word' id='word_1_379' title='bbox 913 3225 1348 3298; x_wconf 60' lang='lat' dir='ltr'>praestigiarum</span> <span class='ocrx_word' id='word_1_380' title='bbox 1378 3224 1674 3281; x_wconf 90' lang='lat' dir='ltr'>sacerdos.</span> <span class='ocrx_word' id='word_1_381' title='bbox 1708 3226 1884 3280; x_wconf 86' lang='lat' dir='ltr'>Asius</span> <span class='ocrx_word' id='word_1_382' title='bbox 1914 3241 2017 3280; x_wconf 90' lang='lat' dir='ltr'>no-</span> 
     </span>
    </p>
   </div>
   <div class='ocr_carea' id='block_1_52' title="bbox 368 3313 2017 3385">
    <p class='ocr_par' dir='ltr' id='par_1_52' title="bbox 368 3313 2017 3385">
     <span class='ocr_line' id='line_1_52' title="bbox 368 3313 2017 3385; baseline 0 -17"><span class='ocrx_word' id='word_1_383' title='bbox 368 3314 552 3378; x_wconf 87' lang='lat' dir='ltr'>mine,</span> <span class='ocrx_word' id='word_1_384' title='bbox 576 3314 735 3370; x_wconf 87' lang='lat' dir='ltr'>dono</span> <span class='ocrx_word' id='word_1_385' title='bbox 761 3313 960 3370; x_wconf 84' lang='lat' dir='ltr'>attulit</span> <span class='ocrx_word' id='word_1_386' title='bbox 986 3333 1000 3380; x_wconf 91' lang='lat'><strong>;</strong></span> <span class='ocrx_word' id='word_1_387' title='bbox 1035 3314 1095 3369; x_wconf 89' lang='lat' dir='ltr'>in</span> <span class='ocrx_word' id='word_1_388' title='bbox 1127 3314 1296 3385; x_wconf 83' lang='lat' dir='ltr'>cujus</span> <span class='ocrx_word' id='word_1_389' title='bbox 1325 3314 1574 3385; x_wconf 81' lang='lat' dir='ltr'>gratiam</span> <span class='ocrx_word' id='word_1_390' title='bbox 1605 3315 1746 3369; x_wconf 90' lang='lat' dir='ltr'>Tros</span> <span class='ocrx_word' id='word_1_391' title='bbox 1775 3313 2017 3370; x_wconf 89' lang='lat' dir='ltr'>univer-</span> 
     </span>
    </p>
   </div>
   <div class='ocr_carea' id='block_1_53' title="bbox 369 3401 2018 3475">
    <p class='ocr_par' dir='ltr' id='par_1_53' title="bbox 369 3401 2018 3475">
     <span class='ocr_line' id='line_1_53' title="bbox 369 3401 2018 3475; baseline 0.001 -19"><span class='ocrx_word' id='word_1_392' title='bbox 369 3417 495 3456; x_wconf 89' lang='lat' dir='ltr'>sam</span> <span class='ocrx_word' id='word_1_393' title='bbox 517 3419 686 3458; x_wconf 92' lang='lat' dir='ltr'>suam</span> <span class='ocrx_word' id='word_1_394' title='bbox 709 3403 1014 3475; x_wconf 82' lang='lat' dir='ltr'>regionem</span> <span class='ocrx_word' id='word_1_395' title='bbox 1035 3403 1323 3458; x_wconf 89' lang='lat' dir='ltr'>hactenus</span> <span class='ocrx_word' id='word_1_396' title='bbox 1352 3401 1725 3474; x_wconf 89' lang='lat' dir='ltr'>Epirrhopon</span> <span class='ocrx_word' id='word_1_397' title='bbox 1757 3402 2018 3474; x_wconf 89' lang='lat' dir='ltr'>appella-</span> 
     </span>
    </p>
   </div>
   <div class='ocr_carea' id='block_1_54' title="bbox 371 3491 2014 3562">
    <p class='ocr_par' dir='ltr' id='par_1_54' title="bbox 371 3491 2014 3562">
     <span class='ocr_line' id='line_1_54' title="bbox 371 3491 2014 3562; baseline 0.002 -18"><span class='ocrx_word' id='word_1_398' title='bbox 371 3497 489 3546; x_wconf 89' lang='lat' dir='ltr'>tam</span> <span class='ocrx_word' id='word_1_399' title='bbox 521 3491 592 3546; x_wconf 89' lang='lat' dir='ltr'>ab</span> <span class='ocrx_word' id='word_1_400' title='bbox 625 3491 752 3562; x_wconf 75' lang='lat' dir='ltr'>ipso</span> <span class='ocrx_word' id='word_1_401' title='bbox 783 3491 982 3547; x_wconf 88' lang='lat' dir='ltr'>Asiam</span> <span class='ocrx_word' id='word_1_402' title='bbox 1014 3491 1435 3546; x_wconf 87' lang='lat' dir='ltr'>denominavit.</span> <span class='ocrx_word' id='word_1_403' title='bbox 1468 3491 1651 3547; x_wconf 76' lang='grc' dir='ltr'>ει·ωεὶ</span> <span class='ocrx_word' id='word_1_404' title='bbox 1674 3508 1809 3546; x_wconf 92' lang='lat' dir='ltr'>cum</span> <span class='ocrx_word' id='word_1_405' title='bbox 1839 3492 2014 3548; x_wconf 87' lang='lat' dir='ltr'>Ilium</span> 
     </span>
    </p>
   </div>
   <div class='ocr_carea' id='block_1_55' title="bbox 371 3581 2015 3654">
    <p class='ocr_par' dir='ltr' id='par_1_55' title="bbox 371 3581 2015 3654">
     <span class='ocr_line' id='line_1_55' title="bbox 371 3581 2015 3654; baseline 0.001 -18"><span class='ocrx_word' id='word_1_406' title='bbox 371 3581 502 3654; x_wconf 89' lang='lat' dir='ltr'>capi</span> <span class='ocrx_word' id='word_1_407' title='bbox 537 3598 658 3636; x_wconf 87' lang='lat' dir='ltr'>non</span> <span class='ocrx_word' id='word_1_408' title='bbox 687 3599 882 3653; x_wconf 89' lang='lat' dir='ltr'>posse,</span> <span class='ocrx_word' id='word_1_409' title='bbox 933 3581 1200 3652; x_wconf 86' lang='lat' dir='ltr'>quandiu</span> <span class='ocrx_word' id='word_1_410' title='bbox 1233 3581 1619 3637; x_wconf 88' lang='lat' dir='ltr'>simulacrum</span> <span class='ocrx_word' id='word_1_411' title='bbox 1651 3581 1711 3637; x_wconf 91' lang='lat' dir='ltr'>id</span> <span class='ocrx_word' id='word_1_412' title='bbox 1759 3598 1829 3637; x_wconf 87' lang='lat' dir='ltr'>ea</span> <span class='ocrx_word' id='word_1_413' title='bbox 1859 3587 2015 3638; x_wconf 87' lang='lat' dir='ltr'>esset</span> 
     </span>
    </p>
   </div>
   <div class='ocr_carea' id='block_1_56' title="bbox 369 3669 2014 3744">
    <p class='ocr_par' dir='ltr' id='par_1_56' title="bbox 369 3669 2014 3744">
     <span class='ocr_line' id='line_1_56' title="bbox 369 3669 2014 3744; baseline 0 -18"><span class='ocrx_word' id='word_1_414' title='bbox 369 3670 432 3726; x_wconf 91' lang='lat' dir='ltr'>in</span> <span class='ocrx_word' id='word_1_415' title='bbox 454 3669 1076 3736; x_wconf 89' lang='lat' dir='ltr'>urbe,inaudivissent,</span> <span class='ocrx_word' id='word_1_416' title='bbox 1102 3671 1260 3726; x_wconf 88' lang='lat' dir='ltr'>furto</span> <span class='ocrx_word' id='word_1_417' title='bbox 1291 3670 1351 3726; x_wconf 91' lang='lat' dir='ltr'>id</span> <span class='ocrx_word' id='word_1_418' title='bbox 1367 3669 1760 3740; x_wconf 88' lang='lat' dir='ltr'>abstulerunt,</span> <span class='ocrx_word' id='word_1_419' title='bbox 1790 3671 2014 3744; x_wconf 84' lang='lat' dir='ltr'>Ulyssis</span> 
     </span>
    </p>
   </div>
   <div class='ocr_carea' id='block_1_57' title="bbox 366 3759 2013 3832">
    <p class='ocr_par' dir='ltr' id='par_1_57' title="bbox 366 3759 2013 3832">
     <span class='ocr_line' id='line_1_57' title="bbox 366 3759 2013 3832; baseline 0.001 -16"><span class='ocrx_word' id='word_1_420' title='bbox 366 3765 424 3816; x_wconf 92' lang='lat' dir='ltr'>et</span> <span class='ocrx_word' id='word_1_421' title='bbox 449 3761 749 3816; x_wconf 89' lang='lat' dir='ltr'>Diomedis</span> <span class='ocrx_word' id='word_1_422' title='bbox 776 3777 977 3832; x_wconf 91' lang='lat' dir='ltr'>opera.</span> <span class='ocrx_word' id='word_1_423' title='bbox 1011 3760 1081 3815; x_wconf 88' lang='lat' dir='ltr'>Hi</span> <span class='ocrx_word' id='word_1_424' title='bbox 1111 3759 1264 3816; x_wconf 89' lang='lat' dir='ltr'>clam</span> <span class='ocrx_word' id='word_1_425' title='bbox 1293 3759 1544 3832; x_wconf 88' lang='lat' dir='ltr'>ingressi</span> <span class='ocrx_word' id='word_1_426' title='bbox 1577 3760 1806 3830; x_wconf 88' lang='lat' dir='ltr'>urbem,</span> <span class='ocrx_word' id='word_1_427' title='bbox 1843 3766 1902 3816; x_wconf 89' lang='lat' dir='ltr'>et</span> <span class='ocrx_word' id='word_1_428' title='bbox 1949 3761 2013 3817; x_wconf 89' lang='lat' dir='ltr'>in</span> 
     </span>
    </p>
   </div>
   <div class='ocr_carea' id='block_1_58' title="bbox 362 3849 2016 3921">
    <p class='ocr_par' dir='ltr' id='par_1_58' title="bbox 362 3849 2016 3921">
     <span class='ocr_line' id='line_1_58' title="bbox 362 3849 2016 3921; baseline 0.002 -18"><span class='ocrx_word' id='word_1_429' title='bbox 362 3849 502 3906; x_wconf 84' lang='lat' dir='ltr'>fano</span> <span class='ocrx_word' id='word_1_430' title='bbox 533 3850 803 3905; x_wconf 62' lang='lat' dir='ltr'>Minerva</span> <span class='ocrx_word' id='word_1_431' title='bbox 834 3867 941 3921; x_wconf 89' lang='lat' dir='ltr'>per</span> <span class='ocrx_word' id='word_1_432' title='bbox 967 3849 1147 3906; x_wconf 88' lang='lat' dir='ltr'>ferias</span> <span class='ocrx_word' id='word_1_433' title='bbox 1177 3850 1805 3917; x_wconf 90' lang='lat' dir='ltr'>commorati,consilio</span> <span class='ocrx_word' id='word_1_434' title='bbox 1838 3853 2016 3906; x_wconf 85' lang='lat' dir='ltr'>Ante-</span> 
     </span>
    </p>
   </div>
   <div class='ocr_carea' id='block_1_59' title="bbox 366 3938 2012 4011">
    <p class='ocr_par' dir='ltr' id='par_1_59' title="bbox 366 3938 2012 4011">
     <span class='ocr_line' id='line_1_59' title="bbox 366 3938 2012 4011; baseline 0.002 -20"><span class='ocrx_word' id='word_1_435' title='bbox 366 3938 529 3993; x_wconf 85' lang='lat' dir='ltr'>noris</span> <span class='ocrx_word' id='word_1_436' title='bbox 553 3939 941 4009; x_wconf 90' lang='lat' dir='ltr'>Trojanarum</span> <span class='ocrx_word' id='word_1_437' title='bbox 961 3939 1271 4011; x_wconf 88' lang='lat' dir='ltr'>principis,</span> <span class='ocrx_word' id='word_1_438' title='bbox 1291 3938 1608 4010; x_wconf 89' lang='lat' dir='ltr'>adjuvante</span> <span class='ocrx_word' id='word_1_439' title='bbox 1631 3940 1809 4011; x_wconf 90' lang='lat' dir='ltr'>hujus</span> <span class='ocrx_word' id='word_1_440' title='bbox 1831 3957 2012 3996; x_wconf 82' lang='lat' dir='ltr'>uxore</span> 
     </span>
    </p>
   </div>
   <div class='ocr_carea' id='block_1_60' title="bbox 366 4027 2013 4100">
    <p class='ocr_par' dir='ltr' id='par_1_60' title="bbox 366 4027 2013 4100">
     <span class='ocr_line' id='line_1_60' title="bbox 366 4027 2013 4100; baseline 0.002 -19"><span class='ocrx_word' id='word_1_441' title='bbox 366 4027 703 4092; x_wconf 88' lang='lat' dir='ltr'>Theanone,</span> <span class='ocrx_word' id='word_1_442' title='bbox 757 4045 889 4100; x_wconf 65' lang='lat' dir='ltr'>qua</span> <span class='ocrx_word' id='word_1_443' title='bbox 947 4027 1222 4084; x_wconf 90' lang='lat' dir='ltr'>sacerdos</span> <span class='ocrx_word' id='word_1_444' title='bbox 1279 4033 1406 4084; x_wconf 86' lang='lat' dir='ltr'>erat</span> <span class='ocrx_word' id='word_1_445' title='bbox 1471 4029 1766 4099; x_wconf 83' lang='lat' dir='ltr'>Minervae,</span> <span class='ocrx_word' id='word_1_446' title='bbox 1831 4036 2013 4086; x_wconf 90' lang='lat' dir='ltr'>noctu</span> 
     </span>
    </p>
   </div>
   <div class='ocr_carea' id='block_1_61' title="bbox 369 4116 2010 4176">
    <p class='ocr_par' dir='ltr' id='par_1_61' title="bbox 369 4116 2010 4176">
     <span class='ocr_line' id='line_1_61' title="bbox 369 4116 2010 4176; baseline 0.001 -4"><span class='ocrx_word' id='word_1_447' title='bbox 369 4116 670 4172; x_wconf 88' lang='lat' dir='ltr'>sublatum</span> <span class='ocrx_word' id='word_1_448' title='bbox 693 4117 1082 4174; x_wconf 89' lang='lat' dir='ltr'>simulacrum</span> <span class='ocrx_word' id='word_1_449' title='bbox 1114 4134 1317 4174; x_wconf 90' lang='lat' dir='ltr'>secum</span> <span class='ocrx_word' id='word_1_450' title='bbox 1343 4117 1406 4172; x_wconf 92' lang='lat' dir='ltr'>in</span> <span class='ocrx_word' id='word_1_451' title='bbox 1436 4123 1630 4175; x_wconf 90' lang='lat' dir='ltr'>castra</span> <span class='ocrx_word' id='word_1_452' title='bbox 1659 4118 2010 4176; x_wconf 90' lang='lat' dir='ltr'>attulerunt.</span> 
     </span>
    </p>
   </div>
   <div class='ocr_carea' id='block_1_62' title="bbox 366 4207 2015 4280">
    <p class='ocr_par' dir='ltr' id='par_1_62' title="bbox 366 4207 2015 4280">
     <span class='ocr_line' id='line_1_62' title="bbox 366 4207 2015 4280; baseline 0.002 -18"><span class='ocrx_word' id='word_1_453' title='bbox 366 4208 447 4262; x_wconf 87' lang='lat' dir='ltr'>Ea</span> <span class='ocrx_word' id='word_1_454' title='bbox 476 4211 648 4263; x_wconf 91' lang='lat' dir='ltr'>nocte</span> <span class='ocrx_word' id='word_1_455' title='bbox 679 4207 950 4280; x_wconf 90' lang='lat' dir='ltr'>Trojanis</span> <span class='ocrx_word' id='word_1_456' title='bbox 980 4207 1350 4264; x_wconf 91' lang='lat' dir='ltr'>miserabilia</span> <span class='ocrx_word' id='word_1_457' title='bbox 1378 4213 1655 4280; x_wconf 89' lang='lat' dir='ltr'>portenta</span> <span class='ocrx_word' id='word_1_458' title='bbox 1685 4214 1746 4264; x_wconf 91' lang='lat' dir='ltr'>et</span> <span class='ocrx_word' id='word_1_459' title='bbox 1781 4208 2015 4265; x_wconf 89' lang='lat' dir='ltr'>abumi-</span> 
     </span>
    </p>
   </div>
   <div class='ocr_carea' id='block_1_63' title="bbox 365 4294 2015 4368">
    <p class='ocr_par' dir='ltr' id='par_1_63' title="bbox 365 4294 2015 4368">
     <span class='ocr_line' id='line_1_63' title="bbox 365 4294 2015 4368; baseline 0.001 -19"><span class='ocrx_word' id='word_1_460' title='bbox 365 4294 566 4350; x_wconf 86' lang='lat' dir='ltr'>nanda</span> <span class='ocrx_word' id='word_1_461' title='bbox 594 4301 1159 4368; x_wconf 79' lang='lat' dir='ltr'>apparuerunt,quae</span> <span class='ocrx_word' id='word_1_462' title='bbox 1191 4312 1367 4351; x_wconf 92' lang='lat' dir='ltr'>mane</span> <span class='ocrx_word' id='word_1_463' title='bbox 1399 4297 1618 4368; x_wconf 85' lang='lat' dir='ltr'>egressi</span> <span class='ocrx_word' id='word_1_464' title='bbox 1644 4297 1859 4352; x_wconf 73' lang='lat' dir='ltr'>Graacis</span> <span class='ocrx_word' id='word_1_465' title='bbox 1883 4312 2015 4352; x_wconf 87' lang='lat' dir='ltr'>nar-</span> 
     </span>
    </p>
   </div>
   <div class='ocr_carea' id='block_1_64' title="bbox 366 4383 2016 4457">
    <p class='ocr_par' dir='ltr' id='par_1_64' title="bbox 366 4383 2016 4457">
     <span class='ocr_line' id='line_1_64' title="bbox 366 4383 2016 4457; baseline 0 -19"><span class='ocrx_word' id='word_1_466' title='bbox 366 4389 664 4440; x_wconf 85' lang='lat' dir='ltr'>raverunt.</span> <span class='ocrx_word' id='word_1_467' title='bbox 698 4385 919 4440; x_wconf 91' lang='lat' dir='ltr'>Ferunt</span> <span class='ocrx_word' id='word_1_468' title='bbox 949 4385 1272 4452; x_wconf 79' lang='lat' dir='ltr'>enim,cum</span> <span class='ocrx_word' id='word_1_469' title='bbox 1305 4383 1541 4454; x_wconf 76' lang='lat' dir='ltr'>Trojani</span> <span class='ocrx_word' id='word_1_470' title='bbox 1574 4400 1698 4440; x_wconf 94' lang='lat' dir='ltr'>rem</span> <span class='ocrx_word' id='word_1_471' title='bbox 1751 4383 2016 4457; x_wconf 86' lang='lat' dir='ltr'>Apollini</span> 
     </span>
    </p>
   </div>
   <div class='ocr_carea' id='block_1_65' title="bbox 370 4474 2016 4550">
    <p class='ocr_par' dir='ltr' id='par_1_65' title="bbox 370 4474 2016 4550">
     <span class='ocr_line' id='line_1_65' title="bbox 370 4474 2016 4550; baseline 0.001 -21"><span class='ocrx_word' id='word_1_472' title='bbox 370 4490 600 4530; x_wconf 89' lang='lat' dir='ltr'>sacram</span> <span class='ocrx_word' id='word_1_473' title='bbox 633 4475 827 4531; x_wconf 86' lang='lat' dir='ltr'>facere</span> <span class='ocrx_word' id='word_1_474' title='bbox 859 4475 1259 4530; x_wconf 87' lang='lat' dir='ltr'>instituissent</span> <span class='ocrx_word' id='word_1_475' title='bbox 1289 4474 1537 4546; x_wconf 89' lang='lat' dir='ltr'>ejusque</span> <span class='ocrx_word' id='word_1_476' title='bbox 1568 4475 1740 4531; x_wconf 88' lang='lat' dir='ltr'>altari</span> <span class='ocrx_word' id='word_1_477' title='bbox 1768 4475 1930 4550; x_wconf 82' lang='lat' dir='ltr'>ligna</span> <span class='ocrx_word' id='word_1_478' title='bbox 1959 4481 2016 4532; x_wconf 90' lang='lat' dir='ltr'>et</span> 
     </span>
    </p>
   </div>
   <div class='ocr_carea' id='block_1_66' title="bbox 371 4562 2017 4636">
    <p class='ocr_par' dir='ltr' id='par_1_66' title="bbox 371 4562 2017 4636">
     <span class='ocr_line' id='line_1_66' title="bbox 371 4562 2017 4636; baseline 0.001 -18"><span class='ocrx_word' id='word_1_479' title='bbox 371 4579 581 4618; x_wconf 89' lang='lat' dir='ltr'>carnes</span> <span class='ocrx_word' id='word_1_480' title='bbox 625 4562 738 4616; x_wconf 91' lang='lat' dir='ltr'>rite</span> <span class='ocrx_word' id='word_1_481' title='bbox 785 4563 1232 4634; x_wconf 89' lang='lat' dir='ltr'>imposuissent,</span> <span class='ocrx_word' id='word_1_482' title='bbox 1283 4563 1439 4619; x_wconf 72' lang='lat'>280</span> <span class='ocrx_word' id='word_1_483' title='bbox 1469 4564 1665 4635; x_wconf 89' lang='lat' dir='ltr'>ignem</span> <span class='ocrx_word' id='word_1_484' title='bbox 1708 4565 1884 4636; x_wconf 83' lang='lat' dir='ltr'>lignis</span> <span class='ocrx_word' id='word_1_485' title='bbox 1931 4567 2017 4620; x_wconf 85' lang='lat' dir='ltr'>in-</span> 
     </span>
    </p>
   </div>
   <div class='ocr_carea' id='block_1_67' title="bbox 365 4650 2016 4726">
    <p class='ocr_par' dir='ltr' id='par_1_67' title="bbox 365 4650 2016 4726">
     <span class='ocr_line' id='line_1_67' title="bbox 365 4650 2016 4726; baseline 0.002 -21"><span class='ocrx_word' id='word_1_486' title='bbox 365 4651 595 4722; x_wconf 90' lang='lat' dir='ltr'>jectum</span> <span class='ocrx_word' id='word_1_487' title='bbox 617 4667 736 4706; x_wconf 90' lang='lat' dir='ltr'>non</span> <span class='ocrx_word' id='word_1_488' title='bbox 758 4650 974 4706; x_wconf 89' lang='lat' dir='ltr'>arsisse</span> <span class='ocrx_word' id='word_1_489' title='bbox 996 4651 1101 4706; x_wconf 92' lang='lat' dir='ltr'>sed</span> <span class='ocrx_word' id='word_1_490' title='bbox 1122 4651 1480 4707; x_wconf 86' lang='lat' dir='ltr'>exstinctum</span> <span class='ocrx_word' id='word_1_491' title='bbox 1503 4652 1780 4722; x_wconf 86' lang='lat' dir='ltr'>fuisse,ac</span> <span class='ocrx_word' id='word_1_492' title='bbox 1802 4653 2016 4726; x_wconf 62' lang='lat' dir='ltr'>sapius</span> 
     </span>
    </p>
   </div>
   <div class='ocr_carea' id='block_1_68' title="bbox 2191 2685 3783 2766">
    <p class='ocr_par' dir='ltr' id='par_1_68' title="bbox 2191 2685 3783 2766">
     <span class='ocr_line' id='line_1_68' title="bbox 2191 2685 3783 2766; baseline -0.004 -20"><span class='ocrx_word' id='word_1_493' title='bbox 2191 2689 2314 2746; x_wconf 91' lang='grc' dir='ltr'>Ὃτι</span> <span class='ocrx_word' id='word_1_494' title='bbox 2342 2689 2406 2744; x_wconf 86' lang='grc' dir='ltr'>τὸ</span> <span class='ocrx_word' id='word_1_495' title='bbox 2438 2687 2752 2745; x_wconf 73' lang='grc' dir='ltr'>Παλλάδιον</span> <span class='ocrx_word' id='word_1_496' title='bbox 2811 2689 3110 2764; x_wconf 88' lang='grc' dir='ltr'>λεγομενον</span> <span class='ocrx_word' id='word_1_497' title='bbox 3164 2687 3376 2759; x_wconf 79' lang='grc' dir='ltr'>ξύλινον</span> <span class='ocrx_word' id='word_1_498' title='bbox 3419 2689 3668 2766; x_wconf 77' lang='grc' dir='ltr'>ὑπῆρχεν</span> <span class='ocrx_word' id='word_1_499' title='bbox 3699 2685 3783 2742; x_wconf 80' lang='grc' dir='ltr'>εἲ-</span> 
     </span>
    </p>
   </div>
   <div class='ocr_carea' id='block_1_69' title="bbox 2123 2773 3783 2852">
    <p class='ocr_par' dir='ltr' id='par_1_69' title="bbox 2123 2773 3783 2852">
     <span class='ocr_line' id='line_1_69' title="bbox 2123 2773 3783 2852; baseline -0.001 -20"><span class='ocrx_word' id='word_1_500' title='bbox 2123 2773 2302 2833; x_wconf 89' lang='grc' dir='ltr'>δωλον</span> <span class='ocrx_word' id='word_1_501' title='bbox 2335 2784 2436 2848; x_wconf 79' lang='grc' dir='ltr'>τῆς</span> <span class='ocrx_word' id='word_1_502' title='bbox 2468 2775 2780 2840; x_wconf 86' lang='grc' dir='ltr'>Παλλάδος.</span> <span class='ocrx_word' id='word_1_503' title='bbox 2801 2780 2982 2836; x_wconf 78' lang='grc' dir='ltr'>Τοῦτο</span> <span class='ocrx_word' id='word_1_504' title='bbox 3011 2773 3199 2852; x_wconf 80' lang='grc' dir='ltr'>ἔλεγον</span> <span class='ocrx_word' id='word_1_505' title='bbox 3227 2774 3605 2849; x_wconf 87' lang='grc' dir='ltr'>τετελεσμένον</span> <span class='ocrx_word' id='word_1_506' title='bbox 3636 2775 3783 2830; x_wconf 86' lang='grc' dir='ltr'>εἶναι</span> 
     </span>
    </p>
   </div>
   <div class='ocr_carea' id='block_1_70' title="bbox 2122 2861 3785 2944">
    <p class='ocr_par' dir='ltr' id='par_1_70' title="bbox 2122 2861 3785 2944">
     <span class='ocr_line' id='line_1_70' title="bbox 2122 2861 3785 2944; baseline 0 -24"><span class='ocrx_word' id='word_1_507' title='bbox 2122 2865 2384 2944; x_wconf 82' lang='grc' dir='ltr'>ἆρῥήτοις</span> <span class='ocrx_word' id='word_1_508' title='bbox 2439 2866 2552 2922; x_wconf 86' lang='grc' dir='ltr'>τισὶ</span> <span class='ocrx_word' id='word_1_509' title='bbox 2608 2867 2700 2922; x_wconf 84' lang='grc' dir='ltr'>καὶ</span> <span class='ocrx_word' id='word_1_510' title='bbox 2754 2865 3138 2942; x_wconf 89' lang='grc' dir='ltr'>δαιμονιώδεσι</span> <span class='ocrx_word' id='word_1_511' title='bbox 3197 2865 3596 2939; x_wconf 84' lang='grc' dir='ltr'>τελεστηρίοις,</span> <span class='ocrx_word' id='word_1_512' title='bbox 3648 2861 3785 2934; x_wconf 82' lang='grc' dir='ltr'>ἤτοι</span> 
     </span>
    </p>
   </div>
   <div class='ocr_carea' id='block_1_71' title="bbox 2129 2951 3785 3034">
    <p class='ocr_par' dir='ltr' id='par_1_71' title="bbox 2129 2951 3785 3034">
     <span class='ocr_line' id='line_1_71' title="bbox 2129 2951 3785 3034; baseline -0.001 -24"><span class='ocrx_word' id='word_1_513' title='bbox 2129 2961 2392 3030; x_wconf 86' lang='grc' dir='ltr'>μυσαροῖς</span> <span class='ocrx_word' id='word_1_514' title='bbox 2463 2957 2789 3031; x_wconf 79' lang='grc' dir='ltr'>μυστηρίοις</span> <span class='ocrx_word' id='word_1_515' title='bbox 2845 2953 3322 3032; x_wconf 83' lang='grc' dir='ltr'>ἐστοιχειωμένον,</span> <span class='ocrx_word' id='word_1_516' title='bbox 3379 2954 3706 3034; x_wconf 81' lang='grc' dir='ltr'>νικηφόρον,</span> <span class='ocrx_word' id='word_1_517' title='bbox 3749 2951 3785 3008; x_wconf 77' lang='grc' dir='ltr'>δ</span> 
     </span>
    </p>
   </div>
   <div class='ocr_carea' id='block_1_72' title="bbox 2125 3043 3788 3126">
    <p class='ocr_par' dir='ltr' id='par_1_72' title="bbox 2125 3043 3788 3126">
     <span class='ocr_line' id='line_1_72' title="bbox 2125 3043 3788 3126; baseline -0.001 -25"><span class='ocrx_word' id='word_1_518' title='bbox 2125 3067 2273 3126; x_wconf 84' lang='grc' dir='ltr'>φασι,</span> <span class='ocrx_word' id='word_1_519' title='bbox 2305 3046 2396 3101; x_wconf 82' lang='grc' dir='ltr'>καὶ</span> <span class='ocrx_word' id='word_1_520' title='bbox 2452 3043 2734 3101; x_wconf 81' lang='grc' dir='ltr'>ἀνάλωτον</span> <span class='ocrx_word' id='word_1_521' title='bbox 2791 3043 3070 3121; x_wconf 82' lang='grc' dir='ltr'>διατηρεῖν</span> <span class='ocrx_word' id='word_1_522' title='bbox 3129 3047 3228 3114; x_wconf 78' lang='grc' dir='ltr'>τήν</span> <span class='ocrx_word' id='word_1_523' title='bbox 3285 3043 3450 3102; x_wconf 87' lang='grc' dir='ltr'>πόλιν</span> <span class='ocrx_word' id='word_1_524' title='bbox 3483 3043 3533 3100; x_wconf 81' lang='grc' dir='ltr'>ἐν</span> <span class='ocrx_word' id='word_1_525' title='bbox 3643 3043 3788 3100; x_wconf 83' lang='grc' dir='ltr'>ἀπό-</span> 
     </span>
    </p>
   </div>
   <div class='ocr_carea' id='block_1_73' title="bbox 2125 3132 3788 3206">
    <p class='ocr_par' dir='ltr' id='par_1_73' title="bbox 2125 3132 3788 3206">
     <span class='ocr_line' id='line_1_73' title="bbox 2125 3132 3788 3206; baseline -0.002 -15"><span class='ocrx_word' id='word_1_526' title='bbox 2125 3141 2516 3193; x_wconf 84' lang='grc' dir='ltr'>κειται.Τοῦτο</span> <span class='ocrx_word' id='word_1_527' title='bbox 2572 3135 2635 3190; x_wconf 83' lang='grc' dir='ltr'>τὸ</span> <span class='ocrx_word' id='word_1_528' title='bbox 2695 3133 2893 3205; x_wconf 88' lang='grc' dir='ltr'>ζώδιον</span> <span class='ocrx_word' id='word_1_529' title='bbox 2945 3136 3048 3205; x_wconf 80' lang='grc' dir='ltr'>τὴν</span> <span class='ocrx_word' id='word_1_530' title='bbox 3101 3135 3266 3192; x_wconf 87' lang='grc' dir='ltr'>πόλιν</span> <span class='ocrx_word' id='word_1_531' title='bbox 3299 3133 3478 3192; x_wconf 80' lang='grc' dir='ltr'>Ἴλιον</span> <span class='ocrx_word' id='word_1_532' title='bbox 3513 3132 3788 3206; x_wconf 87' lang='grc' dir='ltr'>μέλλοντι</span> 
     </span>
    </p>
   </div>
   <div class='ocr_carea' id='block_1_74' title="bbox 2124 3221 3790 3304">
    <p class='ocr_par' dir='ltr' id='par_1_74' title="bbox 2124 3221 3790 3304">
     <span class='ocr_line' id='line_1_74' title="bbox 2124 3221 3790 3304; baseline -0.002 -25"><span class='ocrx_word' id='word_1_533' title='bbox 2124 3224 2326 3296; x_wconf 85' lang='grc' dir='ltr'>κτίζειν</span> <span class='ocrx_word' id='word_1_534' title='bbox 2355 3226 2505 3299; x_wconf 68' lang='grc' dir='ltr'>Τρωὶ</span> <span class='ocrx_word' id='word_1_535' title='bbox 2546 3229 2627 3298; x_wconf 82' lang='grc' dir='ltr'>τῷ</span> <span class='ocrx_word' id='word_1_536' title='bbox 2683 3229 2791 3280; x_wconf 87' lang='grc' dir='ltr'>τῶν</span> <span class='ocrx_word' id='word_1_537' title='bbox 2850 3227 3056 3298; x_wconf 80' lang='grc' dir='ltr'>Τρώων</span> <span class='ocrx_word' id='word_1_538' title='bbox 3114 3223 3340 3300; x_wconf 90' lang='grc' dir='ltr'>βασιλεῖ</span> <span class='ocrx_word' id='word_1_539' title='bbox 3368 3221 3670 3304; x_wconf 86' lang='grc' dir='ltr'>φιλόσοφός</span> <span class='ocrx_word' id='word_1_540' title='bbox 3699 3243 3790 3285; x_wconf 88' lang='grc' dir='ltr'>τις</span> 
     </span>
    </p>
   </div>
   <div class='ocr_carea' id='block_1_75' title="bbox 2127 3311 3792 3392">
    <p class='ocr_par' dir='ltr' id='par_1_75' title="bbox 2127 3311 3792 3392">
     <span class='ocr_line' id='line_1_75' title="bbox 2127 3311 3792 3392; baseline -0.001 -23"><span class='ocrx_word' id='word_1_541' title='bbox 2127 3315 2217 3370; x_wconf 87' lang='grc' dir='ltr'>καὶ</span> <span class='ocrx_word' id='word_1_542' title='bbox 2256 3313 2508 3391; x_wconf 77' lang='grc' dir='ltr'>άρῥήτων</span> <span class='ocrx_word' id='word_1_543' title='bbox 2568 3319 2840 3392; x_wconf 82' lang='grc' dir='ltr'>γοητειῶν</span> <span class='ocrx_word' id='word_1_544' title='bbox 2899 3313 3181 3384; x_wconf 75' lang='grc' dir='ltr'>τελεστὴς,</span> <span class='ocrx_word' id='word_1_545' title='bbox 3229 3314 3418 3376; x_wconf 81' lang='grc' dir='ltr'>Ἄσιος</span> <span class='ocrx_word' id='word_1_546' title='bbox 3461 3314 3654 3386; x_wconf 72' lang='grc' dir='ltr'>ὄνομα,</span> <span class='ocrx_word' id='word_1_547' title='bbox 3691 3311 3792 3389; x_wconf 75' lang='grc' dir='ltr'>φέ-</span> 
     </span>
    </p>
   </div>
   <div class='ocr_carea' id='block_1_76' title="bbox 2047 3402 3787 3508">
    <p class='ocr_par' dir='ltr' id='par_1_76' title="bbox 2047 3402 3787 3508">
     <span class='ocr_line' id='line_1_76' title="bbox 2047 3402 3787 3508; baseline -0.003 -49"><span class='ocrx_word' id='word_1_548' title='bbox 2047 3442 2094 3508; x_wconf 84' lang='grc' dir='ltr'><strong>Β</strong></span> <span class='ocrx_word' id='word_1_549' title='bbox 2131 3425 2239 3480; x_wconf 85' lang='grc' dir='ltr'>ρων</span> <span class='ocrx_word' id='word_1_550' title='bbox 2291 3403 2612 3508; x_wconf 63' lang='grc' dir='ltr'>ἐχαρίσατοο</span> <span class='ocrx_word' id='word_1_551' title='bbox 2689 3404 2737 3476; x_wconf 84' lang='grc' dir='ltr'>ᾧ</span> <span class='ocrx_word' id='word_1_552' title='bbox 2819 3404 3309 3508; x_wconf 61' lang='grc' dir='ltr'>ἀντιχαριςόμενος</span> <span class='ocrx_word' id='word_1_553' title='bbox 3368 3405 3396 3459; x_wconf 93' lang='lat'>6</span> <span class='ocrx_word' id='word_1_554' title='bbox 3456 3402 3616 3478; x_wconf 84' lang='grc' dir='ltr'>Τρὼς</span> <span class='ocrx_word' id='word_1_555' title='bbox 3649 3404 3787 3508; x_wconf 49' lang='grc' dir='ltr'>ςτήν</span> 
     </span>
    </p>
   </div>
   <div class='ocr_carea' id='block_1_77' title="bbox 2127 3488 3792 3569">
    <p class='ocr_par' dir='ltr' id='par_1_77' title="bbox 2127 3488 3792 3569">
     <span class='ocr_line' id='line_1_77' title="bbox 2127 3488 3792 3569; baseline -0.002 -21"><span class='ocrx_word' id='word_1_556' title='bbox 2127 3494 2215 3548; x_wconf 84' lang='grc' dir='ltr'>ὑπ’</span> <span class='ocrx_word' id='word_1_557' title='bbox 2247 3492 2406 3549; x_wconf 81' lang='grc' dir='ltr'>αὐτὸν</span> <span class='ocrx_word' id='word_1_558' title='bbox 2441 3493 2628 3569; x_wconf 89' lang='grc' dir='ltr'>χώραν</span> <span class='ocrx_word' id='word_1_559' title='bbox 2687 3498 2884 3561; x_wconf 86' lang='grc' dir='ltr'>πᾶσαν,</span> <span class='ocrx_word' id='word_1_560' title='bbox 2947 3491 3280 3568; x_wconf 65' lang='grc' dir='ltr'>’ἒέπὶῥροπον</span> <span class='ocrx_word' id='word_1_561' title='bbox 3319 3497 3534 3568; x_wconf 89' lang='grc' dir='ltr'>πρῶτον</span> <span class='ocrx_word' id='word_1_562' title='bbox 3578 3488 3792 3546; x_wconf 84' lang='grc' dir='ltr'>καλου-</span> 
     </span>
    </p>
   </div>
   <div class='ocr_carea' id='block_1_78' title="bbox 2121 3579 3788 3656">
    <p class='ocr_par' dir='ltr' id='par_1_78' title="bbox 2121 3579 3788 3656">
     <span class='ocr_line' id='line_1_78' title="bbox 2121 3579 3788 3656; baseline -0.001 -19"><span class='ocrx_word' id='word_1_563' title='bbox 2121 3581 2308 3656; x_wconf 83' lang='grc' dir='ltr'>μένην,</span> <span class='ocrx_word' id='word_1_564' title='bbox 2343 3583 2418 3645; x_wconf 88' lang='grc' dir='ltr'>εἱς</span> <span class='ocrx_word' id='word_1_565' title='bbox 2447 3581 2510 3638; x_wconf 76' lang='grc' dir='ltr'>τὰ</span> <span class='ocrx_word' id='word_1_566' title='bbox 2542 3581 2754 3638; x_wconf 82' lang='grc' dir='ltr'>ἐκείνου</span> <span class='ocrx_word' id='word_1_567' title='bbox 2787 3579 2962 3656; x_wconf 73' lang='grc' dir='ltr'>ὄνομα</span> <span class='ocrx_word' id='word_1_568' title='bbox 3009 3581 3194 3638; x_wconf 81' lang='grc' dir='ltr'>Ἀσίαν</span> <span class='ocrx_word' id='word_1_569' title='bbox 3231 3581 3569 3655; x_wconf 83' lang='grc' dir='ltr'>ἐπωνόμασε.</span> <span class='ocrx_word' id='word_1_570' title='bbox 3601 3582 3788 3638; x_wconf 80' lang='grc' dir='ltr'>Τοῦτο</span> 
     </span>
    </p>
   </div>
   <div class='ocr_carea' id='block_1_79' title="bbox 2119 3666 3790 3748">
    <p class='ocr_par' dir='ltr' id='par_1_79' title="bbox 2119 3666 3790 3748">
     <span class='ocr_line' id='line_1_79' title="bbox 2119 3666 3790 3748; baseline -0.001 -22"><span class='ocrx_word' id='word_1_571' title='bbox 2119 3671 2210 3726; x_wconf 83' lang='grc' dir='ltr'>οὗν</span> <span class='ocrx_word' id='word_1_572' title='bbox 2269 3673 2332 3728; x_wconf 88' lang='grc' dir='ltr'>τὸ</span> <span class='ocrx_word' id='word_1_573' title='bbox 2390 3673 2606 3748; x_wconf 86' lang='grc' dir='ltr'>βρέτας,</span> <span class='ocrx_word' id='word_1_574' title='bbox 2665 3671 2990 3735; x_wconf 82' lang='grc' dir='ltr'>ἀκούσαντες</span> <span class='ocrx_word' id='word_1_575' title='bbox 3049 3671 3104 3726; x_wconf 75' lang='grc' dir='ltr'>οἱ</span> <span class='ocrx_word' id='word_1_576' title='bbox 3158 3669 3434 3741; x_wconf 85' lang='grc' dir='ltr'>Ἕλληνες</span> <span class='ocrx_word' id='word_1_577' title='bbox 3478 3669 3553 3732; x_wconf 81' lang='grc' dir='ltr'>ὡς</span> <span class='ocrx_word' id='word_1_578' title='bbox 3581 3669 3686 3726; x_wconf 80' lang='grc' dir='ltr'>οὐκ</span> <span class='ocrx_word' id='word_1_579' title='bbox 3716 3666 3790 3724; x_wconf 81' lang='grc' dir='ltr'>ἂν</span> 
     </span>
    </p>
   </div>
   <div class='ocr_carea' id='block_1_80' title="bbox 2120 3757 3784 3834">
    <p class='ocr_par' dir='ltr' id='par_1_80' title="bbox 2120 3757 3784 3834">
     <span class='ocr_line' id='line_1_80' title="bbox 2120 3757 3784 3834; baseline -0.002 -18"><span class='ocrx_word' id='word_1_580' title='bbox 2120 3757 2371 3816; x_wconf 76' lang='grc' dir='ltr'>δύναιντο</span> <span class='ocrx_word' id='word_1_581' title='bbox 2401 3762 2502 3831; x_wconf 77' lang='grc' dir='ltr'>τὴν</span> <span class='ocrx_word' id='word_1_582' title='bbox 2541 3761 2706 3816; x_wconf 87' lang='grc' dir='ltr'>πόλιν</span> <span class='ocrx_word' id='word_1_583' title='bbox 2763 3759 2904 3816; x_wconf 79' lang='grc' dir='ltr'>ἑλεῖν</span> <span class='ocrx_word' id='word_1_584' title='bbox 2967 3763 3052 3834; x_wconf 89' lang='grc' dir='ltr'>[Ρ.</span> <span class='ocrx_word' id='word_1_585' title='bbox 3088 3762 3208 3833; x_wconf 87' lang='grc'><strong>131]</strong></span> <span class='ocrx_word' id='word_1_586' title='bbox 3259 3757 3366 3824; x_wconf 72' lang='grc' dir='ltr'>ἕως</span> <span class='ocrx_word' id='word_1_587' title='bbox 3422 3759 3481 3814; x_wconf 82' lang='grc' dir='ltr'>ἃν</span> <span class='ocrx_word' id='word_1_588' title='bbox 3535 3757 3590 3814; x_wconf 82' lang='grc' dir='ltr'>ἐν</span> <span class='ocrx_word' id='word_1_589' title='bbox 3639 3757 3784 3833; x_wconf 76' lang='grc' dir='ltr'>αὐτῇ</span> 
     </span>
    </p>
   </div>
   <div class='ocr_carea' id='block_1_81' title="bbox 2116 3845 3788 3924">
    <p class='ocr_par' dir='ltr' id='par_1_81' title="bbox 2116 3845 3788 3924">
     <span class='ocr_line' id='line_1_81' title="bbox 2116 3845 3788 3924; baseline -0.001 -20"><span class='ocrx_word' id='word_1_590' title='bbox 2116 3849 2481 3923; x_wconf 76' lang='grc' dir='ltr'>ἀποκείμενον</span> <span class='ocrx_word' id='word_1_591' title='bbox 2538 3849 2595 3923; x_wconf 73' lang='grc' dir='ltr'>ᾖ,</span> <span class='ocrx_word' id='word_1_592' title='bbox 2653 3847 2854 3923; x_wconf 82' lang='grc' dir='ltr'>κλέψαι</span> <span class='ocrx_word' id='word_1_593' title='bbox 2911 3847 3162 3924; x_wconf 71' lang='grc' dir='ltr'>ἴσχυσαν,</span> <span class='ocrx_word' id='word_1_594' title='bbox 3197 3845 3500 3910; x_wconf 85' lang='grc' dir='ltr'>Ὀδυσσέως</span> <span class='ocrx_word' id='word_1_595' title='bbox 3530 3846 3619 3902; x_wconf 83' lang='grc' dir='ltr'>καὶ</span> <span class='ocrx_word' id='word_1_596' title='bbox 3653 3856 3788 3902; x_wconf 87' lang='grc' dir='ltr'>Διο-</span> 
     </span>
    </p>
   </div>
   <div class='ocr_carea' id='block_1_82' title="bbox 2123 3935 3786 4016">
    <p class='ocr_par' dir='ltr' id='par_1_82' title="bbox 2123 3935 3786 4016">
     <span class='ocr_line' id='line_1_82' title="bbox 2123 3935 3786 4016; baseline -0.001 -22"><span class='ocrx_word' id='word_1_597' title='bbox 2123 3936 2335 4012; x_wconf 89' lang='grc' dir='ltr'>μήδους</span> <span class='ocrx_word' id='word_1_598' title='bbox 2363 3945 2541 4016; x_wconf 85' lang='grc' dir='ltr'>κρυφῆ</span> <span class='ocrx_word' id='word_1_599' title='bbox 2577 3937 2934 3994; x_wconf 73' lang='grc' dir='ltr'>εἰσελθόντων</span> <span class='ocrx_word' id='word_1_600' title='bbox 2978 3938 3068 3994; x_wconf 85' lang='grc' dir='ltr'>καὶ</span> <span class='ocrx_word' id='word_1_601' title='bbox 3118 3939 3171 3992; x_wconf 89' lang='grc' dir='ltr'>ἐν</span> <span class='ocrx_word' id='word_1_602' title='bbox 3218 3942 3299 4010; x_wconf 79' lang='grc' dir='ltr'>τῷ</span> <span class='ocrx_word' id='word_1_603' title='bbox 3329 3939 3460 4012; x_wconf 78' lang='grc' dir='ltr'>ἱερῷ</span> <span class='ocrx_word' id='word_1_604' title='bbox 3495 3942 3596 4006; x_wconf 83' lang='grc' dir='ltr'>τῆς</span> <span class='ocrx_word' id='word_1_605' title='bbox 3627 3935 3786 3993; x_wconf 87' lang='grc' dir='ltr'>Ηαλ-</span> 
     </span>
    </p>
   </div>
   <div class='ocr_carea' id='block_1_83' title="bbox 2119 4023 3786 4102">
    <p class='ocr_par' dir='ltr' id='par_1_83' title="bbox 2119 4023 3786 4102">
     <span class='ocr_line' id='line_1_83' title="bbox 2119 4023 3786 4102; baseline -0.001 -20"><span class='ocrx_word' id='word_1_606' title='bbox 2119 4024 2287 4090; x_wconf 82' lang='grc' dir='ltr'>λάδος</span> <span class='ocrx_word' id='word_1_607' title='bbox 2345 4025 2398 4082; x_wconf 85' lang='grc' dir='ltr'>ἐν</span> <span class='ocrx_word' id='word_1_608' title='bbox 2459 4029 2694 4102; x_wconf 76' lang='grc' dir='ltr'>ἡμέραις</span> <span class='ocrx_word' id='word_1_609' title='bbox 2742 4032 2852 4082; x_wconf 88' lang='grc' dir='ltr'>τῶν</span> <span class='ocrx_word' id='word_1_610' title='bbox 2913 4029 3116 4102; x_wconf 69' lang='grc' dir='ltr'>ἑορτῶν</span> <span class='ocrx_word' id='word_1_611' title='bbox 3191 4025 3632 4102; x_wconf 87' lang='grc' dir='ltr'>παραμενόντων,</span> <span class='ocrx_word' id='word_1_612' title='bbox 3691 4023 3786 4080; x_wconf 82' lang='grc' dir='ltr'>καὶ</span> 
     </span>
    </p>
   </div>
   <div class='ocr_carea' id='block_1_84' title="bbox 2116 4109 3778 4192">
    <p class='ocr_par' dir='ltr' id='par_1_84' title="bbox 2116 4109 3778 4192">
     <span class='ocr_line' id='line_1_84' title="bbox 2116 4109 3778 4192; baseline -0.001 -22"><span class='ocrx_word' id='word_1_613' title='bbox 2116 4116 2312 4192; x_wconf 80' lang='grc' dir='ltr'>γνώμῃ</span> <span class='ocrx_word' id='word_1_614' title='bbox 2345 4119 2443 4170; x_wconf 82' lang='grc' dir='ltr'>τοῦ</span> <span class='ocrx_word' id='word_1_615' title='bbox 2499 4117 2829 4191; x_wconf 87' lang='grc' dir='ltr'>’Λντήνορος</span> <span class='ocrx_word' id='word_1_616' title='bbox 2885 4115 3117 4192; x_wconf 77' lang='grc' dir='ltr'>ἐξάρχου</span> <span class='ocrx_word' id='word_1_617' title='bbox 3171 4120 3285 4172; x_wconf 89' lang='grc' dir='ltr'>τῶν</span> <span class='ocrx_word' id='word_1_618' title='bbox 3341 4115 3546 4190; x_wconf 86' lang='grc' dir='ltr'>Τρώων</span> <span class='ocrx_word' id='word_1_619' title='bbox 3588 4109 3778 4182; x_wconf 78' lang='grc' dir='ltr'>ὄντος,</span> 
     </span>
    </p>
   </div>
   <div class='ocr_carea' id='block_1_85' title="bbox 2119 4203 3782 4279">
    <p class='ocr_par' dir='ltr' id='par_1_85' title="bbox 2119 4203 3782 4279">
     <span class='ocr_line' id='line_1_85' title="bbox 2119 4203 3782 4279; baseline -0.002 -20"><span class='ocrx_word' id='word_1_620' title='bbox 2119 4204 2210 4259; x_wconf 68' lang='grc' dir='ltr'>διὰ</span> <span class='ocrx_word' id='word_1_621' title='bbox 2238 4210 2337 4273; x_wconf 78' lang='grc' dir='ltr'>τῆς</span> <span class='ocrx_word' id='word_1_622' title='bbox 2368 4205 2626 4279; x_wconf 83' lang='grc' dir='ltr'>γυναικὸς</span> <span class='ocrx_word' id='word_1_623' title='bbox 2679 4205 2845 4260; x_wconf 79' lang='grc' dir='ltr'>αὐτοῦ</span> <span class='ocrx_word' id='word_1_624' title='bbox 2899 4209 3128 4267; x_wconf 77' lang='grc' dir='ltr'>Θεανοῦς</span> <span class='ocrx_word' id='word_1_625' title='bbox 3183 4203 3381 4276; x_wconf 78' lang='grc' dir='ltr'>ἱερείας</span> <span class='ocrx_word' id='word_1_626' title='bbox 3413 4209 3515 4273; x_wconf 83' lang='grc' dir='ltr'>τῆς</span> <span class='ocrx_word' id='word_1_627' title='bbox 3547 4203 3782 4264; x_wconf 72' lang='grc' dir='ltr'>Ἀθηνᾶς</span> 
     </span>
    </p>
   </div>
   <div class='ocr_carea' id='block_1_86' title="bbox 2121 4289 3788 4371">
    <p class='ocr_par' dir='ltr' id='par_1_86' title="bbox 2121 4289 3788 4371">
     <span class='ocr_line' id='line_1_86' title="bbox 2121 4289 3788 4371; baseline -0.001 -23"><span class='ocrx_word' id='word_1_628' title='bbox 2121 4289 2311 4364; x_wconf 67' lang='grc' dir='ltr'>οὔσης,</span> <span class='ocrx_word' id='word_1_629' title='bbox 2369 4297 2534 4349; x_wconf 79' lang='grc' dir='ltr'>τοῦτο</span> <span class='ocrx_word' id='word_1_630' title='bbox 2589 4294 2782 4356; x_wconf 86' lang='grc' dir='ltr'>νυκτὸς</span> <span class='ocrx_word' id='word_1_631' title='bbox 2837 4292 3171 4371; x_wconf 82' lang='grc' dir='ltr'>ἀφελόμενοι</span> <span class='ocrx_word' id='word_1_632' title='bbox 3232 4291 3484 4366; x_wconf 78' lang='grc' dir='ltr'>ἐξῆλτον,</span> <span class='ocrx_word' id='word_1_633' title='bbox 3540 4290 3632 4346; x_wconf 75' lang='grc' dir='ltr'>ὅτε</span> <span class='ocrx_word' id='word_1_634' title='bbox 3684 4310 3788 4362; x_wconf 73' lang='grc' dir='ltr'>καὶ</span> 
     </span>
    </p>
   </div>
   <div class='ocr_carea' id='block_1_87' title="bbox 2117 4377 3840 4459">
    <p class='ocr_par' dir='ltr' id='par_1_87' title="bbox 2117 4377 3840 4459">
     <span class='ocr_line' id='line_1_87' title="bbox 2117 4377 3840 4459; baseline -0.002 -22"><span class='ocrx_word' id='word_1_635' title='bbox 2117 4382 2186 4437; x_wconf 71' lang='grc' dir='ltr'>τὰ</span> <span class='ocrx_word' id='word_1_636' title='bbox 2250 4377 2530 4457; x_wconf 78' lang='grc' dir='ltr'>συμϐάντα</span> <span class='ocrx_word' id='word_1_637' title='bbox 2593 4388 2710 4445; x_wconf 86' lang='grc' dir='ltr'>τοῖς</span> <span class='ocrx_word' id='word_1_638' title='bbox 2769 4383 2952 4459; x_wconf 82' lang='grc' dir='ltr'>Τρωσὶ</span> <span class='ocrx_word' id='word_1_639' title='bbox 3010 4383 3127 4438; x_wconf 85' lang='grc' dir='ltr'>κατ’</span> <span class='ocrx_word' id='word_1_640' title='bbox 3185 4381 3396 4453; x_wconf 82' lang='grc' dir='ltr'>ἐκείνην</span> <span class='ocrx_word' id='word_1_641' title='bbox 3453 4381 3556 4450; x_wconf 79' lang='grc' dir='ltr'>τὴν</span> <span class='ocrx_word' id='word_1_642' title='bbox 3612 4379 3840 4456; x_wconf 21' lang='grc' dir='ltr'>νύκτα.</span> 
     </span>
    </p>
   </div>
   <div class='ocr_carea' id='block_1_88' title="bbox 2123 4457 3790 4546">
    <p class='ocr_par' dir='ltr' id='par_1_88' title="bbox 2123 4457 3790 4546">
     <span class='ocr_line' id='line_1_88' title="bbox 2123 4457 3790 4546; baseline -0.001 -20"><span class='ocrx_word' id='word_1_643' title='bbox 2123 4471 2332 4527; x_wconf 80' lang='grc' dir='ltr'>ἐλεεινὰ</span> <span class='ocrx_word' id='word_1_644' title='bbox 2374 4467 2628 4546; x_wconf 74' lang='grc' dir='ltr'>σύμϐολα</span> <span class='ocrx_word' id='word_1_645' title='bbox 2682 4471 2774 4526; x_wconf 79' lang='grc' dir='ltr'>καὶ</span> <span class='ocrx_word' id='word_1_646' title='bbox 2820 4457 3059 4526; x_wconf 25' lang='grc' dir='ltr'>-ἆπαίσια</span> <span class='ocrx_word' id='word_1_647' title='bbox 3111 4476 3442 4536; x_wconf 82' lang='grc' dir='ltr'>κατεθεῶντο</span> <span class='ocrx_word' id='word_1_648' title='bbox 3479 4468 3572 4525; x_wconf 79' lang='grc' dir='ltr'>καὶ</span> <span class='ocrx_word' id='word_1_649' title='bbox 3632 4457 3790 4544; x_wconf 67' lang='grc' dir='ltr'>πρωῖ</span> 
     </span>
    </p>
   </div>
   <div class='ocr_carea' id='block_1_89' title="bbox 2121 4558 3789 4636">
    <p class='ocr_par' dir='ltr' id='par_1_89' title="bbox 2121 4558 3789 4636">
     <span class='ocr_line' id='line_1_89' title="bbox 2121 4558 3789 4636; baseline 0 -22"><span class='ocrx_word' id='word_1_650' title='bbox 2121 4559 2428 4630; x_wconf 75' lang='grc' dir='ltr'>ἐξελθόντες</span> <span class='ocrx_word' id='word_1_651' title='bbox 2455 4566 2573 4622; x_wconf 87' lang='grc' dir='ltr'>τοῖς</span> <span class='ocrx_word' id='word_1_652' title='bbox 2628 4560 2898 4632; x_wconf 81' lang='grc' dir='ltr'>Ἕλλησιν</span> <span class='ocrx_word' id='word_1_653' title='bbox 2955 4559 3332 4636; x_wconf 86' lang='grc' dir='ltr'>ἀπήγγελλον.</span> <span class='ocrx_word' id='word_1_654' title='bbox 3393 4559 3534 4615; x_wconf 77' lang='grc' dir='ltr'>Φασὶ</span> <span class='ocrx_word' id='word_1_655' title='bbox 3561 4559 3668 4636; x_wconf 83' lang='grc' dir='ltr'>γὰρ</span> <span class='ocrx_word' id='word_1_656' title='bbox 3700 4558 3789 4615; x_wconf 79' lang='grc' dir='ltr'>ὅτι</span> 
     </span>
    </p>
   </div>
   <div class='ocr_carea' id='block_1_90' title="bbox 2122 4648 3785 4725">
    <p class='ocr_par' dir='ltr' id='par_1_90' title="bbox 2122 4648 3785 4725">
     <span class='ocr_line' id='line_1_90' title="bbox 2122 4648 3785 4725; baseline -0.002 -21"><span class='ocrx_word' id='word_1_657' title='bbox 2122 4653 2234 4704; x_wconf 88' lang='grc' dir='ltr'>τῶν</span> <span class='ocrx_word' id='word_1_658' title='bbox 2263 4651 2462 4723; x_wconf 86' lang='grc' dir='ltr'>Τρώων</span> <span class='ocrx_word' id='word_1_659' title='bbox 2494 4648 2583 4704; x_wconf 82' lang='grc' dir='ltr'>ἐπὶ</span> <span class='ocrx_word' id='word_1_660' title='bbox 2611 4649 2702 4704; x_wconf 86' lang='grc' dir='ltr'>τὸν</span> <span class='ocrx_word' id='word_1_661' title='bbox 2754 4650 2944 4725; x_wconf 86' lang='grc' dir='ltr'>βωμὸν</span> <span class='ocrx_word' id='word_1_662' title='bbox 2991 4653 3088 4705; x_wconf 80' lang='grc' dir='ltr'>τοῦ</span> <span class='ocrx_word' id='word_1_663' title='bbox 3118 4648 3476 4711; x_wconf 80' lang='grc' dir='ltr'>’Λπόλλωνος</span> <span class='ocrx_word' id='word_1_664' title='bbox 3505 4648 3785 4719; x_wconf 82' lang='grc' dir='ltr'>θυσιάζειν</span> 
     </span>
    </p>
   </div>
   <div class='ocr_carea' id='block_1_91' title="bbox 374 4736 2012 4814">
    <p class='ocr_par' dir='ltr' id='par_1_91' title="bbox 374 4739 2012 4812">
     <span class='ocr_line' id='line_1_91' title="bbox 374 4739 2012 4812; baseline 0.002 -19"><span class='ocrx_word' id='word_1_665' title='bbox 374 4740 694 4809; x_wconf 84' lang='lat' dir='ltr'>repetitum</span> <span class='ocrx_word' id='word_1_666' title='bbox 717 4739 915 4812; x_wconf 89' lang='lat' dir='ltr'>ignem</span> <span class='ocrx_word' id='word_1_667' title='bbox 945 4757 1066 4795; x_wconf 94' lang='lat' dir='ltr'>non</span> <span class='ocrx_word' id='word_1_668' title='bbox 1088 4739 1304 4796; x_wconf 87' lang='lat' dir='ltr'>arsisse</span> <span class='ocrx_word' id='word_1_669' title='bbox 1328 4759 1342 4807; x_wconf 88' lang='lat'><strong>;</strong></span> <span class='ocrx_word' id='word_1_670' title='bbox 1367 4746 1428 4795; x_wconf 90' lang='lat' dir='ltr'>et</span> <span class='ocrx_word' id='word_1_671' title='bbox 1456 4741 1746 4812; x_wconf 90' lang='lat' dir='ltr'>quidquid</span> <span class='ocrx_word' id='word_1_672' title='bbox 1762 4759 1879 4797; x_wconf 73' lang='lat' dir='ltr'>arte</span> <span class='ocrx_word' id='word_1_673' title='bbox 1908 4743 2012 4797; x_wconf 92' lang='lat' dir='ltr'>im-</span> 
     </span>
    </p>
   </div>
   <div class='ocr_carea' id='block_1_92' title="bbox 2122 4736 3787 4814">
    <p class='ocr_par' dir='ltr' id='par_1_92' title="bbox 2123 4736 3787 4814">
     <span class='ocr_line' id='line_1_92' title="bbox 2123 4736 3787 4814; baseline -0.001 -21"><span class='ocrx_word' id='word_1_674' title='bbox 2123 4738 2540 4813; x_wconf 83' lang='grc' dir='ltr'>ἆγωνιζομένων</span> <span class='ocrx_word' id='word_1_675' title='bbox 2579 4739 2648 4794; x_wconf 76' lang='grc' dir='ltr'>τὰ</span> <span class='ocrx_word' id='word_1_676' title='bbox 2691 4737 2826 4810; x_wconf 78' lang='grc' dir='ltr'>ξύλα</span> <span class='ocrx_word' id='word_1_677' title='bbox 2886 4739 2981 4814; x_wconf 77' lang='grc' dir='ltr'>μὲν</span> <span class='ocrx_word' id='word_1_678' title='bbox 3035 4739 3126 4794; x_wconf 82' lang='grc' dir='ltr'>καὶ</span> <span class='ocrx_word' id='word_1_679' title='bbox 3155 4739 3224 4794; x_wconf 81' lang='grc' dir='ltr'><strong>τᾶ</strong></span> <span class='ocrx_word' id='word_1_680' title='bbox 3253 4739 3405 4810; x_wconf 83' lang='grc' dir='ltr'>κρέα,</span> <span class='ocrx_word' id='word_1_681' title='bbox 3435 4738 3568 4794; x_wconf 83' lang='grc' dir='ltr'>κατὸ</span> <span class='ocrx_word' id='word_1_682' title='bbox 3597 4736 3787 4811; x_wconf 83' lang='grc' dir='ltr'>θέμις,</span> 
     </span>
    </p>
   </div>
   <div class='ocr_carea' id='block_1_93' title="bbox 371 4791 2012 4904">
    <p class='ocr_par' dir='ltr' id='par_1_93' title="bbox 371 4791 2012 4900">
     <span class='ocr_line' id='line_1_93' title="bbox 374 4791 1987 4812; baseline 0.002 -19"><span class='ocrx_word' id='word_1_683' title='bbox 374 4791 392 4793; x_wconf 96' lang='grc'>-</span> <span class='ocrx_word' id='word_1_684' title='bbox 717 4791 915 4812; x_wconf 44' lang='grc' dir='ltr'>-ο---ῇ</span> <span class='ocrx_word' id='word_1_685' title='bbox 946 4791 1066 4795; x_wconf 82' lang='lat'>_-_</span> <span class='ocrx_word' id='word_1_686' title='bbox 1091 4791 1300 4796; x_wconf 77' lang='grc'>-------</span> <span class='ocrx_word' id='word_1_687' title='bbox 1328 4791 1342 4807; x_wconf 85' lang='lat'>,</span> <span class='ocrx_word' id='word_1_688' title='bbox 1374 4791 1424 4795; x_wconf 80' lang='grc'>--</span> <span class='ocrx_word' id='word_1_689' title='bbox 1462 4791 1877 4812; x_wconf 43' lang='grc' dir='ltr'>,Μή-ηψπ</span> <span class='ocrx_word' id='word_1_690' title='bbox 1908 4791 1987 4797; x_wconf 90' lang='lat'>_-_</span> 
     </span>
     <span class='ocr_line' id='line_1_94' title="bbox 371 4828 2012 4900; baseline 0.003 -17"><span class='ocrx_word' id='word_1_691' title='bbox 371 4829 632 4900; x_wconf 88' lang='lat' dir='ltr'>positum</span> <span class='ocrx_word' id='word_1_692' title='bbox 663 4828 876 4894; x_wconf 87' lang='lat' dir='ltr'>fuerat,</span> <span class='ocrx_word' id='word_1_693' title='bbox 911 4829 971 4884; x_wconf 86' lang='lat' dir='ltr'>in</span> <span class='ocrx_word' id='word_1_694' title='bbox 1021 4835 1241 4885; x_wconf 91' lang='lat' dir='ltr'>terram</span> <span class='ocrx_word' id='word_1_695' title='bbox 1291 4829 1604 4886; x_wconf 89' lang='lat' dir='ltr'>decidisse.</span> <span class='ocrx_word' id='word_1_696' title='bbox 1657 4832 1834 4886; x_wconf 88' lang='lat' dir='ltr'>Troes</span> <span class='ocrx_word' id='word_1_697' title='bbox 1883 4848 2012 4888; x_wconf 91' lang='lat' dir='ltr'>cum</span> 
     </span>
    </p>
   </div>
   <div class='ocr_carea' id='block_1_94' title="bbox 2122 4791 3792 4904">
    <p class='ocr_par' dir='ltr' id='par_1_94' title="bbox 2122 4791 3792 4904">
     <span class='ocr_line' id='line_1_95' title="bbox 2122 4791 3792 4904; baseline 0 -21"><span class='ocrx_word' id='word_1_698' title='bbox 2122 4791 2429 4898; x_wconf 56' lang='grc' dir='ltr'>ὲτὲέὲιθξέὲξ</span> <span class='ocrx_word' id='word_1_699' title='bbox 2473 4791 3126 4904; x_wconf 28' lang='grc' dir='ltr'>πΰρῄέξέόῖςεῂξύλεξς</span> <span class='ocrx_word' id='word_1_700' title='bbox 3170 4791 3792 4904; x_wconf 53' lang='grc' dir='ltr'>ἐὲτιὲοζλίξιᾷέᾲοᾲόἀξξ</span> 
     </span>
    </p>
   </div>
   <div class='ocr_carea' id='block_1_95' title="bbox 371 4918 2020 4992">
    <p class='ocr_par' dir='ltr' id='par_1_95' title="bbox 371 4918 2020 4992">
     <span class='ocr_line' id='line_1_96' title="bbox 371 4918 2020 4992; baseline 0 -18"><span class='ocrx_word' id='word_1_701' title='bbox 371 4918 684 4974; x_wconf 86' lang='lat' dir='ltr'>adversum</span> <span class='ocrx_word' id='word_1_702' title='bbox 715 4918 827 4974; x_wconf 89' lang='lat' dir='ltr'>sibi</span> <span class='ocrx_word' id='word_1_703' title='bbox 851 4919 1080 4990; x_wconf 92' lang='lat' dir='ltr'>aliquid</span> <span class='ocrx_word' id='word_1_704' title='bbox 1109 4918 1221 4974; x_wconf 89' lang='lat' dir='ltr'>hoc</span> <span class='ocrx_word' id='word_1_705' title='bbox 1239 4923 1472 4974; x_wconf 91' lang='lat' dir='ltr'>ostento</span> <span class='ocrx_word' id='word_1_706' title='bbox 1503 4919 1840 4974; x_wconf 89' lang='lat' dir='ltr'>denuntiari</span> <span class='ocrx_word' id='word_1_707' title='bbox 1859 4919 2020 4992; x_wconf 84' lang='lat' dir='ltr'>judi-</span> 
     </span>
    </p>
   </div>
   <div class='ocr_carea' id='block_1_96' title="bbox 372 5009 2022 5083">
    <p class='ocr_par' dir='ltr' id='par_1_96' title="bbox 372 5009 2022 5083">
     <span class='ocr_line' id='line_1_97' title="bbox 372 5009 2022 5083; baseline 0.001 -17"><span class='ocrx_word' id='word_1_708' title='bbox 372 5015 595 5080; x_wconf 89' lang='lat' dir='ltr'>carent,</span> <span class='ocrx_word' id='word_1_709' title='bbox 628 5009 902 5065; x_wconf 89' lang='lat' dir='ltr'>Priamus</span> <span class='ocrx_word' id='word_1_710' title='bbox 931 5025 999 5064; x_wconf 88' lang='lat' dir='ltr'>ac</span> <span class='ocrx_word' id='word_1_711' title='bbox 1029 5009 1244 5080; x_wconf 85' lang='lat' dir='ltr'>reliqui</span> <span class='ocrx_word' id='word_1_712' title='bbox 1275 5012 1639 5066; x_wconf 84' lang='lat' dir='ltr'>Antenorem</span> <span class='ocrx_word' id='word_1_713' title='bbox 1668 5011 1862 5083; x_wconf 91' lang='lat' dir='ltr'>legatu</span> <span class='ocrx_word' id='word_1_714' title='bbox 1883 5011 2022 5068; x_wconf 89' lang='lat' dir='ltr'>mad</span> 
     </span>
    </p>
   </div>
   <div class='ocr_carea' id='block_1_97' title="bbox 373 5099 2020 5173">
    <p class='ocr_par' dir='ltr' id='par_1_97' title="bbox 373 5099 2020 5173">
     <span class='ocr_line' id='line_1_98' title="bbox 373 5099 2020 5173; baseline 0.001 -18"><span class='ocrx_word' id='word_1_715' title='bbox 373 5102 602 5156; x_wconf 65' lang='lat' dir='ltr'>Graecos</span> <span class='ocrx_word' id='word_1_716' title='bbox 636 5099 904 5162; x_wconf 79' lang='lat' dir='ltr'>mittunt.</span> <span class='ocrx_word' id='word_1_717' title='bbox 924 5103 1192 5170; x_wconf 89' lang='lat' dir='ltr'>rogatum</span> <span class='ocrx_word' id='word_1_718' title='bbox 1226 5105 1292 5154; x_wconf 92' lang='lat' dir='ltr'>ut</span> <span class='ocrx_word' id='word_1_719' title='bbox 1321 5099 1361 5154; x_wconf 92' lang='lat' dir='ltr'>ii</span> <span class='ocrx_word' id='word_1_720' title='bbox 1395 5116 1600 5171; x_wconf 89' lang='lat' dir='ltr'>pacem</span> <span class='ocrx_word' id='word_1_721' title='bbox 1629 5100 1796 5173; x_wconf 90' lang='lat' dir='ltr'>ipsis,</span> <span class='ocrx_word' id='word_1_722' title='bbox 1829 5101 2020 5172; x_wconf 90' lang='lat' dir='ltr'>pretio</span> 
     </span>
    </p>
   </div>
   <div class='ocr_carea' id='block_1_98' title="bbox 371 5188 2022 5258">
    <p class='ocr_par' dir='ltr' id='par_1_98' title="bbox 371 5188 2022 5258">
     <span class='ocr_line' id='line_1_99' title="bbox 371 5188 2022 5258; baseline 0.001 -14"><span class='ocrx_word' id='word_1_723' title='bbox 371 5206 478 5244; x_wconf 90' lang='lat' dir='ltr'>suo</span> <span class='ocrx_word' id='word_1_724' title='bbox 510 5189 758 5244; x_wconf 87' lang='lat' dir='ltr'>arbitrio</span> <span class='ocrx_word' id='word_1_725' title='bbox 785 5188 1132 5258; x_wconf 86' lang='lat' dir='ltr'>constituto,</span> <span class='ocrx_word' id='word_1_726' title='bbox 1194 5188 1605 5245; x_wconf 88' lang='lat' dir='ltr'>redimendam</span> <span class='ocrx_word' id='word_1_727' title='bbox 1637 5189 1862 5246; x_wconf 90' lang='lat' dir='ltr'>darent.</span> <span class='ocrx_word' id='word_1_728' title='bbox 1910 5193 2022 5246; x_wconf 85' lang='lat' dir='ltr'>An-</span> 
     </span>
    </p>
   </div>
   <div class='ocr_carea' id='block_1_99' title="bbox 374 5276 2019 5351">
    <p class='ocr_par' dir='ltr' id='par_1_99' title="bbox 374 5276 2019 5351">
     <span class='ocr_line' id='line_1_100' title="bbox 374 5276 2019 5351; baseline 0.003 -19"><span class='ocrx_word' id='word_1_729' title='bbox 374 5283 551 5332; x_wconf 90' lang='lat' dir='ltr'>tonor</span> <span class='ocrx_word' id='word_1_730' title='bbox 598 5278 829 5351; x_wconf 88' lang='lat' dir='ltr'>legatus</span> <span class='ocrx_word' id='word_1_731' title='bbox 885 5276 962 5332; x_wconf 89' lang='lat' dir='ltr'>ad</span> <span class='ocrx_word' id='word_1_732' title='bbox 1020 5277 1252 5333; x_wconf 64' lang='lat' dir='ltr'>Graecos</span> <span class='ocrx_word' id='word_1_733' title='bbox 1295 5277 1638 5347; x_wconf 88' lang='lat' dir='ltr'>hujusmodi</span> <span class='ocrx_word' id='word_1_734' title='bbox 1688 5279 2019 5336; x_wconf 90' lang='lat' dir='ltr'>orationem</span> 
     </span>
    </p>
   </div>
   <div class='ocr_carea' id='block_1_100' title="bbox 373 5363 2022 5437">
    <p class='ocr_par' dir='ltr' id='par_1_100' title="bbox 373 5363 2022 5437">
     <span class='ocr_line' id='line_1_101' title="bbox 373 5363 2022 5437; baseline 0.001 -17"><span class='ocrx_word' id='word_1_735' title='bbox 373 5363 585 5420; x_wconf 89' lang='lat' dir='ltr'>habuit</span> <span class='ocrx_word' id='word_1_736' title='bbox 615 5387 662 5419; x_wconf 80' lang='grc' dir='ltr'>,ι</span> <span class='ocrx_word' id='word_1_737' title='bbox 698 5364 998 5437; x_wconf 89' lang='lat' dir='ltr'>Quidquid</span> <span class='ocrx_word' id='word_1_738' title='bbox 1033 5381 1342 5436; x_wconf 73' lang='lat' dir='ltr'>pmnarum</span> <span class='ocrx_word' id='word_1_739' title='bbox 1375 5365 1514 5422; x_wconf 90' lang='lat' dir='ltr'>dare</span> <span class='ocrx_word' id='word_1_740' title='bbox 1545 5382 1655 5421; x_wconf 93' lang='lat' dir='ltr'>nos</span> <span class='ocrx_word' id='word_1_741' title='bbox 1686 5366 1760 5421; x_wconf 90' lang='lat' dir='ltr'>ob</span> <span class='ocrx_word' id='word_1_742' title='bbox 1817 5373 2022 5422; x_wconf 90' lang='lat' dir='ltr'>nostra</span> 
     </span>
    </p>
   </div>
   <div class='ocr_carea' id='block_1_101' title="bbox 373 5453 2018 5528">
    <p class='ocr_par' dir='ltr' id='par_1_101' title="bbox 373 5453 2018 5528">
     <span class='ocr_line' id='line_1_102' title="bbox 373 5453 2018 5528; baseline 0.001 -18"><span class='ocrx_word' id='word_1_743' title='bbox 373 5454 602 5526; x_wconf 84' lang='lat' dir='ltr'>ﬂagitia</span> <span class='ocrx_word' id='word_1_744' title='bbox 639 5453 975 5520; x_wconf 88' lang='lat' dir='ltr'>debuimus,</span> <span class='ocrx_word' id='word_1_745' title='bbox 1010 5455 1304 5511; x_wconf 90' lang='lat' dir='ltr'>dedimus.</span> <span class='ocrx_word' id='word_1_746' title='bbox 1339 5456 1527 5523; x_wconf 90' lang='lat' dir='ltr'>Paris,</span> <span class='ocrx_word' id='word_1_747' title='bbox 1561 5455 1720 5527; x_wconf 89' lang='lat' dir='ltr'>quod</span> <span class='ocrx_word' id='word_1_748' title='bbox 1750 5455 1824 5510; x_wconf 92' lang='lat' dir='ltr'>ob</span> <span class='ocrx_word' id='word_1_749' title='bbox 1856 5456 2018 5528; x_wconf 90' lang='lat' dir='ltr'>inju-</span> 
     </span>
    </p>
   </div>
   <div class='ocr_carea' id='block_1_102' title="bbox 373 5543 2018 5616">
    <p class='ocr_par' dir='ltr' id='par_1_102' title="bbox 373 5543 2018 5616">
     <span class='ocr_line' id='line_1_103' title="bbox 373 5543 2018 5616; baseline 0.002 -17"><span class='ocrx_word' id='word_1_750' title='bbox 373 5545 524 5600; x_wconf 90' lang='lat' dir='ltr'>riam</span> <span class='ocrx_word' id='word_1_751' title='bbox 545 5543 808 5598; x_wconf 85' lang='lat' dir='ltr'>Menelao</span> <span class='ocrx_word' id='word_1_752' title='bbox 831 5543 1044 5600; x_wconf 81' lang='lat' dir='ltr'>factam</span> <span class='ocrx_word' id='word_1_753' title='bbox 1068 5544 1353 5600; x_wconf 92' lang='lat' dir='ltr'>luendum</span> <span class='ocrx_word' id='word_1_754' title='bbox 1384 5544 2018 5616; x_wconf 84' lang='lat' dir='ltr'>fuit,pependit.Etiam</span> 
     </span>
    </p>
   </div>
   <div class='ocr_carea' id='block_1_103' title="bbox 372 5632 2017 5705">
    <p class='ocr_par' dir='ltr' id='par_1_103' title="bbox 372 5632 2017 5705">
     <span class='ocr_line' id='line_1_104' title="bbox 372 5632 2017 5705; baseline 0.003 -17"><span class='ocrx_word' id='word_1_755' title='bbox 372 5632 544 5689; x_wconf 88' lang='lat' dir='ltr'>Ilium</span> <span class='ocrx_word' id='word_1_756' title='bbox 569 5649 582 5687; x_wconf 89' lang='lat'>:</span> <span class='ocrx_word' id='word_1_757' title='bbox 607 5633 738 5704; x_wconf 90' lang='lat' dir='ltr'>ejus</span> <span class='ocrx_word' id='word_1_758' title='bbox 767 5632 852 5688; x_wconf 90' lang='lat' dir='ltr'>rei</span> <span class='ocrx_word' id='word_1_759' title='bbox 881 5633 1236 5688; x_wconf 89' lang='lat' dir='ltr'>documento</span> <span class='ocrx_word' id='word_1_760' title='bbox 1260 5638 1399 5690; x_wconf 85' lang='lat' dir='ltr'>sunt</span> <span class='ocrx_word' id='word_1_761' title='bbox 1422 5633 2017 5705; x_wconf 66' lang='lat' dir='ltr'>sepulcracaesorum.</span> 
     </span>
    </p>
   </div>
   <div class='ocr_carea' id='block_1_104' title="bbox 372 5721 2017 5796">
    <p class='ocr_par' dir='ltr' id='par_1_104' title="bbox 372 5721 2017 5796">
     <span class='ocr_line' id='line_1_105' title="bbox 372 5721 2017 5796; baseline 0.002 -18"><span class='ocrx_word' id='word_1_762' title='bbox 372 5723 494 5779; x_wconf 87' lang='lat' dir='ltr'>Mos</span> <span class='ocrx_word' id='word_1_763' title='bbox 518 5722 719 5794; x_wconf 90' lang='lat' dir='ltr'>itaque</span> <span class='ocrx_word' id='word_1_764' title='bbox 751 5721 966 5792; x_wconf 88' lang='lat' dir='ltr'>reliqui</span> <span class='ocrx_word' id='word_1_765' title='bbox 1015 5721 1273 5792; x_wconf 88' lang='lat' dir='ltr'>pretium</span> <span class='ocrx_word' id='word_1_766' title='bbox 1318 5723 1479 5779; x_wconf 89' lang='lat' dir='ltr'>vobis</span> <span class='ocrx_word' id='word_1_767' title='bbox 1526 5722 1850 5795; x_wconf 83' lang='lat' dir='ltr'>all‘erimus,</span> <span class='ocrx_word' id='word_1_768' title='bbox 1902 5743 2017 5796; x_wconf 89' lang='lat' dir='ltr'>quo</span> 
     </span>
    </p>
   </div>
   <div class='ocr_carea' id='block_1_105' title="bbox 2129 4912 3794 4992">
    <p class='ocr_par' dir='ltr' id='par_1_105' title="bbox 2129 4912 3794 4992">
     <span class='ocr_line' id='line_1_106' title="bbox 2129 4912 3794 4992; baseline -0.002 -18"><span class='ocrx_word' id='word_1_769' title='bbox 2129 4921 2318 4988; x_wconf 75' lang='grc' dir='ltr'>ἦπτεν,</span> <span class='ocrx_word' id='word_1_770' title='bbox 2350 4912 2628 4974; x_wconf 73' lang='grc' dir='ltr'>ἐσϐέννυτο</span> <span class='ocrx_word' id='word_1_771' title='bbox 2659 4914 2737 4976; x_wconf 84' lang='grc' dir='ltr'>δέ.</span> <span class='ocrx_word' id='word_1_772' title='bbox 2770 4917 3055 4980; x_wconf 83' lang='grc' dir='ltr'>Πολλάκις</span> <span class='ocrx_word' id='word_1_773' title='bbox 3107 4915 3166 4974; x_wconf 73' lang='grc' dir='ltr'>δὲ</span> <span class='ocrx_word' id='word_1_774' title='bbox 3207 4921 3305 4973; x_wconf 80' lang='grc' dir='ltr'>τοῦ</span> <span class='ocrx_word' id='word_1_775' title='bbox 3334 4917 3505 4992; x_wconf 83' lang='grc' dir='ltr'>πυρὸς</span> <span class='ocrx_word' id='word_1_776' title='bbox 3537 4915 3794 4992; x_wconf 83' lang='grc' dir='ltr'>ἐνεχθέν-</span> 
     </span>
    </p>
   </div>
   <div class='ocr_carea' id='block_1_106' title="bbox 2128 5004 3790 5082">
    <p class='ocr_par' dir='ltr' id='par_1_106' title="bbox 2128 5004 3790 5082">
     <span class='ocr_line' id='line_1_107' title="bbox 2128 5004 3790 5082; baseline 0 -22"><span class='ocrx_word' id='word_1_777' title='bbox 2128 5025 2222 5067; x_wconf 92' lang='grc' dir='ltr'>τος</span> <span class='ocrx_word' id='word_1_778' title='bbox 2251 5005 2342 5060; x_wconf 86' lang='grc' dir='ltr'>καὶ</span> <span class='ocrx_word' id='word_1_779' title='bbox 2375 5007 2451 5079; x_wconf 81' lang='grc' dir='ltr'>μή</span> <span class='ocrx_word' id='word_1_780' title='bbox 2483 5005 2798 5080; x_wconf 89' lang='grc' dir='ltr'>καιομένου,</span> <span class='ocrx_word' id='word_1_781' title='bbox 2830 5005 3016 5062; x_wconf 84' lang='grc' dir='ltr'>πίπτει</span> <span class='ocrx_word' id='word_1_782' title='bbox 3059 5005 3126 5062; x_wconf 76' lang='grc' dir='ltr'>τὰ</span> <span class='ocrx_word' id='word_1_783' title='bbox 3175 5005 3229 5061; x_wconf 85' lang='grc' dir='ltr'>ἐν</span> <span class='ocrx_word' id='word_1_784' title='bbox 3275 5011 3356 5078; x_wconf 78' lang='grc' dir='ltr'>τῷ</span> <span class='ocrx_word' id='word_1_785' title='bbox 3407 5007 3584 5082; x_wconf 80' lang='grc' dir='ltr'>βωμῷ</span> <span class='ocrx_word' id='word_1_786' title='bbox 3613 5004 3790 5061; x_wconf 85' lang='grc' dir='ltr'>πάντα</span> 
     </span>
    </p>
   </div>
   <div class='ocr_carea' id='block_1_107' title="bbox 2130 5092 3785 5175">
    <p class='ocr_par' dir='ltr' id='par_1_107' title="bbox 2130 5092 3785 5175">
     <span class='ocr_line' id='line_1_108' title="bbox 2130 5092 3785 5175; baseline 0 -25"><span class='ocrx_word' id='word_1_787' title='bbox 2130 5095 2205 5156; x_wconf 77' lang='grc' dir='ltr'>εἰς</span> <span class='ocrx_word' id='word_1_788' title='bbox 2233 5092 2520 5175; x_wconf 74' lang='grc' dir='ltr'>τοῦδαφος.</span> <span class='ocrx_word' id='word_1_789' title='bbox 2555 5097 2620 5152; x_wconf 74' lang='grc' dir='ltr'>Οἱ</span> <span class='ocrx_word' id='word_1_790' title='bbox 2652 5099 2836 5171; x_wconf 88' lang='grc' dir='ltr'>Τρῶες</span> <span class='ocrx_word' id='word_1_791' title='bbox 2895 5092 2953 5151; x_wconf 76' lang='grc' dir='ltr'>δὲ</span> <span class='ocrx_word' id='word_1_792' title='bbox 3009 5095 3112 5151; x_wconf 78' lang='grc' dir='ltr'>οὐκ</span> <span class='ocrx_word' id='word_1_793' title='bbox 3176 5095 3375 5172; x_wconf 87' lang='grc' dir='ltr'>ἀγαθὸν</span> <span class='ocrx_word' id='word_1_794' title='bbox 3425 5094 3612 5156; x_wconf 80' lang='grc' dir='ltr'>αὐτοῖς</span> <span class='ocrx_word' id='word_1_795' title='bbox 3642 5095 3785 5150; x_wconf 81' lang='grc' dir='ltr'>εἷναι</span> 
     </span>
    </p>
   </div>
   <div class='ocr_carea' id='block_1_108' title="bbox 2131 5184 3786 5263">
    <p class='ocr_par' dir='ltr' id='par_1_108' title="bbox 2131 5184 3786 5263">
     <span class='ocr_line' id='line_1_109' title="bbox 2131 5184 3786 5263; baseline -0.001 -23"><span class='ocrx_word' id='word_1_796' title='bbox 2131 5184 2320 5240; x_wconf 79' lang='grc' dir='ltr'>οἰωνὸν</span> <span class='ocrx_word' id='word_1_797' title='bbox 2373 5188 2541 5240; x_wconf 80' lang='grc' dir='ltr'>ταῦτα</span> <span class='ocrx_word' id='word_1_798' title='bbox 2595 5186 3025 5263; x_wconf 85' lang='grc' dir='ltr'>τεκμηράμενοι,</span> <span class='ocrx_word' id='word_1_799' title='bbox 3083 5185 3114 5242; x_wconf 84' lang='lat'>6&#39;</span> <span class='ocrx_word' id='word_1_800' title='bbox 3165 5206 3223 5242; x_wconf 90' lang='grc' dir='ltr'>τε</span> <span class='ocrx_word' id='word_1_801' title='bbox 3287 5185 3534 5261; x_wconf 84' lang='grc' dir='ltr'>Πρίαμος</span> <span class='ocrx_word' id='word_1_802' title='bbox 3591 5184 3682 5240; x_wconf 82' lang='grc' dir='ltr'>καὶ</span> <span class='ocrx_word' id='word_1_803' title='bbox 3732 5185 3786 5240; x_wconf 76' lang='grc' dir='ltr'>οἱ</span> 
     </span>
    </p>
   </div>
   <div class='ocr_carea' id='block_1_109' title="bbox 2130 5270 3784 5351">
    <p class='ocr_par' dir='ltr' id='par_1_109' title="bbox 2130 5270 3784 5351">
     <span class='ocr_line' id='line_1_110' title="bbox 2130 5270 3784 5351; baseline -0.001 -21"><span class='ocrx_word' id='word_1_804' title='bbox 2130 5273 2320 5330; x_wconf 87' lang='grc' dir='ltr'>λοιποὶ</span> <span class='ocrx_word' id='word_1_805' title='bbox 2347 5276 2442 5330; x_wconf 82' lang='grc' dir='ltr'>τὸν</span> <span class='ocrx_word' id='word_1_806' title='bbox 2466 5275 2767 5350; x_wconf 77' lang='grc' dir='ltr'>Ἀντήνορα</span> <span class='ocrx_word' id='word_1_807' title='bbox 2797 5270 3128 5351; x_wconf 76' lang='grc' dir='ltr'>πρεσϐεῦσαι</span> <span class='ocrx_word' id='word_1_808' title='bbox 3184 5275 3324 5348; x_wconf 86' lang='grc' dir='ltr'>πρὸς</span> <span class='ocrx_word' id='word_1_809' title='bbox 3374 5274 3613 5334; x_wconf 79' lang='grc' dir='ltr'>Δαναοὺς</span> <span class='ocrx_word' id='word_1_810' title='bbox 3643 5272 3784 5328; x_wconf 84' lang='grc' dir='ltr'>άπο-</span> 
     </span>
    </p>
   </div>
   <div class='ocr_carea' id='block_1_110' title="bbox 2130 5359 3785 5440">
    <p class='ocr_par' dir='ltr' id='par_1_110' title="bbox 2130 5359 3785 5440">
     <span class='ocr_line' id='line_1_111' title="bbox 2130 5359 3785 5440; baseline 0 -22"><span class='ocrx_word' id='word_1_811' title='bbox 2130 5361 2475 5436; x_wconf 81' lang='grc' dir='ltr'>στέλλουσιν,</span> <span class='ocrx_word' id='word_1_812' title='bbox 2534 5363 2673 5420; x_wconf 78' lang='grc' dir='ltr'>ὥστε</span> <span class='ocrx_word' id='word_1_813' title='bbox 2735 5361 2910 5440; x_wconf 86' lang='grc' dir='ltr'>λύτρα</span> <span class='ocrx_word' id='word_1_814' title='bbox 2969 5359 3239 5426; x_wconf 78' lang='grc' dir='ltr'>λαϐόντας</span> <span class='ocrx_word' id='word_1_815' title='bbox 3296 5362 3396 5418; x_wconf 82' lang='grc' dir='ltr'>ὅσα</span> <span class='ocrx_word' id='word_1_816' title='bbox 3452 5362 3515 5418; x_wconf 82' lang='grc' dir='ltr'>ἃν</span> <span class='ocrx_word' id='word_1_817' title='bbox 3553 5361 3785 5418; x_wconf 74' lang='grc' dir='ltr'>ἐθέλωσι</span> 
     </span>
    </p>
   </div>
   <div class='ocr_carea' id='block_1_111' title="bbox 2129 5446 3783 5529">
    <p class='ocr_par' dir='ltr' id='par_1_111' title="bbox 2129 5446 3783 5529">
     <span class='ocr_line' id='line_1_112' title="bbox 2129 5446 3783 5529; baseline -0.001 -22"><span class='ocrx_word' id='word_1_818' title='bbox 2129 5449 2289 5508; x_wconf 83' lang='grc' dir='ltr'>λῦσαι</span> <span class='ocrx_word' id='word_1_819' title='bbox 2314 5453 2406 5508; x_wconf 86' lang='grc' dir='ltr'>τὸν</span> <span class='ocrx_word' id='word_1_820' title='bbox 2439 5450 2710 5527; x_wconf 85' lang='grc' dir='ltr'>πόλεμον.</span> <span class='ocrx_word' id='word_1_821' title='bbox 2770 5453 2869 5508; x_wconf 80' lang='grc' dir='ltr'>Καὶ</span> <span class='ocrx_word' id='word_1_822' title='bbox 2927 5455 2956 5508; x_wconf 90' lang='lat'>6</span> <span class='ocrx_word' id='word_1_823' title='bbox 3015 5454 3296 5529; x_wconf 79' lang='grc' dir='ltr'>’Δντήνωρ</span> <span class='ocrx_word' id='word_1_824' title='bbox 3337 5446 3651 5528; x_wconf 73' lang='grc' dir='ltr'>πρεσϐεύων</span> <span class='ocrx_word' id='word_1_825' title='bbox 3678 5447 3783 5528; x_wconf 81' lang='grc' dir='ltr'>ἔφη</span> 
     </span>
    </p>
   </div>
   <div class='ocr_carea' id='block_1_112' title="bbox 2128 5541 3788 5618">
    <p class='ocr_par' dir='ltr' id='par_1_112' title="bbox 2128 5541 3788 5618">
     <span class='ocr_line' id='line_1_113' title="bbox 2128 5541 3788 5618; baseline -0.001 -22"><span class='ocrx_word' id='word_1_826' title='bbox 2128 5541 2266 5617; x_wconf 77' lang='grc' dir='ltr'>πρὸς</span> <span class='ocrx_word' id='word_1_827' title='bbox 2297 5542 2576 5617; x_wconf 85' lang='grc' dir='ltr'>Ἀχαιούς·</span> <span class='ocrx_word' id='word_1_828' title='bbox 2607 5567 2636 5595; x_wconf 86' lang='grc' dir='ltr'>ι‹</span> <span class='ocrx_word' id='word_1_829' title='bbox 2670 5543 2845 5598; x_wconf 82' lang='grc' dir='ltr'>Πάντα</span> <span class='ocrx_word' id='word_1_830' title='bbox 2905 5541 3173 5618; x_wconf 78' lang='grc' dir='ltr'>ἐπάθομεν</span> <span class='ocrx_word' id='word_1_831' title='bbox 3221 5541 3322 5598; x_wconf 76' lang='grc' dir='ltr'>ὅσα</span> <span class='ocrx_word' id='word_1_832' title='bbox 3369 5542 3499 5604; x_wconf 78' lang='grc' dir='ltr'>τοὺς</span> <span class='ocrx_word' id='word_1_833' title='bbox 3527 5543 3788 5617; x_wconf 79' lang='grc' dir='ltr'>ἡμαρτη-</span> 
     </span>
    </p>
   </div>
   <div class='ocr_carea' id='block_1_113' title="bbox 2127 5629 3784 5707">
    <p class='ocr_par' dir='ltr' id='par_1_113' title="bbox 2127 5629 3784 5707">
     <span class='ocr_line' id='line_1_114' title="bbox 2127 5629 3784 5707; baseline 0 -21"><span class='ocrx_word' id='word_1_834' title='bbox 2127 5632 2288 5693; x_wconf 86' lang='grc' dir='ltr'>κότας</span> <span class='ocrx_word' id='word_1_835' title='bbox 2345 5632 2532 5687; x_wconf 88' lang='grc' dir='ltr'>παθεῖν</span> <span class='ocrx_word' id='word_1_836' title='bbox 2593 5629 2787 5707; x_wconf 86' lang='grc' dir='ltr'>ἐχρῆν.</span> <span class='ocrx_word' id='word_1_837' title='bbox 2853 5631 2994 5696; x_wconf 79' lang='grc' dir='ltr'>’Δνθ⁹</span> <span class='ocrx_word' id='word_1_838' title='bbox 3054 5633 3128 5686; x_wconf 80' lang='grc' dir='ltr'>ὧν</span> <span class='ocrx_word' id='word_1_839' title='bbox 3187 5629 3470 5689; x_wconf 81' lang='grc' dir='ltr'>Μενέλαον</span> <span class='ocrx_word' id='word_1_840' title='bbox 3530 5631 3558 5687; x_wconf 86' lang='lat'>6</span> <span class='ocrx_word' id='word_1_841' title='bbox 3607 5629 3784 5706; x_wconf 80' lang='grc' dir='ltr'>Πάρις</span> 
     </span>
    </p>
   </div>
   <div class='ocr_carea' id='block_1_114' title="bbox 2129 5714 3789 5796">
    <p class='ocr_par' dir='ltr' id='par_1_114' title="bbox 2129 5714 3789 5796">
     <span class='ocr_line' id='line_1_115' title="bbox 2129 5714 3789 5796; baseline -0.001 -20"><span class='ocrx_word' id='word_1_842' title='bbox 2129 5717 2380 5792; x_wconf 82' lang='grc' dir='ltr'>ἠδίκησε,</span> <span class='ocrx_word' id='word_1_843' title='bbox 2439 5716 2592 5783; x_wconf 82' lang='grc' dir='ltr'>δίκας</span> <span class='ocrx_word' id='word_1_844' title='bbox 2646 5714 2868 5776; x_wconf 67' lang='grc' dir='ltr'>ἔδωκενσ</span> <span class='ocrx_word' id='word_1_845' title='bbox 2932 5721 3044 5785; x_wconf 81' lang='grc' dir='ltr'>ἀνθ’</span> <span class='ocrx_word' id='word_1_846' title='bbox 3100 5721 3175 5776; x_wconf 82' lang='grc' dir='ltr'>ὧν</span> <span class='ocrx_word' id='word_1_847' title='bbox 3232 5722 3294 5776; x_wconf 85' lang='grc' dir='ltr'>τὸ</span> <span class='ocrx_word' id='word_1_848' title='bbox 3345 5719 3536 5792; x_wconf 75' lang='grc' dir='ltr'>Ἴλιον,</span> <span class='ocrx_word' id='word_1_849' title='bbox 3580 5739 3789 5796; x_wconf 82' lang='grc' dir='ltr'>μαρτυ·</span> 
     </span>
    </p>
   </div>
  </div>
