  <div class='ocr_page' id='page_1' title='image "/cluster/home/n/w/nwhite01/storage/ocr_20150623/121/mdp.39015078384289/140.png"; bbox 0 0 4118 6284; ppageno 0'>
   <div class='ocr_carea' id='block_1_1' title="bbox 299 366 2562 479">
    <p class='ocr_par' dir='ltr' id='par_1_1' title="bbox 299 366 2562 479">
     <span class='ocr_line' id='line_1_1' title="bbox 299 366 2562 479; baseline 0.006 -14"><span class='ocrx_word' id='word_1_1' title='bbox 299 366 423 466; x_wconf 67' lang='grc' dir='ltr'>ω’</span> <span class='ocrx_word' id='word_1_2' title='bbox 1413 411 1964 476; x_wconf 80' lang='lat' dir='ltr'>HISTORIARUM</span> <span class='ocrx_word' id='word_1_3' title='bbox 2009 413 2562 479; x_wconf 80' lang='lat' dir='ltr'>COMPENDIUM.</span> 
     </span>
    </p>
   </div>
   <div class='ocr_carea' id='block_1_2' title="bbox 3572 417 3691 477">
    <p class='ocr_par' dir='ltr' id='par_1_2' title="bbox 3572 417 3691 477">
     <span class='ocr_line' id='line_1_2' title="bbox 3572 417 3691 477; baseline 0.017 -2"><span class='ocrx_word' id='word_1_4' title='bbox 3572 417 3691 477; x_wconf 79' lang='grc'><strong>266</strong></span> 
     </span>
    </p>
   </div>
   <div class='ocr_carea' id='block_1_3' title="bbox 282 539 1941 623">
    <p class='ocr_par' dir='ltr' id='par_1_3' title="bbox 282 539 1929 620">
     <span class='ocr_line' id='line_1_3' title="bbox 282 539 1929 620; baseline 0.003 -26"><span class='ocrx_word' id='word_1_5' title='bbox 282 542 469 612; x_wconf 87' lang='grc' dir='ltr'>ροῦσιν</span> <span class='ocrx_word' id='word_1_6' title='bbox 500 539 555 593; x_wconf 73' lang='grc' dir='ltr'>οἱ</span> <span class='ocrx_word' id='word_1_7' title='bbox 600 539 762 618; x_wconf 70' lang='grc' dir='ltr'>τάφοι</span> <span class='ocrx_word' id='word_1_8' title='bbox 818 542 927 594; x_wconf 88' lang='grc' dir='ltr'>τῶν</span> <span class='ocrx_word' id='word_1_9' title='bbox 972 539 1350 615; x_wconf 70' lang='grc' dir='ltr'>ἀνῃρημένων.</span> <span class='ocrx_word' id='word_1_10' title='bbox 1403 543 1518 598; x_wconf 78' lang='grc' dir='ltr'>Νῦν</span> <span class='ocrx_word' id='word_1_11' title='bbox 1550 541 1643 599; x_wconf 82' lang='grc' dir='ltr'>οῦν</span> <span class='ocrx_word' id='word_1_12' title='bbox 1691 545 1744 599; x_wconf 81' lang='grc' dir='ltr'>οἱ</span> <span class='ocrx_word' id='word_1_13' title='bbox 1774 565 1929 620; x_wconf 80' lang='grc' dir='ltr'>περι-</span> 
     </span>
    </p>
   </div>
   <div class='ocr_carea' id='block_1_4' title="bbox 2052 539 3705 623">
    <p class='ocr_par' dir='ltr' id='par_1_4' title="bbox 2052 547 3705 623">
     <span class='ocr_line' id='line_1_4' title="bbox 2052 547 3705 623; baseline 0.002 -22"><span class='ocrx_word' id='word_1_14' title='bbox 2052 563 2155 603; x_wconf 90' lang='lat' dir='ltr'>nos</span> <span class='ocrx_word' id='word_1_15' title='bbox 2186 547 2571 604; x_wconf 87' lang='lat' dir='ltr'>redimamus.</span> <span class='ocrx_word' id='word_1_16' title='bbox 2626 551 2738 605; x_wconf 87' lang='lat' dir='ltr'>Vos</span> <span class='ocrx_word' id='word_1_17' title='bbox 2784 566 2891 623; x_wconf 90' lang='lat' dir='ltr'>per</span> <span class='ocrx_word' id='word_1_18' title='bbox 2921 550 3088 616; x_wconf 83' lang='lat' dir='ltr'>deos,</span> <span class='ocrx_word' id='word_1_19' title='bbox 3117 566 3224 623; x_wconf 87' lang='lat' dir='ltr'>per</span> <span class='ocrx_word' id='word_1_20' title='bbox 3273 550 3551 622; x_wconf 90' lang='lat' dir='ltr'>patriam,</span> <span class='ocrx_word' id='word_1_21' title='bbox 3596 566 3705 621; x_wconf 86' lang='lat' dir='ltr'>per</span> 
     </span>
    </p>
   </div>
   <div class='ocr_carea' id='block_1_5' title="bbox 284 625 1938 708">
    <p class='ocr_par' dir='ltr' id='par_1_5' title="bbox 284 625 1938 708">
     <span class='ocr_line' id='line_1_5' title="bbox 284 625 1938 708; baseline 0.003 -24"><span class='ocrx_word' id='word_1_22' title='bbox 284 625 594 708; x_wconf 67' lang='grc' dir='ltr'>λειφθέντες</span> <span class='ocrx_word' id='word_1_23' title='bbox 652 630 819 700; x_wconf 72' lang='grc' dir='ltr'>ἡμεῖς</span> <span class='ocrx_word' id='word_1_24' title='bbox 879 627 1049 703; x_wconf 78' lang='grc' dir='ltr'>Λύτρα</span> <span class='ocrx_word' id='word_1_25' title='bbox 1103 629 1337 708; x_wconf 70' lang='grc' dir='ltr'>φέρομεν</span> <span class='ocrx_word' id='word_1_26' title='bbox 1395 630 1547 705; x_wconf 79' lang='grc' dir='ltr'>ὑμῖν.</span> <span class='ocrx_word' id='word_1_27' title='bbox 1592 633 1749 708; x_wconf 76' lang='grc' dir='ltr'>Ὑπὲρ</span> <span class='ocrx_word' id='word_1_28' title='bbox 1781 634 1938 701; x_wconf 84' lang='grc' dir='ltr'>θεῶν,</span> 
     </span>
    </p>
   </div>
   <div class='ocr_carea' id='block_1_6' title="bbox 290 714 1939 794">
    <p class='ocr_par' dir='ltr' id='par_1_6' title="bbox 290 714 1939 794">
     <span class='ocr_line' id='line_1_6' title="bbox 290 714 1939 794; baseline 0.002 -20"><span class='ocrx_word' id='word_1_29' title='bbox 290 719 422 794; x_wconf 68' lang='grc' dir='ltr'>ὑπὲρ</span> <span class='ocrx_word' id='word_1_30' title='bbox 453 714 746 791; x_wconf 81' lang='grc' dir='ltr'>πατρίδος,</span> <span class='ocrx_word' id='word_1_31' title='bbox 806 717 936 792; x_wconf 68' lang='grc' dir='ltr'>ὑπὲρ</span> <span class='ocrx_word' id='word_1_32' title='bbox 993 717 1213 775; x_wconf 87' lang='grc' dir='ltr'>τέκνων.</span> <span class='ocrx_word' id='word_1_33' title='bbox 1271 718 1551 791; x_wconf 76' lang='grc' dir='ltr'>Ἓλληνες</span> <span class='ocrx_word' id='word_1_34' title='bbox 1609 718 1939 792; x_wconf 74' lang='grc' dir='ltr'>ὄντες,τοί›ς</span> 
     </span>
    </p>
   </div>
   <div class='ocr_carea' id='block_1_7' title="bbox 289 807 1938 883">
    <p class='ocr_par' dir='ltr' id='par_1_7' title="bbox 289 807 1938 883">
     <span class='ocr_line' id='line_1_7' title="bbox 289 807 1938 883; baseline 0.002 -19"><span class='ocrx_word' id='word_1_35' title='bbox 289 808 419 883; x_wconf 82' lang='grc' dir='ltr'>πρὶν</span> <span class='ocrx_word' id='word_1_36' title='bbox 475 807 743 874; x_wconf 78' lang='grc' dir='ltr'>ἀπειθεῖς,</span> <span class='ocrx_word' id='word_1_37' title='bbox 799 812 891 863; x_wconf 90' lang='grc' dir='ltr'>νῦν</span> <span class='ocrx_word' id='word_1_38' title='bbox 949 808 1130 871; x_wconf 80' lang='grc' dir='ltr'>ἱκέτας</span> <span class='ocrx_word' id='word_1_39' title='bbox 1187 810 1415 881; x_wconf 86' lang='grc' dir='ltr'>σώσατε,</span> <span class='ocrx_word' id='word_1_40' title='bbox 1469 835 1491 862; x_wconf 76' lang='grc' dir='ltr'>ι</span> <span class='ocrx_word' id='word_1_41' title='bbox 1550 813 1673 868; x_wconf 78' lang='grc' dir='ltr'>Ἐπὶ</span> <span class='ocrx_word' id='word_1_42' title='bbox 1721 814 1938 875; x_wconf 91' lang='grc' dir='ltr'>τούτοις</span> 
     </span>
    </p>
   </div>
   <div class='ocr_carea' id='block_1_8' title="bbox 287 895 1943 975">
    <p class='ocr_par' dir='ltr' id='par_1_8' title="bbox 287 895 1943 975">
     <span class='ocr_line' id='line_1_8' title="bbox 287 895 1943 975; baseline 0.002 -22"><span class='ocrx_word' id='word_1_43' title='bbox 287 896 594 959; x_wconf 84' lang='grc' dir='ltr'>πεισθέντες</span> <span class='ocrx_word' id='word_1_44' title='bbox 625 898 678 952; x_wconf 70' lang='grc' dir='ltr'>οἳ</span> <span class='ocrx_word' id='word_1_45' title='bbox 726 895 997 966; x_wconf 80' lang='grc' dir='ltr'>Ἓλληνες</span> <span class='ocrx_word' id='word_1_46' title='bbox 1044 895 1307 956; x_wconf 85' lang='grc' dir='ltr'>Ὀδυσσέα</span> <span class='ocrx_word' id='word_1_47' title='bbox 1350 899 1441 955; x_wconf 88' lang='grc' dir='ltr'>καὶ</span> <span class='ocrx_word' id='word_1_48' title='bbox 1492 898 1774 975; x_wconf 82' lang='grc' dir='ltr'>Διομήδην</span> <span class='ocrx_word' id='word_1_49' title='bbox 1805 901 1943 957; x_wconf 84' lang='grc' dir='ltr'>ἀπο-</span> 
     </span>
    </p>
   </div>
   <div class='ocr_carea' id='block_1_9' title="bbox 290 982 1941 1058">
    <p class='ocr_par' dir='ltr' id='par_1_9' title="bbox 290 982 1941 1058">
     <span class='ocr_line' id='line_1_9' title="bbox 290 982 1941 1058; baseline 0.004 -18"><span class='ocrx_word' id='word_1_50' title='bbox 290 982 588 1040; x_wconf 83' lang='grc' dir='ltr'>στέλλουσι</span> <span class='ocrx_word' id='word_1_51' title='bbox 642 987 743 1054; x_wconf 73' lang='grc' dir='ltr'>τήν</span> <span class='ocrx_word' id='word_1_52' title='bbox 801 987 913 1039; x_wconf 89' lang='grc' dir='ltr'>τῶν</span> <span class='ocrx_word' id='word_1_53' title='bbox 967 983 1272 1058; x_wconf 79' lang='grc' dir='ltr'>χρημάτων</span> <span class='ocrx_word' id='word_1_54' title='bbox 1338 987 1617 1057; x_wconf 75' lang='grc' dir='ltr'>ποσότητα</span> <span class='ocrx_word' id='word_1_55' title='bbox 1672 992 1941 1047; x_wconf 87' lang='grc' dir='ltr'>τυπῶσαι.</span> 
     </span>
    </p>
   </div>
   <div class='ocr_carea' id='block_1_10' title="bbox 291 1072 1946 1156">
    <p class='ocr_par' dir='ltr' id='par_1_10' title="bbox 291 1072 1946 1156">
     <span class='ocr_line' id='line_1_10' title="bbox 291 1072 1946 1156; baseline 0.001 -27"><span class='ocrx_word' id='word_1_56' title='bbox 291 1074 393 1129; x_wconf 79' lang='grc' dir='ltr'>Καὶ</span> <span class='ocrx_word' id='word_1_57' title='bbox 426 1096 489 1151; x_wconf 83' lang='grc' dir='ltr'>γε</span> <span class='ocrx_word' id='word_1_58' title='bbox 520 1072 800 1129; x_wconf 70' lang='grc' dir='ltr'>ἒτύπωσαν</span> <span class='ocrx_word' id='word_1_59' title='bbox 832 1074 1061 1149; x_wconf 74' lang='grc' dir='ltr'>χρυσίου</span> <span class='ocrx_word' id='word_1_60' title='bbox 1089 1073 1331 1132; x_wconf 86' lang='grc' dir='ltr'>τάλαντα</span> <span class='ocrx_word' id='word_1_61' title='bbox 1375 1073 1630 1156; x_wconf 76' lang='grc' dir='ltr'>δισχίλια</span> <span class='ocrx_word' id='word_1_62' title='bbox 1657 1078 1745 1133; x_wconf 79' lang='grc' dir='ltr'>καὶ</span> <span class='ocrx_word' id='word_1_63' title='bbox 1778 1078 1946 1154; x_wconf 83' lang='grc' dir='ltr'>ἀργύ-</span> 
     </span>
    </p>
   </div>
   <div class='ocr_carea' id='block_1_11' title="bbox 300 1159 1947 1240">
    <p class='ocr_par' dir='ltr' id='par_1_11' title="bbox 300 1159 1947 1240">
     <span class='ocr_line' id='line_1_11' title="bbox 300 1159 1947 1240; baseline 0.001 -21"><span class='ocrx_word' id='word_1_64' title='bbox 300 1184 399 1238; x_wconf 89' lang='grc' dir='ltr'>ρου</span> <span class='ocrx_word' id='word_1_65' title='bbox 425 1161 669 1219; x_wconf 86' lang='grc' dir='ltr'>τάλαντα</span> <span class='ocrx_word' id='word_1_66' title='bbox 699 1159 964 1232; x_wconf 79' lang='grc' dir='ltr'>δισκίλια,</span> <span class='ocrx_word' id='word_1_67' title='bbox 994 1163 1085 1219; x_wconf 82' lang='grc' dir='ltr'>καὶ</span> <span class='ocrx_word' id='word_1_68' title='bbox 1128 1164 1197 1219; x_wconf 72' lang='grc' dir='ltr'>τά</span> <span class='ocrx_word' id='word_1_69' title='bbox 1252 1162 1480 1235; x_wconf 76' lang='grc' dir='ltr'>δόξαντα</span> <span class='ocrx_word' id='word_1_70' title='bbox 1513 1167 1683 1221; x_wconf 88' lang='grc' dir='ltr'>πάντα</span> <span class='ocrx_word' id='word_1_71' title='bbox 1710 1167 1947 1240; x_wconf 82' lang='grc' dir='ltr'>κομισά-</span> 
     </span>
    </p>
   </div>
   <div class='ocr_carea' id='block_1_12' title="bbox 302 1253 1950 1333">
    <p class='ocr_par' dir='ltr' id='par_1_12' title="bbox 302 1253 1950 1333">
     <span class='ocr_line' id='line_1_12' title="bbox 302 1253 1950 1333; baseline 0 -24"><span class='ocrx_word' id='word_1_72' title='bbox 302 1276 463 1328; x_wconf 86' lang='grc' dir='ltr'>μενοι</span> <span class='ocrx_word' id='word_1_73' title='bbox 492 1253 583 1309; x_wconf 81' lang='grc' dir='ltr'>καὶ</span> <span class='ocrx_word' id='word_1_74' title='bbox 633 1253 1038 1333; x_wconf 70' lang='grc' dir='ltr'>ἀφορμηθέντες</span> <span class='ocrx_word' id='word_1_75' title='bbox 1093 1261 1194 1325; x_wconf 72' lang='grc' dir='ltr'>τῆς</span> <span class='ocrx_word' id='word_1_76' title='bbox 1251 1255 1466 1318; x_wconf 78' lang='grc' dir='ltr'>πόλεως</span> <span class='ocrx_word' id='word_1_77' title='bbox 1499 1256 1832 1331; x_wconf 78' lang='grc' dir='ltr'>ὑπέστρεψαν</span> <span class='ocrx_word' id='word_1_78' title='bbox 1871 1254 1950 1319; x_wconf 74' lang='grc' dir='ltr'>εἷς</span> 
     </span>
    </p>
   </div>
   <div class='ocr_carea' id='block_1_13' title="bbox 293 1342 1949 1418">
    <p class='ocr_par' dir='ltr' id='par_1_13' title="bbox 293 1342 1949 1418">
     <span class='ocr_line' id='line_1_13' title="bbox 293 1342 1949 1418; baseline 0 -21"><span class='ocrx_word' id='word_1_79' title='bbox 293 1344 392 1398; x_wconf 75' lang='grc' dir='ltr'>τὸν</span> <span class='ocrx_word' id='word_1_80' title='bbox 425 1344 672 1418; x_wconf 82' lang='grc' dir='ltr'>στρατόν.</span> <span class='ocrx_word' id='word_1_81' title='bbox 705 1343 857 1400; x_wconf 83' lang='grc' dir='ltr'>Μετά</span> <span class='ocrx_word' id='word_1_82' title='bbox 908 1347 1074 1397; x_wconf 86' lang='grc' dir='ltr'>ταῦτα</span> <span class='ocrx_word' id='word_1_83' title='bbox 1132 1342 1493 1413; x_wconf 85' lang='grc' dir='ltr'>θυσιαζόντων</span> <span class='ocrx_word' id='word_1_84' title='bbox 1523 1347 1630 1398; x_wconf 89' lang='grc' dir='ltr'>τῶν</span> <span class='ocrx_word' id='word_1_85' title='bbox 1660 1342 1949 1414; x_wconf 78' lang='grc' dir='ltr'>Ἐλλήνων</span> 
     </span>
    </p>
   </div>
   <div class='ocr_carea' id='block_1_14' title="bbox 286 1429 1945 1508">
    <p class='ocr_par' dir='ltr' id='par_1_14' title="bbox 286 1429 1945 1508">
     <span class='ocr_line' id='line_1_14' title="bbox 286 1429 1945 1508; baseline -0.001 -21"><span class='ocrx_word' id='word_1_86' title='bbox 286 1433 377 1487; x_wconf 79' lang='grc' dir='ltr'>καὶ</span> <span class='ocrx_word' id='word_1_87' title='bbox 416 1432 757 1487; x_wconf 82' lang='grc' dir='ltr'>ἀποπλεῦσαι</span> <span class='ocrx_word' id='word_1_88' title='bbox 786 1429 1164 1505; x_wconf 69' lang='grc' dir='ltr'>βουλομένων,</span> <span class='ocrx_word' id='word_1_89' title='bbox 1184 1433 1387 1497; x_wconf 89' lang='grc' dir='ltr'>πάντας</span> <span class='ocrx_word' id='word_1_90' title='bbox 1411 1431 1724 1508; x_wconf 78' lang='grc' dir='ltr'>ἐνώρκωσεν</span> <span class='ocrx_word' id='word_1_91' title='bbox 1752 1429 1945 1489; x_wconf 85' lang='grc' dir='ltr'>Ὀδυσ-</span> 
     </span>
    </p>
   </div>
   <div class='ocr_carea' id='block_1_15' title="bbox 293 1519 1945 1595">
    <p class='ocr_par' dir='ltr' id='par_1_15' title="bbox 293 1519 1945 1595">
     <span class='ocr_line' id='line_1_15' title="bbox 293 1519 1945 1595; baseline -0.001 -19"><span class='ocrx_word' id='word_1_92' title='bbox 293 1521 422 1583; x_wconf 79' lang='grc' dir='ltr'>σεὺς</span> <span class='ocrx_word' id='word_1_93' title='bbox 453 1521 509 1576; x_wconf 72' lang='grc' dir='ltr'>ἐν</span> <span class='ocrx_word' id='word_1_94' title='bbox 536 1526 654 1584; x_wconf 86' lang='grc' dir='ltr'>ταῖς</span> <span class='ocrx_word' id='word_1_95' title='bbox 687 1520 899 1584; x_wconf 77' lang='grc' dir='ltr'>θυσίαις</span> <span class='ocrx_word' id='word_1_96' title='bbox 933 1522 1010 1595; x_wconf 79' lang='grc' dir='ltr'>μή</span> <span class='ocrx_word' id='word_1_97' title='bbox 1046 1519 1381 1584; x_wconf 81' lang='grc' dir='ltr'>ἀποπλεῦςαι</span> <span class='ocrx_word' id='word_1_98' title='bbox 1417 1529 1517 1591; x_wconf 81' lang='grc' dir='ltr'>τῆς</span> <span class='ocrx_word' id='word_1_99' title='bbox 1551 1520 1720 1579; x_wconf 81' lang='grc' dir='ltr'>Ἰλίου</span> <span class='ocrx_word' id='word_1_100' title='bbox 1751 1520 1877 1595; x_wconf 80' lang='grc' dir='ltr'>πρὶν</span> <span class='ocrx_word' id='word_1_101' title='bbox 1909 1520 1945 1591; x_wconf 72' lang='grc' dir='ltr'>ἢ</span> 
     </span>
    </p>
   </div>
   <div class='ocr_carea' id='block_1_16' title="bbox 291 1607 1948 1685">
    <p class='ocr_par' dir='ltr' id='par_1_16' title="bbox 291 1607 1948 1685">
     <span class='ocr_line' id='line_1_16' title="bbox 291 1607 1948 1685; baseline -0.003 -19"><span class='ocrx_word' id='word_1_102' title='bbox 291 1609 387 1666; x_wconf 72' lang='grc' dir='ltr'>τόν</span> <span class='ocrx_word' id='word_1_103' title='bbox 420 1607 667 1685; x_wconf 73' lang='grc' dir='ltr'>δούρειον</span> <span class='ocrx_word' id='word_1_104' title='bbox 719 1607 893 1665; x_wconf 71' lang='grc' dir='ltr'>’ἵππον</span> <span class='ocrx_word' id='word_1_105' title='bbox 950 1613 1469 1677; x_wconf 80' lang='grc' dir='ltr'>κατασκευασθῆναι.</span> <span class='ocrx_word' id='word_1_106' title='bbox 1530 1611 1712 1675; x_wconf 82' lang='grc' dir='ltr'>Ἔνθεν</span> <span class='ocrx_word' id='word_1_107' title='bbox 1740 1629 1827 1665; x_wconf 90' lang='grc' dir='ltr'>τοι</span> <span class='ocrx_word' id='word_1_108' title='bbox 1857 1607 1948 1662; x_wconf 86' lang='grc' dir='ltr'>καὶ</span> 
     </span>
    </p>
   </div>
   <div class='ocr_carea' id='block_1_17' title="bbox 294 1695 1948 1776">
    <p class='ocr_par' dir='ltr' id='par_1_17' title="bbox 294 1695 1948 1776">
     <span class='ocr_line' id='line_1_17' title="bbox 294 1695 1948 1776; baseline -0.001 -23"><span class='ocrx_word' id='word_1_109' title='bbox 294 1699 488 1770; x_wconf 79' lang='grc' dir='ltr'>ξύλοις</span> <span class='ocrx_word' id='word_1_110' title='bbox 540 1704 659 1761; x_wconf 88' lang='grc' dir='ltr'>τοῖς</span> <span class='ocrx_word' id='word_1_111' title='bbox 711 1695 1151 1774; x_wconf 83' lang='grc' dir='ltr'>ἀρμοδιωτάτοις</span> <span class='ocrx_word' id='word_1_112' title='bbox 1209 1701 1587 1772; x_wconf 81' lang='grc' dir='ltr'>συμπήξαντες</span> <span class='ocrx_word' id='word_1_113' title='bbox 1614 1706 1705 1755; x_wconf 77' lang='grc' dir='ltr'>καί</span> <span class='ocrx_word' id='word_1_114' title='bbox 1739 1699 1948 1776; x_wconf 67' lang='grc' dir='ltr'>εὐφυῶς</span> 
     </span>
    </p>
   </div>
   <div class='ocr_carea' id='block_1_18' title="bbox 294 1789 1950 1864">
    <p class='ocr_par' dir='ltr' id='par_1_18' title="bbox 294 1789 1950 1864">
     <span class='ocr_line' id='line_1_18' title="bbox 294 1789 1950 1864; baseline -0.001 -21"><span class='ocrx_word' id='word_1_115' title='bbox 294 1790 829 1862; x_wconf 73' lang='grc' dir='ltr'>κατακοσμήσαντες,</span> <span class='ocrx_word' id='word_1_116' title='bbox 860 1789 948 1845; x_wconf 82' lang='grc' dir='ltr'>καὶ</span> <span class='ocrx_word' id='word_1_117' title='bbox 993 1794 1114 1853; x_wconf 88' lang='grc' dir='ltr'>ταῖς</span> <span class='ocrx_word' id='word_1_118' title='bbox 1160 1789 1379 1846; x_wconf 78' lang='grc' dir='ltr'>Ἐπειοῦ</span> <span class='ocrx_word' id='word_1_119' title='bbox 1409 1789 1791 1864; x_wconf 84' lang='grc' dir='ltr'>τεχνουργίαις</span> <span class='ocrx_word' id='word_1_120' title='bbox 1820 1790 1950 1843; x_wconf 89' lang='grc' dir='ltr'>θαυ-</span> 
     </span>
    </p>
   </div>
   <div class='ocr_carea' id='block_1_19' title="bbox 298 1877 2027 1971">
    <p class='ocr_par' dir='ltr' id='par_1_19' title="bbox 298 1877 2027 1971">
     <span class='ocr_line' id='line_1_19' title="bbox 298 1877 2027 1971; baseline -0.001 -39"><span class='ocrx_word' id='word_1_121' title='bbox 298 1877 504 1951; x_wconf 83' lang='grc' dir='ltr'>μαστὸν</span> <span class='ocrx_word' id='word_1_122' title='bbox 562 1878 725 1932; x_wconf 77' lang='grc' dir='ltr'>αὐτὸν</span> <span class='ocrx_word' id='word_1_123' title='bbox 810 1877 1095 1957; x_wconf 71' lang='grc' dir='ltr'>ὑπερφυῶς</span> <span class='ocrx_word' id='word_1_124' title='bbox 1174 1879 1703 1952; x_wconf 79' lang='grc' dir='ltr'>κατασκευασάμενοι</span> <span class='ocrx_word' id='word_1_125' title='bbox 1754 1877 1949 1937; x_wconf 81' lang='grc' dir='ltr'>πάσαις</span> <span class='ocrx_word' id='word_1_126' title='bbox 1981 1906 2027 1971; x_wconf 76' lang='grc' dir='ltr'><strong>Β</strong></span> 
     </span>
    </p>
   </div>
   <div class='ocr_carea' id='block_1_20' title="bbox 298 1965 1950 2044">
    <p class='ocr_par' dir='ltr' id='par_1_20' title="bbox 298 1965 1950 2044">
     <span class='ocr_line' id='line_1_20' title="bbox 298 1965 1950 2044; baseline -0.002 -22"><span class='ocrx_word' id='word_1_127' title='bbox 298 1965 809 2044; x_wconf 74' lang='grc' dir='ltr'>μηχανορραφίαις,</span> <span class='ocrx_word' id='word_1_128' title='bbox 867 1965 1007 2022; x_wconf 82' lang='grc' dir='ltr'>ὥστε</span> <span class='ocrx_word' id='word_1_129' title='bbox 1066 1967 1158 2023; x_wconf 81' lang='grc' dir='ltr'>καὶ</span> <span class='ocrx_word' id='word_1_130' title='bbox 1219 1969 1446 2043; x_wconf 85' lang='grc' dir='ltr'>στρατὸν</span> <span class='ocrx_word' id='word_1_131' title='bbox 1503 1967 1950 2041; x_wconf 70' lang='grc' dir='ltr'>εἰκοσιτεσσάρων</span> 
     </span>
    </p>
   </div>
   <div class='ocr_carea' id='block_1_21' title="bbox 291 2049 1950 2133">
    <p class='ocr_par' dir='ltr' id='par_1_21' title="bbox 291 2049 1950 2133">
     <span class='ocr_line' id='line_1_21' title="bbox 291 2049 1950 2133; baseline -0.001 -23"><span class='ocrx_word' id='word_1_132' title='bbox 291 2053 542 2111; x_wconf 74' lang='grc' dir='ltr'>ὁπλιτῶν</span> <span class='ocrx_word' id='word_1_133' title='bbox 566 2049 719 2111; x_wconf 81' lang='grc' dir='ltr'>ἔνδον</span> <span class='ocrx_word' id='word_1_134' title='bbox 749 2055 1055 2128; x_wconf 80' lang='grc' dir='ltr'>κρύπτοντα</span> <span class='ocrx_word' id='word_1_135' title='bbox 1084 2052 1313 2113; x_wconf 72' lang='grc' dir='ltr'>ἀϐίαστα</span> <span class='ocrx_word' id='word_1_136' title='bbox 1343 2054 1431 2112; x_wconf 82' lang='grc' dir='ltr'>διὰ</span> <span class='ocrx_word' id='word_1_137' title='bbox 1459 2054 1829 2133; x_wconf 77' lang='grc' dir='ltr'>τροχιλίσκων</span> <span class='ocrx_word' id='word_1_138' title='bbox 1855 2053 1950 2110; x_wconf 77' lang='grc' dir='ltr'>ἐλ-</span> 
     </span>
    </p>
   </div>
   <div class='ocr_carea' id='block_1_22' title="bbox 293 2139 1949 2223">
    <p class='ocr_par' dir='ltr' id='par_1_22' title="bbox 293 2139 1949 2223">
     <span class='ocr_line' id='line_1_22' title="bbox 293 2139 1949 2223; baseline -0.001 -24"><span class='ocrx_word' id='word_1_139' title='bbox 293 2145 531 2218; x_wconf 83' lang='grc' dir='ltr'>κὸμενον</span> <span class='ocrx_word' id='word_1_140' title='bbox 559 2146 659 2210; x_wconf 78' lang='grc' dir='ltr'>τῆς</span> <span class='ocrx_word' id='word_1_141' title='bbox 717 2139 977 2223; x_wconf 72' lang='grc' dir='ltr'>φορϐειᾶς</span> <span class='ocrx_word' id='word_1_142' title='bbox 1032 2143 1376 2214; x_wconf 82' lang='grc' dir='ltr'>ἀκολουθεῖν,</span> <span class='ocrx_word' id='word_1_143' title='bbox 1433 2146 1523 2201; x_wconf 80' lang='grc' dir='ltr'>καὶ</span> <span class='ocrx_word' id='word_1_144' title='bbox 1579 2149 1770 2200; x_wconf 87' lang='grc' dir='ltr'>τοῦτον</span> <span class='ocrx_word' id='word_1_145' title='bbox 1804 2144 1949 2199; x_wconf 71' lang='grc' dir='ltr'>οὕτω</span> 
     </span>
    </p>
   </div>
   <div class='ocr_carea' id='block_1_23' title="bbox 290 2232 1949 2306">
    <p class='ocr_par' dir='ltr' id='par_1_23' title="bbox 290 2232 1949 2306">
     <span class='ocr_line' id='line_1_23' title="bbox 290 2232 1949 2306; baseline -0.001 -18"><span class='ocrx_word' id='word_1_146' title='bbox 290 2233 706 2306; x_wconf 78' lang='grc' dir='ltr'>τεκτηνάμενοι,</span> <span class='ocrx_word' id='word_1_147' title='bbox 740 2232 836 2296; x_wconf 77' lang='grc' dir='ltr'>τάς</span> <span class='ocrx_word' id='word_1_148' title='bbox 867 2236 1070 2304; x_wconf 83' lang='grc' dir='ltr'>σκηνάς</span> <span class='ocrx_word' id='word_1_149' title='bbox 1113 2255 1173 2290; x_wconf 91' lang='grc' dir='ltr'>τε</span> <span class='ocrx_word' id='word_1_150' title='bbox 1219 2234 1648 2298; x_wconf 84' lang='grc' dir='ltr'>κατακαύσαντες</span> <span class='ocrx_word' id='word_1_151' title='bbox 1688 2233 1779 2289; x_wconf 83' lang='grc' dir='ltr'>καὶ</span> <span class='ocrx_word' id='word_1_152' title='bbox 1809 2232 1949 2287; x_wconf 86' lang='grc' dir='ltr'>ἀπο-</span> 
     </span>
    </p>
   </div>
   <div class='ocr_carea' id='block_1_24' title="bbox 289 2320 1949 2395">
    <p class='ocr_par' dir='ltr' id='par_1_24' title="bbox 289 2320 1949 2395">
     <span class='ocr_line' id='line_1_24' title="bbox 289 2320 1949 2395; baseline 0.001 -19"><span class='ocrx_word' id='word_1_153' title='bbox 289 2321 622 2385; x_wconf 86' lang='grc' dir='ltr'>πλεύσαντες</span> <span class='ocrx_word' id='word_1_154' title='bbox 651 2322 740 2378; x_wconf 81' lang='grc' dir='ltr'>καὶ</span> <span class='ocrx_word' id='word_1_155' title='bbox 771 2323 845 2385; x_wconf 84' lang='grc' dir='ltr'>εἰς</span> <span class='ocrx_word' id='word_1_156' title='bbox 875 2320 1098 2380; x_wconf 76' lang='grc' dir='ltr'>Τένεδον</span> <span class='ocrx_word' id='word_1_157' title='bbox 1146 2325 1449 2395; x_wconf 73' lang='grc' dir='ltr'>ὑποθήκαις</span> <span class='ocrx_word' id='word_1_158' title='bbox 1479 2321 1778 2383; x_wconf 88' lang='grc' dir='ltr'>Ὀδυσσέως</span> <span class='ocrx_word' id='word_1_159' title='bbox 1810 2323 1949 2378; x_wconf 84' lang='grc' dir='ltr'>ἀπο-</span> 
     </span>
    </p>
   </div>
   <div class='ocr_carea' id='block_1_25' title="bbox 281 2406 1945 2490">
    <p class='ocr_par' dir='ltr' id='par_1_25' title="bbox 281 2406 1945 2490">
     <span class='ocr_line' id='line_1_25' title="bbox 281 2406 1945 2490; baseline 0.001 -23"><span class='ocrx_word' id='word_1_160' title='bbox 281 2406 577 2486; x_wconf 74' lang='grc' dir='ltr'>κρυϐέντες</span> <span class='ocrx_word' id='word_1_161' title='bbox 635 2412 735 2481; x_wconf 73' lang='grc' dir='ltr'>τὴν</span> <span class='ocrx_word' id='word_1_162' title='bbox 789 2419 975 2482; x_wconf 81' lang='grc' dir='ltr'>νῆσον,</span> <span class='ocrx_word' id='word_1_163' title='bbox 1027 2409 1118 2467; x_wconf 74' lang='grc' dir='ltr'>ἕνα</span> <span class='ocrx_word' id='word_1_164' title='bbox 1171 2413 1294 2467; x_wconf 82' lang='grc' dir='ltr'>τινά</span> <span class='ocrx_word' id='word_1_165' title='bbox 1342 2417 1578 2490; x_wconf 82' lang='grc' dir='ltr'>γενναῖον</span> <span class='ocrx_word' id='word_1_166' title='bbox 1620 2409 1786 2488; x_wconf 72' lang='grc' dir='ltr'>ἄνδρα</span> <span class='ocrx_word' id='word_1_167' title='bbox 1819 2434 1945 2469; x_wconf 85' lang='grc' dir='ltr'>κατ-</span> 
     </span>
    </p>
   </div>
   <div class='ocr_carea' id='block_1_26' title="bbox 282 2500 1946 2578">
    <p class='ocr_par' dir='ltr' id='par_1_26' title="bbox 282 2500 1946 2578">
     <span class='ocr_line' id='line_1_26' title="bbox 282 2500 1946 2578; baseline 0.001 -23"><span class='ocrx_word' id='word_1_168' title='bbox 282 2500 660 2573; x_wconf 82' lang='grc' dir='ltr'>αικισάμενοι,</span> <span class='ocrx_word' id='word_1_169' title='bbox 722 2500 808 2556; x_wconf 79' lang='grc' dir='ltr'>καὶ</span> <span class='ocrx_word' id='word_1_170' title='bbox 901 2500 1135 2575; x_wconf 75' lang='grc' dir='ltr'>μετρίως</span> <span class='ocrx_word' id='word_1_171' title='bbox 1221 2501 1381 2558; x_wconf 80' lang='grc' dir='ltr'>αὐτὸν</span> <span class='ocrx_word' id='word_1_172' title='bbox 1442 2503 1946 2578; x_wconf 81' lang='grc' dir='ltr'>ἀκρωτηριάσαντες</span> 
     </span>
    </p>
   </div>
   <div class='ocr_carea' id='block_1_27' title="bbox 278 2589 1942 2665">
    <p class='ocr_par' dir='ltr' id='par_1_27' title="bbox 278 2589 1942 2665">
     <span class='ocr_line' id='line_1_27' title="bbox 278 2589 1942 2665; baseline 0 -20"><span class='ocrx_word' id='word_1_173' title='bbox 278 2590 543 2645; x_wconf 71' lang='grc' dir='ltr'>ἐθέλοντα</span> <span class='ocrx_word' id='word_1_174' title='bbox 596 2589 688 2645; x_wconf 75' lang='grc' dir='ltr'>καὶ</span> <span class='ocrx_word' id='word_1_175' title='bbox 749 2590 1016 2665; x_wconf 77' lang='grc' dir='ltr'>χαίροντα</span> <span class='ocrx_word' id='word_1_176' title='bbox 1076 2594 1157 2663; x_wconf 77' lang='grc' dir='ltr'>τῷ</span> <span class='ocrx_word' id='word_1_177' title='bbox 1214 2590 1415 2665; x_wconf 80' lang='grc' dir='ltr'>ἐπαίνῳ</span> <span class='ocrx_word' id='word_1_178' title='bbox 1471 2592 1561 2647; x_wconf 83' lang='grc' dir='ltr'>καὶ</span> <span class='ocrx_word' id='word_1_179' title='bbox 1610 2595 1691 2664; x_wconf 77' lang='grc' dir='ltr'>τῷ</span> <span class='ocrx_word' id='word_1_180' title='bbox 1744 2595 1942 2665; x_wconf 81' lang='grc' dir='ltr'>μισθῷ,</span> 
     </span>
    </p>
   </div>
   <div class='ocr_carea' id='block_1_28' title="bbox 272 2675 1942 2758">
    <p class='ocr_par' dir='ltr' id='par_1_28' title="bbox 272 2675 1942 2758">
     <span class='ocr_line' id='line_1_28' title="bbox 272 2675 1942 2758; baseline 0.001 -23"><span class='ocrx_word' id='word_1_181' title='bbox 272 2675 570 2754; x_wconf 76' lang='grc' dir='ltr'>προδότην</span> <span class='ocrx_word' id='word_1_182' title='bbox 628 2678 849 2758; x_wconf 69' lang='grc' dir='ltr'>ἀφιᾶσιν</span> <span class='ocrx_word' id='word_1_183' title='bbox 906 2679 1086 2734; x_wconf 80' lang='grc' dir='ltr'>αὐτόν·</span> <span class='ocrx_word' id='word_1_184' title='bbox 1147 2681 1207 2743; x_wconf 78' lang='grc' dir='ltr'>ὅς</span> <span class='ocrx_word' id='word_1_185' title='bbox 1263 2677 1779 2754; x_wconf 78' lang='grc' dir='ltr'>διαπυνθανομένοις</span> <span class='ocrx_word' id='word_1_186' title='bbox 1826 2686 1942 2743; x_wconf 85' lang='grc' dir='ltr'>τοῖς</span> 
     </span>
    </p>
   </div>
   <div class='ocr_carea' id='block_1_29' title="bbox 279 2764 1938 2847">
    <p class='ocr_par' dir='ltr' id='par_1_29' title="bbox 279 2764 1938 2847">
     <span class='ocr_line' id='line_1_29' title="bbox 279 2764 1938 2847; baseline 0 -23"><span class='ocrx_word' id='word_1_187' title='bbox 279 2764 588 2845; x_wconf 75' lang='grc' dir='ltr'>βαρϐάροις</span> <span class='ocrx_word' id='word_1_188' title='bbox 616 2770 668 2824; x_wconf 86' lang='grc' dir='ltr'>τί</span> <span class='ocrx_word' id='word_1_189' title='bbox 721 2766 783 2824; x_wconf 82' lang='grc' dir='ltr'>ἂν</span> <span class='ocrx_word' id='word_1_190' title='bbox 835 2768 920 2841; x_wconf 71' lang='grc' dir='ltr'>εἴη</span> <span class='ocrx_word' id='word_1_191' title='bbox 974 2771 1035 2825; x_wconf 89' lang='grc' dir='ltr'>τὸ</span> <span class='ocrx_word' id='word_1_192' title='bbox 1093 2769 1446 2844; x_wconf 78' lang='grc' dir='ltr'>προκείμενον</span> <span class='ocrx_word' id='word_1_193' title='bbox 1478 2765 1640 2847; x_wconf 75' lang='grc' dir='ltr'>ἔργον</span> <span class='ocrx_word' id='word_1_194' title='bbox 1669 2770 1818 2826; x_wconf 84' lang='grc' dir='ltr'>τουτὶ</span> <span class='ocrx_word' id='word_1_195' title='bbox 1852 2770 1938 2825; x_wconf 84' lang='grc' dir='ltr'>καὶ</span> 
     </span>
    </p>
   </div>
   <div class='ocr_carea' id='block_1_30' title="bbox 272 2858 1939 2938">
    <p class='ocr_par' dir='ltr' id='par_1_30' title="bbox 272 2858 1939 2938">
     <span class='ocr_line' id='line_1_30' title="bbox 272 2858 1939 2938; baseline 0.002 -24"><span class='ocrx_word' id='word_1_196' title='bbox 272 2859 414 2936; x_wconf 79' lang='grc' dir='ltr'>πρὸς</span> <span class='ocrx_word' id='word_1_197' title='bbox 470 2860 528 2915; x_wconf 78' lang='grc' dir='ltr'>τί</span> <span class='ocrx_word' id='word_1_198' title='bbox 588 2858 834 2938; x_wconf 74' lang='grc' dir='ltr'>φέροιτο,</span> <span class='ocrx_word' id='word_1_199' title='bbox 893 2860 1216 2937; x_wconf 80' lang='grc' dir='ltr'>ἀπεκρίνατο</span> <span class='ocrx_word' id='word_1_200' title='bbox 1274 2859 1482 2936; x_wconf 71' lang='grc' dir='ltr'>λέγων*</span> <span class='ocrx_word' id='word_1_201' title='bbox 1546 2863 1639 2933; x_wconf 82' lang='grc' dir='ltr'>Τῷ</span> <span class='ocrx_word' id='word_1_202' title='bbox 1679 2861 1813 2936; x_wconf 72' lang='grc' dir='ltr'>ἱερῷ</span> <span class='ocrx_word' id='word_1_203' title='bbox 1839 2864 1939 2927; x_wconf 75' lang='grc' dir='ltr'>τῆς</span> 
     </span>
    </p>
   </div>
   <div class='ocr_carea' id='block_1_31' title="bbox 279 2949 1940 3024">
    <p class='ocr_par' dir='ltr' id='par_1_31' title="bbox 279 2949 1940 3024">
     <span class='ocr_line' id='line_1_31' title="bbox 279 2949 1940 3024; baseline 0 -19"><span class='ocrx_word' id='word_1_204' title='bbox 279 2951 522 3023; x_wconf 76' lang='grc' dir='ltr'>Ἀθηνᾶς</span> <span class='ocrx_word' id='word_1_205' title='bbox 562 2949 868 3015; x_wconf 79' lang='grc' dir='ltr'>ἀνατιθέασι</span> <span class='ocrx_word' id='word_1_206' title='bbox 927 2953 1120 3005; x_wconf 76' lang='grc' dir='ltr'>Δαναοὶ</span> <span class='ocrx_word' id='word_1_207' title='bbox 1175 2954 1361 3021; x_wconf 85' lang='grc' dir='ltr'>τοῦτο,</span> <span class='ocrx_word' id='word_1_208' title='bbox 1423 2951 1564 3024; x_wconf 83' lang='grc' dir='ltr'>ὁμοῦ</span> <span class='ocrx_word' id='word_1_209' title='bbox 1611 2951 1705 3023; x_wconf 70' lang='grc' dir='ltr'>μὲν</span> <span class='ocrx_word' id='word_1_210' title='bbox 1734 2949 1940 3006; x_wconf 86' lang='grc' dir='ltr'>ἀπολο-</span> 
     </span>
    </p>
   </div>
   <div class='ocr_carea' id='block_1_32' title="bbox 274 3037 1940 3115">
    <p class='ocr_par' dir='ltr' id='par_1_32' title="bbox 274 3037 1940 3115">
     <span class='ocr_line' id='line_1_32' title="bbox 274 3037 1940 3115; baseline -0.001 -21"><span class='ocrx_word' id='word_1_211' title='bbox 274 3039 398 3115; x_wconf 73' lang='grc' dir='ltr'>γίαν</span> <span class='ocrx_word' id='word_1_212' title='bbox 451 3039 591 3113; x_wconf 71' lang='grc' dir='ltr'>ὑπὲρ</span> <span class='ocrx_word' id='word_1_213' title='bbox 640 3040 715 3093; x_wconf 82' lang='grc' dir='ltr'>ὧν</span> <span class='ocrx_word' id='word_1_214' title='bbox 762 3038 838 3101; x_wconf 64' lang='grc' dir='ltr'>εἷς</span> <span class='ocrx_word' id='word_1_215' title='bbox 888 3041 991 3110; x_wconf 81' lang='grc' dir='ltr'>τήν</span> <span class='ocrx_word' id='word_1_216' title='bbox 1043 3038 1206 3095; x_wconf 88' lang='grc' dir='ltr'>πόλιν</span> <span class='ocrx_word' id='word_1_217' title='bbox 1254 3039 1422 3110; x_wconf 79' lang='grc' dir='ltr'>αὐτῆς</span> <span class='ocrx_word' id='word_1_218' title='bbox 1472 3043 1552 3115; x_wconf 86' lang='grc' dir='ltr'>[Ρ.</span> <span class='ocrx_word' id='word_1_219' title='bbox 1584 3042 1706 3113; x_wconf 76' lang='grc'>132]</span> <span class='ocrx_word' id='word_1_220' title='bbox 1738 3037 1940 3110; x_wconf 79' lang='grc' dir='ltr'>ἠδίκη-</span> 
     </span>
    </p>
   </div>
   <div class='ocr_carea' id='block_1_33' title="bbox 286 3126 1939 3204">
    <p class='ocr_par' dir='ltr' id='par_1_33' title="bbox 286 3126 1939 3204">
     <span class='ocr_line' id='line_1_33' title="bbox 286 3126 1939 3204; baseline -0.001 -20"><span class='ocrx_word' id='word_1_221' title='bbox 286 3151 402 3200; x_wconf 79' lang='grc' dir='ltr'>σαν,</span> <span class='ocrx_word' id='word_1_222' title='bbox 431 3131 580 3202; x_wconf 79' lang='grc' dir='ltr'>ὁμοῦ</span> <span class='ocrx_word' id='word_1_223' title='bbox 613 3126 671 3183; x_wconf 74' lang='grc' dir='ltr'>δὲ</span> <span class='ocrx_word' id='word_1_224' title='bbox 700 3129 788 3184; x_wconf 81' lang='grc' dir='ltr'>καὶ</span> <span class='ocrx_word' id='word_1_225' title='bbox 821 3127 997 3204; x_wconf 85' lang='grc' dir='ltr'>δῶρον</span> <span class='ocrx_word' id='word_1_226' title='bbox 1045 3134 1208 3185; x_wconf 89' lang='grc' dir='ltr'>τοῦτο</span> <span class='ocrx_word' id='word_1_227' title='bbox 1262 3129 1394 3202; x_wconf 74' lang='grc' dir='ltr'>ὑπὲρ</span> <span class='ocrx_word' id='word_1_228' title='bbox 1440 3136 1541 3199; x_wconf 81' lang='grc' dir='ltr'>τῆς</span> <span class='ocrx_word' id='word_1_229' title='bbox 1582 3128 1658 3184; x_wconf 65' lang='grc' dir='ltr'>εἴς</span> <span class='ocrx_word' id='word_1_230' title='bbox 1687 3129 1784 3191; x_wconf 72' lang='grc' dir='ltr'>τὰς</span> <span class='ocrx_word' id='word_1_231' title='bbox 1816 3130 1939 3183; x_wconf 80' lang='grc' dir='ltr'>έαυ-</span> 
     </span>
    </p>
   </div>
   <div class='ocr_carea' id='block_1_34' title="bbox 290 3217 1936 3293">
    <p class='ocr_par' dir='ltr' id='par_1_34' title="bbox 290 3217 1936 3293">
     <span class='ocr_line' id='line_1_34' title="bbox 290 3217 1936 3293; baseline 0 -20"><span class='ocrx_word' id='word_1_232' title='bbox 290 3223 401 3273; x_wconf 83' lang='grc' dir='ltr'>τῶν</span> <span class='ocrx_word' id='word_1_233' title='bbox 464 3217 725 3293; x_wconf 86' lang='grc' dir='ltr'>πατρῖδας</span> <span class='ocrx_word' id='word_1_234' title='bbox 789 3219 1062 3290; x_wconf 80' lang='grc' dir='ltr'>σωτηρίας</span> <span class='ocrx_word' id='word_1_235' title='bbox 1140 3219 1233 3273; x_wconf 84' lang='grc' dir='ltr'>καὶ</span> <span class='ocrx_word' id='word_1_236' title='bbox 1317 3218 1394 3282; x_wconf 80' lang='grc' dir='ltr'>εἷς</span> <span class='ocrx_word' id='word_1_237' title='bbox 1463 3220 1688 3292; x_wconf 87' lang='grc' dir='ltr'>μνήμην</span> <span class='ocrx_word' id='word_1_238' title='bbox 1757 3219 1936 3273; x_wconf 77' lang='grc' dir='ltr'>αὐτῶν</span> 
     </span>
    </p>
   </div>
   <div class='ocr_carea' id='block_1_35' title="bbox 2040 636 3712 713">
    <p class='ocr_par' dir='ltr' id='par_1_35' title="bbox 2040 636 3712 713">
     <span class='ocr_line' id='line_1_35' title="bbox 2040 636 3712 713; baseline 0.001 -20"><span class='ocrx_word' id='word_1_239' title='bbox 2040 636 2263 693; x_wconf 90' lang='lat' dir='ltr'>liberos</span> <span class='ocrx_word' id='word_1_240' title='bbox 2311 638 2698 707; x_wconf 79' lang='lat' dir='ltr'>obtestamur,</span> <span class='ocrx_word' id='word_1_241' title='bbox 2764 640 2947 695; x_wconf 76' lang='lat' dir='ltr'>Graeci</span> <span class='ocrx_word' id='word_1_242' title='bbox 3005 658 3139 696; x_wconf 89' lang='lat' dir='ltr'>cum</span> <span class='ocrx_word' id='word_1_243' title='bbox 3199 641 3350 709; x_wconf 85' lang='lat' dir='ltr'>sitis,</span> <span class='ocrx_word' id='word_1_244' title='bbox 3401 639 3712 713; x_wconf 83' lang='lat' dir='ltr'>supplices</span> 
     </span>
    </p>
   </div>
   <div class='ocr_carea' id='block_1_36' title="bbox 2042 728 3688 799">
    <p class='ocr_par' dir='ltr' id='par_1_36' title="bbox 2042 728 3688 799">
     <span class='ocr_line' id='line_1_36' title="bbox 2042 728 3688 799; baseline -0.002 -18"><span class='ocrx_word' id='word_1_245' title='bbox 2042 743 2202 781; x_wconf 89' lang='lat' dir='ltr'>nunc</span> <span class='ocrx_word' id='word_1_246' title='bbox 2227 729 2781 799; x_wconf 89' lang='lat' dir='ltr'>vestros,quondam</span> <span class='ocrx_word' id='word_1_247' title='bbox 2814 728 3625 796; x_wconf 89' lang='lat' dir='ltr'>contumaces,miseremini.</span> <span class='ocrx_word' id='word_1_248' title='bbox 3660 750 3688 777; x_wconf 69' lang='grc' dir='ltr'><strong>η</strong></span> 
     </span>
    </p>
   </div>
   <div class='ocr_carea' id='block_1_37' title="bbox 2042 815 3690 889">
    <p class='ocr_par' dir='ltr' id='par_1_37' title="bbox 2042 815 3690 889">
     <span class='ocr_line' id='line_1_37' title="bbox 2042 815 3690 889; baseline 0.001 -20"><span class='ocrx_word' id='word_1_249' title='bbox 2042 815 2144 870; x_wconf 85' lang='lat' dir='ltr'>His</span> <span class='ocrx_word' id='word_1_250' title='bbox 2169 816 2312 870; x_wconf 90' lang='lat' dir='ltr'>moti</span> <span class='ocrx_word' id='word_1_251' title='bbox 2344 817 2527 872; x_wconf 71' lang='lat' dir='ltr'>Graaci</span> <span class='ocrx_word' id='word_1_252' title='bbox 2561 817 2830 889; x_wconf 80' lang='lat' dir='ltr'>Ulyssem</span> <span class='ocrx_word' id='word_1_253' title='bbox 2860 824 2919 872; x_wconf 89' lang='lat' dir='ltr'>et</span> <span class='ocrx_word' id='word_1_254' title='bbox 2940 818 3283 874; x_wconf 86' lang='lat' dir='ltr'>Diomedem</span> <span class='ocrx_word' id='word_1_255' title='bbox 3304 818 3567 885; x_wconf 87' lang='lat' dir='ltr'>mittunt,</span> <span class='ocrx_word' id='word_1_256' title='bbox 3588 817 3690 889; x_wconf 86' lang='lat' dir='ltr'>qui</span> 
     </span>
    </p>
   </div>
   <div class='ocr_carea' id='block_1_38' title="bbox 2043 904 3694 979">
    <p class='ocr_par' dir='ltr' id='par_1_38' title="bbox 2043 904 3694 979">
     <span class='ocr_line' id='line_1_38' title="bbox 2043 904 3694 979; baseline 0.001 -20"><span class='ocrx_word' id='word_1_257' title='bbox 2043 905 2268 976; x_wconf 80' lang='lat' dir='ltr'>argenti</span> <span class='ocrx_word' id='word_1_258' title='bbox 2294 904 2528 976; x_wconf 90' lang='lat' dir='ltr'>pondus</span> <span class='ocrx_word' id='word_1_259' title='bbox 2549 906 3384 979; x_wconf 80' lang='lat' dir='ltr'>signarent.Signaveruntque</span> <span class='ocrx_word' id='word_1_260' title='bbox 3407 907 3447 960; x_wconf 88' lang='lat' dir='ltr'>ii</span> <span class='ocrx_word' id='word_1_261' title='bbox 3472 906 3694 961; x_wconf 86' lang='lat' dir='ltr'>talenta</span> 
     </span>
    </p>
   </div>
   <div class='ocr_carea' id='block_1_39' title="bbox 2046 993 3695 1067">
    <p class='ocr_par' dir='ltr' id='par_1_39' title="bbox 2046 993 3695 1067">
     <span class='ocr_line' id='line_1_39' title="bbox 2046 993 3695 1067; baseline 0.001 -18"><span class='ocrx_word' id='word_1_262' title='bbox 2046 994 2174 1049; x_wconf 91' lang='lat' dir='ltr'>auri</span> <span class='ocrx_word' id='word_1_263' title='bbox 2205 993 2296 1050; x_wconf 88' lang='lat' dir='ltr'>bis</span> <span class='ocrx_word' id='word_1_264' title='bbox 2324 995 2487 1049; x_wconf 90' lang='lat' dir='ltr'>mille</span> <span class='ocrx_word' id='word_1_265' title='bbox 2521 994 2889 1067; x_wconf 83' lang='lat' dir='ltr'>totidemque</span> <span class='ocrx_word' id='word_1_266' title='bbox 2921 997 3168 1066; x_wconf 77' lang='lat' dir='ltr'>argenti.</span> <span class='ocrx_word' id='word_1_267' title='bbox 3200 997 3461 1067; x_wconf 87' lang='lat' dir='ltr'>Cumque</span> <span class='ocrx_word' id='word_1_268' title='bbox 3494 995 3695 1051; x_wconf 87' lang='lat' dir='ltr'>omnia</span> 
     </span>
    </p>
   </div>
   <div class='ocr_carea' id='block_1_40' title="bbox 2048 1083 3698 1154">
    <p class='ocr_par' dir='ltr' id='par_1_40' title="bbox 2048 1083 3698 1154">
     <span class='ocr_line' id='line_1_40' title="bbox 2048 1083 3698 1154; baseline 0.002 -17"><span class='ocrx_word' id='word_1_269' title='bbox 2048 1099 2154 1154; x_wconf 92' lang='lat' dir='ltr'>pro</span> <span class='ocrx_word' id='word_1_270' title='bbox 2194 1100 2299 1137; x_wconf 90' lang='lat' dir='ltr'>suo</span> <span class='ocrx_word' id='word_1_271' title='bbox 2340 1083 2584 1139; x_wconf 88' lang='lat' dir='ltr'>arbitrio</span> <span class='ocrx_word' id='word_1_272' title='bbox 2636 1083 3046 1153; x_wconf 82' lang='lat' dir='ltr'>abstulissent,</span> <span class='ocrx_word' id='word_1_273' title='bbox 3099 1101 3167 1140; x_wconf 84' lang='lat' dir='ltr'>ex</span> <span class='ocrx_word' id='word_1_274' title='bbox 3199 1085 3346 1140; x_wconf 84' lang='lat' dir='ltr'>urbe</span> <span class='ocrx_word' id='word_1_275' title='bbox 3395 1084 3455 1139; x_wconf 90' lang='lat' dir='ltr'>in</span> <span class='ocrx_word' id='word_1_276' title='bbox 3504 1091 3698 1141; x_wconf 89' lang='lat' dir='ltr'>castra</span> 
     </span>
    </p>
   </div>
   <div class='ocr_carea' id='block_1_41' title="bbox 2050 1172 3701 1230">
    <p class='ocr_par' dir='ltr' id='par_1_41' title="bbox 2050 1172 3701 1230">
     <span class='ocr_line' id='line_1_41' title="bbox 2050 1172 3701 1230; baseline 0.002 -5"><span class='ocrx_word' id='word_1_277' title='bbox 2050 1172 2267 1226; x_wconf 84' lang='lat' dir='ltr'>reversi</span> <span class='ocrx_word' id='word_1_278' title='bbox 2297 1177 2454 1228; x_wconf 88' lang='lat' dir='ltr'>sunt.</span> <span class='ocrx_word' id='word_1_279' title='bbox 2501 1174 2642 1228; x_wconf 88' lang='lat' dir='ltr'>Post</span> <span class='ocrx_word' id='word_1_280' title='bbox 2670 1173 2797 1228; x_wconf 61' lang='lat' dir='ltr'>hinc</span> <span class='ocrx_word' id='word_1_281' title='bbox 2850 1173 3323 1230; x_wconf 82' lang='lat' dir='ltr'>sacriﬁcantibus</span> <span class='ocrx_word' id='word_1_282' title='bbox 3373 1174 3588 1229; x_wconf 67' lang='lat' dir='ltr'>Graacis</span> <span class='ocrx_word' id='word_1_283' title='bbox 3641 1178 3701 1228; x_wconf 88' lang='lat' dir='ltr'>et</span> 
     </span>
    </p>
   </div>
   <div class='ocr_carea' id='block_1_42' title="bbox 2051 1261 3704 1335">
    <p class='ocr_par' dir='ltr' id='par_1_42' title="bbox 2051 1261 3704 1335">
     <span class='ocr_line' id='line_1_42' title="bbox 2051 1261 3704 1335; baseline 0.002 -20"><span class='ocrx_word' id='word_1_284' title='bbox 2051 1261 2374 1315; x_wconf 89' lang='lat' dir='ltr'>discessum</span> <span class='ocrx_word' id='word_1_285' title='bbox 2394 1262 3003 1335; x_wconf 84' lang='lat' dir='ltr'>parantibus,Ulysses</span> <span class='ocrx_word' id='word_1_286' title='bbox 3026 1264 3330 1319; x_wconf 83' lang='lat' dir='ltr'>universos</span> <span class='ocrx_word' id='word_1_287' title='bbox 3355 1264 3513 1318; x_wconf 89' lang='lat' dir='ltr'>inter</span> <span class='ocrx_word' id='word_1_288' title='bbox 3535 1279 3704 1319; x_wconf 88' lang='lat' dir='ltr'>sacra</span> 
     </span>
    </p>
   </div>
   <div class='ocr_carea' id='block_1_43' title="bbox 2045 1349 3700 1420">
    <p class='ocr_par' dir='ltr' id='par_1_43' title="bbox 2045 1349 3700 1420">
     <span class='ocr_line' id='line_1_43' title="bbox 2045 1349 3700 1420; baseline 0.003 -17"><span class='ocrx_word' id='word_1_289' title='bbox 2045 1349 2440 1420; x_wconf 82' lang='lat' dir='ltr'>jurejurando</span> <span class='ocrx_word' id='word_1_290' title='bbox 2471 1352 2748 1406; x_wconf 83' lang='lat' dir='ltr'>astrinxit</span> <span class='ocrx_word' id='word_1_291' title='bbox 2777 1369 2896 1407; x_wconf 90' lang='lat' dir='ltr'>non</span> <span class='ocrx_word' id='word_1_292' title='bbox 2924 1358 3060 1408; x_wconf 85' lang='lat' dir='ltr'>ante</span> <span class='ocrx_word' id='word_1_293' title='bbox 3091 1353 3458 1408; x_wconf 88' lang='lat' dir='ltr'>discessuros</span> <span class='ocrx_word' id='word_1_294' title='bbox 3489 1352 3562 1407; x_wconf 90' lang='lat' dir='ltr'>ab</span> <span class='ocrx_word' id='word_1_295' title='bbox 3592 1352 3700 1408; x_wconf 91' lang='lat' dir='ltr'>llio</span> 
     </span>
    </p>
   </div>
   <div class='ocr_carea' id='block_1_44' title="bbox 2056 1438 3698 1512">
    <p class='ocr_par' dir='ltr' id='par_1_44' title="bbox 2056 1438 3698 1512">
     <span class='ocr_line' id='line_1_44' title="bbox 2056 1438 3698 1512; baseline 0.002 -20"><span class='ocrx_word' id='word_1_296' title='bbox 2056 1454 2232 1509; x_wconf 89' lang='lat' dir='ltr'>quam</span> <span class='ocrx_word' id='word_1_297' title='bbox 2268 1455 2453 1509; x_wconf 83' lang='lat' dir='ltr'>equus</span> <span class='ocrx_word' id='word_1_298' title='bbox 2484 1438 2734 1511; x_wconf 84' lang='lat' dir='ltr'>ligneus,</span> <span class='ocrx_word' id='word_1_299' title='bbox 2756 1442 2856 1512; x_wconf 89' lang='lat' dir='ltr'>qui</span> <span class='ocrx_word' id='word_1_300' title='bbox 2889 1441 2962 1496; x_wconf 94' lang='lat' dir='ltr'>ob</span> <span class='ocrx_word' id='word_1_301' title='bbox 2994 1441 3055 1495; x_wconf 92' lang='lat' dir='ltr'>id</span> <span class='ocrx_word' id='word_1_302' title='bbox 3088 1446 3146 1496; x_wconf 90' lang='lat' dir='ltr'>et</span> <span class='ocrx_word' id='word_1_303' title='bbox 3165 1442 3419 1497; x_wconf 82' lang='lat' dir='ltr'>Dureius</span> <span class='ocrx_word' id='word_1_304' title='bbox 3441 1447 3698 1510; x_wconf 84' lang='lat' dir='ltr'>vocatur,</span> 
     </span>
    </p>
   </div>
   <div class='ocr_carea' id='block_1_45' title="bbox 2055 1526 3700 1603">
    <p class='ocr_par' dir='ltr' id='par_1_45' title="bbox 2055 1526 3700 1603">
     <span class='ocr_line' id='line_1_45' title="bbox 2055 1526 3700 1603; baseline 0.003 -22"><span class='ocrx_word' id='word_1_305' title='bbox 2055 1526 2364 1583; x_wconf 90' lang='lat' dir='ltr'>absolutus</span> <span class='ocrx_word' id='word_1_306' title='bbox 2396 1534 2571 1585; x_wconf 84' lang='lat' dir='ltr'>esset.</span> <span class='ocrx_word' id='word_1_307' title='bbox 2613 1531 2778 1586; x_wconf 83' lang='lat' dir='ltr'>Hunc</span> <span class='ocrx_word' id='word_1_308' title='bbox 2811 1531 3017 1599; x_wconf 64' lang='lat' dir='ltr'>Graaci,</span> <span class='ocrx_word' id='word_1_309' title='bbox 3043 1531 3185 1603; x_wconf 79' lang='grc' dir='ltr'>Ερεί</span> <span class='ocrx_word' id='word_1_310' title='bbox 3217 1530 3489 1598; x_wconf 80' lang='lat' dir='ltr'>artiﬁcio,</span> <span class='ocrx_word' id='word_1_311' title='bbox 3523 1530 3700 1601; x_wconf 76' lang='lat' dir='ltr'>lignis</span> 
     </span>
    </p>
   </div>
   <div class='ocr_carea' id='block_1_46' title="bbox 2056 1616 3701 1691">
    <p class='ocr_par' dir='ltr' id='par_1_46' title="bbox 2056 1616 3701 1691">
     <span class='ocr_line' id='line_1_46' title="bbox 2056 1616 3701 1691; baseline 0.001 -21"><span class='ocrx_word' id='word_1_312' title='bbox 2056 1616 2519 1673; x_wconf 88' lang='lat' dir='ltr'>concinnissime</span> <span class='ocrx_word' id='word_1_313' title='bbox 2551 1619 3118 1691; x_wconf 85' lang='lat' dir='ltr'>compactis,insigni</span> <span class='ocrx_word' id='word_1_314' title='bbox 3150 1624 3362 1674; x_wconf 88' lang='lat' dir='ltr'>ornatu</span> <span class='ocrx_word' id='word_1_315' title='bbox 3384 1618 3701 1674; x_wconf 84' lang='lat' dir='ltr'>admirabi-</span> 
     </span>
    </p>
   </div>
   <div class='ocr_carea' id='block_1_47' title="bbox 2054 1702 3701 1778">
    <p class='ocr_par' dir='ltr' id='par_1_47' title="bbox 2054 1702 3701 1778">
     <span class='ocr_line' id='line_1_47' title="bbox 2054 1702 3701 1778; baseline 0.003 -20"><span class='ocrx_word' id='word_1_316' title='bbox 2054 1702 2216 1776; x_wconf 87' lang='lat' dir='ltr'>lique</span> <span class='ocrx_word' id='word_1_317' title='bbox 2249 1722 2426 1778; x_wconf 86' lang='lat' dir='ltr'>opere</span> <span class='ocrx_word' id='word_1_318' title='bbox 2460 1708 3027 1775; x_wconf 86' lang='lat' dir='ltr'>construxerunt,ita</span> <span class='ocrx_word' id='word_1_319' title='bbox 3048 1714 3115 1763; x_wconf 94' lang='lat' dir='ltr'>ut</span> <span class='ocrx_word' id='word_1_320' title='bbox 3136 1708 3297 1763; x_wconf 91' lang='lat' dir='ltr'>intus</span> <span class='ocrx_word' id='word_1_321' title='bbox 3321 1710 3389 1762; x_wconf 77' lang='grc'>24</span> <span class='ocrx_word' id='word_1_322' title='bbox 3411 1707 3701 1763; x_wconf 89' lang='lat' dir='ltr'>militibus</span> 
     </span>
    </p>
   </div>
   <div class='ocr_carea' id='block_1_48' title="bbox 2056 1794 3703 1868">
    <p class='ocr_par' dir='ltr' id='par_1_48' title="bbox 2056 1794 3703 1868">
     <span class='ocr_line' id='line_1_48' title="bbox 2056 1794 3703 1868; baseline 0.003 -20"><span class='ocrx_word' id='word_1_323' title='bbox 2056 1794 2247 1866; x_wconf 81' lang='lat' dir='ltr'>gravis</span> <span class='ocrx_word' id='word_1_324' title='bbox 2295 1802 2611 1852; x_wconf 68' lang='lat' dir='ltr'>armaturae</span> <span class='ocrx_word' id='word_1_325' title='bbox 2666 1796 2904 1865; x_wconf 89' lang='lat' dir='ltr'>abditis,</span> <span class='ocrx_word' id='word_1_326' title='bbox 2956 1797 3170 1853; x_wconf 86' lang='lat' dir='ltr'>rotulis</span> <span class='ocrx_word' id='word_1_327' title='bbox 3218 1797 3533 1868; x_wconf 88' lang='lat' dir='ltr'>impositus</span> <span class='ocrx_word' id='word_1_328' title='bbox 3582 1802 3703 1853; x_wconf 87' lang='lat' dir='ltr'>tra-</span> 
     </span>
    </p>
   </div>
   <div class='ocr_carea' id='block_1_49' title="bbox 2056 1882 3703 1956">
    <p class='ocr_par' dir='ltr' id='par_1_49' title="bbox 2056 1882 3703 1956">
     <span class='ocr_line' id='line_1_49' title="bbox 2056 1882 3703 1956; baseline 0.001 -19"><span class='ocrx_word' id='word_1_329' title='bbox 2056 1882 2265 1938; x_wconf 88' lang='lat' dir='ltr'>hentes</span> <span class='ocrx_word' id='word_1_330' title='bbox 2296 1884 2444 1942; x_wconf 74' lang='lat'>581</span> <span class='ocrx_word' id='word_1_331' title='bbox 2478 1886 2802 1956; x_wconf 86' lang='lat' dir='ltr'>capistrum</span> <span class='ocrx_word' id='word_1_332' title='bbox 2833 1885 3005 1941; x_wconf 82' lang='lat' dir='ltr'>facile</span> <span class='ocrx_word' id='word_1_333' title='bbox 3037 1888 3503 1956; x_wconf 86' lang='lat' dir='ltr'>sequeretur.Eo</span> <span class='ocrx_word' id='word_1_334' title='bbox 3529 1884 3703 1941; x_wconf 87' lang='lat' dir='ltr'>abso-</span> 
     </span>
    </p>
   </div>
   <div class='ocr_carea' id='block_1_50' title="bbox 2058 1971 3700 2042">
    <p class='ocr_par' dir='ltr' id='par_1_50' title="bbox 2058 1971 3700 2042">
     <span class='ocr_line' id='line_1_50' title="bbox 2058 1971 3700 2042; baseline 0.001 -16"><span class='ocrx_word' id='word_1_335' title='bbox 2058 1971 2183 2026; x_wconf 90' lang='lat' dir='ltr'>luto</span> <span class='ocrx_word' id='word_1_336' title='bbox 2216 1972 2601 2029; x_wconf 86' lang='lat' dir='ltr'>tabernacula</span> <span class='ocrx_word' id='word_1_337' title='bbox 2622 1991 2725 2030; x_wconf 90' lang='lat' dir='ltr'>sua</span> <span class='ocrx_word' id='word_1_338' title='bbox 2749 1975 3294 2042; x_wconf 86' lang='lat' dir='ltr'>combusserunt,et</span> <span class='ocrx_word' id='word_1_339' title='bbox 3314 1975 3377 2027; x_wconf 90' lang='lat' dir='ltr'>in</span> <span class='ocrx_word' id='word_1_340' title='bbox 3398 1973 3700 2029; x_wconf 88' lang='lat' dir='ltr'>Tenedum</span> 
     </span>
    </p>
   </div>
   <div class='ocr_carea' id='block_1_51' title="bbox 2059 2060 3701 2135">
    <p class='ocr_par' dir='ltr' id='par_1_51' title="bbox 2059 2060 3701 2135">
     <span class='ocr_line' id='line_1_51' title="bbox 2059 2060 3701 2135; baseline 0.002 -21"><span class='ocrx_word' id='word_1_341' title='bbox 2059 2060 2315 2116; x_wconf 86' lang='lat' dir='ltr'>insulam</span> <span class='ocrx_word' id='word_1_342' title='bbox 2347 2062 2690 2135; x_wconf 80' lang='lat' dir='ltr'>navigantes</span> <span class='ocrx_word' id='word_1_343' title='bbox 2722 2063 2802 2117; x_wconf 89' lang='lat' dir='ltr'>ibi</span> <span class='ocrx_word' id='word_1_344' title='bbox 2838 2079 2966 2118; x_wconf 89' lang='lat' dir='ltr'>sese</span> <span class='ocrx_word' id='word_1_345' title='bbox 2998 2063 3445 2118; x_wconf 89' lang='lat' dir='ltr'>occultaverunt</span> <span class='ocrx_word' id='word_1_346' title='bbox 3473 2061 3701 2132; x_wconf 81' lang='lat' dir='ltr'>Ulyssis</span> 
     </span>
    </p>
   </div>
   <div class='ocr_carea' id='block_1_52' title="bbox 2059 2149 3700 2223">
    <p class='ocr_par' dir='ltr' id='par_1_52' title="bbox 2059 2149 3700 2223">
     <span class='ocr_line' id='line_1_52' title="bbox 2059 2149 3700 2223; baseline 0.001 -19"><span class='ocrx_word' id='word_1_347' title='bbox 2059 2149 2323 2219; x_wconf 87' lang='lat' dir='ltr'>consilio,</span> <span class='ocrx_word' id='word_1_348' title='bbox 2375 2151 2784 2206; x_wconf 87' lang='lat' dir='ltr'>tantummodo</span> <span class='ocrx_word' id='word_1_349' title='bbox 2832 2151 3034 2207; x_wconf 91' lang='lat' dir='ltr'>relicto</span> <span class='ocrx_word' id='word_1_350' title='bbox 3088 2151 3414 2223; x_wconf 88' lang='lat' dir='ltr'>proditore,</span> <span class='ocrx_word' id='word_1_351' title='bbox 3455 2150 3700 2206; x_wconf 89' lang='lat' dir='ltr'>homine</span> 
     </span>
    </p>
   </div>
   <div class='ocr_carea' id='block_1_53' title="bbox 2057 2239 3700 2312">
    <p class='ocr_par' dir='ltr' id='par_1_53' title="bbox 2057 2239 3700 2312">
     <span class='ocr_line' id='line_1_53' title="bbox 2057 2239 3700 2312; baseline 0.002 -21"><span class='ocrx_word' id='word_1_352' title='bbox 2057 2239 2329 2310; x_wconf 78' lang='lat' dir='ltr'>generosi</span> <span class='ocrx_word' id='word_1_353' title='bbox 2358 2239 2671 2311; x_wconf 90' lang='lat' dir='ltr'>animi;qui</span> <span class='ocrx_word' id='word_1_354' title='bbox 2706 2239 2881 2295; x_wconf 87' lang='lat' dir='ltr'>laude</span> <span class='ocrx_word' id='word_1_355' title='bbox 2908 2246 2966 2295; x_wconf 88' lang='lat' dir='ltr'>et</span> <span class='ocrx_word' id='word_1_356' title='bbox 3019 2240 3266 2312; x_wconf 67' lang='lat' dir='ltr'>priemio</span> <span class='ocrx_word' id='word_1_357' title='bbox 3299 2240 3578 2295; x_wconf 88' lang='lat' dir='ltr'>inductus</span> <span class='ocrx_word' id='word_1_358' title='bbox 3625 2239 3700 2295; x_wconf 89' lang='lat' dir='ltr'>ad</span> 
     </span>
    </p>
   </div>
   <div class='ocr_carea' id='block_1_54' title="bbox 2058 2326 3699 2400">
    <p class='ocr_par' dir='ltr' id='par_1_54' title="bbox 2058 2326 3699 2400">
     <span class='ocr_line' id='line_1_54' title="bbox 2058 2326 3699 2400; baseline 0.001 -19"><span class='ocrx_word' id='word_1_359' title='bbox 2058 2326 2167 2382; x_wconf 91' lang='lat' dir='ltr'>hoc</span> <span class='ocrx_word' id='word_1_360' title='bbox 2196 2344 2324 2382; x_wconf 89' lang='lat' dir='ltr'>sese</span> <span class='ocrx_word' id='word_1_361' title='bbox 2360 2327 2702 2383; x_wconf 88' lang='lat' dir='ltr'>vulneribus</span> <span class='ocrx_word' id='word_1_362' title='bbox 2733 2328 3074 2384; x_wconf 75' lang='lat' dir='ltr'>fmdandum</span> <span class='ocrx_word' id='word_1_363' title='bbox 3107 2334 3167 2383; x_wconf 92' lang='lat' dir='ltr'>et</span> <span class='ocrx_word' id='word_1_364' title='bbox 3195 2328 3476 2383; x_wconf 82' lang='lat' dir='ltr'>extremis</span> <span class='ocrx_word' id='word_1_365' title='bbox 3516 2327 3699 2400; x_wconf 86' lang='lat' dir='ltr'>parti-</span> 
     </span>
    </p>
   </div>
   <div class='ocr_carea' id='block_1_55' title="bbox 2056 2415 3703 2489">
    <p class='ocr_par' dir='ltr' id='par_1_55' title="bbox 2056 2415 3703 2489">
     <span class='ocr_line' id='line_1_55' title="bbox 2056 2415 3703 2489; baseline 0.002 -19"><span class='ocrx_word' id='word_1_366' title='bbox 2056 2415 2166 2471; x_wconf 89' lang='lat' dir='ltr'>bus</span> <span class='ocrx_word' id='word_1_367' title='bbox 2191 2415 2401 2471; x_wconf 82' lang='lat' dir='ltr'>leviter</span> <span class='ocrx_word' id='word_1_368' title='bbox 2428 2416 2824 2473; x_wconf 88' lang='lat' dir='ltr'>mutilandum</span> <span class='ocrx_word' id='word_1_369' title='bbox 2856 2417 3013 2473; x_wconf 89' lang='lat' dir='ltr'>ultro</span> <span class='ocrx_word' id='word_1_370' title='bbox 3040 2415 3453 2489; x_wconf 73' lang='lat' dir='ltr'>praebueratls</span> <span class='ocrx_word' id='word_1_371' title='bbox 3485 2417 3703 2473; x_wconf 88' lang='lat' dir='ltr'>Barba-</span> 
     </span>
    </p>
   </div>
   <div class='ocr_carea' id='block_1_56' title="bbox 2055 2504 3701 2578">
    <p class='ocr_par' dir='ltr' id='par_1_56' title="bbox 2055 2504 3701 2578">
     <span class='ocr_line' id='line_1_56' title="bbox 2055 2504 3701 2578; baseline 0.002 -19"><span class='ocrx_word' id='word_1_372' title='bbox 2055 2505 2137 2560; x_wconf 89' lang='lat' dir='ltr'>ris</span> <span class='ocrx_word' id='word_1_373' title='bbox 2161 2504 2664 2578; x_wconf 67' lang='lat' dir='ltr'>interrogantibus</span> <span class='ocrx_word' id='word_1_374' title='bbox 2683 2505 2968 2577; x_wconf 89' lang='lat' dir='ltr'>quidnam</span> <span class='ocrx_word' id='word_1_375' title='bbox 2991 2507 3100 2561; x_wconf 92' lang='lat' dir='ltr'>sibi</span> <span class='ocrx_word' id='word_1_376' title='bbox 3128 2506 3240 2562; x_wconf 86' lang='lat' dir='ltr'>ista</span> <span class='ocrx_word' id='word_1_377' title='bbox 3263 2507 3396 2577; x_wconf 88' lang='lat' dir='ltr'>equi</span> <span class='ocrx_word' id='word_1_378' title='bbox 3427 2507 3701 2562; x_wconf 88' lang='lat' dir='ltr'>machina</span> 
     </span>
    </p>
   </div>
   <div class='ocr_carea' id='block_1_57' title="bbox 2054 2594 3699 2668">
    <p class='ocr_par' dir='ltr' id='par_1_57' title="bbox 2054 2594 3699 2668">
     <span class='ocr_line' id='line_1_57' title="bbox 2054 2594 3699 2668; baseline 0.001 -20"><span class='ocrx_word' id='word_1_379' title='bbox 2054 2594 2248 2663; x_wconf 85' lang='lat' dir='ltr'>vellet,</span> <span class='ocrx_word' id='word_1_380' title='bbox 2307 2595 2617 2667; x_wconf 88' lang='lat' dir='ltr'>respondit</span> <span class='ocrx_word' id='word_1_381' title='bbox 2681 2597 2915 2651; x_wconf 64' lang='lat' dir='ltr'>Graecos</span> <span class='ocrx_word' id='word_1_382' title='bbox 2973 2612 3102 2651; x_wconf 89' lang='lat' dir='ltr'>eam</span> <span class='ocrx_word' id='word_1_383' title='bbox 3164 2596 3385 2668; x_wconf 88' lang='lat' dir='ltr'>templo</span> <span class='ocrx_word' id='word_1_384' title='bbox 3431 2596 3699 2651; x_wconf 63' lang='lat' dir='ltr'>Minerva:</span> 
     </span>
    </p>
   </div>
   <div class='ocr_carea' id='block_1_58' title="bbox 2054 2683 3700 2756">
    <p class='ocr_par' dir='ltr' id='par_1_58' title="bbox 2054 2683 3700 2756">
     <span class='ocr_line' id='line_1_58' title="bbox 2054 2683 3700 2756; baseline 0.002 -18"><span class='ocrx_word' id='word_1_385' title='bbox 2054 2698 2403 2739; x_wconf 90' lang='lat' dir='ltr'>consecrare</span> <span class='ocrx_word' id='word_1_386' title='bbox 2425 2690 2602 2755; x_wconf 89' lang='lat' dir='ltr'>atque</span> <span class='ocrx_word' id='word_1_387' title='bbox 2633 2683 3077 2750; x_wconf 80' lang='lat' dir='ltr'>dedicare.cum</span> <span class='ocrx_word' id='word_1_388' title='bbox 3108 2684 3183 2739; x_wconf 90' lang='lat' dir='ltr'>ad</span> <span class='ocrx_word' id='word_1_389' title='bbox 3205 2684 3530 2756; x_wconf 81' lang='lat' dir='ltr'>expiandas</span> <span class='ocrx_word' id='word_1_390' title='bbox 3552 2701 3700 2756; x_wconf 88' lang='lat' dir='ltr'>quas</span> 
     </span>
    </p>
   </div>
   <div class='ocr_carea' id='block_1_59' title="bbox 2053 2772 3699 2845">
    <p class='ocr_par' dir='ltr' id='par_1_59' title="bbox 2053 2772 3699 2845">
     <span class='ocr_line' id='line_1_59' title="bbox 2053 2772 3699 2845; baseline 0.002 -18"><span class='ocrx_word' id='word_1_391' title='bbox 2053 2772 2183 2843; x_wconf 84' lang='lat' dir='ltr'>ejus</span> <span class='ocrx_word' id='word_1_392' title='bbox 2212 2773 2342 2828; x_wconf 88' lang='lat' dir='ltr'>urbi</span> <span class='ocrx_word' id='word_1_393' title='bbox 2376 2773 2720 2829; x_wconf 84' lang='lat' dir='ltr'>intulissent</span> <span class='ocrx_word' id='word_1_394' title='bbox 2750 2773 3153 2845; x_wconf 85' lang='lat' dir='ltr'>injurias,tum</span> <span class='ocrx_word' id='word_1_395' title='bbox 3185 2778 3253 2828; x_wconf 94' lang='lat' dir='ltr'>ut</span> <span class='ocrx_word' id='word_1_396' title='bbox 3290 2779 3446 2829; x_wconf 87' lang='lat' dir='ltr'>esset</span> <span class='ocrx_word' id='word_1_397' title='bbox 3475 2775 3699 2830; x_wconf 88' lang='lat' dir='ltr'>donum</span> 
     </span>
    </p>
   </div>
   <div class='ocr_carea' id='block_1_60' title="bbox 2051 2859 3696 2933">
    <p class='ocr_par' dir='ltr' id='par_1_60' title="bbox 2051 2859 3696 2933">
     <span class='ocr_line' id='line_1_60' title="bbox 2051 2859 3696 2933; baseline 0.003 -20"><span class='ocrx_word' id='word_1_398' title='bbox 2051 2876 2158 2930; x_wconf 91' lang='lat' dir='ltr'>pro</span> <span class='ocrx_word' id='word_1_399' title='bbox 2186 2859 2380 2916; x_wconf 90' lang='lat' dir='ltr'>reditu</span> <span class='ocrx_word' id='word_1_400' title='bbox 2411 2861 2673 2933; x_wconf 87' lang='lat' dir='ltr'>ipsorum</span> <span class='ocrx_word' id='word_1_401' title='bbox 2704 2861 2765 2915; x_wconf 90' lang='lat' dir='ltr'>in</span> <span class='ocrx_word' id='word_1_402' title='bbox 2797 2861 3049 2931; x_wconf 88' lang='lat' dir='ltr'>patriam</span> <span class='ocrx_word' id='word_1_403' title='bbox 3091 2861 3476 2932; x_wconf 90' lang='lat' dir='ltr'>ipsorumque</span> <span class='ocrx_word' id='word_1_404' title='bbox 3503 2863 3696 2918; x_wconf 91' lang='lat' dir='ltr'>moni-</span> 
     </span>
    </p>
   </div>
   <div class='ocr_carea' id='block_1_61' title="bbox 2051 2948 3694 3021">
    <p class='ocr_par' dir='ltr' id='par_1_61' title="bbox 2051 2948 3694 3021">
     <span class='ocr_line' id='line_1_61' title="bbox 2051 2948 3694 3021; baseline 0.002 -18"><span class='ocrx_word' id='word_1_405' title='bbox 2051 2953 2341 3005; x_wconf 90' lang='lat' dir='ltr'>mentum.</span> <span class='ocrx_word' id='word_1_406' title='bbox 2402 2950 2579 3004; x_wconf 90' lang='lat' dir='ltr'>Troes</span> <span class='ocrx_word' id='word_1_407' title='bbox 2631 2965 2767 3021; x_wconf 87' lang='lat' dir='ltr'>ergo</span> <span class='ocrx_word' id='word_1_408' title='bbox 2816 2948 2910 3004; x_wconf 91' lang='lat' dir='ltr'>his</span> <span class='ocrx_word' id='word_1_409' title='bbox 2974 2948 3153 3003; x_wconf 83' lang='lat' dir='ltr'>ﬁdem</span> <span class='ocrx_word' id='word_1_410' title='bbox 3214 2949 3501 3006; x_wconf 83' lang='lat' dir='ltr'>habentes</span> <span class='ocrx_word' id='word_1_411' title='bbox 3559 2969 3694 3007; x_wconf 90' lang='lat' dir='ltr'>cum</span> 
     </span>
    </p>
   </div>
   <div class='ocr_carea' id='block_1_62' title="bbox 2050 3038 3693 3112">
    <p class='ocr_par' dir='ltr' id='par_1_62' title="bbox 2050 3038 3693 3112">
     <span class='ocr_line' id='line_1_62' title="bbox 2050 3038 3693 3112; baseline -0.001 -19"><span class='ocrx_word' id='word_1_412' title='bbox 2050 3038 2262 3112; x_wconf 89' lang='lat' dir='ltr'>gaudio</span> <span class='ocrx_word' id='word_1_413' title='bbox 2289 3043 2347 3094; x_wconf 89' lang='lat' dir='ltr'>et</span> <span class='ocrx_word' id='word_1_414' title='bbox 2364 3038 2571 3093; x_wconf 72' lang='lat' dir='ltr'>lmtitia</span> <span class='ocrx_word' id='word_1_415' title='bbox 2592 3039 2874 3094; x_wconf 90' lang='lat' dir='ltr'>Dureium</span> <span class='ocrx_word' id='word_1_416' title='bbox 2897 3054 3114 3110; x_wconf 88' lang='lat' dir='ltr'>equum</span> <span class='ocrx_word' id='word_1_417' title='bbox 3140 3039 3280 3108; x_wconf 91' lang='lat' dir='ltr'>(imo</span> <span class='ocrx_word' id='word_1_418' title='bbox 3304 3044 3501 3094; x_wconf 88' lang='lat' dir='ltr'>autem</span> <span class='ocrx_word' id='word_1_419' title='bbox 3524 3053 3693 3092; x_wconf 86' lang='lat' dir='ltr'>suam</span> 
     </span>
    </p>
   </div>
   <div class='ocr_carea' id='block_1_63' title="bbox 2050 3125 3692 3200">
    <p class='ocr_par' dir='ltr' id='par_1_63' title="bbox 2050 3125 3692 3200">
     <span class='ocr_line' id='line_1_63' title="bbox 2050 3125 3692 3200; baseline 0.001 -19"><span class='ocrx_word' id='word_1_420' title='bbox 2050 3127 2318 3200; x_wconf 85' lang='lat' dir='ltr'>ipsorum</span> <span class='ocrx_word' id='word_1_421' title='bbox 2349 3126 2699 3200; x_wconf 88' lang='lat' dir='ltr'>perniciem)</span> <span class='ocrx_word' id='word_1_422' title='bbox 2733 3127 2974 3182; x_wconf 85' lang='lat' dir='ltr'>funibus</span> <span class='ocrx_word' id='word_1_423' title='bbox 3032 3127 3338 3199; x_wconf 88' lang='lat' dir='ltr'>alligatum</span> <span class='ocrx_word' id='word_1_424' title='bbox 3366 3127 3427 3182; x_wconf 90' lang='lat' dir='ltr'>in</span> <span class='ocrx_word' id='word_1_425' title='bbox 3480 3125 3692 3182; x_wconf 88' lang='lat' dir='ltr'>urbem</span> 
     </span>
    </p>
   </div>
   <div class='ocr_carea' id='block_1_64' title="bbox 2051 3216 3691 3289">
    <p class='ocr_par' dir='ltr' id='par_1_64' title="bbox 2051 3216 3691 3289">
     <span class='ocr_line' id='line_1_64' title="bbox 2051 3216 3691 3289; baseline 0.001 -19"><span class='ocrx_word' id='word_1_426' title='bbox 2051 3222 2380 3285; x_wconf 83' lang='lat' dir='ltr'>traxerunt,</span> <span class='ocrx_word' id='word_1_427' title='bbox 2413 3232 2681 3287; x_wconf 67' lang='lat' dir='ltr'>paeanem</span> <span class='ocrx_word' id='word_1_428' title='bbox 2731 3216 3073 3272; x_wconf 89' lang='lat' dir='ltr'>accinentes</span> <span class='ocrx_word' id='word_1_429' title='bbox 3105 3259 3121 3284; x_wconf 91' lang='lat'>,</span> <span class='ocrx_word' id='word_1_430' title='bbox 3163 3222 3467 3289; x_wconf 82' lang='lat' dir='ltr'>portaeque</span> <span class='ocrx_word' id='word_1_431' title='bbox 3518 3233 3691 3288; x_wconf 86' lang='lat' dir='ltr'>supe-</span> 
     </span>
    </p>
   </div>
   <div class='ocr_carea' id='block_1_65' title="bbox 301 3272 1941 3383">
    <p class='ocr_par' dir='ltr' id='par_1_65' title="bbox 301 3304 1936 3383">
     <span class='ocr_line' id='line_1_65' title="bbox 301 3304 1936 3383; baseline -0.001 -21"><span class='ocrx_word' id='word_1_432' title='bbox 301 3308 549 3383; x_wconf 60' lang='grc' dir='ltr'>ἄφιεροῦν</span> <span class='ocrx_word' id='word_1_433' title='bbox 608 3307 888 3382; x_wconf 77' lang='grc' dir='ltr'>κεκρίκασι</span> <span class='ocrx_word' id='word_1_434' title='bbox 946 3304 1074 3366; x_wconf 87' lang='grc' dir='ltr'>δεῖν.</span> <span class='ocrx_word' id='word_1_435' title='bbox 1128 3308 1199 3366; x_wconf 78' lang='lat' dir='ltr'>Ol</span> <span class='ocrx_word' id='word_1_436' title='bbox 1265 3305 1448 3363; x_wconf 75' lang='grc' dir='ltr'>τοίνυν</span> <span class='ocrx_word' id='word_1_437' title='bbox 1501 3309 1685 3379; x_wconf 83' lang='grc' dir='ltr'>Τρῶες</span> <span class='ocrx_word' id='word_1_438' title='bbox 1746 3308 1936 3378; x_wconf 85' lang='grc' dir='ltr'>πειθή-</span> 
     </span>
    </p>
   </div>
   <div class='ocr_carea' id='block_1_66' title="bbox 2052 3272 3689 3383">
    <p class='ocr_par' dir='ltr' id='par_1_66' title="bbox 2052 3305 3689 3376">
     <span class='ocr_line' id='line_1_66' title="bbox 2052 3305 3689 3376; baseline -0.001 -14"><span class='ocrx_word' id='word_1_439' title='bbox 2052 3308 2203 3362; x_wconf 89' lang='lat' dir='ltr'>riore</span> <span class='ocrx_word' id='word_1_440' title='bbox 2234 3305 2437 3361; x_wconf 88' lang='lat' dir='ltr'>limine</span> <span class='ocrx_word' id='word_1_441' title='bbox 2468 3311 2829 3371; x_wconf 87' lang='lat' dir='ltr'>amoto,eum</span> <span class='ocrx_word' id='word_1_442' title='bbox 2861 3313 2925 3362; x_wconf 92' lang='lat' dir='ltr'>ut</span> <span class='ocrx_word' id='word_1_443' title='bbox 2955 3312 3081 3362; x_wconf 87' lang='lat' dir='ltr'>erat</span> <span class='ocrx_word' id='word_1_444' title='bbox 3110 3305 3379 3361; x_wconf 84' lang='lat' dir='ltr'>hostibus</span> <span class='ocrx_word' id='word_1_445' title='bbox 3412 3306 3689 3376; x_wconf 87' lang='lat' dir='ltr'>refertus,</span> 
     </span>
    </p>
   </div>
   <div class='ocr_carea' id='block_1_67' title="bbox 301 3392 1936 3473">
    <p class='ocr_par' dir='ltr' id='par_1_67' title="bbox 301 3392 1936 3473">
     <span class='ocr_line' id='line_1_67' title="bbox 301 3392 1936 3473; baseline 0.001 -24"><span class='ocrx_word' id='word_1_446' title='bbox 301 3417 413 3450; x_wconf 77' lang='grc' dir='ltr'>νιοι</span> <span class='ocrx_word' id='word_1_447' title='bbox 466 3396 667 3461; x_wconf 78' lang='grc' dir='ltr'>τούτοις</span> <span class='ocrx_word' id='word_1_448' title='bbox 724 3396 1028 3473; x_wconf 77' lang='grc' dir='ltr'>γενόμενοι,</span> <span class='ocrx_word' id='word_1_449' title='bbox 1083 3392 1343 3459; x_wconf 74' lang='grc' dir='ltr'>λαϐόντες</span> <span class='ocrx_word' id='word_1_450' title='bbox 1419 3396 1511 3452; x_wconf 77' lang='grc' dir='ltr'>σὺν</span> <span class='ocrx_word' id='word_1_451' title='bbox 1564 3395 1795 3469; x_wconf 67' lang='grc' dir='ltr'>εὐθυμία</span> <span class='ocrx_word' id='word_1_452' title='bbox 1847 3396 1936 3451; x_wconf 82' lang='grc' dir='ltr'>καὶ</span> 
     </span>
    </p>
   </div>
   <div class='ocr_carea' id='block_1_68' title="bbox 301 3482 1931 3563">
    <p class='ocr_par' dir='ltr' id='par_1_68' title="bbox 301 3482 1931 3563">
     <span class='ocr_line' id='line_1_68' title="bbox 301 3482 1931 3563; baseline 0.001 -24"><span class='ocrx_word' id='word_1_453' title='bbox 301 3489 552 3563; x_wconf 80' lang='grc' dir='ltr'>χαρμονῇ</span> <span class='ocrx_word' id='word_1_454' title='bbox 610 3486 702 3541; x_wconf 83' lang='grc' dir='ltr'>τὸν</span> <span class='ocrx_word' id='word_1_455' title='bbox 763 3483 1009 3560; x_wconf 82' lang='grc' dir='ltr'>δούρειον</span> <span class='ocrx_word' id='word_1_456' title='bbox 1059 3482 1254 3556; x_wconf 69' lang='grc' dir='ltr'>ἵππον,</span> <span class='ocrx_word' id='word_1_457' title='bbox 1306 3484 1522 3559; x_wconf 81' lang='grc' dir='ltr'>μᾶλλον</span> <span class='ocrx_word' id='word_1_458' title='bbox 1580 3483 1637 3540; x_wconf 63' lang='grc' dir='ltr'>δὲ</span> <span class='ocrx_word' id='word_1_459' title='bbox 1672 3486 1761 3540; x_wconf 88' lang='grc' dir='ltr'>τὸν</span> <span class='ocrx_word' id='word_1_460' title='bbox 1791 3483 1931 3541; x_wconf 74' lang='grc' dir='ltr'>ἴδιον</span> 
     </span>
    </p>
   </div>
   <div class='ocr_carea' id='block_1_69' title="bbox 292 3572 1935 3651">
    <p class='ocr_par' dir='ltr' id='par_1_69' title="bbox 292 3572 1935 3651">
     <span class='ocr_line' id='line_1_69' title="bbox 292 3572 1935 3651; baseline 0.001 -22"><span class='ocrx_word' id='word_1_461' title='bbox 292 3572 543 3651; x_wconf 74' lang='grc' dir='ltr'>ὀλεθρον,</span> <span class='ocrx_word' id='word_1_462' title='bbox 572 3576 666 3630; x_wconf 84' lang='grc' dir='ltr'>καὶ</span> <span class='ocrx_word' id='word_1_463' title='bbox 695 3573 993 3638; x_wconf 81' lang='grc' dir='ltr'>καλωδίοις</span> <span class='ocrx_word' id='word_1_464' title='bbox 1032 3573 1346 3639; x_wconf 87' lang='grc' dir='ltr'>ἆνέλκοντες</span> <span class='ocrx_word' id='word_1_465' title='bbox 1402 3576 1492 3631; x_wconf 78' lang='grc' dir='ltr'>καὶ</span> <span class='ocrx_word' id='word_1_466' title='bbox 1548 3573 1843 3646; x_wconf 79' lang='grc' dir='ltr'>εὖάζοντες,</span> <span class='ocrx_word' id='word_1_467' title='bbox 1871 3577 1935 3631; x_wconf 82' lang='grc' dir='ltr'>τὸ</span> 
     </span>
    </p>
   </div>
   <div class='ocr_carea' id='block_1_70' title="bbox 281 3662 1931 3740">
    <p class='ocr_par' dir='ltr' id='par_1_70' title="bbox 281 3662 1931 3740">
     <span class='ocr_line' id='line_1_70' title="bbox 281 3662 1931 3740; baseline 0.001 -22"><span class='ocrx_word' id='word_1_468' title='bbox 281 3670 385 3732; x_wconf 73' lang='grc' dir='ltr'>τῆς</span> <span class='ocrx_word' id='word_1_469' title='bbox 417 3662 606 3734; x_wconf 83' lang='grc' dir='ltr'>πύλης</span> <span class='ocrx_word' id='word_1_470' title='bbox 635 3662 935 3739; x_wconf 74' lang='grc' dir='ltr'>ὑπέρθυρον</span> <span class='ocrx_word' id='word_1_471' title='bbox 991 3663 1216 3740; x_wconf 72' lang='grc' dir='ltr'>ἄραιτες</span> <span class='ocrx_word' id='word_1_472' title='bbox 1270 3670 1388 3729; x_wconf 87' lang='grc' dir='ltr'>τοῖς</span> <span class='ocrx_word' id='word_1_473' title='bbox 1440 3668 1538 3720; x_wconf 88' lang='grc' dir='ltr'>τοῦ</span> <span class='ocrx_word' id='word_1_474' title='bbox 1595 3666 1718 3720; x_wconf 87' lang='grc' dir='ltr'>θεοῦ</span> <span class='ocrx_word' id='word_1_475' title='bbox 1756 3664 1931 3721; x_wconf 75' lang='grc' dir='ltr'>αὐτῶν</span> 
     </span>
    </p>
   </div>
   <div class='ocr_carea' id='block_1_71' title="bbox 278 3749 1933 3833">
    <p class='ocr_par' dir='ltr' id='par_1_71' title="bbox 278 3749 1933 3833">
     <span class='ocr_line' id='line_1_71' title="bbox 278 3749 1933 3833; baseline 0.002 -26"><span class='ocrx_word' id='word_1_476' title='bbox 278 3749 503 3813; x_wconf 79' lang='grc' dir='ltr'>ἀδύτοις</span> <span class='ocrx_word' id='word_1_477' title='bbox 541 3754 680 3827; x_wconf 86' lang='grc' dir='ltr'>μετά</span> <span class='ocrx_word' id='word_1_478' title='bbox 732 3757 841 3809; x_wconf 90' lang='grc' dir='ltr'>τῶν</span> <span class='ocrx_word' id='word_1_479' title='bbox 902 3752 1115 3833; x_wconf 80' lang='grc' dir='ltr'>ἐχθρῶν</span> <span class='ocrx_word' id='word_1_480' title='bbox 1174 3753 1485 3832; x_wconf 74' lang='grc' dir='ltr'>εἰσήγαγον.</span> <span class='ocrx_word' id='word_1_481' title='bbox 1517 3756 1610 3811; x_wconf 85' lang='grc' dir='ltr'>Ἐν</span> <span class='ocrx_word' id='word_1_482' title='bbox 1642 3751 1700 3809; x_wconf 79' lang='grc' dir='ltr'>δὶ</span> <span class='ocrx_word' id='word_1_483' title='bbox 1726 3759 1805 3825; x_wconf 82' lang='grc' dir='ltr'>τῷ</span> <span class='ocrx_word' id='word_1_484' title='bbox 1837 3776 1933 3828; x_wconf 82' lang='grc' dir='ltr'>με-</span> 
     </span>
    </p>
   </div>
   <div class='ocr_carea' id='block_1_72' title="bbox 277 3840 1936 3922">
    <p class='ocr_par' dir='ltr' id='par_1_72' title="bbox 277 3840 1936 3922">
     <span class='ocr_line' id='line_1_72' title="bbox 277 3840 1936 3922; baseline 0.001 -26"><span class='ocrx_word' id='word_1_485' title='bbox 277 3843 559 3913; x_wconf 81' lang='grc' dir='ltr'>σονυκτίῳ</span> <span class='ocrx_word' id='word_1_486' title='bbox 592 3841 648 3898; x_wconf 75' lang='grc' dir='ltr'>οἲ</span> <span class='ocrx_word' id='word_1_487' title='bbox 676 3840 728 3897; x_wconf 77' lang='grc' dir='ltr'>έν</span> <span class='ocrx_word' id='word_1_488' title='bbox 776 3843 855 3916; x_wconf 80' lang='grc' dir='ltr'>τῷ</span> <span class='ocrx_word' id='word_1_489' title='bbox 904 3842 1060 3916; x_wconf 78' lang='grc' dir='ltr'>’ἱππῳ</span> <span class='ocrx_word' id='word_1_490' title='bbox 1114 3841 1394 3922; x_wconf 81' lang='grc' dir='ltr'>λοχῶντες</span> <span class='ocrx_word' id='word_1_491' title='bbox 1423 3841 1509 3899; x_wconf 77' lang='grc' dir='ltr'>ἐπὶ</span> <span class='ocrx_word' id='word_1_492' title='bbox 1543 3842 1756 3919; x_wconf 76' lang='grc' dir='ltr'>σχολῆς</span> <span class='ocrx_word' id='word_1_493' title='bbox 1786 3842 1936 3898; x_wconf 80' lang='grc' dir='ltr'>ἐκπε-</span> 
     </span>
    </p>
   </div>
   <div class='ocr_carea' id='block_1_73' title="bbox 276 3926 1937 4007">
    <p class='ocr_par' dir='ltr' id='par_1_73' title="bbox 276 3926 1937 4007">
     <span class='ocr_line' id='line_1_73' title="bbox 276 3926 1937 4007; baseline 0.001 -22"><span class='ocrx_word' id='word_1_494' title='bbox 276 3926 627 4000; x_wconf 74' lang='grc' dir='ltr'>πηδηκότες,</span> <span class='ocrx_word' id='word_1_495' title='bbox 658 3931 822 3986; x_wconf 80' lang='grc' dir='ltr'>αὐτόν</span> <span class='ocrx_word' id='word_1_496' title='bbox 878 3952 937 3987; x_wconf 83' lang='grc' dir='ltr'>τε</span> <span class='ocrx_word' id='word_1_497' title='bbox 989 3933 1081 3987; x_wconf 84' lang='grc' dir='ltr'>τὸν</span> <span class='ocrx_word' id='word_1_498' title='bbox 1141 3932 1387 4007; x_wconf 72' lang='grc' dir='ltr'>Πρίαμον</span> <span class='ocrx_word' id='word_1_499' title='bbox 1442 3930 1532 3987; x_wconf 86' lang='grc' dir='ltr'>καὶ</span> <span class='ocrx_word' id='word_1_500' title='bbox 1582 3931 1709 3995; x_wconf 67' lang='grc' dir='ltr'>τοὺς</span> <span class='ocrx_word' id='word_1_501' title='bbox 1739 3929 1937 3994; x_wconf 88' lang='grc' dir='ltr'>παῖδας</span> 
     </span>
    </p>
   </div>
   <div class='ocr_carea' id='block_1_74' title="bbox 269 4016 1936 4097">
    <p class='ocr_par' dir='ltr' id='par_1_74' title="bbox 269 4016 1936 4097">
     <span class='ocr_line' id='line_1_74' title="bbox 269 4016 1936 4097; baseline 0.001 -24"><span class='ocrx_word' id='word_1_502' title='bbox 269 4017 444 4073; x_wconf 77' lang='grc' dir='ltr'>αὐτοῦ</span> <span class='ocrx_word' id='word_1_503' title='bbox 477 4016 781 4088; x_wconf 75' lang='grc' dir='ltr'>ἀνελόντες,</span> <span class='ocrx_word' id='word_1_504' title='bbox 836 4018 928 4074; x_wconf 83' lang='grc' dir='ltr'>τόν</span> <span class='ocrx_word' id='word_1_505' title='bbox 988 4041 1046 4075; x_wconf 89' lang='grc' dir='ltr'>τε</span> <span class='ocrx_word' id='word_1_506' title='bbox 1105 4016 1376 4097; x_wconf 73' lang='grc' dir='ltr'>Δηΐφοϐον</span> <span class='ocrx_word' id='word_1_507' title='bbox 1407 4020 1936 4097; x_wconf 76' lang='grc' dir='ltr'>ἀκρωτηριάσαντες,</span> 
     </span>
    </p>
   </div>
   <div class='ocr_carea' id='block_1_75' title="bbox 267 4105 1938 4185">
    <p class='ocr_par' dir='ltr' id='par_1_75' title="bbox 267 4105 1938 4185">
     <span class='ocr_line' id='line_1_75' title="bbox 267 4105 1938 4185; baseline 0.002 -24"><span class='ocrx_word' id='word_1_508' title='bbox 267 4108 336 4162; x_wconf 83' lang='grc' dir='ltr'>τὸ</span> <span class='ocrx_word' id='word_1_509' title='bbox 371 4105 596 4172; x_wconf 80' lang='grc' dir='ltr'>πλῆθος</span> <span class='ocrx_word' id='word_1_510' title='bbox 626 4105 685 4163; x_wconf 66' lang='grc' dir='ltr'>δὲ</span> <span class='ocrx_word' id='word_1_511' title='bbox 704 4113 811 4164; x_wconf 86' lang='grc' dir='ltr'>τῶν</span> <span class='ocrx_word' id='word_1_512' title='bbox 844 4105 1054 4184; x_wconf 86' lang='grc' dir='ltr'>ἀνδρῶν</span> <span class='ocrx_word' id='word_1_513' title='bbox 1082 4108 1756 4185; x_wconf 81' lang='grc' dir='ltr'>ἀποκτείναντες,πυρσοῖς</span> <span class='ocrx_word' id='word_1_514' title='bbox 1788 4107 1938 4182; x_wconf 84' lang='grc' dir='ltr'>μάλα</span> 
     </span>
    </p>
   </div>
   <div class='ocr_carea' id='block_1_76' title="bbox 278 4196 1938 4275">
    <p class='ocr_par' dir='ltr' id='par_1_76' title="bbox 278 4196 1938 4275">
     <span class='ocr_line' id='line_1_76' title="bbox 278 4196 1938 4275; baseline 0.002 -25"><span class='ocrx_word' id='word_1_515' title='bbox 278 4196 573 4272; x_wconf 75' lang='grc' dir='ltr'>λαμπροῖς</span> <span class='ocrx_word' id='word_1_516' title='bbox 602 4197 692 4252; x_wconf 74' lang='grc' dir='ltr'>καὶ</span> <span class='ocrx_word' id='word_1_517' title='bbox 727 4203 950 4274; x_wconf 85' lang='grc' dir='ltr'>συχνοῖς</span> <span class='ocrx_word' id='word_1_518' title='bbox 976 4203 1094 4260; x_wconf 89' lang='grc' dir='ltr'>τοῖς</span> <span class='ocrx_word' id='word_1_519' title='bbox 1115 4196 1175 4254; x_wconf 79' lang='grc' dir='ltr'>ἐκ</span> <span class='ocrx_word' id='word_1_520' title='bbox 1202 4202 1300 4254; x_wconf 90' lang='grc' dir='ltr'>τοῦ</span> <span class='ocrx_word' id='word_1_521' title='bbox 1327 4200 1545 4275; x_wconf 76' lang='grc' dir='ltr'>τείχους</span> <span class='ocrx_word' id='word_1_522' title='bbox 1571 4200 1664 4254; x_wconf 89' lang='grc' dir='ltr'>τὸν</span> <span class='ocrx_word' id='word_1_523' title='bbox 1695 4202 1802 4254; x_wconf 89' lang='grc' dir='ltr'>τῶν</span> <span class='ocrx_word' id='word_1_524' title='bbox 1833 4208 1938 4254; x_wconf 82' lang='grc' dir='ltr'>Δα-</span> 
     </span>
    </p>
   </div>
   <div class='ocr_carea' id='block_1_77' title="bbox 275 4284 1936 4364">
    <p class='ocr_par' dir='ltr' id='par_1_77' title="bbox 275 4284 1936 4364">
     <span class='ocr_line' id='line_1_77' title="bbox 275 4284 1936 4364; baseline 0.002 -25"><span class='ocrx_word' id='word_1_525' title='bbox 275 4289 432 4340; x_wconf 82' lang='grc' dir='ltr'>ναῶν</span> <span class='ocrx_word' id='word_1_526' title='bbox 465 4284 663 4340; x_wconf 88' lang='grc' dir='ltr'>στόλον</span> <span class='ocrx_word' id='word_1_527' title='bbox 692 4287 829 4361; x_wconf 87' lang='grc' dir='ltr'>πρὸς</span> <span class='ocrx_word' id='word_1_528' title='bbox 861 4286 1077 4350; x_wconf 67' lang='grc' dir='ltr'>ἑαυτούς</span> <span class='ocrx_word' id='word_1_529' title='bbox 1104 4286 1455 4364; x_wconf 74' lang='grc' dir='ltr'>ἐπέστρεψαν.</span> <span class='ocrx_word' id='word_1_530' title='bbox 1477 4287 1715 4363; x_wconf 79' lang='grc' dir='ltr'>Ἡμέρας</span> <span class='ocrx_word' id='word_1_531' title='bbox 1745 4284 1803 4343; x_wconf 72' lang='grc' dir='ltr'>δὶ</span> <span class='ocrx_word' id='word_1_532' title='bbox 1827 4284 1936 4358; x_wconf 78' lang='grc' dir='ltr'>ἤδη</span> 
     </span>
    </p>
   </div>
   <div class='ocr_carea' id='block_1_78' title="bbox 279 4370 1939 4455">
    <p class='ocr_par' dir='ltr' id='par_1_78' title="bbox 279 4370 1939 4455">
     <span class='ocr_line' id='line_1_78' title="bbox 279 4370 1939 4455; baseline 0.002 -28"><span class='ocrx_word' id='word_1_533' title='bbox 279 4370 632 4448; x_wconf 81' lang='grc' dir='ltr'>διαγελώσης</span> <span class='ocrx_word' id='word_1_534' title='bbox 676 4375 767 4430; x_wconf 85' lang='grc' dir='ltr'>καὶ</span> <span class='ocrx_word' id='word_1_535' title='bbox 816 4375 973 4431; x_wconf 79' lang='grc' dir='ltr'>αὐτοὶ</span> <span class='ocrx_word' id='word_1_536' title='bbox 1024 4376 1388 4451; x_wconf 80' lang='grc' dir='ltr'>παραστάντες</span> <span class='ocrx_word' id='word_1_537' title='bbox 1428 4375 1554 4438; x_wconf 78' lang='grc' dir='ltr'>τοὺς</span> <span class='ocrx_word' id='word_1_538' title='bbox 1584 4375 1939 4455; x_wconf 66' lang='grc' dir='ltr'>ὑπολειφθέν-</span> 
     </span>
    </p>
   </div>
   <div class='ocr_carea' id='block_1_79' title="bbox 270 4461 1937 4540">
    <p class='ocr_par' dir='ltr' id='par_1_79' title="bbox 270 4461 1937 4540">
     <span class='ocr_line' id='line_1_79' title="bbox 270 4461 1937 4540; baseline 0.002 -24"><span class='ocrx_word' id='word_1_539' title='bbox 270 4482 381 4524; x_wconf 85' lang='grc' dir='ltr'>τας</span> <span class='ocrx_word' id='word_1_540' title='bbox 411 4462 620 4525; x_wconf 77' lang='grc' dir='ltr'>πάντας</span> <span class='ocrx_word' id='word_1_541' title='bbox 679 4462 1010 4519; x_wconf 78' lang='grc' dir='ltr'>ἀπέκτειναν·</span> <span class='ocrx_word' id='word_1_542' title='bbox 1066 4466 1164 4528; x_wconf 82' lang='grc' dir='ltr'>τὰς</span> <span class='ocrx_word' id='word_1_543' title='bbox 1223 4461 1282 4520; x_wconf 75' lang='grc' dir='ltr'>δὲ</span> <span class='ocrx_word' id='word_1_544' title='bbox 1327 4470 1580 4539; x_wconf 85' lang='grc' dir='ltr'>γυναῖκας</span> <span class='ocrx_word' id='word_1_545' title='bbox 1636 4464 1937 4540; x_wconf 75' lang='grc' dir='ltr'>αἰχμαλώο</span> 
     </span>
    </p>
   </div>
   <div class='ocr_carea' id='block_1_80' title="bbox 2047 3394 3689 3468">
    <p class='ocr_par' dir='ltr' id='par_1_80' title="bbox 2047 3394 3689 3468">
     <span class='ocr_line' id='line_1_80' title="bbox 2047 3394 3689 3468; baseline -0.001 -16"><span class='ocrx_word' id='word_1_546' title='bbox 2047 3396 2110 3452; x_wconf 91' lang='lat' dir='ltr'>in</span> <span class='ocrx_word' id='word_1_547' title='bbox 2139 3396 2439 3468; x_wconf 88' lang='lat' dir='ltr'>penetrale</span> <span class='ocrx_word' id='word_1_548' title='bbox 2470 3396 2594 3450; x_wconf 67' lang='lat' dir='ltr'>dea)</span> <span class='ocrx_word' id='word_1_549' title='bbox 2624 3395 3297 3451; x_wconf 85' lang='lat' dir='ltr'>introduxerunt.Media</span> <span class='ocrx_word' id='word_1_550' title='bbox 3325 3401 3497 3451; x_wconf 90' lang='lat' dir='ltr'>nocte</span> <span class='ocrx_word' id='word_1_551' title='bbox 3529 3395 3566 3449; x_wconf 93' lang='lat' dir='ltr'>ii</span> <span class='ocrx_word' id='word_1_552' title='bbox 3587 3394 3689 3467; x_wconf 88' lang='lat' dir='ltr'>qui</span> 
     </span>
    </p>
   </div>
   <div class='ocr_carea' id='block_1_81' title="bbox 2045 3480 3690 3557">
    <p class='ocr_par' dir='ltr' id='par_1_81' title="bbox 2045 3480 3690 3557">
     <span class='ocr_line' id='line_1_81' title="bbox 2045 3480 3690 3557; baseline -0.001 -17"><span class='ocrx_word' id='word_1_553' title='bbox 2045 3486 2108 3540; x_wconf 89' lang='lat' dir='ltr'>iu</span> <span class='ocrx_word' id='word_1_554' title='bbox 2136 3502 2286 3556; x_wconf 91' lang='lat' dir='ltr'>equo</span> <span class='ocrx_word' id='word_1_555' title='bbox 2313 3502 2418 3557; x_wconf 91' lang='lat' dir='ltr'>per</span> <span class='ocrx_word' id='word_1_556' title='bbox 2438 3484 2689 3540; x_wconf 86' lang='lat' dir='ltr'>insidias</span> <span class='ocrx_word' id='word_1_557' title='bbox 2720 3484 2906 3540; x_wconf 90' lang='lat' dir='ltr'>abditi</span> <span class='ocrx_word' id='word_1_558' title='bbox 2939 3480 3402 3557; x_wconf 67' lang='lat' dir='ltr'>latebant,&#39;capto</span> <span class='ocrx_word' id='word_1_559' title='bbox 3425 3490 3690 3556; x_wconf 88' lang='lat' dir='ltr'>tempore</span> 
     </span>
    </p>
   </div>
   <div class='ocr_carea' id='block_1_82' title="bbox 2044 3575 3691 3647">
    <p class='ocr_par' dir='ltr' id='par_1_82' title="bbox 2044 3575 3691 3647">
     <span class='ocr_line' id='line_1_82' title="bbox 2044 3575 3691 3647; baseline -0.002 -15"><span class='ocrx_word' id='word_1_560' title='bbox 2044 3575 2719 3645; x_wconf 88' lang='lat' dir='ltr'>desilientes,Priamum</span> <span class='ocrx_word' id='word_1_561' title='bbox 2755 3576 3002 3647; x_wconf 88' lang='lat' dir='ltr'>ejusque</span> <span class='ocrx_word' id='word_1_562' title='bbox 3036 3575 3192 3631; x_wconf 85' lang='lat' dir='ltr'>ﬁlios</span> <span class='ocrx_word' id='word_1_563' title='bbox 3223 3575 3521 3643; x_wconf 90' lang='lat' dir='ltr'>occidunt,</span> <span class='ocrx_word' id='word_1_564' title='bbox 3554 3575 3691 3631; x_wconf 87' lang='lat' dir='ltr'>Dei-</span> 
     </span>
    </p>
   </div>
   <div class='ocr_carea' id='block_1_83' title="bbox 2044 3664 3689 3738">
    <p class='ocr_par' dir='ltr' id='par_1_83' title="bbox 2044 3664 3689 3738">
     <span class='ocr_line' id='line_1_83' title="bbox 2044 3664 3689 3738; baseline -0.001 -18"><span class='ocrx_word' id='word_1_565' title='bbox 2044 3665 2306 3738; x_wconf 86' lang='lat' dir='ltr'>phobum</span> <span class='ocrx_word' id='word_1_566' title='bbox 2338 3665 2629 3720; x_wconf 84' lang='lat' dir='ltr'>extremis</span> <span class='ocrx_word' id='word_1_567' title='bbox 2650 3664 2917 3735; x_wconf 86' lang='lat' dir='ltr'>corporis</span> <span class='ocrx_word' id='word_1_568' title='bbox 2948 3664 3218 3735; x_wconf 90' lang='lat' dir='ltr'>partibus</span> <span class='ocrx_word' id='word_1_569' title='bbox 3248 3669 3529 3719; x_wconf 87' lang='lat' dir='ltr'>truncant</span> <span class='ocrx_word' id='word_1_570' title='bbox 3560 3681 3574 3731; x_wconf 91' lang='lat'><strong>;</strong></span> <span class='ocrx_word' id='word_1_571' title='bbox 3620 3680 3689 3719; x_wconf 90' lang='lat' dir='ltr'>ac</span> 
     </span>
    </p>
   </div>
   <div class='ocr_carea' id='block_1_84' title="bbox 2045 3752 3691 3823">
    <p class='ocr_par' dir='ltr' id='par_1_84' title="bbox 2045 3752 3691 3823">
     <span class='ocr_line' id='line_1_84' title="bbox 2045 3752 3691 3823; baseline -0.003 -12"><span class='ocrx_word' id='word_1_572' title='bbox 2045 3753 2426 3811; x_wconf 88' lang='lat' dir='ltr'>multitudine</span> <span class='ocrx_word' id='word_1_573' title='bbox 2454 3752 2715 3808; x_wconf 87' lang='lat' dir='ltr'>hostium</span> <span class='ocrx_word' id='word_1_574' title='bbox 2739 3752 3305 3821; x_wconf 85' lang='lat' dir='ltr'>trucidata,celebris</span> <span class='ocrx_word' id='word_1_575' title='bbox 3332 3769 3399 3807; x_wconf 89' lang='lat' dir='ltr'>ac</span> <span class='ocrx_word' id='word_1_576' title='bbox 3418 3752 3691 3823; x_wconf 81' lang='lat' dir='ltr'>fulgenti-</span> 
     </span>
    </p>
   </div>
   <div class='ocr_carea' id='block_1_85' title="bbox 2043 3840 3690 3915">
    <p class='ocr_par' dir='ltr' id='par_1_85' title="bbox 2043 3840 3690 3915">
     <span class='ocr_line' id='line_1_85' title="bbox 2043 3840 3690 3915; baseline -0.002 -15"><span class='ocrx_word' id='word_1_577' title='bbox 2043 3843 2154 3900; x_wconf 89' lang='lat' dir='ltr'>bus</span> <span class='ocrx_word' id='word_1_578' title='bbox 2185 3843 2419 3915; x_wconf 83' lang='lat' dir='ltr'>ignibus</span> <span class='ocrx_word' id='word_1_579' title='bbox 2449 3842 2520 3897; x_wconf 92' lang='lat' dir='ltr'>de</span> <span class='ocrx_word' id='word_1_580' title='bbox 2548 3858 2716 3897; x_wconf 91' lang='lat' dir='ltr'>muro</span> <span class='ocrx_word' id='word_1_581' title='bbox 2750 3840 2945 3907; x_wconf 85' lang='lat' dir='ltr'>editis,</span> <span class='ocrx_word' id='word_1_582' title='bbox 2980 3841 3155 3896; x_wconf 88' lang='lat' dir='ltr'>classi</span> <span class='ocrx_word' id='word_1_583' title='bbox 3188 3842 3401 3896; x_wconf 72' lang='lat' dir='ltr'>Grmcze</span> <span class='ocrx_word' id='word_1_584' title='bbox 3431 3841 3506 3897; x_wconf 90' lang='lat' dir='ltr'>ad</span> <span class='ocrx_word' id='word_1_585' title='bbox 3529 3841 3690 3912; x_wconf 86' lang='lat' dir='ltr'>ipsos</span> 
     </span>
    </p>
   </div>
   <div class='ocr_carea' id='block_1_86' title="bbox 2043 3930 3689 4003">
    <p class='ocr_par' dir='ltr' id='par_1_86' title="bbox 2043 3930 3689 4003">
     <span class='ocr_line' id='line_1_86' title="bbox 2043 3930 3689 4003; baseline -0.002 -14"><span class='ocrx_word' id='word_1_586' title='bbox 2043 3932 2377 3989; x_wconf 88' lang='lat' dir='ltr'>revertendi</span> <span class='ocrx_word' id='word_1_587' title='bbox 2410 3931 2646 4003; x_wconf 88' lang='lat' dir='ltr'>signum</span> <span class='ocrx_word' id='word_1_588' title='bbox 2695 3930 2996 3985; x_wconf 86' lang='lat' dir='ltr'>exhibent.</span> <span class='ocrx_word' id='word_1_589' title='bbox 3050 3931 3122 3986; x_wconf 90' lang='lat' dir='ltr'>Ut</span> <span class='ocrx_word' id='word_1_590' title='bbox 3160 3931 3424 4002; x_wconf 90' lang='lat' dir='ltr'>primum</span> <span class='ocrx_word' id='word_1_591' title='bbox 3471 3930 3689 3997; x_wconf 83' lang='lat' dir='ltr'>illuxit,</span> 
     </span>
    </p>
   </div>
   <div class='ocr_carea' id='block_1_87' title="bbox 2044 4017 3693 4090">
    <p class='ocr_par' dir='ltr' id='par_1_87' title="bbox 2044 4017 3693 4090">
     <span class='ocr_line' id='line_1_87' title="bbox 2044 4017 3693 4090; baseline -0.001 -14"><span class='ocrx_word' id='word_1_592' title='bbox 2044 4019 2243 4076; x_wconf 67' lang='lat' dir='ltr'>czeteri</span> <span class='ocrx_word' id='word_1_593' title='bbox 2291 4018 2470 4074; x_wconf 88' lang='lat' dir='ltr'>etiam</span> <span class='ocrx_word' id='word_1_594' title='bbox 2524 4017 2864 4073; x_wconf 80' lang='lat' dir='ltr'>adfuerunt.</span> <span class='ocrx_word' id='word_1_595' title='bbox 2910 4017 2996 4072; x_wconf 91' lang='lat' dir='ltr'>Ibi</span> <span class='ocrx_word' id='word_1_596' title='bbox 3055 4018 3345 4090; x_wconf 90' lang='lat' dir='ltr'>Trojanis,</span> <span class='ocrx_word' id='word_1_597' title='bbox 3402 4023 3693 4090; x_wconf 86' lang='lat' dir='ltr'>quotquot</span> 
     </span>
    </p>
   </div>
   <div class='ocr_carea' id='block_1_88' title="bbox 2046 4105 3690 4180">
    <p class='ocr_par' dir='ltr' id='par_1_88' title="bbox 2046 4105 3690 4180">
     <span class='ocr_line' id='line_1_88' title="bbox 2046 4105 3690 4180; baseline -0.001 -15"><span class='ocrx_word' id='word_1_598' title='bbox 2046 4112 2417 4180; x_wconf 89' lang='lat' dir='ltr'>supererant,</span> <span class='ocrx_word' id='word_1_599' title='bbox 2478 4105 2755 4161; x_wconf 85' lang='lat' dir='ltr'>omnibus</span> <span class='ocrx_word' id='word_1_600' title='bbox 2813 4106 3163 4174; x_wconf 82' lang='lat' dir='ltr'>interfectis,</span> <span class='ocrx_word' id='word_1_601' title='bbox 3221 4124 3436 4162; x_wconf 86' lang='lat' dir='ltr'>uxores</span> <span class='ocrx_word' id='word_1_602' title='bbox 3485 4124 3690 4163; x_wconf 90' lang='lat' dir='ltr'>eorum</span> 
     </span>
    </p>
   </div>
   <div class='ocr_carea' id='block_1_89' title="bbox 2047 4193 3693 4268">
    <p class='ocr_par' dir='ltr' id='par_1_89' title="bbox 2047 4193 3693 4268">
     <span class='ocr_line' id='line_1_89' title="bbox 2047 4193 3693 4268; baseline -0.001 -15"><span class='ocrx_word' id='word_1_603' title='bbox 2047 4202 2222 4268; x_wconf 90' lang='lat' dir='ltr'>atque</span> <span class='ocrx_word' id='word_1_604' title='bbox 2252 4197 2444 4268; x_wconf 89' lang='lat' dir='ltr'>ipsam</span> <span class='ocrx_word' id='word_1_605' title='bbox 2477 4210 2716 4267; x_wconf 90' lang='lat' dir='ltr'>quoque</span> <span class='ocrx_word' id='word_1_606' title='bbox 2747 4193 3046 4250; x_wconf 87' lang='lat' dir='ltr'>Hecubam</span> <span class='ocrx_word' id='word_1_607' title='bbox 3094 4195 3383 4267; x_wconf 89' lang='lat' dir='ltr'>captivam</span> <span class='ocrx_word' id='word_1_608' title='bbox 3431 4194 3693 4251; x_wconf 78' lang='lat' dir='ltr'>abduxe-</span> 
     </span>
    </p>
   </div>
   <div class='ocr_carea' id='block_1_90' title="bbox 2045 4283 3692 4355">
    <p class='ocr_par' dir='ltr' id='par_1_90' title="bbox 2045 4283 3692 4355">
     <span class='ocr_line' id='line_1_90' title="bbox 2045 4283 3692 4355; baseline -0.001 -14"><span class='ocrx_word' id='word_1_609' title='bbox 2045 4289 2321 4352; x_wconf 89' lang='lat' dir='ltr'>runt,nec</span> <span class='ocrx_word' id='word_1_610' title='bbox 2349 4300 2470 4339; x_wconf 90' lang='lat' dir='ltr'>non</span> <span class='ocrx_word' id='word_1_611' title='bbox 2510 4288 2569 4339; x_wconf 88' lang='lat' dir='ltr'>et</span> <span class='ocrx_word' id='word_1_612' title='bbox 2598 4300 2778 4355; x_wconf 89' lang='lat' dir='ltr'>pecus</span> <span class='ocrx_word' id='word_1_613' title='bbox 2809 4283 3170 4353; x_wconf 70' lang='lat' dir='ltr'>omne,‘282</span> <span class='ocrx_word' id='word_1_614' title='bbox 3193 4283 3692 4355; x_wconf 89' lang='lat' dir='ltr'>suppellectilem-</span> 
     </span>
    </p>
   </div>
   <div class='ocr_carea' id='block_1_91' title="bbox 2047 4371 3693 4447">
    <p class='ocr_par' dir='ltr' id='par_1_91' title="bbox 2047 4371 3693 4447">
     <span class='ocr_line' id='line_1_91' title="bbox 2047 4371 3693 4447; baseline -0.001 -17"><span class='ocrx_word' id='word_1_615' title='bbox 2047 4392 2161 4447; x_wconf 91' lang='lat' dir='ltr'>que</span> <span class='ocrx_word' id='word_1_616' title='bbox 2192 4375 2349 4430; x_wconf 89' lang='lat' dir='ltr'>inter</span> <span class='ocrx_word' id='word_1_617' title='bbox 2379 4390 2440 4429; x_wconf 93' lang='lat' dir='ltr'>se</span> <span class='ocrx_word' id='word_1_618' title='bbox 2472 4372 2673 4446; x_wconf 88' lang='lat' dir='ltr'>partiti</span> <span class='ocrx_word' id='word_1_619' title='bbox 2697 4377 2874 4439; x_wconf 80' lang='lat' dir='ltr'>sunt;</span> <span class='ocrx_word' id='word_1_620' title='bbox 2909 4371 3260 4445; x_wconf 87' lang='lat' dir='ltr'>redditaque</span> <span class='ocrx_word' id='word_1_621' title='bbox 3293 4372 3557 4429; x_wconf 83' lang='lat' dir='ltr'>Menelao</span> <span class='ocrx_word' id='word_1_622' title='bbox 3580 4374 3693 4429; x_wconf 84' lang='lat' dir='ltr'>He-</span> 
     </span>
    </p>
   </div>
   <div class='ocr_carea' id='block_1_92' title="bbox 2045 4462 3693 4535">
    <p class='ocr_par' dir='ltr' id='par_1_92' title="bbox 2045 4462 3693 4535">
     <span class='ocr_line' id='line_1_92' title="bbox 2045 4462 3693 4535; baseline -0.001 -15"><span class='ocrx_word' id='word_1_623' title='bbox 2045 4466 2268 4533; x_wconf 90' lang='lat' dir='ltr'>lena,et</span> <span class='ocrx_word' id='word_1_624' title='bbox 2287 4462 2434 4520; x_wconf 88' lang='lat' dir='ltr'>urbe</span> <span class='ocrx_word' id='word_1_625' title='bbox 2458 4462 2722 4533; x_wconf 89' lang='lat' dir='ltr'>undique</span> <span class='ocrx_word' id='word_1_626' title='bbox 2745 4462 2990 4518; x_wconf 89' lang='lat' dir='ltr'>incensa</span> <span class='ocrx_word' id='word_1_627' title='bbox 3017 4468 3198 4535; x_wconf 90' lang='lat' dir='ltr'>atque</span> <span class='ocrx_word' id='word_1_628' title='bbox 3223 4462 3693 4534; x_wconf 85' lang='lat' dir='ltr'>diruta,domum</span> 
     </span>
    </p>
   </div>
   <div class='ocr_carea' id='block_1_93' title="bbox 272 4535 1941 4626">
    <p class='ocr_par' dir='ltr' id='par_1_93' title="bbox 272 4547 1932 4626">
     <span class='ocr_line' id='line_1_93' title="bbox 272 4547 1932 4626; baseline 0.002 -21"><span class='ocrx_word' id='word_1_629' title='bbox 272 4570 429 4612; x_wconf 78' lang='grc' dir='ltr'>τους,</span> <span class='ocrx_word' id='word_1_630' title='bbox 443 4550 540 4605; x_wconf 87' lang='grc' dir='ltr'>καὶ</span> <span class='ocrx_word' id='word_1_631' title='bbox 567 4552 669 4621; x_wconf 75' lang='grc' dir='ltr'>τήν</span> <span class='ocrx_word' id='word_1_632' title='bbox 697 4547 930 4623; x_wconf 76' lang='grc' dir='ltr'>Ἑκάϐην</span> <span class='ocrx_word' id='word_1_633' title='bbox 986 4553 1076 4609; x_wconf 75' lang='grc' dir='ltr'>καὶ</span> <span class='ocrx_word' id='word_1_634' title='bbox 1139 4555 1206 4610; x_wconf 82' lang='grc' dir='ltr'>τὰ</span> <span class='ocrx_word' id='word_1_635' title='bbox 1262 4556 1435 4626; x_wconf 87' lang='grc' dir='ltr'>κτήνη</span> <span class='ocrx_word' id='word_1_636' title='bbox 1469 4550 1748 4625; x_wconf 80' lang='grc' dir='ltr'>λαϐόντες,</span> <span class='ocrx_word' id='word_1_637' title='bbox 1782 4553 1846 4609; x_wconf 73' lang='grc' dir='ltr'>τὰ</span> <span class='ocrx_word' id='word_1_638' title='bbox 1873 4574 1932 4609; x_wconf 87' lang='grc' dir='ltr'>τε</span> 
     </span>
    </p>
   </div>
   <div class='ocr_carea' id='block_1_94' title="bbox 2052 4535 2667 4626">
    <p class='ocr_par' dir='ltr' id='par_1_94' title="bbox 2052 4551 2667 4608">
     <span class='ocr_line' id='line_1_94' title="bbox 2052 4551 2667 4608; baseline -0.005 0"><span class='ocrx_word' id='word_1_639' title='bbox 2052 4551 2233 4608; x_wconf 80' lang='lat' dir='ltr'>redire</span> <span class='ocrx_word' id='word_1_640' title='bbox 2262 4551 2667 4608; x_wconf 89' lang='lat' dir='ltr'>intenderunt.</span> 
     </span>
    </p>
   </div>
   <div class='ocr_carea' id='block_1_95' title="bbox 279 4636 3692 4719">
    <p class='ocr_par' dir='ltr' id='par_1_95' title="bbox 279 4636 3692 4719">
     <span class='ocr_line' id='line_1_95' title="bbox 279 4636 3692 4719; baseline -0 -24"><span class='ocrx_word' id='word_1_641' title='bbox 279 4641 452 4712; x_wconf 80' lang='grc' dir='ltr'>σκεύη</span> <span class='ocrx_word' id='word_1_642' title='bbox 484 4641 574 4696; x_wconf 74' lang='grc' dir='ltr'>καὶ</span> <span class='ocrx_word' id='word_1_643' title='bbox 607 4638 727 4713; x_wconf 77' lang='grc' dir='ltr'>εἷ’δη</span> <span class='ocrx_word' id='word_1_644' title='bbox 758 4641 1277 4719; x_wconf 83' lang='grc' dir='ltr'>καταμερισάμενοι,</span> <span class='ocrx_word' id='word_1_645' title='bbox 1309 4645 1408 4715; x_wconf 88' lang='grc' dir='ltr'>τήν</span> <span class='ocrx_word' id='word_1_646' title='bbox 1441 4664 1499 4699; x_wconf 90' lang='grc' dir='ltr'>τε</span> <span class='ocrx_word' id='word_1_647' title='bbox 1526 4642 1753 4714; x_wconf 80' lang='grc' dir='ltr'>Ἑλένην</span> <span class='ocrx_word' id='word_1_648' title='bbox 1802 4647 1882 4717; x_wconf 78' lang='grc' dir='ltr'>τῷ</span> <span class='ocrx_word' id='word_1_649' title='bbox 1931 4638 2198 4713; x_wconf 75' lang='grc' dir='ltr'>Μενελάῳ</span> <span class='ocrx_word' id='word_1_650' title='bbox 2229 4637 2520 4704; x_wconf 70' lang='grc' dir='ltr'>ἂποδόντες</span> <span class='ocrx_word' id='word_1_651' title='bbox 2551 4639 2642 4695; x_wconf 82' lang='grc' dir='ltr'>καὶ</span> <span class='ocrx_word' id='word_1_652' title='bbox 2668 4639 2767 4709; x_wconf 82' lang='grc' dir='ltr'>τήν</span> <span class='ocrx_word' id='word_1_653' title='bbox 2797 4638 2962 4696; x_wconf 78' lang='grc' dir='ltr'>πόλιν</span> <span class='ocrx_word' id='word_1_654' title='bbox 2994 4644 3167 4696; x_wconf 83' lang='grc' dir='ltr'>πᾶσαν</span> <span class='ocrx_word' id='word_1_655' title='bbox 3196 4636 3575 4718; x_wconf 77' lang='grc' dir='ltr'>ἓμπρήσαντες</span> <span class='ocrx_word' id='word_1_656' title='bbox 3603 4638 3692 4696; x_wconf 75' lang='grc' dir='ltr'>καὶ</span> 
     </span>
    </p>
   </div>
   <div class='ocr_carea' id='block_1_96' title="bbox 281 4728 1225 4805">
    <p class='ocr_par' dir='ltr' id='par_1_96' title="bbox 281 4728 1225 4805">
     <span class='ocr_line' id='line_1_96' title="bbox 281 4728 1225 4805; baseline 0.003 -19"><span class='ocrx_word' id='word_1_657' title='bbox 281 4730 791 4805; x_wconf 79' lang='grc' dir='ltr'>καταστρεψάμενοι</span> <span class='ocrx_word' id='word_1_658' title='bbox 823 4728 1225 4789; x_wconf 79' lang='grc' dir='ltr'>έπαλινόστουν.</span> 
     </span>
    </p>
   </div>
   <div class='ocr_carea' id='block_1_97' title="bbox 358 4816 1935 4895">
    <p class='ocr_par' dir='ltr' id='par_1_97' title="bbox 358 4816 1935 4895">
     <span class='ocr_line' id='line_1_97' title="bbox 358 4816 1935 4895; baseline 0.004 -23"><span class='ocrx_word' id='word_1_659' title='bbox 358 4816 509 4873; x_wconf 65' lang='lat' dir='ltr'>lla-ri</span> <span class='ocrx_word' id='word_1_660' title='bbox 535 4818 599 4873; x_wconf 81' lang='grc' dir='ltr'>τὸ</span> <span class='ocrx_word' id='word_1_661' title='bbox 640 4818 847 4874; x_wconf 80' lang='grc' dir='ltr'>ἁλῶναι</span> <span class='ocrx_word' id='word_1_662' title='bbox 892 4818 956 4874; x_wconf 87' lang='grc' dir='ltr'>τὸ</span> <span class='ocrx_word' id='word_1_663' title='bbox 1004 4819 1179 4878; x_wconf 85' lang='grc' dir='ltr'>Ἴλιον</span> <span class='ocrx_word' id='word_1_664' title='bbox 1234 4818 1368 4884; x_wconf 70' lang='grc' dir='ltr'>Αἴας</span> <span class='ocrx_word' id='word_1_665' title='bbox 1396 4820 1424 4876; x_wconf 84' lang='grc' dir='ltr'>ὁ</span> <span class='ocrx_word' id='word_1_666' title='bbox 1455 4816 1814 4895; x_wconf 84' lang='grc' dir='ltr'>Τελαμώνιος</span> <span class='ocrx_word' id='word_1_667' title='bbox 1845 4824 1935 4880; x_wconf 84' lang='grc' dir='ltr'>καὶ</span> 
     </span>
    </p>
   </div>
   <div class='ocr_carea' id='block_1_98' title="bbox 280 4903 1935 4985">
    <p class='ocr_par' dir='ltr' id='par_1_98' title="bbox 280 4903 1935 4985">
     <span class='ocr_line' id='line_1_98' title="bbox 280 4903 1935 4985; baseline 0.004 -25"><span class='ocrx_word' id='word_1_668' title='bbox 280 4903 582 4970; x_wconf 77' lang='grc' dir='ltr'>Ὀδυσσεὺς</span> <span class='ocrx_word' id='word_1_669' title='bbox 637 4911 735 4963; x_wconf 83' lang='grc' dir='ltr'>τοῦ</span> <span class='ocrx_word' id='word_1_670' title='bbox 795 4906 997 4978; x_wconf 81' lang='grc' dir='ltr'>ζωδίου</span> <span class='ocrx_word' id='word_1_671' title='bbox 1051 4906 1339 4973; x_wconf 83' lang='grc' dir='ltr'>Παλλάδος</span> <span class='ocrx_word' id='word_1_672' title='bbox 1393 4910 1643 4985; x_wconf 72' lang='grc' dir='ltr'>ἑκάτερος</span> <span class='ocrx_word' id='word_1_673' title='bbox 1689 4910 1935 4967; x_wconf 86' lang='grc' dir='ltr'>ἀντεποι-</span> 
     </span>
    </p>
   </div>
   <div class='ocr_carea' id='block_1_99' title="bbox 284 4992 1938 5075">
    <p class='ocr_par' dir='ltr' id='par_1_99' title="bbox 284 4992 1938 5075">
     <span class='ocr_line' id='line_1_99' title="bbox 284 4992 1938 5075; baseline 0.002 -25"><span class='ocrx_word' id='word_1_674' title='bbox 284 4999 477 5065; x_wconf 83' lang='grc' dir='ltr'>οῦντο,</span> <span class='ocrx_word' id='word_1_675' title='bbox 507 4996 583 5058; x_wconf 86' lang='grc' dir='ltr'>ὡς</span> <span class='ocrx_word' id='word_1_676' title='bbox 615 4994 762 5069; x_wconf 81' lang='grc' dir='ltr'>αὖτῷ</span> <span class='ocrx_word' id='word_1_677' title='bbox 791 4992 1138 5075; x_wconf 74' lang='grc' dir='ltr'>διαφέροντος</span> <span class='ocrx_word' id='word_1_678' title='bbox 1190 4996 1280 5051; x_wconf 82' lang='grc' dir='ltr'>καὶ</span> <span class='ocrx_word' id='word_1_679' title='bbox 1333 4999 1403 5071; x_wconf 78' lang='grc' dir='ltr'>τῇ</span> <span class='ocrx_word' id='word_1_680' title='bbox 1464 4994 1576 5068; x_wconf 78' lang='grc' dir='ltr'>ἰδίᾳ</span> <span class='ocrx_word' id='word_1_681' title='bbox 1613 4996 1777 5053; x_wconf 83' lang='grc' dir='ltr'>πόλει</span> <span class='ocrx_word' id='word_1_682' title='bbox 1803 4994 1938 5068; x_wconf 70' lang='grc' dir='ltr'>ἕξειν</span> 
     </span>
    </p>
   </div>
   <div class='ocr_carea' id='block_1_100' title="bbox 2118 4818 3694 4892">
    <p class='ocr_par' dir='ltr' id='par_1_100' title="bbox 2118 4818 3694 4892">
     <span class='ocr_line' id='line_1_100' title="bbox 2118 4818 3694 4892; baseline -0.001 -16"><span class='ocrx_word' id='word_1_683' title='bbox 2118 4821 2224 4876; x_wconf 89' lang='lat' dir='ltr'>Ilio</span> <span class='ocrx_word' id='word_1_684' title='bbox 2257 4825 2449 4892; x_wconf 89' lang='lat' dir='ltr'>capto,</span> <span class='ocrx_word' id='word_1_685' title='bbox 2481 4819 2631 4891; x_wconf 84' lang='lat' dir='ltr'>Ajax</span> <span class='ocrx_word' id='word_1_686' title='bbox 2665 4818 3048 4873; x_wconf 89' lang='lat' dir='ltr'>Telamonius</span> <span class='ocrx_word' id='word_1_687' title='bbox 3077 4824 3137 4873; x_wconf 91' lang='lat' dir='ltr'>et</span> <span class='ocrx_word' id='word_1_688' title='bbox 3166 4818 3401 4891; x_wconf 84' lang='lat' dir='ltr'>Ulysses</span> <span class='ocrx_word' id='word_1_689' title='bbox 3444 4824 3694 4889; x_wconf 89' lang='lat' dir='ltr'>uterque</span> 
     </span>
    </p>
   </div>
   <div class='ocr_carea' id='block_1_101' title="bbox 2050 4907 3694 4979">
    <p class='ocr_par' dir='ltr' id='par_1_101' title="bbox 2050 4907 3694 4979">
     <span class='ocr_line' id='line_1_101' title="bbox 2050 4907 3694 4979; baseline -0.004 -12"><span class='ocrx_word' id='word_1_690' title='bbox 2050 4910 2164 4967; x_wconf 89' lang='lat' dir='ltr'>sibi</span> <span class='ocrx_word' id='word_1_691' title='bbox 2190 4910 2523 4966; x_wconf 89' lang='lat' dir='ltr'>Palladium</span> <span class='ocrx_word' id='word_1_692' title='bbox 2545 4908 3025 4975; x_wconf 82' lang='lat' dir='ltr'>vindicavit,cum</span> <span class='ocrx_word' id='word_1_693' title='bbox 3049 4912 3299 4979; x_wconf 88' lang='lat' dir='ltr'>uterque</span> <span class='ocrx_word' id='word_1_694' title='bbox 3321 4907 3394 4963; x_wconf 93' lang='lat' dir='ltr'>ob</span> <span class='ocrx_word' id='word_1_695' title='bbox 3417 4908 3694 4963; x_wconf 88' lang='lat' dir='ltr'>toleratos</span> 
     </span>
    </p>
   </div>
   <div class='ocr_carea' id='block_1_102' title="bbox 2052 4996 3697 5072">
    <p class='ocr_par' dir='ltr' id='par_1_102' title="bbox 2052 4996 3697 5072">
     <span class='ocr_line' id='line_1_102' title="bbox 2052 4996 3697 5072; baseline -0.002 -18"><span class='ocrx_word' id='word_1_696' title='bbox 2052 5016 2156 5072; x_wconf 82' lang='lat' dir='ltr'>pro</span> <span class='ocrx_word' id='word_1_697' title='bbox 2192 5004 2312 5055; x_wconf 90' lang='lat' dir='ltr'>toto</span> <span class='ocrx_word' id='word_1_698' title='bbox 2334 4998 2598 5054; x_wconf 84' lang='lat' dir='ltr'>exercitu</span> <span class='ocrx_word' id='word_1_699' title='bbox 2626 4996 2860 5052; x_wconf 87' lang='lat' dir='ltr'>labores</span> <span class='ocrx_word' id='word_1_700' title='bbox 2883 4996 2996 5052; x_wconf 88' lang='lat' dir='ltr'>sibi</span> <span class='ocrx_word' id='word_1_701' title='bbox 3021 4997 3078 5052; x_wconf 92' lang='lat' dir='ltr'>id</span> <span class='ocrx_word' id='word_1_702' title='bbox 3112 4996 3184 5052; x_wconf 90' lang='lat' dir='ltr'>ad</span> <span class='ocrx_word' id='word_1_703' title='bbox 3212 5014 3332 5051; x_wconf 73' lang='lat' dir='ltr'>suae</span> <span class='ocrx_word' id='word_1_704' title='bbox 3362 4997 3527 5051; x_wconf 86' lang='lat' dir='ltr'>urbis</span> <span class='ocrx_word' id='word_1_705' title='bbox 3550 5000 3697 5051; x_wconf 90' lang='lat' dir='ltr'>tute-</span> 
     </span>
    </p>
   </div>
   <div class='ocr_carea' id='block_1_103' title="bbox 2052 5084 3700 5156">
    <p class='ocr_par' dir='ltr' id='par_1_103' title="bbox 2052 5084 3700 5156">
     <span class='ocr_line' id='line_1_103' title="bbox 2052 5084 3700 5156; baseline -0.004 -12"><span class='ocrx_word' id='word_1_706' title='bbox 2052 5088 2173 5145; x_wconf 90' lang='lat' dir='ltr'>lam</span> <span class='ocrx_word' id='word_1_707' title='bbox 2205 5087 2408 5144; x_wconf 81' lang='lat' dir='ltr'>deberi</span> <span class='ocrx_word' id='word_1_708' title='bbox 2439 5085 2846 5143; x_wconf 88' lang='lat' dir='ltr'>contenderet.</span> <span class='ocrx_word' id='word_1_709' title='bbox 2871 5089 3014 5141; x_wconf 85' lang='lat' dir='ltr'>Cum</span> <span class='ocrx_word' id='word_1_710' title='bbox 3045 5090 3296 5156; x_wconf 88' lang='lat' dir='ltr'>uterque</span> <span class='ocrx_word' id='word_1_711' title='bbox 3327 5084 3517 5140; x_wconf 88' lang='lat' dir='ltr'>multa</span> <span class='ocrx_word' id='word_1_712' title='bbox 3545 5101 3700 5155; x_wconf 74' lang='lat' dir='ltr'>prm-</span> 
     </span>
    </p>
   </div>
   <div class='ocr_carea' id='block_1_104' title="bbox 2055 5172 3700 5247">
    <p class='ocr_par' dir='ltr' id='par_1_104' title="bbox 2055 5172 3700 5247">
     <span class='ocr_line' id='line_1_104' title="bbox 2055 5172 3700 5247; baseline -0.003 -14"><span class='ocrx_word' id='word_1_713' title='bbox 2055 5178 2215 5234; x_wconf 90' lang='lat' dir='ltr'>clara</span> <span class='ocrx_word' id='word_1_714' title='bbox 2229 5194 2337 5233; x_wconf 90' lang='lat' dir='ltr'>sua</span> <span class='ocrx_word' id='word_1_715' title='bbox 2358 5176 2485 5247; x_wconf 87' lang='lat' dir='ltr'>ejus</span> <span class='ocrx_word' id='word_1_716' title='bbox 2508 5175 2649 5230; x_wconf 88' lang='lat' dir='ltr'>belli</span> <span class='ocrx_word' id='word_1_717' title='bbox 2672 5175 2941 5230; x_wconf 83' lang='lat' dir='ltr'>facinora</span> <span class='ocrx_word' id='word_1_718' title='bbox 2962 5172 3700 5242; x_wconf 84' lang='lat' dir='ltr'>commemorasset,Palla-</span> 
     </span>
    </p>
   </div>
   <div class='ocr_carea' id='block_1_105' title="bbox 2056 5261 3705 5334">
    <p class='ocr_par' dir='ltr' id='par_1_105' title="bbox 2056 5261 3705 5334">
     <span class='ocr_line' id='line_1_105' title="bbox 2056 5261 3705 5334; baseline -0.002 -12"><span class='ocrx_word' id='word_1_719' title='bbox 2056 5267 2221 5323; x_wconf 88' lang='lat' dir='ltr'>dium</span> <span class='ocrx_word' id='word_1_720' title='bbox 2239 5272 2437 5321; x_wconf 89' lang='lat' dir='ltr'>tamen</span> <span class='ocrx_word' id='word_1_721' title='bbox 2460 5279 2651 5333; x_wconf 88' lang='lat' dir='ltr'>usque</span> <span class='ocrx_word' id='word_1_722' title='bbox 2671 5264 2729 5316; x_wconf 89' lang='lat' dir='ltr'>in</span> <span class='ocrx_word' id='word_1_723' title='bbox 2755 5263 3083 5318; x_wconf 89' lang='lat' dir='ltr'>crastinum</span> <span class='ocrx_word' id='word_1_724' title='bbox 3106 5262 3259 5317; x_wconf 91' lang='lat' dir='ltr'>diem</span> <span class='ocrx_word' id='word_1_725' title='bbox 3284 5261 3441 5334; x_wconf 89' lang='lat' dir='ltr'>apud</span> <span class='ocrx_word' id='word_1_726' title='bbox 3466 5262 3705 5318; x_wconf 79' lang='lat' dir='ltr'>Diome-</span> 
     </span>
    </p>
   </div>
   <div class='ocr_carea' id='block_1_106' title="bbox 2055 5350 3703 5426">
    <p class='ocr_par' dir='ltr' id='par_1_106' title="bbox 2055 5350 3703 5426">
     <span class='ocr_line' id='line_1_106' title="bbox 2055 5350 3703 5426; baseline -0.004 -14"><span class='ocrx_word' id='word_1_727' title='bbox 2055 5357 2192 5412; x_wconf 89' lang='lat' dir='ltr'>dem</span> <span class='ocrx_word' id='word_1_728' title='bbox 2223 5352 2556 5426; x_wconf 83' lang='lat' dir='ltr'>depositum</span> <span class='ocrx_word' id='word_1_729' title='bbox 2589 5350 2700 5406; x_wconf 91' lang='lat' dir='ltr'>fuit</span> <span class='ocrx_word' id='word_1_730' title='bbox 2728 5351 2839 5406; x_wconf 91' lang='lat' dir='ltr'>Sed</span> <span class='ocrx_word' id='word_1_731' title='bbox 2872 5368 2941 5406; x_wconf 92' lang='lat' dir='ltr'>ea</span> <span class='ocrx_word' id='word_1_732' title='bbox 2972 5356 3144 5405; x_wconf 89' lang='lat' dir='ltr'>nocte</span> <span class='ocrx_word' id='word_1_733' title='bbox 3175 5350 3643 5422; x_wconf 80' lang='lat' dir='ltr'>Ajax,incertum</span> <span class='ocrx_word' id='word_1_734' title='bbox 3667 5367 3703 5405; x_wconf 91' lang='lat' dir='ltr'>a</span> 
     </span>
    </p>
   </div>
   <div class='ocr_carea' id='block_1_107' title="bbox 2058 5441 3702 5518">
    <p class='ocr_par' dir='ltr' id='par_1_107' title="bbox 2058 5441 3702 5518">
     <span class='ocr_line' id='line_1_107' title="bbox 2058 5441 3702 5518; baseline -0.004 -18"><span class='ocrx_word' id='word_1_735' title='bbox 2058 5463 2195 5518; x_wconf 90' lang='lat' dir='ltr'>quo,</span> <span class='ocrx_word' id='word_1_736' title='bbox 2257 5442 2566 5498; x_wconf 90' lang='lat' dir='ltr'>occiditur.</span> <span class='ocrx_word' id='word_1_737' title='bbox 2626 5441 2767 5505; x_wconf 74' lang='lat' dir='ltr'>Qum</span> <span class='ocrx_word' id='word_1_738' title='bbox 2820 5457 2914 5495; x_wconf 87' lang='lat' dir='ltr'>res</span> <span class='ocrx_word' id='word_1_739' title='bbox 2962 5456 3096 5495; x_wconf 89' lang='lat' dir='ltr'>cum</span> <span class='ocrx_word' id='word_1_740' title='bbox 3150 5457 3424 5513; x_wconf 86' lang='lat' dir='ltr'>magnam</span> <span class='ocrx_word' id='word_1_741' title='bbox 3466 5441 3702 5496; x_wconf 90' lang='lat' dir='ltr'>turbam</span> 
     </span>
    </p>
   </div>
   <div class='ocr_carea' id='block_1_108' title="bbox 2059 5529 3702 5601">
    <p class='ocr_par' dir='ltr' id='par_1_108' title="bbox 2059 5529 3702 5601">
     <span class='ocr_line' id='line_1_108' title="bbox 2059 5529 3702 5601; baseline -0.005 -11"><span class='ocrx_word' id='word_1_742' title='bbox 2059 5530 2640 5601; x_wconf 83' lang='lat' dir='ltr'>excitasset,Ulysses</span> <span class='ocrx_word' id='word_1_743' title='bbox 2667 5529 2729 5583; x_wconf 91' lang='lat' dir='ltr'>in</span> <span class='ocrx_word' id='word_1_744' title='bbox 2761 5529 3165 5599; x_wconf 90' lang='lat' dir='ltr'>suspicionem</span> <span class='ocrx_word' id='word_1_745' title='bbox 3198 5529 3330 5601; x_wconf 90' lang='lat' dir='ltr'>ejus</span> <span class='ocrx_word' id='word_1_746' title='bbox 3359 5529 3500 5586; x_wconf 86' lang='lat' dir='ltr'>facti</span> <span class='ocrx_word' id='word_1_747' title='bbox 3530 5529 3702 5584; x_wconf 85' lang='lat' dir='ltr'>deve-</span> 
     </span>
    </p>
   </div>
   <div class='ocr_carea' id='block_1_109' title="bbox 2060 5617 3702 5690">
    <p class='ocr_par' dir='ltr' id='par_1_109' title="bbox 2060 5617 3702 5690">
     <span class='ocr_line' id='line_1_109' title="bbox 2060 5617 3702 5690; baseline -0.005 -11"><span class='ocrx_word' id='word_1_748' title='bbox 2060 5624 2186 5689; x_wconf 91' lang='lat' dir='ltr'>nit;</span> <span class='ocrx_word' id='word_1_749' title='bbox 2220 5634 2473 5689; x_wconf 89' lang='lat' dir='ltr'>cumque</span> <span class='ocrx_word' id='word_1_750' title='bbox 2493 5617 2567 5673; x_wconf 91' lang='lat' dir='ltr'>ad</span> <span class='ocrx_word' id='word_1_751' title='bbox 2597 5618 2948 5673; x_wconf 86' lang='lat' dir='ltr'>intestinum</span> <span class='ocrx_word' id='word_1_752' title='bbox 2968 5617 3096 5689; x_wconf 88' lang='lat' dir='ltr'>jam</span> <span class='ocrx_word' id='word_1_753' title='bbox 3118 5635 3214 5673; x_wconf 89' lang='lat' dir='ltr'>res</span> <span class='ocrx_word' id='word_1_754' title='bbox 3235 5618 3459 5673; x_wconf 76' lang='lat' dir='ltr'>bellum</span> <span class='ocrx_word' id='word_1_755' title='bbox 3481 5623 3702 5690; x_wconf 82' lang='lat' dir='ltr'>specta-</span> 
     </span>
    </p>
   </div>
   <div class='ocr_carea' id='block_1_110' title="bbox 2060 5705 3704 5786">
    <p class='ocr_par' dir='ltr' id='par_1_110' title="bbox 2060 5705 3704 5786">
     <span class='ocr_line' id='line_1_110' title="bbox 2060 5705 3704 5786; baseline -0.007 -16"><span class='ocrx_word' id='word_1_756' title='bbox 2060 5712 2407 5786; x_wconf 88' lang='lat' dir='ltr'>ret,primus</span> <span class='ocrx_word' id='word_1_757' title='bbox 2438 5708 2670 5780; x_wconf 84' lang='lat' dir='ltr'>Ulysses</span> <span class='ocrx_word' id='word_1_758' title='bbox 2700 5707 2970 5765; x_wconf 86' lang='lat' dir='ltr'>deductis</span> <span class='ocrx_word' id='word_1_759' title='bbox 3022 5709 3143 5765; x_wconf 91' lang='lat' dir='ltr'>suis</span> <span class='ocrx_word' id='word_1_760' title='bbox 3193 5707 3443 5764; x_wconf 82' lang='lat' dir='ltr'>navibus</span> <span class='ocrx_word' id='word_1_761' title='bbox 3473 5724 3504 5764; x_wconf 90' lang='lat' dir='ltr'>e</span> <span class='ocrx_word' id='word_1_762' title='bbox 3531 5705 3704 5776; x_wconf 85' lang='lat' dir='ltr'>Troja</span> 
     </span>
    </p>
   </div>
   <div class='ocr_carea' id='block_1_111' title="bbox 287 5083 1943 5165">
    <p class='ocr_par' dir='ltr' id='par_1_111' title="bbox 287 5083 1943 5165">
     <span class='ocr_line' id='line_1_111' title="bbox 287 5083 1943 5165; baseline 0.002 -25"><span class='ocrx_word' id='word_1_763' title='bbox 287 5084 430 5141; x_wconf 73' lang='grc' dir='ltr'>αὐτὸ</span> <span class='ocrx_word' id='word_1_764' title='bbox 469 5083 866 5165; x_wconf 66' lang='grc' dir='ltr'>φυλακτήριον,</span> <span class='ocrx_word' id='word_1_765' title='bbox 922 5087 999 5150; x_wconf 82' lang='grc' dir='ltr'>ὡς</span> <span class='ocrx_word' id='word_1_766' title='bbox 1053 5087 1267 5143; x_wconf 89' lang='grc' dir='ltr'>πάντων</span> <span class='ocrx_word' id='word_1_767' title='bbox 1315 5086 1638 5161; x_wconf 71' lang='grc' dir='ltr'>ἒπίπροσθεν</span> <span class='ocrx_word' id='word_1_768' title='bbox 1681 5087 1943 5164; x_wconf 77' lang='grc' dir='ltr'>ἀγωνιζόο</span> 
     </span>
    </p>
   </div>
   <div class='ocr_carea' id='block_1_112' title="bbox 289 5174 1941 5255">
    <p class='ocr_par' dir='ltr' id='par_1_112' title="bbox 289 5174 1941 5255">
     <span class='ocr_line' id='line_1_112' title="bbox 289 5174 1941 5255; baseline 0.003 -26"><span class='ocrx_word' id='word_1_769' title='bbox 289 5196 487 5249; x_wconf 68' lang='grc' dir='ltr'>μενον.</span> <span class='ocrx_word' id='word_1_770' title='bbox 557 5174 753 5233; x_wconf 74' lang='grc' dir='ltr'>ηολλά</span> <span class='ocrx_word' id='word_1_771' title='bbox 810 5174 869 5231; x_wconf 75' lang='grc' dir='ltr'>δὶ</span> <span class='ocrx_word' id='word_1_772' title='bbox 925 5178 1353 5252; x_wconf 85' lang='grc' dir='ltr'>στρατηγήματα</span> <span class='ocrx_word' id='word_1_773' title='bbox 1405 5176 1456 5250; x_wconf 70' lang='grc' dir='ltr'>ἰξ</span> <span class='ocrx_word' id='word_1_774' title='bbox 1487 5178 1810 5255; x_wconf 76' lang='grc' dir='ltr'>ἀμφοτέρων</span> <span class='ocrx_word' id='word_1_775' title='bbox 1842 5177 1941 5255; x_wconf 79' lang='grc' dir='ltr'>ῥη-</span> 
     </span>
    </p>
   </div>
   <div class='ocr_carea' id='block_1_113' title="bbox 282 5262 1943 5341">
    <p class='ocr_par' dir='ltr' id='par_1_113' title="bbox 282 5262 1943 5341">
     <span class='ocr_line' id='line_1_113' title="bbox 282 5262 1943 5341; baseline 0.002 -22"><span class='ocrx_word' id='word_1_776' title='bbox 282 5266 470 5329; x_wconf 77' lang='grc' dir='ltr'>θέντα.</span> <span class='ocrx_word' id='word_1_777' title='bbox 504 5263 658 5337; x_wconf 77' lang='grc' dir='ltr'>ὅμως</span> <span class='ocrx_word' id='word_1_778' title='bbox 689 5264 743 5321; x_wconf 79' lang='grc' dir='ltr'>ἐν</span> <span class='ocrx_word' id='word_1_779' title='bbox 788 5267 1082 5341; x_wconf 76' lang='grc' dir='ltr'>παραθήκῃ</span> <span class='ocrx_word' id='word_1_780' title='bbox 1131 5262 1337 5321; x_wconf 86' lang='grc' dir='ltr'>δίδοται</span> <span class='ocrx_word' id='word_1_781' title='bbox 1382 5267 1447 5321; x_wconf 89' lang='grc' dir='ltr'>τὸ</span> <span class='ocrx_word' id='word_1_782' title='bbox 1496 5264 1807 5322; x_wconf 81' lang='grc' dir='ltr'>Παλλάδιον</span> <span class='ocrx_word' id='word_1_783' title='bbox 1836 5266 1943 5330; x_wconf 76' lang='grc' dir='ltr'>ἓως</span> 
     </span>
    </p>
   </div>
   <div class='ocr_carea' id='block_1_114' title="bbox 279 5353 1947 5433">
    <p class='ocr_par' dir='ltr' id='par_1_114' title="bbox 279 5353 1947 5433">
     <span class='ocr_line' id='line_1_114' title="bbox 279 5353 1947 5433; baseline 0 -22"><span class='ocrx_word' id='word_1_784' title='bbox 279 5355 440 5429; x_wconf 67' lang='grc' dir='ltr'>πρωὶ</span> <span class='ocrx_word' id='word_1_785' title='bbox 469 5359 549 5428; x_wconf 81' lang='grc' dir='ltr'>τῷ</span> <span class='ocrx_word' id='word_1_786' title='bbox 582 5353 876 5428; x_wconf 82' lang='grc' dir='ltr'>Διομήδει.</span> <span class='ocrx_word' id='word_1_787' title='bbox 919 5356 1016 5411; x_wconf 82' lang='grc' dir='ltr'>Διά</span> <span class='ocrx_word' id='word_1_788' title='bbox 1077 5356 1257 5429; x_wconf 83' lang='grc' dir='ltr'>μέντοι</span> <span class='ocrx_word' id='word_1_789' title='bbox 1311 5357 1499 5419; x_wconf 87' lang='grc' dir='ltr'>νυκτὸς</span> <span class='ocrx_word' id='word_1_790' title='bbox 1553 5355 1779 5427; x_wconf 85' lang='grc' dir='ltr'>ἀδήλως</span> <span class='ocrx_word' id='word_1_791' title='bbox 1812 5356 1947 5433; x_wconf 55' lang='grc' dir='ltr'>στοά-</span> 
     </span>
    </p>
   </div>
   <div class='ocr_carea' id='block_1_115' title="bbox 282 5440 1947 5522">
    <p class='ocr_par' dir='ltr' id='par_1_115' title="bbox 282 5440 1947 5522">
     <span class='ocr_line' id='line_1_115' title="bbox 282 5440 1947 5522; baseline 0.002 -25"><span class='ocrx_word' id='word_1_792' title='bbox 282 5450 440 5515; x_wconf 82' lang='grc' dir='ltr'>ζεται</span> <span class='ocrx_word' id='word_1_793' title='bbox 472 5440 629 5507; x_wconf 66' lang='grc' dir='ltr'>Αἴας,</span> <span class='ocrx_word' id='word_1_794' title='bbox 692 5442 913 5520; x_wconf 65' lang='grc' dir='ltr'>Ιιρωῒας</span> <span class='ocrx_word' id='word_1_795' title='bbox 971 5441 1030 5499; x_wconf 77' lang='grc' dir='ltr'>δὲ</span> <span class='ocrx_word' id='word_1_796' title='bbox 1078 5444 1374 5521; x_wconf 79' lang='grc' dir='ltr'>γενομένης</span> <span class='ocrx_word' id='word_1_797' title='bbox 1404 5445 1479 5507; x_wconf 83' lang='grc' dir='ltr'>ὡς</span> <span class='ocrx_word' id='word_1_798' title='bbox 1510 5443 1701 5522; x_wconf 74' lang='grc' dir='ltr'>εὕρέθη</span> <span class='ocrx_word' id='word_1_799' title='bbox 1733 5447 1947 5521; x_wconf 70' lang='grc' dir='ltr'>νεκρὸς,</span> 
     </span>
    </p>
   </div>
   <div class='ocr_carea' id='block_1_116' title="bbox 278 5531 1947 5610">
    <p class='ocr_par' dir='ltr' id='par_1_116' title="bbox 278 5531 1947 5610">
     <span class='ocr_line' id='line_1_116' title="bbox 278 5531 1947 5610; baseline 0.002 -21"><span class='ocrx_word' id='word_1_800' title='bbox 278 5532 512 5602; x_wconf 79' lang='grc' dir='ltr'>πολλῆς</span> <span class='ocrx_word' id='word_1_801' title='bbox 570 5531 810 5596; x_wconf 79' lang='grc' dir='ltr'>στάσεως</span> <span class='ocrx_word' id='word_1_802' title='bbox 864 5533 1164 5610; x_wconf 84' lang='grc' dir='ltr'>γενομένης</span> <span class='ocrx_word' id='word_1_803' title='bbox 1223 5533 1299 5597; x_wconf 79' lang='grc' dir='ltr'>εἷς</span> <span class='ocrx_word' id='word_1_804' title='bbox 1356 5533 1640 5610; x_wconf 71' lang='grc' dir='ltr'>ὑπόληψιν</span> <span class='ocrx_word' id='word_1_805' title='bbox 1680 5535 1819 5606; x_wconf 80' lang='grc' dir='ltr'>ήλθε</span> <span class='ocrx_word' id='word_1_806' title='bbox 1844 5543 1947 5605; x_wconf 83' lang='grc' dir='ltr'>τῆς</span> 
     </span>
    </p>
   </div>
   <div class='ocr_carea' id='block_1_117' title="bbox 282 5619 1951 5701">
    <p class='ocr_par' dir='ltr' id='par_1_117' title="bbox 282 5619 1951 5701">
     <span class='ocr_line' id='line_1_117' title="bbox 282 5619 1951 5701; baseline 0 -22"><span class='ocrx_word' id='word_1_807' title='bbox 282 5624 538 5697; x_wconf 75' lang='grc' dir='ltr'>πράξεως</span> <span class='ocrx_word' id='word_1_808' title='bbox 566 5619 880 5684; x_wconf 81' lang='grc' dir='ltr'>Ὀδυσσεύς·</span> <span class='ocrx_word' id='word_1_809' title='bbox 940 5623 1062 5687; x_wconf 80' lang='grc' dir='ltr'>ὅθεν</span> <span class='ocrx_word' id='word_1_810' title='bbox 1117 5624 1205 5679; x_wconf 89' lang='grc' dir='ltr'>καὶ</span> <span class='ocrx_word' id='word_1_811' title='bbox 1265 5622 1343 5687; x_wconf 77' lang='grc' dir='ltr'>εἷς</span> <span class='ocrx_word' id='word_1_812' title='bbox 1398 5622 1670 5701; x_wconf 76' lang='grc' dir='ltr'>ἐμφύλιον</span> <span class='ocrx_word' id='word_1_813' title='bbox 1712 5626 1951 5681; x_wconf 84' lang='grc' dir='ltr'>ἀναπτο-</span> 
     </span>
    </p>
   </div>
   <div class='ocr_carea' id='block_1_118' title="bbox 284 5711 1950 5791">
    <p class='ocr_par' dir='ltr' id='par_1_118' title="bbox 284 5711 1950 5791">
     <span class='ocr_line' id='line_1_118' title="bbox 284 5711 1950 5791; baseline 0.001 -23"><span class='ocrx_word' id='word_1_814' title='bbox 284 5711 457 5787; x_wconf 76' lang='grc' dir='ltr'>μένου</span> <span class='ocrx_word' id='word_1_815' title='bbox 513 5715 610 5768; x_wconf 89' lang='grc' dir='ltr'>τοῦ</span> <span class='ocrx_word' id='word_1_816' title='bbox 668 5713 996 5791; x_wconf 79' lang='grc' dir='ltr'>πράγματος</span> <span class='ocrx_word' id='word_1_817' title='bbox 1050 5711 1320 5788; x_wconf 88' lang='grc' dir='ltr'>πόλεμον,</span> <span class='ocrx_word' id='word_1_818' title='bbox 1379 5718 1595 5790; x_wconf 86' lang='grc' dir='ltr'>πρῶτος</span> <span class='ocrx_word' id='word_1_819' title='bbox 1660 5712 1950 5777; x_wconf 68' lang='grc' dir='ltr'>Ὀδυσσεὺς</span> 
     </span>
    </p>
   </div>
   <div class='ocr_carea' id='block_1_119' title="bbox 528 5821 1941 5895">
    <p class='ocr_par' dir='ltr' id='par_1_119' title="bbox 528 5831 1206 5895">
     <span class='ocr_line' id='line_1_119' title="bbox 528 5831 1206 5895; baseline -0.001 -1"><span class='ocrx_word' id='word_1_820' title='bbox 528 5833 795 5895; x_wconf 75' lang='grc' dir='ltr'>ΡΑτιιοι..</span> <span class='ocrx_word' id='word_1_821' title='bbox 844 5833 955 5894; x_wconf 77' lang='lat' dir='ltr'>Gn.</span> <span class='ocrx_word' id='word_1_822' title='bbox 1000 5831 1206 5894; x_wconf 81' lang='lat' dir='ltr'>CXXI.</span> 
     </span>
    </p>
   </div>
   <div class='ocr_carea' id='block_1_120' title="bbox 2052 5821 3462 5895">
    <p class='ocr_par' dir='ltr' id='par_1_120' title="bbox 3426 5821 3462 5884">
     <span class='ocr_line' id='line_1_120' title="bbox 3426 5821 3462 5884; baseline 0 0"><span class='ocrx_word' id='word_1_823' title='bbox 3426 5821 3462 5884; x_wconf 92' lang='lat'><strong>9</strong></span> 
     </span>
    </p>
   </div>
  </div>
