4118 6284
401 373 513 452 2n

1741 373 2062 438 GEORGII
2105 375 2450 439 CEDRENI

3689 379 3813 441 272

399 509 756 566 traditurum
788 514 846 564 et
873 509 1032 564 hunc
1063 507 1135 563 ad
1162 507 1353 580 ipsam
1384 507 1799 564 adducturum.
1819 511 2009 581 Accep

2150 508 2410 582 Ὀρέστης
2441 508 2759 586 ἐφρουρεῖτο
2789 508 3036 584 ᾐτήσατο
3091 509 3220 575 τοὺς
3265 511 3540 589 φρουροὺς
3573 513 3813 582 Σκύθας,

394 599 592 670 tisque
623 598 836 653 litteris
865 596 1002 653 fano
1042 613 1311 670 egressus
1361 614 1429 652 eo
1461 598 1618 652 venit
1649 598 1748 653 ubi
1803 599 2039 654 Orestes

397 687 868 744 custodiebatur:
894 687 1329 758 impetratoque
1357 704 1390 742 a
1412 687 1644 758 Scythis
1665 687 1849 756 aditu,
1867 687 2036 743 tabu-

396 777 516 833 lam
546 776 734 832 Oresti
767 775 1031 845 tradidit,
1059 776 1150 832 his
1181 775 1377 832 verbis
1403 793 1416 830 ε
1449 799 1475 826 ‹ι
1514 778 1537 830 Ι
1567 793 1744 848 quam
1779 777 2038 848 primum

394 865 468 922 ad
499 865 885 939 Iphigeniam,
921 883 1186 922 sororem
1210 870 1394 922 tuam.
1423 889 1448 915 υ
1471 865 1915 938 Obstupuerunt
1935 883 2038 921 au-

389 956 514 1012 dito
543 957 654 1012 hoc
684 973 823 1012 casu
863 955 1114 1028 Scythae.
1148 956 1240 1011 Illi
1272 956 1446 1012 ambo
1479 962 1641 1012 recta
1670 956 1744 1012 ad
1803 957 2036 1028 Iphige-

386 1045 549 1102 niam
589 1062 652 1102 se
673 1045 1166 1102 contulerunt.Ac
1196 1045 1466 1118 Pylades,
1495 1047 1685 1101 «Ecce
1705 1046 1918 1116 inquit,
1942 1045 2038 1100 hic

387 1137 624 1192 Orestes
659 1137 844 1191 frater
873 1139 1028 1190 tuus.
1073 1156 1102 1186 ››
1137 1137 1264 1190 Non
1319 1141 1514 1190 tamen
1551 1151 1685 1190 eum
1731 1134 2040 1207 Iphigenia

385 1224 626 1298 agnovit
655 1229 792 1280 ante
822 1240 1000 1295 quam
1045 1225 1276 1297 signum
1308 1222 1548 1296 Pelopei
1581 1225 1815 1296 generis
1842 1223 2036 1278 oleam

388 1314 454 1369 in
483 1313 688 1369 dextro
720 1313 969 1369 humero
1001 1313 1166 1368 vidit.
1201 1313 1350 1369 Tum
1387 1329 1522 1368 eum
1557 1313 1832 1384 amplexa
1860 1329 2038 1368 naves

389 1401 638 1458 subduci
680 1402 742 1458 in
781 1402 988 1458 navale
1023 1402 1227 1475 jussit,
1275 1402 1524 1474 ipsoque
1577 1418 1780 1458 secum
1849 1408 2036 1459 totam

387 1509 518 1548 eam
548 1492 806 1548 hiemem
841 1491 1116 1548 detinuit.
1149 1493 1370 1547 Estate
1399 1492 1554 1548 facta
1576 1494 1814 1548 Orestes
1847 1497 1907 1548 et
1933 1497 2036 1564 Py-

385 1585 550 1640 lades
579 1584 733 1642 clam
777 1583 1096 1640 simulacro
1123 1583 1343 1654 Dianm,
1379 1584 1537 1656 quod
1587 1601 1656 1640 ex
1689 1585 1877 1640 solido
1911 1591 2038 1642 erat

384 1691 552 1742 auro,
587 1673 834 1746 ipsaque
865 1679 1174 1744 assumpta
1202 1673 1527 1745 Iphigenia,
1560 1673 1776 1745 quibus
1807 1673 2030 1730 advecti

380 1763 620 1818 fuerant
639 1762 886 1818 navibus
907 1762 1398 1835 aufugerunt;traj
1409 1767 1652 1835 ectaque
1683 1761 1945 1819 Diahena
1961 1763 2033 1819 ad

2147 597 2236 652 καὶ
2293 595 2550 663 είσελοὼν
2611 595 2864 654 ἐπεδίδου
2920 601 3021 670 την
3089 603 3298 672 πυκτὴν
3355 603 3536 665 οὕτως
3611 601 3808 658 εἰπών·

2156 707 2176 733 α
2210 689 2313 752 Ἰοι
2341 687 2404 742 τὸ
2433 686 2603 763 τάχος
2638 689 2776 762 πρὸς
2831 686 3148 767 Ἰφιγένειαν
3200 691 3302 760 τὴν
3354 691 3452 760 σήν
3482 688 3744 769 ἀδελφήν.
3776 713 3806 743 »

2147 780 2384 848 Ἔμενον
2417 774 2509 831 οὖν
2542 774 2710 830 ἐννεοῖ
2759 777 2812 832 οἱ
2863 777 3066 842 Σκύθαι
3122 778 3262 854 πρὸς
3304 779 3368 834 τὸ
3428 774 3660 852 συμϐάν.
3695 780 3806 836 Καὶ

2147 861 2214 932 δὴ
2269 863 2460 919 αὐτίκα
2543 864 2682 937 πρὸς
2761 865 3072 943 Ἰφίγένειαν
3153 863 3408 938 εἰσῆλθον
3469 866 3801 942 ἀμφότεροι,

2146 953 2234 1008 καὶ
2270 953 2297 1007 ὁ
2328 951 2606 1024 Πυλάδης,
2640 977 2668 1005 ‹‹
2699 950 2828 1024 Ἴδε,
2874 950 3001 1028 ἔφη,
3058 953 3316 1030 Ὀρέστης
3348 956 3378 1010 ὁ
3408 955 3502 1018 σὸς
3539 953 3801 1034 ἀδελφός.

2144 1042 2207 1098 Ἣ
2241 1038 2298 1096 δὲ
2329 1043 2430 1097 οὐκ
2483 1041 2770 1118 ἐγνώρισεν
2827 1045 2912 1117 [Ρ.
2950 1045 3075 1118 135]
3132 1043 3315 1112 αὐτὸν,
3369 1043 3476 1107 ἓως
3529 1046 3591 1100 τὸ
3621 1042 3805 1100 Πελό-

2145 1150 2296 1185 πειον
2322 1134 2419 1186 τοῖ’)
2447 1130 2635 1205 γένους
2682 1132 2994 1207 σημαντρον
3045 1133 3144 1203 τήν
3204 1131 3390 1188 ἐλαίαν
3424 1129 3564 1188 εἶδεν
3596 1129 3802 1208 ἔχοντα

2145 1215 2196 1272 ἐν
2245 1223 2326 1290 τῷ
2381 1217 2521 1293 ὣμῳ
2577 1217 2754 1293 δεξιῷ·
2809 1220 3254 1296 Περιπτυξαμένη
3304 1242 3363 1278 τε
3393 1221 3550 1278 αὐτὸν
3579 1219 3798 1278 ἐκέλευ-

2145 1327 2231 1363 σεν
2261 1307 2589 1380 ἑλκυσθῆναι
2639 1311 2707 1366 τὰ
2758 1309 2930 1366 πλοῖα
2986 1312 3164 1368 αὐτῶν
3218 1313 3324 1368 ἀπὸ
3361 1318 3462 1382 τῆς
3494 1311 3801 1383 θαλάσσης,

2143 1397 2234 1452 καὶ
2265 1396 2394 1454 ὅλον
2437 1398 2631 1462 αὐτοὺς
2690 1405 2868 1473 μεῖναι
2923 1400 3014 1455 τὸν
3072 1405 3322 1476 χειμῶνα
3351 1402 3478 1476 παρ’
3506 1400 3668 1474 αὐτῇ,
3699 1401 3800 1456 θέ-

2147 1505 2272 1561 ρους
2303 1483 2361 1542 δὲ
2417 1489 2713 1564 γενομένου
2755 1486 2928 1564 λάθρα
2983 1488 3243 1564 Ὀρέστης
3297 1488 3388 1544 καὶ
3453 1486 3709 1560 Πυλάδης
3733 1489 3800 1546 τὸ

2145 1576 2454 1656 ὁλόχρυσον
2487 1575 2708 1656 ἄγαλμα
2757 1577 3078 1654 Ἀρτέμιδος
3128 1579 3217 1634 καί
3265 1579 3436 1648 αὖτὴν
3470 1578 3796 1653 ἀνελόμενοι

2141 1667 2240 1736 τὴν
2271 1667 2580 1746 Ἰφιγένειαν
2633 1666 2938 1744 ἀπέδρασαν
2995 1669 3114 1743 μεθ’
3144 1669 3218 1724 ὧν
3275 1668 3524 1739 ἀπῆλθον
3556 1668 3793 1726 πλοίων.

2143 1757 2245 1813 Καὶ
2293 1757 2394 1825 τήν
2444 1753 2718 1830 Διαϐηνὴν
2770 1761 2845 1833 (4)
2903 1759 3234 1834 περάσαντες
3290 1757 3464 1828 ἦλθον
3499 1759 3636 1833 πρὸς
3665 1760 3797 1814 ἀνα-

384 1857 580 1906 ortum
599 1851 742 1907 solis
755 1850 828 1907 ad
841 1853 1012 1906 Emet
1033 1851 1446 1906 Saracenicum
1461 1851 1835 1923 appulerunt,
1853 1851 2017 1906 inde-

2143 1843 2313 1915 τολήν
2391 1845 2480 1901 ἐπὶ
2550 1846 2615 1902 τό
2689 1848 3063 1923 Σαρακηνικὸν
3137 1849 3325 1920 Ἐμετ,
3393 1847 3638 1912 κάκεῖοεν
3702 1845 3798 1903 ἐπὶ

2141 1934 2237 1952 ...ρ
2508 1936 2717 1952 -..ς
2866 1937 2879 1952 ,
3062 1935 3486 1952 .......η.

385 1957 500 2012 que
531 1941 679 1997 231
716 1939 790 1996 ad
827 1939 1128 1996 Tricomin
1158 1939 1494 1996 Palestina.
1522 1940 1602 1996 lbi
1627 1957 1761 1996 cum
1795 1941 2032 1996 Orestes

379 2029 622 2098 fureret,
658 2029 990 2085 Tricomitm
1023 2045 1306 2101 magnum
1337 2028 1538 2084 Diana)
1585 2028 1791 2084 fanum
1823 2029 2032 2085 condi-

377 2117 595 2174 derunt
627 2136 641 2186 ;
672 2117 1182 2191 Iphigeniamque,
1215 2117 1374 2190 quod
1407 2135 1536 2174 eam
1569 2123 1637 2174 ut
1659 2119 2028 2174 sacerdotem

378 2206 762 2272 honorarent,
793 2211 1146 2278 rogaverunt
1185 2207 1270 2261 uti
1301 2205 1424 2262 deae
1455 2206 1740 2280 virginem
1772 2206 2025 2278 puellam

379 2295 736 2350 immolaret.
771 2294 1278 2367 Adduxeruntque
1309 2294 1568 2366 puellam
1599 2295 1841 2350 nomine
1881 2297 2025 2366 Nys-

381 2401 532 2448 sam,
566 2399 744 2455 quam
788 2383 1095 2456 Iphigenia
1127 2383 1384 2439 hostiam
1431 2384 1724 2440 mactavit.
1759 2383 1841 2440 lbi
1873 2399 2026 2440 terea

364 2475 648 2531 columna
694 2474 890 2546 posita
948 2474 1078 2530 loco
1129 2475 1325 2546 Nyssae
1389 2491 1607 2530 nomen
1655 2473 2017 2530 indiderunt.

365 2565 574 2620 Oresta
597 2569 730 2620 tum
763 2562 1004 2619 sanitati
1033 2563 1254 2618 mentis
1276 2564 1570 2635 restituto,
1591 2564 1898 2636 Iphigenia
1919 2581 2025 2636 per

364 2653 735 2708 insomnium
769 2657 862 2708 est
889 2669 924 2708 a
961 2669 1132 2708 cerva
1161 2652 1471 2709 admonita
1501 2658 1567 2708 ut
1615 2652 1767 2708 hanc
1799 2659 2018 2708 terram

362 2741 611 2814 fugeret.
645 2741 972 2812 Statimque
1016 2741 1314 2814 fugientes
1353 2742 1715 2798 maritimam
1757 2741 2020 2798 Palaesti-

363 2847 504 2886 nam
537 2835 877 2887 tenuerunt.
902 2830 1044 2886 Inde
1062 2831 1122 2886 in
1156 2831 1384 2903 Syriam
1415 2836 1474 2886 et
1503 2830 1578 2886 ad
1608 2837 1873 2887 montem
1897 2833 2016 2887 Me-

365 2919 619 2976 lantium
651 2920 825 2976 delati
859 2927 1020 2988 sunt,
1050 2919 1152 2976 ubi
1176 2920 1414 2976 Orestes
1440 2937 1510 2975 ex
1538 2920 1778 2976 oraculo
1808 2919 2013 2976 fanum

368 3009 555 3064 Vesta:
587 3010 827 3082 reperit,
852 3027 919 3066 ac
951 3009 1135 3064 sacris
1157 3016 1437 3082 operatus
1475 3009 1706 3065 difficili
1741 3015 1832 3065 est
1858 3010 2010 3065 libe-

366 3103 530 3154 ratus
559 3098 810 3155 insania.
854 3098 993 3154 lnde
1024 3100 1241 3155 Oronte
1285 3099 1460 3154 fluvio
1511 3101 1756 3170 trajecto
1797 3099 1870 3154 ad
1901 3099 2010 3154 Sil-

365 3187 529 3260 pium
555 3193 818 3244 montem
848 3188 1158 3259 pervenit;
1189 3188 1579 3260 salutatisquo
1603 3188 1814 3244 Jonitis
1845 3189 2004 3260 Argi-

2141 1934 2420 2010 Τρίκωμιν
2469 1943 2570 2006 τῆς
2614 1936 3000 2009 Παλαιστίνης.
3062 1937 3164 1994 Καὶ
3223 1935 3289 2006 δὴ
3367 1937 3624 2013 Ὀρέστου
3687 1958 3796 2010 μαι

2139 2024 2318 2083 νέντος
2348 2023 2400 2080 οἷ
2447 2027 2791 2100 Τρικωμῖται
2843 2027 2983 2101 ’ίιρὸν
3045 2026 3185 2101 μέγα
3235 2029 3303 2100 τῇ
3361 2024 3642 2101 Ἀρτέμιδι
3673 2025 3798 2081 κτί-

2139 2132 2324 2176 σαντες
2381 2112 2566 2184 ἠείουν
2621 2115 2720 2184 τήν
2777 2114 3112 2193 Ἰφιγένειαν,
3169 2115 3246 2179 ὡς
3294 2114 3490 2190 ἱέρειαν
3520 2119 3792 2187 τιμῶντες

2137 2199 2327 2271 αὐτὴν,
2387 2203 2634 2258 θυσιάσαι
2697 2202 2866 2278 κόρην
2922 2203 3184 2279 παρθένον
3243 2208 3312 2278 τῇ
3355 2208 3478 2275 θεῷ.
3549 2202 3653 2260 Καὶ
3717 2201 3788 2274 δή

2134 2287 2323 2364 ἄγουσι
2359 2290 2506 2361 νέαν,
2563 2291 2774 2350 Νύσσαν
2833 2293 3082 2366 ὀνόματι,
3113 2291 3178 2362 ἤν
3225 2292 3316 2347 καὶ
3347 2291 3618 2348 ἐθυσίασεν
3651 2295 3791 2370 Ἰφι-

2133 2375 2332 2453 γένεια.
2395 2380 2492 2435 Καὶ
2547 2379 2756 2452 στήλην
2812 2379 3031 2461 χαλκῆν
3092 2383 3406 2452 στήσαντες,
3455 2380 3662 2436 Νύσσαν
3692 2382 3789 2436 τὸν

2128 2468 2298 2524 τόπον
2360 2468 2669 2543 ὠνόμασαν.
2746 2474 2854 2527 Τοῦ
2930 2474 3056 2547 γοῦν
3121 2469 3378 2545 Ὀρέστου
3432 2471 3528 2531 τάς
3585 2473 3787 2549 φρένας

2131 2552 2490 2621 ἀναλαϐόντος
2537 2561 2572 2628 ἡ
2631 2558 2914 2637 Ἰφιγένεια
2967 2556 3096 2633 ὄναρ
3147 2555 3306 2629 εἶδεν,
3341 2556 3539 2639 ἔλαφον
3593 2558 3794 2636 λεγου-

2129 2665 2223 2699 σαν
2257 2645 2415 2720 αὐτῇ
2450 2646 2598 2722 Φόγε
2643 2647 2751 2702 ἀπὸ
2804 2654 2905 2717 τῆς
2959 2650 3151 2727 χώρας
3199 2647 3426 2718 ταῦτης.
3480 2648 3658 2710 Εύους
3689 2646 3786 2702 οὖν

2127 2737 2386 2812 φυγόντες
2439 2737 2538 2804 τῆν
2589 2735 2883 2812 παράλιον,
2939 2731 3425 2808 καταλαμϐάνουσι
3484 2735 3787 2793 ΙΙαλαιστί-

2125 2847 2247 2896 νην,
2297 2827 2542 2892 κάκεῖθεν
2597 2827 2672 2890 είς
2731 2825 2932 2903 Συρίαν
3005 2827 3096 2884 καὶ
3144 2827 3208 2884 τὸ
3261 2826 3565 2886 Μελάντιον
3624 2827 3780 2902 ὄρος.

2126 2915 2227 2972 Καὶ
2260 2916 2322 2972 τὸ
2350 2916 2494 2992 ἱερὸν
2519 2923 2620 2986 τῆς
2677 2915 2890 2980 Ἑστίας
2947 2918 3084 2973 κατά
3112 2917 3202 2972 τὸν
3236 2918 3493 2995 χρησμὸν
3527 2917 3779 2990 εὓρηκὼς

2125 3005 2378 3080 Ὀρέστης
2432 3006 2522 3061 καὶ
2575 3007 2852 3075 θυσιάσας,
2925 3013 3028 3076 τῆς
3111 3005 3360 3082 ’χαλεπῆς
3419 3004 3778 3078 ἀπήλλακτοι

2124 3095 2338 3167 μανίας.
2390 3097 2520 3152 Εἶτα
2573 3097 2664 3152 τὸν
2724 3097 2982 3174 Ὀρόντην
3041 3094 3300 3172 περάσας,
3332 3095 3420 3151 ἐπὶ
3449 3096 3510 3152 τὸ
3543 3095 3784 3151 Σίλπιον

2118 3183 2244 3254 ὅρος
2300 3183 2461 3256 ἦλθε,
2519 3186 2609 3240 καὶ
2673 3185 2802 3248 τοὺς
2881 3185 3164 3261 Ἀργείους
3219 3185 3454 3246 Ἰωνίτας
3514 3185 3588 3248 ὡς
3645 3207 3782 3261 συγ-

367 3276 454 3332 vis
502 3276 703 3349 ulpote
760 3277 1112 3348 propinquis
1171 3277 1314 3340 suis,
1367 3277 1440 3332 ab
1507 3278 1580 3332 iis
1646 3277 1720 3332 ad
1779 3283 2014 3347 portum

2129 3271 2301 3350 γένεῖς
2346 3273 2723 3348 ἀσπασάμενος
2781 3271 2852 3330 δι’
2911 3276 3089 3330 αὐτῶν
3147 3273 3225 3335 εἷς
3281 3273 3346 3329 τὸ
3374 3271 3643 3348 παράλιον
3674 3283 3784 3345 τῆς

371 3365 833 3436 Ξειοιιοίω,ᾳυίω
845 3365 1176 3436 antiquitus
1190 3365 1482 3438 Palmopol
1494 3365 1541 3419 is
1556 3365 1670 3420 fuit
1687 3365 2011 3428 nominata,

371 3451 659 3508 deductus
706 3469 1036 3524 navemque
1067 3453 1147 3508 ibi
1179 3459 1389 3508 nactus
1418 3453 1481 3508 in
1511 3453 1792 3508 Grmciam
1829 3459 2014 3509 trans-

369 3540 553 3596 misit.
587 3541 690 3596 Hic
723 3540 940 3596 tradita
963 3541 1024 3595 in
1060 3541 1506 3596 matrimonium
1527 3541 1776 3606 Electra,
1802 3557 1908 3596 sua
1929 3559 2014 3596 so-

367 3645 522 3696 rore,
556 3627 779 3700 Pyladi,
811 3631 1239 3700 Mycenaeorum
1285 3645 1726 3702 regnumusque
1771 3630 1845 3684 ad
1884 3629 2012 3684 vita:

369 3717 549 3774 tinem
579 3718 977 3791 gessit.Thoas
1007 3724 1206 3774 autem
1229 3718 1481 3790 Scythia)
1502 3719 1742 3790 regulus
1773 3726 2016 3790 propter

370 3806 756 3864 simulacrum
789 3807 1123 3880 permultos
1157 3807 1400 3879 Scythas
1442 3807 1623 3876 misit,
1658 3808 1758 3878 qui
1788 3807 2012 3880 Iphige-

367 3896 526 3952 niam
551 3902 1072 3968 persequerentur.
1105 3896 1174 3951 Hi
1205 3913 1340 3952 cum
1376 3897 1670 3952 Tricomin
1702 3897 2010 3968 pervenis-

369 3989 521 4052 sent,
571 3985 829 4056 indeque
897 4002 999 4041 eos
1062 4002 1213 4057 quos
1283 3985 1752 4058 insequebantur
1795 3987 2011 4042 abiisse

365 4073 824 4145 intellexissent,
844 4074 924 4129 ibi
939 4075 2013 4147 remanserunt,urbeque,cuiScytho-

365 4162 520 4235 polis
537 4169 626 4220 est
645 4181 892 4236 nomen,
915 4164 1174 4233 condita,
1199 4164 1442 4221 domum
1466 4164 1684 4220 reversi
1709 4181 1830 4220 non
1850 4171 2007 4222 sunt.

436 4255 645 4310 Encas
675 4254 737 4310 in
766 4253 1035 4311 Calabria
1063 4271 1208 4310 usus
1237 4253 1538 4310 Diomedis
1568 4253 1847 4326 hospitio,
1881 4256 2009 4327 jam

361 4342 758 4412 discessurus,
782 4343 854 4399 ab
886 4361 955 4400 eo
974 4343 1306 4399 Palladium
1326 4343 1514 4414 petiit.
1544 4343 2011 4414 ResponditDio—

365 4432 572 4488 medes
594 4450 662 4488 ex
681 4451 750 4489 eo
774 4439 1184 4505 tempore,quo
1205 4432 1462 4504 primum
1483 4449 1618 4488 cum
1633 4433 1786 4490 288
1801 4434 2006 4507 Ulysse

359 4520 694 4577 Palladium
710 4521 818 4577 Illo
831 4521 1196 4588 abstulisset,
1213 4539 1274 4576 se
1288 4527 1464 4592 atque
1485 4523 1674 4578 exerci
1685 4528 1806 4579 tum
1831 4541 1938 4578 suu
1950 4541 2007 4579 m

2125 3361 2556 3426 Παλαιοπόλεως
2587 3365 2779 3438 πρώην
2813 3361 3143 3439 λεγομένης,
3185 3366 3278 3417 νῦν
3329 3359 3387 3418 δὲ
3433 3360 3781 3432 Σελευκείας,

2121 3453 2507 3527 παρεπέμφθη.
2569 3454 2816 3510 Κάκεῖθεν
2865 3457 2993 3508 ναῦν
3049 3452 3298 3524 εὑρηκὼς
3353 3447 3460 3514 ἓως
3495 3449 3768 3515 Ἑλλάδος

2123 3536 2299 3612 διέϐη.
2360 3541 2464 3597 Καὶ
2521 3541 2620 3610 τήν
2674 3539 2914 3610 ἀδελυήν
2973 3539 3272 3615 Ἠλέκτραν
3335 3539 3410 3603 εἰς
3467 3541 3644 3614 γάμον
3695 3545 3777 3614 τῷ

2123 3629 2348 3704 Πυλάδῃ
2405 3631 2608 3701 ζεύξας,
2692 3627 2796 3692 ἓως
2879 3629 3111 3684 θανάτου
3166 3635 3268 3698 τῆς
3323 3633 3430 3682 τῶν
3490 3630 3769 3698 Μυκηνῶν

2125 3717 2400 3795 βασιλεύει
2458 3720 2667 3795 χώρας.
2729 3720 2866 3780 Θόας
2926 3715 2984 3774 δὲ
3035 3717 3160 3774 τότε
3201 3716 3492 3792 τοπάρχης
3519 3714 3594 3772 ὤν
3632 3724 3778 3774 Σκυο

2121 3808 2236 3870 θέας
2268 3808 2344 3870 εἷς
2401 3805 2724 3879 καταδίωξιν
2777 3807 3090 3887 Ἰφιγενείας
3148 3805 3237 3863 διὰ
3265 3809 3327 3868 τὸ
3375 3804 3598 3882 ἄγαλμα
3629 3809 3776 3862 Σκῦο

2121 3910 2215 3963 οας
2269 3897 2562 3962 πλείστους
2615 3897 2950 3953 ἀπέστειλεν·
3011 3895 3124 3953 ἐπεὶ
3209 3896 3265 3954 δὲ
3343 3897 3419 3960 είς
3478 3895 3771 3971 Τρίκωμιν

2119 3985 2363 4050 ἐλθόντες
2395 3981 2594 4061 ἔμαθον
2649 3984 2986 4042 ἀποπλεῦσαι
3044 3986 3170 4050 τοὺς
3229 3986 3624 4060 διωκομένους,
3655 3985 3772 4042 ἐκεῖ

2117 4069 2350 4148 ἔμειναν,
2383 4077 2470 4130 καὶ
2512 4073 2675 4130 πόλιν
2707 4076 2808 4145 τήν
2841 4073 3144 4150 λεγομένην
3171 4073 3517 4140 Σκυθόπολιν
3554 4072 3780 4131 οἱκοδοο

2121 4169 2408 4240 μήσαντες,
2440 4165 2620 4220 οὐκέτι
2657 4165 3015 4241 ὑπέστρεψαν.

2187 4254 2428 4323 Αἰνείας,
2488 4253 2633 4328 παρὰ
2671 4251 2981 4326 Διομήδους
3033 4251 3088 4309 ἐν
3159 4250 3449 4332 Καλαϐρίᾳ
3504 4255 3776 4326 ξενωθεὶς,

2117 4344 2234 4401 ἐπεὶ
2291 4343 2590 4420 ἀποφοιτᾷν
2643 4338 2899 4416 ἔμελλεν.
2955 4343 3143 4418 ᾐτεῖτο
3193 4339 3382 4400 λαϐεῖν
3427 4345 3490 4399 τὸ
3543 4342 3776 4401 Παλλά-

2118 4431 2232 4489 διον
2261 4435 2388 4507 παρ⁹
2427 4434 2614 4490 αὐτοῦ.
2673 4433 2814 4506 Πρὸς
2869 4433 2928 4488 ὅν
2982 4433 3207 4500 ἐκεῖνος,
3242 4436 3326 4504 Ἐξ
3365 4434 3447 4502 οὗ,
3480 4435 3642 4512 φησὶ,
3673 4435 3776 4503 τὴν

2117 4521 2295 4596 ἀρχήν
2325 4525 2488 4576 τοῦτο
2545 4520 2679 4594 μετὰ
2735 4518 3038 4584 Ὀδυσσέως
3092 4528 3196 4591 τῆς
3239 4521 3404 4577 Ἰλίου
3433 4519 3778 4600 ἀφειλόμην,

357 4609 801 4666 continentibus
816 4610 988 4666 malis
1003 4616 1180 4681 atque
1195 4609 1633 4667 calamitatibus
1645 4611 1826 4668 fuisse
1839 4630 2009 4670 vexa-

2129 4607 2243 4666 οίῖτε
2281 4607 2406 4682 ἐμοὶ
2464 4606 2587 4666 οὔτε
2641 4613 2722 4682 τῷ
2775 4609 2868 4664 ὑπ’
2919 4609 3016 4682 ἐμὲ
3071 4614 3284 4686 στρατῷ
3333 4609 3549 4684 θλίψεις
3589 4607 3780 4665 ἐπέλι-

353 4703 522 4766 tum;
555 4704 766 4754 etcum
798 4700 928 4770 ejus
953 4699 1038 4754 rei
1071 4715 1248 4755 causa
1281 4699 1550 4771 Pythiam
1580 4701 2000 4769 consuluisset,

347 4789 588 4860 jussum
617 4788 800 4844 fuisse
842 4789 1112 4862 Trojanis
1143 4789 1204 4844 id
1235 4789 1502 4847 reddere.
1537 4791 1636 4846 His
1667 4791 1844 4847 dictis
1891 4791 2000 4846 deo

355 4895 483 4934 rem
516 4894 746 4934 sacram
769 4877 928 4945 fecit,
960 4880 1322 4950 Encamque
1351 4877 1704 4952 deprompto
1734 4879 2000 4935 Palladio

352 4965 612 5024 donavit.
642 4968 852 5023 Encas
881 4983 1018 5023 cum
1049 4966 1313 5022 Palladio
1346 4967 1420 5022 ad
1473 4967 1656 5024 Italiae
1687 4968 2001 5024 dominum

353 5055 625 5112 Latinum
651 5055 950 5128 profectus
967 5072 1103 5112 cum
1124 5071 1192 5112 eo
1222 5055 1535 5113 adversum
1557 5056 1806 5113 Rutulos
1823 5073 2000 5129 expe-

2111 4721 2214 4754 πον
2269 4697 2375 4762 ἕως
2429 4697 2552 4774 ἄρτι
2602 4698 2694 4754 καὶ
2749 4697 3047 4776 συμφοραί.
3100 4697 3194 4754 Διὸ
3224 4699 3316 4754 καὶ
3351 4697 3636 4770 ἐπυθόμην
3669 4705 3774 4768 τῆς

2113 4788 2314 4852 Πυθίας
2369 4787 2492 4862 περὶ
2549 4787 2738 4857 αὐτοῦ,
2797 4788 2832 4858 ἢ
2890 4788 2979 4842 καὶ
3039 4789 3248 4845 ἀνεῖλεν
3302 4785 3603 4844 ἀποδοῦναι
3635 4787 3776 4844 οὐτὸ

2108 4882 2224 4938 τοῖς
2275 4874 2477 4950 Τρωσί.
2527 4878 2707 4932 Ταῦτα
2754 4873 3040 4949 Διομήδης
3085 4876 3277 4948 εἰπὼν,
3327 4877 3418 4932 καὶ
3465 4877 3777 4950 θυσάμενος

2111 4971 2190 5040 τῷ
2246 4968 2372 5037 θεῷ,
2443 4959 2695 5020 ἐκϐαλὼν
2748 4965 2904 5029 εὐθὺς
2953 4967 3017 5021 τὸ
3076 4963 3392 5022 Παλλάδιον
3447 4970 3529 5038 τῷ
3588 4965 3779 5037 Δίνείᾳ

2113 5051 2386 5131 δωρεῖται.
2447 5057 2618 5110 Τοῦτο
2678 5048 2863 5109 λαϐὼν
2918 5053 3141 5117 Αἲνείας
3196 5056 3336 5130 πρὸς
3364 5054 3454 5110 τὸν
3487 5053 3614 5110 τότε
3637 5073 3776 5108 τοπο

1548 5173 1916 5229 XYLANDRI
1955 5175 2042 5228 ET
2081 5173 2301 5230 GOARI
2338 5171 2562 5228 NOTAE.

425 5295 508 5378 μ)
539 5297 904 5381 Adiabenam
935 5297 1056 5381 scig
1081 5297 1382 5381 regionem
1401 5315 1546 5381 esse
1577 5315 1709 5371 qum
1741 5298 2003 5381 inter_'_l‘i-

350 5367 502 5441 grim
542 5375 602 5424 et
624 5371 980 5441 Euphratem
1021 5367 1228 5425 {luvies
1258 5369 1438 5438 jacet.
1475 5371 1568 5426 Sic
1595 5367 1726 5426 eam
1780 5377 1838 5426 et
1877 5373 1999 5426 Ste-

352 5439 886 5513 phanusappellat
929 5447 987 5496 et
1039 5442 1379 5496 Eustathius
1420 5443 1481 5496 in
1541 5441 1886 5513 Dionysium
1937 5447 1996 5497 et

351 5509 495 5567 alibi
523 5529 536 5564 :
571 5509 671 5566 de_
694 5509 812 5582 Qua
843 5511 1126 5567 videndus
1157 5514 1509 5568 Ammianus
1542 5509 1919 5582 Marcellinus
1949 5514 1991 5567 Ι.

346 5598 504 5654 31m.
525 5578 1075 5654 Apud—Strabonem
1095 5587 1133 5638 Ι.
1158 5600 1216 5638 χι
1239 5591 1503 5638 extremo
1536 5601 1716 5654 prope
1749 5578 1989 5653 Διαϐηνή

347 5652 710 5728 Ιοείιιιιιίεοιί
732 5654 938 5711 vitiose
957 5659 1118 5727 puto,
1135 5655 1374 5726 quando
1392 5652 1571 5710 etiam
1589 5652 1718 5726 ejus
1733 5652 1993 5727 epitoma

2112 5292 2409 5367 Ἀδιϐηντςν
2437 5297 2634 5354 habet.
2667 5298 2781 5354 Sed
2812 5299 2938 5355 haec
2963 5298 3130 5355 alias.
3155 5299 3236 5355 De
3268 5297 3610 5370 Scythopoli
3638 5298 3774 5356 vide

2111 5389 2289 5442 supra
2320 5375 2627 5442 annotata.
2673 5371 2754 5425 De
2805 5370 2878 5426 iis
2927 5377 3450 5442 quaaﬂsequuntur
3478 5375 3770 5442 annotare

2107 5440 2432 5513 quidquam
2469 5441 2656 5505 nolui,
2689 5459 2824 5496 cum
2878 5440 2967 5511 (ut
3021 5441 3172 5497 alios
3205 5440 3522 5513 plurimos
3552 5440 3764 5496 harum

2104 5511 2306 5568 rerum
2330 5513 2647 5584 scriptores
2671 5511 3376 5584 prmteream)Dionysius
3397 5511 3766 5584 Halicarnas-

2103 5583 2501 5656 sensisrlibro
2559 5585 2996 5654 Antiquitatum
3081 5583 3481 5656 Romanarum
3568 5583 3759 5656 primo

2101 5655 2514 5728 copiosissime
2544 5656 2738 5711 .‘linew
2769 5672 2865 5711 res
2895 5658 2973 5712 sit
3003 5661 3369 5728 persecutus.
3395 5654 3534 5711 XvL.
