4118 6284
367 406 490 467 273

1511 399 2053 463 HISTORIARUM
2094 398 2654 463 COMPENDIUM.

3671 404 3790 464 274

371 541 658 611 αρχοῦντα
713 533 952 597 Ἰταλίας
1016 538 1245 590 Λατῖνον
1301 530 1538 609 ἐφορμᾷ,
1594 532 1684 589 καί
1742 531 1877 589 κατᾶ
1923 535 2002 587 τῶ

2144 533 2435 589 ditionem
2462 534 2622 590 facit.
2640 537 2720 590 Εο
2754 536 2815 591 in
2845 535 3005 591 bello
3038 535 3279 591 Latinus
3310 535 3543 593 cecidit.
3580 537 3787 592 Eneas

363 623 680 683 Ῥουτύλων
740 622 836 679 σὺν
918 623 1069 696 αὐτῷ
1152 621 1511 699 ἑκστρατεύει.
1561 623 1651 681 Ἐν
1700 622 1747 695 ᾦ
1798 620 2032 695 πολέμῳ

367 719 601 775 Λατῖνος
663 714 692 769 6
745 712 1001 790 Τηλέφου
1084 712 1200 775 υἱὸς
1285 711 1601 787 ἀναιρεῖται.
1675 711 1893 773 Αἰνείας
1952 707 2029 780 δὲ,

362 803 592 878 στρατὸν
651 802 1095 879 συναγηγερκὼς,
1167 802 1305 857 κατὰ
1374 805 1481 855 τῶν
1558 798 1871 857 Ῥόυτύλων
1929 820 2030 855 πο-

363 891 553 965 λεμεῖ,
585 894 675 949 καὶ
740 892 969 955 τούτους
1021 893 1382 966 τρεψάμενος,
1440 893 1540 961 τὴν
1597 892 1865 964 θυγατερα
1920 896 2025 944 Aa-

358 983 522 1038 τίνου
548 976 851 1039 Ἀλϐανίαν
882 983 968 1056 [Ρ.
1005 983 1128 1055 136]
1172 979 1264 1034 καὶ
1314 982 1415 1050 τήν
1477 978 1756 1055 βασιλείαν
1816 972 2027 1046 λαϐὼν,

2143 628 2340 679 autem
2365 624 2625 680 exercitu
2648 623 2896 681 collecto
2912 625 3143 681 Rutulis
3160 624 3386 680 bellum
3407 625 3570 693 facit,
3595 625 3786 698 iisque

2142 713 2350 785 pulsis,
2382 713 2566 770 ﬁliam
2598 713 2785 769 Latini
2818 713 3132 770 Albaniam
3171 731 3417 769 uxorem
3450 719 3510 771 et
3539 730 3786 788 regnum

2142 807 2497 858 consecutus
2519 803 2727 858 urbem
2756 819 3030 874 magnam
3054 805 3323 871 exstruit,
3354 804 3598 859 nomine
3616 804 3789 860 Alba-

2139 891 2322 959 niam,
2368 891 2551 963 inque
2608 909 2679 948 ea
2733 892 3061 948 Palladium
3110 893 3381 950 collocat.
3413 894 3543 965 Ipse
3602 909 3784 966 regno

2136 985 2272 1051 post
2300 980 2575 1035 Latinum
2599 997 2787 1037 annos
2811 984 2874 1037 I9
2906 982 3143 1038 functus
3174 982 3446 1038 moritur.

366 1074 534 1128 πόλιν
564 1077 737 1142 κτῖζει
768 1071 1035 1148 μεγάλην,
1063 1064 1340 1128 Αλϐανίαν
1370 1066 1627 1132 καλὲσαςυ
1661 1067 1713 1124 ἐν
1741 1067 1879 1142 αὐτῇ
1907 1068 1971 1123 τὸ
2033 1065 2346 1124 Ηαλλάδιον
2400 1067 2646 1127 άπέθετο.
2704 1070 2801 1125 Καὶ
2863 1070 3025 1132 αὐτὸς
3085 1070 3221 1144 μετὰ
3275 1074 3503 1125 Λατῖνον
3567 1072 3631 1145 ιθ⁴
3685 1067 3779 1140 ἔτη

368 1160 707 1238 βασιλεύσας
732 1159 980 1231 τελευτᾷ.

442 1251 578 1306 Μετ’
635 1250 802 1305 αὐτὸν
881 1248 939 1305 δὶ
1005 1250 1290 1311 Ἀσκάνιος
1348 1248 1580 1319 Ἰοῦλος,
1636 1247 1753 1311 υἱὸς
1812 1246 2030 1305 Αἱνείου

358 1339 474 1394 ἀπὸ
507 1338 783 1415 Κρεούσης
840 1336 1125 1414 Τρωάδος,
1186 1341 1287 1408 τῆς
1342 1339 1570 1413 πρώτης
1626 1336 1789 1392 αὐτοῦ
1843 1357 2029 1413 γυναιο

354 1430 485 1496 κὸς,
528 1426 622 1499 ἔτη
682 1429 800 1484 λε’·
863 1428 922 1490 ὅς
976 1427 1067 1482 καὶ
1125 1429 1228 1497 τήν
1286 1422 1544 1485 Λαϐινίαν
1592 1427 1779 1489 κτίσας
1833 1424 2019 1496 πόλιν,

353 1517 563 1574 αὐτόσε
616 1518 681 1573 τὸ
736 1516 1019 1592 βασίλειον
1110 1518 1200 1573 καὶ
1260 1518 1325 1572 τὸ
1395 1513 1709 1573 Παλλάδιον
1770 1514 1875 1570 ἀπὸ
1920 1522 2022 1584 τῆς

352 1602 666 1667 ’Δλόανίας
718 1605 796 1668 εἷς
853 1608 955 1676 τήν
1014 1600 1269 1660 Λαϐινίαν
1305 1606 1568 1679 μετέθηκε
1621 1605 1721 1673 τήν
1788 1608 2022 1668 κτισθεῖο

359 1717 464 1751 σαν
501 1696 592 1751 ὑπ’
623 1695 808 1750 αὐτοῦ.

441 1780 694 1847 Ααϐινίας
727 1782 783 1840 δὲ
820 1785 979 1859 ἦρξεν
1045 1779 1258 1848 ’Ἀλϐας
1323 1786 1351 1839 6
1407 1783 1529 1846 λὶὸς
1584 1781 1866 1841 Ἀσκανίου
1923 1779 2015 1852 ἔτη

352 1874 444 1930 λέο
478 1876 539 1937 ὃς
568 1874 660 1929 καὶ
688 1875 859 1944 κτίζει
916 1875 1016 1942 τὴν
1074 1871 1238 1929 πόλιν
1308 1867 1534 1945 Σίλόαν,
1590 1871 1639 1941 ἐξ
1696 1873 1759 1927 οὗ
1814 1872 1903 1926 καὶ
1965 1872 2017 1925 οἱ

2212 1250 2353 1305 Post
2373 1249 2531 1305 hunc
2554 1250 2843 1321 Ascanjus
2862 1250 3023 1308 Iulus
3043 1253 3235 1307 Eneaa
3259 1267 3327 1306 ex
3344 1251 3563 1308 Creusa
3580 1252 3785 1323 Troja-

2139 1353 2237 1403 na,
2283 1337 2477 1409 prima
2506 1354 2711 1406 uxore,
2746 1338 2904 1394 ﬁlius
2947 1355 3195 1411 regnum
3242 1354 3431 1394 annos
3462 1340 3527 1393 35
3580 1338 3782 1410 gessit.

2136 1428 2191 1481 Is
2222 1426 2429 1481 urbem
2457 1427 2755 1484 Laviniam
2786 1427 3072 1496 condidit,
3104 1444 3292 1500 eoque
3320 1428 3541 1500 regiam
3574 1433 3632 1482 et
3651 1428 3782 1483 Pal-

2134 1518 2360 1574 ladium
2388 1519 2711 1575 transtulit.

2200 1790 2451 1846 Laviniae
2483 1791 2633 1846 rexit
2683 1791 2854 1847 Albas
2885 1791 3124 1847 Ascanii
3160 1791 3314 1846 illius
3346 1808 3538 1847 annos
3587 1794 3675 1847 35.
3719 1794 3775 1849 Is

2126 1879 2335 1935 urbem
2368 1879 2582 1935 Silvam
2630 1880 2922 1949 condidit,
2955 1880 3117 1936 unde
3165 1881 3342 1936 etiam
3390 1898 3559 1954 reges
3606 1881 3774 1937 Silvii

358 1963 615 2038 βασιλεῖς
649 1957 868 2018 Σίλὸιοι
900 1962 1216 2019 ἐκαλοῦντο.
1256 1960 1428 2025 Οὗτος
1461 1959 1519 2017 δὲ
1549 1961 1712 2017 πάλιν
1746 1961 1776 2016 6
1802 1953 2003 2057 "AA/k6}:

2131 1968 2498 2023 denominati
2531 1974 2687 2023 sunt.
2716 1970 2772 2023 Is
2816 1985 3054 2040 quoque
3085 1969 3416 2024 Palladium
3450 1970 3684 2025 Lavinia
3711 1971 3774 2026 in

348 2054 422 2107 τὸ
484 2049 801 2106 Παλλάδιον
860 2051 915 2107 ἐν
982 2052 1051 2122 τῇ
1108 2052 1198 2106 ὑπ’
1248 2050 1413 2105 αὐτοῦ
1490 2048 1765 2124 κτισθείσῃ
1854 2047 2014 2104 πόλει

2130 2058 2339 2114 urbem
2372 2075 2406 2113 a
2436 2075 2498 2114 se
2522 2058 2824 2114 conditam
2849 2052 3064 2114 Silvam
3087 2058 3347 2114 traduxit
3384 2059 3469 2113 Ibi
3490 2060 3770 2131 deinceps

354 2137 543 2216 Σίλϐῃ
574 2140 635 2197 ἐκ
656 2149 759 2211 τῆς
796 2136 1055 2202 Λαϐινίας
1124 2142 1404 2217 μετήγαγε
1452 2139 1691 2203 πόλεως.
1751 2140 2003 2197 Ἐντεῦθεε

2124 2146 2397 2203 Εηοίιάω
2451 2146 2659 2202 ordine
2690 2153 3083 2220 regnaverunt
3130 2164 3318 2203 annos
3347 2148 3471 2203 331.
3503 2149 3772 2203 Evander

356 2229 561 2286 λοιπὸν
589 2229 701 2285 ἐκεῖ
734 2228 1080 2305 βασιλεύουσι
1110 2230 1245 2285 κατὰ
1297 2226 1564 2304 διαδοχὴν
1625 2230 1677 2285 οἱ
1742 2227 2017 2286 Αἲνειάδαι

350 2317 452 2392 ἔτη
483 2319 623 2376 τλα“.
685 2317 960 2395 Εὔανδρος
990 2317 1049 2375 δὶ
1076 2319 1168 2374 καὶ
1200 2318 1384 2381 Πάλας
1416 2320 1467 2375 οἱ
1495 2323 1594 2375 τοῦ
1647 2317 1858 2376 Λίνείου
1884 2319 2018 2389 υἱοὶ,

345 2412 454 2480 τὴν
494 2409 848 2483 καλουμένην
906 2407 1147 2464 Βαλὲντα
1203 2409 1474 2484 ἐπαρχίαν
1524 2407 1815 2476 ίθύνοντες,
1865 2410 2015 2463 οἷκον

348 2495 713 2572 οἰκοδομοῦσι
760 2498 901 2553 πάνυ
962 2499 1128 2573 μέγαν
1168 2498 1260 2553 καὶ
1291 2497 1596 2570 θαυμαστὸν
1628 2496 1718 2553 καὶ
1748 2500 2015 2566 τοιοῦτον,

346 2589 481 2661 EE”
525 2588 741 2645 ἐκείνου
794 2588 969 2644 πάντα
1032 2585 1311 2664 βασίλειον
1363 2588 1509 2642 οἶκον
1566 2586 1833 2642 παλάτιον
1891 2587 2014 2641 ὀνο-

352 2680 643 2750 μάζεσθαι.

420 2788 547 2844 Ὀτι
592 2787 646 2841 ο⁶ι
674 2787 940 2857 Ῥωμαῖοι
976 2784 1054 2846 εἷς
1082 2783 1208 2860 τρία
1265 2780 1537 2859 διαιροῦσι
1593 2783 1689 2846 τὰς
1735 2787 1833 2838 τοῦ
1902 2804 2015 2857 μη·-

346 2878 439 2941 νός
457 2876 703 2951 ἡμέρας,
727 2874 803 2936 εἰς
822 2870 1117 2944 καλάνδας,
1150 2874 1227 2935 εἷς
1252 2873 1438 2934 νόννας
1460 2872 1548 2927 καὶ
1578 2871 1654 2933 εἷς
1682 2868 1879 2934 είδοῦς.
1908 2873 2011 2929 Καὶ

348 2967 402 3021 αἱ
437 2967 535 3039 μὲν
562 2961 835 3020 καλάνδαι
868 2963 1001 3018 είσὶν
1033 2962 1141 3017 ἀπὸ
1169 2968 1269 3031 τῆς
1298 2962 1478 3037 ἀρχῆς
1505 2966 1602 3015 τοῦ
1636 2960 1809 3033 μηνός
1844 2960 2010 3036 μέχρι

344 3062 443 3125 τῆς
465 3056 510 3109 θ’
550 3055 790 3129 ἡμέρας,
824 3054 881 3108 αἱ
912 3050 971 3108 δι
995 3052 1085 3107 ἀπ’
1145 3052 1318 3120 αὐτῆς
1343 3051 1523 3105 νόνναι
1596 3047 1766 3125 μέχρι
1817 3056 1916 3120 τῆς
1952 3046 2011 3105 ιε’

351 3146 585 3217 ἡμέρας,
617 3140 760 3197 είδοῖ
788 3139 849 3197 δὲ
895 3142 951 3197 αἱ
1012 3142 1178 3215 μέχρι
1233 3146 1336 3208 τῆς
1395 3138 1444 3194 λ’
1498 3139 1711 3213 ἡμέρας
1766 3138 1857 3193 καὶ
1906 3142 2004 3203 τῆς

356 3230 530 3305 ἀρχῆς
575 3237 674 3287 τοῦ
741 3231 943 3302 μηνὸς,
1002 3232 1125 3300 ἣτις
1179 3226 1428 3284 καλεῖται
1486 3221 1578 3299 ἔνη
1633 3232 1708 3300 (5)
1766 3226 1858 3282 καὶ
1916 3229 2008 3283 νεα

2125 2242 2323 2293 autem
2367 2243 2427 2293 et
2465 2237 2636 2293 Palas
2663 2245 2859 2294 Enem
2892 2239 3021 2308 filii,
3055 2239 3207 2295 289
3240 2256 3373 2294 cum
3405 2238 3770 2311 provinciam

2125 2327 2429 2383 Valentem
2459 2327 2882 2400 gubernarent,
2915 2326 3160 2382 domum
3201 2326 3575 2382 aedificarunt
3610 2326 3768 2382 mole

2124 2422 2183 2472 et
2227 2423 2525 2473 structura
2568 2417 2929 2473 mirabilem.
2986 2415 3127 2473 Inde
3180 2417 3438 2473 obtinuit
3486 2421 3552 2473 ut
3598 2417 3768 2489 regias

2121 2509 2349 2566 Palatia
2376 2509 2783 2565 nominentur.

2190 2782 2439 2838 Romani
2470 2781 2597 2836 dies
2629 2781 2851 2837 mensis
2883 2781 2945 2836 in
2976 2787 3097 2837 tres
3139 2789 3337 2854 partes
3373 2781 3671 2856 digerunt,
3705 2782 3767 2838 in

2116 2871 2437 2940 Kalendas,
2462 2871 2521 2926 in
2542 2873 2741 2926 Nonas
2772 2877 2830 2926 et
2860 2872 2921 2925 in
2955 2871 3114 2928 Idus.
3148 2871 3426 2927 Kalendae
3472 2890 3506 2928 a
3537 2873 3762 2928 mensis

2116 2960 2412 3032 principio
2433 2976 2623 3031 usque
2643 2961 2719 3015 ad
2738 2976 2961 3014 nonum
2982 2958 3141 3015 diem
3164 2961 3402 3027 durant,
3433 2961 3569 3016 inde
3584 2962 3763 3016 Nona

2117 3049 2192 3104 ad
2223 3049 2521 3104 decimum
2552 3049 2830 3120 quintum
2860 3066 3046 3119 usque
3103 3049 3260 3105 diem
3312 3050 3633 3121 pertinent.
3668 3050 3764 3106 Se-

2117 3143 2382 3210 quuntur
2408 3137 2544 3193 ldus
2565 3155 2752 3209 usque
2780 3138 2853 3194 ad
2872 3138 3030 3194 diem
3064 3138 3432 3211 trigesimum
3463 3145 3520 3193 et
3536 3140 3760 3195 mensis

2114 3229 2375 3296 initium,
2407 3227 2567 3298 quod
2598 3232 2715 3283 Ene
2748 3231 2962 3283 Kmnea
2986 3229 3059 3283 ab
3084 3229 3478 3301 Aristophane
3510 3230 3759 3300 comico,

363 3322 512 3394 παρᾶ
551 3325 622 3393 τῷ
698 3323 944 3394 κωμικῷ
1019 3317 1382 3395 ’Δριστοφάνῃ
1477 3318 1568 3372 καὶ
1626 3315 1867 3390 Ἦσιὸδῳ
1913 3336 2003 3389 καὶ

432 3414 457 3425 ο
526 3407 545 3430 Ἴ
677 3416 699 3427 σε
814 3406 914 3430 πλδ
951 3413 974 3425 ν
1031 3405 1079 3430 βὶ
1140 3405 1308 3430 μηΊ-ῗ⁸Ϊ
1352 3426 1428 3430 -ᾼ--
1496 3408 1541 3430 -.τ
1610 3405 1767 3430 ,,l..-_
1804 3412 1900 3430 -3-
1935 3406 1983 3430 \'

2120 3316 2369 3373 Hesiodo
2403 3322 2460 3372 et
2490 3317 2735 3388 reliquis
2756 3316 3109 3390 appellatur.
3144 3316 3279 3373 Idus
3308 3322 3507 3374 autem
3538 3335 3758 3377 nomen

2120 3407 2250 3430 =_;-
2303 3406 2523 3430 LL--.
2584 3407 2732 3430 _---..
2779 3405 2846 3430 Α
2900 3423 3091 3430 --_--_.
3144 3407 3310 3430 :_.:a:-
3365 3408 3515 3430 .____“
3568 3409 3746 3430 LM-

362 3414 484 3469 τοῖς
523 3407 749 3472 λοιποῖς.
814 3406 974 3465 Εἲδοῖ
1027 3405 1085 3463 δὶ
1139 3405 1433 3462 καλοῦνται
1491 3408 1546 3460 αἱ
1606 3405 1773 3480 μέχρι
1800 3412 1901 3475 τῆς
1935 3406 2005 3477 λ’,

364 3500 446 3554 δτι
475 3503 767 3569 τηνικαῦτα
796 3498 1080 3574 ἀρχομένη
1128 3502 1229 3567 τῆς
1289 3496 1352 3559 ις’
1412 3493 1766 3551 εἰδοποιεῖται
1813 3516 2003 3551 παντε-

354 3584 468 3649 λῶς
498 3590 532 3657 ἡ
566 3586 794 3659 σελήνη,
835 3587 956 3643 εἶτα
994 3585 1186 3664 φθίνει.

420 3675 574 3733 Μετὰ
603 3678 705 3746 τήν
737 3674 1014 3751 βασιλείαν
1045 3672 1141 3729 τοῖ’)
1179 3672 1419 3751 Ἀρδέως
1485 3669 1836 3729 ἐϐασίλευσαν
1895 3680 2005 3728 Λυ-

348 3762 457 3819 δῶν
485 3760 664 3840 ἕτεροι
695 3766 746 3835 η’
795 3760 899 3826 ἕως
933 3762 1164 3839 Κροίσου
1200 3769 1298 3819 τοῦ
1368 3763 1714 3840 ὑπερηφάνου
1771 3762 1860 3817 καὶ
1891 3761 2002 3819 Κύ-

340 3874 441 3929 ρου
500 3853 776 3929 βασιλέως
861 3854 1185 3928 Ἀσσυρίων.
1260 3848 1610 3909 Ἐϐασίλευσε
1656 3848 1715 3906 δὲ
1754 3852 1782 3906 ὁ
1838 3850 2002 3913 αὐτὸς

338 3949 582 4018 Κροῖσος
622 3941 718 4013 ἔτη
765 3950 843 4003 ιε’.
890 3943 1162 4017 Κατέσχεν
1217 3942 1307 3998 οὖν
1339 3945 1375 4011 ἡ
1410 3940 1661 4017 βασιλεία
1716 3937 1906 3996 Λυδῶν
1937 3942 2005 3995 τά

333 4031 444 4088 ὅλα
471 4030 572 4103 ἓτη
619 4030 765 4108 σλβ’.
800 4037 1028 4108 Κροῖσος
1087 4029 1146 4087 δὶ
1204 4032 1428 4101 ὑπέταξε
1473 4033 1646 4092 πάσας
1702 4030 1797 4092 τὰς
1852 4029 2003 4101 πλή-

335 4123 454 4177 σίον
498 4122 668 4176 αὐτοῦ
714 4120 1014 4196 βασιλείας,
1044 4118 1141 4176 καὶ
1183 4120 1251 4175 τὰ
1300 4118 1581 4196 πόρρωθέν
1632 4117 1796 4174 αὐτοῦ
1854 4117 1997 4192 λαμο

333 4207 507 4268 ϐανει.
541 4212 821 4282 Ἐμήνυσε
867 4207 925 4264 δὲ
978 4209 1070 4265 καὶ
1136 4209 1297 4284 Κύρῳ
1350 4208 1501 4263 ἐᾶσαι
1549 4209 1648 4276 τήν
1717 4205 1995 4284 βασιλείαν

2114 3407 2254 3462 inde
2303 3406 2546 3473 habent,
2579 3407 2737 3477 quod
2776 3405 2849 3461 ab
2894 3423 3098 3462 earum
3144 3407 3315 3463 initio
3365 3408 3520 3464 luna:
3567 3409 3758 3466 forma

2111 3496 2294 3567 (eidos
2321 3495 2512 3552 forma
2542 3500 2633 3550 est
2658 3497 2859 3551 Graeco
2913 3496 3211 3569 sermone)
3242 3497 3485 3553 omnino
3518 3499 3753 3570 perfici-

2110 3593 2225 3656 tur,
2256 3592 2433 3658 atque
2465 3602 2534 3641 ea
2564 3585 2776 3640 exinde
2807 3584 3055 3658 deperit.

2179 3677 2318 3730 Post
2344 3674 2544 3746 Ardyn
2578 3679 2709 3730 octo
2745 3674 3039 3747 Lydorum
3085 3691 3254 3746 reges
3291 3675 3533 3731 fuerunt
3562 3692 3751 3749 usque

2107 3764 2181 3821 ad
2202 3766 2463 3819 Croesum
2486 3763 2804 3835 superbum
2824 3768 2881 3818 et
2902 3764 3115 3834 Cyrum
3135 3765 3511 3837 Assyriorum
3526 3781 3745 3838 regem.

2107 3853 2384 3926 Regnavit
2412 3854 2643 3908 Crassus
2673 3869 2863 3908 annos
2897 3856 2981 3906 15.
3016 3853 3255 3909 Duravit
3281 3870 3529 3927 regnum
3563 3855 3748 3927 Lydo-

2103 3959 2238 3999 rum
2268 3958 2459 3998 annos
2489 3942 2733 3997 omnino
2763 3944 2888 3996 232.
2922 3941 3161 4014 Subegit
3192 3943 3425 3999 Croesus
3455 3945 3658 4001 omnia
3686 3950 3747 4001 et

2104 4031 2295 4087 vicina
2325 4035 2383 4086 et
2409 4030 2738 4101 longinqua
2755 4047 2958 4103 regna.
2974 4032 3124 4096 Quin
3144 4037 3203 4087 et
3221 4032 3369 4104 Cyro
3398 4033 3750 4106 signiﬁcavit

2101 4125 2170 4175 ut
2199 4120 2249 4174 is
2290 4135 2397 4174 suo
2428 4135 2609 4190 regno
2641 4117 2907 4183 decedat,
2949 4119 3097 4175 alias
3135 4137 3196 4173 se
3250 4121 3363 4192 ipsi
3404 4120 3630 4177 bellum
3661 4123 3746 4177 fa-

2101 4215 2359 4267 cturum.
2390 4207 2716 4279 Respondit
2734 4209 2917 4280 Cyrus
2948 4225 3054 4280 per
3083 4209 3385 4281 legatosu
3405 4210 3629 4281 Ecquid
3651 4212 3746 4266 iu-

333 4300 507 4355 αὖτοῦ
555 4300 647 4354 καὶ
711 4299 1090 4375 ἀναχωρῆσαι,
1148 4298 1183 4368 ἢ
1242 4294 1486 4366 δέξασθαι
1542 4298 1642 4365 τήν
1700 4298 1995 4373 παρουσίαν

2126 4298 2269 4352 urire
2309 4298 2504 4353 Croeso
2535 4296 2640 4351 abs
2668 4313 2763 4351 me
2785 4301 2981 4352 ortum
3009 4301 3118 4362 est,
3143 4297 3282 4368 quia
3303 4314 3338 4353 a
3358 4314 3451 4353 me
3474 4304 3533 4353 et
3562 4314 3742 4371 regno

327 4394 434 4458 τῆς
468 4384 752 4462 βασιλείας
784 4387 950 4442 αὐτοῦ
1005 4385 1386 4459 πολεμοῦσαν.
1443 4386 1505 4443 Ὁ
1555 4382 1613 4440 δὲ
1669 4389 1842 4457 Κῦρος
1873 4386 1996 4441 ἀυτ-

329 4483 484 4533 εῖπεν
545 4476 697 4548 αύτῷ
756 4472 843 4530 διὰ
898 4478 1004 4529 τῶν
1059 4470 1358 4549 πρέσϐεὼψ
1416 4499 1445 4526 «ι
1480 4474 1547 4531 Τί
1577 4476 1680 4551 γὰρ
1736 4472 1998 4546 ἠδίκηται

324 4563 632 4639 παρ’ἐμοῦ
665 4566 694 4619 ὁ
735 4569 990 4637 Κροῖσος,
1042 4563 1315 4633 τοσαύτην
1371 4569 1476 4639 γῆν
1534 4562 1855 4643 ἀφεστηκὼς
1905 4564 1996 4619 ἀπ’

320 4653 465 4727 ὶμοῦ
521 4654 613 4708 καὶ
717 4656 827 4707 τῶν
903 4649 1049 4723 ἐμῶν
1137 4650 1473 4727 βασιλείων;
1526 4652 1629 4708 Καὶ
1687 4649 1982 4724 ἀδημονῶν

2098 4403 2232 4443 meo
2263 4390 2495 4442 tantum
2523 4390 2693 4441 terrae
2719 4385 3274 4441 abstulit?»lnterim
3292 4387 3476 4442 animi
3508 4387 3740 4457 anxius,

2101 4480 2159 4531 et
2188 4475 2534 4531 felicitatem
2556 4474 2735 4531 Crcesi
2763 4480 3053 4543 metuens,
3078 4474 3140 4530 in
3169 4475 3401 4532 Indiam
3424 4476 3628 4550 fugere
3652 4494 3741 4533 co-

2097 4564 2636 4637 gitabat.Czeterum
2651 4581 2799 4620 uxor
2819 4580 2956 4620 eum
2970 4564 3053 4620 ita
3064 4581 3282 4638 wgrum
3297 4565 3498 4622 animo
3510 4566 3738 4634 videns,

2098 4670 2456 4726 causamque
2515 4655 2726 4710 scitata
2782 4661 2839 4709 et
2886 4656 3115 4722 edocta,
3176 4656 3457 4713 indicavit
3511 4658 3738 4714 vivente

319 4740 695 4801 ἐϐουλεύσατο
727 4747 914 4819 φυγεῖν
948 4740 1035 4796 ἐπὶ
1077 4742 1179 4810 τὴν
1239 4738 1471 4810 Ἰνδικὴν
1529 4743 1741 4818 χώραν,
1804 4739 1983 4798 δεδοι-

2120 4744 2265 4800 )ario
2280 4761 2385 4799 suo
2404 4745 2598 4816 priore
2613 4745 2825 4800 marito
2849 4751 3040 4801 vatem
3054 4746 3210 4802 240
3222 4747 3540 4818 quemdam
3554 4748 3736 4804 fuisse

313 4834 436 4895 κὼς
495 4833 599 4900 τήν
676 4829 928 4903 εὐτυχίαν
984 4828 1245 4903 Κροίσου.
1336 4827 1549 4885 ἰδοῢσά
1615 4828 1674 4885 δὲ
1728 4829 1886 4886 αὐτὸν
1945 4834 1979 4902 ἡ

521 4920 695 4976 αὐτοῦ
777 4920 956 4979 οὕτως
1037 4918 1346 4991 ἀθυμοῦντα
1417 4918 1507 4974 καὶ
1573 4917 1981 4995 ἐπερώτήσασα,

309 5012 410 5068 καὶ
476 5012 730 5084 μαθοῦσα
788 5011 919 5083 παρ’
983 5007 1149 5065 αὐτοῦ
1199 5007 1262 5064 τὸ
1314 5012 1564 5084 πρᾶγμα,
1618 5006 1761 5085 λέγει
1813 5008 1978 5083 αὐτῷ,

2094 4834 2631 4901 Hebraeum,divina
2642 4835 2935 4906 sapientia
2947 4835 3739 4907 praeditummomineDanie-

2091 4923 2249 4978 lum:
2295 4940 2431 4979 eum
2461 4940 2496 4979 a
2524 4940 2660 4997 rege
2694 4925 2755 4979 in
2809 4940 3042 4980 summo
3093 4924 3272 4981 fuisse
3303 4926 3528 4982 honore
3577 4925 3737 4981 babi-

2092 5016 2239 5081 tum,
2271 5028 2465 5084 neque
2496 5030 2692 5086 regem
2742 5013 2858 5069 nisi
2896 5031 3031 5070 cum
3082 5030 3149 5069 eo
3196 5015 3632 5071 communicata
3669 5032 3733 5070 re

1519 5128 1887 5183 XYLANDRI
1925 5130 2013 5183 ET
2050 5128 2269 5185 GOARI
2310 5131 2532 5186 ΝΟΤᾸΞ.

380 5244 653 5328 largiar,
696 5243 884 5328 habet
932 5243 1139 5328 codex,
1191 5242 1414 5325 duplici
1457 5262 1513 5328 ν,
1565 5248 1626 5328 et
1677 5245 1981 5328 annotavit

2125 5250 2178 5298 st
2198 5250 2472 5328 respectu
2502 5246 2688 5328 elapsi
2728 5249 2953 5328 mensis
2983 5245 3121 5328 (ἒν-όν
3141 5254 3241 5328 _cst
3286 5244 3637 5328 e§__1:_ala¢6v_)
3670 5257 3730 5328 et

300 5314 669 5374 Eustathius
698 5332 821 5370 non
853 5314 1245 5386 defuissegqui
1278 5314 1386 5385 per
1440 5314 1661 5386 duplex
1691 5335 1717 5366 ν
1752 5316 1974 5371 scribe-

304 5395 470 5458 rent,
503 5389 741 5443 tametsi
777 5385 1214 5458 magisﬁprobat
1244 5385 1537 5441 unicum.
1573 5386 1684 5441 Sed
1734 5392 1797 5441 et
1825 5387 1977 5458 aspi-

301 5457 547 5516 rarit?)
605 5474 694 5513 sa
750 5457 1061 5512 nonnullis
1119 5457 1361 5523 indicat,
1411 5458 1473 5526 in
1524 5474 1758 5512 versum
1788 5457 1970 5526 Odit,

305 5535 442 5597 397,
478 5531 581 5585 τοῦ
612 5529 709 5600 μὲν
774 5527 1021 5590 θίνοντος
1069 5526 1264 5600 μηνὸς,
1292 5531 1390 5581 τοῦ
1449 5524 1835 5599 δ’ίσταμένοιο,
1869 5524 1968 5600 qu,

312 5609 508 5659 exstat
536 5602 714 5658 etiam
746 5601 847 5657 0d.
886 5603 934 5666 ζ.
964 5601 1035 5653 Et
1063 5599 1411 5670 plutarchus
1470 5601 1532 5655 in
1563 5601 1763 5656 Solone
1813 5599 1967 5655 indi-

313 5681 409 5729 cat
437 5691 572 5730 enen
601 5676 683 5728 kce
724 5687 872 5726 nean
905 5687 973 5726 eo
1001 5672 1213 5738 notari,
1267 5670 1327 5725 id
1357 5676 1465 5738 est,
1500 5672 1779 5727 ultimum
1810 5672 1967 5727 diem

313 5748 554 5821 mensis,
588 5761 729 5802 cum
759 5743 908 5798 luna
937 5741 1043 5798 soli
1062 5742 1454 5814 congrediens
1484 5748 1542 5798 et
1569 5744 1969 5799 vetustissima

2085 5324 2360 5387 respectu
2391 5318 2652 5372 ineuntis
2682 5319 2890 5373 eadem
2934 5319 3279 5374 novissima.
3312 5319 3457 5375 Vide
3507 5327 3565 5376 et
3595 5318 3725 5378 Sui-

2085 5385 2222 5466 dam
2254 5394 2313 5441 et
2349 5387 2519 5466 alios.
2554 5390 2771 5466 γει-ειιέ
2799 5390 3213 5466 Aristophanis
3245 5398 3435 5466 exstat
3457 5394 3722 5466 Nubibus,

2082 5455 2243 5547 εύθύς,
2270 5459 2428 5547 ιμετὰ
2471 5457 2673 5547 ταύτην
2731 5455 2841 5523 ἔσθ’
2866 5454 3072 5547 ἔνη.’τε
3118 5460 3364 5547 καὶῇνὲα.
3416 5467 3498 5547 ᾼρ
3532 5454 3727 5547 potest

2080 5528 2164 5583 ibi
2192 5528 2376 5584 videri
2410 5546 2541 5602 qum
2558 5530 2772 5587 habeat
2803 5531 3166 5590 scholiastes.
3211 5533 3290 5589 De
3314 5551 3383 5590 eo
3415 5535 3508 5590 die
3532 5528 3723 5592 inter-

2124 5604 2391 5691 retantur
2408 5603 2788 5691 ,gra'mn’iatici
2823 5604 3176 5691 'll'esiodem'
3210 5605 3342 5674 hoc,
3404 5606 3533 5678 μήτ’
3589 5607 3719 5661 ἀνα-

2117 5667 2376 5726 άλλεσθαι
2406 5667 2459 5735 ἴς
2490 5674 2536 5728 τ’
2568 5670 2758 5749 αὔριον
2787 5675 2834 5729 τ’
2866 5669 3100 5752 ἔννηφιν.
3134 5676 3271 5736 XYL.
