4118 6284
433 403 552 468 275

1803 395 2128 461 GEORGII
2170 397 2514 464 CEDRENI

3726 415 3855 476 276

440 537 766 614 quidquam
784 539 844 594 in
874 535 1034 593 bello
1058 537 1268 611 egisse.
1288 533 1724 602 Hunc,mortuo
1739 533 2048 601 Dario,cun

2158 531 2270 600 ,ὠς
2299 557 2328 587 ‹‹
2361 534 2482 592 Ἐπὶ
2528 530 2754 614 Δαρείου
2803 540 2902 594 τοῦ
2956 539 3181 614 πρώτου
3231 559 3339 614 μου
3393 539 3588 620 ἀνδρὸς
3638 545 3707 616 ἦν
3764 567 3857 609 τις

431 635 488 688 et
520 629 594 686 ad
635 633 939 685 senectam
972 631 1207 682 aetatem
1241 630 1300 682 et
1328 625 1403 682 ad
1431 639 1677 698 magnas
1709 637 1850 697 opes
1881 638 2084 697 perve-

427 721 635 789 nisset,
669 717 1145 775 inMarabitidme
1189 717 1494 790 regionem
1516 715 1842 788 profectum
1869 713 1947 770 ibi
1964 715 2084 786 pri-

2191 621 2332 700 ἀνὴρ
2378 621 2630 702 Ἐϐραῖος
2693 629 3006 706 προφήτης,
3064 629 3256 708 σοφίαν
3308 625 3452 707 ἔχων
3511 635 3666 705 θεοῦ,
3717 635 3848 692 ivd-

2193 733 2324 787 ματι
2353 714 2578 786 Δανιὴλ,
2609 713 2792 771 ὅντινα
2833 715 2887 770 ἐν
2937 713 3124 792 πολλῇ
3177 721 3316 793 τιμῇ
3375 721 3501 800 εἶχε
3557 728 3784 798 Δαρεῖος
3816 725 3850 780 ὁ

429 815 622 868 vatam
669 807 846 865 vitam
899 824 1093 881 agere.
1144 808 1330 880 Cyrus
1378 805 1492 862 hoc
1539 805 1740 860 audito
1781 803 2048 876 principe

2193 800 2472 876 βασιλεὺς,
2505 801 2568 858 οὗ
2590 803 2766 884 χωρὶς
2800 800 2957 860 οὗδὶν
2979 803 3234 880 ἔπραττεν
3265 806 3318 862 ἐν
3347 814 3466 872 τοῖς
3520 807 3846 886 πολεμίοις·

431 916 571 956 suos
601 898 674 955 ad
692 895 1006 954 Danielum
1027 893 1232 965 mittit,
1258 895 1359 968 qui
1384 909 1515 951 eum
1549 893 1879 950 honoriﬁce
1900 893 2082 949 addu-

2187 891 2335 952 ὅστις
2396 892 2531 965 μετὰ
2570 894 2670 961 τὴν
2713 891 2972 964 τελευτὴν
3029 892 3237 951 ἐκείνου
3291 893 3558 960 πλούσιος
3615 899 3690 954 ὢν
3747 902 3848 957 καὶ

425 993 646 1048 cerent.
701 987 938 1042 Interea
992 986 1226 1041 Crmsus
1278 981 1571 1056 Lydorum
1628 998 1730 1039 rex
1789 981 2048 1054 quosdan

2186 981 2508 1066 γεγηρακώς
2554 977 2755 1052 item
2811 983 2887 1044 εἰς
2951 983 3051 1053 τήν
3107 979 3460 1059 Μαραὸιτιδα
3511 987 3725 1066 χώραν.
3775 991 3847 1048 Ὁ

428 1093 668 1134 suorum
721 1073 1108 1132 familiarium
1153 1071 1378 1146 deligit,
1410 1073 1602 1146 iisque
1635 1077 1693 1128 et
1721 1071 1984 1146 vulgaria
2021 1087 2048 1127 e

2184 1063 2242 1123 δὲ
2281 1072 2482 1144 Κῦρος,
2513 1069 2746 1133 ἀκούσας
2794 1075 2982 1143 ταῦτα,
3037 1066 3248 1148 ἔπεμψε
3301 1074 3439 1150 πρὸς
3485 1063 3648 1133 αήῦτδν
3697 1078 3843 1142 τοὺς

429 1165 607 1222 simul
636 1165 800 1238 regia
828 1165 986 1220 dona
1014 1163 1134 1232 dat,
1169 1163 1543 1236 Delphosque
1563 1180 1664 1218 eos
1694 1161 1975 1218 amandat
2003 1177 2048 1217 at

2185 1161 2507 1233 μεγιστᾶνας
2554 1157 2738 1216 αὐτοῦ.
2821 1159 2972 1222 ὅπως
3071 1162 3208 1234 μετὰ
3288 1169 3460 1236 τιμῆς
3560 1164 3840 1243 ἀγάγωσιν

428 1250 737 1312 oraculum
752 1251 1066 1324 Apollinis.
1084 1247 1397 1310 Mandabat
1409 1257 1608 1308 autem
1637 1253 1702 1306 ut
1731 1247 1937 1308 habitu
1950 1267 2075 1308 mu-

2180 1243 2362 1302 αὐτόν.
2393 1247 2456 1304 Ὁ
2487 1244 2546 1302 δὶ
2577 1251 2813 1325 Κροῖσος
2869 1252 2953 1322 [Ρ.
3013 1252 3138 1324 137]
3173 1250 3432 1326 βασιλεὺς
3463 1251 3676 1328 Λυδῶν,
3708 1256 3837 1312 ἑπι-

428 1347 548 1401 tato
567 1342 877 1398 oraculum
908 1341 1219 1410 intrarent,
1245 1339 1656 1413 sacerdotique
1685 1340 1898 1397 viliora
1917 1341 2048 1397 dona

2181 1331 2474 1409 λεξάμενός
2523 1353 2673 1400 τινας
2755 1342 2863 1393 τῶν
2925 1336 3139 1394 οἰκείων
3193 1338 3357 1396 αὐτοῦ
3387 1383 3402 1409 ,
3461 1339 3588 1405 δοὺς
3643 1342 3838 1407 αὐτοῖς

426 1433 726 1500 offerrent,
760 1430 1026 1486 dicentes
1049 1446 1110 1485 se
1135 1447 1264 1486 esse
1285 1429 1584 1502 Egyptios
1613 1427 2070 1501 consultumque

423 1521 698 1594 Pythiam
723 1521 952 1577 venisse
971 1536 1172 1576 verum
1193 1536 1264 1574 ex
1288 1519 1518 1575 itineris
1542 1516 1912 1590 longitudine
1933 1517 2067 1587 sibi,

422 1611 596 1682 cujus
613 1612 700 1667 rei
723 1627 904 1667 causa
921 1609 1332 1682 perquirandw
1355 1609 1600 1682 profecti
1621 1615 1840 1677 essent,
1861 1626 1932 1665 ex
1946 1611 2070 1666 ani-

419 1717 518 1756 mo
550 1700 872 1756 efﬂuxisse:
900 1700 1026 1772 ipse
1047 1698 1298 1774 proinde
1320 1698 1484 1754 vobis
1517 1699 1820 1770 conceptis
1842 1715 1913 1754 ex
1933 1699 2064 1768 deo,

417 1807 523 1846 cur
553 1785 850 1857 adessent,
886 1788 1306 1844 sciscitaretur.
1339 1787 1505 1854 Quod
1530 1787 1576 1842 si
1619 1785 1894 1844 sacerdos
1925 1801 2068 1844 cau-

2179 1419 2329 1497 δῶρα
2377 1423 2570 1496 εὐτελῆ
2614 1424 2705 1482 καὶ
2762 1424 2910 1482 ἄλλα
2961 1424 3111 1505 δῶρα
3159 1430 3441 1505 βασιΑικὰ,
3489 1430 3835 1490 ἀποστέλλει

2175 1510 2373 1576 αὐτοὺς
2405 1513 2458 1569 ὲν
2486 1512 2718 1594 Δελφοῖς
2775 1515 2853 1580 εἷς
2911 1517 2974 1573 τὸ
3021 1515 3385 1582 ’Λπόλλωνος
3447 1527 3721 1595 μαντεῖον,
3755 1524 3836 1580 εἰ-

2175 1602 2362 1678 ρηκὼς
2393 1601 2597 1668 αὐτοῖς·
2637 1601 2936 1678 Ἀλλάξατε
2987 1601 3054 1662 τὰ
3108 1609 3372 1683 σχήματα
3424 1610 3514 1665 καὶ
3575 1609 3833 1668 ἀνέλθετε

2173 1689 2248 1752 εἰς
2275 1691 2337 1746 τὸ
2371 1697 2642 1765 μαντεῖον,
2671 1693 2764 1748 καὶ
2795 1692 3012 1750 ἐπίδοτε
3069 1695 3260 1766 εὐτελῆ
3323 1695 3474 1773 δῶρα
3533 1703 3614 1772 τῷ
3664 1701 3826 1774 ἱερει,

2171 1777 2439 1854 λέγοντες,
2475 1781 2582 1850 ὅτι,
2615 1777 2913 1858 Αῒγύπτιοι
2941 1781 3120 1858 ἄσμεν,
3177 1785 3269 1841 καὶ
3323 1783 3572 1860 ἤλθομεν
3610 1788 3827 1865 impas-

415 1893 543 1934 sam
573 1877 835 1950 ipsorum
862 1877 1147 1934 adventus
1174 1875 1476 1948 edixisset,
1499 1876 1662 1950 regia
1678 1875 1856 1932 etiam
1877 1876 2048 1932 Crassi

2165 1871 2327 1939 τῆσαι
2379 1871 2477 1941 τὴν
2561 1871 2780 1944 Πυθίαν,
2844 1873 2934 1928 καὶ
2991 1872 3052 1930 lu
3103 1875 3201 1930 τοῦ
3255 1883 3356 1946 τῆς
3414 1874 3544 1933 ὀδοῦ
3603 1882 3825 1952 μήκους

410 1966 658 2023 nomine
707 1965 865 2024 dona
911 1967 1214 2036 oﬂ‘errent,
1263 1966 1718 2038 indicarentque
1766 1964 2048 2022 sacerdoti

2165 1955 2618 2035 ιΑηΘαργήσαμεν
2649 1963 2701 2017 τί
2757 1960 3000 2037 ἤλθομεν
3057 1963 3296 2035 αἰτῆσαι,
3355 1964 3392 2036 ἣ
3450 1965 3820 2042 ὶπερωτῆσαι.

409 2052 675 2114 Crassum
707 2073 973 2130 quaerere
1021 2071 1175 2112 anne
1227 2056 1444 2128 Cyrum
1493 2054 1803 2112 Persarum
1860 2069 2059 2128 regem

413 2152 996 2220 essetsuperaturus.
1030 2145 1124 2202 llli
1156 2147 1446 2218 imperata
1477 2147 1736 2202 exsecuti
1769 2151 1926 2202 sunt.
1954 2144 2060 2202 Sa-

414 2233 626 2292 cerdos
643 2236 793 2292 votis
817 2235 1074 2308 peractis
1096 2236 1208 2292 hoc
1230 2235 1499 2306 responsi
1529 2249 1561 2289 a
1580 2234 1792 2306 Pythia
1812 2233 2056 2307 accipit:

553 2321 649 2381 Est
675 2341 932 2380 mensura
959 2323 1148 2392 maris,
1179 2337 1442 2379 numerus
1471 2324 1610 2378 mihi
1637 2330 1799 2380 notus
1827 2338 2008 2380 arena
2039 2341 2059 2381 :

553 2411 813 2483 Elinguis
849 2415 1026 2469 animi
1051 2429 1208 2469 sensa
1237 2418 1288 2468 et
1319 2427 1575 2482 cognosco
1605 2413 1852 2469 tacentis.

554 2502 662 2559 Sed
692 2503 834 2558 mihi
861 2519 963 2558 rea:
993 2503 1202 2560 Croesus
1229 2504 1568 2572 cupiuntque
1596 2500 1826 2557 illudcre
1857 2501 2018 2572 Lydi.

481 2593 766 2663 Egressus
796 2591 1225 2657 sacerdos,Non
1257 2591 1420 2660 estis,
1437 2590 1650 2662 inquit,
1667 2592 1938 2663 Egyptii,
1953 2591 2057 2646 sed

404 2679 571 2752 Lydi;
597 2698 791 2752 neque
813 2681 1109 2738 oblivione
1131 2681 1308 2753 capti,
1333 2680 1436 2736 sed
1466 2681 1665 2736 animo
1697 2681 1896 2737 divina
1915 2681 2054 2737 illu-

408 2771 590 2828 dendi
621 2771 864 2830 adestis.
897 2772 1085 2829 Simul
1115 2774 1202 2830 eis
1243 2771 1549 2830 oraculum
1576 2773 1638 2830 in
1671 2773 1817 2831 241
1853 2773 2056 2830 tabula

409 2862 696 2934 scriptum
725 2861 988 2919 tradidit.
1016 2859 1155 2934 Lydi
1179 2863 1414 2919 attoniti
1437 2863 1521 2919 rei
1549 2862 1836 2920 miraculo
1858 2879 2052 2920 sacer-

414 2949 537 3008 doti
585 2949 820 3026 reliqua
860 2951 1038 3008 etiam
1068 2950 1230 3025 regia
1265 2950 1422 3007 dona
1466 2950 1848 3008 obtulerunt:
1883 2965 2055 3024 expo-

410 3039 778 3113 sueruntque
809 3039 1024 3096 missos
1075 3053 1137 3096 se
1170 3057 1204 3096 a
1243 3039 1439 3096 Crasso
1487 3057 1644 3112 rege,
1678 3041 1777 3114 qui
1828 3040 2052 3097 bellum

411 3132 619 3184 contra
649 3131 865 3202 Cyrum
895 3144 1095 3201 regem
1124 3129 1438 3184 Persarum
1481 3128 1760 3186 haberet:
1795 3131 2054 3186 interro-

409 3221 578 3290 garet
627 3232 762 3290 ergo
807 3215 984 3273 deum
1029 3231 1105 3274 an
1149 3217 1411 3273 Craasum
1459 3217 1703 3274 victoria
1759 3227 2048 3277 maneret.
2083 3260 2127 3330 Ο

409 3301 715 3330 τ...Α..----...
755 3305 809 3330 ε-
848 3306 1168 3330 -----..ε.....
1216 3305 1487 3330 -Α---.1--
1545 3311 1596 3330 ,ι
1627 3313 1898 3330 -..--Αι---
1939 3309 2044 3330 ιΑΑ

408 3301 718 3378 Ingressus
755 3305 816 3360 in
847 3306 1171 3362 sacrarium
1215 3305 1491 3362 sacerdos
1541 3311 1598 3363 et
1627 3313 1900 3380 precatus
1939 3309 2052 3366 hoc

405 3394 712 3450 craculum
740 3393 980 3450 retulit:

405 3481 612 3538 Crwsus
627 3481 810 3552 Halyn
833 3489 1131 3553 penetrans
1151 3499 1411 3553 magnam
1435 3491 1712 3555 pervertet
1731 3501 1896 3556 opum
1915 3489 2046 3544 vim.

400 3568 582 3641 quue
634 3571 696 3625 in
756 3571 960 3627 tabula
1016 3571 1302 3644 scriptum
1357 3571 1640 3629 exhibens
1697 3573 1921 3648 legatos
1973 3577 2048 3632 ad

397 3657 660 3714 Croesum
691 3658 940 3718 dimisit.
970 3659 1250 3716 Danielus
1279 3677 1415 3717 vero
1447 3661 1522 3718 ad
1544 3665 1759 3735 Cyrum
1791 3669 1881 3720 est
1908 3682 2048 3737 pro-

398 3743 628 3816 fectus;
659 3748 732 3804 ab
781 3765 970 3822 eoque
1014 3748 1410 3823 interrogatus
1458 3765 1533 3806 an
1581 3751 1848 3808 Crmsum
1887 3759 2047 3810 esset

397 3835 682 3904 victurus,
745 3853 882 3892 cum
931 3853 1284 3910 responsum
1338 3838 1624 3906 differret,
1677 3841 2043 3916 indignantis

397 3925 555 3998 regis
576 3926 752 3998 jussu
788 3929 878 3982 est
905 3925 968 3982 in
999 3926 1228 3984 foveam
1259 3925 1502 3985 leonum
1533 3931 1853 4006 projectus.
1883 3933 2042 3988 Nihil

401 4032 437 4074 ιι
464 4013 740 4074 leonibus
771 4015 913 4074 mali
935 4033 1178 4091 passum
1208 4019 1392 4092 Cyrus
1419 4020 1588 4077 educi
1618 4021 1842 4095 jussit;
1871 4025 2042 4097 geni-

395 4101 628 4178 busque
653 4105 782 4180 ejus
811 4105 1142 4177 advolutus,
1165 4114 1592 4182 peccatumque
1610 4127 1783 4167 suum
1805 4115 2040 4169 confes-

397 4209 518 4264 sus,
551 4197 740 4252 oravit
766 4196 852 4252 uti
883 4197 1002 4252 Deo
1033 4199 1302 4255 invocato
1325 4197 1436 4256 sibi
1471 4199 1694 4256 diceret
1717 4217 1790 4258 an
1813 4201 2037 4258 bellum

391 4297 596 4359 gerere
610 4291 810 4356 posset
831 4290 1036 4341 contra
1048 4287 1334 4355 Crcnsum,
1353 4293 1586 4359 raptore
1596 4305 1653 4344 in
1673 4289 1842 4346 illum
1861 4297 2038 4362 atque

391 4371 714 4443 superbum
741 4387 964 4446 regem,
999 4373 1101 4445 qui
1141 4375 1302 4430 omni
1344 4379 1500 4432 terra
1531 4391 1636 4432 suo
1680 4393 1862 4446 regno
1899 4379 2036 4434 sub-

382 4459 610 4532 jugata,
643 4465 844 4516 tamen
875 4467 1189 4517 contentus
1221 4479 1341 4518 non
1375 4471 1549 4520 esset.
1607 4465 1887 4524 Danielus
1917 4470 2035 4525 Deo

2167 2043 2323 2104 Ἀλλ’
2361 2049 2503 2120 εὖξαι
2532 2051 2624 2106 καὶ
2667 2049 3014 2128 ἐπερώτησον
3071 2053 3162 2109 τὸν
3223 2054 3340 2119 θεὸν
3401 2052 3492 2111 διὰ
3539 2056 3593 2113 τί
3639 2057 3822 2128 £100-

2171 2155 2283 2209 μεν.
2319 2139 2421 2195 Καὶ
2461 2139 2505 2194 sl
2537 2141 2632 2214 μὶν
2664 2137 2791 2215 εἷ’πῃ
2852 2141 2980 2216 ὑμῖν
3035 2139 3126 2198 διά
3169 2142 3225 2198 τι
3279 2141 3496 2214 ἤλθετε.
3546 2141 3672 2202 δότε
3721 2150 3820 2207 καὶ

2163 2225 2232 2280 τὰ
2277 2228 2404 2300 παρ’
2457 2223 2594 2302 ἐμοῦ
2653 2228 2914 2304 βασιλικὰ
2966 2227 3136 2306 δῶρα,
3167 2231 3259 2287 καὶ
3315 2231 3500 2289 εἶ’πατε
3559 2239 3642 2308 τῷ
3680 2237 3825 2307 ἱερεῖ

2165 2314 2212 2370 εἰ
2263 2321 2396 2372 νικῶ
2444 2317 2538 2374 τὸν
2618 2317 2846 2393 βασιλέα
2918 2321 3136 2392 Περσῶν
3215 2322 3310 2378 τὸν
3369 2325 3572 2399 Κῦρονο
3633 2325 3702 2382 0i
3761 2321 3829 2381 δὲ

2163 2405 2490 2476 ποιήσαντες
2545 2401 2718 2469 οὕτως
2802 2406 3161 2482 ἐπηρώτησαν
3234 2411 3326 2466 τὸν
3399 2411 3564 2487 ὶερὲαο
3624 2413 3684 2474 ὃς
3730 2411 3830 2469 εὓ-

2165 2493 2389 2569 ξάμενος
2418 2487 2581 2550 ἔλαϐε
2605 2497 2704 2566 τὴν
2753 2496 3042 2571 ἀπόκρισιν
3098 2499 3300 2571 ταύτην
3348 2500 3496 2576 παρά
3549 2509 3650 2572 τῆς
3709 2507 3832 2558 Πυ-

2164 2591 2302 2655 Θὶας·
2357 2613 2387 2645 α
2417 2589 2558 2650 Οἶδα
2604 2596 2848 2668 ψαμμῶν
2903 2595 3134 2670 ἀριθμὸν
3179 2595 3458 2670 θαλάσσης
3509 2617 3570 2656 τε
3629 2600 3828 2676 μίτρα,

2165 2681 2227 2737 οὗ
2259 2680 2554 2745 λαλέοντος
2583 2680 2629 2738 δ’
2688 2684 2868 2739 ἀκοὺω
2924 2685 3014 2740 καὶ
3066 2691 3253 2766 κωφοῦ
3303 2688 3547 2762 ξυνίημι.
3599 2694 3827 2760 Παιζειν

2165 2769 2224 2827 δι
2282 2791 2350 2844 με
2403 2777 2652 2848 πειρᾶται
2727 2776 2956 2846 Κροῖσος
3035 2773 3293 2850 βασιλεὺς
3360 2778 3452 2834 καὶ
3514 2779 3566 2834 οἱ
3621 2779 3826 2838 τούτου

2163 2857 2354 2919 Λυδοί.
2387 2881 2418 2913 »
2475 2859 2582 2919 Καὶ
2635 2859 2867 2934 ἆξελθὼν
2900 2863 2929 2920 ὁ
2959 2863 3132 2939 ἱερεὺς
3188 2866 3329 2921 εἶπεν
3379 2867 3592 2938 αὐτοῖς,
3642 2890 3671 2923 ‹‹
3703 2869 3823 2928 Οὐκ

2163 2945 2282 3008 ἔστι
2327 2949 2618 3026 Αἷγύπτιοι
2649 2995 2668 3025 ,
2749 2951 2896 3009 ἀλλὰ
2971 2950 3162 3024 Λυδοὶ,
3211 2955 3303 3012 καὶ
3359 2955 3458 3013 οὐκ
3502 2954 3821 3036 ἒληθαργή-

2163 3056 2307 3109 σατε,
2367 3036 2514 3096 ἀλλὰ
2594 3041 2877 3110 παίζοντες
2933 3042 3002 3096 τὰ
3055 3043 3172 3098 θεῖα
3225 3041 3434 3104 εἴπατε.
3472 3067 3493 3096 ι
3555 3045 3658 3102 Καὶ
3711 3045 3816 3104 ἰπ-

2161 3125 2360 3184 ιδωκεν
2415 3129 2604 3193 αὐτοῖς
2677 3129 2768 3186 τὸν
2837 3131 3096 3210 χρησμὸν
3146 3132 3358 3209 γράψας
3415 3133 3468 3190 ἄν
3530 3129 3811 3211 διπτύχῳ.

2161 3219 2230 3276 Οἱ
2283 3215 2340 3274 δὶ
2397 3217 2751 3295 ἐκπλαγᾶντες
2827 3219 3103 3282 ἂπὲδωκαν
3171 3222 3264 3279 καὶ
3316 3221 3498 3281 τᾶλλα
3549 3223 3816 3300 βασιλικὰ

2161 3304 2312 3384 δῶρα
2339 3313 2418 3380 τῷ
2445 3309 2600 3384 ἱερεῖ,
2642 3309 2885 3372 εἰπόντες
2943 3309 3111 3384 αὐτῷ,
3172 3308 3278 3382 ὅτι,
3328 3318 3558 3386 Κροῖσος
3589 3315 3618 3370 ὁ
3653 3314 3814 3392 βασι-

2159 3393 2286 3460 λεὺς
2371 3395 2606 3473 ἔπεμψα
2693 3400 2866 3472 ἡμᾶς,
2951 3396 3139 3471 ἄπειδή
3197 3399 3445 3475 πόλεμον
3512 3397 3632 3479 ἔχει
3674 3405 3815 3480 πρὸς

2157 3490 2332 3561 Κῦρον
2357 3487 2448 3544 τὸν
2492 3486 2721 3563 βασιλία
2776 3492 3023 3563 Περσῶν,
3086 3490 3186 3563 μαὶ
3242 3490 3381 3565 μάθε
3437 3492 3484 3548 εἰ
3540 3497 3665 3564 νικᾷ
3707 3493 3816 3550 αό-

2155 3583 2270 3640 τόν.
2328 3583 2605 3650 Εἰσελθὼν
2702 3587 2794 3642 οὗν
2831 3585 2999 3642 πάλιν
3055 3586 3084 3642 ὁ
3139 3586 3456 3665 ἱερεὺςοιαὶ
3517 3589 3810 3664 εὐξάμενος

2153 3670 2316 3731 ἔλαϐε
2342 3678 2435 3732 τὸν
2491 3677 2751 3752 χρησμὸν
2825 3676 3038 3733 τοῦτονο
3090 3700 3121 3729 ‹‹
3179 3679 3418 3754 Κροῖσος
3471 3679 3501 3735 ὁ
3555 3679 3814 3756 βατιλεὺς

2151 3757 2326 3825 ”Δλυν
2375 3766 2628 3840 ποταμὸν
2655 3760 2846 3828 διαϐὰς
2899 3765 3142 3843 μεγάλην
3188 3765 3368 3846 ἀρχὴν
3425 3767 3744 3830 καταλύσει.
3776 3795 3808 3823 ›-

2152 3855 2252 3910 Καὶ
2304 3857 2516 3930 γράψας
2569 3855 2664 3910 τὸν
2712 3855 2970 3932 χρησμὸν
3023 3859 3216 3912 τοῦτον
3261 3856 3314 3912 ἒν
3366 3855 3620 3934 διπτύχῳ
3670 3859 3807 3918 das.

2151 3941 2283 4000 λυσε
2345 3944 2481 4020 πρὸς
2514 3947 2772 4018 Κροῖσον.
2830 3945 2888 3998 '0
2946 3941 3003 4000 ει
3057 3947 3350 4024 προφήτης
3408 3947 3613 4019 Δανιήλ
3664 3949 3806 4020 ἦλθε

2148 4034 2284 4110 πρὸς
2336 4033 2428 4090 τὸν
2517 4033 2746 4110 βασιλέα
2818 4033 3017 4110 Κῦρον,
3079 4036 3172 4090 καὶ
3230 4034 3374 4112 λὲγει
3422 4036 3569 4111 αότῷ
3621 4043 3804 4116 Κῦρος

2150 4123 2286 4180 Εἶπὲ
2320 4143 2414 4196 μοι
2445 4121 2491 4178 εἱ
2523 4127 2657 4178 νικῶ
2688 4127 2917 4198 Κροῖσον
2947 4123 3038 4178 τὸν
3074 4123 3300 4200 βασιλέα
3357 4123 3570 4183 Λυδῶν.
3639 4129 3704 4186 Ὁ
3743 4126 3802 4186 δὲ

2149 4211 2352 4280 Δανιὴλ
2435 4206 2768 4268 ἂνεϐάλλετο
2845 4215 2944 4268 τοῦ
3021 4209 3213 4270 sin-civ.
3262 4213 3362 4269 Καὶ
3419 4215 3804 4292 ἀγανακτήσας

2147 4303 2265 4357 κατ’
2295 4300 2460 4357 αὐτοῦ
2513 4303 2692 4376 Κῦρος
2739 4296 2934 4358 ἔϐαλεν
2965 4300 3148 4372 αὐτὸν,
3207 4303 3299 4359 καὶ
3357 4305 3516 4368 οὗτος
3575 4306 3654 4370 εἰς
3703 4308 3799 4364 τὸν

2148 4389 2349 4446 λάκκον
2376 4393 2484 4446 τῶν
2519 4389 2776 4462 λεόντων,
2814 4391 2904 4447 καὶ
2957 4393 3031 4464 μή
3091 4411 3144 4447 τι
3196 4391 3500 4449 πεπονθότα
3557 4396 3651 4452 ὐπ’
3699 4397 3798 4453 αὐ-

2143 4483 2252 4535 τῶν
2312 4481 2574 4556 ἀνήγαγεν
2634 4480 2820 4537 αὐτὸν.
2893 4480 2992 4535 Καὶ
3039 4480 3366 4556 προσέπεσεν
3409 4482 3557 4556 αὖτῷ
3602 4485 3633 4540 ὁ
3691 4483 3801 4541 Κῦ-

391 4545 666 4603 invocato
699 4548 783 4603 ita
810 4549 1120 4621 respondit
1139 4550 1288 4622 Cyro
1308 4567 1322 4606 :
1346 4550 1414 4608 Et
1442 4554 1640 4611 vinces
1667 4557 1951 4626 Crmsum,
1977 4565 2035 4614 et

2158 4588 2240 4632 nec
2273 4545 2472 4646 λέγων·
2499 4545 2778 4645 Ἥμαρτον
2812 4567 2888 4631 εἰς
2931 4570 3010 4643 σε,
3041 4545 3172 4626 ἀλλ’
3198 4569 3344 4642 εὖξαι
3397 4576 3478 4644 τῷ
3527 4545 3654 4646 ’Θεῷ
3704 4575 3797 4631 καὶ

391 4651 526 4692 eum
555 4635 1149 4736 captivum.habebis.
1183 4638 1276 4695 Sic
1325 4642 1484 4696 enim
1515 4643 1588 4698 de
1619 4650 1675 4700 te
1705 4645 1880 4713 Deus,
1907 4648 2029 4718 qui,

2158 4629 2262 4713 εἲπὲ
2295 4629 2390 4731 μοι
2437 4657 2486 4713 εἷ’
2551 4629 2782 4733 δύναμαι
2848 4629 3166 4732 πολεξιῆσαι
3218 4629 3298 4732 τέ)
3357 4629 3556 4736 ἅρπαγι
3611 4629 3795 4736 τούτῷ

391 4737 762 4795 quaecunque
777 4721 1072 4793 videntur,
1088 4726 1289 4782 omnia
1302 4729 1538 4800 creavit,
1573 4747 1674 4786 ore
1703 4733 1870 4789 Isaias
1883 4735 2031 4791 vatis

2158 4745 2230 4802 ιαὶ
2291 4721 2619 4824 δπερηφάνῳ
2687 4721 2944 4822 ’Κροίσῳ,
2995 4721 3098 4802 ’ὅτι
3153 4721 3328 4804 πᾶσαν
3378 4721 3479 4820 τὴν
3515 4721 3634 4825 ’γῆν
3691 4721 3794 4809 ὀπί

387 4811 864 4886 pronuntiavit“:
880 4813 1048 4869 «Hmc
1066 4813 1208 4870 dicit
1222 4816 1505 4874 Dominus
1519 4821 1668 4892 Cyro
1682 4827 1860 4878 uncto
1875 4839 2028 4895 meo,

387 4902 560 4975 cujus
599 4899 867 4958 dextram
907 4903 1296 4975 apprehendi,
1328 4911 1394 4962 ut
1435 4907 1488 4963 ei
1521 4916 1726 4981 gentes
1757 4911 2029 4984 subdam,

383 5006 764 5066 perrumpant
780 4991 961 5048 robur
971 4997 1710 5071 regnum,aperia.njanuas
1722 5006 1860 5056 ante
1871 5018 2028 5058 eum:

380 5082 714 5154 praecedam
730 5099 887 5150 eum,
902 5083 1366 5155 etcomplanabo
1390 5094 1626 5145 montes
1643 5104 1657 5157 ;
1672 5089 1829 5146 fores
1847 5107 2031 5149 areas

379 5178 707 5242 conteram,
739 5181 798 5231 et
827 5180 1020 5232 vectes
1061 5176 1283 5236 ferreas
1327 5179 1715 5254 confringam.
1751 5185 2029 5257 Aperiam

378 5262 488 5318 tibi
519 5263 829 5322 thesauros
878 5279 1185 5334 nunquam
1229 5267 1404 5334 visos,
1453 5276 1520 5325 ut
1559 5289 1882 5345 cognoscas
1931 5291 2028 5330 me

380 5351 534 5408 242
554 5367 684 5407 esse
707 5359 895 5409 Deum
918 5355 1258 5412 Dominum.
1274 5359 1390 5431 Ego
1423 5375 1558 5416 eum
1591 5363 1839 5420 excitavi
1846 5365 2027 5438 justi-

377 5439 462 5496 tia
481 5438 797 5514 praeditum
820 5459 833 5496 :
855 5459 1063 5500 omnes
1096 5445 1225 5518 ejus
1255 5447 1386 5503 vitae
1423 5455 1618 5507 rectm.
1656 5453 1786 5525 Ipse
1817 5455 2026 5512 urbem

376 5545 576 5586 meam
625 5529 963 5604 mdificabit,
1005 5540 1062 5590 et
1093 5536 1377 5608 populum
1408 5557 1608 5597 meum
1639 5543 1932 5615 captivum
1963 5545 2026 5602 in

375 5617 714 5676 libertatem
736 5636 804 5676 ac
825 5623 1079 5692 patriam
1101 5627 1394 5697 restituet,
1418 5645 1540 5685 non
1570 5638 1811 5704 accepto
1834 5636 2024 5710 pretio

445 5719 493 5754 “
519 5717 628 5775 lsa.
660 5735 785 5790 ην,
823 5723 870 5786 1,
902 5723 954 5779 6.

2141 4836 2290 4910 ἐταξε
2343 4837 2433 4892 καὶ
2493 4835 2554 4891 οὐ
2609 4834 2946 4910 κορέννυται.
3007 4834 3108 4891 Kal
3167 4837 3196 4892 ὁ
3253 4838 3456 4907 Δανιὴλ
3497 4839 3792 4914 εὐξάμενος

2142 4923 2288 4979 εἶπεν
2321 4921 2487 4996 αὐτῷ·
2523 4921 2621 4980 Καὶ
2674 4927 2828 4996 νικᾷς
2880 4922 2973 4978 τὸν
3029 4927 3267 4998 Κροῖσον
3333 4925 3426 4981 καὶ
3488 4923 3794 5002 λαμϐάνεις

2141 5012 2300 5070 αὐτὸν
2359 5011 2720 5088 αἰχμάλωτον
2754 5029 2770 5048 ο
2826 5013 2952 5088 περὶ
3000 5016 3098 5068 σοῦ
3137 5013 3241 5091 γὰρ
3301 5017 3446 5071 εἶπεν
3505 5017 3535 5072 ὁ
3590 5019 3724 5082 Θεὸς
3765 5022 3794 5076 ὁ

2144 5105 2386 5174 ποιήσας
2443 5101 2617 5160 πάντα
2669 5101 2738 5158 τὰ
2795 5102 3050 5176 ὁρώμενα
3113 5106 3302 5177 ταῦτα,
3361 5102 3452 5160 διὰ
3499 5110 3596 5161 τοῦ
3651 5129 3796 5185 προ-

2139 5195 2316 5270 primo
2373 5192 2618 5252 'Hca’iou'
2671 5213 2699 5243 ιι
2731 5191 2923 5255 Οὕτως
2975 5187 3123 5270 λέγει
3178 5192 3380 5270 Κύριος
3439 5197 3468 5250 ὁ
3525 5197 3656 5264 Θεὸς
3712 5203 3796 5272 τῷ

2143 5284 2354 5356 χριστῷ
2385 5301 2494 5354 μου
2525 5277 2714 5355 Κύρῳ,
2754 5276 2828 5332 Οὗ
2883 5275 3156 5354 ἐκράτησα
3206 5286 3307 5348 τῆς
3367 5277 3545 5357 δεξιᾶς
3599 5283 3795 5357 αὑτοῦ,

2137 5369 2431 5425 ἐπακοῦσαι
2462 5365 2766 5444 ἔμπροσθεν
2794 5365 2960 5424 αὐτοῦ
2988 5359 3140 5439 ἔθνη,
3173 5368 3266 5424 καὶ
3322 5369 3485 5447 ἰσχὺν
3523 5372 3800 5444 βασιλέων

2139 5455 2435 5534 διαρῥτςεω·
2520 5455 2716 5528 ἀνοίξω
2795 5453 3101 5532 ἔμπροσθεν
3193 5456 3365 5530 αὐτῷ,
3447 5463 3796 5539 πορεύσομαι

2135 5544 2227 5600 καὶ
2285 5543 2532 5620 ὁμαλιῶ,
2613 5545 2704 5600 καὶ
2783 5545 2949 5618 Θύρας
3029 5545 3244 5622 χαλκᾶς
3325 5550 3622 5628 συντρίψω,
3695 5555 3792 5610 καὶ

2140 5632 2393 5712 μοχλοὺς
2421 5629 2684 5713 σιδηροῦς
2729 5629 3037 5704 συνθλάσω,
3067 5635 3158 5692 καὶ
3188 5637 3491 5712 θησαυροὺς
3523 5639 3794 5719 ἀοράτους
