4118 6284
355 388 471 454 2'11

1481 396 2031 461 HISTORIARUM
2076 398 2615 464 COMPENDIUM.

3647 398 3765 460 278

356 523 549 600 ἆνοίεω
579 543 690 597 σοι,
746 522 836 584 ἶνα
884 530 1027 603 γνῷς
1083 526 1167 585 ὅτι
1223 528 1333 605 ἐγὼ
1389 527 1592 603 Κόριος
1648 532 1736 606 [Ρ.
1800 530 1922 605 138]
1977 531 2002 586 ὁ

2119 536 2220 589 aut
2264 531 2558 605 mercede,
2589 532 2671 588 ait
2695 532 2975 590 Dominus
3028 533 3415 590 exercituum.
3450 557 3478 584 ››
3526 536 3632 591 His
3664 546 3768 591 au-

353 613 506 676 Θεός’
563 616 708 690 Ἐγὼ
764 613 940 693 ἐγερῶ
992 614 1153 673 αΰτὸν
1213 616 1349 691 μετᾶ
1416 615 1786 690 δικαιοσύνης·
1848 626 2015 675 πᾶσαι

363 700 421 758 αἱ
451 698 569 759 ὁδοὶ
600 702 769 760 αὗτοῦ
810 703 1031 762 εὐθεῖαι.
1071 704 1249 770 Οὗτος
1301 704 1658 782 οῗκοόομγςσει
1699 710 1798 778 τὴν
1852 707 2015 764 πόλιν

361 813 490 867 μου,
519 795 610 848 καὶ
642 795 744 863 τήν
775 792 1167 870 αἱχμαλωσίαν
1197 799 1294 851 τοῦ
1325 795 1465 852 λαοῦ
1501 816 1605 871 μου
1662 797 2010 872 ἀποστρέψει,

354 880 421 937 οὗ
478 883 614 955 μετὰ
669 881 909 958 λύτρων,
995 882 1057 940 οὐ
1147 884 1283 960 μετὰ
1340 882 1554 961 δώρων,
1632 888 1751 942 εἷπε
1815 886 2012 960 Κύριος

352 967 611 1030 Σαϐαὼθ.
656 996 686 1026 ››
741 975 804 1032 Ὀ
859 969 916 1030 δι
977 974 1237 1051 βασιλεὺς
1295 974 1475 1051 Κῦρος
1540 974 1776 1038 ἀκούσας
1829 974 2010 1033 ἔπεσεν

358 1058 442 1125 είς
467 1061 597 1125 τοὺς
628 1061 801 1128 πόδας
822 1069 921 1120 τοῦ
953 1063 1182 1137 Δανιήλ,
1215 1063 1416 1142 λέγων’
1456 1088 1483 1120 α
1507 1069 1585 1140 Ζῇ
1614 1066 1814 1139 Κύριος
1837 1066 1863 1121 6
1886 1065 2014 1128 Θεός

352 1172 482 1223 σου,
522 1152 632 1226 ἐγὼ
662 1152 925 1209 ἀπολύσω
954 1152 1014 1209 ἐκ
1040 1161 1143 1224 τῆς
1170 1161 1277 1231 γῆς
1303 1174 1407 1228 μου
1428 1153 1521 1209 τὸν
1542 1151 1784 1230 Ἰσραὴλ,
1804 1150 1893 1209 ’ίνα
1914 1152 2013 1210 λα-

345 1238 624 1316 τρεύσωαι
682 1245 764 1314 τῷ
816 1247 933 1317 Θεῷ
986 1238 1164 1299 αὐτῶν
1221 1241 1274 1299 ἐν
1332 1241 1761 1319 Ἱεροσολύμοις.
1817 1266 1845 1296 ››
1906 1244 2009 1302 Καὶ

353 1328 737 1404 ὁπλισάμενος
759 1332 1093 1408 παρετάξατο
1123 1334 1202 1405 τῷ
1236 1332 1478 1407 Κροίσῳ.
1537 1333 1599 1390 '0
1648 1329 1704 1388 δὶ
1760 1335 2008 1407 Κροῖσος,

344 1419 593 1485 ἆκοῦσας
650 1424 751 1491 τὴν
790 1422 888 1480 τοῦ
942 1424 1201 1499 χρησμοῦ
1257 1422 1569 1498 ἀπόκρισιν,
1630 1418 1824 1496 ἐξῆλθε
1874 1424 2013 1479 κατᾶ

337 1512 534 1588 Κύρου
594 1513 727 1588 μετᾶ
776 1509 1057 1589 δυνάμεως
1116 1511 1361 1585 πολλῆς,
1425 1512 1519 1570 καὶ
1574 1513 1863 1589 παρελθὼν
1919 1515 2010 1570 τὸν

335 1600 527 1661 Ἀλυν
607 1603 856 1677 ποταμὸν
942 1608 1042 1672 τῆς
1113 1602 1505 1667 Καππαδοκίας
1559 1604 1875 1680 συνέκρουσε
1928 1606 2008 1676 τῷ

340 1690 538 1766 Κύρῳ,
591 1694 875 1768 χειμῶνος
912 1688 1066 1756 ὄντος
1117 1688 1356 1752 πολλοῦ.
1414 1691 1515 1749 Καὶ
1571 1692 1830 1764 ἡττηθεὶς
1883 1688 2009 1763 ἠθέ-

335 1778 489 1850 λησε
515 1785 727 1860 φυγεῖν,
773 1781 1287 1858 πλημμυρτςσαντος
1341 1778 1398 1837 δέ
1443 1785 1539 1837 τοῦ
1578 1785 1851 1855 ποταμοῦ,
1911 1780 2008 1836 οὐκ

340 1866 746 1941 ἡδυνήθη,καὶ
787 1869 1000 1951 ἐλήφθη
1059 1870 1438 1947 αἰχμάλωτος.
1498 1870 1598 1927 Καὶ
1653 1868 1904 1927 ἀπώλετο
1941 1870 2009 1927 τὰ

338 1956 543 2031 πλήθη
578 1956 765 2030 αὐτοῦ,
827 1952 1078 2037 χιλιάδες
1132 1960 1497 2039 τετρακόσιαι.
1558 1957 1695 2016 Τοὺς
1757 1956 1813 2014 δὲ
1870 1957 2003 2015 ὑπο-

2120 621 2260 678 ditis
2291 624 2476 694 Cyrus
2521 620 2594 679 ad
2626 622 2806 695 pedes
2852 622 3084 679 Danieli
3116 622 3393 690 concidit,
3428 622 3769 696 juravitque

2118 730 2225 784 per
2249 713 2424 767 vitam
2450 712 2550 768 Dei
2584 728 2645 769 se
2670 710 2951 784 pOpulum
2968 710 3308 768 Israelicum
3329 730 3400 769 ex
3420 728 3527 770 sua
3543 712 3768 769 ditione

2119 800 2528 870 dimissurum,
2560 806 2627 856 ut
2678 802 2728 856 is
2760 799 3188 873 Hiorosolymis
3230 804 3346 857 Deo
3379 819 3485 858 suo
3540 800 3767 858 cultum

2120 892 2412 950 exhibeat.
2437 888 2638 953 Simul,
2664 888 2924 946 exercitu
2941 894 3189 959 armato,
3209 888 3487 947 adversus
3503 893 3767 948 Crcesum

2118 982 2305 1038 duxit.
2340 978 2449 1035 Sed
2482 982 2713 1037 Crmsus
2744 978 2967 1035 oraculi
3000 994 3285 1051 responso
3334 987 3574 1054 accepto
3624 996 3763 1036 cum

2119 1070 2348 1145 magnis
2379 1071 2566 1143 copiis
2596 1074 2804 1127 contra
2822 1069 3038 1142 Cyrum
3057 1076 3145 1126 est
3157 1073 3477 1143 profectus,
3502 1089 3767 1133 amnem-

2118 1176 2233 1234 que
2264 1159 2647 1232 Cappadociae
2670 1157 2857 1229 Halyn
2883 1159 3136 1231 trajecit,
3173 1158 3359 1217 multa
3390 1167 3513 1218 tum
3540 1160 3757 1222 hieme.

2117 1251 2406 1307 Caeterum
2468 1247 2786 1304 commisso
2840 1246 3046 1320 praelia
3096 1250 3323 1305 Crmsus
3370 1248 3579 1321 victus,
3630 1270 3765 1311 cum

2117 1337 2315 1411 fugam
2332 1341 2604 1404 tentaret,
2621 1333 2941 1408 impeditus
2959 1336 3151 1392 amnis
3168 1338 3587 1407 exundatione,
3607 1338 3767 1399 vivus

2116 1426 2178 1482 in
2208 1425 2468 1482 hostium
2503 1428 2857 1497 potestatem
2886 1424 3064 1482 venit.
3099 1427 3540 1499 Quadringenta
3579 1429 3770 1486 millia

2115 1515 2188 1570 de
2220 1513 2400 1570 Croasi
2431 1513 2692 1569 exercitu
2724 1528 2874 1569 carsa
2889 1519 3045 1583 sunt,
3079 1512 3296 1585 reliqui
3323 1532 3457 1571 cum
3490 1532 3557 1572 eo
3589 1516 3779 1590 capti.

2114 1604 2261 1660 Eum
2294 1602 2356 1659 in
2385 1603 2581 1676 ligneo
2612 1600 2842 1674 tripode
2875 1602 3235 1659 collocatum
3252 1606 3438 1677 Cyrus
3471 1605 3531 1662 in
3562 1608 3771 1664 trium-

2113 1694 2229 1767 pho
2290 1691 2352 1749 in
2410 1691 2713 1748 Persidem
2773 1688 3033 1749 abduxit.
3102 1692 3263 1749 Idem
3324 1695 3507 1768 Cyrus
3559 1712 3768 1753 omnes

2112 1780 2416 1839 Israelicos
2474 1781 2731 1855 captivos
2769 1781 3023 1849 dimisit,
3069 1787 3136 1838 ut
3194 1780 3342 1839 duce
3404 1784 3763 1843 Zorobabelo

2111 1871 2537 1928 Jerusalemam
2580 1875 2939 1943 repeterent,
2995 1871 3147 1927 sicut
3202 1887 3306 1927 suo
3351 1872 3480 1929 loco
3526 1874 3762 1930 dicitur.

2110 1960 2443 2017 Noluerunt
2471 1964 2669 2015 autem
2699 1959 2957 2015 universi
3001 1960 3184 2015 Judmi
3231 1977 3363 2016 cum
3404 1960 3763 2019 Zorobabelo

332 2045 666 2124 λειφθέντας
711 2047 827 2123 ἅμα
877 2054 957 2122 τῷ
1014 2050 1234 2123 Κροίσῳ
1290 2041 1486 2104 ἔλαϐεν
1543 2045 1942 2129 αἶ’χμαλώτους
1973 2049 2001 2103 6

2113 2047 2173 2105 in
2206 2044 2459 2121 patriam
2490 2045 2707 2116 redire,
2743 2046 2847 2103 sed
2886 2063 3021 2103 eum
3054 2052 3286 2103 tantum
3319 2046 3449 2104 dua:
3472 2048 3662 2105 tribus
3695 2066 3763 2107 ac

332 2140 548 2212 Κῦρος.
610 2135 716 2197 Καὶ
765 2137 968 2208 στήσας
1034 2132 1194 2193 αὐτὸν
1255 2130 1308 2195 ἐν
1368 2136 1572 2210 ξυλίνῳ
1654 2132 1900 2210 τρίποδι,
1952 2134 2002 2192 ἐν

2113 2138 2358 2195 dimidia
2387 2142 2605 2194 secuta:
2636 2142 2791 2195 sunt.
2826 2137 3091 2209 Reliquas
3128 2142 3159 2193 9
3193 2154 3239 2194 s.
3290 2138 3478 2195 tribus
3509 2139 3666 2195 ultro
3697 2136 3759 2195 in

328 2224 468 2301 ὕψει
531 2221 835 2302 δεδεμένον,
896 2222 1279 2302 ἐθριάμϐενσεν
1358 2226 1517 2283 αὐτὸν
1600 2226 1689 2282 καὶ
1766 2224 2002 2302 κατήγα-

2113 2226 2305 2284 Persia
2317 2230 2689 2293 manserunt,
2709 2231 2875 2283 metu
2896 2228 3158 2300 gentium
3180 2226 3400 2283 Judmm
3416 2227 3659 2302 circumj
3671 2243 3762 2285 ec-

328 2335 438 2395 γεν
469 2314 523 2370 ἐν
556 2311 800 2391 Περσίδι.
831 2316 891 2375 'O
923 2315 1084 2379 αὐτὸς
1128 2320 1300 2391 Κῦρος
1352 2312 1411 2371 ἐκ
1456 2322 1557 2386 τῆς
1611 2312 2002 2391 αἲχμαλωσίας

2113 2320 2299 2373 tarum
2333 2315 2569 2373 Dimisit
2585 2321 2784 2372 autem
2800 2312 3032 2373 Iudaeos
3052 2316 3235 2391 Cyrus
3259 2316 3485 2373 Danieli
3525 2321 3753 2392 rogatu.

321 2410 448 2463 τῶν
479 2404 868 2481 υίῶνἸσραὴλ
920 2403 1156 2462 ἀπέλυσε
1210 2405 1412 2468 πάντας
1472 2402 1559 2461 ἐπὶ
1604 2405 1671 2459 τὰ
1722 2403 2079 2482 Ἱεροσόλυμα
2139 2405 2276 2479 μετᾶ
2331 2398 2664 2481 Ζοροϐάϐελ,
2722 2404 2903 2468 καθὼς
2955 2401 3159 2478 προϊὼν
3195 2405 3221 2458 6
3255 2401 3425 2480 λόγος
3479 2402 3746 2476 δηλώσει·

319 2495 449 2555 Οὔκ
476 2494 754 2567 ἠθέλησαν
787 2493 846 2552 δι
902 2492 1133 2568 ἐξελθεῖν
1189 2493 1241 2549 οἱ
1299 2490 1556 2553 Ἰουδαῖοι
1610 2493 1802 2558 πάννες
1862 2494 1997 2568 μετᾶ
2035 2488 2368 2566 Ζοροϐάϐελ,
2430 2494 2474 2549 εἰ
2536 2497 2610 2568 μὴ
2674 2499 2925 2571 σκῆπτρα
2982 2490 3077 2548 δε3ο
3130 2494 3304 2567 ἦμες)
3367 2494 3554 2566 μόνον,
3617 2490 3747 2549 ὡσεὶ

333 2580 601 2665 χιλιάδες
658 2585 1014 2659 πεντήκονταο
1064 2583 1320 2656 Ἔμειναν
1389 2580 1447 2641 δὶ
1506 2582 1581 2646 εἷς
1637 2584 1705 2638 τὰ
1756 2582 1991 2659 Περσικὰ
2060 2579 2171 2655 ἰδίᾳ
2227 2581 2537 2660 προαιρέσει
2617 2588 2866 2657 σκῆπτρα
2950 2579 3099 2639 ἐννέα
3155 2579 3351 2656 ἣμισυ,
3419 2579 3748 2663 φοϐηθέντες

320 2676 399 2732 τί
426 2672 552 2745 ἔθνη
584 2674 651 2729 τὰ
679 2668 835 2749 πέριξ
866 2677 970 2742 τῆς
998 2670 1304 2742 Ἰουδαϊκῆς
1333 2671 1542 2748 χώρας’
1573 2669 1838 2729 Ἀπέλυσε
1872 2669 1929 2727 δὶ
1959 2671 2179 2742 αὐτοὺς,
2218 2678 2317 2729 τοῦ
2349 2670 2551 2742 Δανιὴλ
2582 2669 2972 2745 αἰτησαμένου.

398 2764 550 2821 Πετᾶ
581 2761 640 2819 δὲ
666 2763 730 2818 τὸ
758 2759 1055 2819 ἀπολέσθαι
1083 2763 1181 2831 τήν
1215 2758 1495 2838 βασιλείαν
1528 2756 1720 2817 Λυδῶν
1784 2761 1837 2815 ol
1882 2760 1990 2815 Σά-

336 2875 459 2929 μιοι
548 2851 1116 2928 θαλασσοκρατοῦντες
1202 2844 1556 2923 ἐϐασίλευσαν
1640 2853 1749 2905 τῶν
1811 2854 1990 2924 μερῶν

336 2945 581 3001 ἐκείνων.
642 2941 750 3000 Καὶ
807 2939 1039 3004 ἀκούσας
1128 2942 1263 3014 μετά
1317 2941 1517 3016 χρόνον
1578 2939 1607 2995 6
1663 2941 1843 3013 Κῦρος
1900 2937 1994 2994 ἐπ-

335 3034 659 3111 εστράτευσε
697 3031 814 3088 κατ’
874 3031 1074 3087 αὐτῶν.
1135 3029 1239 3088 Καὶ
1297 3022 1598 3104 συμϐαλὼν
1637 3025 1819 3091 αὐτοῖς
1868 3048 1994 3083 ναυ-

352 3121 527 3199 μαχίᾳ
553 3122 768 3193 ἡττήθη
802 3120 892 3176 καὶ
918 3119 1099 3198 ἕυυγε,
1139 3118 1230 3174 καὶ
1289 3114 1461 3182 ἐλθὼν
1513 3114 1588 3180 είς
1643 3117 1743 3186 τὴν
1803 3115 1990 3192 χώραν

355 3211 514 3269 αὒτοῦ
541 3210 770 3290 ἐσφάγη.
801 3208 930 3287 Περῖ
971 3206 1032 3264 οὗ
1088 3206 1340 3281 πολέμου
1397 3205 1573 3282 Κύρου
1623 3204 1715 3261 καὶ
1770 3204 1990 3278 Σαμίων

2174 2766 2371 2837 Iiegno
2398 2763 2690 2837 Lydorum
2723 2779 2946 2829 everso,
2974 2763 3152 2818 Samii
3178 2765 3357 2819 maris
3385 2765 3633 2835 imperio
3667 2781 3765 2836 po-

2105 2853 2195 2908 titi
2227 2853 2357 2908 istis
2386 2851 2729 2926 regionibus
2755 2851 2909 2909 248
2933 2850 3393 2923 imperaverunt.
3427 2853 3592 2919 Quod
3617 2870 3753 2909 cum

2103 2946 2311 3014 postea
2335 2942 2620 3014 temporis
2649 2941 2832 3012 Cyrus
2858 2939 3247 3014 cognovisset,
3302 2939 3742 3013 expeditionem

2103 3032 2381 3090 adversus
2412 3031 2639 3088 Samios
2667 3029 2845 3099 fecit;
2878 3031 2950 3086 ab
2992 3030 3183 3103 iisque
3216 3031 3406 3087 navali
3439 3047 3633 3105 pugna
3657 3034 3744 3087 vi-

2104 3129 2253 3192 ctus,
2287 3137 2423 3178 cum
2464 3123 2526 3177 in
2577 3136 2749 3176 suum
2779 3135 3029 3195 regnum
3057 3119 3194 3194 fuga
3238 3118 3622 3193 pervenisset,
3662 3118 3743 3177 ibi

2103 3210 2450 3267 interfectus
2474 3215 2580 3266 est.
2613 3209 2800 3284 Hujus
2822 3210 2981 3266 inter
3008 3210 3224 3283 Cyrum
3246 3227 3312 3267 ac
3344 3211 3572 3267 Samios
3603 3206 3746 3267 belli

362 3301 663 3379 Πυθαγόρας
722 3302 751 3356 6
814 3300 1025 3374 Σάμιος
1106 3295 1493 3374 ωνεγρᾶψατο·
1549 3292 1610 3359 6';
1681 3293 1771 3351 καὶ
1852 3295 1992 3350 εἶπεν

2113 3298 2419 3357 historiam
2458 3299 2810 3371 conscripsit
2853 3299 3216 3374 Pythagoras
3254 3298 3525 3367 Samius;
3559 3299 3659 3371 qui
3691 3306 3750 3355 et

366 3391 522 3447 αὐτὸν
550 3391 649 3447 ἐκεῖ
674 3389 924 3456 τεθνάναι
954 3386 1032 3454 εἷς
1062 3388 1153 3444 τὸν
1181 3387 1451 3461 πόλεμον.

432 3479 573 3538 Μετᾶ
602 3480 657 3538 εὶ
686 3482 786 3550 τὴν
823 3477 1105 3558 βασιλείαν
1141 3475 1313 3553 Κύρου
1356 3478 1385 3532 6
1417 3475 1535 3539 υίὸς
1569 3472 1731 3533 αὐτοῦ
1778 3479 1999 3551 Δαρεῖος

354 3570 381 3625 6
413 3571 500 3624 καὶ
539 3563 843 3642 Καμϐύσης
901 3564 993 3621 καὶ
1047 3564 1100 3621 0i.
1158 3563 1342 3621 λοιπεὶ
1399 3560 1746 3620 ἐϐασίλευσαν
1802 3565 1990 3620 Ἀσσυ-

346 3659 504 3735 ρίων.
537 3657 659 3717 Ἐπὶ
690 3664 797 3713 τῶν
831 3656 1048 3735 χρόνων
1086 3654 1181 3711 οὗν
1212 3656 1311 3725 τῆς
1346 3650 1627 3730 βασιλείας
1672 3656 1769 3708 τοῦ
1815 3649 1999 3708 τοιοῦ-

340 3770 439 3807 του
498 3748 726 3821 Δαρείου
785 3744 1100 3825 ἐῳιλοσόερει
1157 3744 1287 3819 παρ’
1350 3739 1620 3814 Ἕλλησιν
1675 3738 1998 3815 Ἀναξίμαν-

343 3833 502 3913 δρος,
536 3836 598 3900 ὃς
623 3834 713 3891 καὶ
744 3831 838 3894 τὰς
881 3831 1170 3908 ἰσημερίας
1221 3829 1310 3887 καὶ
1365 3828 1462 3895 τὰς
1513 3827 1718 3905 τροπὰς
1768 3826 1996 3900 ἐξέθετο.

340 3925 525 3985 Ἀλλὰ
582 3927 671 3982 καὶ
740 3923 1058 4003 Πυθαγόρας
1111 3923 1212 3993 τὴν
1290 3920 1664 3997 ἀριθμητικὴν
1736 3918 1999 3996 συνεγρά-

347 4020 517 4092 ψατο,
545 4015 638 4071 καὶ
679 4012 862 4091 δόγμα
915 4014 1313 4089 παρεισήγαγεν
1364 4007 1634 4079 Ἕλλησιν
1679 4007 2001 4084 ἀσωμάτους

343 4106 491 4161 εἶναι
530 4104 725 4181 ἀρχάς.
757 4106 848 4162 Ἐν
882 4098 940 4158 δέ
968 4104 1035 4176 τῇ
1071 4096 1322 4178 βασιλείᾳ
1377 4094 1600 4174 Δαρείου
1648 4096 1769 4153 υἱοῦ
1819 4095 2000 4173 Κύρου

346 4192 605 4266 πόλεμος
633 4191 855 4261 ἐκινήθη
889 4186 996 4244 ἀπὸ
1025 4188 1135 4243 τῶν
1183 4185 1460 4245 Αἰθιόπων
1513 4185 1632 4240 κατ’
1684 4183 1870 4254 αὐτοῦ,
1924 4183 2003 4238 οἳ-

346 4302 493 4342 τινες
522 4283 704 4342 γακῶς
733 4276 893 4334 αὐτὸν
952 4271 1162 4355 ἔφερον.
1218 4274 1390 4352 Ὀπερ
1442 4276 1659 4351 γνόντες
1716 4275 1768 4329 οἱ
1825 4272 1877 4328 ἐν
1930 4274 1999 4347 τῇ

345 4367 606 4445 Μηδίανῇ
641 4368 801 4445 χώρᾳ
857 4371 1233 4430 κατοικοῦντες
1286 4362 1543 4421 Ἰουδαῖοι
1599 4361 1818 4438 ἀφέντες
1872 4381 2002 4417 κατ-

344 4456 549 4519 έλαϐον
594 4462 695 4530 τήν
753 4453 1140 4534 Ἰερουσαλήμ
1198 4456 1264 4525 ἧν
1313 4452 1370 4512 δὲ
1423 4454 1641 4525 πλῆθος
1690 4452 1835 4509 πολὺ
1890 4459 1999 4509 τῶν

340 4547 648 4608 Ἰουδαίων.
683 4547 784 4603 Καὶ
849 4547 1031 4622 μαθὼν
1089 4548 1253 4601 τυῦτο
1310 4548 1532 4620 Δαρεῖος
1592 4543 1620 4599 6
1676 4541 1857 4618 Κύρου
1897 4542 1999 4598 ἀπ-

349 4639 563 4696 έστειλε
638 4658 941 4713 στρατηγον
1034 4632 1220 4703 αὐτοῦ,
1316 4633 1544 4706 ὀνόματι
1640 4632 1995 4710 Ὀλοφέρνην,

349 4732 435 4804 [Ρ.
476 4731 598 4801 139]
634 4728 769 4804 μετὰ
800 4722 1077 4800 δυνάμεως
1125 4721 1347 4793 πολλῆς
1406 4722 1480 4785 εἷς
1525 4720 1592 4777 τὰ
1644 4720 2000 4797 Ἰεροσόλυμα

348 4817 490 4874 γατᾶ
545 4813 847 4874 Ἰουδαίων·
934 4811 1023 4870 καί
1082 4810 1396 4886 ἐπολιόρκει
1447 4813 1549 4882 τήν
1606 4806 1992 4883 Ἰερουσαλήμ.

351 4907 460 4964 Καὶ
493 4901 689 4976 συνέϐη
746 4926 800 4960 τι
857 4898 1087 4981 φοϐερὸν
1143 4899 1268 4957 τότε
1315 4900 1576 4976 γενέσθαι.
1639 4896 1836 4958 Ἰουδίο
1892 4898 1995 4978 γὰρ

348 4991 580 5072 Ἐὂραία
621 4994 1019 5070 ἐμηχανήσατο
1070 4991 1206 5047 κατὰ
1258 4995 1357 5047 τοῦ
1404 4989 1614 5065 Πέρσου
1665 4987 1998 5066 Ὀλοφέρνου

349 5088 746 5160 προποιητῶς
801 5083 877 5145 ὡς
931 5083 998 5137 τὸ
1057 5076 1208 5146 ἔθνος
1260 5084 1368 5135 τῶν
1429 5076 1709 5137 Ἰουδαίων
1769 5078 2001 5136 θέλουσα

349 5170 677 5251 προδοῦναι*
730 5171 860 5240 ἥτις
916 5170 1006 5226 καί
1063 5168 1385 5245 παρεγένετο
1457 5169 1806 5244 κρυπτομένη
1865 5169 1999 5243 πρὸς

348 5262 710 5343 ὐλοιρέρνην,
754 5262 816 5324 ’ὸς
881 5259 1138 5339 ἑωρακὼς
1189 5261 1290 5330 τήν
1344 5257 1643 5339 εὐμορφίαν
1701 5258 1869 5328 αὐτῆς
1925 5258 2000 5322 είς

356 5349 537 5429 ἔρωτα
565 5345 747 5408 ἔπεσεν
779 5351 970 5421 αὐτῆς.
996 5354 1059 5408 Ἡ
1100 5345 1156 5404 δὲ
1188 5348 1334 5425 Λέγει
1364 5349 1533 5421 αὐτῷ.
1578 5373 1606 5401 ((
1646 5346 1866 5419 Μηδένα
1913 5346 2002 5403 ἐά-

354 5461 460 5515 σῃς
493 5438 715 5494 ἐνταῦθα
743 5436 971 5513 ἔγγιστά
1029 5457 1126 5491 σου
1164 5435 1300 5491 εἶναι
1348 5432 1417 5490 δι’
1464 5433 1586 5508 ἐμέ.
1645 5433 2004 5511 Ἐπέρχονται

349 5533 462 5606 γάρ
492 5549 608 5602 μοι,
655 5525 950 5600 πορνεῦσαί
1013 5546 1080 5599 με
1133 5522 1490 5599 βουλόμενοι.
1523 5548 1552 5576 ››
1608 5524 1709 5581 Καὶ
1765 5524 2004 5587 πεισθεῖς

358 5620 528 5694 μόνος
561 5614 718 5693 διῆγε
778 5617 894 5690 μετ’
946 5613 1134 5683 αὐτῆς.
1180 5616 1342 5690 Τρεῖς
1386 5609 1434 5668 δ’
1486 5612 1599 5669 ἐκεῖ
1650 5614 1786 5684 αὕτη
1834 5630 2006 5688 προσ-

366 5710 750 5785 καρτερήσασα
802 5703 1033 5781 ἡμέρας,
1115 5703 1190 5766 ὡς
1267 5701 1533 5777 καθεύδει,
1593 5703 1860 5779 ἰσχύσασα
1912 5706 2011 5775 τήν

2103 3391 2215 3447 hoc
2244 3389 2442 3457 habet,
2476 3390 2537 3445 in
2569 3387 2697 3461 ipso
2728 3389 2887 3445 bello
2917 3391 3132 3461 Cyrum
3164 3388 3532 3445 occubuisse.

2176 3480 2323 3552 Cyro
2373 3478 2658 3535 successit
2705 3478 2914 3533 Darius
2968 3476 3149 3548 illius,
3201 3477 3301 3550 qui
3334 3482 3391 3533 et
3432 3476 3751 3551 Cambyses

2104 3566 2592 3643 cognominatur;
2617 3582 2684 3623 ac
2708 3566 2922 3637 reliqui
2947 3566 3177 3635 ordine,
3206 3568 3359 3623 alius
3383 3567 3747 3635 aliisuil‘ecti,

2102 3673 2351 3732 regnum
2375 3655 2438 3713 in
2460 3656 2733 3729 Assyrios
2762 3660 3103 3712 tenuerunt.
3132 3658 3249 3711 Hoc
3275 3657 3447 3712 Dario
3466 3662 3747 3728 regnante

2104 3746 2262 3819 apud
2292 3748 2521 3802 Grmcos
2550 3743 2995 3801 Anaximander
3027 3744 3476 3817 philosophatus
3508 3751 3615 3815 est,
3648 3747 3749 3817 qui

2104 3835 2461 3908 aequinoctia
2480 3851 2548 3890 ac
2562 3831 2816 3890 solstitia
2846 3835 3137 3906 exposuit.
3160 3835 3310 3900 Quin
3333 3835 3511 3890 etiam
3535 3833 3750 3907 Pytha-

2104 3941 2277 4001 goras
2310 3924 2751 3981 arithmeticam
2776 3924 3150 3997 conscripsit,
3182 3928 3505 3996 auctorque
3536 3925 3750 3980 Grmcis

2104 4015 2217 4070 fuit
2247 4011 2547 4085 Opinionis
2592 4012 2662 4066 de
2693 4012 3005 4085 principiis
3036 4013 3420 4085 incorporeis.
3454 4010 3616 4069 Idem
3647 4028 3751 4068 rex

2104 4103 2177 4159 ab
2199 4100 2566 4174 Aithiopibus
2597 4097 2757 4156 bello
2781 4101 3087 4173 impetitus
3108 4102 3477 4174 graviterque
3509 4107 3750 4159 vexatus

2106 4197 2215 4247 est.
2236 4190 2401 4255 Quod
2424 4203 2560 4245 cum
2583 4186 3339 4246 animadvertissentludaei
3367 4191 3464 4261 qui
3485 4192 3546 4246 in
3563 4189 3751 4247 Media

2105 4278 2454 4336 habitabant
2478 4277 2710 4349 captivi,
2738 4292 2992 4349 quorum
3023 4279 3231 4351 ingens
3251 4284 3377 4335 erat
3406 4277 3747 4348 multitudo,

2107 4384 2174 4424 eo
2197 4368 2428 4423 deserto
2452 4365 2857 4439 Hierosolyma
2887 4373 3342 4439 occupaverunt.
3367 4367 3576 4423 Darius
3619 4364 3749 4440 Cyri

2106 4456 2207 4513 ubi
2240 4474 2309 4512 ea
2338 4454 2409 4512 de
2440 4472 2503 4511 re
2535 4454 2750 4511 certior
2784 4454 2977 4512 factus
3028 4459 3135 4527 est,
3187 4457 3585 4529 010phernem
3616 4472 3752 4513 cum

2108 4547 2327 4603 mahno
2360 4545 2621 4601 exercitu
2663 4551 2870 4601 contra
2918 4544 3389 4617 Hierosolymam
3437 4552 3495 4602 et
3521 4546 3752 4602 Iudaeos

2029 4658 2074 4724 ι)
2108 4635 2291 4704 misit,
2320 4640 2496 4706 atque
2528 4635 2578 4690 is
2609 4634 3076 4707 Hierosolymam
3100 4634 3350 4724 obsedit.
3374 4639 3453 4691 Eo
3486 4643 3751 4709 tempore

2110 4724 2372 4782 terribile
2390 4725 2621 4781 facinus
2645 4729 2733 4780 est
2751 4724 2993 4781 factum.
3026 4723 3263 4781 Juditha
3285 4727 3443 4782 enim
3466 4725 3753 4783 Hebraica

2105 4815 2343 4884 mulier,
2368 4813 2617 4870 insidias
2635 4813 2957 4887 Olopherni
2982 4813 3231 4870 tendens
3251 4816 3465 4884 Persae,
3501 4812 3654 4871 clam
3678 4811 3751 4870 ad

2106 4923 2243 4964 eum
2274 4921 2335 4962 se
2358 4903 2631 4970 contulit,
2656 4904 2945 4960 simulans
2978 4920 3039 4960 se
3058 4910 3292 4977 gentem
3308 4905 3568 4961 Judaaam
3599 4904 3747 4961 velle

2106 4995 2380 5069 prodere.
2438 4993 2733 5051 Barbarus
2808 4993 3253 5065 pulchritudine
3330 4995 3457 5064 ejus
3519 4999 3745 5065 captus,

2109 5101 2309 5142 amore
2343 5084 2541 5140 statim
2572 5088 2881 5154 correptus
2912 5087 3020 5137 est.
3052 5085 3126 5137 At
3164 5099 3299 5138 vero
3343 5082 3585 5138 Juditha
3614 5098 3749 5137 eum

2110 5189 2353 5229 monere
2384 5188 2459 5227 ne
2489 5186 2667 5243 quem
2698 5186 2940 5226 suorum
2973 5172 3127 5227 244
3172 5171 3329 5226 circa
3365 5186 3427 5225 se
3472 5171 3748 5227 haberet:

2112 5279 2175 5319 se
2207 5262 2366 5318 enim
2417 5260 2488 5316 ab
2521 5260 2594 5315 iis
2643 5259 2713 5314 de
2762 5263 2966 5332 stupro
3023 5259 3333 5332 appellari.
3385 5258 3751 5332 010phernes

2113 5351 2293 5409 fidem
2324 5350 2556 5407 mulieri
2597 5348 2888 5404 adhibens
2930 5348 3090 5403 solus
3147 5365 3283 5404 cum
3317 5366 3385 5404 ea
3415 5350 3574 5406 vixit.
3621 5350 3755 5422 Ipsa

2113 5441 2309 5498 triduo
2332 5440 2414 5495 ita
2436 5439 2705 5501 tolerata,
2726 5443 2905 5492 noctu
2928 5443 3098 5508 capta
3118 5439 3428 5495 occasione
3461 5438 3755 5496 dormien-

2114 5530 2192 5585 tis
2221 5532 2399 5599 caput
2434 5526 2801 5599 amputavit;
2834 5542 2903 5581 ac
2950 5541 3114 5580 more
3172 5542 3277 5581 suo
3325 5544 3433 5599 per
3461 5528 3754 5600 portulam

2118 5632 2353 5692 egressa
2390 5631 2508 5688 qua
2554 5614 2628 5672 ad
2659 5616 2855 5689 ipsum
2885 5615 3288 5684 ventitaverat,
3348 5617 3756 5689 Hierosolyma

2117 5713 2295 5781 caput
2316 5708 2446 5779 ejus
2477 5704 2756 5778 portulit:
2789 5720 2927 5761 nam
2958 5705 3255 5777 portuiam
3285 5704 3537 5761 Juditha:
3579 5719 3755 5761 causa
