4118 6284
352 364 473 425 279

1732 355 2045 418 GEORGII
2089 355 2433 419 CEDRENI

3649 355 3768 416 280

328 497 489 560 -urbi
515 498 768 553 vicinam
805 494 1096 553 Barbarus
1143 494 1385 550 fecerat.
1434 494 1621 551 Judaei
1653 494 1993 567 Olophernis

2117 486 2361 570 κεφαλὴν
2390 489 2556 549 αὑτοῦ
2584 489 2861 569 ἀφείλετο,
2888 490 3207 555 καὶτνυκτὸς
3250 492 3389 548 κατά
3435 491 3498 547 τὸ
3550 488 3767 558 εἷωθὸς,

350 592 529 660 caput
557 592 730 643 conto
762 586 1085 656 impactum
1117 584 1189 640 de
1210 601 1378 640 muro
1398 583 1760 653 extulerunt,
1783 582 1844 638 id
1874 600 2006 639 exe-

350 677 492 732 citui
523 674 723 731 hostili
759 673 1163 729 ostendentes.
1203 674 1320 729 Sub
1351 690 1631 729 auroram
1656 675 1850 728 Persae
1879 673 2003 727 viso

350 764 518 819 ducis
544 764 736 835 capite
767 762 830 816 in
863 767 1039 816 conto
1064 760 1353 817 existente
1385 760 1582 832 fugam
1612 760 1903 827 fecerunt,
1935 775 2003 815 ac

351 852 547 908 soluta
575 851 883 907 obsidione
906 850 1152 906 victoria
1180 867 1366 922 penes
1387 850 1624 905 Iudaeos
1653 849 1784 905 fuit.

2115 575 2186 634 δι’
2220 577 2283 635 οὗ
2313 580 2598 656 ἀπήρχετο
2628 581 2767 656 πρὸς
2814 580 2975 636 αὐτὸν
3025 578 3376 656 παραπυλίου
3425 580 3526 655 (ϐ);
3575 579 3651 642 είς
3699 580 3770 636 τά

2113 667 2471 744 Ἱεροσόλυμα
2552 669 2869 727 εἰσελθοῦσα
2958 671 3059 740 τὴν
3118 668 3362 749 κεφαλὴν
3437 668 3606 725 αὑτοῦ
3661 669 3772 724 ἀπ-

2111 759 2308 834 ήγαγε*
2341 757 2578 830 πλησίον
2606 759 2708 836 γὰρ
2763 764 2862 814 τοῦ
2910 759 3133 839 τείχους
3188 755 3259 813 δι⁹
3314 758 3481 827 αότήν
3525 759 3618 813 τὸν
3671 779 3771 814 παι

2111 845 2366 904 πυλεῶνα
2425 847 2590 904 αὑτοῦ
2646 845 2858 919 ἔστησε.
2919 843 3190 910 Λαϐόντες
3245 847 3334 903 οὖν
3390 848 3441 902 οἱ
3497 845 3761 904 Ἰουδαῖοι

345 942 471 1015 παρ’
530 937 700 1009 αὐτῆς
761 939 862 1006 τὴν
915 936 1159 1013 κεφαλὴν
1216 940 1313 992 τοῦ
1355 934 1692 1014 Ὁλοφὲρνου
1749 935 1827 998 εἷς
1884 936 2070 991 κοντὸν
2125 934 2236 992 ἄνω
2292 940 2389 992 τοῦ
2443 935 2664 1015 τείχους
2724 932 2949 1009 ἔπηξαν,
3008 933 3400 998 ἐπιδιικνὺντες
3459 935 3631 1004 αὑτὴν
3686 940 3769 1008 τῷ

345 1032 558 1103 στρατῷ
617 1025 804 1085 αὑτοῦ.
863 1024 1080 1101 Πρωίας
1137 1024 1195 1081 Si
1248 1026 1549 1100 γενομένης
1600 1025 1902 1099 ἑωρακότες
1953 1027 2053 1095 τήν
2113 1023 2357 1103 κεφαλήν
2412 1025 2744 1101 Ὀλοφὲρνου
2802 1030 3174 1090 κοντευθεῖσαν
3254 1019 3452 1102 ἔφυγον
3505 1022 3765 1086 ἅπαντες·

343 1118 438 1173 καὶ
469 1114 697 1186 διελύθη
732 1116 761 1170 ὁ
790 1114 1063 1188 πόλεμος,
1094 1114 1184 1169 καὶ
1212 1108 1411 1171 ἔλαϐον
1442 1114 1541 1182 τήν
1573 1113 1727 1184 νίκην
1762 1114 1815 1169 οἱ
1839 1110 2098 1172 Ἰουδαῖοι
2138 1114 2276 1170 κατά
2305 1118 2411 1170 τῶν
2446 1120 2687 1192 Περσῶν.

421 1209 564 1262 Post
609 1206 852 1261 Darium
910 1207 1264 1260 Artaxerxes
1321 1220 1571 1275 regnum
1624 1204 1686 1258 in
1732 1204 2006 1276 Assyrios

352 1296 563 1352 tenuit.
607 1295 846 1350 Exstitit
875 1300 1015 1349 tunc
1072 1293 1344 1349 Neemias
1398 1292 1659 1357 Judaaus,
1715 1309 1751 1348 a
1788 1291 2005 1349 Davido

348 1401 535 1458 genus
566 1394 815 1439 ducens.
849 1384 952 1439 Hic
1002 1398 1225 1455 regem,
1277 1398 1454 1453 quem
1486 1382 1597 1453 ipsi
1631 1380 1813 1437 libere
1843 1399 2003 1438 com-

349 1473 575 1546 pellare
625 1472 864 1542 licebat,
924 1488 1060 1526 cum
1116 1470 1359 1542 quidem
1416 1469 1488 1527 ab
1548 1486 1616 1526 eo
1656 1470 2007 1543 diligeretur

348 1568 527 1634 atque
571 1561 752 1616 etiam
797 1559 1088 1615 eunuehis
1121 1566 1276 1615 esset
1322 1561 1661 1632 praifectus,
1717 1550 2009 1631 permovit

348 1668 417 1708 eo
449 1657 516 1705 ut
546 1666 821 1722 magnam
860 1648 1177 1721 pecuniam
1208 1647 1281 1703 ad
1333 1648 1877 1719 Hierosolymorum
1910 1648 2004 1704 in-

351 1739 784 1795 staurationem
841 1737 1179 1809 largiretur,
1213 1737 1528 1809 ipsumque
1576 1737 1650 1793 ad
1708 1753 1835 1793 eam
1866 1755 2001 1805 rem

347 1826 778 1883 conficiendam
805 1825 1154 1881 dimitteret.
1185 1827 1384 1881 Primo
1434 1832 1565 1881 tum
1596 1826 1837 1882 fuerant
1868 1827 2003 1881 Hie-

2188 1203 2340 1260 Μετά
2398 1200 2455 1258 δὲ
2507 1209 2727 1278 Δαρεῖον
2782 1197 3129 1258 ἐϐασίλευσεν
3194 1200 3495 1278 Ἀσσυρίων
3572 1203 3767 1277 Ἀρτα-

2114 1290 2324 1367 ξέρξης.
2382 1292 2486 1349 Καὶ
2538 1293 2776 1366 Νεεμίας
2853 1288 3085 1355 Ἰουδαῖς
3163 1290 3224 1346 ἐκ
3300 1295 3398 1346 τοῦ
3453 1291 3765 1366 σπέρματος

2114 1374 2306 1451 Δαϐἰδ,
2339 1379 2397 1443 ὅς
2438 1380 2743 1458 παρρησίαν
2802 1375 2948 1456 ἔχων
3002 1380 3139 1455 πρὸς
3198 1378 3359 1434 αὑτὸν
3407 1378 3621 1456 (ἠγάπα
3658 1379 3766 1455 γὰρ

2112 1468 2294 1539 αὑτὸν,
2323 1470 2407 1525 ὅτι
2436 1470 2526 1525 καὶ
2559 1470 2737 1547 ἀρχὴν
2767 1468 3046 1544 εὐνούχων
3077 1469 3237 1523 οὗτος
3271 1468 3569 1541 ἐποίησεν),
3602 1464 3772 1522 ἐδυσ-

2113 1559 2334 1628 ώπησεν
2379 1558 2558 1614 αὐτόν’
2618 1559 2708 1614 καὶ
2758 1555 2948 1615 λαϐὼν
3001 1560 3265 1636 χρήματα
3320 1555 3507 1612 πολλά
3557 1553 3767 1612 ἔπεισεν

2111 1646 2273 1702 αὑτὸν
2304 1646 2556 1712 ἀπελθεῖν
2593 1647 2684 1703 καὶ
2741 1647 2919 1703 κτίσαι
2974 1650 3074 1718 τήν
3137 1644 3503 1721 Ἰερουσαλὴμ
3557 1647 3770 1722 πορθη-

2114 1741 2311 1799 θεῖσαν’
2360 1737 2554 1810 πρώτη
2611 1736 2715 1813 γὰρ
2776 1737 2910 1807 αὕτη
2970 1742 3071 1806 τῆς
3124 1733 3494 1810 Ἰερουσαλὴμ
3548 1730 3767 1797 ἅλωσις

2109 1825 2176 1894 ἦν
2208 1824 2299 1880 καὶ
2326 1829 2423 1881 τοῦ
2453 1826 2602 1900 ἱεροῦ
2658 1826 3028 1904 καταστροφή.
3086 1825 3147 1881 Ὁ
3211 1821 3269 1878 δὲ
3322 1824 3559 1898 Νεεμίας
3619 1824 3768 1879 ἀπο-

349 1916 650 1989 rosolyma
696 1916 893 1970 diruta
934 1914 1343 1986 templumque
1393 1932 1683 1972 eversum.
1734 1918 1815 1970 Ac
1858 1916 1993 1971 urbs

2112 1912 2296 1978 λυθεῗς
2323 1912 2490 1983 ἦλθεν
2521 1912 2597 1977 εἲς
2654 1912 3019 1989 Ἰερουσαλήμ
3072 1912 3162 1968 καὶ
3221 1912 3504 1989 ἀνήγειρεν
3569 1912 3765 1984 αὑτήν⁶

353 2006 625 2063 desolata
647 2006 922 2078 jacuerat
964 2022 1157 2061 annos
1180 2007 1308 2078 jam
1354 2010 1442 2061 70.
1475 2008 1745 2064 Neemias
1801 2014 2000 2065 autem

354 2094 637 2150 dtmissus
665 2111 794 2150 eam
825 2095 1194 2151 instauravit.
1229 2095 1394 2150 Idem
1422 2098 1795 2163 Artaxerxes,
1828 2097 2003 2153 insti-

348 2184 624 2256 gantibus
675 2183 1033 2255 quibusdam
1090 2184 1467 2254 consiliariis,
1515 2185 1778 2257 reliquos
1820 2187 1999 2241 etiam

343 2273 577 2328 Judaaos
625 2273 895 2339 dimisit;
949 2289 1018 2328 ac
1049 2273 1150 2343 qui
1182 2274 1515 2342 voluerunt,
1547 2274 1589 2328 ii
1637 2275 1786 2330 duce
1818 2274 1999 2331 Esdra

351 2365 480 2415 vate
506 2361 567 2416 in
597 2362 853 2433 patriam
888 2360 1218 2417 redierunt.
1250 2362 1458 2417 Eidem
1485 2378 1591 2418 rex
1620 2363 1800 2418 etiam
1830 2380 2001 2419 sacra

347 2465 487 2505 vasa
534 2455 593 2505 et
629 2449 814 2506 libros
856 2450 1252 2507 sacerdotales
1304 2452 1453 2509 245
1519 2452 1781 2510 tradidit.
1835 2452 1998 2509 Idem

351 2539 568 2595 Esdras
613 2556 821 2596 eorum
875 2540 1163 2596 librorum
1232 2541 1334 2612 qui
1384 2558 1506 2597 non
1563 2542 1876 2599 exstabant
1928 2560 1998 2600 ex

357 2630 650 2685 memoria
679 2646 788 2685 sua
815 2629 1188 2686 describendi
1219 2631 1451 2702 copiam
1482 2632 1641 2689 fecit.

428 2813 506 2865 Eo
526 2815 792 2882 tempore
814 2811 876 2865 in
896 2811 1234 2867 Macedonia
1262 2828 1512 2884 regnum
1536 2812 1666 2868 fuit.
1682 2813 1748 2869 Id
1770 2813 1996 2885 primus

358 2900 621 2955 Cranaus
643 2916 833 2955 annos
861 2902 929 2954 ‘28
961 2900 1170 2956 tenuit.
1202 2900 1346 2955 Inde
1379 2901 1482 2956 alii
1512 2905 1579 2956 25
1611 2917 1779 2974 reges
1807 2919 1996 2974 usque

351 2988 425 3044 ad
456 2988 795 3060 Philippum
827 2987 1145 3043 Alexandri
1178 2994 1428 3060 patrem.
1462 2991 1643 3046 Erant
1669 2997 1809 3046 tunc
1838 2992 1996 3047 δινω-

348 3094 554 3133 corum
572 3070 843 3134 doctdres
865 3083 1040 3149 atque
1064 3084 1255 3150 poeta:
1275 3079 1616 3150 Sophocles,
1640 3080 1992 3149 Heraclitus,

348 3167 680 3238 Euripides,
740 3167 1089 3222 Herodotus.
1142 3169 1412 3223 Socrates
1470 3174 1529 3222 et
1582 3185 1833 3242 magnus
1883 3171 1992 3226 iste

348 3255 727 3327 Pythagoras.
753 3257 823 3309 Et
843 3261 970 3310 erat
991 3255 1293 3322 Ilercules,
1313 3273 1492 3327 supra
1512 3261 1994 3314 commomoratis

2033 1962 2081 2028 B

2112 1997 2286 2058 ἔκειτο
2316 2004 2421 2079 γὰρ
2452 1997 2661 2078 ἔρημδς
2700 1996 2794 2074 ἔτη
2846 2003 2909 2060 ο“.
2956 2003 3020 2059 Ὁ
3066 1998 3124 2057 δὲ
3188 1999 3350 2065 αὐτὸς
3404 2001 3768 2078 Ἀρταξέρξης

2110 2091 2482 2166 παρακληθεὶς
2536 2092 2637 2148 ὑπό
2693 2112 2855 2148 τινων
2908 2094 3015 2146 τῶν
3069 2092 3170 2161 τῆς
3228 2088 3543 2166 σῦγκλήτου
3596 2089 3767 2146 αὑτοῦ

2108 2180 2200 2236 καὶ
2228 2183 2355 2244 τοὺς
2399 2180 2737 2243 ὑπολοίπους
2789 2177 3086 2242 Ἰουδαίους
3136 2178 3391 2238 ἀπέλυσε.
3441 2179 3545 2236 Καὶ
3590 2179 3650 2243 ὅς
3702 2181 3765 2235 ἄν

2110 2267 2387 2341 ἐϐουλήθη
2418 2272 2543 2327 τότε
2573 2269 2810 2327 ἀνελθεῖν
2839 2269 2915 2333 εἷς
2970 2270 3072 2339 τήν
3130 2268 3513 2346 Ἰερουσαλὴμ,
3556 2267 3771 2338 ἀνῆλθε

2113 2361 2248 2435 μετά
2299 2358 2505 2437 Ἕσδρα
2559 2365 2657 2418 τοῦ
2711 2362 3000 2437 προφήτου
3058 2359 3148 2415 καὶ
3215 2359 3552 2432 ἡγουμένου,
3608 2360 3765 2433 ᾧτινι

2108 2450 2199 2507 καὶ
2228 2450 2296 2505 τὰ
2326 2441 2570 2526 ἱερατικά
2615 2451 2778 2522 σκεύη
2841 2450 3054 2505 ἀνέθετο
3111 2447 3202 2503 καὶ
3256 2448 3353 2509 τάς
3410 2442 3639 2523 βίϐλους
3667 2451 3771 2512 τὰς

2107 2540 2382 2617 ἱερατικὰς
2413 2542 2509 2603 τὰς
2552 2539 2878 2616 εὑρεθείσας.
2936 2540 2993 2595 '0
3041 2535 3099 2593 ὃὶ
3155 2536 3314 2599 αὑτὸς
3368 2534 3603 2612 Ἔσδρας
3659 2542 3774 2593 τῶν

2113 2629 2191 2701 μή
2223 2629 2546 2706 εὑρεθέντων
2603 2624 2838 2705 βιϐλίων
2898 2627 2950 2699 ἐξ
3002 2628 3362 2700 ὑπομνήσεως
3405 2624 3575 2681 αὑτοῦ
3623 2628 3768 2705 γρά-

2106 2730 2293 2796 φεσθαι
2326 2718 2553 2790 ἐποίησε
2580 2721 2682 2789 τὴν
2711 2716 2965 2791 δύναμιντ

2174 2810 2265 2865 Ἐν
2301 2805 2357 2864 δὲ
2384 2814 2500 2871 τοῖς
2532 2808 2758 2884 χρόνοις
2786 2807 3002 2868 τοὺτοις
3033 2800 3374 2862 ἐϐασίλευσεν
3419 2807 3453 2875 ἠ
3506 2802 3765 2861 Μακεδο-

2104 2896 2190 2951 νία
2222 2900 2402 2974 χώρα,
2444 2896 2499 2953 ἐν
2528 2897 2565 2972 ᾖ
2594 2901 2812 2971 πρῶτος
2852 2890 3167 2951 ἐϐασίλευσε
3215 2893 3460 2970 Κραναὸς
3504 2891 3600 2965 ἔτη
3644 2894 3758 2965 κη’,

2101 2988 2191 3044 καὶ
2224 2987 2413 3044 λοιποὶ
2442 2985 2605 3042 ἄλλοι
2639 2986 2885 3063 βασιλεῖς
2916 2988 2997 3050 κς¹
3024 2983 3130 3051 ἓως
3161 2982 3446 3041 Φιλίππου
3496 2988 3595 3039 τοῦ
3649 3004 3758 3040 πα-

2097 3078 2225 3150 τρὸς
2256 3073 2629 3151 Ἀλεξάνδρου.
2655 3077 2826 3133 Ἦσαν
2867 3072 2925 3130 δὲ
2978 3074 3101 3131 τότε
3147 3072 3433 3144 Ἐλλήνων
3488 3068 3758 3128 διδάσκα-

2105 3164 2197 3222 λοι
2226 3167 2315 3221 καὶ
2355 3165 2580 3236 ποιηταὶ
2632 3163 2947 3239 Σοφοκλῆς,
2994 3163 3373 3240 Ἡράκλειτος,
3424 3160 3755 3237 Εὐριπίδης,

2100 3252 2413 3329 Ἡρόδοτος,
2460 3255 2781 3329 Σωκράτης,
2829 3254 2920 3309 καὶ
2964 3256 2993 3309 ό
3043 3254 3209 3327 μέγας
3257 3252 3594 3327 Πυθαγόρας.
3653 3253 3752 3309 Ἤν

353 3344 724 3415 temporibus
755 3349 929 3400 natus
987 3344 1047 3398 in
1083 3345 1220 3400 Lato
1270 3345 1623 3412 Thebarum,
1673 3353 1993 3420 prognatus

2110 3342 2167 3400 δὲ
2198 3346 2225 3400 ὁ
2254 3342 2535 3419 Ἡρακλῆς
2564 3344 2846 3416 γεννηθεὶς
2901 3342 2954 3399 ἐν
3002 3348 3121 3405 τοῖς
3161 3340 3413 3418 ἀνωτέρω
3491 3360 3759 3415 προειρηο

353 3431 639 3487 Alcmena
676 3438 735 3486 et
767 3432 903 3486 Pico
960 3432 1115 3487 Jove.
1151 3434 1204 3488 Is
1256 3433 1539 3489 Hercules
1600 3435 1662 3489 in
1714 3435 1997 3508 Hispania

353 3520 660 3585 educatus,
687 3536 822 3574 cum
852 3519 1042 3575 virilis
1073 3526 1249 3588 esset,
1282 3538 1351 3578 ex
1383 3522 1666 3594 Hispania
1691 3525 1994 3597 profugus,

348 3613 492 3663 tunc
533 3609 596 3663 in
642 3607 874 3663 Italiam
923 3608 1102 3677 venit,
1160 3609 1221 3664 in
1263 3626 1450 3681 eaque
1501 3626 1750 3683 regnum
1807 3630 1996 3669 annos

353 3698 419 3753 38
452 3698 661 3753 tenuit.
691 3698 745 3752 Is
775 3697 1003 3769 accepit
1048 3714 1255 3753 uxrem
1306 3698 1573 3770 Lytham,
1604 3699 1787 3755 Aletw
1840 3704 1996 3775 regis

354 3786 559 3843 filiam.
593 3788 796 3858 Itaque
826 3787 880 3842 ei
911 3786 1043 3842 Itali
1092 3803 1260 3859 reges
1308 3787 1380 3843 ab
1413 3789 1541 3861 ipso
1571 3792 1862 3861 procreati
1894 3808 1996 3847 co-

346 3875 589 3931 lumnas
621 3892 691 3931 ex
712 3891 857 3931 auro
888 3875 1095 3931 ductas
1123 3883 1475 3948 posuerunt,
1505 3895 1635 3949 quae
1667 3879 1992 3936 etiamnum

346 3970 527 4021 stant.
572 3966 714 4020 Post
740 3965 936 4036 ipsum
978 3963 1158 4020 Italiaa
1186 3982 1435 4037 regnum
1484 3968 1674 4023 tenuit
1702 3969 1889 4041 ipsius
1921 3986 1992 4025 ex

340 4056 506 4126 Auga
544 4053 706 4109 ﬁlius
738 4053 1071 4125 Telephus;
1104 4054 1157 4108 ei
1183 4059 1318 4126 post
1365 4055 1525 4111 hune
1559 4057 1801 4114 Latinus
1832 4058 1989 4114 filius

340 4159 530 4199 annos
562 4144 651 4211 18,
683 4143 783 4214 qui
814 4142 1049 4199 Ctetaais
1084 4159 1304 4199 nomen
1344 4144 1686 4202 Latinorum
1716 4146 1875 4203 fecit.

2110 3438 2289 3507 μὲνοις
2322 3433 2570 3512 χρόνοις,
2612 3432 2665 3487 ἐν
2691 3436 2762 3506 τῇ
2811 3432 2973 3505 Λάτῳ
3009 3434 3111 3497 τῆς
3160 3425 3370 3502 Θήϐης,
3414 3428 3474 3485 ἐκ
3517 3432 3616 3484 τοῦ
3658 3429 3755 3505 γέ-

2104 3544 2230 3586 νους
2255 3531 2357 3592 τῆς
2396 3519 2721 3596 ’Δλκμήνης
2782 3522 3044 3597 ὑπάρχων
3091 3519 3182 3575 καὶ
3233 3522 3332 3573 τοῦ
3374 3518 3548 3574 Πίκου
3602 3517 3751 3580 Διός

2104 3612 2164 3675 ὃς
2204 3612 2471 3689 ἀνετράφη
2505 3611 2558 3665 ἐν
2581 3614 2652 3685 τῇ
2678 3610 2919 3682 ’Ῑσπανίᾳ
2964 3609 3145 3686 χώρᾳ,
3197 3608 3290 3663 καὶ
3355 3603 3605 3681 ἀνδρεῖος
3660 3627 3754 3681 γε-

2102 3701 2328 3775 νόμενος
2352 3704 2417 3772 ἦν
2447 3702 2571 3757 τότε
2623 3701 2731 3756 ἀπὸ
2768 3705 2876 3755 τῶν
2923 3701 3182 3757 Ἰσπανῶν
3233 3695 3323 3752 ἐπὶ
3366 3699 3465 3767 τήν
3512 3695 3752 3753 Ἰταλίαν

2103 3791 2310 3870 φυγὼν,
2339 3791 2431 3847 καὶ
2463 3786 2813 3870 ἐϐαφίλευσεν
2869 3791 2953 3864 [Ρ.
3007 3790 3130 3862 MO]
3183 3786 3236 3844 ἓν
3286 3786 3424 3862 αὐτῇ
3480 3784 3573 3856 ἔτη
3636 3785 3749 3858 λη’.

2101 3884 2287 3943 Ὅστις
2317 3875 2478 3937 ἔλαϐε
2510 3886 2740 3954 γυναῖκα
2768 3879 2871 3948 τήν
2912 3873 3131 3948 Λὺτϐην
3178 3878 3278 3946 τὴν
3334 3874 3596 3933 Ἀτλὲτου
3647 3875 3750 3951 βα·

2101 3969 2297 4032 σιλὲως
2328 3968 2608 4045 θυγατέραο
2643 3969 2763 4033 ὅθεν
2822 3967 2912 4023 καὶ
2973 3966 3180 4037 στήλας
3238 3964 3385 4037 αὑτῷ
3442 3983 3752 4044 χρυσοσφυ-

2100 4062 2299 4134 ρήτου)
2339 4059 2633 4129 ἀνέστησαν
2667 4058 2720 4112 οἱ
2751 4054 2953 4115 Ἰταλοὶ
3015 4053 3259 4130 βασιλεῖς
3299 4053 3397 4110 εἴτ’
3444 4054 3539 4109 οὑν
3586 4054 3751 4128 ῥῆγες

2098 4148 2158 4204 ἐκ
2184 4153 2282 4204 τοῦ
2312 4148 2500 4223 γένους
2528 4146 2717 4215 αὑτοῦ,
2751 4147 2951 4208 αἳτινες
2985 4142 3183 4215 στῆλαι
3240 4144 3408 4219 μέχρι
3455 4146 3553 4198 τοῦ
3604 4163 3746 4217 παρ·

337 4230 492 4294 όντος
520 4230 784 4286 ἵστανται.
819 4232 937 4301 Τῆς
969 4227 1291 4321 δὲἸταλίας
1320 4225 1663 4288 ἐϐασίλευσεν
1722 4236 1751 4290 ὁ
1791 4236 1908 4298 υἱὸς
1962 4237 2134 4292 αὑτοῦ
2194 4236 2302 4291 ἀπὸ
2354 4243 2455 4306 τῆς
2505 4233 2716 4311 Δὺγῆς,
2773 4233 3037 4321 Τελὲιρος,
3092 4235 3180 4289 καὶ
3245 4233 3360 4307 μετ’
3407 4232 3565 4287 αὑτὸν
3625 4231 3746 4293 υἱὸς

333 4321 499 4378 αὑτοῦ
529 4326 753 4381 Λατῖνος
782 4321 879 4390 ’ἐτη
917 4321 1007 4391 ιη’,
1031 4320 1089 4382 δς
1116 4320 1247 4383 τοὺς
1280 4321 1581 4394 Κτῃταέους
1613 4325 1689 4397 (τ)
1722 4323 2046 4397 ἐπωνόμασε
2072 4326 2356 4389 Λατίνους.

403 4414 483 4467 Eo
514 4417 822 4483 regnante,
882 4412 1094 4465 Aineas
1141 4411 1417 4466 Anchisa:
1476 4411 1636 4468 ﬁlius
1668 4414 1865 4487 Phryx
1908 4415 1981 4471 ab

2162 4416 2296 4471 Τότε
2350 4416 2574 4479 Δῖνείας
2612 4416 2768 4471 ὁτοῦ
2820 4412 3109 4492 Ἀγχίσου,
3155 4413 3183 4468 ὁ
3232 4413 3401 4487 Φρὺξ,
3450 4430 3630 4489 φεγων
3684 4409 3748 4466 ἐκ

333 4499 561 4556 excidio
592 4498 779 4568 Trojaa
810 4498 1040 4570 fugiens
1072 4499 1133 4552 in
1155 4498 1355 4554 Africa
1383 4502 1652 4571 pervenit
1682 4502 1755 4558 ad
1796 4504 1979 4560 Dido-

2108 4511 2188 4572 τῆς
2219 4505 2540 4578 πορθήσεως
2569 4510 2671 4573 τῆς
2700 4502 2873 4559 Ἰλίου
2899 4490 3136 4571 ἀνῆλθεν
3177 4499 3229 4556 ἐν
3258 4503 3328 4574 τῇ
3378 4495 3555 4574 Λιϐύῃ
3606 4499 3748 4574 πρὸς

334 4518 561 4556 excmlo
593 4518 624 4553 ι
638 4518 779 4568 ιὀμθ
810 4518 1040 4570 rugiens
1072 4518 1133 4552 in
1155 4518 1355 4554 Arrlcu
1383 4518 1652 4571 pervenit
1682 4518 1755 4558 ad
1796 4518 1979 4560 umo-

334 4605 474 4645 nem
506 4588 873 4643 thnissam
903 4586 1242 4655 mulierem,
1276 4604 1408 4659 qum
1441 4594 1502 4643 et
1542 4591 1697 4648 Elisa
1720 4592 1976 4661 dicitur;

336 4677 539 4709 ςιςςηιιο
557 4692 688 4709 num
723 4674 1069 4709 alin-nuntii“
1092 4681 1657 4709 Δαεοιηηηινηηηηιη..
1706 4682 1775 4709 -l.
1813 4683 1973 4709 1..-]..-

2108 4518 2188 4572 τῆς
2219 4518 2540 4578 πορθήσεως
2569 4518 2671 4573 τῆς
2704 4518 2873 4559 ἰΛίου
2899 4518 3136 4571 ανηΛυεν
3177 4518 3229 4556 εν
3258 4521 3328 4574 τῃ
3378 4518 3555 4574 Λιουῃ
3606 4518 3748 4574 προς

2108 4594 2187 4663 τήν
2217 4592 2508 4648 Φοίνισσαν
2556 4589 2721 4661 Διδὼ,
2776 4593 2877 4661 τήν
2922 4590 3011 4647 καὶ
3069 4589 3349 4646 Ἕλισσαν.
3413 4588 3517 4645 Καὶ
3564 4584 3745 4642 ἐνδια-
4109 4518 4118 4709 J

2108 4683 2281 4709 .-u___
2312 4680 2422 4709 1---:-
2493 4679 2668 4709 διο-..
2713 4679 2871 4709 21-..-
2918 4678 3085 4709 ...’__.:..
3154 4672 3417 4709 ..-£..n-.‘-
3459 4678 3553 4709 ,λη
3596 4677 3707 4709 ιιι-

335 4677 539 4748 ibique
556 4692 692 4731 cum
721 4674 1074 4747 aliquandiu
1092 4681 1681 4749 essetcommoratus,
1704 4682 1777 4738 ab
1806 4683 1980 4739 Jarba

2108 4683 2282 4756 τρίψας
2310 4680 2441 4752 ἐκεῖ,
2493 4679 2670 4758 λάθρα
2712 4679 2871 4746 ἐάσας
2916 4678 3107 4749 αὐτὴν,
3154 4672 3417 4756 φοϐηθεθς
3459 4678 3553 4733 τὸν
3596 4677 3743 4751 Ἰάρ-

335 4716 538 4748 ιυιιιιιν
557 4716 692 4731 νυμι
721 4716 1681 4749 ιιιιηυιιυυιιιινυυυυυυιμιιιυιιιυυδ,
1704 4716 1777 4738 αιυ
1806 4716 1980 4739 uulua

332 4781 470 4837 rege
506 4763 719 4819 Africae
771 4763 883 4819 sibi
940 4769 1237 4834 metuens,
1288 4764 1444 4821 clam
1499 4768 1707 4825 relicta
1753 4771 1979 4828 Didone

332 4852 577 4925 aufugit.
611 4853 746 4908 Erat
790 4852 937 4907 Dido
986 4853 1240 4909 oriunda
1288 4855 1622 4922 Charticha,
1665 4859 1875 4932 exigua
1922 4866 1982 4917 et

1533 4982 1655 5013 γνῐ
1688 4985 1896 5013 ΑΜΙὙΒΪ
1932 4987 1993 5013 ππ

2108 4716 2282 4756 ,μιγυις
2310 4716 2441 4752 ιλιι,
2494 4716 2670 4758 ικυιυρυι
2712 4716 2870 4746 ιαυας
2916 4716 3107 4749 ειμι-ην,
3154 4716 3415 4756 Vrum”...
3472 4716 3551 4733 ,υτ
3612 4716 3743 4751 ,αρ-

2108 4765 2186 4825 ἲαν
2224 4769 2452 4847 βασιλέα
2479 4777 2579 4840 τῆς
2637 4771 2905 4848 ’Λφρικῆς
2958 4762 3173 4848 ἔφυγεν.
3233 4769 3337 4823 Ἦν
3396 4764 3451 4822 δὲ
3505 4768 3540 4837 ἡ
3593 4764 3741 4821 Διδὼ
4109 4716 4118 5013 1

2108 4881 2148 4915 ικ
2179 4865 2375 4936 μικρᾶς
2404 4858 2625 4923 πόλεως
2657 4861 2957 4933 Χατρικῆς,
3000 4863 3103 4927 τῆς
3143 4857 3409 4926 Φοινίκης
3461 4853 3738 4929 παραλίας

2108 4986 2272 5013 nn)!
2302 4987 2439 5013 Mﬂ'l"
2458 4987 2503 5013 Α)

329 4852 577 4925 aufugit.
611 4853 746 4908 Erat
790 4852 937 4907 Dido
986 4853 1240 4909 oriunda
1288 4855 1622 4922 Charticha,
1665 4859 1875 4932 exigua
1922 4866 1982 4917 et

2108 4881 2148 4915 ικ
2179 4865 2375 4936 μικρᾶς
2404 4858 2625 4923 πόλεως
2657 4861 2957 4933 Χατρικῆς,
3000 4863 3103 4927 τῆς
3143 4857 3409 4926 Φοινίκης
3461 4853 3738 4929 παραλίας

1533 4982 1896 5040 XYLANDRI
1932 4987 2021 5041 ET
2057 4986 2272 5042 GOARI
2302 4987 2524 5041 NOTAE.

533 5074 962 5156 II_1pa1tu?\e¢'iwg.
1020 5076 1186 5156 Quod
1242 5084 1413 5156 ante,
1442 5080 1808 5156 παρα-πόλιον.
1868 5086 1974 5139 Po—

332 5147 529 5224 lybius
562 5147 872 5224 ῥινοπύλην
885 5148 969 5224 de
988 5149 1169 5224 simili
1197 5166 1261 5204 re
1290 5147 1780 5224 dixisse'videtur.
1813 5156 1974 5211 Nihil

332 5219 764 5295 v’oluigmutare
823 5220 1044 5295 alioqui
1092 5219 1187 5295 τὸν
1245 5221 1643 5295 παρα-πυλεῶνα
1687 5224 1853 5280 αὑτοῦ
1882 5228 1975 5283 vel

332 5292 696 5365 papilionem
735 5292 1064 5365 Vertissem.
1117 5292 1292 5347 Miror
1326 5292 1537 5351 autem
1591 5298 1662 5353 ab
1718 5298 1973 5354 Judithaa

327 5362 577 5445 recepta
598 5362 846 5445 historia
872 5362 1096 5445 variare
1141 5371 1414 5445 nostrum
1446 5369 1580 5423 ΧΠ..
1615 5400 1686 5445 —_
1716 5372 1972 5445 Ιιαραπυ-

330 5431 487 5507 λίουξ
540 5436 816 5507 Posticum
881 5440 940 5488 et
979 5435 1324 5491 secretiorem
1380 5447 1603 5507 portam
1674 5431 1973 5497 hac'voce

328 5505 773 5579 percipiendam
805 5511 1115 5579 contextus
1136 5508 1261 5578 ipse
1293 5505 1650 5566 commonet.
1673 5513 1972 5568 Narratio-

330 5577 425 5634 nis
448 5578 720 5650 seriemga
747 5580 952 5650 nostra
982 5577 1274 5633 diversam
1303 5585 1611 5650 praetereo.
1656 5585 1830 5638 ϐολὴ.

403 5648 481 5721 (7)
513 5647 723 5703 Omnia
751 5646 878 5702 haec
917 5648 1001 5701 ita
1031 5655 1170 5703 sunt
1196 5646 1426 5720 vitiosa,
1471 5660 1537 5707 ut
1565 5654 1625 5708 in
1676 5655 1746 5709 iis
1778 5671 1975 5710 emen-

2096 5084 2309 5141 dandis
2350 5085 2736 5141 metuendum
2769 5084 2848 5139 sit
2872 5100 2946 5139 ne
2970 5083 3169 5138 oleum
3194 5081 3747 5153 operamque,quod

2095 5158 2283 5225 aiunt,
2311 5156 2589 5212 ludamus
2613 5173 2627 5222 ;
2660 5161 2719 5211 et
2747 5162 2995 5227 possunt
3024 5155 3150 5209 hmc
3179 5153 3419 5227 aliunde
3440 5153 3739 5227 conquiri.

2081 5223 2411 5284 Certe—hoc
2458 5228 2689 5283 videtur
2736 5223 3089 5300 significare.
3145 5227 3336 5300 Mysos
3378 5225 3469 5300 in_
3502 5223 3738 5300 Italiam

2082 5301 2447 5371 transivisse.
2480 5299 2772 5371 Telephus
2794 5296 2985 5354 'enim
3019 5300 3233 5371 Mysus
3258 5296 3499 5371 fuit:__Et
3546 5296 3739 5366 Mysos

2083 5370 2209 5441 ipse
2244 5373 2529 5427 Homerus
2562 5366 2819 5437 Κητείους
2865 5366 3127 5441 appellat
3173 5366 3336 5441 libro_
3361 5367 3623 5441 Illyssea;
3655 5382 3734 5441 χι,

2125 5459 2155 5514 e
2179 5443 2300 5514 tilio
2338 5443 2573 5514 Telephi
2607 5433 3202 5514 Eurypyloil'oquens.
3245 5433 3458 5514 πολλοί
3506 5433 3738 5514 δ’-ἀμᾷ

2084 5511 2243 5586 αὑτὸν
2277 5508 2511 5586 ὲταῖροιί
2541 5508 2785 5583 Κήτειοὶ-
2810 5508 3105 5579 κτείνοντο,
3154 5527 3274 5566 non
3318 5508 3736 5565 dissimulante

2085 5585 2263 5640 etiam
2293 5585 2619 5641 EuStathio.
2655 5586 2795 5641 XYL.
