4118 6284
292 376 412 438 281

1427 369 1974 438 HISTORIABUM
2019 364 2568 439 COMPENDIUM.

3574 367 3692 429 282

275 508 470 578 οὔσης,
530 507 724 582 μεταξῦ
770 512 879 565 τῶν
938 508 1103 582 ὁρίων
1156 507 1336 583 Τύρου
1380 508 1473 563 καί
1505 503 1772 567 Σιδῶνος’
1803 501 1927 573 ἥτις

2049 501 2344 557 maritima
2373 501 2689 556 Phoenicim
2718 500 2888 569 urbe,
2921 516 3053 572 quae
3086 500 3236 556 fines
3264 499 3397 573 Tyri
3424 516 3492 556 ac
3523 499 3695 557 Sido-

282 595 429 654 Διδὼ
482 597 553 667 ἧν
609 597 1026 669 πλουσιωτάτη,
1085 592 1288 672 ἔχουσα
1340 593 1510 672 ἄνδρα
1567 598 1825 670 Σιχαῖον,
1874 589 1934 646 δν

276 687 560 764 ἐφόνευσεν
607 686 660 742 ἐν
711 686 1018 763 κυνηγεσίῳ
1076 688 1105 741 ὁ
1180 683 1415 763 ἀδελφὸς
1495 692 1598 755 τῆς
1656 679 1850 743 Διδοῦς
1906 680 1934 734 ὁ

288 774 650 852 Πυγμαλίων,
723 773 1180 855 διαφθονούμενος
1233 775 1382 848 αύτῷ
1439 774 1516 836 ὡς
1571 769 1938 845 πολυευπόρῳ

278 866 370 922 καί
429 862 689 940 δυνάστῃ.
750 863 1193 927 Καταδιώκοντες
1247 864 1354 940 γὰρ
1397 864 1633 939 σύαγρον
1686 856 1935 938 ἔφιπποι,

273 954 480 1024 ἤλασεν
509 950 571 1009 ἐκ
610 958 718 1009 τῶν
747 948 965 1009 ὄπισθεν
1022 953 1143 1008 κατ’
1171 950 1338 1007 αὐτοῦ
1392 952 1457 1007 τὸ
1505 948 1635 1025 δόρυ
1685 948 1777 1004 καί
1833 947 1938 1003 ἀπ-

273 1041 501 1114 έκτεινε,
532 1042 623 1098 καί
655 1037 839 1098 λαϐὼν
892 1042 959 1097 τὸ
1015 1046 1176 1115 σῶμα
1232 1040 1398 1096 αὐτοῦ
1426 1034 1615 1115 ἔρῥιψε
1643 1038 1779 1094 κατὰ
1835 1040 1937 1092 τοῦ

269 1135 553 1204 κρημνοῦ.
621 1131 724 1189 Καὶ
802 1131 1140 1205 ὑποστρέψας
1226 1130 1348 1186 εἷπε
1416 1133 1536 1190 τοῖς
1595 1125 1938 1201 διαφέρουσιν

270 1218 427 1292 αύτῷ
454 1220 542 1276 ’ότι
572 1217 704 1294 ἐκρη
716 1220 915 1293 μνίσθη
943 1216 1159 1274 διώκων
1215 1219 1310 1275 τὸν
1371 1218 1620 1293 σύαγρον.
1639 1212 1938 1273 Ἐϐούλετο

268 1306 384 1364 δὶὸ
446 1307 610 1371 αὐτὸς
658 1306 993 1385 Πυγμαλίων
1045 1306 1140 1363 καὶ
1194 1308 1295 1377 τὴν
1354 1304 1491 1361 ἰδίαν
1543 1303 1782 1383 ἀδελφὴν
1825 1300 1937 1358 δια-

268 1397 631 1478 χειρίσασθαι
701 1396 794 1453 καί
847 1391 1035 1453 λαϐεῖν
1089 1396 1156 1452 τά
1212 1398 1483 1472 χρήματα
1544 1395 1736 1464 αύτῆςο
1793 1391 1937 1478 ᾗτινξ

265 1455 434 1543 Κιδδῖ
462 1455 635 1566 ἐφάνη
669 1487 699 1542 6
728 1486 866 1561 ἀνὴρ
900 1485 1072 1556 αὐτῆς
1132 1455 1368 1563 Σιῖάῖϐς
1425 1483 1477 1539 ἐν
1539 1455 1937 1558 ὁράματα.-καῖ

273 1576 433 1631 εἶπεν
464 1575 578 1637 ὅτι.
614 1598 641 1630 α
666 1575 724 1628 Ὀ
755 1569 990 1651 ἀδελφός
1021 1595 1122 1630 σου
1153 1572 1404 1650 ἐφόνευσέ
1433 1594 1520 1647 με,
1553 1596 1582 1625 ››
1614 1568 1787 1640 δείξας
1802 1568 1937 1643 αὐτῇ

264 1664 485 1721 καὶτὸν
526 1662 697 1720 τόπον
725 1665 828 1732 τῆς
854 1661 1112 1737 πληγῆς.
1148 1664 1248 1718 Καὶ
1307 1661 1454 1718 εἶπεν
1511 1660 1671 1733 αὐτῇ,
1708 1682 1735 1713 α
1765 1657 1935 1736 Φύγε,

277 1755 359 1829 μὴ
391 1752 485 1808 καὶ
521 1754 578 1808 σὲ
617 1751 884 1832 φονεύσῃ.
916 1777 947 1804 ››
998 1752 1096 1807 Καὶ
1155 1750 1350 1808 λοιπὸν
1411 1753 1446 1821 ἡ
1501 1749 1635 1819 αύτή
1666 1744 1810 1804 Διδὼ
1836 1747 1937 1803 λαο

274 1845 451 1897 θοῦσα
477 1844 571 1898 τὸν
608 1839 792 1939 ,ἴδιονι²
827 1838 1058 1919 ἀδελφὸν
1115 1836 1439 1939 άνελάϐετο.
1462 1839 1634 1939 ¹πάντα
1675 1838 1937 1939 χρήματα
1969 1873 2016 1939 Β

278 1932 475 2000 difﬁc,
534 1928 624 1985 καί
685 1925 901 2003 ἐμϐᾶσα
955 1930 1033 1990 εἴς
1084 1929 1285 1986 πλαῖον
1343 1927 1679 1983 ἀπέπλευσεν
1722 1924 1782 1980 ἐκ
1835 1931 1934 1994 τῆς

278 2018 575 2090 Φοινίκης,
605 2021 694 2075 καί
728 2017 894 2086 ἦλθεν
922 2019 998 2082 είς
1028 2021 1128 2088 τήν
1174 2013 1406 2089 Λιϐύην,
1463 2018 1551 2072 καί
1610 2016 1781 2085 κτίζει
1837 2017 1935 2084 τὴν

280 2108 687 2184 Χαρτάγαιναν,
718 2107 842 2178 ἥτις
888 2107 1003 2164 ἐστι
1043 2106 1338 2169 Νεάπολις·
1370 2107 1459 2162 καί
1515 2099 1855 2159 ἐϐασίλευσεν
1883 2101 1938 2156 ἐν

282 2201 446 2275 αὐτῇ,
476 2200 572 2255 καί
600 2198 830 2271 τελευτᾷ
859 2200 1158 2276 σωφρόνως
1191 2201 1419 2271 ζήσασα.

346 2287 496 2345 Ὁδέ
525 2288 813 2363 Διομήδης
865 2289 1117 2365 ὑπῆρχεν
1169 2289 1223 2359 ἐξ
1281 2286 1583 2356 Αἰτωλίας,
1643 2284 1818 2362 φέρων
1874 2284 1938 2340 τὸ

286 2379 441 2456 γένος
503 2378 567 2434 ἐκ
620 2382 718 2433 τοῦ
775 2376 1004 2446 Οἰνέως,
1059 2377 1209 2440 ’ὀστις
1261 2376 1446 2438 Οἰνεὺς
1502 2375 1636 2449 μετὰ
1676 2373 1936 2444 τελευτήν

284 2463 570 2542 Ἐριϐοίας
622 2466 864 2544 ἠγάγετο
923 2467 1026 2536 τήν
1079 2463 1354 2535 ³Δλθαίαν,
1419 2463 1472 2535 ἐξ
1526 2464 1594 2534 ἧς
1659 2457 1789 2538 ἔσχε
1844 2464 1935 2518 τὸν

276 2556 597 2632 Μελέαγρον
652 2556 746 2611 καί
801 2557 903 2626 τήν
957 2556 1304 2629 Δηϊάνειραν,
1379 2552 1574 2624 ἥντινα
1655 2550 1938 2627 ἡρμόσατο

273 2647 566 2724 Ἀχελῷος
598 2649 628 2702 6
660 2647 779 2709 υἱὸς
822 2643 1187 2702 Ποσειδωνίου
1248 2644 1638 2720 συγκλητικοῦ.
1693 2645 1756 2701 Ὀ
1810 2646 1940 2720 γοῦν

270 2738 579 2815 Ἀχελῷος
634 2739 744 2813 πρὸ
797 2741 898 2792 τοῦ
951 2737 1132 2814 γάμου
1190 2734 1400 2817 ἔφθειρε
1462 2737 1562 2805 τήν
1619 2734 1936 2808 Δηϊάνειραν

281 2828 485 2904 λάθρα,
510 2827 604 2882 καί
640 2827 776 2898 μετὰ
804 2829 971 2881 ταῦτα
1002 2825 1252 2900 λέγειτῷ
1292 2825 1444 2884 Οίνεῖ
1492 2823 1728 2900 βασιλεῖ·
1762 2849 1789 2877 ιι
1825 2824 1941 2882 Οὐκ

281 2915 478 2981 ἄλλως
533 2911 959 2991 παραλαμϐάνω
988 2916 1215 2983 ταύτην,
1268 2915 1319 2971 εἰ
1379 2916 1456 2987 μὴ
1511 2915 1938 2989 παραχωρήσεις

282 3030 377 3083 μοι
411 3006 648 3063 διοικεῖν
678 3008 779 3075 τὴν
839 3003 1117 3080 βασιλείαν
1150 3025 1266 3061 σου.
1298 3026 1329 3057 ι)
1364 3005 1420 3059 Ὀ
1477 3001 1536 3058 δὲ
1566 3003 1665 3059 οὐκ
1693 3003 1933 3073 ἐπείσθη.

269 3098 376 3155 Καὶ
405 3095 613 3153 λοιπὸν
644 3094 737 3149 σὺν
768 3099 849 3166 τῷ
882 3090 1006 3166 ἰδίῳ
1048 3093 1214 3169 πατρί
1265 3093 1495 3167 ἀντῆρεν
1525 3093 1553 3147 6
1587 3091 1877 3167 Ἁχελῷος
1908 3093 1936 3147 6

274 3186 391 3246 υἰὶς
427 3181 801 3241 Ποσειδωνίου
855 3186 937 3255 τῷ
991 3181 1148 3241 Οἰνεῖ
1200 3181 1291 3237 καί
1357 3179 1697 3255 ἐπολέμησεν
1757 3182 1927 3253 αὐτῷ.

283 3275 390 3328 Καὶ
419 3271 761 3348 ἀναγκασθεὶς
794 3273 822 3326 6
852 3270 1044 3333 Οἰνεὺς
1097 3272 1469 3347 προετρέψατο
1524 3269 1585 3326 ἐκ
1624 3278 1726 3340 τῆς
1758 3270 1929 3333 Φθίας

293 3364 491 3442 χώρας
518 3362 806 3439 στρατηγὸν
849 3367 1093 3439 γενναῖον
1151 3360 1425 3437 Ἠρακλέα
1478 3362 1572 3417 τὸν
1633 3361 1931 3436 λεγόμενον

290 3451 649 3529 Πολύφημον,
683 3452 1076 3525 συνταξάμενος
1108 3447 1297 3506 δοῦναι
1347 3451 1500 3521 αὐτῷ
1527 3451 1627 3520 τὴν
1670 3450 1937 3524 θυγατέρα

285 3539 454 3597 αὐτοῦ
492 3540 829 3617 Δηϊάνειραν·
882 3540 942 3601 ’ὀς
998 3538 1171 3595 ἐλθὼν
1202 3540 1338 3612 μετὰ
1391 3546 1493 3609 τῆς
1549 3541 1715 3595 αὑτοῦ
1767 3558 1934 3614 στρα-

284 3637 405 3693 τιίς
456 3625 722 3686 συνέϐαλε
772 3627 1019 3703 πόλεμον
1096 3629 1231 3703 μετὰ
1276 3626 1642 3685 Ποσειδωνίου
1699 3630 1787 3683 καί
1841 3633 1939 3685 τοῦ

282 3722 403 3775 υἱοῦ
430 3720 605 3775 αὐτοῦ
634 3717 950 3798 Ἀχελῴου,
992 3719 1082 3774 καί
1140 3718 1217 3780 εἰς
1253 3718 1354 3787 τὴν
1415 3714 1704 3791 συμϐολὴν
1756 3716 1940 3773 ἀνεῖλε

279 3811 420 3888 ξίφει
456 3810 487 3865 6
516 3808 865 3887 Πολύφημος
896 3806 1259 3864 Ποσειδώνιον
1314 3811 1401 3882 [Ρ.
1468 3810 1590 3882 Ml]
1644 3809 1736 3863 τὸν
1777 3810 1941 3883 ’Δχε-

284 3899 436 3972 λῴου
469 3899 699 3974 πατέρα.
738 3899 835 3953 Διὰ
862 3901 1025 3954 τοῦτο
1066 3897 1303 3971 ἐξέθεντο
1361 3898 1418 3952 οἱ
1468 3897 1698 3968 ποιηταὶ
1738 3896 1823 3953 ὅτι
1877 3900 1941 3953 τὸ

284 3989 449 4063 κέρας
503 3991 603 4043 τοῦ
662 3985 952 4066 Ἀχελῴου
1008 3986 1311 4042 ἀπέσπασεν
1364 3987 1393 4041 6
1448 3985 1748 4061 Ἡρακλῆς,
1806 3986 1939 4062 ὅπερ

284 4078 399 4133 ἐστὶ
460 4078 566 4145 τήν
623 4078 891 4149 πατρικὴν
946 4076 1112 4132 αὐτοῦ
1171 4073 1422 4149 δύναμιν.
1499 4077 1789 4151 Ἐωρακὼς
1848 4074 1942 4132 οῦν

283 4168 392 4234 τὴν
423 4168 635 4219 πτῶσιν
658 4167 756 4219 τοῦ
789 4161 929 4219 ἰδίου
958 4165 1162 4239 πατρὸς
1193 4164 1223 4218 ὁ
1266 4161 1552 4237 Ἀχελῷος
1609 4163 1790 4243 φεύγει
1847 4159 1942 4242 ἔφ-

289 4274 484 4317 ιππος·
556 4250 641 4307 διδ
718 4253 809 4307 καί
892 4251 1187 4329 γράφουσιν
1270 4251 1431 4307 αὐτὸν
1490 4251 1942 4327 ἱπποκένταυρον,

284 4340 396 4398 Καί
427 4340 487 4397 ἐν
515 4346 596 4414 τῷ
622 4338 979 4396 καταδιώκειν
1037 4342 1200 4397 αὐτὸν
1255 4341 1347 4397 τὸν
1402 4339 1746 4419 Πολύφημον
1779 4343 1945 4418 Ἡρα-

2042 590 2137 647 nis
2169 591 2322 647 246
2353 590 2688 661 interjacet.
2746 589 3147 662 Amplissimis
3206 594 3405 646 autem
3448 590 3698 662 prmdita

2043 680 2257 753 opibus
2287 680 2569 736 maritum
2602 679 2861 734 habebat
2891 679 3220 747 Sichmum;
3254 680 3428 753 cujus
3477 680 3697 737 divitiis

2042 775 2219 840 atque
2251 769 2531 840 potentiae
2560 768 2831 824 invidens
2859 768 3211 841 Pygmalion
3242 768 3485 824 Didonis
3511 769 3699 826 frater

2046 874 2183 914 eum
2214 859 2276 914 in
2305 859 2637 924 venatione,
2668 873 2805 914 cum
2833 856 3063 928 equites
3088 874 3219 912 una
3250 874 3460 930 aprum
3489 875 3695 930 perse-

2047 954 2393 1020 querentur,
2437 950 2608 1004 hasta
2663 949 2723 1004 in
2752 954 2984 1021 tergum
3046 948 3318 1018 conjecta
3374 949 3692 1017 interfecit,

2045 1054 2375 1110 corpusque
2406 1038 2480 1094 de
2508 1037 2837 1110 praecipitio
2862 1037 3207 1103 deturbans,
3226 1037 3470 1092 domum
3499 1055 3693 1094 rever-

2045 1144 2145 1182 sus
2175 1127 2526 1183 necessariis
2583 1127 2712 1198 ejus
2741 1126 2947 1181 retulit
2976 1142 3134 1194 eum,
3189 1125 3329 1182 dum
3361 1143 3571 1198 aprum
3601 1129 3694 1183 in-

2047 1217 2334 1287 sequitur,
2367 1216 2734 1287 praacipitem
2758 1220 2956 1271 actum
2987 1216 3259 1287 periisse.
3292 1217 3445 1281 Quin
3499 1222 3558 1273 et
3594 1235 3694 1272 so-

2044 1303 2195 1358 roris
2226 1320 2346 1359 suae
2379 1304 2509 1358 vitas
2554 1303 2904 1375 Pygmalion
2960 1303 3338 1374 fortunisque
3369 1304 3696 1361 insidiaba-

2045 1399 2162 1452 tur.
2192 1392 2306 1449 Sed
2356 1394 2617 1448 Sichaaus
2641 1394 2812 1448 uxori
2871 1409 2978 1464 per
3006 1393 3372 1449 insomnium
3427 1394 3583 1449 visus
3621 1394 3693 1450 ab

2044 1482 2232 1554 ipsius
2287 1483 2468 1539 fratre
2528 1499 2592 1538 se
2648 1487 2925 1538 necatum
2994 1482 3293 1550 indicavit,
3364 1489 3693 1539 monstrato

2044 1574 2226 1628 etiam
2256 1573 2518 1629 vulneris
2547 1578 2701 1641 toco,
2724 1573 3035 1644 ipsamque
3063 1572 3201 1646 fuga
3221 1574 3333 1629 sibi
3356 1575 3689 1642 consulere,

2044 1679 2119 1718 ne
2158 1662 2315 1718 idem
2366 1664 2649 1731 eveniret,
2705 1662 2954 1717 monuit.
3018 1662 3277 1718 Proinde
3335 1663 3481 1718 Dido
3540 1664 3691 1719 clam

2044 1753 2225 1808 fratre
2257 1751 2450 1807 navim
2482 1752 2749 1823 ingressa
2796 1751 3190 1823 omnibusque
3247 1752 3369 1807 suis
3398 1752 3692 1824 impositis

2045 1841 2263 1897 divitiis
2293 1858 2327 1896 a
2358 1842 2658 1896 Phaenicia
2713 1840 2905 1908 solvit,
2955 1841 3136 1911 inque
3186 1841 3444 1897 Africam
3497 1841 3692 1897 delata

2044 1929 2480 2003 Carthaginem,
2514 1946 2644 2002 quae
2677 1935 2768 1985 est
2810 1929 3105 2000 Neapolis,
3159 1930 3445 1997 condidit,
3475 1946 3689 2003 regno-

2047 2035 2161 2090 que
2199 2019 2283 2074 ibi
2312 2019 2516 2075 functa
2546 2025 2603 2075 et
2630 2019 2749 2074 vita
2775 2019 2988 2091 pudice
3018 2024 3222 2074 exacta
3251 2018 3525 2074 decessit.

2117 2292 2429 2348 Diomedes
2480 2308 2655 2365 porro
2706 2292 2926 2348 Aitolus
2983 2290 3114 2359 fuit,
3147 2307 3333 2364 genus
3380 2290 3454 2346 ab
3492 2291 3688 2347 (Eneo

2042 2382 2284 2437 ducens.
2317 2381 2370 2436 ls
2398 2381 2630 2437 mineus
2679 2387 2914 2436 mortua
2968 2381 3199 2436 Eribaaa
3225 2380 3516 2435 Althaaam
3574 2381 3686 2436 sibi

2042 2472 2423 2528 matrimonio
2437 2471 2750 2543 copulavit,
2772 2471 3129 2543 sustulitque
3151 2488 3221 2526 ex
3242 2487 3314 2527 ea
3334 2471 3686 2544 Meleagrum

2042 2566 2103 2617 et
2130 2560 2490 2631 Dejaniram.
2527 2562 2687 2616 Hanc
2717 2577 2852 2615 cum
2873 2560 3170 2616 Achelous
3198 2561 3503 2617 Posidonii
3525 2576 3689 2617 sena-

2044 2648 2189 2704 torls
2250 2648 2404 2704 ﬁlius
2461 2647 2894 2720 despondisset,
2956 2654 3093 2703 ante
3159 2648 3400 2720 nuptias
3457 2649 3688 2705 occulte

2040 2738 2284 2803 vitiavit,
2314 2754 2383 2794 ac
2435 2736 2650 2793 deinde
2681 2737 2804 2808 regi
2846 2738 3039 2792 (Eneo
3070 2736 3223 2792 dixit
3260 2755 3323 2793 se
3381 2754 3513 2794 eam
3570 2756 3692 2794 non

2042 2827 2161 2883 alia
2185 2826 2526 2883 conditione
2581 2826 2896 2883 ducturum
2938 2843 3115 2897 quam
3146 2827 3257 2881 sibi
3292 2833 3356 2882 ut
3402 2829 3566 2900 regni
3592 2828 3694 2884 ad-

2044 2916 2556 2971 ministrationem
2586 2917 2735 2972 247
2769 2932 2936 2971 socer
2964 2916 3288 2982 concedat;
3334 2933 3402 2972 ac
3446 2918 3690 2975 tandem

2043 3021 2179 3060 cum
2209 3012 2375 3076 patre
2403 3020 2508 3060 suo
2539 3005 2661 3077 regi
2693 3005 2890 3060 CEneo
2937 3004 3222 3060 abnuenti
3276 3005 3502 3061 bellum
3527 3007 3687 3061 fecit.

2044 3094 2405 3149 Necessitate
2456 3093 2700 3149 adactus
2755 3095 2989 3150 (Eneus
3045 3111 3117 3149 ex
3183 3095 3399 3149 Phthia
3447 3096 3689 3167 regione

2045 3183 2357 3239 Herculem
2386 3188 2779 3255 cognomento
2808 3182 3262 3255 Polyphemum,
3295 3183 3507 3240 ducem
3536 3202 3691 3256 prm-

2043 3273 2291 3337 clarum,
2327 3272 2603 3337 evocavit,
2637 3271 2938 3344 pollicitus
2984 3274 3035 3328 ei
3072 3272 3211 3328 ﬁlim
3243 3289 3364 3328 suae
3396 3274 3690 3345 Dejaniraa

2047 3362 2409 3433 conjugium.
2439 3362 2495 3416 Is
2547 3378 2681 3417 cum
2711 3362 2973 3418 exercitu
3029 3379 3135 3418 suo
3166 3364 3411 3419 veniens
3466 3363 3692 3419 bellum

2048 3450 2362 3506 Posidonio
2394 3450 2640 3523 ejusque
2673 3451 2797 3506 ﬁlio
2851 3451 3111 3507 Acheloo
3170 3452 3390 3519 intulit,
3450 3452 3694 3509 Posido-

2048 3542 2333 3613 niumque
2363 3541 2426 3597 in
2456 3558 2655 3615 pugna
2680 3542 2876 3615 gladio
2907 3542 3298 3600 obtruncavit.
3331 3544 3473 3599 Inde
3504 3550 3694 3617 poeta)

2048 3633 2369 3688 commenti
2392 3638 2533 3687 sunt
2553 3632 2865 3688 Herculem
2894 3633 3136 3689 Acheloi
3153 3651 3376 3689 cornua
3401 3634 3693 3702 avellisse,

2049 3720 2332 3776 nimirum
2354 3721 2608 3792 patriam
2639 3721 2988 3792 potentiam.
3012 3721 3309 3777 Achelous
3330 3723 3515 3793 patris
3548 3709 3691 3777 nece

2050 3815 2369 3881 conspecta
2397 3825 2579 3880 eques
2600 3811 2797 3882 fugam
2842 3810 2985 3865 facit
3013 3810 3168 3882 (ideo
3200 3827 3333 3865 eum
3364 3811 3695 3883 Hippocen-

2052 3906 2287 3957 taurum
2319 3902 2502 3956 fuisse
2535 3901 2847 3971 scribunt),
2880 3901 3306 3973 Herculemque
3339 3902 3450 3958 sibi
3474 3903 3700 3959 instan-

2052 3995 2173 4046 tem
2225 4007 2545 4046 conversus
2597 3991 2810 4063 sagitta
2841 3991 2916 4046 ad
2972 3992 3303 4047 mamillam
3334 3993 3597 4049 sauciat:
3633 4009 3703 4049 ac

2052 4080 2366 4136 confestim
2397 4079 2471 4135 ab
2501 4079 2753 4134 Hercule
2780 4080 3042 4135 vicissim
3090 4082 3301 4153 sagitta
3329 4082 3573 4153 petitus,
3628 4082 3700 4137 ab

2055 4186 2206 4240 equo
2264 4185 2326 4224 se
2358 4169 2419 4223 in
2458 4168 2637 4223 Eveni
2694 4169 2888 4223 amnis
2944 4169 3135 4224 undas
3183 4171 3442 4226 demittit
3496 4171 3698 4243 ibique

2053 4260 2249 4331 perit:
2282 4257 2356 4313 ab
2388 4273 2457 4312 eo
2516 4256 2750 4324 fluvius,
2800 4262 3027 4313 mutato
3076 4260 3341 4324 nomine,
3402 4259 3695 4314 Achelous

2054 4348 2341 4421 appellari
2375 4348 2550 4419 cepit.
2575 4348 2865 4401 Cmteeum
2897 4348 3175 4403 Hercules
3200 4348 3596 4420 Polyphemus
3626 4365 3698 4404 ex

281 4431 425 4488 κλέα
484 4431 831 4510 ἐπιστραφεὶς
889 4432 1093 4504 τοξεύει
1148 4430 1311 4487 αὐτὸν
1379 4431 1407 4486 ὁ
1464 4429 1750 4506 Ἀχελῷος
1806 4435 1937 4490 κατᾶ

2050 4438 2292 4493 vulnere
2323 4453 2598 4492 mamma)
2628 4436 2832 4508 paucis
2863 4442 2995 4508 post
3023 4436 3233 4493 diebus
3260 4437 3505 4492 interiit.

286 4526 392 4577 τοῦ
426 4525 655 4594 μαστοῦ.
713 4520 819 4576 Καὶ
877 4518 1073 4581 εὐθέως
1129 4520 1205 4582 ὦς
1264 4521 1416 4595 εἶχεν
1477 4519 1506 4574 6
1565 4519 1865 4593 Ἡρακλῆς,
1924 4521 2264 4595 ἃντετόξευσε
2317 4524 2411 4579 τὸν
2469 4522 2750 4598 Ἀχελῷον
2782 4523 3019 4595 πλησίον
3050 4529 3146 4579 τοῦ
3175 4530 3427 4598 ποταμοῦ
3458 4525 3694 4598 Εὒήνου.

286 4613 354 4669 Ὁ
384 4607 759 4688 δὲ’ᾼχελῴος
793 4607 977 4678 ἐνῆκεν
1027 4608 1217 4663 ἑαυτὸν
1267 4608 1373 4665 ἀπὸ
1427 4613 1525 4664 τοῦ
1580 4609 1755 4664 ’ἰππου
1812 4611 1889 4675 εἰς
1942 4616 2010 4669 τὰ
2075 4614 2258 4689 ῥεῖθρα
2316 4617 2414 4669 τοῦ
2469 4615 2721 4685 ποταμοῦ
2768 4613 2857 4668 καὶ
2910 4612 3186 4670 ἀπώλετο’
3243 4616 3335 4669 καί
3392 4614 3442 4689 ἐξ
3494 4614 3701 4672 ἐκείνου

290 4700 608 4770 μετεκλήϐη
642 4698 670 4752 6
700 4696 954 4769 ποταμὸς
987 4694 1291 4773 Ἀχελῷος.
1322 4697 1383 4753 Ὀ
1416 4693 1474 4752 δὲ
1500 4694 1845 4775 Πολύφημος
1873 4699 2150 4777 Ἡρακλῆς
2185 4701 2243 4757 ἐκ
2272 4704 2371 4767 τῆς
2399 4700 2625 4777 πληγῆς
2678 4704 2776 4755 τοῦ
2836 4706 3042 4774 μαστοῦ
3109 4702 3275 4759 αὐτοῦ
3337 4705 3451 4777 μετ’
3505 4703 3693 4780 ὀλίγας

290 4788 508 4860 ἡμέρας
539 4784 780 4858 τελευτᾷ.

356 4876 673 4950 Μελέαγρος
704 4872 762 4930 δέ
794 4873 823 4930 6
855 4874 969 4937 υίὸς
1014 4873 1239 4944 Οἰνέως,
1294 4872 1532 4949 ἀδελφὸς
1584 4880 1687 4932 τοῦ
1720 4877 1938 4941 Τυδέως

275 4966 374 5021 καί
426 4962 763 5038 Δηῖανείρας,
848 4962 1104 5035 ἐποίησεν
1162 4961 1331 5019 ἆθλον
1403 4962 1596 5039 μέγαν,
1680 4966 1940 5041 φονεύσας

276 5053 494 5129 κάπρον
521 5052 582 5114 ’ὀς
601 5051 926 5127 ἐλυμαίνετο
954 5054 1054 5123 τήν
1112 5051 1299 5128 χώραν
1348 5050 1559 5124 ἐκείνην
1618 5059 1816 5128 πᾶσαν,
1842 5064 1942 5126 τῆς

278 5138 641 5216 κυνηγέτιδος
698 5140 1029 5210 Ἀταλάντης
1078 5136 1471 5216 προϐαλούσης
1523 5143 1665 5216 τόξῳ
1701 5145 1794 5199 τὸν
1856 5146 1945 5199 σύ-

276 5253 472 5308 αγρον.
508 5232 605 5289 Καὶ
641 5231 777 5304 μετὰ
801 5232 902 5300 τήν
954 5231 1224 5306 ἀναίρεσιν
1271 5236 1370 5287 τοῦ
1430 5233 1600 5308 θηρὸς
1652 5234 1716 5288 τὸ
1772 5231 1944 5310 δέρμα

273 5322 451 5378 αὐτοῦ
660 5318 978 5394 Ἀταλάντῃ
1071 5317 1390 5395 Μελέαγρος
1471 5320 1791 5398 ἐχαρίσατο,
1869 5323 1945 5386 εἰς

270 5411 455 5487 ἔρωτα
499 5409 702 5477 ταύτης
763 5408 1016 5484 βληθείς.
1078 5409 1360 5474 Ἀπελθὼν
1422 5408 1480 5466 δὲ
1537 5412 1566 5466 6
1627 5411 1942 5489 Μελέαγρος

2121 4882 2410 4955 Meleager
2436 4886 2637 4937 autem
2689 4881 2869 4936 (Enei
2912 4881 3069 4937 filius
3100 4882 3277 4955 Tydei
3318 4889 3378 4939 et
3404 4884 3696 4953 Dejanirae

2050 4972 2235 5027 frater
2263 4987 2545 5045 magnum
2602 4974 2907 5026 certamen
2935 4970 3117 5025 obivit
3170 4988 3311 5044 apro
3360 4972 3694 5040 interfecto,

2052 5062 2154 5132 qui
2185 5066 2370 5116 totam
2401 5077 2534 5116 eam
2579 5060 2883 5133 regionem
2941 5061 3227 5128 vastabat,
3287 5077 3421 5117 cum
3458 5060 3698 5133 quidem

2052 5150 2321 5207 venatrix
2349 5148 2627 5206 Atalanta
2645 5165 2782 5204 eum
2815 5165 3025 5222 aprum
3057 5151 3274 5222 sagitta
3302 5150 3481 5205 ferire
3527 5166 3698 5206 occu-

2053 5245 2273 5310 passet.
2305 5240 2507 5310 Itaque
2565 5236 2856 5309 Meleager
2906 5239 3217 5306 Atalantes,
3272 5239 3442 5310 cujus
3497 5254 3699 5296 amore

2048 5327 2173 5398 jam
2193 5333 2320 5382 erat
2333 5326 2862 5398 captus,interfecti
2883 5327 3009 5398 apri
3032 5327 3302 5382 exuvium
3328 5328 3483 5383 dono
3515 5328 3699 5385 dedit.

2055 5419 2340 5473 Reversus
2362 5415 2437 5471 ad
2457 5417 2694 5471 Patrem
2730 5432 2902 5471 suum
2926 5417 3187 5472 (Eneum
3212 5417 3501 5491 Meleager
3528 5418 3600 5474 ab
3631 5435 3700 5475 eo

271 5503 355 5563 εἷς
385 5501 480 5556 τὸν
535 5500 733 5555 ἐαυτοῦ
790 5499 998 5572 πατέρα
1054 5498 1217 5556 Οἰνέα
1274 5500 1537 5574 ἀπῃτεῖτο
1594 5503 1723 5576 παρ’
1777 5502 1937 5559 αὐτοῦ

2052 5506 2127 5560 ob
2157 5505 2370 5559 victam
2400 5504 2587 5558 feram
2617 5504 2930 5575 praemium
2962 5505 3174 5576 poscit.
3205 5505 3351 5562 Cum
3372 5524 3511 5562 vero
3534 5514 3702 5578 pater

271 5589 344 5645 τά
365 5591 664 5663 νικητήρια
689 5591 791 5642 τοῦ
823 5586 1013 5659 θηρός.
1044 5588 1149 5644 Καὶ
1192 5589 1378 5661 μαθὼν
1410 5588 1493 5643 ὅτι
1522 5592 1592 5662 τῇ
1642 5588 1937 5668 ’Δταλάντῃ

2052 5592 2412 5666 intelligeret
2423 5591 2778 5664 Meleagrum
2792 5593 2946 5649 248
2959 5592 3162 5650 bestia:
3181 5597 3401 5668 pellem
3415 5600 3455 5650 A
3466 5595 3699 5650 talantaa

265 5681 334 5737 τὸ
365 5678 541 5756 δέρμα
579 5675 901 5753 ἐχαρίσατο,
935 5674 1201 5752 ὀργισθεὶς
1256 5680 1377 5734 κατ’
1429 5677 1602 5734 αὐτοῦ
1657 5675 1851 5736 ἔλαϐεν
1881 5682 1937 5736 δν

2052 5681 2209 5739 dono
2238 5680 2493 5752 dedisse,
2518 5681 2665 5737 oleas
2696 5682 2966 5739 frondem
2986 5700 3164 5756 quam
3185 5686 3413 5741 Althaea
3442 5699 3699 5740 asserva-
