4118 6284
379 386 497 448 983
1668 382 1992 449 GEORGII
2033 389 2048 448 ί

2159 384 2391 448 )RENI
3677 386 3795 451 ,δι

386 518 492 574 bat
518 516 669 589 (cum
696 514 880 572 ferret
908 517 1144 570 uterum
1174 513 1423 583 Althaea,
1447 515 1768 589 cupiditate
1785 515 2037 573 adducta

2159 513 2415 591 ίφῦλαττε
2442 511 2647 579 θαλλὸν
2674 520 2777 583 τῆς
2805 510 2991 577 ἰλαίας
3019 516 3054 585 ἡ
3087 512 3340 587 Ἀλθαία,
3374 511 3555 573 ὅντινα
3586 514 3792 572 θαλλὸν

388 605 661 665 frondem
694 604 839 661 olem
870 603 941 659 de
952 609 1271 672 voraverat,
1298 618 1547 678 eamque
1569 611 1745 678 partu
1767 622 1887 663 una
1907 622 2042 663 cum

2159 612 2247 675 τῆς
2302 603 2488 668 ἰλαίας
2540 600 2731 681 ἔγκυος
2793 602 2930 658 οὖσα
2984 606 3019 673 ἡ
3105 602 3336 670 Ἀλθαία
3414 606 3796 679 ἐπιθυμήσασαι

392 695 681 767 Meleagro
723 693 1022 750 ediderat:
1082 693 1277 750 (lineo
1309 699 1509 751 autem
1553 696 1860 752 oraculum
1918 702 2045 752 erat

2159 689 2333 771 ἔφαγε,
2357 694 2448 749 καὶ
2468 696 2805 751 καταπιοῦσα
2834 693 2896 749 τὸ
2926 692 3140 767 φύλλον
3194 702 3296 765 τῆς
3353 693 3540 758 ἐλαίας
3593 696 3794 760 εὐθέως

396 785 600 841 datum
661 783 885 840 tamdiu
948 784 1240 839 victurum
1315 785 1692 858 Meleagrum,
1761 786 2042 857 quamdiu

398 878 566 933 frons
598 876 743 932 clem
774 876 984 931 eodem
1007 882 1180 947 partu
1212 876 1368 933 edita
1414 878 1856 949 asservaretur),
1889 880 2043 933 hanc

393 967 573 1038 igitur
600 965 870 1021 frondem
903 966 1136 1020 (Eneus
1165 966 1350 1021 iratus
1374 966 1678 1033 cremavit,
1722 968 2040 1039 statimque

389 1061 659 1113 mortuus
689 1061 779 1111 est
803 1055 1109 1127 Meleager.
1143 1054 1342 1111 Edidit
1369 1054 1443 1112 de
1485 1058 1773 1129 Meleagro
1830 1062 2040 1129 tragoe-

388 1146 549 1203 diam
578 1144 912 1217 Euripides.

462 1412 686 1468 Etolim
717 1411 911 1467 OEneo
944 1411 1005 1465 in
1062 1426 1311 1483 regnum
1342 1412 1629 1466 successit
1672 1411 1824 1467 alter
1882 1412 2040 1467 ﬁlius

390 1502 641 1574 Tydeus,
674 1506 842 1572 pater
870 1500 1191 1555 Diomedis.
1245 1499 1558 1555 Diomedes
1590 1507 1823 1556 mortuo
1873 1507 2038 1573 patre

389 1593 454 1648 in
484 1590 724 1662 Argivos
771 1605 1017 1661 regnum
1044 1589 1256 1657 tenuit,
1309 1590 1521 1662 Argiva
1576 1606 1759 1646 uxore
1786 1589 2043 1661 Ajgialea

393 1679 987 1750 ducta;insaniaque
1043 1679 1311 1734 concitus
1367 1679 1639 1734 Aitoliam
1686 1686 1742 1734 et
1793 1695 2039 1752 regnum

396 1786 569 1826 suum
601 1768 1005 1841 armisArgivo
1029 1785 1209 1841 regno
1231 1768 1515 1823 subdidit.
1536 1769 1679 1825 lnde
1692 1771 1889 1826 statim
1904 1785 2040 1826 cum

2147 786 2393 840 συνίτεκε
2419 784 2483 839 τὸ
2511 789 2612 851 τῆς
2638 781 2825 845 ἐλαίας
2880 782 3091 862 φύλλον
3143 788 3223 855 τῷ
3280 784 3600 860 Μελεάγρῳο
3670 786 3793 862 περὶ

2148 873 2210 929 οὗ
2237 873 2497 953 χρησμὸς
2527 868 2686 942 ἐδόθη
2718 874 2799 941 τῷ
2864 871 3031 944 πατρὶ
3084 872 3251 928 αὐτοῦ
3303 872 3474 941 Οἴνεῑ,
3531 879 3791 930 τοσοῦτον

2146 964 2351 1042 χρόνον
2372 967 2530 1032 ζῆσαι
2572 960 2666 1017 τὸν
2695 958 3010 1036 Μελᾶαγρον
3044 961 3169 1016 ὅσον
3206 960 3409 1041 χρόνον
3468 959 3796 1039 φυλάττεται

2142 1053 2207 1108 τὸ
2237 1049 2447 1132 φύλλον
2502 1054 2607 1120 τῆς
2662 1046 2847 1113 ἐλαίας
2884 1051 2948 1105 τὸ
3010 1051 3326 1128 συγγενηθὶν
3384 1052 3553 1126 αὐτῷ.
3619 1055 3796 1128 Ὅπερ

2146 1138 2360 1219 φύλλον
2390 1134 2608 1196 ἔκαυσεν
2637 1140 2665 1194 6
2696 1138 2889 1201 Οἰνεὺς
2920 1139 3292 1214 ἀγανακτήσας
3322 1138 3458 1195 κατὰ
3507 1145 3605 1195 τοῦ
3654 1138 3799 1201 ἰδίου

2146 1230 2291 1298 υἱοῦ,
2322 1229 2416 1284 καὶ
2445 1230 2791 1303 παραχρῆμα
2821 1226 3091 1284 ἐτελεύτα.
3125 1228 3228 1287 Καὶ
3285 1229 3314 1283 6
3374 1226 3683 1303 Εὐριπίδης
3739 1227 3798 1285 δὶ

2149 1316 2328 1395 δρᾶμα
2356 1317 2481 1393 περί
2510 1313 2824 1393 Μιλεάγρου
2853 1315 3080 1387 ἑξέθετο.

2218 1407 2371 1466 Μετὰ
2398 1405 2456 1462 δὶ
2493 1408 2591 1476 τήν
2624 1404 2903 1482 βασιλείαν
2934 1410 3036 1462 τοῦ
3067 1404 3271 1469 Οἰνίως
3327 1400 3642 1463 ζὸασίλευσε
3695 1414 3796 1479 τῆς

2146 1495 2425 1563 Αἰτωλίας
2468 1496 2657 1572 χώρας
2691 1497 2720 1551 6
2770 1492 2954 1571 ἵτερος
3008 1496 3125 1557 υἱὸς
3182 1494 3349 1552 αὐτοῦ
3402 1497 3430 1552 6
3487 1493 3709 1567 Τυδεὺς,
3768 1498 3799 1553 6

2145 1589 2326 1660 πατὴρ
2358 1583 2694 1659 Διομήδους,
2728 1586 2787 1646 ὅς
2832 1585 2970 1659 μετά
2993 1583 3255 1655 τελευτήν
3308 1588 3405 1641 τοῦ
3460 1587 3666 1654 πατρὸς
3695 1584 3799 1642 αὖ-

2145 1680 2244 1732 τοῦ
2274 1671 2589 1732 ἐϐασίλευσε
2615 1682 2717 1744 τῆς
2743 1678 2852 1729 τῶν
2880 1673 3141 1751 Ἀργείων
3197 1675 3410 1753 χώρας,
3458 1675 3800 1752 ἀγαγόμενος

2145 1767 2206 1823 ἔκ
2259 1771 2358 1823 τοῦ
2413 1773 2659 1843 ’Ἄργους
2718 1771 2945 1842 γυναῖκα
3013 1765 3240 1839 ὀνόματι
3296 1765 3631 1844 Αἰγιάλειαν.
3690 1769 3800 1824 Καὶ

385 1859 618 1916 Δοιιωίε
663 1863 754 1914 est
783 1858 857 1913 ad
886 1858 1061 1913 Ilium
1094 1856 1411 1929 profectus.
1446 1860 1731 1914 Reversus
1779 1864 1976 1915 autem
2007 1875 2042 1915 a

2159 1856 2474 1928 ἀπονοηθεὶς
2504 1854 2767 1911 κατέλυσε
2794 1855 3030 1929 πολέμῳ
3055 1856 3155 1925 τήν
3188 1851 3335 1912 ἰδίαν
3391 1858 3557 1913 αὐτοῦ
3604 1858 3800 1933 χώραν

386 1949 560 2021 Troja
591 1949 653 2003 in
708 1964 958 2021 regnum
991 1963 1164 2002 suum
1194 1963 1316 2001 non
1368 1952 1458 2002 est
1486 1954 1758 2020 receptus
1797 1965 1833 2004 a
1890 1950 2035 2006 suis-

387 2038 655 2109 Cumque
706 2038 955 2093 sentiret
1009 2036 1213 2092 dolum
1268 2036 1379 2092 sibi
1435 2037 1508 2092 ab
1549 2053 1731 2093 uxore
1784 2037 2041 2110 Egialea

387 2128 543 2183 necti
579 2127 672 2200 (ea
702 2127 858 2182 enim
899 2131 1165 2197 stuprata
1195 2130 1321 2181 erat
1351 2143 1386 2182 a
1412 2126 1672 2197 Comete,
1706 2144 1811 2182 suo
1842 2129 2041 2183 consi-

386 2216 594 2281 liario;
657 2222 834 2286 atque
866 2215 915 2269 is
975 2220 1180 2270 Comes
1211 2231 1452 2286 unaque
1512 2216 1781 2287 ejusdem
1835 2216 2041 2289 ﬂagitii

384 2306 738 2363 manifestus
768 2305 917 2376 Ajax
944 2348 947 2351 »
977 2303 1210 2375 Nauplii
1259 2304 1418 2360 {llius
1477 2310 1724 2376 propter
1769 2305 2041 2377 Aﬂgialeze

2151 1947 2242 2002 καὶ
2265 1944 2565 2022 βασιλείαν,
2596 1946 2837 2016 ποιήσας
2856 1943 3025 2013 αὐτὴν
3060 1942 3161 2001 ὑπὸ
3219 1943 3318 2014 τὴν
3374 1951 3486 2001 τῶν
3537 1946 3804 2022 Ἀργείων

2154 2034 2458 2110 βασιλείαν⁹
2490 2033 2580 2089 καί
2626 2034 2822 2096 εὐθέως
2880 2032 3163 2109 ἐξώρμησε
3223 2033 3358 2108 μετά
3409 2040 3517 2091 τῶν
3551 2038 3808 2111 Ἀχοτῶν

2149 2123 2238 2179 ἐπὶ
2268 2123 2329 2179 τὸ
2366 2123 2565 2179 Ἴλιον.
2627 2121 2722 2177 Καὶ
2783 2120 3095 2186 ἰπανελθὼν
3136 2123 3243 2178 ἀπὸ
3298 2124 3399 2193 τῆς
3449 2124 3643 2199 Τροίας
3709 2124 3806 2180 ἐπὶ

2146 2214 2209 2267 τὸ
2245 2210 2378 2267 ἴδιον
2413 2209 2690 2288 βασίλειον
2718 2211 2817 2266 οὐκ
2845 2208 3046 2287 ἐδέχθη
3106 2212 3211 2268 ὑπὸ
3265 2215 3375 2268 τῶν
3432 2214 3620 2271 αὐτοῦ.
3675 2214 3808 2271 Μα-

2149 2298 2256 2355 θὼν
2312 2298 2371 2356 δι
2420 2300 2504 2357 ὅτι
2545 2302 2580 2369 ἡ
2638 2301 2773 2376 γυνή
2842 2298 3008 2356 αὐτοῦ
3060 2300 3350 2376 Αἰγιάλεια
3417 2300 3808 2371 κατασκευάζει

387 2405 655 2450 amorem
690 2407 924 2448 summa
944 2409 1055 2464 ope
1086 2391 1356 2447 Diomedi
1382 2392 1808 2465 repugnabant)
1831 2399 2042 2450 etcum

2159 2391 2297 2463 αὐτῷ
2328 2384 2492 2445 δόλον
2524 2390 2599 2452 ὡς
2656 2395 3011 2466 πορνευθεῖσα
3069 2390 3172 2446 ὑπὸ
3227 2393 3325 2446 τοῦ
3381 2390 3638 2464 Κόμητος
3699 2396 3806 2447 τοῦ

389 2483 499 2540 hos
531 2498 680 2552 quos
739 2481 883 2549 dixi,
943 2492 1270 2551 omnesque
1326 2481 1567 2551 Argivos
1600 2482 1711 2537 sibi
1763 2482 2043 2538 resistere

2159 2481 2522 2558 συγκλητικυῦ
2552 2482 2746 2553 αὐτῆς,
2786 2483 2935 2543 ὅστις
2993 2483 3083 2537 καὶ
3123 2483 3406 2547 ἀνθίστατο
3464 2483 3610 2556 αὐτῷ
3663 2500 3809 2562 κρα-

392 2575 684 2638 cerneret,
711 2584 904 2639 neque
936 2570 997 2625 in
1028 2570 1302 2626 Etoliam
1325 2587 1497 2641 porro
1531 2571 1641 2626 sibi
1664 2571 1857 2627 redire
1887 2566 2045 2628 esset

2159 2576 2319 2633 ταιῶς
2370 2570 2483 2644 ἅμα
2535 2575 2617 2644 τῷ
2664 2572 2767 2645 υἱῷ
2825 2570 3109 2627 Ναυπλίου
3162 2574 3243 2645 τῷ
3299 2570 3458 2629 Alexi
3508 2573 3576 2628 τὰ
3629 2571 3806 2646 ὅμοια

387 2662 711 2732 integrum,
754 2659 817 2714 in
872 2658 1024 2716 249
1085 2658 1416 2714 Calabriam
1470 2660 1781 2732 navigavit,
1841 2660 2042 2732 ibique

2159 2660 2475 2739 φωραθίντι,
2536 2661 2596 2715 οἲ
2649 2658 2737 2716 διὰ
2788 2661 2878 2716 τὸν
2933 2660 3071 2736 πρὸς
3120 2660 3290 2730 αὐτὴν
3346 2658 3523 2731 ἔρωτα
3597 2661 3805 2735 πολλῷ

391 2749 756 2809 maritimam
786 2746 997 2804 urbem
1054 2746 1443 2821 Argyrippum
1500 2764 1536 2803 a
1567 2762 1628 2804 se
1674 2748 2042 2805 nominatam

2159 2751 2323 2815 σθένει
2352 2748 2694 2825 ἀντεμάχουν
2740 2749 2909 2822 αὐτῷ,
2940 2748 3072 2806 ἰδὼν
3134 2747 3191 2805 δὲ
3247 2750 3475 2814 τούτους
3505 2752 3595 2807 καὶ
3623 2756 3805 2807 πᾶσαν

393 2841 682 2907 condidit,
715 2856 845 2911 qum
878 2857 1038 2896 nunc
1071 2842 1469 2896 Beneventum
1492 2840 1729 2896 dicitur.

2149 2841 2251 2910 τὴν
2307 2838 2555 2914 Ἀργείαν
2604 2838 2793 2933 χώραν
2843 2837 3463 2933 ἀνθισταμίνηνᾼαῦτῷ,
3504 2839 3597 2895 καὶ
3659 2837 3808 2933 μηδξ

398 2930 475 2993 εἰς
505 2930 605 2998 τὴν
637 2925 776 2983 ἰδίαν
810 2929 1000 3003 χώραν
1030 2929 1130 2997 τήν
1163 2927 1439 2985 Αἰτωλίαν
1469 2925 1767 3002 δυνάμενος
1798 2926 2058 3001 ἀνελθεῖν,
2088 2928 2437 3005 ἀνεχώρησεν
2466 2925 2817 2991 ἀποπλεύσας
2847 2925 2936 2984 ἐπὶ
2957 2927 3057 2997 τὴν
3088 2922 3398 3004 Καλαϐρίαν
3437 2929 3648 3004 χώραν,
3698 2922 3808 2985 ιιιίἰ

396 3018 569 3088 κτίζει
600 3016 765 3074 πόλιν
799 3022 910 3073 ἐκεῖ
941 3016 1236 3093 παράλιον,
1267 3020 1335 3089 ἢν
1367 3018 1648 3092 ὠνόμασεν
1683 3018 2081 3095 Ἀργυρίππην,
2110 3019 2212 3088 τήν
2241 3018 2357 3072 νυνί
2381 3012 2724 3074 Βενεϐεντόν.

464 3109 674 3167 Darius
705 3108 906 3165 Medus
950 3108 1129 3164 etiam
1182 3110 1531 3164 Artaxerxes
1562 3109 1893 3181 appellatus
1954 3112 2043 3164 est
2071 3113 2115 3177 ί]

392 3204 454 3255 et
483 3200 763 3270 Astyages
795 3204 854 3253 et
888 3197 1282 3270 Nabogiadus.
1314 3199 1523 3254 Fertur
1568 3200 1837 3255 asininas
1865 3212 2039 3254 aures

394 3286 711 3352 habuisse;
744 3304 884 3344 avus
929 3287 1043 3343 fuit
1088 3287 1239 3358 Cyri.
1270 3287 1432 3343 Idem
1490 3288 1797 3343 Estheram
1834 3287 2040 3343 formm

393 3376 584 3448 gratia
613 3375 784 3431 duxit
812 3392 1077 3443 uxorem,
1110 3391 1178 3431 ac
1208 3376 1523 3432 Danielum
1562 3377 1719 3432 inter
1766 3393 2041 3449 proceres

392 3465 559 3537 regni
592 3464 921 3533 constituit,
947 3462 1342 3535 eamdemque
1372 3482 1687 3536 procerum
1735 3466 2042 3537 conspira-

393 3555 557 3610 tione
587 3554 1055 3611 circumventum
1100 3554 1162 3609 in
1218 3568 1455 3610 caveam
1486 3554 1729 3611 leonum
1786 3554 2040 3626 abjecit;

395 3648 746 3715 servatoque
776 3643 925 3714 ipso,
960 3641 1282 3700 adversarii
1316 3643 1524 3699 eodem
1556 3642 1772 3715 dejecti
1801 3659 1835 3699 a
1860 3644 2045 3699 leoni-

396 3733 509 3791 bus
536 3734 719 3790 vorati
777 3738 935 3788 sunt.
970 3733 1134 3789 Hunc
1189 3732 1430 3788 Darium
1485 3748 1620 3788 cum
1652 3732 2050 3789 interfecisset

401 3824 586 3894 Cyrus
615 3825 815 3887 Persa,
876 3822 1236 3893 Babylonem
1288 3838 1478 3878 annos
1531 3824 1599 3877 32
1654 3823 1864 3878 tenuit.
1901 3824 2047 3879 Iluic

401 3913 632 3969 Crmaus
693 3912 904 3983 Lydus,
962 3911 1090 3967 auri
1122 3916 1182 3968 et
1230 3911 1611 3968 victoriarum
1664 3912 2049 3968 multitudine

401 4002 615 4069 elatus,
646 4000 949 4058 mandavit
976 4006 1044 4058 ut
1062 4001 1149 4055 vel
1176 4017 1356 4073 regno
1391 4001 1499 4056 sibi
1523 4001 1761 4057 cederet
1778 4001 1871 4057 vel
1891 4001 2048 4057 bello

403 4090 885 4162 congrederetur.
962 4088 1249 4146 Danielus
1302 4096 1500 4146 autem
1568 4096 1842 4147 evocatus
1902 4093 2050 4164 Cyro

404 4180 682 4253 promisit
711 4194 846 4236 eum
877 4178 949 4234 de
1007 4179 1201 4235 Crmso
1243 4179 1555 4235 victoriam
1611 4185 2052 4251 reportaturum

403 4254 847 4329 ac'lsraelicum
878 4269 1163 4341 populum
1194 4269 1601 4339 Hierosolyma
1638 4271 2051 4327 remissurum.

404 4364 565 4419 Tunc
583 4378 677 4419 res
709 4360 1056 4417 Mardocbmi
1078 4366 1136 4415 et
1165 4360 1375 4416 Amani
1398 4366 1563 4430 gesta
1584 4364 1694 4426 est,
1718 4365 1775 4415 et
1797 4360 2055 4415 Hebraeis

2226 3107 2635 3181 [Ρ.142]Ὃτι
2686 3106 2714 3162 6
2773 3102 2963 3175 Μῆδος
3024 3110 3243 3180 Δαρεῖος
3297 3106 3388 3162 καὶ
3442 3107 3810 3181 Ἀρταξέρξης

2149 3197 2238 3252 καί
2296 3192 2604 3272 Ἀστυάγης
2678 3196 2770 3250 καὶ
2826 3190 3172 3272 Ναόογίσδος
3246 3194 3487 3271 ἐλίγετο.
3541 3198 3683 3252 Φασὶ
3743 3194 3810 3254 δδ

2150 3284 2308 3341 αὐτὸν
2341 3280 2467 3340 ὄνου
2523 3280 2674 3359 ἔχειν
2731 3283 2864 3339 ὦτα·
2922 3283 3144 3348 πάππος
3205 3281 3263 3340 δὶ
3290 3286 3357 3355 ἦν
3391 3287 3596 3361 Κύρου.
3628 3287 3812 3353 Οὗτος

2151 3375 2381 3452 ἰζεύχθη
2408 3378 2479 3450 τῇ
2512 3374 2713 3451 Ἐσθήρ
2767 3372 2860 3431 διὰ
2912 3374 3144 3447 κάλλος,
3203 3377 3295 3434 καὶ
3346 3378 3440 3432 τὸν
3476 3377 3681 3447 Δανιὴλ
3748 3378 3810 3436 ὲν

2156 3470 2440 3542 μεγιστᾶσι
2506 3464 2822 3533 κατίστησε.
2883 3468 3162 3535 Συσκευῆς
3216 3461 3276 3520 δὶ
3325 3466 3427 3522 ὑπὸ
3482 3471 3591 3523 τῶν
3648 3486 3811 3543 μεγι-

2154 3555 2359 3610 στάνων
2389 3553 2527 3610 κατὰ
2556 3553 2757 3622 Δανιὴλ
2788 3550 3088 3629 γενομίνης
3146 3553 3199 3609 ιν
3263 3558 3343 3625 τῷ
3400 3554 3587 3629 λίκνῳ
3641 3555 3809 3612 αὐτὸν

2152 3648 2261 3700 τῶν
2292 3641 2524 3699 λεόντων
2553 3637 2822 3698 ἐνίϐαλενο
2855 3642 2919 3697 οὗ
2977 3639 3337 3708 διασωθέντος
3391 3642 3587 3699 ἐκεῖνοι
3623 3648 3807 3724 τροφὴ

2153 3737 2271 3794 τοῖς
2301 3730 2516 3788 λέουσιν
2544 3726 2915 3806 ἰμϐληθίντες
2973 3731 3253 3809 γεγόνασι.
3307 3735 3509 3789 Τοῦτον
3563 3734 3653 3789 τὸν
3712 3744 3815 3788 Δα-

2161 3826 2303 3896 ρεῖον
2355 3825 2531 3896 Κῦρος
2591 3821 2619 3876 6
2678 3819 2892 3897 Πέρσης
2941 3818 3149 3876 ἀνελὼν
3200 3821 3491 3895 τριάκοντα
3556 3820 3652 3877 δύο
3712 3822 3809 3894 ἔτη

2160 3906 2492 3973 Βαϐυλῶνος
2520 3909 2834 3985 ἐκράτησεν.
2868 3909 2989 3987 Ἐφ’
3045 3908 3109 3965 οὗ
3167 3912 3400 3986 Κροῖσος
3433 3912 3462 3966 6
3504 3909 3676 3974 Λυδὸς
3730 3915 3815 3983 τῷ

2161 4022 2220 4057 τε
2248 3998 2447 4071 πολλῷ
2475 3998 2690 4074 χρυσίῳ
2712 3999 2807 4053 καὶ
2836 4004 2958 4063 ταῖς
2994 4000 3172 4062 νίκαις
3202 3997 3452 4076 ἐπαρθεὶς
3511 3998 3681 4072 δηλοῖ
3731 4006 3819 4075 τῷ

2162 4091 2323 4164 Κύρῳ
2354 4089 2388 4157 ἢ
2421 4094 2828 4164 παραχωρῆσαι
2855 4088 3037 4161 τούτῳ
3090 4095 3191 4158 τῆς
3253 4089 3533 4165 βασιλείας
3573 4096 3815 4166 Περσῶν,

2163 4174 2623 4253 ἢπροσδὲχεσοαι
2677 4179 2869 4233 τοῦτον
2916 4178 2994 4241 εἰς
3047 4176 3318 4253 πόλεμον.
3376 4181 3553 4255 Κῦρος
3608 4178 3665 4235 δὲ
3719 4180 3819 4235 τὸν

2167 4266 2371 4337 Δανιὴλ
2428 4263 2883 4341 εἰσκαλεσάμενος
2942 4267 3145 4336 ἢκουσε
3208 4274 3633 4346 παρεγγυῶντος
3680 4269 3820 4344 θαρ-

2169 4358 2305 4434 ρεῖν,
2336 4355 2443 4423 ὅτι,
2476 4357 2581 4414 Καὶ
2615 4356 2846 4431 Κροῖσον
2877 4356 3013 4411 κατά
3060 4358 3258 4429 κράτος
3314 4359 3576 4429 νικήσεις,
3615 4358 3702 4414 καὶ
3739 4357 3820 4420 εἰς

406 4453 477 4509 ab
519 4453 767 4508 Esthera
820 4456 989 4521 parta
1044 4449 1224 4506 salus.
1258 4451 1418 4505 Tunc
1452 4450 1692 4506 Danielo
1749 4450 2048 4505 Gabrielus

2159 4445 2524 4520 ιιερουσαλὴμ
2573 4444 2667 4501 τὸν
2753 4444 2884 4500 λαὸν
2957 4443 3178 4522 Ἰσραὴλ
3229 4445 3609 4521 ἀποστρέψεις.
3685 4447 3822 4506 Ἐπὶ

406 4543 535 4598 visa
559 4539 838 4609 ostendit,
873 4539 1040 4610 isque
1090 4544 1325 4610 tempus
1373 4539 1662 4595 adventus
1701 4539 1935 4595 Domini
1967 4539 2056 4594 di-

409 4630 571 4687 dicit.
604 4631 765 4684 Tunc
795 4633 854 4683 et
882 4628 945 4683 in
976 4629 1149 4684 Samo
1183 4628 1406 4700 Sibylla
1435 4629 1713 4685 innotuit.

2165 4537 2331 4593 αὗτοῦ
2358 4537 2425 4591 τὰ
2463 4536 2601 4590 κατᾶ
2627 4535 2721 4590 τὸν
2779 4531 3136 4610 Μαρδοχαῖον
3193 4536 3284 4591 καὶ
3318 4535 3490 4611 Ἀμὰν
3519 4536 3610 4592 καί
3641 4539 3676 4606 ἡ
3731 4533 3827 4591 διὰ

2160 4632 2261 4695 τῆς
2292 4625 2495 4699 Ἐσθήρ
2525 4622 2911 4695 ἀπολύτρωσις
2962 4628 3072 4678 τῶν
3115 4620 3407 4700 Ἑϐραίων.
3461 4624 3587 4682 Ἐπὶ
3651 4625 3826 4681 αὐτοῦ

420 4715 625 4788 Δανιὴλ
656 4716 751 4781 τὰς
781 4713 873 4771 διὰ
894 4719 991 4771 τοῦ
1020 4711 1268 4793 Γαϐριὴλ
1293 4716 1553 4783 ὀπτασίας
1581 4714 1710 4786 εἶδε,
1743 4718 1831 4773 καὶ
1858 4718 1949 4772 τὸν
1983 4717 2182 4791 χρόνον
2219 4719 2320 4782 τῆς
2350 4711 2648 4790 παρουσίας
2668 4715 2765 4769 τοῦ
2797 4711 2997 4788 Κυρίου
3033 4709 3218 4787 ἔμαθε.
3252 4714 3396 4770 Κατά
3424 4715 3651 4778 τούτους
3675 4714 3808 4778 τοὺς

405 4810 647 4886 χρόνους
677 4807 768 4862 καὶ
801 4802 1048 4863 Σίϐυλλα
1075 4807 1128 4861 ἐν
1164 4808 1334 4881 Σάμῳ
1365 4806 1709 4882 ἐγνωρίζετο.

477 4899 715 4955 Primus
746 4915 939 4955 annus
972 4898 1104 4969 Cyri
1128 4914 1322 4955 annus
1352 4898 1560 4952 mundi
1591 4897 1705 4952 fuit
1753 4899 1913 4952 4952.
1955 4898 2059 4951 Hic

404 4990 589 5061 Cyrus
621 5005 756 5044 cum
788 4988 1011 5044 multos
1068 4987 1317 5042 haberet
1369 5002 1537 5058 reges
1589 4986 1847 5057 captivos
1905 4987 2054 5041 etin

408 5079 681 5136 custodia
710 5078 1024 5145 detineret,
1051 5076 1305 5130 solemni
1337 5075 1594 5145 quadam
1620 5076 1931 5131 festivitate
1953 5091 2055 5132 eos

409 5167 725 5237 quadrigas
748 5165 964 5236 quibus
988 5162 1377 5218 invehebatur
1392 5152 1658 5217 humeris
1690 5163 1813 5218 suis
1834 5163 2054 5236 agitare

396 5256 598 5328 jussit.
659 5258 871 5310 Eorum
932 5251 1174 5323 quidam
1230 5250 1440 5306 crebro
1510 5252 1836 5324 respiciens
1894 5258 2054 5308 rotas

403 5343 690 5415 spectavit
711 5358 945 5397 sursum
996 5340 1394 5411 deorsumque
1425 5357 1489 5395 se
1519 5341 1674 5397 250
1704 5342 2055 5397 circumver-

404 5436 618 5487 tentes.
643 5430 808 5495 Quod
830 5446 965 5486 cum
999 5428 1515 5486 animadvertisset
1550 5431 1754 5501 Cyrus,
1779 5430 2053 5503 indigna-

404 5518 644 5577 bundus
698 5519 1083 5591 interrogavit
1119 5517 1263 5589 quid
1294 5518 1378 5573 ita
1432 5518 1684 5574 subinde
1717 5536 1778 5575 se
1809 5535 2052 5575 conver-

408 5616 539 5665 tens
568 5613 798 5663 rectum
847 5607 1269 5680 quadrigarum
1311 5608 1612 5663 incessum
1656 5614 1965 5664 averteret.
1998 5610 2053 5663 Is

398 5696 607 5757 timide
635 5695 946 5768 respondit
966 5712 1193 5765 se,cum
1210 5702 1371 5752 rotas
1398 5713 1633 5753 sursum
1650 5696 2049 5775 deorsumque

2239 4893 2416 4970 Κύρου
2449 4894 2513 4948 τὸ
2537 4896 2753 4968 πρῶτον
2784 4889 2903 4954 ἔτος
2956 4888 3169 4965 κόσμου
3226 4895 3293 4963 ἦν
3324 4888 3552 4969 ,δφξλνβκ
3582 4896 3758 4960 Οὗτος
3789 4898 3821 4952 6

2168 4985 2340 5055 Κῦρος
2396 4980 2858 5057 αἱχμαλιιιτεῦσας
2915 4980 3167 5043 πολλοὺς
3228 4981 3477 5058 βασιλεῖς
3529 4985 3619 5039 καὶ
3667 4980 3820 5064 ἔχων

2162 5071 2358 5133 αὖτοίἵς
2445 5070 2497 5126 ἂν
2580 5070 2797 5147 φυλακῇ
2880 5068 3173 5145 προσέταξε
3228 5072 3368 5126 κατά
3451 5072 3645 5147 ἱορτὴν
3700 5080 3823 5138 τοῖς

2163 5158 2342 5230 ὢμοις
2370 5158 2547 5216 αὐτῶν
2580 5160 2758 5234 σύρειν
2814 5157 2878 5214 τὰ
2915 5159 3250 5231 τετράῖππον
3302 5161 3474 5234 ἓιρμα,
3533 5160 3587 5216 ἐν
3643 5162 3689 5235 ᾧ
3720 5164 3821 5218 αὖ-

2159 5249 2255 5313 τὸς
2286 5247 2581 5325 δπωχεῖτο.
2614 5249 2714 5308 Εἷς
2774 5246 2832 5303 δὲ
2888 5248 2949 5303 ἐκ
3001 5251 3108 5302 τῶν
3171 5249 3444 5323 βασιλέων
3490 5246 3819 5330 ἐπιστρεφὸ-

2167 5360 2325 5413 μενος
2351 5342 2564 5414 συχνῶς
2623 5338 2766 5411 ἑώρα
2818 5335 2947 5399 τοὺς
2997 5337 3240 5412 τροχοὺς
3293 5333 3688 5402 ἀναϐαίνοντας,
3721 5343 3822 5399 “Ov

2160 5429 2486 5501 θεασάμενος
2546 5427 2574 5482 6
2637 5424 2895 5501 βασιλεὺς
2965 5425 3055 5480 καὶ
3124 5426 3394 5499 θυμωθεὶς
3454 5426 3618 5501 ἤρετο
3675 5429 3825 5495 τίνος

2161 5519 2325 5594 χάριν
2356 5522 2573 5579 πυκνῶς
2603 5516 2966 5596 στρεφόμενος
2995 5515 3094 5572 οὐκ
3125 5513 3185 5588 ἑᾷ
3220 5517 3285 5571 τὸ
3352 5512 3503 5593 ἀρμα
3547 5521 3669 5575 κατ’
3729 5521 3816 5576 εὖ·

2160 5610 2304 5664 θεῖαν
2332 5606 2573 5685 τρίχειν.
2603 5609 2808 5683 Ὂσπερ
2841 5606 2977 5681 μετά
3006 5600 3179 5687 ιρόϐου
3209 5604 3655 5685 ἀπελογήσατοοι
3679 5612 3822 5675 Τοὺς

2159 5695 2401 5774 τροχοὺς
2457 5698 2598 5774 ὁρῶν
2657 5691 3040 5758 ἀναϐαίνοντας
3091 5695 3182 5751 καὶ
3246 5692 3664 5763 καταϐαίνοντας
3724 5698 3823 5775 ἑγ-
