4104 6276
297 366 424 432 283

1508 377 2056 446 HISTORIARUM
2097 382 2659 452 COMPENDIUM.

3674 380 3794 444 286

313 510 428 565 νοῶ
456 506 527 564 τὸ
559 509 809 569 ἄστατον
843 521 953 573 τοῦ
987 518 1143 594 βίου,
1168 522 1285 582 πῶς
1320 517 1388 574 τὰ
1423 519 1571 573 κάτω
1628 516 1738 573 ἅνω
1786 516 2004 593 γίνονται

2138 517 2281 575 volvi
2340 529 2562 592 cernat,
2597 525 2728 580 vitae
2777 523 3229 580 instabilitatem
3274 519 3678 586 considerare,
3729 519 3793 575 in

335 600 430 658 καὶ
455 599 529 657 τὰ
575 598 697 657 ἄνω
727 602 917 664 κᾶτω.
955 633 987 660 ›)

354 690 618 766 σθόμενος
656 690 875 750 ’ἔλυσεν
962 697 1152 768 αὐτόν,
1235 697 1326 754 καὶ
1400 699 1641 772 τιμήσας
1687 694 2038 776 φιλοῳρόνως

363 778 680 840 ἀνεϐίϐασεν
744 782 799 838 ἒν
872 791 959 860 τῷ
1015 781 1239 864 ἅρματι,
1295 788 1385 842 καὶ
1445 785 1752 859 ἐλευθερίας
1806 784 2036 856 ἠξίωσεν

362 874 435 932 οὗ
474 876 637 950 μόνον
689 875 883 950 αὐτὸν,
915 874 1068 934 ἀλλὰ
1096 876 1184 933 καί
1225 877 1350 939 τοὺς
1383 877 1634 940 λοιποὺς.
1667 878 1835 939 Οῧτος
1867 878 1896 931 6
1927 880 2039 931 Κῦ-

368 987 477 1043 ρος
502 968 723 1044 Περσῶν
764 966 859 1021 καὶ
898 963 1110 1037 Μήδων
1143 964 1433 1041 Χαλδαίων
1462 985 1521 1023 τε
1564 966 1657 1021 καὶ
1709 965 2035 1043 Ἀσσυρίων,

368 1055 579 1134 Συρίας
610 1054 700 1111 καὶ
733 1051 927 1111 Λυδῶν
968 1050 1282 1134 ἐκράτησεν·

442 1232 619 1298 Οὗτος
683 1236 775 1293 τὸν
841 1240 1074 1310 Κροῖσον
1142 1231 1568 1311 αίχμαλωτίζει.
1625 1232 1731 1290 Καὶ
1798 1231 2034 1303 θελήσας

358 1325 535 1383 αὖτὸν
563 1324 696 1402 πυρῖ
726 1330 1063 1381 κατακαῦσαι
1122 1321 1210 1380 διὰ
1268 1321 1494 1379 Σόλωνα
1556 1321 1806 1401 ἐφείσασο
1842 1321 2033 1398 τρόπῳ

350 1409 589 1486 τοιῷδε.
651 1412 1068 1490 Ἀπερχόμενος
1108 1411 1136 1467 6
1186 1410 1416 1487 Κροῖσος
1474 1418 1672 1481 καῆναι
1724 1409 2029 1486 ἀνὲκραξεν,

349 1504 431 1558 Ὦ
465 1502 687 1574 Σόλων,
721 1498 766 1557 ὧ
796 1500 1010 1559 Σόλων.
1056 1503 1240 1560 Τοῦτο
1271 1500 1504 1563 ἀκούσας
1532 1501 1560 1555 6
1592 1502 1768 1574 Κῦρος
1805 1497 2030 1554 ἐπύθετο

358 1589 516 1653 τίνος
556 1593 724 1667 χάριν
766 1587 1023 1664 ὀνομάζει
1076 1590 1169 1645 τὸν
1227 1587 1472 1657 Σόλωνα,
1527 1589 1618 1643 καὶ
1688 1589 1813 1662 παρ’
1865 1587 2031 1643 αὐτοῦ

370 1678 567 1737 ἀκονῇι
595 1680 680 1735 ὅτι
720 1706 748 1733 α
776 1680 910 1737 Ὅτε
934 1676 1392 1754 αίχμαλωτεόσας
1420 1678 1512 1735 τὸν
1545 1672 1776 1733 Σόλωνα
1830 1675 2030 1753 ¹ἤνεγκα

371 1771 560 1841 αὐτὸν,
594 1768 959 1853 καυχώμενος
981 1767 1037 1826 ἐν
1071 1772 1141 1845 τῇ
1174 1766 1301 1845 δόξῃ
1339 1790 1444 1845 μου
1473 1768 1565 1824 καὶ
1613 1766 1666 1823 ιν
1692 1771 1772 1840 τῷ
1800 1766 2028 1839 πλούτῳ

1046 610 1221 678 Ὅπερ
1277 607 1509 669 ἀκούσας
1540 609 1568 663 6
1598 609 1775 682 Κῦρος
1833 607 1922 662 καί
1955 607 2039 662 αἱ·

2147 622 2264 680 qua
2294 624 2528 668 summa
2556 615 2631 669 ad
2661 615 2849 669 imum
2904 612 3311 678 devolvuntur,
3372 610 3493 666 ima
3521 608 3596 666 ad
3641 623 3798 665 sum-

2146 717 2312 756 mum
2345 703 2698 759 evehuntur.
2729 704 2849 759 Hoc
2878 702 3126 758 audiens
3157 701 3342 772 Cyrus
3371 703 3550 770 atque
3593 697 3794 754 animo

2144 795 2451 862 reputans,
2485 808 2619 847 eum
2652 791 2845 860 solvit,
2878 807 2945 847 ac
2975 791 3224 846 comiter
3254 790 3479 844 honore
3512 788 3791 844 affectum

2144 877 2206 932 in
2238 879 2551 953 quadrigas
2582 879 2840 947 sustulit,
2876 879 3268 950 libertateque
3299 883 3359 932 et
3386 877 3583 948 ipsum
3614 880 3675 930 et
3701 890 3792 929 re-

2144 966 2339 1038 liquos
2369 967 2629 1025 donavit.
2665 970 2770 1024 Hic
2798 969 2983 1040 Cyrus
3033 982 3282 1036 regnum
3312 965 3374 1021 in
3399 967 3630 1033 Persas,
3674 964 3789 1019 Me-

2142 1055 2271 1123 dos,
2304 1057 2628 1126 Chaldaaos,
2669 1057 2963 1128 Assyrios,
3022 1055 3219 1125 Syrios
3246 1059 3310 1110 et
3358 1052 3546 1125 Lydos
3577 1053 3787 1108 tenuit.

2217 1145 2376 1201 Idem
2406 1147 2590 1218 Cyrus
2642 1148 2860 1212 Crceso,
2917 1162 3097 1218 quem
3146 1149 3385 1217 captum
3438 1143 3787 1201 comburere

2141 1239 2447 1305 statuerat,
2506 1241 2748 1309 prepter
2776 1237 3052 1292 Solonem
3110 1234 3396 1307 pepercit.
3454 1236 3569 1290 Res
3613 1251 3683 1290 ea
3711 1235 3793 1293 ita

2138 1329 2302 1396 gesta
2332 1330 2441 1379 est.
2475 1326 2705 1381 Crmsus
2735 1340 2870 1381 cum
2896 1325 3024 1396 jam
3055 1325 3130 1379 ad
3153 1324 3423 1379 ﬂammas
3448 1322 3789 1391 duceretur,

2139 1413 2505 1485 exclamavit,
2534 1437 2562 1465 «
2585 1417 2628 1470 Ο
2649 1414 2846 1480 Solon,
2871 1431 2905 1469 ο
2927 1414 3102 1469 Solon
3132 1413 3143 1467 l
3178 1434 3206 1462 »
3224 1412 3288 1469 Id
3307 1413 3490 1483 Cyrus
3514 1411 3787 1480 audiens,

2137 1517 2376 1559 causam
2401 1518 2507 1560 cur
2523 1504 2797 1559 Solonem
2816 1504 3153 1559 nominaret
3171 1502 3494 1573 requisivit.
3519 1505 3789 1574 Respon-

2136 1584 2225 1647 dit
2245 1594 2475 1649 Crossus
2506 1608 2569 1650 se
2590 1594 2910 1666 aliquando
2936 1593 3157 1662 Soloni,
3180 1606 3315 1648 cum
3340 1608 3477 1648 eum
3509 1593 3785 1665 cepisset,

2137 1682 2386 1755 gloriam
2418 1689 2477 1738 et
2495 1684 2729 1739 divitias
2752 1686 2918 1756 regni
2950 1683 3039 1739 sui
3063 1686 3413 1751 ostentasse,
3446 1699 3516 1738 ac
3536 1683 3786 1739 interro-

2134 1788 2303 1845 gasse
2334 1786 2486 1828 anne
2543 1774 2671 1845 ipso
2728 1773 2987 1845 aliquem
3017 1773 3343 1828 beatiorem
3399 1788 3462 1827 se
3516 1772 3784 1829 invenire

367 1866 472 1929 τῆς
528 1859 817 1939 βασιλείας
873 1880 979 1935 μου
1030 1858 1182 1915 εἷπον
1240 1858 1409 1932 αὐτῷ’
1464 1859 1692 1914 Δύνασαι
1752 1857 1945 1933 εὑρεῖν,
1978 1858 2005 1911 d

2133 1877 2306 1933 posse
2346 1867 2617 1934 putaret;
2679 1860 2951 1917 Solonem
2984 1879 3124 1917 vero
3181 1861 3403 1916 dixisse
3460 1862 3781 1934 Diogenem

348 1952 581 2025 Σόλων,
636 1947 1122 2025 εὐδαιμονέστερόν
1194 1968 1348 2024 ne»;
1403 1948 1507 2005 Καὶ
1567 1945 1751 2022 εἴρηκὲ
1811 1967 1903 2021 μοι
1935 1945 2018 2002 ὅτι

346 2042 620 2119 Διογὲνης
680 2041 711 2098 6
760 2041 995 2104 Κυνικὸς
1048 2036 1525 2115 εὖδαιμονέστερός
1583 2037 1679 2093 σού
1750 2038 1863 2093 ἐστι
1922 2038 2016 2093 καί

346 2129 527 2187 ἄλλοι
559 2128 792 2189 πολλοί.
822 2131 922 2188 Ὃν
955 2126 1418 2203 ἀποπεμψάμενος
1451 2128 1525 2190 ὡς
1562 2122 1784 2202 ἔξηχον,
1815 2125 2017 2201 ἀρτίως

347 2219 620 2297 ᾐσθόμην
642 2219 729 2275 ὅτι
758 2221 845 2293 [Ρ.
881 2221 1006 2293 143]
1038 2217 1209 2275 πάντα
1252 2215 1350 2273 τοῦ
1404 2216 1616 2290 κόσμου
1673 2213 1828 2270 οὖδέν
1862 2214 2011 2270 εἰσιν.

344 2305 469 2366 Ἴδε
509 2308 618 2387 γὰρ
678 2306 764 2364 ὅτι
819 2304 977 2364 οὐδὲν
1036 2303 1328 2385 ὠφελήθην
1390 2302 1450 2361 ἐκ
1478 2303 1576 2361 τοῦ
1631 2303 1876 2360 πλούτου
1915 2312 2017 2375 τῆς

350 2395 652 2476 βασιλείας
714 2418 842 2473 μου,
877 2420 906 2449 ››
966 2396 1278 2467 Τηνικαῦτα
1341 2390 1665 2468 αίσθόμενος
1693 2394 1923 2470 ὁΚῦρος
1951 2392 2013 2448 οὐ

350 2486 528 2564 μόνον
561 2486 726 2543 αὐτὸν
772 2486 1126 2563 ἀτιμώρητον
1177 2482 1372 2554 εἴασεν,
1430 2480 1577 2538 ἀλλᾶ
1627 2483 1718 2537 καὶ
1772 2484 2011 2556 τιμήσας

350 2571 685 2651 σόμϐουλον
743 2576 1061 2651 προσήκατο
1125 2570 1216 2629 καὶ
1266 2570 1609 2649 παιδαγωγὸν
1665 2575 1763 2626 τοῦ
1818 2567 2011 2633 παιδὸς

347 2660 690 2742 Καμϐύσου.
750 2664 923 2726 Οὗτος
959 2665 987 2719 ὁ
1022 2665 1251 2737 Κροῖσος
1313 2659 1654 2738 βουλόμενος
1718 2663 1799 2732 τῷ
1854 2661 2012 2735 Κύρῳ

348 2754 706 2830 μαχέσασθαι
746 2750 917 2829 ᾔτησε
965 2750 1365 2833 χρησμὸν,καῖ
1423 2742 1691 2824 λαμϐάνει
1742 2751 2006 2804 τοιοῦτον·

697 2928 871 2990 Ἀλυν
951 2924 1160 3002 διαϐὰς,
1240 2926 1485 3008 μεγάλην
1561 2929 1739 3006 ἀργὴν
1839 2948 2007 2984 κατα-

1740 3016 1934 3093 [λύσει.

418 3114 517 3170 Ὃν
584 3112 664 3184 μή
720 3110 940 3181 νοηθεῖς
993 3109 1091 3177 τὴν
1157 3103 1434 3184 βασιλείαν
1512 3106 1676 3162 αὐτοῦ
1732 3104 2005 3163 ἀπώλεσε.

352 3208 534 3279 Κῦρος
578 3204 760 3259 τοίνυν
829 3202 923 3258 τὸν
998 3203 1229 3278 Κροῖσον
1296 3200 1583 3270 ὑποτάξας,
1645 3199 1736 3256 τὸν
1796 3198 2001 3268 Δανιὴλ

362 3285 670 3363 συμϐιωτὴν
714 3289 806 3347 διὰ
857 3292 957 3359 τήν
1014 3287 1340 3370 προφητείαν
1365 3288 1485 3365 εἶχε
1535 3288 1626 3343 καί
1690 3286 2000 3363 ὁμοέστιον.

366 3380 467 3437 Καί
514 3384 587 3455 τῷ
636 3378 762 3454 λαῷ
821 3376 879 3437 δὲ
925 3380 1026 3457 τήν
1080 3372 1339 3435 ἐπάνοδον
1402 3378 1535 3452 μετᾶ
1591 3375 1848 3452 λαμπροῦ
1904 3380 2000 3431 τοῦ

356 3468 699 3542 κηρύγματος
750 3465 1014 3522 ἐθέσπισε.
1073 3465 1205 3522 Τότε
1256 3465 1348 3521 καί
1403 3466 1431 3520 6
1490 3464 1610 3536 Βὴλ
1665 3465 1788 3526 ταῖς
1838 3463 2001 3519 αὐτοῦ

346 3553 716 3630 συμϐουλίαις
777 3554 1140 3637 κατεστράφη,
1170 3555 1261 3611 καί
1294 3555 1321 3610 6
1353 3549 1564 3630 δράκων
1618 3558 1686 3629 τῇ
1751 3556 1848 3608 τοῦ
1897 3561 2001 3608 Δα-

332 3643 467 3716 νιῆλ
501 3643 873 3721 ἀντανῄρηται
905 3665 1130 3716 συνεσει,
1183 3644 1273 3699 καί
1323 3640 1373 3698 οί
1432 3642 1627 3699 τούτου
1680 3642 1998 3718 θεραπευταὶ

332 3733 775 3803 ἆπώλοντο,καὶ
832 3734 991 3797 αὐτὸς
1036 3733 1098 3789 τὸ
1157 3726 1402 3808 δεύτερον
1449 3737 1550 3802 τῆς
1602 3733 1710 3786 τῶν
1764 3729 1995 3786 λεόντων

331 3821 641 3896 ὠμότητος
698 3823 956 3900 ἰρῥυσθη,
1011 3822 1103 3879 καὶ
1160 3824 1211 3878 οἱ
1268 3826 1459 3877 τοῦτον
1519 3816 1891 3889 διαϐαλόντες,
1941 3818 1994 3876 ἐν

327 3910 530 3975 αὐτοῖς
573 3912 990 3988 ἀντανῃροῦντο.
1056 3911 1228 3977 Οὗτος
1285 3914 1465 3986 Κῦρος
1526 3907 1620 3985 μὲν
1677 3902 1995 3979 Ἑλληνιστῖ

327 4001 618 4073 ἐκαλεῖτο,
653 4003 1004 4081 Ἀρταξέρξης
1037 3998 1094 4058 δὲ
1144 4003 1233 4059 καὶ
1294 4002 1659 4078 Ἀρθασασθὰς
1716 4000 1990 4076 Περσιστί.

325 4096 551 4150 Τοῦτον
582 4092 675 4147 τὸν
743 4094 920 4168 Κῦρον
970 4092 1164 4148 κτείνει
1219 4093 1255 4163 ἡ
1324 4090 1541 4167 βασιλὶς
1598 4093 1991 4167 Μασσαγετῶνο

327 4180 840 4255 προσποιησαμὲνη
896 4180 998 4258 γὰρ
1072 4176 1164 4235 διὰ
1232 4179 1565 4255 μηνυμάτων
1632 4180 1766 4234 εἶναι
1824 4180 1991 4235 αότοῦ

328 4267 548 4340 δούλη,
579 4265 816 4345 ἔπεμψεν
844 4269 991 4344 αὖτῷ
1051 4267 1200 4344 δῶρα
1255 4270 1344 4325 καὶ
1405 4265 1652 4346 πρόϐατα
1697 4269 1789 4325 καὶ
1846 4269 1992 4325 οἶνον

325 4356 517 4414 πολὺν
582 4358 716 4432 μετὰ
762 4359 962 4431 ἀσκῶν,
1015 4361 1099 4415 καὶ
1165 4359 1507 4433 μεθυσάντων
1554 4362 1662 4414 τῶν
1719 4357 1843 4435 περὶ
1898 4360 1992 4415 τὸν

340 2937 591 3009 Κροῖσος

2133 1946 2414 2021 Cynicum
2446 1951 2785 2023 multosque
2808 1951 2957 2007 alios
3004 1952 3133 2023 ipso
3166 1967 3293 2006 esse
3339 1949 3679 2016 feliciores;
3710 1968 3781 2007 ac

2110 2045 2268 2095 tunc
2301 2040 2543 2111 quidem
2573 2057 2607 2095 a
2637 2057 2699 2095 se
2749 2040 3025 2095 Solonem
3059 2040 3162 2105 ita,
3189 2045 3255 2093 ut
3286 2040 3389 2110 qui
3437 2044 3638 2095 mente
3670 2056 3776 2096 ca-

2125 2133 2262 2202 ptus
2303 2129 2621 2196 videretur,
2654 2129 2837 2185 fuisse
2895 2129 3250 2184 dimissum:
3282 2144 3441 2183 nunc
3489 2133 3686 2185 autem
3712 2145 3775 2185 se

2125 2219 2400 2289 experiri,
2434 2218 2721 2290 quidquid
2774 2219 2834 2273 in
2892 2219 3115 2273 mundo
3170 2222 3282 2285 est,
3326 2217 3386 2273 id
3418 2216 3572 2272 nihil
3601 2232 3772 2273 esse:

2123 2324 2261 2365 nam
2294 2309 2405 2365 sibi
2436 2308 2678 2381 quidem
2711 2306 2943 2364 divitias
2964 2305 3127 2380 regni
3158 2308 3250 2363 sui
3275 2307 3428 2363 nihil
3453 2306 3768 2380 profuisse.

2122 2397 2208 2454 lbi
2238 2399 2441 2471 Cyrus,
2490 2415 2556 2454 re
2587 2398 2979 2466 considerata,
3029 2414 3147 2452 non
3189 2397 3478 2470 supplicio
3535 2402 3767 2452 tantum

2120 2488 2381 2544 Croesum
2413 2488 2721 2557 subtraxit,
2759 2488 2861 2544 sed
2884 2489 3110 2543 honore
3141 2487 3321 2544 etiam
3353 2487 3573 2552 affecit,
3623 2503 3764 2543 con-

2121 2575 2412 2633 siliarium
2443 2576 2554 2633 sibi
2584 2594 2717 2634 eum
2749 2583 2808 2633 et
2839 2577 2945 2632 filii
2979 2577 3069 2632 sui
3090 2577 3394 2647 Cambysis
3415 2576 3764 2648 magistrum

2116 2664 2362 2722 faciens.
2400 2666 2542 2722 Huic
2577 2668 2723 2724 9151
2761 2669 2976 2733 Crceso,
3024 2680 3159 2721 eum
3206 2668 3353 2736 Cyro
3383 2663 3609 2720 bellum
3638 2663 3764 2719 illa-

2118 2759 2287 2810 turus
2308 2756 2614 2811 oraculum
2634 2756 3022 2827 poposcisset,
3046 2752 3131 2810 sic
3156 2753 3348 2809 fuerat
3369 2765 3761 2825 responsum:

2118 2937 2325 2995 Crassus
2361 2935 2547 3006 Halyn
2594 2942 2897 3006 penetrans
2950 2949 3208 3003 magnam
3262 2939 3543 3003 pervertet
3598 2946 3760 3003 opum

3589 3037 3722 3076 υιιη.

3589 3037 3622 3075 υ
3708 3059 3722 3076 .

2113 3112 2278 3181 Quod
2308 3112 2409 3169 ille
2439 3129 2561 3169 non
2593 3113 2953 3186 intelligens,
2988 3126 3161 3168 suum
3199 3125 3447 3183 regnum
3476 3020 3758 3181 ρθιίάίϐίι.

2113 3207 2296 3278 Cyrus
2352 3206 2547 3262 Croeso
2619 3205 2863 3261 subacto
2920 3203 3231 3260 Danielum
3287 3201 3544 3257 vaticinii
3581 3215 3760 3257 causa

2114 3292 2323 3350 domus
2354 3308 2694 3366 mensaeque
2725 3310 2848 3350 sua:
2880 3290 3153 3365 dignatus
3186 3296 3274 3347 est
3304 3289 3757 3360 communitate,

2111 3383 2436 3455 populique
2462 3382 2721 3439 reditum
2751 3381 2969 3454 insigni
2993 3380 3184 3436 edicto
3215 3377 3556 3452 publicavit.
3596 3381 3757 3434 Tunc

2099 3477 2171 3528 'et
2190 3474 2363 3529 Belus
2393 3471 2641 3529 consilio
2694 3472 2923 3528 Danieli
2972 3486 3210 3526 eversus
3241 3476 3347 3535 est,
3400 3474 3459 3525 et
3485 3469 3753 3542 ejusdem

2110 3562 2434 3619 calliditate
2465 3563 2640 3619 draco
2696 3562 3063 3627 interfectus,
3099 3561 3399 3631 occisique
3455 3559 3664 3615 famuli
3696 3565 3754 3614 et

2108 3646 2388 3707 Daniélus
2413 3652 2606 3708 denuo
2630 3651 3126 3724 ereptusleonum
3149 3649 3404 3715 saevitiae,
3428 3648 3753 3704 calumnia-

2108 3746 2268 3797 tores
2298 3741 2427 3812 ejus
2456 3741 2528 3796 ab
2585 3742 2659 3796 iis
2715 3740 2908 3796 necati
2963 3744 3118 3794 sunt.
3149 3738 3252 3792 Hic
3309 3741 3491 3808 Cyrus
3529 3737 3747 3805 Graece,

2107 3829 2341 3885 Persice
2377 3834 2725 3885 Artaxerxes
2758 3836 2815 3885 et
2839 3827 3254 3885 Arthasasthas
3285 3825 3518 3880 dicitur.
3553 3824 3749 3879 Inter-

2104 3916 2294 3974 fectus
2326 3920 2416 3974 est
2443 3935 2477 3974 a
2500 3916 2705 3991 regina
2734 3918 3239 3990 Massagetarum:
3267 3915 3400 3969 Haec
3452 3929 3561 3985 per
3599 3927 3751 3969 nun-

2105 4007 2237 4072 tios,
2298 4007 2586 4063 simulans
2636 4024 2697 4062 se
2757 4007 2809 4061 ei
2851 4007 2912 4061 in
2969 4005 3314 4061 servitutem
3371 4002 3534 4071 dare,
3593 4002 3751 4059 dona

2103 4095 2285 4165 misit,
2319 4100 2376 4150 et
2404 4110 2541 4150 oves
2569 4100 2629 4150 et
2654 4094 2773 4150 vini
2796 4095 3049 4150 multum
3080 4094 3140 4148 in
3161 4092 3412 4149 utribus.
3450 4091 3746 4147 Inebriato

2102 4188 2300 4239 autem
2331 4198 2466 4239 cum
2498 4182 2621 4238 suis
2651 4185 2819 4255 Cyro,
2853 4199 2954 4238 eos
2992 4182 3199 4238 adorta
3227 4180 3532 4237 universos
3562 4197 3746 4252 prope

2103 4273 2352 4339 occidit;
2387 4273 2639 4345 Cyrique
2669 4278 2845 4345 caput
2874 4273 2936 4329 in
2988 4277 3180 4327 utrem
3207 4271 3462 4341 conjecit
3490 4269 3695 4327 dicens
3728 4285 3743 4326 :

2103 4384 2132 4412 ‹‹
2169 4364 2465 4429 Saturare,
2498 4362 2851 4419 insatiabilis
2881 4363 3049 4434 Cyre.
3079 4382 3108 4411 »

326 4452 515 4522 Κῦρον
559 4446 848 4521 ἐξελθοῦσα
877 4446 1070 4525 σχεδὸν
1109 4449 1315 4513 πάντας
1343 4448 1640 4522 ἀπέκτεινε,
1668 4450 1755 4505 καί
1819 4444 2100 4523 λαϐομένη
2158 4455 2256 4506 τοῦ
2314 4450 2494 4526 Κύρου
2550 4445 2716 4507 ἔϐαλε
2769 4452 2869 4520 τήν
2915 4450 3154 4528 κεφαλὴν
3207 4446 3372 4505 αὺτοῦ
3425 4447 3504 4512 είς
3566 4446 3761 4522 ασκὸν,

329 4535 606 4614 λέγουσιν
646 4562 673 4594 ε
705 4540 1018 4613 Κορὲσθητι,
1048 4539 1304 4615 ἀκόρεστε
1332 4542 1486 4613 Κῦρε.
1522 4561 1551 4591 ››

416 4627 572 4683 Μετᾶ
619 4625 900 4702 Βαλτάσαρ
958 4627 1050 4682 τὸν
1107 4628 1222 4683 υἱὸν
1275 4623 1771 4703 Ναϐουχοδονόσυρ
1831 4627 1991 4704 ἆκρά-

2168 4631 2678 4688 PostBaltazarem
2697 4630 3287 4687 Nabuchodonosoris
3299 4629 3489 4686 ﬁlium
3502 4644 3750 4701 regnum

329 4734 478 4785 τησε
506 4719 609 4782 τῆς
634 4716 814 4792 ἀρχης
864 4722 1086 4792 Δαρεῖος
1119 4719 1147 4773 6
1177 4714 1484 4795 Ἀστυάγης
1531 4711 1627 4788 ἔτη
1684 4718 1767 4786 ιζ’⁶
1817 4714 1896 4794 ἐφ’
1928 4714 1991 4772 οὗ

335 4802 552 4874 Δανιὴλ
575 4805 673 4860 τὸν
722 4800 1191 4877 ἑϐδομηκονταετῆ
1248 4812 1348 4877 τῆς
1401 4804 1733 4878 μετοικεσίας
1786 4806 1987 4881 χρόνον

334 4890 707 4970 διαγινώσκει,
738 4895 967 4949 καὶτῶν
1014 4894 1147 4950 ἑπτὰ
1200 4889 1520 4968 ἑϐδομάδων
1578 4895 1729 4968 αὖτῷ
1780 4896 1843 4950 τὸ
1886 4916 1988 4969 μυ-

335 4983 566 5057 στήριον
598 4981 1061 5040 ἆποκαλῦπτέται.
1102 4983 1205 5041 Καὶ
1237 4982 1289 5039 εἴ
1312 5000 1394 5045 τις
1458 4980 1699 5060 ἀκριϐῶς
1749 4983 1987 5055 ἐξετάσαι

338 5068 596 5147 βουληθῇ
625 5073 717 5128 τὸν
746 5071 914 5149 λόγον
943 5073 1032 5128 καί
1067 5069 1523 5153 διαριθμήσασθαι
1561 5071 1689 5135 τοὺς
1727 5074 1985 5148 χρόνους,

336 5158 634 5235 ἀρξάμενος
683 5161 792 5217 ἀπὸ
874 5158 1062 5232 ἐξόδου
1120 5158 1303 5234 λόγων
1356 5161 1493 5216 κατὰ
1546 5161 1640 5216 τὸν
1693 5164 1983 5241 προφήτην

332 5253 433 5304 τοῦ
510 5248 952 5326 οἰκοδομηθῆναι
1035 5247 1420 5323 Ἰερουσαλήμ,
1512 5248 1791 5305 τουτέστιν
1875 5249 1983 5306 ἀπὸ

334 5338 560 5413 Νεεμίου
616 5344 739 5397 υἱοῦ
802 5338 1025 5414 Ἀχελῆ
1090 5342 1187 5394 τοῦ
1243 5338 1640 5414 ἀρχιοινοχόου
1699 5337 1981 5414 Ἀρταξέρ-

324 5430 428 5504 ξου,
479 5430 539 5497 ὃς
582 5429 847 5505 ἀξιωθείς
898 5425 992 5482 καὶ
1049 5425 1364 5502 ἐπιτραπεὶς
1423 5427 1619 5482 ἄνεισιν
1678 5423 1981 5501 οἰκοδομῆ-

322 5541 394 5579 σαι
434 5521 495 5580 τέ
545 5519 954 5599 Ἱεροσόλυμα,
1012 5516 1230 5591 εὑρήσει
1289 5514 1385 5580 τὰς
1441 5517 1483 5571 o’
1542 5519 1979 5593 ωμπεραινομὲ·

308 5634 391 5680 νας
419 5609 765 5690 ἑϐδομάδας,
789 5603 899 5675 ἔτη
935 5602 1020 5681 ul,’
1065 5601 1152 5659 ἐπὶ
1178 5604 1271 5660 τὸν
1297 5604 1485 5680 καιρὸν
1515 5603 1717 5661 ίκεῖνον
1759 5606 1848 5661 ὅτε
1875 5626 1978 5662 πα-

302 5704 541 5766 λαιοδται
589 5703 660 5761 τὸ
722 5693 1107 5771 παράπτωμα
1154 5694 1246 5748 καὶ
1304 5690 1635 5750 συντελεῖται
1676 5697 1711 5765 ἡ
1742 5692 1981 5770 ἁμαρτία

2100 4735 2209 4791 per
2232 4736 2422 4777 annos
2456 4725 2521 4775 17
2550 4722 2760 4777 Darius
2788 4722 3072 4793 Astyages
3118 4720 3329 4776 tenuit.
3364 4719 3479 4776 Sub
3525 4735 3594 4775 eo
3627 4720 3747 4777 Da-

2100 4811 2296 4867 nielus
2328 4817 2562 4883 tempus
2590 4812 2660 4866 7O
2686 4824 2979 4868 annorum
3014 4809 3208 4865 exsilii
3255 4809 3536 4881 dignovit,
3572 4808 3745 4880 eiquo

2100 4902 2451 4971 mysterium
2483 4905 2710 4972 septem
2741 4900 3211 4971 septimanarum
3244 4904 3334 4953 est
3363 4898 3742 4969 patefactum.

2096 4990 2179 5045 Ac
2209 4990 2258 5044 si
2317 4990 2450 5062 quis
2480 4991 2726 5061 praecise
2778 4988 3119 5045 examinare
3150 5002 3284 5043 eam
3340 5003 3467 5042 rem
3492 4986 3649 5041 volet
3676 5002 3743 5043 ac

2095 5083 2364 5151 tempora
2416 5079 2820 5147 dinumerare,
2878 5077 2930 5133 is
2988 5077 3142 5132 facto
3188 5076 3483 5147 principio
3540 5074 3614 5129 ab
3671 5090 3740 5130 eo

2094 5174 2360 5241 tempore
2392 5185 2507 5240 quo
2547 5168 2859 5239 impletum
2906 5172 2995 5222 est
3024 5165 3364 5221 vaticinium
3394 5164 3468 5220 de
3515 5163 3739 5220 instau-

2091 5258 2295 5313 randis
2327 5256 2771 5327 Hierosolymis,
2800 5257 3082 5312 nimirum
3113 5272 3147 5310 a
3175 5253 3463 5310 Nehemia
3504 5254 3738 5311 Achelaa

2091 5346 2271 5414 illius,
2332 5346 2433 5416 qui
2492 5345 2769 5416 princeps
2799 5345 2912 5400 fuit
2966 5345 3388 5415 pincernarum
3440 5343 3592 5401 252
3629 5345 3736 5399 Ar-

2090 5433 2367 5498 taxerxis,
2401 5433 2501 5502 qui
2533 5432 2868 5503 impetravit
2885 5430 3233 5486 missionem
3255 5429 3329 5485 ad
3349 5430 3737 5493 instauranda

2091 5521 2499 5591 Hierosolyma
2522 5520 2696 5591 eique
2734 5520 3046 5592 praefectus
3073 5517 3205 5589 fuit,
3229 5518 3638 5590 deprehendet
3666 5524 3735 5577 ὀ

2090 5609 2474 5682 septimanae,
2496 5609 2556 5666 id
2578 5615 2668 5666 est
2688 5626 2877 5666 annos
2896 5611 3021 5677 490,
3045 5608 3291 5666 exivisse
3313 5610 3389 5666 ad
3412 5609 3473 5664 id
3494 5615 3727 5682 tempus

2089 5715 2206 5773 quo
2236 5700 2607 5772 antiquatum
2629 5704 2720 5757 est
2744 5698 3049 5769 delictum,
3080 5705 3140 5756 et
3168 5698 3304 5755 finis
3331 5706 3572 5775 peccato
3618 5701 3726 5761 ima
