4118 6284
410 391 528 454 287

1764 390 2086 453 GEORGII
2129 388 2472 452 CEDRENI

3697 388 3816 449 288

412 526 662 598 positus,
696 541 763 581 ac
790 523 937 579 visio
978 523 1307 597 obsignata,
1365 523 1831 594 vaticinatusque
1880 527 1971 577 est
2000 532 2040 577 ea

2167 518 2258 575 καὶ
2291 518 2634 599 σφραγίζεται
2682 517 2865 594 ὅραμα
2914 517 3006 573 καὶ
3071 515 3399 595 πρότρητεύει
3458 518 3544 573 καὶ
3601 516 3817 593 χρίεται

374 620 628 670 -unctus
689 614 939 669 Sanctus
987 617 1354 680 sanctorum,
1414 613 1527 668 hoc
1585 618 1692 679 est,
1749 629 1939 683 usque
1989 611 2063 667 ad

411 704 626 757 Christi
658 702 975 757 adventum
1007 707 1065 756 et
1093 719 1187 757 res
1210 707 1426 774 gestas.

482 793 666 862 Cyrus
698 793 897 859 Persa,
958 807 1161 846 everso
1218 790 1520 845 Medorum
1578 795 1639 845 et
1683 790 2058 860 Assyriorum

409 879 682 950 imperio,
712 880 1108 950 universaque
1141 880 1280 934 Asia
1301 878 1564 945 subacta,
1586 879 1851 949 regnavit
1870 894 2060 933 annos

408 971 495 1023 31.
530 969 730 1023 Primo
764 968 897 1040 ejus
927 984 1084 1023 anno
1113 969 1183 1021 78
1206 968 1399 1023 exsilii
1422 968 1564 1023 anni
1590 967 1868 1038 cempleti
1899 972 2054 1022 sunt.

407 1057 751 1127 Insequenti
783 1072 939 1112 anno
963 1057 1244 1123 Hebraeis,
1269 1057 1369 1128 qui
1408 1056 1647 1122 vellent,
1678 1056 1973 1111 concessit
1995 1061 2062 1110 ut

412 1146 821 1216 Hierosolyma
860 1144 1124 1200 redirent
1171 1146 1372 1216 ibique
1421 1144 1774 1213 habitareni,
1829 1150 1888 1199 et
1915 1149 2066 1199 tem—

408 1233 576 1304 plum
603 1233 883 1289 aediticari
902 1233 1103 1304 jussit,
1135 1236 1323 1289 Duces
1359 1232 1584 1288 reditus
1622 1231 1861 1287 fuerunt
1889 1234 2058 1288 Jesus

406 1322 674 1377 Josedeci
706 1323 1009 1394 pontificis
1068 1323 1309 1378 maximi
1362 1322 1521 1377 filius
1551 1326 1611 1377 et
1664 1320 2056 1377 Zorobabelus

405 1412 711 1467 Salathieli
746 1413 925 1478 filius,
984 1430 1052 1468 ac
1105 1419 1265 1468 vates
1317 1415 1585 1485 Aggaeus,
1645 1418 1704 1466 et
1745 1412 2056 1468 Zacharias

404 1501 651 1557 lddonis
682 1502 864 1557 filius.
895 1503 964 1557 Hi
997 1520 1131 1558 eum
1164 1503 1551 1559 fundamenta
1574 1502 1779 1573 templi
1821 1503 2057 1573 posuis-

406 1595 561 1658 sent,
593 1591 665 1647 ab
696 1591 1055 1647 absolvendo
1086 1609 1263 1663 opere
1288 1598 1442 1647 totos
1471 1594 1541 1646 42
1569 1608 1759 1647 annos
1785 1590 2052 1662 impediti

408 1685 568 1745 sunt,
594 1678 782 1735 donec
843 1681 1052 1736 Darius
1084 1682 1386 1752 Hystaspis
1434 1680 1614 1747 filius,
1670 1679 1930 1735 secundo
1962 1680 2051 1734 sui

406 1770 574 1843 regni
601 1787 782 1837 anno,
810 1771 1100 1842 repressis
1131 1771 1231 1842 qui
1263 1770 1596 1826 obstabant.
1629 1769 1868 1825 aedificii
1909 1776 2053 1824 tem-

403 1859 487 1932 pli
520 1859 962 1916 absolutionem
1013 1861 1328 1933 expedivit,
1378 1861 1439 1915 in
1470 1876 1648 1932 quam
1705 1860 1806 1915 alii
1836 1862 1869 1913 4
1907 1861 2049 1915 anni

402 1948 713 2021 insumpti.
748 1952 951 2021 Itaque
1000 1950 1288 2021 templum
1320 1950 1494 2005 annis
1532 1949 1775 2005 omnino
1823 1951 1892 2003 46
1921 1965 2049 2020 per-

396 2036 625 2093 fectum
661 2037 794 2093 fuit.

2078 1907 2126 1970 Β

2165 610 2356 683 “Αγιος
2389 608 2581 683 ἁγίων,
2612 608 2889 664 τουτέστιν
2917 606 3009 661 iani
3054 608 3155 676 τήν
3213 609 3456 683 Χριστοῦ
3515 606 3814 682 παρουσίαν

2163 697 2253 753 καὶ
2272 698 2371 767 τήν
2406 696 2608 768 λοιπὴν
2631 716 3029 772 πραγματειαν.

2235 789 2412 863 Κῦρος
2446 787 2474 843 6
2506 785 2736 862 Ιιέρσης,
2774 785 3079 847 καταλύσας
3108 785 3206 853 τὴν
3236 781 3462 856 Μήδων,
3494 785 3585 840 καὶ
3618 787 3817 841 Ἀσσυ-

2166 874 2298 951 ρίων
2363 872 2699 947 δυναστείαν,
2757 876 3033 951 κρατήσας
3090 871 3146 929 δὲ
3181 880 3281 943 τῆς
3338 873 3521 936 Ἀσίας
3576 875 3815 947 ἀπάσης,

2161 959 2503 1020 ἐϐασίλευσεν
2589 959 2681 1036 ἔτη
2744 963 2850 1021 λα’.
2927 966 3138 1021 Τουτου
3193 968 3274 1037 τῷ
3326 964 3531 1038 πρώτῳ
3589 964 3820 1037 ἐνιαυτῷ

2161 1050 2668 1127 ἐϐδομηκονταετής
2732 1054 2937 1133 χρόνος
2991 1059 3093 1122 τῆς
3153 1052 3491 1126 μετοικεσίας
3551 1051 3818 1127 συμπλη-

2162 1148 2371 1219 ροῦται.
2431 1145 2518 1201 Ἐν
2594 1140 2652 1198 δὲ
2732 1147 2815 1216 τῷ
2865 1142 3119 1215 ἑπομένῳ
3183 1140 3297 1197 ἔτει
3353 1144 3630 1217 συγχωρεῖ
3685 1141 3817 1205 τοὺς

2162 1230 2489 1306 δυναμένους
2552 1237 2662 1289 τῶν
2752 1226 3023 1306 Ἐϐραίων
3079 1229 3301 1300 οἰκίζειν
3359 1230 3688 1294 ἀνελθόντας
3738 1230 3819 1294 εἷς

2159 1311 2534 1399 Ἰεροσόλυμα,
2610 1321 2701 1377 καὶ
2783 1322 2875 1377 τὸν
2959 1321 3085 1376 ναὸν
3156 1316 3588 1393 οἰκοδομηθῆναι
3644 1340 3816 1396 προσο

2159 1410 2326 1480 ἐταξε.
2358 1414 2474 1481 Τῆς
2505 1412 2560 1466 6‘s
2614 1407 2882 1466 ’mrav6800
2940 1412 3177 1486 ἡγοῦντο
3239 1410 3449 1479 Ἰησοῦς
3482 1408 3510 1463 6
3548 1413 3644 1464 τοῦ
3697 1412 3815 1468 Ἰω-

2159 1496 2313 1554 σεδὲκ
2343 1498 2584 1575 μεγάλου
2627 1500 2815 1574 ἱερέως
2878 1500 2971 1554 καὶ
3028 1492 3340 1572 Ζοροϐάϐελ
3396 1499 3425 1552 6
3479 1502 3577 1553 τοῦ
3631 1496 3816 1554 Σαλα-

2157 1587 2314 1658 θιήλ,
2347 1588 2439 1643 καὶ
2472 1591 2759 1666 προφήτης
2821 1591 2908 1662 [Ρ.
2971 1589 3095 1659 au]
3150 1587 3428 1661 Ἀγγαῖος,
3487 1586 3582 1641 καὶ
3630 1593 3817 1663 Ζαχα-

2159 1678 2275 1755 ρίας
2307 1681 2463 1735 ὁτοῦ
2512 1676 2719 1737 Ἀδδώ.
2780 1678 3147 1752 Καταθὲμενοι
3205 1674 3263 1733 δὲ
3320 1678 3370 1732 οἰ
3428 1677 3552 1754 περὶ
3599 1680 3814 1749 Ἰησοῦν

2153 1774 2250 1825 τοῦ
2280 1774 2412 1824 ναοῦ
2440 1772 2538 1840 τήν
2569 1764 2727 1845 ἕδραν
2772 1768 2856 1842 ἐφ’
2906 1768 3063 1831 ὅλοις
3127 1769 3526 1841 τεσσαράκοντα
3590 1769 3683 1825 καὶ
3716 1767 3815 1825 δύο

2156 1854 2294 1914 ἔτεσι
2323 1860 2387 1914 τὸ
2432 1857 2590 1933 ἔργον
2649 1857 2960 1913 ἐκωλύοντο
3018 1861 3455 1933 συμπεραιῶσαι,
3517 1856 3720 1937 μέχρις
3753 1858 3817 1913 οὗ

2162 1953 2383 2021 Δαρεῖος
2417 1950 2445 2003 6
2485 1948 2809 2017 Ὑστάσπου,
2867 1944 3101 2023 δευτέρῳ
3153 1944 3260 2001 ἔτει
3321 1947 3423 2017 τῆς
3490 1947 3658 2002 αὐτοῦ
3715 1948 3821 2021 βα-

2165 2035 2391 2107 σιλείας,
2433 2037 2561 2099 τοὺς
2620 2034 3011 2110 ἐμποδίζοντας
3059 2032 3377 2099 ἀναστείλας
3430 2033 3642 2091 τελείαν
3698 2034 3821 2090 ἐπι⁶

402 2125 588 2197 τρέπει
623 2127 719 2178 τοῦ
748 2128 881 2179 ναοῦ
909 2144 1010 2193 την
1042 2125 1364 2194 κατασκεήν.
1402 2124 1500 2181 Καὶ
1558 2122 1980 2198 συμπληροῦται
2039 2121 2090 2176 ἐν
2147 2121 2343 2187 ἄλλοις
2396 2120 2644 2199 τέτρασιν
2695 2119 2885 2193 ἔτεσιν,
2943 2121 3083 2178 ὥστε
3135 2119 3513 2188 ωντελεθῆναι
3574 2123 3735 2178 αὐτὸν
3765 2122 3822 2178 ἐν

375 2208 556 2274 ’ὅλοις
586 2208 726 2267 ἔτεσι
760 2214 868 2285 μς’.

468 2302 810 2373 Cambyses,
843 2304 943 2373 qui
978 2303 1139 2359 idem
1188 2306 1545 2360 Artaxerxes
1566 2306 1907 2374 usurpatur,
1941 2319 2050 2357 an-

398 2406 507 2445 nos
538 2391 802 2462 regnavit
826 2392 884 2448 8.
942 2391 1328 2463 Sphendanes
1357 2398 1415 2446 et
1451 2392 1802 2457 Cimerdius,
1835 2390 2048 2445 fratres

396 2481 575 2552 magi,
606 2497 843 2537 menses
900 2486 951 2536 7.
983 2483 1100 2537 Hos
1129 2482 1373 2538 adortus
1422 2488 1481 2538 et
1534 2482 1778 2537 victoria
1827 2481 2047 2553 potitus

395 2569 606 2625 Darius
640 2586 713 2625 ex
742 2570 1090 2642 posteritate
1114 2571 1270 2642 Cyri,
1305 2571 1610 2642 Hystaspis
1633 2571 1813 2638 filius,
1847 2586 2050 2643 regna-

391 2659 474 2712 vit
503 2674 692 2729 usque
740 2660 894 2716 αδδ
955 2659 1029 2715 ad
1061 2659 1227 2714 urbis
1275 2659 1715 2715 absolutionem
1771 2675 1959 2714 annos
1990 2662 2044 2726 6,

382 2764 461 2803 ac
492 2748 641 2804 alios
672 2747 889 2805 deinde
922 2752 1009 2804 30.
1045 2749 1162 2804 Sub
1193 2749 1304 2804 hoc
1349 2749 1730 2821 Hippocrates
1777 2748 2047 2804 medicus

395 2838 677 2895 innotuit.

466 2928 690 2983 Xerxes
719 2928 873 2984 Earii
907 2929 1068 2984 filius
1098 2944 1345 2999 regnum
1379 2928 1559 3001 gessit
1590 2945 1778 2984 annos
1808 2931 1897 2998 20,
1938 2932 2043 2983 Ar-

393 3016 644 3073 tabanus
674 3034 909 3073 menses
941 3022 993 3085 7,
1027 3020 1381 3073 Artaxerxes
1422 3019 1818 3090 Longimanus
1857 3034 2044 3073 annos

379 3111 478 3162 .40.
504 3108 621 3164 Sub
646 3108 757 3163 hoc
777 3109 1060 3175 Estherae,
1086 3108 1433 3165 Mardochaei
1453 3114 1511 3165 et
1531 3109 1775 3164 Amanis
1797 3108 2047 3163 historia

389 3197 605 3253 evenit.
636 3199 828 3267 Atque
858 3198 970 3252 hoc
1004 3198 1188 3253 armis
1209 3198 1574 3253 aedificantes
1605 3196 1877 3269 cingente
1903 3197 2043 3251 Bie-

384 3284 691 3354 rosolyma
738 3285 1068 3340 instaurata
1101 3292 1257 3340 sunt.
1310 3285 1397 3339 Ab
1441 3285 1620 3356 hujus
1651 3291 1853 3340 octavo
1886 3301 2042 3339 anno

2229 2296 2530 2375 Καμϐύσης
2585 2301 2614 2356 6
2669 2301 2760 2355 καὶ
2818 2299 3178 2375 Ἀρταξέρξης
3234 2294 3579 2355 ἐϐασίλευσεν
3634 2298 3730 2371 ἔτη
3766 2308 3821 2372 η’

2157 2389 2460 2468 Σφενδάνης
2517 2391 2606 2448 καὶ
2656 2388 2946 2466 Κιμέρδιος
3003 2387 3229 2467 ἀδελφοὶ
3307 2391 3470 2465 μάγοι
3532 2398 3707 2463 μῆνας
3750 2393 3819 2461 ζ’.

2157 2483 2432 2557 Δαρεῖοςὸ
2464 2484 2640 2554 Κύρου
2697 2480 2990 2556 ἀπόγονος,
3020 2478 3320 2536 Ὑστάσπου
3381 2476 3439 2534 δὲ
3495 2480 3632 2548 υἱὸς,
3693 2486 3818 2542 τοῖς

2161 2569 2364 2646 μάγοις
2421 2568 2736 2642 ἐπιθέμενος
2787 2569 2879 2624 καὶ
2931 2569 3207 2644 κρατήσας
3262 2562 3579 2623 ἐϐασίλευσε
3639 2569 3819 2645 μέχρι

2156 2658 2613 2733 συμπληρώσεως
2648 2656 3014 2731 Ἰερουσαλὴμ
3041 2655 3135 2728 ἔτη
3196 2654 3270 2727 ἔξ,
3329 2657 3420 2712 καὶ
3485 2658 3621 2733 πρὸς
3680 2659 3821 2712 τού-

2154 2769 2271 2804 τοις
2321 2744 2480 2823 ’ἑτερα
2536 2745 2605 2806 λ’.
2668 2747 2794 2805 Ἐπὶ
2848 2745 3045 2802 τούτου
3123 2747 3487 2821 Ἱπποκράτης
3547 2748 3575 2802 6
3628 2748 3825 2822 ἰατρὸς

2156 2836 2505 2914 ἐγνωρίζετο.

2224 2926 2435 3002 Ξέρξης
2467 2928 2496 2982 6
2527 2927 2753 3001 Δαρείου
2783 2926 2909 2997 ήὶὸς
2942 2920 3282 2980 ἐϐασίλευσεν
3340 2924 3434 2996 ἔτη
3492 2926 3560 2995 κ’,
3613 2927 3821 2999 Ἀρτά-

2155 3012 2325 3071 ϐανος
2386 3022 2560 3090 μῆνας
2622 3016 2684 3084 ζ’,
2738 3013 3091 3090 Ἀρταξέρξης
3149 3015 3177 3068 ὁ
3236 3015 3548 3089 Μακρόχειρ
3603 3008 3697 3085 ἔτη
3736 3016 3815 3086 μ’.

2153 3105 2279 3163 Ἐπὶ
2337 3106 2533 3161 τούτου
2587 3104 2655 3161 τὰ
2710 3104 2847 3158 κατὰ
2905 3104 3103 3176 Ἐσθὴρ
3160 3104 3248 3158 καὶ
3307 3100 3666 3178 Μαρδοχαῖον
3718 3105 3817 3159 καὶ

2154 3197 2331 3268 Ἀμᾶν
2380 3193 2652 3269 ἐπράχθη.
2714 3193 2834 3250 Ἐπὶ
2889 3190 3087 3249 τούτου
3145 3189 3482 3264 ᾠκοδομήθη
3532 3192 3818 3269 Ἰερουσα-

2154 3282 2298 3357 λήμ,
2382 3281 2579 3345 ὅπλοις
2659 3283 2787 3344 τοὺς
2859 3282 3207 3359 ἐνεργοῦντας
3313 3281 3812 3357 περιτειχίσαντος,

390 3374 459 3424 ’70
488 3371 837 3442 septimanae
887 3373 1274 3428 numerandae
1324 3378 1483 3441 sunt,
1531 3373 1777 3428 Danielo
1823 3390 1930 3444 per
1970 3373 2040 3427 vi-

2158 3374 2293 3429 Ἀπὸ
2322 3376 2420 3428 τοῦ
2478 3369 2678 3450 ὀγδόου
2712 3369 2881 3439 ,ἔτους
2928 3375 3125 3425 τούτου
3182 3367 3527 3444 ἀριθμεῖσθαι
3576 3367 3656 3425 δεῖ
3711 3371 3813 3433 τὰς

393 3475 526 3515 sum
558 3460 888 3532 patefactae,
921 3478 1109 3532 usque
1139 3462 1213 3517 ad
1241 3462 1454 3516 Christi
1486 3461 1825 3517 adventum.

462 3644 613 3695 Ante
670 3639 796 3694 haec
848 3639 1209 3695 collocandae
1266 3644 1438 3695 erant
1487 3656 1582 3695 res
1640 3642 2039 3696 Romanorum

384 3733 589 3799 utpote
619 3729 1010 3784 vetustiores:
1051 3744 1257 3784 verum
1289 3728 1362 3783 ob
1396 3728 1863 3784 continuationis
1912 3746 2043 3800 per-

384 3818 735 3889 petuitatem
780 3819 839 3872 in
878 3818 1057 3873 alium
1105 3818 1301 3873 locum
1333 3817 1530 3873 dilatae
1579 3823 1736 3886 sunt,
1787 3834 2039 3874 comme-

388 3907 691 3963 morandae
722 3907 825 3961 ubi
867 3907 1245 3978 Assyriorum
1282 3907 1448 3980 regni
1497 3912 1555 3961 et
1582 3907 1811 3963 Judaici
1843 3908 2034 3963 exsilii

391 3996 574 4052 finem
606 3997 1000 4069 attigerimus.

456 4102 684 4159 Xerxes
716 4103 1054 4158 Artaxerxis
1082 4103 1239 4158 filius
1259 4108 1649 4176 cognomento
1675 4104 1920 4175 Spurius
1948 4104 2034 4177 (id

388 4192 552 4247 enim
583 4192 806 4247 Nothus
837 4193 1152 4265 significat)
1181 4193 1492 4248 interfecto
1523 4193 1811 4265 Sagdiano
1842 4210 2031 4249 annos

380 4283 453 4335 49
482 4282 763 4352 regnavit,
789 4282 998 4337 Darius
1020 4282 1323 4353 Hystaspis
1352 4287 1412 4336 et
1439 4282 1801 4353 Parysatidis
1840 4299 2029 4337 annos

384 4372 472 4435 36,
504 4387 662 4426 anno
689 4371 893 4425 mundi
925 4374 1087 4426 4992.
1120 4372 1175 4425 Is
1201 4386 1336 4425 cum
1358 4369 1551 4425 adhuc
1580 4371 1851 4442 privatim
1885 4372 2028 4426 vive-

360 4464 492 4525 .ret,
522 4465 719 4513 votum
754 4460 872 4513 Deo
901 4458 1143 4526 fecerat,
1176 4458 1221 4513 si
1256 4458 1498 4529 quidem
1529 4476 1778 4529 regnum
1806 4460 1869 4514 in
1891 4462 2027 4514 Per-

383 4563 478 4601 sas
509 4553 991 4617 consequeretur,
1023 4546 1313 4618 templum
1362 4547 1782 4619 Hierosolymis
1809 4565 1872 4603 se
1902 4548 2023 4603 ins-

380 4640 755 4690 tauraturum
803 4636 1123 4706 omniaque
1152 4635 1488 4691 Judaeorum
1536 4653 1703 4692 sacra
1749 4641 1807 4692 et
1838 4638 2024 4709 capti-

382 4740 484 4779 vos
513 4725 906 4791 redditurum,
939 4741 1008 4780 ac
1037 4725 1300 4780 moribus
1331 4742 1431 4781 eos
1462 4725 1755 4795 majorum
1794 4728 2028 4782 restitu-
2061 4737 2105 4801 1)
2136 4723 2308 4783 ϐάϐελ
2384 4728 2413 4781 ὁ

381 4819 602 4869 turum.
664 4814 804 4884 Ejus
850 4815 965 4870 voti
1033 4814 1269 4870 auditor
1327 4821 1504 4887 atque
1562 4832 1769 4870 suasor
1834 4816 2027 4872 fuerat

377 4903 775 4959 Zorobabelus
806 4903 1103 4959 Salathieli
1138 4905 1318 4970 filius,
1347 4920 1415 4959 ac
1446 4903 1758 4974 postmodo
1801 4921 2024 4978 regem,

376 4999 470 5053 cui
520 5004 647 5053 erat
690 4997 1021 5065 familiaris,
1075 4997 1206 5067 ejus
1263 4997 1589 5051 admonuit.
1639 4996 1863 5069 Quippe
1894 4999 2023 5069 jam

374 5092 510 5145 ante
542 5089 720 5145 etiam
749 5087 1004 5160 populus
1037 5085 1319 5141 dimissus
1340 5086 1534 5141 fuerat
1559 5092 1619 5140 et
1639 5085 2027 5143 fundamenta

373 5181 599 5252 templo
630 5186 942 5252 posuerat:
975 5195 1179 5234 verum
1214 5178 1542 5233 vicinorum
1585 5178 1736 5234 254
1769 5180 2021 5234 Samari-

375 5275 573 5325 tarum
606 5269 908 5325 calumnia
940 5270 1213 5324 effectum
1236 5267 1348 5322 fuit
1375 5272 1442 5321 ut
1460 5268 1773 5324 aedificatio
1794 5270 2027 5325 omitte-

373 5363 542 5413 retur
571 5374 757 5414 annos
785 5362 847 5412 41
905 5362 1061 5413 totos
1102 5373 1291 5427 usque
1339 5355 1411 5412 ad
1440 5358 1764 5413 secundum
1798 5375 2022 5414 annum

374 5446 555 5502 Darii.
591 5446 731 5502 Inde
761 5448 1043 5503 sexennio
1078 5445 1363 5517 templum
1387 5451 1475 5502 est
1496 5446 1835 5503 absolutum
1856 5449 2022 5502 Zoro-

373 5536 569 5592 babeli
626 5553 691 5592 ac
719 5538 854 5591 Jesu
907 5535 1172 5592 Josedeci
1227 5535 1333 5590 filii
1388 5536 1797 5593 admonitione
1842 5543 2019 5608 atque

372 5642 571 5699 opera.
606 5625 776 5681 annis
807 5626 1089 5680 nimirum
1114 5627 1181 5680 47
1215 5625 1353 5679 totis
1384 5642 1418 5680 a
1445 5626 1638 5696 primo
1678 5626 1811 5697 Cyri
1840 5641 2017 5681 anno.

373 5715 516 5772 Inde
537 5731 571 5772 a
592 5715 809 5770 Iudaeis
830 5714 903 5770 ad
926 5714 1239 5769 Dominum
1262 5718 1354 5768 est
1372 5714 1595 5768 dictum
1622 5731 1635 5768 :
1661 5736 1689 5764 ‹‹
1711 5715 2017 5785 Templum

2153 3458 2540 3535 ἐϐδομήκοντα
2596 3457 2908 3537 ἑβδομάδας
2961 3466 3061 3528 τῆς
3125 3463 3222 3514 τοῦ
3282 3459 3489 3528 Δανιήλ
3549 3460 3816 3522 ὀπτασίας

2155 3571 2322 3626 μεχρι
2353 3558 2451 3620 τῆς
2479 3549 2578 3607 τοῦ
2618 3549 2818 3625 Κυρίου
2858 3548 3177 3623 παρουσίας.

2150 3639 2304 3698 Ἔδει
2337 3639 2394 3697 δὲ
2420 3642 2489 3697 τὰ
2543 3641 2682 3696 κατὰ
2734 3641 2834 3710 τὴν
2887 3639 3113 3711 Ῥώμην
3171 3639 3546 3712 προτακθηναι
3593 3638 3812 3695 τούτων

2149 3732 2223 3792 ὡς
2258 3730 2609 3808 ἀρχαιότερα,
2643 3728 2789 3785 ἀλλά
2819 3726 2908 3784 διά
2944 3729 3042 3797 τὴν
3092 3727 3376 3802 συνέχειαν
3407 3735 3508 3797 τῆς
3567 3727 3809 3784 ἀκολου-

2146 3820 2263 3884 θίας
2322 3820 2714 3894 ὑπερετὲθησαν
2748 3865 2764 3891 ,
2821 3817 2916 3873 καὶ
2998 3819 3317 3886 τεθήσονται
3380 3819 3609 3888 καθεξῆς
3668 3820 3811 3891 μετᾶ

2142 3912 2242 3980 τήν
2273 3908 2685 3984 συμπλήρωσιν,
2728 3915 2827 3977 τῆς
2875 3911 2985 3962 τῶν
3015 3906 3315 3983 ’Δσσὸρίων
3353 3906 3653 3982 βασιλείας,
3710 3908 3807 3962 καί

2140 4003 2240 4071 τῆς
2269 4007 2376 4056 τῶν
2411 3995 2647 4074 Ἐϐραίω
2677 3996 3121 4074 ναῖχμαλωσίας.

2211 4108 2423 4182 Ξὲρξης
2453 4108 2481 4162 ὁ
2525 4105 2896 4179 Ἀρταξέρξου,
2957 4102 3278 4175 ἐπικληθεὶς
3330 4106 3530 4172 Νόθος,
3589 4104 3802 4160 ἀνελὼν

2142 4196 2409 4274 Σογδανὸν
2469 4190 2813 4250 ἐϐασίλευσεν
2864 4191 2958 4264 ἔτη
3015 4195 3099 4251 ιϐ’.
3141 4199 3371 4268 Δαρεῖοσ
3422 4194 3450 4248 6
3496 4195 3801 4252 Ὑστάσπου

2136 4288 2228 4343 καὶ
2263 4281 2631 4360 Παρυσάτιδος
2663 4280 2758 4353 ἔτη
2793 4281 2895 4354 λς’,
2926 4282 3138 4354 κόσμου
3185 4276 3280 4353 ἔτη
3332 4279 3564 4360 ‘673'13',
3619 4282 3802 4348 οὗτος

2136 4372 2214 4431 ἔτι
2247 4372 2546 4430 ἰδιωτεύων
2569 4370 2768 4442 ηὔξατο
2798 4375 2878 4443 τῷ
2908 4369 3047 4443 Θεῷ,
3080 4370 3128 4425 εἰ
3181 4368 3486 4445 βασιλεύσει
3547 4377 3797 4447 Περσῶν,

2134 4464 2197 4519 ἀν
2215 4468 2437 4538 εωεῖραι
2497 4461 2588 4517 τὸν
2631 4459 2683 4515 ἐν
2746 4456 3154 4535 Ἰεροσολύμοις
3186 4460 3311 4514 ναὸν
3367 4461 3456 4515 καὶ
3506 4462 3677 4517 πάντα
3728 4466 3803 4519 τα

2135 4549 2412 4610 Ἰοκδαίων
2474 4546 2772 4605 ἀποδοῦναι
2856 4546 2978 4621 ἱερά
3051 4546 3143 4601 σὺν
3224 4553 3344 4610 τοῖς
3400 4547 3795 4623 αἰχμαλώτοις

2129 4642 2221 4696 καὶ
2255 4641 2531 4714 πατρῴοις
2575 4635 2742 4700 ἔθεσι.
2796 4635 3012 4690 Τούτων
3067 4639 3173 4690 τῶν
3234 4636 3416 4710 εὐχῶν
3472 4637 3564 4692 καὶ
3626 4645 3798 4715 Ζορο-

2496 4729 2594 4781 τοῦ
2646 4722 2933 4793 Σαλαθιήλ
2990 4724 3262 4793 ἀκουστὴς
3324 4725 3414 4779 καὶ
3473 4722 3796 4799 σύμϐουλος

2136 4815 2378 4895 γεγονὼς
2434 4814 2654 4888 ὕστερον
2705 4810 2992 4886 ἀνέμνησε,
3070 4814 3305 4883 συνήθης
3365 4813 3461 4870 ὥν.
3521 4815 3623 4870 Χαὶ
3680 4820 3788 4893 γάρ

2136 4905 2412 4977 ἀπεστάλη
2457 4905 2550 4977 μὲν
2576 4903 2669 4959 καὶ
2697 4907 2917 4977 πρῶτον
2949 4903 2978 4956 6
3009 4900 3166 4972 λαὸς,
3196 4903 3284 4957 καὶ
3346 4907 3452 4958 τῶν
3513 4904 3786 4978 θεμελίων

2132 5001 2230 5053 τοῦ
2259 4998 2387 5051 ναοῦ
2418 4988 2844 5063 ὑποϐληθέντων
2892 4989 3100 5061 ἐπαύθη
3134 4993 3168 5060 ἡ
3231 4989 3500 5064 οἷκοδομή
3554 4992 3614 5049 ἐκ
3666 4994 3787 5053 δια-

2134 5081 2312 5156 ϐολῆς
2344 5088 2453 5141 τῶν
2482 5082 2790 5154 προσοίκων
2824 5087 3183 5155 Σαμαρειγον.
3239 5080 3344 5136 Καὶ
3403 5082 3539 5151 ἦσαν
3595 5082 3648 5139 ἐν
3702 5090 3788 5158 τῷ

2132 5174 2280 5245 αύτῷ
2311 5176 2558 5249 σχήματι
2591 5172 2826 5247 χρόνους
2862 5177 2948 5243 μα’
3004 5166 3109 5231 ἓως
3163 5173 3261 5225 τοῦ
3317 5167 3576 5246 δευτάρου
3625 5172 3787 5236 ’ἐτους

2133 5264 2378 5339 Δαρείου.
2415 5264 2552 5320 Εἶτα
2601 5259 2911 5334 πληροῦται
2963 5260 2991 5313 ὁ
3030 5259 3158 5320 ναὸς
3187 5257 3275 5314 ἐπὶ
3325 5256 3380 5331 ἐξ
3437 5261 3660 5337 χρόνοις
3709 5260 3782 5318 δι’

2136 5355 2493 5427 ὑπομνήσεως
2532 5350 2622 5405 καὶ
2679 5353 2881 5425 χειρῶν
2929 5342 3241 5422 Ζοροϐάϐελ
3291 5350 3382 5403 καὶ
3441 5350 3622 5420 Ἰησοῦ
3675 5357 3782 5408 τοῦ

2132 5439 2417 5511 Ἰωσεδὲκ,
2474 5440 2645 5515 ἤγουν
2732 5437 2784 5492 ἐν
2838 5438 2926 5510 μς⁸
2981 5436 3137 5499 ὅλοις
3190 5436 3456 5501 ἐνιαυτοῖς
3515 5440 3621 5495 ἀπὸ
3679 5447 3782 5497 τοῦ

2128 5530 2351 5605 πρώτου
2403 5526 2557 5591 ἔτους
2606 5528 2788 5603 Κύρου
2818 5569 2831 5582 .
2903 5525 2997 5582 Διὸ
3043 5527 3132 5581 καὶ
3185 5524 3397 5602 εἴρηται
3455 5529 3600 5604 παρά
3663 5530 3775 5586 τὼν

2128 5617 2403 5678 Ἰουδαίων
2447 5618 2583 5693 πρὸς
2634 5616 2729 5672 τὸν
2776 5616 2998 5689 Κύριον
3058 5639 3085 5667 aa
3112 5616 3197 5672 Ἑν
3230 5618 3317 5688 μς¹
3372 5614 3711 5691 ᾠκοδομήθη
3745 5623 3776 5676 ὁ

2127 5710 2251 5765 ναὸ)
2283 5707 2440 5770 οὗτος
2470 5707 2559 5763 καὶ
2595 5704 2658 5761 σὺ
2690 5725 2742 5760 εν
2771 5704 2946 5778 τρισὶν
2978 5702 3212 5779 ἡμέραις
3262 5703 3468 5781 ἐγερεὶς
3498 5706 3656 5762 αὐτόν
3689 5727 3703 5778 ;
3740 5734 3771 5762 ιι
