4118 6284
286 376 403 437 289

1414 380 1953 443 HISTORIABUM
1998 381 2554 447 COMPENDIUM.

3578 383 3696 445 290

350 513 415 570 Ὁ
444 513 549 588 γὰρ
581 513 667 586 [Ρ.
706 516 829 587 illi]
862 520 1133 588 Σολομῶν
1166 514 1216 570 ἐν
1250 514 1385 571 ἒπτᾶ
1415 513 1552 571 ἔτεσι
1611 518 1931 572 κατεσκεύα-

2051 520 2162 575 hoc
2194 520 2367 576 annis
2398 521 2462 573 46
2494 520 2852 575 rediticatum
2900 526 3010 584 est,
3059 526 3119 576 et
3166 526 3228 576 tu
3285 520 3344 575 id
3394 521 3590 578 triduo
3642 527 3697 578 te

280 623 365 658 σεν
422 602 602 660 αὐτόν.
694 605 864 660 Ἦσαν
947 601 1004 659 δὲ
1076 606 1126 659 οἱ
1189 600 1622 681 ὑποστρέψαντες
1673 606 1778 661 ἀπὸ
1840 613 1944 675 τῆς

278 690 675 767 αέχμαλωσίας
705 691 1333 770 Βαβυλῶνος’χιλιάδες
1372 693 1452 750 κδ’
1480 695 1571 750 καὶ
1601 697 1691 765 τξ¹,
1752 693 1942 751 δοῦλοι

278 777 339 835 δὲ
368 780 778 855 ἑπτακισχίλιοι
815 779 916 850 λζ’.

352 960 416 1015 ἹΙ
482 957 542 1014 δέ
590 964 688 1014 τοῦ
756 954 1067 1035 Ζοροϐάϐελ
1154 963 1464 1036 ὑπόμνησις
1554 962 1782 1034 τοιαύτη
1849 966 1938 1033 ἦν·

281 1050 446 1123 Τρεῖς
498 1048 961 1125 σωματοφύλακες
1039 1054 1136 1105 τοῦ
1222 1051 1495 1126 βασιλέως
1582 1053 1657 1115 εἰς
1717 1051 1940 1118 ἑαυτοὺς

282 1134 668 1216 διαλεχθέντες
709 1139 884 1192 εἶπον·
947 1137 1288 1213 Λαλήσωμεν
1342 1145 1423 1212 τῷ
1492 1141 1713 1215 βασιλεῖ
1770 1145 1943 1213 ζητή-

277 1246 448 1298 ματα,
478 1224 705 1289 ἕκαστος
742 1227 865 1301 περέ
897 1232 994 1281 τοῦ
1043 1228 1094 1283 τί
1155 1228 1297 1284 ἐστιν
1363 1229 1714 1306 ἰσχυρότερον
1783 1231 1832 1286 ἐν
1860 1231 1941 1305 τῷ

271 1315 499 1388 κόσμῳ.
542 1316 725 1385 ’ὀνικᾷ
780 1315 972 1371 πάντα·
1031 1316 1121 1371 καί
1185 1319 1272 1380 οἷς
1320 1319 1384 1373 ’ἀν
1442 1320 1631 1395 εὑρεθῇ
1689 1322 1936 1391 νικήσας,

269 1405 645 1477 τιμηθήσεται
675 1405 823 1478 παρὰ
850 1409 948 1460 τοῦ
1004 1406 1292 1482 βασιλέως.
1364 1411 1425 1466 ‘0
1482 1413 1699 1484 πρῶτος
1770 1413 1935 1466 εἶπεν·

270 1493 658 1573 Ἰσχυρότερος
698 1496 726 1550 ὁ
759 1496 934 1564 οἶνος,
996 1499 1084 1552 καὶ
1147 1503 1271 1569 νικᾷ
1326 1499 1518 1557 πάντα.
1573 1501 1634 1557 Ὀ
1690 1498 1937 1574 δεύτερος

269 1582 417 1638 εἶπε·
452 1588 594 1654 Νικᾷ
625 1585 653 1639 ὁ
690 1583 971 1659 βασιλεὺς,
1024 1586 1087 1641 τὸ
1138 1587 1433 1662 βούλεσθαι
1470 1584 1615 1663 ἔχων
1673 1595 1742 1665 τῇ
1776 1587 1936 1645 δυνά-

274 1693 366 1743 μει
428 1670 755 1748 σύνδρομον.
824 1674 887 1731 Ὀ
942 1673 1128 1749 τρίτος
1185 1677 1214 1730 ὁ
1270 1677 1360 1732 καί
1427 1673 1742 1752 Ζοροϐαϐελ
1799 1678 1935 1736 εἶπε.

268 1760 485 1832 Νικᾷῆ
525 1764 688 1837 γυνη,
746 1763 839 1817 καὶ
897 1763 1032 1839 ὑπὲρ
1087 1763 1258 1821 πάντα
1315 1768 1350 1834 ἡ
1422 1763 1673 1837 ἀλήθεια.
1706 1768 1806 1828 Ὃς
1836 1767 1934 1823 ἐπε

268 1862 473 1926 ῃνεθη,
503 1851 595 1905 καὶ
627 1849 790 1922 ἐδόθη
823 1851 972 1925 αὖτῷ
1019 1852 1258 1925 αἴτησις.
1299 1856 1355 1911 Ὀ
1397 1853 1453 1911 δὲ
1505 1856 1785 1929 ὑπέμνησε
1842 1859 1932 1912 τὸν

268 1938 509 2015 βασιλέα
537 1948 640 2011 τῆς
691 1941 882 2016 εὐχῆς,
942 1944 1029 1998 καὶ
1098 1942 1335 2001 ἀπέλυσε
1389 1947 1482 2001 τὸν
1546 1945 1676 2002 λαὸν
1733 1949 1924 2018 πάντα,

258 2030 357 2083 καὶ
386 2031 492 2099 την
525 2027 688 2085 πόλιν
719 2030 809 2085 καὶ
837 2031 929 2085 τὸν
958 2032 1085 2086 ναὸν
1115 2031 1494 2105 ᾠκοδόμησεν.

337 2121 430 2175 Ἐν
459 2122 530 2185 τῆ
563 2116 785 2192 δευτέρᾳ
840 2124 946 2175 τῶν
999 2117 1400 2179 Μακκαϐαϊκῶν
1449 2124 1752 2181 ἐπιστολῶν
1806 2132 1925 2188 τοῖς

257 2208 384 2264 κατ’
436 2206 711 2282 Αἴγυπτον
788 2208 1075 2272 Ἰουδαίοις
1131 2210 1432 2287 γέγραπται
1494 2216 1616 2289 περὶ
1667 2214 1924 2289 Νεεμίου,

265 2296 353 2353 ὅτι
412 2294 856 2369 ἀνοικοδομήσας
932 2298 995 2353 τὸ
1067 2301 1211 2374 ἱερὸν
1268 2302 1356 2356 καὶ
1415 2303 1479 2357 τὸ
1545 2306 1924 2379 θυσιαστήριον

265 2387 357 2443 καὶ
400 2384 626 2459 μέλλων
655 2385 838 2441 θυσίαν
887 2384 1166 2467 ἀναφέρειν
1227 2385 1435 2464 ἔπεμψε
1479 2391 1611 2455 τοὺς
1670 2393 1927 2471 ἐγγόνους

265 2483 379 2531 τῶν
409 2475 602 2551 ἱερέων
636 2474 723 2531 ἐπὶ
767 2477 830 2532 τὸ
859 2478 1050 2557 φρέαρ,
1107 2478 1161 2532 ἐν
1209 2479 1256 2552 ᾦ
1308 2481 1677 2556 κατεκρουψαν
1735 2483 1787 2537 οἷ
1826 2504 1928 2538 πα-

270 2565 424 2640 τέρες
456 2564 639 2620 αὐτῶν
673 2566 727 2620 ἒν
758 2571 836 2638 τῷ
872 2572 1048 2641 καιρῷ
1075 2575 1176 2637 τῆς
1215 2568 1607 2644 αἶχμαλωσίας
1668 2567 1929 2635 λαϐόντες

270 2655 332 2710 ἐκ
365 2659 467 2711 τοῦ
499 2655 674 2729 πυρὸς
701 2660 800 2709 τοῦ
851 2657 1260 2732 θυσιαστηρίου,
1329 2660 1404 2721 ὡς
1458 2660 1719 2736 Ἱερεμίας
1772 2661 1941 2741 φησὶ,

263 2748 364 2799 τοῦ
394 2744 625 2818 ἀγαγεῖν
663 2746 771 2818 πῦρ
801 2742 851 2816 ἐξ
884 2743 1066 2804 αὐτοῦ.
1100 2746 1166 2803 Οἱ
1216 2743 1274 2801 δὲ
1334 2746 1655 2811 ἀπελθόντες
1715 2747 1823 2824 οὐχ
1843 2750 1931 2805 εὗ-

271 2851 363 2907 ρον
427 2836 562 2904 πῦρ,
624 2830 754 2887 ἀλλ’
809 2830 953 2908 ὕδωρ
1000 2833 1177 2912 παχύ.
1239 2834 1520 2892 Ἐκὲλευσε
1579 2835 1636 2892 δὲ
1692 2838 1930 2912 Νεεμῖας

266 2921 496 2996 ἀγαγεῖν
526 2918 588 2974 ἐκ
644 2918 864 2992 τούτοῦ,
924 2922 1017 2977 καί
1076 2921 1360 2999 ἐπιῤῥᾶναι
1426 2931 1543 2989 τοῖς
1575 2924 1760 2996 ξύλοις
1812 2934 1931 2990 τοῖς

267 3005 657 3081 ὑποκειμένοις
714 3013 782 3084 τῇ
870 3010 1044 3083 θυσίᾳ.
1129 3015 1243 3070 Τοῦ
1331 3011 1387 3068 δὲ
1460 3013 1630 3083 ἡλίου
1688 3016 1792 3071 ἀπὸ
1845 3015 1929 3070 νέ-

272 3119 403 3176 ςσους
464 3097 790 3172 λάμψαντος
866 3100 1080 3177 ἀνήρθη
1151 3102 1295 3179 πυρὰ
1354 3103 1569 3178 μεγάλη
1627 3105 1762 3159 κατὰ
1820 3110 1929 3161 τῶν

281 3190 473 3242 θυσιῶν
502 3188 591 3242 καὶ
630 3185 962 3260 ἐδαπάνησεν
1018 3190 1208 3261 αὐτὰς,
1269 3188 1407 3247 ὥστε
1463 3193 1733 3266 θαυμάσαι
1791 3195 1929 3250 ποὶν⁸

295 3296 385 3336 τας
410 3277 503 3330 καὶ
528 3274 743 3347 δοξάσαι
774 3279 866 3333 τὸν
896 3280 1024 3334 Θεὸν
1058 3281 1172 3353 μετ’
1204 3279 1397 3356 εὐχῆς.

364 3366 485 3420 Ὅτι
512 3368 537 3420 ὁ
564 3368 774 3438 Ξὲρξης
811 3366 968 3430 οὗτος
1002 3367 1280 3444 Λ⁰ίγυπτον
1310 3367 1645 3446 παραλαϐὼν
1702 3372 1793 3428 καὶ
1852 3374 1927 3437 εἰς

298 3454 516 3523 Ἀθήνας
546 3453 738 3524 ἐλθών,
774 3456 958 3529 ζεύξας
1014 3458 1104 3512 τὸν
1145 3457 1577 3530 Ἑλλήσποντον,
1638 3462 1929 3536 ἐνέπρησεν

287 3540 463 3616 αύττς,
524 3546 607 3597 Ἐν
685 3541 743 3598 δὲ
818 3546 1006 3620 Ῥώμῃ
1087 3546 1330 3620 ΙΙορτίλα
1385 3569 1469 3610 τις
1526 3551 1783 3625 παρθένος
1843 3550 1928 3618 ἐπὶ

281 3628 545 3706 διαφθορᾷ
598 3638 1037 3708 καταγνωσθεῖσα
1093 3641 1238 3703 ζωσα
1304 3638 1619 3712 κατωρύγη.
1684 3640 1779 3694 Καὶ
1838 3641 1929 3695 νό-

274 3740 370 3793 μοι
414 3719 469 3773 ἐν
524 3721 718 3795 Ῥώμῃ
774 3720 881 3776 ἀπὸ
950 3721 1220 3788 Ἐλλαδος
1277 3724 1367 3780 διὰ
1424 3725 1634 3782 δώδεκα
1694 3724 1927 3803 βιϐλίων

264 3807 622 3886 ἐπέμφθησαν
653 3852 668 3865 .
722 3811 808 3866 Ἐν
861 3811 1076 3874 τούτοις
1168 3819 1283 3876 τοῖς
1333 3816 1558 3890 χρόνοις
1616 3815 1818 3893 ἐῤῥάγη
1878 3818 1932 3874 ἐν

258 3898 494 3970 Σικελίᾳ
522 3899 590 3954 τὸ
619 3898 875 3957 Αἰτναῖον
904 3899 1031 3976 ὅρος
1084 3904 1175 3957 καὶ
1232 3903 1426 3976 ἐξῆλθε
1480 3910 1606 3982 πῦρ.
1655 3908 1755 3964 Καὶ
1817 3929 1933 3964 σει-

265 3992 424 4060 σμῶν
467 3987 777 4064 γενομένων
841 3992 876 4059 ἡ
928 3992 1065 4066 πρὸς
1124 3994 1360 4067 Λόκροις
1418 3994 1724 4067 Ἀταλάντη
1807 4016 1931 4073 σχι-

265 4083 462 4141 σθεῖσα
508 4084 667 4147 νῆσοι
724 4076 950 4154 ἐγένετο.
1022 4082 1173 4137 Κατὰ
1223 4080 1455 4146 τούτους
1515 4085 1641 4147 τοὺς
1700 4086 1933 4162 χρόνους

260 4167 366 4221 καὶ
426 4165 481 4220 οἱ
538 4168 822 4238 Ἀθηναῖοι
883 4174 1000 4233 τοῖς
1073 4166 1158 4224 κδ’
1207 4170 1563 4242 Ἑλληνικοῖς
1616 4174 1931 4251 γράμμασιν

265 4254 613 4329 ἐχρήσαντο,
649 4256 787 4327 μόνα
836 4257 898 4320 ις’
956 4255 1085 4312 ὅντα
1135 4260 1420 4334 πρότερον.
1484 4261 1582 4316 Καὶ
1634 4265 1933 4338 Σωκράτης

267 4343 329 4414 ἐξ
362 4342 547 4406 ἀνοίας
592 4349 701 4399 τῶν
765 4345 1062 4417 Ἀθηναίων
1092 4347 1155 4403 τὸ
1185 4348 1409 4404 κώνειον
1470 4352 1609 4407 πιὼν
1662 4351 1931 4411 ἐτελεῦτα.

267 4431 511 4504 ἐλκίκη
542 4434 633 4488 καὶ
663 4436 699 4504 ἡ
730 4438 932 4509 Βοῦρα,
960 4434 1154 4499 πόλεις
1191 4441 1447 4514 Ἀχαῖας,
1508 4440 1765 4516 μεγάλοις
1824 4463 1934 4497 σει-

266 4527 441 4595 σμοῖς
516 4524 953 4595 κατεπτώθησαν·
1051 4525 1127 4581 ὧν
1211 4523 1288 4583 ἔτι
1348 4530 1484 4585 κατὰ
1543 4529 1811 4595 θάλασσαν
1868 4534 1936 4588 τά

266 4611 411 4687 ἴχνη
445 4613 716 4691 φαίνονται
762 4621 879 4678 τοῖς
937 4613 1196 4673 πλέουσιν
1254 4619 1359 4675 ἀπὸ
1431 4625 1655 4696 Πατρῶν
1715 4622 1800 4678 ἐπὶ
1837 4623 2009 4695 Κό-Ι)

265 4703 456 4775 ρινθον
489 4698 655 4774 δεξιᾷ.

347 4791 467 4843 Ὀτι
530 4789 789 4861 Σκηπίων
876 4791 1200 4871 Ἀφρικανὸς
1270 4797 1548 4871 Ῥωμαῖος
1628 4796 1922 4877 δικτάτωρ,

264 4878 557 4952 πορθήσας
615 4877 960 4955 Καρχηδόνα,
1047 4885 1313 4961 ’Δφρικὴν
1390 4888 1490 4957 τὴν
1538 4888 1737 4963 ’χώραν
1796 4912 1926 4965 μετ·

268 4964 388 5021 ωνό
398 4987 562 5040 μασεν
571 5010 583 5023 .

348 5056 476 5113 Ὀτι
503 5055 740 5113 Γαλάται
795 5059 886 5114 καὶ
948 5058 1143 5117 Κελτοὶ
1173 5063 1400 5137 Ῥώμης
1457 5061 1714 5140 ἐκράτουν
1775 5067 1924 5140 πλὴν

270 5149 378 5200 τοῦ
409 5143 787 5205 Καπιτωλίου.

354 5233 740 5311 Ἀριστοτελης
782 5242 863 5311 τῷ
896 5238 1147 5296 Πλάτωδι
1181 5244 1470 5316 μαθητεύει
1502 5243 1609 5301 ἀπὸ
1665 5244 1927 5305 δεκαεπτᾶ

273 5324 507 5403 χρόνων
533 5332 633 5394 τῆς
664 5325 888 5395 ἡλικίας
919 5328 1107 5387 αὐτοῦ.

349 5414 438 5487 [Ρ.
501 5415 624 5487 146]
698 5416 819 5471 Ἐπ’
899 5419 1068 5473 αὐτοῦ
1146 5420 1422 5484 Διονύσιος
1478 5423 1750 5499 ἐτυράννει
1816 5431 1923 5482 τῶν

269 5501 547 5590 Σικελῶν,
602 5505 720 5590 καθ’
778 5503 837 5558 ὄν
896 5507 924 5561 ὁ
982 5508 1208 5564 Πλάτων
1268 5510 1631 5585 ἀποδημήσας
1680 5517 1924 5590 ἱστορίας

263 5589 429 5646 ἕνεκα
466 5596 575 5647 τῶν
635 5589 949 5667 λεγομὲνων
1013 5596 1278 5654 Αἰτναίων
1336 5603 1610 5679 κρατὲρων
1660 5608 1757 5659 τού
1821 5627 1922 5661 πυ-

334 5691 385 5726 ⁸⁵
416 5692 617 5749 Matth.
653 5710 822 5760 xxvii,
856 5696 944 5752 40.

2050 614 2483 664 exstructurum
2519 610 2604 664 ais
2626 610 2652 663 ‘2
2680 610 2726 643 ⁸⁵
2758 632 2785 658 »
2819 610 3097 665 Solomon
3127 614 3156 663 7
3185 626 3376 666 annos
3407 611 3497 666 sui
3540 616 3694 666 tem-

2048 697 2129 769 pli
2160 698 2411 753 mdilicio
2445 698 2837 770 impenderat.
2889 700 3179 755 Numerus
3232 701 3570 757 Judmorum
3622 701 3695 756 ab

2049 788 2261 844 exsilio
2296 788 2652 861 Babylonico
2684 791 3101 844 revertentium
3127 791 3239 844 fuit
3266 794 3337 845 24
3366 792 3579 861 millia,
3638 796 3699 847 et

2049 877 2241 948 capita
2274 880 2398 945 360,
2430 894 2732 933 servorum
2766 882 2928 934 7037.

2118 966 2406 1019 Ca'terum
2452 965 2611 1035 quod
2662 966 2734 1021 de
2783 966 3190 1021 admonitione
3250 984 3283 1022 a
3333 969 3694 1025 Zorobabelo

2046 1052 2200 1109 facta
2234 1053 2563 1110 indicatum
2595 1060 2704 1119 est,
2766 1054 2824 1109 id
2878 1056 2962 1109 sic
3016 1056 3239 1111 habet:
3289 1058 3427 1111 Tres
3478 1057 3694 1128 quibus

2047 1141 2319 1197 custodia
2348 1142 2616 1214 corporis
2675 1144 2821 1217 regii
2869 1145 3190 1199 commissa
3237 1152 3380 1213 erat,
3433 1145 3589 1201 inter
3631 1163 3693 1201 se

2046 1229 2348 1298 collocuti,
2382 1236 2720 1285 statuerunt
2766 1231 2984 1303 singuli
3048 1230 3439 1302 qum-stionem
3491 1232 3563 1286 de
3623 1249 3691 1287 eo

2046 1317 2204 1389 quod
2226 1318 2615 1373 fortissimum
2633 1318 2693 1373 in
2712 1320 2934 1374 mundo
2953 1320 3030 1373 sit
3049 1325 3226 1391 atque
3245 1320 3447 1376 omnia
3478 1320 3695 1390 vincat,

2044 1406 2164 1479 regi
2198 1424 2531 1479 exponere:
2566 1408 2769 1463 victori
2793 1424 3006 1480 nempe
3039 1425 3073 1464 a
3101 1425 3235 1480 rege
3268 1409 3555 1464 honorem
3584 1410 3694 1465 ha-

2042 1498 2232 1553 bitum
2260 1497 2354 1553 iri.
2388 1498 2623 1553 Primus
2652 1499 2798 1553 dixit
2829 1499 3029 1553 vinum
3056 1516 3215 1555 essse
3274 1500 3694 1568 fortissimum,

2042 1593 2102 1642 et
2122 1588 2324 1642 omnia
2345 1586 2597 1644 vincere.
2617 1588 2924 1643 Secundus
2947 1588 3130 1643 dixit:
3152 1590 3345 1644 Vincit
3382 1605 3507 1654 rex,
3554 1589 3697 1661 quia

2041 1676 2327 1731 voluntati
2350 1676 2694 1732 facultatem
2716 1678 3057 1750 adjunctam
3076 1678 3695 1735 habet.TertiusZoro-

2040 1765 2286 1820 babelus
2311 1766 2623 1821 mulierem
2640 1766 3091 1838 praevalere,sed
3109 1768 3387 1823 omnibus
3404 1766 3694 1839 potentio-

2040 1870 2166 1909 rem
2179 1871 2309 1910 esse
2324 1856 2626 1911 veritatem
2647 1856 2925 1912 dixit.llic
2941 1857 3157 1912 meruit
3174 1857 3434 1924 laudem,
3452 1862 3509 1912 et
3540 1856 3692 1911 libe-

2039 1959 2166 1998 ram
2185 1944 2486 2015 optionem
2509 1950 2720 2000 nactus
2739 1960 2940 2017 regem
2964 1945 3081 2000 voti
3102 1945 3414 2000 admonuit
3438 1963 3452 2013 ;
3487 1951 3544 2001 et
3586 1961 3690 1999 rex

2039 2032 2327 2103 populum
2340 2032 2397 2087 di
2419 2033 2579 2087 misit
2593 2049 2661 2088 ac
2677 2032 2885 2088 urbem
2902 2032 3182 2088 mdilicavi
3194 2038 3399 2105 tatque
3415 2033 3694 2104 templum

2117 2122 2181 2175 ln
2205 2120 2466 2176 secunda
2486 2122 2735 2192 epistola
2758 2122 3228 2177 Machabworum
3252 2122 3327 2177 ad
3356 2121 3588 2176 Judaaos
3628 2121 3691 2176 in

2042 2212 2282 2282 Aigypto
2341 2209 2624 2281 degentes
2681 2211 2965 2282 scriptum
3020 2216 3129 2278 est,
3207 2210 3366 2281 quod
3417 2210 3696 2265 refecerit

2044 2300 2333 2371 templum
2366 2304 2422 2355 et
2453 2300 2638 2355 altare
2664 2300 2956 2369 Neemias,
2989 2317 3076 2368 ac,
3113 2300 3574 2369 sacrificaturus,
3598 2316 3695 2355 sa-

2044 2388 2351 2444 cerdotum
2386 2395 2654 2460 posteros
2680 2389 2756 2444 ad
2796 2388 3025 2445 foveam
3077 2389 3329 2459 miserit,
3389 2389 3451 2443 in
3512 2405 3691 2460 quam

2046 2485 2310 2550 tempore
2332 2478 2545 2534 excidii
2564 2480 2713 2537 255
2750 2479 3008 2551 majores
3034 2480 3297 2551 ipsorum
3340 2478 3696 2534 abdiderant

2044 2568 2242 2640 ignem
2261 2568 2333 2623 de
2356 2568 2527 2623 altari
2552 2573 2877 2640 sumptum,
2894 2574 2962 2623 ut
2978 2568 3265 2623 Jeremias
3285 2568 3387 2637 ait,
3410 2573 3476 2622 ut
3516 2568 3588 2623 de
3623 2584 3692 2623 eo

2046 2658 2242 2730 ignem
2270 2659 2590 2723 atl'errent;
2623 2658 2861 2725 missos,
2917 2675 2986 2713 eo
3034 2675 3169 2713 cum
3200 2658 3520 2725 venissent,
3570 2673 3695 2713 non

2045 2747 2343 2801 invenisse
2374 2747 2592 2819 ignem,
2622 2746 2726 2802 sed
2747 2763 2963 2816 aquam
2986 2762 3246 2802 crassam
3267 2764 3282 2813 ;
3307 2764 3379 2801 ex
3402 2762 3473 2802 ea
3493 2744 3696 2802 aﬂ'erri

2038 2836 2293 2908 jussisse
2320 2836 2641 2906 Neemiam,
2681 2852 2932 2906 eamque
2963 2836 3317 2907 inspersisse
3347 2836 3525 2907 lignis
3558 2834 3694 2907 qui-

2045 2925 2157 2981 bus
2186 2924 2423 2980 victima
2445 2930 2572 2979 erat
2600 2926 2879 2996 imposita
2904 2945 2919 2992 ;
2941 2941 3077 2979 cum
3104 2930 3303 2979 autem
3327 2925 3417 2979 sol
3446 2940 3512 2978 ex
3535 2923 3693 2979 nube

2047 3015 2386 3081 ei'fulsisset,
2431 3031 2677 3086 magnos
2732 3015 2897 3086 ignes
2948 3014 3236 3069 exarsisse
3295 3030 3362 3069 ac
3422 3013 3691 3068 victimas

2047 3103 2487 3175 absumpsisse;
2559 3103 2944 3175 quamobrem
3021 3119 3228 3158 omnes
3292 3101 3687 3158 admiratione

2046 3199 2249 3264 captos
2280 3194 2464 3248 Deum
2496 3194 2667 3248 factis
2694 3194 2841 3248 votis
2871 3192 3244 3264 prmdicasso.

2103 3376 2158 3430 Is
2186 3376 2405 3431 Xerxes
2436 3377 2674 3450 .Egypto
2707 3377 2766 3431 in
2799 3382 3151 3447 potestatem
3195 3393 3365 3432 suam
3431 3375 3692 3443 redacta,

2035 3464 2295 3520 Athenas
2344 3465 2557 3536 juncto
2616 3472 2794 3538 ponte
2863 3466 3242 3537 Hellesponto
3306 3465 3691 3537 perveniens,

2036 3553 2243 3608 urbem
2260 3555 2542 3610 incendit.
2560 3558 2757 3610 Romae
2772 3555 2997 3610 Portila
3011 3556 3282 3627 quaedam
3295 3556 3345 3609 vi
3356 3573 3455 3625 rgo
3474 3554 3686 3610 incesti

2036 3643 2317 3700 damnata
2348 3645 2472 3700 viva
2514 3646 2749 3700 defossa
2784 3645 2917 3700 fuit.
2953 3645 3131 3717 Leges
3163 3645 3480 3700 duodecim
3512 3644 3687 3700 tabu-

2034 3733 2227 3788 larum
2258 3751 2329 3789 ex
2377 3736 2599 3789 Graacia
2648 3736 2895 3789 Romam
2944 3734 3134 3789 allatas
3179 3740 3336 3788 sunt.
3386 3736 3466 3789 Ea
3507 3738 3683 3788 aetate

2034 3822 2203 3877 Aitna
2234 3838 2407 3877 mons
2436 3824 2497 3876 in
2524 3822 2726 3878 Sicilia
2760 3828 2973 3893 ruptus
3001 3827 3091 3877 est
3122 3822 3442 3894 ignemque
3476 3821 3683 3876 edidit.

2036 3912 2107 3964 Et
2138 3917 2307 3966 terrm
2342 3911 2599 3967 motibus
2625 3911 2902 3966 Atalanta
2930 3928 2965 3966 a
2993 3911 3191 3966 Locris
3220 3910 3689 3983 abruptainsula

2035 3999 2192 4055 facta
2230 4007 2335 4055 est.
2370 3999 2590 4055 Eodem
2620 4006 2890 4071 tempore
2945 4000 3340 4056 Athenienses
3371 4000 3587 4056 Graacis
3618 4003 3687 4055 24

2036 4087 2253 4144 litteris
2285 4093 2442 4157 sunt,
2483 4105 2619 4144 cum
2650 4095 2788 4144 ante
2820 4089 3034 4144 litterm
3059 4095 3288 4145 tantum
3314 4092 3376 4143 16
3406 4089 3680 4145 fuissent.

2036 4179 2106 4231 Et
2136 4178 2403 4233 Socrates
2460 4178 2673 4233 hausto
2712 4194 2820 4249 per
2868 4178 3170 4233 vesaniam
3222 4178 3681 4233 Atheniensium

2035 4266 2243 4322 cicutas
2276 4283 2504 4322 veneno
2555 4266 2826 4322 moritur.
2880 4267 3072 4321 Helice
3132 4271 3191 4320 et
3235 4266 3388 4321 Bura
3440 4266 3679 4321 Achaiae

2036 4355 2215 4410 urbes
2245 4356 2474 4427 magnis
2531 4362 2701 4411 terrm
2763 4355 3021 4411 motibus
3060 4356 3354 4427 absorptte
3412 4361 3593 4422 sunt;
3626 4362 3686 4412 et

2036 4445 2230 4501 adhuc
2248 4463 2452 4501 earum
2468 4447 2712 4521 vestigia
2732 4448 2794 4503 in
2816 4449 2965 4503 mari
2989 4446 3261 4502 visuntur
3280 4446 3355 4502 ad
3378 4445 3678 4515 dextram,

2038 4552 2174 4591 cum
2205 4552 2240 4591 a
2269 4536 2461 4593 Patris
2487 4537 2833 4593 Corinthum
2866 4536 3197 4607 navigatur.

2107 4807 2300 4879 Scipio
2335 4808 2646 4865 Africanus
2696 4811 3097 4865 Romanorum
3136 4810 3390 4866 dictator
3435 4811 3685 4867 Cartha-

2035 4898 2170 4971 gine
2201 4897 2397 4955 deleta
2425 4899 2652 4972 regioni
2681 4916 2903 4977 nomen
2926 4900 3134 4956 Africa)
3155 4899 3394 4956 indidit.

2108 5077 2262 5135 256
2294 5078 2511 5135 Galataa
2543 5084 2601 5135 et
2627 5079 2805 5136 Celtm
2827 5082 3078 5137 Romam
3109 5084 3353 5151 excepto
3371 5078 3681 5149 Capitolio,

2036 5172 2341 5238 ceperunt.

2105 5256 2455 5312 Aristoteles
2486 5274 2521 5313 a
2556 5260 2615 5312 l7
2647 5275 2768 5313 sum
2806 5258 2999 5315 aetatis
3046 5275 3200 5314 anno
3248 5256 3514 5313 Platonis
3554 5256 3680 5312 dis-

2035 5344 2267 5415 cipulus
2298 5346 2429 5401 fuit.

2107 5435 2185 5489 Eo
2220 5441 2482 5506 tempore
2516 5437 2828 5507 Dionysius
2861 5438 3190 5493 Siculorum
3222 5439 3333 5493 fuit
3366 5443 3677 5509 tyrannus.

2032 5522 2119 5577 Ad
2150 5540 2286 5577 eum
2335 5525 2500 5581 Plato
2547 5526 2845 5596 profectus
2894 5533 3004 5592 est,
3054 5529 3237 5582 Aitna)
3288 5527 3477 5582 dictos
3528 5527 3682 5597 ignis

2033 5616 2292 5668 crateras
2315 5613 2740 5687 contemplandi
2763 5615 3054 5685 studio,ac
3071 5616 3308 5689 tyranni
3327 5617 3389 5672 in
3411 5616 3680 5671 notitiam
