4118 6284
368 381 490 442 295

1687 373 2000 440 GEORGII
2049 373 2401 438 GEDBENI

3622 351 3784 448 ~sese

444 515 584 568 Post
611 511 928 568 Romulum
957 530 1062 569 rex
1091 513 1282 570 factus
1331 515 1520 570 Numa
1565 509 1893 584 Pompilius
1921 509 2020 562 Sa-

2205 507 2434 578 Νουμᾶς
2468 506 2553 578 [Ρ.
2590 508 2714 580 148]
2748 505 3066 581 Πομπίλιος
3094 505 3326 574 Σαϐῖνος
3384 512 3521 586 μετᾶ
3569 514 3788 588 Ῥωμύ·

375 603 553 660 binus
584 605 816 660 nullum
845 601 1023 676 plane
1054 605 1275 661 bellum
1299 605 1504 678 gessit,
1519 604 1623 660 sed
1649 621 1742 660 res
1771 601 2030 658 urbanas

375 693 694 749 utilissime
725 693 1051 749 constituit.
1084 695 1321 749 Etenim
1360 695 1521 766 leges
1570 693 1772 766 posuit
1829 689 2032 746 civiles

375 787 552 854 atquc
582 788 842 854 pacatas,
865 783 1082 854 quibus
1113 782 1187 838 ad
1229 783 1661 838 humanitatem
1693 786 1754 836 et
1781 779 2032 835 civilita-

372 877 492 928 tem
539 871 698 926 cives
752 871 1024 928 adduxit.
1084 872 1238 928 Anni
1282 872 1512 944 primus
1558 871 1672 926 fuit
1722 869 2030 931 inventor:

371 959 635 1034 plurima
665 960 803 1016 fana
834 960 1120 1032 lucosque
1153 961 1400 1017 deorum
1431 960 1740 1017 dedicavit.
1778 957 2039 1013 Instituit

373 1050 556 1106 etiam
597 1051 863 1106 Vestales
913 1051 1192 1122 virgines,
1241 1067 1372 1122 qum
1431 1050 1586 1123 ignis
1640 1053 1817 1120 atque
1867 1061 2036 1117 aqum

379 1156 586 1196 curam
616 1145 912 1212 gererent,
937 1140 1454 1213 virginitatemque
1474 1147 1594 1194 toto
1625 1139 1756 1194 vita;
1785 1135 2040 1192 decursu

381 1233 843 1285 conservarent:
879 1245 1012 1300 qua)
1043 1245 1172 1285 eam
1205 1229 1588 1301 prodidisset,
1623 1244 1694 1283 ea
1739 1223 2039 1297 lapidibus

381 1317 756 1372 obrueretur.
789 1317 1142 1388 Capitolium
1175 1318 1259 1388 (id
1287 1317 1638 1374 vocabulum
1671 1317 1849 1386 caput
1874 1311 2040 1368 urbis

380 1408 567 1478 notat)
590 1423 659 1462 ex
677 1405 1085 1463 fundamentis
1109 1407 1418 1462 exstruxit.
1437 1408 1628 1474 Anno,
1654 1403 1752 1475 qui
1777 1417 2040 1472 eousque

380 1498 577 1553 fuerat
605 1497 815 1554 decem
847 1499 1147 1554 mensium
1177 1505 1518 1568 usurpatas,
1554 1495 1705 1551 duos
1762 1490 2043 1564 apposuit

378 1605 641 1660 menses,
669 1589 1013 1645 Januarium
1043 1595 1102 1644 et
1123 1589 1428 1645 Sextilem.
1469 1587 1557 1644 Ab
1607 1586 1772 1642 τοο
1817 1581 2042 1638 Isauris

379 1677 551 1733 laeum
573 1678 966 1751 gestationem
991 1679 1263 1750 sumpsit.
1297 1679 1531 1733 Primus
1562 1672 1846 1730 Romanis
1876 1688 2044 1728 asses

384 1783 454 1822 ex
475 1771 718 1840 argento
745 1772 805 1823 et
833 1784 948 1823 aere
980 1785 1155 1824 cusos
1184 1767 1432 1840 largitus
1455 1771 1562 1837 est,
1597 1781 1733 1821 cum
1760 1763 1800 1817 ii
1831 1778 2044 1818 neces-

2135 589 2233 646 λον
2265 588 2601 654 ἐϐασίλευσε,
2635 593 2885 669 Πόλεμον
2921 597 3016 672 μὶν
3044 597 3236 655 οὖδένα
3287 601 3514 658 πώποτε
3573 599 3790 676 διῳκή-

2137 700 2288 747 σατο,
2318 681 2386 735 τά
2415 677 2472 736 δὲ
2499 681 2636 738 κατὰ
2671 683 2836 739 πόλιν
2886 683 2962 748 εἷς
3007 687 3072 742 τὸ
3129 685 3556 766 ὠφελιμώτερον
3607 688 3793 748 διεκό·

2139 788 2287 840 σμει,
2329 767 2534 842 νόμους
2591 769 2683 826 ὅτε
2735 771 2784 808 ³⁸
2818 775 3079 838 καθιστάς
3114 774 3439 839 πολιτικοὺς
3493 779 3586 834 καὶ
3641 779 3792 852 ἠμέο

2139 876 2290 931 ρους,
2323 853 2394 912 δι’
2421 859 2497 912 ὧν
2519 857 2772 923 ἀστείους
2802 881 2862 917 τε
2887 861 2980 917 καὶ
3027 861 3450 941 φιλανθρώπους
3497 867 3626 930 τοὺς
3682 889 3794 924 πο-

2139 943 2296 1009 λίτας
2349 945 2729 1022 ἀπειργάζετο.
2817 949 3090 1008 Ἑνιαυτόν
3169 973 3229 1007 τε
3286 959 3503 1027 πρῶτος
3569 954 3794 1032 εὕρατο,

2140 1033 2260 1109 ἴερά
2285 1056 2345 1090 τε
2373 1033 2604 1092 πλεῖστα
2629 1037 2722 1093 καὶ
2759 1039 2958 1112 τεμίνη
3020 1045 3154 1105 θεῶν
3215 1039 3494 1117 ἱδρύσατο’
3551 1045 3643 1100 καὶ
3689 1046 3794 1108 τάς

2142 1125 2424 1191 Ἑστιάδας
2454 1128 2748 1206 παροίνους
2799 1136 2897 1188 τοῦ
2931 1133 3104 1209 πυρὸς
3161 1133 3250 1189 καὶ
3300 1133 3494 1200 ὕδατος
3537 1138 3634 1206 τήν
3677 1137 3800 1193 ἐπι-

2146 1216 2365 1290 μέλειαν
2394 1213 2541 1295 ἔχειν
2595 1218 2906 1296 ἐπέτρεψεν,
2940 1222 2995 1278 αἳ
3035 1220 3126 1278 διὰ
3177 1227 3275 1280 τοῦ
3331 1225 3453 1301 βίου
3498 1227 3597 1296 τήν
3657 1248 3802 1303 παρ-

2144 1307 2319 1362 θενίαν
2341 1305 2663 1388 ἐφύλαττον·
2697 1311 2743 1366 εἰ
2774 1308 2834 1366 δὲ
2867 1313 2968 1385 μὴ,
2995 1311 3179 1378 λίθοις
3226 1316 3654 1391 κατεχώννυντο.
3685 1317 3798 1374 Καὶ

2143 1397 2206 1453 τὸ
2246 1396 2615 1469 Καπιτώλιον,
2649 1399 2784 1475 ὅπερ
2837 1399 3082 1482 κεφαλὴν
3137 1401 3356 1466 πόλεως
3407 1405 3679 1478 σημαίνει,
3729 1405 3800 1462 ἐκ

2145 1485 2417 1561 θεμελίων
2468 1485 2821 1563 ᾠκοδόμησε.
2887 1491 2992 1548 Καὶ
3043 1496 3125 1564 τῷ
3169 1490 3396 1567 ἐνιαυτῷ
3447 1491 3543 1550 δύο
3611 1501 3800 1569 μῆνας

2143 1579 2468 1652 προσέθηκε.
2495 1579 2588 1634 τὸν
2617 1580 2946 1656 Ἰανουάριον
2987 1583 3076 1638 καὶ
3133 1583 3228 1639 τὸν
3285 1581 3585 1656 Σεξτίλιον,
3632 1582 3805 1642 δεκα-

2149 1667 2403 1742 μηνιαίου
2449 1673 2547 1723 τοῦ
2604 1667 2852 1725 ἐνιαυτοῦ
2911 1671 3018 1744 πρὸ
3068 1671 3266 1728 τούτου
3321 1674 3798 1748 χρηματίζοντος.

2145 1758 2323 1822 Οὗτος
2353 1757 2412 1813 ἐκ
2441 1762 2547 1814 τῶν
2577 1759 2832 1835 Ἰσαύρων
2860 1762 2962 1830 τήν
2992 1765 3095 1831 τῆς
3126 1759 3418 1840 χλαμύθος
3458 1761 3662 1834 στολήν
3694 1786 3806 1843 φο-

391 1855 665 1912 sitatibus
686 1857 808 1912 suis
839 1857 1090 1912 antehac
1110 1857 1396 1913 coriaceis
1414 1855 1627 1928 ligneis
1644 1851 2033 1920 testaceisque

2149 1853 2259 1922 ρεῖν
2287 1845 2569 1922 ἐφεύρατο.
2603 1847 2708 1905 Καὶ
2738 1849 2968 1925 ἀσσάρια
2999 1847 3058 1905 δὲ
3094 1849 3202 1906 ἀπὸ
3257 1851 3476 1926 ἀσήμου
3535 1855 3646 1927 (16‘
3705 1853 3808 1908 καὶ

378 1945 651 2016 pecuniis
681 1945 772 2002 usi
795 1951 998 2002 essent
1025 1963 1038 2014 ;
1067 1962 1349 2017 assesque
1371 1962 1406 2000 a
1427 1961 1532 2000 suo
1551 1942 1795 1999 nomine
1815 1956 2031 1996 numos

380 2034 764 2106 nuncupavit.
797 2036 884 2090 Ita
911 2035 1122 2091 horum
1155 2035 1409 2090 duorum
1455 2049 1707 2105 regnum
1737 2029 2032 2086 industria

379 2122 522 2178 urbs
553 2123 828 2180 celeriter
858 2129 917 2178 et
945 2124 1128 2180 robur
1157 2129 1215 2178 et
1243 2128 1520 2178 ornatum
1549 2126 1636 2176 est
1653 2120 2030 2192 adepta,cum

381 2213 546 2284 prior
573 2213 820 2270 bellicas
849 2231 965 2282 res,
995 2213 1289 2286 posterior
1318 2212 1519 2268 civiles
1579 2216 1639 2266 et
1687 2209 1818 2282 paci
1863 2213 2030 2280 aptas

387 2299 762 2359 instituisset.
808 2304 1068 2358 Mortuus
1127 2307 1220 2358 est
1260 2304 1450 2358 Numa
1494 2318 1564 2356 ex
1619 2299 1850 2368 morbo,
1895 2313 2029 2352 cum

387 2406 572 2462 regno
603 2390 868 2446 Romano
921 2407 1110 2446 annos
1158 2389 1551 2462 quadraginta
1603 2393 1831 2460 septem
1877 2402 2030 2458 prte-

380 2478 616 2534 fuisset.

448 2660 589 2715 Post
616 2659 775 2716 hunc
804 2659 1010 2716 Tullus
1035 2659 1324 2716 Hostilius
1354 2676 1546 2715 annos
1577 2659 1818 2731 triginta
1855 2657 2025 2712 duos.

379 2751 436 2804 Is
482 2749 692 2805 urbem
751 2752 998 2806 Romam
1046 2749 1398 2822 ampliorem
1445 2749 1584 2806 fecit
1631 2753 1922 2821 portuque
1970 2751 2032 2802 et

381 2843 564 2910 ponte
593 2839 774 2894 auxit.
806 2841 949 2896 Post
973 2839 1018 2894 fi
1035 2839 1216 2895 lmine
1259 2839 1412 2896 ictus
1441 2856 1575 2895 cum
1615 2838 1776 2912 regia
1803 2837 2027 2894 conﬂa-

379 2927 584 3000 gravit.

451 3015 597 3072 Inde
628 3015 828 3072 Romae
851 3017 1116 3090 regnavit
1133 3034 1324 3074 annos
1345 3016 1548 3090 viginti
1565 3021 1821 3090 quatuor
1836 3015 2028 3072 Ancus

378 3107 649 3171 Marcius,
693 3107 894 3162 Numas
925 3107 1200 3179 Pompilii
1238 3123 1441 3164 sorore
1481 3112 1674 3162 natus.
1717 3107 1772 3160 Is
1804 3120 2029 3176 pomm-

2148 1937 2366 2012 χαλκοῦ
2417 1939 2766 2012 πεποιημὲνα
2820 1943 3040 2012 πρῶτος
3117 1940 3422 2014 Ῥωμαίοις
3479 1941 3808 2020 ἐχαρίσατο,

2142 2024 2270 2100 πρὶν
2299 2023 2390 2082 διά
2419 2027 2685 2082 σκυτίνων
2721 2026 2812 2082 καὶ
2869 2027 3100 2097 ξυλίνων
3165 2029 3254 2084 καὶ
3315 2028 3639 2105 ὁστρακίνων
3693 2031 3808 2101 τὴν

2142 2115 2333 2193 χρείαν
2395 2115 2775 2190 πληρούντων³
2837 2117 2970 2192 ἅπερ
3031 2115 3092 2172 ἔκ
3143 2121 3242 2174 τοῦ
3327 2116 3468 2174 ἰδίου
3527 2119 3804 2194 ὀνόματος

2142 2209 2342 2282 νουμία
2372 2207 2649 2268 ἐκάλεσεν.
2679 2206 2870 2270 Οὕτως
2920 2208 3014 2282 μὶν
3073 2210 3172 2286 γῦν
3222 2207 3277 2280 ἐξ
3327 2209 3650 2287 ἀμφοτέρων
3703 2209 3806 2266 καὶ

2145 2301 2349 2376 ὶσχυρᾶ
2377 2301 2595 2382 ταχὲως
2624 2299 2716 2356 καὶ
2757 2297 3028 2373 εὕκοσμος
3081 2303 3117 2371 ἡ
3175 2298 3342 2362 πόλις
3405 2296 3644 2370 ἐηένετο,
3701 2301 3810 2354 τοῦ

2147 2389 2244 2463 μὲν
2276 2392 2342 2444 τά
2370 2389 2634 2448 πολιτικᾶ
2669 2392 2761 2446 καὶ
2807 2388 3052 2466 εἰρηνικὰ
3098 2387 3532 2458 ἐκτυπώσαντος,
3586 2392 3684 2443 τοῦ
3732 2384 3802 2443 ὃὶ

2141 2477 2432 2554 οΡώμύλου
2461 2481 2528 2536 τὰ
2552 2481 2855 2556 πολεμικά
2903 2478 3266 2542 Δυναστεύσας
3313 2475 3371 2534 δὶ
3419 2479 3644 2552 Νουμᾶς
3689 2483 3798 2545 τῆς

2141 2569 2365 2644 Ῥώμης
2405 2565 2498 2642 ἔτη
2535 2575 2621 2644 μζ¹
2645 2570 2794 2642 νόσῳ
2822 2567 3072 2641 τελευτᾷ.

2212 2657 2468 2722 Τοῦλλος
2496 2658 2772 2722 Ὀστίλιος
2803 2652 2896 2729 ἔτη
2931 2657 3040 2734 λβ“.
3091 2658 3272 2719 Οὗτος
3320 2656 3384 2712 τὸ
3426 2659 3526 2722 τῆς
3573 2655 3804 2728 Ῥώμης

2140 2747 2396 2823 πόλεσμα
2426 2748 2713 2824 εὐρύτερον
2744 2748 3152 2817 κατασκευάζει,
3213 2743 3412 2819 λιμένα
3460 2765 3520 2801 τε
3567 2743 3657 2799 καὶ
3705 2739 3806 2818 γὲ-

2141 2859 2311 2915 φυραν
2353 2840 2614 2910 ποιήσας.
2673 2841 2931 2916 Κεραυνῷ
2993 2835 3220 2912 βληθεὶς
3275 2834 3459 2898 αὐτοῖς
3517 2831 3631 2908 ἃμα
3681 2837 3809 2896 τοῖς

2146 2926 2448 3004 βασιλείοις
2477 2925 2948 2984 καταναλίσκεται.

2213 3024 2418 3094 ’Ἄγκος
2450 3018 2708 3094 Μαρκίων
2736 3012 2830 3088 ἔτη
2861 3014 2943 3072 κδ’
2991 3013 3269 3092 βασιλεύει
3313 3014 3564 3086 Ῥώμης,
3618 3010 3678 3075 ὅς
3734 3011 3799 3066 ἐκ

2141 3107 2411 3186 θυγατρὸς
2441 3111 2642 3181 Νοῦμα
2671 3104 2998 3179 Πομπιλίου
3052 3101 3292 3183 γέγονεν.
3350 3101 3524 3165 Οὗτος
3571 3101 3636 3156 τὸ
3691 3101 3796 3169 τῆς

377 3195 531 3250 rium
561 3195 726 3250 urbis
759 3195 957 3252 Romae
987 3203 1122 3268 post
1156 3197 1494 3268 superiores
1525 3195 1792 3266 protulit,
1848 3199 1906 3248 et
1951 3191 2023 3248 ad

2149 3201 2362 3272 Ῥώμης
2415 3197 2683 3272 τείχισμα
2737 3196 2873 3271 πρὸς
2929 3199 3052 3258 τοῖς
3127 3192 3439 3270 εἰρημένοις
3493 3189 3799 3258 πλατύνας,

379 3283 770 3340 ostiaTiberis
791 3285 952 3340 ﬂuvii
984 3285 1193 3340 urbem
1242 3285 1552 3352 exstruxit,
1611 3284 1786 3339 Ostiae
1832 3283 2026 3354 (quasi

380 3371 428 3428 si
455 3371 701 3444 januam
722 3373 904 3444 dicas)
927 3375 1189 3429 nomine.
1214 3374 1395 3430 Abest
1415 3373 1488 3428 ab
1509 3373 1652 3428 urbe
1667 3371 2031 3428 sedecimum

379 3463 618 3518 circiter
643 3461 925 3534 lapidem.
961 3464 1128 3518 Hunc
1159 3479 1356 3536 regem
1388 3461 1632 3518 morbus
1663 3460 1923 3516 sustulit.

453 3734 753 3792 Successit
787 3733 840 3789 ei
873 3733 934 3789 in
965 3748 1217 3806 regnum
1245 3729 1601 3803 Tarquinius
1625 3731 1886 3786 Priscus.
1930 3730 2034 3786 llic

375 3827 629 3880 Romam
662 3839 876 3898 magno
907 3839 1078 3879 muro
1110 3821 1350 3882 muniit.
1381 3819 1596 3893 prioris
1627 3822 1780 3876 muri
1805 3825 2034 3876 tantum

383 3913 786 3970 delineatione
817 3915 1076 3984 quadam
1097 3927 1396 3985 expressa.
1421 3915 1611 3981 Atque
1635 3909 1786 3965 idem
1813 3909 2040 3964 subter-

382 4020 598 4059 raneos
628 4003 935 4059 cuniculos
965 4003 1126 4069 fecit,
1161 4018 1268 4074 per
1295 4018 1446 4074 quos
1475 4017 1631 4072 aqua
1669 4017 1740 4056 ex
1782 4000 1920 4056 vicis
1971 4001 2035 4054 in

383 4092 640 4148 Tiberim
672 4093 1082 4158 deveheretur,
1114 4108 1262 4164 opus
1293 4090 1559 4163 apprime
1590 4089 1722 4144 urbi
1754 4089 2039 4146 conduci-

381 4180 523 4238 bile.
557 4182 703 4238 Cum
733 4199 981 4255 regnum
1012 4195 1126 4254 per
1148 4197 1338 4236 annos
1369 4180 1516 4236 τοι
1555 4178 1796 4252 triginta
1825 4195 2037 4234 novem

381 4271 692 4340 tenuisset,
723 4289 759 4328 a
786 4271 1008 4341 Marcii,
1041 4270 1136 4326 cui
1168 4273 1557 4338 successerat,
1591 4268 1730 4324 filiis
1761 4268 2038 4325 interem-

375 4365 513 4432 ptus
543 4367 658 4417 est.

447 4449 590 4521 Ejus
631 4455 823 4504 morte
881 4465 1132 4523 regnum
1191 4447 1267 4502 ad
1325 4445 1591 4502 Servium
1639 4445 1898 4502 Tullium
1949 4450 2042 4502 est

389 4535 754 4594 devolutum.
807 4539 990 4593 Mater
1035 4537 1165 4608 ejus
1203 4534 1423 4590 nobilis
1461 4533 1704 4606 quidem
1751 4535 1884 4604 fuit,
1935 4535 2040 4591 sed

389 4625 619 4696 captiva
648 4631 707 4680 et
735 4641 902 4681 serva
941 4625 1016 4682 ob
1056 4623 1457 4680 calamitatem
1503 4623 1726 4678 habita.
1774 4625 1856 4679 Ea
1902 4641 2037 4680 cum

388 4717 636 4770 Romam
680 4731 994 4787 prmgnans
1053 4718 1207 4769 esset
1247 4711 1504 4768 adducta
1557 4727 1625 4766 ac
1671 4713 1848 4783 paulo
1907 4720 2043 4784 post

387 4808 648 4874 pareret,
681 4803 874 4858 ﬁlium
906 4801 1172 4858 Servium
1198 4799 1580 4856 nominavita
1603 4801 1796 4856 servili
1832 4803 2034 4858 condi-

386 4891 633 4948 tione.Is
667 4908 902 4964 quoque
924 4891 1089 4948 urbis
1122 4888 1594 4963 magnitudinem
1627 4889 1887 4959 adauxit,
1917 4891 2034 4947 fos-

383 4997 630 5053 samque
641 4981 964 5037 maximam
981 4977 2040 5054 maenibuscircumdedit.Primusque

384 5071 656 5128 omnium
689 5086 936 5127 censum
965 5067 1372 5126 multitudinis
1399 5067 1678 5123 Romanae
1708 5069 2042 5142 egit.Censa

2139 3286 2350 3342 καὶτὸν
2381 3284 2629 3358 ποταμὸν
2657 3279 2895 3359 Τίϐεριν·
2939 3283 3078 3358 πρὸς
3135 3288 3257 3347 ταῖς
3302 3277 3560 3342 ἐκϐολαῖς
3609 3279 3804 3358 τειχί-

2141 3396 2259 3448 σας,
2289 3373 2372 3431 ὲπ⁹
2403 3374 2572 3446 αὐτῆς
2616 3381 2718 3445 τῆς
2777 3372 2977 3452 ῥαχίας
3029 3371 3276 3444 ἀνίστησι
3325 3369 3514 3440 πόλιν,
3574 3370 3640 3440 ἢν
3701 3369 3800 3426 Ὀ·

2141 3466 2290 3522 στίαν
2345 3465 2450 3522 ἀπὸ
2505 3471 2607 3534 τῆς
2665 3462 2864 3524 θέσεως
2935 3463 3398 3540 προσηγόρευσεν,
3458 3459 3489 3514 6'
3529 3457 3795 3531 σημαίνει

2143 3556 2331 3630 θύραν,
2362 3551 2646 3609 ἑκκαίδεκά
2701 3573 2810 3609 που
2865 3553 3122 3626 σημείοις
3177 3550 3488 3627 ἀπᾶχουσαν
3546 3547 3798 3622 Ῥώμης.

2141 3643 2316 3707 Οὗτος
2347 3643 2492 3716 νόσῳ
2519 3644 2767 3714 τελευτᾷ.

2217 3733 2451 3808 Πρίσκος
2487 3731 2790 3807 Ταρκύνιος
2845 3729 3066 3802 Ῥώλης
3119 3725 3431 3786 ἐϐασίλευσε
3491 3729 3624 3802 μενᾶ
3677 3731 3808 3782 τοῦο

2140 3820 2346 3890 τον,8ς
2376 3821 2476 3890 τὴν
2505 3820 2728 3894 Ῥώμην
2778 3820 2956 3898 τείχει
3017 3817 3244 3896 μεγάλῳ
3297 3817 3587 3892 ὠχύρωσε,
3637 3837 3800 3890 περι-

2141 3913 2360 3988 γραφήν
2398 3929 2516 3966 τινα
2571 3909 2742 3984 μόνην
2807 3912 2906 3965 τοῦ
2960 3908 3230 3983 προτέρου
3285 3905 3652 3979 ἐπισημηνας.
3695 3905 3799 3960 Καὶ

2143 4001 2240 4064 τάς
2267 3999 2576 4072 ὑπονόμους
2603 3998 2842 4072 τάφρους
2873 3993 2946 4052 δι’
2975 3996 3050 4052 ὧν
3082 3993 3170 4051 ἐπὶ
3211 3997 3304 4052 τὸν
3353 3991 3569 4070 Τίϐεριν
3621 3997 3688 4050 τὸ
3737 3993 3800 4050 ἐκ

2141 4091 2250 4146 τῶν
2284 4093 2574 4144 στενωπῶν
2602 4083 2750 4163 ὕδωρ
2780 4087 3114 4163 ὀχετεύεται,
3146 4080 3305 4162 ἔργον
3337 4083 3393 4148 ἒς
3438 4088 3506 4140 τὰ
3555 4083 3799 4157 μάλιστα

2141 4183 2212 4254 τῇ
2243 4177 2405 4234 πόλει
2439 4179 2738 4254 χρήσιμον,
2770 4173 3175 4231 κατεσκεύασεν.
3209 4173 3377 4235 Οὗτος
3417 4173 3500 4240 λο’
3547 4172 3640 4244 ἔτη
3689 4181 3797 4242 τῆς

2144 4271 2324 4344 ἀρχῆς
2354 4269 2627 4344 κρατήσας
2659 4267 2762 4322 ὑπὸ
2791 4269 2898 4322 τῶν
2931 4263 3176 4340 Μαρκίου
3230 4260 3458 4332 παίδων,
3509 4266 3608 4318 τοῦ
3655 4263 3795 4338 πρό-

2142 4379 2296 4434 τερον
2330 4353 2751 4418 δυναστεύοντος
2773 4361 2874 4424 τῆς
2898 4354 3146 4428 Ῥώμης,
3174 4351 3494 4428 ἀναιρεῖται.

2219 4441 2446 4522 Σέρϐιος
2503 4441 2774 4506 Τούλλιος
2825 4444 2927 4514 τὴν
2994 4441 3295 4516 ἡγεμονίαν
3349 4437 3652 4515 ἐκδέχεται,
3705 4459 3798 4494 τε-

2145 4535 2300 4612 χθεὶς
2332 4534 2392 4589 ἐκ
2419 4532 2675 4612 γυναικὸς
2724 4529 2973 4607 εὖγενοῦς
3005 4530 3140 4607 μὲν,
3183 4527 3550 4605 αἰχμαλώτου
3599 4525 3657 4584 δὲ
3703 4529 3797 4584 καὶ

2151 4623 2358 4696 δούλης
2387 4623 2524 4679 κατὰ
2575 4623 2675 4692 τήν
2729 4619 3014 4700 συμφορὰν
3069 4615 3488 4692 νενομισμένης,
3536 4617 3660 4688 ἣτις
3718 4616 3795 4679 εἰς

2149 4715 2371 4787 Ῥώμην
2431 4713 2663 4788 ἂχθεῖσα
2715 4704 2933 4788 ἔγκυος,
2993 4709 3184 4784 μικρὸν
3247 4709 3467 4783 ὕστερον
3543 4707 3796 4773 τεκοῦσα,

2148 4795 2377 4877 Σέρϐιον
2409 4799 2471 4856 τὸ
2517 4796 2710 4872 τεχθὶν
2765 4795 3131 4868 ἐπωνόμασεν,
3189 4794 3264 4857 ὡς
3321 4792 3382 4849 ἄν
3442 4791 3488 4848 εί
3543 4789 3800 4866 εἷ’ποιμεν

2145 4889 2418 4948 δούλειον.
2451 4884 2626 4949 Οὗτος
2665 4880 2743 4941 ἔτι
2791 4885 3099 4960 προσέθηκε
3148 4887 3229 4954 τῷ
3283 4879 3491 4959 μεγέθει
3539 4889 3640 4950 τῆς
3691 4882 3795 4936 πό-

2143 4978 2306 5046 λεως,
2337 4979 2428 5034 καὶ
2457 4977 2661 5056 τάφρον
2689 4974 2776 5030 ὅτι
2811 4977 2893 5047 [Ρ.
2929 4975 3053 5048 149]
3087 4971 3346 5050 μεγίστην
3385 4972 3508 5048 περὶ
3560 4971 3624 5026 τὸ
3671 4975 3793 5026 τεῖ-

2140 5089 2243 5146 χος
2273 5066 2467 5138 ἤλασε,
2499 5063 2601 5121 Καὶ
2656 5068 2876 5140 πρῶτος
2932 5063 3184 5118 ἁπάντων
3239 5063 3304 5120 τὸ
3346 5066 3454 5118 τῶν
3503 5060 3794 5134 Ῥωμαίων

1596 5166 1956 5226 XYLANDRI
1994 5171 2081 5226 ET
2118 5169 2332 5226 GOARI
2359 5167 2581 5223 ΝΟΤᾹΞ.

463 5292 1082 5386 (1(ξ)Ἀπὸ”Λσζςμοξ›.
1159 5291 1407 5386 ΟῼΠρθοξ
1485 5289 2034 5386 89r§_l?_‘.“m..f“i55°

387 5363 494 5438 ἀπὸ
512 5363 586 5438 Α.
622 5363 1082 5438 σημείου,νῐίίοίιθ
1107 5370 1464 5438 mutaturus,
1495 5363 1546 5438 εἰ
1577 5363 1712 5432 quis
1737 5363 1912 5438 aliter
1937 5383 2033 5422 εκ·

387 5437 599 5511 pediat
632 5433 844 5493 locum.
878 5437 1008 5511 Scio
1039 5437 1226 5511 _eni1_n_
1263 5433 1514 5511 Varroni
1559 5449 1769 5511 assem‘
1798 5437 1872 5492 ab
1920 5454 2036 5492 aere

387 5504 524 5564 dici.
558 5509 698 5564 ΧΠ..
729 5539 802 5550 -
833 5508 912 5563 Ad
942 5507 1229 5579 Xylandri
1261 5512 1459 5560 votum
1500 5504 1664 5580 locus
1695 5506 1810 5580 llic
1855 5525 2036 5580 expe«

385 5580 602 5648 dietur,
635 5581 682 5635 si
715 5575 1017 5649 nusquam
1044 5584 1460 5648 corrumpatur
1509 5581 1565 5629 et
1599 5575 1834 5632 facilem
1882 5575 2040 5635 acci-

383 5652 509 5724 piat
537 5651 1124 5724 interpretationem.
1157 5652 1318 5724 Asses
1347 5651 1633 5724 argenteos
1661 5654 1714 5702 et
1740 5665 1906 5706 areas
1936 5653 2042 5706 Ro-

387 5717 572 5781 inam's
601 5717 834 5794 tarditas
865 5727 945 5778 est
980 5736 1216 5792 pmmus.
1270 5717 1485 5788 ἂσημον
1538 5717 1702 5773 enim
1750 5728 2042 5791 argentum

2146 5299 2255 5362 est,
2287 5309 2355 5349 ac
2393 5291 2518 5356 uari,
2544 5294 2724 5362 prout
2751 5289 2813 5362 in
2841 5288 3142 5362 praesenti.
3176 5287 3523 5360 adjunctum
3545 5291 3798 5343 moneta

2147 5359 2458 5421 materiam
2489 5359 2733 5418 indicat.
2767 5359 3073 5432 Ἐπίσημον
3115 5359 3330 5416 iterum
3369 5364 3537 5416 vocat
3591 5365 3802 5414 auctor

2149 5437 2397 5492 inferius
2437 5451 2493 5506 p.
2543 5435 2679 5506 7178.
2737 5435 2814 5489 At
2859 5433 2971 5488 hoc
3025 5437 3356 5506 cusumest
3411 5437 3470 5486 et
3522 5437 3800 5506 ηοεᾳιηηι,

2150 5507 2302 5562 illud
2357 5501 2594 5578 proprie
2649 5507 2952 5578 infectum;
3011 5503 3282 5574 quamvis
3341 5504 3404 5558 in
3461 5501 3803 5574 promiscuo

2151 5595 2331 5634 sensu
2352 5573 2664 5648 utriusque
2689 5573 2848 5632 vocis
2868 5573 3301 5648 nonnunquam
3334 5573 3606 5630 occurrat
3632 5590 3805 5629 usus.

2151 5652 2325 5706 ϐολῇ.
