  <div class='ocr_page' id='page_1' title='image "/cluster/home/n/w/nwhite01/storage/ocr_20150623/121/mdp.39015078384289/156.png"; bbox 0 0 4104 6276; ppageno 0'>
   <div class='ocr_carea' id='block_1_1' title="bbox 209 335 327 395">
    <p class='ocr_par' dir='ltr' id='par_1_1' title="bbox 209 335 327 395">
     <span class='ocr_line' id='line_1_1' title="bbox 209 335 327 395; baseline -0.017 0"><span class='ocrx_word' id='word_1_1' title='bbox 209 335 327 395; x_wconf 76' lang='grc'>297</span> 
     </span>
    </p>
   </div>
   <div class='ocr_carea' id='block_1_2' title="bbox 1388 335 2522 403">
    <p class='ocr_par' dir='ltr' id='par_1_2' title="bbox 1388 335 2522 403">
     <span class='ocr_line' id='line_1_2' title="bbox 1388 335 2522 403; baseline 0.002 -4"><span class='ocrx_word' id='word_1_2' title='bbox 1388 335 1931 399; x_wconf 78' lang='lat' dir='ltr'>HISTORIARUM</span> <span class='ocrx_word' id='word_1_3' title='bbox 1977 337 2522 403; x_wconf 80' lang='lat' dir='ltr'>COMPENDIUM.</span> 
     </span>
    </p>
   </div>
   <div class='ocr_carea' id='block_1_3' title="bbox 3538 344 3653 402">
    <p class='ocr_par' dir='ltr' id='par_1_3' title="bbox 3538 344 3653 402">
     <span class='ocr_line' id='line_1_3' title="bbox 3538 344 3653 402; baseline 0 -1"><span class='ocrx_word' id='word_1_4' title='bbox 3538 344 3653 402; x_wconf 78' lang='grc'>298</span> 
     </span>
    </p>
   </div>
   <div class='ocr_carea' id='block_1_4' title="bbox 204 463 1934 547">
    <p class='ocr_par' dir='ltr' id='par_1_4' title="bbox 204 463 1903 543">
     <span class='ocr_line' id='line_1_4' title="bbox 204 463 1903 543; baseline 0.002 -24"><span class='ocrx_word' id='word_1_5' title='bbox 204 463 435 534; x_wconf 73' lang='grc' dir='ltr'>πλῆθος</span> <span class='ocrx_word' id='word_1_6' title='bbox 489 466 841 540; x_wconf 82' lang='grc' dir='ltr'>ἀριθμηθεὶς</span> <span class='ocrx_word' id='word_1_7' title='bbox 906 468 1056 542; x_wconf 80' lang='grc' dir='ltr'>εὗρεν</span> <span class='ocrx_word' id='word_1_8' title='bbox 1127 468 1270 523; x_wconf 85' lang='grc' dir='ltr'>ὀκτὼ</span> <span class='ocrx_word' id='word_1_9' title='bbox 1336 465 1600 543; x_wconf 81' lang='grc' dir='ltr'>μυριάδας</span> <span class='ocrx_word' id='word_1_10' title='bbox 1657 465 1903 523; x_wconf 79' lang='grc' dir='ltr'>πολιτῶν</span> 
     </span>
    </p>
   </div>
   <div class='ocr_carea' id='block_1_5' title="bbox 2048 463 3671 547">
    <p class='ocr_par' dir='ltr' id='par_1_5' title="bbox 2052 474 3671 547">
     <span class='ocr_line' id='line_1_5' title="bbox 2052 474 3671 547; baseline 0 -20"><span class='ocrx_word' id='word_1_11' title='bbox 2052 478 2161 527; x_wconf 90' lang='lat' dir='ltr'>unt</span> <span class='ocrx_word' id='word_1_12' title='bbox 2190 474 2405 529; x_wconf 87' lang='lat' dir='ltr'>civium</span> <span class='ocrx_word' id='word_1_13' title='bbox 2437 475 2732 547; x_wconf 79' lang='lat' dir='ltr'>octoginta</span> <span class='ocrx_word' id='word_1_14' title='bbox 2760 475 2875 530; x_wconf 87' lang='lat' dir='ltr'>tria</span> <span class='ocrx_word' id='word_1_15' title='bbox 2902 474 3113 539; x_wconf 86' lang='lat' dir='ltr'>millia,</span> <span class='ocrx_word' id='word_1_16' title='bbox 3146 477 3361 545; x_wconf 77' lang='lat' dir='ltr'>praeter</span> <span class='ocrx_word' id='word_1_17' title='bbox 3401 490 3499 528; x_wconf 84' lang='lat' dir='ltr'>eos</span> <span class='ocrx_word' id='word_1_18' title='bbox 3553 474 3671 544; x_wconf 24' lang='lat' dir='ltr'>qui.</span> 
     </span>
    </p>
   </div>
   <div class='ocr_carea' id='block_1_6' title="bbox 205 552 1898 634">
    <p class='ocr_par' dir='ltr' id='par_1_6' title="bbox 205 552 1898 634">
     <span class='ocr_line' id='line_1_6' title="bbox 205 552 1898 634; baseline 0 -25"><span class='ocrx_word' id='word_1_19' title='bbox 205 552 378 616; x_wconf 62' lang='grc' dir='ltr'>οὔσας</span> <span class='ocrx_word' id='word_1_20' title='bbox 436 553 530 609; x_wconf 66' lang='grc' dir='ltr'>σὺν</span> <span class='ocrx_word' id='word_1_21' title='bbox 585 555 950 634; x_wconf 73' lang='grc' dir='ltr'>τρισχιλίοις</span> <span class='ocrx_word' id='word_1_22' title='bbox 1003 554 1244 631; x_wconf 77' lang='grc' dir='ltr'>ἀνδράσι,</span> <span class='ocrx_word' id='word_1_23' title='bbox 1302 557 1437 630; x_wconf 79' lang='grc' dir='ltr'>πρὸς</span> <span class='ocrx_word' id='word_1_24' title='bbox 1491 561 1610 618; x_wconf 85' lang='grc' dir='ltr'>τοῖς</span> <span class='ocrx_word' id='word_1_25' title='bbox 1675 554 1898 611; x_wconf 80' lang='grc' dir='ltr'>ἐπὶτῶν</span> 
     </span>
    </p>
   </div>
   <div class='ocr_carea' id='block_1_7' title="bbox 210 643 1897 723">
    <p class='ocr_par' dir='ltr' id='par_1_7' title="bbox 210 643 1897 723">
     <span class='ocr_line' id='line_1_7' title="bbox 210 643 1897 723; baseline -0.001 -22"><span class='ocrx_word' id='word_1_26' title='bbox 210 648 403 723; x_wconf 73' lang='grc' dir='ltr'>ἀγρῶν</span> <span class='ocrx_word' id='word_1_27' title='bbox 460 643 892 719; x_wconf 76' lang='grc' dir='ltr'>διαιτωμένοις.</span> <span class='ocrx_word' id='word_1_28' title='bbox 954 645 1060 704; x_wconf 66' lang='grc' dir='ltr'>Οὓς</span> <span class='ocrx_word' id='word_1_29' title='bbox 1138 645 1213 709; x_wconf 81' lang='grc' dir='ltr'>εἷς</span> <span class='ocrx_word' id='word_1_30' title='bbox 1274 643 1481 722; x_wconf 82' lang='grc' dir='ltr'>λόχους</span> <span class='ocrx_word' id='word_1_31' title='bbox 1549 645 1897 718; x_wconf 79' lang='grc' dir='ltr'>κατανείμας,</span> 
     </span>
    </p>
   </div>
   <div class='ocr_carea' id='block_1_8' title="bbox 216 733 1905 809">
    <p class='ocr_par' dir='ltr' id='par_1_8' title="bbox 216 733 1905 809">
     <span class='ocr_line' id='line_1_8' title="bbox 216 733 1905 809; baseline -0.001 -20"><span class='ocrx_word' id='word_1_32' title='bbox 216 735 329 789; x_wconf 78' lang='grc' dir='ltr'>καὶ</span> <span class='ocrx_word' id='word_1_33' title='bbox 354 739 470 795; x_wconf 84' lang='grc' dir='ltr'>ταῖς</span> <span class='ocrx_word' id='word_1_34' title='bbox 499 733 718 796; x_wconf 75' lang='grc' dir='ltr'>οὐσίαις</span> <span class='ocrx_word' id='word_1_35' title='bbox 775 735 1011 790; x_wconf 70' lang='grc' dir='ltr'>ἑκάστου</span> <span class='ocrx_word' id='word_1_36' title='bbox 1065 737 1355 809; x_wconf 80' lang='grc' dir='ltr'>τιμήματα</span> <span class='ocrx_word' id='word_1_37' title='bbox 1419 734 1557 809; x_wconf 87' lang='grc' dir='ltr'>πρὸς</span> <span class='ocrx_word' id='word_1_38' title='bbox 1606 733 1772 799; x_wconf 86' lang='grc' dir='ltr'>λόγον</span> <span class='ocrx_word' id='word_1_39' title='bbox 1804 740 1905 803; x_wconf 83' lang='grc' dir='ltr'>τῆς</span> 
     </span>
    </p>
   </div>
   <div class='ocr_carea' id='block_1_9' title="bbox 226 822 1903 898">
    <p class='ocr_par' dir='ltr' id='par_1_9' title="bbox 226 822 1903 898">
     <span class='ocr_line' id='line_1_9' title="bbox 226 822 1903 898; baseline -0.001 -19"><span class='ocrx_word' id='word_1_40' title='bbox 226 822 523 898; x_wconf 76' lang='grc' dir='ltr'>δυνάμεως</span> <span class='ocrx_word' id='word_1_41' title='bbox 580 823 815 895; x_wconf 70' lang='grc' dir='ltr'>ἐπιθεὶς,</span> <span class='ocrx_word' id='word_1_42' title='bbox 872 822 1219 880; x_wconf 80' lang='grc' dir='ltr'>δικαιότατον</span> <span class='ocrx_word' id='word_1_43' title='bbox 1283 825 1533 880; x_wconf 82' lang='grc' dir='ltr'>ἁπάντων</span> <span class='ocrx_word' id='word_1_44' title='bbox 1592 822 1903 896; x_wconf 86' lang='grc' dir='ltr'>πολίτευμα</span> 
     </span>
    </p>
   </div>
   <div class='ocr_carea' id='block_1_10' title="bbox 230 909 1908 991">
    <p class='ocr_par' dir='ltr' id='par_1_10' title="bbox 230 909 1908 991">
     <span class='ocr_line' id='line_1_10' title="bbox 230 909 1908 991; baseline -0.002 -22"><span class='ocrx_word' id='word_1_45' title='bbox 230 917 335 970; x_wconf 58' lang='grc' dir='ltr'>καὶ</span> <span class='ocrx_word' id='word_1_46' title='bbox 369 912 901 991; x_wconf 72' lang='grc' dir='ltr'>πολυωφελέστατον</span> <span class='ocrx_word' id='word_1_47' title='bbox 951 915 1294 989; x_wconf 82' lang='grc' dir='ltr'>είσηγάγετο.</span> <span class='ocrx_word' id='word_1_48' title='bbox 1342 914 1523 987; x_wconf 80' lang='grc' dir='ltr'>Ταύτῃ</span> <span class='ocrx_word' id='word_1_49' title='bbox 1555 914 1656 990; x_wconf 82' lang='grc' dir='ltr'>γὰρ</span> <span class='ocrx_word' id='word_1_50' title='bbox 1685 917 1754 986; x_wconf 79' lang='grc' dir='ltr'>τῇ</span> <span class='ocrx_word' id='word_1_51' title='bbox 1787 909 1908 967; x_wconf 83' lang='grc' dir='ltr'>δια-</span> 
     </span>
    </p>
   </div>
   <div class='ocr_carea' id='block_1_11' title="bbox 230 1000 1906 1078">
    <p class='ocr_par' dir='ltr' id='par_1_11' title="bbox 230 1000 1906 1078">
     <span class='ocr_line' id='line_1_11' title="bbox 230 1000 1906 1078; baseline -0.002 -21"><span class='ocrx_word' id='word_1_52' title='bbox 230 1004 517 1074; x_wconf 69' lang='grc' dir='ltr'>κοσμήσει</span> <span class='ocrx_word' id='word_1_53' title='bbox 568 1002 667 1065; x_wconf 75' lang='grc' dir='ltr'>τὰς</span> <span class='ocrx_word' id='word_1_54' title='bbox 721 1022 782 1055; x_wconf 81' lang='grc' dir='ltr'>τε</span> <span class='ocrx_word' id='word_1_55' title='bbox 834 1005 948 1056; x_wconf 84' lang='grc' dir='ltr'>τῶν</span> <span class='ocrx_word' id='word_1_56' title='bbox 1007 1005 1353 1076; x_wconf 80' lang='grc' dir='ltr'>στρατιωτῶν</span> <span class='ocrx_word' id='word_1_57' title='bbox 1412 1002 1751 1078; x_wconf 75' lang='grc' dir='ltr'>καταγραφὰς</span> <span class='ocrx_word' id='word_1_58' title='bbox 1816 1000 1906 1054; x_wconf 81' lang='grc' dir='ltr'>καὶ</span> 
     </span>
    </p>
   </div>
   <div class='ocr_carea' id='block_1_12' title="bbox 232 1091 1906 1168">
    <p class='ocr_par' dir='ltr' id='par_1_12' title="bbox 232 1091 1906 1168">
     <span class='ocr_line' id='line_1_12' title="bbox 232 1091 1906 1168; baseline -0.002 -20"><span class='ocrx_word' id='word_1_59' title='bbox 232 1094 345 1157; x_wconf 72' lang='grc' dir='ltr'>τὰς</span> <span class='ocrx_word' id='word_1_60' title='bbox 373 1098 482 1148; x_wconf 80' lang='grc' dir='ltr'>τῶν</span> <span class='ocrx_word' id='word_1_61' title='bbox 541 1091 807 1168; x_wconf 75' lang='grc' dir='ltr'>εἰσφορῶν</span> <span class='ocrx_word' id='word_1_62' title='bbox 868 1091 1138 1164; x_wconf 65' lang='grc' dir='ltr'>συντάξεις</span> <span class='ocrx_word' id='word_1_63' title='bbox 1191 1091 1282 1145; x_wconf 84' lang='grc' dir='ltr'>καὶ</span> <span class='ocrx_word' id='word_1_64' title='bbox 1336 1091 1404 1145; x_wconf 83' lang='grc' dir='ltr'>τά</span> <span class='ocrx_word' id='word_1_65' title='bbox 1469 1092 1757 1165; x_wconf 79' lang='grc' dir='ltr'>τιμήματα</span> <span class='ocrx_word' id='word_1_66' title='bbox 1797 1095 1906 1144; x_wconf 79' lang='grc' dir='ltr'>τῶν</span> 
     </span>
    </p>
   </div>
   <div class='ocr_carea' id='block_1_13' title="bbox 242 1180 1906 1257">
    <p class='ocr_par' dir='ltr' id='par_1_13' title="bbox 242 1180 1906 1257">
     <span class='ocr_line' id='line_1_13' title="bbox 242 1180 1906 1257; baseline -0.002 -20"><span class='ocrx_word' id='word_1_67' title='bbox 242 1182 395 1257; x_wconf 83' lang='grc' dir='ltr'>βίων</span> <span class='ocrx_word' id='word_1_68' title='bbox 441 1182 700 1237; x_wconf 80' lang='grc' dir='ltr'>ἐποιεῖτο⁶</span> <span class='ocrx_word' id='word_1_69' title='bbox 759 1180 998 1255; x_wconf 81' lang='grc' dir='ltr'>τέσσαρα</span> <span class='ocrx_word' id='word_1_70' title='bbox 1049 1182 1151 1257; x_wconf 78' lang='grc' dir='ltr'>γὰρ</span> <span class='ocrx_word' id='word_1_71' title='bbox 1210 1181 1368 1244; x_wconf 78' lang='grc' dir='ltr'>οὗτος</span> <span class='ocrx_word' id='word_1_72' title='bbox 1398 1183 1465 1235; x_wconf 74' lang='grc' dir='ltr'>τὰ</span> <span class='ocrx_word' id='word_1_73' title='bbox 1491 1180 1906 1255; x_wconf 80' lang='grc' dir='ltr'>τιμωρημάτων</span> 
     </span>
    </p>
   </div>
   <div class='ocr_carea' id='block_1_14' title="bbox 237 1264 1909 1350">
    <p class='ocr_par' dir='ltr' id='par_1_14' title="bbox 237 1264 1909 1350">
     <span class='ocr_line' id='line_1_14' title="bbox 237 1264 1909 1350; baseline 0.002 -24"><span class='ocrx_word' id='word_1_74' title='bbox 237 1270 475 1350; x_wconf 73' lang='grc' dir='ltr'>ἐφεδρεν</span> <span class='ocrx_word' id='word_1_75' title='bbox 534 1268 754 1347; x_wconf 81' lang='grc' dir='ltr'>ὄργανα.</span> <span class='ocrx_word' id='word_1_76' title='bbox 817 1272 925 1327; x_wconf 81' lang='grc' dir='ltr'>Καὶ</span> <span class='ocrx_word' id='word_1_77' title='bbox 980 1270 1377 1346; x_wconf 79' lang='grc' dir='ltr'>τεσσαράκοντα</span> <span class='ocrx_word' id='word_1_78' title='bbox 1432 1264 1525 1341; x_wconf 79' lang='grc' dir='ltr'>ἔτη</span> <span class='ocrx_word' id='word_1_79' title='bbox 1579 1276 1678 1339; x_wconf 79' lang='grc' dir='ltr'>τῆς</span> <span class='ocrx_word' id='word_1_80' title='bbox 1731 1270 1909 1345; x_wconf 72' lang='grc' dir='ltr'>ἀρχῆς</span> 
     </span>
    </p>
   </div>
   <div class='ocr_carea' id='block_1_15' title="bbox 234 1357 1910 1442">
    <p class='ocr_par' dir='ltr' id='par_1_15' title="bbox 234 1357 1910 1442">
     <span class='ocr_line' id='line_1_15' title="bbox 234 1357 1910 1442; baseline -0.002 -25"><span class='ocrx_word' id='word_1_81' title='bbox 234 1365 527 1439; x_wconf 73' lang='grc' dir='ltr'>κρατήσας</span> <span class='ocrx_word' id='word_1_82' title='bbox 557 1357 946 1442; x_wconf 73' lang='grc' dir='ltr'>διαφθείρεται,</span> <span class='ocrx_word' id='word_1_83' title='bbox 1007 1359 1397 1438; x_wconf 78' lang='grc' dir='ltr'>δολοφονηθεὶς</span> <span class='ocrx_word' id='word_1_84' title='bbox 1458 1362 1562 1417; x_wconf 91' lang='grc' dir='ltr'>ὑπὸ</span> <span class='ocrx_word' id='word_1_85' title='bbox 1613 1359 1910 1436; x_wconf 84' lang='grc' dir='ltr'>Ταρκυνίου</span> 
     </span>
    </p>
   </div>
   <div class='ocr_carea' id='block_1_16' title="bbox 248 1447 606 1528">
    <p class='ocr_par' dir='ltr' id='par_1_16' title="bbox 248 1447 606 1528">
     <span class='ocr_line' id='line_1_16' title="bbox 248 1447 606 1528; baseline 0.006 -21"><span class='ocrx_word' id='word_1_86' title='bbox 248 1447 606 1528; x_wconf 75' lang='grc' dir='ltr'>Σουπέρϐου.</span> 
     </span>
    </p>
   </div>
   <div class='ocr_carea' id='block_1_17' title="bbox 313 1536 1910 1618">
    <p class='ocr_par' dir='ltr' id='par_1_17' title="bbox 313 1536 1910 1618">
     <span class='ocr_line' id='line_1_17' title="bbox 313 1536 1910 1618; baseline -0.003 -19"><span class='ocrx_word' id='word_1_87' title='bbox 313 1541 629 1618; x_wconf 80' lang='grc' dir='ltr'>Ταρκύνιος</span> <span class='ocrx_word' id='word_1_88' title='bbox 663 1536 1017 1617; x_wconf 74' lang='grc' dir='ltr'>Σούπερϐος.</span> <span class='ocrx_word' id='word_1_89' title='bbox 1057 1542 1226 1604; x_wconf 77' lang='grc' dir='ltr'>Οὗτος</span> <span class='ocrx_word' id='word_1_90' title='bbox 1258 1541 1412 1604; x_wconf 76' lang='grc' dir='ltr'>εὐθὺς</span> <span class='ocrx_word' id='word_1_91' title='bbox 1444 1540 1643 1603; x_wconf 69' lang='grc' dir='ltr'>πάντας</span> <span class='ocrx_word' id='word_1_92' title='bbox 1671 1540 1910 1611; x_wconf 80' lang='grc' dir='ltr'>ἐκίνησεν</span> 
     </span>
    </p>
   </div>
   <div class='ocr_carea' id='block_1_18' title="bbox 241 1628 1910 1707">
    <p class='ocr_par' dir='ltr' id='par_1_18' title="bbox 241 1628 1910 1707">
     <span class='ocr_line' id='line_1_18' title="bbox 241 1628 1910 1707; baseline -0.002 -21"><span class='ocrx_word' id='word_1_93' title='bbox 241 1630 337 1687; x_wconf 66' lang='grc' dir='ltr'>ἐπὶ</span> <span class='ocrx_word' id='word_1_94' title='bbox 377 1633 443 1687; x_wconf 88' lang='grc' dir='ltr'>τὸ</span> <span class='ocrx_word' id='word_1_95' title='bbox 496 1630 908 1705; x_wconf 73' lang='grc' dir='ltr'>αὐθαδέστερον,</span> <span class='ocrx_word' id='word_1_96' title='bbox 965 1631 1056 1685; x_wconf 76' lang='grc' dir='ltr'>καὶ</span> <span class='ocrx_word' id='word_1_97' title='bbox 1115 1629 1417 1707; x_wconf 73' lang='grc' dir='ltr'>βαρυτέραν</span> <span class='ocrx_word' id='word_1_98' title='bbox 1472 1632 1571 1701; x_wconf 79' lang='grc' dir='ltr'>τήν</span> <span class='ocrx_word' id='word_1_99' title='bbox 1629 1628 1910 1686; x_wconf 84' lang='grc' dir='ltr'>πολιτείαν</span> 
     </span>
    </p>
   </div>
   <div class='ocr_carea' id='block_1_19' title="bbox 247 1718 1914 1797">
    <p class='ocr_par' dir='ltr' id='par_1_19' title="bbox 247 1718 1914 1797">
     <span class='ocr_line' id='line_1_19' title="bbox 247 1718 1914 1797; baseline -0.002 -22"><span class='ocrx_word' id='word_1_100' title='bbox 247 1721 529 1797; x_wconf 70' lang='grc' dir='ltr'>ἀπέφηνε,</span> <span class='ocrx_word' id='word_1_101' title='bbox 585 1718 713 1784; x_wconf 77' lang='grc' dir='ltr'>τοὺς</span> <span class='ocrx_word' id='word_1_102' title='bbox 767 1739 828 1774; x_wconf 88' lang='grc' dir='ltr'>τε</span> <span class='ocrx_word' id='word_1_103' title='bbox 911 1739 1117 1791; x_wconf 87' lang='grc' dir='ltr'>νομους</span> <span class='ocrx_word' id='word_1_104' title='bbox 1186 1719 1431 1791; x_wconf 74' lang='grc' dir='ltr'>μεταθεὶς</span> <span class='ocrx_word' id='word_1_105' title='bbox 1495 1719 1585 1773; x_wconf 87' lang='grc' dir='ltr'>καὶ</span> <span class='ocrx_word' id='word_1_106' title='bbox 1643 1719 1914 1793; x_wconf 82' lang='grc' dir='ltr'>ἄρχοντας</span> 
     </span>
    </p>
   </div>
   <div class='ocr_carea' id='block_1_20' title="bbox 2014 556 3655 621">
    <p class='ocr_par' dir='ltr' id='par_1_20' title="bbox 2014 556 3655 621">
     <span class='ocr_line' id='line_1_20' title="bbox 2014 556 3655 621; baseline 0 -4"><span class='ocrx_word' id='word_1_107' title='bbox 2014 580 2151 619; x_wconf 88' lang='lat' dir='ltr'>rure</span> <span class='ocrx_word' id='word_1_108' title='bbox 2182 556 2623 621; x_wconf 81' lang='lat' dir='ltr'>vivebant.Eam</span> <span class='ocrx_word' id='word_1_109' title='bbox 2657 564 3101 620; x_wconf 81' lang='lat' dir='ltr'>multitudinem</span> <span class='ocrx_word' id='word_1_110' title='bbox 3132 564 3193 619; x_wconf 92' lang='lat' dir='ltr'>in</span> <span class='ocrx_word' id='word_1_111' title='bbox 3216 564 3436 620; x_wconf 86' lang='lat' dir='ltr'>classes</span> <span class='ocrx_word' id='word_1_112' title='bbox 3458 563 3655 620; x_wconf 88' lang='lat' dir='ltr'>distri-</span> 
     </span>
    </p>
   </div>
   <div class='ocr_carea' id='block_1_21' title="bbox 2016 650 3654 725">
    <p class='ocr_par' dir='ltr' id='par_1_21' title="bbox 2016 650 3654 725">
     <span class='ocr_line' id='line_1_21' title="bbox 2016 650 3654 725; baseline 0.001 -20"><span class='ocrx_word' id='word_1_113' title='bbox 2016 650 2162 717; x_wconf 90' lang='lat' dir='ltr'>buit,</span> <span class='ocrx_word' id='word_1_114' title='bbox 2206 652 2571 725; x_wconf 83' lang='lat' dir='ltr'>singulisque</span> <span class='ocrx_word' id='word_1_115' title='bbox 2632 669 2812 708; x_wconf 86' lang='lat' dir='ltr'>censu</span> <span class='ocrx_word' id='word_1_116' title='bbox 2843 670 2946 723; x_wconf 89' lang='lat' dir='ltr'>pro</span> <span class='ocrx_word' id='word_1_117' title='bbox 2982 654 3247 725; x_wconf 90' lang='lat' dir='ltr'>ipsorum</span> <span class='ocrx_word' id='word_1_118' title='bbox 3304 653 3508 707; x_wconf 88' lang='lat' dir='ltr'>habitu</span> <span class='ocrx_word' id='word_1_119' title='bbox 3566 652 3654 707; x_wconf 92' lang='lat' dir='ltr'>in-</span> 
     </span>
    </p>
   </div>
   <div class='ocr_carea' id='block_1_22' title="bbox 2009 739 3669 813">
    <p class='ocr_par' dir='ltr' id='par_1_22' title="bbox 2009 739 3669 813">
     <span class='ocr_line' id='line_1_22' title="bbox 2009 739 3669 813; baseline 0.001 -19"><span class='ocrx_word' id='word_1_120' title='bbox 2009 739 2589 812; x_wconf 68' lang='lat' dir='ltr'>juncto,justissimaa</span> <span class='ocrx_word' id='word_1_121' title='bbox 2604 742 2777 813; x_wconf 82' lang='lat' dir='ltr'>juxta</span> <span class='ocrx_word' id='word_1_122' title='bbox 2798 742 3089 813; x_wconf 75' lang='lat' dir='ltr'>longeque</span> <span class='ocrx_word' id='word_1_123' title='bbox 3110 742 3409 797; x_wconf 72' lang='lat' dir='ltr'>utilisimze</span> <span class='ocrx_word' id='word_1_124' title='bbox 3437 742 3669 796; x_wconf 74' lang='lat' dir='ltr'>consti-‘</span> 
     </span>
    </p>
   </div>
   <div class='ocr_carea' id='block_1_23' title="bbox 2019 828 3659 900">
    <p class='ocr_par' dir='ltr' id='par_1_23' title="bbox 2019 828 3659 900">
     <span class='ocr_line' id='line_1_23' title="bbox 2019 828 3659 900; baseline 0.002 -19"><span class='ocrx_word' id='word_1_125' title='bbox 2019 828 2262 882; x_wconf 86' lang='lat' dir='ltr'>tutionis</span> <span class='ocrx_word' id='word_1_126' title='bbox 2318 834 2525 885; x_wconf 85' lang='lat' dir='ltr'>auctor</span> <span class='ocrx_word' id='word_1_127' title='bbox 2556 830 2687 895; x_wconf 86' lang='lat' dir='ltr'>fuit,</span> <span class='ocrx_word' id='word_1_128' title='bbox 2748 847 2864 900; x_wconf 91' lang='lat' dir='ltr'>qua</span> <span class='ocrx_word' id='word_1_129' title='bbox 2894 836 2951 885; x_wconf 90' lang='lat' dir='ltr'>et</span> <span class='ocrx_word' id='word_1_130' title='bbox 3008 830 3306 885; x_wconf 81' lang='lat' dir='ltr'>scribendi</span> <span class='ocrx_word' id='word_1_131' title='bbox 3365 831 3659 885; x_wconf 85' lang='lat' dir='ltr'>exercitus</span> 
     </span>
    </p>
   </div>
   <div class='ocr_carea' id='block_1_24' title="bbox 2016 917 3659 975">
    <p class='ocr_par' dir='ltr' id='par_1_24' title="bbox 2016 917 3659 975">
     <span class='ocr_line' id='line_1_24' title="bbox 2016 917 3659 975; baseline 0.001 -5"><span class='ocrx_word' id='word_1_132' title='bbox 2016 917 2310 973; x_wconf 89' lang='lat' dir='ltr'>rationem</span> <span class='ocrx_word' id='word_1_133' title='bbox 2363 923 2419 973; x_wconf 90' lang='lat' dir='ltr'>et</span> <span class='ocrx_word' id='word_1_134' title='bbox 2481 918 2686 973; x_wconf 80' lang='lat' dir='ltr'>tributi</span> <span class='ocrx_word' id='word_1_135' title='bbox 2754 919 3135 974; x_wconf 83' lang='lat' dir='ltr'>collationem</span> <span class='ocrx_word' id='word_1_136' title='bbox 3193 926 3250 975; x_wconf 89' lang='lat' dir='ltr'>et</span> <span class='ocrx_word' id='word_1_137' title='bbox 3313 920 3659 975; x_wconf 85' lang='lat' dir='ltr'>facultatum</span> 
     </span>
    </p>
   </div>
   <div class='ocr_carea' id='block_1_25' title="bbox 2018 1006 3659 1078">
    <p class='ocr_par' dir='ltr' id='par_1_25' title="bbox 2018 1006 3659 1078">
     <span class='ocr_line' id='line_1_25' title="bbox 2018 1006 3659 1078; baseline 0.001 -19"><span class='ocrx_word' id='word_1_138' title='bbox 2018 1006 2306 1076; x_wconf 86' lang='lat' dir='ltr'>cujusque</span> <span class='ocrx_word' id='word_1_139' title='bbox 2337 1008 2793 1063; x_wconf 61' lang='lat' dir='ltr'>aestimationem</span> <span class='ocrx_word' id='word_1_140' title='bbox 2826 1007 3138 1078; x_wconf 83' lang='lat' dir='ltr'>expedivit.</span> <span class='ocrx_word' id='word_1_141' title='bbox 3183 1008 3444 1072; x_wconf 82' lang='lat' dir='ltr'>Quatuor</span> <span class='ocrx_word' id='word_1_142' title='bbox 3500 1009 3659 1063; x_wconf 90' lang='lat' dir='ltr'>enim</span> 
     </span>
    </p>
   </div>
   <div class='ocr_carea' id='block_1_26' title="bbox 2017 1094 3661 1167">
    <p class='ocr_par' dir='ltr' id='par_1_26' title="bbox 2017 1094 3661 1167">
     <span class='ocr_line' id='line_1_26' title="bbox 2017 1094 3661 1167; baseline 0.002 -19"><span class='ocrx_word' id='word_1_143' title='bbox 2017 1094 2113 1149; x_wconf 89' lang='lat' dir='ltr'>hic</span> <span class='ocrx_word' id='word_1_144' title='bbox 2148 1095 2369 1149; x_wconf 86' lang='lat' dir='ltr'>invenit</span> <span class='ocrx_word' id='word_1_145' title='bbox 2399 1113 2612 1152; x_wconf 88' lang='lat' dir='ltr'>census</span> <span class='ocrx_word' id='word_1_146' title='bbox 2642 1097 3040 1152; x_wconf 88' lang='lat' dir='ltr'>instrumenta</span> <span class='ocrx_word' id='word_1_147' title='bbox 3092 1097 3237 1151; x_wconf 84' lang='lat' dir='ltr'>Cum</span> <span class='ocrx_word' id='word_1_148' title='bbox 3270 1114 3455 1153; x_wconf 88' lang='lat' dir='ltr'>annos</span> <span class='ocrx_word' id='word_1_149' title='bbox 3515 1113 3661 1167; x_wconf 87' lang='lat' dir='ltr'>qua—</span> 
     </span>
    </p>
   </div>
   <div class='ocr_carea' id='block_1_27' title="bbox 2019 1181 3661 1257">
    <p class='ocr_par' dir='ltr' id='par_1_27' title="bbox 2019 1181 3661 1257">
     <span class='ocr_line' id='line_1_27' title="bbox 2019 1181 3661 1257; baseline 0.002 -21"><span class='ocrx_word' id='word_1_150' title='bbox 2019 1181 2291 1253; x_wconf 85' lang='lat' dir='ltr'>draginta</span> <span class='ocrx_word' id='word_1_151' title='bbox 2330 1192 2648 1255; x_wconf 81' lang='lat' dir='ltr'>regnasset,</span> <span class='ocrx_word' id='word_1_152' title='bbox 2702 1202 2810 1257; x_wconf 92' lang='lat' dir='ltr'>per</span> <span class='ocrx_word' id='word_1_153' title='bbox 2859 1185 3063 1240; x_wconf 90' lang='lat' dir='ltr'>dolum</span> <span class='ocrx_word' id='word_1_154' title='bbox 3114 1191 3204 1241; x_wconf 90' lang='lat' dir='ltr'>est</span> <span class='ocrx_word' id='word_1_155' title='bbox 3252 1203 3287 1241; x_wconf 91' lang='lat' dir='ltr'>a</span> <span class='ocrx_word' id='word_1_156' title='bbox 3344 1185 3661 1256; x_wconf 81' lang='lat' dir='ltr'>Tarquinio</span> 
     </span>
    </p>
   </div>
   <div class='ocr_carea' id='block_1_28' title="bbox 2022 1272 2581 1343">
    <p class='ocr_par' dir='ltr' id='par_1_28' title="bbox 2022 1272 2581 1343">
     <span class='ocr_line' id='line_1_28' title="bbox 2022 1272 2581 1343; baseline 0.009 -17"><span class='ocrx_word' id='word_1_157' title='bbox 2022 1272 2283 1343; x_wconf 89' lang='lat' dir='ltr'>Superbo</span> <span class='ocrx_word' id='word_1_158' title='bbox 2314 1281 2581 1332; x_wconf 86' lang='lat' dir='ltr'>necatus.</span> 
     </span>
    </p>
   </div>
   <div class='ocr_carea' id='block_1_29' title="bbox 2095 1542 3663 1616">
    <p class='ocr_par' dir='ltr' id='par_1_29' title="bbox 2095 1542 3663 1616">
     <span class='ocr_line' id='line_1_29' title="bbox 2095 1542 3663 1616; baseline 0.002 -20"><span class='ocrx_word' id='word_1_159' title='bbox 2095 1542 2448 1614; x_wconf 84' lang='lat' dir='ltr'>Tarquinius</span> <span class='ocrx_word' id='word_1_160' title='bbox 2478 1544 2779 1616; x_wconf 86' lang='lat' dir='ltr'>Superbus</span> <span class='ocrx_word' id='word_1_161' title='bbox 2808 1561 2989 1616; x_wconf 86' lang='lat' dir='ltr'>regno</span> <span class='ocrx_word' id='word_1_162' title='bbox 3043 1547 3262 1616; x_wconf 87' lang='lat' dir='ltr'>potitus</span> <span class='ocrx_word' id='word_1_163' title='bbox 3308 1547 3511 1601; x_wconf 89' lang='lat' dir='ltr'>omnia</span> <span class='ocrx_word' id='word_1_164' title='bbox 3559 1562 3663 1616; x_wconf 86' lang='lat' dir='ltr'>pro</span> 
     </span>
    </p>
   </div>
   <div class='ocr_carea' id='block_1_30' title="bbox 2024 1632 3666 1709">
    <p class='ocr_par' dir='ltr' id='par_1_30' title="bbox 2024 1632 3666 1709">
     <span class='ocr_line' id='line_1_30' title="bbox 2024 1632 3666 1709; baseline 0.002 -22"><span class='ocrx_word' id='word_1_165' title='bbox 2024 1648 2132 1687; x_wconf 89' lang='lat' dir='ltr'>sua</span> <span class='ocrx_word' id='word_1_166' title='bbox 2159 1632 2458 1700; x_wconf 86' lang='lat' dir='ltr'>voluntate</span> <span class='ocrx_word' id='word_1_167' title='bbox 2493 1649 2664 1705; x_wconf 84' lang='lat' dir='ltr'>agere</span> <span class='ocrx_word' id='word_1_168' title='bbox 2696 1635 2890 1705; x_wconf 70' lang='lat' dir='ltr'>cmpit,</span> <span class='ocrx_word' id='word_1_169' title='bbox 2940 1634 3402 1706; x_wconf 77' lang='lat' dir='ltr'>reipublicaeque</span> <span class='ocrx_word' id='word_1_170' title='bbox 3451 1636 3666 1709; x_wconf 88' lang='lat' dir='ltr'>guber-</span> 
     </span>
    </p>
   </div>
   <div class='ocr_carea' id='block_1_31' title="bbox 2022 1721 3670 1787">
    <p class='ocr_par' dir='ltr' id='par_1_31' title="bbox 2022 1721 3670 1787">
     <span class='ocr_line' id='line_1_31' title="bbox 2022 1721 3670 1787; baseline 0.002 -12"><span class='ocrx_word' id='word_1_171' title='bbox 2022 1721 2330 1776; x_wconf 86' lang='lat' dir='ltr'>nationem</span> <span class='ocrx_word' id='word_1_172' title='bbox 2362 1721 2584 1779; x_wconf 84' lang='lat' dir='ltr'>civibus</span> <span class='ocrx_word' id='word_1_173' title='bbox 2636 1722 3042 1779; x_wconf 82' lang='lat' dir='ltr'>molestiorem</span> <span class='ocrx_word' id='word_1_174' title='bbox 3091 1723 3370 1787; x_wconf 88' lang='lat' dir='ltr'>reddidit,</span> <span class='ocrx_word' id='word_1_175' title='bbox 3426 1741 3560 1779; x_wconf 92' lang='lat' dir='ltr'>cum</span> <span class='ocrx_word' id='word_1_176' title='bbox 3611 1730 3670 1779; x_wconf 86' lang='lat' dir='ltr'>et</span> 
     </span>
    </p>
   </div>
   <div class='ocr_carea' id='block_1_32' title="bbox 245 1804 1934 1900">
    <p class='ocr_par' dir='ltr' id='par_1_32' title="bbox 245 1804 1914 1883">
     <span class='ocr_line' id='line_1_32' title="bbox 245 1804 1914 1883; baseline -0.002 -19"><span class='ocrx_word' id='word_1_177' title='bbox 245 1804 743 1883; x_wconf 70' lang='grc' dir='ltr'>προϐαλλόμενος,</span> <span class='ocrx_word' id='word_1_178' title='bbox 766 1806 855 1863; x_wconf 81' lang='grc' dir='ltr'>καὶ</span> <span class='ocrx_word' id='word_1_179' title='bbox 886 1805 956 1862; x_wconf 84' lang='grc' dir='ltr'>δι’</span> <span class='ocrx_word' id='word_1_180' title='bbox 986 1806 1162 1862; x_wconf 70' lang='grc' dir='ltr'>αὐτῶν</span> <span class='ocrx_word' id='word_1_181' title='bbox 1191 1808 1285 1862; x_wconf 89' lang='grc' dir='ltr'>τὸν</span> <span class='ocrx_word' id='word_1_182' title='bbox 1320 1804 1503 1881; x_wconf 82' lang='grc' dir='ltr'>δῆμου</span> <span class='ocrx_word' id='word_1_183' title='bbox 1536 1804 1756 1880; x_wconf 82' lang='grc' dir='ltr'>δεσμοῖς</span> <span class='ocrx_word' id='word_1_184' title='bbox 1778 1827 1914 1861; x_wconf 84' lang='grc' dir='ltr'>παν-</span> 
     </span>
    </p>
   </div>
   <div class='ocr_carea' id='block_1_33' title="bbox 2048 1804 3669 1900">
    <p class='ocr_par' dir='ltr' id='par_1_33' title="bbox 2048 1811 3669 1884">
     <span class='ocr_line' id='line_1_33' title="bbox 2048 1811 3669 1884; baseline 0.001 -19"><span class='ocrx_word' id='word_1_185' title='bbox 2048 1826 2182 1881; x_wconf 89' lang='lat' dir='ltr'>eges</span> <span class='ocrx_word' id='word_1_186' title='bbox 2196 1811 2593 1881; x_wconf 82' lang='lat' dir='ltr'>reﬁngeret,et</span> <span class='ocrx_word' id='word_1_187' title='bbox 2604 1811 2984 1884; x_wconf 84' lang='lat' dir='ltr'>magistratus</span> <span class='ocrx_word' id='word_1_188' title='bbox 2996 1813 3669 1883; x_wconf 88' lang='lat' dir='ltr'>constitueret,quorum</span> 
     </span>
    </p>
   </div>
   <div class='ocr_carea' id='block_1_34' title="bbox 245 1894 1916 1973">
    <p class='ocr_par' dir='ltr' id='par_1_34' title="bbox 245 1894 1916 1973">
     <span class='ocr_line' id='line_1_34' title="bbox 245 1894 1916 1973; baseline -0.003 -19"><span class='ocrx_word' id='word_1_189' title='bbox 245 1898 433 1959; x_wconf 85' lang='grc' dir='ltr'>τοίοις</span> <span class='ocrx_word' id='word_1_190' title='bbox 463 1897 556 1953; x_wconf 82' lang='grc' dir='ltr'>καὶ</span> <span class='ocrx_word' id='word_1_191' title='bbox 592 1895 860 1973; x_wconf 82' lang='grc' dir='ltr'>μεγάλοις</span> <span class='ocrx_word' id='word_1_192' title='bbox 889 1897 980 1951; x_wconf 83' lang='grc' dir='ltr'>καὶ</span> <span class='ocrx_word' id='word_1_193' title='bbox 1009 1895 1267 1952; x_wconf 77' lang='grc' dir='ltr'>κολάσεσι</span> <span class='ocrx_word' id='word_1_194' title='bbox 1307 1896 1397 1950; x_wconf 85' lang='grc' dir='ltr'>καὶ</span> <span class='ocrx_word' id='word_1_195' title='bbox 1445 1894 1676 1972; x_wconf 79' lang='grc' dir='ltr'>έξορίαις</span> <span class='ocrx_word' id='word_1_196' title='bbox 1705 1895 1916 1963; x_wconf 74' lang='grc' dir='ltr'>αἰκιζό-</span> 
     </span>
    </p>
   </div>
   <div class='ocr_carea' id='block_1_35' title="bbox 256 1982 1918 2061">
    <p class='ocr_par' dir='ltr' id='par_1_35' title="bbox 256 1982 1918 2061">
     <span class='ocr_line' id='line_1_35' title="bbox 256 1982 1918 2061; baseline -0.002 -20"><span class='ocrx_word' id='word_1_197' title='bbox 256 2006 446 2061; x_wconf 83' lang='grc' dir='ltr'>μενος·</span> <span class='ocrx_word' id='word_1_198' title='bbox 482 1986 649 2047; x_wconf 81' lang='grc' dir='ltr'>αὑτὸς</span> <span class='ocrx_word' id='word_1_199' title='bbox 670 1986 773 2061; x_wconf 76' lang='grc' dir='ltr'>γὰρ</span> <span class='ocrx_word' id='word_1_200' title='bbox 814 1984 992 2059; x_wconf 76' lang='grc' dir='ltr'>ἐξεῦρε</span> <span class='ocrx_word' id='word_1_201' title='bbox 1048 1982 1239 2059; x_wconf 78' lang='grc' dir='ltr'>δεσμὰ,</span> <span class='ocrx_word' id='word_1_202' title='bbox 1302 1983 1585 2060; x_wconf 83' lang='grc' dir='ltr'>μάστιγας,</span> <span class='ocrx_word' id='word_1_203' title='bbox 1618 1984 1774 2055; x_wconf 76' lang='grc' dir='ltr'>ξύλα,</span> <span class='ocrx_word' id='word_1_204' title='bbox 1807 1983 1918 2058; x_wconf 78' lang='grc' dir='ltr'>εἰρ-</span> 
     </span>
    </p>
   </div>
   <div class='ocr_carea' id='block_1_36' title="bbox 250 2070 1918 2152">
    <p class='ocr_par' dir='ltr' id='par_1_36' title="bbox 250 2070 1918 2152">
     <span class='ocr_line' id='line_1_36' title="bbox 250 2070 1918 2152; baseline -0.002 -22"><span class='ocrx_word' id='word_1_205' title='bbox 250 2077 413 2143; x_wconf 69' lang='grc' dir='ltr'>κτὰς,</span> <span class='ocrx_word' id='word_1_206' title='bbox 446 2072 721 2152; x_wconf 71' lang='grc' dir='ltr'>φυλακὰς,</span> <span class='ocrx_word' id='word_1_207' title='bbox 753 2072 1010 2141; x_wconf 75' lang='grc' dir='ltr'>κλοιοὺς,</span> <span class='ocrx_word' id='word_1_208' title='bbox 1066 2070 1250 2144; x_wconf 80' lang='grc' dir='ltr'>πέδας,</span> <span class='ocrx_word' id='word_1_209' title='bbox 1283 2072 1523 2141; x_wconf 82' lang='grc' dir='ltr'>ἁλύσεις,</span> <span class='ocrx_word' id='word_1_210' title='bbox 1554 2072 1785 2149; x_wconf 83' lang='grc' dir='ltr'>ἐξορίας,</span> <span class='ocrx_word' id='word_1_211' title='bbox 1822 2072 1918 2146; x_wconf 82' lang='grc' dir='ltr'>μέ-</span> 
     </span>
    </p>
   </div>
   <div class='ocr_carea' id='block_1_37' title="bbox 246 2159 1920 2235">
    <p class='ocr_par' dir='ltr' id='par_1_37' title="bbox 246 2159 1920 2235">
     <span class='ocr_line' id='line_1_37' title="bbox 246 2159 1920 2235; baseline -0.001 -16"><span class='ocrx_word' id='word_1_212' title='bbox 246 2164 460 2230; x_wconf 81' lang='grc' dir='ltr'>ταλλα,</span> <span class='ocrx_word' id='word_1_213' title='bbox 483 2163 577 2218; x_wconf 88' lang='grc' dir='ltr'>καὶ</span> <span class='ocrx_word' id='word_1_214' title='bbox 603 2161 656 2218; x_wconf 76' lang='grc' dir='ltr'>εἷ’</span> <span class='ocrx_word' id='word_1_215' title='bbox 670 2183 723 2216; x_wconf 88' lang='grc' dir='ltr'>τι</span> <span class='ocrx_word' id='word_1_216' title='bbox 753 2159 895 2218; x_wconf 74' lang='grc' dir='ltr'>ἄλλο</span> <span class='ocrx_word' id='word_1_217' title='bbox 912 2162 1103 2218; x_wconf 87' lang='grc' dir='ltr'>κακόν.</span> <span class='ocrx_word' id='word_1_218' title='bbox 1133 2160 1528 2235; x_wconf 83' lang='grc' dir='ltr'>Φιλοπόλεμός</span> <span class='ocrx_word' id='word_1_219' title='bbox 1546 2183 1624 2232; x_wconf 87' lang='grc' dir='ltr'>τε,</span> <span class='ocrx_word' id='word_1_220' title='bbox 1649 2163 1695 2217; x_wconf 78' lang='grc' dir='ltr'>εἰ</span> <span class='ocrx_word' id='word_1_221' title='bbox 1720 2162 1811 2217; x_wconf 81' lang='grc' dir='ltr'>καὶ</span> <span class='ocrx_word' id='word_1_222' title='bbox 1836 2183 1920 2223; x_wconf 87' lang='grc' dir='ltr'>τις</span> 
     </span>
    </p>
   </div>
   <div class='ocr_carea' id='block_1_38' title="bbox 252 2249 1918 2327">
    <p class='ocr_par' dir='ltr' id='par_1_38' title="bbox 252 2249 1918 2327">
     <span class='ocr_line' id='line_1_38' title="bbox 252 2249 1918 2327; baseline -0.004 -18"><span class='ocrx_word' id='word_1_223' title='bbox 252 2253 435 2314; x_wconf 74' lang='grc' dir='ltr'>ἄλλος</span> <span class='ocrx_word' id='word_1_224' title='bbox 464 2253 694 2308; x_wconf 83' lang='grc' dir='ltr'>πώποτε</span> <span class='ocrx_word' id='word_1_225' title='bbox 713 2254 949 2327; x_wconf 77' lang='grc' dir='ltr'>γέγονεν,</span> <span class='ocrx_word' id='word_1_226' title='bbox 978 2251 1288 2327; x_wconf 83' lang='grc' dir='ltr'>ὑπερόπτης</span> <span class='ocrx_word' id='word_1_227' title='bbox 1308 2272 1364 2307; x_wconf 77' lang='grc' dir='ltr'>τι</span> <span class='ocrx_word' id='word_1_228' title='bbox 1389 2251 1479 2306; x_wconf 87' lang='grc' dir='ltr'>καὶ</span> <span class='ocrx_word' id='word_1_229' title='bbox 1511 2249 1747 2321; x_wconf 84' lang='grc' dir='ltr'>ἀλαζών.</span> <span class='ocrx_word' id='word_1_230' title='bbox 1767 2252 1918 2306; x_wconf 84' lang='grc' dir='ltr'>Ὅθεν</span> 
     </span>
    </p>
   </div>
   <div class='ocr_carea' id='block_1_39' title="bbox 250 2335 1922 2416">
    <p class='ocr_par' dir='ltr' id='par_1_39' title="bbox 250 2335 1922 2416">
     <span class='ocr_line' id='line_1_39' title="bbox 250 2335 1922 2416; baseline -0.002 -18"><span class='ocrx_word' id='word_1_231' title='bbox 250 2343 347 2398; x_wconf 77' lang='grc' dir='ltr'>καὶ</span> <span class='ocrx_word' id='word_1_232' title='bbox 379 2343 485 2411; x_wconf 74' lang='grc' dir='ltr'>τὴν</span> <span class='ocrx_word' id='word_1_233' title='bbox 546 2340 861 2414; x_wconf 80' lang='grc' dir='ltr'>ἐπωνυμίαν</span> <span class='ocrx_word' id='word_1_234' title='bbox 918 2339 1117 2412; x_wconf 87' lang='grc' dir='ltr'>ταύτην</span> <span class='ocrx_word' id='word_1_235' title='bbox 1179 2339 1542 2415; x_wconf 84' lang='grc' dir='ltr'>ἀπηνέγκατο·</span> <span class='ocrx_word' id='word_1_236' title='bbox 1583 2335 1922 2416; x_wconf 76' lang='grc' dir='ltr'>σουπέρϐους</span> 
     </span>
    </p>
   </div>
   <div class='ocr_carea' id='block_1_40' title="bbox 251 2429 1923 2510">
    <p class='ocr_par' dir='ltr' id='par_1_40' title="bbox 251 2429 1923 2510">
     <span class='ocr_line' id='line_1_40' title="bbox 251 2429 1923 2510; baseline -0.002 -23"><span class='ocrx_word' id='word_1_237' title='bbox 251 2434 361 2510; x_wconf 72' lang='grc' dir='ltr'>γὰρ</span> <span class='ocrx_word' id='word_1_238' title='bbox 419 2430 557 2495; x_wconf 82' lang='grc' dir='ltr'>τοὺς</span> <span class='ocrx_word' id='word_1_239' title='bbox 617 2431 1001 2509; x_wconf 77' lang='grc' dir='ltr'>ὑπερηφάνους</span> <span class='ocrx_word' id='word_1_240' title='bbox 1056 2431 1322 2504; x_wconf 77' lang='grc' dir='ltr'>Ῥωμαῖοι</span> <span class='ocrx_word' id='word_1_241' title='bbox 1380 2429 1761 2504; x_wconf 82' lang='grc' dir='ltr'>ὀνομάζουσιν.</span> <span class='ocrx_word' id='word_1_242' title='bbox 1818 2431 1923 2487; x_wconf 76' lang='grc' dir='ltr'>Οὑ-</span> 
     </span>
    </p>
   </div>
   <div class='ocr_carea' id='block_1_41' title="bbox 259 2519 1927 2597">
    <p class='ocr_par' dir='ltr' id='par_1_41' title="bbox 259 2519 1927 2597">
     <span class='ocr_line' id='line_1_41' title="bbox 259 2519 1927 2597; baseline -0.003 -16"><span class='ocrx_word' id='word_1_243' title='bbox 259 2545 361 2587; x_wconf 87' lang='grc' dir='ltr'>τος</span> <span class='ocrx_word' id='word_1_244' title='bbox 396 2524 552 2597; x_wconf 84' lang='grc' dir='ltr'>παρά</span> <span class='ocrx_word' id='word_1_245' title='bbox 579 2524 885 2597; x_wconf 85' lang='grc' dir='ltr'>Ῥωμαίοις</span> <span class='ocrx_word' id='word_1_246' title='bbox 946 2524 1194 2597; x_wconf 81' lang='grc' dir='ltr'>μισηθεὶς</span> <span class='ocrx_word' id='word_1_247' title='bbox 1255 2519 1343 2578; x_wconf 83' lang='grc' dir='ltr'>διά</span> <span class='ocrx_word' id='word_1_248' title='bbox 1396 2543 1455 2578; x_wconf 88' lang='grc' dir='ltr'>τε</span> <span class='ocrx_word' id='word_1_249' title='bbox 1508 2521 1689 2578; x_wconf 78' lang='grc' dir='ltr'>τᾶλλα</span> <span class='ocrx_word' id='word_1_250' title='bbox 1715 2523 1806 2578; x_wconf 88' lang='grc' dir='ltr'>καὶ</span> <span class='ocrx_word' id='word_1_251' title='bbox 1838 2520 1927 2577; x_wconf 72' lang='grc' dir='ltr'>διὰ</span> 
     </span>
    </p>
   </div>
   <div class='ocr_carea' id='block_1_42' title="bbox 254 2611 1927 2687">
    <p class='ocr_par' dir='ltr' id='par_1_42' title="bbox 254 2611 1927 2687">
     <span class='ocr_line' id='line_1_42' title="bbox 254 2611 1927 2687; baseline -0.002 -18"><span class='ocrx_word' id='word_1_252' title='bbox 254 2617 352 2671; x_wconf 83' lang='grc' dir='ltr'>τὸν</span> <span class='ocrx_word' id='word_1_253' title='bbox 415 2612 727 2686; x_wconf 80' lang='grc' dir='ltr'>ὁμώνυμον</span> <span class='ocrx_word' id='word_1_254' title='bbox 783 2611 932 2685; x_wconf 83' lang='grc' dir='ltr'>αύτῷ</span> <span class='ocrx_word' id='word_1_255' title='bbox 987 2612 1316 2687; x_wconf 83' lang='grc' dir='ltr'>Ταρκύνιον,</span> <span class='ocrx_word' id='word_1_256' title='bbox 1346 2613 1405 2675; x_wconf 85' lang='grc' dir='ltr'>ὅς</span> <span class='ocrx_word' id='word_1_257' title='bbox 1436 2613 1528 2668; x_wconf 82' lang='grc' dir='ltr'>καὶ</span> <span class='ocrx_word' id='word_1_258' title='bbox 1557 2617 1788 2687; x_wconf 84' lang='grc' dir='ltr'>γυναῖκα</span> <span class='ocrx_word' id='word_1_259' title='bbox 1818 2618 1927 2666; x_wconf 87' lang='grc' dir='ltr'>Λα-</span> 
     </span>
    </p>
   </div>
   <div class='ocr_carea' id='block_1_43' title="bbox 257 2699 1930 2779">
    <p class='ocr_par' dir='ltr' id='par_1_43' title="bbox 257 2699 1930 2779">
     <span class='ocr_line' id='line_1_43' title="bbox 257 2699 1930 2779; baseline -0.004 -20"><span class='ocrx_word' id='word_1_260' title='bbox 257 2704 413 2759; x_wconf 79' lang='grc' dir='ltr'>τίνου</span> <span class='ocrx_word' id='word_1_261' title='bbox 447 2702 796 2777; x_wconf 80' lang='grc' dir='ltr'>Λουκρητίαν</span> <span class='ocrx_word' id='word_1_262' title='bbox 854 2699 1155 2779; x_wconf 83' lang='grc' dir='ltr'>λεγομένην</span> <span class='ocrx_word' id='word_1_263' title='bbox 1215 2701 1405 2777; x_wconf 75' lang='grc' dir='ltr'>εὐγενῆ</span> <span class='ocrx_word' id='word_1_264' title='bbox 1458 2700 1604 2776; x_wconf 85' lang='grc' dir='ltr'>παρά</span> <span class='ocrx_word' id='word_1_265' title='bbox 1632 2700 1930 2775; x_wconf 86' lang='grc' dir='ltr'>Ῥωμαίοις</span> 
     </span>
    </p>
   </div>
   <div class='ocr_carea' id='block_1_44' title="bbox 257 2790 1932 2869">
    <p class='ocr_par' dir='ltr' id='par_1_44' title="bbox 257 2790 1932 2869">
     <span class='ocr_line' id='line_1_44' title="bbox 257 2790 1932 2869; baseline -0.003 -19"><span class='ocrx_word' id='word_1_266' title='bbox 257 2795 462 2856; x_wconf 69' lang='grc' dir='ltr'>νυκτὸς</span> <span class='ocrx_word' id='word_1_267' title='bbox 525 2794 635 2849; x_wconf 83' lang='grc' dir='ltr'>ἀπὸ</span> <span class='ocrx_word' id='word_1_268' title='bbox 683 2797 782 2849; x_wconf 78' lang='grc' dir='ltr'>τοῦ</span> <span class='ocrx_word' id='word_1_269' title='bbox 836 2790 1206 2869; x_wconf 82' lang='grc' dir='ltr'>στρατοπέδου</span> <span class='ocrx_word' id='word_1_270' title='bbox 1279 2792 1563 2867; x_wconf 83' lang='grc' dir='ltr'>πορευθεὶς</span> <span class='ocrx_word' id='word_1_271' title='bbox 1620 2791 1757 2867; x_wconf 88' lang='grc' dir='ltr'>πρὸς</span> <span class='ocrx_word' id='word_1_272' title='bbox 1813 2790 1932 2868; x_wconf 88' lang='grc' dir='ltr'>βίαν</span> 
     </span>
    </p>
   </div>
   <div class='ocr_carea' id='block_1_45' title="bbox 264 2877 1931 2959">
    <p class='ocr_par' dir='ltr' id='par_1_45' title="bbox 264 2877 1931 2959">
     <span class='ocr_line' id='line_1_45' title="bbox 264 2877 1931 2959; baseline -0.004 -20"><span class='ocrx_word' id='word_1_273' title='bbox 264 2887 538 2959; x_wconf 68' lang='grc' dir='ltr'>ᾔσχυνεν,</span> <span class='ocrx_word' id='word_1_274' title='bbox 570 2884 636 2938; x_wconf 86' lang='grc' dir='ltr'>Ἡ</span> <span class='ocrx_word' id='word_1_275' title='bbox 689 2880 748 2936; x_wconf 66' lang='grc' dir='ltr'>δὲ</span> <span class='ocrx_word' id='word_1_276' title='bbox 782 2882 847 2935; x_wconf 88' lang='grc' dir='ltr'>τὸ</span> <span class='ocrx_word' id='word_1_277' title='bbox 903 2881 1027 2957; x_wconf 77' lang='grc' dir='ltr'>περὶ</span> <span class='ocrx_word' id='word_1_278' title='bbox 1086 2881 1252 2950; x_wconf 78' lang='grc' dir='ltr'>αὐτὴν</span> <span class='ocrx_word' id='word_1_279' title='bbox 1314 2879 1560 2954; x_wconf 84' lang='grc' dir='ltr'>ἀδίκημα</span> <span class='ocrx_word' id='word_1_280' title='bbox 1587 2885 1665 2953; x_wconf 78' lang='grc' dir='ltr'>τῷ</span> <span class='ocrx_word' id='word_1_281' title='bbox 1687 2901 1747 2935; x_wconf 89' lang='grc' dir='ltr'>τε</span> <span class='ocrx_word' id='word_1_282' title='bbox 1775 2877 1931 2953; x_wconf 83' lang='grc' dir='ltr'>ἀνδρὶ</span> 
     </span>
    </p>
   </div>
   <div class='ocr_carea' id='block_1_46' title="bbox 274 2967 1931 3046">
    <p class='ocr_par' dir='ltr' id='par_1_46' title="bbox 274 2967 1931 3046">
     <span class='ocr_line' id='line_1_46' title="bbox 274 2967 1931 3046; baseline 0.002 -25"><span class='ocrx_word' id='word_1_283' title='bbox 274 2972 473 3046; x_wconf 69' lang='grc' dir='ltr'>μιαρὸν</span> <span class='ocrx_word' id='word_1_284' title='bbox 533 2971 756 3044; x_wconf 74' lang='grc' dir='ltr'>ὕστερον</span> <span class='ocrx_word' id='word_1_285' title='bbox 822 2967 1172 3025; x_wconf 78' lang='grc' dir='ltr'>ἐπανελθόντι</span> <span class='ocrx_word' id='word_1_286' title='bbox 1222 2968 1314 3024; x_wconf 80' lang='grc' dir='ltr'>καὶ</span> <span class='ocrx_word' id='word_1_287' title='bbox 1369 2974 1450 3041; x_wconf 79' lang='grc' dir='ltr'>τῷ</span> <span class='ocrx_word' id='word_1_288' title='bbox 1504 2970 1668 3043; x_wconf 82' lang='grc' dir='ltr'>πατρὶ</span> <span class='ocrx_word' id='word_1_289' title='bbox 1726 2968 1815 3023; x_wconf 87' lang='grc' dir='ltr'>καὶ</span> <span class='ocrx_word' id='word_1_290' title='bbox 1862 2971 1931 3042; x_wconf 76' lang='grc' dir='ltr'>τῇ</span> 
     </span>
    </p>
   </div>
   <div class='ocr_carea' id='block_1_47' title="bbox 270 3055 1934 3134">
    <p class='ocr_par' dir='ltr' id='par_1_47' title="bbox 270 3055 1934 3134">
     <span class='ocr_line' id='line_1_47' title="bbox 270 3055 1934 3134; baseline -0.003 -18"><span class='ocrx_word' id='word_1_291' title='bbox 270 3060 444 3134; x_wconf 76' lang='grc' dir='ltr'>λοιπῇ</span> <span class='ocrx_word' id='word_1_292' title='bbox 476 3060 824 3132; x_wconf 76' lang='grc' dir='ltr'>κατεμήνυσε</span> <span class='ocrx_word' id='word_1_293' title='bbox 864 3059 1159 3134; x_wconf 79' lang='grc' dir='ltr'>συγγενείᾳ,</span> <span class='ocrx_word' id='word_1_294' title='bbox 1198 3059 1287 3114; x_wconf 90' lang='grc' dir='ltr'>καὶ</span> <span class='ocrx_word' id='word_1_295' title='bbox 1337 3056 1713 3133; x_wconf 74' lang='grc' dir='ltr'>ἐπαρασαμένη</span> <span class='ocrx_word' id='word_1_296' title='bbox 1747 3055 1934 3112; x_wconf 83' lang='grc' dir='ltr'>πολλὰ</span> 
     </span>
    </p>
   </div>
   <div class='ocr_carea' id='block_1_48' title="bbox 276 3146 1931 3228">
    <p class='ocr_par' dir='ltr' id='par_1_48' title="bbox 276 3146 1931 3228">
     <span class='ocr_line' id='line_1_48' title="bbox 276 3146 1931 3228; baseline -0.004 -22"><span class='ocrx_word' id='word_1_297' title='bbox 276 3157 392 3213; x_wconf 81' lang='grc' dir='ltr'>τοῖς</span> <span class='ocrx_word' id='word_1_298' title='bbox 419 3151 511 3228; x_wconf 47' lang='grc' dir='ltr'><strong><em>ἀᾷ</em></strong></span> <span class='ocrx_word' id='word_1_299' title='bbox 538 3148 596 3205; x_wconf 69' lang='grc' dir='ltr'>αῖ</span> <span class='ocrx_word' id='word_1_300' title='bbox 606 3170 801 3223; x_wconf 86' lang='grc' dir='ltr'>ματος,</span> <span class='ocrx_word' id='word_1_301' title='bbox 833 3150 880 3204; x_wconf 77' lang='grc' dir='ltr'>εἰ</span> <span class='ocrx_word' id='word_1_302' title='bbox 907 3150 1009 3218; x_wconf 76' lang='grc' dir='ltr'>τὴν</span> <span class='ocrx_word' id='word_1_303' title='bbox 1078 3150 1358 3228; x_wconf 75' lang='grc' dir='ltr'>συμφορὰν</span> <span class='ocrx_word' id='word_1_304' title='bbox 1387 3148 1555 3217; x_wconf 77' lang='grc' dir='ltr'>αὐτῆς</span> <span class='ocrx_word' id='word_1_305' title='bbox 1581 3146 1931 3203; x_wconf 87' lang='grc' dir='ltr'>καταλίποιεν</span> 
     </span>
    </p>
   </div>
   <div class='ocr_carea' id='block_1_49' title="bbox 289 3237 1929 3315">
    <p class='ocr_par' dir='ltr' id='par_1_49' title="bbox 289 3237 1929 3315">
     <span class='ocr_line' id='line_1_49' title="bbox 289 3237 1929 3315; baseline -0.001 -21"><span class='ocrx_word' id='word_1_306' title='bbox 289 3240 646 3313; x_wconf 73' lang='grc' dir='ltr'>ἀτιμώρητον,</span> <span class='ocrx_word' id='word_1_307' title='bbox 678 3239 838 3313; x_wconf 77' lang='grc' dir='ltr'>ξίφος</span> <span class='ocrx_word' id='word_1_308' title='bbox 871 3240 1187 3313; x_wconf 86' lang='grc' dir='ltr'>σπασαμένη</span> <span class='ocrx_word' id='word_1_309' title='bbox 1238 3239 1369 3315; x_wconf 78' lang='grc' dir='ltr'>ὅπερ</span> <span class='ocrx_word' id='word_1_310' title='bbox 1422 3238 1526 3293; x_wconf 86' lang='grc' dir='ltr'>ὑπὸ</span> <span class='ocrx_word' id='word_1_311' title='bbox 1554 3243 1671 3300; x_wconf 90' lang='grc' dir='ltr'>τοῖς</span> <span class='ocrx_word' id='word_1_312' title='bbox 1695 3237 1929 3299; x_wconf 87' lang='grc' dir='ltr'>κόλποις</span> 
     </span>
    </p>
   </div>
   <div class='ocr_carea' id='block_1_50' title="bbox 292 3325 1935 3407">
    <p class='ocr_par' dir='ltr' id='par_1_50' title="bbox 292 3325 1935 3407">
     <span class='ocr_line' id='line_1_50' title="bbox 292 3325 1935 3407; baseline -0.001 -25"><span class='ocrx_word' id='word_1_313' title='bbox 292 3328 510 3403; x_wconf 60' lang='grc' dir='ltr'>ἀφανῶς</span> <span class='ocrx_word' id='word_1_314' title='bbox 552 3326 758 3407; x_wconf 59' lang='grc' dir='ltr'>ἔφερεν,</span> <span class='ocrx_word' id='word_1_315' title='bbox 819 3329 1014 3398; x_wconf 70' lang='grc' dir='ltr'>ἑαυτὴν</span> <span class='ocrx_word' id='word_1_316' title='bbox 1071 3326 1123 3382; x_wconf 82' lang='grc' dir='ltr'>έν</span> <span class='ocrx_word' id='word_1_317' title='bbox 1183 3325 1303 3401; x_wconf 72' lang='grc' dir='ltr'>ὄψει</span> <span class='ocrx_word' id='word_1_318' title='bbox 1354 3331 1464 3383; x_wconf 78' lang='grc' dir='ltr'>τῶν</span> <span class='ocrx_word' id='word_1_319' title='bbox 1496 3328 1776 3403; x_wconf 88' lang='grc' dir='ltr'>παρόντων</span> <span class='ocrx_word' id='word_1_320' title='bbox 1807 3347 1935 3382; x_wconf 84' lang='grc' dir='ltr'>κατ-</span> 
     </span>
    </p>
   </div>
   <div class='ocr_carea' id='block_1_51' title="bbox 296 3415 1937 3493">
    <p class='ocr_par' dir='ltr' id='par_1_51' title="bbox 296 3415 1937 3493">
     <span class='ocr_line' id='line_1_51' title="bbox 296 3415 1937 3493; baseline -0.002 -20"><span class='ocrx_word' id='word_1_321' title='bbox 296 3422 583 3493; x_wconf 68' lang='grc' dir='ltr'>ειργάσατο.</span> <span class='ocrx_word' id='word_1_322' title='bbox 618 3421 800 3476; x_wconf 80' lang='grc' dir='ltr'>Τοῦτο</span> <span class='ocrx_word' id='word_1_323' title='bbox 827 3422 999 3473; x_wconf 83' lang='grc' dir='ltr'>πᾶσαν</span> <span class='ocrx_word' id='word_1_324' title='bbox 1045 3419 1145 3487; x_wconf 81' lang='grc' dir='ltr'>τήν</span> <span class='ocrx_word' id='word_1_325' title='bbox 1209 3415 1369 3473; x_wconf 89' lang='grc' dir='ltr'>πόλιν</span> <span class='ocrx_word' id='word_1_326' title='bbox 1403 3416 1481 3482; x_wconf 78' lang='grc' dir='ltr'>εἷς</span> <span class='ocrx_word' id='word_1_327' title='bbox 1511 3417 1683 3492; x_wconf 76' lang='grc' dir='ltr'>ὀργὴν</span> <span class='ocrx_word' id='word_1_328' title='bbox 1715 3417 1937 3491; x_wconf 78' lang='grc' dir='ltr'>ἀνῆψεν,</span> 
     </span>
    </p>
   </div>
   <div class='ocr_carea' id='block_1_52' title="bbox 292 3505 1941 3584">
    <p class='ocr_par' dir='ltr' id='par_1_52' title="bbox 292 3505 1941 3584">
     <span class='ocr_line' id='line_1_52' title="bbox 292 3505 1941 3584; baseline -0.001 -22"><span class='ocrx_word' id='word_1_329' title='bbox 292 3507 431 3563; x_wconf 71' lang='grc' dir='ltr'>ἀλλά</span> <span class='ocrx_word' id='word_1_330' title='bbox 456 3508 545 3562; x_wconf 80' lang='grc' dir='ltr'>καὶ</span> <span class='ocrx_word' id='word_1_331' title='bbox 575 3511 819 3584; x_wconf 79' lang='grc' dir='ltr'>Βροῦτον</span> <span class='ocrx_word' id='word_1_332' title='bbox 848 3509 1197 3583; x_wconf 77' lang='grc' dir='ltr'>προσήκοντα</span> <span class='ocrx_word' id='word_1_333' title='bbox 1244 3508 1338 3580; x_wconf 77' lang='grc' dir='ltr'>μὲν</span> <span class='ocrx_word' id='word_1_334' title='bbox 1387 3507 1524 3562; x_wconf 86' lang='grc' dir='ltr'>κατά</span> <span class='ocrx_word' id='word_1_335' title='bbox 1552 3505 1705 3582; x_wconf 89' lang='grc' dir='ltr'>γένος</span> <span class='ocrx_word' id='word_1_336' title='bbox 1735 3506 1941 3580; x_wconf 78' lang='grc' dir='ltr'>ἐκείνῃ,</span> 
     </span>
    </p>
   </div>
   <div class='ocr_carea' id='block_1_53' title="bbox 287 3594 1944 3672">
    <p class='ocr_par' dir='ltr' id='par_1_53' title="bbox 287 3594 1944 3672">
     <span class='ocr_line' id='line_1_53' title="bbox 287 3594 1944 3672; baseline -0.002 -20"><span class='ocrx_word' id='word_1_337' title='bbox 287 3595 453 3672; x_wconf 75' lang='grc' dir='ltr'>ἄνδρα</span> <span class='ocrx_word' id='word_1_338' title='bbox 484 3594 542 3652; x_wconf 72' lang='grc' dir='ltr'>δὶ</span> <span class='ocrx_word' id='word_1_339' title='bbox 573 3594 883 3669; x_wconf 79' lang='grc' dir='ltr'>δημοτικόν</span> <span class='ocrx_word' id='word_1_340' title='bbox 920 3617 979 3651; x_wconf 82' lang='grc' dir='ltr'>τε</span> <span class='ocrx_word' id='word_1_341' title='bbox 1023 3595 1114 3651; x_wconf 78' lang='grc' dir='ltr'>καὶ</span> <span class='ocrx_word' id='word_1_342' title='bbox 1168 3595 1579 3671; x_wconf 85' lang='grc' dir='ltr'>μισοτύραννον,</span> <span class='ocrx_word' id='word_1_343' title='bbox 1610 3597 1670 3658; x_wconf 86' lang='grc' dir='ltr'>ὃς</span> <span class='ocrx_word' id='word_1_344' title='bbox 1704 3595 1944 3668; x_wconf 84' lang='grc' dir='ltr'>μάλιστα</span> 
     </span>
    </p>
   </div>
   <div class='ocr_carea' id='block_1_54' title="bbox 285 3684 1942 3760">
    <p class='ocr_par' dir='ltr' id='par_1_54' title="bbox 285 3684 1942 3760">
     <span class='ocr_line' id='line_1_54' title="bbox 285 3684 1942 3760; baseline 0 -18"><span class='ocrx_word' id='word_1_345' title='bbox 285 3688 347 3742; x_wconf 80' lang='grc' dir='ltr'>τὸ</span> <span class='ocrx_word' id='word_1_346' title='bbox 371 3685 589 3756; x_wconf 80' lang='grc' dir='ltr'>πλῆθος</span> <span class='ocrx_word' id='word_1_347' title='bbox 620 3684 698 3747; x_wconf 86' lang='grc' dir='ltr'>εἷς</span> <span class='ocrx_word' id='word_1_348' title='bbox 737 3687 839 3755; x_wconf 83' lang='grc' dir='ltr'>τήν</span> <span class='ocrx_word' id='word_1_349' title='bbox 869 3688 967 3740; x_wconf 77' lang='grc' dir='ltr'>τοῦ</span> <span class='ocrx_word' id='word_1_350' title='bbox 1029 3684 1298 3760; x_wconf 87' lang='grc' dir='ltr'>βασιλέως</span> <span class='ocrx_word' id='word_1_351' title='bbox 1335 3686 1548 3760; x_wconf 71' lang='grc' dir='ltr'>ἤγειρεν</span> <span class='ocrx_word' id='word_1_352' title='bbox 1593 3684 1942 3742; x_wconf 83' lang='grc' dir='ltr'>ἀποστασίαν.</span> 
     </span>
    </p>
   </div>
   <div class='ocr_carea' id='block_1_55' title="bbox 284 3772 1948 3852">
    <p class='ocr_par' dir='ltr' id='par_1_55' title="bbox 284 3772 1948 3852">
     <span class='ocr_line' id='line_1_55' title="bbox 284 3772 1948 3852; baseline -0.002 -21"><span class='ocrx_word' id='word_1_353' title='bbox 284 3773 579 3852; x_wconf 59' lang='grc' dir='ltr'>Ἀῳείλετό</span> <span class='ocrx_word' id='word_1_354' title='bbox 610 3776 660 3810; x_wconf 81' lang='grc'>³⁴</span> <span class='ocrx_word' id='word_1_355' title='bbox 705 3795 764 3829; x_wconf 88' lang='grc' dir='ltr'>τε</span> <span class='ocrx_word' id='word_1_356' title='bbox 815 3781 916 3842; x_wconf 78' lang='grc' dir='ltr'>τῆς</span> <span class='ocrx_word' id='word_1_357' title='bbox 972 3772 1212 3843; x_wconf 73' lang='grc' dir='ltr'>ἐξουσίας</span> <span class='ocrx_word' id='word_1_358' title='bbox 1267 3774 1446 3844; x_wconf 84' lang='grc' dir='ltr'>πάσης</span> <span class='ocrx_word' id='word_1_359' title='bbox 1477 3773 1799 3848; x_wconf 87' lang='grc' dir='ltr'>Ταρκύνιος·</span> <span class='ocrx_word' id='word_1_360' title='bbox 1836 3772 1948 3845; x_wconf 73' lang='grc' dir='ltr'>ἃμα</span> 
     </span>
    </p>
   </div>
   <div class='ocr_carea' id='block_1_56' title="bbox 290 3860 1952 3937">
    <p class='ocr_par' dir='ltr' id='par_1_56' title="bbox 290 3860 1952 3937">
     <span class='ocr_line' id='line_1_56' title="bbox 290 3860 1952 3937; baseline 0.014 -37"><span class='ocrx_word' id='word_1_361' title='bbox 290 3864 397 3937; x_wconf 56' lang='grc' dir='ltr'>γὰρ</span> <span class='ocrx_word' id='word_1_362' title='bbox 449 3867 525 3936; x_wconf 72' lang='grc' dir='ltr'>τῇ</span> <span class='ocrx_word' id='word_1_363' title='bbox 575 3863 715 3917; x_wconf 68' lang='grc' dir='ltr'>κατὰ</span> <span class='ocrx_word' id='word_1_364' title='bbox 767 3862 866 3930; x_wconf 86' lang='grc' dir='ltr'>τὴν</span> <span class='ocrx_word' id='word_1_365' title='bbox 921 3860 1084 3917; x_wconf 88' lang='grc' dir='ltr'>πόλιν</span> <span class='ocrx_word' id='word_1_366' title='bbox 1154 3860 1525 3931; x_wconf 79' lang='grc' dir='ltr'>ἐπαναστάσει,</span> <span class='ocrx_word' id='word_1_367' title='bbox 1584 3861 1674 3916; x_wconf 84' lang='grc' dir='ltr'>καὶ</span> <span class='ocrx_word' id='word_1_368' title='bbox 1726 3863 1761 3929; x_wconf 82' lang='grc' dir='ltr'>ἡ</span> <span class='ocrx_word' id='word_1_369' title='bbox 1814 3860 1952 3934; x_wconf 78' lang='grc' dir='ltr'>πρὸς</span> 
     </span>
    </p>
   </div>
   <div class='ocr_carea' id='block_1_57' title="bbox 288 3948 1951 4028">
    <p class='ocr_par' dir='ltr' id='par_1_57' title="bbox 288 3948 1951 4028">
     <span class='ocr_line' id='line_1_57' title="bbox 288 3948 1951 4028; baseline -0.004 -19"><span class='ocrx_word' id='word_1_370' title='bbox 288 3949 524 4028; x_wconf 79' lang='grc' dir='ltr'>Ἀρδέαν</span> <span class='ocrx_word' id='word_1_371' title='bbox 583 3949 716 4006; x_wconf 74' lang='grc' dir='ltr'>οὖσα</span> <span class='ocrx_word' id='word_1_372' title='bbox 800 3951 1022 4026; x_wconf 77' lang='grc' dir='ltr'>στρατιὰ</span> <span class='ocrx_word' id='word_1_373' title='bbox 1103 3950 1390 4023; x_wconf 83' lang='grc' dir='ltr'>Ῥωμαίων</span> <span class='ocrx_word' id='word_1_374' title='bbox 1454 3948 1802 4005; x_wconf 80' lang='grc' dir='ltr'>ἀπολιποῦσα</span> <span class='ocrx_word' id='word_1_375' title='bbox 1859 3949 1951 4004; x_wconf 89' lang='grc' dir='ltr'>τὸν</span> 
     </span>
    </p>
   </div>
   <div class='ocr_carea' id='block_1_58' title="bbox 285 4035 1953 4114">
    <p class='ocr_par' dir='ltr' id='par_1_58' title="bbox 285 4035 1953 4114">
     <span class='ocr_line' id='line_1_58' title="bbox 285 4035 1953 4114; baseline -0.002 -19"><span class='ocrx_word' id='word_1_376' title='bbox 285 4060 558 4114; x_wconf 78' lang='grc' dir='ltr'>τυραννον</span> <span class='ocrx_word' id='word_1_377' title='bbox 615 4040 820 4113; x_wconf 72' lang='grc' dir='ltr'>ᾤχετο,</span> <span class='ocrx_word' id='word_1_378' title='bbox 874 4036 1026 4094; x_wconf 70' lang='grc' dir='ltr'>οὐδὲν</span> <span class='ocrx_word' id='word_1_379' title='bbox 1085 4035 1209 4094; x_wconf 74' lang='grc' dir='ltr'>οὔτε</span> <span class='ocrx_word' id='word_1_380' title='bbox 1262 4037 1662 4102; x_wconf 80' lang='grc' dir='ltr'>ἀνακαλοῦντος</span> <span class='ocrx_word' id='word_1_381' title='bbox 1704 4035 1829 4093; x_wconf 70' lang='grc' dir='ltr'>οὐδὲ</span> <span class='ocrx_word' id='word_1_382' title='bbox 1861 4037 1953 4110; x_wconf 74' lang='grc' dir='ltr'>μέο</span> 
     </span>
    </p>
   </div>
   <div class='ocr_carea' id='block_1_59' title="bbox 287 4125 1953 4204">
    <p class='ocr_par' dir='ltr' id='par_1_59' title="bbox 287 4125 1953 4204">
     <span class='ocr_line' id='line_1_59' title="bbox 287 4125 1953 4204; baseline -0.001 -21"><span class='ocrx_word' id='word_1_383' title='bbox 287 4152 401 4184; x_wconf 80' lang='grc' dir='ltr'>νειν</span> <span class='ocrx_word' id='word_1_384' title='bbox 440 4127 706 4201; x_wconf 77' lang='grc' dir='ltr'>δεομένου</span> <span class='ocrx_word' id='word_1_385' title='bbox 737 4132 1147 4204; x_wconf 71' lang='grc' dir='ltr'>πεφροντικυῖα.</span> <span class='ocrx_word' id='word_1_386' title='bbox 1201 4128 1497 4201; x_wconf 80' lang='grc' dir='ltr'>Ταρκύνιος</span> <span class='ocrx_word' id='word_1_387' title='bbox 1547 4125 1605 4182; x_wconf 74' lang='grc' dir='ltr'>δὲ</span> <span class='ocrx_word' id='word_1_388' title='bbox 1649 4132 1764 4188; x_wconf 88' lang='grc' dir='ltr'>τοῖς</span> <span class='ocrx_word' id='word_1_389' title='bbox 1813 4148 1953 4203; x_wconf 86' lang='grc' dir='ltr'>παρ-</span> 
     </span>
    </p>
   </div>
   <div class='ocr_carea' id='block_1_60' title="bbox 292 4215 1953 4292">
    <p class='ocr_par' dir='ltr' id='par_1_60' title="bbox 292 4215 1953 4292">
     <span class='ocr_line' id='line_1_60' title="bbox 292 4215 1953 4292; baseline -0.002 -19"><span class='ocrx_word' id='word_1_390' title='bbox 292 4224 449 4273; x_wconf 70' lang='grc' dir='ltr'>οῦσιν</span> <span class='ocrx_word' id='word_1_391' title='bbox 479 4217 788 4292; x_wconf 80' lang='grc' dir='ltr'>ἀμηχανῶν</span> <span class='ocrx_word' id='word_1_392' title='bbox 842 4216 1072 4285; x_wconf 73' lang='grc' dir='ltr'>ἤλαυνεν</span> <span class='ocrx_word' id='word_1_393' title='bbox 1131 4215 1220 4271; x_wconf 70' lang='grc' dir='ltr'>ἐπὶ</span> <span class='ocrx_word' id='word_1_394' title='bbox 1259 4219 1357 4286; x_wconf 75' lang='grc' dir='ltr'>τήν</span> <span class='ocrx_word' id='word_1_395' title='bbox 1418 4217 1637 4289; x_wconf 83' lang='grc' dir='ltr'>Ῥώμην</span> <span class='ocrx_word' id='word_1_396' title='bbox 1690 4217 1764 4277; x_wconf 83' lang='grc' dir='ltr'>ὡς</span> <span class='ocrx_word' id='word_1_397' title='bbox 1818 4216 1953 4270; x_wconf 87' lang='grc' dir='ltr'>παύ-</span> 
     </span>
    </p>
   </div>
   <div class='ocr_carea' id='block_1_61' title="bbox 292 4304 1959 4384">
    <p class='ocr_par' dir='ltr' id='par_1_61' title="bbox 292 4304 1959 4384">
     <span class='ocr_line' id='line_1_61' title="bbox 292 4304 1959 4384; baseline -0.002 -20"><span class='ocrx_word' id='word_1_398' title='bbox 292 4331 409 4364; x_wconf 80' lang='grc' dir='ltr'>σων</span> <span class='ocrx_word' id='word_1_399' title='bbox 597 4305 826 4384; x_wconf 85' lang='grc' dir='ltr'>παρόδῳ</span> <span class='ocrx_word' id='word_1_400' title='bbox 878 4309 980 4377; x_wconf 73' lang='grc' dir='ltr'>τὴν</span> <span class='ocrx_word' id='word_1_401' title='bbox 1037 4309 1286 4382; x_wconf 80' lang='grc' dir='ltr'>ταραχὴν</span> <span class='ocrx_word' id='word_1_402' title='bbox 1343 4308 1434 4362; x_wconf 88' lang='grc' dir='ltr'>καὶ</span> <span class='ocrx_word' id='word_1_403' title='bbox 1486 4308 1583 4375; x_wconf 79' lang='grc' dir='ltr'>τήν</span> <span class='ocrx_word' id='word_1_404' title='bbox 1650 4304 1959 4362; x_wconf 83' lang='grc' dir='ltr'>δυναστείαν</span> 
     </span>
    </p>
   </div>
   <div class='ocr_carea' id='block_1_62' title="bbox 299 4391 1959 4470">
    <p class='ocr_par' dir='ltr' id='par_1_62' title="bbox 299 4391 1959 4470">
     <span class='ocr_line' id='line_1_62' title="bbox 299 4391 1959 4470; baseline -0.003 -17"><span class='ocrx_word' id='word_1_405' title='bbox 299 4398 446 4470; x_wconf 81' lang='grc' dir='ltr'>μετά</span> <span class='ocrx_word' id='word_1_406' title='bbox 498 4401 723 4462; x_wconf 80' lang='grc' dir='ltr'>πειθοῦς</span> <span class='ocrx_word' id='word_1_407' title='bbox 778 4395 1216 4470; x_wconf 83' lang='grc' dir='ltr'>ἀναληψόμενος·</span> <span class='ocrx_word' id='word_1_408' title='bbox 1276 4395 1574 4457; x_wconf 81' lang='grc' dir='ltr'>ἀπεωσθεὶς</span> <span class='ocrx_word' id='word_1_409' title='bbox 1605 4391 1662 4449; x_wconf 76' lang='grc' dir='ltr'>δὲ</span> <span class='ocrx_word' id='word_1_410' title='bbox 1720 4394 1823 4449; x_wconf 86' lang='grc' dir='ltr'>ὑπὸ</span> <span class='ocrx_word' id='word_1_411' title='bbox 1851 4397 1959 4449; x_wconf 82' lang='grc' dir='ltr'>τῶν</span> 
     </span>
    </p>
   </div>
   <div class='ocr_carea' id='block_1_63' title="bbox 296 4477 1960 4560">
    <p class='ocr_par' dir='ltr' id='par_1_63' title="bbox 296 4477 1960 4560">
     <span class='ocr_line' id='line_1_63' title="bbox 296 4477 1960 4560; baseline -0.004 -18"><span class='ocrx_word' id='word_1_412' title='bbox 296 4485 551 4542; x_wconf 82' lang='grc' dir='ltr'>πολιτῶν</span> <span class='ocrx_word' id='word_1_413' title='bbox 584 4485 862 4560; x_wconf 80' lang='grc' dir='ltr'>ἀπεχώρει</span> <span class='ocrx_word' id='word_1_414' title='bbox 908 4482 1002 4539; x_wconf 75' lang='grc' dir='ltr'>σὺν</span> <span class='ocrx_word' id='word_1_415' title='bbox 1056 4489 1174 4545; x_wconf 87' lang='grc' dir='ltr'>τοῖς</span> <span class='ocrx_word' id='word_1_416' title='bbox 1229 4482 1474 4551; x_wconf 80' lang='grc' dir='ltr'>οἰκείοις,</span> <span class='ocrx_word' id='word_1_417' title='bbox 1510 4480 1835 4559; x_wconf 85' lang='grc' dir='ltr'>βασιλεύσας</span> <span class='ocrx_word' id='word_1_418' title='bbox 1867 4477 1960 4551; x_wconf 80' lang='grc' dir='ltr'>ἔτη</span> 
     </span>
    </p>
   </div>
   <div class='ocr_carea' id='block_1_64' title="bbox 2027 1899 3667 1972">
    <p class='ocr_par' dir='ltr' id='par_1_64' title="bbox 2027 1899 3667 1972">
     <span class='ocr_line' id='line_1_64' title="bbox 2027 1899 3667 1972; baseline 0.002 -18"><span class='ocrx_word' id='word_1_419' title='bbox 2027 1916 2207 1970; x_wconf 89' lang='lat' dir='ltr'>opera</span> <span class='ocrx_word' id='word_1_420' title='bbox 2235 1899 2552 1970; x_wconf 88' lang='lat' dir='ltr'>populares</span> <span class='ocrx_word' id='word_1_421' title='bbox 2579 1900 2753 1955; x_wconf 89' lang='lat' dir='ltr'>variis</span> <span class='ocrx_word' id='word_1_422' title='bbox 2784 1900 3149 1955; x_wconf 85' lang='lat' dir='ltr'>vinculorum</span> <span class='ocrx_word' id='word_1_423' title='bbox 3180 1902 3519 1972; x_wconf 81' lang='lat' dir='ltr'>generibus,</span> <span class='ocrx_word' id='word_1_424' title='bbox 3543 1918 3667 1957; x_wconf 86' lang='lat' dir='ltr'>me-</span> 
     </span>
    </p>
   </div>
   <div class='ocr_carea' id='block_1_65' title="bbox 2027 1989 3666 2063">
    <p class='ocr_par' dir='ltr' id='par_1_65' title="bbox 2027 1989 3666 2063">
     <span class='ocr_line' id='line_1_65' title="bbox 2027 1989 3666 2063; baseline 0.001 -19"><span class='ocrx_word' id='word_1_425' title='bbox 2027 1989 2278 2044; x_wconf 85' lang='lat' dir='ltr'>tallariis</span> <span class='ocrx_word' id='word_1_426' title='bbox 2310 1989 2527 2060; x_wconf 90' lang='lat' dir='ltr'>operis,</span> <span class='ocrx_word' id='word_1_427' title='bbox 2558 1989 2760 2044; x_wconf 90' lang='lat' dir='ltr'>multis</span> <span class='ocrx_word' id='word_1_428' title='bbox 2791 1995 2966 2060; x_wconf 89' lang='lat' dir='ltr'>atque</span> <span class='ocrx_word' id='word_1_429' title='bbox 2999 1990 3227 2045; x_wconf 80' lang='lat' dir='ltr'>exsiliis</span> <span class='ocrx_word' id='word_1_430' title='bbox 3290 1992 3444 2046; x_wconf 59' lang='lat'>26‘!</span> <span class='ocrx_word' id='word_1_431' title='bbox 3499 1992 3666 2063; x_wconf 82' lang='lat' dir='ltr'>inju-</span> 
     </span>
    </p>
   </div>
   <div class='ocr_carea' id='block_1_66' title="bbox 2029 2077 3667 2152">
    <p class='ocr_par' dir='ltr' id='par_1_66' title="bbox 2029 2077 3667 2152">
     <span class='ocr_line' id='line_1_66' title="bbox 2029 2077 3667 2152; baseline 0.002 -21"><span class='ocrx_word' id='word_1_432' title='bbox 2029 2078 2184 2131; x_wconf 91' lang='lat' dir='ltr'>riose</span> <span class='ocrx_word' id='word_1_433' title='bbox 2241 2077 2497 2148; x_wconf 90' lang='lat' dir='ltr'>puniret.</span> <span class='ocrx_word' id='word_1_434' title='bbox 2559 2077 2792 2132; x_wconf 89' lang='lat' dir='ltr'>Etenim</span> <span class='ocrx_word' id='word_1_435' title='bbox 2862 2078 3114 2145; x_wconf 89' lang='lat' dir='ltr'>vincula,</span> <span class='ocrx_word' id='word_1_436' title='bbox 3173 2078 3425 2152; x_wconf 78' lang='lat' dir='ltr'>flagella,</span> <span class='ocrx_word' id='word_1_437' title='bbox 3484 2079 3667 2149; x_wconf 85' lang='lat' dir='ltr'>ligna,</span> 
     </span>
    </p>
   </div>
   <div class='ocr_carea' id='block_1_67' title="bbox 2030 2165 3669 2237">
    <p class='ocr_par' dir='ltr' id='par_1_67' title="bbox 2030 2165 3669 2237">
     <span class='ocr_line' id='line_1_67' title="bbox 2030 2165 3669 2237; baseline 0.002 -17"><span class='ocrx_word' id='word_1_438' title='bbox 2030 2182 2319 2230; x_wconf 87' lang='lat' dir='ltr'>carceres,</span> <span class='ocrx_word' id='word_1_439' title='bbox 2353 2166 2661 2233; x_wconf 75' lang='lat' dir='ltr'>custodiaa,</span> <span class='ocrx_word' id='word_1_440' title='bbox 2694 2165 2994 2230; x_wconf 66' lang='lat' dir='ltr'>numellas,</span> <span class='ocrx_word' id='word_1_441' title='bbox 3026 2166 3366 2235; x_wconf 88' lang='lat' dir='ltr'>compedes,</span> <span class='ocrx_word' id='word_1_442' title='bbox 3423 2174 3669 2237; x_wconf 77' lang='lat' dir='ltr'>catenas,</span> 
     </span>
    </p>
   </div>
   <div class='ocr_carea' id='block_1_68' title="bbox 2032 2255 3673 2329">
    <p class='ocr_par' dir='ltr' id='par_1_68' title="bbox 2032 2255 3673 2329">
     <span class='ocr_line' id='line_1_68' title="bbox 2032 2255 3673 2329; baseline 0.002 -19"><span class='ocrx_word' id='word_1_443' title='bbox 2032 2255 2262 2320; x_wconf 82' lang='lat' dir='ltr'>exsilia,</span> <span class='ocrx_word' id='word_1_444' title='bbox 2294 2255 2534 2311; x_wconf 88' lang='lat' dir='ltr'>metalla</span> <span class='ocrx_word' id='word_1_445' title='bbox 2574 2261 2633 2311; x_wconf 85' lang='lat' dir='ltr'>et</span> <span class='ocrx_word' id='word_1_446' title='bbox 2662 2256 2711 2311; x_wconf 90' lang='lat' dir='ltr'>si</span> <span class='ocrx_word' id='word_1_447' title='bbox 2765 2273 2882 2326; x_wconf 90' lang='lat' dir='ltr'>qua</span> <span class='ocrx_word' id='word_1_448' title='bbox 2911 2256 3029 2311; x_wconf 88' lang='lat' dir='ltr'>alia</span> <span class='ocrx_word' id='word_1_449' title='bbox 3086 2263 3225 2312; x_wconf 90' lang='lat' dir='ltr'>sunt</span> <span class='ocrx_word' id='word_1_450' title='bbox 3256 2257 3432 2323; x_wconf 88' lang='lat' dir='ltr'>mala,</span> <span class='ocrx_word' id='word_1_451' title='bbox 3492 2258 3673 2329; x_wconf 87' lang='lat' dir='ltr'>hujus</span> 
     </span>
    </p>
   </div>
   <div class='ocr_carea' id='block_1_69' title="bbox 2033 2345 3676 2417">
    <p class='ocr_par' dir='ltr' id='par_1_69' title="bbox 2033 2345 3676 2417">
     <span class='ocr_line' id='line_1_69' title="bbox 2033 2345 3676 2417; baseline 0.002 -17"><span class='ocrx_word' id='word_1_452' title='bbox 2033 2350 2172 2400; x_wconf 88' lang='lat' dir='ltr'>sunt</span> <span class='ocrx_word' id='word_1_453' title='bbox 2220 2345 2478 2401; x_wconf 87' lang='lat' dir='ltr'>inventa.</span> <span class='ocrx_word' id='word_1_454' title='bbox 2514 2347 2652 2400; x_wconf 88' lang='lat' dir='ltr'>Erat</span> <span class='ocrx_word' id='word_1_455' title='bbox 2694 2350 2915 2411; x_wconf 90' lang='lat' dir='ltr'>autem,</span> <span class='ocrx_word' id='word_1_456' title='bbox 2966 2351 3034 2400; x_wconf 91' lang='lat' dir='ltr'>ut</span> <span class='ocrx_word' id='word_1_457' title='bbox 3089 2346 3362 2417; x_wconf 84' lang='lat' dir='ltr'>quisquis</span> <span class='ocrx_word' id='word_1_458' title='bbox 3411 2364 3676 2417; x_wconf 86' lang='lat' dir='ltr'>unquam</span> 
     </span>
    </p>
   </div>
   <div class='ocr_carea' id='block_1_70' title="bbox 2033 2433 3679 2505">
    <p class='ocr_par' dir='ltr' id='par_1_70' title="bbox 2033 2433 3679 2505">
     <span class='ocr_line' id='line_1_70' title="bbox 2033 2433 3679 2505; baseline 0.002 -17"><span class='ocrx_word' id='word_1_459' title='bbox 2033 2433 2208 2501; x_wconf 84' lang='lat' dir='ltr'>alius,</span> <span class='ocrx_word' id='word_1_460' title='bbox 2267 2434 2407 2489; x_wconf 92' lang='lat' dir='ltr'>belli</span> <span class='ocrx_word' id='word_1_461' title='bbox 2464 2433 2790 2501; x_wconf 86' lang='lat' dir='ltr'>studiosus,</span> <span class='ocrx_word' id='word_1_462' title='bbox 2838 2440 3210 2505; x_wconf 88' lang='lat' dir='ltr'>contemptor</span> <span class='ocrx_word' id='word_1_463' title='bbox 3257 2436 3568 2491; x_wconf 89' lang='lat' dir='ltr'>hominum</span> <span class='ocrx_word' id='word_1_464' title='bbox 3621 2442 3679 2492; x_wconf 88' lang='lat' dir='ltr'>et</span> 
     </span>
    </p>
   </div>
   <div class='ocr_carea' id='block_1_71' title="bbox 2035 2524 3674 2598">
    <p class='ocr_par' dir='ltr' id='par_1_71' title="bbox 2035 2524 3674 2598">
     <span class='ocr_line' id='line_1_71' title="bbox 2035 2524 3674 2598; baseline 0.001 -19"><span class='ocrx_word' id='word_1_465' title='bbox 2035 2541 2346 2596; x_wconf 84' lang='lat' dir='ltr'>arrogans:</span> <span class='ocrx_word' id='word_1_466' title='bbox 2373 2524 2530 2580; x_wconf 91' lang='lat' dir='ltr'>unde</span> <span class='ocrx_word' id='word_1_467' title='bbox 2546 2530 2604 2579; x_wconf 87' lang='lat' dir='ltr'>et</span> <span class='ocrx_word' id='word_1_468' title='bbox 2624 2524 2871 2596; x_wconf 89' lang='lat' dir='ltr'>Superbi</span> <span class='ocrx_word' id='word_1_469' title='bbox 2886 2532 3343 2598; x_wconf 89' lang='lat' dir='ltr'>cognomentum</span> <span class='ocrx_word' id='word_1_470' title='bbox 3358 2527 3409 2581; x_wconf 91' lang='lat' dir='ltr'>ei</span> <span class='ocrx_word' id='word_1_471' title='bbox 3432 2527 3674 2582; x_wconf 89' lang='lat' dir='ltr'>Romani</span> 
     </span>
    </p>
   </div>
   <div class='ocr_carea' id='block_1_72' title="bbox 2035 2613 3677 2687">
    <p class='ocr_par' dir='ltr' id='par_1_72' title="bbox 2035 2613 3677 2687">
     <span class='ocr_line' id='line_1_72' title="bbox 2035 2613 3677 2687; baseline 0.001 -19"><span class='ocrx_word' id='word_1_472' title='bbox 2035 2614 2471 2668; x_wconf 87' lang='lat' dir='ltr'>fecerunt.Cum</span> <span class='ocrx_word' id='word_1_473' title='bbox 2502 2613 2565 2668; x_wconf 91' lang='lat' dir='ltr'>in</span> <span class='ocrx_word' id='word_1_474' title='bbox 2588 2614 2725 2669; x_wconf 91' lang='lat' dir='ltr'>odio</span> <span class='ocrx_word' id='word_1_475' title='bbox 2747 2618 2904 2669; x_wconf 84' lang='lat' dir='ltr'>esset</span> <span class='ocrx_word' id='word_1_476' title='bbox 2928 2615 3419 2681; x_wconf 89' lang='lat' dir='ltr'>Romanorum,id</span> <span class='ocrx_word' id='word_1_477' title='bbox 3442 2632 3677 2687; x_wconf 88' lang='lat' dir='ltr'>quoque</span> 
     </span>
    </p>
   </div>
   <div class='ocr_carea' id='block_1_73' title="bbox 2037 2702 3675 2775">
    <p class='ocr_par' dir='ltr' id='par_1_73' title="bbox 2037 2702 3675 2775">
     <span class='ocr_line' id='line_1_73' title="bbox 2037 2702 3675 2775; baseline 0.002 -18"><span class='ocrx_word' id='word_1_478' title='bbox 2037 2702 2110 2757; x_wconf 88' lang='lat' dir='ltr'>ad</span> <span class='ocrx_word' id='word_1_479' title='bbox 2145 2719 2215 2757; x_wconf 89' lang='lat' dir='ltr'>ea</span> <span class='ocrx_word' id='word_1_480' title='bbox 2243 2702 2492 2758; x_wconf 89' lang='lat' dir='ltr'>accessit</span> <span class='ocrx_word' id='word_1_481' title='bbox 2520 2702 2679 2774; x_wconf 89' lang='lat' dir='ltr'>quod</span> <span class='ocrx_word' id='word_1_482' title='bbox 2709 2703 3078 2774; x_wconf 84' lang='lat' dir='ltr'>cognominis</span> <span class='ocrx_word' id='word_1_483' title='bbox 3127 2703 3257 2774; x_wconf 91' lang='lat' dir='ltr'>ejus</span> <span class='ocrx_word' id='word_1_484' title='bbox 3302 2704 3675 2775; x_wconf 86' lang='lat' dir='ltr'>Tarquinius,</span> 
     </span>
    </p>
   </div>
   <div class='ocr_carea' id='block_1_74' title="bbox 2038 2790 3678 2859">
    <p class='ocr_par' dir='ltr' id='par_1_74' title="bbox 2038 2790 3678 2859">
     <span class='ocr_line' id='line_1_74' title="bbox 2038 2790 3678 2859; baseline -0.002 -10"><span class='ocrx_word' id='word_1_485' title='bbox 2038 2796 2220 2849; x_wconf 89' lang='lat' dir='ltr'>noctu</span> <span class='ocrx_word' id='word_1_486' title='bbox 2249 2790 2322 2846; x_wconf 89' lang='lat' dir='ltr'>ab</span> <span class='ocrx_word' id='word_1_487' title='bbox 2380 2792 2642 2847; x_wconf 87' lang='lat' dir='ltr'>exercitu</span> <span class='ocrx_word' id='word_1_488' title='bbox 2671 2808 2962 2859; x_wconf 85' lang='lat' dir='ltr'>reversus,</span> <span class='ocrx_word' id='word_1_489' title='bbox 3023 2793 3352 2848; x_wconf 87' lang='lat' dir='ltr'>Lucretiam</span> <span class='ocrx_word' id='word_1_490' title='bbox 3403 2794 3678 2848; x_wconf 89' lang='lat' dir='ltr'>Collatini</span> 
     </span>
    </p>
   </div>
   <div class='ocr_carea' id='block_1_75' title="bbox 2039 2880 3681 2953">
    <p class='ocr_par' dir='ltr' id='par_1_75' title="bbox 2039 2880 3681 2953">
     <span class='ocr_line' id='line_1_75' title="bbox 2039 2880 3681 2953; baseline 0 -17"><span class='ocrx_word' id='word_1_491' title='bbox 2039 2897 2306 2947; x_wconf 83' lang='lat' dir='ltr'>uxorem,</span> <span class='ocrx_word' id='word_1_492' title='bbox 2339 2880 2600 2936; x_wconf 90' lang='lat' dir='ltr'>nobilem</span> <span class='ocrx_word' id='word_1_493' title='bbox 2630 2885 2985 2946; x_wconf 87' lang='lat' dir='ltr'>matronam,</span> <span class='ocrx_word' id='word_1_494' title='bbox 3020 2897 3126 2950; x_wconf 73' lang='lat' dir='ltr'>per</span> <span class='ocrx_word' id='word_1_495' title='bbox 3153 2882 3270 2936; x_wconf 90' lang='lat' dir='ltr'>vim</span> <span class='ocrx_word' id='word_1_496' title='bbox 3310 2899 3681 2953; x_wconf 86' lang='lat' dir='ltr'>compresse-</span> 
     </span>
    </p>
   </div>
   <div class='ocr_carea' id='block_1_76' title="bbox 2040 2968 3679 3041">
    <p class='ocr_par' dir='ltr' id='par_1_76' title="bbox 2040 2968 3679 3041">
     <span class='ocr_line' id='line_1_76' title="bbox 2040 2968 3679 3041; baseline 0.001 -17"><span class='ocrx_word' id='word_1_497' title='bbox 2040 2975 2156 3027; x_wconf 87' lang='lat' dir='ltr'>rat.</span> <span class='ocrx_word' id='word_1_498' title='bbox 2179 2969 2343 3034; x_wconf 88' lang='lat' dir='ltr'>Quod</span> <span class='ocrx_word' id='word_1_499' title='bbox 2375 2968 2476 3024; x_wconf 88' lang='lat' dir='ltr'>illa</span> <span class='ocrx_word' id='word_1_500' title='bbox 2506 2968 2796 3040; x_wconf 86' lang='lat' dir='ltr'>ﬂagitium</span> <span class='ocrx_word' id='word_1_501' title='bbox 2831 2970 3040 3023; x_wconf 87' lang='lat' dir='ltr'>marito</span> <span class='ocrx_word' id='word_1_502' title='bbox 3072 2970 3247 3040; x_wconf 89' lang='lat' dir='ltr'>paulo</span> <span class='ocrx_word' id='word_1_503' title='bbox 3283 2975 3416 3041; x_wconf 89' lang='lat' dir='ltr'>post</span> <span class='ocrx_word' id='word_1_504' title='bbox 3443 2987 3679 3026; x_wconf 88' lang='lat' dir='ltr'>reverso</span> 
     </span>
    </p>
   </div>
   <div class='ocr_carea' id='block_1_77' title="bbox 2043 3058 3683 3131">
    <p class='ocr_par' dir='ltr' id='par_1_77' title="bbox 2043 3058 3683 3131">
     <span class='ocr_line' id='line_1_77' title="bbox 2043 3058 3683 3131; baseline 0.001 -17"><span class='ocrx_word' id='word_1_505' title='bbox 2043 3059 2314 3131; x_wconf 89' lang='lat' dir='ltr'>patrique</span> <span class='ocrx_word' id='word_1_506' title='bbox 2368 3064 2427 3113; x_wconf 92' lang='lat' dir='ltr'>et</span> <span class='ocrx_word' id='word_1_507' title='bbox 2456 3058 2732 3113; x_wconf 85' lang='lat' dir='ltr'>omnibus</span> <span class='ocrx_word' id='word_1_508' title='bbox 2764 3059 3025 3130; x_wconf 84' lang='lat' dir='ltr'>cognatis</span> <span class='ocrx_word' id='word_1_509' title='bbox 3056 3060 3326 3129; x_wconf 89' lang='lat' dir='ltr'>aperuit;</span> <span class='ocrx_word' id='word_1_510' title='bbox 3381 3060 3683 3131; x_wconf 88' lang='lat' dir='ltr'>multaque</span> 
     </span>
    </p>
   </div>
   <div class='ocr_carea' id='block_1_78' title="bbox 2042 3145 3684 3217">
    <p class='ocr_par' dir='ltr' id='par_1_78' title="bbox 2042 3145 3684 3217">
     <span class='ocr_line' id='line_1_78' title="bbox 2042 3145 3684 3217; baseline 0.001 -16"><span class='ocrx_word' id='word_1_511' title='bbox 2042 3146 2173 3202; x_wconf 92' lang='lat' dir='ltr'>dira</span> <span class='ocrx_word' id='word_1_512' title='bbox 2210 3146 2562 3217; x_wconf 91' lang='lat' dir='ltr'>propinquis</span> <span class='ocrx_word' id='word_1_513' title='bbox 2614 3146 2738 3201; x_wconf 91' lang='lat' dir='ltr'>suis</span> <span class='ocrx_word' id='word_1_514' title='bbox 2797 3145 3142 3216; x_wconf 87' lang='lat' dir='ltr'>imprecata,</span> <span class='ocrx_word' id='word_1_515' title='bbox 3191 3146 3485 3217; x_wconf 90' lang='lat' dir='ltr'>siquidem</span> <span class='ocrx_word' id='word_1_516' title='bbox 3530 3149 3684 3204; x_wconf 90' lang='lat' dir='ltr'>hanc</span> 
     </span>
    </p>
   </div>
   <div class='ocr_carea' id='block_1_79' title="bbox 1961 3199 3684 3310">
    <p class='ocr_par' dir='ltr' id='par_1_79' title="bbox 1961 3199 3684 3310">
     <span class='ocr_line' id='line_1_79' title="bbox 1961 3199 3684 3310; baseline 0.001 -17"><span class='ocrx_word' id='word_1_517' title='bbox 1961 3199 2003 3266; x_wconf 63' lang='grc' dir='ltr'>ϐ</span> <span class='ocrx_word' id='word_1_518' title='bbox 2043 3199 2230 3293; x_wconf 71' lang='grc' dir='ltr'>ιιιιειιῐιι</span> <span class='ocrx_word' id='word_1_519' title='bbox 2259 3199 2661 3291; x_wconf 62' lang='lat' dir='ltr'>calamitatem</span> <span class='ocrx_word' id='word_1_520' title='bbox 2706 3199 2956 3291; x_wconf 62' lang='lat' dir='ltr'>inultam</span> <span class='ocrx_word' id='word_1_521' title='bbox 3015 3199 3407 3304; x_wconf 60' lang='lat' dir='ltr'>dimitterent,</span> <span class='ocrx_word' id='word_1_522' title='bbox 3466 3239 3684 3310; x_wconf 87' lang='lat' dir='ltr'>gladio,</span> 
     </span>
    </p>
   </div>
   <div class='ocr_carea' id='block_1_80' title="bbox 2043 3328 3689 3401">
    <p class='ocr_par' dir='ltr' id='par_1_80' title="bbox 2043 3328 3689 3401">
     <span class='ocr_line' id='line_1_80' title="bbox 2043 3328 3689 3401; baseline 0.002 -17"><span class='ocrx_word' id='word_1_523' title='bbox 2043 3346 2222 3401; x_wconf 88' lang='lat' dir='ltr'>quem</span> <span class='ocrx_word' id='word_1_524' title='bbox 2249 3328 2477 3384; x_wconf 90' lang='lat' dir='ltr'>occulte</span> <span class='ocrx_word' id='word_1_525' title='bbox 2508 3328 2570 3382; x_wconf 94' lang='lat' dir='ltr'>in</span> <span class='ocrx_word' id='word_1_526' title='bbox 2600 3328 2734 3383; x_wconf 90' lang='lat' dir='ltr'>sinu</span> <span class='ocrx_word' id='word_1_527' title='bbox 2766 3328 3054 3399; x_wconf 86' lang='lat' dir='ltr'>gestabat,</span> <span class='ocrx_word' id='word_1_528' title='bbox 3087 3329 3298 3384; x_wconf 90' lang='lat' dir='ltr'>educto</span> <span class='ocrx_word' id='word_1_529' title='bbox 3339 3346 3401 3384; x_wconf 92' lang='lat' dir='ltr'>se</span> <span class='ocrx_word' id='word_1_530' title='bbox 3434 3331 3496 3384; x_wconf 91' lang='lat' dir='ltr'>in</span> <span class='ocrx_word' id='word_1_531' title='bbox 3554 3348 3689 3387; x_wconf 90' lang='lat' dir='ltr'>con-</span> 
     </span>
    </p>
   </div>
   <div class='ocr_carea' id='block_1_81' title="bbox 2046 3416 3687 3489">
    <p class='ocr_par' dir='ltr' id='par_1_81' title="bbox 2046 3416 3687 3489">
     <span class='ocr_line' id='line_1_81' title="bbox 2046 3416 3687 3489; baseline 0.001 -16"><span class='ocrx_word' id='word_1_532' title='bbox 2046 3422 2251 3489; x_wconf 87' lang='lat' dir='ltr'>spectu</span> <span class='ocrx_word' id='word_1_533' title='bbox 2282 3418 2547 3487; x_wconf 90' lang='lat' dir='ltr'>ipsorum</span> <span class='ocrx_word' id='word_1_534' title='bbox 2577 3416 2826 3471; x_wconf 87' lang='lat' dir='ltr'>necavit.</span> <span class='ocrx_word' id='word_1_535' title='bbox 2853 3416 2916 3471; x_wconf 91' lang='lat' dir='ltr'>Id</span> <span class='ocrx_word' id='word_1_536' title='bbox 2938 3418 3160 3472; x_wconf 88' lang='lat' dir='ltr'>factum</span> <span class='ocrx_word' id='word_1_537' title='bbox 3183 3423 3366 3473; x_wconf 87' lang='lat' dir='ltr'>totam</span> <span class='ocrx_word' id='word_1_538' title='bbox 3390 3419 3687 3475; x_wconf 86' lang='lat' dir='ltr'>civitatem</span> 
     </span>
    </p>
   </div>
   <div class='ocr_carea' id='block_1_82' title="bbox 2047 3504 3688 3576">
    <p class='ocr_par' dir='ltr' id='par_1_82' title="bbox 2047 3504 3688 3576">
     <span class='ocr_line' id='line_1_82' title="bbox 2047 3504 3688 3576; baseline 0.002 -15"><span class='ocrx_word' id='word_1_539' title='bbox 2047 3506 2181 3562; x_wconf 93' lang='lat' dir='ltr'>odio</span> <span class='ocrx_word' id='word_1_540' title='bbox 2230 3505 2533 3576; x_wconf 89' lang='lat' dir='ltr'>Tarquinii</span> <span class='ocrx_word' id='word_1_541' title='bbox 2585 3504 3011 3571; x_wconf 84' lang='lat' dir='ltr'>inflammavit;</span> <span class='ocrx_word' id='word_1_542' title='bbox 3055 3510 3114 3561; x_wconf 91' lang='lat' dir='ltr'>et</span> <span class='ocrx_word' id='word_1_543' title='bbox 3144 3508 3357 3562; x_wconf 89' lang='lat' dir='ltr'>Brutus</span> <span class='ocrx_word' id='word_1_544' title='bbox 3408 3509 3688 3564; x_wconf 73' lang='lat' dir='ltr'>Lucretia)</span> 
     </span>
    </p>
   </div>
   <div class='ocr_carea' id='block_1_83' title="bbox 2048 3594 3688 3667">
    <p class='ocr_par' dir='ltr' id='par_1_83' title="bbox 2048 3594 3688 3667">
     <span class='ocr_line' id='line_1_83' title="bbox 2048 3594 3688 3667; baseline 0.001 -18"><span class='ocrx_word' id='word_1_545' title='bbox 2048 3594 2438 3667; x_wconf 89' lang='lat' dir='ltr'>propinquus,</span> <span class='ocrx_word' id='word_1_546' title='bbox 2470 3595 2561 3647; x_wconf 89' lang='lat' dir='ltr'>vir</span> <span class='ocrx_word' id='word_1_547' title='bbox 2607 3594 2913 3665; x_wconf 89' lang='lat' dir='ltr'>p0pularis</span> <span class='ocrx_word' id='word_1_548' title='bbox 2960 3610 3028 3649; x_wconf 91' lang='lat' dir='ltr'>ac</span> <span class='ocrx_word' id='word_1_549' title='bbox 3072 3597 3342 3664; x_wconf 87' lang='lat' dir='ltr'>tyrannis</span> <span class='ocrx_word' id='word_1_550' title='bbox 3395 3597 3688 3662; x_wconf 85' lang='lat' dir='ltr'>infensus,</span> 
     </span>
    </p>
   </div>
   <div class='ocr_carea' id='block_1_84' title="bbox 2050 3682 3689 3758">
    <p class='ocr_par' dir='ltr' id='par_1_84' title="bbox 2050 3682 3689 3758">
     <span class='ocr_line' id='line_1_84' title="bbox 2050 3682 3689 3758; baseline -0.001 -20"><span class='ocrx_word' id='word_1_551' title='bbox 2050 3683 2339 3758; x_wconf 85' lang='lat' dir='ltr'>majorem</span> <span class='ocrx_word' id='word_1_552' title='bbox 2371 3682 2431 3736; x_wconf 91' lang='lat' dir='ltr'>in</span> <span class='ocrx_word' id='word_1_553' title='bbox 2462 3682 2704 3736; x_wconf 90' lang='lat' dir='ltr'>modum</span> <span class='ocrx_word' id='word_1_554' title='bbox 2736 3683 2891 3736; x_wconf 90' lang='lat' dir='ltr'>cives</span> <span class='ocrx_word' id='word_1_555' title='bbox 2922 3683 2995 3736; x_wconf 90' lang='lat' dir='ltr'>ad</span> <span class='ocrx_word' id='word_1_556' title='bbox 3025 3682 3419 3738; x_wconf 88' lang='lat' dir='ltr'>defectionem</span> <span class='ocrx_word' id='word_1_557' title='bbox 3464 3701 3497 3739; x_wconf 91' lang='lat' dir='ltr'>a</span> <span class='ocrx_word' id='word_1_558' title='bbox 3553 3701 3689 3757; x_wconf 84' lang='lat' dir='ltr'>rege</span> 
     </span>
    </p>
   </div>
   <div class='ocr_carea' id='block_1_85' title="bbox 2054 3770 3688 3843">
    <p class='ocr_par' dir='ltr' id='par_1_85' title="bbox 2054 3770 3688 3843">
     <span class='ocr_line' id='line_1_85' title="bbox 2054 3770 3688 3843; baseline -0.001 -16"><span class='ocrx_word' id='word_1_559' title='bbox 2054 3772 2386 3827; x_wconf 88' lang='lat' dir='ltr'>faciendam</span> <span class='ocrx_word' id='word_1_560' title='bbox 2411 3771 2745 3825; x_wconf 89' lang='lat' dir='ltr'>commovit.</span> <span class='ocrx_word' id='word_1_561' title='bbox 2778 3771 2864 3825; x_wconf 94' lang='lat' dir='ltr'>Ita</span> <span class='ocrx_word' id='word_1_562' title='bbox 2893 3770 3056 3825; x_wconf 90' lang='lat' dir='ltr'>omni</span> <span class='ocrx_word' id='word_1_563' title='bbox 3086 3775 3375 3843; x_wconf 85' lang='lat' dir='ltr'>potestate</span> <span class='ocrx_word' id='word_1_564' title='bbox 3408 3788 3515 3827; x_wconf 91' lang='lat' dir='ltr'>sua</span> <span class='ocrx_word' id='word_1_565' title='bbox 3552 3773 3688 3828; x_wconf 89' lang='lat' dir='ltr'>Tar-</span> 
     </span>
    </p>
   </div>
   <div class='ocr_carea' id='block_1_86' title="bbox 2055 3857 3691 3931">
    <p class='ocr_par' dir='ltr' id='par_1_86' title="bbox 2055 3857 3691 3931">
     <span class='ocr_line' id='line_1_86' title="bbox 2055 3857 3691 3931; baseline 0.001 -17"><span class='ocrx_word' id='word_1_566' title='bbox 2055 3859 2294 3931; x_wconf 91' lang='lat' dir='ltr'>quinius</span> <span class='ocrx_word' id='word_1_567' title='bbox 2317 3863 2408 3913; x_wconf 91' lang='lat' dir='ltr'>est</span> <span class='ocrx_word' id='word_1_568' title='bbox 2427 3864 2657 3913; x_wconf 85' lang='lat' dir='ltr'>exutus.</span> <span class='ocrx_word' id='word_1_569' title='bbox 2674 3857 2860 3912; x_wconf 92' lang='lat' dir='ltr'>Simul</span> <span class='ocrx_word' id='word_1_570' title='bbox 2881 3859 3041 3913; x_wconf 90' lang='lat' dir='ltr'>enim</span> <span class='ocrx_word' id='word_1_571' title='bbox 3061 3864 3238 3930; x_wconf 88' lang='lat' dir='ltr'>atque</span> <span class='ocrx_word' id='word_1_572' title='bbox 3255 3862 3454 3926; x_wconf 69' lang='lat' dir='ltr'>Romae</span> <span class='ocrx_word' id='word_1_573' title='bbox 3487 3866 3691 3916; x_wconf 84' lang='lat' dir='ltr'>contra</span> 
     </span>
    </p>
   </div>
   <div class='ocr_carea' id='block_1_87' title="bbox 2059 3948 3698 4023">
    <p class='ocr_par' dir='ltr' id='par_1_87' title="bbox 2059 3948 3698 4023">
     <span class='ocr_line' id='line_1_87' title="bbox 2059 3948 3698 4023; baseline 0.001 -18"><span class='ocrx_word' id='word_1_574' title='bbox 2059 3966 2193 4005; x_wconf 89' lang='lat' dir='ltr'>eum</span> <span class='ocrx_word' id='word_1_575' title='bbox 2216 3949 2370 4004; x_wconf 90' lang='lat' dir='ltr'>cives</span> <span class='ocrx_word' id='word_1_576' title='bbox 2396 3948 2866 4015; x_wconf 78' lang='lat' dir='ltr'>insurrexerunt,</span> <span class='ocrx_word' id='word_1_577' title='bbox 2895 3950 3189 4004; x_wconf 85' lang='lat' dir='ltr'>exercitus</span> <span class='ocrx_word' id='word_1_578' title='bbox 3219 3949 3454 4023; x_wconf 85' lang='lat' dir='ltr'>quoque</span> <span class='ocrx_word' id='word_1_579' title='bbox 3485 3954 3698 4007; x_wconf 89' lang='lat' dir='ltr'>Roma-</span> 
     </span>
    </p>
   </div>
   <div class='ocr_carea' id='block_1_88' title="bbox 2059 4037 3697 4110">
    <p class='ocr_par' dir='ltr' id='par_1_88' title="bbox 2059 4037 3697 4110">
     <span class='ocr_line' id='line_1_88' title="bbox 2059 4037 3697 4110; baseline -0.001 -16"><span class='ocrx_word' id='word_1_580' title='bbox 2059 4056 2173 4094; x_wconf 90' lang='lat' dir='ltr'>nus</span> <span class='ocrx_word' id='word_1_581' title='bbox 2195 4039 2295 4110; x_wconf 91' lang='lat' dir='ltr'>qui</span> <span class='ocrx_word' id='word_1_582' title='bbox 2317 4044 2439 4092; x_wconf 88' lang='lat' dir='ltr'>tum</span> <span class='ocrx_word' id='word_1_583' title='bbox 2461 4037 2616 4108; x_wconf 90' lang='lat' dir='ltr'>apud</span> <span class='ocrx_word' id='word_1_584' title='bbox 2638 4037 2891 4092; x_wconf 87' lang='lat' dir='ltr'>Ardeam</span> <span class='ocrx_word' id='word_1_585' title='bbox 2917 4044 3042 4092; x_wconf 87' lang='lat' dir='ltr'>erat</span> <span class='ocrx_word' id='word_1_586' title='bbox 3061 4044 3382 4109; x_wconf 88' lang='lat' dir='ltr'>tyrannum</span> <span class='ocrx_word' id='word_1_587' title='bbox 3416 4040 3697 4107; x_wconf 80' lang='lat' dir='ltr'>deseruit,</span> 
     </span>
    </p>
   </div>
   <div class='ocr_carea' id='block_1_89' title="bbox 2062 4130 3698 4200">
    <p class='ocr_par' dir='ltr' id='par_1_89' title="bbox 2062 4130 3698 4200">
     <span class='ocr_line' id='line_1_89' title="bbox 2062 4130 3698 4200; baseline -0.001 -15"><span class='ocrx_word' id='word_1_588' title='bbox 2062 4146 2254 4200; x_wconf 87' lang='lat' dir='ltr'>neque</span> <span class='ocrx_word' id='word_1_589' title='bbox 2282 4132 2655 4182; x_wconf 84' lang='lat' dir='ltr'>revocantem</span> <span class='ocrx_word' id='word_1_590' title='bbox 2688 4143 2880 4197; x_wconf 87' lang='lat' dir='ltr'>neque</span> <span class='ocrx_word' id='word_1_591' title='bbox 2914 4133 2979 4181; x_wconf 90' lang='lat' dir='ltr'>ut</span> <span class='ocrx_word' id='word_1_592' title='bbox 3018 4134 3329 4183; x_wconf 90' lang='lat' dir='ltr'>manerent</span> <span class='ocrx_word' id='word_1_593' title='bbox 3360 4130 3698 4186; x_wconf 87' lang='lat' dir='ltr'>hortantem</span> 
     </span>
    </p>
   </div>
   <div class='ocr_carea' id='block_1_90' title="bbox 2064 4214 3702 4288">
    <p class='ocr_par' dir='ltr' id='par_1_90' title="bbox 2064 4214 3702 4288">
     <span class='ocr_line' id='line_1_90' title="bbox 2064 4214 3702 4288; baseline 0 -16"><span class='ocrx_word' id='word_1_594' title='bbox 2064 4217 2389 4288; x_wconf 88' lang='lat' dir='ltr'>quidquam</span> <span class='ocrx_word' id='word_1_595' title='bbox 2421 4217 2705 4269; x_wconf 89' lang='lat' dir='ltr'>moratus.</span> <span class='ocrx_word' id='word_1_596' title='bbox 2736 4214 3355 4285; x_wconf 88' lang='lat' dir='ltr'>Tarquinius,consilii</span> <span class='ocrx_word' id='word_1_597' title='bbox 3389 4233 3457 4271; x_wconf 91' lang='lat' dir='ltr'>eo</span> <span class='ocrx_word' id='word_1_598' title='bbox 3491 4223 3702 4272; x_wconf 87' lang='lat' dir='ltr'>eventu</span> 
     </span>
    </p>
   </div>
   <div class='ocr_carea' id='block_1_91' title="bbox 2066 4301 3702 4375">
    <p class='ocr_par' dir='ltr' id='par_1_91' title="bbox 2066 4301 3702 4375">
     <span class='ocr_line' id='line_1_91' title="bbox 2066 4301 3702 4375; baseline 0.001 -16"><span class='ocrx_word' id='word_1_599' title='bbox 2066 4305 2401 4375; x_wconf 90' lang='lat' dir='ltr'>inops,cum</span> <span class='ocrx_word' id='word_1_600' title='bbox 2449 4305 2695 4357; x_wconf 85' lang='lat' dir='ltr'>Romam</span> <span class='ocrx_word' id='word_1_601' title='bbox 2726 4301 3110 4357; x_wconf 89' lang='lat' dir='ltr'>contenderet</span> <span class='ocrx_word' id='word_1_602' title='bbox 3161 4320 3262 4374; x_wconf 89' lang='lat' dir='ltr'>spe</span> <span class='ocrx_word' id='word_1_603' title='bbox 3290 4303 3544 4360; x_wconf 89' lang='lat' dir='ltr'>adventu</span> <span class='ocrx_word' id='word_1_604' title='bbox 3597 4323 3702 4360; x_wconf 89' lang='lat' dir='ltr'>suo</span> 
     </span>
    </p>
   </div>
   <div class='ocr_carea' id='block_1_92' title="bbox 2068 4391 3706 4464">
    <p class='ocr_par' dir='ltr' id='par_1_92' title="bbox 2068 4391 3706 4464">
     <span class='ocr_line' id='line_1_92' title="bbox 2068 4391 3706 4464; baseline 0.001 -15"><span class='ocrx_word' id='word_1_605' title='bbox 2068 4392 2359 4449; x_wconf 90' lang='lat' dir='ltr'>tumultus</span> <span class='ocrx_word' id='word_1_606' title='bbox 2391 4391 2637 4447; x_wconf 88' lang='lat' dir='ltr'>sedandi</span> <span class='ocrx_word' id='word_1_607' title='bbox 2671 4396 2729 4446; x_wconf 92' lang='lat' dir='ltr'>et</span> <span class='ocrx_word' id='word_1_608' title='bbox 2758 4407 3007 4464; x_wconf 88' lang='lat' dir='ltr'>regnum</span> <span class='ocrx_word' id='word_1_609' title='bbox 3038 4395 3467 4464; x_wconf 64' lang='lat' dir='ltr'>recuperandi,</span> <span class='ocrx_word' id='word_1_610' title='bbox 3489 4411 3524 4449; x_wconf 88' lang='lat' dir='ltr'>a</span> <span class='ocrx_word' id='word_1_611' title='bbox 3553 4395 3706 4451; x_wconf 70' lang='lat'>263</span> 
     </span>
    </p>
   </div>
   <div class='ocr_carea' id='block_1_93' title="bbox 2070 4480 3708 4556">
    <p class='ocr_par' dir='ltr' id='par_1_93' title="bbox 2070 4480 3708 4556">
     <span class='ocr_line' id='line_1_93' title="bbox 2070 4480 3708 4556; baseline 0.002 -20"><span class='ocrx_word' id='word_1_612' title='bbox 2070 4482 2293 4537; x_wconf 90' lang='lat' dir='ltr'>civibus</span> <span class='ocrx_word' id='word_1_613' title='bbox 2310 4480 2584 4551; x_wconf 90' lang='lat' dir='ltr'>repulsus</span> <span class='ocrx_word' id='word_1_614' title='bbox 2605 4497 2741 4535; x_wconf 90' lang='lat' dir='ltr'>cum</span> <span class='ocrx_word' id='word_1_615' title='bbox 2764 4480 2989 4536; x_wconf 89' lang='lat' dir='ltr'>familia</span> <span class='ocrx_word' id='word_1_616' title='bbox 3011 4480 3303 4551; x_wconf 89' lang='lat' dir='ltr'>discessit,</span> <span class='ocrx_word' id='word_1_617' title='bbox 3322 4501 3503 4556; x_wconf 83' lang='lat' dir='ltr'>regno</span> <span class='ocrx_word' id='word_1_618' title='bbox 3522 4500 3708 4539; x_wconf 88' lang='lat' dir='ltr'>annos</span> 
     </span>
    </p>
   </div>
   <div class='ocr_carea' id='block_1_94' title="bbox 296 4560 1934 4648">
    <p class='ocr_par' dir='ltr' id='par_1_94' title="bbox 296 4571 1934 4648">
     <span class='ocr_line' id='line_1_94' title="bbox 296 4571 1934 4648; baseline -0.004 -17"><span class='ocrx_word' id='word_1_619' title='bbox 296 4573 402 4631; x_wconf 77' lang='grc' dir='ltr'>κδ’.</span> <span class='ocrx_word' id='word_1_620' title='bbox 437 4576 571 4639; x_wconf 82' lang='grc' dir='ltr'>Καθ’</span> <span class='ocrx_word' id='word_1_621' title='bbox 599 4575 659 4629; x_wconf 85' lang='grc' dir='ltr'>’ὀν</span> <span class='ocrx_word' id='word_1_622' title='bbox 693 4571 762 4643; x_wconf 80' lang='grc' dir='ltr'>δὴ</span> <span class='ocrx_word' id='word_1_623' title='bbox 794 4573 995 4648; x_wconf 88' lang='grc' dir='ltr'>χρόνον</span> <span class='ocrx_word' id='word_1_624' title='bbox 1042 4574 1076 4642; x_wconf 82' lang='grc' dir='ltr'><strong>ἡ</strong></span> <span class='ocrx_word' id='word_1_625' title='bbox 1136 4571 1302 4635; x_wconf 87' lang='grc' dir='ltr'>πόλις</span> <span class='ocrx_word' id='word_1_626' title='bbox 1351 4571 1598 4641; x_wconf 85' lang='grc' dir='ltr'>ἀπελύθη</span> <span class='ocrx_word' id='word_1_627' title='bbox 1630 4577 1733 4639; x_wconf 81' lang='grc' dir='ltr'>τῆς</span> <span class='ocrx_word' id='word_1_628' title='bbox 1762 4590 1934 4647; x_wconf 61' lang='grc' dir='ltr'>τυρανι</span> 
     </span>
    </p>
   </div>
   <div class='ocr_carea' id='block_1_95' title="bbox 2048 4560 3711 4648">
    <p class='ocr_par' dir='ltr' id='par_1_95' title="bbox 2071 4570 3711 4644">
     <span class='ocr_line' id='line_1_95' title="bbox 2071 4570 3711 4644; baseline 0.001 -18"><span class='ocrx_word' id='word_1_629' title='bbox 2071 4570 2275 4644; x_wconf 90' lang='lat' dir='ltr'>viginti</span> <span class='ocrx_word' id='word_1_630' title='bbox 2306 4572 2560 4640; x_wconf 90' lang='lat' dir='ltr'>quatuor</span> <span class='ocrx_word' id='word_1_631' title='bbox 2579 4571 2848 4640; x_wconf 89' lang='lat' dir='ltr'>gesto.Eo</span> <span class='ocrx_word' id='word_1_632' title='bbox 2875 4574 3140 4641; x_wconf 89' lang='lat' dir='ltr'>tempore</span> <span class='ocrx_word' id='word_1_633' title='bbox 3172 4572 3506 4642; x_wconf 81' lang='lat' dir='ltr'>tyrannidis</span> <span class='ocrx_word' id='word_1_634' title='bbox 3528 4575 3711 4629; x_wconf 89' lang='lat' dir='ltr'>Roma</span> 
     </span>
    </p>
   </div>
   <div class='ocr_carea' id='block_1_96' title="bbox 297 4662 471 4729">
    <p class='ocr_par' dir='ltr' id='par_1_96' title="bbox 297 4662 471 4729">
     <span class='ocr_line' id='line_1_96' title="bbox 297 4662 471 4729; baseline 0.011 -10"><span class='ocrx_word' id='word_1_635' title='bbox 297 4662 471 4729; x_wconf 75' lang='grc' dir='ltr'>νίόος.</span> 
     </span>
    </p>
   </div>
   <div class='ocr_carea' id='block_1_97' title="bbox 373 4749 1958 4828">
    <p class='ocr_par' dir='ltr' id='par_1_97' title="bbox 373 4749 1958 4828">
     <span class='ocr_line' id='line_1_97' title="bbox 373 4749 1958 4828; baseline -0.006 -16"><span class='ocrx_word' id='word_1_636' title='bbox 373 4757 461 4828; x_wconf 88' lang='grc' dir='ltr'>[Ρ.</span> <span class='ocrx_word' id='word_1_637' title='bbox 496 4756 623 4828; x_wconf 73' lang='grc'>150]</span> <span class='ocrx_word' id='word_1_638' title='bbox 680 4752 1034 4828; x_wconf 82' lang='grc' dir='ltr'>Δημοκρατία</span> <span class='ocrx_word' id='word_1_639' title='bbox 1072 4749 1131 4806; x_wconf 72' lang='grc' dir='ltr'>δὲ</span> <span class='ocrx_word' id='word_1_640' title='bbox 1183 4753 1284 4821; x_wconf 75' lang='grc' dir='ltr'>την</span> <span class='ocrx_word' id='word_1_641' title='bbox 1342 4751 1564 4824; x_wconf 76' lang='grc' dir='ltr'>Ῥώμην</span> <span class='ocrx_word' id='word_1_642' title='bbox 1594 4749 1683 4804; x_wconf 83' lang='grc' dir='ltr'>ἐπὶ</span> <span class='ocrx_word' id='word_1_643' title='bbox 1712 4750 1958 4824; x_wconf 80' lang='grc' dir='ltr'>χρόνους</span> 
     </span>
    </p>
   </div>
   <div class='ocr_carea' id='block_1_98' title="bbox 293 4837 1959 4920">
    <p class='ocr_par' dir='ltr' id='par_1_98' title="bbox 293 4837 1959 4920">
     <span class='ocr_line' id='line_1_98' title="bbox 293 4837 1959 4920; baseline -0.004 -21"><span class='ocrx_word' id='word_1_644' title='bbox 293 4846 701 4920; x_wconf 74' lang='grc' dir='ltr'>τεσσαράκοντα</span> <span class='ocrx_word' id='word_1_645' title='bbox 778 4847 925 4919; x_wconf 75' lang='grc' dir='ltr'>τρεῖς</span> <span class='ocrx_word' id='word_1_646' title='bbox 1012 4838 1131 4896; x_wconf 85' lang='grc' dir='ltr'>δυσί</span> <span class='ocrx_word' id='word_1_647' title='bbox 1218 4845 1547 4916; x_wconf 83' lang='grc' dir='ltr'>στρατηγοῖς</span> <span class='ocrx_word' id='word_1_648' title='bbox 1630 4837 1959 4894; x_wconf 78' lang='grc' dir='ltr'>ένιαυσιαίαν</span> 
     </span>
    </p>
   </div>
   <div class='ocr_carea' id='block_1_99' title="bbox 296 4925 1960 5010">
    <p class='ocr_par' dir='ltr' id='par_1_99' title="bbox 296 4925 1960 5010">
     <span class='ocr_line' id='line_1_99' title="bbox 296 4925 1960 5010; baseline -0.004 -22"><span class='ocrx_word' id='word_1_649' title='bbox 296 4932 500 5008; x_wconf 72' lang='grc' dir='ltr'>ἔχουσι</span> <span class='ocrx_word' id='word_1_650' title='bbox 528 4934 626 5001; x_wconf 73' lang='grc' dir='ltr'>τήν</span> <span class='ocrx_word' id='word_1_651' title='bbox 655 4932 834 5008; x_wconf 67' lang='grc' dir='ltr'>ἀρχὴν</span> <span class='ocrx_word' id='word_1_652' title='bbox 882 4929 1198 5010; x_wconf 73' lang='grc' dir='ltr'>ἐφύλαττεν,</span> <span class='ocrx_word' id='word_1_653' title='bbox 1254 4928 1346 4991; x_wconf 78' lang='grc' dir='ltr'>οὕς</span> <span class='ocrx_word' id='word_1_654' title='bbox 1395 4926 1727 4991; x_wconf 85' lang='grc' dir='ltr'>κονσούλους</span> <span class='ocrx_word' id='word_1_655' title='bbox 1773 4925 1960 4997; x_wconf 83' lang='grc' dir='ltr'>οἴαδή</span> 
     </span>
    </p>
   </div>
   <div class='ocr_carea' id='block_1_100' title="bbox 296 5015 1962 5097">
    <p class='ocr_par' dir='ltr' id='par_1_100' title="bbox 296 5015 1962 5097">
     <span class='ocr_line' id='line_1_100' title="bbox 296 5015 1962 5097; baseline -0.005 -18"><span class='ocrx_word' id='word_1_656' title='bbox 296 5022 646 5097; x_wconf 77' lang='grc' dir='ltr'>στρατηγοὺς</span> <span class='ocrx_word' id='word_1_657' title='bbox 676 5020 767 5077; x_wconf 82' lang='grc' dir='ltr'>καὶ</span> <span class='ocrx_word' id='word_1_658' title='bbox 795 5015 1145 5093; x_wconf 76' lang='grc' dir='ltr'>προϐούλους</span> <span class='ocrx_word' id='word_1_659' title='bbox 1204 5018 1303 5097; x_wconf 85' lang='grc' dir='ltr'>χαὶ</span> <span class='ocrx_word' id='word_1_660' title='bbox 1357 5018 1707 5094; x_wconf 85' lang='grc' dir='ltr'>προηγόρους</span> <span class='ocrx_word' id='word_1_661' title='bbox 1739 5016 1962 5089; x_wconf 81' lang='grc' dir='ltr'>ὠνόμα-</span> 
     </span>
    </p>
   </div>
   <div class='ocr_carea' id='block_1_101' title="bbox 296 5105 1960 5182">
    <p class='ocr_par' dir='ltr' id='par_1_101' title="bbox 296 5105 1960 5182">
     <span class='ocr_line' id='line_1_101' title="bbox 296 5105 1960 5182; baseline -0.005 -14"><span class='ocrx_word' id='word_1_662' title='bbox 296 5119 416 5182; x_wconf 85' lang='grc' dir='ltr'>ζον·</span> <span class='ocrx_word' id='word_1_663' title='bbox 454 5112 693 5174; x_wconf 78' lang='grc' dir='ltr'>ὑπάτους</span> <span class='ocrx_word' id='word_1_664' title='bbox 728 5108 786 5166; x_wconf 74' lang='grc' dir='ltr'>δὲ</span> <span class='ocrx_word' id='word_1_665' title='bbox 813 5110 1040 5171; x_wconf 84' lang='grc' dir='ltr'>τούτους</span> <span class='ocrx_word' id='word_1_666' title='bbox 1064 5110 1069 5113; x_wconf 75' lang='grc'>’</span> <span class='ocrx_word' id='word_1_667' title='bbox 1093 5110 1146 5163; x_wconf 80' lang='grc' dir='ltr'>οἱ</span> <span class='ocrx_word' id='word_1_668' title='bbox 1203 5106 1475 5178; x_wconf 71' lang='grc' dir='ltr'>Ἕλληνες</span> <span class='ocrx_word' id='word_1_669' title='bbox 1527 5105 1807 5182; x_wconf 89' lang='grc' dir='ltr'>λέγουσιν.</span> <span class='ocrx_word' id='word_1_670' title='bbox 1839 5106 1960 5162; x_wconf 83' lang='grc' dir='ltr'>Ἐπὶ</span> 
     </span>
    </p>
   </div>
   <div class='ocr_carea' id='block_1_102' title="bbox 290 5195 1964 5275">
    <p class='ocr_par' dir='ltr' id='par_1_102' title="bbox 290 5195 1964 5275">
     <span class='ocr_line' id='line_1_102' title="bbox 290 5195 1964 5275; baseline -0.005 -18"><span class='ocrx_word' id='word_1_671' title='bbox 290 5201 509 5273; x_wconf 76' lang='grc' dir='ltr'>ταύτης</span> <span class='ocrx_word' id='word_1_672' title='bbox 564 5207 664 5270; x_wconf 83' lang='grc' dir='ltr'>τῆς</span> <span class='ocrx_word' id='word_1_673' title='bbox 717 5197 1089 5275; x_wconf 83' lang='grc' dir='ltr'>δημοκρατίας</span> <span class='ocrx_word' id='word_1_674' title='bbox 1147 5198 1199 5252; x_wconf 77' lang='grc' dir='ltr'>οἱ</span> <span class='ocrx_word' id='word_1_675' title='bbox 1277 5195 1481 5252; x_wconf 85' lang='grc' dir='ltr'>Γάλλοι</span> <span class='ocrx_word' id='word_1_676' title='bbox 1537 5197 1964 5270; x_wconf 75' lang='grc' dir='ltr'>τυραννήσαντες</span> 
     </span>
    </p>
   </div>
   <div class='ocr_carea' id='block_1_103' title="bbox 293 5283 1959 5363">
    <p class='ocr_par' dir='ltr' id='par_1_103' title="bbox 293 5283 1959 5363">
     <span class='ocr_line' id='line_1_103' title="bbox 293 5283 1959 5363; baseline -0.006 -16"><span class='ocrx_word' id='word_1_677' title='bbox 293 5292 441 5347; x_wconf 78' lang='grc' dir='ltr'>κατά</span> <span class='ocrx_word' id='word_1_678' title='bbox 485 5288 777 5363; x_wconf 81' lang='grc' dir='ltr'>Ῥωμαίων</span> <span class='ocrx_word' id='word_1_679' title='bbox 826 5283 1102 5363; x_wconf 74' lang='grc' dir='ltr'>ἔρχονται.</span> <span class='ocrx_word' id='word_1_680' title='bbox 1150 5287 1253 5344; x_wconf 85' lang='grc' dir='ltr'>Καὶ</span> <span class='ocrx_word' id='word_1_681' title='bbox 1309 5286 1519 5342; x_wconf 74' lang='grc' dir='ltr'>Μάλιον</span> <span class='ocrx_word' id='word_1_682' title='bbox 1570 5284 1868 5361; x_wconf 87' lang='grc' dir='ltr'>στρατηγὸν</span> <span class='ocrx_word' id='word_1_683' title='bbox 1902 5284 1959 5337; x_wconf 74' lang='grc' dir='ltr'>οἱ</span> 
     </span>
    </p>
   </div>
   <div class='ocr_carea' id='block_1_104' title="bbox 292 5373 1964 5453">
    <p class='ocr_par' dir='ltr' id='par_1_104' title="bbox 292 5373 1964 5453">
     <span class='ocr_line' id='line_1_104' title="bbox 292 5373 1964 5453; baseline -0.006 -16"><span class='ocrx_word' id='word_1_684' title='bbox 292 5380 599 5453; x_wconf 82' lang='grc' dir='ltr'>Ῥωμαίων</span> <span class='ocrx_word' id='word_1_685' title='bbox 639 5383 758 5434; x_wconf 79' lang='grc' dir='ltr'>κατ’</span> <span class='ocrx_word' id='word_1_686' title='bbox 815 5377 993 5434; x_wconf 80' lang='grc' dir='ltr'>αὐτῶν</span> <span class='ocrx_word' id='word_1_687' title='bbox 1049 5373 1392 5445; x_wconf 73' lang='grc' dir='ltr'>στέλλουσιν,</span> <span class='ocrx_word' id='word_1_688' title='bbox 1453 5374 1513 5439; x_wconf 78' lang='grc' dir='ltr'>ὅς</span> <span class='ocrx_word' id='word_1_689' title='bbox 1559 5374 1651 5429; x_wconf 77' lang='grc' dir='ltr'>καὶ</span> <span class='ocrx_word' id='word_1_690' title='bbox 1679 5373 1964 5449; x_wconf 83' lang='grc' dir='ltr'>τροπωσά-</span> 
     </span>
    </p>
   </div>
   <div class='ocr_carea' id='block_1_105' title="bbox 297 5461 1967 5545">
    <p class='ocr_par' dir='ltr' id='par_1_105' title="bbox 297 5461 1967 5545">
     <span class='ocr_line' id='line_1_105' title="bbox 297 5461 1967 5545; baseline -0.005 -21"><span class='ocrx_word' id='word_1_691' title='bbox 297 5489 472 5545; x_wconf 75' lang='grc' dir='ltr'>μενος</span> <span class='ocrx_word' id='word_1_692' title='bbox 504 5466 699 5530; x_wconf 75' lang='grc' dir='ltr'>αὖτοὺς</span> <span class='ocrx_word' id='word_1_693' title='bbox 729 5465 1081 5543; x_wconf 73' lang='grc' dir='ltr'>ὑπέστρεψεν.</span> <span class='ocrx_word' id='word_1_694' title='bbox 1113 5467 1212 5522; x_wconf 85' lang='grc' dir='ltr'>Ἦν</span> <span class='ocrx_word' id='word_1_695' title='bbox 1275 5461 1332 5520; x_wconf 82' lang='grc' dir='ltr'>δέ</span> <span class='ocrx_word' id='word_1_696' title='bbox 1387 5485 1472 5528; x_wconf 87' lang='grc' dir='ltr'>τις</span> <span class='ocrx_word' id='word_1_697' title='bbox 1524 5461 1585 5518; x_wconf 78' lang='grc' dir='ltr'>ἐκ</span> <span class='ocrx_word' id='word_1_698' title='bbox 1636 5466 1737 5518; x_wconf 77' lang='grc' dir='ltr'>τοῦ</span> <span class='ocrx_word' id='word_1_699' title='bbox 1768 5461 1967 5536; x_wconf 89' lang='grc' dir='ltr'>μέρους</span> 
     </span>
    </p>
   </div>
   <div class='ocr_carea' id='block_1_106' title="bbox 289 5545 1964 5631">
    <p class='ocr_par' dir='ltr' id='par_1_106' title="bbox 289 5545 1964 5631">
     <span class='ocr_line' id='line_1_106' title="bbox 289 5545 1964 5631; baseline -0.006 -16"><span class='ocrx_word' id='word_1_700' title='bbox 289 5564 411 5615; x_wconf 82' lang='grc' dir='ltr'>τῶν</span> <span class='ocrx_word' id='word_1_701' title='bbox 455 5556 684 5615; x_wconf 75' lang='grc' dir='ltr'>Γάλλων</span> <span class='ocrx_word' id='word_1_702' title='bbox 736 5555 1108 5631; x_wconf 81' lang='grc' dir='ltr'>καταγόμενος</span> <span class='ocrx_word' id='word_1_703' title='bbox 1159 5552 1551 5631; x_wconf 85' lang='grc' dir='ltr'>συγκλητικὸς,</span> <span class='ocrx_word' id='word_1_704' title='bbox 1593 5545 1964 5627; x_wconf 75' lang='grc' dir='ltr'>Φεϐρουάριος</span> 
     </span>
    </p>
   </div>
   <div class='ocr_carea' id='block_1_107' title="bbox 293 5638 1967 5720">
    <p class='ocr_par' dir='ltr' id='par_1_107' title="bbox 293 5638 1967 5720">
     <span class='ocr_line' id='line_1_107' title="bbox 293 5638 1967 5720; baseline -0.005 -18"><span class='ocrx_word' id='word_1_705' title='bbox 293 5645 739 5720; x_wconf 74' lang='grc' dir='ltr'>ὀνομαζόμενος.</span> <span class='ocrx_word' id='word_1_706' title='bbox 803 5644 970 5705; x_wconf 63' lang='grc' dir='ltr'>Οὗτος</span> <span class='ocrx_word' id='word_1_707' title='bbox 1031 5640 1245 5701; x_wconf 76' lang='grc' dir='ltr'>Μαλίου</span> <span class='ocrx_word' id='word_1_708' title='bbox 1301 5647 1397 5698; x_wconf 74' lang='grc' dir='ltr'>τοῖ’)</span> <span class='ocrx_word' id='word_1_709' title='bbox 1445 5642 1533 5696; x_wconf 76' lang='grc' dir='ltr'>καὶ</span> <span class='ocrx_word' id='word_1_710' title='bbox 1583 5638 1967 5697; x_wconf 83' lang='grc' dir='ltr'>Καπιτωλίνου</span> 
     </span>
    </p>
   </div>
   <div class='ocr_carea' id='block_1_108' title="bbox 591 5760 1268 5827">
    <p class='ocr_par' dir='ltr' id='par_1_108' title="bbox 591 5760 1268 5827">
     <span class='ocr_line' id='line_1_108' title="bbox 591 5760 1268 5827; baseline -0.003 -2"><span class='ocrx_word' id='word_1_711' title='bbox 591 5766 858 5827; x_wconf 74' lang='grc' dir='ltr'>ΡΑτιιοι..</span> <span class='ocrx_word' id='word_1_712' title='bbox 904 5764 1018 5823; x_wconf 76' lang='lat' dir='ltr'>Gn.</span> <span class='ocrx_word' id='word_1_713' title='bbox 1063 5760 1268 5824; x_wconf 83' lang='lat' dir='ltr'>CXXI.</span> 
     </span>
    </p>
   </div>
   <div class='ocr_carea' id='block_1_109' title="bbox 2061 4657 2570 4732">
    <p class='ocr_par' dir='ltr' id='par_1_109' title="bbox 2061 4657 2570 4732">
     <span class='ocr_line' id='line_1_109' title="bbox 2061 4657 2570 4732; baseline -0.01 -17"><span class='ocrx_word' id='word_1_714' title='bbox 2061 4661 2274 4732; x_wconf 82' lang='lat' dir='ltr'>jugum</span> <span class='ocrx_word' id='word_1_715' title='bbox 2298 4657 2570 4713; x_wconf 81' lang='lat' dir='ltr'>excussit.</span> 
     </span>
    </p>
   </div>
   <div class='ocr_carea' id='block_1_110' title="bbox 2142 4746 3711 4819">
    <p class='ocr_par' dir='ltr' id='par_1_110' title="bbox 2142 4746 3711 4819">
     <span class='ocr_line' id='line_1_110' title="bbox 2142 4746 3711 4819; baseline 0.003 -16"><span class='ocrx_word' id='word_1_716' title='bbox 2142 4748 2283 4804; x_wconf 90' lang='lat' dir='ltr'>Inde</span> <span class='ocrx_word' id='word_1_717' title='bbox 2316 4746 2518 4819; x_wconf 91' lang='lat' dir='ltr'>populi</span> <span class='ocrx_word' id='word_1_718' title='bbox 2550 4747 2611 4801; x_wconf 92' lang='lat' dir='ltr'>in</span> <span class='ocrx_word' id='word_1_719' title='bbox 2640 4746 2951 4818; x_wconf 88' lang='lat' dir='ltr'>republica</span> <span class='ocrx_word' id='word_1_720' title='bbox 2977 4753 3184 4819; x_wconf 91' lang='lat' dir='ltr'>postea</span> <span class='ocrx_word' id='word_1_721' title='bbox 3226 4751 3471 4806; x_wconf 83' lang='lat' dir='ltr'>Romam</span> <span class='ocrx_word' id='word_1_722' title='bbox 3525 4768 3711 4807; x_wconf 86' lang='lat' dir='ltr'>annos</span> 
     </span>
    </p>
   </div>
   <div class='ocr_carea' id='block_1_111' title="bbox 2076 4836 3711 4910">
    <p class='ocr_par' dir='ltr' id='par_1_111' title="bbox 2076 4836 3711 4910">
     <span class='ocr_line' id='line_1_111' title="bbox 2076 4836 3711 4910; baseline 0.001 -17"><span class='ocrx_word' id='word_1_723' title='bbox 2076 4836 2468 4908; x_wconf 86' lang='lat' dir='ltr'>quadraginta</span> <span class='ocrx_word' id='word_1_724' title='bbox 2515 4841 2636 4890; x_wconf 88' lang='lat' dir='ltr'>tres</span> <span class='ocrx_word' id='word_1_725' title='bbox 2694 4836 3078 4905; x_wconf 87' lang='lat' dir='ltr'>conservavit,</span> <span class='ocrx_word' id='word_1_726' title='bbox 3112 4836 3343 4893; x_wconf 87' lang='lat' dir='ltr'>duobus</span> <span class='ocrx_word' id='word_1_727' title='bbox 3393 4842 3711 4910; x_wconf 88' lang='lat' dir='ltr'>quotannis</span> 
     </span>
    </p>
   </div>
   <div class='ocr_carea' id='block_1_112' title="bbox 2075 4924 3710 4998">
    <p class='ocr_par' dir='ltr' id='par_1_112' title="bbox 2075 4924 3710 4998">
     <span class='ocr_line' id='line_1_112' title="bbox 2075 4924 3710 4998; baseline 0.001 -16"><span class='ocrx_word' id='word_1_728' title='bbox 2075 4926 2393 4998; x_wconf 91' lang='lat' dir='ltr'>imperium</span> <span class='ocrx_word' id='word_1_729' title='bbox 2424 4924 2944 4997; x_wconf 87' lang='lat' dir='ltr'>gerentibus,quos</span> <span class='ocrx_word' id='word_1_730' title='bbox 2974 4930 3040 4979; x_wconf 91' lang='lat' dir='ltr'>ut</span> <span class='ocrx_word' id='word_1_731' title='bbox 3068 4925 3344 4995; x_wconf 91' lang='lat' dir='ltr'>duces,ac</span> <span class='ocrx_word' id='word_1_732' title='bbox 3374 4928 3474 4998; x_wconf 91' lang='lat' dir='ltr'>qui</span> <span class='ocrx_word' id='word_1_733' title='bbox 3506 4930 3710 4983; x_wconf 89' lang='lat' dir='ltr'>consi-</span> 
     </span>
    </p>
   </div>
   <div class='ocr_carea' id='block_1_113' title="bbox 2075 5012 3711 5087">
    <p class='ocr_par' dir='ltr' id='par_1_113' title="bbox 2075 5012 3711 5087">
     <span class='ocr_line' id='line_1_113' title="bbox 2075 5012 3711 5087; baseline 0.001 -16"><span class='ocrx_word' id='word_1_734' title='bbox 2075 5017 2154 5071; x_wconf 92' lang='lat' dir='ltr'>lio</span> <span class='ocrx_word' id='word_1_735' title='bbox 2185 5013 2769 5087; x_wconf 82' lang='lat' dir='ltr'>praeirent,consules</span> <span class='ocrx_word' id='word_1_736' title='bbox 2790 5012 3209 5084; x_wconf 89' lang='lat' dir='ltr'>appellabant:</span> <span class='ocrx_word' id='word_1_737' title='bbox 3236 5016 3415 5071; x_wconf 65' lang='lat' dir='ltr'>Graeci</span> <span class='ocrx_word' id='word_1_738' title='bbox 3438 5017 3711 5087; x_wconf 85' lang='lat' dir='ltr'>hypatus,</span> 
     </span>
    </p>
   </div>
   <div class='ocr_carea' id='block_1_114' title="bbox 2077 5102 3712 5176">
    <p class='ocr_par' dir='ltr' id='par_1_114' title="bbox 2077 5102 3712 5176">
     <span class='ocr_line' id='line_1_114' title="bbox 2077 5102 3712 5176; baseline 0.001 -16"><span class='ocrx_word' id='word_1_739' title='bbox 2077 5104 2245 5176; x_wconf 89' lang='lat' dir='ltr'>quasi</span> <span class='ocrx_word' id='word_1_740' title='bbox 2305 5103 2467 5158; x_wconf 89' lang='lat' dir='ltr'>dicas</span> <span class='ocrx_word' id='word_1_741' title='bbox 2518 5117 2807 5169; x_wconf 86' lang='lat' dir='ltr'>summos,</span> <span class='ocrx_word' id='word_1_742' title='bbox 2868 5102 3198 5159; x_wconf 88' lang='lat' dir='ltr'>nominant.</span> <span class='ocrx_word' id='word_1_743' title='bbox 3245 5106 3324 5157; x_wconf 90' lang='lat' dir='ltr'>Eo</span> <span class='ocrx_word' id='word_1_744' title='bbox 3369 5105 3712 5175; x_wconf 69' lang='lat' dir='ltr'>reipublicaa</span> 
     </span>
    </p>
   </div>
   <div class='ocr_carea' id='block_1_115' title="bbox 2077 5191 3714 5264">
    <p class='ocr_par' dir='ltr' id='par_1_115' title="bbox 2077 5191 3714 5264">
     <span class='ocr_line' id='line_1_115' title="bbox 2077 5191 3714 5264; baseline 0 -14"><span class='ocrx_word' id='word_1_745' title='bbox 2077 5199 2232 5250; x_wconf 91' lang='lat' dir='ltr'>statu</span> <span class='ocrx_word' id='word_1_746' title='bbox 2265 5191 2413 5248; x_wconf 88' lang='lat' dir='ltr'>Gaili</span> <span class='ocrx_word' id='word_1_747' title='bbox 2442 5196 2781 5261; x_wconf 83' lang='lat' dir='ltr'>grassantes</span> <span class='ocrx_word' id='word_1_748' title='bbox 2812 5193 3143 5247; x_wconf 90' lang='lat' dir='ltr'>Romanum</span> <span class='ocrx_word' id='word_1_749' title='bbox 3174 5193 3491 5264; x_wconf 90' lang='lat' dir='ltr'>imperium</span> <span class='ocrx_word' id='word_1_750' title='bbox 3522 5195 3714 5252; x_wconf 88' lang='lat' dir='ltr'>adorti</span> 
     </span>
    </p>
   </div>
   <div class='ocr_carea' id='block_1_116' title="bbox 2077 5280 3714 5349">
    <p class='ocr_par' dir='ltr' id='par_1_116' title="bbox 2077 5280 3714 5349">
     <span class='ocr_line' id='line_1_116' title="bbox 2077 5280 3714 5349; baseline 0 -10"><span class='ocrx_word' id='word_1_751' title='bbox 2077 5287 2235 5339; x_wconf 89' lang='lat' dir='ltr'>sunt.</span> <span class='ocrx_word' id='word_1_752' title='bbox 2258 5282 2476 5336; x_wconf 88' lang='lat' dir='ltr'>Contra</span> <span class='ocrx_word' id='word_1_753' title='bbox 2505 5296 2652 5349; x_wconf 90' lang='lat' dir='ltr'>quos</span> <span class='ocrx_word' id='word_1_754' title='bbox 2682 5280 2901 5335; x_wconf 90' lang='lat' dir='ltr'>missus</span> <span class='ocrx_word' id='word_1_755' title='bbox 2932 5297 3067 5335; x_wconf 91' lang='lat' dir='ltr'>cum</span> <span class='ocrx_word' id='word_1_756' title='bbox 3097 5281 3359 5337; x_wconf 86' lang='lat' dir='ltr'>exercitu</span> <span class='ocrx_word' id='word_1_757' title='bbox 3380 5299 3415 5339; x_wconf 90' lang='lat' dir='ltr'>a</span> <span class='ocrx_word' id='word_1_758' title='bbox 3434 5286 3714 5341; x_wconf 82' lang='lat' dir='ltr'>Romanis</span> 
     </span>
    </p>
   </div>
   <div class='ocr_carea' id='block_1_117' title="bbox 2074 5365 3715 5439">
    <p class='ocr_par' dir='ltr' id='par_1_117' title="bbox 2074 5365 3715 5439">
     <span class='ocr_line' id='line_1_117' title="bbox 2074 5365 3715 5439; baseline 0.002 -14"><span class='ocrx_word' id='word_1_759' title='bbox 2074 5368 2324 5426; x_wconf 84' lang='lat' dir='ltr'>Manlius</span> <span class='ocrx_word' id='word_1_760' title='bbox 2346 5367 2420 5422; x_wconf 91' lang='lat' dir='ltr'>iis</span> <span class='ocrx_word' id='word_1_761' title='bbox 2440 5366 2629 5438; x_wconf 89' lang='lat' dir='ltr'>pulsis</span> <span class='ocrx_word' id='word_1_762' title='bbox 2654 5365 2993 5424; x_wconf 89' lang='lat' dir='ltr'>rediit.Erat</span> <span class='ocrx_word' id='word_1_763' title='bbox 3017 5368 3258 5439; x_wconf 88' lang='lat' dir='ltr'>quidam</span> <span class='ocrx_word' id='word_1_764' title='bbox 3278 5375 3406 5427; x_wconf 92' lang='lat' dir='ltr'>tum</span> <span class='ocrx_word' id='word_1_765' title='bbox 3428 5372 3489 5428; x_wconf 91' lang='lat' dir='ltr'>in</span> <span class='ocrx_word' id='word_1_766' title='bbox 3505 5380 3715 5429; x_wconf 86' lang='lat' dir='ltr'>senatu</span> 
     </span>
    </p>
   </div>
   <div class='ocr_carea' id='block_1_118' title="bbox 2074 5453 3717 5529">
    <p class='ocr_par' dir='ltr' id='par_1_118' title="bbox 2074 5453 3717 5529">
     <span class='ocr_line' id='line_1_118' title="bbox 2074 5453 3717 5529; baseline 0.002 -14"><span class='ocrx_word' id='word_1_767' title='bbox 2074 5456 2432 5515; x_wconf 89' lang='lat' dir='ltr'>Februarius</span> <span class='ocrx_word' id='word_1_768' title='bbox 2462 5453 2825 5511; x_wconf 88' lang='lat' dir='ltr'>Gallicarum</span> <span class='ocrx_word' id='word_1_769' title='bbox 2853 5457 3135 5528; x_wconf 88' lang='lat' dir='ltr'>partium.</span> <span class='ocrx_word' id='word_1_770' title='bbox 3170 5460 3246 5529; x_wconf 85' lang='lat' dir='ltr'>Is,</span> <span class='ocrx_word' id='word_1_771' title='bbox 3279 5477 3414 5517; x_wconf 88' lang='lat' dir='ltr'>cum</span> <span class='ocrx_word' id='word_1_772' title='bbox 3444 5463 3507 5518; x_wconf 90' lang='lat' dir='ltr'>in</span> <span class='ocrx_word' id='word_1_773' title='bbox 3532 5464 3717 5519; x_wconf 81' lang='lat' dir='ltr'>comi-</span> 
     </span>
    </p>
   </div>
   <div class='ocr_carea' id='block_1_119' title="bbox 2076 5544 3721 5619">
    <p class='ocr_par' dir='ltr' id='par_1_119' title="bbox 2076 5544 3721 5619">
     <span class='ocr_line' id='line_1_119' title="bbox 2076 5544 3721 5619; baseline 0 -14"><span class='ocrx_word' id='word_1_774' title='bbox 2076 5549 2227 5605; x_wconf 90' lang='lat' dir='ltr'>tium</span> <span class='ocrx_word' id='word_1_775' title='bbox 2259 5545 2521 5603; x_wconf 89' lang='lat' dir='ltr'>venisset</span> <span class='ocrx_word' id='word_1_776' title='bbox 2549 5544 2802 5601; x_wconf 85' lang='lat' dir='ltr'>Manlius</span> <span class='ocrx_word' id='word_1_777' title='bbox 2833 5545 2927 5602; x_wconf 93' lang='lat' dir='ltr'>cui</span> <span class='ocrx_word' id='word_1_778' title='bbox 2975 5556 3435 5619; x_wconf 87' lang='lat' dir='ltr'>cognomentum</span> <span class='ocrx_word' id='word_1_779' title='bbox 3479 5555 3569 5607; x_wconf 85' lang='lat' dir='ltr'>est</span> <span class='ocrx_word' id='word_1_780' title='bbox 3614 5553 3721 5606; x_wconf 86' lang='lat' dir='ltr'>Ca-</span> 
     </span>
    </p>
   </div>
   <div class='ocr_carea' id='block_1_120' title="bbox 2081 5635 3726 5711">
    <p class='ocr_par' dir='ltr' id='par_1_120' title="bbox 2081 5635 3726 5711">
     <span class='ocr_line' id='line_1_120' title="bbox 2081 5635 3726 5711; baseline -0.001 -17"><span class='ocrx_word' id='word_1_781' title='bbox 2081 5636 2335 5711; x_wconf 82' lang='lat' dir='ltr'>pitolini,</span> <span class='ocrx_word' id='word_1_782' title='bbox 2367 5635 2653 5707; x_wconf 88' lang='lat' dir='ltr'>utilisque</span> <span class='ocrx_word' id='word_1_783' title='bbox 2682 5635 2990 5691; x_wconf 68' lang='lat' dir='ltr'>sententiae</span> <span class='ocrx_word' id='word_1_784' title='bbox 3020 5643 3225 5693; x_wconf 86' lang='lat' dir='ltr'>auctor</span> <span class='ocrx_word' id='word_1_785' title='bbox 3271 5638 3501 5707; x_wconf 88' lang='lat' dir='ltr'>fuisset,</span> <span class='ocrx_word' id='word_1_786' title='bbox 3558 5654 3726 5709; x_wconf 85' lang='lat' dir='ltr'>pera-</span> 
     </span>
    </p>
   </div>
   <div class='ocr_carea' id='block_1_121' title="bbox 3369 5755 3450 5817">
    <p class='ocr_par' dir='ltr' id='par_1_121' title="bbox 3369 5755 3450 5817">
     <span class='ocr_line' id='line_1_121' title="bbox 3369 5755 3450 5817; baseline -0.049 0"><span class='ocrx_word' id='word_1_787' title='bbox 3369 5755 3450 5817; x_wconf 85' lang='grc' dir='ltr'>1ο</span> 
     </span>
    </p>
   </div>
  </div>
