4118 6284
313 409 434 470 303
1669 407 1994 469 GEORGII
2038 405 2378 466 CEDBENI
3607 409 3725 469 304

312 547 671 618 Ephzestioni
696 545 1204 618 mandataJtaque
1234 545 1309 601 ad
1339 547 1629 602 Oceanam
1663 545 1949 617 pervenit.

2072 541 2342 612 ἐποίησεν,
2382 539 2474 595 καὶ
2530 541 2629 608 τὴν
2691 538 2966 614 βασιλείαν
3027 537 3196 608 αὐτῆς
3251 541 3339 594 καὶ
3397 541 3498 608 τὴν
3529 539 3718 616 χώραν

317 635 640 704 Post,bello
665 651 800 690 cum
822 633 1124 690 Xandame
1147 651 1282 706 rcge
1303 635 1675 706 facto,eoque
1698 635 1868 706 pulso
1891 632 1964 688 ad

317 724 710 778 Brachmanes
725 724 1242 794 pervenit.Horum
1256 724 1667 780 admirabilem
1682 739 1748 778 ac
1762 723 1967 778 huma-

315 829 394 868 na
421 813 717 883 potiorem
750 813 948 880 vitam,
1006 813 1288 883 pietatem
1320 818 1380 868 et
1418 813 1643 868 cultum
1700 813 1824 880 Dei,
1863 810 1964 882 qui

313 901 573 956 universi
593 905 684 955 est
699 901 1700 974 Dominus.expertus,summopere
1715 901 1966 956 istorum

313 990 610 1045 hominum
625 989 1046 1046 estadmiratus
1059 991 1489 1062 philosophiam
1503 992 1646 1056 .Quo
1657 990 1788 1046 loco
1802 989 1971 1046 etiam

313 1079 593 1135 columna
605 1079 798 1150 posita
811 1079 1132 1151 inscripsit:
1143 1081 1456 1151 Hucusque
1472 1095 1576 1153 ego
1598 1096 1700 1134 rex
1713 1079 1966 1134 Alexan-

316 1169 424 1223 der
451 1183 704 1240 magnus
751 1168 1006 1239 perrexi.
1058 1169 1290 1224 Etenim
1322 1171 1383 1224 in
1434 1187 1504 1224 ea
1552 1168 1749 1224 insula
1795 1169 1960 1223 habi-

331 1262 461 1314 tant
515 1257 617 1328 qui
676 1276 710 1312 ιι
764 1256 1071 1313 vivacitate
1127 1259 1402 1314 Macrobii
1463 1258 1762 1326 dicuntur,
1829 1257 1970 1328 quia

327 1347 598 1418 plerique
649 1346 912 1418 ipsorum
963 1364 1152 1403 annos
1201 1347 1438 1402 circiter
1471 1351 1570 1401 150
1617 1347 1839 1401 vivunt.
1881 1347 1970 1400 Fit

320 1435 436 1490 hoc
463 1435 536 1489 ob
570 1435 820 1491 multam
853 1436 1008 1491 aeris
1037 1437 1356 1508 puritatem
1388 1453 1455 1492 ac
1485 1436 1774 1508 optimam
1818 1440 1970 1490 tem-

321 1523 572 1595 periem.
631 1525 834 1595 Neque
889 1524 1014 1579 ullo
1073 1530 1338 1597 tempore
1395 1525 1554 1580 ullus
1602 1526 1682 1580 ibi
1741 1525 1969 1579 fructus

318 1613 509 1682 deest,
570 1613 672 1668 sed
731 1613 848 1668 alio
908 1615 1159 1669 ﬂorente
1215 1615 1368 1670 alius
1409 1615 1536 1686 jam
1597 1614 1965 1678 maturescit,

313 1703 468 1759 alius
497 1703 852 1776 decerpitur.
887 1705 972 1759 Ibi
1003 1706 1180 1760 etiam
1211 1706 1484 1762 maximae
1514 1705 1729 1760 Indicae
1781 1720 1963 1760 nuces

318 1793 768 1862 proveniunt,et
790 1811 920 1865 quae
944 1794 1016 1849 ad
1041 1812 1151 1850 nos
1179 1795 1500 1850 difﬁculter
1519 1795 1874 1866 perveniunt
1897 1811 1964 1849 ac

2075 625 2293 700 ἀϐλαϐῆ
2353 627 2688 708 διεφύλαξεν.
2749 629 2984 692 Ἐκεῖθεν
3043 625 3098 682 δὲ
3149 627 3288 700 πρὸς
3345 629 3576 706 Ἀφασιν
3632 631 3729 684 καὶ

2075 717 2304 794 Γάδειρα
2351 720 2442 774 καὶ
2488 719 2556 773 τά
2604 719 2968 793 Βρεττανήσια
3012 715 3136 786 ἔθνη
3185 718 3496 792 γενόμενος,
3535 717 3726 796 χιλίας

2071 829 2130 862 τε
2173 804 2410 869 ὁλκάδας
2457 807 3016 878 κατασκευασάμενος,
3074 805 3233 868 αὐτὸς
3293 807 3386 880 μὶν
3439 807 3504 861 τὸ
3555 805 3730 880 δεξιὸν

2073 895 2170 950 τοῦ
2203 893 2429 953 Ἰνδικοῦ
2482 899 2736 970 ποταμοῦ
2784 892 2994 950 διέπλει
3057 892 3240 968 μέρος,
3281 894 3636 971 Ἡφαιστίωνι
3671 891 3732 950 δὲ

2075 985 2136 1040 τὸ
2164 981 2344 1060 ἕτερον
2404 983 2711 1061 ἐγχειρίσας
2765 983 2851 1038 ἐπὶ
2908 983 3310 1038 τὸν.²Ωκεανὸν
3363 983 3589 1053 ἀνῆλθε.
3636 987 3729 1056 Τῷ

2077 1072 2135 1130 δὲ
2167 1073 2386 1150 βασιλεῖ
2413 1071 2676 1148 Ξανδᾶμῃ
2723 1071 3044 1146 πολεμήσας
3093 1073 3180 1127 καὶ
3212 1069 3404 1128 τοῦτον
3434 1072 3730 1146 τροπωσά-

2081 1185 2236 1236 μενος
2283 1163 2420 1241 πρὸς
2479 1164 2608 1225 τοὺς
2663 1167 2990 1238 Βραχμᾶνας
3049 1161 3290 1240 ἀφίκετο,
3349 1163 3423 1216 ὧν
3481 1162 3573 1216 καὶ
3627 1163 3722 1218 τὸν

2076 1253 2372 1326 θαυμάσιον
2429 1251 2518 1308 καὶ
2581 1253 2714 1326 ὑπὲρ
2772 1251 3058 1328 ἂνθρωπον
3093 1250 3212 1326 βίον
3251 1251 3339 1306 καὶ
3395 1254 3498 1320 τήν
3531 1251 3606 1315 εἰς
3636 1251 3729 1306 τὸν

2076 1341 2286 1397 πάντων
2337 1342 2463 1397 Θεὸν
2521 1336 2790 1396 εὐσέϐειάν
2845 1362 2902 1395 τε
2958 1341 3046 1394 καὶ
3105 1339 3354 1415 λατρείαν
3396 1342 3728 1413 μεπαθηκὼς

2075 1429 2393 1504 κατεπλάγη
2443 1432 2601 1502 πάνυ,
2651 1431 2743 1484 καὶ
2797 1430 3010 1503 ἠράσθη
3055 1429 3154 1498 τήν
3203 1433 3312 1484 τῶν
3346 1427 3553 1504 ἀνδρῶν
3587 1429 3735 1486 ἐκεί-

2073 1543 2177 1575 νων
2211 1519 2554 1600 φιλοσοφίαν.
2587 1521 2674 1576 Ἑν
2705 1520 2751 1592 ᾧ
2779 1521 2934 1592 τόπῳ
2989 1519 3079 1572 καὶ
3139 1521 3350 1589 στήλην
3393 1519 3596 1589 στήσας
3626 1517 3727 1573 ἐπ-

2075 1598 2322 1686 έγραψεψ
2367 1609 2512 1684 Ἐγὼ
2571 1611 2734 1686 μέγας
2795 1598 3148 1683 ἈἿιὲξανδρος
3207 1605 3357 1684 βασι)
3375 1607 3464 1670 si):
3519 1605 3728 1686 ἔφθασα

2078 1701 2246 1774 μέχρι
2275 1698 2496 1756 τούτου.
2537 1699 2623 1755 Ἐν
2655 1697 2831 1774 ἐκείνῃ
2889 1697 2993 1772 γὰρ
3051 1701 3120 1771 τῇ
3179 1699 3334 1770 νήσῳ
3377 1702 3727 1752 κατοικοῦσιν

2076 1791 2128 1842 οἱ
2155 1787 2446 1864 λεγόμενοι
2479 1782 2806 1860 Μακρόϐιοι·
2843 1791 2972 1856 ζῶσι
3033 1789 3134 1862 γὰρ
3187 1787 3242 1840 οἱ
3273 1784 3500 1846 πλείους
3546 1787 3728 1840 αὐτῶν

316 1882 576 1936 maximo
591 1881 959 1938 habenturin
973 1884 1164 1954 pretio
1178 1888 1772 1956 aromata,etmagnes
1791 1881 1957 1953 lapis.

2070 1877 2192 1951 περὶ
2223 1877 2290 1932 τὰ
2319 1877 2505 1932 ἑκατὸν
2547 1877 2886 1947 πεντήκοντα
2943 1873 3036 1946 ἔτη
3079 1874 3168 1930 διά
3221 1871 3441 1944 πολλὴν
3492 1875 3737 1951 καταρὸ-

315 1989 454 2038 τητα
482 1968 572 2022 καὶ
605 1969 888 2044 εὐκρασίαν
919 1975 1017 2024 τοῦ
1051 1970 1224 2046 ἀέρος.
1260 1968 1540 2028 Οὐδέποτε
1569 1973 1672 2046 γαρ
1704 1969 1755 2025 ἐν
1785 1971 1925 2042 αὐτῇ
1976 1966 2153 2023 λείπει
2208 1965 2398 2042 ὀπώρα
2441 1967 2672 2022 παντοία
2710 1966 2799 2020 τὸν
2851 1963 2980 2020 ὅλον
3018 1965 3238 2040 χρόνον·
3275 1965 3326 2018 ἐν
3362 1963 3530 2038 ταύτῃ
3557 1962 3661 2040 γάρ
3694 1965 3730 2033 ἡ

312 2057 410 2128 μὲν
439 2057 606 2130 ἀνθεῖ,
637 2060 673 2127 ἡ
707 2055 763 2112 δὲ
795 2058 1108 2132 όμφακίζει,
1141 2061 1175 2128 ἡ
1211 2056 1267 2114 δὲ
1295 2065 1580 2136 τρυγᾶται.
1615 2059 1714 2114 Καὶ
1742 2080 1802 2134 γε
1828 2057 2012 2114 καὶτὰ
2046 2055 2273 2131 μέγιστα
2305 2053 2504 2114 Ἰνδικά
2529 2057 2776 2131 γίνονται
2806 2056 2981 2132 κάρυα
3009 2055 3100 2110 καὶ
3130 2054 3198 2110 τά
3227 2052 3558 2128 δυσπόριστα
3588 2055 3732 2125 ἡμῖν

311 2145 404 2200 καὶ
431 2145 808 2222 πανεπέραστα
836 2146 1100 2221 ἀρώματα
1130 2148 1221 2202 καὶ
1250 2151 1284 2219 ἡ
1323 2155 1593 2224 μαγνῆτις
1629 2147 1804 2213 λίθος.

389 2236 544 2292 268
577 2237 974 2293 Brachmanas
1005 2255 1180 2309 porro
1221 2255 1362 2310 gens
1395 2244 1484 2294 est
1543 2237 1962 2312 religiossima.

316 2324 513 2380 Vitam
543 2343 723 2397 opum
755 2326 999 2382 omnino
1031 2333 1335 2399 expertem
1361 2327 1836 2401 agunt,nudique
1869 2327 1967 2382 de—

316 2421 524 2487 gentes
583 2415 814 2471 assidue
871 2418 1058 2472 Deum
1099 2417 1364 2473 laudant.
1396 2417 1568 2489 Apud
1617 2434 1717 2472 eos
1769 2433 1964 2488 neque

317 2503 733 2577 quadrupedes
765 2522 957 2576 neque
989 2507 1350 2580 agricultura
1377 2511 1684 2578 est,neque
1715 2506 1964 2575 ferrum,

313 2609 510 2664 neque
546 2594 1090 2666 aediﬁcium,neque
1123 2596 1496 2667 ignis,neque
1527 2611 1963 2666 aurum,neque

313 2689 850 2756 argentum,neque
881 2685 1277 2757 panis,neqne
1307 2686 1732 2757 vinum,neque
1762 2685 1956 2755 vestis,

316 2789 511 2844 neque
569 2773 765 2828 carnis
823 2791 980 2839 esus,
1039 2792 1232 2846 neque
1301 2775 1547 2831 omnino
1632 2775 1960 2847 quidquam

315 2877 524 2918 eorum
546 2878 678 2934 qum
703 2863 777 2920 ad
811 2880 960 2935 opus
988 2863 1325 2920 faciendum
1352 2871 1454 2921 aut
1472 2865 1813 2920 fruitionem
1835 2880 1963 2936 per-

313 2951 540 3007 tinent:
573 2951 678 3008 sed
707 2951 1268 3024 liquidum,dulcem
1299 2954 1640 3026 optimeque
1673 2957 1962 3025 tempera-

310 3045 437 3098 tum
463 3047 522 3098 et
548 3043 1020 3115 pulcherrimum
1051 3059 1273 3110 aerem,
1301 3043 1500 3100 omnis
1529 3043 1960 3100 imbecillitatis

310 3135 412 3186 aut
442 3131 794 3204 corruptelas
825 3149 1074 3188 vacuum
1105 3132 1448 3188 haurientes
1481 3137 1540 3188 et
1585 3132 1957 3204 aliquantulo

311 3220 548 3293 frugum
570 3239 637 3278 ac
658 3221 1096 3294 limpidissimae
1117 3239 1285 3293 aquae
1303 3225 1821 3292 vescentes,Deum
1836 3223 1956 3277 sin~

2150 2235 2216 2292 Οἱ
2271 2235 2451 2290 τοίνυν
2513 2240 2836 2310 Βραχμᾶνες
2907 2227 3058 2295 ἔθνος
3133 2231 3264 2286 εἰσὶν
3324 2227 3730 2302 εὐσεϐέστατον,

2079 2322 2195 2398 βίον
2225 2323 2508 2397 ἀκτήμονά
2561 2320 2768 2403 σφόδρα
2824 2320 3172 2394 κεκτημένοι,
3229 2319 3320 2374 καὶ
3351 2323 3573 2394 γυμνῶς
3605 2317 3732 2372 δια-

2079 2417 2271 2482 ζῶντες
2303 2413 2385 2467 ἀεὶ
2415 2413 2508 2468 τὸν
2539 2413 2666 2468 Θεὸν
2725 2409 3026 2481 δοξάζουσι.
3079 2409 3208 2483 Παρ¹
3241 2410 3329 2470 οἷς
3362 2407 3424 2463 οὐ
3453 2407 3726 2483 τετράποο

2075 2500 2165 2556 δον
2194 2499 2356 2572 ἔστιν,
2389 2503 2449 2558 οὐ
2477 2503 2767 2577 γεώργιον,
2800 2501 2865 2554 οὐ
2916 2497 3158 2572 σίδηρος,
3192 2497 3292 2552 οὐκ
3321 2493 3618 2569 οἰκοδομὴ,
3653 2495 3724 2551 οὐ

2073 2596 2200 2668 πῦρ,
2234 2591 2300 2647 οὐ
2331 2592 2557 2668 χρυσὸς,
2590 2591 2691 2646 οὐκ
2737 2589 2992 2664 ἄργυρος,
3051 2587 3150 2642 οὐκ
3203 2585 3388 2664 ἄρτος,
3423 2585 3520 2640 οὐκ
3548 2585 3727 2652 οἶνος,

2074 2681 2182 2756 οὐχ
2210 2683 2448 2756 ἱμάτιον,
2483 2681 2542 2735 οὐ
2573 2679 2908 2758 κρεωφαγία,
2957 2677 3060 2732 οὐκ
3087 2674 3230 2731 ἄλλο
3261 2696 3314 2728 τι
3348 2677 3432 2748 [Ρ.
3468 2677 3590 2746 153]
3613 2677 3726 2728 τῶν

2072 2771 2148 2833 εἷς
2179 2769 2430 2846 ἐργασίαν
2463 2767 2862 2824 συντελούντων
2894 2763 2930 2834 ἤ
2975 2766 3110 2840 πρὸς
3161 2762 3462 2819 ἀπόλαυσιν
3511 2783 3728 2816 συντει-

2069 2859 2286 2915 νόντων·
2329 2857 2476 2914 ἀλλᾶ
2528 2858 2619 2912 τὸν
2683 2857 2844 2934 ὑγρὸν
2900 2855 2990 2909 καὶ
3043 2852 3248 2930 γλυκὺν
3297 2852 3396 2911 ,καὶ
3454 2847 3718 2925 εὔκρατον

2071 2951 2199 3026 ἀγαν
2225 2949 2316 3004 καὶ
2373 2947 2668 3004 κάλλιπον
2728 2947 2858 3021 ἀέρα
2913 2944 3005 2999 καὶ
3062 2943 3239 3013 πάσης
3291 2940 3594 3018 ἀρρωστίας
3625 2945 3728 2998 καὶ

2071 3043 2272 3116 φθορᾶς
2302 3035 2738 3114 ἀπηλλαγμένον
2791 3039 3048 3102 σπῶντες,
3102 3031 3192 3086 καὶ
3253 3037 3452 3105 μικρᾶς
3500 3030 3729 3105 ὀπώρας

2068 3130 2157 3185 καὶ
2185 3127 2548 3185 διειδεστάτου
2603 3125 2798 3192 ὕδατος
2850 3123 3240 3195 ἀπολαύοντες,
3299 3118 3543 3178 σέϐονται
3575 3142 3725 3198 γνη-

2069 3221 2201 3282 σίως
2231 3220 2323 3274 τὸν
2353 3219 2482 3275 Θεὸν
2529 3217 2618 3274 καὶ
2669 3214 3032 3278 ἀδιαλείπτως
3077 3213 3496 3289 προσεύχονται.
3532 3212 3632 3266 Καὶ
3663 3211 3722 3266 οἱ

309 3325 443 3365 cere
474 3311 678 3366 colunt
708 3327 776 3366 ac
805 3316 1090 3382 perpetuo
1119 3317 1456 3382 precantur.
1470 3312 1586 3366 Viri
1617 3311 1860 3383 quidem
1881 3311 1956 3368 ad

2068 3309 2160 3382 μὲν
2196 3305 2378 3384 ἂνδρες
2410 3308 2485 3370 εἰς
2515 3309 2576 3362 τὸ
2605 3311 2702 3362 τοῦ
2734 3309 2987 3361 Ὠκεανοῦ
3037 3302 3202 3378 μέρος
3249 3301 3624 3376 παροικοῦσιν,
3657 3299 3720 3354 αἱ

311 3397 610 3453 Oceanum
636 3398 928 3466 incolunt,
963 3399 1245 3454 mulieres
1276 3405 1474 3455 autem
1506 3400 1646 3456 inde
1695 3401 1771 3456 ad
1801 3402 1956 3457 Gan-

309 3502 444 3557 gem
475 3486 721 3542 ﬂuvium
769 3487 972 3554 Indiae,
1008 3487 1109 3558 qui
1158 3487 1221 3543 in
1259 3489 1558 3544 Oceanum
1608 3487 1816 3542 effluit.
1869 3485 1956 3542 Ad

309 3575 593 3632 mulieres
614 3576 921 3648 trajiciunt
949 3577 1060 3632 viri
1076 3577 1230 3632 Julio
1254 3583 1311 3633 et
1335 3580 1597 3651 Augusto
1621 3575 1953 3640 mensibus,

309 3665 524 3735 quibus
553 3665 890 3738 frigidiores
922 3671 1080 3736 sunt,
1111 3665 1235 3721 sole
1265 3667 1339 3722 ad
1371 3683 1478 3722 nos
1511 3671 1570 3722 et
1598 3665 1957 3737 septentrio-

307 3770 416 3810 nes
447 3759 666 3811 evecto.
698 3757 902 3827 Itaque
922 3755 963 3810 ii
995 3771 1235 3811 menses
1266 3756 1719 3828 temperatiores
1749 3770 1850 3810 eos
1880 3753 1955 3808 ad

309 3844 599 3900 Venerem
642 3843 924 3900 dicuntur
973 3843 1301 3900 stimulare.
1355 3846 1478 3910 Quo
1526 3850 1697 3916 pacto
1758 3845 1954 3900 Nilum

309 3948 546 4004 quoque
573 3949 695 3988 non
726 3932 934 3988 eodem
967 3949 1084 4004 quo
1117 3933 1266 3988 alios
1297 3950 1506 3990 amnes
1539 3940 1802 4006 tempore
1859 3933 1953 3988 in-

309 4037 574 4080 crescere
607 4021 944 4091 dicunt,sed
975 4021 1173 4078 media
1201 4027 1405 4078 aestate
1436 4025 1745 4096 Egyptum
1779 4023 1958 4078 inun-

307 4109 474 4178 dare,
525 4112 744 4184 quippe
794 4111 919 4166 sole
979 4117 1118 4167 tunc
1168 4112 1558 4184 septentrioni
1609 4112 1954 4168 viciniorem

309 4207 692 4271 percurrente
723 4218 930 4258 zonam
959 4202 1223 4274 aliosque
1248 4202 1456 4258 ﬂuvios
1482 4209 1730 4258 vexante
1761 4209 1820 4259 et
1848 4203 1956 4259 im-

307 4291 681 4362 minuente,a
709 4291 838 4347 Nilo
861 4297 1059 4348 autem
1093 4298 1217 4347 tum
1249 4292 1594 4364 longissime
1614 4291 1952 4348 recedente.

307 4381 705 4436 Brachmanes
719 4379 1110 4452 quadraginta
1132 4379 1260 4436 dies
1286 4396 1423 4435 cum
1437 4379 1720 4436 uxoribus
1743 4381 1954 4436 morati

303 4485 544 4526 rursum
573 4469 649 4524 ad
680 4485 788 4524 sua
824 4467 1192 4523 redeunt.Ad
1223 4468 1536 4523 mulierem
1580 4475 1714 4540 post
1743 4487 1954 4525 secun-

305 4557 449 4612 dum
497 4561 732 4628 partum
783 4556 1034 4612 maritus
1082 4573 1262 4628 porro
1310 4573 1433 4611 non
1467 4558 1733 4629 trajicit;
1775 4565 1954 4630 atque

2063 3397 2121 3454 δὲ
2168 3403 2418 3474 γυναῖκες
2477 3397 2708 3453 ἐντεῦθεν
2765 3401 2864 3452 τοῦ
2920 3398 3172 3468 ποταμοῦ
3230 3394 3446 3468 Γάγγου
3483 3395 3580 3447 τοῦ
3611 3411 3720 3445 πα-

2064 3485 2384 3562 ραρρέοντος
2414 3486 2490 3550 εἷς
2547 3487 2638 3542 τὸν
2695 3484 2965 3556 Ὠκεανὸν,
3034 3481 3124 3538 ἰπὶ
3168 3482 3230 3536 τὸ
3257 3487 3360 3550 τῆς
3393 3477 3587 3542 Ἰνδίας
3621 3478 3723 3552 μὲ-

2063 3597 2178 3651 ρος.
2211 3579 2276 3636 Οἱ
2305 3581 2433 3652 γοῦν
2467 3573 2651 3650 ἄνδρες
2679 3579 2885 3649 περῶσι
2917 3572 3053 3648 πρὸς
3084 3571 3178 3634 τὶς
3211 3576 3468 3648 γυναῖκας
3495 3565 3725 3641 Ἰουλίῳ

2061 3666 2152 3720 καὶ
2183 3665 2478 3740 Αὐγούστῳ
2521 3665 2672 3740 μηνὶ,
2703 3663 2831 3740 παρ’
2889 3665 2972 3725 οἷς
3023 3660 3330 3737 ὑπάρχουσι
3361 3657 3727 3734 ψυχρότεροι.

2060 3760 2157 3810 τοῦ
2189 3754 2354 3826 ἡλίου
2384 3755 2520 3830 πρὸς
2573 3756 2721 3826 ἡμᾶς
2777 3751 2868 3807 καὶ
2925 3751 3062 3823 πρὸς
3123 3747 3323 3824 βοῤῥᾶν
3387 3743 3723 3822 ὒψωθίητος,

2063 3847 2115 3900 οἳ
2165 3866 2228 3922 γε
2281 3845 2370 3900 καὶ
2428 3842 2804 3918 εὐκρατότεροι
2854 3839 3132 3914 γινόμενοι
3180 3837 3316 3913 πρὸς
3363 3836 3581 3909 οἶστρον
3611 3834 3718 3889 αὐ-

2062 3934 2192 3998 τοὺς
2218 3939 2380 3989 κινεῖν
2423 3931 2695 4009 λέγουσιν,
2730 3930 2913 4004 ὥσπερ
2961 3926 3028 3996 δὴ
3078 3926 3171 3982 καὶ
3199 3926 3290 3981 τὸν
3326 3923 3520 3980 Νεῖλόν
3557 3944 3720 4002 φασιν

2064 4023 2126 4078 οὐ
2157 4023 2291 4078 κατὰ
2346 4023 2438 4078 τὸν
2493 4021 2651 4077 αὐτὸν
2711 4020 2757 4056 ³⁸
2813 4023 2932 4080 τοῖς
2990 4015 3186 4079 ἄλλοις
3237 4013 3594 4088 πλημμυρεῖν
3623 4013 3722 4069 καὶ

2065 4115 2174 4188 ῥεῖν
2201 4117 2495 4186 ποταμοῖς,
2546 4107 2693 4164 ἀλλὰ
2742 4109 2831 4163 καὶ
2884 4109 3174 4180 μεσοῦντος
3229 4103 3326 4158 τοῦ
3376 4102 3564 4179 θέρους
3593 4101 3721 4157 ἐπι-

2061 4202 2278 4272 κλύζειν
2305 4203 2404 4271 τῆν
2434 4198 2726 4274 Αἴγυπτον,
2769 4189 2844 4258 ὡς
2901 4200 2997 4251 τοῦ
3053 4215 3113 4271 γε
3169 4191 3384 4254 πάντως
3415 4191 3583 4264 ἡλίου
3610 4193 3714 4262 τὴν

2066 4287 2410 4365 βορειοτέραν
2467 4285 2774 4346 διαθέοντος
2834 4285 3010 4354 ζώνην
3053 4282 3144 4338 καὶ
3189 4285 3310 4342 τοῖς
3341 4278 3540 4342 ἄλλοις
3565 4298 3720 4353 παρ-

2063 4377 2422 4454 ενοχλοῦντος
2475 4380 2747 4448 ποταμοῖς
2799 4372 2888 4428 καὶ
2943 4369 3354 4448 σμικρύνοντος,
3407 4369 3602 4424 τούτου
3658 4365 3721 4423 δὲ

2061 4465 2320 4524 πλεῖστον
2371 4463 2694 4542 ἀπέχοντος.
2751 4464 2848 4518 Καὶ
2902 4463 3228 4532 ποιήσαντες
3280 4459 3415 4532 μετὰ
3461 4461 3568 4514 τῶν
3617 4478 3720 4534 γυο

2061 4561 2260 4612 ναικῶν
2294 4555 2470 4612 αὐτῶν
2519 4554 2728 4628 ἡμέρας
2791 4553 2846 4626 μ’
2903 4549 3068 4606 πάλιν
3124 4548 3476 4624 ἀντιπερῶσι.
3509 4548 3629 4616 Τῆς
3659 4543 3720 4602 δὲ

304 4647 421 4718 ipsi
451 4663 586 4702 cum
619 4647 736 4702 alio
768 4647 920 4702 269
953 4646 1165 4702 exinde
1195 4647 1318 4702 viro
1349 4664 1472 4702 rem
1497 4648 1715 4705 habere
1746 4650 1952 4722 religio

2068 4647 2310 4724 γυναικὸς
2357 4643 2451 4700 δύο
2501 4641 2692 4699 παιδία
2739 4640 3078 4716 γεννησάσης
3127 4636 3310 4692 οὐκέτι
3341 4637 3370 4690 ὁ
3397 4635 3536 4710 ἀνήρ
3566 4635 3722 4690 ἀντι-

2167 4742 2195 4750 ..
2337 4735 2351 4750 ι
2483 4733 2498 4750 9
2555 4735 2570 4750 ι
2722 4729 2750 4750 ν
2928 4730 2942 4750 ς
3045 4729 3168 4750 11,,
3232 4723 3707 4750 ,\,_.'_r-_1_1--_

303 4741 410 4791 est.
449 4734 669 4800 Quodsi
701 4751 877 4806 quam
913 4735 1176 4791 sterilem
1223 4753 1354 4792 esse
1385 4737 1708 4809 contingat,
1763 4755 1953 4810 usque

301 4825 378 4881 ad
409 4824 888 4896 quinquennium
921 4841 1050 4880 eam
1107 4826 1356 4881 maritus
1405 4826 1606 4880 invisit
1638 4843 1651 4895 ;
1696 4832 1754 4882 et
1783 4828 1830 4882 si
1883 4846 1949 4884 eo

300 4915 659 4970 circumacto
690 4931 815 4970 non
866 4914 1076 4985 pariat,
1108 4931 1178 4970 ea
1207 4915 1270 4970 in
1323 4921 1628 4986 posterum
1668 4915 1945 4974 abstinet.

303 5007 390 5060 Ita
421 5005 488 5060 ﬁt
515 5010 582 5059 ut
611 5020 734 5060 non
758 5004 837 5058 sit
855 5003 1013 5075 apud
1035 5003 1195 5075 ipsos
1226 5003 1536 5059 hominum
1559 5003 1944 5074 abundantia,

303 5108 436 5149 cum
495 5099 554 5150 et
607 5109 800 5168 pauca
843 5092 1186 5148 desiderent
1215 5097 1274 5150 et
1313 5100 1526 5149 natura
1573 5094 1946 5151 continentes

303 5181 442 5238 sint.
474 5183 742 5240 Fluvium
773 5189 972 5238 autem
1023 5199 1255 5238 summo
1286 5199 1424 5240 cum
1471 5184 1738 5256 periculo
1777 5185 1948 5240 aiunt

298 5271 493 5341 trajici
520 5279 766 5344 propter
793 5273 1338 5343 odontotyrannum
1371 5273 1564 5345 (quasi
1588 5272 1636 5328 si
1660 5273 1822 5328 dente
1849 5289 1947 5329 sx-

300 5361 538 5416 vientem
566 5361 750 5434 dicas)
778 5361 1051 5418 bestiam.
1087 5363 1188 5418 Est
1235 5367 1436 5418 autem
1465 5362 1679 5435 ingens
1736 5362 1942 5418 admo-

299 5448 464 5517 dum,
497 5448 645 5505 adeo
673 5455 742 5506 ut
770 5451 1068 5523 integrum
1097 5451 1286 5523 possit
1325 5451 1705 5524 elephantum
1737 5451 1946 5526 deglu-

298 5539 608 5612 tire.Degit
629 5555 698 5595 eo
718 5539 781 5594 in
805 5538 1212 5610 ﬂumine,cum
1236 5541 1480 5613 quidem
1501 5542 1679 5596 etiam
1702 5541 1763 5596 in
1787 5546 1945 5598 terra

294 5628 492 5684 vivere
524 5626 758 5696 solent;
789 5627 946 5698 quod
974 5644 1160 5700 genus
1190 5629 1474 5686 animalia
1503 5630 1686 5685 Graeci
1717 5631 1942 5703 amphi-

297 5715 397 5774 bia
429 5715 653 5774 dicunt.
687 5717 769 5773 Ea
797 5715 990 5771 bestia
1021 5716 1120 5771 Dei
1156 5715 1334 5788 jussu
1365 5717 1759 5790 quadraginta
1795 5719 1942 5775 istos

2061 4723 2198 4812 περᾷ
2247 4735 2383 4811 πρός
2440 4733 2628 4803 αὐτὴν,
2689 4729 2814 4787 οὐτε
2875 4730 2984 4803 μὴν
3043 4729 3192 4798 ἐκίνη
3223 4723 3712 4798 πλησιάξειὲτέρφ

2061 4809 2210 4899 ἀνδρὶ
2243 4809 2332 4880 διὰ
2361 4821 2582 4893 πολλὴν
2613 4814 2922 4876 εὐλάϐειαν.
3077 4814 3137 4872 δὲ
3185 4809 3370 4888 συμϐῇ
3417 4818 3632 4888 στεῖραν
3659 4809 3717 4866 ἐν

2059 4913 2246 4978 αὐταῖς
2276 4914 2578 4989 εὑρεθῆναι,
2625 4908 2790 4987 μέγρι
2851 4905 3160 4969 πενταετίας
3207 4901 3478 4989 διαπερῶν
3511 4902 3538 4956 ὁ
3570 4901 3711 4976 ἀνὴρ

2058 5001 2226 5073 αὐτῆς
2254 5003 2343 5057 καὶ
2405 4999 2794 5077 συγγινόμενος
2848 4997 3008 5070 αὐτῇ,
3067 4993 3155 5049 ἐὰν
3208 4991 3268 5048 οὐ
3328 4986 3486 5066 τέκῃ,
3523 4989 3706 5044 οὐκέτι

2056 5091 2402 5168 προσεγγίζει
2460 5076 2617 5162 αὐτῇ.
2688 5087 2782 5142 Διά
2859 5089 3025 5141 τοῦτο
3093 5079 3219 5138 οὐδὶ
3273 5076 3708 5168 πολυὼθρωπός

2057 5166 2196 5236 ἐστιν
2291 5179 2454 5254 χώρα
2483 5174 2678 5246 αὐτῶν,
2735 5173 2824 5230 διά
2877 5195 2937 5230 τε
2993 5173 3093 5241 τήν
3144 5166 3454 5246 ὀλιγοδείαν
3479 5167 3571 5223 καὶ
3597 5169 3704 5236 τήν

2057 5269 2286 5346 φυσικὴν
2315 5265 2648 5343 ἐγκράτειαν.
2682 5265 2790 5322 Τὸν
2835 5261 2892 5318 δὲ
2938 5261 3184 5334 ποταμὸν
3213 5279 3340 5338 φασι
3372 5255 3706 5332 δυσπερατόο

2054 5379 2214 5414 τατον
2243 5357 2376 5413 εἶναι
2407 5353 2496 5411 διὰ
2526 5355 2620 5411 τὸν
2651 5353 2950 5432 λεγόμενον
2971 5349 3067 5407 όδο
3089 5351 3228 5423 [ντο]
3253 5347 3536 5424 τύραννον.
3565 5349 3715 5400 Ζῶον

2053 5448 2153 5522 γάρ
2184 5445 2322 5502 ἐστιν
2371 5439 2659 5523 ἀμφίϐιον,
2722 5441 2976 5518 μέγιστον
3030 5438 3170 5509 λίαν,
3226 5436 3281 5494 ἐν
3335 5441 3418 5509 τῷ
3467 5437 3704 5523 ποταμῷ

2054 5521 2414 5610 διαιτώμενον
2446 5521 2535 5590 καὶ
2593 5531 2888 5608 δυνάμενον
2945 5529 3208 5610 ἐλέφαντα
3265 5529 3543 5583 καταπιεῖν
3577 5521 3712 5579 ὁλό-

2051 5627 2276 5701 κληρυνι
2313 5625 2341 5680 ὃ
2384 5623 2438 5680 ἐν
2469 5630 2590 5687 ταῖς
2645 5624 2738 5697 μὶν
2780 5620 3012 5697 ἡμέραις
3061 5627 3162 5689 τῆς
3209 5616 3557 5690 περαιώσεως
3599 5617 3712 5668 τῶν

2050 5713 2262 5792 ἀνδρῶν
2325 5712 2544 5770 imlva
2595 5711 2790 5794 ἀφανὶς
2849 5709 3059 5790 γίνεται
3114 5706 3250 5764 κατὰ
3306 5701 3450 5761 Θείαν
3473 5701 3708 5780 πρόστα-
