4118 6284
395 359 520 421 305

1536 356 1896 421 HISTORIA
1911 352 2090 414 RUM
2138 349 2691 413 COMPENDIUM.

3695 356 3819 417 306

398 492 503 560 ξιν.
540 490 617 548 Οὔ
649 491 758 563 μὴν
792 489 851 546 δὲ
881 489 1029 547 ἀλλά
1066 491 1157 547 καὶ
1189 489 1473 567 δράκοντες
1503 490 1634 545 εἰσιν
1674 489 1727 545 ἰν
1772 492 1890 549 τοῖς
1922 486 2038 560 ἱρη-

2171 482 2297 537 dies
2322 483 2542 553 quibus
2569 485 2964 541 Brachmanes
2995 486 3068 542 ad
3096 504 3232 543 suas
3262 503 3480 544 uxores
3512 490 3818 561 trajiciunt

404 581 662 655 μοτέροις
688 581 882 643 τόποις
915 580 1139 642 ἐκείνοις
1200 582 1447 658 μέγιστοι
1498 577 1724 659 σφόδρα,
1766 577 1963 647 πηχῶν
2016 596 2059 629 οι

399 682 468 724 το
505 680 727 745 μεγεθος
775 670 865 724 καὶ
904 670 965 724 τὸ
1012 670 1193 749 πάχος
1247 670 1392 726 πολὺ
1451 670 1540 725 καὶ
1600 664 2054 745 φρικωδέστατον,

392 759 491 814 καὶ
523 761 622 829 τὴν
663 758 855 836 σοφίαν
882 764 979 814 τοῦ
1011 764 1368 836 Δημιουργοῦ
1401 761 1491 815 καὶ
1534 757 1689 828 δόξαν
1739 756 2054 835 φαινόμενοι

392 853 697 923 προφανῶς
731 846 1131 924 ἐκδιηγοῦνται.
1175 850 1281 906 Καὶ
1331 851 1382 904 οἱ
1446 849 1541 921 μὲν
1589 846 1840 922 σγορπίοι
1887 842 2051 899 πάλιν

395 938 740 1013 εὑρίσκονται
771 945 1067 1013 πηχυαῖοι,
1102 939 1155 994 οἱ
1204 936 1261 993 δὲ
1312 938 1598 1014 μύρμηκες
1653 935 2052 992 παλαιστιαῖοι.

392 1025 495 1078 Διὸ
520 1025 610 1079 καὶ
644 1022 1015 1080 δυσδιόδευτοί
1046 1024 1181 1080 εἶσιν
1231 1025 1283 1080 οἱ
1336 1025 1595 1098 ἒρημικοί
1643 1024 1804 1078 τόποι
1853 1021 2055 1077 ἐκεῖνοι

389 1115 488 1169 καὶ
522 1113 772 1185 ἀοίκητοι
806 1112 895 1169 8ιά
922 1116 989 1169 τά
1018 1111 1373 1194 φοϐερώτατα
1402 1113 1565 1188 θηρία
1596 1136 1654 1169 τε
1683 1115 1773 1169 καὶ
1835 1109 2050 1168 ἰοϐόλα.

390 1202 715 1282 Ἐλέφαντες
749 1201 806 1259 δὲ
834 1205 1236 1280 γίνονταικατά
1262 1205 1357 1265 τὰς
1409 1206 1596 1278 χώρας
1642 1202 1845 1265 ἐκείνας
1893 1201 2053 1257 πλεῖ-

391 1313 541 1362 στοι,
571 1293 645 1354 ὡς
684 1293 775 1346 καὶ
808 1290 1082 1367 ἀγεληδὸν
1118 1293 1622 1369 παραπορευόμενοι
1657 1292 1964 1366 βόσκεσθαι.

471 1469 696 1545 Ἀμέλει
726 1471 789 1546 γέ
831 1492 917 1526 τοι
977 1472 1066 1526 καὶ
1127 1472 1154 1526 ὁ
1217 1473 1385 1547 μέγας
1445 1472 1762 1541 Καισάριος,
1820 1468 2054 1548 ἀδελφὸς

395 1560 505 1617 τοῦ
538 1560 774 1636 μεγάλου
814 1562 1147 1637 Γρηγορίου,
1207 1559 1478 1640 διαφόρων
1539 1560 1704 1624 ἐθνῶν
1755 1560 1846 1616 καὶ
1903 1562 2052 1629 ἠθῶν

380 1651 486 1705 καὶ
522 1650 725 1725 τρόπον
772 1670 833 1705 τε
898 1649 988 1704 καὶ
1047 1649 1217 1722 νόμον
1276 1649 1641 1725 ἐξηγούμενος
1700 1650 1751 1704 ἐν
1816 1650 2053 1724 ἐπιτομῇ

377 1738 584 1795 τοιαδε
613 1740 826 1819 φάσκει.
862 1741 949 1796 Ἐν
981 1741 1085 1815 γὰρ
1128 1740 1325 1813 εκάστῇ
1382 1739 1543 1815 χώρᾳ
1590 1742 1677 1793 καί
1727 1734 1953 1808 ἔθνεσιν,
2002 1738 2053 1793 ἐν

2166 587 2460 641 nusquam
2493 577 2699 627 exstat.
2733 573 2878 629 Sunt
2909 579 2967 628 et
2995 574 3054 628 in
3088 575 3508 632 solitudinibus
3541 578 3813 635 locorum

2177 660 2425 715 istorum
2452 661 2740 716 dracones
2761 663 3052 734 ingentes,
3084 664 3453 738 longitudine
3485 670 3553 720 70
3584 668 3812 724 cubito-

2158 766 2312 814 rum,
2349 750 2503 805 mole
2522 767 2591 806 ac
2623 752 2891 806 crassitie
2918 752 3212 821 horribili,
3237 755 3338 826 qui
3361 755 3558 827 palam
3591 773 3652 815 se
3670 775 3811 814 con-

2160 840 2385 910 spectui
2406 841 2723 895 offerentes
2742 841 2967 912 opiﬁcis
2982 843 3332 912 sapientiam
3350 861 3417 898 ac
3436 848 3548 917 maj
3560 852 3807 903 estatem

2159 929 2588 984 demonstrant.
2628 930 3018 986 Inveniuntur
3033 933 3209 987 etiam
3245 935 3458 1005 scorpii
3490 935 3799 1004 cubitales,

2160 1016 2423 1073 formicae
2442 1018 2625 1089 palmi
2640 1020 3070 1089 magnitudine.
3100 1022 3301 1091 Itaque
3317 1023 3442 1077 ista;
3458 1023 3809 1081 solitudines

2161 1108 2411 1162 transitu
2440 1107 2712 1162 difﬁciles
2744 1113 2885 1163 sunt
2913 1114 2971 1162 et
3001 1109 3247 1164 deserta
3294 1117 3539 1182 propter
3582 1114 3807 1169 bestias

2158 1196 2458 1251 terribiles
2488 1197 2808 1252 admodum
2843 1215 2910 1253 ac
2939 1215 3233 1254 venenum
3258 1201 3643 1271 ejaculantes.
3676 1204 3805 1258 Ele-

2158 1285 2365 1356 phanti
2398 1285 2526 1339 istis
2557 1287 2617 1340 in
2650 1287 2796 1341 locis
2828 1294 3158 1343 nascuntur
3188 1289 3450 1361 plurimi,
3478 1292 3560 1346 ita
3607 1299 3672 1347 ut
3711 1310 3805 1348 ar-

2157 1379 2360 1428 menta
2389 1379 2508 1429 tota
2533 1376 2711 1430 simul
2742 1383 3082 1447 pascantur.

2232 1463 2538 1519 Enimvero
2589 1482 2839 1537 magnus
2873 1466 2972 1522 ille
3030 1468 3340 1537 Caesarius,
3374 1470 3631 1540 Gregorii
3688 1473 3808 1526 Ma-

2158 1552 2259 1623 gni
2297 1552 2499 1619 frater,
2557 1553 2922 1611 diversarum
2973 1557 3239 1627 gentium
3295 1572 3489 1613 mores
3543 1566 3600 1613 et
3647 1559 3805 1631 leges

2158 1641 2512 1711 compendio
2544 1659 2852 1709 enarrans,
2896 1645 2981 1698 sic
3012 1645 3126 1699 ait:
3161 1645 3331 1715 Apud
3361 1663 3567 1702 omnes
3596 1653 3803 1720 gentes

2160 1735 2217 1783 et
2246 1730 2466 1801 ubique
2500 1731 2765 1786 locorum
2796 1738 2896 1786 aut
2925 1733 3021 1787 lex
3054 1733 3272 1802 scripta
3301 1740 3391 1788 est
3421 1742 3522 1790 aut
3552 1753 3803 1791 consue-

375 1836 511 1894 τοῖς
574 1818 670 1903 μεν
731 1827 994 1906 ἔγγραφος
1060 1829 1230 1902 νόμος
1281 1828 1448 1899 ἐστὶν,
1508 1829 1559 1884 ἐν
1619 1835 1733 1890 τοῖς
1775 1827 1894 1899 δὲὴ
1927 1852 2038 1885 συν-

2161 1818 2299 1873 tudo
2332 1819 2577 1875 obtinet.
2611 1821 2755 1875 Nam
2797 1838 2830 1874 a
2868 1822 3198 1893 majoribus
3246 1824 3462 1879 tradita
3519 1843 3624 1896 pro
3674 1827 3800 1899 lege

380 1918 580 1988 ἤλεια·
616 1921 698 1992 [Ρ.
735 1923 857 1990 154]
890 1918 1057 1992 νόμος
1095 1918 1198 1993 γάρ
1243 1919 1465 1991 ἀνόμοις
1512 1919 1577 1973 τὰ
1630 1918 1831 1993 πάτρια
1875 1916 2042 1975 δοκεῖ.

376 2008 478 2061 Ὧν
515 2012 725 2081 πρῶτοι
758 2014 933 2078 Σῆρες
970 2009 1103 2079 (l9),
1129 2007 1191 2062 τὸ
1241 2009 1404 2082 ἀκρον
1448 2014 1550 2076 τῆς
1598 2014 1700 2082 γῆς
1747 2007 2042 2081 οἰκοῦντες,

369 2100 558 2169 νόμον
588 2091 787 2175 ἔχουσι
821 2097 883 2151 τὸ
923 2102 1175 2171 πατρῷον
1209 2091 1351 2160 ἔθος,
1411 2098 1486 2169 μή
1536 2096 1814 2170 πορνεῦειν
1845 2097 1879 2166 ἢ
1916 2118 2044 2169 μοι-

362 2186 559 2261 χεῦειν
592 2187 627 2253 ἤ
662 2184 913 2240 κλέπτειν
943 2188 977 2254 ἢ
1011 2181 1291 2258 λοιδορεῖν
1345 2185 1379 2253 ἢ
1434 2185 1674 2260 φονεύειν
1726 2185 1759 2254 ἢ
1810 2206 2039 2258 κακουρ-

376 2281 504 2349 γεῖν
535 2274 596 2328 τὸ
641 2271 885 2331 σῦνολον.
938 2274 1127 2346 Νόμος
1187 2271 1245 2329 δὲ
1302 2273 1448 2348 παρά
1505 2278 1857 2348 Βακτριανοῖς
1917 2276 2040 2345 ἦτοι

364 2364 746 2441 Βραχμάναις
790 2365 824 2433 ἡ
860 2362 919 2418 ἐκ
949 2363 1235 2437 προγόνων
1266 2361 1483 2418 παιδεία
1535 2363 1624 2417 καὶ
1664 2359 1924 2431 εὐσέϐεια,
1964 2365 2039 2436 μή

365 2457 733 2528 κρεωφαγεῖν
763 2453 798 2521 ἢ
835 2451 1135 2508 οἰνοποτεῖν
1170 2454 1203 2521 ἢ
1249 2450 1528 2529 λαγνεύειν
1560 2454 1594 2520 ἢ
1627 2453 1887 2507 παντοίαν
1944 2473 2041 2506 κα-

379 2543 512 2597 κίαν
544 2540 961 2617 διαπράττεσθαι
993 2539 1081 2596 διά
1110 2540 1285 2597 πολὺν
1318 2537 1485 2621 φόϐον
1534 2546 1667 2596 Θεοῦ
1696 2541 1784 2595 καὶ
1834 2542 2038 2609 πίστιν,

389 2632 577 2686 καίτοι
610 2652 672 2707 γε
699 2636 807 2685 τῶν
845 2628 1256 2707 παρακειμένων
1317 2629 1498 2691 αὐτοῖς
1555 2628 1738 2686 Ἰνδῶν
1786 2631 2039 2685 τάναντία

380 2719 877 2793 διαπραττομένων
912 2718 1103 2782 ἀδεῶς.
1139 2721 1225 2776 Ἐν
1259 2717 1316 2774 δὶ
1345 2724 1459 2780 νοῖς
1492 2717 1793 2794 ἐνδοτέροις
1854 2720 2036 2794 μέρεσι

371 2810 591 2864 τούτων
650 2803 1205 2884 ἀνθρωποὸοροῦντες
1262 2809 1350 2862 καί
1406 2809 1533 2870 τοὺς
1600 2806 2036 2880 ἐπιξενουμένους

377 2899 735 2972 ἀναιροῦντες
775 2897 1163 2969 κατεσθίουσιν,
1225 2896 1297 2959 ὠς
1353 2892 1541 2959 Κάϐες.
1600 2899 1820 2971 Ἕτερος
1867 2897 2036 2970 νόμος

381 2985 689 3048 Χαλδαίοις
728 2987 818 3041 καὶ
853 2982 1235 3050 Βαϐυλωνίοις
1266 2987 1544 3061 ἀσελγείας
1594 2985 1889 3060 ἀνάμεστος
1947 2987 2036 3042 καὶ

387 3075 810 3152 αἰσχρουργίας.
844 3074 1054 3137 ’Ἄλλος
1089 3072 1145 3130 δὲ
1181 3076 1327 3149 παρά
1380 3075 1643 3146 Γηλαίοις
1691 3076 1880 3149 νόμος,
1940 3098 2036 3153 γυ-

387 3170 567 3225 νεῑκας
596 3168 855 3239 γεωργεῖν
888 3164 977 3218 καὶ
1009 3161 1320 3237 οἶκοδομεῖν
1370 3165 1461 3219 καὶ
1501 3165 1571 3219 τά
1611 3161 1820 3239 ἀνδρῶν
1867 3167 2038 3239 πράτ-
2064 3185 2106 3252 C

397 3251 697 3321 τειν,ἀλλά
724 3255 815 3308 καὶ
860 3252 1138 3327 πορνεύειν
1187 3254 1260 3314 ὡς
1300 3252 1360 3307 ἄν
1414 3254 1746 3327 βούλωνται,
1802 3255 1875 3326 μὴ
1927 3274 2039 3308 κω-

403 3341 651 3414 λυομὲνος
683 3341 973 3406 παντελῶς
1006 3342 1109 3397 ὑπὸ
1148 3346 1257 3396 τῶν
1313 3339 1517 3417 ἀνδρῶν
1566 3342 1760 3398 αὐτῶν.
1818 3345 1907 3400 Ἐν
1954 3344 2035 3405 αἷς

401 3429 691 3506 ὑπάρχουσι
751 3432 845 3487 καὶ
910 3431 1359 3504 πολεμικώταταί
1401 3433 1492 3487 καὶ
1540 3434 1784 3506 Θηρῶσαι
1832 3434 1897 3487 τά
1958 3436 2033 3507 μή

400 3520 515 3575 λίαν
546 3522 879 3597 ἰσχυρότατα
908 3526 1015 3577 τῶν
1048 3521 1277 3596 θηρίων,
1309 3521 1542 3597 ἄρχουσι
1576 3520 1632 3577 δὲ
1660 3527 1768 3578 τῶν
1821 3524 2033 3579 οἰκείων

386 3608 589 3685 ἀνδρῶν
621 3612 712 3665 καὶ
770 3611 1132 3684 κυριεύουσιν.
1191 3613 1276 3665 Ἐν
1321 3613 1619 3684 Βρεττανίᾳ
1674 3610 1731 3667 δῖε
1789 3615 2037 3670 πλεῖστοι

375 3698 561 3773 ’ἀνδρες
595 3705 695 3772 μιᾷ
728 3698 1154 3776 συγκαθεύδουσι
1186 3700 1428 3775 γυναικὶ,
1459 3703 1545 3756 καὶ
1581 3700 1790 3758 πολλαῖ
1851 3711 2039 3778 γυναῖ-

374 3807 465 3848 κες
498 3786 576 3840 ἐνὶ
609 3787 965 3859 ὲταιρίζονται
995 3783 1172 3861 ἀνδρί.
1229 3788 1521 3859 Ἀμαζόνες
1581 3785 1639 3842 δὲ
1685 3786 1882 3863 ἄνδρας
1941 3791 2040 3845 οὐκ

371 3872 621 3949 ἔχουσιν,
656 3872 787 3929 ἀλλ’
816 3876 891 3937 ὡς
922 3875 989 3930 τά
1020 3874 1193 3948 ἄλογα
1228 3879 1338 3944 ζῶα
1371 3870 1504 3945 ἅπαξ
1565 3882 1663 3931 τοῦ
1710 3875 1865 3941 ἔτους
1914 3901 2037 3956 περὶ

376 3968 479 4035 τὴν
512 3964 736 4038 ἐαρινὴν
792 3964 1082 4041 ἰσημερίαν
1137 3966 1418 4041 ὑπερόριοι
1474 3968 1737 4042 γίνονται,
1794 3973 1884 4025 καὶ
1947 3996 2037 4045 μι-

373 4056 642 4129 γνῦμεναι
674 4060 790 4116 τοῖς
821 4060 1127 4131 γειτνιῶσιν
1161 4053 1414 4131 ἀνδράσιν
1470 4057 1545 4120 ὡς
1582 4060 1879 4134 πανήγυρίν
1918 4084 2040 4118 τινα

373 4144 463 4198 καὶ
502 4143 753 4220 μεγάλην
786 4144 978 4219 ἑορτὴν
1004 4145 1096 4199 τὸν
1153 4145 1344 4220 καιρὸν
1400 4143 1601 4201 ἐκεῖνον
1651 4150 1937 4222 ἡγοῦνται·
1988 4151 2036 4220 ἐξ

376 4234 448 4285 ῶν
498 4233 592 4287 καὶ
645 4232 781 4287 κατά
836 4233 1065 4309 γαστρὸς
1127 4229 1504 4288 συλλαϐοῦσαι
1563 4233 2035 4311 παλιειδρομοῦσιν

376 4320 565 4376 οἶκαδε
594 4326 783 4378 πᾶσαι.
818 4322 914 4393 Τῷ
947 4318 1005 4375 δὲ
1031 4326 1209 4395 καιρῷ
1277 4328 1376 4391 τῆς
1419 4322 1776 4394 ἀποκυήσεως
1823 4328 1885 4381 τὸ
1942 4330 2037 4401 μὲν

377 4409 538 4485 ἆρῥεν
598 4411 899 4484 φθείρουσι,
942 4411 1004 4464 τὸ
1065 4407 1121 4464 δὲ
1160 4410 1302 4480 θῆλυ
1361 4417 1695 4489 ζωογονοῦσι
1751 4416 1841 4469 καί
1889 4428 2042 4488 τιθη-

374 4504 560 4552 νοῦσιν
595 4497 876 4571 ἐπιμελῶς
906 4499 992 4553 καὶ
1028 4499 1389 4577 ἐκτρέφουσιν.

2158 1916 2469 1972 habentur.
2504 1918 2685 1972 Primi
2716 1920 2906 1987 Seres,
2939 1920 3037 1988 qui
3081 1926 3411 1975 extremum
3445 1923 3599 1978 270
3628 1929 3800 1979 terrae

2155 2006 2445 2072 habitant,
2470 2024 2575 2076 pro
2597 2009 2719 2077 lege
2747 2007 3471 2064 habentconsuetudinem
3499 2027 3534 2065 a
3563 2013 3802 2083 majori—

2154 2093 2262 2148 bus
2294 2094 2366 2148 ab
2399 2113 2460 2149 se
2501 2102 2904 2168 prapagatam,
2936 2103 3001 2151 ut
3023 2098 3185 2151 omni
3227 2104 3451 2168 stupro,
3485 2099 3798 2167 adulterio,

2152 2183 2631 2252 furto,convicio,
2660 2186 2817 2239 caede
2843 2202 2909 2239 ac
2929 2186 3222 2241 maleﬁcio
3250 2187 3610 2244 abstineant.
3628 2190 3797 2260 Apud

2152 2272 2492 2326 Bactrianos
2544 2290 2648 2328 seu
2680 2275 3076 2329 Brachmanas
3121 2276 3215 2329 lex
3246 2281 3355 2340 est,
3389 2277 3685 2332 institutio
3745 2285 3803 2334 et

2152 2363 2341 2431 pietas
2370 2379 2405 2416 a
2443 2363 2770 2434 majoribus
2819 2370 3080 2434 accepta,
3131 2364 3289 2435 quod
3335 2382 3528 2436 neque
3559 2384 3797 2423 carnem

2151 2451 2335 2505 edunt
2364 2468 2556 2523 neque
2601 2453 2801 2507 vinum
2834 2453 3065 2522 bibunt,
3115 2460 3171 2508 et
3204 2454 3361 2524 quod
3394 2455 3468 2510 ob
3528 2456 3705 2511 ﬁdem
3742 2464 3800 2511 et

2151 2547 2375 2595 metum
2409 2543 2511 2596 Dei
2560 2548 2933 2597 constantem
2966 2560 3207 2598 omnem
3261 2544 3559 2600 lasciviam
3618 2552 3796 2618 atque

2150 2630 2439 2697 flagitium
2454 2633 2797 2701 vitant,cum
2823 2632 3063 2703 quidem
3092 2633 3265 2688 vicini
3301 2635 3428 2688 Indi
3448 2635 3612 2689 nullo
3633 2642 3795 2691 metu

2148 2720 2507 2775 contrariam
2530 2720 2661 2774 vitas
2695 2722 2984 2775 rationem
3015 2728 3279 2789 teneant,
3313 2728 3369 2776 et
3400 2723 3460 2777 in
3492 2724 3794 2780 interiori—

2146 2806 2256 2862 bus
2287 2809 2630 2880 regionibus
2653 2809 2931 2864 carnibus
2957 2811 3234 2865 humanis
3254 2819 3568 2868 vescantur
3596 2814 3793 2885 hospi-

2148 2901 2357 2966 tesque
2373 2897 2676 2969 jugulatos
2707 2898 3011 2965 devorent,
3041 2899 3221 2953 veluti
3243 2899 3449 2955 Cobes.
3493 2901 3798 2959 (1118.Ιάωο-

2146 3001 2281 3039 rum
2315 2990 2373 3039 et
2394 2985 2849 3056 Babyloniorum
2882 2987 3042 3058 leges
3071 2987 3263 3058 plenae
3304 2994 3441 3043 sunt
3478 2990 3796 3061 impudici-

2148 3075 2245 3128 tiae
2276 3079 2451 3144 atque
2484 3074 3154 3147 turpitudinis.Agela:is
3183 3076 3278 3131 lex
3310 3082 3400 3131 est
3419 3083 3485 3131 ut
3515 3079 3799 3136 mulieres

2148 3168 2368 3217 terram
2396 3162 2597 3217 colant
2625 3168 2802 3233 atque
2833 3164 3149 3233 aediﬁcent,
3181 3170 3241 3219 et
3271 3181 3340 3221 ea
3371 3183 3501 3237 quas
3532 3167 3795 3224 virorum

2146 3257 2286 3306 sunt
2316 3256 2541 3321 regant,
2581 3268 2647 3306 ac
2691 3268 2798 3307 sua
2828 3252 3073 3307 libidine
3122 3253 3273 3307 nihil
3332 3255 3794 3325 impedientibus

2140 3340 2369 3395 maritis
2410 3346 2745 3395 scortentur
2774 3358 2786 3395 :
2821 3347 2961 3396 sunt
3008 3342 3164 3397 inter
3193 3359 3293 3398 eas
3334 3344 3513 3399 etiam
3546 3345 3791 3402 bellico-

2140 3429 2413 3499 sissimas,
2438 3435 2495 3484 et
2517 3446 2629 3500 que
2663 3431 2836 3497 feras,
2869 3431 2983 3485 nisi
3007 3448 3138 3501 quas
3166 3431 3788 3505 suntjrobustissimas,

2140 3526 2466 3575 venentur:
2499 3521 2798 3592 imperant
2841 3525 3039 3577 autem
3086 3523 3208 3577 suis
3257 3524 3506 3580 maritis.
3556 3527 3624 3581 In
3662 3528 3821 3608 Bri-v

2140 3612 2347 3668 tannia
2368 3613 2774 3684 compluribus
2797 3613 2935 3668 viris
2947 3631 3068 3670 una
3084 3620 3172 3669 est
3189 3618 3524 3673 communis
3548 3620 3787 3687 mulier,

2140 3701 2462 3772 multasque
2488 3701 2768 3757 mulieres
2790 3702 2893 3756 uni
2918 3702 3039 3757 viro
3063 3703 3435 3773 copulantur.
3460 3708 3787 3762 Amazones

2142 3794 2340 3845 autem
2380 3791 2624 3845 maritos
2672 3791 2869 3845 nullos
2900 3791 3140 3859 habent,
3198 3792 3300 3846 sed
3351 3793 3661 3849 brutorum
3723 3797 3782 3850 in

2140 3904 2369 3943 morem
2402 3888 2585 3943 semel
2617 3889 2938 3958 quotannis
2961 3895 3125 3944 extra
3149 3908 3288 3948 suos
3321 3893 3468 3947 ﬁnes
3510 3894 3786 3964 profecta:

2143 3993 2276 4031 cum
2312 3977 2519 4031 vicinis
2552 3978 2815 4033 maribus
2863 3979 3284 4049 concumbunt,
3336 3982 3396 4036 id
3428 3988 3662 4054 tempus
3693 4002 3790 4039 so-

2143 4064 2342 4118 lemne
2376 4082 2443 4120 ac
2473 4065 2749 4121 festivum
2779 4067 3074 4137 agitantes
3104 4085 3116 4122 :
3154 4074 3211 4123 et
3239 4076 3554 4141 postquam
3577 4090 3785 4129 conce-

2143 4160 2593 4226 perunt,omnes
2619 4156 2863 4210 domum
2887 4156 3158 4211 redeunt.
3188 4159 3292 4213 Ubi
3314 4160 3577 4231 pariunt,
3597 4178 3791 4217 mares

2142 4243 2419 4316 perdunt,
2452 4244 2722 4300 femellas
2746 4245 2966 4299 tollunt
2985 4252 3375 4317 accurateque
3395 4248 3565 4303 alunt
3586 4251 3791 4305 etedu-

2144 4336 2300 4387 cant.

451 4589 512 4644 ,Ο
550 4559 736 4661 μέντοι
770 4609 833 4664 γε
864 4559 1220 4678 Ἀλέξανδρος
1257 4589 1389 4661 μετά
1442 4593 1542 4659 τὴν
1603 4591 1709 4646 ἀπὸ
1765 4594 2032 4669 Βραχμᾶ-

2215 4600 2505 4654 Cmterum
2536 4598 2895 4668 Alexander,
2939 4616 2973 4654 a
3003 4601 3473 4659 Brachmanibus
3496 4621 3787 4678 reversus,

377 4698 485 4729 νων
521 4678 873 4753 ὑποστροφὴν
906 4671 1230 4731 καταλαϐὼν
1269 4678 1367 4744 τὴν
1401 4677 1679 4753 Αἴγυπτον
1731 4683 1901 4751 κτίζει
1931 4685 2029 4751 τήν

381 4764 633 4839 μεγάλην
665 4763 1074 4837 Ἀλεξάνδρειαν
1125 4765 1200 4827 εἰς
1255 4766 1399 4820 ’ὶδιον
1445 4766 1641 4840 ὄνομα,
1690 4769 1863 4825 πάλαι
1913 4773 2029 4827 Ῥα-

377 4855 580 4925 κάστην
611 4853 944 4930 λεγομένην.
981 4855 1078 4918 Ἠς
1128 4853 1431 4929 ἐπεθύμησε
1492 4860 1588 4926 τήν
1645 4856 1849 4932 λίμνην
1909 4864 2032 4925 θεά-

379 4954 571 5007 σασθαι
604 4940 695 4997 διὰ
722 4942 791 4997 τά
819 4941 870 4997 ἐν
920 4944 1058 5017 αὐτῇ
1122 4944 1480 5018 μυθευόμενα.
1537 4944 1729 5001 Πολλά
1784 4951 1882 5018 μὲν
1939 4952 2031 5005 οὗν

370 5035 567 5106 τέρατα
591 5031 683 5086 καὶ
711 5031 961 5104 ὀνείρατα
1007 5032 1434 5107 παρεκροόσατο,
1484 5041 1582 5103 τῆς
1615 5056 1673 5090 τε
1719 5042 1825 5091 τῶν
1883 5038 2028 5095 Χαλ-

372 5118 535 5176 δαίων
567 5121 824 5195 γνώσεως
855 5120 1241 5195 κατεφρόνησε,
1275 5122 1362 5176 καὶ
1431 5122 1521 5177 σὺν
1575 5122 1791 5201 ὀλίγαις
1847 5129 2031 5182 ναυσὶν

371 5210 460 5265 ἐπὶ
492 5212 591 5278 τήν
620 5210 919 5283 εἰρημένην
955 5208 1159 5283 λίμνην
1190 5205 1378 5274 διαϐὰς
1418 5212 1480 5265 τό
1531 5233 1589 5265 τε
1632 5220 1732 5282 τῆς
1784 5214 2028 5292 κεφαλῆς

2142 4689 2384 4759 Ᾱὲςγρῑο
2416 4693 2720 4757 occupata,
2755 4688 2900 4744 οτι
2948 4689 3369 4746 Alexandriam
3415 4692 3487 4747 de
3532 4711 3637 4749 suo
3683 4714 3792 4751 no-

2143 4777 2304 4831 mine
2336 4776 2620 4840 condidit,
2641 4777 2969 4848 antiquitus
3000 4780 3305 4835 Racastam
3328 4780 3566 4838 dictam.
3590 4785 3790 4857 'Cujus

2142 4866 2419 4937 paludem
2450 4866 2649 4921 videre
2681 4866 2956 4938 cupiebat
2986 4867 3059 4922 ob
3092 4885 3160 4923 eo
3184 4887 3314 4940 quae
3337 4871 3408 4925 de
3434 4888 3502 4927 ea
3522 4873 3787 4930 fabulose

2132 4955 2533 5026 jactabantur.
2579 4956 2779 5026 Itaque
2815 4955 3022 5011 multis
3072 4958 3322 5013 ostentis
3384 4965 3441 5012 et
3472 4962 3785 5019 insomniis

2141 5045 2514 5116 contemptis.
2552 5051 2747 5116 spreta
2774 5045 2952 5100 etiam
2967 5045 3375 5102 Chaldmorum
3399 5047 3783 5127 divinatione,

2139 5149 2275 5187 cum
2308 5134 2509 5203 paucis
2541 5133 2786 5188 navibus
2820 5133 3099 5204 paludem
3123 5152 3253 5189 eam
3282 5137 3546 5190 accessit.
3572 5137 3654 5191 lbi
3675 5140 3784 5194 im-

2138 5220 2241 5276 bre
2273 5238 2340 5276 ac
2371 5222 2606 5276 turbine
2630 5222 2823 5277 subito
2838 5224 3298 5292 exorto,an1isso
3330 5225 3541 5294 capitis
3586 5227 3789 5283 diade-

1573 5340 1932 5398 XYLANDRI
1973 5347 2058 5398 ET
2106 5347 2322 5402 GOABI
2363 5349 2580 5402 ΝΟΤᾹ-Ῐ.

446 5470 555 5540 (19)
591 5467 658 5522 Hi
691 5465 791 5520 ubi
826 5464 1048 5540 fuerint
1080 5470 1137 5518 et
1158 5465 1383 5540 quales,
1419 5464 2026 5540 disputabimusalibi.

370 5543 436 5596 In
471 5532 739 5610 margine
771 5543 901 5591 erat
933 5552 945 5588 :
976 5534 1090 5610 Οὐκ
1147 5532 1272 5610 οἶδα
1326 5536 1471 5610 τίνες
1514 5532 1650 5610 εἶσί.
1713 5541 2029 5608 Θαυμαστὸν

372 5610 429 5666 δὲ
459 5611 507 5666 εἲ
560 5603 709 5670 τῖνές
768 5626 877 5660 που
933 5603 1177 5659 τοιοῦτοί
1231 5605 1385 5660 εἰσιν.
1443 5607 1594 5672 Quid
1650 5603 1846 5665 autem
1912 5612 2032 5666 sint

371 5684 554 5741 (Iabes
585 5686 618 5738 9
655 5678 886 5746 nescio,
935 5677 1048 5732 nisi
1100 5679 1148 5732 si
1192 5677 1342 5734 forte
1403 5694 1621 5734 nomen
1672 5687 1762 5736 est
1816 5682 2030 5737 Indicae

2141 5472 2332 5554 gentis
2384 5472 2786 5553 hominivorm.
2838 5474 3064 5554 hcque
3098 5474 3357 5554 Agela‘os
3412 5485 3650 5554 proprio
3704 5490 3787 5542 sic

2141 5542 2298 5596 dicto
2339 5546 2580 5597 nomine
2626 5545 2780 5597 novi.
2837 5548 2901 5597 Et
2955 5542 3222 5611 historia,
3270 5542 3443 5605 docet
3481 5542 3620 5609 ante
3661 5559 3785 5613 haec

2141 5614 2315 5738 fier-bo
2485 5618 2608 5681 271,
2642 5632 2691 5668 ν.
2743 5616 2796 5682 2,
2852 5616 3013 5683 cujus
3069 5616 3327 5685 paludem
3382 5623 3607 5695 aliquid
3650 5630 3779 5682 exi-

2190 5702 2325 5738 isse.
2411 5702 2497 5738 γι.

2190 5702 2325 5740 lSSB.
2360 5702 2497 5741 AYL.
