4104 6276
428 365 540 430 301

1791 353 2117 426 GEORGII
2159 357 2509 428 CEDRENI

3687 373 3798 438 308

430 512 609 576 mate,
643 514 794 572 aegre
824 501 887 556 in
917 503 1138 556 terram
1171 487 1386 554 enavit.
1433 493 1762 569 Statimque
1788 511 1824 554 a
1846 497 2068 584 Casam.

2193 493 2437 570 διάδημα
2465 493 2762 570 ἀπέϐαλεν,
2794 494 3008 572 ὄμϐρου
3040 497 3131 554 καὶ
3163 497 3431 564 λαίλαπος
3470 499 3802 584 ηταρραγιν.

429 595 536 652 dro
567 595 715 650 duce
747 589 1041 647 exercitus
1073 589 1161 643 sui
1204 603 1431 642 veneno
1465 586 1724 642 exhibito
1770 583 2075 642 doloribus

431 681 688 741 laniatus
737 692 844 736 est.
899 679 985 734 ita
1040 672 1378 733 Alexander
1427 681 1511 730 tot
1563 675 1740 731 rebus
1793 672 2075 748 prmclare

431 772 610 850 gestis
661 775 932 829 mortuus
962 771 1071 831 est,
1105 781 1239 822 cum
1293 767 1602 836 regnasset
1633 778 1822 820 annos
1853 761 2076 819 duode-

430 865 546 920 cim
577 867 633 918 et
665 877 766 916 sex
789 873 1046 926 menses,
1069 855 1314 910 vixisset
1343 859 1542 910 autem
1575 853 1812 926 triginta
1833 852 2000 910 duos.

507 1121 932 1196 Hierosolymis
983 1121 1282 1194 quondam
1329 1121 1391 1176 in
1423 1119 1726 1176 Persidem
1779 1121 2076 1193 profectus

437 1218 725 1292 quosdam
773 1213 1004 1270 Judaeos
1048 1211 1110 1267 in
1167 1211 1490 1266 exercitum
1539 1210 1884 1267 adsciverat.
1947 1211 2078 1266 Fuit

431 1309 589 1364 inter
615 1307 724 1362 hos
743 1301 1268 1376 praestantissimus
1295 1298 1728 1366 Mosomachus,
1761 1305 1820 1355 et
1838 1301 2074 1369 ingenio

433 1399 657 1470 optimo
679 1395 961 1468 praeditus
1001 1398 1058 1447 et
1090 1391 1302 1463 sagitta
1332 1402 1577 1461 scopum
1612 1389 1890 1462 tangendi
1921 1389 2078 1462 peri-

429 1485 720 1542 tissimus.
779 1485 830 1539 is
884 1499 1020 1538 cum
1079 1475 1435 1550 Babylonem
1487 1479 1674 1534 iretur
1722 1484 1780 1534 et
1837 1479 2077 1550 quidam

433 1574 656 1632 ariolus
685 1571 948 1644 auspicio
972 1587 1076 1626 suo
1108 1569 1428 1624 exercitum
1453 1573 1806 1633 moraretur,
1841 1581 2080 1623 causam

437 1682 542 1720 cur
571 1661 935 1719 substitisset
963 1656 1220 1734 pepulus
1251 1659 1519 1724 sciiatus,
1550 1673 1685 1712 cum
1727 1673 1946 1729 auspex
1977 1673 2080 1712 ave

437 1753 766 1809 monstrata
833 1745 1100 1815 dixisset,
1160 1749 1208 1803 si
1287 1763 1355 1803 ea
1410 1745 1736 1803 immobilis
1791 1751 2078 1816 maneret,

2187 606 2280 647 τος
2310 584 2546 656 πολλοῦ,
2577 589 2670 644 καί
2705 587 2871 664 μόλις
2921 587 3011 644 ἐπὶ
3067 589 3166 659 τὴν
3223 592 3326 664 γῆν
3381 587 3658 662 διενήξατο.
3712 596 3800 652 Καὶ

2191 683 2534 756 παραχρῆμα
2593 677 2697 734 ὒπὸ
2759 675 3105 750 Κασάνδρου·
3153 682 3250 734 τοῦ
3329 675 3465 734 ἰδίου
3529 691 3802 760 στρατηγοῦ

2191 762 2477 841 ράρμακον
2511 763 2800 840 δεξάμενος
2831 767 3176 842 ἐσπαράχθη.
3229 766 3335 822 Καὶ
3377 769 3402 822 ὁ
3439 769 3530 841 μὶν
3574 769 3654 826 ἐπὶ
3694 793 3802 828 τοσ-

2191 853 2375 917 ούτοις
2425 859 2813 932 κατορθώμασι
2863 856 2956 913 τόν
3024 857 3141 934 βίον
3207 855 3530 931 μετήλλαξε,
3571 857 3678 914 δυσί
3726 862 3804 917 καὶ

2193 938 2319 996 δέκα
2351 945 2574 1020 χρόνοις
2605 947 2740 1022 πρὸς
2768 946 2932 1020 μησὶν
2987 943 3038 1017 ἕξ
3095 955 3198 1018 τῆς
3257 945 3438 1027 ἀρχῆς
3494 947 3803 1022 homo“,

2195 1031 2398 1106 βιώσας
2431 1033 2487 1090 δὲ
2515 1032 2580 1091 τα
2609 1037 2784 1092 πάντα
2813 1031 2908 1106 ἔτη
2945 1034 3041 1092 δύο
3067 1038 3156 1092 καὶ
3186 1037 3504 1112 τριάκοντα.

2264 1124 2668 1199 Ἀνερχόμενος
2705 1125 2762 1180 δέ
2815 1145 2948 1182 ποτε
3005 1125 3112 1181 ἀπὸ
3150 1124 3518 1201 Ἰερουσαλήμ
3567 1127 3636 1190 είς
3686 1134 3806 1205 Περ-

2194 1207 2316 1266 σίδα
2349 1206 2508 1268 ἔλαϐέ
2540 1233 2690 1277 τινας
2717 1219 2823 1270 τῶν
2885 1212 3160 1273 Ἰουδαίων
3217 1214 3352 1290 πρὸς
3403 1215 3720 1290 συμμαχίαν,
3761 1215 3805 1273 έν

2195 1301 2279 1362 οἷς
2320 1303 2384 1370 ἦν
2430 1321 2512 1363 τις
2545 1301 2845 1382 ὑπερέχων,
2879 1303 3106 1378 ὀνόματι
3153 1304 3515 1380 Μοσόμαχος,
3569 1307 3691 1360 κατὰ
3719 1305 3806 1381 ψυ-

2194 1390 2306 1464 χὴν
2337 1391 2431 1462 μὶν
2465 1388 2705 1467 ἄριστος,
2734 1394 2963 1464 τοξότης
2997 1391 3052 1448 δὲ
3112 1396 3195 1468 [Ρ.
3234 1395 3357 1468 155]
3407 1394 3806 1473 εὐστοχώτατος⁹

2195 1477 2252 1538 ὃς
2281 1475 2528 1534 διιόντων
2585 1481 2684 1550 τὴν
2747 1479 2835 1537 in?
2895 1477 3198 1539 Βαϐυλῶνα
3261 1479 3405 1550 ὁδὸν,
3459 1483 3545 1538 καὶ
3599 1483 3808 1557 μάντεώς

2192 1589 2338 1632 τινος
2369 1569 2780 1647 ὀρνιθευομένου
2820 1572 2910 1630 καί
2969 1576 3174 1638 πάντας
3224 1573 3540 1654 ἐπέχοντος,
3587 1578 3813 1648 ἠρώτησε

2192 1659 2291 1728 τήν
2323 1659 2496 1716 αίτίαν
2527 1669 2627 1731 τῆς
2679 1671 3011 1739 παραμονῆς
3067 1667 3165 1720 τοῦ
3229 1664 3386 1722 λαοῦ.
3446 1665 3544 1720 Καὶ
3585 1666 3610 1720 ὁ
3663 1665 3814 1740 ὀρνεο-

2195 1747 2396 1812 σκόπος
2429 1746 2744 1814 ὑποδεικνὺς
2772 1751 2864 1806 τὸν
2907 1749 3057 1826 ὄρνιν
3116 1751 3242 1830 ἔφη·
3301 1755 3404 1810 "Av
3465 1749 3554 1826 μὲν
3607 1753 3808 1809 ἄσάλευ·

434 1841 659 1899 bonum
711 1839 1002 1896 universis
1059 1837 1333 1909 portendi
1382 1843 1447 1891 ut
1497 1836 1578 1891 ibi
1628 1843 1925 1903 maneant,
1987 1837 2068 1892 sin

2189 1855 2282 1901 τος
2312 1838 2472 1913 μένῃ,
2533 1839 2856 1913 προσμένειν
2911 1839 3186 1918 συμφέρον
3244 1845 3430 1909 πᾶσιν,
3489 1841 3548 1896 ’ἀν
3607 1839 3649 1896 δ’
3704 1843 3810 1898 ἀναο

434 1948 609 2006 porro
653 1929 894 1994 volaret,
955 1925 1416 1998 procedendum,
1475 1925 1566 1980 sin
1624 1931 1782 1982 retro
1835 1925 2080 1994 Volaret,

434 2017 834 2077 recedendum
856 2014 1001 2089 ipsis
1017 2030 1168 2084 esse,
1201 2012 1294 2070 his
1315 2013 1534 2070 auditis
1557 2015 1710 2070 clam
1733 2016 1907 2072 ducto
1940 2031 2080 2072 arcu

434 2126 596 2165 avem
626 2107 862 2180 dejecit.
895 2103 1061 2172 Quod
1091 2120 1226 2158 cum
1259 2109 1317 2159 et
1365 2101 1587 2159 ariolus
1621 2110 1679 2160 et
1721 2105 1935 2176 reliqui
1968 2107 2080 2160 isto

2189 1925 2315 1986 στὰς
2347 1923 2423 1990 είς
2491 1923 2870 2003 τοῦμπροσθεν
2925 1930 3172 2000 πέταται,
3228 1931 3510 2008 προάγειν,
3567 1931 3608 1985 εἰ
3637 1927 3679 1986 δ’
3706 1928 3814 1986 ὄπι-

2188 2015 2328 2084 σθεν,
2389 2015 2696 2092 ἀναχωρεῖν
2753 2015 2926 2082 αὖθις.
2991 2015 3086 2073 Καὶ
3144 2023 3311 2074 ταῦτα
3385 2017 3610 2082 ἀκούσας
3662 2019 3813 2075 Μοσὸ-

2194 2125 2372 2180 μαχος
2403 2105 2548 2182 παρᾶ
2578 2111 2674 2162 τοῦ
2709 2106 2966 2180 μάντεως,
3033 2109 3124 2164 καὶ
3173 2102 3350 2185 λάθρα
3394 2109 3546 2180 τόξον
3587 2107 3812 2179 ἑλκύσας,

436 2213 634 2254 errore
665 2196 821 2268 capti
870 2211 1020 2267 aegre
1075 2192 1320 2259 ferrent,
1367 2199 1604 2266 arrepta
1673 2195 2084 2250 Mosomachus

437 2287 590 2344 212
641 2301 765 2349 ave,
815 2281 966 2349 Quid
1023 2281 1240 2352 inquit,
1292 2281 1585 2346 infelices,
1643 2297 1736 2337 mc
1787 2283 2086 2353 culpatis?

435 2377 702 2442 Quonam
738 2371 914 2428 modo
944 2371 1064 2426 avis
1096 2385 1169 2426 ne
1213 2385 1381 2425 suam
1430 2368 1674 2441 quidem
1715 2369 1900 2444 ipsius
1933 2371 2085 2427 salu-

437 2471 556 2520 tem
590 2461 920 2535 prmvidens
951 2459 1119 2516 vobis
1151 2459 1528 2514 commodum
1563 2465 1821 2516 vestrum
1859 2460 2087 2517 denun-

437 2549 690 2608 tiasset?
719 2565 849 2622 quas
878 2549 1079 2604 futura
1100 2562 1398 2620 prmnosse
1431 2547 1733 2620 quivisset,
1775 2565 2083 2622 nunquam

436 2641 698 2714 profecto
746 2635 862 2696 huc
891 2637 1170 2694 venisset.
1205 2633 1324 2692 Hoc
1353 2633 1508 2692 dicto
1531 2649 1812 2710 magnum
1872 2637 1944 2695 iis
1975 2657 2084 2712 pu—

437 2729 640 2786 dorem
669 2725 940 2784 incussit.

2195 2191 2390 2268 βάλλει
2418 2193 2508 2248 τὸν
2539 2193 2705 2270 ὄρνιν.
2741 2197 2855 2272 Ἐφ’
2894 2194 2979 2258 οἷς
3035 2199 3132 2251 τοῦ
3189 2198 3434 2269 μάντεως
3493 2195 3810 2275 χαλεπήναν-

2189 2301 2282 2344 τος
2313 2281 2404 2338 καὶ
2435 2284 2648 2338 πάντων
2676 2289 2784 2339 τῶν
2813 2286 2884 2356 τῇ
2913 2285 3090 2360 πλάνῃ
3154 2281 3601 2360 δεδουλωμένων,
3653 2281 3815 2341 λαϐὼν

2197 2370 2272 2433 εἷς
2303 2377 2492 2447 χεῖρας
2534 2375 2625 2428 τὸν
2659 2369 2805 2449 ὄρνιν
2852 2375 3194 2450 Μοσόμαχος
3251 2369 3380 2454 ἔφη·
3433 2375 3498 2433 Τί
3553 2397 3639 2449 μοι
3693 2376 3816 2450 μέμ-

2199 2463 2376 2539 φεσθε,
2407 2459 2844 2538 κακοδαίμονεςς
2879 2467 3000 2527 UE»;
3055 2465 3158 2540 γαρ
3213 2465 3396 2531 οὗτος,
3450 2466 3524 2539 μή
3572 2465 3664 2533 τὴν
3702 2466 3820 2519 ἒαυ-

2190 2553 2287 2606 τοῦ
2319 2551 2590 2626 σωτηρίαν
2649 2549 3062 2630 προγινώσκων,
3120 2554 3181 2610 τὸ
3239 2553 3509 2630 ἡμέτερον
3570 2549 3810 2632 συμφέρον

2195 2639 2616 2716 προανῆγγειλεν
2646 2661 2659 2712 ;
2693 2639 2756 2698 Ei
2787 2642 2888 2717 γὰρ
2946 2639 3178 2712 ἠδύνατο
3235 2641 3540 2719 προειδέναι
3593 2643 3652 2697 τὸ
3703 2639 3818 2714 μέλ-

2193 2725 2314 2801 λον,
2347 2729 2446 2784 οὐκ
2475 2726 2534 2784 ἅν
2565 2729 2642 2793 εἲς
2699 2730 2789 2786 τὸν
2847 2730 3014 2786 τόπον
3058 2735 3252 2788 τοῦτον
3308 2732 3472 2802 ἦλθε.
3525 2729 3626 2787 Καὶ
3669 2733 3816 2786 ταῦτα

2193 2815 2440 2880 εἰπόντος
2471 2817 2636 2874 αὐτοῦ
2665 2816 3123 2896 κατῃσχύνθησαν
3155 2819 3386 2900 σφόδρα.

505 2907 724 2964 Verum
749 2903 1089 2963 Alexander
1119 2903 1387 2962 inﬁnitas
1426 2901 1574 2962 alias
1604 2905 1883 2963 victorias
1921 2923 2068 2964 com-

2262 2903 2454 2962 Πολλὰ
2488 2907 2581 2980 μὲν
2613 2908 2704 2964 οὗν
2733 2907 2823 2962 καὶ
2854 2905 3001 2964 ἄλλα
3035 2907 3200 2983 μυρία
3227 2909 3465 2986 τρόπαια
3513 2908 3599 2966 καὶ
3655 2905 3818 2964 δυσδι-

436 2997 770 3054 memoratu
800 2993 1078 3052 difﬁciles
1107 3001 1165 3050 et
1194 2995 1398 3066 quavis
1428 2993 1697 3052 oratione
1747 2995 2068 3070 superiores

2191 2994 2376 3071 ἤγητα
2405 2991 2494 3050 καί
2553 2993 2720 3074 λόγον
2780 2991 3168 3069 ὑπερϐαίνοντα
3229 2997 3540 3077 εἴργάσατο.
3594 2997 3694 3055 Καὶ
3740 2995 3813 3052 διὰ

432 3085 659 3144 retulit.
692 3091 897 3158 Itaque
931 3098 1068 3140 eum
1103 3089 1259 3140 vates
1305 3090 1545 3140 sanctus
1587 3083 1858 3156 praevidit
1888 3087 2068 3160 speci<

2190 3085 2352 3139 τοῦτο
2401 3086 2612 3157 πτηνὴν
2671 3083 2943 3162 πάρδαλιν
2975 3087 3002 3142 ὁ
3058 3088 3352 3167 προφήτης
3389 3085 3546 3143 αὐτὸν
3599 3079 3813 3162 προελέ-

432 3175 682 3234 volantis
730 3171 1014 3248 pardalis,
1065 3171 1430 3230 celeritatem
1477 3174 1759 3230 nimirum
1805 3191 1873 3230 ac
1925 3173 2068 3231 velut

2195 3189 2306 3244 πει,
2335 3174 2398 3228 τὸ
2427 3173 2569 3252 ταχὺ
2599 3177 2688 3228 καί
2721 3172 2957 3256 σφοδρὸν
2993 3173 3084 3230 καὶ
3127 3173 3375 3252 πορῶδες
3431 3175 3521 3232 καὶ
3578 3177 3638 3232 τὸ
3683 3174 3812 3251 ἄφνω

435 3267 670 3338 igneam
699 3262 1134 3319 vehementiam
1167 3263 1547 3335 praesagiens,
1582 3279 1699 3334 qua
1739 3263 1789 3318 is
1834 3269 1961 3320 erat
1990 3281 2068 3320 su-

2195 3258 2485 3328 διαπτῆναι
2516 3264 2612 3334 τήν
2653 3261 2980 3338 οἴκουμένην
3029 3265 3164 3338 μέτᾶ
3219 3267 3496 3342 τροπαίων
3547 3265 3634 3321 καὶ
3681 3261 3812 3334 vim

431 3354 555 3409 bito
582 3351 864 3408 mundrm
890 3349 1152 3405 victoriis
1179 3355 1236 3404 et
1258 3350 1496 3422 tropmis
1525 3350 1648 3406 suis
1673 3351 2068 3424 pervolaturus

2191 3353 2634 3430 προϋποιραίνων.
2704 3355 2941 3408 ’Ἤκουσε
2991 3351 3047 3408 δὲ
3132 3355 3222 3410 καὶ
3304 3374 3456 3420 τινος
3531 3354 3810 3432 φιλοσόφου

434 3438 597 3497 Idem
626 3438 963 3496 Alexander
986 3453 1121 3493 cum
1155 3435 1226 3492 de
1247 3438 1500 3509 quodam
1530 3435 1886 3512 philosopho
1919 3439 2068 3497 audii

2190 3437 2435 3504 εἰπόντος
2468 3439 2552 3498 ὅτι
2585 3439 2799 3517 ἄπειροι
2829 3441 3027 3516 κόσμοι
3061 3439 3184 3516 είσὶ,
3215 3441 3305 3498 καὶ
3339 3443 3556 3522 μεγαλα
3584 3442 3811 3512 στενάξας

432 3531 614 3586 visset
644 3527 897 3584 mundos
920 3543 1048 3582 esse
1076 3525 1366 3594 inﬁnitos,
1405 3525 1521 3582 alte
1546 3527 1720 3583 ducto
1743 3527 1984 3601 gemitu.
2010 3530 2068 3587 Et

2186 3525 2310 3603 ἔφη·
2347 3527 2466 3586 Εἶτ’
2498 3530 2728 3606 ἐπείρων
2764 3525 2935 3586 ὄντων
2970 3528 3102 3606 μηδ’
3151 3531 3265 3596 ut;
3323 3530 3434 3609 ἐγὼ
3486 3531 3804 3608 κεκρατηκαί

431 3637 558 3691 ego,
592 3619 698 3686 ait,
718 3635 792 3674 ne
817 3633 1000 3673 unum
1031 3615 1270 3687 quidem
1301 3615 1493 3671 adhuc
1507 3613 1709 3691 subegi
1737 3617 1748 3672 !
1780 3618 1940 3674 Adeo
1959 3635 2068 3677 ma-

2185 3616 2373 3682 Οὕτως
2429 3621 2494 3689 ἦν
2553 3619 2920 3696 μεγαΑόφρων
2974 3623 3062 3678 καὶ
3129 3619 3530 3698 μεγαλόψυχος
3578 3621 3662 3678 καὶ
3717 3619 3804 3674 σώ-

428 3709 745 3781 gnanimus
778 3709 904 3762 erat
951 3711 1128 3776 atque
1181 3709 1556 3778 temperans:
1607 3712 1733 3761 erat
1779 3707 1939 3764 enim
1997 3709 2070 3766 ab

426 3795 744 3853 Aristotele
771 3795 934 3851 omni
966 3793 1235 3850 doctrina
1283 3793 1658 3852 informatus.
1703 3797 1827 3852 Non
1858 3795 2076 3854 desunt

426 3888 526 3958 qui
561 3901 690 3942 eum
723 3886 896 3942 Dario
927 3883 1079 3940 victo
1108 3882 1171 3938 in
1205 3881 1467 3940 deterius
1499 3891 1758 3941 mutasse
1804 3886 2072 3945 animum

423 3991 490 4031 ac
550 3990 613 4030 se
665 3972 1065 4046 voluptatibus
1119 3973 1387 4045 corporis
1443 3971 1676 4029 dedisse
1732 3973 2070 4034 afﬁrment:

425 4063 647 4120 etenim
683 4063 784 4134 qui
833 4061 976 4118 olim
1027 4061 1183 4118 Darii
1241 4061 1396 4118 ﬁlias
1446 4079 1522 4118 ne
1580 4061 1777 4120 videre
1829 4065 2071 4138 quidem

422 4153 825 4224 sustinuisset,
879 4153 930 4209 is
990 4157 1050 4208 et
1107 4151 1344 4208 Persico
1395 4153 1616 4208 amictu
1675 4157 1875 4228 postea
1924 4171 2068 4212 usus

421 4240 630 4300 decem
660 4241 1146 4314 milliajuvenum
1169 4241 1430 4314 praesidii
1451 4239 1578 4298 loco
1595 4244 1748 4299 circa
1771 4259 1831 4299 se
1863 4243 2070 4300 habuit

420 4349 488 4387 ac
517 4335 620 4386 500
643 4331 958 4404 pellicibus
979 4348 1122 4386 usus
1145 4336 1250 4396 est,
1276 4331 1832 4404 Macedonicamque
1863 4348 2062 4406 regum

419 4419 914 4475 consuetudinem
943 4437 1185 4491 prorsus
1217 4421 1277 4474 in
1311 4419 1605 4476 Persicam
1646 4423 1910 4477 mutavit.
1943 4423 2067 4488 Qua

419 4509 491 4564 de
538 4524 716 4564 causa
747 4509 927 4564 etiam
976 4507 1303 4578 permultos
1361 4509 1714 4566 Macedonici
1773 4513 2065 4568 exercitus

417 4596 700 4651 ductores
732 4593 1053 4652 interfecit.

488 4683 712 4738 Mortuo
744 4681 1098 4752 Alexandro,
1131 4699 1380 4758 regnum
1411 4687 1539 4758 ejus
1570 4687 1630 4742 in
1667 4687 1884 4746 multas
1911 4690 2056 4745 divi-

416 4787 548 4826 sum
586 4776 675 4828 est
703 4777 922 4844 partes.
958 4769 1252 4830 Perdiccae
1310 4772 1748 4832 Macedonicum
1807 4791 2056 4852 regnum

416 4865 572 4918 sorte
605 4857 835 4934 obtigit,
867 4859 1186 4918 Ptolemaeo
1219 4862 1354 4936 Lagi
1377 4861 1499 4920 ﬁlio
1520 4864 1796 4937 IEgyptus
1827 4867 1979 4924 278
2000 4870 2060 4924 et

417 4951 797 5020 Alexandria,
859 4949 1126 5020 Seleuco,
1177 4953 1274 5024 qui
1308 4955 1366 5008 et
1423 4953 1676 5010 Nicanor
1722 4951 1940 5012 dicitur
1986 4975 2054 5014 eo

411 5042 568 5115 quod
601 5039 674 5098 ad
707 5039 1064 5114 Babylonem
1096 5039 1364 5097 duxisset
1389 5059 1456 5098 ac
1485 5041 1769 5100 barbaros
1792 5061 2058 5118 superas-

410 5133 516 5201 set,
545 5133 712 5205 Syria
741 5136 799 5187 et
829 5129 1112 5204 Babylon,
1137 5132 1428 5204 Antigono
1461 5129 1677 5197 Cilicia,
1711 5151 1840 5206 quae
1872 5137 2056 5193 estad

407 5221 682 5288 Taurum,
715 5221 948 5276 Philoni
971 5219 1178 5290 Media,
1205 5221 1458 5292 Pythoni
1491 5223 1742 5296 Phrygia
1764 5231 1820 5280 et
1853 5225 2052 5296 Lydia,

406 5307 694 5380 Meleagro
735 5311 1156 5382 Paphlagonia,
1190 5311 1438 5366 Eumeni
1493 5313 1882 5384 Cappodocia,
1937 5316 2052 5372 Ca-

405 5396 621 5450 sandro
653 5397 825 5466 Lycia
875 5399 948 5454 ad
981 5401 1448 5472 liellespontum,
1493 5403 1836 5474 Lysimacho
1869 5405 2050 5462 Thra-

407 5483 518 5548 cia,
546 5485 852 5557 Antipatro
877 5489 1117 5550 Pontus,
1138 5491 1406 5562 Oxyartes
1426 5491 1752 5560 Bactriana,
1777 5493 2051 5566 Philippo

404 5572 709 5647 Dragmna,
769 5576 916 5629 Poro
966 5577 1153 5644 India,
1213 5579 1645 5650 Phratapherni
1699 5582 1937 5638 Parthia
1994 5591 2053 5640 et

403 5661 714 5732 Hyrcania,
741 5663 1072 5734 Tripolemo
1104 5666 1318 5733 Persis,
1369 5669 1664 5722 Arcesilao
1721 5672 2050 5741 Mesopota-

2145 3728 2354 3788 Δτξδξωνσ
2392 3707 2748 3786 Ἀριστοτέλει
2805 3711 2908 3788 γαρ
2961 3711 3308 3786 μαθητευθεῖς
3369 3718 3541 3768 πᾶσαν
3600 3709 3804 3787 λογικὴν

2183 3797 2491 3872 ἐπιστήμην
2522 3801 2596 3862 εἰς
2646 3801 2808 3876 ἄκρον
2863 3799 3174 3874 ἐπαιδεύθη.
3237 3802 3380 3857 Φασὶ
3440 3800 3496 3858 δέ
3547 3822 3680 3864 τινες
3732 3801 3803 3854 ὃτι

2184 3889 2318 3962 μετά
2369 3889 2470 3958 τὴν
2507 3889 2658 3958 νίκην
2721 3887 2946 3965 Δαρείου
3004 3888 3318 3967 διαφθαρεὶς
3370 3893 3464 3948 τὸν
3516 3895 3632 3946 νοῦν
3683 3887 3804 3964 πρὸς

2176 3975 2270 4038 τὰς
2317 3979 2413 4032 τοῦ
2473 3977 2726 4051 σώματος
2783 3974 2979 4047 ἡδονὰς
3030 3975 3316 4035 διώλισθεν
3351 3981 3380 4034 δ
3416 3976 3545 4054 μηδ’
3589 3972 3804 4050 ἀνασχό-

2181 4086 2342 4142 μενος
2398 4065 2660 4140 πρότερον
2707 4067 2804 4128 τὰς
2860 4065 3087 4142 Δαρείου
3169 4061 3459 4145 θυγατέρας
3517 4067 3802 4133 θεάσασθαι,

2176 4155 2448 4231 Περσικήν
2479 4176 2539 4210 τε
2567 4153 2770 4226 στολὴν
2831 4150 3194 4232 ἐνδυσάμενος
3256 4160 3472 4232 μυρίοις
3525 4155 3658 4218 νέοις
3700 4149 3802 4208 ἐδο-

2180 4250 2464 4322 ρυφορεῖτο
2497 4243 2586 4298 καὶ
2615 4244 2950 4318 τριακοσίαις
2983 4243 3295 4307 παλλακαῖς
3327 4243 3558 4326 ἐχρῆτο,
3606 4244 3676 4308 ὡς
3718 4242 3804 4310 τήν

2177 4329 2553 4401 Μακεδονικὴν
2641 4337 2812 4388 πᾶσαν
2893 4337 3002 4390 τῶν
3053 4331 3322 4410 βασιλέων
3414 4337 3689 4404 συνήθειαν
3736 4328 3802 4390 εἷς

2178 4419 2445 4496 Περσικὴν
2508 4419 2806 4494 μετελθεῖν.
2903 4421 3058 4479 Ὅθεν
3129 4418 3218 4478 καὶ
3296 4423 3558 4503 ἐξάρχους
3629 4415 3804 4494 ἄνδρας

2099 4556 2141 4623 D
2175 4517 2281 4568 τῶν
2317 4511 2696 4568 Μακεδονικῶν
2737 4514 3022 4588 ταγμάτων
3056 4510 3349 4578 πλείστους
3381 4511 3580 4570 ἀνεῖλε.

2235 4694 2381 4748 Μετὰ
2439 4687 2495 4748 δὲ
2560 4695 2658 4764 τὴν
2717 4691 3068 4770 Ἀλεξάνδρου
3146 4692 3406 4766 τελευτὴν
3473 4695 3548 4758 εἷς
3597 4688 3794 4750 πολλὲις

2164 4781 2341 4863 ἀρχὰς
2399 4778 2434 4852 ἠ
2506 4777 2755 4858 βασιλεία
2815 4781 2978 4840 αὐτοῦ
3037 4781 3287 4861 διῃρέθη,
3349 4783 3440 4840 καὶ
3497 4778 3792 4859 Ηερδίκκαςι

2169 4872 2260 4945 μέν
2295 4874 2396 4942 τήν
2440 4869 2778 4937 Μακεδονίας
2841 4867 3195 4946 ἐκληρώσατο
3258 4871 3559 4950 βασιλείαν,
3620 4865 3790 4926 ῙΙτολς

2168 4965 2328 5033 μαῖος
2373 4957 2430 5016 δὲ
2482 4959 2510 5015 ὁ
2573 4961 2752 5036 Λάγου
2838 4959 3115 5039 Αἷγ·5πτου
3209 4962 3300 5017 καὶ
3386 4957 3793 5039 Ἀλεξανδρεῖς,

2165 5047 2428 5114 Σέλευκος
2461 5051 2488 5106 ὁ
2518 5051 2606 5106 καὶ
2639 5051 2888 5126 Νικάνωρ
2949 5047 3036 5106 διὰ
3079 5052 3140 5106 τὸ
3200 5044 3462 5120 ἀναϐῆναι
3517 5049 3590 5111 εἷς
3640 5033 3796 5102 Βαϐυ-

2165 5137 2311 5194 λῶνα
2341 5141 2432 5196 καὶ
2461 5143 2725 5212 κρατῆσαι
2756 5146 2864 5196 τῶν
2899 5135 3208 5218 βαρϐαρων,
3243 5141 3442 5218 Συρίας
3494 5138 3582 5194 καὶ
3633 5130 3795 5192 Βαϐυ-

2165 5228 2400 5298 λῶνκος,
2459 5229 2762 5306 Ἀντίγονος
2817 5237 2917 5300 τῆς
2968 5229 3103 5305 πρὸς
3159 5231 3238 5302 τῷ
3294 5229 3488 5302 Ταύρῳ
3541 5223 3792 5288 Κιλικίας,

2165 5318 2353 5373 Φίλιον
2385 5315 2622 5389 Μηδίας,
2657 5321 2844 5375 Πύθων
2894 5319 3134 5396 Φρυγίας
3190 5320 3280 5375 καὶ
3332 5316 3552 5388 Λυδίας,
3602 5312 3794 5369 Μελέα-

2161 5427 2291 5481 γρος
2355 5406 2754 5485 Παφλαγονίκν
2825 5408 3074 5482 Εὖμένης
3134 5405 3545 5474 Καππαδοκίας,
3609 5404 3792 5460 Κάσαν-

2164 5493 2288 5570 δρος
2322 5496 2518 5559 Λυκίας
2559 5497 2649 5552 καὶ
2703 5495 3143 5568 Ἑλλησπόντου,
3201 5497 3517 5572 Λυσίμαχος
3567 5491 3787 5567 Θρᾲκης,

2163 5585 2516 5661 Ἀντίπατρος
2577 5590 2865 5657 Ποντικῆς,
2913 5587 3210 5662 Ὀξυάρτης
3267 5590 3592 5658 Βακτρικῆς,
3657 5575 3784 5634 Φίλ-

2165 5689 2330 5736 ιππος
2415 5674 2739 5750 Δραγαίνης,
2837 5673 3030 5752 Πῶρος
3119 5673 3334 5742 Ἰνδίας,
3414 5669 3787 5748 Φρατσσέρνηε
