4118 6284
303 340 437 403 30‘.)

1467 324 2011 395 HISTORIARUH
2054 322 2608 392 COMPENDIUM.

3621 329 3745 394 310

302 475 564 550 Παρθίας
616 474 705 529 καὶ
758 470 1059 547 Ὑρκανίας,
1115 467 1460 545 Τριπόλεμος
1543 461 1829 541 Περσίδος,
1883 462 1978 517 καὶ

2097 462 2230 518 mia.
2273 463 2475 533 Neque
2507 464 2567 517 hi
2597 470 2734 519 ante
2788 464 2973 521 finem
3001 465 3275 522 fecerunt
3335 468 3558 524 mutuis
3592 480 3735 526 sene

307 563 752 636 Μεσοποταμίας
821 558 1194 636 Ἀρκεσίλαος.
1281 560 1383 615 Καὶ
1467 559 1530 613 οὗ
1591 552 1837 611 διέλιπον
1891 551 1975 606 ἀεὶ

304 656 435 709 κατ’
467 651 741 724 ἀλλήλων
782 646 1214 723 ἐπανιστάμενοι,
1238 640 1344 711 ἓως
1391 647 1425 717 ἠ
1484 644 1771 719 Ῥωμαίων
1825 639 1973 718 ἀρχὴ

297 744 401 805 τὰς
432 741 759 817 τοπαρχίας
789 739 962 802 πάσας
985 738 1270 796 κατέλυσε.

374 921 465 994 [Ρ.
508 922 637 993 156]
696 920 762 976 'U
812 917 996 993 μέντοι
1048 910 1360 990 Κάσανδρος
1427 913 1826 983 Θεσσαλονίκην
1878 913 1978 982 τὴν

298 1012 402 1064 τοῦ
466 1005 834 1083 Ἀλεξάνδρου
890 1003 1154 1081 θυγατέρα
1209 1004 1579 1078 ποιησάμενος
1634 1008 1856 1079 γυναῖκα
1902 1001 1977 1064 εἰς

302 1096 497 1172 ὄνομα
559 1099 762 1167 terim;
844 1096 1013 1165 κτίζει
1087 1093 1249 1151 πόλιν
1310 1093 1732 1162 Θεσσαλονίκην.
1799 1093 1865 1148 Οἱ
1923 1088 1980 1145 δὲ

300 1188 541 1245 Αῗνείαν
588 1186 790 1259 ταύτην
818 1188 998 1240 κτίσαι
1061 1186 1200 1259 μετὰ
1252 1185 1315 1239 τὸ
1347 1184 1648 1262 ἀποφυγεῖν
1677 1182 1768 1237 τὸν
1800 1184 1983 1251 Τρωϊ-

301 1279 401 1333 κὸν
436 1277 725 1349 πόλεμον,
777 1277 894 1332 ὅθεν
948 1277 1038 1331 καὶ
1069 1279 1103 1345 ἡ
1136 1274 1299 1350 χώρα
1328 1273 1539 1349 λέγεται
1596 1272 1755 1329 Αἰνέα
1816 1272 1884 1328 Οἱ
1925 1269 1981 1325 δὲ

297 1387 431 1446 φασι
504 1365 792 1422 Φιλίππου
873 1369 971 1420 τοῦ
1027 1365 1303 1436 Ἀμῦντου
1363 1363 1496 1418 εἶναι
1557 1359 1820 1436 θυγατέρα
1877 1362 1978 1446 τήν

299 1443 741 1526 ὸεσσαλονίκηψ
776 1455 838 1510 τὸ
870 1451 929 1510 δὲ
988 1454 1040 1509 ἐν
1096 1456 1167 1528 τῇ
1224 1451 1489 1526 Παλλήνῃ
1552 1452 1815 1529 φρούριον
1854 1443 1981 1522 παρ’

300 1546 480 1601 αυτοῦ
545 1548 642 1601 τοῦ
700 1544 914 1601 Αἰνείου
969 1540 1455 1617 οἰκοδομούμενον,
1516 1539 1631 1596 ἐπεὶ
1684 1540 1828 1615 παρὰ
1875 1545 1983 1595 τῶν

302 1635 392 1691 ὑπ’
443 1634 621 1690 αὐτὸν
707 1634 911 1705 ἀκήκοε
984 1634 1303 1708 γεγενῆσθαι
1361 1631 1510 1703 αὐτῷ
1566 1630 1833 1707 θυγατέρι
1889 1631 1979 1684 καὶ

302 1725 636 1799 Κασὰνοραν
670 1724 1063 1795 ἀνομασθῆναι,
1107 1720 1197 1775 καὶ
1232 1720 1398 1783 αὑτὸς
1450 1719 1608 1775 αὐτὸν
1663 1719 1754 1773 τὸν
1812 1720 1982 1774 τόπον

304 1809 694 1887 Κασάνδρειαν
752 1811 1023 1885 ὠνόμασε,
1075 1810 1166 1865 καὶ
1217 1809 1424 1880 στήλην
1456 1807 1670 1878 λιθίνην
1729 1808 1977 1883 γυναικὸς
2014 1841 2058 1905 Β

309 1909 527 1976 σχῆμα
551 1900 783 1978 ἔχουσαν
841 1898 932 1955 καί
995 1900 1132 1974 πρὸς
1186 1898 1379 1974 Τροίαν
1440 1896 1747 1973 βλέπουσαν
1799 1896 1979 1952 ἐπάνω

310 1995 409 2049 τοῦ
444 1992 680 2071 τείχους
711 1987 922 2062 ἔστησε.

383 2173 532 2228 Τότε
591 2172 681 2227 καὶ
759 2168 1011 2234 Αἴσωπος
1066 2173 1094 2226 ό
1156 2169 1498 2249 μυθογράφος
1558 2166 1794 2244 ἤκμαζε,
1887 2171 1975 2225 καί

313 2257 780 2335 ’Δναξίμανδρος,
850 2261 909 2324 ὃς
961 2260 1080 2315 εἶπε
1143 2259 1243 2329 τὴν
1302 2264 1405 2334 γῆν
1466 2256 1632 2332 μέσην
1694 2258 1827 2313 εἶναι
1882 2262 1978 2313 τοῦ

309 2352 525 2413 παντὸς
556 2350 791 2422 κόσμοτ,
823 2351 910 2404 καὶ
946 2350 1039 2404 τὸν
1100 2345 1260 2419 ἥλιον
1313 2347 1413 2403 οὐκ
1458 2345 1667 2402 ἐλάττω
1720 2354 1820 2415 τῆς
1850 2354 1978 2424 γῆς,

312 2440 509 2515 ἀρχὴν
569 2460 627 2494 τε
674 2440 886 2495 πάντων
945 2439 1035 2493 τὸν
1091 2437 1298 2515 αὶθὲρα,
1356 2435 1446 2492 καὶ
1500 2438 1676 2492 πάντα
1730 2434 1781 2506 ἐξ
1812 2437 1978 2492 αὐτοῦ

310 2529 564 2607 γίνεσθαι
595 2528 686 2584 καὶ
728 2527 803 2591 είς
860 2528 1020 2583 αὐτὸν
1075 2524 1419 2590 ἀναλύεσθαι.
1482 2523 1721 2593 Ἐξὲθετο
1781 2523 1837 2580 δὲ
1889 2525 1978 2580 καὶ

314 2622 410 2683 τὰς
448 2619 745 2695 ἰσημερίας
777 2620 988 2680 καὶτὰς
1036 2616 1241 2694 τροπὰς
1294 2622 1391 2673 τοῦ
1458 2616 1703 2673 ἐνιαυτοῦ
1767 2614 1854 2671 καὶ
1915 2616 1980 2671 τὰ

317 2711 515 2781 λοιπὰ,
550 2709 733 2773 καθὼς
762 2702 1064 2784 ἔμπροσθεν
1096 2706 1350 2783 λέξομεν.

393 2885 711 2961 Πυθαγόρας
766 2882 824 2940 δὲ
862 2886 890 2940 ὁ
925 2884 1133 2958 Σάμιος
1186 2886 1288 2954 τὴν
1352 2884 1718 2958 ἀριθμητικήν
1778 2877 1980 2960 ἔγραψε

326 2978 412 3032 καί
438 2976 770 3048 ἀσωμάτους
804 2972 1060 3049 δυνάμεις
1107 2974 1196 3029 καί
1251 2975 1426 3052 ἀρχὰς
1486 2971 1747 3044 ἐδόξαζεν.
1808 2971 1981 3034 Οὗτος

333 3063 415 3118 καὶ
442 3063 511 3117 τὰ
539 3062 726 3137 Χρυσὰ
755 3059 858 3132 ἔπη
920 3059 1168 3137 ἔγραψεν,
1224 3055 1398 3131 ἅτινα,
1454 3060 1528 3121 ὡς
1594 3058 1647 3117 ἐν
1700 3058 1981 3137 κεφαλαίῳ

344 3152 519 3222 εἶπείν,
554 3149 939 3226 διαγορεόουσι
975 3147 1121 3205 τάδε·
1183 3155 1379 3225 Πρῶτα
1441 3150 1538 3222 μὶν
1595 3149 1887 3223 προτρέπει
1917 3150 1980 3205 τὸ

354 3246 486 3295 Osiris
535 3246 697 3315 τιμᾷν
755 3241 829 3301 ὡς
885 3242 1020 3316 χρὴ,
1073 3238 1318 3314 δευτερον
1374 3239 1503 3301 τοὺς
1560 3239 1694 3297 κατὰ
1754 3235 1980 3312 δύναμιν

355 3330 694 3402 ὁμοιωθὲντας
725 3330 894 3403 αὑτῷ,
930 3328 1110 3405 τρίτον
1139 3334 1249 3384 τῶν
1304 3332 1640 3401 σωματικῶν
1697 3325 1980 3401 δυνάμεων
2008 3339 2012 3343 ⁴

352 3418 609 3495 ὑπερέχειν
646 3463 663 3491 ,
721 3421 979 3491 τέταρτον
1058 3419 1242 3474 ἔαυτὸν
1342 3417 1607 3483 αἷδεῖσθαι
1695 3423 1981 3498 πανταχοῦ

343 3509 573 3582 πέμπτον
644 3506 994 3579 δικαιοσύνης
1054 3507 1429 3581 ἐπιμελεισθαι
1486 3512 1792 3583 πανταχοῦ,
1823 3506 1981 3564 ἕκτον

337 3600 417 3654 τὸν
465 3598 573 3654 ἀπὸ
617 3604 724 3668 τῆς
790 3598 937 3659 θείας
996 3597 1228 3672 κρίσεως
1295 3596 1710 3671 ἀπονεμηθέντα
1764 3595 1979 3671 κλῆρον

336 3688 682 3759 ἀσπάζεσθαι,
711 3683 949 3762 ἕϐδομον
979 3687 1115 3762 πρὸς
1155 3688 1217 3743 τὸ
1260 3683 1478 3761 βέλτιον
1508 3686 1590 3742 ἀεὶ
1620 3688 1719 3756 τήν
1751 3685 1981 3761 γνώμην

336 3778 689 3849 μεθιστάνειν,
723 3773 913 3850 ὄγδοον
943 3776 1406 3845 ἀνεξαπόσπαστον
1438 3775 1570 3831 εἶναι
1610 3776 1701 3830 καὶ
1730 3772 1981 3830 ἀδούλω-

329 3887 415 3921 τον
450 3864 651 3922 διόλου
696 3866 834 3938 πρὸς
897 3866 994 3934 την
1050 3872 1151 3934 τῆς
1206 3865 1401 3939 ἀρετῆς
1455 3867 1712 3941 τηφησιν,
1770 3858 1979 3919 ἔννατον

332 3951 595 4011 εὖϐουλίκ
628 3954 732 4029 πρὸ
762 3975 869 4009 των
902 3952 1076 4029 ἔργων
1136 3957 1401 4029 χρῆσθαι,
1456 3951 1504 4023 ἐξ
1536 3954 1604 4023 ἧς
1655 3954 1719 4008 τὸ
1775 3954 1980 4025 ἀμετα-

334 4043 573 4117 μέλητον
607 4045 661 4099 ἐν
690 4049 808 4107 τοῖς
837 4043 1018 4119 ἔργοις
1051 4043 1426 4118 παραγίνεται,
1487 4040 1707 4100 δέκατον
1750 4043 1985 4113 οἰήσεως

330 4133 645 4209 καθαρεύειν
678 4174 692 4201 ,
773 4131 1048 4188 ἑνδέκατον
1104 4133 1309 4206 πράους
1393 4133 1480 4187 καὶ
1540 4132 1843 4207 ἀοργήτους
1892 4133 1982 4188 καὶ

332 4223 613 4285 ἂνετικοὺς
690 4223 824 4299 πρὸς
905 4223 1036 4285 τοὺς
1114 4222 1540 4297 ἐντυγχάνοντας
1599 4222 1754 4292 εἶναι,
1815 4219 1979 4279 δωδέ-

331 4334 488 4368 κατον
521 4313 586 4368 τὸ
618 4316 775 4384 σῶμα
824 4313 911 4367 καὶ
960 4313 1029 4366 τὰ
1084 4310 1236 4374 ἐκτὸς
1294 4312 1430 4387 πρὸς
1479 4313 1580 4381 τὴν
1635 4318 1733 4377 τῆς
1784 4311 1983 4386 ἀρετῆς

335 4402 609 4478 συνεργίαν
698 4399 1169 4476 μεταβρυθμίζεινσ
1242 4423 1271 4453 «
1358 4403 1558 4471 Ταῦτα,
1656 4401 1811 4478 φησὶ,
1880 4401 1985 4457 πό-

334 4511 425 4562 νει,
454 4492 608 4546 ταῦτ’
656 4488 939 4562 ἐκμελὲτα,
968 4489 1176 4544 τούτων
1225 4490 1337 4564 χρὴ
1393 4490 1514 4561 ὲρᾷν
1573 4488 1649 4545 σέ·
1704 4490 1884 4547 Ταῦτά
1928 4511 1984 4544 σε

336 4587 430 4651 τῆς
462 4580 613 4645 θείας
642 4579 838 4654 ἀρετῆς
870 4576 946 4643 si";
990 4578 1149 4653 ’ἰχνια
1207 4580 1378 4649 θήσει·
1416 4603 1444 4630 ››
1476 4579 1590 4634 ἀντὶ
1645 4576 1765 4647 τοῦ,
1805 4580 1984 4636 Tati-ca

338 4672 501 4727 πάντα
540 4668 619 4734 εἰς
642 4670 740 4739 τήν
796 4669 1099 4742 πρακτικήν
1149 4667 1472 4746 φιλοσοφίαν
1534 4666 1700 4741 ἐνάξει
1757 4668 1847 4723 καὶ
1906 4668 1982 4733 εἰς

335 4761 425 4827 την
486 4758 830 4831 θεωρητικὴν
912 4755 1221 4829 ἐπιστήμην
1306 4756 1431 4825 ἤτοι
1512 4758 1613 4825 την
1666 4758 1802 4814 κατὰ
1849 4763 1979 4813 νοῦν

335 4846 621 4922 ὲνεργειαν,
680 4851 909 4901 νοοῦντα
963 4846 1031 4903 τὰ
1076 4844 1282 4917 νοητὰ,
1347 4845 1439 4900 καὶ
1496 4847 1644 4921 ἀρχή
1705 4868 1788 4902 σοι
1846 4848 1980 4903 πάνυ

334 4934 602 5006 καλλίστη
657 4937 985 5009 γενήσεται,
1045 4934 1132 4989 καὶ
1190 4936 1514 5010 ὁμοιωθήσῃ
1576 4941 1694 5007 Θεῷ
1744 4934 1833 4991 διὰ
1881 4945 1981 5007 τῆς

326 5030 431 5080 τῶν
462 5025 669 5098 ἀρετῶν
707 5023 979 5099 ἐργασίας.
1011 5023 1103 5076 Διὸ
1144 5023 1231 5078 καὶ
1291 5022 1627 5099 βουλόμενος
1656 5024 1746 5078 τὸν
1779 5024 1978 5100 ἀκροα-

323 5116 419 5183 τὴν
468 5113 793 5188 ὁλοσχερῶς
847 5112 984 5186 πρὸς
1031 5113 1130 5181 τήν
1190 5115 1297 5167 τῶν
1352 5109 1535 5167 καλῶν
1596 5111 1844 5187 ἐργασίαν
1885 5112 1975 5169 δι-

322 5210 620 5272 αναστῆσαι
653 5200 801 5276 ὅρκῳ
839 5200 905 5255 τὰ
936 5196 1199 5275 λεχθέντα
1228 5204 1538 5270 πιστοῦται,
1574 5199 1745 5276 λέγων
1776 5202 1975 5266 οὕτως’

323 5314 347 5344 ι
395 5291 498 5348 Ναὶ
570 5288 645 5362 μὲ
700 5290 789 5343 τὸν
846 5289 1083 5362 ἁμετέρᾳ
1136 5290 1289 5363 ψυχᾷ
1342 5284 1653 5361 παραδόντα
1703 5291 1785 5361 [Ρ.
1850 5292 1976 5365 157]

328 5376 618 5453 τετρακτὺν
653 5421 667 5447 ,
727 5377 897 5453 παγὲν
958 5377 1147 5430 ἀενάου
1206 5375 1436 5452 φύσεως.
1493 5402 1513 5427 ι
1576 5377 1637 5433 Ὀ
1698 5374 1754 5431 δὲ
1812 5377 1977 5453 ὅρκος

326 5466 522 5540 γίνεται
574 5464 762 5526 αὐτοῖς
817 5464 908 5520 καὶ
967 5461 1164 5540 δόγμα.
1223 5463 1397 5525 Οὗτος
1429 5464 1457 5518 ὁ
1490 5466 1809 5540 Πυθαγόρας
1845 5487 1975 5539 μετ-

327 5553 651 5635 εμψῦχωσιν
711 5550 1089 5627 ἐδογμάτιζενο
1148 5551 1213 5621 ἢν
1274 5550 1445 5615 θέλων
1512 5558 1753 5629 κυρῶσαι
1795 5552 1973 5626 ἔλεγεν

329 5648 514 5705 ἑαυτὸν
560 5647 669 5719 πρὸ
716 5649 825 5701 τῶν
883 5648 1143 5721 Τρωϊκῶν
1199 5642 1501 5715 Αἰθαλίδην
1558 5644 1853 5721 γεγονέναι,
1918 5645 1970 5702 ἐν

330 5733 534 5799 ἂτοῖς
565 5737 839 5813 Τρωϊκοῖς
868 5728 1178 5813 Εὔφορϐον,
1242 5736 1379 5811 μετὰ
1436 5732 1493 5791 δὶ
1545 5739 1713 5790 ταῦτα
1768 5736 1972 5817 Ἑρμό-

2084 551 2260 608 bellis
2291 552 2609 609 infestandl
2640 568 2819 624 quam
2848 556 3181 611 Romanum
3224 558 3544 629 imperium
3590 557 3735 616 istas

2084 641 2456 714 principatus
2487 652 2697 698 omnes
2727 644 3004 700 abolevit.

2159 915 2457 972 Casander
2485 916 2907 973 Thessalonica
2933 915 3253 971 Alexandri
3308 917 3431 972 ﬁlia
3456 918 3632 975 ducta
3658 921 3729 976 de

2090 1004 2220 1075 ejus
2243 1005 2483 1060 nomine
2516 1004 2722 1061 urbem
2756 1004 3240 1061 Thessalonicam
3289 1007 3572 1064 condidit.
3613 1008 3730 1064 Alli

2089 1093 2161 1148 ab
2192 1093 2369 1149 Enen
2386 1095 2681 1151 conditam
2715 1096 2900 1158 alunt,
2934 1110 3068 1150 cum
3093 1096 3141 1149 is
3162 1096 3476 1167 Trojanum
3507 1097 3733 1153 bellum

2089 1182 2226 1255 fuga
2260 1184 2579 1239 evasisset:
2615 1186 2746 1239 ideo
2794 1184 3019 1257 regioni
3079 1200 3295 1239 nomen
3346 1187 3525 1241 Alnea
3581 1202 3729 1242 esse.

2089 1273 2203 1327 Alii
2227 1274 2705 1329 Thessalonicam
2729 1275 3043 1345 perhibent
3064 1274 3247 1329 ﬁliam
3270 1274 3451 1330 fuisse
3480 1276 3734 1347 Philippi

2090 1366 2361 1433 Amyntas
2397 1364 2524 1417 filii.
2560 1364 2612 1418 Is
2662 1378 2860 1418 arcem
2893 1380 3023 1434 quae
3057 1364 3314 1418 Pallenes
3345 1369 3453 1429 est,
3502 1364 3574 1419 ab
3608 1365 3735 1436 ipso

2093 1456 2387 1506 exstructa
2403 1450 2604 1519 zEnea,
2629 1468 2761 1507 cum
2778 1467 2847 1506 ex
2867 1452 3117 1507 subditis
3148 1453 3514 1526 cognovisset
3552 1453 3736 1509 filiam

2092 1540 2203 1595 sibi
2235 1546 2435 1596 natam
2484 1557 2552 1596 ac
2604 1541 2966 1597 Casaudram
3021 1543 3386 1597 nominatam
3420 1558 3571 1609 esse,
3604 1544 3731 1615 ipse

2092 1646 2225 1685 eum
2269 1630 2465 1685 locum
2514 1630 2910 1686 Casandream
2964 1631 3300 1703 appellavit,
3359 1636 3734 1703 statuamque

2092 1719 2390 1790 lapideam
2418 1720 2685 1774 mulieris
2716 1720 2909 1775 forma
2940 1720 3013 1775 ad
3040 1722 3274 1792 Trojam
3316 1721 3734 1793 respicientem

2092 1826 2273 1881 supra
2306 1827 2539 1865 murum
2573 1811 2788 1881 posuit.

2159 2168 2241 2223 Eo
2276 2172 2543 2239 tempore
2602 2167 2803 2221 floruit
2861 2168 3038 2223 etiam
3086 2168 3351 2238 Esopus,
3401 2162 3739 2223 fabularum

2091 2255 2385 2321 conditor,
2417 2263 2475 2312 et
2515 2256 2979 2324 Anaximander,
3022 2256 3121 2327 qui
3155 2262 3372 2311 terram
3429 2257 3493 2311 in
3541 2256 3737 2312 medio

2091 2347 2348 2403 universl
2390 2362 2517 2403 esse
2569 2347 2734 2416 dixit,
2796 2346 2981 2402 solem
3040 2352 3200 2403 terra
3244 2362 3363 2402 non
3421 2348 3737 2416 minorem,

2091 2436 2453 2508 principium
2484 2437 2750 2491 omnium
2783 2452 2982 2491 rerum
3015 2450 3236 2496 aerem.
3288 2451 3358 2491 ex
3389 2452 3504 2508 quo
3535 2438 3737 2494 omnia

2092 2527 2361 2582 oriantur
2390 2527 2573 2598 inque
2604 2527 2759 2582 214
2808 2540 2944 2582 eum
3000 2525 3419 2582 dissolvantur.
3462 2528 3737 2599 Equinoa

2092 2617 2209 2671 ctia
2238 2617 2416 2671 etiam
2466 2623 2522 2672 et
2552 2617 2808 2672 solstitia
2839 2617 2981 2672 anni
3014 2617 3305 2693 exposuit,
3338 2624 3397 2672 et
3439 2618 3557 2674 alia
3606 2630 3735 2690 qum

2093 2706 2306 2763 deinde
2330 2707 2678 2763 referemus.

2165 2885 2526 2957 Pythagoras
2543 2888 2739 2939 autem
2764 2885 2993 2941 Samius
3019 2885 3330 2943 scientiam
3350 2900 3737 2943 numerorum

2095 2973 2333 3044 scripsit
2358 2973 2778 3045 opinionisque
2810 2973 2880 3029 de
2900 2974 3278 3030 facultatibus
3311 2979 3489 3046 atque
3521 2976 3737 3047 princi-

2093 3063 2208 3134 piis
2242 3063 2609 3134 incorporeis
2638 3069 2845 3119 auctor
2884 3064 3015 3119 fuit.
3050 3064 3391 3135 Composuit
3419 3064 3598 3120 etiam
3625 3082 3738 3123 au-

2094 3168 2283 3221 reum,
2345 3152 2505 3223 quod
2560 3158 2820 3219 vocatur,
2881 3169 3140 3209 carmen.
3209 3152 3392 3224 Cujus
3464 3152 3591 3208 hinc
3647 3160 3737 3211 est

2095 3256 2365 3297 summa:
2413 3241 2678 3296 Primum
2710 3247 2887 3313 caput
2935 3241 3205 3298 hortatur
3251 3242 3325 3297 ad
3368 3258 3593 3297 numen
3622 3243 3734 3298 rite

2090 3331 2406 3389 colendum
2435 3348 2448 3399 ;
2477 3336 2529 3386 2.
2562 3333 2674 3388 Eos
2703 3332 2806 3402 qui
2838 3333 2891 3387 ei
2922 3332 3203 3389 facultate
3232 3338 3373 3389 sunt
3391 3333 3640 3404 aequali;
3674 3337 3727 3392 3.

2088 3421 2261 3476 lubet
2301 3437 2363 3476 se
2396 3437 2575 3492 supra
2612 3438 2926 3492 corporeae
2965 3421 3277 3477 facultates
3324 3423 3595 3478 attollere
3628 3441 3642 3489 ;
3674 3426 3727 3481 4.

2091 3510 2188 3565 Sui
2219 3509 2406 3581 ipsius
2442 3509 2663 3581 ubique
2701 3510 3056 3567 verecundia
3095 3510 3350 3580 moveri;
3384 3514 3435 3566 5.
3469 3512 3534 3566 In
3567 3512 3728 3568 omni

2089 3618 2152 3656 re
2176 3600 2424 3672 justitiae
2444 3618 2649 3657 curam
2671 3601 2888 3656 habere
2915 3617 2928 3666 ;
2952 3604 3004 3659 6.
3038 3601 3223 3667 Sorte,
3260 3619 3388 3673 quae
3415 3602 3611 3658 divino
3626 3603 3729 3674 ju-

2090 3690 2244 3749 dicio
2275 3690 2503 3764 οδιίείι,
2529 3696 2873 3747 contentum
2896 3707 3026 3747 esse
3052 3709 3066 3758 ;
3092 3693 3147 3745 7.
3180 3693 3547 3750 Sententiam
3578 3710 3735 3749 sem-

2089 3795 2196 3849 per
2216 3779 2370 3834 adid
2402 3778 2557 3850 quod
2591 3780 2806 3834 melius
2828 3785 2917 3835 est
2937 3780 3409 3847 accommodare;
3434 3782 3578 3837 8.Ita
3609 3782 3731 3836 vir-

2092 3872 2276 3923 tutem
2308 3868 2529 3935 colore,
2562 3875 2629 3923 ut
2663 3884 2966 3939 nunquam
3005 3868 3077 3924 ab
3110 3869 3238 3940 ejus
3269 3868 3432 3925 cultu
3471 3869 3733 3931 abstrahi

2091 3964 2192 4013 aut
2220 3957 2332 4014 alio
2384 3959 2444 4017 in
2477 3960 2821 4015 servitutem
2861 3959 3072 4015 abduci
3132 3965 3188 4015 te
3238 3960 3433 4027 sinas;
3479 3961 3533 4019 9.
3583 3965 3737 4019 Ante

2088 4048 2308 4103 factum
2340 4049 2605 4104 rationes
2635 4049 2816 4120 probe
2851 4049 3178 4105 subducere
3204 4065 3217 4115 ;
3250 4053 3332 4105 10.
3373 4052 3585 4107 Vacare
3616 4052 3740 4123 opi-

2090 4137 2266 4192 nione
2287 4153 2300 4202 ;
2320 4141 2405 4193 11.
2431 4140 2493 4193 In
2515 4136 2945 4193 consuetudine
2965 4155 3099 4193 cum
3113 4139 3457 4195 hominibus
3472 4140 3735 4211 placidos

2090 4241 2174 4292 se,
2209 4225 2311 4279 irae
2342 4241 2555 4280 vacuos
2586 4231 2644 4280 et
2662 4225 2955 4296 patientes
2975 4224 3238 4296 praebere
3263 4241 3277 4291 ;
3303 4229 3389 4283 12.
3420 4228 3643 4299 Corpus
3674 4234 3730 4283 et

2090 4312 2341 4369 fortunas
2397 4313 2550 4370 bona
2579 4315 2663 4369 ita
2691 4329 3035 4385 comparare
3074 4321 3141 4370 ut
3159 4313 3357 4370 virtuti
3409 4315 3527 4371 sint
3558 4315 3730 4388 adju-

2092 4408 2311 4461 mento.
2338 4403 2431 4458 Sic
2460 4408 2658 4459 autem
2689 4403 2914 4458 claudit
2941 4419 3183 4460 carmen
3208 4420 3221 4460 :

2089 4493 2187 4547 His
2218 4492 2467 4549 incumbe
2496 4508 2708 4561 animo,
2730 4493 2815 4547 his
2845 4508 3176 4563 apeiamquc
3205 4491 3461 4563 impende
3498 4499 3549 4550 et
3581 4510 3738 4551 amo-

2092 4579 2307 4635 Divinz
2339 4581 2452 4636 hac
2481 4587 2530 4637 te
2558 4582 2617 4639 in
2646 4580 2871 4637 virtutis
2912 4583 3144 4650 vestigia
3173 4583 3393 4641 ducent.
3577 4583 3733 4654 [rem

2092 4672 2210 4723 Hoc
2234 4668 2358 4724 vult
2374 4670 2569 4725 dicere
2597 4687 2609 4725 :
2644 4671 2777 4727 Haec
2809 4676 2863 4725 te
2893 4671 2965 4726 ad
2987 4670 3447 4743 philosophiam,
3474 4674 3644 4743 cujus
3675 4673 3737 4727 in

2094 4758 2317 4831 agendo
2347 4760 2433 4814 vis
2463 4765 2572 4829 est,
2609 4760 2953 4831 producent.
2980 4767 3039 4817 et
3066 4760 3140 4815 ad
3185 4761 3735 4832 contemplatricem

2093 4847 2423 4913 scientiam,
2456 4865 2671 4919 nempe
2711 4855 2779 4904 ut
2807 4856 3005 4906 mente
3039 4866 3203 4906 suam
3244 4850 3361 4907 vim
3402 4856 3734 4919 exercente,

2092 4952 2162 4992 ea
2191 4939 2483 5010 percipias
2514 4956 2646 5008 quae
2666 4939 2791 4993 solo
2815 4938 3125 4993 intellectu
3147 4945 3507 5005 cernuntur;
3532 4946 3732 4993 erunt-

2090 5043 2205 5097 que
2240 5028 2342 5082 tibi
2373 5027 2897 5098 prwclarissimum
2918 5027 3299 5098 principium,
3317 5034 3375 5082 et
3396 5028 3734 5084 actionibus

2090 5116 2371 5171 virtutum
2400 5117 2500 5170 Dei
2524 5116 2735 5170 similis
2751 5117 2876 5170 fies.
2905 5118 3109 5186 itaque
3132 5117 3280 5173 ’ὶπῦ
3308 5122 3373 5170 ut
3400 5116 3733 5173 auditorem

2090 5205 2272 5275 magis
2301 5205 2376 5258 ad
2394 5205 2780 5259 honestarum
2805 5205 3106 5259 actionum
3137 5203 3398 5258 studium
3430 5205 3732 5277 excitaret,

2080 5292 2422 5361 juramcnto
2456 5292 2631 5346 dictis
2662 5292 2839 5347 fidem
2883 5293 3163 5346 conciliat
3193 5292 3255 5345 in
3289 5292 3441 5348 hanc
3487 5300 3732 5351 senten-

2089 5381 2231 5436 tiam
2257 5397 2269 5434 :

2156 5475 2262 5524 Per
2294 5468 2399 5524 tibi
2448 5485 2547 5539 ego
2578 5468 2765 5524 divum
2797 5486 2925 5523 vera
2973 5474 3104 5524 esset
3134 5468 3246 5525 haec
3271 5470 3409 5541 jura
3441 5478 3730 5544 tetractyn,

2153 5560 2405 5614 Nostram
2455 5557 2702 5613 animam
2768 5560 2867 5628 qui
2922 5564 3136 5615 naturas
3190 5559 3256 5616 de
3309 5564 3464 5631 fonte
3493 5565 3735 5633 perenni

2151 5648 2380 5718 Irrigat.

2081 5741 2202 5798 Hoc
2218 5737 2628 5809 juramentum
2658 5759 2846 5801 unum
2870 5746 2960 5799 est
2988 5757 3059 5799 ex
3079 5741 3334 5799 decretis
3365 5741 3725 5814 Pythagorae.
