4118 6284
279 382 400 441 313

1413 385 1950 451 HISTORIARUM
1999 382 2539 446 GOMPENDIUM.

3592 390 3710 454 314

282 518 389 567 τῶν
447 514 710 571 ἀπλανῶν
755 519 994 593 ἀστέρων
1052 518 1311 583 κύκλους.
1368 522 1451 579 Τὰ
1517 520 1576 576 δὲ
1617 516 1787 589 ζώδια
1831 519 1930 590 (2οξ

2059 517 2192 572 simi
2225 534 2469 589 vapores
2531 535 2597 573 ex
2651 535 2787 573 aere
2845 524 3258 589 secernuntur,
3318 522 3420 592 qui
3479 503 3712 577 collecti

284 605 527 679 γίνεσθαι
594 605 996 682 ἐξατμιζόμενα
1053 609 1157 665 ὑπὸ
1203 614 1300 665 τοῦ
1352 609 1545 681 ἡλίου,
1606 609 1838 681 ἀνέμους
1900 603 1957 660 δὲ

291 693 542 770 γίνεσθαι
570 701 677 752 τῶν
709 694 1054 754 λεπτοτάτων
1098 700 1285 772 ἀτμῶν
1343 700 1401 756 ἐκ
1454 704 1556 755 τοῦ
1608 699 1763 774 ἂέρος
1817 696 1957 750 ἀπο-

288 785 628 859 κρινομένων
675 788 765 842 καὶ
821 788 945 843 ὅταν
996 788 1327 866 ἀθροισθῶσι
1379 790 1736 863 κινουμένων,
1770 783 1952 846 ὑετοὺς

287 872 344 929 δὲ
375 874 438 929 ἐκ
463 882 569 945 τῆς
598 875 837 952 ἀτμίδος
864 886 964 947 τῆς
999 876 1058 934 ἒκ
1086 884 1192 934 τῶν
1231 882 1318 957 ὑφ’
1376 879 1533 949 ἣλιον
1592 874 1950 948 ἀναδιδουμέο

2066 612 2566 676 commoveantur,
2617 608 2844 679 pluvias
2876 625 2946 663 ex
2990 608 3465 666 exhalationibus
3511 629 3545 668 a
3586 612 3709 668 sole

2066 713 2300 751 sursum
2333 696 2598 766 elevatis,
2637 697 2890 771 fulgura,
2940 716 3072 754 cum
3127 706 3335 755 ventus
3394 717 3712 774 erumpens

2065 786 2253 842 nubes
2285 788 2517 843 scindit.
2552 788 2861 843 Hominem
2903 788 2975 844 ab
3008 789 3175 843 initio
3221 790 3401 861 piscis
3451 791 3707 847 similem

2062 882 2269 931 natum
2294 878 2496 932 fuisse.

279 986 411 1035 νης,
451 964 728 1041 ἀστραπὰς
761 964 840 1037 δὲ,
873 966 997 1023 ὅταν
1028 966 1227 1042 ἄνεμος
1256 967 1529 1025 ἐκπίπτων
1560 965 1796 1037 διίστησι
1827 964 1922 1025 τὰς
1952 962 2197 1037 νεφέλας,
2238 965 2341 1019 Τὸν
2368 960 2425 1020 δὲ
2457 966 2739 1042 ἄνθρωπον
2773 967 2892 1021 κατ’
2922 966 3097 1042 ἀρχὰς
3128 967 3286 1042 ἱχϐύῖ
3312 969 3699 1045 παραπλήσιον

283 1050 555 1126 γενέσθαι.

350 1144 551 1205 Ἕκτος
633 1144 1006 1219 Ἀναξιμένης.
1097 1147 1276 1209 Οὗτος
1361 1148 1492 1223 ἀέρα
1558 1145 1780 1220 ἄπειρον
1847 1144 1945 1211 τὴν

283 1232 472 1307 ἀρχὴν
505 1230 606 1311 ἔφη
640 1236 796 1303 εἶναι,
840 1233 889 1305 ἒξ
925 1234 988 1290 οῦ
1015 1236 1083 1291 τὰ
1110 1235 1372 1311 γινόμενα
1423 1237 1514 1292 καὶ
1573 1236 1640 1291 τὰ
1679 1233 1947 1310 γεγονότα

273 1321 374 1375 καὶ
401 1323 471 1375 τὰ
500 1319 732 1395 ἔσόμενα
761 1324 849 1377 καὶ
883 1322 1037 1387 θεοὺς
1075 1324 1165 1379 καὶ
1229 1327 1347 1379 θεῖα
1396 1324 1658 1401 γίνεσθαι.
1726 1324 1834 1390 Τὴν
1887 1315 1946 1374 δὲ

273 1416 388 1484 γῆν
422 1409 685 1466 πλατεῖαν
716 1411 799 1467 ἐπ’
830 1411 958 1484 ἀέρα
983 1412 1317 1492 ὀχουμένην.
1376 1415 1618 1487 Ὁμοίως
1685 1410 1742 1466 δὲ
1780 1408 1943 1480 ἥλιον

271 1497 372 1551 καὶ
440 1497 679 1571 σελήνην
748 1502 839 1555 καὶ
898 1502 963 1555 τὰ
1020 1500 1163 1557 ἄλλα
1245 1500 1415 1578 ἂστρα
1497 1502 1673 1557 πάντα
1750 1502 1948 1573 πύρινα

275 1583 417 1642 ’ὄντα
456 1588 774 1664 ἐποχεῖσθαι
815 1594 896 1662 τῷ
951 1590 1067 1665 ἀέρι
1110 1588 1198 1646 διὰ
1237 1593 1300 1646 τὸ
1338 1589 1570 1652 πλάτος.
1640 1588 1833 1666 Γέγονε
1890 1584 1946 1641 δὲ

272 1678 344 1731 τὰ
382 1678 557 1753 ἃστρα
591 1678 650 1734 ἐκ
677 1687 781 1755 γῆς
813 1676 901 1734 διὰ
945 1681 1008 1735 τὸ
1073 1682 1172 1751 τὴν
1233 1678 1436 1753 ἰκμάδα
1493 1680 1552 1735 ἐκ
1606 1679 1807 1748 ταύτης
1857 1675 1945 1730 ἀν-

281 1768 565 1838 ίστασθαι,
603 1769 668 1836 ἧς
691 1768 1056 1843 ἀραιουμένης
1101 1771 1163 1824 τὸ
1215 1774 1322 1845 πῦρ
1380 1768 1639 1846 γίνεσθαι’
1691 1770 1832 1823 εἶναι
1890 1763 1947 1821 δὲ

265 1858 367 1911 καὶ
402 1854 630 1931 γεώδεις
660 1856 845 1934 φύσεις
885 1857 936 1912 έν
992 1864 1072 1931 τῷ
1114 1860 1273 1932 τόπῳ
1328 1863 1437 1914 τῶν
1498 1857 1756 1933 ἀστέρων,
1814 1877 1946 1929 συμ-

261 1945 712 2022 περιφερομένας
782 1946 1033 2009 ἐκείνοις.
1103 1948 1275 2009 Οὗτος
1331 1949 1547 2019 ἤκμασε
1601 1947 1736 2002 κατὰ
1805 1947 1934 2008 τοὺς

260 2035 517 2110 χρόνους
547 2033 918 2109 Ἀλεξάνδρου
949 2039 1046 2090 τοῦ
1077 2034 1406 2107 Μακεδόνος,
1468 2037 1674 2097 οὗτινος
1729 2036 1817 2090 καὶ
1850 2033 1932 2089 δι-

267 2121 558 2185 Sir/.210;
588 2128 822 2200 γέγονεν·

344 2208 641 2285 Ἕϐδομος
675 2215 1065 2291 Ἀναξαγόρας,
1120 2216 1177 2278 ὅς
1225 2215 1471 2271 ἐκαλεῖτο
1524 2219 1689 2283 Νοῦς,
1749 2211 1935 2281 ἐπειδὴ

270 2300 430 2369 ὕλην
464 2302 556 2356 καὶ
587 2306 712 2355 νοῦν
762 2303 977 2357 πάντων
1023 2303 1204 2378 ἀρχήν
1258 2304 1345 2357 καὶ
1403 2304 1636 2379 φρουρὸν
1679 2304 1813 2371 εἷπε,
1847 2303 1937 2357 καὶ

261 2392 369 2445 τὸν
438 2390 535 2463 μὲν
591 2396 716 2445 νοῦν
773 2396 1053 2463 ποιοῦντα,
1109 2394 1205 2461 τὴν
1272 2389 1328 2446 δὲ
1394 2389 1532 2462 ὓλην
1618 2391 1935 2465 γινομένην-

264 2482 496 2537 “Οντιι›ν
538 2482 645 2555 γὰρ
711 2480 926 2535 πάντων
968 2482 1243 2558 νὸμοιξουῖυν
1305 2481 1331 2534 6
1398 2485 1523 2544 νοῦς
1570 2478 1810 2535 ἐπελθὼν
1863 2476 1936 2533 δι-

357 2573 370 2589 ,
700 2573 720 2582 ι-
876 2571 889 2589 ν
1089 2572 1096 2582 -
1221 2574 1233 2591 ς
1336 2574 1358 2592 η
1577 2573 1605 2591 γ
1785 2569 1836 2593 να

269 2592 615 2644 εκοσμτβεν.
652 2573 817 2635 Οατός
872 2593 1011 2626 εστιν
1068 2574 1125 2633 ὃς
1179 2593 1271 2627 τον
1330 2572 1491 2642 ηλιον
1552 2593 1672 2627 ειπε
1732 2588 1934 2645 μυορον

270 2657 581 2733 διάπυρον,
651 2660 896 2715 τουτέστι
946 2661 1171 2731 πύρινον
1222 2658 1392 2715 λίθον·
1459 2658 1668 2736 μύδρος
1730 2660 1776 2715 δ’
1826 2659 1933 2714 ἐστὶ

265 2745 513 2823 σίδηρος
540 2749 706 2823 ἀργὸς
732 2748 1247 2823 πεπυρακτωμένος.
1279 2752 1351 2805 Τὸ
1387 2746 1433 2804 δ’
1460 2752 1612 2811 ἒπος·

258 2838 512 2896 Ἠέλιον
610 2838 875 2914 πυρόεντα
957 2837 1159 2916 μύδρον
1246 2841 1379 2895 ποτὲ
1483 2840 1700 2984 φάσκεν[
1764 2840 1934 2915 ὑπάρ-

1707 2931 1825 2984 χειν

1707 2931 1825 2985 χειν

352 3001 459 3057 Καὶ
510 2998 602 3054 διὰ
674 3004 839 3056 τοῦτο
924 3005 1100 3065 θανεῖν
1166 2999 1368 3074 μέλλεν
1450 3001 1828 3076 Ἀναξαγόρας,

292 3088 376 3144 ὅτι
405 3090 500 3144 καὶ
534 3088 705 3162 μείζω
734 3096 834 3159 τῆς
883 3088 1304 3160 Πελοποννήσου
1358 3090 1449 3144 τὸν
1514 3087 1676 3158 ἣλιον
1732 3088 1934 3165 ἔλεγεν.

272 3176 445 3239 Οῦτος
477 3177 847 3251 Κλαζομένιος
889 3178 963 3233 ὢν
1025 3178 1268 3253 ἀγέλαις
1329 3200 1386 3234 τε
1441 3178 1817 3252 καὶκαμήλος
1872 3180 1938 3233 τὰ

286 3269 488 3321 ἑαυτοῦ
521 3268 695 3337 ἀνῆκε.
729 3269 860 3343 Περὶ
890 3268 1088 3324 τούτου
1136 3268 1239 3348 ἔφη
1300 3267 1685 3332 Ἀπολλώνιος
1718 3271 1746 3323 6
1784 3271 1934 3326 Τυα-

2129 1145 2336 1200 Sextus
2356 1145 2900 1203 fuitAnaximenes.
2931 1148 2985 1202 Is
3015 1163 3213 1203 aerem
3255 1148 3558 1205 infinitum
3590 1158 3706 1207 sta-

2058 1234 2170 1288 tuit
2203 1250 2401 1289 rerum
2432 1235 2838 1307 principium;
2872 1252 2943 1290 ex
2976 1253 3043 1291 eo
3077 1253 3208 1306 quae
3243 1243 3400 1307 sunt,
3435 1255 3567 1309 quas
3586 1239 3710 1295 fue-

2056 1330 2215 1391 runt,
2276 1324 2477 1378 omnia
2524 1330 2720 1379 ortum
2795 1324 3032 1380 habere.
3094 1326 3235 1380 Esse
3307 1325 3449 1381 deos
3503 1332 3562 1381 et
3610 1345 3705 1384 res

2058 1411 2303 1467 divinas.
2344 1415 2581 1467 Terram
2629 1414 2942 1469 latitudine
2992 1431 3098 1470 sua
3153 1416 3276 1470 aeri
3333 1416 3699 1474 incumbere.

2058 1501 2341 1556 Similiter
2371 1503 2557 1557 solem
2592 1510 2648 1558 et
2676 1502 2880 1558 lunam
2914 1510 2969 1558 et
3019 1504 3281 1576 reliquas
3309 1504 3534 1576 stellas,
3568 1522 3702 1561 cum

2057 1591 2227 1662 ignea
2267 1592 2388 1647 sint
2442 1594 2664 1662 omnia,
2722 1593 2795 1648 ab
2844 1610 2980 1649 aere
3030 1599 3273 1666 propter
3328 1595 3702 1652 latitudinem

2056 1682 2291 1752 gestari.
2323 1682 2533 1737 Stellas
2556 1699 2627 1736 ex
2653 1689 2810 1737 terra
2839 1689 2997 1738 ortas
3029 1699 3096 1738 eo
3129 1683 3287 1754 quod
3309 1700 3381 1738 ex
3405 1700 3472 1739 ea
3488 1685 3703 1741 humor

2057 1772 2317 1841 effertur,
2346 1789 2462 1842 quo
2495 1778 2798 1828 attenuato
2828 1774 2981 1845 ignis
3011 1773 3275 1830 exsistat.
3336 1774 3472 1829 Esse
3517 1776 3696 1830 etiam

2057 1865 2320 1915 terrenas
2349 1862 2632 1930 quasdam
2660 1866 2903 1917 naturas
2933 1863 2993 1917 in
3042 1862 3171 1917 loco
3204 1862 3533 1932 stellarum,
3565 1880 3698 1934 qua

2056 1965 2174 2003 una
2216 1966 2351 2004 cum
2410 1950 2502 2004 his
2559 1951 3055 2022 circumagantur.
3112 1953 3213 2006 Hic
3270 1951 3473 2006 ﬂoruit
3525 1958 3696 2008 tritate

2042 2037 2362 2093 Alexandri
2408 2039 2762 2107 Macedonis,
2788 2041 2958 2111 cujus
2989 2040 3167 2094 etiam
3200 2047 3526 2111 praeceptor
3558 2041 3690 2095 fuit-

2114 2127 2267 2182 278
2307 2128 2602 2198 Septimus
2647 2130 3041 2201 Anaxagoras,
3090 2134 3479 2202 cognomento
3510 2131 3691 2198 Mens,

2044 2216 2200 2287 quod
2225 2217 2706 2288 omniumIrerum
2720 2218 3079 2289 principium
3095 2234 3161 2273 ac
3177 2219 3691 2274 conservationem

2040 2307 2304 2362 materiis
2336 2323 2403 2361 ac
2437 2308 2618 2360 menti
2653 2307 2991 2376 ascriberet,
3028 2308 3110 2362 ita
3140 2307 3405 2378 quidem,
3451 2312 3516 2362 ut
3564 2309 3690 2363 haec

2046 2395 2326 2463 efﬁceret,
2362 2412 2429 2449 ex
2463 2395 2566 2450 illa
2614 2412 2708 2451 res
2738 2397 2966 2450 ﬁerent.
3025 2396 3253 2450 Etenim
3309 2412 3443 2451 cum
3493 2398 3695 2453 omnia

2045 2492 2244 2542 essent
2267 2487 2536 2558 ejusdem
2559 2493 2783 2542 naturas
2815 2492 2874 2541 et
2902 2487 3173 2555 confusa,
3205 2492 3469 2542 mentem
3491 2504 3694 2560 super-

2040 2576 2269 2631 venisse
2302 2593 2368 2631 ac
2399 2593 2467 2631 ea
2499 2577 2819 2631 secrevisse
2848 2581 2906 2631 et
2935 2576 2996 2630 in
3033 2576 3303 2632 ordinem
3353 2576 3692 2633 adduxisse.

2042 2666 2096 2718 Is
2126 2670 2217 2719 est
2241 2666 2341 2735 qui
2372 2665 2522 2719 dixit
2550 2665 2736 2720 solem
2784 2681 2913 2720 esse
2945 2682 3201 2721 massam
3234 2664 3371 2720 ferri
3430 2666 3687 2721 canden-

2046 2761 2186 2822 tem,
2221 2754 2278 2808 id
2302 2762 2391 2809 est
2420 2755 2676 2825 lapidem
2708 2755 2967 2827 igneum.
2992 2756 3073 2810 Ea
3101 2754 3173 2810 de
3196 2772 3395 2810 versus
3421 2754 3695 2813 feruntur

2046 2843 2227 2897 tales:

2185 2932 2519 2986 Gaudentem
2548 2932 2689 3001 ferri
2717 2948 2951 2988 massam
2977 2934 3125 3002 quod
3162 2934 3384 2987 dixerat
3407 2948 3515 2987 esse

2185 3003 2385 3071 Solem,
2415 3005 2512 3056 vim
2540 3010 2765 3058 mortem
2792 3005 2944 3072 fugit
2976 3007 3366 3072 Anaxagoras,

2043 3097 2102 3145 et
2158 3092 2315 3161 quod
2363 3090 2549 3146 solem
2608 3091 3016 3163 Peloponneso
3075 3091 3366 3163 majorem
3417 3092 3685 3148 dixisset.

2043 3180 2408 3235 Clazomenis
2456 3180 2742 3235 oriundus
2798 3180 2928 3235 fuit.
2963 3186 3146 3253 Agros
3204 3197 3341 3235 suos
3396 3180 3598 3237 ovibus
3631 3187 3690 3236 et

2044 3268 2287 3324 camelis
2352 3269 2677 3340 pascendos
2745 3269 3008 3340 reliquit.
3080 3270 3285 3341 Itaque
3337 3268 3686 3340 Apollonius

302 3354 426 3414 νεὶις
485 3351 762 3428 προϐάτοις
824 3357 1036 3430 μᾶλλον
1093 3357 1128 3427 ἤ
1196 3359 1503 3430 ἀνθρώποις
1545 3355 1930 3436 φιλοσοφῆσαι.

2046 3361 2308 3430 Tyancus
2340 3376 2475 3414 eum
2497 3359 2701 3415 ovibus
2732 3359 2918 3430 magis
2947 3375 3123 3429 quam
3165 3358 3505 3414 hominibus
3554 3360 3685 3430 phi—

304 3444 360 3497 '0
392 3439 449 3497 δὲ
479 3439 703 3514 Θηϐαῖος
735 3444 953 3518 Κράτης
985 3447 1359 3502 κατεπόντωσε
1388 3447 1486 3515 τὴν
1547 3446 1752 3517 οὐσίαν,
1812 3445 1933 3502 οὔτε

298 3527 588 3605 προϐάτοις
619 3537 857 3604 ποιήσας
885 3532 1167 3605 ἐπιτήδεια
1199 3532 1323 3590 οὔτε
1376 3534 1705 3609 ἀνθρώποις.
1761 3536 1933 3600 Οὗτος

285 3621 500 3693 ἤκμασε
526 3624 663 3677 κατά
695 3624 757 3678 τὸ
790 3628 1004 3698 πρῶτον
1063 3619 1185 3688 ἔτος
1234 3631 1332 3694 τῆς
1384 3631 1477 3694 πη¹
1533 3622 1929 3699 Ὀλυμπιάδος·

270 3713 393 3764 καθ’
420 3710 481 3765 ὅν
511 3711 600 3766 καὶ
639 3711 867 3766 Πλάτων
901 3711 1115 3788 λέγεται
1148 3716 1488 3789 γεγενῆσθαι.

342 3804 432 3874 [Ρ.
470 3804 597 3875 159]
624 3800 855 3877 ’Ὄγδοος
884 3802 1219 3878 Ἀρχέλαος.
1253 3803 1427 3866 Οὗτος
1463 3801 1563 3883 ἔφη
1621 3806 1721 3873 τήν
1784 3804 1926 3877 μῖξιν

256 3897 369 3959 τῆς
402 3889 545 3957 ὕλης
576 3891 791 3964 ὁμοίως
819 3892 1179 3967 Ἀναξαγόρᾳ,
1210 3894 1299 3948 κάὶ
1363 3894 1460 3954 τὰς
1513 3893 1689 3969 ἀρχὰς
1749 3892 1925 3947 ὡσαύ-

249 4000 387 4041 τως.
425 3981 573 4048 Φησὶ
612 3977 669 4034 δὲ
698 3982 785 4034 καί
838 3981 961 4055 περί
1020 3986 1130 4035 τῶν
1201 3982 1356 4050 ζώων
1387 3983 1470 4036 ὅτι
1499 3981 1926 4057 θερμαινομένης

249 4075 368 4136 τῆς
421 4074 526 4143 γῆς
584 4070 648 4123 τὸ
706 4073 920 4143 πρῶτον
989 4068 1040 4124 έν
1097 4074 1179 4141 τῷ
1240 4070 1391 4125 κάτω
1452 4071 1624 4146 μέρει,
1683 4069 1820 4126 ὅπου
1861 4071 1924 4125 τὸ

243 4157 464 4232 θερμὸν
494 4158 591 4212 καὶ
638 4158 702 4212 τὸ
729 4159 940 4234 ψυχρὸν
1004 4158 1284 4234 ἐμίσγετο,
1344 4160 1679 4238 ἀναφανῆναι
1739 4162 1806 4216 τά
1868 4182 1924 4216 τε

246 4250 378 4316 ζῶα
408 4247 501 4300 καὶ
533 4247 585 4300 οἷ
620 4243 920 4321 ἂνθρωποι,
954 4248 1175 4319 ὕστερον
1208 4245 1266 4303 δὲ
1321 4247 1508 4310 αὐτοῖς
1575 4252 1610 4319 ἡ
1661 4248 1712 4322 ἒξ
1745 4248 1924 4322 ἀλλή-

245 4334 380 4389 λων
438 4333 644 4409 γένεσις
679 4333 1142 4407 ἐπηκολούθησεν.
1205 4339 1451 4411 Ἤκμαζε
1508 4335 1565 4392 δὲ
1616 4338 1706 4392 καὶ
1765 4338 1923 4401 αὐτὸς

240 4424 396 4479 κατὰ
456 4424 584 4486 τοὺς
651 4425 889 4501 χρόνους
946 4426 1304 4503 Ἀναξαγόραι,
1394 4427 1640 4498 συνέταξε
1726 4425 1783 4483 δὶ
1832 4429 1923 4483 καὶ

239 4510 640 4590 φυσιολογίαν.

2041 3446 2416 3517 losophatum
2475 3446 2643 3500 dixit.
2676 3448 2751 3500 At
2779 3448 2980 3501 Crates
3036 3446 3349 3503 Thebanus
3405 3447 3467 3501 in
3525 3462 3687 3502 mare

2042 3534 2287 3604 abjectis
2311 3535 2434 3589 suis
2464 3534 2674 3606 Opibus
2703 3551 2896 3606 neque
2928 3535 3121 3590 ovium
3151 3552 3345 3606 neque
3376 3536 3687 3591 hominum

2040 3623 2278 3679 utilitati
2335 3625 2618 3681 inserviit.
2670 3625 2896 3679 Floruit
2943 3625 3099 3679 circa
3144 3625 3403 3696 primum
3459 3642 3684 3680 annum

2041 3712 2404 3784 Olympiadis
2470 3713 2842 3785 octogesimas
2919 3717 3173 3779 octavae;
3247 3729 3361 3783 quo
3419 3718 3682 3783 tempore

2039 3802 2219 3855 etiam
2246 3800 2407 3856 Plato
2440 3800 2733 3855 exstitisse
2766 3800 3004 3855 dicitur.

2109 3892 2356 3946 Octavus
2389 3890 2731 3945 Archelaus.
2781 3890 2883 3945 Hic
2913 3892 3273 3962 Auaxagoraa
3324 3892 3679 3946 sententiam

2039 3980 2111 4035 de
2139 3981 2427 4035 mixtione
2459 3979 2723 4035 materiae
2756 3985 2815 4035 et
2838 3980 3148 4051 principiis
3179 3985 3415 4035 secutus
3447 3987 3554 4035 est.
3603 3982 3681 4035 De

2035 4069 2394 4125 animalibus
2426 4068 2592 4134 dixit,
2645 4085 2778 4123 cum
2807 4069 3064 4139 primum
3119 4075 3277 4124 terra
3337 4070 3684 4125 incaluisset

2035 4158 2172 4212 imis
2203 4156 2489 4229 partibus.
2519 4157 2620 4211 ubi
2648 4157 2910 4212 colidum
2936 4163 2992 4211 et
3021 4158 3302 4230 frigidum
3333 4161 3682 4213 commisce-

2033 4247 2270 4313 bantur,
2306 4247 2600 4302 exstitisse
2642 4252 2699 4301 et
2724 4246 3007 4302 animalia
3054 4252 3113 4300 et
3139 4247 3443 4302 homines:
3477 4252 3683 4318 postea

2034 4337 2105 4391 iis
2155 4336 2419 4391 evenisse
2476 4342 2543 4390 ut
2589 4337 2677 4391 sui
2712 4335 2907 4391 simile
2958 4341 3356 4407 procrearent.
3417 4336 3676 4409 :Equalis

2033 4425 2144 4480 fuit
2174 4428 2551 4497 Anaxagora,
2586 4430 2644 4480 et
2674 4426 2890 4480 librum
2924 4425 2995 4480 de
3026 4430 3238 4480 natura
3266 4442 3465 4481 rerum
3515 4443 3678 4482 com-

2034 4516 2252 4585 posuit.

327 4602 592 4664 Ἐννατος
628 4599 880 4670 Πλάτων,
940 4604 1186 4675 μαθητὴς
1249 4605 1596 4681 Σωκράτους
1632 4607 1660 4659 6
1704 4601 1762 4658 δὲ
1802 4610 1921 4659 Σω-

2101 4609 2302 4661 Nonus
2324 4606 2509 4673 Plato,
2535 4605 2862 4678 discipulus
2885 4606 3164 4671 Socratis,
3199 4606 3298 4677 qui
3322 4605 3677 4661 Archelaum

1470 4800 1832 4856 XYLANDRI
1871 4802 1957 4855 ET
1995 4801 2208 4857 GOABl
2248 4802 2468 4857 ΝΟΤΑΞ.

320 4996 442 5067 (20)
473 4991 639 5067 Haud
672 4992 794 5067 scio
821 5008 895 5067 an
930 4992 1084 5047 hanc
1112 5009 1312 5048 vocem
1345 4995 1417 5049 de
1459 4994 1692 5051 Zodiaci
1725 4995 1908 5067 signis

236 5064 513 5137 voluerit
542 5063 1145 5137 intelligi._Caaterum
1181 5081 1250 5118 ex
1283 5066 1537 5137 Diogene
1560 5063 1809 5134 Laertio',
1843 5084 1912 5121 ex

236 5135 579 5192 Plutarcho
608 5134 692 5207 ide
724 5134 1221 5206 philosophorum
1253 5134 1505 5207 placitis,
1540 5154 1609 5193 ex
1633 5139 1910 5193 Cicerone

232 5216 302 5262 et
334 5207 473 5261 aliis
504 5206 661 5260 malo
692 5206 1283 5280 repeterelectorem
1318 5225 1387 5262 ea
1435 5225 1571 5278 quae
1630 5210 1743 5264 huc
1774 5226 1908 5280 per-

233 5281 467 5334 tinent.
501 5293 681 5347 quam
736 5278 861 5347 ipse
936 5279 987 5331 ei
1052 5279 1167 5333 ista
1222 5280 1566 5334 annotando
1622 5278 1908 5334 mole—stus

230 5367 399 5406 esse.
438 5350 553 5403 Nec
594 5350 843 5403 mendas
901 5350 1145 5418 quidem
1205 5367 1413 5405 omnes
1465 5353 1784 5406 emendare
1814 5352 1908 5405 hic

234 5420 740 5495 institui.qualia
773 5420 1033 5495 suntude
1097 5423 1533 5495 terraaforma,
1588 5422 1651 5475 τὸ
1712 5428 1907 5495 σχῆμα

232 5492 421 5558 αὐτῆς
475 5487 635 5562 ὒγρὸν
701 5487 1042 5566 στρργγῦλον
1104 5487 1372 5566 χιᾼονῶδες
1436 5490 1570 5564 λίθῳ
1618 5487 1907 5566 παραπλή-

235 5583 384 5629 σιον,
451 5578 580 5631 qua:
641 5561 923 5615 asterisco
981 5561 1195 5617 notavi.
1263 5569 1478 5619 Versus
1538 5561 1609 5620 de
1669 5561 1903 5621 Anaxa-

235 5651 387 5709 gora
429 5640 568 5687 sunt
597 5632 876 5704 Diogenis
904 5632 1170 5687 Laer-tii.
1210 5633 1319 5689 Sed
1354 5634 1649 5690 distichon
1705 5644 1903 5708 poste-

2018 4996 2142 5068 rius
2173 4996 2461 5051 omissum
2495 5002 2617 5068 est._
2654 4995 2819 5052 Plato
2852 5012 2979 5068 non
3021 4997 3227 5068 procul
3275 5015 3308 5053 a
3353 5000 3469 5055 fine
3505 5001 3671 5054 Phae-

2023 5066 2195 5140 donis
2254 5068 2553 5123 Socratem
2597 5066 2739 5122 facit
2795 5068 2867 5122 de
2925 5066 3040 5122 illo
3085 5076 3455 5138 querentem,
3514 5071 3671 5140 quod

2023 5138 2094 5193 de
2127 5144 2325 5193 mente
2351 5140 2707 5194 sententiam
2740 5156 2860 5193 non
2892 5140 3198 5194 tenuisset.
3245 5140 3355 5195 Sed
3403 5138 3669 5196 hmc'alio

2018 5210 2338 5280 pertinent.
2374 5209 2636 5264 Platonis
2670 5210 2837 5264 locus
2887 5227 3063 5280 quem
3087 5210 3409 5273 Cedrenusi
3430 5213 3571 5266 citat
3602 5230 3673 5267 ex

2021 5281 2288 5355 Legibus,
2323 5286 2412 5355 est
2434 5280 2689 5355 duabus
2720 5298 2753 5335 a
2810 5281 3104 5355 principio
3136 5282 3272 5355 libri
3300 5282 3372 5335 de
3423 5284 3671 5355 Legibus

2019 5353 2212 5421 quarti
2248 5352 2478 5422 paginis
2510 5355 2585 5421 (p.
2621 5354 2722 5404 716
2754 5355 2852 5421 st.)
2879 5353 2959 5406 De
3001 5353 3117 5406 diis
3148 5353 3392 5408 deorum
3444 5352 3668 5412 et'Cusli

2017 5423 2295 5494 progenie
2325 5423 2489 5476 locus
2521 5429 2611 5475 est
2641 5423 2699 5476 in
2731 5425 2962 5477 Mimazo.
3014 5425 3199 5479 Locus
3229 5424 3301 5479 de
3330 5427 3464 5481 Jove
3505 5428 3665 5483 volu-

2017 5510 2175 5570 crem
2208 5509 2445 5547 currum
2481 5500 2692 5563 agente
2726 5499 2810 5547 est
2844 5496 2898 5546 in
2934 5494 3152 5548 Phaedri
3185 5497 3396 5570 pagina
3435 5506 3662 5569 quarta.

2014 5565 2149 5619 XVL.
