4118 6284
1837 363 2146 431 GEORGII
2187 361 2527 430 CEDBENI

3729 377 3830 446 διδ

479 497 791 570 physicum
821 501 1143 589 audiverat,
1178 501 1331 560 210
1355 509 1412 559 et
1441 505 1708 560 omnium
1739 519 1982 562 suorum
2005 503 2123 560 dis-

2250 500 2444 576 τρίτης
2501 504 2752 576 μαθητὴς
2807 498 3118 578 ’Λρχιλᾶου
3172 507 3270 560 τοῦ
3323 509 3566 584 φυσικοῦ·
3624 505 3738 589 ισχι
3782 513 3835 572 δὶ

483 587 815 659 cipulorum
846 587 1410 661 praestantissimum
1458 594 1668 650 habuit
1708 594 2038 651 Platonem.
2073 592 2128 648 Is

2250 591 2450 646 πάντων
2503 596 2611 646 τῶν
2671 593 2926 665 μαθητῶν
3013 591 3339 667 ἱκανώτερον
3425 595 3512 651 τὸν
3587 587 3838 662 Πλάτωνα.

481 677 740 733 universi
761 677 1058 750 principia
1080 682 1265 737 sensit
1283 684 1490 754 Deum,
1519 683 1828 740 materiam
1857 687 1915 739 et
1937 694 2133 737 eXemo

482 765 628 838 plar,
659 767 817 838 quod
848 774 906 823 et
953 771 1370 843 cogitationem
1410 770 1531 830 'Dei
1585 777 1646 830 et
1690 773 1910 841 ideam,
1960 771 2129 843 quasi

483 856 738 928 effigiem
768 859 1109 928 quamdam,
1143 863 1423 934 appellat,
1475 865 1568 918 cui
1619 864 1914 918 intentum
1944 863 2129 918 Deum

485 947 687 1002 omnia
741 947 1094 1005 fabricatum
1125 951 1227 1006 ait.
1279 954 1464 1008 Deum
1521 953 1809 1024 corporis,
1843 952 2044 1024 figurae
2075 955 2132 1005 et

484 1036 760 1092 interitus
791 1045 1094 1109 expertem
1155 1041 1314 1108 facit,
1347 1059 1414 1098 ac
1471 1061 1646 1114 quem
1679 1043 1788 1098 soli
1835 1043 2132 1113 sapientes

485 1142 840 1200 cognoscere
873 1134 1109 1198 queant.
1135 1130 1221 1185 Ab
1249 1131 1358 1187 hoc
1383 1131 1526 1187 dicit
1548 1131 1891 1188 universum
1912 1130 2130 1185 factum

486 1231 616 1270 esse
649 1221 706 1270 et
737 1219 1052 1288 temperari
1085 1218 1332 1291 ejusque
1363 1221 1732 1293 providentia
1779 1219 1922 1292 regi.
1955 1221 2135 1274 Mate-

485 1305 632 1360 riam
658 1307 924 1362 omnium
951 1323 1150 1363 rerum
1173 1309 1527 1380 subjectum,
1553 1323 1728 1381 quam
1758 1313 1815 1364 et
1841 1309 2134 1364 nutricem

489 1395 800 1462 nominat;
859 1411 975 1468 qua
1031 1398 1235 1454 formis
1292 1399 1570 1456 distincta
1633 1398 1826 1472 primo
1883 1404 2138 1470 quatuor

490 1485 786 1541 elementa
807 1491 956 1552 orta,
981 1503 1052 1543 ex
1089 1487 1183 1544 his
1205 1485 1420 1546 deinde
1453 1490 1742 1545 mundum
1775 1488 2132 1544 confectum.

493 1573 586 1629 Sic
616 1575 676 1630 in
705 1575 857 1631 libro
883 1577 954 1632 de
989 1573 1235 1650 Legibus
1263 1579 1470 1634 scribit
1495 1595 1506 1633 :
1540 1599 1567 1629 ι(
1599 1579 1753 1634 Deus
1777 1576 2040 1650 quidem,
2071 1579 2138 1631 ut

493 1665 736 1736 antiquo
771 1665 946 1722 etiam
1004 1681 1279 1723 sermone
1328 1668 1693 1740 perhibetur,
1753 1665 2135 1739 principium,

494 1753 670 1809 finem
731 1769 798 1810 ac
829 1751 1091 1811 medium
1140 1758 1408 1813 omnium
1437 1769 1637 1812 rerum
1670 1756 1917 1824 habens,
1976 1758 2138 1810 recta

490 1843 816 1899 secundum
875 1850 1150 1901 naturam
1208 1846 1583 1918 progreditur
1633 1845 1742 1901 via.
1778 1845 1944 1900 Hunc
1999 1859 2137 1900 vero
2172 1874 2214 1938 Β

493 1947 729 2003 semper
780 1933 1098 1990 comitatur
1145 1935 1400 2007 justitia,
1462 1951 1667 1991 eorum
1727 1934 1894 2006 quia
1941 1932 2140 1989 divina

492 2021 865 2078 desciverunt
921 2023 1050 2096 lege
1081 2023 1280 2079 ultrix.
1314 2025 1480 2092 Eam,
1540 2025 1880 2096 quicunque
1928 2023 2140 2079 beatus

491 2115 580 2168 est
611 2112 862 2174 futurus.
886 2112 1201 2169 observans
1234 2114 1542 2170 humiliter
1562 2131 1628 2170 ac
1651 2114 1975 2187 composite
2006 2113 2145 2168 sub-

491 2201 778 2270 sequitur.
813 2202 870 2256 Si
902 2202 1036 2272 quis
1065 2218 1199 2258 vero
1221 2205 1560 2275 arrogantia
1583 2203 1772 2258 elatus
1804 2207 1906 2258 aut
1926 2202 2139 2272 opibus

493 2289 843 2360 superbiens
866 2291 1205 2362 petulanter
1229 2293 1483 2358 incedat,
1505 2292 1554 2348 is
1576 2309 1610 2348 a
1635 2293 1748 2347 Deo
1771 2291 2080 2347 deseritur.
2109 2313 2136 2341 ››

492 2377 782 2434 Caeterum
813 2380 1122 2434 materiam
1147 2380 1316 2452 juxta
1346 2381 1464 2436 Deo
1495 2387 1794 2446 mternam,
1821 2379 2139 2436 mundum-

493 2481 608 2536 que
638 2481 876 2540 semper
903 2467 1084 2523 fuisse
1115 2470 1349 2537 asserit,
1398 2471 1498 2542 qui
1530 2469 1606 2525 sit
1637 2485 1709 2526 ex
1741 2470 1990 2525 materia
2019 2469 2138 2525 fac-

494 2561 606 2610 tus.
653 2556 778 2610 1am
839 2556 998 2627 quod
1047 2573 1357 2629 nunquam
1413 2559 1608 2631 ccrpit,
1669 2564 2138 2615 consentaneum

493 2645 650 2700 haud
671 2644 846 2700 dubie
871 2649 959 2701 est
983 2645 1042 2702 id
1066 2661 1369 2718 nunquam
1406 2648 1758 2704 desiturum.
1799 2647 1961 2704 Alios
1991 2661 2140 2718 quoo

495 2749 608 2805 que
630 2733 896 2790 inﬁnitos
927 2735 1070 2790 deos
1087 2737 1311 2806 statuit,
1337 2742 1404 2792 ut
1423 2751 1556 2794 cum
1583 2737 1727 2793 dicit
1749 2751 1762 2792 ε
1786 2737 1874 2793 Dll
1894 2735 2072 2793 deoru
2089 2751 2140 2794 in

493 2842 745 2896 quorum
777 2843 882 2899 ego
913 2828 1107 2900 opifex
1139 2835 1196 2884 et
1227 2835 1413 2902 pater.
1438 2830 1772 2902 Aliquando
1808 2836 1868 2886 et
1897 2830 2139 2886 definite

493 2914 695 2970 dicens
725 2915 966 2989 Magnus
1015 2917 1256 2990 quidem
1287 2915 1348 2974 in
1399 2919 1542 2976 cmlo
1567 2919 1796 2992 Jupiter
1839 2918 2139 2977 volucrem

491 3019 731 3058 currum
762 3020 961 3078 agens.
995 3005 1141 3061 Item
1174 3023 1307 3062 cum
1340 3011 1614 3064 recenset
1645 3008 1860 3064 seriem
1893 3011 2040 3064 coelo
2073 3023 2141 3062 ac

487 3097 645 3148 terra
675 3099 1116 3166 prognatorum.
1153 3093 1306 3151 280
1339 3095 1522 3153 Unico
1555 3095 1672 3154 Deo
1704 3101 1926 3153 statuto
1958 3097 2141 3152 intro-

487 3179 652 3237 ducit
678 3183 854 3238 etiam
888 3189 1058 3240 natos
1111 3183 1293 3252 deos;
1347 3181 1564 3256 quibus
1615 3204 1749 3242 cum
1800 3185 2138 3244 intereundi

492 3271 908 3326 necessitatem
959 3279 1122 3328 ortus
1171 3290 1314 3328 suus
1363 3274 1650 3347 imponat.
1707 3293 1808 3332 eos
1839 3277 2140 3334 voluntate

501 3359 596 3412 Dei
612 3359 980 3416 immortales
994 3358 1368 3434 redigi.ldem
1386 3362 1643 3419 universi
1659 3363 1936 3436 Opiﬁcem
1950 3381 2153 3422 curam

493 3464 695 3504 rerum
725 3447 1123 3504 humanarum
1156 3467 1363 3522 gerere
1416 3469 1483 3508 ac
1517 3451 1814 3524 patienter
1862 3453 2153 3526 quosdam

496 3535 799 3610 improbos
829 3537 1186 3595 etscelestos
1217 3537 1370 3596 ferre
1389 3539 1683 3608 ostendit;
1727 3547 1850 3598 tum
1883 3542 2024 3615 quid
2053 3559 2150 3598 eos

489 3626 690 3683 damni
723 3633 1066 3695 maneat,ac
1097 3628 1351 3685 exitium
1394 3647 1513 3702 quo
1547 3627 1785 3687 tandem
1808 3629 1926 3688 sint
1957 3625 2154 3687 fundi.

489 3722 580 3772 tus
611 3713 880 3789 perituri,
939 3718 1312 3775 demonstrat
1350 3737 1364 3786 ;
1398 3713 1716 3793 docetque,
1780 3723 1979 3777 tamen
2040 3713 2149 3777 etsi

490 3805 842 3878 aliquandiu
873 3807 1188 3864 videantur
1238 3805 1395 3864 beati
1432 3825 1560 3864 esse
1610 3809 1780 3879 tales,
1815 3827 1917 3865 eos
1948 3817 2149 3866 tamen

494 3903 627 3967 post
654 3896 897 3967 aliquod
929 3899 1163 3970 tempus
1193 3898 1353 3971 ipsos
1387 3899 1630 3954 domum
1665 3899 1994 3972 urbemque
2019 3918 2148 3972 pes-

497 3983 874 4041 sundaturos.
899 3985 1058 4040 Idem
1083 3986 1147 4041 in
1175 3987 1480 4043 Phaedone
1506 3987 1748 4044 scribit:
1778 4013 1796 4037 ·
1833 3983 1886 4043 ls
1909 3988 2149 4060 quidem

498 4073 598 4143 qui
630 4073 814 4130 sacris
846 4073 1114 4132 initiatus
1141 4077 1199 4132 et
1228 4073 1512 4134 lustratus
1537 4094 1657 4133 non
1690 4084 1798 4146 est,
1827 4073 1901 4133 ad
1927 4077 2150 4134 inferos

498 4159 936 4229 devenit;iudc
996 4166 1258 4238 migrans
1324 4185 1456 4223 cum
1488 4165 1606 4224 Deo
1656 4167 1967 4224 habitabit.
2023 4190 2050 4218 ‹‹
2080 4165 2152 4228 Ει

494 4269 737 4310 rursus:
773 4275 801 4303 ι(
833 4253 939 4320 Qui
990 4254 1148 4310 enim
1174 4255 1334 4328 juste
1386 4273 1452 4311 ac
1487 4261 1689 4312 sancte
1738 4253 1900 4319 vixit,
1935 4258 1984 4311 is
2015 4260 2149 4328 post

499 4348 746 4397 mortem
763 4341 1502 4415 apudinsulasbeatorum,
1530 4343 1727 4400 omnis
1750 4345 1889 4400 mali
1915 4362 2146 4416 expers,

498 4431 556 4483 in
586 4448 819 4486 summa
847 4432 1129 4488 felicitate
1160 4433 1335 4488 vitam
1369 4432 1564 4489 ducet.
1597 4433 1703 4499 Qui
1737 4438 1933 4490 autem
1966 4432 2147 4506 impie

499 4526 556 4573 et
587 4521 807 4592 injuste
835 4521 996 4588 vixit,
1032 4521 1080 4576 is
1112 4521 1186 4576 ad
1206 4521 1418 4592 judicii
1450 4539 1772 4589 carcerem,
1796 4539 1973 4595 quem
2005 4524 2143 4582 Tar-

2239 676 2411 742 Οὗτος
2441 679 2619 760 ἀρχὰς
2679 681 2816 736 εἶναι
2857 685 2955 734 τοῦ
3010 670 3206 744 παντὸς
3261 682 3388 738 Θεὸν
3436 685 3524 739 καὶ
3585 687 3709 760 ὕλην
3756 693 3834 748 καί

2239 765 2605 846 παράδειγμα,
2636 769 2669 825 ὃ
2697 768 2788 825 καὶ
2818 763 3020 824 ἔννοιαν
3050 774 3147 826 τοῦ
3213 775 3345 826 Θεοῦ
3387 773 3474 828 καί
3530 771 3660 831 ἰδέαν
3680 777 3834 851 καλεῖ,

2240 855 2363 912 οἷον
2397 851 2682 933 είκόνιομά
2710 877 2786 928 τι,
2845 859 2890 931 ᾧ
2940 859 3256 936 προσέχων,
3312 855 3492 938 φησὶν,
3549 861 3576 917 ὃ
3621 867 3736 929 θεὸς
3783 870 3840 925 τὰ

2239 945 2412 1003 πάντα
2451 945 2880 1024 δδημιούργησι.
2947 947 3047 1005 Καὶ
3106 947 3198 1004 τδν
3257 949 3350 1022 μὶν
3407 951 3530 1006 Θεὸν
3583 955 3839 1028 ἀσώματον

2240 1037 2330 1092 καὶ
2397 1034 2634 1092 ἀνείδεον
2691 1037 2782 1092 καὶ
2840 1036 3110 1116 ἄφθαρτον
3167 1039 3257 1092 καὶ
3314 1039 3497 1112 μόνοις
3544 1049 3716 1117 σοφοῖς
3763 1045 3845 1100 ἀν·-

2244 1124 2796 1201 δράσικαταληπτὸν,
2856 1129 2987 1182 Θεὸν
3059 1128 3154 1202 μὲν
3215 1125 3390 1204 λέγων
3439 1131 3528 1185 τὸν
3583 1136 3846 1203 ποιήσαντα

2243 1215 2330 1271 καὶ
2392 1213 2834 1291 διακοσμήσαντα
2892 1209 3016 1273 τάδε
3073 1217 3134 1272 τὸ
3192 1221 3292 1272 πᾶν
3350 1218 3438 1273 καὶ
3495 1223 3851 1296 προνοούμενον

2243 1303 2433 1370 αὐτοῦ,
2465 1305 2602 1376 ὕλην
2637 1301 2695 1360 δὲ
2735 1306 2834 1374 τὴν
2890 1309 3052 1360 πᾶσιν
3110 1307 3490 1381 ὺποκειμένην,
3547 1309 3610 1380 ἣν
3660 1314 3851 1384 τιθήνην

2243 1392 2422 1460 καλεῖ,
2497 1389 2548 1465 ἐξ
2604 1395 2672 1464 ἧς
2730 1391 3195 1466 διακοσμηθιίσης
3254 1397 3499 1472 γενέσθαι
3553 1397 3614 1452 τᾶ
3658 1400 3854 1475 τέσσαρα

2247 1489 2497 1557 στοιχεῖα
2555 1481 2606 1557 ἐξ
2665 1484 2738 1538 ὧν
2781 1483 3099 1554 συνέστηκεν
3166 1485 3193 1538 ὁ
3250 1485 3476 1560 κόσμος,
3534 1486 3604 1551 ὡς
3656 1485 3702 1543 ιν
3753 1492 3854 1552 τοῖς

2245 1572 2458 1644 Νόμοις
2487 1567 2666 1648 λέγειν
2701 1597 2719 1621 ο
2771 1571 2834 1629 ὐ
2861 1569 2956 1645 μὲν
3000 1567 3065 1640 δή
3114 1569 3266 1638 Θεὸς,
3322 1572 3502 1650 ὥσπερ
3553 1575 3637 1630 καὶ
3689 1575 3716 1631 ὃ
3766 1595 3852 1631 πα·

2247 1658 2404 1722 λαιὸς
2438 1655 2626 1736 λόγος,
2661 1661 2840 1736 ἀρχήν
2898 1679 2958 1716 τε
3015 1661 3102 1716 καὶ
3153 1659 3414 1734 τελευτὴν
3455 1662 3542 1718 καὶ
3597 1667 3718 1738 μὲσα
3760 1669 3852 1721 τῶν

2246 1744 2418 1804 ὄντων
2476 1749 2726 1805 ἀπάντων
2783 1743 2952 1818 ἔχων,
3008 1746 3215 1815 εὐθεῖαν
3273 1750 3512 1828 περαίνει
3540 1755 3666 1808 κατᾶ
3717 1754 3852 1831 ιρύσιν

2246 1837 2758 1915 περιπορευόμενος.
2817 1843 2906 1912 Τῷ
2971 1837 3029 1894 δδ
3085 1837 3164 1894 ἀεὶ
3222 1840 3496 1910 ξυνέπεται
3563 1841 3706 1911 Δίκη,
3759 1846 3852 1897 τῶν

2247 1926 2710 2002 ἀπολειπομὲνων
2739 1931 2836 1983 τοῦ
2869 1927 3015 1982 θείου
3047 1926 3220 2001 νόμου
3247 1929 3513 2005 τιμωρός.
3555 1934 3651 1992 Ἥς
3695 1930 3722 1984 ὁ
3775 1930 3854 2004 μὶν

2246 2012 2664 2090 εὐδαιμονήσειν
2705 2014 2927 2090 μέλλων
2985 2013 3252 2094 ἐχόμενος
3313 2018 3583 2090 ξυνέπεται
3627 2023 3856 2082 ταπεινῶς

2243 2106 2330 2161 καὶ
2377 2104 2824 2178 κεκοσμημέναις
2883 2104 2929 2160 εἶ
2991 2103 3047 2161 δέ
3101 2127 3183 2168 τις
3241 2105 3478 2184 ἐξαρθεὶς
3530 2105 3628 2162 ὑπὸ
3681 2105 3856 2186 μεγαλ-

2247 2194 2444 2270 αυχίας
2503 2191 2540 2264 ἤ
2589 2197 2870 2270 χρήμασιν
2931 2193 3289 2268 ἐπαιρόμενος
3354 2198 3472 2268 μεθ’
3534 2192 3726 2274 ῧόρεως
3769 2219 3860 2252 πο-

2249 2283 2480 2358 ρεύεται,
2515 2281 2726 2359 ἔρημος
2758 2284 2917 2345 οὗτος
2975 2288 3093 2358 Θεῷ
3149 2280 3614 2343 καταλείπεται.»
3668 2289 3765 2356 Τήν
3815 2281 3862 2340 δὶ

2247 2371 2386 2444 ὓλην
2427 2373 2734 2449 σύγχρονον
2779 2378 2858 2445 τῷ
2901 2377 3018 2446 Θεῷ
3043 2373 3134 2429 καὶ
3199 2375 3291 2429 τὸν
3349 2374 3556 2450 κόσμον
3611 2374 3860 2454 ἀγᾶννῃτον

2248 2461 2415 2537 λέγει·
2464 2457 2523 2517 ἐκ
2577 2463 2681 2537 γὰρ
2734 2467 2836 2532 τῆς
2901 2461 3036 2528 ὕλης
3124 2464 3438 2520 συνεστάναι
3497 2464 3654 2542 φησὶν
3705 2464 3859 2520 αὐτόν.

2249 2555 2339 2624 Τῷ
2370 2549 2426 2606 δὲ
2457 2551 2736 2629 ἀγεννήτῳ
2764 2550 3056 2607 ἀκολουθεῖ
3083 2553 3303 2616 πάντως
3357 2554 3453 2609 καί
3491 2554 3550 2610 τὸ
3605 2552 3860 2633 ἄφθαρτον.

2245 2640 2306 2697 Ὁ
2364 2639 2527 2704 αὐτὸς
2587 2639 2937 2720 ἀποφαίνεται
2991 2641 3080 2697 καὶ
3141 2635 3351 2706 ἄλλους
3389 2641 3668 2719 ἀορίστους
3711 2638 3861 2712 θεοὺς,

2246 2730 2374 2785 ’ὁταν
2406 2729 2578 2806 λέγει’
2613 2753 2642 2782 ιι
2675 2729 2798 2786 Θεοί
2829 2733 2984 2798 θεῶν,
3017 2732 3093 2786 ὧν
3125 2731 3236 2806 ἰγὼ
3288 2730 3632 2809 δημιουργός
3685 2751 3737 2787 τε
3784 2731 3860 2786 καὶ

2247 2821 2448 2896 πατήρ.
2486 2843 2514 2870 »
2561 2819 2762 2878 Ἐνίοτε
2813 2814 2872 2876 ει
2936 2821 3026 2876 καὶ
3087 2819 3447 2898 ὡρισμένους,
3506 2822 3730 2901 φάσκων·
3760 2845 3784 2873 ιι
3813 2819 3861 2880 ’0

2251 2907 2346 2980 μὶν
2374 2905 2440 2976 δὴ
2477 2907 2645 2982 μέγας
2679 2907 2730 2963 ἐν
2762 2907 2974 2983 οὖρανῷ
3010 2909 3138 2971 Ζεὺς
3169 2909 3375 2978 πτηνὸν
3405 2909 3550 2986 ἅρμα
3579 2909 3810 2966 ἐλαύνων⁹
3835 2931 3856 2959 ιι

2247 2995 2336 3050 καὶ
2379 2993 2502 3051 ὅταν
2541 2991 2844 3074 γενεαλογῇ
2899 2995 3026 3060 τοὺς
3075 2995 3322 3072 Οὐρανοῦ
3377 2995 3577 3064 παῖδας
3626 2999 3713 3054 καὶ
3759 2997 3860 3066 Γῆς.

2252 3087 2532 3156 Συστήσας
2565 3082 2619 3140 δὶ
2647 3085 2738 3140 τὸν
2773 3081 2864 3140 ἕνα
2922 3085 3050 3140 Θεὸν
3107 3081 3306 3161 εἰσάγει
3363 3086 3454 3142 καί
3507 3084 3657 3149 θεοὺς
3705 3102 3865 3162 γεννη-

2249 3172 2397 3245 τοὺς,
2455 3172 2546 3229 καὶ
2601 3171 2691 3229 διὰ
2745 3176 2838 3248 μὲν
2891 3175 2988 3230 τοῦ
3055 3176 3376 3252 γεγενῆσθαι
3440 3175 3632 3241 αὐτοὺς
3683 3173 3864 3234 πάντως

2259 3263 2493 3340 ἀνάγκην
2547 3261 2694 3338 ἔχειν
2753 3261 2843 3318 καί
2894 3269 3184 3338 φθαρῆναι,
3231 3261 3319 3319 διὰ
3368 3261 3430 3320 δὲ
3485 3265 3583 3336 τὴν
3641 3262 3872 3340 βούλησιν

2256 3355 2353 3408 τοῦ
2383 3352 2516 3408 Θεοῦ
2577 3351 2870 3414 ἀθανάτους
2927 3352 3090 3408 πάλιν
3121 3352 3272 3412 εἶναι,
3332 3353 3396 3412 Ὀ
3457 3354 3617 3419 αὐτὸς
3670 3354 3751 3410 καὶ
3799 3349 3876 3407 τὸν

2255 3446 2356 3496 τοῦ
2387 3442 2588 3506 παντὸς
2617 3441 2968 3518 Δημιουργδν
3027 3439 3259 3498 δείκνυσι
3317 3441 3597 3517 κηδεμόνα
3652 3443 3734 3499 καί
3789 3459 3874 3515 μα-

2255 3530 2530 3606 κρὸθυμον
2565 3530 2652 3587 ἐπί
2709 3549 2873 3586 τινων
2931 3528 3156 3600 ἀδίκων,
3217 3530 3308 3586 καί
3365 3533 3470 3603 τήν
3504 3533 3731 3588 ἐντεῦθεν
3789 3529 3878 3585 αύ-

2254 3625 2372 3686 τοῖς
2400 3625 2840 3697 προσγινομὶνῃς
2870 3616 3086 3698 βλάϐην
3123 3620 3211 3678 καὶ
3279 3623 3382 3692 τήν
3445 3621 3720 3700 ἐσύστερον
3768 3619 3876 3676 τού-

2257 3732 2372 3776 τοις
2399 3712 2797 3792 ἐπιφερομένην
2827 3709 3228 3782 πανιυλεθρίαν,
3275 3711 3367 3767 καί
3410 3709 3497 3768 ὅτι
3555 3713 3598 3768 εἶ
3638 3711 3718 3768 καὶ
3751 3707 3877 3766 δοκεῖ

2255 3819 2394 3855 τισιν
2427 3798 2728 3875 εἶναιπρὸς
2764 3801 2956 3875 μικρὸν
2991 3799 3018 3855 ὁ
3081 3797 3288 3867 ἃδικος,
3318 3799 3450 3857 ἀλλ’
3483 3801 3573 3857 οὗν
3607 3801 3733 3875 μετά
3771 3817 3877 3854 τινα

2255 3888 2456 3964 χρόνον
2486 3890 2673 3945 ἑαυτόν
2701 3907 2758 3944 τε
2789 3890 2879 3944 καὶ
2914 3887 3062 3944 οἷκον
3095 3889 3186 3944 καὶ
3207 3888 3372 3945 πόλιν
3406 3887 3579 3966 ἄρδην
3610 3888 3876 3945 ἀνάστατον

2255 3981 2421 4034 ποιεῖ.
2450 3979 2512 4035 ὐ
2541 3977 2703 4040 αὐτὸς
2734 3976 2786 4032 ἐν
2813 3978 2892 4050 τῷ
2925 3980 3005 4051 [Ρ.
3028 3976 3151 4052 160]
3185 3974 3436 4034 Φαίδωνι
3472 3979 3656 4057 φησίν
3685 4001 3703 4028 ι
3723 3977 3777 4034 'U
3800 3975 3880 4048 μὲν

2255 4065 2539 4131 ἀτέλεστος
2567 4067 2656 4122 καὶ
2715 4063 3011 4142 ἀκάθαρτος
3069 4067 3144 4129 εἰς
3207 4064 3340 4138 ’ᾲδου
3396 4065 3732 4148 ἀφικόμενος,
3787 4061 3882 4118 ἐκεῖ

2258 4155 2682 4232 μεταχωρήσας,
2717 4155 2850 4230 μετά
2877 4155 3013 4212 Θεοῦ
3041 4153 3272 4225 οἰκήσει,
3310 4177 3337 4207 ››
3399 4157 3502 4213 Καὶ
3563 4151 3878 4220 οὗθις,ιιἰ“ὸν

2257 4243 2352 4317 μὲν
2383 4243 2486 4322 γὰρ
2529 4243 2755 4307 δικαίως
2813 4244 2906 4300 τὸν
2966 4242 3086 4321 βίον
3145 4241 3522 4314 διεληλυθότα
3578 4245 3664 4302 καὶ
3719 4241 3882 4308 ὁσίως.

2253 4330 2467 4390 ἐπειδᾶν
2523 4333 2855 4408 τελευτήσῃ,
2918 4327 2994 4396 εἷς
3057 4331 3313 4410 μακάρων
3368 4336 3572 4407 νήσους
3645 4333 3796 4390 οίκεῖν
3841 4327 3886 4384 ἐν

2253 4423 2395 4498 πάσῃ
2431 4421 2773 4496 εὐδαιμονίᾳ,
2813 4427 2994 4478 κακῶν
3053 4421 3226 4494 ἐκτὸς,
3287 4425 3382 4480 τὸν
3436 4421 3494 4481 δδ
3549 4422 3744 4485 ἀδίκως
3807 4412 3884 4472 καὶ

2251 4513 2425 4574 ἀθέως
2456 4513 2532 4576 εἰς
2558 4513 2622 4568 τὸ
2649 4520 2749 4582 τῆς
2780 4513 3011 4587 κρίσεώς
3039 4533 3098 4568 τε
3155 4513 3246 4568 καὶ
3307 4511 3468 4584 δίκης
3511 4513 3884 4588 δεσμωτήριον,

499 4613 693 4664 tarum
724 4607 954 4676 dicunt,
986 4615 1163 4680 atque
1205 4605 1278 4664 ad
1329 4609 1728 4666 Aclierontem
1777 4593 1834 4667 et
1865 4611 2142 4683 Cocytum

2255 4603 2284 4658 δ
2315 4599 2381 4672 δὴ
2413 4601 2684 4678 Τάρταρον
2738 4598 2994 4666 καλοῦσι,
3045 4599 3133 4657 καὶ
3193 4601 3272 4665 εις
3325 4602 3415 4658 τὸν
3470 4603 3756 4678 Ἀχέροντα
3803 4595 3884 4652 καὶ

493 4697 910 4769 proficiscitur.
947 4721 974 4747 ››
1037 4699 1350 4754 Daemones
1399 4716 1638 4770 quoque
1695 4701 1862 4755 Plato
1895 4702 2154 4773 agnovit:

494 4787 642 4841 alios
673 4786 882 4852 bonos,
917 4787 1106 4842 malos
1138 4787 1306 4842 alios.
1340 4788 1617 4842 Animam
1649 4789 1973 4858 aliquando
2021 4793 2154 4845 ortu

498 4876 862 4946 interituque
894 4891 1094 4931 carere
1145 4876 1511 4947 pronuntiat,
1564 4883 1630 4931 ut
1661 4877 1720 4932 in
1775 4878 1867 4931 his
1917 4879 2150 4934 verbis:

500 4988 526 5012 ‹‹
561 4965 765 5020 Omnis
795 4964 994 5018 anima
1024 4964 1381 5019 immortalis
1407 4969 1514 5019 est.
1541 4965 1705 5032 Quod
1730 4966 1887 5020 enim
1917 4981 2155 5039 semper

498 5060 787 5122 movetur,
821 5051 880 5106 id
907 5051 1244 5106 immortale
1277 5057 1386 5106 est.
1424 5075 1451 5102 ‹‹
1489 5049 1822 5125 Aliquando
1854 5055 1908 5111 ei
1955 5061 2150 5114 ortum

503 5143 930 5212 interitumque
962 5139 1187 5202 tribuit,
1221 5143 1491 5211 respectu
1535 5139 1760 5199 scilicet
1805 5143 2014 5201 divinae
2047 5163 2147 5201 vo-

501 5231 768 5286 luntatis.
803 5229 966 5285 Alios
1027 5231 1438 5300 compositam,
1497 5238 1720 5300 natam,
1773 5233 1986 5288 interni
2045 5232 2148 5288 ob-

496 5320 758 5384 noxiam,
805 5334 1012 5373 rursus
1067 5319 1502 5386 immortalem;
1557 5321 1852 5393 judicium
1909 5337 2146 5393 quoque

495 5414 629 5482 post
658 5411 908 5463 mortem
953 5406 1106 5474 ﬁeri,
1139 5414 1195 5462 et
1242 5423 1372 5465 esse
1413 5410 1570 5481 apud
1613 5410 1835 5466 inferos
1887 5409 2148 5466 tribunal

495 5497 848 5564 affirmat,ac
867 5495 1052 5552 bonas
1074 5495 1314 5567 quidem
1335 5498 1566 5554 animas
1579 5498 1795 5554 bonam
1811 5499 2144 5556 mercedem

499 5585 806 5657 consequi,
831 5583 1018 5639 malas
1041 5584 1219 5656 digna
1241 5585 1549 5657 supplicia.
1574 5586 1773 5642 Tradit
1795 5588 1972 5644 etiam
1994 5604 2149 5642 mor-

503 5681 739 5731 tuorum
769 5673 924 5731 284
955 5673 1186 5728 animas
1224 5673 1372 5730 alias
1423 5674 1484 5729 in
1509 5673 1624 5732 alia
1653 5693 1903 5748 corpora
1947 5676 2144 5732 immi-

2267 4691 2692 4746 Κωκυτὸνῖἐναι.
2731 4713 2756 4744 ι
2815 4691 2877 4748 Ὀ
2933 4691 3096 4752 αὐτὸς
3151 4689 3518 4767 παραδέχεται
3575 4690 3663 4747 καὶ
3719 4689 3883 4769 φύσεις

2265 4773 2561 4852 δαιμόνων,
2590 4777 2682 4835 καὶ
2710 4780 2839 4843 τοὺς
2875 4780 2970 4852 μὲν
3000 4778 3175 4834 αὐτῶν
3207 4780 3445 4856 ἀγαθοὺς
3477 4781 3627 4850 εἶναι,
3682 4778 3800 4840 τοὺς
3834 4773 3883 4829 δὶ

2263 4869 2523 4948 φαύλους
2585 4867 2674 4922 καὶ
2731 4870 2831 4938 τὴν
2890 4871 3076 4944 ψυχὴν
3135 4869 3269 4924 ποτὲ
3345 4870 3439 4941 μὲν
3500 4869 3758 4947 ἃφθαρτον
3806 4861 3884 4919 καὶ

2261 4958 2576 5032 ἀγέννητον,
2611 4957 2735 5014 ὅταν
2789 4957 2942 5034 λέγηθ’
2996 4981 3025 5010 α
3083 4960 3254 5032 Ψυχὴ
3309 4963 3456 5015 πᾶσα
3513 4959 3782 5018 ἀθάνατον
3833 4953 3887 5008 τὸ

2258 5049 2359 5125 γὰρ
2419 5050 2728 5120 ἀεικίνητον
2782 5047 2875 5105 καὶ
2932 5049 3216 5104 ἀθάνατον·
3272 5069 3302 5102 ι)
3355 5051 3488 5106 ποτὶ
3542 5047 3599 5105 δὶ
3647 5045 3889 5126 γεννητήν

2258 5135 2348 5194 καὶ
2401 5137 2670 5217 ἄφθαρτον
2724 5135 2812 5194 διὰ
2867 5139 2968 5208 τὴν
3025 5141 3123 5195 τοῦ
3180 5143 3314 5195 Θεοῦ
3371 5139 3657 5217 βούλησιν,
3704 5131 3888 5193 ἄλλοτε

2258 5227 2508 5284 σύνθετοι
2539 5229 2628 5284 καὶ
2663 5231 2927 5304 γεννητὴν
2949 5227 3038 5284 καὶ
3097 5229 3338 5308 φθαρτὴν
3397 5229 3487 5285 καὶ
3519 5225 3680 5287 πάλιν
3711 5226 3888 5282 ἀθάνα-

2256 5338 2370 5373 τον.
2407 5318 2509 5374 Καὶ
2541 5319 2721 5391 κρίσιν
2755 5318 2918 5394 φησὶν
2949 5318 3090 5373 εἶναι
3126 5317 3261 5391 μετὰ
3304 5320 3404 5388 τήν
3445 5317 3699 5386 τελευτήν
3729 5315 3812 5370 καὶ
3839 5311 3886 5366 ἕν

2260 5404 2391 5477 ’ᾲδου
2434 5404 2810 5480 δικαστήριον,
2840 5405 2929 5462 καὶ
2985 5406 3082 5468 τὰς
3141 5406 3234 5478 μὶν
3295 5406 3498 5481 ἀγαθὰς
3553 5406 3751 5480 ἀγαθοῦ
3809 5417 3891 5473 μι-

2258 5496 2388 5549 σθοῦ
2428 5495 2737 5570 τυγχάνειν,
2769 5495 2862 5557 τὰς
2894 5492 2951 5550 δὲ
2987 5493 3230 5566 πονηρὰς
3288 5497 3398 5550 τῶν
3459 5491 3766 5552 ἀκολούθων
3819 5481 3892 5544 δι·

2256 5588 2390 5641 κῶν.
2430 5586 2490 5642 Ὀ
2540 5581 2699 5646 αὐτὸς
2756 5583 2846 5639 καὶ
2903 5584 3391 5657 μετενσωμάτωσιν
3457 5588 3649 5660 ψυχῶν
3710 5577 3895 5656 δογμα-

2252 5675 2413 5746 τίζει,
2443 5675 2534 5730 καὶ
2568 5670 2906 5750 μεταϐαίνειν
2962 5674 3060 5738 τὰς
3114 5674 3298 5754 ψυχὰς
3358 5674 3435 5740 εἰς
3495 5671 3640 5730 ἄλλα
3685 5672 3893 5745 σώματα
