4118 6284
264 428 375 494 817

1396 433 1950 498 HISTORIAHUM
1995 430 2557 495 COMPENDIUM.

3559 432 3680 494 318

260 567 380 621 κατ’
409 563 562 635 ἀξίαν
604 565 859 637 ἑκάστης,
912 565 1001 623 καὶ
1047 569 1183 623 κατὰ
1231 588 1382 629 τινας
1437 565 1726 642 περιόδους
1782 568 1913 642 ὤρι-

2032 582 2219 640 grare,
2250 572 2426 639 prout
2455 580 2705 638 quasque
2737 568 2971 635 meruit,
3005 582 3223 639 easque
3254 567 3422 623 statis
3463 567 3679 639 quibus

265 656 472 729 σμᾶνας
501 656 916 729 ἀναπέμπεσθαι
947 654 1112 713 πάλιν
1166 659 1243 720 εἷς
1296 662 1489 713 τοῦτον
1544 658 1638 714 τὸν
1690 658 1921 731 κόσμον,

272 751 466 819 πεῖραν
526 746 897 821 παρεξομένας
951 753 1048 817 τῆς
1121 749 1323 803 ἑαυτῶν
1374 747 1763 824 προαιρέσεως.
1822 746 1925 803 Καὶ

274 835 355 891 ςτι
414 836 549 906 μετὰ
601 836 726 898 Διός
773 856 917 899 τινας
992 836 1125 892 εἶναι
1177 841 1285 892 τῶν
1346 840 1561 912 ψυχῶν,
1618 837 1708 891 καὶ
1755 832 1928 899 ἄλλας

278 924 418 996 μετὰ
450 926 561 979 τῶν
593 922 782 980 ἄλλων
838 927 989 983 θεῶν,
1050 926 1399 1000 Εἱμαρμένην
1443 923 1498 980 8‘s
1554 944 1714 1004 φησιν
1769 926 1925 993 εἶναι,

267 1011 333 1065 οὗ
374 1009 564 1083 μέντοι
648 1014 821 1068 πάντα
873 1016 990 1069 καθ’
1050 1014 1383 1089 εἱμαρμένην
1434 1014 1692 1090 γίνεσθαι.
1730 1016 1787 1067 Ὀ
1832 1015 1923 1085 μὶν

270 1100 367 1156 οὖν
432 1102 669 1159 Πλάτων
704 1147 719 1171 ,
787 1106 1093 1180 συναγαγὼν
1148 1107 1215 1162 τὰ
1262 1106 1386 1179 τρία
1443 1106 1580 1181 μέρη
1634 1112 1734 1175 τῆς
1792 1105 1928 1159 κατᾶ

264 1193 444 1246 πάντα
498 1192 847 1270 φιλοσοφίας,
897 1194 1317 1271 φυσιολογικήν,
1370 1197 1588 1265 ἠθικὴν,
1637 1195 1727 1251 καί
1769 1193 1927 1268 λογιο

258 1283 385 1349 κῆν,
421 1282 596 1344 οὕτως
648 1281 993 1360 ἐδογμάτισε.
1053 1286 1282 1340 Πλάτων
1333 1282 1390 1341 δὲ
1442 1285 1806 1357 ἐπωνομάσθη
1839 1282 1929 1340 διὰ

260 1373 326 1427 τὸ
356 1371 572 1437 πλατὺς
596 1374 735 1429 εἶναι
785 1376 848 1429 τὸ
908 1374 1147 1450 στέρνον.
1206 1376 1409 1431 ’Ἄλλοι
1442 1372 1500 1430 δὶ
1526 1377 1599 1438 ὡς
1630 1376 1838 1431 πλατὺν
1873 1374 1923 1430 ἰν

276 1458 481 1537 λόγοις
514 1461 785 1518 Πλάτωνα
819 1464 1113 1534 κληθῆναι.
1146 1464 1318 1528 (ιῦτος
1348 1459 1480 1520 ἐϐίω
1513 1463 1603 1535 ἔτη
1636 1466 1746 1540 πβ“.

334 1642 571 1704 Δέκατος
623 1640 1028 1717 Ἀριστοτέλης.
1089 1642 1263 1707 Οὗτος
1312 1644 1585 1719 ἀκροατὴς
1642 1642 1931 1718 γενόμενος

272 1733 374 1785 τοῦ
409 1729 699 1793 Πλάτωνος
738 1731 814 1795 εἰς
856 1731 1057 1807 τέχνην
1107 1734 1205 1801 τὴν
1238 1732 1564 1812 φιλοσοφίαν
1616 1733 1794 1808 ἤγαγε
1839 1730 1929 1787 καὶ

269 1818 641 1895 λογικώτερος
680 1820 917 1894 ἐγένετο,
977 1822 1043 1876 τὰ
1105 1823 1199 1895 μὲν
1256 1827 1505 1896 στοιχεῖα
1552 1825 1659 1877 τῶν
1716 1821 1926 1877 πάντων

2032 657 2168 712 dam
2185 656 2440 728 peractis
2464 656 3054 711 eircuitibusinhuno
3076 657 3363 714 mundum
3388 657 3678 722 redire,ut

2031 745 2141 802 sibi
2173 763 2293 801 sum
2314 747 2633 802 voluntatis
2658 747 2960 818 specimen
2980 748 3312 802 exhibeant.
3340 749 3477 802 Esse
3498 760 3677 819 quas-

2031 835 2166 890 dam
2214 835 2444 890 animas
2477 852 2611 890 cum
2661 837 2818 903 Jove,
2869 836 3155 906 quasdam
3207 852 3341 891 cum
3380 837 3512 891 aliis
3538 837 3673 892 diis.

2031 925 2235 979 Fatum
2270 938 2504 995 quoque
2537 940 2687 994 esse,
2720 925 2823 980 sed
2853 941 2973 979 non
3025 926 3223 980 omnia
3252 925 3369 980 fato
3416 926 3562 981 fieri.
3596 928 3677 983 Ac

2033 1015 2198 1069 Plato
2230 1013 2471 1084 quidem
2504 1021 2624 1069 tres
2657 1014 2836 1069 totius
2865 1014 3254 1086 phi1050phia2
3287 1022 3484 1085 partes
3514 1031 3677 1071 com-

2032 1103 2261 1174 plexus,
2296 1118 2546 1172 quarum
2579 1103 2769 1174 prima
2800 1103 2871 1157 de
2902 1120 3100 1157 rerum
3136 1110 3366 1165 natura.
3419 1104 3680 1159 secunda

2034 1192 2105 1248 de
2137 1193 2423 1251 moribus.
2460 1192 2632 1248 tertia
2656 1193 2728 1247 de
2777 1193 3107 1248 disserendi
3156 1199 3245 1248 est
3290 1194 3533 1252 ratione.
3568 1196 3679 1248 hu-

2025 1283 2289 1357 jusmodi
2323 1284 2633 1354 Opiniones
2668 1285 2876 1338 tenuit.
2912 1291 3136 1340 Nomen
3179 1284 3441 1339 Platonis
3478 1284 3683 1339 habuit

2035 1388 2065 1426 a
2100 1372 2412 1427 latitudine
2443 1374 2702 1444 pectoris
2734 1375 2843 1443 (est
2873 1375 3031 1429 enim
3060 1375 3255 1428 Platos
3289 1373 3505 1429 tirmcis
3551 1373 3679 1429 lati-

2034 1458 2195 1531 tudo)
2227 1462 2337 1521 vel.
2367 1468 2435 1516 ut
2464 1463 2596 1517 aliis
2628 1462 2877 1526 videtur,
2912 1463 2984 1518 ab
3019 1464 3304 1518 orationis
3349 1463 3681 1518 latitudine.

2040 1547 2192 1602 Vixit
2222 1564 2409 1603 annos
2440 1549 2735 1621 octoginta
2766 1550 2935 1605 duos.

2110 1639 2381 1694 Decimus
2404 1639 2771 1695 Aristoteles.
2800 1643 2852 1694 ls
2870 1656 3003 1695 cum
3020 1642 3339 1696 audivisset
3356 1642 3681 1707 Platonem,

2038 1733 2225 1785 artem
2256 1729 2714 1800 philosophandi
2746 1731 3072 1785 constituit.
3111 1730 3449 1786 Disserendi
3500 1731 3682 1785 ratio-

2040 1837 2174 1874 nem
2211 1821 2579 1875 subtiliorem
2610 1822 2852 1893 redegit.
2882 1824 3173 1894 principia
3195 1824 3459 1878 omnium
3485 1839 3683 1878 rerum

264 1904 626 1981 ὗπδθέμενος,
658 1910 777 1963 οἷον
806 1910 907 1980 τήν
941 1909 1128 1965 οὐσίαν
1161 1910 1251 1965 καὶ
1307 1912 1371 1965 τὸ
1429 1906 1799 1983 συμϐεϐηκὸς,
1827 1912 1917 1978 τὴν

308 1998 325 2011 .
437 1997 448 2011 .
500 1997 513 2011 .
664 1996 675 2011 .
831 2003 856 2011 ..
955 2005 980 2011 -
1138 2000 1150 2011 .
1375 2001 1385 2011 .
1585 2000 1598 2011 .
1633 1997 1673 2011 ε..
1832 1994 1859 2011 ο

2040 1914 2306 1964 statuens
2348 1910 2738 1966 substantiam
2789 1918 2847 1966 et
2877 1908 3226 1976 accidentia,
3280 1928 3529 1982 quorum
3583 1913 3684 1967 illa

267 1998 367 2069 μὶν
396 1997 580 2052 οὐσίαν
618 1996 744 2070 μίαν
767 2003 881 2060 τοῖς
911 2005 1069 2054 πᾶσιν
1132 2000 1511 2072 ὑποκειμένην,
1542 2000 1608 2054 τὰ
1629 1997 1684 2055 δὲ
1716 1994 1919 2073 συμϐε-

263 2079 477 2156 ϐηκότα
504 2086 667 2142 ἐννέαο
700 2088 789 2142 καὶ
821 2089 920 2157 τήν
972 2088 1066 2159 μὶν
1105 2088 1289 2143 οὐσίαν
1318 2089 1578 2159 τοιαύτην
1636 2088 1769 2143 εἶναι
1802 2089 1916 2143 οἷον

264 2176 401 2230 Θεὸν
430 2176 521 2231 καὶ
551 2174 832 2253 ἄνθρωπον
864 2177 955 2233 καὶ
989 2181 1151 2248 ζῶον,
1197 2180 1320 2251 περὶ
1364 2177 1396 2232 ἃ
1422 2178 1512 2233 καὶ
1543 2178 1610 2233 τὰ
1640 2172 1919 2251 συμϐεϐη-

259 2264 399 2319 κότα
435 2268 741 2341 Θεωρεῖται,
780 2268 841 2321 τὸ
885 2268 977 2339 μὶν
1008 2269 1167 2321 ποιὸν
1204 2268 1326 2322 οἷον
1384 2267 1599 2337 λευκὸν,
1633 2265 1823 2341 μέλαν·
1856 2268 1918 2322 τὸ

263 2350 321 2408 δὲ
380 2355 548 2409 ποσὸν
642 2356 759 2410 οἷον
810 2353 1044 2431 δίπηχυ,
1101 2356 1193 2411 καὶ
1250 2354 1536 2411 διπλάσιον
1596 2355 1687 2411 καὶ
1744 2355 1918 2430 ἥμισυ

256 2443 348 2497 καῖ
388 2449 596 2515 μεῖζον,
626 2445 688 2498 τὸ
719 2442 776 2499 δὲ
805 2446 941 2518 πρός
969 2467 1022 2500 τι
1063 2444 1178 2500 οἷον
1208 2446 1410 2516 πατὴρ,
1463 2445 1599 2512 υἱὸς,
1631 2446 1693 2499 τὸ
1725 2441 1782 2499 δὲ
1812 2449 1917 2499 ποῦ

256 2534 382 2586 οἷον
406 2535 692 2606 Ἀθήνῃσι,
722 2534 1001 2609 Μεγάροις
1055 2532 1109 2589 ἐν
1160 2534 1330 2605 οἰκίᾳ,
1384 2532 1435 2588 ἐν
1489 2533 1681 2610 ἀγορᾷ,
1740 2535 1803 2589 τὸ
1861 2530 1917 2589 δὲ

260 2622 397 2676 πότε
428 2622 549 2675 οἷον
584 2623 734 2696 χθὲς,
766 2625 1010 2697 πέρυσιν,
1044 2622 1131 2677 ἐπὶ
1161 2624 1261 2693 τῆς
1322 2622 1548 2694 δεκάτης
1601 2622 1918 2697 Ὀλυμπιά-

265 2707 383 2777 δος,
415 2711 480 2765 τὸ
515 2707 573 2764 δε
602 2717 778 2766 ποιεῖν
810 2711 927 2767 οἷον
986 2713 1234 2787 γράφειν,
1298 2714 1535 2786 τέμνειν,
1600 2712 1768 2767 καίειν
1825 2714 1914 2768 καὶ

253 2798 404 2861 δλως
437 2797 750 2875 ἐνεργεῖντι·
780 2801 841 2855 τὸ
874 2798 930 2856 δὲ
958 2800 1188 2880 πάσχειν
1239 2801 1358 2857 οἷον
1409 2801 1719 2875 τέμνεσθαι,
1769 2801 1914 2857 καίε-

250 2899 399 2957 σθαι,
430 2887 753 2959 τύπτεσθαι,
786 2890 848 2945 τὸ
898 2889 955 2945 δὲ
982 2889 1128 2966 ἔχειν
1190 2891 1310 2945 οἷον
1369 2893 1682 2960 κεκτῆσθαι,
1731 2889 1915 2945 ὡπλί-

251 2988 397 3048 σθαι,
422 2979 488 3033 τὸ
519 2974 579 3032 δὲ
607 2984 814 3041 κεῖσθαι
873 2980 986 3033 οἷον
1045 2981 1378 3052 κατάκειται,
1431 2979 1724 3047 ἀνᾶκειται,
1783 2980 1910 3035 κάθ-

260 3086 411 3138 ηται,
435 3065 680 3141 δέχεται.
708 3069 764 3121 '0
785 3066 943 3131 αὐτὸς
966 3068 1352 3143 Ἀριστοτέλης
1377 3066 1571 3145 σχεδὸν
1596 3068 1664 3124 τὰ
1682 3069 1914 3125 πλεῖστα

267 3159 651 3235 ουμιρωνεηΡ.
714 3159 837 3231 itii]
890 3163 969 3230 τῷ
1000 3156 1280 3227 Πλάτωνι,
1311 3158 1462 3229 πλὴν
1493 3161 1592 3213 τοῦ
1648 3158 1770 3233 περῖ
1811 3161 1913 3232 ψυ-

266 3251 383 3317 χῆς
450 3242 742 3319 δόγματος.
806 3243 1206 3320 Ἐπιόιαμένειν
1261 3248 1363 3322 γάρ
1422 3268 1576 3327 φησι,
1628 3248 1717 3302 καὶ
1779 3246 1912 3320 μετᾶ

281 3339 447 3389 ταῦτα
491 3339 649 3408 αὒτῆν
731 3340 1172 3419 συναφανίζεσθαι
1257 3344 1337 3395 τῶ
1386 3310 1623 3413 πέμπτῳ
1676 3340 1910 3412 σώματι·
1945 3310 1989 3377 C

280 3424 574 3480 ὑποτίθεται
600 3429 704 3502 γὰρ
756 3426 919 3490 οὗτος
986 3428 1073 3483 καὶ
1126 3429 1372 3501 πέμπτον
1412 3432 1571 3503 σῶμα
1626 3427 1759 3502 μετὰ
1812 3430 1917 3482 τῶν

272 3510 451 3567 ἄλλων
490 3516 751 3588 σωμάτων
780 3520 885 3570 τῶν
917 3517 1219 3590 τεσσάρων,
1254 3519 1373 3572 οἷον
1407 3521 1638 3591 πνεῦμα·
1682 3519 1781 3587 τήν
1813 3518 1918 3592 γὰρ

261 3605 441 3676 ψυχὴν
500 3604 635 3659 ὅλου
693 3610 790 3661 τοῦ
847 3605 1056 3679 κόσμου
1100 3609 1283 3687 φησὶν,
1319 3608 1577 3671 ἀθάνατον
1628 3608 1785 3676 εῖνιι,
1827 3604 1915 3660 καὶ

254 3691 415 3747 αὗτὸν
446 3693 539 3747 τὸν
587 3695 797 3767 κόσμον
857 3694 1059 3765 ἀὶὲιον,
1107 3697 1207 3765 τὴν
1270 3693 1327 3751 δὲ
1380 3696 1498 3760 καθ’
1561 3693 1805 3766 έκαστον,
1843 3693 1919 3759 ὠς

251 3782 596 3857 προείπομεν
629 3783 997 3862 ἀφανίζεσθαι.

317 3875 443 3941 ὀτι
476 3872 568 3926 ἐπὶ
623 3875 980 3947 Ἀρταξέρξου
1036 3878 1133 3929 τοῦ
1183 3876 1359 3949 Ὤχου
1412 3876 1478 3944 ἦν
1539 3877 1567 3929 ὁ
1625 3876 1916 3931 Αθιστοτέ-

261 3960 391 4031 λης.
425 3961 747 4032 ἐτελεύτησε
796 3961 846 4019 δέ
901 3964 1105 4039 βιώσας
1134 3962 1228 4034 ἔτη
1264 3973 1323 4021 0'.
1380 3965 1721 4035 Ἐκλτίθησαν
1779 3961 1833 4019 δὲ
1864 3965 1914 4019 oi

255 4051 360 4124 μὲν
395 4050 508 4105 ἀπὸ
539 4053 784 4122 Ζήνωνος
811 4053 917 4108 ἀπὸ
963 4056 1062 4118 τῆς
1121 4054 1382 4126 ποικίλης
1433 4059 1591 4116 στοᾶς
1652 4053 1911 4126 Στωϊκοί,

247 4141 306 4193 ὀὶ
341 4136 401 4193 δὶ
433 4140 542 4194 ἀπὸ
594 4143 691 4194 τοῦ
752 4139 1166 4215 Ἀριστοτέλους
1223 4141 1329 4197 ἀπὸ
1373 4146 1470 4197 τοῦ
1528 4140 1686 4217 ἔργου
1755 4144 1913 4216 Περι-

240 4229 575 4299 πατητικοί⁶
644 4234 1065 4305 περιπατοῦντες
1122 4232 1225 4307 γὰρ
1274 4229 1436 4305 ἐντῷ
1500 4231 1706 4304 Αυκείῳ
1764 4230 1913 4285 tam.

241 4323 424 4373 οὖντο
459 4318 555 4380 τὰς
599 4322 881 4389 ζητήσεις.

323 4403 628 4478 Ἐνὸεκάτη
690 4406 898 4481 αἳρεσις
936 4413 1050 4463 τῶν
1107 4414 1384 4467 Στωϊκῶν.
1457 4410 1558 4466 Καὶ
1608 4410 1764 4464 οὗτοι
1812 4409 1915 4464 ὑπε-

238 4498 434 4559 ἑθεντο
468 4497 652 4574 ἀρχὴν
685 4497 779 4569 μὲν
819 4501 928 4551 τῶν
986 4501 1199 4553 πάντων
1257 4499 1405 4570 Θεὸν,
1437 4500 1614 4554 καὶτὸ
1657 4500 1774 4554 καθ’
1828 4499 1911 4553 εὶ-

240 4585 544 4659 μαρμένην
606 4587 674 4640 τὰ
731 4587 901 4641 πάντα
967 4582 1438 4645 ὃιεὸεϐαιώσαντο.
1496 4589 1610 4656 Τήν
1680 4586 1913 4659 σελήνην

2035 1998 2296 2053 omnium
2330 2006 2486 2054 esset
2534 2000 2889 2069 subiectum,
2932 2002 3057 2056 haec
3107 2002 3167 2055 in
3195 2017 3407 2056 novem
3460 2003 3680 2057 classes

2036 2087 2558 2159 distinguerentur.
2578 2089 2999 2155 Substantiam,
3020 2096 3080 2145 ut
3103 2090 3261 2144 verbi
3278 2107 3476 2158 causa,
3502 2091 3679 2159 Deus,

2034 2176 2234 2243 homo,
2266 2177 2508 2244 animal,
2538 2178 2599 2232 in
2634 2179 2847 2249 quibus
2880 2179 3164 2233 nimirum
3196 2179 3524 2234 accidentia
3547 2195 3685 2234 con-

2033 2266 2391 2332 siderantur,
2425 2267 2700 2338 qualitas,
2732 2274 2798 2322 ut
2814 2268 3035 2336 album,
3062 2270 3291 2340 nigrum
3320 2284 3332 2333 ;
3359 2270 3676 2339 quantitas,

2032 2360 2097 2410 ut
2154 2355 2501 2423 bicubitum,
2567 2354 2927 2425 tricubitale,
2994 2357 3264 2428 duplum,
3337 2358 3675 2424 dimidium,

2030 2444 2263 2515 majus;
2299 2445 2527 2512 relatio,
2578 2452 2643 2500 ut
2674 2451 2860 2517 pater,
2913 2446 3107 2513 ﬁlius;
3142 2446 3262 2511 ubi,
3296 2453 3360 2501 ut
3404 2448 3673 2502 Athenis.

2030 2533 2290 2603 Megares,
2326 2533 2506 2599 domi,
2536 2534 2597 2586 in
2630 2534 2754 2588 foro
2781 2552 2793 2600 ;
2819 2535 3077 2605 quando.
3103 2541 3168 2589 ut
3197 2535 3345 2603 heri,
3371 2537 3675 2607 superiore

2028 2636 2205 2689 anno,
2242 2622 2476 2677 decima
2515 2623 2900 2693 Olympiade;
2952 2624 3126 2692 actio,
3160 2631 3225 2678 ut
3273 2624 3551 2690 scribere,
3586 2642 3674 2679 se-

2028 2725 2184 2775 care,
2216 2726 2409 2779 urere,
2443 2716 2619 2782 atque
2661 2714 2904 2768 omnino
2954 2729 3124 2786 agere
3157 2713 3384 2785 aliquid
3413 2730 3426 2781 ;
3455 2714 3675 2785 passio,

2026 2804 2094 2854 ut
2124 2799 2333 2867 secari,
2368 2801 2482 2866 uri,
2514 2800 2714 2866 feriri;
2743 2801 3002 2868 habitus,
3034 2808 3100 2856 ut
3130 2802 3454 2873 possidere,
3479 2818 3676 2858 arma-

2028 2892 2153 2944 tum
2185 2904 2313 2943 esse
2335 2912 2348 2956 ς
2379 2890 2548 2957 situs,
2573 2895 2637 2944 ut
2659 2890 3035 2951 decumbere.
3055 2890 3425 2953 accumbere.
3442 2891 3672 2960 sedere,

2025 2978 2314 3049 accipere.
2342 2978 2716 3050 Inplerisque
2737 2979 2889 3035 282
2912 2979 3188 3033 omnibus
3213 2979 3670 3035 Aristotelicum

2023 3067 2269 3121 Platone
2297 3067 2838 3138 convenit,excepto
2864 3066 2934 3121 de
2952 3065 3412 3137 animajudicio.
3440 3069 3671 3124 Manere

2025 3157 2185 3211 enim
2216 3172 2345 3212 eam
2366 3162 2500 3229 post
2530 3172 2743 3227 corpus
2762 3157 2959 3223 sentit,
2994 3172 3061 3212 ac
3081 3162 3287 3228 postea
3307 3170 3440 3211 cum
3462 3158 3669 3228 quinto

2024 3264 2269 3319 corpore
2300 3246 2545 3302 aboleri.
2578 3247 2750 3303 Ponit
2800 3247 2959 3302 enim
2988 3246 3105 3312 hic,
3152 3251 3371 3319 prseter
3418 3253 3673 3318 quatuor

2026 3350 2292 3407 corpora,
2328 3335 2601 3405 quintum
2633 3334 2954 3405 quoddam,
2987 3334 3146 3389 velut
3176 3334 3471 3407 spiritum.
3526 3337 3669 3390 Ani-

2028 3441 2186 3479 mam
2234 3426 2394 3479 enim
2455 3425 2631 3478 totius
2687 3423 2896 3478 mundi
2950 3427 3032 3478 ait
3062 3440 3189 3478 esse
3248 3424 3668 3494 immortalem,

2028 3514 2341 3584 ipsumque
2374 3512 2660 3567 mundum
2709 3518 3019 3580 internum,
3071 3512 3438 3586 singulorum
3469 3520 3669 3569 autem

2027 3603 2278 3669 animas,
2303 3608 2368 3658 ut
2400 3603 2676 3670 diximus,
2712 3602 2978 3658 interire.

2103 3876 2251 3931 Vixit
2282 3875 2624 3930 Aristoteles
2656 3891 2842 3930 annos
2875 3878 2941 3931 70
2968 3882 3025 3932 et
3052 3876 3162 3932 fuit
3205 3881 3465 3946 tempore
3499 3876 3667 3928 Arta-

2025 3967 2219 4020 xerxis
2251 3965 2411 4021 Ochi.
2439 3966 2730 4021 Zenonem
2757 3966 2940 4020 secuti
2964 3966 3301 4038 phil050phi
3343 3981 3376 4020 a
3414 3965 3666 4031 porticu,

2027 4070 2155 4125 qua:
2178 4053 2253 4109 ob
2277 4056 2521 4125 picturae
2536 4055 2878 4110 varietatem
2901 4062 3026 4111 stoa
3046 4056 3258 4110 Pmciie
3283 4054 3496 4110 Graecis
3518 4052 3666 4107 dici—

2029 4152 2142 4212 tur,
2169 4145 2344 4201 Stoici
2371 4146 2772 4201 nominantur.
2800 4147 3131 4201 Aristotelei
3155 4152 3350 4201 autem
3371 4146 3663 4214 Peripate-

2028 4234 2123 4287 tici
2156 4251 2190 4288 a
2218 4234 2678 4301 deambulando,
2713 4233 2870 4304 quod
2906 4234 3102 4288 Grmce
3135 4233 3463 4303 peripatein
3516 4230 3666 4285 dici-

2026 4327 2156 4378 tur:
2190 4322 2641 4378 obambulantes
2673 4323 2831 4378 enim
2864 4324 2924 4377 in
2956 4322 3139 4394 Lyceo
3173 4320 3571 4392 disputabant.

2096 4412 2420 4469 Undecima
2433 4410 2920 4485 philosophorum
2944 4418 3103 4467 secta
3125 4412 3301 4467 Stoici
3341 4411 3404 4465 Hi
3431 4423 3665 4479 quoque

2024 4501 2208 4557 Deum
2241 4503 2599 4574 paincipium
2632 4503 2900 4558 omnium
2932 4517 3129 4556 rerum
3155 4504 3507 4565 statuerunt,
3533 4512 3666 4553 con-

2024 4588 2462 4663 tenderuntque
2493 4592 2694 4647 omnia
2718 4591 2871 4647 facto
2895 4591 3044 4646 ﬁeri.
3070 4590 3292 4645 Lunam
3310 4589 3517 4643 dicunt
3538 4601 3667 4643 esse

238 4673 504 4748 λέγουσιν
534 4672 799 4729 ἀθάνατον
832 4675 985 4730 εἶναι.
1037 4680 1210 4748 Σῶμα
1270 4672 1328 4731 δὲ
1383 4674 1610 4750 λέγουσι
1668 4676 1913 4753 γενέσθαι

2032 4680 2442 4746 immortalem,
2501 4696 2717 4753 corpus
2759 4681 2889 4753 ejus
2936 4686 3142 4735 natum
3202 4694 3330 4734 esse
3389 4694 3459 4732 ex
3512 4677 3666 4732 aeris

240 4763 316 4818 ἐκ
347 4769 447 4832 τῆς
474 4765 816 4837 περιψύξεως
869 4769 965 4819 τοῦ
1024 4762 1179 4839 ἀέρος
1243 4771 1341 4821 τοῦ
1399 4767 1770 4842 περιέχοντος·
1834 4765 1918 4821 διὸ

233 4850 342 4905 καὶ
373 4853 562 4929 ψυχὴν
595 4852 765 4922 αὑτήν
811 4851 1094 4908 καλοῦσιν·
1146 4854 1518 4928 Ὁμολογοῦσι
1574 4855 1665 4910 καὶ
1728 4871 1917 4927 μετεν-

231 4940 606 5012 σωμάτωσιν,
641 4941 959 5017 ὡρισμένων
997 4941 1170 4997 οὐσῶν
1202 4948 1309 4998 τῶν
1352 4946 1566 5018 ψυχῶν.

321 5117 649 5183 Δωὸέκατος
705 5121 1047 5192 Ἐπίκουρος.
1134 5122 1306 5184 Οὗτος
1391 5121 1584 5199 σχεδὸν
1670 5124 1907 5179 ἐναντίαν

237 5214 411 5264 πᾶσιν
475 5207 640 5282 δόξαν
692 5208 863 5268 ἔθετο.
921 5212 1124 5286 Ἀρχὰς
1179 5213 1272 5284 μὲν
1327 5216 1434 5267 τῶν
1490 5211 1635 5268 ὅλων
1681 5214 1905 5269 ὑπέθετο

234 5301 498 5371 ἀτόμους
526 5302 615 5355 καὶ
643 5301 821 5367 κενὸν,
879 5303 1031 5357 κενὸν
1093 5303 1187 5375 μὲν
1252 5302 1368 5357 οἷον
1425 5303 1516 5358 τὸν
1573 5305 1741 5359 τὸπον
1794 5309 1903 5360 τῶν

237 5391 547 5462 ἐσομένων,
584 5390 827 5462 ἀτόμους
858 5392 957 5460 τήν
1012 5390 1150 5461 ὕλην
1199 5391 1248 5464 ἐξ
1280 5392 1347 5459 ἧς
1376 5393 1442 5447 τὰ
1471 5393 1661 5451 πάντα.
1724 5395 1817 5448 Ἐκ
1848 5392 1902 5449 δὲ

232 5484 349 5533 τῶν
377 5478 603 5549 ἀτόμων
638 5476 1010 5532 συνελθουσῶν
1065 5480 1306 5553 γενέσθαι
1363 5480 1454 5535 καὶ
1502 5481 1594 5535 τὸν
1654 5483 1781 5536 Θεὸν
1811 5482 1899 5537 καὶ

234 5569 303 5621 τὰ
332 5573 586 5641 στοιχεῖα
616 5567 909 5621 καὶπαντᾶ
959 5568 1023 5622 τὰ
1074 5565 1125 5623 ἒν
1154 5569 1359 5638 αὐτοῖς,
1418 5569 1492 5630 ὡς
1548 5568 1715 5641 μηδὲν
1764 5572 1900 5642 μήτε

242 5655 494 5728 γενέσθαι
550 5654 693 5728 μῄτε
747 5655 961 5708 ἑστάναι
1020 5657 1064 5709 εἷ
1122 5658 1196 5727 μὴ
1257 5654 1315 5710 ἐκ
1368 5662 1476 5711 τῶν
1529 5658 1747 5730 ἀτόμων
1806 5658 1896 5727 ἦν.

246 5744 523 5816 Ἀτόμους
584 5740 644 5799 δὲ
692 5742 931 5818 λέγουσιι
968 5745 1030 5799 τὸ
1073 5744 1588 5821 λεπτομερέστερον,
1631 5746 1720 5801 καὶ
1780 5749 1899 5822 μεθ’

2031 4770 2377 4825 circumdati
2409 4772 2874 4842 re'rigcratione.
2909 4770 3073 4825 Unde
3095 4776 3154 4824 et
3173 4768 3460 4839 Psychen,
3496 4766 3554 4821 id
3577 4771 3668 4822 est

2027 4861 2309 4927 animam,
2332 4876 2462 4916 eam
2491 4860 2813 4932 appellant,
2834 4874 2967 4914 cum
2990 4857 3245 4931 psychos
3268 4859 3463 4912 Graece
3485 4857 3667 4927 frigus

2026 4950 2333 5023 signiﬁcet.
2352 4952 2669 5005 Numerum
2690 4949 3023 5005 animarum
3046 4948 3355 5003 definitum
3379 4949 3664 5011 statuunt,

2024 5055 2240 5110 easque
2272 5042 2343 5095 de
2372 5039 2719 5109 corporibus
2753 5039 2811 5092 in
2844 5052 3089 5108 corpora
3120 5037 3398 5107 migrare.

2094 5128 2486 5183 Duodecimus
2545 5134 2631 5181 est
2694 5127 2995 5198 Epicurus.
3048 5125 3101 5178 Is
3160 5125 3279 5178 fere
3336 5120 3539 5175 omnia
3569 5120 3660 5174 his

2017 5218 2315 5271 contraria
2338 5216 2585 5271 censuit.
2630 5214 2927 5285 Principia
2957 5228 3153 5267 rerum
3202 5210 3400 5282 posuit
3429 5214 3659 5264 atomos

2015 5320 2082 5359 ac
2114 5305 2310 5370 inane,
2347 5305 2454 5358 hoc
2510 5308 2575 5357 ut
2606 5303 2801 5357 locum
2859 5301 3033 5355 rebus
3065 5300 3218 5355 natis
3275 5299 3655 5369 recipiendis,

2014 5398 2241 5447 atomos
2274 5398 2338 5446 ut
2385 5393 2651 5445 omnium
2684 5391 2994 5445 materiam
3057 5391 3271 5443 Earum
3326 5394 3658 5444 atomorum

2012 5497 2331 5549 congressu
2364 5486 2422 5534 et
2452 5480 2635 5533 Deum
2669 5486 2727 5533 et
2755 5480 3051 5533 elementa
3082 5483 3139 5531 et
3169 5493 3299 5547 qure
3326 5477 3386 5531 in
3417 5478 3490 5531 iis
3518 5484 3659 5532 sunt

2012 5571 2211 5625 omnia
2233 5571 2561 5635 exstitisse;
2591 5585 2781 5640 neque
2797 5568 3120 5638 quidquam
3144 5568 3295 5623 288
3328 5583 3424 5634 au)
3458 5574 3654 5622 ortum

2010 5667 2111 5716 aut
2139 5664 2410 5715 constare
2439 5659 2554 5713 nisi
2588 5674 2654 5713 ex
2686 5657 2920 5712 atomis.
2954 5663 3037 5711 tta
3066 5662 3275 5713 vocant
3303 5657 3654 5711 tenuissima

2010 5751 2381 5823 corpuscula,
2432 5766 2564 5821 qua!
2624 5753 2826 5805 centro
2876 5754 2977 5804 aut
3008 5752 3225 5820 puncto
3281 5748 3448 5803 nullo
3476 5744 3651 5799 dividi
