4104 6276
541 401 662 460 319

1909 394 2229 457 GEORGII
2271 395 2621 459 CEDRENI

3787 412 3887 472 320

539 537 808 608 possunt.
845 533 1027 586 Deum
1089 529 1487 586 immortalem
1518 529 1748 586 nullius
1799 528 2044 584 omnino
2104 543 2173 583 re

2303 522 2378 580 ὤν
2410 528 2513 582 οὐκ
2541 528 2600 584 ἂν
2654 531 2866 604 γένοιτο
2923 531 3140 605 κέντρον
3197 533 3233 600 ἦ
3291 537 3512 606 σημεῖον
3567 535 3730 607 ούὸὶν,
3785 541 3889 599 οὐδὲ

540 639 744 680 curam
755 637 958 694 gerere
983 639 996 687 ;
1013 635 1209 691 neque
1223 637 1351 675 esse
1365 623 1466 674 aut
1481 617 1907 690 providentiam
1922 618 1983 673 in
2005 616 2188 673 ullam

539 717 640 768 aut
668 712 853 766 fatum
886 709 1151 780 aliquod,
1183 709 1286 764 sed
1306 709 1510 764 omnia
1530 707 1770 763 fortuito
1793 707 2048 764 evenire.
2075 707 2190 762 Ha-

538 802 892 858 bitationem
923 801 1040 854 Deo
1063 799 1327 870 assignat
1346 803 1511 852 extra
1541 797 1850 864 mundum,
1875 797 1938 851 in
1961 795 2032 850 iis
2054 813 2186 867 quas

537 891 664 962 ipse
697 887 1300 944 vocatintermundiis
1327 903 1340 942 :
1374 886 1456 940 ibi
1489 902 1624 940 eum
1657 886 1914 940 otiosum
1953 901 2188 940 summa

540 981 601 1035 in
629 979 924 1050 voluptate
957 992 1150 1049 agere,
1181 992 1374 1047 neque
1406 992 1542 1031 eum
1573 981 1677 1030 aut
1713 974 1948 1048 negotia
1966 973 2184 1030 habere

539 1070 690 1126 velle
725 1073 825 1124 aut
855 1067 989 1122 aliis
1037 1065 1348 1122 facessere.
1402 1066 1606 1120 Finem
1659 1066 1976 1134 bonorum,
2026 1082 2095 1121 ac
2123 1065 2185 1120 in

539 1175 717 1230 quem
740 1157 1038 1228 sapientes
1067 1154 1340 1222 tendant,
1363 1154 1717 1226 voluptatem
1737 1171 1884 1223 esse,
1912 1155 2031 1209 sive
2053 1171 2184 1210 eam

543 1264 673 1318 quae
696 1244 976 1301 mortales
1017 1243 1287 1314 sequitur
1315 1242 1688 1314 cupiditates,
1739 1243 1860 1297 sive
1892 1259 2022 1298 eam
2053 1260 2184 1314 quae

539 1335 854 1391 virtutibus
885 1333 1220 1390 comitatur.
1275 1333 1514 1387 Animas
1563 1348 1690 1388 esse
1747 1332 2096 1404 sanguinem
2129 1339 2186 1386 et

539 1442 676 1481 cum
697 1423 1045 1495 corporibus
1065 1427 1131 1476 ut
1151 1422 1314 1478 nasci
1339 1422 1424 1477 sic
1445 1421 1624 1477 etiam
1647 1421 1912 1476 interire.
1950 1419 2182 1476 Nullum

529 1513 828 1586 judicium
853 1511 1316 1583 exspectandum
1350 1516 1453 1566 aut
1473 1509 1731 1566 tribunal
1773 1509 2181 1576 metuendum,

532 1595 648 1659 sed
674 1603 949 1673 impunes
997 1616 1241 1671 prorsus
1266 1600 1498 1654 futuros
1547 1600 1646 1670 qui
1698 1598 1987 1671 ﬂagitiose
2020 1598 2180 1652 vixe-

535 1697 693 1748 runt.

598 1873 873 1928 Decimus
897 1873 1104 1927 tertius
1134 1871 1342 1926 Sextus
1367 1875 1426 1925 et
1466 1870 1709 1942 Pyrrho.
1767 1870 1978 1925 Sextus
2008 1869 2182 1942 quid-
2212 1885 2260 1952 Β

529 1979 711 2033 quam
741 1961 1017 2032 cognosci
1051 1965 1152 2016 aut
1199 1959 1424 2031 percipi
1467 1975 1639 2030 posse
1673 1959 1924 2030 negavit,
1978 1959 2180 2031 itaque

527 2050 936 2105 suslinendam
951 2049 1448 2115 assensionem,et
1466 2046 1867 2102 resistendum
1891 2048 1978 2115 ei;
2001 2048 2186 2104 idem-

526 2157 638 2211 que
663 2144 870 2194 contra
891 2155 1097 2192 omnes
1119 2143 1275 2192 artes
1299 2143 1474 2207 atque
1513 2137 1791 2192 scientias
1829 2137 2179 2208 disputavit.

527 2229 753 2299 Pyrrho
766 2235 965 2284 autem
987 2227 1374 2298 philosophus
1389 2225 1728 2296 ephecticus
1751 2225 2181 2296 appellabatur,

528 2317 687 2388 quod
713 2317 1126 2372 assensionem
1159 2315 1415 2369 tolleret.
1451 2313 1799 2382 Disputabat
1829 2313 1991 2368 enim
2037 2331 2182 2368 con-

533 2412 623 2460 tra
670 2405 855 2460 alium
909 2403 1351 2475 philos0phum,
1413 2402 1512 2471 qui
1568 2401 1773 2456 omnia
1809 2401 2081 2473 cognosci
2113 2419 2181 2457 ac

529 2493 954 2565 comprehendi
1013 2509 1188 2563 posse
1247 2489 1660 2545 contendebat.
1717 2490 1809 2544 Sic
1852 2490 1939 2544 illi
1988 2489 2179 2544 verbis

537 2583 914 2647 altercantes,
947 2581 1099 2636 alter
1142 2579 1388 2634 alterius
1417 2577 1774 2633 refellebant
1810 2579 2174 2649 opinionem.

596 2675 697 2728 Est
727 2689 863 2744 ergo
888 2670 1376 2726 Academicorum
1399 2674 1455 2723 et
1482 2669 1946 2739 Pyrrhoniorum
1972 2676 2030 2724 et
2049 2671 2176 2742 phi-

532 2763 918 2834 losophorum
969 2759 1286 2832 peculiaris
1321 2765 1498 2826 secta,
1533 2763 1592 2813 et
1635 2758 1970 2814 Academici
2001 2776 2174 2815 voca-

527 2851 764 2918 bantur,
797 2849 1043 2920 quodin
1083 2846 1401 2902 Academia
1446 2847 1984 2902 commorabantur.
2019 2848 2173 2905 284

521 2941 804 3010 Princeps
825 2954 1031 2993 eorum
1051 2937 1300 3008 Pyrrho,
1327 2953 1361 2991 a
1381 2953 1498 3008 quo
1513 2936 1825 3008 Pyrrhonii
1851 2936 1993 2992 dicti
2012 2943 2170 3006 sunt,

526 3029 676 3083 nihil
715 3028 937 3100 percipi
963 3043 1136 3099 posse
1169 3025 1524 3091 afﬁrmavit;
1549 3025 1849 3096 jussitque
1876 3025 1934 3080 in
1957 3031 2174 3082 utram-

520 3133 636 3187 que
665 3120 892 3187 partem
934 3115 1259 3187 disputare,
1295 3113 1366 3168 de
1418 3118 1630 3168 neutra
1675 3113 2002 3184 quidquam
2033 3131 2170 3186 pro-

517 3205 833 3260 nuntiare:
881 3203 1031 3258 nihil
1091 3203 1249 3258 enim
1279 3218 1413 3257 vere
1469 3218 1664 3272 neque
1720 3202 1918 3257 animo
1971 3219 2164 3274 neque

519 3309 698 3348 sensu
730 3293 976 3362 percipi,
1027 3291 1212 3346 videri
1267 3295 1492 3346 tantum
1539 3291 1880 3346 hominibus
1925 3293 2007 3346 ita
2058 3292 2166 3348 ha-

517 3380 678 3434 bere.

590 3469 658 3522 Hi
689 3484 826 3540 ergo
845 3484 1054 3522 omnes
1083 3468 1155 3521 de
1185 3467 1443 3522 universi
1467 3472 1679 3522 natura
1701 3472 1758 3521 et
1788 3473 1920 3522 ortu
1946 3484 2014 3522 ea
2031 3485 2166 3523 sen-

513 3562 724 3613 serunt
743 3573 812 3613 ac
833 3557 1204 3612 tradiderunt
1225 3571 1354 3626 quae
1377 3555 1694 3610 retulimus
1719 3573 1732 3622 ;
1757 3555 2028 3627 infraque
2063 3557 2162 3611 Dei

515 3645 913 3718 cognitionem
972 3645 1386 3713 subsistentes,
1430 3645 1490 3698 in
1549 3659 1751 3698 rerum
1809 3644 2163 3700 caducarum

513 3742 729 3790 natura
785 3734 1044 3790 studium
1105 3737 1539 3804 occupaverunt
1603 3732 2028 3802 cognoscenda,
2090 3733 2164 3789 ad

514 3825 988 3897 magnitudinem
1018 3841 1218 3879 rerum
1240 3829 1574 3879 creatarum
1597 3827 1927 3894 stupentes,
1947 3840 2165 3894 easque

515 3933 622 3988 pro
651 3917 893 3971 numine
924 3916 1051 3986 ipso
1081 3915 1357 3986 amplexi.
1384 3915 1470 3968 Ita
1491 3913 1644 3968 alius
1675 3912 1856 3968 aliam
1880 3919 2164 3969 creaturm

513 4010 746 4076 partem
793 4004 1198 4076 praeferentes,
1228 4004 1414 4058 Deum
1473 4003 1686 4058 horum
1718 4003 1993 4075 opiﬁcem
2043 4020 2163 4060 non

513 4102 900 4169 agnoverunt.
936 4098 1049 4152 Nos
1081 4101 1281 4152 antem
1313 4095 1594 4166 deinceps
1627 4100 1946 4164 sequentes
1976 4095 2164 4150 histo-

512 4187 631 4244 rias
664 4187 942 4259 persequi
973 4186 1401 4259 aggrediemur.

587 4277 942 4332 Ptolemaeus
969 4292 1104 4348 ergo
1127 4276 1260 4348 Lagi
1285 4275 1444 4330 ﬁlius
1463 4275 1687 4346 .IEgypti
1714 4290 1955 4346 regnum
1974 4292 2165 4332 annos

515 4367 585 4418 40
615 4365 798 4436 gessit
822 4365 974 4436 (ejus
1013 4368 1186 4417 (etate
1233 4362 1520 4433 Epicurus
1566 4361 1956 4434 philosophus
1987 4363 2159 4418 inno-

517 4455 654 4525 tuit)
673 4459 808 4526 post
823 4454 1065 4508 Darium
1082 4451 1346 4506 Arsamis
1366 4450 1554 4504 ﬁlium
1565 4468 1744 4521 quem
1767 4455 2165 4508 Romanorum

514 4559 719 4614 regum
749 4559 926 4596 causa
957 4540 1407 4596 referendorum
1440 4539 1768 4607 omisimus,
1802 4558 1980 4614 regno
2023 4543 2158 4598 iun-

2303 611 2563 692 διαίρεσις
2595 616 2842 692 οὐδεμία.
2876 620 2982 676 Τὸν
3035 615 3092 674 δὲ
3150 621 3278 675 Θέον
3309 617 3481 676 αΐδιον
3537 625 3621 678 καὶ
3668 623 3892 704 ἄφθαρτον

2303 705 2428 762 ὅντα
2461 704 2594 781 μηδ’
2624 707 2770 774 ὅλως
2801 709 2948 771 τινὸς
2999 715 3271 784 προνοεῖν.
3333 711 3435 767 Καὶ
3495 710 3632 776 ὅλως
3677 718 3886 789 πρόνοια,

2300 797 2488 874 φησὶν,
2520 796 2618 852 οὐκ
2634 797 2799 866 ἔστιν,
2831 796 2958 854 οὐδὲ
2989 797 3316 872 εῗμαρμένη,
3373 799 3498 856 ἀλλ’
3549 801 3888 881 αὐτοματισμῷ

2299 884 2470 940 πάντα
2496 884 2754 960 γίνεσθαι.
2806 887 2884 945 Τὸ
2939 884 2996 942 δὲ
3027 888 3345 962 οἴκητήριον
3405 893 3500 944 τοῦ
3555 897 3676 946 Θεοῦ
3704 891 3791 966 ἔξω
3814 903 3891 952 τοῦ

2297 974 2509 1047 κόσμου
2542 975 2678 1030 εἶναι
2733 975 2904 1054 λέγει,
2932 975 2984 1031 ἐν
3015 981 3134 1039 τοῖς
3201 979 3585 1052 μετακοσμίοις
3639 979 3772 1036 οὕτω
3814 1005 3894 1040 κα-

2300 1060 2591 1136 λουμένοις
2621 1066 2834 1140 τόποις·
2867 1067 3160 1141 ἡσυχάζων
3205 1066 3307 1144 γὰρ
3364 1064 3552 1136 ἥδεται
3579 1069 3630 1124 ἓν
3665 1075 3726 1144 τῇ
3753 1072 3893 1148 ἄκρο-

2295 1156 2430 1227 τατῃ
2466 1155 2793 1234 εὐφροσύνῃ,
2849 1155 2942 1210 καὶ
3003 1155 3127 1210 οὕτε
3173 1154 3334 1216 αύτὸς
3368 1155 3618 1231 βούλεται
3645 1161 3894 1234 πράγματα

2297 1235 2443 1316 ἔχειν
2476 1239 2602 1298 οὔτε
2629 1241 2790 1316 ἄλλῳ
2819 1241 3102 1319 παρέχειν,
3166 1242 3334 1306 Τέλος
3367 1242 3424 1299 δὲ
3447 1247 3557 1300 τῶν
3612 1247 3797 1322 ἀγαθῶν
3819 1255 3890 1308 καὶ

2299 1336 2478 1410 σοιρῶν
2508 1329 2718 1407 ἀνδρῶν
2747 1332 2847 1407 τῂν
2906 1329 3110 1402 ἡδονὴν
3152 1332 3288 1387 εἷναί
3319 1354 3506 1410 φησιν,
3537 1333 3639 1390 εἴτε
3671 1339 3758 1407 τήν
3785 1341 3890 1395 κατὰ

2295 1420 2392 1482 τὰς
2449 1422 2642 1490 θνητὰς
2700 1421 2992 1495 ἐπιθυμίας
3049 1419 3156 1477 ε’ίτε
3211 1423 3310 1491 τὴν
3356 1425 3473 1478 κατ’
3530 1425 3726 1498 ἀρετήν.
3767 1430 3889 1500 Αἷμα

2297 1506 2353 1564 δὲ
2382 1511 2470 1564 γαὶ
2501 1511 2596 1573 τὰς
2629 1511 2810 1589 ψυχὰς
2849 1511 3006 1580 εἶναι,
3064 1511 3153 1566 καὶ
3210 1508 3618 1567 συνδιαλύεσθαι
3664 1520 3768 1578 τοῖς
3807 1518 3894 1572 σώ-

2300 1619 2458 1671 μασιν
2489 1597 2674 1674 ὥσπερ
2703 1599 2790 1655 καὶ
2815 1603 3234 1675 συγγεννῶνται.
3267 1600 3457 1674 Κρίσιν
3491 1602 3616 1678 φησί
3669 1603 3737 1676 μὴ
3783 1606 3894 1659 εἶναι

2299 1691 2439 1760 μήτε
2492 1687 2815 1765 δικαστήρια
2898 1688 3026 1745 ἀλλ’
3099 1689 3417 1752 ἀνευθύνους
3477 1693 3608 1748 εἶναι
3660 1693 3894 1758 παντελῶς

2292 1778 2420 1842 τοὺς
2456 1777 2522 1832 τὰ
2551 1777 2756 1852 ἄθεσμα
2787 1775 3106 1853 δράσαντας.

2366 1864 2823 1942 Τρισκαιδέκατος
2881 1869 3068 1938 Σέξτοι
3131 1869 3224 1923 καὶ
3301 1869 3607 1944 Πύῤῥωνες,
3652 1871 3790 1944 ὁμὲν
3835 1876 3894 1945 μὴ

2301 1955 2435 2010 εἶναι
2465 1957 2641 2027 πάντη
2671 1959 2916 2034 γνωστὸο
2947 1958 3037 2012 καὶ
3069 1957 3425 2028 καταληπτὸν
3449 1961 3476 2012 6
3519 1959 3700 2028 Σέξτος
3728 1957 3896 2036 δογμα-

2296 2043 2484 2114 τίζων,
2572 2043 2770 2121 ἐπέχον
2853 2045 2942 2100 καὶ
3027 2045 3400 2118 ἐνιστάμενος⁸
3465 2045 3616 2110 οὗτος
3661 2047 3899 2123 καὶπρὸς

2295 2139 2468 2188 πᾶσαν
2502 2133 2718 2188 ἀντεῖπε
2753 2133 2958 2208 τέχνην
3007 2135 3096 2189 καὶ
3155 2135 3349 2205 ἐπιστή
3363 2157 3494 2208 μην.
3525 2135 3584 2192 Ὁ
3616 2133 3668 2190 δὲ
3715 2134 3898 2210 ιιύῤῥων

2296 2219 2599 2299 φιλόσοφος
2649 2220 2722 2276 ὢν
2783 2222 3060 2300 ἐφεκτικὸς
3099 2221 3373 2292 ἐκαλεῖτο,
3433 2223 3756 2298 ἐνιστάμενος
3789 2226 3898 2280 κατα

2291 2315 2388 2364 τοῦ
2420 2309 2734 2381 ἐξεναντίας,
2779 2310 3082 2390 φιλοσόφου
3139 2313 3228 2366 καὶ
3282 2311 3482 2368 τούτου
3534 2309 3702 2375 ὄντος.
3753 2311 3894 2374 Οὗτος

2291 2400 2462 2454 πάντα
2552 2400 2765 2472 γνωστᾶ
2844 2402 2925 2472 [Ρ.
3014 2403 3138 2474 162]
3211 2401 3302 2456 καὶ
3389 2399 3704 2472 καταληπτᾶ
3743 2397 3895 2480 ἕφασεν

2291 2489 2445 2560 εἶναι,
2499 2491 2588 2543 καὶ
2653 2487 2796 2544 οὕτω
2881 2489 2947 2543 τὰ
3031 2487 3297 2559 ἀλλήλων
3357 2488 3782 2566 λο-ίομαχοῦντες
3821 2491 3896 2544 ἆν-

2290 2577 2485 2651 ῄρουν.

2359 2663 2760 2740 Ἀκαδημαϊκοὶ
2791 2669 2878 2721 καὶ
2935 2665 3268 2743 Πυρῥώνειοι
3296 2667 3444 2739 ἄλλη
3479 2667 3676 2744 α’ίρεσις
3703 2667 3888 2745 φιλοσό-

2287 2776 2424 2832 φων.
2487 2754 2830 2826 Ἐκλήθησαν
2905 2752 2962 2810 δὲ
3020 2753 3427 2830 Ἀκαδημαϊκοὶ
3486 2755 3576 2812 διὰ
3635 2763 3694 2814 τὸ
3743 2756 3788 2812 ἐν
3836 2760 3887 2830 τῇ

2286 2841 2604 2918 Ἀκαδημίᾳ
2677 2847 2774 2908 τὰς
2847 2841 3127 2920 διατριϐὰς
3211 2845 3412 2910 αὐτοὺς
3489 2853 3766 2911 ποιεῖσθαι.
3819 2850 3886 2899 Ὧν

2285 2931 2444 3007 ἄρξας
2497 2933 2526 2987 6
2586 2932 2812 3012 Πύῤῥων
2845 2977 2860 3002 ,
2913 2933 3000 3012 ἀφ’
3060 2932 3122 2988 οὗ
3168 2933 3507 3009 Πυῤῥώνειοι
3563 2933 3882 3005 ἑπεκλήθησαν

2285 3021 2603 3100 φιλόσοφοι,
2642 3023 2744 3092 τὴν
2810 3022 3190 3096 ἀκαταληψίαν
3246 3023 3505 3079 ἀπάντων
3562 3028 3764 3099 πρῶτος
3805 3021 3882 3078 εἶσ-

2285 3115 2505 3189 ἤγαγεν,
2540 3113 2614 3174 ὡς
2666 3111 2965 3188 ἐπιχειρεῖν
3001 3112 3096 3185 μὶν
3156 3113 3234 3174 εἰς
3289 3114 3539 3190 ἑκάτερα,
3607 3115 3680 3188 μὴ
3736 3114 3885 3188 μέντοι

2280 3201 2666 3280 ἀποφαίνεσθαι
2755 3198 2945 3274 μηδὲν·
3009 3199 3164 3256 οὐδέν
3235 3203 3341 3277 γὰρ
3396 3203 3534 3260 εἶναι
3584 3201 3752 3278 ’ἐλεγιν
3795 3198 3890 3254 οὔτε

2274 3291 2470 3360 νοητὸν
2495 3289 2619 3346 οὔτε
2647 3290 2904 3360 αἲσθητὸν
2937 3289 3160 3362 ἀληθές,
3219 3289 3368 3346 ἀλλὰ
3425 3290 3601 3348 δοκεῖν
3648 3293 3752 3352 τοῖς
3807 3289 3881 3344 ἆν-

2279 3379 2520 3452 θρώποις
2550 3378 2722 3440 οὕτως
2752 3375 2922 3452 ἔχειν.

2345 3469 2514 3526 Οὗτοι
2547 3470 2640 3542 μὲν
2673 3469 2765 3524 οὖν
2799 3469 2992 3532 πάντες
3023 3467 3109 3524 ἐπὶ
3153 3476 3255 3540 τῆς
3309 3476 3412 3526 τοῦ
3479 3471 3672 3532 παντὸς
3721 3468 3892 3548 φύσεώς

2273 3577 2331 3612 τε
2361 3557 2448 3612 καὶ
2485 3556 2742 3632 γενέσεως
2781 3557 3006 3628 ταύτης,
3065 3559 3246 3620 καθὼς
3283 3558 3592 3634 ἐξεθέμεθα,
3627 3559 3809 3630 ἐξεῖπον
3824 3559 3888 3627 -τῇ

2273 3645 2447 3701 αὐτῶν
2482 3644 2634 3722 δόξῃ,
2660 3646 2808 3702 κάτω
2849 3644 2906 3702 δὲ
2961 3651 3058 3702 τοῦ
3107 3645 3265 3703 Θείου
3321 3649 3522 3711 πάντες
3575 3649 3886 3724 χωρήσαντες

2270 3738 2526 3814 περὶτῶν
2553 3737 2850 3814 γινομένων
2899 3737 3085 3793 οὐσίαν
3116 3737 3546 3813 ἠσχολήθησαν,
3604 3739 3667 3794 τὰ
3717 3735 3883 3812 μεγέθη

2271 3834 2370 3893 τῆς
2401 3826 2626 3890 κτίσεως
2655 3827 3090 3904 καταπλαγέντες
3145 3828 3235 3882 καὶ
3275 3827 3413 3884 αὐτᾶ
3469 3829 3530 3884 τὸ
3587 3829 3727 3884 Θεῖον
3779 3827 3884 3880 εἶναι

2272 3915 2610 3988 νομίσαντες,
2654 3911 2834 3989 ἕτερος
2893 3913 3070 3990 ἕτερον
3133 3915 3296 3991 μέρος
3347 3923 3451 3986 τῆς
3517 3916 3734 3979 κτίσεως
3779 3932 3889 3988 προ.

2271 4005 2544 4081 κρίναντες
2581 4050 2594 4075 ,
2678 4007 2770 4062 τὸν
2839 4005 3050 4062 τούτων
3104 4007 3232 4061 Θεὸν
3291 4007 3384 4061 καὶ
3441 4005 3758 4081 δημιουργὸν
3809 3999 3888 4056 οὔκ

2272 4093 2580 4170 ἐπέγνωσαν
2613 4137 2627 4150 .
2689 4095 2877 4168 Ἡμεῖς
2938 4092 2994 4150 δὲ
3047 4098 3155 4150 τῶν
3213 4094 3404 4174 ἐφεξῆς
3445 4097 3692 4173 ἱστοριῶν
3743 4088 3880 4146 πάλιν

2267 4185 2368 4252 τὴν
2398 4182 2546 4253 τάξιν
2575 4179 2934 4243 ἀναλαϐόντες
2963 4187 3062 4238 τοῦ
3093 4181 3266 4260 λόγου
3297 4182 3584 4262 ἐχώμεθα.

2345 4269 2688 4344 Πτολεμαῖος
2748 4273 2776 4326 6
2857 4271 3036 4347 Λάγου
3093 4266 3442 4327 ἐϐασίλευσεν
3498 4272 3758 4348 Αἱγύπτου
3803 4263 3879 4336 ἔτη

2269 4359 2665 4435 τεσσαράκοντα
2722 4358 2834 4434 (ἐπὶ
2890 4359 3086 4414 τούτου
3143 4359 3469 4436 Ἐπίκουρος
3530 4363 3558 4416 6
3614 4357 3882 4438 φιλόσοφος

2273 4447 2620 4525 ἐγνωρίζετο)
2681 4449 2816 4524 μετᾶ
2899 4454 3119 4523 Δαρεῖον
3180 4449 3484 4523 Ἀρσάμου,
3543 4449 3598 4504 ὅν
3657 4445 3738 4502 διὰ
3784 4442 3889 4505 τοὺς

2271 4542 2381 4594 τῶν
2434 4538 2725 4610 Ῥωμαίων
2775 4536 3021 4612 βασιλεῖς
3077 4536 3476 4612 παρελίπομεν,
3538 4535 3887 4612 βασιλεύσαντα

516 4637 677 4685 ctum
706 4647 894 4685 annos
924 4632 976 4684 6.
1009 4630 1132 4694 Quo
1164 4628 1472 4682 interfecto
1503 4629 1837 4684 Alexander
1855 4611 2157 4687 Dersicum

2285 4623 2360 4696 ἷτη
2394 4627 2460 4690 ς“’
2507 4626 2564 4680 ὃν
2622 4625 2714 4680 καὶ
2769 4625 2980 4681 ἀνεῖλεν
3036 4622 3410 4698 Ἀλέξανδρος,
3459 4625 3753 4687 καταλύσας
3797 4623 3878 4690 τὴν

513 4733 762 4790 regnum
775 4717 1048 4785 abolevit,
1075 4723 1324 4774 tractum
1349 4732 1456 4787 per
1467 4732 1657 4770 annos
1678 4717 1802 4772 240.
1829 4717 2164 4774 Alexander

514 4807 696 4862 totius
724 4823 906 4877 prope
952 4805 1112 4861 orbis
1171 4811 1461 4860 terrarum
1519 4803 1838 4874 imperium
1889 4805 2159 4876 adeptus,

512 4896 810 4968 Babylone
843 4900 1134 4962 mortuus,
1158 4909 1407 4967 regnum
1439 4893 1570 4964 ejus
1593 4891 1750 4947 inter
1779 4910 2056 4965 proceres
2073 4896 2160 4950 di-

511 4986 698 5041 visum
730 4990 837 5040 est.
887 4983 1242 5038 Ptolemaeus
1293 4981 1426 5054 Lagi
1459 4981 1619 5036 illius
1659 4983 1884 5054 Egypti
1916 4999 2164 5056 regnum

511 5073 804 5143 obtinuit;
837 5089 906 5128 ac
945 5076 1078 5143 post
1109 5087 1244 5126 eum
1287 5071 1590 5125 Ptolemaei
1623 5070 1724 5124 alii
1782 5073 1844 5125 i3
1871 5087 2060 5142 usque
2091 5075 2162 5128 ad

509 5163 880 5232 Cleopatram
899 5158 1164 5230 Dionysii
1190 5158 1394 5214 ﬁliam.
1421 5157 1619 5213 Asiam
1642 5157 1982 5213 universam
2004 5162 2167 5215 Anti-

509 5267 696 5322 gonus
727 5249 1054 5320 occupavit.
1086 5247 1350 5317 Assyriae,
1393 5245 1710 5317 Babylonis
1741 5251 1800 5301 et
1831 5247 2163 5304 Palaestina)

510 5355 692 5406 regno
753 5338 976 5408 potitus
1022 5342 1114 5391 est
1171 5335 1450 5390 Seleucus
1509 5335 1808 5390 Nicanor?
1866 5336 2014 5394 285
2071 5339 2162 5393 cui

511 5431 798 5487 successit
831 5429 1158 5484 Antiochus
1183 5429 1358 5491 ﬁlius,
1389 5434 1445 5482 et
1468 5427 1747 5499 deinceps
1769 5428 1868 5483 alii
1890 5433 1952 5483 15
1974 5447 2163 5501 usque

512 5520 586 5575 ad
616 5519 973 5575 Antiochum
1031 5517 1419 5590 Epiphanem.
1473 5517 1698 5572 Seleuci
1763 5517 2160 5590 Philopatoris

514 5607 725 5666 tilium.
761 5608 880 5663 Hoc
911 5611 1194 5678 regnante
1225 5605 1633 5662 Hierosoluma
1659 5604 1854 5660 denuo
1885 5614 2057 5678 capta
2107 5615 2163 5662 et

514 5713 610 5753 res
640 5695 1102 5752 Maccabaiorum
1117 5701 1295 5767 gesta)
1315 5693 1744 5766 templumque,
1766 5695 1851 5748 uti
1882 5695 2167 5766 prwdixe-

2273 4713 2552 4790 βασιλείαν
2610 4719 2826 4788 Περσῶν
2874 4712 3227 4789 διαρκέσασαν
3258 4711 3350 4784 ἔτη
3413 4723 3522 4789 σμ“.
3575 4713 3738 4774 Αύτὸς
3788 4709 3881 4765 δὲὸ

2271 4801 2624 4880 Ἀλέξανδρος
2655 4804 2832 4874 πάσης
2888 4810 2992 4880 γῆς
3047 4801 3241 4878 σχεδὸν
3299 4803 3582 4878 κυριεύσας
3639 4804 3686 4858 ἐν
3743 4793 3886 4860 Βαϐυο

2271 4891 2410 4948 λῶνι
2441 4893 2686 4950 τελευτὰ.
2744 4896 3080 4968 Διαιροῦνται
3137 4889 3194 4947 δὲ
3243 4894 3342 4962 τήν
3375 4891 3646 4966 βασιλείαν
3678 4893 3726 4946 οἱ
3755 4909 3885 4962 μεγι-

2274 4985 2453 5044 στᾶνες
2514 4981 2718 5051 αὐτοῦ,
2777 4983 2864 5036 καὶ
2929 4980 3277 5056 βασιλεύουσι
3341 4981 3678 5055 Πτολεμαῖος
3738 4973 3890 5051 μένό

2274 5071 2462 5146 Λάγου
2517 5069 2802 5146 Αἰγύπτου
2876 5070 2966 5125 καὶ
3035 5069 3262 5140 κατεξῆς
3325 5069 3654 5142 Πτολεμαῖοι
3712 5072 3772 5140 ιγ’
3801 5061 3888 5122 ἕως

2273 5157 2630 5233 Κλεοπάτρας
2689 5160 2952 5234 θυγατρὸς
3005 5158 3283 5214 Διονυσίου
3311 5205 3324 5226 ,
3357 5165 3456 5228 τῆς
3492 5157 3548 5214 δὲ
3579 5157 3748 5218 Ἀσίας
3798 5153 3883 5207 πά-

2273 5269 2374 5318 σης
2415 5248 2729 5326 Ἀντίγονος
2787 5248 3019 5323 ἐκράτει,
3048 5255 3146 5316 τῆς
3210 5245 3267 5302 δὲ
3321 5247 3601 5322 ’Λσσυρίας
3663 5246 3746 5300 καὶ
3799 5243 3886 5297 Βα-

2273 5332 2524 5398 ϐυλῶνος
2567 5336 2656 5392 καὶ
2717 5337 3078 5406 Ηαλαιστίνης
3135 5334 3400 5399 Σέλευκος
3446 5334 3652 5410 ἐκράτει
3681 5334 3708 5388 6
3737 5327 3885 5388 Νικα-

2271 5446 2404 5498 νωρ.
2440 5428 2588 5481 Μετὰ
2635 5423 2692 5480 δὲ
2755 5425 3019 5480 Σέλευκον
3069 5420 3411 5480 ἐϐασίλευσεν
3469 5422 3743 5500 Ἀντιόχος
3793 5417 3890 5475 υἱὸς

2273 5514 2442 5570 αὐτοῦ
2472 5515 2564 5570 καὶ
2621 5512 2790 5570 ἄλλοι
2859 5515 2934 5570 ιε’.
2989 5517 3121 5571 Εἶτα
3181 5509 3521 5569 ἐϐασίλευσεν
3582 5507 3890 5585 Ἀντίοχοςὸ

2273 5604 2593 5680 Ἐπιφανὴς,
2627 5603 2742 5667 υίὸς
2800 5601 3068 5658 Σελεύκου
3133 5607 3231 5658 τοῦ
3291 5601 3686 5675 ίί>ιλο⁴ιτσὶτορος⁸
3736 5591 3888 5672 ὑφ’(ιῦ

2276 5693 2486 5768 γέγονεν
2517 5693 2552 5761 ἢ
2581 5690 2799 5768 οευτὲρα
2847 5689 3090 5754 ἅλλωσις
3129 5690 3511 5766 Ἰερουσαλήμ,
3541 5689 3629 5744 καὶ
3658 5689 3720 5742 τὰ
3759 5689 3888 5740 Μακ-
