4118 6284
206 335 319 396 321

1374 328 1928 391 HISTORIABUM
1971 328 2531 397 GOMPENDIUM.

3495 338 3628 397 322

205 458 450 520 καῦαίων
483 461 763 537 ἐπράχθη,
821 459 910 515 καὶ
969 462 1030 516 τὸ
1076 460 1219 534 ἱερὸν
1279 457 1554 532 ἰμολῦνθη
1595 461 1731 515 κοιτά
1756 461 1855 529 τὴν

1995 468 2064 519 'at
2117 465 2418 533 Danielus,
2467 466 2766 537 pollutum
2798 472 2903 523 est.
2939 468 3020 523 Ea
3071 466 3228 524 enim
3271 471 3624 541 tempestate

201 558 305 609 τοῦ
338 549 547 620 Δανιὴλ
578 549 909 626 πρόρρησιν.
967 549 1091 607 Ἀπὶ
1156 549 1257 624 γὰρ
1315 553 1424 605 τῶν
1484 551 1707 624 ἡμερῶν
1734 549 1864 606 τοῦ-

202 664 317 697 των
377 640 697 711 ἐπληθύνθη
756 638 808 694 ἐν
858 642 927 713 τῇ
988 643 1061 715 γῇ
1117 639 1185 694 τά
1241 638 1399 707 κατὰ,
1449 640 1642 717 ἂφ⁹ὤν
1673 637 1866 710 ἐξῆλθε

207 734 336 810 ῥίζα
369 730 704 807 ὁμαρτωλὸς
755 729 1052 805 ’Λντίοχος
1090 731 1119 783 ὁ
1170 731 1491 805 Ἐπιφανής,
1524 729 1640 786 υἱὸς
1674 729 1868 785 Σελεύ-

204 845 310 878 κου
361 827 461 877 τοῦ
519 819 931 894 Φιλοπάτορος,
992 820 1051 882 ὅς
1101 820 1361 895 ὑπάρχων
1397 817 1571 882 δεινὸς
1603 819 1738 895 ἀνὴρ
1776 819 1864 874 καὶ

204 910 570 982 πλεονέκτης,
637 911 728 965 καὶ
793 906 1011 970 πολλάς
1106 909 1347 983 ἁρπαγάς
1411 909 1502 963 καὶ
1569 907 1867 979 λεηλασίας

204 1004 479 1073 ποιήσας,
533 1002 835 1075 συνήγαγεν
882 999 1140 1075 ἀργύριον
1196 999 1282 1053 καὶ
1345 999 1571 1074 χρυσίον
1605 1001 1865 1068 ποθητὸν,

206 1090 301 1144 καὶ
334 1088 399 1143 έκ
432 1085 652 1157 πολλῆς
713 1084 1099 1162 οίστρηλασῖας
1135 1085 1224 1139 καὶ
1278 1083 1574 1146 ἀκολασίας
1634 1084 1710 1145 εἷς
1739 1083 1867 1146 τοὺς

211 1176 428 1251 μίμους
460 1176 640 1241 καθεὶς
689 1175 875 1231 ἑαυτὸν
934 1174 985 1228 ἐν
1043 1170 1160 1248 ὄψει
1220 1176 1435 1229 πάντων
1484 1171 1718 1235 ἀναιδῶς
1748 1179 1867 1235 ταῖς

205 1266 462 1344 γυναιξὶν
513 1264 852 1338 ἐπεμαίνετ’).
901 1266 1000 1325 "Oc
1048 1262 1184 1318 κατά
1227 1262 1520 1339 πρόσωπον
1564 1269 1663 1332 τῆς
1714 1263 1870 1337 βασι-

206 1356 373 1417 λείας
431 1353 745 1430 χωρούσης,
803 1347 1090 1422 ἠϐουλήθη
1147 1350 1270 1425 μίαν
1328 1352 1605 1424 βασιλείαν
1643 1358 1873 1420 ποιῆσαι

211 1448 318 1515 τήν
355 1467 419 1499 τε
474 1442 814 1519 Ἀντιόχειαν
873 1442 963 1497 καὶ
1021 1443 1121 1509 τὴν
1180 1439 1479 1516 Αἴγυπτον.
1536 1440 1633 1496 Καὶ
1674 1439 1869 1510 δήτὴν

212 1533 504 1607 Αἴγυπτον
533 1527 855 1588 καταλαϐὼν
915 1530 968 1586 ἐν
1027 1529 1188 1609 ὄχλῳ
1245 1530 1401 1606 βαρεῖ
1449 1530 1537 1584 καὶ
1587 1529 1639 1584 ἐν
1670 1524 1870 1603 ἅρμασι

210 1625 304 1678 καὶ
361 1621 591 1701 ἐλέφασι
636 1622 725 1676 καὶ
782 1619 962 1692 στόλῳ
1017 1619 1261 1696 μεγάλῳ,
1312 1620 1566 1674 συνάπτει
1623 1616 1871 1691 πόλεμον

1973 551 2220 625 impleta
2262 560 2354 610 est
2397 560 2554 610 terra
2602 556 3064 628 calamitatibus,
3099 562 3415 629 postquam
3460 557 3628 614 radix

1974 649 2356 713 peccatorum
2374 645 3036 716 AntiuchusEpiphanes
3050 646 3625 720 SeleuciPhiIOpato-

1977 729 2061 784 ris
2097 731 3242 803 ﬁliusprodiit.IsAntiochusacerhomo
3275 742 3333 791 et
3350 735 3621 807 cupidus,

1978 819 2182 874 multis
2211 821 2436 893 rapinis
2477 838 2544 876 ac
2594 821 3130 893 depraedationibus
3179 841 3341 892 usus,
3393 825 3622 897 argenti

1979 909 2226 979 aurique
2259 926 2501 983 magnas
2533 928 2675 983 opes
2706 911 2915 983 coegit,
2948 928 3015 967 ac
3058 913 3296 968 vesania
3339 913 3625 985 intempe-

1980 998 2294 1069 rantiaque
2326 1017 2393 1055 eo
2426 1000 2739 1072 prolapsus
2765 1006 2854 1055 est
2885 1006 2949 1055 ut
2980 1002 3135 1057 inter
3164 1003 3381 1057 mimos
3404 1004 3465 1057 in
3489 1020 3625 1059 con-

1978 1091 2182 1157 spectu
2212 1088 2479 1143 omnium
2510 1088 2890 1160 impudenter
2920 1106 3038 1143 sua:
3083 1089 3144 1143 in
3180 1090 3460 1145 mulieres
3500 1090 3628 1145 libi-

1981 1174 2107 1230 dini
2164 1177 2612 1247 obsequeretur.
2662 1178 2824 1233 Idem
2873 1195 3053 1249 regno
3109 1196 3390 1251 prospere
3447 1186 3624 1234 eunte

1982 1265 2188 1320 statuit
2233 1283 2337 1320 suo
2388 1282 2569 1339 regno
2621 1269 2929 1339 .Egyptum
2978 1267 3259 1340 adjicere.
3306 1268 3511 1339 Itaque
3564 1270 3625 1325 in

1980 1356 2289 1426 Egyptum
2309 1372 2443 1410 cum
2476 1373 2690 1428 magno
2719 1358 3001 1421 exercitu,
3027 1358 3317 1425 curribus,
3346 1359 3625 1430 elephan-

1984 1443 2056 1497 tis
2096 1461 2163 1498 ac
2190 1444 2378 1499 classe
2412 1462 2624 1516 magno
2675 1445 2997 1516 profectus,
3038 1446 3263 1501 bellum
3316 1448 3633 1503 Ptolemaeo

1982 1533 2148 1605 regni
2210 1535 2439 1606 Egypti
2494 1534 2715 1603 intulit,
2750 1553 2936 1605 eoque
2989 1536 3156 1607 pulso
3188 1537 3366 1592 urbes
3408 1540 3630 1610 :Egypti

1983 1638 2189 1676 omnes
2222 1623 2378 1693 cepit
2407 1640 2474 1678 ac
2502 1623 2877 1695 depraedatus
2910 1631 3016 1679 est.

205 1714 351 1787 πρὸς
412 1709 762 1785 Πτολεμαῖον
823 1708 1058 1786 βασιλέα
1117 1709 1418 1784 Αἰγύπτου·
1479 1709 1537 1764 ’ὀν
1596 1709 1685 1764 καὶ
1742 1707 1944 1783 τρέψας
2020 1708 2387 1783 κατεκράτησε
2472 1710 2566 1775 τὰς
2619 1711 2669 1765 έν
2727 1711 2993 1787 Αἴγύπτῳ
3048 1713 3262 1780 πόλεις,
3324 1716 3412 1769 καὶ
3470 1714 3641 1772 πάσας

205 1799 535 1859 ἐσκύλευε-ε.

282 1889 375 1962 [Ρ.
412 1888 535 1963 163]
570 1893 684 1956 Τῆς
733 1884 790 1941 δέ
843 1885 1000 1961 ἁγίας
1033 1886 1248 1948 πόλεως
1282 1885 1711 1958 κατοικουμένης
1746 1887 1881 1958 μετά

2058 1890 2136 1942 Eo
2180 1894 2442 1960 tempore
2477 1906 2609 1943 cum
2636 1906 2804 1944 sacra
2834 1889 2973 1944 urbs
3005 1890 3413 1962 Hierosolyma
3443 1893 3558 1946 alta
3583 1894 3641 1947 in

212 1979 402 2047 πάσης
453 1977 677 2052 εἰρήνης
730 1972 818 2029 διὰ
858 1978 956 2044 τὴν
1006 1979 1101 2029 τοῦ
1146 1976 1448 2050 ἀρχιερέως
1498 1974 1678 2032 Ὀνίου
1722 1994 1884 2048 μισο-

220 2064 500 2140 πονηρίαν
558 2086 617 2120 τε
671 2064 761 2120 καὶ
821 2060 1116 2133 εὐσέϐειαν,
1177 2059 1374 2134 συνέϐη
1433 2066 1550 2118 καθ’
1600 2063 1736 2135 ὅλην
1784 2064 1883 2132 τήν

217 2156 393 2212 πόλιν
426 2154 624 2235 σχεδὸν
654 2154 732 2232 ἐφ’
783 2154 1015 2229 ἡμέραις
1068 2156 1123 2227 μ’
1177 2154 1451 2231 φαίνεσθαι
1484 2152 1571 2208 διὰ
1600 2158 1697 2209 τοῦ
1729 2152 1884 2230 ἀέρος

219 2247 414 2307 ἱππεῖς
443 2244 741 2324 τρέχοντας
781 2243 1065 2313 ἐνόπλους,
1127 2240 1458 2322 διαχρύσους
1491 2241 1689 2305 στολάς
1730 2242 1884 2318 ἔχον-

219 2356 344 2405 τας,
404 2337 496 2390 καὶ
553 2329 871 2410 προσὸολάς
918 2333 1182 2409 ἑκατέρων
1236 2332 1529 2409 γινομένας
1577 2335 1663 2388 καὶ
1697 2330 1883 2386 ὅπλων

218 2427 467 2494 κινήσεις
525 2423 616 2478 καὶ
672 2421 918 2499 χρυσέων
984 2423 1205 2496 κόσμων
1263 2420 1563 2496 ἐκλάμψεις
1604 2421 1882 2483 παντοίοις

220 2512 421 2569 εἶῖεσιν
495 2513 809 2591 ἀμφίάσεων
891 2510 1414 2588 τεθωρακισμένους.
1513 2513 1604 2567 Διὸ
1690 2512 1884 2573 πάντες

214 2602 409 2673 ἠξίουν
471 2601 556 2656 ἐπ’
616 2603 798 2678 ἀγαθῷ
851 2599 1095 2676 γενέσθαι
1176 2603 1277 2671 τὴν
1336 2600 1669 2667 ἐπιφάνειαν.
1726 2602 1886 2662 ’Ἡτις

225 2692 317 2747 καὶ
353 2688 679 2767 προεδήλου
716 2692 814 2758 τήν
865 2691 1108 2765 πονηρὰν
1164 2686 1356 2767 ἔφοδον
1409 2692 1723 2768 Ἀντιόχου·
1758 2689 1884 2744 ἀναο

225 2781 413 2852 ζεύξας
472 2780 576 2855 γάρ
638 2779 774 2853 μετά
826 2781 981 2851 νίκης
1034 2778 1256 2848 πολλῆς
1310 2780 1398 2834 καὶ
1479 2779 1886 2856 τεθηριωμένος

218 2872 319 2940 τήν
378 2870 571 2949 ψυχήν
636 2864 914 2942 παρέλαϐε
970 2870 1069 2939 τὴν
1128 2866 1292 2923 πόλιν
1350 2866 1718 2944 δορυάλωτον,
1773 2869 1887 2924 εἶτα

222 2960 627 3034 προστάξαντος
685 2959 812 3021 τοὺς
872 2959 1204 3035 στρατιώτας
1242 2956 1476 3036 ἀφειδῶς
1508 2960 1724 3014 κόπτειν
1756 2958 1884 3021 τοὺς

233 3049 760 3126 παρατυγχάνοντας
817 3046 1146 3123 ἀνῃρέθησαν
1208 3046 1460 3123 χιλιάδες
1538 3050 1643 3123 ρπ’.
1708 3050 1887 3104 Κατα-

234 3137 521 3209 τολμήσας
552 3136 647 3193 οὗ)
691 3138 780 3192 καὶ
836 3136 910 3199 εἲς
957 3137 1020 3193 τό
1070 3137 1314 3213 ἁγίασμα
1354 3137 1609 3192 εἰσελθὼν
1645 3137 1696 3192 ἦν
1728 3138 1889 3212 οπερ-

1991 1994 2133 2047 pace
2167 1977 2528 2032 incoleretur
2557 1979 2717 2033 Oniaa
2745 1978 2961 2033 summi
2995 1978 3291 2049 pontiﬁcis
3323 1980 3539 2050 pietate
3572 1998 3639 2036 ac

1993 2064 2052 2119 in
2108 2066 2296 2120 malos
2330 2068 2658 2135 severitate,
2701 2084 2807 2138 per
2846 2069 2912 2121 40
2961 2068 3081 2122 fere
3131 2068 3256 2122 dies
3304 2085 3409 2139 per
3453 2074 3638 2123 totam

1991 2156 2198 2211 urbem
2248 2157 2307 2210 in
2348 2174 2484 2212 aere
2515 2158 2619 2212 visi
2653 2163 2793 2212 sunt
2823 2158 2958 2228 equi
3011 2159 3230 2213 auratis
3272 2159 3452 2213 armis
3502 2160 3640 2214 tecti

1993 2246 2268 2316 aciesque
2315 2246 2572 2301 adversa)
2604 2247 2760 2301 inter
2807 2263 2867 2301 se
2899 2247 3306 2319 coniligentes,
3361 2248 3639 2319 utrinque

1991 2342 2186 2391 motus
2217 2353 2539 2404 armorum,
2565 2338 2878 2408 omnisque
2907 2337 3143 2408 generis
3174 2354 3493 2394 aureorum
3518 2340 3646 2394 tho-

1991 2442 2194 2481 racum
2226 2430 2401 2496 atque
2432 2427 2780 2499 integumen
2804 2433 2999 2481 torum
3024 2427 3409 2499 fulgor.Quod
3441 2432 3648 2484 osten-

1997 2520 2119 2570 tum
2163 2516 2247 2570 uti
2276 2516 2428 2571 bene
2470 2522 2747 2586 verteret,
2802 2534 3010 2572 omnes
3061 2522 3454 2588 optaverunt;
3503 2518 3651 2573 illud

1992 2622 2127 2661 vero
2178 2605 2478 2661 infelicem
2510 2606 2783 2662 Antiochi
2814 2607 3129 2663 adventum
3176 2607 3330 2664 286
3382 2608 3648 2681 designa-

1994 2695 2113 2749 bat.
2146 2698 2468 2751 Revertens
2501 2696 2659 2750 enim
2682 2713 2751 2751 ex
2782 2698 3022 2769 Egypto
3047 2696 3394 2764 Antiochus,
3424 2699 3644 2769 insigni

1994 2783 2237 2838 victoria
2254 2784 2442 2840 elatus
2462 2785 2824 2855 eﬁ'eratoque
2846 2785 3044 2840 animo
3063 2785 3458 2857 Hierosolyma
3478 2787 3647 2842 ador-

1994 2878 2108 2943 tus,
2134 2874 2185 2927 vi
2210 2873 2596 2944 expugnavit;
2624 2874 3028 2944 militibusquc
3053 2874 3364 2944 imperavit
3392 2876 3645 2947 utjugu—

1996 2963 2188 3019 [arent
2218 2964 2277 3018 in
2313 2980 2705 3034 quoscunque
2733 2963 3103 3030 incidissent,
3136 2980 3329 3034 neque
3362 2964 3648 3036 cuiquam

1995 3056 2325 3122 parcerent.
2373 3053 2459 3106 Ita
2520 3053 2620 3105 180
2673 3050 2864 3105 millia
2891 3050 3231 3105 JudazOrum
3294 3052 3427 3105 caesi
3488 3059 3647 3107 sunt.

1995 3142 2276 3195 Caeterum
2299 3156 2367 3195 eo
2384 3139 2713 3194 temeritatis
2736 3156 3083 3212 progressus
3107 3148 3196 3195 est
3211 3141 3463 3197 Antioch
3480 3160 3570 3207 us,
3592 3148 3657 3197 ut

243 3227 445 3302 ηεξανὶᾳ
487 3226 698 3300 πολλῇ,
746 3228 836 3281 καὶ
887 3228 1087 3298 στήσας
1139 3227 1326 3301 βωμὸν
1375 3227 1461 3281 καὶ
1496 3223 1726 3281 εἷ’δωλον
1764 3222 1885 3302 βδέ-

1998 3229 2175 3284 etiam
2207 3230 2268 3283 in
2300 3229 2627 3285 sacrarium
2656 3227 3082 3299 superbissime
3108 3229 3437 3296 intraverit,
3460 3248 3655 3287 aram-

248 3314 436 3390 λυγμα
485 3314 826 3388 ἔρημώσεως,
881 3314 971 3370 καὶ
1019 3317 1111 3370 τὸν
1165 3316 1294 3370 ναὸν
1332 3315 1524 3388 μιάνας
1555 3312 1624 3368 δι’
1658 3315 1893 3389 ἀκαθάρ-

247 3410 361 3459 τῶν
403 3408 606 3473 θυσιῶν,
662 3405 812 3480 ἱερὸν
872 3405 995 3467 Διὸς
1051 3402 1365 3478 Ὀλυμπίου
1419 3404 1892 3481 προσαγορεύσας,

246 3494 336 3547 καί
390 3492 476 3571 ἄρ’
530 3493 745 3566 ὑψηλοῦ
799 3493 969 3549 τόπου
1001 3494 1248 3565 καθίσας,
1302 3492 1553 3549 ἐκέλευσε
1592 3500 1708 3556 τοῖς
1741 3491 1898 3569 δορυ-

239 3583 432 3660 φόροις
487 3579 578 3638 ἕνα
626 3580 851 3638 ἕκαστον
909 3578 1159 3658 Ἐ’ὅραῖον
1236 3584 1328 3640 καὶ
1398 3590 1570 3659 κρεῶν
1630 3584 1892 3659 χοιρείων

231 3671 322 3727 καὶ
354 3669 758 3736 εἰδωλοθύτων
807 3672 1166 3747 ἀπογεύεσθαι
1215 3673 1555 3749 ἀναγκάζειν,
1591 3672 1637 3727 εἰ
1668 3670 1726 3727 δέ
1751 3692 1893 3734 τινες

234 3764 309 3835 μή
344 3760 582 3827 θέλοιεν,
642 3761 868 3824 τούτους
922 3761 1281 3837 ἀναιρεῖσθαι.
1353 3760 1588 3817 Πολλῶν
1659 3759 1717 3816 δὲ
1774 3783 1892 3816 συν·

229 3852 644 3921 αρπασθέντων,
702 3851 752 3920 ἐξ
806 3852 878 3905 ὧν
933 3850 1197 3926 Ἐλεάζαρ
1250 3870 1334 3913 τις
1364 3855 1471 3906 τῶν
1503 3851 1893 3927 πρωτευόντων

227 3937 626 4016 γραμματέων,
656 3936 765 4010 ἤδη
816 3935 1179 4014 προϐεϐηκὼς
1224 3944 1323 4009 τήν
1374 3938 1615 4011 ἡλικίαν,
1655 3940 1897 4016 ἠναγκάο

230 4034 353 4098 ζετο
388 4035 830 4107 μιαροφαγῆσαι·
866 4029 893 4083 ὁ
927 4026 1003 4100 δὲ,
1052 4029 1143 4084 τὸν
1196 4031 1313 4103 μετ’
1367 4029 1617 4091 εὐκλείας
1668 4029 1896 4092 θάνατον

231 4117 455 4190 μᾶλλον
489 4118 525 4188 ἢ
558 4120 651 4173 τὸν
689 4120 822 4191 μετά
857 4119 1061 4192 μύσους
1097 4119 1217 4193 βίον
1268 4117 1684 4192 ἀναδεξάμενος,
1716 4119 1899 4182 αὐθαι-

229 4208 405 4281 ρέτως
454 4207 547 4263 ἐπὶ
594 4208 656 4262 τὸ
712 4206 988 4280 τύμπανον
1040 4209 1376 4285 προσήγετο,
1437 4208 1526 4262 καὶ
1586 4209 1731 4263 οὓτω
1765 4207 1899 4280 μετά

230 4296 471 4353 πολλῶν
498 4295 761 4371 πρότερον
816 4297 1083 4371 αἰκισμῶν
1131 4297 1220 4352 καὶ
1275 4297 1548 4372 μαστίγων
1583 4295 1896 4369 ὑπαλλάξας

229 4385 327 4440 τὸν
367 4384 487 4460 βίον
522 4386 585 4440 οὐ
618 4386 783 4460 μόνον
811 4392 929 4448 τοῖς
975 4384 1115 4448 νέοις
1158 4383 1302 4441 ἀλλά
1357 4384 1446 4439 καὶ
1475 4392 1592 4447 τοῖς
1621 4379 1898 4460 προϐεϐη-

226 4474 351 4527 κόσι
382 4476 476 4530 τὸν
531 4476 724 4530 ἑαυτοῦ
780 4474 999 4531 θάνατον
1039 4472 1343 4550 ὑπόδειγμα
1390 4475 1771 4550 γενναιότητος
1803 4471 1895 4530 καὶ

229 4564 430 4637 ἀρετῆς
462 4564 739 4620 κατέλιπε.
779 4566 914 4630 Μεθ’
956 4564 1013 4620 ὅν
1061 4565 1151 4620 καὶ
1199 4563 1366 4620 ἄλλοι
1395 4566 1539 4628 τινὲς
1572 4564 1707 4620 έπτά
1737 4560 1898 4619 ἀδελ-

2005 3335 2118 3389 que
2165 3319 2246 3373 ibi
2294 3324 2353 3373 et
2403 3319 2788 3374 simulacrum
2838 3319 3130 3386 statuerit,
3184 3318 3649 3377 abominandum

2002 3408 2290 3463 vastitatis
2305 3408 2536 3481 signum
2555 3426 2568 3476 ;
2588 3407 2997 3479 templumque
3011 3407 3262 3480 impuris
3276 3411 3648 3481 profanatum

2005 3497 2312 3553 sacrificiis
2336 3499 2524 3554 aedem
2553 3498 2707 3554 Jovis
2738 3497 2992 3569 Olympii
3029 3497 3517 3556 denominaverit.
3545 3502 3652 3556 Se-

2005 3586 2153 3642 dens
2200 3604 2377 3659 porro
2428 3588 2492 3643 in
2542 3586 2783 3643 sublimi
2854 3586 2983 3641 loco
3036 3588 3318 3643 satellites
3359 3589 3542 3659 jussit
3589 3594 3656 3644 ut

2006 3676 2282 3732 Hebraaos
2313 3677 2652 3750 singulatim
2685 3678 2757 3732 ad
2791 3693 3001 3732 carnes
3032 3677 3238 3732 suillas
3265 3694 3332 3732 ac
3363 3678 3655 3734 sacrificia

2006 3765 2460 3822 simulacrorum
2491 3765 2782 3839 gustauda
2830 3765 3154 3837 adigerent,
3195 3770 3655 3837 recusantesque
3714 3762 3719 3765 ’

2006 3854 2430 3911 interficerent.
2463 3857 2624 3910 Inter
2652 3854 2872 3910 multos
2904 3854 3005 3925 qui
3040 3859 3165 3909 tum
3201 3854 3329 3926 ejus
3360 3855 3443 3909 rei
3477 3873 3654 3912 causa

2007 3944 2714 4016 comprehendebanturJ
2717 3943 2800 3998 uit
2812 3942 2990 3998 etiam
3004 3942 3309 3999 Eleazarus
3325 3944 3653 4000 scribarum

2006 4033 2305 4105 princeps,
2339 4038 2611 4105 provecta
2650 4033 2777 4104 jam
2828 4036 3018 4087 aetate.
3060 4034 3115 4085 Is
3164 4050 3297 4087 cum
3347 4033 3421 4087 ad
3455 4033 3653 4089 cibum

2008 4122 2302 4179 nefarium
2316 4128 2643 4195 urgeretur,
2665 4126 2917 4176 mortem
2939 4121 3258 4193 gloriosam
3280 4121 3409 4176 vita:
3431 4122 3652 4193 ﬂagitio

2008 4211 2422 4278 contaminata)
2442 4209 2725 4281 praetulit,
2742 4225 2809 4264 ac
2833 4214 3040 4280 sponte
3059 4208 3235 4264 suain
3259 4226 3502 4264 nervum
3527 4227 3655 4264 sese

2006 4298 2219 4353 abduci
2253 4315 2460 4369 passus
2483 4302 2599 4362 est;
2623 4296 2722 4352 ubi
2754 4295 2958 4351 multis
2989 4296 3153 4366 prius
3180 4313 3247 4350 ac
3270 4295 3442 4351 {mdis
3462 4301 3652 4351 tortus

2008 4387 2387 4452 cruciatibus,
2416 4386 2592 4441 vitam
2626 4385 2795 4453 ﬁniit,
2820 4401 2939 4439 non
2958 4383 3435 4439 adolescentibus
3461 4385 3657 4455 modo,

2009 4477 2112 4531 sed
2133 4481 2192 4531 et
2221 4480 2362 4531 natu
2386 4474 2712 4548 majoribus
2733 4479 2987 4529 mortem
3013 4489 3179 4528 suam
3208 4474 3661 4545 magnanimita-

2008 4565 2087 4620 tis
2117 4581 2185 4619 ac
2214 4563 2583 4619 fortitudinis
2611 4562 2959 4633 relinquens
2984 4562 3345 4634 exemplum.
3365 4565 3503 4617 Post
3526 4580 3662 4619 eum

234 4652 328 4731 φοὶ
365 4654 501 4726 μετά
535 4653 749 4728 μητρὸς
779 4650 1057 4731 διαφόρως
1087 4653 1492 4728 βασανισθέντες
1523 4654 1613 4707 τὸν
1636 4657 1732 4708 τοῦ
1767 4672 1885 4726 μαρ-

2007 4653 2106 4709 alii
2137 4659 2363 4725 septem
2384 4653 2598 4708 fratres
2627 4670 2747 4708 una
2779 4669 2914 4708 cum
2946 4657 3135 4707 matre
3165 4652 3324 4708 varie
3355 4653 3664 4708 excarniﬁ-

232 4741 425 4815 τυρίου
450 4739 709 4822 στέφανον
742 4738 973 4814 ἐνδόξως
1008 4739 1358 4813 ἀνεδήσαντο.
1392 4742 1504 4820 Ὑφ’
1535 4743 1608 4797 ὧν
1643 4743 1669 4797 ὁ
1698 4741 1895 4818 τύραν-

234 4850 328 4892 νος
362 4831 774 4907 καταισχυνθεὶς
806 4831 899 4886 καὶ
935 4830 1148 4905 μᾶλλον
1171 4830 1446 4904 ἐκμανεὶς,
1474 4832 1543 4885 τὰ
1572 4831 1691 4905 ἱερά
1721 4828 1894 4885 πάντα

236 4922 403 4992 σκεύη
437 4916 642 4991 λαϐὼν,
677 4921 879 4997 χρυσόν
911 4941 971 4974 τε
1003 4920 1092 4976 καὶ
1123 4919 1357 4997 ἄργυρον
1391 4919 1632 4995 ἄπειρον,
1671 4919 1761 4975 καὶ
1791 4924 1892 4974 πᾶο

238 5033 335 5068 σαν
357 5013 459 5082 τὴν
510 5011 675 5067 πόλιν
705 5010 1178 5091 λαφυραγωγήσας
1221 5012 1311 5065 καὶ
1352 5010 1420 5065 τά
1472 5011 1645 5081 κτήνη
1678 5030 1896 5085 κρεουρ·

234 5107 410 5179 γήσας
429 5104 521 5158 καὶ
549 5102 768 5173 πολλὴν
793 5124 1052 5182 φονοκτον
1064 5102 1143 5158 ίαν
1166 5104 1403 5173 ποιήσας
1424 5102 1514 5157 καὶ
1544 5101 1895 5179 μεγαλοῤῥη-

240 5198 493 5270 μογήσας
520 5195 871 5271 ἀνεχώρησεν
900 5195 975 5257 εἷς
1004 5194 1372 5274 Ἀντιόχειαν.
1396 5193 1498 5249 Καὶ
1525 5196 1658 5268 μετά
1679 5191 1775 5248 δύο
1796 5188 1890 5265 ἔτη

232 5287 375 5341 κατὰ
430 5286 650 5360 Περσῶν
678 5284 1095 5359 ἐπιστρατεύσας
1152 5281 1465 5339 ἀπέστειλεν
1524 5285 1765 5358 ἄρχοντα
1794 5306 1895 5364 φο-

235 5372 548 5452 ρολογῆσαι
580 5374 681 5443 τήν
712 5372 878 5429 πόλιν
907 5374 1293 5448 Ἰερουσαλὴμ,
1345 5373 1404 5437 ὅς
1452 5372 1891 5449 παραγενόμενος

237 5466 377 5538 μετὰ
406 5462 626 5533 πολλῆς
677 5461 960 5536 δυνάμεως
1008 5463 1098 5518 καὶ
1152 5460 1404 5533 λαλήσας
1451 5462 1754 5536 εἰρηνικοὺς
1787 5462 1892 5519 λό-

234 5575 369 5630 γους
407 5553 542 5628 μετά
572 5551 745 5609 δόλου
777 5552 913 5628 πρὸς
958 5554 1059 5622 τήν
1116 5551 1484 5629 Ἰερουσαλὴμ
1512 5552 1604 5612 καὶ
1636 5551 1893 5618 εἰσελθὼν

234 5641 500 5714 ἐπάταξεν
532 5642 707 5711 αὐτὴν
740 5639 934 5717 πληγῇ
972 5641 1184 5718 μεγάλῃ
1211 5640 1300 5697 καὶ
1357 5638 1604 5705 καθελὼν
1636 5641 1700 5697 τὰ
1728 5641 1891 5717 τείχη

2007 4743 2120 4799 cati
2150 4743 2416 4815 martyrii
2450 4759 2729 4799 coronam
2761 4742 3018 4815 gloriose
3051 4741 3404 4797 retulerunt.
3448 4742 3534 4795 Ab
3566 4743 3659 4798 his

2006 4839 2291 4905 tyrannus
2307 4833 2693 4904 turpitudinis
2708 4833 3009 4889 convictus
3027 4833 3254 4904 majore
3269 4834 3466 4888 furore
3496 4850 3660 4889 exar-

2004 4926 2122 4994 sit;
2155 4927 2460 4996 sacrisque
2493 4925 2780 4981 omnibua
2826 4925 2980 4980 vasis
3021 4924 3283 4996 abreptis
3326 4923 3571 4993 aurique
3604 4928 3663 4978 et

2003 5015 2229 5089 argenti
2252 5015 2304 5069 vi
2337 5016 2654 5083 immensa,
2688 5018 2747 5069 et
2786 5013 2996 5069 urbem
3029 5018 3213 5068 totam
3245 5012 3661 5083 depopulatus,

2004 5105 2277 5161 mactatis
2299 5105 2478 5160 etiam
2500 5102 2828 5175 pecudibus
2854 5108 2911 5158 et
2934 5102 3093 5157 caade
3116 5101 3427 5157 hominum
3448 5115 3665 5173 magna

2003 5194 2181 5261 edita,
2183 5195 2205 5266 j
2215 5192 2974 5249 actabundusAntiochiam
2991 5191 3337 5246 rediit.Post
3355 5189 3663 5245 biennium

2004 5285 2145 5340 287
2173 5282 2610 5354 expeditionem
2635 5281 2697 5335 in
2717 5282 2927 5336 Persas
2951 5295 3169 5350 parans
3190 5277 3451 5350 legatum
3475 5279 3658 5346 misit,

2003 5374 2103 5443 qui
2136 5370 2563 5441 Hierosolymis
2614 5369 2901 5426 tributum
2952 5368 3234 5439 exigeret.
3268 5368 3324 5422 Is
3373 5385 3508 5423 cum
3540 5387 3660 5426 ma-

2002 5478 2146 5536 gnas
2177 5460 2519 5516 adduxisset
2549 5457 2768 5530 copias,
2788 5463 2917 5513 astu
2936 5462 3147 5529 pacata
3178 5456 3380 5512 omnia
3406 5457 3658 5530 loquens

2002 5554 2211 5610 urbem
2242 5551 2504 5623 intravit,
2527 5551 2708 5623 inque
2731 5567 2800 5606 ea
2829 5548 3152 5606 crudeliter
3175 5549 3333 5606 caade
3356 5558 3661 5623 grassatus

2003 5662 2205 5701 muros
2226 5644 2443 5717 dejecit
2456 5641 2789 5713 urbemque
2803 5639 3072 5697 incendit
3092 5656 3104 5707 ;
3123 5640 3660 5713 templumquoque
