4118 6284
468 367 586 430 327

1831 356 2148 422 GEORGII
2193 357 2533 419 CEDRENI

3722 377 3825 438 328

463 498 802 554 Aristobulo
837 495 1193 552 sacerdotes.
1248 497 1388 552 Erat
1416 501 1612 552 autem
1642 493 1886 567 quidam
1931 489 2107 547 Onias

2225 487 2512 561 παρουσίᾳ.
2549 487 2651 546 Καί
2714 491 2949 564 Ὑρκανῷ
3005 492 3100 565 μὲν
3140 491 3430 575 συνεμάχει
3487 499 3593 573 (21)
3636 501 3692 556 τὸ
3729 501 3824 575 δη-

464 588 712 645 nomine
745 587 900 641 inter
957 583 1317 652 sacerdotes,
1362 586 1498 658 pius
1527 602 1595 640 ac
1642 584 1862 656 justus,
1899 587 1954 638 et
2011 580 2112 650 qui

465 675 782 748 aliquando
805 673 1065 747 pluviam
1087 674 1362 746 precibus
1381 674 1687 730 elicuerat.
1715 675 1881 730 Hunc
1908 685 2117 742 coege-

463 772 604 821 runt
632 765 941 820 victoriam
981 770 1189 836 petere
1225 782 1260 820 a
1292 765 1432 820 Deo.
1469 765 1520 818 Is
1553 772 1690 835 ergo
1723 763 1808 818 sic
1839 767 1928 817 est
1985 775 2115 832 pre-

466 859 632 910 catus
655 870 668 910 :
695 877 724 904 «
751 855 998 910 Domine
1022 855 1198 923 Deus,
1233 871 1428 925 neque
1453 852 1672 926 populo
1691 857 1900 908 contra
1921 865 2118 905 sacer-

472 946 641 1001 dotes
669 961 862 1016 neque
917 945 1011 1000 his
1041 949 1248 1000 contra
1279 945 1564 1016 populum
1615 942 1900 998 auxilium
1942 940 2050 994 fer.
2087 959 2115 987 »

472 1037 617 1090 Eum
663 1035 862 1090 statim
914 1035 1185 1090 crudeles
1236 1035 1325 1088 illi
1375 1039 1552 1104 atque
1601 1033 1768 1103 impii
1821 1029 2116 1102 lapidibus

475 1123 822 1180 obruerunt.
873 1125 1148 1179 Insecuta
1195 1129 1283 1178 est
1331 1123 1530 1178 statim
1587 1122 1840 1177 vindicta
1896 1119 2114 1186 divina,

471 1214 750 1284 venitque
781 1215 1182 1269 Romanorum
1209 1213 1532 1284 imperator
1556 1213 1894 1284 Pompeius,
1928 1213 1987 1264 et
2015 1225 2116 1264 ur-

469 1302 604 1359 bem
655 1303 828 1374 cepit.
879 1304 1304 1375 Ingressusque
1352 1302 1414 1356 in
1465 1301 1791 1357 sacrarium
1835 1299 2116 1354 intimum

467 1391 690 1463 piatate
745 1391 955 1448 ductus
1007 1391 1160 1446 nihil
1219 1409 1400 1447 sacrae
1457 1389 1844 1462 supellectilis
1901 1387 2114 1460 attigit,

469 1481 736 1552 quamvis
799 1485 954 1537 esset
1010 1480 1307 1552 permulta
1358 1481 1460 1535 ibi.
1513 1481 1665 1546 Quin
1716 1485 1772 1536 et
1811 1474 2116 1549 repurgari

467 1570 673 1626 Ianum
704 1575 764 1625 et
793 1570 1088 1626 sacriﬁcia
1110 1571 1311 1644 peragi
1338 1567 1924 1641 jussit.Aristobulus
1940 1569 2116 1620 Pom-

464 1660 598 1730 peio
638 1659 792 1716 dono
825 1659 989 1715 misit
1017 1660 1193 1715 vitem
1226 1659 1601 1730 auream,260
1632 1657 1856 1713 talenta
1893 1670 2115 1726 appen-

467 1749 727 1804 dentem.

538 1926 896 1982 Ptolemaeus
926 1929 1238 2000 Evergetes
1270 1907 1568 1983 secundus
1600 1925 1865 2002 regnavit
1921 1939 2112 1978 annos

467 2017 667 2089 viginti
702 2017 1318 2084 novem.Ptolemzeus,
1343 2018 1442 2089 qui
1477 2035 1510 2072 a
1541 2017 1876 2072 tumiditate
1907 2028 2112 2084 corpo-

466 2105 550 2162 ris
579 2107 850 2178 Physcon
882 2112 972 2162 est
990 2107 1428 2176 nominatus,l7
1461 2106 1870 2161 s.Ptolem£eus
1901 2105 2114 2175 Alexas

467 2211 656 2251 annos
681 2195 1127 2252 lO.Ptolemceus
1151 2196 1316 2251 Soter
1338 2193 1920 2258 secundus,secundo
1939 2197 2111 2248 Ever-

469 2283 617 2356 getis
648 2283 800 2340 292
835 2283 1212 2352 ﬁlius,annos
1243 2283 1650 2354 29,Cleopatra
1679 2285 1731 2350 8,
1757 2281 2114 2338 Ptolemaeus

462 2371 670 2444 junior
696 2371 1013 2442 Dionysius
1063 2373 1152 2426 30.
1203 2372 1515 2444 Cleopatra
1564 2373 1738 2442 hujus
1787 2371 1910 2427 ﬁlia
1959 2371 2110 2443 patri

475 2461 1008 2534 successii,collega
1035 2462 1202 2534 regni
1229 2463 1410 2519 fratre
1441 2462 1782 2529 Ptolemaeo,
1807 2478 1984 2533 quem
2012 2461 2116 2516 illa

475 2549 684 2605 oborto
717 2550 960 2606 dissidio
993 2551 1241 2617 necavit,
1273 2567 1580 2622 annosque
1611 2555 1679 2605 22
1718 2568 1966 2624 regnum
2025 2556 2112 2605 te-

469 2640 620 2695 nuit.
645 2639 757 2695 Sed
789 2639 849 2694 in
886 2645 1216 2712 temporum
1254 2641 1670 2713 supputatione
1701 2645 1956 2712 quatuor
1987 2644 2110 2695 tan-

475 2732 598 2782 tum
632 2728 772 2782 anni
806 2729 972 2800 regni
1002 2727 1182 2802 hujus
1212 2729 1538 2802 Cleopatra)
1573 2729 1928 2786 numerandi
1953 2733 2110 2783 sunt.

538 2817 690 2873 Asia:
723 2834 902 2891 regno
949 2819 1178 2890 primus
1226 2819 1556 2892 Antigonus
1598 2819 1820 2891 potitus
1869 2819 2110 2890 Antigo-

475 2907 636 2962 niam
666 2907 876 2964 urbem
907 2907 982 2964 ad
1012 2909 1293 2964 Orontem
1324 2908 1568 2964 ﬂuvium
1612 2907 1896 2964 condidit.
1950 2909 2113 2962 Hanc

467 2995 748 3052 Seleucus
770 2997 1044 3053 Antiochi
1073 3003 1243 3070 pater
1263 2997 1469 3053 refecit
1490 3014 1557 3053 ac
1588 2997 1976 3054 Antiocheam
2005 3012 2113 3052 no-

469 3086 874 3142 minavit.Haac
904 3091 1004 3160 est.
1023 3088 1350 3144 Antiochea
1380 3105 1612 3162 magna.
1640 3089 1798 3144 Idem
1833 3087 2113 3142 Seleucus

471 3175 738 3230 condidit
767 3177 946 3231 etiam
975 3176 1348 3244 Laodiceam,
1379 3177 1727 3243 Seleuciam,
1763 3179 2107 3248 Apameam,

467 3263 1096 3332 Edessam,Berrasam,
1131 3265 1348 3321 Pellam
1381 3272 1439 3322 et
1470 3265 1832 3338 Babylonem
1862 3264 2106 3336 recepit,

470 3352 654 3424 inque
687 3353 852 3408 novis
883 3353 1132 3408 urbibus
1160 3355 1394 3410 Iudaeos
1424 3371 1558 3410 cum
1591 3355 1805 3411 Graecis
1844 3353 2112 3408 habitare

458 3441 668 3513 jussit.

538 3710 934 3766 Erasistratus
990 3710 1278 3777 medicus,
1336 3709 1688 3784 cognomine
1755 3711 2110 3782 Diaphanes,

467 3798 868 3870 deprehendit
911 3799 1272 3855 Antiochum
1330 3799 1558 3856 Seleuci
1617 3798 1808 3854 filium
1863 3801 2115 3873 graviter

484 3893 794 3960 aegrotare,
849 3889 1008 3960 quod
1059 3905 1370 3961 novercam
1431 3889 1748 3961 deperiret,
1832 3891 2112 3946 Demetrii

478 3975 684 4032 ﬁliam.
719 3979 790 4032 Et
819 3976 1095 4034 Seleucus
1127 3979 1234 4034 filii
1265 3978 1540 4036 morbum
1581 3980 1884 4054 aegerrime
1916 3980 2113 4036 ferens

469 4062 522 4118 ei
553 4079 800 4120 uxorem
833 4081 1001 4122 suam
1053 4067 1366 4123 concessit.
1414 4069 1468 4124 Is
1500 4067 1826 4124 Antiochus
1883 4068 2111 4124 Seleuci

469 4151 629 4209 ﬁlius
665 4171 738 4209 ex
769 4155 923 4228 patri
955 4155 1046 4212 sui
1077 4156 1329 4230 conjuge
1363 4157 1715 4226 Stratonica,
1746 4157 1869 4214 ﬁlia
1897 4159 2110 4214 Deme-

464 4242 587 4312 trii,
639 4243 830 4300 ﬁlium
877 4245 1084 4317 genuit
1130 4253 1522 4320 cognomento
1572 4249 1780 4316 Deum,
1834 4247 1934 4317 qui
1980 4251 2114 4318 post

463 4331 661 4404 ipsum
687 4334 864 4406 Syriae
894 4339 952 4390 et
981 4335 1133 4390 Asiae
1171 4352 1417 4408 regnum
1445 4352 1636 4392 annos
1665 4339 1728 4390 15
1766 4336 1975 4391 tenuit.

2226 579 2468 651 μοτικὸν,
2504 575 2914 655 Ἀριστοϐούλῳ
2953 579 3011 636 δὲ
3040 582 3092 636 ol
3119 584 3300 659 ἱερεῖς.
3332 589 3428 640 Ἦν
3459 584 3515 642 δέ
3551 610 3626 650 τις
3671 593 3825 658 Ὀνίας

2223 667 2449 742 ὀνόματι
2504 663 2728 740 εὐσεϐής
2793 670 2884 725 καὶ
2937 668 3170 742 δίκαιος,
3227 673 3314 728 καὶ
3373 673 3432 730 ἐκ
3486 681 3586 731 τῶν
3637 681 3822 756 ἱερέων,

2222 755 2278 818 ὅς
2332 758 2424 812 καὶ
2479 753 2780 835 ἀνομϐρίαν
2846 758 3006 816 ’ἐλυσέ
3099 783 3230 818 ποτε
3313 762 3609 837 εὐξάμενος
3661 753 3826 826 form"

2220 845 2520 923 ἠνάγκασεν
2543 843 2790 918 εὔξασθαι
2828 848 2952 924 περὶ
2981 851 3157 921 νίκης.
3193 851 3252 908 Ὀ
3307 848 3364 907 δὲ
3413 850 3602 924 ηύξατο
3648 857 3822 933 λέγων.

2221 957 2249 986 ι(
2309 935 2403 989 Θεὶ
2458 937 2620 1011 Κύριε
2672 937 2970 1010 Δεσπότης,
3015 940 3155 1012 μήτε
3213 945 3292 1012 τῷ
3346 937 3509 1016 δήμῳ
3560 945 3686 999 κατὰ
3732 952 3824 1002 τῶν

2221 1021 2405 1097 ἱερέων
2437 1045 2534 1080 σου
2577 1030 2717 1100 μήτε
2743 1031 2859 1090 τοῖς
2887 1027 3088 1104 ἱερεῦσι
3119 1031 3256 1084 κατὰ
3282 1034 3378 1084 τοῦ
3415 1028 3590 1104 δήμου
3643 1034 3829 1109 βοηθή-

2222 1132 2342 1187 σῃς.
2380 1139 2400 1164 ι
2435 1119 2635 1171 Τοῦτον
2673 1113 2732 1170 δὲ
2759 1115 2956 1178 εὐθέως
3007 1119 3060 1172 οἳ
3108 1115 3250 1172 ὠλοὶ
3289 1119 3380 1174 καὶ
3429 1116 3630 1184 ἀσεϐεῖς
3677 1122 3831 1179 ἐλίθα-

2221 1221 2336 1258 σαν.
2369 1203 2473 1258 Καὶ
2504 1207 2770 1280 παρευθὺς
2808 1197 2909 1276 τῆς
2964 1205 3109 1270 θείας
3167 1203 3326 1278 δίκης
3393 1209 3613 1272 τούτους
3668 1213 3832 1285 μετελ-

2220 1289 2419 1362 θούσης
2449 1289 2586 1361 ἦλθε
2621 1294 2738 1349 κατ’
2776 1294 2956 1349 αὐτῶν
3012 1297 3306 1368 Πομπήϊος
3349 1297 3626 1370 Ῥωμαίων
3663 1320 3830 1374 στρατ-

2221 1379 2352 1455 ηγὸς
2382 1381 2473 1436 καὶ
2501 1383 2603 1451 τὴν
2635 1381 2798 1438 πόλιν
2846 1383 3136 1460 ἐπόρθησε.
3206 1385 3306 1440 Καὶ
3355 1383 3608 1442 εἰσελθὼν
3660 1388 3730 1450 εἰς
3778 1389 3834 1444 τὰ

2217 1473 2378 1543 Ἅγια
2407 1473 2514 1524 τῶν
2560 1471 2750 1546 ἆγίων,
2805 1469 2877 1527 δι’
2936 1467 3209 1536 εὐσεϐείας
3263 1471 3484 1537 οὐδενὸς
3541 1479 3642 1530 τῶν
3695 1477 3832 1551 ἰερῶν

2221 1562 2423 1614 σκευῶν
2483 1558 2684 1634 ἥψατο,
2737 1561 2930 1636 καίπερ
2984 1559 3215 1617 πολλῶν
3299 1564 3602 1642 χρημάτων
3669 1587 3836 1637 οντων,

2218 1645 2482 1703 ἀλλὰκαὶ
2527 1649 2857 1724 ἀνακαθᾶραι
2914 1651 2977 1706 τὸ
3020 1651 3160 1725 ἱερὸν
3211 1653 3302 1706 καὶ
3359 1652 3454 1714 τὰς
3512 1652 3682 1716 θυσίας
3732 1653 3832 1710 ἐπι-

2217 1737 2396 1792 τελεῖν
2431 1737 2771 1814 προσέταξεν.
2807 1740 3060 1814 Ἐἰιεμψε
3113 1737 3170 1794 δὲ
3220 1735 3636 1815 Ἀριστόϐουλος
3687 1739 3836 1815 δῶρον

2146 1853 2196 1919 Β
2231 1827 2508 1919 Πομπηίῳ
2537 1827 2792 1919 ἄμπελον
2814 1836 3036 1919 χρυσῆν
3071 1827 3364 1919 διακοσίων
3397 1829 3682 1919 ταλάντων.

2299 1915 2644 1990 Πτολεμαῖος
2675 1917 2704 1973 6
2737 1915 2984 1990 δεύτερος
3015 1915 3336 1995 Εὐεργέτης,
3399 1913 3490 1988 ἔτη
3522 1921 3618 1977 κθ’.
3665 1922 3839 1978 Πτολε-

2228 2010 2390 2078 μαῖος
2431 2008 2458 2060 ὁ
2492 2006 2723 2062 Φύσκων
2759 2005 2832 2062 δι’
2891 2007 3054 2083 ὅγκον
3085 2013 3182 2064 τοῦ
3230 2011 3488 2083 σώματος
3529 2008 3838 2080 ἐπικληθεὶς,

2224 2088 2316 2165 ἔτη
2357 2097 2419 2165 ιζ’
2451 2102 2628 2168 μῆνας
2661 2098 2726 2160 ς’.
2759 2097 3102 2172 Πτολεμαῖος
3161 2097 3404 2172 Ἀλεξᾶς,
3465 2093 3558 2171 ἔτη
3621 2102 3666 2159 ι“.
3721 2106 3842 2156 Dro—

2225 2182 2458 2258 λεμαῖος
2497 2185 2524 2239 ὁ
2556 2182 2803 2260 δεύτερος
2836 2189 3056 2263 Σωτὴρ,
3089 2188 3118 2242 ὁ
3151 2189 3266 2251 υἱὸς
3296 2194 3396 2244 τοῦ
3428 2187 3670 2262 δευτέρου
3703 2189 3841 2264 Εύερ-

2225 2275 2406 2349 γέτου,
2439 2271 2530 2346 ἔτη
2563 2279 2659 2331 κθ’.
2698 2275 3034 2353 Κλεοπάτρα,
3069 2274 3160 2348 ἔτη
3195 2279 3266 2348 η’.
3302 2277 3646 2352 Πτολεμαῖος
3676 2280 3701 2334 6
3739 2279 3846 2344 νέος

2225 2364 2479 2426 Διόνυσος
2512 2360 2854 2421 ἐϐασίλευσεν
2918 2359 3011 2436 ἔτη
3076 2364 3144 2422 λ’.
3197 2364 3521 2441 Κλεοπάτρα
3548 2369 3582 2436 ἡ
3606 2371 3696 2423 τοῦ
3735 2367 3840 2422 νέου

2225 2453 2484 2508 Διονύσου
2531 2454 2780 2531 θυγάτηρ
2833 2451 3236 2526 τελευτήσαντα
3288 2453 3598 2532 διαδέχεται
3643 2456 3842 2532 πατέρα,

2221 2543 2309 2598 καὶ
2343 2539 2733 2616 συμϐασιλεύει
2765 2545 2905 2616 αὐτῇ
2939 2543 3292 2618 Πτολεμαῖος
3325 2546 3353 2599 6
3389 2542 3643 2622 ἀδελφόςο
3677 2551 3841 2600 τοῦτον

2225 2627 2563 2707 διενεχθέντα
2593 2632 2729 2707 πρὸς
2763 2633 2934 2704 αὐτήν
2974 2631 3239 2688 ἀνελοῦσα
3300 2633 3440 2706 μόνη
3497 2633 3714 2711 κατέσχε
3757 2635 3843 2702 τήν

2223 2720 2428 2796 ἀρχὴν,
2459 2720 2548 2776 καὶ
2583 2719 2862 2798 βασιλεύει
2893 2717 2988 2793 ἔτη
3021 2723 3128 2798 κβκ
3159 2725 3286 2780 ’Ὁτι
3318 2721 3370 2777 ὲν
3407 2727 3488 2794 τῷ
3517 2725 3726 2800 ἀριθμῷ
3751 2727 3844 2778 τῶν

2223 2811 2438 2887 χρόνων
2473 2808 2521 2866 δ’
2555 2810 2694 2884 μόνα
2749 2805 2842 2882 ἔτη
2899 2818 3001 2880 τῆς
3061 2810 3342 2886 βασιλείας
3406 2811 3574 2884 αὐτῆς
3628 2809 3704 2868 δεῖ
3747 2811 3847 2888 dpl-

2225 2911 2253 2965 θ
2261 2906 2379 2974 μεῖν
2386 2943 2401 2956 .

2295 2993 2412 3060 Τῆς
2437 2989 2623 3052 Ἀσίας
2653 2996 2872 3064 πρῶτος
2906 2991 3164 3066 βασιλεὺς
3225 2991 3542 3067 Ἀντίγονος
3588 2993 3839 3068 γενόμενος

2223 3080 2551 3156 ’Δντιγονίαν
2602 3074 2778 3136 ἔκτισε
2829 3082 2931 3150 τὴν
2983 3081 3122 3159 πρὸς
3179 3085 3260 3154 τῷ
3317 3083 3552 3156 Ὀρόντη
3621 3085 3842 3154 ποταμῷ.

2222 3169 2440 3240 Ταύτην
2529 3167 2796 3232 Σέλευκος
2883 3169 3163 3234 ἐπικτίσας
3225 3172 3252 3226 6
3311 3173 3608 3248 Ἀντιόχου
3690 3171 3844 3244 πατὴρ

2225 3259 2569 3334 Ἀντιόχειαν
2631 3259 2932 3332 ὠνόμασεν·
2967 3262 3002 3330 ἡ
3045 3257 3104 3315 δέ
3151 3259 3294 3317 ἐστιν
3325 3263 3359 3331 ἡ
3399 3259 3616 3338 μεγάλη
3663 3261 3847 3318 Ἀντιό-

2223 3367 2372 3423 χεια.
2441 3347 2672 3412 Οὗτοςὸ
2705 3346 2972 3411 Σέλευκος
3024 3347 3116 3403 καὶ
3171 3349 3498 3406 Λαοόίκειαν
3556 3345 3720 3406 ἔκτισε
3768 3364 3848 3418 καὶ

2225 3435 2564 3508 Σελεύκειαν,
2632 3437 2948 3510 Ἀπάμειαν,
3010 3435 3261 3509 Ἕδεσαν,
3319 3438 3604 3516 Βὲῥροιαν.
3659 3437 3848 3496 Πέλλαν

2221 3526 2312 3582 καὶ
2345 3522 2647 3584 Βαϐυλῶνα
2675 3529 3072 3602 παρεστήσατο.
3135 3527 3238 3584 Καὶ
3293 3525 3346 3582 ἐν
3407 3535 3528 3592 ταῖς
3585 3529 3722 3590 νέαις
3758 3528 3848 3583 πό-

2225 3615 2342 3672 λεσι
2369 3613 2669 3678 Ἰουδαίους
2699 3616 2996 3688 συνῴκισεν
3025 3615 3287 3688 “Ελλησι.

2292 3708 2415 3762 ’Ότι
2449 3705 2476 3759 ὁ
2525 3707 2802 3782 Διαφανής
2865 3704 3157 3780 λεγύμενος
3217 3705 3630 3782 Ἐρασίστρατος
3689 3705 3850 3779 ἰατρὸς

2225 3792 2416 3870 διέγνω
2447 3793 2732 3873 Ἀντίοχον
2763 3795 2854 3849 τὸν
2890 3792 3161 3850 Σελεύκου
3191 3791 3358 3850 παῖδα
3380 3793 3574 3860 δεινῶς
3615 3799 3854 3852 νοσοῦντα

2223 3881 2312 3939 διὰ
2338 3884 2430 3938 τὸν
2457 3883 2594 3958 πρὸς
2621 3884 2724 3953 τήν
2753 3888 2848 3938 τοῦ
2905 3883 3110 3958 πατρὸς
3164 3886 3411 3960 γαμετήν
3464 3880 3660 3960 ἔρωτα,
3702 3887 3850 3959 θυγα-

2219 3975 2349 4048 τέρα
2379 3971 2726 4048 Δημητρίου·
2762 3971 2880 4038 ὅθεν
2915 3971 3182 4036 Σέλευκος
3220 3978 3300 4047 τῷ
3351 3976 3512 4032 πάθει
3565 3972 3850 4053 περιαλγή.

2225 4085 2316 4126 σας
2373 4068 2698 4139 παραχωρεῖ
2760 4067 2840 4136 τῷ
2896 4061 3050 4119 παιδῖ
3109 4065 3385 4142 Ἀντιόχῳ
3461 4074 3559 4137 τῆς
3607 4071 3848 4144 γαμετῖς.

2222 4153 2393 4216 Οὗτος
2424 4151 2706 4227 Ἀντίοχος
2739 4152 2766 4206 6
2799 4151 3094 4228 λεγόμενος
3125 4155 3322 4228 Σωτὴρ
3354 4150 3512 4232 ἔσχεν
3543 4153 3602 4210 ἐκ
3628 4161 3723 4224 τῆς
3765 4163 3850 4217 θυ-

2221 4241 2420 4318 γατρὸς
2459 4239 2802 4314 Δημητρίου,
2861 4243 2948 4314 [Ρ.
3012 4246 3134 4316 I67]
3189 4250 3438 4317 γαμετῆς
3495 4242 3554 4299 δὲ
3601 4243 3850 4300 Σελεύκου

2219 4335 2315 4386 τοῦ
2347 4331 2551 4407 πατρὸς
2583 4331 2776 4400 αὐτοῦ,
2811 4330 3198 4406 Στρατονίκης,
3231 4329 3430 4407 ἄρσενα
3459 4334 3580 4388 υἱὸν
3610 4333 3698 4388 τὸν
3747 4330 3856 4386 ἐπι-

2222 4419 2490 4490 κληθέντα
2521 4419 2670 4489 Θεὸν,
2718 4420 2776 4481 ὅς
2833 4421 2924 4474 καὶ
2981 4415 3323 4476 ἐϐασίλευσεν
3380 4425 3501 4496 μετ’
3556 4423 3708 4479 αὐτὸν
3761 4423 3854 4477 Συ-

2221 4509 2338 4584 ρίας
2368 4509 2457 4563 καὶ
2488 4508 2674 4571 Ἀσίας
2705 4507 2798 4578 ἔτη
2838 4510 2916 4565 ιε’.

535 4602 704 4654 Anno
738 4600 948 4656 mundi
975 4603 1108 4655 5281
1145 4571 1491 4658 Nicomedes
1541 4603 1829 4676 Bithyniae
1861 4621 1966 4660 rex
2014 4605 2111 4660 Ni-

2225 4571 2230 4584 Ι
2293 4599 2382 4657 Ἐν
2413 4603 2494 4670 τῷ
2536 4605 2685 4653 εσπα’
2746 4571 2851 4654 ἔτει
2903 4602 3002 4654 τοῦ
3057 4601 3270 4674 κόσμου
3325 4599 3657 4676 Νικομήδης
3715 4603 3853 4676 βασι-

461 4688 795 4744 comediam
817 4689 1025 4745 urbem
1047 4690 1120 4746 de
1143 4708 1250 4747 suo
1272 4692 1514 4747 nomine
1528 4693 1946 4765 cendidit,quae
1969 4699 2106 4749 ante

460 4779 708 4834 Astacus
727 4778 841 4834 fuit
861 4779 1035 4834 dicta.
1059 4780 1384 4836 Antiochus
1414 4781 1749 4853 Epiphanes
1774 4800 1876 4838 rex
1899 4783 2100 4854 Syriae.

461 4865 886 4940 Hierosolymis
915 4869 1103 4940 captis
1135 4885 1202 4925 ac
1232 4869 1550 4942 populatis,
1585 4871 1872 4942 templum
1905 4871 2103 4943 profa-

459 4956 828 5028 navit,inque
861 4975 930 5013 eo
962 4957 1361 5014 abominabile
1391 4959 1550 5015 Jovis
1581 4959 1835 5032 Olympii
1868 4965 2106 5016 consta—

455 5047 570 5102 tuit
598 5047 1173 5120 simulacrum,quod
1203 5049 1431 5106 Danieli
1460 5049 1742 5107 vaticinia
1774 5050 2102 5108 desolatio-

459 5136 554 5192 nis
586 5153 690 5193 seu
721 5137 1017 5194 vastitatis
1047 5137 1449 5194 abominabile
1477 5140 1710 5212 signum
1741 5141 1978 5198 dicitur.

529 5227 739 5368 Annus
769 5226 1064 5284 aSeleuco
1100 5231 1200 5282 170
1231 5227 1417 5284 ιῐιιᾶωί
1441 5231 1846 5286 Romanorum
1865 5230 2108 5288 fuerunt

529 5313 538 5367 ἱ
583 5317 784 5368 utarii.

461 5313 784 5371 tributarii.

2218 4687 2344 4753 λεὺς
2391 4689 2630 4746 Βιθυνῶν
2686 4686 2773 4744 ἐπ’
2823 4689 3050 4764 ὀνόματί
3107 4691 3274 4746 αὐτοῦ
3337 4693 3438 4761 τήν
3499 4687 3852 4766 Νικομήδειαν

2213 4777 2408 4847 ἔκτισε,
2474 4779 2669 4852 πρώην
2722 4777 3066 4853 καλουμένην
3127 4781 3412 4838 ’Δστακόν.
3474 4783 3759 4856 Ἀντίοχος
3823 4778 3848 4831 ὁ

2215 4871 2516 4948 Ἐπιφανής
2543 4866 2802 4943 βασιλεὺς
2835 4871 3054 4946 Συρίας,
3085 4871 3184 4941 τήν
3235 4870 3601 4947 Ἰερουσαλήμ
3653 4871 3851 4947 πορθή-

2216 4979 2310 5021 σας
2339 4957 2428 5012 καὶ
2456 4957 2548 5012 τὸν
2589 4957 2713 5011 ναὸν
2743 4952 3089 5033 βεϐηλώσας,
3147 4959 3270 5022 Διὸς
3304 4958 3612 5033 Ὀλυμπίου
3665 4955 3852 5034 βδέλυ-

2215 5067 2332 5124 γμα
2361 5045 2413 5101 ἐν
2445 5047 2593 5119 αὐτῷ
2623 5044 2965 5118 ἀνεστήλωσε
2988 5047 3126 5104 κατᾶ
3162 5049 3262 5118 τήν
3319 5053 3417 5105 τοῦ
3473 5046 3676 5119 Δανιὴλ
3718 5065 3847 5122 προ·

2215 5159 2235 5218 :2
2255 5136 2462 5208 ητείαν,
2495 5133 2662 5212 ἤγουν
2691 5135 2756 5192 τὸ
2788 5133 3072 5216 βδέλυγμα
3101 5144 3201 5208 τῆς
3229 5137 3584 5212 ἐρημώσεως.

2284 5226 2406 5282 Ὃτι
2433 5225 2512 5300 ρο¹
2541 5221 2635 5294 ἔτη
2669 5222 3057 5304 ἐτελεσφὸρουν
3107 5227 3407 5300 Ῥωμαίοις
3454 5223 3710 5285 Ἰουδαῖοι
3751 5221 3850 5278 ἀπὸ

2219 5316 2512 5373 Σελεύκου.

1659 5443 2022 5503 XYLANDRI
2058 5447 2146 5503 ET
2181 5445 2398 5502 GOABI
2433 5444 2657 5500 ΝΟΤᾸΞ.

530 5563 645 5638 (21)
678 5565 861 5622 Nemo
894 5583 1015 5640 non
1046 5568 1206 5640 videt
1234 5570 1496 5640 pessime
1528 5569 1655 5625 haec
1695 5570 1850 5626 inter
1908 5589 1971 5628 se
2021 5588 2113 5628 co-

2219 5567 2540 5654 legendum
2571 5567 2866 5642 ablegare.
2903 5569 3042 5627 Vide
3071 5570 3290 5629 librum
3329 5571 3601 5643 Antiqua.
3649 5583 3740 5624 ιη
3783 5563 3854 5622 ab

461 5635 710 5692 haire're.
745 5641 858 5710 Ego
911 5637 1052 5694 satis
1095 5635 1286 5695 habeo
1334 5639 1618 5696 lectorem
1677 5640 1751 5696 ad
1795 5641 2117 5715 Josephum
2227 5635 2418 5698 initio.
2453 5640 2592 5696 Χη.
