4104 6276
266 379 380 438 329

273 595 415 656 λείας
473 592 847 669 Κλεοπάτρας
924 598 1029 652 ὑπὸ
1088 596 1370 670 Ῥωμαίων
1426 597 1745 675 ἀναρρηθεὶς
1806 599 1945 653 ὑπαο

277 706 387 755 τος,
419 684 495 746 εἰς
526 687 633 754 τὴν
668 685 976 756 Ἀνατολήν
1019 685 1111 740 σὺν
1164 685 1354 761 πολλῇ
1421 688 1660 742 ἀνελθὼν
1721 686 1944 760 δυνάμει

276 774 367 829 καὶ
398 772 655 836 πολλοὺς
686 780 798 830 τῶν
833 776 1025 830 αὐτόθι
1054 776 1481 850 τροπωσάμενος
1515 777 1606 831 καὶ
1640 777 1947 853 ὑποφόρους

279 869 650 939 καταστήσας,
713 865 889 929 ἰδίους
964 872 1069 922 τῶν
1139 867 1322 923 τόπων
1378 868 1697 937 καθίστησιν
1757 866 1946 939 ἐπιμε-

278 954 475 1025 λητὰς.
507 956 871 1031 Ἀντίπατρον
915 957 1013 1029 μὲν
1063 954 1152 1011 οὖν
1210 956 1301 1011 τὸν
1363 954 1770 1026 Ἀσκαλωνίτην
1828 960 1947 1009 Πα-

284 1042 578 1113 λαιστίνης
635 1044 934 1115 κατέστησε
1000 1042 1309 1115 διοικητήν.
1362 1045 1485 1106 Υἱὸς
1539 1041 1596 1098 δὲ
1650 1044 1716 1113 ἦν
1771 1044 1948 1100 Ἀντί-

277 1152 490 1205 πατρος
537 1130 790 1207 Ἡρώδου
848 1133 1019 1201 τινὸς,
1070 1137 1177 1186 τῶν
1232 1132 1286 1186 ἐν
1340 1133 1629 1205 νεωκόροις
1685 1132 1950 1205 ἀριθμου-

280 1220 469 1292 μένων
526 1222 619 1275 καὶ
648 1223 756 1276 τῶν
798 1221 987 1277 αὐτόοι
1017 1225 1117 1276 τοῦ
1173 1220 1531 1282 ’Λπόλλωνος
1589 1216 1946 1294 ἱεροδούλων.

273 1307 466 1366 Παῖδα
498 1307 560 1365 δὲ
598 1306 723 1365 ὄντα
752 1312 887 1365 ποτὲ
912 1312 1006 1364 τὸν
1058 1311 1410 1384 Ἀντιπατρον
1462 1307 1661 1383 λῃσταὶ
1716 1306 1948 1383 ἀναρπά-

272 1420 468 1460 σαντες
529 1398 835 1472 Ἰδουμαῖοι
919 1405 1179 1477 κατεῖχον
1216 1442 1230 1469 ,
1316 1398 1488 1472 λύτρα
1573 1399 1702 1473 ὑπὲρ
1786 1397 1949 1452 αὐτοῦ

265 1496 603 1560 κομιεῖσθαι
681 1487 1076 1567 ὑπειληφότες·
1170 1492 1267 1543 τοῦ
1361 1485 1420 1542 δὲ
1500 1488 1703 1563 πατρὸς
1782 1488 1948 1542 αὐτοῦ

1441 378 1976 440 HlSTURIARUM
2022 380 2563 446 COMPENDIUM.

336 504 583 529 )l-i’.\,_-
620 509 730 529 I'-,-'
822 528 825 529 ,
988 509 999 526 ἢ
1074 510 1089 527 \
1201 507 1214 529 Ι
1302 528 1307 529 ,
1481 503 1506 527 ν
1665 516 1693 528 ~

358 504 584 568 Ιούλιος
620 509 840 582 Καῖσαρ
871 509 1011 563 κατὰ
1036 510 1098 563 τὸ
1163 507 1415 581 τέταρτον
1480 504 1596 570 ἔτος
1626 516 1726 578 τῆς
1789 511 1946 584 βασι·
1979 513 2026 578 Α

3581 389 3704 450 330

2129 515 2316 570 Julius
2372 519 2565 572 Caesar
2631 523 2840 588 quarto
2923 534 3078 572 anno
3139 519 3302 591 regni
3377 520 3701 591 Cleopatras

2057 604 2261 657 consul
2295 610 2528 659 creatus
2560 622 2694 660 cum
2750 622 2966 677 magno
2995 606 3255 661 exercitu
3285 606 3349 660 in
3401 608 3704 662 Orientem

2058 694 2236 759 venit,
2295 696 2620 765 multisque
2678 695 2757 749 ibi
2816 696 2984 750 victis
3045 702 3102 750 et
3155 696 3559 767 stipendiariis
3617 697 3703 753 fa-

2057 782 2333 848 ctis,suos
2364 785 2799 855 provinciarum
2823 785 3131 839 constituit
3161 787 3704 857 procuratores.lta

2056 871 2431 944 Antipatrum
2462 873 2856 929 Ascalonitam
2888 875 3150 945 praefecit
3181 875 3530 930 Palaestinae.
3564 876 3695 930 Fuit

2058 959 2109 1013 is
2141 960 2296 1015 ﬁlius
2343 961 2653 1032 cujusdam
2705 963 2973 1031 Herodis,
3028 963 3185 1017 inter
3233 964 3481 1018 aedituos
3530 965 3694 1019 censi

2061 1053 2119 1101 et
2163 1065 2264 1103 eos
2318 1050 2417 1121 qui
2467 1051 2549 1104 ibi
2598 1052 2889 1122 Apollinis
2934 1051 3072 1106 fano
3122 1052 3471 1109 inserviunt.
3508 1055 3696 1123 Atque

2058 1136 2218 1191 hunc
2248 1155 2497 1208 puerum
2528 1140 2829 1209 quondam
2860 1140 3102 1195 Idumaai
3143 1141 3453 1211 praadones
3485 1157 3696 1212 rapue-

2060 1231 2213 1291 rant,
2249 1244 2350 1298 spe
2382 1245 2488 1299 pro
2520 1229 2707 1299 ipsius
2738 1229 3020 1284 missione
3070 1229 3364 1284 mercedis
3417 1229 3704 1300 accipien-

2061 1314 2149 1368 das
2185 1332 2197 1369 :
2232 1316 2334 1370 sed
2365 1317 2507 1386 quia
2534 1322 2703 1387 pater
2751 1322 2875 1372 erat
2904 1318 3349 1389 pauperrimus,
3398 1319 3708 1388 Antipater

2061 1403 2217 1473 apud
2249 1404 2408 1475 ipsos
2441 1421 2643 1461 servus
2685 1405 2994 1473 remansit,
3027 1406 3409 1478 ipsorumque
3442 1406 3706 1461 moribus

2064 1492 2371 1548 institutus
2405 1500 2512 1549 est.

270 1578 352 1639 εἰς
409 1575 653 1653 ἔσχατον
712 1579 900 1640 πενίας
961 1576 1323 1647 ἐληλακὸτος,
1383 1571 1562 1649 ἔμεινε
1617 1576 1762 1650 παρὰ
1819 1580 1940 1639 τοῖς
2001 1578 2294 1652 ἀρπάξασιν
2349 1579 2623 1636 δουλεύων
2680 1583 2769 1636 καὶ
2818 1587 2935 1644 τοῖς
3004 1583 3218 1637 ἐκείνων
3278 1581 3450 1639 ἔθεστι
3506 1584 3704 1661 τρεφό-

267 1687 465 1739 μενος.

345 1755 769 1829 Ἀναιρεθέντος
828 1753 886 1809 δὲ
942 1760 1039 1811 τοῦ
1083 1754 1445 1829 Ἀντιπάτρου
1502 1753 1793 1832 φαρμάκῳ,
1847 1756 1948 1826 βα-

2128 1760 2271 1814 Cum
2305 1760 2579 1817 Balichus
2611 1761 2854 1832 quidam
2896 1762 3131 1818 Judaeus
3177 1764 3555 1834 Antipatrum
3608 1781 3702 1817 ve-

269 1845 483 1915 σκανίᾳ
513 1851 616 1912 τῆς
646 1842 867 1913 πολλῆς
921 1840 1291 1916 εὐδαιμονίας,
1353 1843 1456 1897 ὑπὸ
1505 1842 1751 1918 Βαλίχου
1780 1843 1950 1905 τινὸς.

269 1931 584 2003 Ἰουδαίου,
620 1932 972 2011 διαδέχονται
1029 1934 1080 1987 οἱ
1132 1931 1322 1994 παῖδες
1379 1930 1545 1987 αὖτοῦ
1602 1934 1701 2001 τήν
1750 1931 1949 2007 ἀρχὴν,

261 2020 537 2096 Ἡρώδης
569 2023 662 2077 καὶ
709 2021 1007 2084 Φασάῖλος·
1058 2022 1147 2076 καὶ
1179 2022 1207 2076 ὁ
1243 2022 1337 2094 μὲν
1364 2024 1461 2091 τήν
1521 2019 1829 2094 Ἰδουμαίαν
1861 2022 1951 2076 καὶ

258 2115 367 2182 τήν
403 2110 818 2187 Ἱεροσολύμων
851 2111 1207 2185 ἐκληρώσατο
1237 2118 1365 2186 γῆν,
1412 2113 1508 2180 τὴν
1569 2109 1627 2167 δὲ
1684 2109 1949 2169 Ἰουδαίαν

264 2201 363 2256 καὶ
425 2201 735 2259 Γαλιλαίαν
768 2199 1097 2274 ὁἨρώδης.
1156 2199 1327 2263 Γνοὺς
1396 2199 1454 2257 δὲ
1511 2202 1585 2263 ὡς
1641 2203 1949 2276 Ὑρκανὸςὸ

262 2293 379 2366 πρὸ
445 2292 625 2346 αύτου
689 2288 944 2365 βασιλεὺς
989 2291 1080 2344 τὸν
1157 2295 1255 2344 τοῦ
1287 2284 1454 2346 Δαϐὶδ
1511 2291 1678 2369 τάφον
1736 2291 1949 2361 ἀνοίξας

267 2380 579 2455 τρισχίλια
608 2374 777 2435 ἔλαϐε
820 2378 1077 2448 τάλαντα,
1108 2378 1292 2450 ἤνοιξε
1320 2380 1412 2434 καὶ
1468 2379 1652 2450 αὐτὸς,
1682 2378 1771 2435 καὶ
1799 2381 1952 2458 χρῄ-

278 2490 430 2541 μπτα
467 2471 569 2541 μὲν
600 2469 712 2544 οὐχ
744 2469 889 2543 εὗρε,
932 2469 1141 2541 κόσμου
1191 2464 1249 2522 δὲ
1281 2469 1534 2543 χρύσειον
1564 2470 1653 2522 καὶ
1683 2468 1951 2543 κειμήλια

270 2558 470 2614 πολλὰ
516 2556 791 2613 ἀνείλετο.
844 2556 1196 2632 Πειραθὲντος
1229 2554 1287 2612 δὲ
1319 2557 1483 2612 αὐτοῦ
1536 2555 1800 2633 ἐνδοτέρω
1831 2577 1945 2633 χω-

272 2654 413 2723 ρεῖν,
450 2648 516 2702 οὗ
548 2648 619 2701 τὰ
650 2647 881 2719 σώματα
912 2640 1077 2701 Δοίϐἰδ
1108 2646 1198 2700 καὶ
1241 2644 1610 2719 Σολομῶντος
1668 2646 1947 2717 ἐτέθησαν,

280 2743 389 2812 πόρ
416 2735 648 2807 ἒξελθόν
681 2732 776 2790 δύο
806 2736 915 2790 τῶν
949 2732 1262 2813 δορυφόρων
1296 2736 1622 2814 κατέφθειρε.

350 3004 658 3077 Γενόμενος
693 2999 752 3057 δὲ
807 3002 881 3062 εἰς
909 3002 1008 3072 τὴν
1034 3003 1317 3077 Α’ἰγυπτον
1350 3001 1582 3064 Ἰούλιος
1635 3009 1736 3072 τῆς
1777 3002 1947 3058 Κλεοο

2060 1865 2217 1903 neno
2252 1850 2607 1919 sustulisset,
2659 1856 2883 1905 tantam
2915 1851 2969 1905 ei
3016 1850 3361 1906 felicitatem
3402 1851 3702 1920 invidens,

2060 1935 2168 1989 lilii
2198 1937 2490 2007 Antipatri
2522 1938 2911 1993 hereditatem
2942 1939 3106 2010 regni
3138 1939 3701 2005 adierunt,Herodes

2058 2030 2235 2095 atque
2268 2025 2650 2094 Phaselus,ea
2676 2026 2804 2098 lege
2827 2033 2893 2081 ut
2923 2027 3020 2082 hic
3051 2027 3372 2082 ldumaeam
3407 2033 3464 2082 et
3495 2029 3703 2082 Hiero-

2057 2112 2407 2183 solymicum
2466 2115 2779 2170 sortiretur
2834 2115 3219 2183 territorium,
3280 2115 3379 2169 ille
3436 2116 3701 2171 Judaeam

2057 2207 2116 2255 et
2171 2201 2489 2257 Galilaeam.
2564 2205 2634 2257 Et
2712 2203 2969 2257 Herodes
3027 2204 3260 2275 cognito
3337 2206 3694 2273 Hyrcanum,

2056 2289 2157 2359 qui
2208 2294 2344 2345 ante
2402 2292 2597 2362 ipsum
2657 2309 2835 2364 regno
2918 2292 3113 2348 fuerat
3162 2293 3424 2361 functus,
3494 2295 3691 2348 Davidi

2056 2380 2325 2451 sepulcro
2357 2386 2558 2452 aperto
2587 2381 2701 2436 tria
2732 2381 3091 2436 talentorum
3133 2381 3323 2438 millia
3351 2381 3691 2451 abstulisse,

2056 2468 2181 2539 ipse
2240 2486 2475 2540 quoque
2534 2470 2875 2541 sepulcrum
2929 2470 2990 2525 id
3043 2470 3319 2542 aperuit:
3385 2471 3541 2527 294
3590 2471 3698 2527 sed

2053 2557 2202 2611 nihil
2232 2559 2731 2629 pecuniae,verum
2760 2564 3114 2615 ornamenta
3141 2576 3323 2615 aurea
3356 2565 3413 2635 et
3437 2561 3703 2632 reposita

2057 2646 2306 2703 donaria
2335 2649 2523 2704 multa
2553 2650 2775 2720 reperit
2826 2655 3003 2720 atque
3042 2651 3385 2721 asportavit.
3438 2651 3703 2721 Cumque

2055 2742 2303 2792 conatus
2333 2742 2492 2793 esset
2547 2737 2798 2792 interius
2844 2744 3179 2808 penetrare,
3224 2738 3325 2793 ubi
3385 2740 3590 2795 Davidi
3650 2745 3709 2795 et

2056 2826 2388 2881 Solomonis
2430 2843 2679 2898 corpora
2729 2832 2899 2881 erant
2960 2828 3237 2897 reposita,
3300 2827 3454 2899 ignis
3511 2830 3708 2901 erupit

2059 2916 2327 2987 duosque
2355 2917 2677 2971 satellitum
2708 2916 3025 2971 interfecit.

2127 3005 2317 3060 Julius
2356 3022 2492 3060 cum
2521 3005 2583 3059 in
2614 3007 2924 3077 Egyptum
2955 3005 3233 3073 venisset,
3260 3006 3498 3062 insidiis
3528 3009 3707 3063 evita-

289 3095 493 3167 πάτρας
525 3090 784 3168 κρατύνει
813 3093 912 3160 τήν
973 3089 1171 3164 ἀρχὴν,
1228 3094 1339 3145 τῶν
1393 3090 1780 3163 ἐπιτιθεμένων
1829 3091 1949 3146 ἀνα-

386 3182 418 3191 .-
603 3174 1914 3191 ..ο.,,.....-.λ.μ

2069 3094 2138 3148 tis
2197 3111 2342 3164 quas
2400 3094 2513 3164 ipsi
2571 3094 2889 3149 adversarii
2934 3094 3334 3163 tetenderant,
3381 3096 3708 3166 Cleopatras

294 3182 501 3243 στείλας
560 3181 657 3242 τὰς
708 3174 1030 3240 ἐπιϐουλάς.
1062 3179 1168 3235 Καὶ
1221 3179 1290 3234 τὰ
1342 3178 1431 3234 ἐπὶ
1485 3187 1585 3248 τῆς
1647 3178 1950 3249 Ἀναιολῆς

312 3274 507 3326 ἃπαντα
565 3267 997 3341 διοικησάμενος
1064 3267 1363 3337 ἐπανῆλθεν
1445 3269 1521 3329 εἰς
1572 3269 1672 3338 τὴν
1731 3269 1952 3341 Ῥώμην

325 3362 690 3433 μοναρχήσας.

383 3452 555 3507 ’Ὀτιό
607 3449 852 3511 Ἰούλιος
914 3450 1021 3521 μὴν
1074 3446 1363 3510 Κυντίλιος
1422 3446 1658 3525 ἐλέγετο,
1714 3470 1953 3522 μετωνο-

312 3542 482 3612 μάσθη
518 3538 578 3595 δὲ
625 3540 774 3614 παρᾶ
818 3538 1109 3597 Ἀντωνίου
1168 3534 1259 3592 διὰ
1306 3538 1369 3592 τὸ
1425 3545 1752 3613 γεννηθῆναι
1811 3538 1956 3612 αὐτῷ

298 3632 453 3684 Γάϊον
485 3628 748 3686 Ἰούλιον.
778 3633 834 3681 Ὁ
865 3624 923 3682 δὲ
973 3625 1248 3697 Σεξτίλιος
1308 3627 1413 3681 ἀπὸ
1472 3627 1792 3703 Αὐγούστου
1840 3626 1954 3685 Αύ-

297 3740 556 3794 γουστος,
590 3717 619 3772 ὅ
650 3716 764 3773 ἐστι
805 3711 1082 3778 σεϐαστός.

365 3812 496 3866 Ὅτι
528 3808 769 3882 κάρμινα
815 3806 964 3881 παρᾶ
1012 3807 1308 3879 Ῥωμαίοις
1357 3804 1573 3881 λέγεται
1601 3807 1668 3862 τὰ
1724 3802 1826 3878 ἔπη
1866 3808 1956 3863 καὶ

290 3899 601 3975 καρμεντία
629 3901 666 3968 ἡ
702 3898 943 3971 μαντεία.

368 3992 459 4063 [Ρ.
526 3991 650 4059 168]
705 3989 828 4044 ’Ὀτι
878 3988 976 4055 τὴν
1032 3986 1256 4062 πρώτην
1300 3990 1396 4042 τοῦ
1460 3988 1631 4060 μηνὸς
1687 3989 1955 4060 Ῥωμαῖοι

291 4074 582 4139 καλάνδας
637 4074 888 4131 καλοῦσι·
965 4075 1150 4136 νόννας
1234 4072 1291 4129 δὲ
1349 4076 1438 4130 καὶ
1500 4072 1676 4139 εἶδοῦς
1732 4076 1819 4132 ἐπὶ
1862 4079 1959 4150 μὲν

287 4165 642 4240 Ἰανουαρίου
726 4164 816 4218 καὶ
894 4158 1269 4239 Φεϐρουαρίου
1349 4162 1679 4236 Ἀπριλλίου
1746 4186 1804 4220 τε
1867 4166 1956 4220 καὶ

293 4255 534 4312 Ἰουνίου
566 4254 656 4308 καὶ
696 4252 1009 4329 Αὐγούστου
1063 4252 1154 4307 καὶ
1204 4248 1578 4325 Σεπτεμϐρίου
1631 4253 1720 4308 καὶ
1750 4256 1955 4311 Ὀκτω-

291 4340 461 4417 ϐρίου
504 4343 595 4397 καὶ
655 4337 969 4415 Νοεμϐρίου
1027 4341 1121 4405 τὰς
1177 4342 1272 4414 μὲν
1312 4341 1499 4403 νόννας
1532 4340 1753 4418 λέγουσι
1795 4344 1832 4398 ε’
1860 4348 1957 4399 τοῦ

298 4434 500 4507 μηνὸς,
532 4430 626 4491 τίς
654 4428 713 4485 δὲ
768 4427 946 4491 εἰδοῦς
982 4430 1043 4505 ιγ’
1096 4433 1193 4485 τοῦ
1246 4430 1435 4502 μηνὸς,
1466 4427 1554 4483 ἐπὶ
1604 4428 1661 4485 δὲ
1715 4431 1956 4506 Μαρτίου

291 4523 388 4576 καί
421 4521 600 4577 Μαὶου
648 4520 739 4574 καί
796 4517 1030 4575 Ἰουλίου
1076 4519 1164 4573 καὶ
1225 4513 1557 4593 Δεκεμϐρίου
1586 4520 1683 4584 τὰς
1715 4520 1807 4593 μὲν
1838 4520 1957 4574 νόν-

294 4634 393 4674 νας
421 4613 523 4680 τήν
556 4612 711 4679 ζ’τοῦ
745 4608 918 4680 μηνὸς
951 4609 1084 4682 (32),
1117 4607 1211 4669 τὰς
1274 4605 1330 4661 δὲ
1390 4605 1566 4671 εἷδοῦς
1624 4612 1724 4679 τὴν
1768 4611 1822 4665 ιε’
1858 4614 1956 4665 τοῦ

294 4700 497 4772 μηνός.
558 4694 843 4757 Καλάνδας
916 4695 1092 4751 τοίνυν
1150 4695 1479 4770 Ἰανουαρίου
1539 4697 1800 4773 εὑρίσκων
1854 4700 1952 4767 τήν

284 4796 335 4843 α’
368 4787 710 4862 Ἰανουαρίου
740 4783 1008 4859 νομίσείς.
1040 4785 1158 4840 Ἔτι
1190 4782 1249 4838 δὲ
1309 4785 1416 4859 πρὸ
1468 4791 1634 4862 τριῶν
1675 4790 1776 4857 τὴν
1834 4788 1951 4862 τρίο

280 4898 390 4947 την
416 4874 508 4931 καί
538 4875 645 4949 πρὸ
677 4880 804 4947 μιᾶς
830 4876 1030 4928 νοννῶν
1085 4871 1431 4948 Ἰανουαρίων
1487 4876 1587 4945 τήν
1648 4873 1715 4945 δ’,
1747 4873 1837 4930 διὰ
1877 4877 1954 4931 τὸ¹

282 4966 389 5035 τήν
425 4965 488 5031 ε’,
535 4962 609 5023 ὡς
674 4955 906 5040 ἔφημεν,
935 4958 1120 5013 νόνναν
1178 4957 1478 5016 καλεῖσθαι.
1513 4961 1664 5017 Μετᾶ
1694 4959 1752 5017 δὲ
1789 4963 1886 5030 τήν
1917 4966 1955 5017 ε’

292 5052 477 5114 εἴποις
507 5050 570 5105 ἃν
625 5051 733 5125 πρὸ
798 5050 849 5120 η’
902 5044 1059 5102 εἰδῶν
1118 5046 1492 5121 Ἰανουαρίων,
1559 5046 1733 5124 ἤγουν
1793 5054 1861 5125 τῇ
1918 5072 1949 5116 ς

281 5140 514 5209 τούτου,
546 5138 639 5193 καὶ
681 5138 790 5215 πρὸ
812 5135 945 5192 ἐπτᾶ
972 5132 1136 5188 πάλιν
1165 5136 1236 5207 τῇ
1270 5135 1331 5203 ζ“,
1391 5138 1483 5191 καὶ
1541 5138 1662 5209 ἑξῆς
1720 5138 1953 5213 ὁμοίως,

2066 3199 2315 3254 regnum
2344 3183 2407 3236 in
2439 3199 2607 3238 suam
2634 3182 2862 3255 redegit
2888 3184 3568 3256 potestatem,rebusque
3600 3202 3707 3257 per

2066 3272 2365 3327 Orientem
2397 3270 2732 3325 constitutis
2764 3272 3012 3326 Romam
3042 3270 3239 3342 rediit,
3255 3271 3415 3327 solus
3447 3274 3552 3328 toti
3587 3273 3708 3327 rei-

2066 3360 2319 3433 publicaa
2352 3359 2773 3430 imperaturus.

2136 3449 2324 3505 Julius
2376 3447 2600 3503 mensis
2659 3452 2796 3503 ante
2853 3447 3130 3513 Quintilis
3181 3448 3507 3505 dicebatur.
3565 3450 3705 3505 Julii

2067 3555 2284 3594 nomen
2316 3537 2367 3592 ei
2401 3536 2472 3592 ab
2500 3537 2756 3591 Antonio
2782 3536 3125 3607 impositum
3154 3542 3244 3592 est
3265 3537 3396 3593 ideo
3421 3538 3577 3609 quod
3597 3540 3709 3595 isto

2068 3645 2273 3684 mense
2304 3627 2362 3680 C.
2395 3625 2583 3681 Julius
2614 3631 2788 3681 natus
2816 3626 3028 3681 fuerat.
3065 3627 3302 3682 Sextilis
3327 3627 3401 3683 ab
3446 3631 3708 3700 Augusto

2069 3723 2367 3790 Augustus
2397 3721 2486 3771 est
2514 3716 2952 3772 denominatus.

2140 3809 2469 3862 Carmentae
2496 3805 2751 3860 fatidica:
2780 3805 3015 3860 mulieri
3047 3822 3265 3861 nomen
3287 3807 3497 3879 obtigit
3525 3809 3715 3864 avati-

2071 3898 2268 3964 ciniis,
2300 3914 2430 3967 quas
2463 3896 2728 3951 carmina
2758 3895 3038 3951 Romanis
3072 3895 3372 3952 dicuntur.

2138 3987 2400 4041 Primam
2431 3985 2656 4040 mensis
2687 3985 2844 4039 diem
2877 3985 3129 4040 Romani
3160 3986 3452 4042 Kalendas
3508 3988 3713 4059 appel-

2068 4076 2415 4142 lant,Nonas
2437 4073 2707 4143 quintam
2725 4073 2951 4127 mensis
2973 4074 3151 4141 diem,
3179 4080 3235 4128 et
3259 4075 3395 4130 Idus
3417 4075 3709 4132 decimam

2068 4163 2324 4219 tertiam.
2360 4160 2482 4216 Nisi
2513 4161 2669 4231 quod
2698 4160 3246 4231 Martii,Maii,Julii,
3283 4169 3343 4217 et
3370 4165 3710 4219 Decembris

2071 4257 2263 4309 Nonas
2308 4251 2581 4322 septima,
2623 4250 2759 4305 Idus
2807 4250 3038 4305 decima
3086 4252 3296 4320 quinta
3340 4253 3434 4307 die
3487 4256 3711 4309 consti—

2070 4347 2264 4398 tuunt.
2300 4342 2503 4410 Itaque
2533 4338 2632 4393 ubi
2666 4338 2960 4393 Kalendas
2989 4341 3296 4395 Januarias
3348 4340 3527 4413 leges,
3588 4342 3711 4413 pri-

2074 4448 2230 4487 mam
2261 4428 2524 4485 Januarii
2564 4428 2721 4483 diem
2747 4428 3036 4499 intellige.
3069 4429 3263 4484 Tertia
3293 4435 3533 4486 vocatur
3562 4447 3613 4486 a.
3650 4430 3707 4487 d.

2064 4521 2328 4587 tertium,
2361 4523 2419 4573 et
2450 4524 2661 4588 quarta
2690 4517 2883 4588 pridie
2913 4519 3108 4573 Nonas
3133 4519 3419 4589 Januarii,
3455 4521 3615 4591 quia,
3649 4526 3716 4575 ut

2065 4609 2207 4677 dixi,
2242 4608 2451 4679 quinta
2483 4612 2573 4662 est
2602 4606 2781 4661 Nonis
2811 4608 3344 4664 Januarii.Sextam
3375 4609 3707 4681 appellabis

2062 4715 2116 4754 a.
2175 4697 2231 4753 d.
2265 4698 2297 4750 8
2352 4695 2487 4751 Idus
2533 4695 2820 4751 Januarii.
2878 4696 3026 4753 295
3068 4698 3393 4768 Septimam
3441 4714 3492 4753 a.
3540 4698 3600 4753 d.
3659 4702 3713 4754 7.

2063 4789 2339 4843 Octavam
2371 4802 2422 4841 a.
2479 4784 2537 4840 d.
2570 4787 2623 4850 6,
2658 4788 2717 4838 et
2772 4788 3005 4840 caatera.
3042 4785 3191 4850 Quia
3249 4787 3481 4842 decima
3538 4787 3712 4843 tertia

2065 4875 2192 4931 dies
2248 4874 2387 4929 Idus
2441 4876 2702 4927 vocatur.
2778 4873 3078 4928 Decimam
3138 4880 3412 4944 quartam
3488 4875 3714 4932 scribes

2066 4980 2118 5019 a.
2151 4964 2207 5019 d.
2243 4966 2309 5017 19
2339 4959 2632 5016 Kalendas
2683 4959 3053 5016 Februarias.
3094 4963 3396 5018 Decimam
3444 4962 3715 5031 quintam

2067 5068 2118 5107 a.
2146 5051 2206 5107 d.
2238 5055 2301 5105 17
2334 5048 2628 5104 Kalendas
2657 5048 3009 5104 Februarias
3036 5066 3048 5104 :
3088 5050 3286 5121 itaque
3315 5049 3713 5122 progredieris

2067 5157 2258 5211 usque
2291 5138 2365 5195 ad
2404 5138 2663 5209 primam
2694 5135 2997 5191 Februarii
3029 5138 3342 5208 diem,quaa
3374 5138 3718 5193 nominatur

1476 5265 1836 5319 XYLANDRI
1896 5266 1982 5319 ET
2048 5264 2260 5319 GOARI
2318 5261 2539 5315 NOTAE.

366 5381 482 5452 (22)
505 5382 721 5435 Notum
754 5385 845 5435 est
869 5383 1044 5439 hodie
1074 5400 1194 5439 non
1223 5381 1556 5446 Decembri,
1580 5380 1683 5437 sed
1715 5379 1950 5435 Octobri

286 5470 395 5526 sex
418 5453 617 5526 Nonas
632 5452 808 5526 tribui
834 5468 848 5526 ξ
874 5470 1011 5526 quas
1042 5455 1244 5526 opinio
1275 5454 1429 5509 infra
1476 5453 1655 5526 etiam
1695 5453 1952 5524 perscri-

288 5524 473 5578 bitur.
501 5526 566 5577 A.
600 5525 662 5597 Ι).
700 5523 1041 5597 signiﬁcant
1070 5523 1206 5581 ante
1252 5525 1408 5580 diem
1444 5523 1554 5597 Πρὸ
1598 5523 1790 5597 τριῶν,
1817 5542 1954 5597 προ-

294 5597 424 5666 μιᾶς
458 5600 573 5649 etc.
623 5595 816 5649 Etiam
858 5595 1044 5652 Graeci
1085 5598 1196 5653 hoc
1228 5597 1444 5652 imitati
1492 5596 1701 5651 dicunt
1729 5595 1800 5650 de
1840 5595 1955 5666 quo

575 5710 847 5773 ΡΑτιιοι..
898 5713 1007 5773 Gn.
1053 5714 1258 5774 CXXI.

2065 5374 2635 5447 alibi.Etymologias
2672 5391 2909 5447 quoque
2937 5378 3124 5432 nostri
3157 5380 3416 5434 auctoris
3437 5379 3498 5434 in
3527 5382 3727 5438 media

2064 5449 2281 5525 reliqui
2309 5444 2322 5514 ξ
2357 5444 2589 5525 ουδείῇ
2635 5444 2951 5525 voluissem
2989 5449 3275 5525 persequi
3308 5467 3424 5522 qua
3455 5468 3732 5525 compro-

2066 5466 2173 5505 ren
2221 5466 2322 5514 111;
2357 5466 2507 5517 quas
2537 5466 2585 5499 51
2635 5466 2951 5501 vomissem
2989 5466 3161 5518 perse
3176 5467 3275 5520 qui
3308 5467 3424 5522 qua
3455 5468 3726 5525 compro-

2066 5466 2261 5597 bancdo
2283 5534 2402 5588 qua
2421 5515 3080 5597 refellendomrolixior
3112 5527 3174 5577 ut
3200 5524 3726 5596 essemoportebat,

2068 5598 2127 5647 et
2155 5587 2480 5661 aliquando
2532 5587 2807 5659 (Edipusi
2837 5590 2973 5645 XYL.

3472 5714 3538 5772 11
