4104 6276
426 381 545 440 335

499 511 774 568 Plinthon
822 509 1006 565 Graeci
1062 513 1274 564 vocant
1311 507 1560 564 laterem
1618 512 1873 562 coctum.
1935 505 2075 558 Erat
2102 502 2152 567 Α

429 606 624 657 autem
655 600 923 673 plinthus
969 599 1242 670 quaedam
1274 597 1530 670 publica,
1575 597 1636 652 in
1687 611 1805 667 qua
1833 597 2070 649 senato-

427 708 560 745 rum
592 705 658 744 ac
690 689 990 761 legionum
1023 688 1267 742 nomina
1287 685 1769 742 inscribebantur
1785 681 2074 753 quadrata

429 782 633 854 ﬁgura.
692 781 757 835 In
798 796 968 836 muro
1025 779 1294 850 plinthus
1324 781 1470 834 erat.
1531 775 1781 843 Quidam
1831 773 2071 828 titulum

425 870 750 942 appellant,
779 886 914 925 cum
947 867 1154 923 titulus
1183 883 1306 922 non
1337 867 1415 922 sit
1435 863 2070 938 quadrangulaﬁgura,

428 959 532 1016 sed
561 957 918 1033 dignitatum
946 957 1340 1030 praiscriptio.

497 1233 544 1286 Α
576 1228 858 1286 Romanis
889 1244 1155 1283 crassum
1190 1233 1247 1282 et
1275 1227 1462 1282 latum
1486 1227 1714 1299 lignum
1746 1223 1960 1279 matrix
1989 1221 2073 1276 di-

427 1321 601 1374 citur.
633 1318 876 1388 Antiqui
910 1318 1070 1372 enim
1101 1317 1162 1371 in
1193 1316 1376 1388 ligno,
1407 1315 1728 1372 corticibus
1757 1331 1824 1369 ac
1855 1329 1885 1368 e
1916 1313 2070 1366 libro

429 1409 571 1463 tiliaa
621 1407 906 1463 confectis
965 1405 1182 1462 tabulis
1235 1406 1594 1461 scribebant.
1645 1407 1745 1460 Est
1783 1408 1841 1458 et
1873 1401 2074 1458 tabula

429 1499 686 1566 tiliacea,
735 1497 799 1552 in
851 1514 1030 1568 quam
1073 1496 1248 1552 verba
1277 1495 1569 1552 libertatis
1621 1494 1898 1551 solebant
1947 1493 2072 1548 ins-

428 1589 619 1645 cribi:
666 1590 862 1644 Graece
927 1587 1054 1642 tilia
1101 1591 1191 1642 est
1239 1585 1492 1658 philyra.
1553 1585 1726 1640 Liber
1781 1589 1840 1639 et
1889 1581 2074 1637 codex

426 1677 587 1733 idem
618 1676 948 1732 habentur:
981 1675 1216 1747 proprie
1247 1680 1441 1730 autem
1467 1675 1650 1730 codex
1683 1678 1956 1728 truncum
1989 1670 2072 1726 si-

429 1767 688 1839 gniﬁcat,
723 1765 876 1821 liber
904 1765 1206 1820 corticem.
1238 1763 1455 1819 Eadem
1485 1761 1796 1818 matricula
1837 1777 2069 1816 nuncu-

430 1861 643 1928 patur;
673 1861 732 1911 et
760 1855 1106 1926 matricarii,
1136 1853 1238 1925 qui
1267 1853 1429 1927 ligna
1457 1854 1802 1910 conficiunt.

499 2107 828 2176 Geryonem
843 2103 1228 2174 tricorporem
1241 2102 1557 2174 perhibent
1567 2101 1900 2167 fuisse,non
1915 2097 2074 2172 quod

429 2196 619 2252 tribus
647 2196 828 2250 fuerit
855 2195 1008 2251 299
1056 2193 1340 2265 praeditus
1387 2193 1757 2264 corporibus,
1791 2191 1894 2247 sed
1935 2191 2076 2262 quia

430 2291 550 2340 tres
581 2286 643 2340 in
673 2287 905 2342 Oceano
934 2284 1146 2339 insulaa
1177 2283 1479 2355 suppetias
1504 2283 1618 2354 ipsi
1642 2281 1929 2337 ferebant.

501 2374 654 2447 Bigaa
684 2374 969 2430 Romanis
1011 2373 1394 2445 appellantur
1418 2388 1628 2427 currus
1676 2371 1900 2444 bijugi:
1935 2370 2075 2425 inde

429 2463 639 2536 bigarii
670 2462 834 2518 dicti.
867 2461 1050 2516 Iidem
1084 2462 1321 2517 Latinos
1353 2478 1491 2516 suos
1517 2460 1766 2526 incolas,
1802 2459 2077 2515 Hellenes

430 2554 660 2608 Graecos
690 2551 1008 2608 nominant
1032 2569 1046 2619 ;
1079 2556 1138 2606 et
1161 2549 1440 2616 decanos,
1465 2567 1614 2621 quos
1644 2549 1793 2605 alias
1818 2548 2074 2605 lictores.

499 2698 735 2767 Septem
765 2694 1104 2767 spectacula
1130 2694 1257 2749 haac
1289 2698 1430 2749 sunt
1456 2708 1469 2748 :

572 2814 881 2868 Priscorum
911 2813 1100 2867 inanis
1119 2809 1437 2880 pyramides
1467 2809 1746 2880 superbia,

578 2885 822 2938 Jactavit
850 2885 1122 2953 Egyptus
1149 2881 1347 2951 quibus
1375 2896 1430 2936 se
1458 2880 1686 2935 callida.

574 2953 902 3024 Phariaeque
931 2955 1100 3009 turris
1129 2959 1280 3024 astra
1309 2959 1536 3024 tangens
1561 2953 1864 3024 summitas.

580 3029 813 3096 Magnus
843 3024 1076 3080 colossus
1105 3023 1218 3091 ille,
1251 3023 1474 3096 celebris
1502 3024 1562 3077 in
1593 3023 1803 3096 Rhodo,

574 3093 940 3167 Tumulusque
961 3096 1196 3152 Mausoli
1233 3093 1530 3167 exauditus
1559 3095 1827 3162 omnibus,

565 3171 636 3224 Et
665 3165 864 3238 Oyzici
881 3169 1071 3222 domus
1099 3168 1281 3221 ruinae
1310 3165 1518 3231 nescia,

566 3236 728 3293 ﬁdes
758 3240 946 3292 Diana
973 3238 1280 3306 nobilisque
1309 3238 1462 3306 apud
1488 3236 1784 3306 Ephesum,

571 3309 741 3378 Cujus
762 3309 1090 3380 perhibetur
1111 3314 1308 3362 auctor
1335 3309 1624 3380 Artemisia
1647 3325 1668 3361 :

569 3376 846 3436 Mausolus
876 3378 1008 3433 olim
1037 3381 1327 3448 conjugem
1355 3378 1495 3432 hanc
1524 3376 1724 3433 miram
1750 3378 1966 3434 habuit.

570 3452 757 3520 Lycia?
785 3449 1060 3504 theatrum
1089 3447 1147 3503 in
1176 3449 1308 3504 urbe
1336 3447 1620 3503 conditum
1650 3451 1838 3518 Myris,

571 3519 730 3588 Quod
757 3522 976 3576 Ismaeli
1001 3523 1170 3591 stirps
1199 3520 1511 3588 adaequavit
1537 3519 1672 3574 solo.

573 3593 928 3663 Ruﬁniusque
956 3593 1134 3648 dictus
1165 3593 1319 3663 lucus
1344 3591 1620 3663 Pergami,

569 3661 738 3735 Cujus
757 3661 864 3735 per
888 3665 1069 3719 orbem
1091 3661 1458 3734 pulchritudo
1487 3663 1712 3731 cognita
1741 3667 1839 3717 est.

492 3752 670 3810 Caius
723 3752 913 3808 Julius
966 3752 1160 3807 Casar
1214 3749 1480 3823 regnavit
1543 3767 1738 3805 annos
1796 3755 2072 3821 quatuor,

425 3857 666 3897 menses
724 3845 971 3912 septem.
1017 3841 1213 3895 Cmsar
1268 3844 1467 3894 autem
1519 3837 1592 3893 ab
1625 3854 1694 3893 eo
1743 3837 1937 3893 dictus
1987 3844 2078 3894 est

432 3929 590 4000 quod
621 3945 774 3986 caeso
805 3929 1016 3987 matris
1039 3934 1208 3984 utero
1269 3933 1450 3983 natus
1493 3931 1668 3984 esset.
1731 3926 1930 3982 Dictus
1987 3934 2076 3984 est

429 4019 584 4076 που
614 4019 794 4075 etiam
839 4018 1122 4087 Dictator,
1182 4017 1351 4088 quasi
1410 4032 1593 4088 penes
1651 4033 1828 4087 quem
1887 4033 2074 4073 unum

428 4107 626 4163 omnis
647 4113 805 4164 esset
827 4112 1088 4181 potestas
1115 4123 1134 4162 :
1164 4113 1254 4162 est
1283 4112 1483 4162 autem
1532 4106 1826 4162 dictatura
1853 4107 2074 4180 magis-

423 4203 612 4255 tratus
641 4198 868 4254 nullius
898 4198 1128 4272 legibus
1161 4196 1483 4269 subjectus.
1517 4195 1733 4252 Cuesari
1765 4200 1940 4252 natus
1963 4197 2078 4252 fuit

421 4305 611 4360 equus
665 4289 920 4362 ungulas
973 4288 1201 4344 habens
1249 4287 1440 4354 fissas,
1502 4285 1858 4356 nullumque
1889 4285 2074 4341 alium

423 4393 720 4434 sessorem
797 4377 1142 4444 admittens,
1203 4376 1376 4430 sicuti
1448 4374 1820 4446 Bucephalus
1878 4375 2072 4431 solum

423 4466 652 4536 recepit
675 4465 1094 4522 Alexandrum.
1118 4465 1173 4519 Is
1202 4462 1396 4518 adhuc
1423 4463 1656 4535 juvenis
1685 4480 1792 4534 per
1811 4464 2075 4534 quietem

423 4553 784 4626 imaginatus
811 4559 902 4610 est
931 4569 994 4608 se
1026 4569 1162 4608 cum
1194 4557 1383 4607 matre
1417 4567 1525 4607 sua
1553 4551 1732 4606 coire.

498 4643 683 4711 Idem,
731 4648 799 4698 ut
853 4642 1206 4698 Plutarchus
1262 4641 1480 4710 scribit,
1535 4641 1812 4696 maximis
1850 4643 2072 4713 prmliis

421 4731 766 4800 Germanos,
798 4731 996 4787 Gallos
1026 4736 1086 4786 et
1135 4730 1451 4784 Britannos
1492 4729 1742 4798 domuit,
1775 4730 2072 4802 urbesque

414 4819 762 4876 hominibus
790 4820 1136 4892 frequentes
1163 4818 1519 4890 quingentas
1543 4819 1824 4875 Romanis
1847 4821 2070 4892 stipen-

419 4912 643 4970 diarias
673 4913 920 4987 redegit.

1662 408 1668 414 -
1781 366 2098 434 GEORGII
2139 361 2488 426 CEDRENI

2101 3215 2152 3280 Ο

2104 4575 2151 4640 D

2252 495 2316 551 ἹΙ
2340 493 2469 568 παρ’
2526 491 2803 563 Ἕλλησιν
2837 493 2951 566 (27)
3001 490 3145 559 ὀπτή
3203 487 3425 551 πλίνθος
3455 485 3788 564 λατέρκουὶον

2179 581 2326 656 παρᾶ
2379 581 2683 655 Ῥωμαίοις
2742 578 2984 654 λέγεται.
3043 581 3114 636 Ἦ
3173 575 3232 633 δὲ
3283 577 3507 642 πλίνθος
3561 577 3794 651 δημοσία,

2181 671 2264 746 ἐφ’
2294 673 2360 742 οὗ
2405 672 2474 726 τά
2525 691 2585 726 τε
2638 675 2746 725 τῶν
2810 669 3121 744 βουλευτῶν
3155 667 3337 722 καὶτὰ
3363 671 3470 722 τῶν
3499 670 3796 744 στρατευμά-

2179 783 2289 815 των
2319 760 2563 834 ὀνόματα
2621 761 2988 837 ἀπεγράφετο,
3041 757 3132 814 καὶ
3185 757 3441 833 ἐγράφετο
3489 756 3574 812 ἐπὶ
3600 757 3799 834 τείχους

2180 849 2255 911 εἷς
2281 850 2622 926 τετράγωνον
2655 855 2850 924 σχῆμα
2877 849 3047 910 τύπος
3071 868 3158 910 τις
3189 846 3279 900 καὶ
3309 846 3540 920 γραμμὴ
3569 845 3790 911 πλίνθος.

2177 939 2368 995 Τίτλον
2429 941 2509 1013 [Ρ.
2545 941 2670 1012 1⁸70]
2725 937 2815 994 καὶ
2876 937 3048 1008 αὐτήν
3099 955 3242 998 τινες
3302 935 3672 1010 ὀνομάζουσιν,
3707 937 3795 992 οὐκ

2181 1027 2380 1092 εἰδότες
2412 1029 2487 1090 ὡς
2513 1025 2700 1090 τίτλος
2759 1027 2962 1102 κυρίως
2993 1029 3028 1096 ἡ
3085 1025 3412 1103 προσγραφή
3439 1029 3546 1080 τῶν
3577 1025 3796 1098 ἀξιωμάο

2178 1139 2284 1173 των
2315 1117 2552 1194 λέγεται,
2587 1118 2652 1172 οὐ
2689 1118 2796 1189 μὴν
2829 1119 2864 1186 ἡ
2893 1117 3237 1191 τετράγωνος
3265 1115 3517 1188 γραμμή.

2253 1208 2477 1282 Λέγεται
2525 1209 2673 1282 παρὰ
2719 1204 3021 1278 Ῥωμαίοις
3076 1204 3360 1278 ματρίκιον
3419 1203 3480 1256 τὸ
3526 1201 3690 1257 πλατὺ
3717 1203 3796 1272 ξύ-

2179 1296 2278 1352 λον
2308 1296 2397 1352 καὶ
2427 1295 2600 1374 παχύ³
2634 1297 2685 1350 οἱ
2716 1293 2821 1370 γὰρ
2849 1294 3076 1370 ἀρχαῖοι
3107 1292 3292 1366 εύΛοις
3347 1291 3436 1346 καὶ
3489 1289 3691 1368 φλοιοῖς
3720 1293 3798 1346 καὶ

2181 1385 2488 1463 φιλυρίνοις
2544 1383 2720 1455 πίναξι
2778 1383 3155 1461 προσγράφοις
3214 1381 3530 1457 ἐκέχρηντο.
3562 1388 3702 1438 Ἔστι
3749 1381 3798 1438 δὲ

2179 1475 2270 1530 καὶ
2301 1475 2450 1536 σανὶς
2509 1471 2791 1550 φιλυρίνη,
2847 1471 2932 1549 ἐφ’
2982 1475 3048 1541 ἧς
3107 1472 3176 1527 τὰ
3231 1472 3450 1545 ῥήματα
3479 1479 3574 1540 τῆς
3604 1468 3796 1536 ἐλευθε-

2183 1562 2300 1638 ρίας
2332 1561 2490 1617 εἴωθε
2517 1562 2838 1640 γράφεσθαι.
2895 1559 3060 1618 Τιλία
3116 1559 3172 1614 δὲ
3222 1560 3370 1634 παρὰ
3422 1564 3537 1622 τοῖς
3571 1558 3794 1628 αὐτοῖςὴ

2185 1649 2392 1730 φιλύρα
2420 1651 2484 1706 τὸ
2542 1650 2724 1722 ξύλονο
2786 1649 2906 1704 ὅθεν
2969 1645 3136 1722 κῶδιξ
3193 1648 3258 1704 τὸ
3294 1643 3533 1723 βιϐλίον.
3565 1645 3725 1720 Κῶδιξ
3753 1646 3802 1703 δὶ

2183 1740 2384 1814 κυρίως
2415 1743 2444 1794 ὁ
2477 1740 2665 1816 φιτρὸς
2715 1741 2844 1815 παρ’
2899 1737 3084 1800 αὐτοῖς
3136 1736 3406 1808 καλεῖταί,
3461 1737 3549 1792 καὶ
3581 1731 3724 1812 λίϐερ
3746 1736 3799 1791 τὸ

2106 1859 2155 1926 Β
2188 1823 2428 1926 βιϐλίον.
2462 1823 2624 1902 Λίϐερ
2687 1824 2744 1882 δὲ
2792 1827 2820 1882 ὁ
2877 1825 3072 1904 φλοιός
3123 1823 3236 1881 ἐστι
3292 1825 3516 1902 κυρίως·
3545 1829 3698 1880 ταῦτα
3723 1825 3801 1880 καὶ

2188 1915 2494 1992 ματρίκιον.
2555 1916 2658 1974 Καὶ
2718 1915 3105 1993 ματρικαρίους
3158 1915 3287 1978 τοὺς
3346 1913 3668 1990 ξυλουργοίις
3717 1934 3802 1969 κα-

2181 2011 2361 2064 λοῦσι.

2251 2095 2610 2171 Τρισώματον
2635 2096 2727 2151 τὸν
2759 2094 3036 2171 Γηρυόνην
3066 2095 3221 2172 φασὶν
3269 2095 3382 2169 οὐχ
3428 2095 3510 2150 ’ὁτι
3547 2093 3802 2154 τοσούτοις

2180 2183 2459 2260 ἐχρήσατο
2485 2186 2752 2258 σώμασιν,
2785 2183 2914 2239 ἀλλ’
2962 2184 3046 2238 ὅτι
3083 2189 3229 2259 τρεῖς
3257 2191 3418 2252 νῆσοι
3450 2181 3501 2238 ἐν
3529 2187 3604 2254 τῷ
3639 2184 3802 2237 Ὠκεα-

2179 2278 2256 2346 νῷ
2284 2273 2523 2347 κείμεναι
2553 2274 2896 2352 συνεμάχουν
2927 2272 3098 2346 αὐτῷ.

2250 2363 2374 2420 Ὀτι
2429 2363 2694 2435 Ῥωμαῖοι
2750 2363 2815 2416 τὰ
2872 2360 3066 2437 δίζυγα
3118 2363 3336 2435 ἅρματα
3397 2361 3548 2438 βίγας
3581 2359 3806 2417 ἐκάλουν,

2181 2451 2234 2522 ἐξ
2265 2450 2454 2506 ὤνκαὶ
2516 2451 2781 2526 βιγάριοι.
2836 2449 3099 2512 Λατίνους
3153 2449 3283 2510 τοὺς
3337 2449 3799 2525 ἐπιχωριάζοντας,

2183 2539 2446 2616 Γραικοὺς
2509 2537 2568 2595 δὲ
2622 2541 2748 2602 τοὺς
2805 2537 3193 2610 ἑλληνίζοντας
3251 2543 3534 2608 καλοῦσιν,
3568 2537 3798 2598 Δεκανοῦς

2183 2631 2310 2691 τοὺς
2344 2623 2710 2706 ῥαϐδούχους.

2252 2719 2376 2775 Ὅτι
2404 2718 2472 2772 τὰ
2501 2717 2770 2792 λεγόμενα
2799 2718 2935 2772 ἔπτὰ
2965 2715 3207 2791 θεάματά
3237 2715 3356 2772 ἐστι
3385 2722 3569 2772 ταῦτα“

2328 2807 2490 2883 Κενὸν
2519 2805 2779 2883 φρύαγμα
2803 2811 2912 2883 τῷν
2943 2803 3114 2883 πάλαι
3142 2802 3472 2883 πυραμίδες,

2329 2874 2607 2968 έῖγυπςὲος
2639 2874 2809 2968 diritati
2842 2882 2964 2968 εἶχε
2976 2875 3203 2968 νκόμπον
3221 2874 3271 2947 ’ἡ
3296 2874 3536 2968 ’πλανοῆ

2331 2947 2428 3026 Κᾳῖ
2458 2949 2666 3026 πύργος
2699 2947 3538 3026 ἄστροιςἐξ-ισούμενοςμςξᾴρου.

2330 3019 2517 3094 ΜέγαςΔ
2536 3017 2812 3094 κολοσσὸς
2835 3021 2864 3074 ὁ
2896 3017 3510 3094 θρυλούμενοςίῬόδορ,

2329 3087 2435 3147 Καῖ
2458 3087 2668 3164 τύμϐος
2700 3087 3016 3164 ἐξάκουστος
3107 3087 3207 3164 τοῦ
3235 3089 3574 3164 Μαυσώλου,

2331 3164 2431 3242 Esi
2465 3159 3255 3242 Κάξίιιουέὲέριφτος-ἀῤῥᾳγὴξ
3277 3159 3482 3242 ,δόμοςο

2323 3231 2804 3310 ΤῆςῌἈρὶτέμιδρξ
2820 3241 2920 3304 τῆς
2951 3231 3199 3310 Ἐφεσίας
3218 3231 3428 3310 δόμος,

2317 3304 2504 3383 ’[ῥν-’ῥν
2517 3304 2618 3383 περ
2631 3304 2922 3383 ξέξήγειρεν
2945 3308 3006 3362 ’A
3017 3304 3266 3383 ρτεμισία

2326 3325 2417 3362 Iov
2447 3327 2504 3360 ον
2517 3327 2618 3382 περ
2650 3325 2922 3434 εξηγειρεν
2945 3325 3266 3383 Ἀρτεμισια

2405 3377 2732 3454 ⁸Μαυσώλου
2760 3378 2828 3434 τά
2869 3399 2990 3454 αινα
3019 3377 3254 3454 σύζυγος
3285 3376 3484 3454 πᾴλαι.

2324 3449 2422 3523 καὶ
2447 3449 2508 3504 τὸ
2539 3448 2760 3523 θέατρον
2802 3449 3003 3523 Λυκίας
3032 3456 3132 3523 τῆς
3153 3448 3535 3523 τῶν-Μύρων,

2321 3522 2510 3612 ξρπεὲ
2525 3519 2918 3612 κατεσπάρςέεν
2953 3519 3402 3612 Ἰρμαῂληγόνυς.

2324 3591 2424 3670 ligni
2455 3589 2775 3670 Ῥουφίνιρν
2793 3589 2958 3670 ἕλους
2988 3589 3044 3646 ἐν
3067 3595 3151 3670 τῷ
3179 3589 3478 3670 Περγάμῳ,

2323 3663 2506 3738 Οὗπερ
2535 3659 2604 3718 τὸ’
2626 3661 2834 3728 κάλλος
2863 3669 3036 3718 πᾶσαν
3067 3659 3270 3739 ’ἐδραμέ
3291 3659 3493 3737 χθόνα.

2249 3753 2409 3815 Γάϊος
2439 3752 2672 3817 Ἰούλιος
2703 3758 2904 3826 Καῖσαρ
2935 3746 3279 3809 ἐϐασίλευσεν
3323 3747 3419 3820 ἔτη
3453 3747 3518 3820 δ’,
3561 3751 3724 3822 μῆνας
3752 3745 3808 3813 ζ’·

2178 3845 2384 3918 Καῖσαρ
2415 3839 2472 3898 δὲ
2503 3842 2805 3915 ἐπεκλήθη,
2857 3844 2887 3898 ὅ
2944 3841 3159 3919 λέγεται
3217 3841 3492 3918 ἀνατομὴ,
3525 3839 3604 3896 ὅτι
3633 3832 3807 3892 θανούο

2179 3953 2277 4004 σης
2329 3938 2428 4002 τῆς
2489 3933 2697 4008 μητρὸς
2753 3931 2919 3988 αὐτοῦ
2976 3932 3028 3988 ἐν
3084 3937 3164 4004 τῷ
3219 3930 3424 4006 ἒννάτῳ
3457 3929 3589 4008 μηνὶ
3617 3927 3800 3983 ταύτην

2177 4021 2535 4094 ἀνατεμόντες
2586 4019 2850 4098 ἐξήγαγον
2933 4020 3114 4078 αὐτόν.
3177 4021 3352 4083 Οὗτος
3411 4021 3502 4075 καὶ
3556 4026 3807 4086 Δικτατωρ

2180 4107 2413 4180 ἰκλήθη,
2455 4111 2486 4164 ὅ
2536 4108 2647 4165 ἔστι
2709 4107 3016 4188 μονάρχης·
3077 4106 3349 4183 δικτάτωρ
3411 4105 3468 4165 δέ
3513 4106 3649 4162 ἐστιν
3679 4100 3808 4178 ἀρχή

2179 4197 2556 4263 ἀνυπεύθυνος.
2596 4197 2790 4271 Τούτῳ
2829 4195 3028 4274 ἐτέχθη
3065 4195 3238 4260 ’ίππος
3287 4197 3410 4253 ἀντὶ
3442 4195 3618 4266 ὁπλῆς
3649 4190 3813 4268 χηλὰς

2182 4279 2329 4362 ἔχων
2357 4285 2447 4342 καὶ
2481 4283 2690 4361 μηδένα
2718 4282 2900 4361 ἕτερον
2932 4281 3204 4356 ἀναϐάτην
3254 4282 3561 4366 δεχόμενος
3591 4283 3625 4352 ἢ
3653 4279 3816 4366 αὐτὸν,

2183 4376 2258 4438 ὡς
2290 4375 2640 4450 Βουκὲφαλος
2669 4376 2760 4431 τὸν
2790 4373 3168 4451 Ἀλέξανδρον.
3205 4365 3380 4438 Οὗτος
3428 4376 3546 4438 νὲος
3599 4369 3670 4426 ὢν
3710 4365 3818 4423 ἔδο-

2186 4465 2266 4536 ξεν
2299 4465 2353 4521 ἂν
2379 4473 2498 4528 τοῖς
2529 4465 2715 4528 ὕπνοις
2744 4466 3110 4536 συνουσιάζειν
3138 4469 3209 4539 τῇ
3239 4463 3354 4537 ῒδίᾳ
3389 4465 3588 4540 μητρί.

2250 4650 2373 4705 "Oti.
2405 4645 2562 4710 αὐτὸς
2593 4645 2850 4716 Ἰούλιος,
2872 4644 2948 4709 ὥς
2980 4667 3113 4721 φησι
3147 4644 3531 4722 Πλούταρχος,
3559 4640 3814 4717 μεγίστοις

2210 4738 2387 4812 ἂγῶσι
2449 4737 2532 4808 [Ρ.
2568 4738 2691 4809 171]
2723 4736 3028 4812 Γερμανοὺς
3085 4734 3175 4790 καὶ
3231 4734 3481 4800 Γάλλους
3508 4732 3598 4790 καὶ
3631 4734 3813 4805 Βρεττα

2179 4826 2308 4890 mi"
2337 4824 2768 4901 χειρωσάμενος,
2831 4824 3146 4902 ὑποφόρους
3204 4829 3324 4886 τοῖς
3376 4821 3672 4898 Ῥωμαίοις
3700 4837 3815 4874 πεν-

2181 4911 2438 4976 τακοσίας
2467 4913 2660 4977 πόλεις
2687 4911 3017 4986 οἲκουμὲνης
3045 4916 3434 4984 κατεστήσατο.

1633 5009 1998 5066 XYLANDRI
2036 5013 2124 5068 ET
2163 5015 2380 5070 GOARI
2415 5015 2640 5070 NOTAE.

491 5113 607 5185 (27)
639 5113 942 5185 Xylander
987 5116 1054 5166 ut
1095 5110 1276 5185 nimis
1326 5108 1584 5180 proprie,
1639 5107 1722 5162 sic
1768 5107 2067 5185 ridicule:

425 5178 652 5236 Πλίνθον
691 5178 886 5242 ’ἂνωσὶ
941 5190 1140 5240 vocant
1197 5178 1698 5238 laterem—coctum.
1758 5179 1900 5244 Quis
1959 5180 2070 5237 hoc

424 5253 701 5327 nesciat?
733 5257 946 5327 Verum
1000 5253 1142 5327 quid
1162 5253 1250 5327 ad
1299 5250 1548 5327 C_edreni
1580 5251 1952 5327 propositum
1983 5253 2077 5327 vel

423 5321 763 5380 Graecorum
808 5321 1036 5387 πλίνθος
1089 5325 1180 5380 vel
1228 5321 1818 5380 Latinorumcoctus
1865 5321 2021 5379 later
2049 5323 2078 5380 ‘l

424 5393 668 5470 Relictis
725 5397 944 5454 idcirco
1003 5396 1305 5470 Xylanﬁdro
1358 5394 1688 5470 lateribus,
1750 5394 2076 5451 laterculum

429 5465 657 5547 erudite
705 5471 900 5547 aperit
932 5465 1768 5547 Pancirollusinﬂot:1mg.
1813 5481 1874 5547 c._
1910 5484 2023 5522 xcu
2059 5484 2072 5524 :

430 5537 566 5592 Erat
594 5537 856 5594 mrarium
879 5543 937 5593 in
967 5541 1081 5596 aede
1103 5541 1352 5600 Saturni.
1386 5537 1482 5594 ubi
1505 5537 1794 5608 plebiscita
1822 5544 1877 5608 et
1903 5555 2072 5594 sena-

429 5614 517 5664 tus
545 5609 792 5680 consulta
832 5612 1262 5680 reponebantur.
1300 5611 1367 5666 1d
1387 5607 1582 5680 postea
1633 5607 1959 5664 laterculum
1986 5611 2077 5666 di-

425 5685 596 5736 ctum.
645 5679 1026 5738 Mathematici
1071 5683 1213 5737 enim
1259 5679 1589 5751 quadratam
1632 5681 1868 5748 ﬁguram
1907 5686 1962 5736 et
2004 5681 2079 5737 ad

2181 5113 2428 5184 aliquam
2455 5113 2870 5168 similitudinem
2899 5111 3078 5168 instar
3121 5112 3310 5168 lateris
3339 5100 3814 5184 surgentemjtbfv'

2184 5174 2318 5252 Οίον,
2350 5183 2410 5238 id
2439 5191 2516 5239 est
2547 5184 2872 5240 laterculum
2917 5190 3135 5250 vocant,
3167 5186 3258 5238 cui
3313 5174 3486 5238 code}:
3513 5179 3703 5252 similis
3731 5174 3812 5228 la-

2186 5250 2565 5326 terculumest
2593 5257 2928 5326 appellatus.
2959 5254 3052 5326 Sic
3101 5261 3156 5310 et
3214 5255 3451 5325 lapidem
3501 5250 3815 5326 quadratum

2185 5325 2500 5394 architecti,
2554 5323 2858 5399 et't—igmen
2909 5325 3168 5399 (Elianus
3223 5323 3564 5395 nuncupant.
3601 5323 3689 5399 ΔΑ.
3719 5328 3814 5399 quo

2187 5391 2513 5454 laterculum
2563 5399 2662 5454 hoc
2694 5391 2940 5453 derivari
2967 5396 3240 5454 Cedrenus
3290 5391 3558 5452 autumat.
3589 5391 3709 5458 Qui,
3732 5391 3814 5440 in-

2185 5471 2324 5539 quit,
2357 5469 2498 5523 later
2527 5476 2710 5524 coctus
2755 5476 2852 5536 est,
2901 5485 2995 5524 seu
3041 5464 3290 5530 πλινθίον
3340 5467 3566 5540 Graecis,
3600 5465 3814 5540 latercu-

2187 5527 2362 5595 lum'a
2398 5542 2660 5596 Romanis
2705 5527 2929 5596 dicitur.
2979 5541 3072 5596 Est
3127 5527 3311 5596 autem
3358 5539 3445 5594 hic
3476 5527 3615 5592 later
3643 5527 3813 5604 publi-

2184 5627 2300 5738 ἴδεν,
2421 5627 2528 5683 quo
2556 5618 2873 5670 senatorum
2893 5617 2947 5666 et
2973 5611 3248 5682 legionum
3278 5611 3509 5668 nomina
3530 5602 3817 5664 scribeban-

2286 5725 2298 5738 .
2380 5699 2508 5738 OAR.

2189 5688 2298 5739 tur.
2333 5688 2508 5740 Goaa.
