4118 6284
363 364 490 425 337

1526 356 2066 420 HISTORIARUM
2114 356 2648 423 COMPENDIUM

3678 362 3795 424 338

442 497 568 554 Ὅτι
598 496 634 563 ἡ
669 494 888 570 γαμετὴ
920 491 1088 548 αὐτοῦ
1118 493 1171 547 ἐν
1200 495 1270 567 τῇ
1314 492 1467 549 νυκτὶ
1530 492 1646 566 μεθ’
1703 488 1769 560 ἦν
1802 489 2035 570 ἐσφάγη,

2223 494 2303 549 Ea
2332 501 2503 550 nocte
2537 512 2667 567 quae
2699 496 2919 553 czedem
2949 497 3133 568 ipsius
3155 498 3480 569 praecessit,
3512 514 3661 553 uxor
3688 515 3797 571 per

363 583 549 658 ἔδοξεν
608 583 736 658 ὁρᾷν
802 582 904 652 τὴν
971 582 1146 637 οἰκίαν
1211 582 1480 657 Καίσαρος
1548 580 2025 654 συμπεπτωκέναι,

366 676 466 731 καὶ
498 672 652 728 αὐτὸν
685 669 1162 746 κατατετρωμένον
1214 671 1303 725 καὶ
1362 670 1551 745 αἳματι
1605 668 2026 746 περιρρεόμενον

368 764 629 836 ἐμπεσεῖν
661 765 778 823 τοῖς
817 759 1054 821 κόλποις
1110 758 1303 828 αὐτῆς.
1362 760 1557 832 Τούτῳ
1616 757 1877 832 μέλλοντι
1928 756 2028 825 τὴν

372 848 569 908 αὔλιον
597 848 830 924 ἐξελθεῖν
866 851 1027 924 θύραν
1061 847 1429 924 ἀπερχομένῳ
1483 848 1573 904 ἐπὶ
1631 849 1692 903 τὸ
1729 844 2030 923 βουλευτή-

379 962 501 1017 ριον
532 939 691 996 εῗκὼν
750 937 915 993 αὐτοῦ
969 941 1066 992 τοῦ
1126 937 1391 1012 Καίσαρος
1450 939 1723 1017 ἐφεστῶσα
1759 934 1838 1008 τῷ
1896 954 2034 1009 προ-

380 1030 537 1105 θύρῳ
567 1028 894 1100 αὐτομάτως
923 1023 1200 1083 κατέπεσε.
1234 1026 1337 1083 Καὶ
1388 1027 1524 1102 πρὸς
1576 1027 1793 1086 τούτοις
1822 1025 2034 1100 χάρτην

380 1120 535 1191 αὐτῷ
564 1140 648 1180 τις
680 1114 977 1173 ἐπιδέδωκε
1005 1121 1181 1172 πᾶσαν
1231 1119 1331 1187 τὴν
1394 1118 1509 1171 κατ’
1565 1116 1731 1171 αὐτοῦ
1792 1112 2040 1188 μελετω-

386 1214 557 1285 μένην
588 1205 891 1280 ἐπιϐουλήν
920 1204 1142 1285 ἔχοντα.
1177 1210 1273 1264 Καὶ
1325 1210 1554 1283 νομίσας
1609 1206 1751 1264 ἃλλο
1792 1228 1843 1262 τι
1900 1205 2036 1261 εἶναι

385 1301 489 1356 οὐκ
519 1299 793 1378 ἐνέτυχεν,
827 1297 973 1355 ἀλλᾶ
998 1294 1253 1361 δεδωκὼς
1285 1297 1454 1374 ἑτέρῳ
1493 1296 1778 1373 φυλάττειν
1830 1295 2037 1373 ἐσφάγη

386 1390 495 1445 ὑπὸ
528 1389 771 1464 Βρούτου
797 1389 889 1442 καὶ
921 1387 1127 1442 Κασίου
1158 1386 1208 1442 ἐν
1245 1392 1325 1459 τῷ
1384 1385 1786 1463 βουλευτηρίῳ,
1828 1385 2043 1460 χρόνων

386 1477 658 1552 ὑπάρχων
686 1478 785 1539 νς“.
822 1474 1184 1551 Κληρονόμον
1212 1472 1269 1529 δὲ
1295 1474 1385 1530 καὶ
1436 1475 1585 1529 θετὸν
1613 1474 1728 1528 υἱὸν
1756 1471 2044 1529 κατέλιπεν

385 1560 682 1623 Ὀκτάϐιον
714 1564 808 1619 τὸν
841 1564 958 1618 υἱὸν
994 1561 1234 1626 Ἰουλίας
1273 1570 1371 1634 τῆς
1417 1560 1553 1626 ἰδίας
1601 1560 1865 1640 ἂδελφῆς,
1924 1558 2044 1622 ἔτος

384 1656 595 1730 ἃγοντα
630 1656 714 1719 ις’.

466 1737 761 1802 Ὀκτάϐιος
786 1738 1105 1818 Αὔγουστος
1137 1744 1363 1816 Καῖσαρ,
1425 1742 1453 1796 6
1510 1739 1728 1815 ἀνεψιὸς
1794 1739 2047 1809 Ἰουλίας,

387 1828 739 1887 ἐϐασίλευσεν
767 1826 862 1901 ἐτη
896 1832 993 1895 νς’.
1029 1832 1131 1909 Αφ⁹
1165 1832 1226 1884 οὗ
1285 1826 1588 1906 Αὕγουστοι
1644 1830 1696 1884 οἱ
1755 1827 2041 1902 Ῥωμαίων

390 1920 641 1996 βασιλεῖς
674 1919 762 1974 καὶ
795 1920 823 1974 ὁ
858 1921 966 1992 μὴν
998 1917 1314 1994 Αὔγουστος
1346 1917 1580 1989 ἐκλήθη,
1624 1916 1654 1972 6'
1709 1920 1819 1972 ἐστι
1878 1913 2043 1972 Σεϐα-

390 2011 547 2078 στὸς,
578 2008 861 2079 Σεξτίλιος
920 2008 1047 2083 πρὶν
1106 2009 1536 2081 ὀνομαζόμενος.
1570 2008 1657 2063 Ἐν
1685 2010 1752 2081 τῇ
1784 2006 1929 2060 νυκτῖ
1988 2006 2044 2060 δὲ

391 2101 429 2170 ᾖ
461 2098 752 2174 ἐγεννήθη,
786 2095 925 2152 εἶδεν
960 2097 1127 2152 αὐτοῦ
1158 2098 1186 2151 ὁ
1216 2099 1395 2171 πατὴρ
1427 2097 1543 2152 καθ’
1573 2094 1768 2158 ὕπνους
1826 2094 1885 2150 ἐκ
1935 2099 2045 2149 τῶν

395 2187 625 2243 κόλπων
685 2193 785 2255 τῆς
849 2186 1103 2261 γυναικὸς
1161 2185 1325 2240 αὐτοῦ
1350 2185 1442 2240 τὸν
1473 2183 1628 2252 ἣλιον
1661 2181 2044 2239 ἀνατέλλοντα·

393 2279 429 2345 ἡ
467 2274 528 2330 δέ
566 2279 751 2349 μήτηρ
783 2273 949 2329 αὐτοῦ
980 2271 1112 2328 εἶδεν
1145 2274 1219 2335 ὡς
1248 2274 1314 2329 τὰ
1348 2272 1640 2349 σπλάγχνα
1669 2272 1835 2342 αὐτῆς
1886 2272 2044 2345 ἐξαρ-

390 2365 630 2441 παγέντα
690 2364 770 2426 εἷς
832 2364 923 2418 τὸν
981 2363 1203 2437 οὐρανὸν
1267 2362 1570 2440 ἀνεφέρετο.
1628 2361 1723 2416 Καὶ
1754 2360 1838 2417 ὅτι
1889 2360 2045 2435 Νιγί-

397 2452 518 2516 διος
584 2451 889 2528 βουλευτῆς
950 2451 1280 2526 ἀστρολόγος
1341 2448 1509 2527 βραδυ
1540 2449 1903 2525 προελθόντος
1950 2453 2048 2504 τοῦ

391 2545 602 2617 πατρὸς
632 2543 797 2597 αὐτοῦ
827 2542 1081 2617 ἠρώτησε
1130 2542 1232 2610 τὴν
1298 2540 1491 2607 αἰτίαν,
1552 2541 1579 2594 6
1647 2537 1704 2595 δὲ
1758 2537 1862 2615 ’ἔφη
1927 2539 2043 2593 υἱὸν

393 2630 547 2703 αἴ)τῷ
577 2630 852 2706 τετέχθαι,
883 2632 1131 2692 κάκεῖνος
1163 2625 1476 2699 ἀνεϐόησεν·
1511 2629 1577 2683 Ὠ
1625 2628 1676 2683 τί
1736 2628 1995 2697 ἐποίησας
2032 2646 2047 2696 ;

390 2719 664 2791 δεσπότην
698 2722 831 2793 ἡμῖν
862 2719 1163 2795 ἐγέννησας.
1222 2723 1343 2776 Ὃτι
1406 2717 1742 2793 τρεφομένου
1801 2715 1964 2773 αἰ)τοῦ
1995 2716 2045 2770 ἐν

392 2812 548 2886 ἀγρῷ
588 2809 866 2872 καταπτὰς
895 2807 1048 2870 ἀετὸς
1099 2808 1190 2863 τὸν
1251 2805 1410 2882 ἄρτον
1466 2806 1524 2861 ἐκ
1552 2812 1662 2863 τῶν
1719 2810 1921 2883 χειρῶν
1953 2806 2048 2861 αὖ·

391 2904 490 2954 τοῦ
520 2896 807 2971 ἀφείλετο,
866 2897 957 2952 καὶ
1010 2895 1315 2952 ἐπανελθὼν
1370 2894 1533 2952 πάλιν
1595 2895 1670 2960 είς
1724 2897 1819 2957 τὰς
1860 2900 2049 2970 χεῖρας

393 2990 564 3043 αὐτοῦ
595 2991 796 3042 τοῦτον
823 2986 1099 3043 κατέθετο.
1129 2986 1250 3043 *Οτι
1290 2984 1343 3039 ἐν
1399 2985 1583 3041 παισὶν
1640 2983 1804 3039 αὐτοῦ
1835 2983 2053 3039 τελοῦν-

393 3099 488 3138 τος
520 3074 772 3151 Κικέρων
806 3075 972 3131 αὐτὸν
1031 3076 1084 3147 [6
1142 3069 1451 3147 Ὀκτάϐιος]
1499 3073 1550 3129 ἐν
1607 3074 1840 3148 ὀνείροις
1900 3071 2049 3127 ἐθεά-

399 3186 523 3220 σατο
555 3166 740 3238 χρυσῇ
776 3162 974 3219 ἁλύσει·
992 3160 1274 3235 δεδεμένον
1325 3164 1412 3217 καὶ
1473 3164 1707 3238 μάστιγα
1743 3161 2043 3236 κρατοῦντα

407 3253 467 3309 ἐκ
508 3259 601 3309 τοῦ
658 3254 892 3328 οὐρανοῦ
941 3253 1285 3323 χαλασθῆναι
1318 3252 1392 3314 εἷς
1419 3254 1482 3308 τὸ
1511 3250 2043 3309 Καπιτώλιον.’“οτι

416 3341 469 3397 ἐν
525 3348 601 3414 τῷ
640 3342 784 3398 τέλει
844 3341 1009 3398 αὐτοῦ
1064 3343 1322 3416 κεραυνὸς
1379 3342 1455 3403 εἷς
1509 3342 1610 3410 τῆν
1651 3340 1826 3395 εἰκόνα
1879 3340 2043 3395 αὐτοῦ

414 3432 654 3505 ἐμπεσὼν
675 3433 736 3488 τὸ
767 3437 984 3506 πρῶτον
1014 3430 1243 3508 γράμμα
1269 3436 1366 3487 τοῦ
1402 3431 1666 3504 ὀνόματος
1696 3429 1857 3485 αὐτοῦ
1900 3431 2044 3507 ἠφά-

405 3521 663 3589 νισεν,ὠς
693 3522 822 3582 τοὺς
884 3520 1102 3592 μάντεις
1156 3519 1323 3575 εἰπεῖν
1384 3519 1467 3575 ὅτι
1520 3520 1847 3591 τεθνήξεται.
1898 3526 2044 3595 Συγ-

391 3609 625 3672 καλέσας
656 3607 714 3665 δέ
742 3609 870 3665 τοὺς
901 3609 1200 3684 βουλευτὰς
1233 3610 1379 3663 εἴπε-
1417 3605 1660 3678 Πηλίνην
1712 3605 2046 3681 παραλαϐὼν

388 3702 492 3770 τῆν
526 3700 755 3772 Ῥώμην
787 3697 1001 3767 λιθίνην
1034 3700 1158 3769 ὑμῖν
1188 3697 1357 3766 αὐτὴν
1403 3695 1774 3752 καταλέλοιπα
1830 3694 1919 3751 διά
1981 3699 2045 3753 τὸ

387 3789 583 3863 περιὸν
614 3790 719 3857 τῆς
747 3786 1050 3861 δυνάμεως.
1089 3789 1175 3844 Ἐν
1206 3791 1285 3859 τῷ
1317 3784 1583 3858 Σεξτιλίῳ
1615 3784 1670 3840 δὲ
1718 3786 1849 3858 μηνὶ
1891 3787 2043 3863 γενό-

392 3898 563 3950 μενος
596 3878 802 3937 ὕπατος
851 3877 941 3931 καὶ
1008 3874 1221 3937 πολλάς
1276 3876 1427 3936 νίκας
1483 3876 1731 3944 νικήσας,
1766 3873 1817 3928 ἐν
1868 3876 2046 3949 τούτῳ

389 3967 488 4021 καὶ
518 3965 768 4036 τελευτᾷε
805 3963 888 4020 διὸ
915 3965 1005 4019 καὶ
1064 3962 1343 4035 Σεξτίλιος
1378 3962 1535 4025 αὐτὸς
1602 3963 1766 4019 πάλιν
1825 3963 2045 4040 ἐλέγετο

386 4053 481 4111 διά
510 4056 574 4110 τὸ
610 4054 706 4110 τὸν
740 4053 1020 4125 Σεξτίλιον
1056 4061 1203 4127 μῆνα
1224 4053 1665 4126 ἐπονομασθῆναι
1714 4052 2042 4130 Αὔγουστον.

382 4147 671 4219 Ἠγαπᾶτο
706 4141 763 4198 δὲ
796 4144 887 4199 ὕπ’
920 4142 1082 4198 αἱ)τοῦ
1113 4143 1397 4213 Μαικήνας
1428 4142 1565 4217 ἀνήρ
1599 4143 1785 4219 σοφὸς,
1845 4146 1903 4203 ὅς
1956 4143 2047 4196 καὶ

389 4238 617 4308 πρῶτος
646 4232 713 4286 τὰ
745 4237 945 4305 σημεῖα
978 4230 1214 4308 ἐφεῦρεν.
1281 4233 1373 4292 Ὃς
1425 4251 1556 4285 ποτε
1586 4228 1899 4300 δικάζοντος
1951 4235 2048 4286 τοῦ

392 4322 673 4396 Καίσαρος
758 4322 846 4377 καὶ
908 4320 1135 4377 πολλῶν
1194 4320 1419 4385 θάνατον
1505 4321 2049 4397 καταψηφισαμένου,

393 4414 476 4485 μὴ
511 4410 814 4486 δυνάμενος
864 4409 954 4465 διὰ
989 4412 1052 4465 τὸ
1105 4409 1325 4480 πλῆθος
1377 4413 1474 4465 τοῦ
1523 4408 1677 4465 λαοῦ.
1716 4453 1730 4467 .
1766 4452 1778 4465 .
1817 4453 1828 4464 .
1862 4410 2048 4475 αὐτοῦ,

392 4499 654 4578 ἔγραψεν·
710 4502 967 4571 ’Λνάστα,
1008 4496 1195 4573 δήμιε,
1254 4500 1342 4555 καὶ
1402 4498 1787 4571 σημηνάμενος
1839 4497 2052 4573 ἔρῥιψεν

2135 581 2520 639 insomnium
2550 584 2696 640 vidit
2732 584 2971 641 domum
3022 587 3219 641 mariti
3245 588 3334 642 sui
3373 587 3618 643 Caesaris
3660 605 3794 644 cor-

2132 688 2326 741 ruere,
2357 673 2675 744 ipsumque
2706 674 2908 728 multis
2959 675 3294 729 confectum
3342 675 3693 730 vulneribus
3724 693 3793 731 ac

2140 767 2455 816 cruentum
2490 763 2550 818 in
2582 779 2755 818 suum
2786 762 3001 819 collabi
3041 764 3353 835 gremium.
3404 767 3474 819 Et
3497 782 3632 820 cum
3664 765 3790 836 ipse

2137 852 2200 906 in
2248 852 2473 907 curiam
2536 853 2725 908 iturus
2749 854 2941 925 janua
2985 855 3118 908 atrii
3171 854 3378 923 exiret,
3413 855 3604 928 imago
3661 857 3790 927 ejus

2141 958 2272 1012 qua:
2305 941 2364 995 in
2394 942 2682 998 vestibulo
2731 941 2925 997 stabat
2954 947 3165 1014 sponte
3216 959 3322 997 sua
3363 941 3600 999 decidit.
3631 946 3789 999 Prm-

2140 1032 2303 1083 terea
2333 1029 2598 1085 chartam
2631 1029 2684 1083 ei
2727 1029 2971 1099 quidam
3003 1028 3291 1097 exhibuit,
3322 1030 3383 1084 in
3434 1047 3551 1101 qua
3584 1047 3790 1085 omnes

2142 1133 2273 1187 quas
2306 1118 2359 1171 ei
2392 1118 2753 1190 parabantur
2778 1124 2948 1174 erant
2979 1117 3259 1173 indicata,
3302 1118 3534 1174 insidia:
3563 1137 3576 1186 ;
3612 1136 3792 1190 quam

2145 1206 2241 1262 ille
2273 1207 2345 1262 de
2375 1207 2491 1263 alia
2520 1226 2583 1263 re
2633 1209 2982 1265 existimans
3032 1224 3162 1264 esse
3193 1224 3315 1263 non
3346 1208 3505 1281 legit,
3556 1209 3661 1264 sed
3692 1210 3795 1264 alii

2145 1297 2492 1352 servandam
2550 1297 2730 1353 dedit.
2793 1299 2922 1370 Ipse
2973 1300 3035 1354 in
3093 1298 3257 1354 curia
3316 1303 3469 1354 esta
3519 1301 3697 1354 Bruto
3739 1305 3798 1355 et

2147 1386 2345 1440 Cassio
2376 1386 2629 1452 occisus,
2660 1403 2850 1442 annos
2881 1393 3057 1442 natus
3088 1387 3174 1442 56.
3205 1387 3519 1459 Adoptavit
3544 1392 3603 1442 et
3634 1389 3799 1443 here-

2149 1474 2284 1530 dem
2343 1475 2650 1531 constituit
2706 1476 3032 1541 Octavium,
3094 1475 3282 1532 filium
3350 1477 3517 1531 Iulias
3576 1477 3795 1532 sororis

2150 1581 2291 1631 suae,
2321 1581 2548 1620 annum
2573 1570 2846 1637 agentem
2881 1569 2965 1621 16.

2224 1726 2495 1781 Octavius
2527 1728 2824 1799 Augustus
2844 1728 3057 1796 Caesar,
3083 1744 3283 1783 sorore
3303 1729 3457 1785 Julia
3477 1733 3671 1796 natus,
3696 1746 3796 1785 an-

2154 1830 2263 1868 nos
2285 1816 2547 1887 regnavit
2567 1819 2654 1870 56.
2681 1815 2766 1870 Ab
2794 1815 2906 1871 hoc
2944 1818 3343 1872 Romanorum
3364 1819 3507 1873 80!
3540 1835 3708 1892 reges
3739 1824 3797 1873 et

2156 1903 2379 1957 mensis
2413 1904 2649 1958 Sextilis
2680 1906 2924 1976 Augusti
2950 1922 3169 1960 nomen
3201 1906 3441 1961 habent.
3466 1908 3592 1972 Qua
3622 1914 3795 1963 nocte

2149 1997 2325 2047 natus
2360 1998 2468 2060 est,
2528 1999 2695 2064 pater
2724 1994 3018 2049 insomnis
3077 1996 3353 2067 opinatus
3388 2001 3475 2050 est
3534 2014 3603 2051 ex
3661 1999 3797 2053 sinu

2148 2080 2353 2135 uxoris
2373 2098 2493 2136 sua;
2520 2082 2707 2137 solem
2737 2083 2900 2149 oriri,
2925 2090 3115 2139 mater
3136 2090 3332 2139 autem
3360 2084 3679 2159 imaginata
3709 2090 3801 2140 est

2150 2169 2376 2225 viscera
2406 2187 2513 2226 sua
2544 2171 2653 2226 sibi
2688 2177 2949 2228 extracta
2982 2173 3042 2228 in
3091 2174 3305 2229 caelum
3337 2173 3497 2228 ferri.
3532 2174 3797 2247 Nigidius

2152 2265 2390 2314 senator
2440 2260 2771 2335 astrologus
2800 2268 3029 2334 patrem
3088 2263 3217 2335 ejus
3272 2263 3655 2335 interrogavit
3692 2281 3800 2318 cur

2152 2354 2272 2404 tam
2303 2349 2471 2405 tarde
2501 2350 2676 2405 domo
2699 2351 3037 2423 prodiisset,
3065 2369 3319 2424 cumque
3342 2353 3391 2407 is
3413 2351 3801 2424 responderet

2152 2437 2342 2493 ﬁlium
2392 2438 2503 2493 sibi
2536 2445 2744 2495 natum
2802 2457 2953 2509 esse,
3018 2441 3366 2497 exclamavit
3413 2441 3714 2514 Nigidius;
3753 2442 3797 2497 0

2151 2527 2290 2597 quid
2323 2527 2874 2599 egisti?dominum
2925 2530 3097 2585 nobis
3144 2530 3422 2603 genuisti.
3474 2532 3619 2586 Cum
3660 2547 3795 2586 rure

2149 2622 2349 2686 ageret
2380 2617 2671 2684 Octavius,
2703 2618 2905 2689 aquila
2934 2619 3214 2675 devolans
3236 2636 3452 2691 panem
3484 2620 3536 2675 ei
3567 2620 3638 2675 de
3670 2637 3800 2675 ma—

2150 2704 2328 2759 nibus
2385 2707 2603 2776 rapuit,
2646 2724 2714 2762 ac
2745 2724 2982 2763 reversa
3028 2725 3165 2763 eum
3223 2725 3429 2765 rursus
3461 2710 3523 2764 in
3584 2726 3798 2766 manus

2149 2792 2444 2864 deposuit.
2495 2796 2637 2851 Cum
2670 2797 2863 2852 adhuc
2914 2813 3065 2868 puer
3094 2803 3269 2863 esset,
3322 2799 3524 2854 Cicero
3563 2816 3671 2871 per
3698 2800 3795 2854 in-

2150 2884 2448 2939 somnium
2505 2886 2649 2940 vidit
2705 2902 2841 2941 eum
2894 2887 3196 2959 ﬂagellum
3244 2893 3549 2943 tenentem
3587 2906 3618 2943 e
3651 2889 3797 2945 caelo

2151 2988 2332 3027 aurea
2379 2978 2588 3029 catena
2614 2975 2675 3028 in
2719 2976 3073 3046 Capitolium
3133 2976 3383 3031 demitti.
3420 2976 3534 3032 Sub
3575 2978 3798 3034 exitum

2155 3062 2283 3133 ejus
2303 3061 2556 3116 fulmine
2576 3068 2731 3118 tacta
2754 3070 2845 3118 est
2879 3065 3066 3136 ipsius
3088 3066 3280 3139 imago
3303 3072 3361 3121 et
3380 3066 3573 3136 prima
3600 3068 3798 3123 nomi-

2154 3150 2247 3204 nis
2277 3149 2477 3206 littera
2505 3150 2760 3206 abolita:
2795 3152 2932 3208 inde
2964 3153 3135 3208 arioli
3166 3154 3631 3225 pronuntiarunt
3678 3171 3799 3211 non

2155 3239 2344 3295 multo
2366 3245 2500 3310 post
2537 3242 2913 3298 moriturum.
2946 3243 3273 3299 Convocato
3315 3236 3535 3299 senatu
3556 3242 3707 3298 dixit
3735 3261 3797 3300 se

2152 3331 2397 3384 Romam
2428 3346 2496 3384 ex
2528 3331 2652 3386 luto
2683 3332 2980 3388 conditam
3013 3335 3331 3406 accepisse,
3364 3340 3643 3389 caaterum
3665 3350 3796 3389 eam

2153 3418 2296 3490 ipsis
2319 3418 2615 3490 lapideam
2634 3421 2995 3493 relinquere,
3018 3423 3299 3495 potentiae
3320 3422 3795 3497 magnitudinem

2155 3506 2434 3564 innuens.
2495 3510 2697 3564 Sextili
2745 3527 2953 3566 mense
3006 3512 3213 3568 consul
3244 3518 3497 3582 creatus,
3551 3512 3795 3568 diversis

2154 3597 2330 3651 annis
2385 3598 2592 3653 eodem
2650 3617 2855 3656 mense
2913 3601 3131 3657 multas
3186 3602 3459 3657 victorias
3517 3603 3794 3671 obtinuit,

2154 3685 2485 3758 eodemque
2534 3695 2804 3745 mortuus
2847 3696 2937 3745 est
2965 3712 2977 3757 ;
3011 3691 3209 3762 itaque
3241 3692 3294 3745 ei
3346 3692 3538 3747 mensi
3570 3696 3659 3746 est
3688 3709 3797 3745 no-

2155 3793 2292 3831 men
2324 3778 2569 3849 Augusti
2599 3779 2962 3850 impositum.
2997 3780 3217 3834 Charus
3249 3780 3302 3834 ei
3332 3779 3445 3833 fuit
3487 3781 3795 3846 Maecenas,

2158 3867 2243 3920 vir
2299 3867 2577 3938 sapiens;
2611 3868 2711 3937 qui
2745 3872 2803 3921 et
2854 3867 3082 3938 primus
3116 3868 3407 3922 rationem
3465 3884 3572 3940 per
3628 3873 3799 3923 notas

2157 3956 2454 4012 scribendi
2489 3958 2725 4027 reperit.
2774 3958 2829 4011 Is
2859 3973 2993 4012 cum
3047 3958 3302 4029 quodam
3348 3958 3443 4013 die
3483 3960 3678 4014 Caesar
3700 3956 3799 4029 jus

2157 4047 2381 4101 diceret
2436 4046 2773 4116 multosque
2817 4046 3007 4118 capite
3056 4047 3390 4116 damnaret,
3443 4064 3635 4119 neque
3675 4048 3801 4118 ipse

2158 4136 2231 4189 ad
2264 4151 2397 4189 eum
2430 4151 2551 4206 prta
2584 4134 2755 4189 turba
2800 4135 3113 4190 hominum
3157 4137 3436 4192 accedere
3490 4142 3708 4208 posset,
3740 4137 3803 4191 in

2160 4222 2378 4278 scheda
2408 4223 2664 4294 scripsit,
2697 4223 2876 4295 Surge
2927 4224 3211 4291 carnifex,
3256 4226 3408 4281 802
3441 4241 3691 4295 eamque
3724 4225 3806 4278 si-

2159 4318 2397 4385 gnatam
2430 4313 2491 4367 in
2523 4313 2813 4383 gremium
2846 4328 2975 4385 ejus
3004 4314 3276 4385 conjecit.
3310 4316 3392 4369 Ea
3418 4314 3573 4369 lecta
3614 4314 3809 4369 Caesar

2162 4402 2434 4470 surrexit,
2459 4402 2758 4474 jussitque
2786 4403 3220 4458 sententiarum
3252 4403 3508 4459 latarum
3539 4421 3573 4459 a
3604 4420 3664 4459 se
3707 4420 3807 4457 ex-

2168 4492 2532 4546 secutionem
2565 4490 2810 4546 differri.
2866 4493 3005 4547 Erat
3034 4497 3231 4547 autem
3254 4493 3314 4547 in
3359 4493 3584 4549 amicos
3606 4492 3808 4549 admo-

392 4590 447 4645 ἐν
474 4595 557 4663 τῷ
587 4589 785 4664 κόλπῳ
814 4589 1002 4644 αὐτοῦ*
1038 4589 1171 4664 ὅπερ
1217 4589 1482 4666 ἀναγνοὺς
1515 4589 1543 4642 6
1603 4593 1805 4664 Καῖσαρ
1836 4588 2045 4660 ἀνέστη1

2167 4581 2308 4636 dum
2341 4580 2663 4635 ofﬁciosus.
2722 4581 2866 4636 Cum
2921 4581 3163 4652 quidam
3204 4583 3373 4655 cujus
3425 4583 3654 4638 militias
3686 4589 3813 4639 erat

389 4680 658 4742 κελεύσας
750 4680 983 4755 ἀργῆσαι
1038 4679 1106 4733 τά
1186 4678 1436 4753 κριθέντα
1502 4679 1627 4751 παρ’
1687 4677 1874 4734 αὐτοῦ.
1936 4680 2058 4735 ’Ότι

406 4768 548 4823 πάνυ
607 4768 675 4837 ἦν
733 4772 840 4823 τῶν
902 4765 1079 4843 φίλων
1130 4770 1211 4840 [Ρ.
1264 4767 1389 4838 172]
1448 4766 1850 4840 θεραπευτικός.
1899 4768 2059 4829 Τινὸς

396 4858 504 4932 γάρ
528 4861 640 4913 τῶν
675 4856 1182 4931 συστρατευομένων
1216 4855 1368 4925 αὗτῷ
1399 4851 1682 4924 δεηθέντος
1734 4862 1836 4924 τῆς
1892 4856 1967 4917 εἰς
1997 4857 2058 4912 τὸ

414 4947 817 5023 βουλευτήριον
896 4946 1060 5001 αὐτοῦ
1119 4943 1436 5021 παρουσίας,
1512 4943 1678 5000 εἰπεῖν
1743 4944 1901 5000 αὐτὸν
1966 4947 2061 5019 μὲν

406 5033 1104 5112 ἆσχολεῖσθαι,ἐπιτρέψαι
1151 5031 1207 5088 δέ
1256 5054 1362 5088 τινι
1422 5037 1529 5087 τῶν
1587 5032 1762 5111 φίλων
1818 5056 2057 5111 παραγε-

392 5127 582 5189 νέσθαι
614 5125 701 5180 καὶ
736 5127 833 5195 τῆν
858 5125 1047 5199 χρείαν
1077 5122 1392 5196 πληρῶσαι.
1436 5123 1532 5183 ’Ὀις
1595 5123 1869 5198 ὀργισθεῖς
1928 5121 2050 5202 ἔφη·

404 5217 554 5292 Ἐγὼ
585 5215 771 5275 ὁσάκις
800 5220 902 5283 τῆς
936 5211 1074 5285 ἐμῆς
1106 5210 1416 5284 ἐπικουρίας
1445 5207 1694 5281 ἐδεήθης,
1729 5209 1826 5265 ουκ
1884 5210 2053 5268 ἄλλον

407 5307 524 5361 ἀντ’
553 5303 692 5378 ἐμοῦ
720 5299 956 5377 ἔπεμψα.
992 5301 1095 5357 Καὶ
1127 5299 1444 5376 ἐρυθριάσας
1474 5301 1501 5355 6
1534 5302 1738 5375 Καῖσαρ
1771 5301 1857 5356 καὶ
1892 5323 2054 5357 συνα-

396 5395 583 5466 πῆλθε
609 5392 701 5450 καῖ
732 5392 1068 5468 συνέπραξεν.

471 5485 598 5542 Ἐπὶ
633 5481 691 5539 δὲ
721 5489 823 5552 τῆς
857 5481 1138 5557 βασιλείας
1164 5478 1480 5556 Αὐγούστου
1529 5482 1802 5555 Καίσαρος
1833 5480 2053 5552 εἰσῆλθε

403 5573 597 5631 πλοῖον
647 5573 759 5628 ἀπὸ
819 5568 1218 5643 Ἀλεξανδρείας
1277 5568 1355 5631 εἷς
1411 5568 1510 5637 τήν
1570 5569 1770 5641 πόρταν
1806 5571 2050 5645 Ῥώμης,

402 5664 804 5740 ἐπιφερόμενον
838 5660 988 5714 σίτου
1019 5656 1220 5732 μοδίων
1257 5654 1519 5733 χιλιάδας
1549 5658 1614 5728 υ“,
1647 5653 1907 5723 ἐπιϐάτας
1948 5664 2053 5736 as’,

2169 4672 2364 4727 Caesar
2394 4688 2537 4725 usus
2568 4686 2766 4742 opera,
2800 4670 2873 4725 ab
2905 4688 2972 4725 eo
3005 4676 3235 4742 peteret
3261 4678 3327 4727 ut
3359 4673 3449 4727 sui
3474 4672 3533 4727 in
3554 4672 3810 4744 quadam

2168 4777 2231 4816 re
2255 4761 2501 4832 juvandi
2529 4761 2716 4833 gratia
2741 4761 2801 4814 in
2852 4761 3076 4816 curiam
3108 4762 3355 4831 veniret,
3405 4761 3715 4835 Caesarque
3750 4780 3810 4818 se

2168 4857 2519 4921 occupatum
2553 4866 2702 4916 esse,
2737 4850 2839 4905 sed
2871 4851 3053 4905 misso
3085 4851 3275 4906 amico
3309 4851 3438 4922 ejus
3467 4852 3809 4907 necessitati

2169 4940 2637 4994 subserviturum
2722 4940 3131 5010 responderet,
3217 4956 3578 4995 succensens
3637 4940 3808 5007 alter,

2167 5032 2304 5100 Ego,
2338 5029 2553 5100 inquit,
2587 5028 2818 5099 quoties
2864 5033 2924 5082 tu
2974 5027 3260 5083 auxilium
3309 5044 3508 5082 meum
3541 5029 3809 5098 require-

2168 5116 2291 5183 bas,
2325 5133 2444 5172 non
2474 5117 2658 5172 alium
2718 5133 2849 5171 meo
2900 5117 3028 5170 loco
3063 5117 3219 5172 nisi.
3278 5117 3363 5170 Ita
3393 5117 3587 5170 Caasar
3642 5133 3807 5171 vere-

2165 5205 2383 5261 cundia
2412 5210 2606 5260 motus
2628 5221 2746 5259 una
2776 5204 2942 5274 abiit,
2963 5205 3136 5277 eique
3162 5206 3222 5259 in
3249 5220 3426 5259 causa
3457 5221 3563 5260 sua
3583 5207 3811 5278 agenda

2164 5296 2371 5351 adfuit.

2233 5478 2492 5547 Augusto
2520 5474 2845 5545 imperante
2869 5473 3033 5527 navis
3059 5472 3463 5531 Alexandrina
3483 5476 3542 5531 in
3570 5482 3808 5548 portum

2160 5566 2359 5620 Romae
2374 5560 3173 5634 estadvecta,quadringenta
3184 5563 3517 5619 modiorum
3532 5563 3809 5620 frumenti

2161 5654 2353 5710 millia
2379 5654 2655 5721 aﬂ'erens,
2705 5652 3043 5708 classiarios
3086 5654 3244 5721 1200,
3274 5661 3483 5710 nautas
3522 5658 3646 5723 200,
3680 5664 3806 5710 tum
