4118 6284
420 385 539 462 339

1743 372 2056 449 GEORGII
2103 372 2456 449 CEDRENI

3683 387 3786 452 340

421 535 611 607 piper,
661 523 867 597 lintea,
918 525 1175 596 chartas,
1205 525 1376 591 vitra,
1422 539 1825 598 magnumque
1857 519 2044 578 obelis

2188 519 2352 575 ναύται
2420 521 2486 591 σ’,
2544 521 2762 596 πὲπερι,
2827 517 3040 592 ὀθόνας,
3099 519 3334 596 χάρτην,
3385 517 3670 590 ὗέλια,καῖ
3726 526 3808 581 τὸν

423 641 558 680 cum
589 626 644 676 et
675 621 1095 691 imperatorem
1135 611 1493 671 collocatum
1543 610 1607 668 in
1639 619 1850 685 magno
1882 611 2070 679 Circo,

420 711 605 767 altum
632 705 813 781 pedes
843 706 909 761 87
943 724 990 762 s.
1513 717 1516 720 ί
1983 704 1989 708 ’

488 888 704 945 Habuit
733 887 911 942 etiam
941 881 1398 940 Athenodorum
1447 879 1948 948 Alexandrinum,
1981 898 2072 937 sa-

415 979 860 1052 pientissimum
918 973 1132 1030 virum.
1169 975 1382 1028 Insano
1440 969 1770 1027 alienarum
1819 982 2072 1028 uxorum

359 1113 362 1117 ν
415 1072 603 1127 amori
629 1061 978 1139 indulgebat
997 1065 1223 1133 Cmsar;
1249 1061 1514 1134 adeOQue
1553 1061 1664 1134 ipsi
1688 1061 1910 1131 flagitio
1943 1063 2071 1132 ejus

415 1159 612 1216 mariti
645 1157 1070 1212 inserviebant.
1107 1153 1251 1208 Cum
1288 1155 1445 1207 enim
1477 1151 1694 1222 aliquis
1727 1157 2069 1207 senatorum

414 1249 488 1304 ad
519 1265 654 1303 eum
685 1245 930 1310 veniret,
965 1245 1058 1299 cui
1091 1259 1239 1298 uxor
1283 1248 1442 1296 esset
1490 1237 1771 1306 formosa,
1804 1237 1876 1294 ad
1909 1242 2069 1296 hunc

386 1341 608 1407 Caesar
663 1333 830 1389 misit
895 1348 1070 1387 suum
1128 1323 1440 1396 annulum,
1511 1320 1948 1402 postulavitque
2003 1334 2070 1383 ut

411 1441 656 1481 uxorem
681 1424 740 1478 in
754 1421 965 1478 lectica
993 1419 1068 1476 ad
1113 1437 1174 1474 se
1197 1419 1459 1474 mitteret
1484 1423 1690 1490 operta
1729 1411 2063 1490 obsignata-

413 1530 528 1586 que
555 1520 614 1568 et
645 1529 768 1568 una
805 1509 1095 1566 annulum
1127 1507 1494 1575 remitteret;
1529 1507 1731 1578 itaque
1751 1507 2066 1561 mulierem

411 1604 474 1658 in
505 1603 716 1658 lectica
745 1600 1067 1672 accipiens,
1103 1597 1336 1670 expleta
1354 1591 1600 1651 libidine
1625 1613 1752 1650 eam
1789 1590 2064 1668 obsigna-

409 1696 532 1747 tam
585 1692 800 1747 marito
857 1687 1218 1745 remittebat.
1299 1687 1558 1742 Petierat
1623 1685 1944 1756 aliquando
2005 1685 2065 1738 id

411 1781 608 1852 ipsum
640 1796 675 1835 a
703 1780 856 1836 303
906 1777 1162 1849 quodam
1193 1778 1428 1843 Caesar;
1461 1775 1562 1846 qui
1613 1791 1748 1830 cum
1788 1791 2063 1830 recusare

2185 608 2347 685 μέγαν
2381 603 2670 666 ὀϐελίσκον
2707 609 2845 686 μετᾶ
2873 612 2971 665 τοῦ
3005 603 3296 684 βασιλέως,
3345 607 3502 665 αὐτόν
3531 629 3586 666 τε
3614 611 3801 669 ἑστῶτα

2178 695 2230 753 ἒν
2256 702 2338 772 τῷ
2372 695 2600 774 μεγάλῳ
2644 701 2897 772 Ἰππικῷ,
2955 690 3152 774 ἔχοντα
3209 697 3342 772 ὕψος
3375 691 3543 762 πόδας
3572 700 3654 770 κζ’
3677 702 3798 774 ἣμι-

2180 803 2293 844 συν.

2249 877 2388 954 Εἶχε
2418 872 2474 933 δέ
2503 878 2592 934 καὶ
2624 875 3004 953 Ἀθηνόδωρον
3037 877 3130 932 τὸν
3160 873 3518 952 Ἀλεξανδρέα
3571 879 3803 958 σοφώτα-

2175 987 2268 1022 τον
2323 967 2480 1024 πάνυ.
2535 965 2635 1024 ’Ἢν
2695 965 2752 1024 δὲ
2805 968 3012 1043 Καῖσαρ
3075 963 3357 1041 μανιώδης
3415 963 3496 1022 ἀεὶ
3552 968 3667 1042 περὶ
3718 969 3806 1032 τὰς

2175 1057 2283 1111 τῶν
2310 1053 2620 1134 ἀλλοτρίων
2645 1063 2927 1132 γυναῖκας,
2961 1057 3036 1120 ὡς
3086 1055 3178 1112 καὶ
3235 1055 3432 1118 αὐτοὺς
3481 1053 3800 1132 ἐξυπηρετεῖν

2173 1146 2252 1218 τῷ
2295 1145 2581 1220 μιάσματι.
2613 1147 2813 1204 Ἠνίκα
2841 1146 2941 1224 γὰρ
2971 1145 3179 1220 ἢρχετό
3209 1165 3292 1207 τις
3348 1150 3456 1200 τῶν
3517 1145 3802 1222 βουλευτῶν

2175 1236 2310 1310 πρὸς
2350 1234 2510 1291 αὐτὸν
2545 1235 2746 1313 ὡραίαν
2779 1233 2922 1310 ἔχων
2965 1241 3218 1314 γυναῖκα,
3274 1229 3482 1308 ἔπεμπε
3537 1235 3668 1309 πρὸς
3697 1241 3808 1292 τοῦ·

2173 1343 2266 1380 τον
2296 1321 2388 1380 τὸν
2419 1323 2619 1381 οἰκεῖον
2672 1317 2984 1396 δακτύλιον,
3043 1323 3133 1380 καὶ
3189 1321 3344 1396 ἠξίου
3411 1319 3663 1398 ἐμϐαλεῖν
3712 1327 3802 1396 τὴν

2171 1416 2414 1489 γαμετὴν
2444 1408 2496 1470 ἐν
2529 1411 2840 1492 καταστέγῳ
2901 1415 3104 1495 φορείῳ
3158 1409 3249 1470 καί
3318 1419 3800 1487 κατασημάνασθαι,

2171 1503 2264 1558 καὶ
2302 1504 2458 1570 αὖθις
2512 1505 2602 1560 τὸν
2660 1501 2952 1561 δακτύλιον
3012 1503 3470 1580 ἀντιπέμψασθαιο
3537 1501 3624 1559 καὶ
3679 1503 3802 1561 οὕτω

2173 1586 2470 1674 δεχόμενος
2535 1597 2636 1666 τὴν
2690 1599 2920 1671 γυναῖκα
2978 1589 3029 1650 ἓν
3097 1596 3176 1668 τῷ
3229 1592 3435 1674 φορείῳ
3491 1590 3806 1668 ἀσελγαίνων

2173 1682 2458 1762 ἐσφράγιζε
2503 1684 2596 1739 καὶ
2682 1684 3130 1764 ἀνταπέστρειρεν.
3190 1687 3366 1758 Ὅπερ
3455 1681 3643 1759 γέγονέ
3692 1702 3802 1755 τινι,

2171 1767 2230 1834 ὅς
2266 1771 2340 1846 μὴ
2363 1771 2654 1846 τολμήσας
2685 1774 2954 1829 ἀντειπεῖν
2995 1769 3316 1848 ἀπωδύρετο
3356 1773 3420 1828 τὸ
3480 1769 3802 1848 δυστύχημα.

419 1886 542 1926 non
563 1869 828 1934 auderet,
862 1885 1030 1924 suam
1061 1866 1458 1923 calamitatem
1489 1864 1856 1938 deplorabat.
1884 1866 2053 1922 Athe-

2170 1863 2266 1926 Οἷς
2298 1861 2517 1926 ἐπιστὰς
2568 1859 2940 1938 Ἀθηνόδωρος
2998 1859 3274 1934 κλαίουσι,
3331 1861 3424 1917 καὶ
3479 1861 3578 1931 τὴν
3643 1860 3798 1917 αἰτίαν

2258 1951 2310 1966 -.
2415 1950 2429 1966 .
2550 1951 2564 1966 .
2639 1951 2664 1966 ..
2865 1952 2881 1966 .
2938 1946 2968 1966 ο
3007 1951 3028 1966 ι
3074 1957 3097 1966 ..
3225 1957 3253 1966 ..
3469 1949 3481 1966 .
3637 1949 3654 1966 ι

407 1959 673 2016 nodorus
693 1975 829 2014 cum
850 1959 911 2012 in
923 1957 1258 2030 plorantem
1276 1953 1789 2022 incidisset,causa
1809 1955 2062 2028 cognita,

415 2065 478 2104 se
496 2065 630 2104 cum
653 2048 857 2104 stricto
875 2045 1071 2120 gladio
1094 2047 1155 2100 in
1183 2045 1453 2101 lecticam
1478 2043 1636 2112 abdi,
1669 2045 1869 2115 itaque
1900 2043 2060 2099 obsi-

408 2144 585 2209 gnata
620 2154 690 2192 ea
717 2137 793 2192 ad
821 2138 1115 2192 Cwsarem
1148 2135 1302 2189 mitti
1328 2133 1528 2205 jussit.
1563 2133 1758 2188 Caesar
1799 2149 1934 2190 cum
1966 2149 2059 2188 se-

405 2228 630 2282 natoris
677 2242 923 2281 uxorem
963 2225 1076 2280 sibi
1108 2223 1350 2278 allatam
1393 2227 1610 2294 putans
1657 2223 1907 2293 januam
1938 2221 2056 2276 lec-

404 2315 540 2370 ticre
571 2314 923 2386 aperuisset,
954 2312 1196 2368 exsiluit
1241 2309 1506 2383 gladium
1538 2310 1807 2365 strictum
1825 2315 2054 2364 tenens.

403 2402 844 2467 Athenodorus,
879 2399 1194 2472 subitoque
1215 2400 1373 2455 visus
1395 2398 1716 2454 admodum
1737 2400 2058 2472 perterruit

404 2493 718 2560 Caesarem,
749 2495 1239 2561 metuentemque
1260 2489 1372 2544 sibi
1395 2489 1766 2544 conﬁrmavit
1794 2505 2054 2558 rursum,

396 2581 861 2653 juramentoque
891 2578 1089 2650 adegit
1115 2577 1462 2650 promittere
1485 2576 1638 2631 nihil
1669 2593 1732 2631 se
1761 2577 1823 2632 in
1854 2583 2051 2648 poste-

401 2686 536 2725 rum
567 2668 687 2724 tale
719 2672 1012 2724 acturum.
1047 2667 1112 2722 Id
1143 2667 1292 2722 adeo
1317 2671 1549 2737 gratum
1581 2667 1794 2722 Cwsari
1827 2666 1956 2735 fuit,
1990 2671 2055 2722 ut

401 2764 719 2815 convocato
749 2761 963 2813 senatu
990 2755 1438 2812 Athenodorum
1468 2753 1674 2810 multis
1702 2755 1896 2810 verbis
1923 2753 2050 2810 lau-

403 2847 674 2915 daverit;
726 2845 1141 2916 addideritque
1209 2861 1294 2913 se,
1362 2861 1498 2900 cum
1555 2849 1788 2916 turpem
1851 2849 2052 2917 ageret

401 2941 602 3008 vitam,
633 2937 706 2994 ab
759 2954 826 2993 eo
856 2936 1038 2992 fuisse
1093 2940 1444 2993 correctum.
1477 2937 1604 2990 1am
1652 2937 1845 3008 gravis
1876 2941 2047 2992 astate

395 3027 814 3085 Athenodorus
843 3027 906 3082 in
963 3025 1216 3098 patriam
1248 3024 1538 3080 redeundi
1591 3025 1823 3082 veniam
1853 3025 2044 3097 petiit,

399 3118 559 3190 quod
581 3118 708 3190 jam
739 3116 1062 3189 perfectam
1091 3132 1292 3170 rerum
1315 3115 1714 3188 cognitionem
1746 3121 1804 3170 et
1833 3115 2044 3188 agendi

395 3209 689 3264 rationem
748 3208 942 3263 Cassar
999 3211 1156 3262 esset
1228 3212 1604 3262 consecutus.
1665 3207 1810 3261 Cum
1891 3223 2042 3279 aegre

396 3299 634 3353 veniam
691 3297 1088 3368 impetrasset,
1137 3295 1347 3352 ultimo
1393 3295 1658 3368 digressu
1706 3294 2043 3351 valedicens

399 3386 613 3442 Caesari
644 3385 707 3439 in
736 3400 941 3440 aurem
971 3383 1384 3456 insusurravit,
1425 3384 1672 3440 hortans
1702 3390 1767 3439 ut
1814 3384 2046 3455 quoties

399 3475 489 3532 ira
517 3478 1002 3540 commoveretur,
1036 3489 1160 3528 non
1186 3477 1324 3528 ante
1345 3473 1438 3545 agi
1460 3473 1785 3544 quidquam
1807 3472 2047 3529 manda-

398 3569 492 3620 ret
516 3579 693 3634 quam
715 3562 873 3634 apud
893 3578 1022 3618 sese
1047 3563 1115 3617 24
1135 3561 1556 3617 vocabulorum
1593 3561 1886 3618 elementa
1907 3579 2048 3618 enu-

400 3657 729 3709 merasset:
762 3655 937 3708 norat
954 3651 1116 3706 enim
1149 3650 1420 3706 animum
1453 3651 1700 3707 Caesaris
1733 3651 1929 3708 subita
1958 3652 2048 3708 ira

399 3743 804 3813 exardescere,
833 3746 892 3797 et
917 3737 1093 3797 facile
1114 3741 1354 3796 mutari.
1375 3742 1520 3796 Tum
1547 3743 1742 3797 Caesar
1765 3757 1779 3796 :
1815 3764 1842 3792 «
1868 3742 2046 3811 Bene,

398 3833 612 3903 inquit,
644 3831 826 3887 habet
844 3851 864 3899 ,-
887 3829 1306 3886 commonuisti
1333 3847 1425 3884 me
1454 3830 1614 3901 quod
1645 3829 1911 3886 nondum
1933 3831 2046 3886 sim

396 3921 716 3994 perfectus.
767 3921 971 3989 Itaque
1014 3917 1282 3974 nondum
1333 3919 1528 3991 patiar
1574 3925 1631 3975 te
1679 3920 1741 3974 in
1790 3921 2046 3992 patriam

398 4007 616 4064 redire.
651 4031 674 4061 ι

475 4099 644 4152 Anno
705 4095 949 4166 Augusti
995 4098 1028 4150 2
1069 4095 1428 4152 indictiones
1474 4093 1758 4152 instituta;
1811 4101 1951 4154 sunt
1993 4103 2050 4152 et

399 4186 686 4254 bisextus,
719 4186 1000 4258 legesque
1046 4185 1119 4242 ab
1150 4202 1218 4242 eo
1250 4186 1450 4242 civiles
1507 4185 1846 4259 propositas.
1888 4189 2050 4242 Tunc

404 4279 582 4335 etiam
613 4280 812 4334 Roma;
854 4277 1132 4350 Virgilius
1175 4281 1351 4348 poeta
1399 4277 1678 4331 innotuit.
1730 4277 1846 4332 Sub
1895 4278 2051 4333 304

406 4386 474 4425 eo
503 4367 682 4424 etiam
701 4367 912 4422 Iudam
943 4365 1272 4433 Galilzeum,
1305 4364 1478 4435 cujus
1501 4371 1591 4420 est
1615 4365 1677 4420 in
1701 4365 1862 4420 Actis
1892 4381 2054 4420 men-

403 4457 506 4524 tio,
566 4456 766 4511 ferunt
803 4454 1160 4510 seditionem
1216 4453 1490 4522 movisse,
1540 4459 1600 4509 et
1652 4457 2047 4527 Antipatrum,

404 4544 652 4600 Herodis
710 4548 962 4612 patrem,
1016 4542 1232 4598 Iudaeae
1295 4557 1496 4614 regem
1547 4561 1583 4599 a
1635 4544 1918 4600 Romanis
1964 4545 2054 4600 fa-

405 4639 586 4688 ctum.

476 4721 767 4776 Antonius
797 4723 994 4795 autem
1028 4718 1231 4775 consul
1265 4723 1324 4774 et
1355 4721 1679 4792 imperator
1727 4723 2050 4790 Romanus,

403 4811 489 4866 uti
518 4809 626 4865 Dio
651 4809 930 4864 Cocceius
961 4807 1186 4876 scribit,
1225 4809 1402 4864 Bruto
1441 4815 1500 4864 et
1529 4809 1749 4878 Cassio,
1799 4811 1900 4882 qui
1929 4813 2054 4866 Ca:—

405 4915 600 4955 sarem
628 4896 848 4954 Iulium
872 4901 1248 4967 necaverant,
1273 4897 1623 4968 interfectis,
1645 4899 1935 4954 exercitus
1965 4916 2052 4955 re-

404 4988 645 5046 creandi
690 5002 869 5043 causa
915 4987 977 5041 in
1009 4987 1236 5059 Syriam
1297 4987 1474 5042 venit.
1526 4987 1670 5043 Inde
1727 4987 2052 5061 CleOpatraa

404 5095 604 5136 amore
645 5082 852 5148 captus
898 5077 1160 5148 Augusto
1210 5076 1426 5132 Caesari
1484 5093 1545 5132 se
1593 5077 1885 5150 opposuit,
1939 5079 2056 5134 Ro-

401 5183 684 5238 mamque
723 5165 941 5231 redire,
974 5181 1050 5220 ne
1081 5181 1324 5220 causam
1355 5164 1552 5222 dicere
1603 5184 1751 5239 opus
1785 5167 2050 5236 haberet,

403 5256 762 5329 posthabuit.
775 5256 876 5310 Hic
893 5255 1183 5309 Antonius
1206 5273 1337 5310 cum
1355 5256 1662 5328 Cleopatra
1681 5257 2054 5313 Alexandriae

405 5348 464 5398 et
491 5344 715 5415 Egypti
759 5345 967 5415 regina
1008 5343 1151 5398 inito
1185 5344 1457 5411 consilio,
1504 5346 1886 5417 Dexiophane
1933 5363 2054 5401 me-

407 5433 653 5488 chanico
667 5432 719 5485 ei
735 5433 898 5503 operi
911 5433 1448 5506 prmfecto,magnaa
1467 5435 1778 5490 hominum
1793 5437 2056 5492 multitu-

406 5520 563 5576 dinis
593 5535 775 5590 opera
822 5521 1126 5592 multoque
1176 5522 1378 5578 labore
1428 5527 1485 5577 et
1538 5523 1842 5594 impendio
1887 5541 2051 5593 usus,

406 5610 590 5668 maris
617 5608 837 5664 fretum
861 5608 1017 5677 quod
1038 5609 1244 5665 urbem
1270 5609 1688 5666 Alexandriam
1712 5617 1769 5666 et
1801 5612 2054 5684 pharum

409 5699 668 5757 insulam
736 5695 1120 5752 interﬂuebat
1195 5705 1451 5768 quatuor
1501 5681 2056 5756 minarum—latitu-

2174 1951 2381 2025 μαθὼν,
2415 1950 2602 2008 ἐαυτὸν
2631 1951 2832 2029 ᾔτησεν
2863 1946 3124 2026 ἐμϐαλεῖν
3186 1957 3266 2026 τῷ
3323 1949 3530 2027 φορείῳ
3567 1949 3654 2005 καί
3712 1971 3798 2006 κα-

2165 2041 2656 2116 τασημηναμένους
2708 2041 3050 2112 ἀποστεῖλαι,
3107 2041 3310 2118 γυμνὸν
3363 2040 3516 2118 ξίφος
3571 2037 3799 2120 ἐπιφερό-

2169 2152 2344 2204 μενον.
2406 2129 2484 2188 Οὔ
2535 2127 2878 2207 ἀπαχθέντος
2934 2129 3110 2186 ἐδόκει
3171 2135 3378 2206 Καῖσαρ
3427 2129 3525 2199 τήν
3597 2135 3803 2204 γυναῖκα

2165 2219 2300 2274 εἶναι
2336 2223 2434 2275 τοῦ
2489 2218 2886 2298 συγκλητικοῦ,
2943 2221 3036 2275 καὶ
3091 2217 3399 2293 ἀνοίξαντπ
3481 2219 3574 2281 τὰς
3651 2219 3799 2294 θύρας

2163 2302 2372 2382 ἐξέθορε
2427 2311 2666 2386 ξιφήρης
2717 2307 3102 2386 Ἀθηνόδωρος
3156 2307 3244 2364 καὶ
3322 2309 3464 2364 πάνυ
3521 2307 3799 2378 κατέπτηξε

2159 2401 2240 2470 τῷ
2269 2397 2453 2474 ἀθρόῳ
2481 2397 2573 2454 τὸν
2607 2397 2870 2474 Καίσαρα.
2930 2399 3033 2456 Καὶ
3101 2394 3316 2454 δεδιότα
3379 2395 3538 2453 αὐτὸν
3593 2397 3797 2468 ἀνεκτη-

2160 2507 2310 2556 σατο,
2343 2487 2431 2543 καὶ
2459 2491 2576 2552 τοῖς
2619 2487 2892 2562 μεγίστοις
2941 2485 3231 2559 κατέδησεν
3291 2487 3482 2562 ’ὀρκοις
3538 2484 3794 2560 μηδέποτε

2155 2579 2316 2632 τοῦτο
2347 2580 2569 2654 πρᾶξαι.
2617 2581 2711 2632 "Ov
2742 2581 3002 2634 τοσοῦτον
3060 2573 3351 2650 ἀπεδέξατο
3407 2575 3484 2642 ώς
3535 2577 3632 2646 τὴν
3677 2573 3792 2649 σόγ-

2155 2661 2358 2736 κλητον
2389 2666 2702 2742 συναγαγὼν
2737 2661 2924 2722 πολλᾶ
2981 2669 3072 2722 τὸν
3107 2662 3490 2740 ’Δθηνόδωρον
3530 2663 3790 2740 ἐγκώμιά-

2156 2775 2265 2826 σαι,
2295 2755 2609 2831 προσθεῖναι
2641 2751 2698 2810 δὲ
2727 2755 2818 2811 καὶ
2845 2753 3038 2826 τοῦτο,
3077 2754 3154 2817 ὡς
3182 2753 3350 2810 κακὸν
3391 2755 3509 2831 βίον
3563 2749 3794 2830 ἐσχηκὼς

2159 2837 2264 2899 ὑπὸ
2295 2842 2680 2922 Ἀθηνοδώρου
2713 2841 3106 2920 ὶπανωρθώθη.
3138 2846 3394 2920 Γηράσας
3446 2841 3503 2899 δέ
3559 2839 3588 2899 6
3641 2843 3794 2914 Ἀθη-

2151 2928 2390 3007 νόδωρος
2420 2931 2619 3008 ᾔτησεν
2645 2932 2896 2990 ἀπελθεῖν
2925 2931 3002 2997 εἷς
3056 2933 3154 3004 τήν
3209 2931 3470 3008 πατρίδα·
3529 2927 3676 3010 ἔλεγε
3700 2933 3784 3010 γᾶρ

2153 3023 2228 3084 ὡς
2249 3021 2458 3088 τέλειος
2484 3021 2567 3096 εἴη
2602 3025 2630 3079 6
2657 3024 2865 3102 Καῖσαρ
2911 3024 3050 3080 κατᾶ
3105 3026 3276 3080 πᾶσαν
3326 3023 3656 3102 φιλοσοφίαν
3710 3022 3784 3079 καὶ

2149 3107 2448 3188 πρᾶξιν.⁹0
2481 3111 2538 3167 δὲ
2581 3109 2748 3186 μόλις
2802 3112 3086 3190 ἐπέτρεψεν
3151 3112 3296 3186 αὐτῷ
3349 3115 3454 3183 τήν
3515 3113 3794 3193 ἀναχώρη-

2156 3221 2262 3258 σιν.
2303 3199 2390 3266 Ὠς
2445 3197 2504 3256 δὲ
2563 3197 2782 3277 μέλλων
2842 3197 3088 3277 ἀπαίρειν
3145 3199 3424 3274 ἠσπάζετο
3485 3200 3664 3272 αὐτὸν,
3715 3201 3793 3256 καὶ

2296 3289 2308 3309 1

2161 3249 2262 3258 -...
2319 3249 2389 3266 ..τ
2449 3249 2503 3256 η
2608 3249 2777 3257 -....-..
2843 3249 2974 3258 ..πω
3014 3249 3084 3258 -..
3152 3249 3423 3274 .,-.-...,---
3485 3249 3664 3272 ..-ηπ
3716 3249 3790 3256 .---

2073 3249 2116 3331 C
2155 3286 2420 3364 ἐπικύψας
2453 3289 2528 3354 είς
2563 3249 2630 3346 :6
2663 3290 2756 3354 οὒς
2789 3249 3084 3364 παρεκοίλει
3109 3285 3182 3346 ’ἶν’
3213 3289 3404 3356 ὁσάκις
3437 3289 3684 3370 ὂργισθῇ,
3725 3290 3790 3363 μὴ

2149 3375 2417 3451 πρότερον
2445 3377 2674 3455 κελεύσῃ
2703 3379 2766 3436 τὸ
2805 3379 3095 3456 πρακτέον,
3155 3381 3281 3457 πρὶν
3319 3379 3382 3436 ἂν
3454 3383 3574 3437 καθ’
3625 3377 3793 3436 ἑαυτὸν

2150 3463 2434 3544 ἀριθμήσῃ
2469 3470 2536 3524 τὰ
2563 3466 2646 3526 κδ’
2679 3470 2946 3527 στοιχεῖα·
2971 3467 3095 3542 ἤδει
3123 3471 3225 3546 γὰρ
3258 3471 3431 3528 αὐτοῦ
3453 3471 3514 3527 τὸ
3541 3467 3788 3542 ὀξύθυμον

2151 3556 2240 3612 καὶ
2307 3553 2744 3632 εὐμετάϐλητον.
2800 3561 2863 3618 ’O
2921 3557 2978 3616 δέ
3044 3563 3246 3634 Καῖσαρ
3322 3560 3639 3636 αἶσθόμενος
3667 3561 3787 3634 ’ἔφη’

2159 3669 2185 3700 ο
2218 3645 2375 3725 Εὖγε,
2407 3647 2724 3722 ὓπέμνησάς
2755 3669 2822 3722 με
2852 3647 2925 3712 ὡς
2959 3647 3155 3720 ἀτελής
3187 3647 3301 3724 εἶμι
3331 3649 3426 3706 καὶ
3456 3653 3556 3722 τῆς
3590 3656 3686 3720 σῆς
3715 3645 3788 3704 δι-

2153 3733 2449 3800 δασκαλίας
2483 3735 2764 3812 δεόμενος.
2801 3738 2898 3794 Διᾶ
2926 3743 3090 3795 τοῦτο
3123 3739 3184 3796 οὐ
3209 3743 3565 3818 συγχωρήσω
3591 3762 3671 3798 σοι
3700 3745 3792 3812 τῆς

2153 3825 2520 3904 ἐνεγκαμένης
2549 3823 2684 3892 τέως
2713 3821 2992 3899 ἐπιϐῆναι.
3031 3853 3058 3882 »

2224 4091 2430 4151 Τούτου
2487 4095 2571 4168 [Ρ.
2636 4095 2758 4169 173]
2815 4099 2895 4167 τῷ
2955 4093 3188 4170 δευτέρῳ
3244 4091 3351 4154 ἔτει
3436 4097 3494 4154 αἱ
3571 4095 3795 4155 ’ίνδικτοι

2154 4181 2519 4254 ἐπενοήθησαν
2557 4184 2648 4238 καὶ
2679 4184 2741 4238 τὸ
2776 4181 3041 4258 βίσεξτον,
3076 4185 3166 4240 καὶ
3221 4187 3429 4260 νόμους
3472 4179 3671 4260 ἐξέθετο
3700 4208 3797 4244 πο-

2156 4265 2423 4334 λιτικούς.
2459 4271 2554 4326 Καὶ
2615 4270 2896 4346 Βιργίλιος
2952 4271 3096 4347 παρᾶ
3155 4273 3456 4348 Ῥωμαίοις
3489 4277 3794 4353 ἐγνωρίζετο

2155 4361 2414 4432 ποιητής.
2451 4361 2570 4416 Ἐπὶ
2600 4361 2798 4417 τούτου
2837 4359 2928 4416 καὶ
2970 4359 3175 4420 Ἰούδαν
3208 4363 3300 4418 τὸν
3359 4365 3654 4423 Γαλιλαῖον
3714 4367 3798 4421 τὸν

2157 4447 2210 4504 ἐν
2249 4455 2368 4511 ταῖς
2400 4451 2652 4535 Πράξεσιν
2707 4447 3078 4530 ἐμφερόμενον
3136 4451 3444 4530 ἶστοροῦσιν
3499 4451 3800 4535 ἐγηγέρθαι,

2155 4539 2246 4593 καὶ
2277 4533 2626 4614 Ἀντίπατρον
2676 4538 2768 4595 τὸν
2825 4538 3078 4616 Ἠρώδου
3134 4544 3338 4618 πατέρα
3391 4546 3491 4615 τῆς
3544 4533 3801 4608 -Ἴουδαίας

2077 4619 2122 4684 Β
2157 4628 2388 4704 βασιλέα
2413 4637 2745 4701 καταστῆναι
2780 4631 2882 4686 ὑπὸ
2911 4629 3229 4706 Ῥωμαίων.

2230 4719 2517 4782 Ἀντώνιος
2549 4716 2607 4774 δὲ
2649 4720 2676 4774 ὁ
2736 4721 3038 4798 στρατηγὸς
3089 4723 3178 4777 καὶ
3239 4720 3444 4788 ὕπατος
3503 4725 3801 4801 Ῥωμαίων,

2161 4809 2234 4870 ὥς
2266 4830 2396 4886 φησι
2431 4807 2566 4863 Δίων
2601 4811 2629 4864 ὁ
2691 4809 2966 4884 Κόκκειος,
2999 4809 3210 4866 ἀνελὼν
3270 4818 3508 4886 Βροῦτον
3550 4817 3638 4872 καὶ
3695 4815 3801 4872 Κά-

2161 4920 2274 4954 σιον
2297 4897 2425 4962 τοὺς
2463 4897 2725 4978 φονευτδις
2785 4895 3022 4957 Ἰουλίου
3083 4901 3375 4978 Καίσαρος,
3433 4901 3527 4962 τὸν
3583 4908 3797 4984 στρατὸν

2160 4983 2447 5044 ἀναλαϐὼν
2478 4987 2642 5056 ἦλθεν
2677 4989 2727 5043 ἐν
2761 4987 2952 5065 Συρίᾳ.
2979 4987 3186 5066 Ἔρωτι
3209 4987 3265 5047 δὲ
3297 4993 3528 5068 βληθεὶς
3558 4983 3801 5052 Κλεοπά-

2159 5099 2288 5155 τρας
2359 5078 2583 5154 ἀντῆρεν
2642 5079 2942 5156 Αὐγούστῳ
3001 5081 3254 5160 Καίσαριο
3312 5084 3430 5150 ὅθεν
3497 5083 3798 5152 ἐπανελθεῖν

2163 5168 2236 5231 εἷς
2271 5169 2490 5242 Ῥώμην
2520 5167 2618 5224 οὐκ
2643 5165 2867 5244 ἐγνώκει
2917 5170 2992 5234 ὡς
3049 5169 3214 5248 λόγον
3259 5171 3578 5232 ἀποδώσων.
3636 5177 3799 5238 Οὗτος

2162 5259 2190 5312 6
2249 5258 2540 5320 Ἀντώνιος
2605 5259 2738 5332 μετὰ
2829 5259 3182 5335 Κλεοπᾶτρας
3241 5260 3642 5340 Ἀλεξανδρείας
3713 5264 3796 5320 καὶ

2164 5346 2438 5422 Αἰγύπτου
2492 5347 2778 5422 ἀνταρσίαν
2841 5348 3281 5424 βουλευσάμενος
3343 5353 3661 5429 προσέχωσε
3713 5355 3794 5408 τὸν

2163 5434 2572 5512 Ἀλεξανδρείας
2629 5445 2728 5508 τῆς
2800 5437 3017 5501 πόλεως
3093 5441 3184 5496 καὶ
3246 5440 3430 5518 Φάρου
3489 5447 3588 5512 τῆς
3641 5446 3800 5515 νήσου

2165 5525 2359 5598 μεταξὺ
2420 5522 2758 5600 διακείμενον
2824 5525 3119 5592 θαλάσσιον
3175 5531 3443 5607 πορθμὸν,
3502 5533 3632 5588 ὡσεὶ
3686 5533 3800 5588 τέσ-

2162 5634 2296 5688 σαρα
2329 5611 2489 5686 μίλια
2519 5611 2714 5670 ἔχοντα
2742 5614 3036 5692 διάστημα.
3069 5621 3273 5676 Τοῦτον
3306 5621 3397 5676 οὖν
3417 5621 3507 5677 τὸν
3553 5623 3792 5698 πορθμὸν

2163 5703 2312 5780 χειρὶ
2357 5697 2546 5778 πολλῇ
2603 5705 2693 5758 καὶ
2752 5703 2962 5776 σπουδῆ
3020 5707 3107 5764 καὶ
3167 5706 3400 5786 δαπάνῃ,
3449 5697 3794 5788 Δεξιοιράνους
