4118 6284
311 380 430 441 341

1459 380 2015 445 ΗΙΞΤΟΒῙΛΒΠΠ
2060 381 2574 446 COMPENDIUM

3618 383 3739 446 362

313 518 644 593 μηχανικοῦ
698 521 799 571 τοῦ
853 514 1016 592 ἔργου
1066 515 1513 593 προηγουμένου,
1565 516 1957 573 συντελέσαντει

2084 516 2243 587 dine,
2302 518 2532 592 ingesta
2583 520 2834 576 materia
2888 520 3148 589 siccavit,
3197 518 3457 591 fecitque
3503 525 3571 577 ut
3600 524 3737 577 tau-

308 599 546 679 ⁴ἤπειρον
607 605 703 659 καὶ
756 605 921 680 βατὸν
975 606 1114 661 εἶναι
1161 606 1568 681 παρεσκεύασαν
1618 602 1821 662 ἄϐατον
1850 600 1957 661 ὄντι

2087 616 2267 677 quam
2297 625 2405 679 per
2433 609 2839 665 continentem
2868 608 3016 666 liber
3032 614 3191 667 esset
3219 624 3290 665 ex
3309 608 3455 667 urbe
3477 610 3739 671 Pharum

310 694 386 749 τὸ
413 692 701 771 πρότερον,
734 696 823 750 καὶ
873 694 1172 759 ἀκωλύτως
1204 694 1396 768 ὖεεῖναι
1457 698 1595 772 πρὸς
1662 699 1763 768 τὴν
1798 696 1979 771 Φάρον
2085 695 2303 753 aditus.

314 780 638 842 διαϐαίνειν.

393 873 600 932 Τούτου
630 879 713 947 τῷ
744 872 811 929 ιδ’
840 871 973 943 ἔτει,
1003 874 1316 949 Αὐγούστου
1347 873 1405 931 δὶ
1453 875 1721 952 Καίσαρος
1754 878 1849 952 μβ³
1871 873 1976 931 ἔτει

306 971 418 1033 τῆς
452 964 758 1042 μοναρχίας
789 963 981 1035 αύτοῧ,
1010 964 1251 1021 τίκτεται
1282 966 1516 1042 Χριστὸς
1546 967 1575 1021 ὁ
1621 967 1752 1030 Θεὸς
1792 968 1975 1038 ἡμῶν.

2158 875 2344 947 Hujus
2365 876 2691 948 Cleopatra
2738 876 2969 932 decimo
3001 880 3233 946 quarto,
3257 877 3502 948 Augusti
3534 884 3733 936 autem

2086 969 2332 1025 Caesaris
2353 970 2518 1041 regni
2554 972 2622 1024 32
2653 985 2832 1037 anno,
2882 969 3148 1025 Christus
3196 970 3483 1027 Dominus
3532 979 3737 1030 noster

311 1055 485 1116 Ἔτος
512 1059 673 1109 τοῦτο
705 1053 933 1118 κτίσεως
981 1053 1191 1127 κόσμου
1249 1056 1386 1112 κατὰ
1442 1057 1538 1118 τὰς
1595 1050 1957 1131 ἀκριϐεστέραι

2086 1062 2261 1113 natus
2291 1065 2381 1113 est
2409 1058 2541 1129 (fuit
2570 1060 2620 1113 is
2652 1075 2845 1114 annus
2875 1057 3105 1123 mundi,
3136 1060 3460 1115 secundum
3493 1077 3734 1119 accura-

312 1143 633 1221 ἀναγραφὰς
666 1145 813 1221 κεφςζ
860 1145 992 1216 μηνὶ
1024 1139 1345 1219 Δεκεμϐρίῳ
1374 1146 1470 1214 κε’,
1525 1148 1708 1220 ἡμέρᾳ
1739 1142 1802 1202 δ“.
1864 1144 1975 1201 Κύ-

314 1232 461 1294 κλος
492 1231 660 1302 ἡλίου
700 1231 1188 1303 ὀκτωκαιδέκατος,
1220 1234 1311 1289 καὶ
1369 1233 1604 1306 σελήνης
1660 1233 1860 1295 κύκλος
1894 1236 1971 1292 is‘.

311 1322 449 1376 Εἶτα
480 1324 802 1395 γνῶναιτήν
832 1324 1041 1398 ἡμέραν
1096 1322 1427 1398 βουλόμενοι
1478 1326 1593 1379 καθ’
1651 1322 1716 1393 ἥν
1775 1322 1969 1393 erat»,

305 1411 546 1484 Χριστὸς
578 1411 605 1465 6
638 1408 901 1480 ἀληθινὸς
932 1412 1063 1473 Θεὸς
1091 1414 1275 1483 ἡμῶν,
1332 1412 1546 1484 τίθεμεν
1576 1413 1670 1474 τὰς
1707 1413 1843 1467 κατὰ
1908 1413 1971 1468 τὸ

306 1500 487 1574 παρὸν
514 1498 632 1561 ἔτος
666 1497 713 1554 δ’
745 1500 980 1561 ἐπακτὰς
1008 1505 1106 1556 τοῦ
1138 1500 1328 1570 ἡλίου,
1387 1502 1474 1556 καὶ
1520 1503 1739 1564 ταύταις
1797 1520 1969 1577 προσ-

306 1591 531 1662 τίθεμεν
559 1590 655 1652 τὰς
686 1589 793 1645 ἀπὸ
842 1590 1028 1666 ἀρχῆς
1091 1595 1191 1645 τοῦ
1246 1590 1469 1666 πρώτου
1506 1592 1679 1664 μηνὸς
1736 1592 1967 1665 ἡμέρας,

308 1676 642 1752 Ἀπριλλίου
676 1678 752 1743 λ’,
784 1679 961 1735 Μαΐου
1023 1678 1132 1745 λα’,
1200 1681 1426 1737 Ἰουνίου
1485 1679 1554 1749 λ’,
1597 1680 1832 1737 Ἰουλίου
1864 1681 1967 1751 λα’,

224 1843 228 1846 γ
306 1767 631 1843 Αὐγούστου
719 1768 831 1836 λα’,
887 1763 1264 1844 Σεπτεμϐρίου
1338 1768 1407 1842 λ’,
1458 1767 1797 1845 Ὀγτωϐρίου
1860 1769 1963 1838 λα’,

2086 1152 2241 1202 tores
2271 1148 2539 1216 annales,
2595 1151 2757 1217 5506)
2811 1148 3032 1203 mensis
3087 1148 3429 1204 Decembris
3486 1150 3582 1206 die
3638 1155 3731 1219 25,

2082 1237 2234 1292 feria
2280 1244 2510 1308 quarta,
2563 1238 2773 1309 Cyclus
2806 1238 2948 1293 solis
3000 1242 3127 1292 erat
3158 1240 3243 1305 18,
3277 1238 3433 1293 lunas
3468 1240 3552 1294 15.
3583 1241 3729 1297 Cum

2086 1341 2220 1399 ergo
2253 1326 2409 1382 diem
2435 1327 2707 1381 volumus
2738 1327 3046 1399 explorare
3077 1343 3195 1397 qua
3242 1328 3509 1382 Christus
3561 1343 3733 1385 verus

2082 1421 2289 1470 noster
2310 1416 2464 1471 Deus
2481 1422 2654 1470 natus
2687 1417 2942 1484 est,anni
2967 1417 3278 1487 prtesentis
3301 1422 3560 1487 quatuor
3589 1418 3733 1480 solis

2083 1510 2319 1576 epactas
2351 1505 2851 1577 ponimus,ilsque
2878 1506 3153 1573 addimus
3175 1506 3302 1561 dies
3325 1520 3457 1577 quia
3489 1513 3629 1563 sunt
3659 1507 3731 1563 ab

2081 1596 2250 1653 initio
2272 1598 2448 1669 primi
2483 1599 2726 1661 mensis,
2752 1599 2903 1655 305
2928 1615 3142 1670 nempe
3192 1598 3414 1670 Aprilis
3446 1602 3534 1664 30,
3599 1601 3732 1655 Maii

2081 1684 2168 1757 31,
2200 1688 2356 1742 Junii
2388 1689 2475 1753 30,
2498 1687 2634 1743 Julii
2662 1689 2750 1754 31,
2796 1688 3043 1759 AugiIsti
3101 1689 3188 1750 31,
3244 1688 3606 1759 Septembris
3638 1692 3730 1759 30,

2080 1776 2346 1831 Octobris
2378 1779 2465 1843 31,
2489 1777 2829 1832 Novembris
2861 1780 2949 1841 30,
2978 1776 3320 1833 Decembris
3350 1780 3438 1832 25.
3464 1778 3728 1846 Summa,

312 1851 632 1932 Νοεμϐρίου
675 1856 744 1925 λ’,
813 1852 1145 1932 Δεκεμϐρίου
1203 1860 1297 1930 κε’,
1357 1860 1497 1932 ὁμοῦ
1554 1860 1689 1938 σιιαῖ
1751 1860 1957 1924 Ταύτας

2078 1865 2203 1921 dies
2230 1868 2352 1919 291.
2407 1867 2565 1921 Hanc
2598 1882 2703 1937 per
2759 1873 2982 1937 septem
3033 1866 3225 1921 divide
3252 1866 3371 1921 ita:
3406 1868 3627 1938 septies
3655 1870 3726 1922 40

312 1946 485 2025 {Seps}:
540 1946 630 2001 ἐπὶ
687 1950 796 2001 τῶν
855 1947 989 2002 ἑπτα
1047 1944 1238 2009 οὕτως·
1300 1949 1521 2012 ἑπτάκις
1558 1949 1609 2022 μ’
1662 1950 1765 2003 ait"
1803 1951 1869 2004 ια’
1902 1952 1960 2020 ζ’·

310 2034 507 2090 λοιπαῖ
542 2033 603 2094 δ’.
638 2037 925 2110 Ἕγνωμεν
962 2035 1058 2091 οὖν
1092 2037 1165 2100 ὡς
1194 2039 1313 2092 καθ’
1338 2036 1407 2108 ἤν
1438 2037 1644 2114 ἡμέραν
1666 2036 1964 2116 ἐδημιούρ-

303 2145 445 2198 γησε
472 2124 598 2186 τοὺς
641 2133 953 2202 ιρωστῆρας,
998 2129 1112 2181 κατ’
1171 2126 1339 2197 αὐτὴν
1392 2127 1589 2197 ὲτέλθη
1650 2129 1878 2203 Χριστὸς
1934 2130 1962 2184 6

304 2213 579 2283 ἀληθινὸς
605 2215 736 2277 Θεὸς
767 2217 927 2288 ἡμῶν
962 2215 1034 2276 ὡς
1068 2216 1333 2292 ὑπάρχων
1363 2215 1557 2279 ’Ἥλιος
1589 2214 1959 2289 δικαιοσύνης,

374 2395 474 2464 Τῷ
531 2394 591 2447 ιε’
645 2388 753 2447 ἔτει
825 2388 1082 2465 Τιϐερίου
1141 2396 1412 2471 Καίσαρος
1482 2396 1798 2472 βαπτίζεται
1861 2398 1961 2453 ὑπὸ

291 2483 581 2547 Ἰωάννου,
615 2481 913 2539 ίνδικτιῶνι
945 2486 1161 2559 πρώτῃ,
1195 2484 1248 2541 ἐν
1278 2491 1358 2559 τῷ
1419 2484 1661 2562 Ἰορδάνῃ
1702 2493 1959 2562 ποταμῷ,

292 2575 369 2645 τῇ
404 2576 475 2648 ιγ’
504 2574 690 2647 ἡμέρᾳ
712 2577 809 2628 τοῦ
843 2575 925 2628 λα’
954 2569 1107 2638 ἔτους
1140 2574 1326 2646 αὐτοῦ,
1382 2577 1426 2640 ς’
1466 2580 1563 2631 τοῖ’)
1617 2577 1960 2654 Ἰανουαρίου

300 2663 502 2734 μηνός.
537 2662 627 2717 Ἐν
657 2666 738 2734 τῷ
770 2665 897 2739 δεφςί
934 2660 1037 2719 ἔτει
1091 2663 1272 2720 τοίνυν
1327 2672 1427 2735 τῆς
1464 2669 1561 2722 τοῦ
1628 2668 1837 2740 κόσμου
1870 2690 1957 2746 γε·

295 2750 503 2814 νέσεως
538 2750 806 2824 ἐγεννήθη
840 2753 1070 2827 Χριστὸς
1132 2754 1160 2808 ὁ
1217 2755 1345 2816 Θεὸς
1404 2757 1583 2828 ἡμῶν.
1645 2757 1732 2813 Ἐν
1772 2754 1829 2812 δὲ
1883 2761 1960 2828 τῷ

298 2841 534 2915 παρόντι
567 2841 735 2919 ⁸ειρλς“
765 2839 868 2896 ἔτει
918 2836 1237 2912 ἐϐαπτίσθη,
1294 2845 1472 2907 καθὼς
1504 2844 1775 2901 λέλεκται.
1812 2847 1960 2904 Μετᾶ

307 2928 365 2985 δὲ
388 2930 459 2985 τὸ
492 2932 862 3006 βαπτισθῆναι
894 2932 1103 2987 ἃπαντα
1127 2933 1218 2988 τὸν
1248 2932 1403 3001 λαὸν,
1435 2934 1473 3009 ᾖ
1529 2955 1661 3011 φησι
1717 2936 1784 2989 τὰ
1839 2936 1957 3011 ἱερὰ

308 3020 507 3095 Λόγια,
540 3020 633 3074 καὶ
686 3021 864 3089 Ἰησοῦ
924 3021 1309 3095 βαπτισθέντος
1361 3023 1448 3077 καὶ
1509 3025 1956 3102 προσευχομένου

300 3108 513 3183 ἒγένετο
545 3108 890 3182 ἀνεῳχθῆναι
939 3108 1029 3164 τὸν
1090 3110 1339 3185 οὐρανὸν,
1397 3110 1489 3167 καί
1544 3109 1848 3182 καταϐῆναι
1893 3114 1956 3168 τὸ

308 3201 521 3271 Πνεζιμα
573 3199 639 3254 τὸ
699 3199 852 3272 ἅγιον
904 3204 1202 3273 σωματικῷ
1256 3198 1389 3255 εἴδει
1443 3201 1567 3256 ὡσεὶ
1631 3202 1948 3277 περιστερὰν

317 3284 398 3339 ἐπ’
430 3287 600 3355 αυτὸν,
626 3288 717 3342 καὶ
752 3289 933 3366 φωνὴν
966 3288 1016 3358 ἐξ
1076 3289 1307 3364 ούρανοῦ
1364 3290 1607 3365 γενέσθαι
1666 3288 1948 3368 λέγουσαν·

332 3394 354 3423 ε
389 3374 463 3428 ΣΞ)
489 3375 539 3429 εἶ
564 3377 589 3430 6
616 3377 736 3439 Υἱός
772 3397 876 3451 μου
910 3378 937 3432 6
993 3378 1292 3454 ἀγαπητύς’
1336 3378 1388 3434 ἐν
1448 3379 1533 3435 σοὶ
1589 3378 1892 3451 ηύδόκησα.
1925 3402 1953 3431 υ

324 3462 454 3520 Εἶτα
485 3470 675 3540 γνῶναι
706 3461 1042 3540 βουλόμενοι
1071 3468 1162 3522 καὶ
1201 3467 1333 3523 ποία
1380 3471 1447 3538 ἧν
1498 3471 1596 3538 τῆς
1648 3465 1953 3542 ἱϐδομάδος

311 3556 491 3629 ἡμέρα
516 3555 603 3610 ὅτε
642 3557 669 3611 6
704 3556 902 3628 Κύριος
932 3552 1255 3628 ἐϐαπτίσθη,
1312 3558 1524 3634 τίθεμεν
1581 3560 1666 3636 [Ρ.
1730 3564 1853 3634 174]
1890 3563 1956 3617 τὰ

301 3642 450 3722 αφλς⁸
504 3642 622 3714 ἔτη.
683 3646 917 3706 Τούτοις
977 3647 1332 3721 προστίθεμεν
1389 3649 1453 3705 τὸ
1528 3650 1805 3723 τέταρτον,
1863 3651 1953 3706 καὶ

296 3734 539 3808 γίνονται
569 3735 759 3808 5791‘.
792 3738 968 3789 Ταῦτα
1000 3735 1294 3813 ὑφείλομεν
1329 3738 1475 3812 παρᾶ
1524 3738 1585 3792 τὸ
1631 3739 1807 3813 έπτάῖ,
1863 3738 1952 3796 λέο

310 3842 520 3899 γοντες·
556 3823 717 3878 ἑπτάῖ
744 3824 836 3898 79'
866 3825 978 3899 51',
1005 3823 1166 3880 ἐπτάῖ
1192 3826 1247 3880 π⁸
1277 3825 1376 3904 φῖ,
1409 3826 1565 3881 έπτάῖ
1597 3833 1647 3897 η’
1691 3829 1787 3891 νς’.
1821 3836 1954 3884 Aon-

294 3914 388 3968 καὶ
416 3911 463 3968 δ’
496 3914 749 3969 έπακταί.
806 3914 1040 3978 Ταύταις
1108 3915 1493 3991 προσάπτομεν
1544 3919 1638 3978 τὰς
1689 3919 1793 3973 ἀπὸ
1859 3925 1955 3975 τοῦ

296 4007 531 4076 πρώτου
566 4006 741 4079 μηνὸς
771 4006 982 4082 ἡμέρας
1033 4003 1139 4069 ἕως
1196 4005 1365 4078 αὐτῆς
1421 4015 1522 4078 τῆς
1571 4009 1780 4084 ἡμέρας
1810 4009 1862 4064 έν
1920 4010 1956 4085 ᾖ

297 4097 325 4151 6
360 4095 576 4170 Κύριος
604 4089 926 4165 ἐϐαπτίσθη.
961 4095 1148 4158 Οὕτως
1174 4091 1320 4172 ἔχεις
1354 4095 1586 4161 ἐπακτᾶς
1621 4096 1683 4155 δ’.
1744 4099 1957 4176 Απριλ·

290 4184 430 4241 λίου
461 4182 536 4253 λ’,
560 4183 740 4240 Μαΐου
767 4182 873 4253 λα’,
906 4185 1133 4242 Ἰουνίου
1166 4184 1235 4253 λ’,
1296 4186 1534 4243 Ἰουλίου
1591 4185 1695 4260 λα’,
1752 4188 1954 4263 A6706-

290 4294 425 4329 στου
456 4270 565 4340 λα’,
608 4268 984 4347 Σεπτεμϐρίου
1016 4271 1086 4340 λ’,
1122 4270 1456 4350 Ὀκτωϐρίου
1489 4274 1594 4344 λα’,
1635 4272 1951 4351 Νοεμϐρίου

292 4361 367 4433 λ’,
403 4357 878 4436 Δεκεμϐρίου)α“,
912 4363 1241 4434 Ἰαιουαρίου
1292 4366 1356 4433 ς’,
1417 4365 1557 4437 ὁμοῦ
1614 4368 1745 4424 σπε’.
1806 4370 1949 4425 Ταύ-

292 4473 396 4513 τας
426 4451 603 4530 ὅφελε
632 4448 719 4506 ἐπὶ
749 4454 856 4506 τῶν
887 4452 1039 4522 ἑπτὰ,
1080 4450 1256 4527 λέγων
1317 4455 1478 4510 έπτάῖ
1536 4457 1589 4529 μ’
1619 4462 1723 4527 σπ¹,
1758 4455 1952 4514 λοιπαί

293 4546 353 4598 ε’.
387 4545 683 4619 ’Ἑγνωμεν
718 4541 809 4596 οὖν
842 4541 915 4604 ὡς
949 4540 1000 4595 ἐν
1030 4543 1066 4596 ε’
1094 4549 1193 4612 τῆς
1224 4537 1530 4618 ἑϐδομάδος
1587 4547 1768 4622 ἡμέρᾳ
1827 4544 1950 4603 ἔϐα..

298 4631 497 4701 πτίσθη
533 4632 561 4685 6
617 4630 837 4705 Κύριος.
894 4633 1025 4696 Καθ’
1083 4633 1147 4704 ἣν
1209 4634 1415 4708 ἡμέραν
1468 4633 1627 4699 αὐτὸς
1685 4637 1712 4691 ὁ
1754 4637 1954 4714 Κύριος

292 4721 627 4795 προσέταξεν
654 4717 930 4796 ἐξαγαγεῖν
970 4722 1035 4774 τὰ
1065 4718 1230 4775 ὕδατα
1261 4723 1457 4797 ἑρπετά
1485 4726 1681 4803 ψυχῶν
1744 4731 1952 4795 ζωσῶν,

296 4809 459 4870 αὐτὸς
490 4806 579 4863 ἐπὶ
611 4807 889 4879 συντελείᾳ
915 4810 1025 4863 τῶν
1058 4807 1269 4863 αἶ’ώνων
1317 4805 1611 4883 ἐϐαπτίσθη
1643 4814 1732 4868 καὶ
1764 4815 1956 4892 ἡγίασε

289 4898 353 4952 τὸ
389 4894 540 4970 ὕδωρ
574 4895 673 4950 καὶ
709 4897 976 4966 ζωοποιὸν
1006 4899 1143 4969 ἡμῖν
1172 4899 1557 4976 ἀπειργάσατο.

366 4987 525 5043 Μετὰ
566 4983 624 5040 δὲ
652 4986 714 5040 τὸ
775 4986 1160 5061 βαπτισθῆναι,
1216 4988 1305 5041 καὶ
1335 4992 1687 5062 πειρασθῆναι
1719 4992 1823 5048 ὒπὸ
1853 5000 1951 5049 τοῦ

288 5081 510 5132 Σατανᾶ
541 5076 592 5131 ἐν
645 5081 716 5151 τῇ
777 5075 988 5151 ἐρήμῳ,
1048 5079 1139 5132 καὶ
1197 5082 1412 5144 νικῆσαι
1478 5082 1569 5136 τὸν
1602 5083 1949 5158 πειράζοντα,

280 5165 615 5244 παρεγένετο
649 5166 723 5228 εἷς
782 5167 880 5235 τὴν
935 5165 1229 5223 Γαλιλαίαν
1261 5170 1546 5245 κηρύσσων
1600 5172 1662 5227 τὸ
1696 5173 1941 5252 Εὐαγγέ-

278 5255 413 5314 λιον
440 5263 544 5323 τῆς
582 5254 886 5330 βασιλείας,
945 5256 1035 5312 καὶ
1094 5257 1353 5321 κελεύσας
1408 5260 1535 5323 τοὺς
1569 5264 1814 5335 μαθητὰς
1845 5287 1936 5320 πι-

283 5344 613 5405 στεύσαντας
664 5345 759 5399 καὶ
821 5342 1135 5418 δεξαμένουι
1192 5348 1254 5402 τὸ
1323 5350 1584 5424 κήρυγμα
1647 5355 1745 5417 τῆς
1800 5353 1947 5408 εὐσε-

2076 1962 2216 2011 sunt
2243 1956 2508 2010 280.Haec
2539 1956 2611 2010 de
2643 1971 2877 2010 summa
2897 1955 3083 2023 aufer,
3114 1959 3342 2009 restant
3364 1955 3542 2009 ii.Ab
3575 1956 3716 2011 his“!

2069 2045 2335 2113 detrahe,
2368 2046 2763 2101 remanebunt
2798 2048 2851 2100 4.
2887 2046 2972 2100 Ita
3013 2058 3148 2116 ergo
3182 2045 3709 2115 deprehendimus,

2070 2150 2187 2207 qua
2216 2135 2373 2191 diem
2399 2135 2717 2191 luminaria
2738 2133 3059 2189 fabricatus
3084 2132 3511 2199 fuerat,eadem
3534 2139 3592 2189 et
3611 2151 3714 2191 na-

2068 2230 2194 2279 tum
2224 2225 2408 2279 fuisse
2441 2224 2759 2292 Christum,
2791 2237 2992 2277 verum
3028 2223 3211 2277 Deum
3268 2227 3561 2288 nostrum,
3607 2225 3711 2295 qui

2067 2320 2158 2369 est
2178 2314 2276 2370 Sol
2299 2314 2568 2385 justitice.

2138 2412 2308 2459 Anno
2346 2402 2557 2457 Tiberii
2609 2402 2859 2456 Caesaris
2914 2404 3003 2469 15,
3035 2400 3361 2456 indictione
3393 2404 3605 2474 prima,
3637 2400 3710 2458 ab

2065 2495 2289 2548 Joanne
2318 2492 2647 2564 baptizatus
2691 2495 2779 2547 est
2837 2490 2899 2544 in
2951 2505 3125 2544 amne
3180 2490 3461 2557 Jordane,
3496 2491 3563 2545 13
3614 2491 3711 2546 ἀίει

2067 2582 2205 2637 anni
2263 2581 2453 2635 uitatis
2497 2596 2617 2635 suas
2670 2582 2757 2644 31,
2818 2584 2985 2635 sexta
3015 2578 3109 2633 die
3139 2579 3407 2634 Januarii
3460 2580 3707 2636 mensis.

2066 2670 2318 2726 Proinde
2347 2670 2616 2724 Christus
2648 2671 2801 2725 Deus
2831 2674 3035 2723 noster
3057 2674 3232 2724 natus
3278 2673 3368 2724 est
3425 2685 3582 2725 anno
3639 2670 3712 2725 ab

2064 2760 2305 2815 exordio
2334 2758 2542 2813 mundi
2591 2760 2751 2825 5507,
2783 2758 3109 2828 baptizatus
3156 2773 3314 2814 anno
3370 2761 3532 2814 5536.
3564 2760 3713 2815 Cum

2063 2855 2121 2904 et
2149 2848 2458 2903 universus
2506 2846 2759 2917 populus
2813 2853 2969 2901 esset
3020 2847 3378 2917 baptizatus,
3432 2853 3500 2902 ut
3531 2864 3711 2904 sacrae

2066 2938 2295 2993 Litteras
2351 2936 2613 3005 tradunt,
2675 2940 2733 2989 et
2758 2935 2925 2989 Jesus
2973 2935 3304 3005 baptizatus
3334 2941 3702 3008 precaretur,

2062 3027 2193 3083 coeli
2226 3025 2411 3097 aperti
2445 3029 2681 3086 suut,ac
2714 3028 2953 3078 sanctus
2986 3023 3236 3094 Spiritus
3268 3023 3459 3079 forma
3496 3041 3705 3097 corpo-

2060 3127 2163 3168 rea
2192 3117 2473 3181 tanquam
2497 3108 2771 3165 columba
2801 3124 2980 3179 supra
3026 3109 3223 3180 ipsum
3255 3125 3317 3164 se
3346 3109 3576 3165 dimisit
3601 3127 3615 3166 :
3650 3117 3710 3167 et

2061 3218 2169 3257 vox
2200 3201 2272 3256 de
2300 3200 2445 3256 coelo
2464 3199 2597 3254 talis
2628 3198 2829 3253 audita
2859 3203 2950 3253 est
2985 3218 3006 3245 ι
3040 3198 3123 3253 Tu
3144 3213 3207 3253 es
3226 3199 3593 3254 Filiusmens
3622 3200 3708 3256 di-

2062 3290 2342 3358 lectus,in
2364 3294 2419 3344 te
2448 3290 2782 3360 acquiesco.
2804 3308 2833 3337 υ
2865 3290 3046 3343 Porro
3071 3287 3221 3342 scire
3250 3288 3497 3359 cupiens
3520 3295 3704 3360 quota

2062 3366 2241 3437 fuerit
2271 3380 2618 3451 septimana;
2665 3375 2791 3431 dies
2841 3393 2958 3447 qua
3007 3375 3337 3447 baptizatus
3396 3383 3487 3432 est
3512 3378 3704 3447 Jesus,

2064 3485 2218 3543 pone
2249 3482 2436 3524 annos
2485 3468 2643 3520 5536.
2679 3465 2884 3537 Adjice
2937 3465 3031 3519 his
3083 3465 3474 3535 quadrantem
3506 3480 3706 3535 suum,

2065 3559 2208 3614 ﬂent
2240 3559 2298 3612 in
2329 3573 2560 3612 summa
2590 3559 2749 3611 6920.
2802 3557 2935 3610 Hiec
2965 3556 3049 3609 sic
3073 3570 3180 3627 per
3226 3558 3257 3609 7
3304 3555 3527 3611 divides
3560 3574 3573 3613 :
3622 3571 3711 3611 ses

2063 3649 2215 3721 pties
2272 3650 2377 3703 900
2441 3652 2578 3702 sunt
2626 3646 2783 3700 6300.
2828 3647 3083 3700 Rursum
3142 3646 3361 3715 septies
3385 3646 3455 3699 80
3484 3645 3712 3701 faciunt

2065 3742 2171 3794 560
2196 3734 2454 3794 Tandem
2485 3736 2704 3807 septies
2734 3737 2766 3788 8
2789 3740 2928 3789 sunt
2953 3736 3041 3787 56.
3077 3732 3175 3787 His
3204 3733 3484 3788 omnibus
3514 3734 3710 3789 detra-

2065 3830 2173 3883 ctis
2204 3828 2513 3883 restabant
2543 3830 2798 3896 quatuor
2819 3822 3169 3894 epactas.His
3201 3822 3326 3877 dies
3357 3821 3644 3877 addemus
3676 3839 3711 3878 α

2063 3919 2256 3991 primo
2288 3928 2493 3972 mense
2523 3926 2714 3986 usque
2747 3913 2820 3968 ad
2863 3912 3234 3985 propositum
3264 3911 3440 3967 diem.
3479 3912 3573 3967 Sic
3602 3913 3713 3968 11οά

2064 4007 2231 4063 bebis
2262 4009 2293 4059 4
2345 4010 2602 4077 epactas,
2653 4003 2871 4075 Aprilis
2929 4002 3056 4057 dies
3106 4004 3193 4067 30,
3245 4002 3398 4057 806
3455 4003 3588 4057 Maii
3619 4005 3707 4071 31,

2063 4097 2220 4152 Junii
2255 4098 2340 4160 30,
2397 4095 2535 4150 Julii
2594 4096 2682 4160 31,
2725 4092 2971 4164 Augusti
3033 4092 3120 4154 31,
3170 4091 3553 4162 Septembris,
3616 4093 3705 4160 30,

2066 4185 2334 4242 Octobris
2366 4186 2453 4251 31,
2486 4182 2829 4239 Novembris
2864 4183 2953 4246 30,
2986 4181 3347 4248 Decembris,
3371 4184 3461 4245 31,
3486 4182 3708 4236 Janua-

2063 4276 2135 4331 rii
2165 4277 2216 4329 0.
2242 4276 2484 4330 Summa
2534 4273 2657 4326 286.
2718 4272 2852 4325 Haec
2904 4286 3011 4341 per
3054 4269 3455 4340 septenarium
3488 4268 3703 4338 divide,

2063 4366 2174 4421 hoc
2205 4368 2376 4439 pacto
2411 4380 2424 4418 :
2454 4362 2682 4434 Septies
2709 4363 2777 4415 40
2808 4364 2948 4414 sunt
2976 4360 3102 4425 280,
3160 4362 3387 4412 restant
3416 4356 3704 4428 quinque.

2063 4456 2155 4512 Sic
2213 4454 2545 4510 invenimus
2603 4454 2810 4524 quinta
2862 4449 3211 4521 septimanae
3249 4447 3347 4501 die
3386 4447 3704 4501 Dominum

2061 4546 2244 4601 fuisse
2304 4543 2685 4615 baptizatum.
2744 4540 2869 4605 Qua
2925 4539 3082 4593 enim
3142 4538 3235 4593 die
3292 4537 3418 4608 ipse
3444 4539 3708 4606 jusserat

2067 4652 2252 4707 aquas
2309 4634 2634 4705 producere
2690 4630 2948 4701 reptilia,
2997 4628 3281 4684 animalia
3334 4626 3605 4695 viventia,
3639 4641 3707 4681 es

2066 4727 2130 4780 in
2166 4725 2283 4780 fine
2343 4722 2696 4779 smculorum
2744 4720 2924 4775 etiam
2953 4719 3285 4791 baptizatus
3316 4730 3531 4787 aquam
3562 4728 3707 4771 oon-

2064 4814 2333 4883 secravit,
2361 4819 2545 4884 utque
2576 4811 2752 4867 nobis
2783 4812 2938 4864 esset
2966 4808 3195 4863 vivifica
3225 4806 3429 4862 efficit.

2135 4996 2456 5062 Postquam
2485 4989 2815 5061 baptizatus
2844 4987 2906 5042 in
2931 4985 3252 5041 solitudine
3281 5001 3315 5039 a
3344 4984 3559 5039 Satana
3581 4986 3713 5036 ten-

2061 5090 2217 5141 tatus
2240 5083 2311 5138 de
2344 5096 2411 5136 eo
2437 5080 2741 5134 victoriam
2763 5075 3055 5143 retulit,in
3077 5074 3379 5130 Galilaeam
3410 5071 3707 5143 profectus

2062 5178 2170 5242 est,
2224 5170 2424 5242 ibique
2481 5169 2683 5224 laetum
2715 5167 2786 5221 de
2816 5180 2998 5237 regno
3029 5164 3133 5219 Dei
3163 5161 3441 5217 nuntium
3472 5158 3706 5228 dididit,

2061 5261 2505 5335 discipulosque
2546 5257 2646 5328 qui
2679 5253 3057 5311 crediderant
3100 5256 3157 5305 et
3187 5249 3423 5321 pietatis
3478 5260 3706 5319 praeco-

2061 5355 2226 5410 nium
2259 5349 2513 5422 amplexi
2536 5350 2935 5413 erant,secum
2957 5340 3365 5412 Hierosolyma
3380 5337 3705 5395 ascendere

280 5430 441 5499 ὅείας
490 5433 738 5499 ἀνελθεῖν
799 5437 915 5509 μετ’
974 5437 1141 5491 αὐτοῦ
1203 5437 1279 5500 εἷς
1338 5438 1714 5515 Ἰεροσόλυμα,
1756 5443 1945 5518 ἑορτά-

2073 5442 2234 5505 ussit
2262 5440 2336 5496 ad
2354 5438 2571 5511 pascha
2591 5433 2915 5491 secundum
2937 5430 3082 5502 legis
3102 5428 3515 5500 praescriptum
3546 5427 3705 5483 cele-

283 5545 380 5580 σαι
409 5525 476 5579 τὸ
522 5525 753 5597 νομικὸν
809 5524 1012 5582 πάσχα.
1066 5526 1197 5583 Εἶτα
1258 5526 1506 5591 θέλοντες
1573 5534 1685 5605 (28)
1742 5538 1948 5606 γνῶναι

2073 5531 2332 5590 oradum.
2390 5529 2517 5584 Jam
2577 5525 2622 5582 si
2678 5523 2929 5581 velimus
2990 5535 3346 5593 cognoscere
3400 5523 3581 5589 quota
3610 5517 3705 5573 die

1499 5632 1861 5689 XYLANDRI
1899 5636 1986 5689 ET
2025 5632 2240 5690 GOABI
2279 5628 2501 5683 NOTE.

370 5713 485 5784 (28)
517 5713 725 5769 Totum
762 5713 872 5769 hoc
900 5715 1140 5770 vitatum
1176 5722 1282 5773 est.
1311 5718 1511 5790 Neque
1538 5720 1780 5777 deerant
1806 5723 1975 5777 nobis
2001 5720 2268 5778 fortassis
2285 5715 2644 5787 conjecturae
2676 5707 3109 5779 emendandi,si
3144 5713 3331 5763 totum
3355 5708 3700 5776 computum
