4118 6284
407 379 524 439 343

1775 361 2100 426 GEORGII
2143 361 2497 425 CEDRENI

3679 371 3778 429 3M

410 510 637 566 mensis
667 507 1065 564 incidissetin
1095 510 1450 577 praesentem
1498 516 1721 556 annum
1753 499 1915 560 5536,
1947 495 2064 550 ini-

2184 496 2354 568 ποστῇ
2383 497 2481 548 τοῦ
2511 495 2684 568 μηνὸς
2713 488 2908 572 ἔφθασε
2946 493 3083 550 κατᾶ
3109 495 3171 550 τὸ
3211 495 3382 570 παρὸν
3423 495 3580 573 ,εφλζ
3629 495 3789 566 ἒτους,

409 601 560 655 tium
591 603 766 654 nacta
809 613 844 654 θ.
873 597 1153 651 vicesima
1175 593 1366 648 Martii
1397 591 1515 657 die,
1568 589 1797 646 decima
1854 589 2066 656 quarta

419 688 548 743 dies
577 687 754 759 primi
780 683 1006 740 mensis
1028 677 1622 748 lunaris,dividemus
1643 677 1782 730 5536
1811 690 1917 746 per
1948 675 2013 726 19
2049 687 2062 726 :

419 780 774 848 supererunt
804 777 855 828 ‘1'.
891 773 1078 845 Hujus
1109 769 1516 840 undecuplum
1547 770 1638 821 est
1662 768 1750 818 77.
1808 763 1904 816 Bis
1961 759 2067 814 tri-

427 866 590 938 ginta
615 865 728 918 hoc
759 869 848 918 est
869 864 958 930 60,
991 861 1129 916 inde
1157 859 1356 914 aufer:
1405 854 1718 911 restabunt
1771 856 1853 906 t7.
1901 849 2067 905 Adde

417 955 512 1010 his
543 959 822 1024 tres,qua3
855 955 992 1006 ante
1023 948 1411 1004 luminarium
1448 945 1670 1000 coitum
1693 945 1834 998 sunt
1864 957 1877 994 :
1929 942 2068 994 ante

415 1046 618 1100 lunam
639 1044 696 1112 7,
728 1048 787 1098 et
815 1041 962 1096 alias
994 1043 1024 1093 ‘7
1057 1039 1130 1094 ab
1159 1037 1441 1094 vicesima
1469 1035 1663 1107 prima
1710 1030 1900 1087 Martii
1947 1028 2063 1084 die.

421 1133 666 1188 Summa
689 1133 778 1198 42,
813 1129 952 1184 hinc
985 1127 1128 1183 tolle
1157 1127 1225 1181 40
1259 1143 1273 1182 :
1339 1126 1662 1196 supersunt
1717 1121 1804 1174 14.
1862 1121 2068 1188 Itaque

421 1221 655 1276 decima
683 1225 897 1291 quarta
926 1217 1102 1290 primi
1133 1215 1360 1271 mensis
1399 1214 1558 1268 lunas
1619 1211 1744 1266 dies
1775 1207 1986 1264 incidit
2008 1205 2070 1259 in

421 1309 770 1364 vicesimum
803 1307 1123 1378 septimum
1154 1302 1343 1358 Martii
1376 1301 1555 1356 diem.
1589 1301 1772 1354 Porro
1801 1295 2070 1352 volentes

427 1412 784 1471 cognoscere
805 1400 988 1466 quota
1002 1393 1130 1448 dies
1157 1391 1503 1463 septimana
1521 1387 1720 1456 fuerit,
1739 1383 1890 1440 adde
1921 1397 2070 1454 qua-

423 1485 698 1540 drantem
719 1485 870 1539 807
911 1498 1088 1538 suum
1117 1480 1192 1536 ad
1224 1477 1492 1550 5586,qui
1526 1481 1618 1531 est
1644 1475 1800 1530 1884.
1825 1473 2071 1527 Summa

419 1575 534 1629 erit
561 1576 722 1629 6920.
756 1574 899 1627 Eam
943 1569 1138 1625 divide
1199 1584 1304 1640 per
1330 1571 1384 1635 7,
1411 1571 1478 1620 ut
1501 1581 1679 1635 supra
1715 1561 2070 1631 relinquen-

421 1671 517 1720 tur
571 1668 788 1734 quatur
844 1665 1085 1732 epactaa.
1146 1659 1246 1712 His
1305 1655 1454 1712 adde
1485 1654 1666 1710 3dies
1697 1657 2071 1721 antegressos

425 1753 911 1825 conjunctionem
969 1747 1382 1812 luminarium,
1417 1749 1476 1800 et
1511 1747 1542 1796 7
1575 1743 1701 1798 dies
1732 1758 1768 1796 a
1795 1738 2076 1794 vicesima

425 1844 619 1914 prima
646 1840 858 1896 Martii.
895 1839 1147 1928 Summa
1166 1837 1269 1906 ,M.
1331 1833 1531 1890 Dividc
1555 1849 1660 1904 per
1681 1835 1710 1884 7
1747 1848 1760 1886 :
1794 1828 1946 1883 nihil
1977 1843 2072 1882 su—
2099 1862 2150 1928 Β

429 1932 669 2005 pererit,
702 1931 812 1986 fuit
843 1945 981 2002 ergo
1020 1926 1358 1983 Sabbatum.

500 2023 737 2078 Decimo
791 2036 951 2076 nono
1001 2017 1218 2072 Tiberii
1263 2031 1421 2071 anno
1469 2013 1738 2070 Christus
1784 2009 2073 2082 supplicio

429 2128 558 2167 sese
581 2110 866 2178 subdidit,
899 2124 1054 2164 anno
1084 2105 1293 2162 mundi
1337 2106 1498 2170 5539,
1531 2102 1627 2157 die
1663 2099 1887 2156 mensis
1933 2101 2077 2153 Mar-

433 2204 496 2258 tii
528 2205 618 2270 23,
651 2201 1000 2272 septimana:
1033 2202 1218 2254 sexta.
1253 2195 1494 2251 Exstitit
1521 2211 1556 2250 a
1585 2191 1835 2249 mortuis
1877 2194 1944 2244 25
1977 2189 2074 2244 die

430 2292 698 2364 ejusdem
726 2291 938 2360 Martii,
963 2289 1057 2344 die
1089 2305 1124 2344 a
1152 2286 1396 2342 sabbato
1427 2283 1865 2356 proximaJnde
1887 2282 1949 2335 in
1969 2282 2072 2334 Ec-

430 2381 614 2436 clesia
653 2384 958 2450 receptum
988 2382 1078 2432 est
1101 2376 1324 2447 pascha
1380 2373 1744 2428 dominicum
1775 2369 2075 2426 celebrare

431 2469 714 2524 vicesima
739 2467 946 2538 quinta
972 2466 1066 2520 die
1093 2465 1302 2520 Martii.
1329 2464 1452 2528 Quo
1471 2469 1738 2533 tempore
1767 2459 2076 2514 Judaicum

435 2561 660 2633 pascha
687 2557 1098 2630 peragebatur,
1158 2555 1285 2610 dies
1343 2558 1468 2608 erat
1525 2551 1714 2607 Martii
1763 2553 1850 2618 24,
1904 2549 2080 2620 septi-

437 2665 630 2704 manaa
662 2647 936 2718 septima,
969 2643 1481 2700 idestsabbatum.
1515 2639 1782 2696 Circulus
1813 2638 1956 2693 solis
1988 2639 2076 2707 23,

427 2736 588 2790 lunaa
622 2735 707 2800 10,
739 2739 1058 2802 utrumque
1115 2735 1494 2785 numeratum
1526 2744 1561 2784 a
1605 2731 1668 2780 21
1705 2725 1892 2781 Martii
1923 2741 2078 2796 pras-

436 2825 623 2880 sentis
651 2821 1150 2891 anni,indictione
1173 2824 1404 2891 quarta.
1420 2821 1489 2873 Et
1509 2816 1862 2872 undecimus
1888 2829 2080 2869 annus

435 2917 563 2969 erat
599 2911 892 2968 naturalis
943 2907 1412 2965 novendecennii
1463 2907 1639 2972 lunae,
1673 2921 1741 2960 ac
1764 2903 2081 2976 vigesimus

437 3008 636 3058 sextus
666 3018 860 3056 annus
891 2998 1337 3072 vigintoctennii
1369 2996 1533 3052 solis.
1552 2997 1670 3050 Hoc
1700 2999 1897 3049 autem
1911 3009 2082 3064 quar-

432 3097 557 3146 tum
587 3091 808 3162 pascha
838 3094 946 3156 est,
979 3105 1096 3160 quo
1113 3105 1220 3160 pro
1250 3087 1422 3143 nobis
1443 3101 1652 3157 passus
1684 3089 1772 3138 est
1793 3083 2084 3147 Christus,

424 3193 596 3232 verus
627 3178 779 3230 Deus
833 3179 1056 3230 noster.
1083 3173 1512 3228 Testimonium
1561 3175 1760 3225 autem
1805 3167 2080 3239 perhibet
2109 3210 2158 3275 ϐ

433 3265 444 3275 .
968 3265 1010 3275 ..
1205 3261 1240 3275 ..
1423 3261 1437 3275 .
1469 3261 1479 3270 .
1665 3259 1678 3275 .
1709 3259 1718 3268 .
1775 3255 1822 3275 ο..
1859 3274 1864 3275 ί
1959 3255 2073 3275 ,__,

429 3265 626 3334 ipsum
686 3280 922 3334 quoque
968 3261 1374 3333 Evangelium,
1423 3261 1516 3314 his
1563 3259 1755 3313 verbis
1775 3255 1823 3291 εδ
1855 3274 1867 3311 :
1897 3279 1924 3306 ‹‹
1958 3255 2078 3326 Ipsi

427 3368 562 3406 vero
609 3351 670 3406 in
707 3351 1055 3422 praetorium
1109 3366 1230 3403 non
1308 3348 1632 3412 intrabant,
1701 3363 1776 3400 ne
1853 3344 2083 3416 pollue-

423 3445 654 3506 rentur,
699 3439 804 3494 sed
851 3437 1138 3510 postridie
1186 3438 1406 3508 pascha
1453 3441 1694 3508 possent
1735 3436 1847 3489 rite
1879 3450 2074 3490 come-

427 3531 588 3585 dere.
622 3551 651 3579 »
687 3529 833 3584 Item
863 3525 937 3561 35*
959 3545 977 3582 :
1011 3549 1038 3576 «
1073 3526 1258 3581 Judaai
1289 3543 1490 3598 porro,
1556 3541 1632 3579 ne
1690 3541 1900 3580 eorum
1951 3539 2084 3580 cor—

429 3635 577 3692 pora
608 3619 671 3673 in
701 3634 874 3674 cruce
911 3621 1226 3673 manerent
1255 3615 1504 3672 sabbato
1532 3616 1684 3684 (erat
1739 3615 1900 3668 enim
1959 3616 2084 3686 pri-

435 3708 532 3763 die
566 3707 820 3775 sabbati,
870 3705 1030 3779 quod
1087 3705 1410 3762 admodum
1472 3719 1686 3776 magna
1723 3703 2082 3760 solennitate

435 3797 626 3853 acturi
655 3801 867 3865 erant),
900 3813 934 3852 a
963 3795 1144 3850 Pilato
1175 3795 1556 3866 postularunt
1585 3799 1652 3848 ut
1679 3793 1754 3848 iis
1785 3809 1920 3848 ossa
1949 3809 2086 3847 con-

429 3888 834 3960 fringerentur
855 3890 1032 3956 atque
1055 3885 1514 3956 deponerentur.
1543 3905 1571 3932 ››
1594 3883 1717 3947 Quo
1748 3882 1926 3955 igitur
1940 3887 2084 3938 tem-

438 3992 580 4047 pore
610 3975 878 4030 Christus
927 3991 1033 4028 suo
1065 3989 1312 4044 corpore
1355 3990 1462 4044 pro
1510 3971 1682 4027 nobis
1722 3971 2080 4044 supplicium

435 4065 568 4132 luit,
601 4081 670 4120 eo
700 4065 1032 4138 legitimum
1062 4063 1284 4136 pascha
1313 4079 1433 4118 non
1458 4061 1598 4129 edit,
1633 4061 1738 4118 sed
1769 4061 1922 4117 808
1953 4063 2079 4134 ipse

442 4171 548 4227 pro
578 4154 752 4210 nobis
779 4155 1016 4210 victima
1045 4153 1236 4209 factus
1255 4157 1360 4208 est.
1393 4152 1560 4218 Quod
1589 4157 1789 4208 autem
1821 4169 1943 4206 non
1979 4151 2079 4206 de-

427 4245 582 4300 cimo
621 4248 831 4316 quarto
861 4243 957 4300 die
977 4243 1198 4314 pascha
1217 4241 1731 4309 celebraverit,sed
1754 4258 1886 4296 eum
1910 4247 2076 4296 ante-

426 4333 656 4405 ceperit
685 4332 953 4405 mysticae
984 4347 1164 4389 caena)
1208 4330 1605 4396 institutione,
1665 4347 1779 4400 quo
1813 4335 2078 4400 tempore

426 4421 987 4476 infermentatorum
1004 4435 1226 4491 panum
1251 4417 1639 4474 sanctificatio
1663 4423 1721 4473 et
1744 4418 2080 4474 festivitatis

425 4514 746 4580 apparatus
777 4513 1051 4580 aguntur,
1083 4513 1432 4579 argumento
1458 4513 1568 4576 est,
1602 4507 1744 4578 quia
1765 4506 2076 4578 discipulis

429 4574 548 4651 non
573 4595 648 4651 de
669 4574 906 4652 victima
922 4601 981 4652 et
994 4574 1830 4667 panibusinfermentatis,sed
1854 4574 2070 4666 panem
2103 4574 2150 4637 Ῑ)

429 4689 488 4738 et
516 4683 718 4739 vinum
743 4684 1006 4740 tradidit.

495 4773 604 4838 Qui
638 4773 941 4828 Christum
973 4773 1243 4828 scribunt
1269 4789 1428 4829 anno
1460 4775 1599 4828 5500
1627 4779 1856 4842 natum,
1917 4789 2076 4828 anno

435 4863 572 4916 5533
607 4861 898 4933 supplicio
931 4861 1228 4929 allectum,
1253 4868 1452 4916 errant
1482 4878 1678 4933 neque
1709 4862 1951 4934 praecise
1967 4879 2075 4918 an-

431 4967 541 5005 nos
574 4954 814 5006 norunt.
2003 5007 2008 5010 .

499 5041 580 5094 Eo
605 5044 873 5112 tempore
921 5055 1038 5111 quo
1109 5040 1170 5095 in
1227 5041 1400 5096 terris
1432 5042 1611 5098 homo
1640 5041 1906 5096 Christus
1938 5041 2076 5114 egit,

425 5129 539 5184 fuit
567 5129 810 5200 quidam
842 5128 1076 5185 Edessaa
1124 5129 1363 5203 regulus
1394 5133 1637 5187 nomine
1667 5135 1954 5204 Augarus.
1988 5130 2076 5185 Ad

427 5217 584 5273 hunc
614 5234 850 5290 quoque
881 5217 1307 5274 miraculorum
1338 5237 1372 5275 a
1401 5221 1519 5276 Deo
1578 5225 1781 5276 nostro
1841 5219 2073 5274 Christo

504 5341 552 5376 ⁸⁸
580 5345 746 5400 Joan.
777 5361 936 5415 xvm,
967 5347 1035 5400 28
1109 5345 1181 5380 δι”
1209 5347 1372 5402 Joan.
1406 5365 1523 5416 xxx,
1547 5349 1637 5404 31.

2172 583 2352 658 ἀρχὴν
2386 582 2648 657 εἰληφυῖα
2678 585 2786 640 ἄπὸ
2830 584 2911 638 »ια’
2955 587 3056 638 τοῦ
3113 585 3360 658 Μαρτίου
3419 587 3605 658 μηνὸς,
3650 591 3682 656 ἡ
3738 586 3792 643 ιδ’

2169 669 2268 726 τοῦ
2298 673 2523 748 πρώτου
2559 674 2730 747 μηνὸς
2755 679 2858 743 τῆς
2891 671 3152 744 σελήνης,
3179 674 3245 728 τὰ
3299 672 3464 750 κεφλς¹
3525 673 3793 752 ὑφείλομεν

2169 758 2394 816 ἐπὶτῶν
2429 763 2514 822 ιϐ’.
2564 761 2768 818 Λοιπαὶ
2827 764 2892 832 ζ’.
2953 761 3167 825 Ταύτας
3221 759 3794 837 ἐνδεκαπλασιάζοντες,

2171 847 2410 923 γίνονται
2443 854 2538 919 οζ.
2571 844 2813 907 Ἔκϐαλε
2847 847 3145 926 τριακάδας
3204 846 3338 923 δύω,
3398 848 3571 928 λέγων
3629 851 3703 916 δὶς
3756 855 3798 910 λ’

2169 937 2228 1006 ξ“·
2255 935 2448 992 λοιπαὶ
2485 940 2566 1008 ιζ’.
2601 933 2888 1014 Πρόσεαλε
2927 938 3150 1002 ταύταις
3207 945 3354 1014 τρεῖς
3405 941 3498 1002 τὰς
3549 943 3650 1016 πρὸ
3700 949 3795 998 τῶν

2175 1027 2502 1104 φωστήρων,
2531 1027 2641 1104 πρὸ
2673 1025 2911 1098 σελήνης
2944 1029 3005 1096 ζ’,
3037 1029 3130 1082 καί
3190 1029 3234 1096 ζ’
3270 1029 3369 1092 τὰς
3426 1028 3531 1084 ἀπὸ
3575 1032 3672 1100 καί,
3718 1033 3798 1088 καὶ

2172 1114 2341 1184 αὐτῆς
2377 1119 2475 1170 τοῦ
2537 1116 2786 1189 Μαρτίου
2851 1117 3050 1188 μηνός.
3111 1117 3286 1190 Ὀμοῦ
3343 1117 3452 1190 μδ’.
3507 1119 3694 1196 Ὕφελε
3737 1119 3796 1174 λ’·

2174 1199 2368 1258 λοιπαὶ
2404 1200 2486 1261 ιδ’.
2520 1205 2622 1260 Καὶ
2658 1197 2882 1279 ἔφθασεν
2911 1207 2946 1274 ἡ
2983 1202 3048 1260 ιδ’
3099 1209 3195 1260 τοῦ
3241 1206 3467 1280 πρώτου
3500 1208 3660 1279 μηνὸς
3709 1216 3798 1279 τῆς

2175 1292 2412 1364 σελήνης
2445 1297 2514 1366 τῇ
2579 1295 2661 1363 κζ’
2700 1298 2799 1349 τοῦ
2859 1293 3104 1370 Μαρτίου
3167 1297 3362 1368 μηνός.
3411 1297 3543 1354 Εἶτα
3577 1296 3800 1361 θέλοντες

2172 1386 2375 1458 γνῶναι
2404 1382 2495 1436 καὶ
2524 1383 2657 1453 ποίᾳ
2686 1385 2720 1452 ἡ
2732 1381 2868 1458 μέρᾳ
2899 1379 3125 1465 ἔφθασεν
3157 1386 3192 1454 ἡ
3223 1383 3361 1453 αὖτὴ
3399 1382 3467 1440 ιδ’
3488 1391 3600 1448 τοῖς
3639 1385 3801 1464 δεφλμ,

2175 1470 2536 1542 προστίθεμεν
2569 1471 2632 1526 τὸ
2669 1469 2948 1548 τέταρτον,
2979 1469 3168 1546 ,ατπδᾈ
3221 1473 3311 1528 καὶ
3369 1473 3608 1551 γίνονται
3635 1475 3802 1549 ,ςῡέκκ

2175 1561 2354 1614 Ταῦτα
2383 1557 2550 1635 ὕφελε
2579 1557 2656 1621 εἰς
2683 1560 2750 1614 τὰ
2781 1563 2844 1630 ζ’,
2907 1561 3084 1636 Λέγων
3137 1561 3260 1636 {79'
3316 1564 3424 1636 ις·ιτ“,
3457 1565 3542 1632 ζπ¹
3589 1564 3679 1633 φξ’,
3710 1565 3802 1632 ζη’,

2175 1648 2266 1709 vc‘.
2292 1648 2495 1702 Λοιπαὶ
2528 1645 2571 1702 δ’
2603 1646 2854 1706 ἐπακταί.
2911 1650 3142 1712 Ταύταις
3199 1645 3487 1726 πρόσϐαλε
3531 1658 3670 1728 τρεῖς
3720 1653 3804 1714 τὰς

2177 1735 2284 1810 πρὸ
2313 1740 2421 1792 τῶν
2455 1739 2786 1814 φωστήρων,
2817 1739 2908 1792 καὶ
2967 1739 3008 1808 ζ’
3060 1737 3156 1802 τὰς
3209 1739 3317 1794 ἀπὸ
3368 1741 3474 1807 κα’,
3539 1739 3626 1795 καὶ
3657 1742 3806 1810 αὐτῆς

2177 1828 2276 1879 τοῦ
2304 1827 2550 1900 Μαρτίου
2586 1826 2782 1898 μηνός.
2815 1827 2989 1900 Ὀμοῦ
3024 1824 3110 1884 ιδ’.
3157 1827 3262 1884 Καὶ
3314 1827 3482 1883 ῧωελε
3539 1830 3597 1898 ζ’·
3638 1826 3808 1886 λοιπαὶ

2179 1916 2242 1985 ζ’,
2271 1916 2361 1970 καὶ
2387 1916 2454 1985 ἦν
2486 1910 2790 1973 Σάϐϐατον.

2247 2005 2343 2076 Τῷ
2374 2000 2431 2058 δὲ
2465 2005 2530 2068 ιθ“
2557 2001 2666 2059 ἓτει
2697 1999 2952 2078 Τιϐερίου
3003 2003 3272 2080 Καίσαρος
3303 2005 3333 2059 ὁ
3393 2004 3594 2078 Κύριος
3624 2003 3704 2060 ἐπὶ
3756 2005 3810 2060 τὸ

2177 2091 2350 2156 πάθος
2377 2099 2578 2166 παρῆν.
2620 2094 2785 2154 Ἒτος
2813 2097 2978 2148 τοῦτο
3036 2092 3224 2171 κεφλθζ
3287 2095 3422 2168 μηνὶ
3470 2094 3684 2168 Μαρτίῳ
3719 2097 3810 2169 κγ’,

2179 2181 2363 2258 ἡμέρᾳ
2390 2189 2450 2244 ς“.
2492 2181 2718 2252 Ἀνέστη
2749 2179 2807 2237 δὲ
2833 2185 2902 2255 τῇ
2956 2185 3030 2237 κε’
3084 2187 3182 2238 τοῦ
3233 2184 3406 2238 αὐτοῦ
3450 2182 3688 2258 Μαρτίου
3718 2205 3811 2257 μη-

2179 2271 2294 2338 νὸς,
2329 2271 2380 2324 ἐν
2410 2272 2455 2343 ᾧ
2487 2269 2675 2346 χρόνῳ
2733 2270 3010 2340 ἐτελέσθη,
3055 2271 3237 2346 ἡμέρᾳ
3294 2274 3364 2328 α’.
3423 2274 3579 2336 Ὅθεν
3627 2274 3710 2327 καὶ
3759 2273 3813 2326 τὸ

2180 2359 2378 2434 Κύριον
2419 2361 2612 2436 Ηάσχα
2659 2361 2932 2436 ἑορτάζειν
2982 2365 3018 2431 ἡ
3072 2360 3378 2432 Ἐκκλησία
3434 2360 3730 2438 παρείληφε
3753 2364 3812 2434 τῇ

2181 2453 2261 2504 κε’
2279 2453 2375 2504 τοῦ
2406 2448 2650 2523 Μαρτίου
2711 2450 2908 2524 μηνός.
2971 2451 3056 2506 Ἐν
3113 2451 3157 2522 ᾧ
3209 2452 3404 2526 χρόνῳ
3463 2450 3702 2520 ἐτελέσθη
3761 2451 3814 2505 τὸ

2184 2537 2478 2596 Ἰουδαῖκὸν
2511 2540 2720 2616 πάσχα,
2751 2541 2883 2614 μηνῖ
2941 2541 3171 2616 Μαρτίῳ
3227 2537 3330 2608 κδ’,
3390 2541 3574 2616 ἡμέρᾳ
3631 2542 3686 2610 ζ’.
3716 2540 3814 2596 Κύ-

2183 2627 2318 2692 κλος
2345 2625 2511 2697 ἡλίου
2579 2629 2659 2703 κγ’
2717 2630 2808 2683 καὶ
2859 2627 3092 2700 σελήνης
3131 2631 3179 2698 ι’,
3230 2629 3416 2704 ἀρχὴν
3450 2629 3707 2708 εἰληφότα
3728 2631 3812 2697 τήν

2183 2723 2388 2772 κα¹τοῦ
2419 2716 2668 2792 Μαρτίου
2716 2719 2910 2792 μηνὸς,
2971 2727 3071 2788 τῆς
3129 2717 3436 2790 ἐνεστώσης
3497 2723 3578 2793 [Ρ.
3639 2717 3812 2792 175]δ“

2187 2803 2550 2868 ἲνδικτιῶνος.
2587 2808 2681 2861 Καὶ
2719 2809 2788 2862 ια’
2852 2805 2970 2870 ἔτος
3025 2815 3126 2878 τῆς
3183 2809 3322 2863 κατὰ
3355 2810 3516 2887 φύσιν
3577 2807 3810 2864 ἐννεακαι·

2187 2892 2566 2970 δεκαετηρίδος
2613 2903 2714 2964 τῆς
2745 2895 3000 2968 σελήνης,
3032 2897 3123 2952 καὶ
3193 2899 3271 2959 κς“
3327 2901 3431 2966 τῆς
3499 2897 3633 2953 κατὰ
3678 2898 3805 2974 φύσιν

2188 2981 2868 3058 ὄκτωκαιεικοσαετηρίδος
2897 2990 2998 3040 τοῦ
3028 2983 3218 3056 ἡλίου.
3271 2989 3460 3044 Τοῦτο
3528 2985 3586 3042 δὲ
3640 2987 3698 3042 τὸ
3742 2985 3802 3041 τέ-

2185 3094 2380 3148 ταρτον
2410 3073 2601 3152 πάσχα
2630 3072 2770 3128 ἐστὶν
2804 3074 2856 3129 ἐν
2897 3075 2944 3147 ᾦ
2973 3071 3233 3130 πέπονθεν
3287 3075 3430 3150 ὑπὲρ
3488 3079 3646 3149 ἡμῶν
3705 3081 3810 3148 Χρι-

2190 3163 2314 3226 στὸς
2347 3165 2374 3218 ὁ
2405 3163 2664 3234 ἀληθινὸς
2695 3165 2825 3226 Θεὸς
2875 3167 3058 3238 ἡμῶν.
3121 3167 3398 3241 Μαρτυρεῖ
3467 3163 3525 3221 δὲ
3577 3167 3662 3220 καὶ
3711 3163 3820 3218 αὐτὸ

2187 3253 2250 3308 τὸ
2280 3251 2639 3328 Εὐαγγέλιον,
2669 3254 2752 3323 τὸ,
2778 3276 2806 3305 ιι
2841 3254 2938 3307 Καὶ
2972 3251 3124 3308 αὐτοὶ
3173 3254 3274 3309 οὐκ
3339 3253 3604 3324 εἰσῆλθον
3657 3254 3724 3316 εἷς
3769 3252 3821 3308 τὸ

2189 3342 2542 3418 πραιτώριον,
2572 3341 2659 3397 ’ἱνα
2692 3343 2770 3416 μή
2817 3348 3138 3415 μιανθῶσιν,
3203 3341 3330 3400 ἀλλ’
3393 3343 3497 3399 ’ίνα
3554 3343 3824 3402 ἀκωλύτως

2187 3436 2258 3506 τῇ
2285 3431 2406 3502 ἑξῆς
2438 3429 2618 3506 ἡμέρᾳ
2648 3431 2858 3508 φάγωσι
2883 3433 2946 3487 τὸ
3002 3432 3211 3508 πάσχα.
3265 3457 3292 3484 υ
3351 3435 3457 3489 Καὶ
3519 3435 3684 3498 αὗθις·
3716 3459 3738 3484 ιι
3767 3433 3824 3489 Οἱ

2190 3519 2286 3574 οῦν
2317 3517 2596 3590 Ἰουδαῖοι,
2623 3519 2712 3575 ’ἱνα
2745 3523 2820 3592 μὴ
2857 3519 3015 3595 μείνῃ
3049 3519 3137 3577 ἐπὶ
3192 3526 3290 3578 τοῦ
3347 3528 3588 3598 σταυροῦ
3615 3522 3680 3578 τὰ
3738 3521 3824 3576 σώ-

2193 3629 2335 3682 ματα
2363 3607 2415 3664 ἐν
2451 3614 2532 3681 τῷ
2587 3604 2880 3683 Σαϐϐάτῳ,
2941 3610 3053 3666 ἐπεὶ
3108 3613 3420 3686 παρασκευή
3479 3614 3546 3682 ἦν
3601 3613 3685 3684 (ἦν
3733 3611 3826 3685 γὰρ

2191 3700 2402 3777 μεγάλη
2457 3703 2492 3769 ἡ
2555 3699 2736 3774 ἡμέρα
2792 3699 2971 3771 ἐκείνη
3030 3704 3130 3755 τοῦ
3190 3696 3522 3775 Σαϐϐάτου),
3556 3703 3826 3777 ἠρώτησαν

2187 3790 2278 3844 τὸν
2335 3787 2572 3844 Ιιιλάτον
2626 3786 2721 3843 ⁶ίνα
2773 3794 3103 3862 κατεαγῶσιν
3159 3789 3334 3844 αὐτῶν
3389 3791 3462 3846 τὰ
3517 3791 3682 3860 σκέλη
3745 3789 3824 3843 καὶ

2189 3878 2443 3953 ἀρθῶσιν.
2477 3901 2504 3929 »
2538 3879 2624 3934 Ἐν
2654 3879 2700 3950 ᾧ
2730 3879 2824 3933 οὗν
2853 3882 3028 3954 καιρῷ
3057 3881 3195 3933 κατά
3224 3881 3392 3954 σάρκα
3453 3878 3646 3936 ἔπαθεν
3707 3881 3825 3952 ὑπὲρ

2185 3969 2346 4040 ἡμῶν
2386 3967 2414 4020 ὁ
2467 3966 2690 4042 Κύριος,
2748 3967 2812 4022 τὸ
2860 3968 2995 4022 κατᾶ
3043 3968 3212 4040 νόμον
3264 3967 3370 4024 οῦκ
3414 3965 3584 4049 ἔφαγε
3633 3971 3824 4044 πάσχα,

2185 4053 2313 4112 ἀλλ’
2356 4055 2519 4116 αὐτὸς
2550 4055 2680 4124 ὑπὲρ
2712 4057 2874 4129 ἡμῶν
2904 4054 3088 4126 ἐτύθη.
3122 4059 3244 4114 Ὀτι
3277 4055 3333 4112 δὲ
3375 4059 3437 4112 ού
3471 4060 3608 4114 κατὰ
3637 4061 3730 4128 τήν
3771 4054 3826 4111 ιδ’

2187 4142 2466 4198 ἐπετέλεσε
2495 4144 2558 4198 τὸ
2598 4143 2808 4218 πάσχα,
2868 4142 3014 4200 ἀλλὰ
3065 4147 3172 4220 πρὸ
3228 4147 3424 4201 τούτου
3482 4149 3546 4204 τὸ
3587 4147 3826 4220 μυστικὸν

2185 4230 2392 4287 ἐτέλεσε
2423 4230 2662 4302 δεῖπνον,
2685 4233 2774 4288 ὅτε
2799 4234 2887 4288 καὶ
2917 4235 2946 4288 ὁ
2993 4235 3259 4310 ἁγιασμὸς
3315 4239 3424 4291 τῶν
3494 4237 3712 4310 ἀζύμων
3745 4235 3824 4290 καὶ

2184 4324 2218 4392 ἡ
2253 4324 2653 4396 προετοιμασία
2680 4331 2778 4393 τῆς
2835 4324 3030 4399 ἑορτῆς
3081 4323 3310 4400 ἐγίνετο,
3363 4325 3668 4401 εὑρίσκεται
3721 4330 3828 4386 τοῖς

2188 4415 2458 4482 μαθηταῖς
2491 4407 2814 4482 μεταδιδοὺς
2842 4409 2902 4466 οὐ
2935 4410 3174 4484 θύματος
3231 4409 3355 4467 υἱιδέ
3414 4415 3664 4488 ἀζύμων,
3710 4410 3826 4467 ἀλλ’

2185 4497 2348 4575 ἄρτου
2377 4497 2466 4553 καὶ
2507 4499 2794 4574 ποτηρίου.

2257 4769 2322 4824 Οἱ
2355 4765 2412 4824 δὲ
2441 4769 2540 4838 τὴν
2570 4767 2816 4844 γέννησιν
2873 4773 2970 4824 τοῦ
3029 4774 3272 4844 Χριστοῦ
3312 4771 3704 4848 ἀναγράφοντες
3757 4769 3798 4824 εἰ

2183 4856 2246 4910 τὸ
2275 4859 2372 4936 Ιεεί›’
2405 4851 2522 4918 ἔτος
2552 4857 2642 4912 καὶ
2671 4859 2734 4913 τὸ
2775 4860 2944 4922 πάθος
2977 4857 3030 4912 ἐν
3063 4863 3144 4930 τῷ
3173 4857 3344 4936 ιεᾳλκί
3394 4859 3720 4935 σφάλλουςι,
3755 4859 3823 4930 μὴ

2183 4947 2282 5014 τήν
2313 4941 2590 5020 ἀκρίϐειαν
2618 4950 2714 5002 τοῦ
2746 4942 2897 5010 ἔτους
2931 4946 3302 5020 ἐπιστάμενοι.

2259 5037 2404 5090 Κατά
2431 5036 2557 5098 τοὺς
2589 5035 2826 5110 χρόνους
2882 5039 2981 5102 τῆς
3041 5034 3302 5111 ἐνσάρκου
3359 5035 3654 5111 ἐπιδημίας
3701 5039 3825 5110 Χρι-

2187 5127 2316 5178 στοῦ
2343 5127 2440 5178 τοῦ
2471 5122 2737 5193 ἀληθινοῦ
2795 5127 2931 5178 Θεοῦ
2982 5126 3142 5196 ἡμῶν
3171 5125 3238 5194 ἦν
3270 5147 3353 5188 τις
3399 5124 3684 5200 τοπᾶρκης
3736 5123 3826 5177 πό·

2185 5212 2325 5274 λεως
2359 5211 2638 5284 Ἐδέσσης,
2721 5213 2949 5288 ὀνόματι
3007 5213 3276 5292 Αὒγαρος.
3346 5213 3690 5286 Διαδοθείσης
3739 5213 3824 5267 οὖν

1635 5437 1993 5494 XYLANDRI
2032 5436 2119 5490 ET
2157 5433 2375 5489 GOARI
2412 5433 2633 5488 NOTAE.

440 5521 640 5604 (quem
687 5525 1445 5604 vocant)‘_eccles_iasticum
1530 5531 1920 5604 excutere_et
1969 5526 2086 5604 huc

436 5593 720 5647 adhibere
751 5593 1064 5649 consilium
1102 5596 1331 5666 fuisset,
1364 5599 1568 5668 Itaque
1593 5599 1732 5668 quia
1787 5598 1847 5652 id
1906 5597 2078 5654 nobis

2197 5520 2460 5575 alienum
2492 5521 2802 5576 videbatur
2831 5521 3009 5594 hujus
3043 5521 3177 5576 loci.
3211 5523 3327 5576 vita
3351 5521 3605 5578 auctoris
3628 5518 3824 5574 reddi-

2189 5607 2404 5664 dimus.
2436 5611 2577 5664 XYL.
