4104 6276
266 375 381 436 345

1416 375 1950 441 HISTORIARUM
1998 373 2551 441 COMPENDIUM.

3573 379 3690 445 346

265 514 549 584 πανταχοῦ
590 513 691 579 τῆς
751 515 864 567 τῶν
926 510 1239 586 θαυμασίων
1295 514 1488 589 φήμης
1544 513 1779 587 Χριστοῦ
1836 510 1931 562 τοῦ

2047 509 2338 565 editorum
2370 512 2635 583 undique
2655 530 2857 585 sparsa
2887 514 3149 585 pervenit
3191 514 3350 569 fama
3382 529 3683 584 {quorum

278 603 408 653 Θεοῦ
438 600 632 671 ἡμῶν,
664 601 906 665 ἀκούσας
958 604 1045 656 καὶ
1103 601 1261 663 αὐτὸς
1320 603 1349 656 ὁ
1408 600 1593 677 ῥηθεὶς
1646 598 1937 672 τοπάρχης

272 688 517 757 ἐξίστατο
550 689 645 742 ἐπὶ
695 690 920 754 τούτοις
976 691 1066 745 καὶ
1117 689 1297 745 ἐπόθει
1350 687 1482 743 ἰδεῖν
1537 689 1629 743 τὸν
1687 686 1937 762 Χριστόν.

272 778 380 832 Οὐκ
410 775 656 847 ἠδύνατο
690 777 748 834 δέ
779 779 870 835 διὰ
895 781 957 834 τὸ
988 781 1223 842 ἀνιάτως
1274 786 1469 837 νοσεῖν.
1501 779 1728 853 Τράφει
1758 776 1935 830 τοίνυν

273 868 577 939 ἐπιστολὴν
607 872 747 945 πρὸς
781 871 967 939 αὐτὸν,
1008 874 1042 940 ἢ
1076 870 1361 927 ἀπέστειλε
1392 869 1461 925 δι’
1519 869 1770 925 Ἀνανίου
1827 871 1935 922 τῶν

278 957 446 1012 αὓτοῦ
477 956 879 1033 ταχυδρόμων,
915 960 974 1021 ὅς
1034 958 1085 1014 ἐν
1149 959 1310 1033 πείρᾳ
1366 957 1631 1036 ἐτύγχανε
1692 957 1780 1011 καὶ
1836 961 1937 1024 τῆς

279 1056 650 1129 ζωγραφικῆς
675 1050 897 1126 τέχνης.
932 1049 1274 1127 Παρήγγειλε
1303 1049 1360 1106 δὲ
1388 1052 1537 1121 αὐτῷ
1594 1051 1623 1104 ὁ
1690 1048 1937 1123 Αὕγαρος

270 1133 466 1193 λαϐεῖν
512 1139 568 1194 ἐν
596 1138 771 1195 σανίδι
800 1141 863 1195 τὸ
891 1141 1153 1213 ὁμοίωμα
1182 1144 1283 1205 τῆς
1335 1143 1432 1195 τοῦ
1491 1141 1727 1214 Χριστοῦ
1773 1133 1937 1205 ίδέας,

261 1232 321 1280 Ἠ
385 1224 449 1281 δὲ
511 1228 782 1297 ἐπιστολὴ
831 1234 929 1284 τοῦ
996 1229 1250 1304 Αύγάρου
1307 1230 1444 1284 κατὰ
1499 1230 1659 1302 ηῆμα
1723 1224 1938 1297 διέξεισι

262 1312 417 1369 τάδε·
458 1340 487 1367 ‹‹
526 1316 775 1391 Αῧγαρος
833 1318 1120 1394 τοπάρχης
1177 1318 1393 1380 πόλεως
1450 1314 1707 1387 Ἐδέσσης
1760 1317 1938 1384 Ἰησοῦ

262 1411 499 1477 Σωτῆρι
557 1405 766 1479 ἀγαθῷ,
831 1407 1149 1485 ἀναφανέντι
1190 1406 1241 1460 ἐν
1298 1405 1456 1461 πόλει
1515 1403 1936 1479 Ἱεροσολύμων,

263 1494 510 1571 χαίρειν.
571 1496 870 1552 ⁶Ηκουσταί
934 1517 1027 1567 μοι
1082 1497 1147 1551 τὰ
1201 1496 1324 1569 περί
1384 1499 1479 1550 σοῦ
1526 1496 1616 1549 καὶ
1670 1498 1779 1549 τῶν
1828 1497 1935 1546 σῶν

264 1583 529 1654 ἰαμάτων
565 1585 641 1644 ὡς
694 1584 822 1639 ἄνευ
876 1585 1176 1659 φαρμάκων
1210 1586 1313 1639 ὑπό
1344 1606 1440 1639 σου
1485 1582 1806 1659 γινομένων’
1862 1581 1937 1643 ὡς

261 1673 369 1746 γὰρ
405 1672 610 1747 λόγος,
640 1672 883 1747 τυφλοὺς
914 1670 1240 1730 ἀναϐλέπειν
1273 1680 1471 1742 ποιεῖς,
1530 1672 1754 1749 χωλοὺς
1785 1690 1939 1745 περι-

266 1767 490 1829 πατεῖν,
528 1760 768 1837 λεπροὺς
827 1764 1157 1837 καθαρίζεις,
1214 1764 1303 1818 καὶ
1335 1764 1610 1839 ἂκάθαρτα
1657 1760 1937 1833 πνεύματα

2047 599 2439 655 admiratione
2470 603 2774 673 perculsus
2805 603 3097 658 Christum
3155 603 3352 658 videre
3387 604 3690 660 desidera-

2047 690 2144 744 vit.
2169 691 2333 754 Quod
2363 708 2436 745 ne
2471 692 2981 755 ﬁeret,insanabili
3006 693 3210 746 morbo
3234 693 3690 764 impediebatur.

2050 780 2249 850 Itaque
2280 780 2355 835 ad
2386 798 2520 835 eum
2542 782 2724 836 mittit
2771 782 3077 854 epistolam
3112 801 3219 854 per
3244 798 3427 838 unum
3459 783 3531 839 de
3564 785 3687 839 suis

2047 871 2387 925 cursoribus
2419 871 3327 945 Ananiamnomine,eique(nam
3360 879 3417 927 et
3446 875 3685 945 pingere

2046 960 2241 1030 norat)
2270 960 2513 1015 mandat
2542 964 2607 1013 ut
2644 960 2858 1014 Christi
2890 961 3145 1015 formam
3166 963 3228 1015 in
3248 962 3448 1018 tabula
3477 963 3688 1032 depin-

2044 1048 2507 1118 geret.Epistolio
2531 1049 2868 1121 exemplum
2898 1049 3050 1104 infra
3082 1051 3365 1121 scriptum
3391 1057 3480 1105 est
3504 1069 3516 1106 :
3543 1054 3691 1106 «Au-

2043 1152 2217 1207 garus
2248 1137 2486 1209 regulus
2515 1137 2746 1192 Edessa:
2777 1139 2944 1193 urbis
2972 1140 3109 1193 Jesu
3148 1139 3436 1193 Servatori
3508 1139 3686 1206 bono,

2016 1226 2349 1280 'exsistenti
2392 1227 2453 1280 in
2496 1227 2640 1281 urbe
2674 1227 3096 1296 Hierosolyma,
3130 1227 3401 1282 salutem.
3427 1228 3687 1284 Allatum

2046 1315 2119 1370 ad
2147 1333 2239 1370 me
2280 1321 2368 1369 est
2392 1322 2446 1370 te
2478 1317 2604 1369 sine
2627 1316 3078 1372 medicamentis
3106 1316 3342 1371 morbos
3366 1316 3686 1388 depellere:

2045 1408 2233 1461 fertur
2254 1406 2413 1461 enim
2440 1406 2544 1461 abs
2577 1412 2629 1460 te
2662 1408 2835 1461 cmcis
2856 1407 3065 1473 visum,
3094 1406 3322 1462 claudis
3353 1408 3688 1479 ingressum

2045 1496 2572 1567 restitui,leprosos
2602 1497 2929 1569 repurgari,
2951 1496 3267 1565 verbisque
3293 1497 3405 1550 tuis
3438 1497 3695 1551 immun-

2045 1586 2151 1640 dos
2184 1587 2427 1658 spiritus
2479 1586 2656 1657 abigi,
2688 1602 2789 1641 eos
2820 1587 2920 1657 qui
2969 1586 3268 1640 diuturnis
3317 1587 3541 1641 morbis
3576 1592 3691 1640 tor-

2046 1681 2302 1746 quentur
2328 1676 2818 1747 sanari,mortuos
2849 1678 2909 1731 in
2939 1678 3120 1732 vitam
3155 1678 3435 1733 revocari.
3468 1677 3690 1742 Quibus

2046 1765 2197 1819 309
2231 1764 2505 1820 omnibus
2537 1765 2608 1820 de
2642 1771 2696 1820 te
2725 1766 2944 1820 auditis
2976 1766 3037 1821 in
3069 1783 3198 1821 eam
3231 1767 3361 1821 veni
3392 1767 3694 1838 cogitatio-

268 1846 433 1922 λόγῳ
463 1847 815 1917 ἀπελαύνεις,
848 1850 938 1904 καὶ
969 1850 1093 1912 τοὺς
1151 1851 1202 1905 ἐν
1273 1848 1605 1925 μακρονοσίᾳ
1647 1849 1934 1923 βασανιζο-

2045 1858 2268 1916 nem,te
2292 1855 2472 1909 Deum
2507 1870 2634 1909 esse
2667 1854 2930 1925 cmloque
2963 1855 3303 1927 degressum
3334 1855 3446 1910 ista
3474 1855 3688 1925 facere,

273 1940 476 2010 μένους
565 1938 885 2012 θεραπεύεις
966 1942 1056 1993 καὶ
1138 1940 1356 2013 νεκροὺς
1438 1937 1701 2014 ἐγείρεις.
1761 1935 1940 1993 Ταῦτα

263 2029 456 2081 πάντα
486 2026 727 2088 ἀκούσας
757 2027 882 2102 περὶ
921 2026 1016 2083 σοῦ
1045 2030 1182 2084 κατά
1238 2032 1361 2083 νοῦν
1420 2026 1614 2099 ἐθέμην
1675 2025 1757 2081 ὅτι
1815 2026 1942 2086 Θεὸς

268 2116 322 2169 εἴ
346 2116 444 2169 καὶ
476 2110 718 2176 καταϐὰς
752 2114 803 2186 ἐξ
848 2117 1077 2191 ούρανοῦ
1133 2121 1300 2171 ταῦτα
1356 2120 1556 2186 ποιεῖς,
1612 2112 1650 2182 ἤ
1714 2115 1837 2176 Υἱὸς
1892 2114 1941 2166 εἷ

270 2208 374 2259 τοῦ
443 2207 603 2269 Θεοῦ,
662 2208 835 2258 ποιῶν
896 2209 1081 2264 ταῦτα.
1137 2206 1233 2260 Διὰ
1283 2209 1449 2259 ταῦτα
1503 2204 1684 2258 τοίνυν
1729 2202 1937 2277 γράψας

270 2290 517 2361 ἐδεήθην
558 2296 662 2356 τῆς
695 2297 794 2358 σῆς
830 2293 1020 2369 ἰσχύος
1047 2293 1134 2348 καὶ
1168 2294 1503 2371 ἀγαθότητός
1535 2290 1802 2361 σκυλῆναι
1850 2292 1939 2345 καὶ

265 2380 460 2444 ἐλθεῖν
495 2380 633 2454 πρός
672 2402 759 2453 με,
784 2379 873 2436 ’ίνα
903 2384 966 2437 τὸ
997 2383 1168 2447 πάθος
1197 2384 1226 2436 ὅ
1266 2378 1381 2460 ἔχω
1440 2382 1788 2457 θεραπεύσῃς.
1838 2378 1939 2435 Καὶ

254 2470 379 2543 γὰρ
414 2469 632 2537 ἤκουσα
661 2470 749 2523 ’ὀτι
800 2470 887 2524 καί
922 2472 975 2525 οἱ
1008 2468 1262 2528 Ἰουδαῖοι
1321 2471 1789 2547 καταγογγύζουσί
1845 2489 1940 2523 σου

268 2558 367 2611 καί
407 2555 714 2631 βούλονται
748 2559 990 2613 κακῶσαί
1020 2580 1096 2614 σε.
1133 2557 1301 2620 Πόλις
1335 2555 1392 2614 δὲ
1428 2558 1522 2631 μοί
1571 2558 1678 2612 ἐστι
1714 2577 1940 2630 σμικρο-

271 2646 447 2715 τάτη,
511 2648 596 2718 [Ρ.
662 2648 785 2721 176]
869 2650 991 2717 ἣτις
1047 2648 1312 2723 ἐξαρκέσει
1394 2646 1722 2726 ἀμφοτέροις
1780 2649 1940 2720 ἡμῖν.

2045 1950 2146 1997 aut
2176 1943 2389 1997 Filium
2408 1959 2536 1997 esse
2568 1943 2798 2013 Dei,qui
2828 1943 2940 1997 ista
2969 1948 3232 2014 praestes.
3257 1945 3461 2013 Itaque
3490 1944 3689 1998 missis

2045 2032 2260 2087 litteris
2307 2032 2464 2087 volui
2519 2032 2630 2086 hoc
2674 2031 2778 2086 abs
2838 2038 2937 2086 tua
2992 2037 3283 2103 potestate
3336 2038 3392 2085 et
3422 2032 3685 2086 bonitate

2046 2120 2423 2187 contendere,
2461 2120 2543 2174 uti
2578 2119 2650 2174 ad
2682 2136 2777 2173 me
2809 2118 3183 2191 proﬁciscare
3214 2136 3279 2173 ac
3330 2136 3421 2173 me
3481 2120 3686 2175 morbo

2045 2226 2177 2264 meo
2210 2209 2445 2263 liberes.
2469 2210 2612 2263 Nam
2639 2214 2696 2263 et
2725 2209 2835 2263 hoc
2865 2209 3009 2262 mihi
3067 2209 3405 2263 nuntiatum
3458 2214 3545 2262 est
3590 2210 3688 2264 Ju-

2046 2299 2204 2353 daaos
2237 2298 2341 2352 tibi
2370 2298 2608 2367 obloqui
2640 2315 2706 2353 ac
2726 2299 2972 2352 insidias
2995 2298 3338 2352 tendere.At
3371 2298 3515 2351 mihi
3545 2298 3686 2352 urbs

2047 2394 2155 2455 est,
2188 2404 2528 2458 quanquam
2575 2389 2913 2459 perexigua,
2975 2393 3173 2441 tamen
3234 2387 3521 2441 ainbobus
3570 2387 3690 2441 suf-

2046 2478 2293 2532 fectura.
2353 2476 2517 2532 Vale.
2574 2499 2599 2526 ››
2659 2481 2872 2531 Cursor
2941 2477 3347 2547 Hierosolyma
3388 2476 3687 2547 profectus

2047 2568 2277 2621 Christo
2310 2566 2620 2637 epistolam
2654 2567 2920 2620 exhibuit
2943 2582 2955 2631 ;
2978 2583 3232 2636 eumque
3264 2566 3580 2636 diligenter
3600 2571 3689 2619 at-

2049 2655 2226 2709 tentis
2258 2656 2690 2727 contemplatus
2722 2654 3071 2723 oculis,cum
3091 2672 3125 2709 a
3153 2655 3489 2709 confluente
3520 2654 3687 2709 turba

278 2736 567 2809 Ἕρρωσο.
632 2737 753 2792 »Ὁ
796 2733 853 2790 δὲ
906 2734 1263 2815 ταχυδρόμος
1320 2736 1569 2793 ἀπελθὼν
1639 2736 1690 2790 ἐν
1745 2738 1947 2811 Ἰερου-

280 2823 503 2894 σαλήμ,
538 2823 632 2879 καὶ
665 2821 793 2888 δοὺς
822 2831 904 2898 τῷ
943 2825 1130 2899 Κυρίῳ
1157 2829 1256 2895 τὴν
1292 2824 1613 2895 ἐπιστολήν,
1655 2826 1723 2894 ἦν
1755 2824 1944 2898 ἐπιμε-

277 2912 395 2973 λῶς
432 2914 691 2982 ἀτενίζων
722 2913 896 2986 αὐτῷ,
928 2916 1004 2986 μὴ
1039 2912 1336 2989 δυνάμενος
1369 2913 1426 2970 δὲ
1482 2913 1722 2985 πλησίον
1781 2911 1944 2968 αὺτοῦ

263 3011 464 3072 στῆναι
515 3000 608 3057 διὰ
669 3004 732 3058 τὸ
788 3002 1079 3080 συῤῥεῦσαν
1135 3013 1374 3075 πλῆθος,
1430 3005 1516 3060 ἐπί
1566 3026 1687 3060 τινα
1745 3005 1934 3077 πέτραι

2051 3011 2391 3081 apparentis
2422 3010 2621 3081 figura)
2677 3010 2933 3081 efﬁgiem
2965 3009 3330 3080 depingeret.
3370 3011 3581 3063 Verum
3638 3009 3686 3062 is

283 3094 479 3166 μικρὸν
510 3100 615 3161 τῆς
666 3100 772 3167 γῆς
830 3094 1181 3164 ἀνεστηκυῖαν
1243 3090 1443 3157 ἀναϐὰς
1503 3095 1786 3164 ἐκαθέσθη,
1853 3108 1934 3159 καῖ

2052 3103 2301 3152 conatus
2330 3097 2549 3152 frustra
2580 3097 2709 3164 fuit,
2736 3097 2984 3151 Domino
3011 3095 3261 3151 subinde
3303 3096 3525 3150 vultum
3558 3112 3689 3149 mu-

273 3182 431 3244 εύθῦς
462 3180 650 3254 ἐκείνῳ
685 3183 780 3255 μὲν
814 3181 941 3244 τοὺς
1001 3182 1346 3259 ὀφθαλμοὺς,
1378 3188 1457 3255 τῷ
1526 3182 1583 3239 δὲ
1624 3187 1802 3263 χάρτη
1837 3188 1934 3256 τήν

354 3276 375 3285 -
637 3274 649 3288 ι
749 3268 773 3287 εδ
930 3273 946 3288 ‘
1049 3274 1063 3288 ‘
1224 3277 1250 3288 "
1502 3268 1525 3288 ”
1784 3281 1792 3288 ’

2051 3186 2350 3242 tante.Sed
2379 3186 2666 3253 Christus,
2685 3185 2777 3239 cui
2810 3186 3051 3240 occultae
3083 3185 3277 3240 cordis
3306 3184 3691 3257 cogitationes

283 3276 446 3344 χεῖρα
476 3268 824 3346 προσηρειδε,
856 3273 947 3326 καὶ
1004 3274 1103 3342 τήν
1156 3277 1254 3328 τοῦ
1294 3268 1620 3349 φαινομένου
1676 3281 1934 3350 μετέγρα-

2047 3276 2369 3347 explorataa
2397 3275 2923 3347 essent,proposito
2956 3274 3142 3345 ipsius
3171 3274 3475 3329 intellecto
3508 3274 3693 3328 homi-

291 3378 389 3435 ῖιεν
416 3360 717 3431 ὁμοιότητα.
758 3361 857 3416 Καὶ
887 3359 1146 3433 οὐδαμῶς
1194 3360 1432 3433 ἠδύνατο
1471 3363 1632 3418 αὐτὸν
1691 3362 1933 3420 καταλα-

2044 3381 2179 3419 nem
2212 3365 2284 3419 ad
2313 3381 2375 3418 se
2433 3365 2700 3431 vocavit;
2752 3380 2819 3419 ac
2871 3364 3065 3419 lavare
3124 3363 3335 3418 faciem
3390 3380 3687 3433 quaerens,

289 3441 403 3499 δεῖν
452 3444 534 3502 διᾶ
580 3452 639 3505 τὸ
700 3450 859 3521 ἑτέρᾳ
909 3450 997 3505 καί
1052 3451 1207 3525 ἑτέρᾳ
1257 3447 1376 3525 ὄψει
1410 3453 1708 3529 φαίνεσθαι.
1763 3458 1819 3506 Ὀ
1876 3451 1934 3508 δὲ

2043 3461 2356 3526 postquam
2387 3454 2764 3520 abluisset,in
2803 3470 3068 3525 pannum
3091 3452 3545 3523 quadruplicem
3572 3451 3683 3506 sibi

278 3537 495 3610 Κύριος,
536 3538 607 3599 ὡς
651 3541 745 3594 ἅτε
769 3540 1018 3617 κρυφίων
1042 3541 1295 3615 γνώσεων
1346 3542 1434 3595 καὶ
1489 3539 1726 3614 καρδιῶν
1756 3541 1932 3614 ἐξετα-

2043 3544 2303 3598 oblatum
2329 3543 2540 3597 divinae
2576 3560 2696 3597 sua:
2729 3548 2786 3597 et
2811 3541 3207 3597 immaculatae
3230 3542 3402 3597 faciei
3436 3540 3679 3596 simula-

272 3627 423 3694 στῆς,
461 3628 628 3700 γνοὺς
670 3629 771 3695 τὴν
805 3626 1096 3702 ἐνθύμησιν
1156 3628 1324 3684 αύτοῦ
1385 3630 1777 3702 μετεκαλέσατο
1836 3632 1932 3686 αύ-

2042 3649 2203 3687 erum
2237 3632 2496 3687 maximo
2522 3631 2808 3686 miraculo
2838 3632 3159 3702 impressit.
3193 3633 3333 3685 Eam
3367 3630 3680 3685 sindonem

266 3715 385 3777 τὸν,
419 3713 511 3768 καὶ
544 3718 788 3785 ζητήσας
846 3714 1100 3789 νίψασθαι
1160 3715 1387 3788 ἐπεδόθη
1450 3719 1597 3790 αύτῷ
1628 3718 1789 3793 ῥάκος
1844 3741 1932 3774 τε-

2042 3722 2283 3777 Ananiae
2316 3721 2576 3787 tradidit,
2611 3721 2900 3775 mandans
2924 3726 2987 3774 ut
3018 3720 3259 3773 domino
3283 3736 3388 3773 suo
3421 3719 3679 3787 afferret,

254 3800 573 3875 τράδιπλον
620 3803 756 3875 μετά
784 3805 846 3857 τὸ
881 3805 1157 3877 νίψασθαι,
1198 3804 1250 3859 ἐν
1282 3806 1327 3877 ᾧ
1356 3807 1444 3860 καί
1475 3805 1787 3879 ἀπεμάξατο
1828 3810 1926 3876 τήν

2042 3830 2106 3867 ac
2129 3829 2246 3868 una
2277 3812 2612 3883 epistolam,
2639 3827 2815 3881 quam
2876 3811 2935 3865 in
2967 3812 3091 3864 haec
3122 3809 3295 3863 verba
3324 3808 3630 3878 rescripsit
3660 3824 3674 3861 :

263 3886 556 3964 Ξχραντον
583 3890 678 3945 καὶ
710 3891 854 3954 θείαν
886 3892 1058 3947 αὐτοῦ
1090 3889 1234 3966 ὄψιν.
1269 3894 1372 3949 Καὶ
1404 3889 1447 3947 ὤ
1476 3898 1572 3949 τοῦ
1608 3895 1880 3968 θαύματος
1913 3900 1924 3953 ί

2042 3924 2065 3951 ι(
2098 3903 2309 3956 Beatus
2340 3918 2422 3966 es,
2458 3903 2708 3971 Augare,
2751 3899 2849 3970 qui
2886 3900 3028 3952 mihi
3062 3915 3181 3952 non
3215 3898 3333 3952 viso
3365 3897 3541 3951 fidem
3572 3897 3679 3951 ha-

264 3981 552 4053 παρευθῦς
585 3978 898 4050 ἐνετυπώθη
956 3988 1057 4050 τῆς
1106 3980 1268 4036 αὐτοῦ
1326 3989 1540 4061 μορφῆς
1594 3984 1656 4037 τὸ
1710 3984 1928 4039 ἀπεικό-

2042 3990 2238 4045 buisti.
2273 3990 2364 4044 Sic
2397 3988 2555 4043 enim
2587 3988 2656 4042 de
2709 4005 2804 4042 me
2857 3987 3089 4042 Litteris
3122 3986 3403 4041 traditum
3432 3991 3543 4047 est,
3578 4002 3679 4040 eos

252 4090 433 4141 νισμα
493 4066 556 4121 ἐν
613 4073 683 4141 τῇ
742 4066 965 4139 σινδόνι,
1024 4069 1091 4138 ἥν
1142 4072 1233 4124 καὶ
1281 4071 1526 4126 ἀπέδωκε
1575 4076 1654 4144 τῷ
1713 4074 1928 4147 Ἀνανίᾳ

2042 4080 2137 4150 qui
2170 4096 2263 4133 me
2286 4078 2541 4141 videant,
2580 4077 2755 4131 tidem
2787 4077 2933 4130 mihi
2966 4093 3085 4132 non
3118 4077 3444 4140 habituros,
3471 4090 3674 4129 verum

257 4159 463 4213 εἰπών’
501 4183 527 4207 ιι
562 4156 816 4230 "Arelas,
849 4159 939 4213 καὶ
971 4158 1173 4222 ἀπόδος
1203 4160 1368 4229 αὐτην
1400 4167 1480 4233 τῷ
1545 4162 1925 4220 ἀποστείλαντί

2042 4185 2137 4223 eos
2157 4169 2312 4222 310
2335 4166 2436 4236 qui
2466 4181 2562 4219 me
2593 4182 2713 4219 non
2747 4165 3052 4231 vidissent,
3114 4165 3288 4219 fidem
3324 4164 3466 4218 mihi
3498 4170 3675 4232 atque

290 4270 305 4278 -
444 4248 456 4267 .
554 4246 607 4278 ἐ
825 4244 867 4265 κ.
927 4249 937 4260 .
1027 4250 1050 4282 ,ι
1282 4251 1295 4269 .
1559 4256 1584 4281 _.
1749 4254 1761 4268 .
1871 4255 1883 4269 ς

254 4269 334 4303 σι,
379 4274 407 4297 »ι
465 4251 789 4322 Αν.;γραψε
821 4264 879 4301 οε
918 4268 944 4301 ο
978 4252 1176 4323 Καριος
1208 4271 1296 4305 και
1328 4250 1624 4320 ἐπιστολην
1667 4273 1800 4325 προς
1833 4275 1922 4308 τον

2042 4257 2211 4311 vitam
2241 4255 2566 4311 habituros.
2600 4254 2763 4319 Quod
2794 4254 2944 4325 petis
2975 4259 3039 4308 ut
3062 4254 3134 4308 ad
3156 4260 3213 4308 te
3241 4253 3497 4321 veniam,
3528 4251 3673 4305 mihi

256 4338 539 4410 Αῧγαρον,
575 4335 664 4389 ἐπὶ
704 4333 902 4406 λέξεως
942 4335 1173 4392 ἔχουσαν
1207 4339 1399 4400 οὕτῶς·
1428 4365 1455 4392 ‹‹
1519 4341 1797 4415 Μακάριος
1851 4345 1922 4416 εἴ,

2042 4349 2235 4403 omnia
2265 4346 2622 4402 absolvenda
2672 4351 2808 4400 sunt
2847 4362 2917 4401 ea
2946 4362 3197 4417 quorum
3241 4346 3427 4416 gratia
3454 4346 3670 4398 missus

261 4424 513 4500 Αῦγαρε,
548 4426 836 4488 πιστεύσας
862 4425 913 4481 ἐν
942 4425 1067 4499 ἐμοὶ
1110 4430 1185 4501 μὴ
1247 4430 1500 4503 ἑωρακώς
1557 4452 1643 4502 με.
1713 4432 1923 4509 Γέγρα-

2042 4456 2184 4505 sum,
2218 4439 2409 4507 iisque
2442 4436 2725 4491 confectis
2756 4435 3123 4490 redeundum
3154 4435 3229 4490 ad
3276 4436 3533 4497 Patrem,
3569 4433 3669 4503 qui

262 4536 393 4569 πται
422 4515 530 4591 γὰρ
562 4515 686 4588 περὶ
715 4514 874 4587 ἐμοῦ,
904 4516 1031 4577 τοὺς
1075 4517 1383 4591 ἑωρακότας
1420 4540 1486 4591 με
1548 4522 1621 4592 μὴ
1656 4522 1920 4578 πιστεύειν

2042 4527 2295 4582 miserat.
2326 4528 2405 4580 Eo
2439 4526 2589 4580 facto
2623 4526 2853 4580 mittam
2885 4525 2955 4580 ad
2993 4531 3044 4579 te
3069 4541 3255 4579 unum
3277 4540 3546 4578 meorum
3588 4523 3679 4577 di-

264 4604 315 4657 ἐν
361 4604 514 4676 ἐμοί·
553 4606 604 4658 οἱ
636 4602 694 4658 δὲ
754 4607 830 4676 μὴ
888 4604 1187 4680 ἑωρακότες
1256 4629 1321 4680 με
1377 4607 1530 4664 αὒτοὶ
1614 4611 1925 4667 πιστεύουσι

2042 4615 2425 4687 scipulorum,
2460 4614 2702 4670 nomine
2744 4614 3140 4669 Thaddaeum:
3188 4615 3236 4668 is
3270 4619 3325 4667 et
3382 4613 3588 4667 morbo
3623 4617 3677 4666 te

2048 2744 2290 2815 propius
2329 2750 2521 2799 astare
2554 2761 2672 2798 non
2712 2745 3030 2809 sineretur,
3064 2744 3124 2798 in
3157 2760 3363 2798 saxum
3390 2743 3688 2814 quoddam

2049 2832 2354 2904 paululum
2386 2850 2563 2904 supra
2591 2839 2807 2887 terram
2841 2834 3111 2887 eminens
3168 2832 3455 2897 consedit,
3486 2833 3688 2903 ibique

2051 2922 2246 2976 statim
2281 2922 2484 2977 oculos
2515 2923 2766 2989 Christo,
2798 2938 3041 2976 manum
3065 2922 3284 2975 charta)
3316 2920 3592 2987 intendit,
3625 2926 3691 2974 ut

265 4694 357 4747 καὶ
395 4695 679 4762 ζήσονται.
714 4694 844 4769 Περὶ
885 4691 941 4748 δὲ
993 4695 1054 4748 οὗ
1109 4691 1344 4770 ἔγραψάς
1404 4718 1499 4769 μοι
1558 4698 1733 4762 ἐλθεῖν
1793 4703 1928 4775 πρός

267 4801 348 4848 σε,
379 4778 501 4834 δέον
534 4780 645 4834 ἐστὶ
689 4781 863 4835 πάντα
927 4780 1220 4857 πληρῶσαί
1275 4805 1338 4856 με
1398 4782 1468 4838 δι’
1506 4782 1541 4840 ἄ
1591 4785 1923 4856 ἀπεστάλην,

267 4869 360 4923 καί
424 4869 561 4941 μετά
603 4869 666 4922 τὸ
718 4874 1008 4941 πληρῶςαι
1064 4871 1446 4945 ἀναληφθῆναί
1504 4895 1569 4946 με
1634 4876 1768 4950 πρὸς
1835 4878 1925 4931 τὸν

267 4956 675 5012 ἀποστείλαντά
737 4979 804 5029 με
852 4959 1079 5032 Πατέρα.
1151 4958 1403 5017 Ἐπειδὰν
1462 4960 1520 5017 δὲ
1604 4964 1923 5041 ἀναληφθῶ,

268 5044 595 5101 ἀποστείλω
629 5067 711 5100 σοι
741 5043 833 5100 ’ἕνα
863 5051 972 5102 τῶι
1008 5050 1265 5120 μαθητῶν
1330 5072 1454 5121 μου,
1493 5051 1721 5125 ὀνόματι
1786 5053 1925 5109 Θαδ-

266 5133 449 5201 δαῖον,
482 5136 633 5196 ’ὀστις
661 5135 751 5189 καὶ
795 5135 857 5189 τὸ
887 5136 1060 5197 πάθος
1117 5158 1210 5191 σου
1270 5141 1580 5213 θεραπεύσει
1632 5143 1721 5195 καὶ
1777 5145 1922 5213 ζωὴν

264 5225 495 5279 αἰώνιον
530 5226 618 5278 καί
653 5223 881 5298 εἰρήνην
914 5246 999 5280 σοι
1029 5227 1314 5303 παράσχῃ,
1353 5230 1443 5283 καὶ
1498 5234 1567 5304 τῇ
1628 5230 1788 5286 πόλει
1830 5254 1924 5288 σου

262 5315 557 5387 γενήσεται
584 5312 648 5367 τὸ
710 5313 892 5367 ἰκανὸν
943 5314 1077 5385 πρὸς
1144 5315 1206 5369 τὸ
1268 5313 1473 5385 μηδένα
1523 5322 1628 5373 τῶν
1710 5319 1924 5395 ἐχθρῶν

263 5405 597 5479 κατισχῦσαι
628 5399 819 5470 αὐτῆς.
860 5425 889 5452 ι)
922 5403 1154 5464 Ἐπιθεὶς
1186 5402 1236 5457 ἐν
1268 5409 1347 5476 τῷ
1402 5405 1548 5461 τέλει
1606 5409 1695 5462 καὶ
1752 5430 1927 5486 σφρα-

265 5491 397 5569 γῖδα
440 5494 758 5567 γρςξμςιασιν
823 5487 1136 5566 ἰεζϐραῖκοῖς
1200 5493 1617 5568 ἐνσημανθεῖσαν
1680 5500 1837 5571 ἐπτά,
1894 5500 1928 5557 ἄ

264 5603 391 5637 τιν2
435 5582 958 5657 μεοερμηνενόμενα
1014 5590 1182 5638 ταῦτα
1242 5580 1494 5656 δηλοῦσι,
1549 5591 1685 5642 Θεοῦ
1743 5590 1924 5654 θεαθὲν

274 5676 455 5743 θαῦμα
501 5679 665 5735 θεῖον,
729 5673 798 5729 Ὀ
859 5667 917 5724 δὲ
972 5672 1260 5747 τοπάρχης
1339 5674 1576 5750 Αὕγαρος
1639 5674 1926 5752 δεξάμενος

271 5767 580 5837 περιχαρῶς
638 5764 734 5819 τὸν
799 5760 1079 5827 Ἀνανίαν,
1139 5763 1314 5816 πεσὼν
1391 5765 1758 5836 προσεκύνησε
1825 5770 1926 5838 τήν

2039 4704 2226 4758 solvet
2254 4710 2310 4759 et
2366 4704 2544 4758 vitam
2594 4709 2878 4758 aeternam
2931 4720 3255 4774 pacemque
3306 4702 3414 4757 tibi
3474 4708 3531 4757 et
3567 4702 3681 4757 tuis

2035 4792 2607 4864 praebebit,urbsque
2631 4797 2731 4847 tua
2760 4792 2833 4847 ab
2856 4793 3133 4847 omnibus
3164 4792 3432 4847 hostibus
3467 4796 3591 4845 tuta
3621 4795 3680 4845 et

2036 4882 2253 4938 invicta
2282 4884 2402 4938 fiet.
2422 4905 2448 4931 »
2478 4884 2542 4937 In
2573 4883 2689 4937 fine
2716 4882 2974 4951 sigillum
2991 4882 3417 4953 posuitlitteris
3450 4887 3677 4952 septem

2038 4972 2335 5027 Hebraicis
2357 4978 2626 5027 notatum
2652 4989 2665 5037 ;
2692 4988 2942 5042 quarum
2967 4986 3175 5025 sensus
3193 4978 3281 5026 est
3305 4988 3317 5025 :
3344 4971 3442 5025 Dei
3460 4974 3679 5040 specta-

2038 5068 2161 5117 tum
2186 5062 2447 5117 divinum
2473 5062 2845 5116 miraculum.
2872 5064 3139 5131 Augarus
3170 5066 3406 5131 recepto
3463 5074 3680 5127 magna

2036 5169 2169 5206 cum
2200 5152 2404 5205 lmtitia
2434 5151 2739 5205 tabellario
2772 5167 2993 5221 pronus
3014 5149 3678 5218 conciditJdivinamque

2037 5240 2301 5296 adoravit
2334 5240 2653 5308 imaginem
2685 5255 2899 5311 magna
2928 5255 3062 5293 cum
3096 5237 3209 5293 fide
3244 5243 3300 5291 et
3330 5236 3624 5292 desiderio
3664 5256 3677 5306 ;

2037 5329 2353 5398 statimque
2387 5328 2608 5382 morbis
2640 5329 2761 5381 suis
2784 5328 3067 5381 liberatus
3085 5325 3424 5397 est,exiguis
3454 5326 3514 5381 in
3535 5326 3682 5383 facie

2035 5417 2486 5472 remanentibus
2507 5416 2697 5471 adhuc
2731 5417 3017 5487 reliquiis.
3040 5416 3271 5470 Etenim
3289 5416 3519 5472 duobus
3533 5434 3684 5471 mor-

2037 5505 2127 5559 bis
2157 5505 2350 5559 fuerat
2378 5504 3172 5573 conflictatus,articulorum
3198 5505 3426 5559 scilicet
3456 5506 3682 5561 diutur-

2038 5594 2130 5647 nis
2153 5593 2457 5649 doloribus
2486 5610 2553 5649 ac
2601 5594 2765 5665 lepra
2795 5595 2984 5667 nigra,
3020 5611 3149 5666 quas
3182 5613 3397 5667 corpus
3427 5596 3554 5666 eius
3579 5595 3681 5649 de-

2039 5699 2290 5754 pascens
2340 5683 2486 5739 adeo
2544 5684 2976 5740 deformaverat
3030 5691 3097 5740 ut
3152 5704 3272 5759 prae
3331 5688 3556 5758 pudore
3586 5689 3679 5741 vix

2039 5789 2304 5844 unquam
2332 5791 2393 5829 se
2425 5775 2788 5831 cernendum
2813 5776 3155 5832 hominibus
3187 5776 3494 5847 praeberet.
