  <div class='ocr_page' id='page_1' title='image "/cluster/home/n/w/nwhite01/storage/ocr_20150623/121/mdp.39015078384289/181.png"; bbox 0 0 4118 6284; ppageno 0'>
   <div class='ocr_carea' id='block_1_1' title="bbox 403 368 528 437">
    <p class='ocr_par' dir='ltr' id='par_1_1' title="bbox 403 368 528 437">
     <span class='ocr_line' id='line_1_1' title="bbox 403 368 528 437; baseline -0.008 0"><span class='ocrx_word' id='word_1_1' title='bbox 403 368 528 437; x_wconf 65' lang='grc'>81⁷1</span> 
     </span>
    </p>
   </div>
   <div class='ocr_carea' id='block_1_2' title="bbox 1763 367 2473 443">
    <p class='ocr_par' dir='ltr' id='par_1_2' title="bbox 1763 367 2473 443">
     <span class='ocr_line' id='line_1_2' title="bbox 1763 367 2473 443; baseline 0 -3"><span class='ocrx_word' id='word_1_2' title='bbox 1763 371 2080 443; x_wconf 72' lang='lat' dir='ltr'>GEORGII</span> <span class='ocrx_word' id='word_1_3' title='bbox 2125 367 2473 442; x_wconf 68' lang='lat' dir='ltr'><strong>GEDBENI</strong></span> 
     </span>
    </p>
   </div>
   <div class='ocr_carea' id='block_1_3' title="bbox 3703 373 3826 446">
    <p class='ocr_par' dir='ltr' id='par_1_3' title="bbox 3703 373 3826 446">
     <span class='ocr_line' id='line_1_3' title="bbox 3703 373 3826 446; baseline -0.024 0"><span class='ocrx_word' id='word_1_4' title='bbox 3703 373 3826 446; x_wconf 65' lang='grc' dir='ltr'>ΜΘ</span> 
     </span>
    </p>
   </div>
   <div class='ocr_carea' id='block_1_4' title="bbox 404 507 3820 591">
    <p class='ocr_par' dir='ltr' id='par_1_4' title="bbox 404 507 3820 591">
     <span class='ocr_line' id='line_1_4' title="bbox 404 507 3820 591; baseline 0 -21"><span class='ocrx_word' id='word_1_5' title='bbox 404 509 555 591; x_wconf 70' lang='grc' dir='ltr'>ἁγίαν</span> <span class='ocrx_word' id='word_1_6' title='bbox 584 511 762 570; x_wconf 85' lang='grc' dir='ltr'>είκόνα</span> <span class='ocrx_word' id='word_1_7' title='bbox 788 512 878 568; x_wconf 74' lang='grc' dir='ltr'>καί</span> <span class='ocrx_word' id='word_1_8' title='bbox 910 514 1178 588; x_wconf 84' lang='grc' dir='ltr'>ἄχραντον</span> <span class='ocrx_word' id='word_1_9' title='bbox 1201 515 1304 570; x_wconf 73' lang='grc' dir='ltr'>τοῦ</span> <span class='ocrx_word' id='word_1_10' title='bbox 1336 511 1544 590; x_wconf 80' lang='grc' dir='ltr'>Κυρίου</span> <span class='ocrx_word' id='word_1_11' title='bbox 1572 511 1750 571; x_wconf 81' lang='grc' dir='ltr'>πίστει</span> <span class='ocrx_word' id='word_1_12' title='bbox 1779 512 1871 570; x_wconf 76' lang='grc' dir='ltr'>καί</span> <span class='ocrx_word' id='word_1_13' title='bbox 1902 513 2061 587; x_wconf 84' lang='grc' dir='ltr'>πόθῳ</span> <span class='ocrx_word' id='word_1_14' title='bbox 2091 509 2312 584; x_wconf 76' lang='grc' dir='ltr'>πολλῷ,</span> <span class='ocrx_word' id='word_1_15' title='bbox 2343 511 2433 566; x_wconf 79' lang='grc' dir='ltr'>καὶ</span> <span class='ocrx_word' id='word_1_16' title='bbox 2481 513 2824 588; x_wconf 73' lang='grc' dir='ltr'>παραχρῆμα</span> <span class='ocrx_word' id='word_1_17' title='bbox 2882 507 3005 583; x_wconf 60' lang='lat' dir='ltr'><strong>MO?)</strong></span> <span class='ocrx_word' id='word_1_18' title='bbox 3062 507 3170 566; x_wconf 73' lang='grc' dir='ltr'>ἀπὸ</span> <span class='ocrx_word' id='word_1_19' title='bbox 3225 512 3336 568; x_wconf 76' lang='grc' dir='ltr'>τῶν</span> <span class='ocrx_word' id='word_1_20' title='bbox 3392 507 3568 568; x_wconf 84' lang='grc' dir='ltr'>νόσων</span> <span class='ocrx_word' id='word_1_21' title='bbox 3625 513 3820 587; x_wconf 71' lang='grc' dir='ltr'>αὐτοῦ,</span> 
     </span>
    </p>
   </div>
   <div class='ocr_carea' id='block_1_5' title="bbox 409 596 3800 682">
    <p class='ocr_par' dir='ltr' id='par_1_5' title="bbox 409 596 3800 682">
     <span class='ocr_line' id='line_1_5' title="bbox 409 596 3800 682; baseline 0.001 -24"><span class='ocrx_word' id='word_1_22' title='bbox 409 605 607 678; x_wconf 73' lang='grc' dir='ltr'>μικροῦ</span> <span class='ocrx_word' id='word_1_23' title='bbox 635 617 782 666; x_wconf 87' lang='grc' dir='ltr'>τινος</span> <span class='ocrx_word' id='word_1_24' title='bbox 813 598 1080 678; x_wconf 71' lang='grc' dir='ltr'>λειψάνου</span> <span class='ocrx_word' id='word_1_25' title='bbox 1113 601 1537 682; x_wconf 73' lang='grc' dir='ltr'>ὑπολειφθέντος</span> <span class='ocrx_word' id='word_1_26' title='bbox 1569 604 1620 661; x_wconf 89' lang='grc' dir='ltr'>ἐν</span> <span class='ocrx_word' id='word_1_27' title='bbox 1651 607 1732 677; x_wconf 78' lang='grc' dir='ltr'>τῷ</span> <span class='ocrx_word' id='word_1_28' title='bbox 1759 601 2001 678; x_wconf 77' lang='grc' dir='ltr'>μετώπῳ</span> <span class='ocrx_word' id='word_1_29' title='bbox 2039 601 2228 660; x_wconf 78' lang='grc' dir='ltr'>αὐτοῦ.</span> <span class='ocrx_word' id='word_1_30' title='bbox 2261 599 2360 658; x_wconf 85' lang='grc' dir='ltr'>Ἦν</span> <span class='ocrx_word' id='word_1_31' title='bbox 2379 601 2483 680; x_wconf 70' lang='grc' dir='ltr'>γὰρ</span> <span class='ocrx_word' id='word_1_32' title='bbox 2515 602 2544 656; x_wconf 80' lang='grc' dir='ltr'><strong>ὁ</strong></span> <span class='ocrx_word' id='word_1_33' title='bbox 2575 597 2820 676; x_wconf 69' lang='grc' dir='ltr'>Αύγαρος</span> <span class='ocrx_word' id='word_1_34' title='bbox 2855 596 2976 654; x_wconf 75' lang='grc' dir='ltr'>δυσὶ</span> <span class='ocrx_word' id='word_1_35' title='bbox 3013 601 3286 673; x_wconf 70' lang='grc' dir='ltr'>νοσήμασι</span> <span class='ocrx_word' id='word_1_36' title='bbox 3343 599 3800 679; x_wconf 72' lang='grc' dir='ltr'>ταλαιπωρούμε-</span> 
     </span>
    </p>
   </div>
   <div class='ocr_carea' id='block_1_6' title="bbox 409 687 3812 769">
    <p class='ocr_par' dir='ltr' id='par_1_6' title="bbox 409 687 3812 769">
     <span class='ocr_line' id='line_1_6' title="bbox 409 687 3812 769; baseline 0 -23"><span class='ocrx_word' id='word_1_37' title='bbox 409 710 516 760; x_wconf 83' lang='grc' dir='ltr'>νος,</span> <span class='ocrx_word' id='word_1_38' title='bbox 551 691 625 746; x_wconf 76' lang='grc' dir='ltr'>ἐνὶ</span> <span class='ocrx_word' id='word_1_39' title='bbox 661 691 756 764; x_wconf 80' lang='grc' dir='ltr'>μὶν</span> <span class='ocrx_word' id='word_1_40' title='bbox 788 689 1062 768; x_wconf 83' lang='grc' dir='ltr'>ἀρθρίτιδι</span> <span class='ocrx_word' id='word_1_41' title='bbox 1095 692 1310 769; x_wconf 78' lang='grc' dir='ltr'>χρονίᾳ,</span> <span class='ocrx_word' id='word_1_42' title='bbox 1343 693 1498 769; x_wconf 68' lang='grc' dir='ltr'>ἑτέρᾳ</span> <span class='ocrx_word' id='word_1_43' title='bbox 1528 691 1587 750; x_wconf 75' lang='grc' dir='ltr'>δὲ</span> <span class='ocrx_word' id='word_1_44' title='bbox 1615 689 1795 769; x_wconf 74' lang='grc' dir='ltr'>λέπρα</span> <span class='ocrx_word' id='word_1_45' title='bbox 1829 687 2082 768; x_wconf 72' lang='grc' dir='ltr'>μελαίνῃ,</span> <span class='ocrx_word' id='word_1_46' title='bbox 2117 687 2472 764; x_wconf 79' lang='grc' dir='ltr'>ἐκδαπανώσῃ</span> <span class='ocrx_word' id='word_1_47' title='bbox 2497 689 2562 746; x_wconf 75' lang='grc' dir='ltr'>τὸ</span> <span class='ocrx_word' id='word_1_48' title='bbox 2589 692 2749 762; x_wconf 78' lang='grc' dir='ltr'>σῶμα</span> <span class='ocrx_word' id='word_1_49' title='bbox 2779 689 2964 744; x_wconf 78' lang='grc' dir='ltr'>αὺτοῦ.</span> <span class='ocrx_word' id='word_1_50' title='bbox 2987 691 3084 750; x_wconf 77' lang='grc' dir='ltr'>Ὃς</span> <span class='ocrx_word' id='word_1_51' title='bbox 3113 688 3204 744; x_wconf 80' lang='grc' dir='ltr'>καὶ</span> <span class='ocrx_word' id='word_1_52' title='bbox 3234 693 3352 754; x_wconf 83' lang='grc' dir='ltr'>ταῖς</span> <span class='ocrx_word' id='word_1_53' title='bbox 3405 689 3514 745; x_wconf 79' lang='grc' dir='ltr'>ἀπὸ</span> <span class='ocrx_word' id='word_1_54' title='bbox 3569 695 3682 747; x_wconf 79' lang='grc' dir='ltr'>τῶν</span> <span class='ocrx_word' id='word_1_55' title='bbox 3709 691 3812 768; x_wconf 63' lang='grc' dir='ltr'>ἄρα</span> 
     </span>
    </p>
   </div>
   <div class='ocr_carea' id='block_1_7' title="bbox 411 777 3828 863">
    <p class='ocr_par' dir='ltr' id='par_1_7' title="bbox 411 777 3828 863">
     <span class='ocr_line' id='line_1_7' title="bbox 411 777 3828 863; baseline 0 -27"><span class='ocrx_word' id='word_1_56' title='bbox 411 795 554 858; x_wconf 85' lang='grc' dir='ltr'>θρων</span> <span class='ocrx_word' id='word_1_57' title='bbox 585 779 802 843; x_wconf 77' lang='grc' dir='ltr'>ὀδύναις</span> <span class='ocrx_word' id='word_1_58' title='bbox 829 781 1108 857; x_wconf 74' lang='grc' dir='ltr'>συνείχετο</span> <span class='ocrx_word' id='word_1_59' title='bbox 1138 783 1370 846; x_wconf 71' lang='grc' dir='ltr'>καὶτοῖς</span> <span class='ocrx_word' id='word_1_60' title='bbox 1399 789 1503 854; x_wconf 81' lang='grc' dir='ltr'>τῆς</span> <span class='ocrx_word' id='word_1_61' title='bbox 1533 782 1738 858; x_wconf 83' lang='grc' dir='ltr'>λέπρας</span> <span class='ocrx_word' id='word_1_62' title='bbox 1770 781 2201 856; x_wconf 75' lang='grc' dir='ltr'>ἐταλαιπωρεῖτο</span> <span class='ocrx_word' id='word_1_63' title='bbox 2259 784 2470 848; x_wconf 85' lang='grc' dir='ltr'>κακοῖς,</span> <span class='ocrx_word' id='word_1_64' title='bbox 2533 779 2638 858; x_wconf 75' lang='grc' dir='ltr'>ἀφ’.</span> <span class='ocrx_word' id='word_1_65' title='bbox 2693 779 2761 850; x_wconf 79' lang='grc' dir='ltr'>ἧς</span> <span class='ocrx_word' id='word_1_66' title='bbox 2818 778 3035 855; x_wconf 71' lang='grc' dir='ltr'>ἐγένετο</span> <span class='ocrx_word' id='word_1_67' title='bbox 3092 777 3239 852; x_wconf 78' lang='grc' dir='ltr'>αὐτῷ</span> <span class='ocrx_word' id='word_1_68' title='bbox 3293 779 3328 850; x_wconf 72' lang='grc' dir='ltr'>ἢ</span> <span class='ocrx_word' id='word_1_69' title='bbox 3387 785 3492 850; x_wconf 78' lang='grc' dir='ltr'>τῆς</span> <span class='ocrx_word' id='word_1_70' title='bbox 3545 781 3828 863; x_wconf 73' lang='grc' dir='ltr'>ἀμορφίας</span> 
     </span>
    </p>
   </div>
   <div class='ocr_carea' id='block_1_8' title="bbox 413 867 2078 946">
    <p class='ocr_par' dir='ltr' id='par_1_8' title="bbox 413 867 2078 946">
     <span class='ocr_line' id='line_1_8' title="bbox 413 867 2078 946; baseline -0.001 -20"><span class='ocrx_word' id='word_1_71' title='bbox 413 870 675 946; x_wconf 76' lang='grc' dir='ltr'>αἰσχύνη,</span> <span class='ocrx_word' id='word_1_72' title='bbox 709 867 780 924; x_wconf 84' lang='grc' dir='ltr'>δι’</span> <span class='ocrx_word' id='word_1_73' title='bbox 809 867 875 940; x_wconf 75' lang='grc' dir='ltr'>ἤν</span> <span class='ocrx_word' id='word_1_74' title='bbox 903 868 1031 926; x_wconf 79' lang='grc' dir='ltr'>ούδὶ</span> <span class='ocrx_word' id='word_1_75' title='bbox 1062 872 1249 936; x_wconf 86' lang='grc' dir='ltr'>θεατὸς</span> <span class='ocrx_word' id='word_1_76' title='bbox 1284 872 1352 942; x_wconf 79' lang='grc' dir='ltr'>ἦν</span> <span class='ocrx_word' id='word_1_77' title='bbox 1381 869 1578 928; x_wconf 72' lang='grc' dir='ltr'>σχεδὸν</span> <span class='ocrx_word' id='word_1_78' title='bbox 1605 877 1724 935; x_wconf 79' lang='grc' dir='ltr'>τοῖς</span> <span class='ocrx_word' id='word_1_79' title='bbox 1751 871 2078 946; x_wconf 79' lang='grc' dir='ltr'>ἀνθρώποις.</span> 
     </span>
    </p>
   </div>
   <div class='ocr_carea' id='block_1_9' title="bbox 484 950 2069 1034">
    <p class='ocr_par' dir='ltr' id='par_1_9' title="bbox 484 961 2058 1034">
     <span class='ocr_line' id='line_1_9' title="bbox 484 961 2058 1034; baseline -0.001 -18"><span class='ocrx_word' id='word_1_80' title='bbox 484 963 805 1032; x_wconf 84' lang='lat' dir='ltr'>Postquam</span> <span class='ocrx_word' id='word_1_81' title='bbox 838 961 1102 1017; x_wconf 79' lang='lat' dir='ltr'>Christus</span> <span class='ocrx_word' id='word_1_82' title='bbox 1136 961 1422 1034; x_wconf 85' lang='lat' dir='ltr'>supplicio</span> <span class='ocrx_word' id='word_1_83' title='bbox 1462 963 1710 1018; x_wconf 88' lang='lat' dir='ltr'>tolerato</span> <span class='ocrx_word' id='word_1_84' title='bbox 1752 963 1813 1017; x_wconf 89' lang='lat' dir='ltr'>in</span> <span class='ocrx_word' id='word_1_85' title='bbox 1845 961 2058 1017; x_wconf 64' lang='lat' dir='ltr'>coelum</span> 
     </span>
    </p>
   </div>
   <div class='ocr_carea' id='block_1_10' title="bbox 2181 950 3827 1034">
    <p class='ocr_par' dir='ltr' id='par_1_10' title="bbox 2243 950 3827 1033">
     <span class='ocr_line' id='line_1_10' title="bbox 2243 950 3827 1033; baseline 0 -19"><span class='ocrx_word' id='word_1_86' title='bbox 2243 956 2394 1014; x_wconf 77' lang='grc' dir='ltr'>Μετᾶ</span> <span class='ocrx_word' id='word_1_87' title='bbox 2421 953 2476 1012; x_wconf 86' lang='grc' dir='ltr'>δέ</span> <span class='ocrx_word' id='word_1_88' title='bbox 2505 975 2566 1033; x_wconf 85' lang='grc' dir='ltr'>γε</span> <span class='ocrx_word' id='word_1_89' title='bbox 2601 956 2665 1012; x_wconf 82' lang='grc' dir='ltr'>τὸ</span> <span class='ocrx_word' id='word_1_90' title='bbox 2694 960 2789 1012; x_wconf 76' lang='grc' dir='ltr'>τοῦ</span> <span class='ocrx_word' id='word_1_91' title='bbox 2818 959 3064 1032; x_wconf 70' lang='grc' dir='ltr'>Χριστοῦ</span> <span class='ocrx_word' id='word_1_92' title='bbox 3113 950 3284 1020; x_wconf 65' lang='grc' dir='ltr'>πάθος</span> <span class='ocrx_word' id='word_1_93' title='bbox 3340 957 3430 1012; x_wconf 79' lang='grc' dir='ltr'>καὶ</span> <span class='ocrx_word' id='word_1_94' title='bbox 3492 957 3592 1026; x_wconf 73' lang='grc' dir='ltr'>τὴν</span> <span class='ocrx_word' id='word_1_95' title='bbox 3627 957 3705 1023; x_wconf 79' lang='grc' dir='ltr'>είς</span> <span class='ocrx_word' id='word_1_96' title='bbox 3737 958 3827 1014; x_wconf 81' lang='grc' dir='ltr'>ού-</span> 
     </span>
    </p>
   </div>
   <div class='ocr_carea' id='block_1_11' title="bbox 415 1049 2067 1124">
    <p class='ocr_par' dir='ltr' id='par_1_11' title="bbox 415 1049 2067 1124">
     <span class='ocr_line' id='line_1_11' title="bbox 415 1049 2067 1124; baseline 0 -20"><span class='ocrx_word' id='word_1_97' title='bbox 415 1049 948 1118; x_wconf 70' lang='lat' dir='ltr'>rcdiit,Thaddaeus</span> <span class='ocrx_word' id='word_1_98' title='bbox 983 1051 1256 1106; x_wconf 79' lang='lat' dir='ltr'>Edessam</span> <span class='ocrx_word' id='word_1_99' title='bbox 1281 1052 1440 1106; x_wconf 86' lang='lat' dir='ltr'>venit</span> <span class='ocrx_word' id='word_1_100' title='bbox 1468 1049 2067 1124; x_wconf 70' lang='lat' dir='ltr'>apostolus,adduxit~</span> 
     </span>
    </p>
   </div>
   <div class='ocr_carea' id='block_1_12' title="bbox 415 1138 2064 1212">
    <p class='ocr_par' dir='ltr' id='par_1_12' title="bbox 415 1138 2064 1212">
     <span class='ocr_line' id='line_1_12' title="bbox 415 1138 2064 1212; baseline -0.001 -18"><span class='ocrx_word' id='word_1_101' title='bbox 415 1157 530 1212; x_wconf 86' lang='lat' dir='ltr'>que</span> <span class='ocrx_word' id='word_1_102' title='bbox 561 1141 860 1211; x_wconf 77' lang='lat' dir='ltr'>Augarum</span> <span class='ocrx_word' id='word_1_103' title='bbox 893 1139 965 1194; x_wconf 90' lang='lat' dir='ltr'>ad</span> <span class='ocrx_word' id='word_1_104' title='bbox 989 1139 1637 1212; x_wconf 87' lang='lat' dir='ltr'>piscinam,omnesque</span> <span class='ocrx_word' id='word_1_105' title='bbox 1671 1141 1770 1212; x_wconf 83' lang='lat' dir='ltr'>qui</span> <span class='ocrx_word' id='word_1_106' title='bbox 1803 1152 1936 1195; x_wconf 90' lang='lat' dir='ltr'>cum</span> <span class='ocrx_word' id='word_1_107' title='bbox 1960 1138 2064 1193; x_wconf 85' lang='lat' dir='ltr'>illo</span> 
     </span>
    </p>
   </div>
   <div class='ocr_carea' id='block_1_13' title="bbox 417 1227 2067 1301">
    <p class='ocr_par' dir='ltr' id='par_1_13' title="bbox 417 1227 2067 1301">
     <span class='ocr_line' id='line_1_13' title="bbox 417 1227 2067 1301; baseline -0.002 -18"><span class='ocrx_word' id='word_1_108' title='bbox 417 1233 588 1283; x_wconf 89' lang='lat' dir='ltr'>erant</span> <span class='ocrx_word' id='word_1_109' title='bbox 621 1229 680 1282; x_wconf 93' lang='lat' dir='ltr'>in</span> <span class='ocrx_word' id='word_1_110' title='bbox 702 1240 922 1284; x_wconf 84' lang='lat' dir='ltr'>nomen</span> <span class='ocrx_word' id='word_1_111' title='bbox 954 1229 1146 1284; x_wconf 88' lang='lat' dir='ltr'>Patris</span> <span class='ocrx_word' id='word_1_112' title='bbox 1161 1229 1290 1285; x_wconf 90' lang='lat' dir='ltr'>Filii</span> <span class='ocrx_word' id='word_1_113' title='bbox 1321 1246 1389 1284; x_wconf 91' lang='lat' dir='ltr'>ac</span> <span class='ocrx_word' id='word_1_114' title='bbox 1410 1230 1662 1301; x_wconf 76' lang='lat' dir='ltr'>Spiritus</span> <span class='ocrx_word' id='word_1_115' title='bbox 1677 1227 2067 1300; x_wconf 85' lang='lat' dir='ltr'>sanctihaptl-</span> 
     </span>
    </p>
   </div>
   <div class='ocr_carea' id='block_1_14' title="bbox 419 1317 2062 1390">
    <p class='ocr_par' dir='ltr' id='par_1_14' title="bbox 419 1317 2062 1390">
     <span class='ocr_line' id='line_1_14' title="bbox 419 1317 2062 1390; baseline -0.002 -18"><span class='ocrx_word' id='word_1_116' title='bbox 419 1319 781 1389; x_wconf 84' lang='lat' dir='ltr'>zavit.Atque</span> <span class='ocrx_word' id='word_1_117' title='bbox 807 1319 1072 1389; x_wconf 77' lang='lat' dir='ltr'>Augarus</span> <span class='ocrx_word' id='word_1_118' title='bbox 1104 1333 1288 1390; x_wconf 85' lang='lat' dir='ltr'>purus</span> <span class='ocrx_word' id='word_1_119' title='bbox 1317 1335 1384 1374; x_wconf 89' lang='lat' dir='ltr'>ac</span> <span class='ocrx_word' id='word_1_120' title='bbox 1417 1332 1595 1374; x_wconf 87' lang='lat' dir='ltr'>sanus</span> <span class='ocrx_word' id='word_1_121' title='bbox 1627 1319 1698 1374; x_wconf 93' lang='lat' dir='ltr'>de</span> <span class='ocrx_word' id='word_1_122' title='bbox 1721 1333 1877 1390; x_wconf 88' lang='lat' dir='ltr'>aqua</span> <span class='ocrx_word' id='word_1_123' title='bbox 1901 1317 2062 1382; x_wconf 87' lang='lat' dir='ltr'>exiit,</span> 
     </span>
    </p>
   </div>
   <div class='ocr_carea' id='block_1_15' title="bbox 418 1407 2065 1480">
    <p class='ocr_par' dir='ltr' id='par_1_15' title="bbox 418 1407 2065 1480">
     <span class='ocr_line' id='line_1_15' title="bbox 418 1407 2065 1480; baseline -0.001 -18"><span class='ocrx_word' id='word_1_124' title='bbox 418 1407 614 1463; x_wconf 86' lang='lat' dir='ltr'>deleto</span> <span class='ocrx_word' id='word_1_125' title='bbox 644 1407 822 1461; x_wconf 89' lang='lat' dir='ltr'>etiam</span> <span class='ocrx_word' id='word_1_126' title='bbox 853 1424 1028 1478; x_wconf 85' lang='lat' dir='ltr'>parvo</span> <span class='ocrx_word' id='word_1_127' title='bbox 1075 1407 1203 1478; x_wconf 87' lang='lat' dir='ltr'>illo,</span> <span class='ocrx_word' id='word_1_128' title='bbox 1238 1409 1328 1464; x_wconf 77' lang='lat'><strong>3|</strong></span> <span class='ocrx_word' id='word_1_129' title='bbox 1349 1411 1385 1464; x_wconf 88' lang='lat' dir='ltr'>‘l</span> <span class='ocrx_word' id='word_1_130' title='bbox 1421 1409 1580 1480; x_wconf 87' lang='lat' dir='ltr'>quod</span> <span class='ocrx_word' id='word_1_131' title='bbox 1613 1407 1971 1464; x_wconf 82' lang='lat' dir='ltr'>remansisse</span> <span class='ocrx_word' id='word_1_132' title='bbox 2003 1407 2065 1459; x_wconf 89' lang='lat' dir='ltr'>in</span> 
     </span>
    </p>
   </div>
   <div class='ocr_carea' id='block_1_16' title="bbox 420 1497 2066 1571">
    <p class='ocr_par' dir='ltr' id='par_1_16' title="bbox 420 1497 2066 1571">
     <span class='ocr_line' id='line_1_16' title="bbox 420 1497 2066 1571; baseline 0 -20"><span class='ocrx_word' id='word_1_133' title='bbox 420 1499 549 1570; x_wconf 84' lang='lat' dir='ltr'>ejus</span> <span class='ocrx_word' id='word_1_134' title='bbox 570 1498 761 1552; x_wconf 83' lang='lat' dir='ltr'>fronte</span> <span class='ocrx_word' id='word_1_135' title='bbox 820 1497 1100 1566; x_wconf 77' lang='lat' dir='ltr'>diximus,</span> <span class='ocrx_word' id='word_1_136' title='bbox 1139 1499 1402 1571; x_wconf 77' lang='lat' dir='ltr'>vestigio.</span> <span class='ocrx_word' id='word_1_137' title='bbox 1437 1498 1658 1553; x_wconf 82' lang='lat' dir='ltr'>Exinde</span> <span class='ocrx_word' id='word_1_138' title='bbox 1683 1513 1914 1553; x_wconf 90' lang='lat' dir='ltr'>summo</span> <span class='ocrx_word' id='word_1_139' title='bbox 1947 1501 2066 1551; x_wconf 89' lang='lat' dir='ltr'>stu-</span> 
     </span>
    </p>
   </div>
   <div class='ocr_carea' id='block_1_17' title="bbox 417 1587 2064 1660">
    <p class='ocr_par' dir='ltr' id='par_1_17' title="bbox 417 1587 2064 1660">
     <span class='ocr_line' id='line_1_17' title="bbox 417 1587 2064 1660; baseline 0 -18"><span class='ocrx_word' id='word_1_140' title='bbox 417 1587 514 1642; x_wconf 87' lang='lat' dir='ltr'>dio</span> <span class='ocrx_word' id='word_1_141' title='bbox 548 1589 816 1660; x_wconf 80' lang='lat' dir='ltr'>Augarus</span> <span class='ocrx_word' id='word_1_142' title='bbox 846 1588 1243 1644; x_wconf 79' lang='lat' dir='ltr'>venerandam</span> <span class='ocrx_word' id='word_1_143' title='bbox 1275 1589 1486 1644; x_wconf 82' lang='lat' dir='ltr'>divinae</span> <span class='ocrx_word' id='word_1_144' title='bbox 1509 1589 1714 1644; x_wconf 64' lang='lat' dir='ltr'>formai</span> <span class='ocrx_word' id='word_1_145' title='bbox 1743 1587 2064 1660; x_wconf 83' lang='lat' dir='ltr'>imaginem</span> 
     </span>
    </p>
   </div>
   <div class='ocr_carea' id='block_1_18' title="bbox 416 1676 2062 1748">
    <p class='ocr_par' dir='ltr' id='par_1_18' title="bbox 416 1676 2062 1748">
     <span class='ocr_line' id='line_1_18' title="bbox 416 1676 2062 1748; baseline 0 -16"><span class='ocrx_word' id='word_1_146' title='bbox 416 1676 971 1748; x_wconf 83' lang='lat' dir='ltr'>coluit,addiditque</span> <span class='ocrx_word' id='word_1_147' title='bbox 988 1678 1101 1733; x_wconf 89' lang='lat' dir='ltr'>hoc</span> <span class='ocrx_word' id='word_1_148' title='bbox 1123 1679 1257 1734; x_wconf 87' lang='lat' dir='ltr'>aliis</span> <span class='ocrx_word' id='word_1_149' title='bbox 1285 1679 1408 1734; x_wconf 83' lang='lat' dir='ltr'>suis</span> <span class='ocrx_word' id='word_1_150' title='bbox 1439 1677 2062 1748; x_wconf 78' lang='lat' dir='ltr'>benefactis.Antiqul~</span> 
     </span>
    </p>
   </div>
   <div class='ocr_carea' id='block_1_19' title="bbox 417 1767 2068 1840">
    <p class='ocr_par' dir='ltr' id='par_1_19' title="bbox 417 1767 2068 1840">
     <span class='ocr_line' id='line_1_19' title="bbox 417 1767 2068 1840; baseline 0.001 -19"><span class='ocrx_word' id='word_1_151' title='bbox 417 1771 512 1822; x_wconf 88' lang='lat' dir='ltr'>tus</span> <span class='ocrx_word' id='word_1_152' title='bbox 543 1772 678 1822; x_wconf 86' lang='lat' dir='ltr'>ante</span> <span class='ocrx_word' id='word_1_153' title='bbox 710 1767 1010 1838; x_wconf 86' lang='lat' dir='ltr'>publicam</span> <span class='ocrx_word' id='word_1_154' title='bbox 1025 1767 1259 1823; x_wconf 72' lang='lat' dir='ltr'>Edessm</span> <span class='ocrx_word' id='word_1_155' title='bbox 1279 1774 1510 1840; x_wconf 89' lang='lat' dir='ltr'>portam</span> <span class='ocrx_word' id='word_1_156' title='bbox 1544 1767 1602 1823; x_wconf 90' lang='lat' dir='ltr'>in</span> <span class='ocrx_word' id='word_1_157' title='bbox 1627 1767 1866 1824; x_wconf 87' lang='lat' dir='ltr'>sublimi</span> <span class='ocrx_word' id='word_1_158' title='bbox 1901 1781 2068 1839; x_wconf 78' lang='lat' dir='ltr'>quae-</span> 
     </span>
    </p>
   </div>
   <div class='ocr_carea' id='block_1_20' title="bbox 417 1856 2065 1930">
    <p class='ocr_par' dir='ltr' id='par_1_20' title="bbox 417 1856 2065 1930">
     <span class='ocr_line' id='line_1_20' title="bbox 417 1856 2065 1930; baseline 0 -18"><span class='ocrx_word' id='word_1_159' title='bbox 417 1856 553 1912; x_wconf 87' lang='lat' dir='ltr'>dam</span> <span class='ocrx_word' id='word_1_160' title='bbox 585 1856 839 1929; x_wconf 90' lang='lat' dir='ltr'>alicujus</span> <span class='ocrx_word' id='word_1_161' title='bbox 879 1857 1217 1913; x_wconf 80' lang='lat' dir='ltr'>Graecorum</span> <span class='ocrx_word' id='word_1_162' title='bbox 1255 1859 1504 1914; x_wconf 87' lang='lat' dir='ltr'>deorum</span> <span class='ocrx_word' id='word_1_163' title='bbox 1566 1857 1792 1930; x_wconf 80' lang='lat' dir='ltr'>efﬁgies</span> <span class='ocrx_word' id='word_1_164' title='bbox 1850 1856 2065 1925; x_wconf 85' lang='lat' dir='ltr'>stabat,</span> 
     </span>
    </p>
   </div>
   <div class='ocr_carea' id='block_1_21' title="bbox 417 1943 2066 2017">
    <p class='ocr_par' dir='ltr' id='par_1_21' title="bbox 417 1943 2066 2017">
     <span class='ocr_line' id='line_1_21' title="bbox 417 1943 2066 2017; baseline 0 -19"><span class='ocrx_word' id='word_1_165' title='bbox 417 1957 592 2014; x_wconf 89' lang='lat' dir='ltr'>quam</span> <span class='ocrx_word' id='word_1_166' title='bbox 626 1943 874 2000; x_wconf 89' lang='lat' dir='ltr'>adorare</span> <span class='ocrx_word' id='word_1_167' title='bbox 907 1945 1234 2017; x_wconf 78' lang='lat' dir='ltr'>cogebatur</span> <span class='ocrx_word' id='word_1_168' title='bbox 1265 1962 1330 2002; x_wconf 90' lang='lat' dir='ltr'>ac</span> <span class='ocrx_word' id='word_1_169' title='bbox 1391 1946 1445 2000; x_wconf 90' lang='lat' dir='ltr'>ei</span> <span class='ocrx_word' id='word_1_170' title='bbox 1501 1948 1635 2000; x_wconf 83' lang='lat' dir='ltr'>vota</span> <span class='ocrx_word' id='word_1_171' title='bbox 1681 1944 1873 2000; x_wconf 85' lang='lat' dir='ltr'>facere</span> <span class='ocrx_word' id='word_1_172' title='bbox 1933 1943 2066 2015; x_wconf 83' lang='lat' dir='ltr'>qui-</span> 
     </span>
    </p>
   </div>
   <div class='ocr_carea' id='block_1_22' title="bbox 415 2032 2069 2108">
    <p class='ocr_par' dir='ltr' id='par_1_22' title="bbox 415 2032 2069 2108">
     <span class='ocr_line' id='line_1_22' title="bbox 415 2032 2069 2108; baseline -0.002 -20"><span class='ocrx_word' id='word_1_173' title='bbox 415 2048 648 2104; x_wconf 88' lang='lat' dir='ltr'>cunque</span> <span class='ocrx_word' id='word_1_174' title='bbox 679 2034 886 2090; x_wconf 89' lang='lat' dir='ltr'>urbem</span> <span class='ocrx_word' id='word_1_175' title='bbox 919 2033 1140 2091; x_wconf 87' lang='lat' dir='ltr'>intrare</span> <span class='ocrx_word' id='word_1_176' title='bbox 1171 2035 1503 2090; x_wconf 82' lang='lat' dir='ltr'>velletEam</span> <span class='ocrx_word' id='word_1_177' title='bbox 1528 2037 1796 2108; x_wconf 84' lang='lat' dir='ltr'>.\ugarus</span> <span class='ocrx_word' id='word_1_178' title='bbox 1829 2032 2069 2088; x_wconf 83' lang='lat' dir='ltr'>sustulit</span> 
     </span>
    </p>
   </div>
   <div class='ocr_carea' id='block_1_23' title="bbox 415 2123 2066 2196">
    <p class='ocr_par' dir='ltr' id='par_1_23' title="bbox 415 2123 2066 2196">
     <span class='ocr_line' id='line_1_23' title="bbox 415 2123 2066 2196; baseline 0.002 -20"><span class='ocrx_word' id='word_1_179' title='bbox 415 2127 592 2194; x_wconf 90' lang='lat' dir='ltr'>atque</span> <span class='ocrx_word' id='word_1_180' title='bbox 650 2123 1063 2194; x_wconf 88' lang='lat' dir='ltr'>pessumdedit</span> <span class='ocrx_word' id='word_1_181' title='bbox 1094 2139 1108 2191; x_wconf 92' lang='lat'><strong>;</strong></span> <span class='ocrx_word' id='word_1_182' title='bbox 1138 2123 1320 2196; x_wconf 89' lang='lat' dir='ltr'>inque</span> <span class='ocrx_word' id='word_1_183' title='bbox 1354 2124 1484 2196; x_wconf 87' lang='lat' dir='ltr'>ejus</span> <span class='ocrx_word' id='word_1_184' title='bbox 1507 2123 1705 2179; x_wconf 90' lang='lat' dir='ltr'>locum</span> <span class='ocrx_word' id='word_1_185' title='bbox 1745 2123 2066 2196; x_wconf 80' lang='lat' dir='ltr'>imaginem</span> 
     </span>
    </p>
   </div>
   <div class='ocr_carea' id='block_1_24' title="bbox 415 2211 2066 2286">
    <p class='ocr_par' dir='ltr' id='par_1_24' title="bbox 415 2211 2066 2286">
     <span class='ocr_line' id='line_1_24' title="bbox 415 2211 2066 2286; baseline 0 -21"><span class='ocrx_word' id='word_1_186' title='bbox 415 2211 852 2278; x_wconf 84' lang='lat' dir='ltr'>illamChristi.</span> <span class='ocrx_word' id='word_1_187' title='bbox 885 2212 1012 2266; x_wconf 89' lang='lat' dir='ltr'>sine</span> <span class='ocrx_word' id='word_1_188' title='bbox 1048 2229 1330 2268; x_wconf 89' lang='lat' dir='ltr'>manuum</span> <span class='ocrx_word' id='word_1_189' title='bbox 1365 2231 1546 2286; x_wconf 88' lang='lat' dir='ltr'>opera</span> <span class='ocrx_word' id='word_1_190' title='bbox 1574 2213 1810 2282; x_wconf 83' lang='lat' dir='ltr'>factam,</span> <span class='ocrx_word' id='word_1_191' title='bbox 1844 2212 2066 2267; x_wconf 78' lang='lat' dir='ltr'>consti-</span> 
     </span>
    </p>
   </div>
   <div class='ocr_carea' id='block_1_25' title="bbox 2179 1037 3830 1120">
    <p class='ocr_par' dir='ltr' id='par_1_25' title="bbox 2179 1037 3830 1120">
     <span class='ocr_line' id='line_1_25' title="bbox 2179 1037 3830 1120; baseline 0.001 -20"><span class='ocrx_word' id='word_1_192' title='bbox 2179 1045 2366 1120; x_wconf 74' lang='grc' dir='ltr'>ρανοὺς</span> <span class='ocrx_word' id='word_1_193' title='bbox 2396 1042 2561 1101; x_wconf 70' lang='grc' dir='ltr'>αὺτοῦ</span> <span class='ocrx_word' id='word_1_194' title='bbox 2617 1041 2809 1100; x_wconf 77' lang='grc' dir='ltr'>ἄνοδον</span> <span class='ocrx_word' id='word_1_195' title='bbox 2863 1037 3188 1101; x_wconf 81' lang='grc' dir='ltr'>καταλαϐὼν</span> <span class='ocrx_word' id='word_1_196' title='bbox 3241 1046 3270 1100; x_wconf 81' lang='grc' dir='ltr'><strong>ὁ</strong></span> <span class='ocrx_word' id='word_1_197' title='bbox 3330 1043 3635 1108; x_wconf 74' lang='grc' dir='ltr'>ἀπόστολος</span> <span class='ocrx_word' id='word_1_198' title='bbox 3687 1043 3830 1102; x_wconf 80' lang='grc' dir='ltr'>Θαδ-</span> 
     </span>
    </p>
   </div>
   <div class='ocr_carea' id='block_1_26' title="bbox 2178 1129 3842 1212">
    <p class='ocr_par' dir='ltr' id='par_1_26' title="bbox 2178 1129 3842 1212">
     <span class='ocr_line' id='line_1_26' title="bbox 2178 1129 3842 1212; baseline 0.002 -24"><span class='ocrx_word' id='word_1_199' title='bbox 2178 1130 2331 1198; x_wconf 83' lang='grc' dir='ltr'>δαῖος</span> <span class='ocrx_word' id='word_1_200' title='bbox 2361 1136 2461 1204; x_wconf 70' lang='grc' dir='ltr'>τήν</span> <span class='ocrx_word' id='word_1_201' title='bbox 2493 1129 2777 1204; x_wconf 79' lang='grc' dir='ltr'>Ἔδεσσαν,</span> <span class='ocrx_word' id='word_1_202' title='bbox 2825 1137 3146 1212; x_wconf 68' lang='grc' dir='ltr'>προσήγαγε</span> <span class='ocrx_word' id='word_1_203' title='bbox 3202 1138 3272 1210; x_wconf 77' lang='grc' dir='ltr'>τῇ</span> <span class='ocrx_word' id='word_1_204' title='bbox 3332 1131 3699 1212; x_wconf 68' lang='grc' dir='ltr'>κολυμϐήθρᾳ</span> <span class='ocrx_word' id='word_1_205' title='bbox 3743 1139 3842 1193; x_wconf 81' lang='grc' dir='ltr'>τὸν</span> 
     </span>
    </p>
   </div>
   <div class='ocr_carea' id='block_1_27' title="bbox 2178 1219 3841 1301">
    <p class='ocr_par' dir='ltr' id='par_1_27' title="bbox 2178 1219 3841 1301">
     <span class='ocr_line' id='line_1_27' title="bbox 2178 1219 3841 1301; baseline 0.001 -21"><span class='ocrx_word' id='word_1_206' title='bbox 2178 1223 2450 1301; x_wconf 69' lang='grc' dir='ltr'>Αὕγαρον,</span> <span class='ocrx_word' id='word_1_207' title='bbox 2510 1221 2599 1280; x_wconf 77' lang='grc' dir='ltr'>καί</span> <span class='ocrx_word' id='word_1_208' title='bbox 2655 1225 2855 1287; x_wconf 68' lang='grc' dir='ltr'>πάντας</span> <span class='ocrx_word' id='word_1_209' title='bbox 2911 1223 3041 1286; x_wconf 76' lang='grc' dir='ltr'>τοὺς</span> <span class='ocrx_word' id='word_1_210' title='bbox 3093 1225 3258 1280; x_wconf 70' lang='grc' dir='ltr'>αὐτοῦ</span> <span class='ocrx_word' id='word_1_211' title='bbox 3313 1219 3596 1280; x_wconf 76' lang='grc' dir='ltr'>ἐϐάπτισεν</span> <span class='ocrx_word' id='word_1_212' title='bbox 3641 1225 3718 1290; x_wconf 81' lang='grc' dir='ltr'>εἰς</span> <span class='ocrx_word' id='word_1_213' title='bbox 3773 1226 3841 1282; x_wconf 80' lang='grc' dir='ltr'>τὸ</span> 
     </span>
    </p>
   </div>
   <div class='ocr_carea' id='block_1_28' title="bbox 2177 1307 3843 1388">
    <p class='ocr_par' dir='ltr' id='par_1_28' title="bbox 2177 1307 3843 1388">
     <span class='ocr_line' id='line_1_28' title="bbox 2177 1307 3843 1388; baseline 0.001 -22"><span class='ocrx_word' id='word_1_214' title='bbox 2177 1307 2352 1387; x_wconf 81' lang='grc' dir='ltr'>ὄνομα</span> <span class='ocrx_word' id='word_1_215' title='bbox 2379 1317 2476 1368; x_wconf 80' lang='grc' dir='ltr'>τοῦ</span> <span class='ocrx_word' id='word_1_216' title='bbox 2507 1315 2718 1388; x_wconf 82' lang='grc' dir='ltr'>Πατρὸς</span> <span class='ocrx_word' id='word_1_217' title='bbox 2748 1313 2841 1369; x_wconf 82' lang='grc' dir='ltr'>καί</span> <span class='ocrx_word' id='word_1_218' title='bbox 2868 1317 2966 1368; x_wconf 79' lang='grc' dir='ltr'>τοῦ</span> <span class='ocrx_word' id='word_1_219' title='bbox 2996 1313 3126 1368; x_wconf 80' lang='grc' dir='ltr'>Υἱοῦ</span> <span class='ocrx_word' id='word_1_220' title='bbox 3154 1315 3248 1369; x_wconf 74' lang='grc' dir='ltr'>καὶ</span> <span class='ocrx_word' id='word_1_221' title='bbox 3283 1313 3381 1368; x_wconf 74' lang='grc' dir='ltr'>τοῦ</span> <span class='ocrx_word' id='word_1_222' title='bbox 3433 1312 3592 1388; x_wconf 81' lang='grc' dir='ltr'>ἁγίου</span> <span class='ocrx_word' id='word_1_223' title='bbox 3662 1315 3843 1368; x_wconf 80' lang='grc' dir='ltr'>Πνεύ-</span> 
     </span>
    </p>
   </div>
   <div class='ocr_carea' id='block_1_29' title="bbox 2181 1401 3838 1482">
    <p class='ocr_par' dir='ltr' id='par_1_29' title="bbox 2181 1401 3838 1482">
     <span class='ocr_line' id='line_1_29' title="bbox 2181 1401 3838 1482; baseline 0.007 -27"><span class='ocrx_word' id='word_1_224' title='bbox 2181 1423 2370 1476; x_wconf 84' lang='grc' dir='ltr'>ματος,</span> <span class='ocrx_word' id='word_1_225' title='bbox 2403 1402 2507 1460; x_wconf 78' lang='grc' dir='ltr'>Καὶ</span> <span class='ocrx_word' id='word_1_226' title='bbox 2553 1401 2748 1474; x_wconf 67' lang='grc' dir='ltr'>ἐξῆλθε</span> <span class='ocrx_word' id='word_1_227' title='bbox 2796 1407 2896 1459; x_wconf 81' lang='grc' dir='ltr'>τοῦ</span> <span class='ocrx_word' id='word_1_228' title='bbox 2954 1401 3153 1467; x_wconf 75' lang='grc' dir='ltr'>ὕδατος</span> <span class='ocrx_word' id='word_1_229' title='bbox 3209 1404 3442 1479; x_wconf 86' lang='grc' dir='ltr'>καθαρὸς</span> <span class='ocrx_word' id='word_1_230' title='bbox 3499 1404 3590 1460; x_wconf 67' lang='grc' dir='ltr'>καὶ</span> <span class='ocrx_word' id='word_1_231' title='bbox 3654 1404 3838 1482; x_wconf 75' lang='grc' dir='ltr'>ὖγιῆς,</span> 
     </span>
    </p>
   </div>
   <div class='ocr_carea' id='block_1_30' title="bbox 2176 1490 3844 1569">
    <p class='ocr_par' dir='ltr' id='par_1_30' title="bbox 2176 1490 3844 1569">
     <span class='ocr_line' id='line_1_30' title="bbox 2176 1490 3844 1569; baseline 0.001 -23"><span class='ocrx_word' id='word_1_232' title='bbox 2176 1490 2606 1569; x_wconf 65' lang='grc' dir='ltr'>ἀπαλειφθέντος</span> <span class='ocrx_word' id='word_1_233' title='bbox 2637 1492 2728 1546; x_wconf 76' lang='grc' dir='ltr'>καὶ</span> <span class='ocrx_word' id='word_1_234' title='bbox 2775 1496 2876 1548; x_wconf 78' lang='grc' dir='ltr'>τοῦ</span> <span class='ocrx_word' id='word_1_235' title='bbox 2906 1495 3107 1568; x_wconf 76' lang='grc' dir='ltr'>μικροῦ</span> <span class='ocrx_word' id='word_1_236' title='bbox 3165 1490 3422 1566; x_wconf 68' lang='grc' dir='ltr'>λειψάνου</span> <span class='ocrx_word' id='word_1_237' title='bbox 3477 1499 3577 1562; x_wconf 76' lang='grc' dir='ltr'>τῆς</span> <span class='ocrx_word' id='word_1_238' title='bbox 3633 1492 3844 1568; x_wconf 78' lang='grc' dir='ltr'>λέπρας</span> 
     </span>
    </p>
   </div>
   <div class='ocr_carea' id='block_1_31' title="bbox 2174 1577 3832 1655">
    <p class='ocr_par' dir='ltr' id='par_1_31' title="bbox 2174 1577 3832 1655">
     <span class='ocr_line' id='line_1_31' title="bbox 2174 1577 3832 1655; baseline -0.001 -19"><span class='ocrx_word' id='word_1_239' title='bbox 2174 1585 2272 1636; x_wconf 78' lang='grc' dir='ltr'>τοῦ</span> <span class='ocrx_word' id='word_1_240' title='bbox 2307 1577 2730 1654; x_wconf 68' lang='grc' dir='ltr'>ὑπολειφθέντος</span> <span class='ocrx_word' id='word_1_241' title='bbox 2771 1577 2822 1634; x_wconf 81' lang='grc' dir='ltr'>ἐν</span> <span class='ocrx_word' id='word_1_242' title='bbox 2887 1583 2968 1653; x_wconf 85' lang='grc' dir='ltr'>[Ρ.</span> <span class='ocrx_word' id='word_1_243' title='bbox 3029 1582 3152 1654; x_wconf 80' lang='grc'>177]</span> <span class='ocrx_word' id='word_1_244' title='bbox 3213 1585 3286 1654; x_wconf 77' lang='grc' dir='ltr'>τῷ</span> <span class='ocrx_word' id='word_1_245' title='bbox 3347 1581 3587 1655; x_wconf 80' lang='grc' dir='ltr'>μετώπῳ</span> <span class='ocrx_word' id='word_1_246' title='bbox 3641 1577 3832 1640; x_wconf 73' lang='grc' dir='ltr'>αὐτοῦ,</span> 
     </span>
    </p>
   </div>
   <div class='ocr_carea' id='block_1_32' title="bbox 2179 1663 3833 1742">
    <p class='ocr_par' dir='ltr' id='par_1_32' title="bbox 2179 1663 3833 1742">
     <span class='ocr_line' id='line_1_32' title="bbox 2179 1663 3833 1742; baseline -0.001 -16"><span class='ocrx_word' id='word_1_247' title='bbox 2179 1671 2406 1726; x_wconf 80' lang='grc' dir='ltr'>’Έκτοτε</span> <span class='ocrx_word' id='word_1_248' title='bbox 2436 1665 2494 1724; x_wconf 73' lang='grc' dir='ltr'>δὲ</span> <span class='ocrx_word' id='word_1_249' title='bbox 2521 1667 2787 1732; x_wconf 73' lang='grc' dir='ltr'>παντοίως</span> <span class='ocrx_word' id='word_1_250' title='bbox 2819 1663 3032 1724; x_wconf 78' lang='grc' dir='ltr'>ἐσέϐετο</span> <span class='ocrx_word' id='word_1_251' title='bbox 3057 1671 3148 1724; x_wconf 79' lang='grc' dir='ltr'>καὶ</span> <span class='ocrx_word' id='word_1_252' title='bbox 3197 1669 3357 1742; x_wconf 80' lang='grc' dir='ltr'>ἐτίμα</span> <span class='ocrx_word' id='word_1_253' title='bbox 3411 1668 3476 1726; x_wconf 86' lang='grc' dir='ltr'>τὸ</span> <span class='ocrx_word' id='word_1_254' title='bbox 3533 1663 3833 1742; x_wconf 73' lang='grc' dir='ltr'>σεϐάσμιον</span> 
     </span>
    </p>
   </div>
   <div class='ocr_carea' id='block_1_33' title="bbox 2179 1756 3836 1836">
    <p class='ocr_par' dir='ltr' id='par_1_33' title="bbox 2179 1756 3836 1836">
     <span class='ocr_line' id='line_1_33' title="bbox 2179 1756 3836 1836; baseline 0.001 -24"><span class='ocrx_word' id='word_1_255' title='bbox 2179 1756 2474 1832; x_wconf 78' lang='grc' dir='ltr'>ἐκτύπωμα</span> <span class='ocrx_word' id='word_1_256' title='bbox 2529 1761 2630 1823; x_wconf 79' lang='grc' dir='ltr'>τῆς</span> <span class='ocrx_word' id='word_1_257' title='bbox 2681 1759 2780 1812; x_wconf 78' lang='grc' dir='ltr'>τοῦ</span> <span class='ocrx_word' id='word_1_258' title='bbox 2846 1757 3045 1834; x_wconf 68' lang='grc' dir='ltr'>Κυρίου</span> <span class='ocrx_word' id='word_1_259' title='bbox 3107 1766 3348 1836; x_wconf 70' lang='grc' dir='ltr'>μορφῆς,</span> <span class='ocrx_word' id='word_1_260' title='bbox 3432 1758 3683 1832; x_wconf 79' lang='grc' dir='ltr'>προσθεὶς</span> <span class='ocrx_word' id='word_1_261' title='bbox 3737 1759 3836 1814; x_wconf 77' lang='grc' dir='ltr'>καὶ</span> 
     </span>
    </p>
   </div>
   <div class='ocr_carea' id='block_1_34' title="bbox 2177 1847 3838 1928">
    <p class='ocr_par' dir='ltr' id='par_1_34' title="bbox 2177 1847 3838 1928">
     <span class='ocr_line' id='line_1_34' title="bbox 2177 1847 3838 1928; baseline -0.001 -24"><span class='ocrx_word' id='word_1_262' title='bbox 2177 1852 2339 1904; x_wconf 77' lang='grc' dir='ltr'>τοῦτο</span> <span class='ocrx_word' id='word_1_263' title='bbox 2370 1849 2398 1904; x_wconf 85' lang='grc' dir='ltr'>ὁ</span> <span class='ocrx_word' id='word_1_264' title='bbox 2429 1849 2718 1928; x_wconf 78' lang='grc' dir='ltr'>τοπάρχης</span> <span class='ocrx_word' id='word_1_265' title='bbox 2750 1853 2871 1911; x_wconf 83' lang='grc' dir='ltr'>τοῖς</span> <span class='ocrx_word' id='word_1_266' title='bbox 2906 1847 3126 1912; x_wconf 81' lang='grc' dir='ltr'>λοιποῖς</span> <span class='ocrx_word' id='word_1_267' title='bbox 3158 1849 3324 1904; x_wconf 79' lang='grc' dir='ltr'>αὐτοῦ</span> <span class='ocrx_word' id='word_1_268' title='bbox 3351 1849 3568 1910; x_wconf 75' lang='grc' dir='ltr'>καλοῖς.</span> <span class='ocrx_word' id='word_1_269' title='bbox 3619 1851 3838 1905; x_wconf 62' lang='lat' dir='ltr'>&quot;Exsta-</span> 
     </span>
    </p>
   </div>
   <div class='ocr_carea' id='block_1_35' title="bbox 2181 1937 3840 2014">
    <p class='ocr_par' dir='ltr' id='par_1_35' title="bbox 2181 1937 3840 2014">
     <span class='ocr_line' id='line_1_35' title="bbox 2181 1937 3840 2014; baseline -0.001 -20"><span class='ocrx_word' id='word_1_270' title='bbox 2181 1937 2272 1994; x_wconf 88' lang='grc' dir='ltr'>λαι</span> <span class='ocrx_word' id='word_1_271' title='bbox 2293 1943 2401 1994; x_wconf 82' lang='grc' dir='ltr'>τῶν</span> <span class='ocrx_word' id='word_1_272' title='bbox 2435 1943 2638 2012; x_wconf 78' lang='grc' dir='ltr'>καιρῶν</span> <span class='ocrx_word' id='word_1_273' title='bbox 2670 1939 2776 2014; x_wconf 78' lang='grc' dir='ltr'>πρὸ</span> <span class='ocrx_word' id='word_1_274' title='bbox 2807 1946 2906 2009; x_wconf 79' lang='grc' dir='ltr'>τῆς</span> <span class='ocrx_word' id='word_1_275' title='bbox 2935 1937 3206 2014; x_wconf 85' lang='grc' dir='ltr'>δημοσίας</span> <span class='ocrx_word' id='word_1_276' title='bbox 3236 1939 3422 2010; x_wconf 89' lang='grc' dir='ltr'>πύλης</span> <span class='ocrx_word' id='word_1_277' title='bbox 3459 1945 3559 2008; x_wconf 78' lang='grc' dir='ltr'>τῆς</span> <span class='ocrx_word' id='word_1_278' title='bbox 3613 1937 3840 2001; x_wconf 79' lang='grc' dir='ltr'>πόλεως</span> 
     </span>
    </p>
   </div>
   <div class='ocr_carea' id='block_1_36' title="bbox 2183 2023 3840 2104">
    <p class='ocr_par' dir='ltr' id='par_1_36' title="bbox 2183 2023 3840 2104">
     <span class='ocr_line' id='line_1_36' title="bbox 2183 2023 3840 2104; baseline -0.001 -22"><span class='ocrx_word' id='word_1_279' title='bbox 2183 2023 2440 2098; x_wconf 77' lang='grc' dir='ltr'>Ἐδέσσης</span> <span class='ocrx_word' id='word_1_280' title='bbox 2495 2027 2720 2104; x_wconf 77' lang='grc' dir='ltr'>ἄγαλμά</span> <span class='ocrx_word' id='word_1_281' title='bbox 2774 2049 2825 2083; x_wconf 86' lang='grc' dir='ltr'>τι</span> <span class='ocrx_word' id='word_1_282' title='bbox 2885 2032 2993 2082; x_wconf 79' lang='grc' dir='ltr'>τῶν</span> <span class='ocrx_word' id='word_1_283' title='bbox 3052 2027 3397 2100; x_wconf 80' lang='grc' dir='ltr'>Ἑλληνικῶν</span> <span class='ocrx_word' id='word_1_284' title='bbox 3443 2030 3577 2084; x_wconf 76' lang='grc' dir='ltr'>θεῶν</span> <span class='ocrx_word' id='word_1_285' title='bbox 3608 2029 3840 2102; x_wconf 77' lang='grc' dir='ltr'>ὕπερθεν</span> 
     </span>
    </p>
   </div>
   <div class='ocr_carea' id='block_1_37' title="bbox 2180 2117 3835 2194">
    <p class='ocr_par' dir='ltr' id='par_1_37' title="bbox 2180 2117 3835 2194">
     <span class='ocr_line' id='line_1_37' title="bbox 2180 2117 3835 2194; baseline 0 -21"><span class='ocrx_word' id='word_1_286' title='bbox 2180 2118 2552 2190; x_wconf 80' lang='grc' dir='ltr'>ἀνεστήλωτο,</span> <span class='ocrx_word' id='word_1_287' title='bbox 2585 2118 2616 2174; x_wconf 81' lang='grc' dir='ltr'>ὅ</span> <span class='ocrx_word' id='word_1_288' title='bbox 2644 2120 2819 2175; x_wconf 67' lang='grc' dir='ltr'>πάντα</span> <span class='ocrx_word' id='word_1_289' title='bbox 2846 2120 2941 2174; x_wconf 82' lang='grc' dir='ltr'>τὸν</span> <span class='ocrx_word' id='word_1_290' title='bbox 2977 2119 3124 2182; x_wconf 84' lang='grc' dir='ltr'>ἐντὸς</span> <span class='ocrx_word' id='word_1_291' title='bbox 3155 2125 3256 2190; x_wconf 80' lang='grc' dir='ltr'>τῆς</span> <span class='ocrx_word' id='word_1_292' title='bbox 3287 2117 3504 2182; x_wconf 86' lang='grc' dir='ltr'>πόλεως</span> <span class='ocrx_word' id='word_1_293' title='bbox 3542 2118 3835 2194; x_wconf 86' lang='grc' dir='ltr'>βουλόμε-</span> 
     </span>
    </p>
   </div>
   <div class='ocr_carea' id='block_1_38' title="bbox 2182 2207 3843 2288">
    <p class='ocr_par' dir='ltr' id='par_1_38' title="bbox 2182 2207 3843 2288">
     <span class='ocr_line' id='line_1_38' title="bbox 2182 2207 3843 2288; baseline -0.001 -25"><span class='ocrx_word' id='word_1_294' title='bbox 2182 2229 2272 2264; x_wconf 91' lang='grc' dir='ltr'>νον</span> <span class='ocrx_word' id='word_1_295' title='bbox 2302 2207 2516 2264; x_wconf 77' lang='grc' dir='ltr'>εἰσιέναι</span> <span class='ocrx_word' id='word_1_296' title='bbox 2549 2209 2756 2284; x_wconf 77' lang='grc' dir='ltr'>ἀνάγκη</span> <span class='ocrx_word' id='word_1_297' title='bbox 2804 2211 2872 2280; x_wconf 83' lang='grc' dir='ltr'>ἦν</span> <span class='ocrx_word' id='word_1_298' title='bbox 2932 2215 3252 2286; x_wconf 79' lang='grc' dir='ltr'>προσκυνεῖν</span> <span class='ocrx_word' id='word_1_299' title='bbox 3301 2209 3392 2264; x_wconf 70' lang='grc' dir='ltr'>καὶ</span> <span class='ocrx_word' id='word_1_300' title='bbox 3461 2209 3630 2288; x_wconf 79' lang='grc' dir='ltr'>εὐχὰς</span> <span class='ocrx_word' id='word_1_301' title='bbox 3689 2209 3843 2262; x_wconf 82' lang='grc' dir='ltr'>ἀπο-</span> 
     </span>
    </p>
   </div>
   <div class='ocr_carea' id='block_1_39' title="bbox 416 2297 2069 2398">
    <p class='ocr_par' dir='ltr' id='par_1_39' title="bbox 416 2299 2069 2375">
     <span class='ocr_line' id='line_1_39' title="bbox 416 2299 2069 2375; baseline 0.002 -22"><span class='ocrx_word' id='word_1_302' title='bbox 416 2301 532 2354; x_wconf 87' lang='lat' dir='ltr'>tuit</span> <span class='ocrx_word' id='word_1_303' title='bbox 561 2299 776 2354; x_wconf 82' lang='lat' dir='ltr'>tabulae</span> <span class='ocrx_word' id='word_1_304' title='bbox 808 2301 1232 2373; x_wconf 79' lang='lat' dir='ltr'>agglutinatam</span> <span class='ocrx_word' id='word_1_305' title='bbox 1286 2309 1772 2375; x_wconf 86' lang='lat' dir='ltr'>exornatamque,</span> <span class='ocrx_word' id='word_1_306' title='bbox 1800 2317 1932 2358; x_wconf 85' lang='lat' dir='ltr'>cum</span> <span class='ocrx_word' id='word_1_307' title='bbox 1966 2299 2069 2357; x_wconf 86' lang='lat' dir='ltr'>tali</span> 
     </span>
    </p>
   </div>
   <div class='ocr_carea' id='block_1_40' title="bbox 2181 2297 3838 2398">
    <p class='ocr_par' dir='ltr' id='par_1_40' title="bbox 2183 2297 3838 2376">
     <span class='ocr_line' id='line_1_40' title="bbox 2183 2297 3838 2376; baseline 0 -21"><span class='ocrx_word' id='word_1_308' title='bbox 2183 2297 2408 2371; x_wconf 88' lang='grc' dir='ltr'>διδόναι,</span> <span class='ocrx_word' id='word_1_309' title='bbox 2440 2298 2530 2355; x_wconf 84' lang='grc' dir='ltr'>καὶ</span> <span class='ocrx_word' id='word_1_310' title='bbox 2579 2299 2754 2362; x_wconf 73' lang='grc' dir='ltr'>οὕτως</span> <span class='ocrx_word' id='word_1_311' title='bbox 2795 2299 3128 2376; x_wconf 79' lang='grc' dir='ltr'>είσέρχεσθαι</span> <span class='ocrx_word' id='word_1_312' title='bbox 3188 2299 3242 2356; x_wconf 75' lang='grc' dir='ltr'>ἐν</span> <span class='ocrx_word' id='word_1_313' title='bbox 3301 2303 3370 2375; x_wconf 81' lang='grc' dir='ltr'>τῇ</span> <span class='ocrx_word' id='word_1_314' title='bbox 3418 2297 3602 2356; x_wconf 84' lang='grc' dir='ltr'>πόλει.</span> <span class='ocrx_word' id='word_1_315' title='bbox 3653 2297 3838 2356; x_wconf 71' lang='grc' dir='ltr'>Τοῦτο</span> 
     </span>
    </p>
   </div>
   <div class='ocr_carea' id='block_1_41' title="bbox 414 2387 2068 2464">
    <p class='ocr_par' dir='ltr' id='par_1_41' title="bbox 414 2387 2068 2464">
     <span class='ocr_line' id='line_1_41' title="bbox 414 2387 2068 2464; baseline 0.002 -22"><span class='ocrx_word' id='word_1_316' title='bbox 414 2387 802 2458; x_wconf 83' lang='lat' dir='ltr'>inscriptione</span> <span class='ocrx_word' id='word_1_317' title='bbox 839 2403 852 2444; x_wconf 88' lang='lat'><strong>:</strong></span> <span class='ocrx_word' id='word_1_318' title='bbox 889 2413 916 2440; x_wconf 83' lang='lat'><strong>«</strong></span> <span class='ocrx_word' id='word_1_319' title='bbox 950 2391 1180 2445; x_wconf 83' lang='lat' dir='ltr'>Christe</span> <span class='ocrx_word' id='word_1_320' title='bbox 1213 2392 1388 2460; x_wconf 87' lang='lat' dir='ltr'>Deus,</span> <span class='ocrx_word' id='word_1_321' title='bbox 1421 2393 1522 2464; x_wconf 89' lang='lat' dir='ltr'>qui</span> <span class='ocrx_word' id='word_1_322' title='bbox 1549 2393 1611 2448; x_wconf 90' lang='lat' dir='ltr'>in</span> <span class='ocrx_word' id='word_1_323' title='bbox 1634 2398 1690 2447; x_wconf 88' lang='lat' dir='ltr'>te</span> <span class='ocrx_word' id='word_1_324' title='bbox 1725 2392 2068 2464; x_wconf 88' lang='lat' dir='ltr'>sperat,voti</span> 
     </span>
    </p>
   </div>
   <div class='ocr_carea' id='block_1_42' title="bbox 420 2477 2074 2552">
    <p class='ocr_par' dir='ltr' id='par_1_42' title="bbox 420 2477 2074 2552">
     <span class='ocr_line' id='line_1_42' title="bbox 420 2477 2074 2552; baseline 0.002 -20"><span class='ocrx_word' id='word_1_325' title='bbox 420 2478 489 2532; x_wconf 84' lang='lat' dir='ltr'>ﬁt</span> <span class='ocrx_word' id='word_1_326' title='bbox 517 2490 795 2548; x_wconf 88' lang='lat' dir='ltr'>compos;</span> <span class='ocrx_word' id='word_1_327' title='bbox 827 2477 1128 2551; x_wconf 87' lang='lat' dir='ltr'>jussitque</span> <span class='ocrx_word' id='word_1_328' title='bbox 1185 2485 1252 2535; x_wconf 91' lang='lat' dir='ltr'>ut</span> <span class='ocrx_word' id='word_1_329' title='bbox 1308 2481 1647 2552; x_wconf 89' lang='lat' dir='ltr'>quicunque</span> <span class='ocrx_word' id='word_1_330' title='bbox 1676 2498 1782 2552; x_wconf 92' lang='lat' dir='ltr'>per</span> <span class='ocrx_word' id='word_1_331' title='bbox 1813 2496 1944 2536; x_wconf 90' lang='lat' dir='ltr'>eam</span> <span class='ocrx_word' id='word_1_332' title='bbox 1975 2480 2074 2535; x_wconf 88' lang='lat' dir='ltr'>in-</span> 
     </span>
    </p>
   </div>
   <div class='ocr_carea' id='block_1_43' title="bbox 419 2565 2072 2641">
    <p class='ocr_par' dir='ltr' id='par_1_43' title="bbox 419 2565 2072 2641">
     <span class='ocr_line' id='line_1_43' title="bbox 419 2565 2072 2641; baseline 0.004 -22"><span class='ocrx_word' id='word_1_333' title='bbox 419 2571 578 2621; x_wconf 87' lang='lat' dir='ltr'>trare</span> <span class='ocrx_word' id='word_1_334' title='bbox 625 2565 802 2621; x_wconf 82' lang='lat' dir='ltr'>vellet</span> <span class='ocrx_word' id='word_1_335' title='bbox 832 2572 1106 2638; x_wconf 64' lang='lat' dir='ltr'>gportam,</span> <span class='ocrx_word' id='word_1_336' title='bbox 1163 2569 1404 2641; x_wconf 79' lang='lat' dir='ltr'>imagini</span> <span class='ocrx_word' id='word_1_337' title='bbox 1467 2569 1732 2626; x_wconf 89' lang='lat' dir='ltr'>debitum</span> <span class='ocrx_word' id='word_1_338' title='bbox 1781 2571 2072 2626; x_wconf 87' lang='lat' dir='ltr'>honorem</span> 
     </span>
    </p>
   </div>
   <div class='ocr_carea' id='block_1_44' title="bbox 420 2656 2071 2733">
    <p class='ocr_par' dir='ltr' id='par_1_44' title="bbox 420 2656 2071 2733">
     <span class='ocr_line' id='line_1_44' title="bbox 420 2656 2071 2733; baseline 0.002 -23"><span class='ocrx_word' id='word_1_339' title='bbox 420 2665 596 2725; x_wconf 82' lang='lat' dir='ltr'>atque</span> <span class='ocrx_word' id='word_1_340' title='bbox 641 2657 1082 2712; x_wconf 72' lang='lat' dir='ltr'>venerationem</span> <span class='ocrx_word' id='word_1_341' title='bbox 1130 2658 1451 2714; x_wconf 85' lang='lat' dir='ltr'>exhiberet.</span> <span class='ocrx_word' id='word_1_342' title='bbox 1487 2656 1604 2715; x_wconf 84' lang='lat' dir='ltr'>Hoc</span> <span class='ocrx_word' id='word_1_343' title='bbox 1655 2660 1753 2733; x_wconf 90' lang='lat' dir='ltr'>pio</span> <span class='ocrx_word' id='word_1_344' title='bbox 1802 2659 2071 2716; x_wconf 90' lang='lat' dir='ltr'>instituto</span> 
     </span>
    </p>
   </div>
   <div class='ocr_carea' id='block_1_45' title="bbox 422 2744 2074 2822">
    <p class='ocr_par' dir='ltr' id='par_1_45' title="bbox 422 2744 2074 2822">
     <span class='ocr_line' id='line_1_45' title="bbox 422 2744 2074 2822; baseline 0.003 -23"><span class='ocrx_word' id='word_1_345' title='bbox 422 2744 899 2816; x_wconf 81' lang='lat' dir='ltr'>obtemperatum</span> <span class='ocrx_word' id='word_1_346' title='bbox 929 2749 1038 2815; x_wconf 90' lang='lat' dir='ltr'>est,</span> <span class='ocrx_word' id='word_1_347' title='bbox 1081 2747 1346 2818; x_wconf 90' lang='lat' dir='ltr'>quandiu</span> <span class='ocrx_word' id='word_1_348' title='bbox 1403 2750 1672 2821; x_wconf 79' lang='lat' dir='ltr'>Augarus</span> <span class='ocrx_word' id='word_1_349' title='bbox 1721 2753 1898 2822; x_wconf 88' lang='lat' dir='ltr'>atque</span> <span class='ocrx_word' id='word_1_350' title='bbox 1939 2753 2074 2822; x_wconf 89' lang='lat' dir='ltr'>post</span> 
     </span>
    </p>
   </div>
   <div class='ocr_carea' id='block_1_46' title="bbox 421 2833 2068 2908">
    <p class='ocr_par' dir='ltr' id='par_1_46' title="bbox 421 2833 2068 2908">
     <span class='ocr_line' id='line_1_46' title="bbox 421 2833 2068 2908; baseline 0.004 -18"><span class='ocrx_word' id='word_1_351' title='bbox 421 2833 581 2890; x_wconf 88' lang='lat' dir='ltr'>hunc</span> <span class='ocrx_word' id='word_1_352' title='bbox 615 2834 774 2889; x_wconf 81' lang='lat' dir='ltr'>ﬁlius</span> <span class='ocrx_word' id='word_1_353' title='bbox 793 2834 1282 2908; x_wconf 85' lang='lat' dir='ltr'>vixerunt.Nepos</span> <span class='ocrx_word' id='word_1_354' title='bbox 1305 2842 1502 2894; x_wconf 89' lang='lat' dir='ltr'>autem</span> <span class='ocrx_word' id='word_1_355' title='bbox 1525 2851 1658 2894; x_wconf 88' lang='lat' dir='ltr'>cum</span> <span class='ocrx_word' id='word_1_356' title='bbox 1677 2838 1738 2894; x_wconf 90' lang='lat' dir='ltr'>in</span> <span class='ocrx_word' id='word_1_357' title='bbox 1761 2839 1848 2894; x_wconf 86' lang='lat' dir='ltr'>avi</span> <span class='ocrx_word' id='word_1_358' title='bbox 1871 2837 2068 2896; x_wconf 80' lang='lat' dir='ltr'>locum</span> 
     </span>
    </p>
   </div>
   <div class='ocr_carea' id='block_1_47' title="bbox 423 2925 2070 3000">
    <p class='ocr_par' dir='ltr' id='par_1_47' title="bbox 423 2925 2070 3000">
     <span class='ocr_line' id='line_1_47' title="bbox 423 2925 2070 3000; baseline 0.004 -22"><span class='ocrx_word' id='word_1_359' title='bbox 423 2927 480 2978; x_wconf 90' lang='lat' dir='ltr'>et</span> <span class='ocrx_word' id='word_1_360' title='bbox 507 2937 754 2994; x_wconf 75' lang='lat' dir='ltr'>regnum</span> <span class='ocrx_word' id='word_1_361' title='bbox 787 2925 1440 2999; x_wconf 83' lang='lat' dir='ltr'>successisset,abjecta</span> <span class='ocrx_word' id='word_1_362' title='bbox 1470 2927 1790 3000; x_wconf 89' lang='lat' dir='ltr'>pietate,ad</span> <span class='ocrx_word' id='word_1_363' title='bbox 1823 2929 2070 2985; x_wconf 87' lang='lat' dir='ltr'>simula-</span> 
     </span>
    </p>
   </div>
   <div class='ocr_carea' id='block_1_48' title="bbox 421 3011 2068 3088">
    <p class='ocr_par' dir='ltr' id='par_1_48' title="bbox 421 3011 2068 3088">
     <span class='ocr_line' id='line_1_48' title="bbox 421 3011 2068 3088; baseline 0.004 -21"><span class='ocrx_word' id='word_1_364' title='bbox 421 3028 657 3067; x_wconf 88' lang='lat' dir='ltr'>crorum</span> <span class='ocrx_word' id='word_1_365' title='bbox 687 3011 912 3068; x_wconf 83' lang='lat' dir='ltr'>cultum</span> <span class='ocrx_word' id='word_1_366' title='bbox 945 3012 1572 3088; x_wconf 69' lang='lat' dir='ltr'>descivit,§statultque</span> <span class='ocrx_word' id='word_1_367' title='bbox 1604 3017 1837 3074; x_wconf 85' lang='lat' dir='ltr'>sublata</span> <span class='ocrx_word' id='word_1_368' title='bbox 1853 3018 2068 3074; x_wconf 85' lang='lat' dir='ltr'>Christi</span> 
     </span>
    </p>
   </div>
   <div class='ocr_carea' id='block_1_49' title="bbox 419 3101 2064 3180">
    <p class='ocr_par' dir='ltr' id='par_1_49' title="bbox 419 3101 2064 3180">
     <span class='ocr_line' id='line_1_49' title="bbox 419 3101 2064 3180; baseline 0.005 -24"><span class='ocrx_word' id='word_1_369' title='bbox 419 3101 676 3175; x_wconf 82' lang='lat' dir='ltr'>imagine</span> <span class='ocrx_word' id='word_1_370' title='bbox 727 3107 980 3158; x_wconf 85' lang='lat' dir='ltr'>statuam</span> <span class='ocrx_word' id='word_1_371' title='bbox 1041 3105 1332 3160; x_wconf 65' lang='lat' dir='ltr'>daemonis</span> <span class='ocrx_word' id='word_1_372' title='bbox 1365 3121 1668 3178; x_wconf 82' lang='lat' dir='ltr'>reponere.</span> <span class='ocrx_word' id='word_1_373' title='bbox 1707 3109 1780 3162; x_wconf 80' lang='lat' dir='ltr'>At</span> <span class='ocrx_word' id='word_1_374' title='bbox 1833 3109 2064 3180; x_wconf 86' lang='lat' dir='ltr'>episco-</span> 
     </span>
    </p>
   </div>
   <div class='ocr_carea' id='block_1_50' title="bbox 419 3187 2070 3262">
    <p class='ocr_par' dir='ltr' id='par_1_50' title="bbox 419 3187 2070 3262">
     <span class='ocr_line' id='line_1_50' title="bbox 419 3187 2070 3262; baseline 0.004 -18"><span class='ocrx_word' id='word_1_375' title='bbox 419 3203 530 3262; x_wconf 85' lang='lat' dir='ltr'>pus</span> <span class='ocrx_word' id='word_1_376' title='bbox 580 3187 832 3260; x_wconf 70' lang='lat' dir='ltr'>Edessw,</span> <span class='ocrx_word' id='word_1_377' title='bbox 890 3205 1026 3246; x_wconf 89' lang='lat' dir='ltr'>cum</span> <span class='ocrx_word' id='word_1_378' title='bbox 1083 3191 1195 3246; x_wconf 87' lang='lat' dir='ltr'>sibi</span> <span class='ocrx_word' id='word_1_379' title='bbox 1253 3208 1323 3248; x_wconf 88' lang='lat' dir='ltr'>ea</span> <span class='ocrx_word' id='word_1_380' title='bbox 1382 3208 1476 3248; x_wconf 89' lang='lat' dir='ltr'>res</span> <span class='ocrx_word' id='word_1_381' title='bbox 1547 3191 1828 3249; x_wconf 86' lang='lat' dir='ltr'>divinitus</span> <span class='ocrx_word' id='word_1_382' title='bbox 1912 3199 2070 3250; x_wconf 85' lang='lat' dir='ltr'>esset</span> 
     </span>
    </p>
   </div>
   <div class='ocr_carea' id='block_1_51' title="bbox 421 3276 2068 3352">
    <p class='ocr_par' dir='ltr' id='par_1_51' title="bbox 421 3276 2068 3352">
     <span class='ocr_line' id='line_1_51' title="bbox 421 3276 2068 3352; baseline 0.005 -20"><span class='ocrx_word' id='word_1_383' title='bbox 421 3276 961 3350; x_wconf 86' lang='lat' dir='ltr'>patefacta,quanta</span> <span class='ocrx_word' id='word_1_384' title='bbox 982 3279 1147 3335; x_wconf 90' lang='lat' dir='ltr'>licuit</span> <span class='ocrx_word' id='word_1_385' title='bbox 1176 3281 1546 3352; x_wconf 78' lang='lat' dir='ltr'>providentia</span> <span class='ocrx_word' id='word_1_386' title='bbox 1603 3284 1758 3338; x_wconf 84' lang='lat' dir='ltr'>malo</span> <span class='ocrx_word' id='word_1_387' title='bbox 1790 3283 2068 3340; x_wconf 89' lang='lat' dir='ltr'>occurrit.</span> 
     </span>
    </p>
   </div>
   <div class='ocr_carea' id='block_1_52' title="bbox 422 3367 2070 3442">
    <p class='ocr_par' dir='ltr' id='par_1_52' title="bbox 422 3367 2070 3442">
     <span class='ocr_line' id='line_1_52' title="bbox 422 3367 2070 3442; baseline 0.005 -21"><span class='ocrx_word' id='word_1_388' title='bbox 422 3367 570 3432; x_wconf 88' lang='lat' dir='ltr'>Quia</span> <span class='ocrx_word' id='word_1_389' title='bbox 599 3367 757 3422; x_wconf 90' lang='lat' dir='ltr'>enim</span> <span class='ocrx_word' id='word_1_390' title='bbox 789 3368 959 3424; x_wconf 84' lang='lat' dir='ltr'>locus</span> <span class='ocrx_word' id='word_1_391' title='bbox 987 3373 1112 3424; x_wconf 87' lang='lat' dir='ltr'>erat</span> <span class='ocrx_word' id='word_1_392' title='bbox 1143 3369 1396 3442; x_wconf 83' lang='lat' dir='ltr'>cylindri</span> <span class='ocrx_word' id='word_1_393' title='bbox 1422 3372 1946 3441; x_wconf 70' lang='lat' dir='ltr'>formalucernam</span> <span class='ocrx_word' id='word_1_394' title='bbox 1972 3389 2070 3429; x_wconf 91' lang='lat' dir='ltr'>ac-</span> 
     </span>
    </p>
   </div>
   <div class='ocr_carea' id='block_1_53' title="bbox 423 3457 2069 3534">
    <p class='ocr_par' dir='ltr' id='par_1_53' title="bbox 423 3457 2069 3534">
     <span class='ocr_line' id='line_1_53' title="bbox 423 3457 2069 3534; baseline 0.004 -22"><span class='ocrx_word' id='word_1_395' title='bbox 423 3471 664 3512; x_wconf 86' lang='lat' dir='ltr'>censam</span> <span class='ocrx_word' id='word_1_396' title='bbox 723 3457 936 3513; x_wconf 61' lang='lat' dir='ltr'>divinas</span> <span class='ocrx_word' id='word_1_397' title='bbox 991 3458 1232 3530; x_wconf 79' lang='lat' dir='ltr'>imagini</span> <span class='ocrx_word' id='word_1_398' title='bbox 1287 3461 1612 3530; x_wconf 77' lang='lat' dir='ltr'>prmposuit</span> <span class='ocrx_word' id='word_1_399' title='bbox 1665 3477 1679 3529; x_wconf 89' lang='lat'><strong>;</strong></span> <span class='ocrx_word' id='word_1_400' title='bbox 1733 3462 2069 3534; x_wconf 87' lang='lat' dir='ltr'>injectaque</span> 
     </span>
    </p>
   </div>
   <div class='ocr_carea' id='block_1_54' title="bbox 423 3547 2064 3620">
    <p class='ocr_par' dir='ltr' id='par_1_54' title="bbox 423 3547 2064 3620">
     <span class='ocr_line' id='line_1_54' title="bbox 423 3547 2064 3620; baseline 0.005 -19"><span class='ocrx_word' id='word_1_401' title='bbox 423 3547 640 3619; x_wconf 81' lang='lat' dir='ltr'>tegula,</span> <span class='ocrx_word' id='word_1_402' title='bbox 674 3553 730 3602; x_wconf 89' lang='lat' dir='ltr'>et</span> <span class='ocrx_word' id='word_1_403' title='bbox 761 3547 994 3619; x_wconf 88' lang='lat' dir='ltr'>reliqua</span> <span class='ocrx_word' id='word_1_404' title='bbox 1050 3549 1372 3620; x_wconf 88' lang='lat' dir='ltr'>capacitate</span> <span class='ocrx_word' id='word_1_405' title='bbox 1435 3549 1595 3604; x_wconf 90' lang='lat' dir='ltr'>calce</span> <span class='ocrx_word' id='word_1_406' title='bbox 1656 3565 1722 3606; x_wconf 90' lang='lat' dir='ltr'>ac</span> <span class='ocrx_word' id='word_1_407' title='bbox 1778 3553 2064 3610; x_wconf 86' lang='lat' dir='ltr'>lateribus</span> 
     </span>
    </p>
   </div>
   <div class='ocr_carea' id='block_1_55' title="bbox 425 3634 2066 3714">
    <p class='ocr_par' dir='ltr' id='par_1_55' title="bbox 425 3634 2066 3714">
     <span class='ocr_line' id='line_1_55' title="bbox 425 3634 2066 3714; baseline 0.005 -23"><span class='ocrx_word' id='word_1_408' title='bbox 425 3637 748 3707; x_wconf 87' lang='lat' dir='ltr'>obstructa,</span> <span class='ocrx_word' id='word_1_409' title='bbox 780 3637 862 3693; x_wconf 90' lang='lat' dir='ltr'>ita</span> <span class='ocrx_word' id='word_1_410' title='bbox 891 3634 1087 3694; x_wconf 90' lang='lat' dir='ltr'>locum</span> <span class='ocrx_word' id='word_1_411' title='bbox 1128 3638 1546 3710; x_wconf 78' lang='lat' dir='ltr'>complanavit,</span> <span class='ocrx_word' id='word_1_412' title='bbox 1580 3645 1646 3696; x_wconf 89' lang='lat' dir='ltr'>ut</span> <span class='ocrx_word' id='word_1_413' title='bbox 1675 3641 1920 3714; x_wconf 64' lang='lat' dir='ltr'>aequalis</span> <span class='ocrx_word' id='word_1_414' title='bbox 1956 3660 2066 3699; x_wconf 82' lang='lat' dir='ltr'>cac-</span> 
     </span>
    </p>
   </div>
   <div class='ocr_carea' id='block_1_56' title="bbox 423 3697 2146 3800">
    <p class='ocr_par' dir='ltr' id='par_1_56' title="bbox 423 3697 2146 3800">
     <span class='ocr_line' id='line_1_56' title="bbox 423 3697 2146 3800; baseline 0.005 -19"><span class='ocrx_word' id='word_1_415' title='bbox 423 3731 551 3782; x_wconf 90' lang='lat' dir='ltr'>tero</span> <span class='ocrx_word' id='word_1_416' title='bbox 583 3697 752 3783; x_wconf 55' lang='lat' dir='ltr'>mum;</span> <span class='ocrx_word' id='word_1_417' title='bbox 776 3731 950 3783; x_wconf 88' lang='lat' dir='ltr'>esset.</span> <span class='ocrx_word' id='word_1_418' title='bbox 983 3727 1188 3800; x_wconf 87' lang='lat' dir='ltr'>Itaque</span> <span class='ocrx_word' id='word_1_419' title='bbox 1221 3697 1439 3800; x_wconf 79' lang='lat' dir='ltr'>impius</span> <span class='ocrx_word' id='word_1_420' title='bbox 1468 3697 1593 3798; x_wconf 82' lang='lat' dir='ltr'>ille,</span> <span class='ocrx_word' id='word_1_421' title='bbox 1627 3697 1780 3788; x_wconf 65' lang='lat' dir='ltr'>sui</span> <span class='ocrx_word' id='word_1_422' title='bbox 1814 3697 2072 3789; x_wconf 54' lang='lat' dir='ltr'>eam.</span> <span class='ocrx_word' id='word_1_423' title='bbox 2103 3697 2146 3764; x_wconf 72' lang='grc' dir='ltr'>ο</span> 
     </span>
    </p>
   </div>
   <div class='ocr_carea' id='block_1_57' title="bbox 423 3815 2072 3894">
    <p class='ocr_par' dir='ltr' id='par_1_57' title="bbox 423 3815 2072 3894">
     <span class='ocr_line' id='line_1_57' title="bbox 423 3815 2072 3894; baseline 0.005 -24"><span class='ocrx_word' id='word_1_424' title='bbox 423 3815 549 3871; x_wconf 90' lang='lat' dir='ltr'>visa</span> <span class='ocrx_word' id='word_1_425' title='bbox 572 3815 684 3887; x_wconf 89' lang='lat' dir='ltr'>ipsi</span> <span class='ocrx_word' id='word_1_426' title='bbox 716 3815 910 3888; x_wconf 76' lang='lat' dir='ltr'>imago</span> <span class='ocrx_word' id='word_1_427' title='bbox 959 3831 1078 3872; x_wconf 88' lang='lat' dir='ltr'>non</span> <span class='ocrx_word' id='word_1_428' title='bbox 1111 3819 1572 3890; x_wconf 76' lang='lat' dir='ltr'>conSpiceretur,</span> <span class='ocrx_word' id='word_1_429' title='bbox 1607 3819 1679 3875; x_wconf 89' lang='lat' dir='ltr'>ab</span> <span class='ocrx_word' id='word_1_430' title='bbox 1712 3821 1948 3894; x_wconf 89' lang='lat' dir='ltr'>incepto</span> <span class='ocrx_word' id='word_1_431' title='bbox 1975 3823 2072 3879; x_wconf 88' lang='lat' dir='ltr'>de-</span> 
     </span>
    </p>
   </div>
   <div class='ocr_carea' id='block_1_58' title="bbox 427 3903 2071 3982">
    <p class='ocr_par' dir='ltr' id='par_1_58' title="bbox 427 3903 2071 3982">
     <span class='ocr_line' id='line_1_58' title="bbox 427 3903 2071 3982; baseline 0.007 -24"><span class='ocrx_word' id='word_1_432' title='bbox 427 3905 597 3960; x_wconf 87' lang='lat' dir='ltr'>stitit.</span> <span class='ocrx_word' id='word_1_433' title='bbox 629 3903 739 3959; x_wconf 90' lang='lat' dir='ltr'>Sed</span> <span class='ocrx_word' id='word_1_434' title='bbox 771 3905 945 3977; x_wconf 80' lang='lat' dir='ltr'>longo</span> <span class='ocrx_word' id='word_1_435' title='bbox 977 3907 1258 3980; x_wconf 89' lang='lat' dir='ltr'>deinceps</span> <span class='ocrx_word' id='word_1_436' title='bbox 1291 3908 1574 3980; x_wconf 89' lang='lat' dir='ltr'>temporis</span> <span class='ocrx_word' id='word_1_437' title='bbox 1607 3911 1797 3966; x_wconf 88' lang='lat' dir='ltr'>tractu</span> <span class='ocrx_word' id='word_1_438' title='bbox 1827 3925 2071 3982; x_wconf 87' lang='lat' dir='ltr'>prorsus</span> 
     </span>
    </p>
   </div>
   <div class='ocr_carea' id='block_1_59' title="bbox 427 3993 2076 4073">
    <p class='ocr_par' dir='ltr' id='par_1_59' title="bbox 427 3993 2076 4073">
     <span class='ocr_line' id='line_1_59' title="bbox 427 3993 2076 4073; baseline 0.007 -26"><span class='ocrx_word' id='word_1_439' title='bbox 427 4008 500 4048; x_wconf 82' lang='lat' dir='ltr'>ex</span> <span class='ocrx_word' id='word_1_440' title='bbox 531 3993 842 4049; x_wconf 90' lang='lat' dir='ltr'>hominum</span> <span class='ocrx_word' id='word_1_441' title='bbox 873 3996 1162 4052; x_wconf 88' lang='lat' dir='ltr'>memoria</span> <span class='ocrx_word' id='word_1_442' title='bbox 1184 4009 1365 4053; x_wconf 73' lang='lat' dir='ltr'>sacrm</span> <span class='ocrx_word' id='word_1_443' title='bbox 1388 3997 1559 4054; x_wconf 88' lang='lat' dir='ltr'>istius</span> <span class='ocrx_word' id='word_1_444' title='bbox 1582 3999 1858 4073; x_wconf 83' lang='lat' dir='ltr'>imaginis</span> <span class='ocrx_word' id='word_1_445' title='bbox 1882 4002 2076 4058; x_wconf 87' lang='lat' dir='ltr'>occul-</span> 
     </span>
    </p>
   </div>
   <div class='ocr_carea' id='block_1_60' title="bbox 425 4081 2072 4160">
    <p class='ocr_par' dir='ltr' id='par_1_60' title="bbox 425 4081 2072 4160">
     <span class='ocr_line' id='line_1_60' title="bbox 425 4081 2072 4160; baseline 0.007 -24"><span class='ocrx_word' id='word_1_446' title='bbox 425 4081 569 4136; x_wconf 89' lang='lat' dir='ltr'>tatio</span> <span class='ocrx_word' id='word_1_447' title='bbox 604 4081 800 4139; x_wconf 90' lang='lat' dir='ltr'>delata</span> <span class='ocrx_word' id='word_1_448' title='bbox 828 4085 1442 4152; x_wconf 84' lang='lat' dir='ltr'>est.Post,Justiniano</span> <span class='ocrx_word' id='word_1_449' title='bbox 1475 4089 1833 4160; x_wconf 87' lang='lat' dir='ltr'>imperatore</span> <span class='ocrx_word' id='word_1_450' title='bbox 1858 4092 2072 4148; x_wconf 78' lang='lat' dir='ltr'>Roma-</span> 
     </span>
    </p>
   </div>
   <div class='ocr_carea' id='block_1_61' title="bbox 425 4171 2070 4252">
    <p class='ocr_par' dir='ltr' id='par_1_61' title="bbox 425 4171 2070 4252">
     <span class='ocr_line' id='line_1_61' title="bbox 425 4171 2070 4252; baseline 0.007 -28"><span class='ocrx_word' id='word_1_451' title='bbox 425 4185 662 4234; x_wconf 88' lang='lat' dir='ltr'>norum,</span> <span class='ocrx_word' id='word_1_452' title='bbox 696 4171 986 4230; x_wconf 84' lang='lat' dir='ltr'>Chosroes</span> <span class='ocrx_word' id='word_1_453' title='bbox 1015 4177 1330 4230; x_wconf 88' lang='lat' dir='ltr'>Persarum</span> <span class='ocrx_word' id='word_1_454' title='bbox 1362 4190 1463 4232; x_wconf 87' lang='lat' dir='ltr'>rex</span> <span class='ocrx_word' id='word_1_455' title='bbox 1493 4178 1672 4234; x_wconf 88' lang='lat' dir='ltr'>urbes</span> <span class='ocrx_word' id='word_1_456' title='bbox 1703 4177 1856 4234; x_wconf 70' lang='lat' dir='ltr'>Asia:</span> <span class='ocrx_word' id='word_1_457' title='bbox 1886 4191 2070 4252; x_wconf 78' lang='lat' dir='ltr'>oppu-</span> 
     </span>
    </p>
   </div>
   <div class='ocr_carea' id='block_1_62' title="bbox 423 4265 2072 4334">
    <p class='ocr_par' dir='ltr' id='par_1_62' title="bbox 423 4265 2072 4334">
     <span class='ocr_line' id='line_1_62' title="bbox 423 4265 2072 4334; baseline 0.005 -19"><span class='ocrx_word' id='word_1_458' title='bbox 423 4273 610 4332; x_wconf 83' lang='lat' dir='ltr'>gnans</span> <span class='ocrx_word' id='word_1_459' title='bbox 641 4267 817 4334; x_wconf 91' lang='lat' dir='ltr'>atque</span> <span class='ocrx_word' id='word_1_460' title='bbox 843 4270 1079 4320; x_wconf 88' lang='lat' dir='ltr'>vastans</span> <span class='ocrx_word' id='word_1_461' title='bbox 1097 4265 1277 4321; x_wconf 89' lang='lat' dir='ltr'>etiam</span> <span class='ocrx_word' id='word_1_462' title='bbox 1304 4265 1586 4322; x_wconf 85' lang='lat' dir='ltr'>Edessam</span> <span class='ocrx_word' id='word_1_463' title='bbox 1625 4267 2072 4334; x_wconf 84' lang='lat' dir='ltr'>obsedit.Quam</span> 
     </span>
    </p>
   </div>
   <div class='ocr_carea' id='block_1_63' title="bbox 419 4353 2071 4426">
    <p class='ocr_par' dir='ltr' id='par_1_63' title="bbox 419 4353 2071 4426">
     <span class='ocr_line' id='line_1_63' title="bbox 419 4353 2071 4426; baseline 0.002 -18"><span class='ocrx_word' id='word_1_464' title='bbox 419 4367 554 4408; x_wconf 89' lang='lat' dir='ltr'>cum</span> <span class='ocrx_word' id='word_1_465' title='bbox 587 4353 864 4408; x_wconf 88' lang='lat' dir='ltr'>omnibus</span> <span class='ocrx_word' id='word_1_466' title='bbox 903 4354 1196 4410; x_wconf 87' lang='lat' dir='ltr'>machinis</span> <span class='ocrx_word' id='word_1_467' title='bbox 1242 4371 1308 4409; x_wconf 93' lang='lat' dir='ltr'>ac</span> <span class='ocrx_word' id='word_1_468' title='bbox 1367 4357 1583 4412; x_wconf 90' lang='lat' dir='ltr'>conatu</span> <span class='ocrx_word' id='word_1_469' title='bbox 1639 4362 1916 4426; x_wconf 87' lang='lat' dir='ltr'>tentaret,</span> <span class='ocrx_word' id='word_1_470' title='bbox 1952 4363 2071 4414; x_wconf 87' lang='lat' dir='ltr'>tor-</span> 
     </span>
    </p>
   </div>
   <div class='ocr_carea' id='block_1_64' title="bbox 417 4442 2068 4520">
    <p class='ocr_par' dir='ltr' id='par_1_64' title="bbox 417 4442 2068 4520">
     <span class='ocr_line' id='line_1_64' title="bbox 417 4442 2068 4520; baseline 0.005 -24"><span class='ocrx_word' id='word_1_471' title='bbox 417 4442 1076 4506; x_wconf 85' lang='lat' dir='ltr'>mentis,concussione</span> <span class='ocrx_word' id='word_1_472' title='bbox 1133 4458 1464 4512; x_wconf 87' lang='lat' dir='ltr'>murorum,</span> <span class='ocrx_word' id='word_1_473' title='bbox 1519 4451 1828 4516; x_wconf 83' lang='lat' dir='ltr'>portarum</span> <span class='ocrx_word' id='word_1_474' title='bbox 1859 4462 2068 4520; x_wconf 46' lang='lat' dir='ltr'>perru‘</span> 
     </span>
    </p>
   </div>
   <div class='ocr_carea' id='block_1_65' title="bbox 421 4529 2068 4603">
    <p class='ocr_par' dir='ltr' id='par_1_65' title="bbox 421 4529 2068 4603">
     <span class='ocr_line' id='line_1_65' title="bbox 421 4529 2068 4603; baseline 0.007 -21"><span class='ocrx_word' id='word_1_475' title='bbox 421 4529 627 4600; x_wconf 88' lang='lat' dir='ltr'>ptione</span> <span class='ocrx_word' id='word_1_476' title='bbox 649 4543 1174 4603; x_wconf 80' lang='lat' dir='ltr'>urgens,magnum</span> <span class='ocrx_word' id='word_1_477' title='bbox 1197 4531 1513 4602; x_wconf 86' lang='lat' dir='ltr'>oppidanis</span> <span class='ocrx_word' id='word_1_478' title='bbox 1537 4539 1762 4590; x_wconf 88' lang='lat' dir='ltr'>metum</span> <span class='ocrx_word' id='word_1_479' title='bbox 1798 4537 2068 4594; x_wconf 88' lang='lat' dir='ltr'>incussit.</span> 
     </span>
    </p>
   </div>
   <div class='ocr_carea' id='block_1_66' title="bbox 428 4618 2070 4697">
    <p class='ocr_par' dir='ltr' id='par_1_66' title="bbox 428 4618 2070 4697">
     <span class='ocr_line' id='line_1_66' title="bbox 428 4618 2070 4697; baseline 0.005 -23"><span class='ocrx_word' id='word_1_480' title='bbox 428 4618 471 4674; x_wconf 89' lang='lat' dir='ltr'>Ii</span> <span class='ocrx_word' id='word_1_481' title='bbox 505 4634 638 4674; x_wconf 90' lang='lat' dir='ltr'>cum</span> <span class='ocrx_word' id='word_1_482' title='bbox 666 4619 792 4690; x_wconf 88' lang='lat' dir='ltr'>jam</span> <span class='ocrx_word' id='word_1_483' title='bbox 825 4620 896 4675; x_wconf 92' lang='lat' dir='ltr'>de</span> <span class='ocrx_word' id='word_1_484' title='bbox 933 4621 1121 4676; x_wconf 89' lang='lat' dir='ltr'>salute</span> <span class='ocrx_word' id='word_1_485' title='bbox 1155 4621 1542 4692; x_wconf 86' lang='lat' dir='ltr'>desperarent</span> <span class='ocrx_word' id='word_1_486' title='bbox 1571 4625 1751 4697; x_wconf 89' lang='lat' dir='ltr'>inque</span> <span class='ocrx_word' id='word_1_487' title='bbox 1786 4627 2070 4682; x_wconf 80' lang='lat' dir='ltr'>extremis</span> 
     </span>
    </p>
   </div>
   <div class='ocr_carea' id='block_1_67' title="bbox 427 4709 2070 4788">
    <p class='ocr_par' dir='ltr' id='par_1_67' title="bbox 427 4709 2070 4788">
     <span class='ocr_line' id='line_1_67' title="bbox 427 4709 2070 4788; baseline 0.006 -26"><span class='ocrx_word' id='word_1_488' title='bbox 427 4712 628 4762; x_wconf 86' lang='lat' dir='ltr'>essent</span> <span class='ocrx_word' id='word_1_489' title='bbox 648 4709 954 4780; x_wconf 86' lang='lat' dir='ltr'>angustiis,</span> <span class='ocrx_word' id='word_1_490' title='bbox 987 4709 1060 4765; x_wconf 92' lang='lat' dir='ltr'>ad</span> <span class='ocrx_word' id='word_1_491' title='bbox 1091 4710 1275 4766; x_wconf 89' lang='lat' dir='ltr'>Deum</span> <span class='ocrx_word' id='word_1_492' title='bbox 1309 4711 1901 4788; x_wconf 79' lang='lat' dir='ltr'>confugerunt,atque</span> <span class='ocrx_word' id='word_1_493' title='bbox 1934 4733 2070 4772; x_wconf 81' lang='lat' dir='ltr'>eum</span> 
     </span>
    </p>
   </div>
   <div class='ocr_carea' id='block_1_68' title="bbox 424 4797 2069 4877">
    <p class='ocr_par' dir='ltr' id='par_1_68' title="bbox 424 4797 2069 4877">
     <span class='ocr_line' id='line_1_68' title="bbox 424 4797 2069 4877; baseline 0.005 -25"><span class='ocrx_word' id='word_1_494' title='bbox 424 4812 578 4868; x_wconf 73' lang='lat' dir='ltr'>aegro</span> <span class='ocrx_word' id='word_1_495' title='bbox 602 4797 776 4853; x_wconf 90' lang='lat' dir='ltr'>corde</span> <span class='ocrx_word' id='word_1_496' title='bbox 827 4802 885 4852; x_wconf 91' lang='lat' dir='ltr'>et</span> <span class='ocrx_word' id='word_1_497' title='bbox 939 4799 1219 4871; x_wconf 89' lang='lat' dir='ltr'>lacrymis</span> <span class='ocrx_word' id='word_1_498' title='bbox 1261 4801 1634 4872; x_wconf 87' lang='lat' dir='ltr'>requirentes</span> <span class='ocrx_word' id='word_1_499' title='bbox 1695 4803 2069 4877; x_wconf 87' lang='lat' dir='ltr'>invenerunt,</span> 
     </span>
    </p>
   </div>
   <div class='ocr_carea' id='block_1_69' title="bbox 423 4885 2075 4964">
    <p class='ocr_par' dir='ltr' id='par_1_69' title="bbox 423 4885 2075 4964">
     <span class='ocr_line' id='line_1_69' title="bbox 423 4885 2075 4964; baseline 0.006 -24"><span class='ocrx_word' id='word_1_500' title='bbox 423 4885 584 4954; x_wconf 87' lang='lat' dir='ltr'>buia,</span> <span class='ocrx_word' id='word_1_501' title='bbox 615 4891 682 4942; x_wconf 87' lang='lat' dir='ltr'>ut</span> <span class='ocrx_word' id='word_1_502' title='bbox 702 4886 936 4942; x_wconf 85' lang='lat' dir='ltr'>divinus</span> <span class='ocrx_word' id='word_1_503' title='bbox 967 4889 1187 4944; x_wconf 89' lang='lat' dir='ltr'>cecinit</span> <span class='ocrx_word' id='word_1_504' title='bbox 1244 4887 1518 4957; x_wconf 89' lang='lat' dir='ltr'>Davidus,</span> <span class='ocrx_word' id='word_1_505' title='bbox 1570 4891 1941 4964; x_wconf 88' lang='lat' dir='ltr'>propinquus</span> <span class='ocrx_word' id='word_1_506' title='bbox 1987 4899 2075 4950; x_wconf 87' lang='lat' dir='ltr'>est</span> 
     </span>
    </p>
   </div>
   <div class='ocr_carea' id='block_1_70' title="bbox 423 4976 2071 5049">
    <p class='ocr_par' dir='ltr' id='par_1_70' title="bbox 423 4976 2071 5049">
     <span class='ocr_line' id='line_1_70' title="bbox 423 4976 2071 5049; baseline 0.005 -18"><span class='ocrx_word' id='word_1_507' title='bbox 423 4976 700 5032; x_wconf 90' lang='lat' dir='ltr'>omnibus</span> <span class='ocrx_word' id='word_1_508' title='bbox 731 4977 926 5049; x_wconf 89' lang='lat' dir='ltr'>ipsum</span> <span class='ocrx_word' id='word_1_509' title='bbox 956 4991 1091 5032; x_wconf 86' lang='lat' dir='ltr'>vere</span> <span class='ocrx_word' id='word_1_510' title='bbox 1141 4979 1573 5036; x_wconf 86' lang='lat' dir='ltr'>invocantibus.</span> <span class='ocrx_word' id='word_1_511' title='bbox 1604 4979 1856 5038; x_wconf 89' lang='lat' dir='ltr'>Proinde</span> <span class='ocrx_word' id='word_1_512' title='bbox 1891 4990 2071 5040; x_wconf 83' lang='lat' dir='ltr'>noctu</span> 
     </span>
    </p>
   </div>
   <div class='ocr_carea' id='block_1_71' title="bbox 2183 2386 3840 2465">
    <p class='ocr_par' dir='ltr' id='par_1_71' title="bbox 2183 2386 3840 2465">
     <span class='ocr_line' id='line_1_71' title="bbox 2183 2386 3840 2465; baseline -0.001 -20"><span class='ocrx_word' id='word_1_513' title='bbox 2183 2387 2278 2446; x_wconf 78' lang='grc' dir='ltr'>οὖν</span> <span class='ocrx_word' id='word_1_514' title='bbox 2307 2390 2370 2445; x_wconf 86' lang='grc' dir='ltr'>τὸ</span> <span class='ocrx_word' id='word_1_515' title='bbox 2400 2388 2700 2463; x_wconf 79' lang='grc' dir='ltr'>ἀκάθαρτον</span> <span class='ocrx_word' id='word_1_516' title='bbox 2741 2388 2832 2444; x_wconf 78' lang='grc' dir='ltr'>καὶ</span> <span class='ocrx_word' id='word_1_517' title='bbox 2890 2386 3253 2463; x_wconf 80' lang='grc' dir='ltr'>διαμονιῶδες</span> <span class='ocrx_word' id='word_1_518' title='bbox 3309 2387 3531 2465; x_wconf 76' lang='grc' dir='ltr'>ἄγαλμα</span> <span class='ocrx_word' id='word_1_519' title='bbox 3586 2387 3840 2454; x_wconf 82' lang='grc' dir='ltr'>καθελὼν</span> 
     </span>
    </p>
   </div>
   <div class='ocr_carea' id='block_1_72' title="bbox 2181 2475 3833 2556">
    <p class='ocr_par' dir='ltr' id='par_1_72' title="bbox 2181 2475 3833 2556">
     <span class='ocr_line' id='line_1_72' title="bbox 2181 2475 3833 2556; baseline -0.001 -20"><span class='ocrx_word' id='word_1_520' title='bbox 2181 2479 2271 2536; x_wconf 83' lang='grc' dir='ltr'>καὶ</span> <span class='ocrx_word' id='word_1_521' title='bbox 2297 2476 2492 2552; x_wconf 87' lang='grc' dir='ltr'>τελείῳ</span> <span class='ocrx_word' id='word_1_522' title='bbox 2515 2475 2788 2550; x_wconf 74' lang='grc' dir='ltr'>παραδοὺς</span> <span class='ocrx_word' id='word_1_523' title='bbox 2821 2477 3132 2556; x_wconf 76' lang='grc' dir='ltr'>ἀφανισμῷ,</span> <span class='ocrx_word' id='word_1_524' title='bbox 3163 2479 3239 2540; x_wconf 81' lang='grc' dir='ltr'>εἰς</span> <span class='ocrx_word' id='word_1_525' title='bbox 3279 2479 3371 2534; x_wconf 84' lang='grc' dir='ltr'>τὸν</span> <span class='ocrx_word' id='word_1_526' title='bbox 3427 2475 3630 2533; x_wconf 85' lang='grc' dir='ltr'>ἐκείνου</span> <span class='ocrx_word' id='word_1_527' title='bbox 3658 2477 3833 2534; x_wconf 81' lang='grc' dir='ltr'>τόπον</span> 
     </span>
    </p>
   </div>
   <div class='ocr_carea' id='block_1_73' title="bbox 2181 2565 3836 2645">
    <p class='ocr_par' dir='ltr' id='par_1_73' title="bbox 2181 2565 3836 2645">
     <span class='ocr_line' id='line_1_73' title="bbox 2181 2565 3836 2645; baseline -0.004 -19"><span class='ocrx_word' id='word_1_528' title='bbox 2181 2571 2280 2640; x_wconf 73' lang='grc' dir='ltr'>τὴν</span> <span class='ocrx_word' id='word_1_529' title='bbox 2311 2567 2742 2645; x_wconf 75' lang='grc' dir='ltr'>ἀχειροποίητον</span> <span class='ocrx_word' id='word_1_530' title='bbox 2770 2567 2974 2639; x_wconf 84' lang='grc' dir='ltr'>ταύτην</span> <span class='ocrx_word' id='word_1_531' title='bbox 3005 2567 3186 2622; x_wconf 69' lang='grc' dir='ltr'>είκόνα</span> <span class='ocrx_word' id='word_1_532' title='bbox 3213 2570 3312 2622; x_wconf 72' lang='grc' dir='ltr'>τοῦ</span> <span class='ocrx_word' id='word_1_533' title='bbox 3363 2572 3620 2644; x_wconf 78' lang='grc' dir='ltr'>Σωτῆρος</span> <span class='ocrx_word' id='word_1_534' title='bbox 3668 2565 3836 2639; x_wconf 65' lang='grc' dir='ltr'>ἡμῶν</span> 
     </span>
    </p>
   </div>
   <div class='ocr_carea' id='block_1_74' title="bbox 2179 2653 3840 2728">
    <p class='ocr_par' dir='ltr' id='par_1_74' title="bbox 2179 2653 3840 2728">
     <span class='ocr_line' id='line_1_74' title="bbox 2179 2653 3840 2728; baseline -0.003 -13"><span class='ocrx_word' id='word_1_535' title='bbox 2179 2659 2271 2715; x_wconf 78' lang='grc' dir='ltr'>καὶ</span> <span class='ocrx_word' id='word_1_536' title='bbox 2305 2662 2436 2714; x_wconf 82' lang='grc' dir='ltr'>Θεοῦ</span> <span class='ocrx_word' id='word_1_537' title='bbox 2466 2655 2556 2712; x_wconf 77' lang='grc' dir='ltr'>ἐπὶ</span> <span class='ocrx_word' id='word_1_538' title='bbox 2587 2655 2797 2720; x_wconf 84' lang='grc' dir='ltr'>σανίδος</span> <span class='ocrx_word' id='word_1_539' title='bbox 2843 2655 3127 2728; x_wconf 72' lang='grc' dir='ltr'>κσλλήσας</span> <span class='ocrx_word' id='word_1_540' title='bbox 3183 2655 3270 2712; x_wconf 87' lang='grc' dir='ltr'>καί</span> <span class='ocrx_word' id='word_1_541' title='bbox 3327 2653 3688 2718; x_wconf 83' lang='grc' dir='ltr'>καλλωπίσας</span> <span class='ocrx_word' id='word_1_542' title='bbox 3745 2655 3840 2711; x_wconf 79' lang='grc' dir='ltr'>ἆν-</span> 
     </span>
    </p>
   </div>
   <div class='ocr_carea' id='block_1_75' title="bbox 2181 2745 3836 2826">
    <p class='ocr_par' dir='ltr' id='par_1_75' title="bbox 2181 2745 3836 2826">
     <span class='ocr_line' id='line_1_75' title="bbox 2181 2745 3836 2826; baseline -0.001 -22"><span class='ocrx_word' id='word_1_543' title='bbox 2181 2751 2428 2820; x_wconf 77' lang='grc' dir='ltr'>έστησεν,</span> <span class='ocrx_word' id='word_1_544' title='bbox 2458 2747 2761 2826; x_wconf 77' lang='grc' dir='ltr'>ἐπιγράψας</span> <span class='ocrx_word' id='word_1_545' title='bbox 2787 2745 2841 2802; x_wconf 78' lang='grc' dir='ltr'>ἐν</span> <span class='ocrx_word' id='word_1_546' title='bbox 2875 2747 3008 2822; x_wconf 80' lang='grc' dir='ltr'>αὐτῇ</span> <span class='ocrx_word' id='word_1_547' title='bbox 3039 2749 3204 2802; x_wconf 76' lang='grc' dir='ltr'>ταῦτα</span> <span class='ocrx_word' id='word_1_548' title='bbox 3233 2749 3300 2804; x_wconf 70' lang='grc' dir='ltr'>τὰ</span> <span class='ocrx_word' id='word_1_549' title='bbox 3352 2747 3590 2824; x_wconf 85' lang='grc' dir='ltr'>ματα·</span> <span class='ocrx_word' id='word_1_550' title='bbox 3639 2768 3660 2798; x_wconf 76' lang='grc' dir='ltr'>ι</span> <span class='ocrx_word' id='word_1_551' title='bbox 3693 2747 3836 2822; x_wconf 85' lang='grc' dir='ltr'>Χρι-</span> 
     </span>
    </p>
   </div>
   <div class='ocr_carea' id='block_1_76' title="bbox 2182 2833 3831 2914">
    <p class='ocr_par' dir='ltr' id='par_1_76' title="bbox 2182 2833 3831 2914">
     <span class='ocr_line' id='line_1_76' title="bbox 2182 2833 3831 2914; baseline -0.002 -21"><span class='ocrx_word' id='word_1_552' title='bbox 2182 2837 2328 2893; x_wconf 81' lang='grc' dir='ltr'>στὶό</span> <span class='ocrx_word' id='word_1_553' title='bbox 2361 2839 2514 2908; x_wconf 80' lang='grc' dir='ltr'>Θεὸς,</span> <span class='ocrx_word' id='word_1_554' title='bbox 2557 2836 2585 2891; x_wconf 81' lang='grc' dir='ltr'>ὁ</span> <span class='ocrx_word' id='word_1_555' title='bbox 2645 2837 2721 2900; x_wconf 78' lang='grc' dir='ltr'>εἰς</span> <span class='ocrx_word' id='word_1_556' title='bbox 2781 2835 2839 2892; x_wconf 69' lang='grc' dir='ltr'>σε</span> <span class='ocrx_word' id='word_1_557' title='bbox 2892 2833 3132 2906; x_wconf 74' lang='grc' dir='ltr'>ἑλπίζων</span> <span class='ocrx_word' id='word_1_558' title='bbox 3193 2836 3295 2892; x_wconf 78' lang='grc' dir='ltr'>οὐκ</span> <span class='ocrx_word' id='word_1_559' title='bbox 3350 2833 3747 2914; x_wconf 77' lang='grc' dir='ltr'>ἀποτυγχάνει.</span> <span class='ocrx_word' id='word_1_560' title='bbox 3803 2860 3831 2889; x_wconf 83' lang='grc'><strong>››</strong></span> 
     </span>
    </p>
   </div>
   <div class='ocr_carea' id='block_1_77' title="bbox 2181 2922 3825 2996">
    <p class='ocr_par' dir='ltr' id='par_1_77' title="bbox 2181 2922 3825 2996">
     <span class='ocr_line' id='line_1_77' title="bbox 2181 2922 3825 2996; baseline -0.003 -11"><span class='ocrx_word' id='word_1_561' title='bbox 2181 2925 2285 2985; x_wconf 76' lang='grc' dir='ltr'>Καί</span> <span class='ocrx_word' id='word_1_562' title='bbox 2315 2927 2508 2983; x_wconf 79' lang='grc' dir='ltr'>λοιπὸν</span> <span class='ocrx_word' id='word_1_563' title='bbox 2542 2925 2786 2990; x_wconf 76' lang='grc' dir='ltr'>ἐθέσπισε</span> <span class='ocrx_word' id='word_1_564' title='bbox 2815 2925 2990 2982; x_wconf 77' lang='grc' dir='ltr'>πάντα</span> <span class='ocrx_word' id='word_1_565' title='bbox 3019 2927 3112 2982; x_wconf 84' lang='grc' dir='ltr'>τὸν</span> <span class='ocrx_word' id='word_1_566' title='bbox 3143 2922 3233 2980; x_wconf 70' lang='grc' dir='ltr'>διὰ</span> <span class='ocrx_word' id='word_1_567' title='bbox 3260 2932 3360 2996; x_wconf 73' lang='grc' dir='ltr'>τῆς</span> <span class='ocrx_word' id='word_1_568' title='bbox 3390 2923 3576 2996; x_wconf 76' lang='grc' dir='ltr'>πύλης</span> <span class='ocrx_word' id='word_1_569' title='bbox 3629 2924 3825 2994; x_wconf 81' lang='grc' dir='ltr'>ἐκείνης</span> 
     </span>
    </p>
   </div>
   <div class='ocr_carea' id='block_1_78' title="bbox 2184 3009 3820 3090">
    <p class='ocr_par' dir='ltr' id='par_1_78' title="bbox 2184 3009 3820 3090">
     <span class='ocr_line' id='line_1_78' title="bbox 2184 3009 3820 3090; baseline -0.002 -20"><span class='ocrx_word' id='word_1_570' title='bbox 2184 3014 2519 3090; x_wconf 82' lang='grc' dir='ltr'>εἰσέρχεσθαι</span> <span class='ocrx_word' id='word_1_571' title='bbox 2581 3011 2852 3088; x_wconf 87' lang='grc' dir='ltr'>μέλλοντα</span> <span class='ocrx_word' id='word_1_572' title='bbox 2910 3014 2972 3070; x_wconf 81' lang='grc' dir='ltr'>τὸ</span> <span class='ocrx_word' id='word_1_573' title='bbox 3031 3015 3308 3089; x_wconf 70' lang='grc' dir='ltr'>προσῆκον</span> <span class='ocrx_word' id='word_1_574' title='bbox 3365 3009 3526 3075; x_wconf 88' lang='grc' dir='ltr'>σέϐας</span> <span class='ocrx_word' id='word_1_575' title='bbox 3583 3013 3677 3068; x_wconf 78' lang='grc' dir='ltr'>καὶ</span> <span class='ocrx_word' id='word_1_576' title='bbox 3725 3012 3820 3080; x_wconf 67' lang='grc' dir='ltr'>τὴν</span> 
     </span>
    </p>
   </div>
   <div class='ocr_carea' id='block_1_79' title="bbox 2178 3101 3832 3178">
    <p class='ocr_par' dir='ltr' id='par_1_79' title="bbox 2178 3101 3832 3178">
     <span class='ocr_line' id='line_1_79' title="bbox 2178 3101 3832 3178; baseline -0.004 -18"><span class='ocrx_word' id='word_1_577' title='bbox 2178 3111 2350 3178; x_wconf 67' lang='grc' dir='ltr'>τιμήν</span> <span class='ocrx_word' id='word_1_578' title='bbox 2386 3102 2682 3176; x_wconf 78' lang='grc' dir='ltr'>ἀπονέμειν</span> <span class='ocrx_word' id='word_1_579' title='bbox 2711 3105 2779 3177; x_wconf 81' lang='grc' dir='ltr'>τῇ</span> <span class='ocrx_word' id='word_1_580' title='bbox 2811 3101 3256 3176; x_wconf 80' lang='grc' dir='ltr'>πολυθαυμάστῳ</span> <span class='ocrx_word' id='word_1_581' title='bbox 3302 3102 3394 3158; x_wconf 71' lang='grc' dir='ltr'>καὶ</span> <span class='ocrx_word' id='word_1_582' title='bbox 3434 3103 3832 3176; x_wconf 81' lang='grc' dir='ltr'>θαυματουργῷ</span> 
     </span>
    </p>
   </div>
   <div class='ocr_carea' id='block_1_80' title="bbox 2177 3189 3838 3266">
    <p class='ocr_par' dir='ltr' id='par_1_80' title="bbox 2177 3189 3838 3266">
     <span class='ocr_line' id='line_1_80' title="bbox 2177 3189 3838 3266; baseline -0.002 -18"><span class='ocrx_word' id='word_1_583' title='bbox 2177 3196 2274 3248; x_wconf 73' lang='grc' dir='ltr'>τοῦ</span> <span class='ocrx_word' id='word_1_584' title='bbox 2307 3195 2550 3266; x_wconf 79' lang='grc' dir='ltr'>Χριστοῦ</span> <span class='ocrx_word' id='word_1_585' title='bbox 2584 3191 2770 3258; x_wconf 81' lang='grc' dir='ltr'>εἰκόνι,</span> <span class='ocrx_word' id='word_1_586' title='bbox 2803 3191 2892 3247; x_wconf 81' lang='grc' dir='ltr'>καὶ</span> <span class='ocrx_word' id='word_1_587' title='bbox 2926 3191 3098 3254; x_wconf 74' lang='grc' dir='ltr'>οῧτιυς</span> <span class='ocrx_word' id='word_1_588' title='bbox 3150 3191 3228 3254; x_wconf 83' lang='grc' dir='ltr'>είς</span> <span class='ocrx_word' id='word_1_589' title='bbox 3280 3192 3380 3260; x_wconf 70' lang='grc' dir='ltr'>τήν</span> <span class='ocrx_word' id='word_1_590' title='bbox 3433 3189 3601 3246; x_wconf 78' lang='grc' dir='ltr'>πόλιν</span> <span class='ocrx_word' id='word_1_591' title='bbox 3660 3189 3838 3264; x_wconf 61' lang='grc' dir='ltr'>εἰσέρι</span> 
     </span>
    </p>
   </div>
   <div class='ocr_carea' id='block_1_81' title="bbox 2180 3276 3834 3360">
    <p class='ocr_par' dir='ltr' id='par_1_81' title="bbox 2180 3276 3834 3360">
     <span class='ocr_line' id='line_1_81' title="bbox 2180 3276 3834 3360; baseline -0.003 -22"><span class='ocrx_word' id='word_1_592' title='bbox 2180 3284 2396 3360; x_wconf 81' lang='grc' dir='ltr'>χεσθαι.</span> <span class='ocrx_word' id='word_1_593' title='bbox 2431 3281 2532 3339; x_wconf 77' lang='grc' dir='ltr'>Καὶ</span> <span class='ocrx_word' id='word_1_594' title='bbox 2571 3278 2871 3356; x_wconf 77' lang='grc' dir='ltr'>ὃιετηρήθη</span> <span class='ocrx_word' id='word_1_595' title='bbox 2903 3281 2965 3336; x_wconf 84' lang='grc' dir='ltr'>τὸ</span> <span class='ocrx_word' id='word_1_596' title='bbox 2993 3285 3247 3336; x_wconf 80' lang='grc' dir='ltr'>τοιοῦτον</span> <span class='ocrx_word' id='word_1_597' title='bbox 3300 3284 3399 3337; x_wconf 77' lang='grc' dir='ltr'>τοῦ</span> <span class='ocrx_word' id='word_1_598' title='bbox 3438 3276 3632 3356; x_wconf 76' lang='grc' dir='ltr'>ἀνδρὸς</span> <span class='ocrx_word' id='word_1_599' title='bbox 3681 3279 3834 3334; x_wconf 72' lang='grc' dir='ltr'>εὗσεο</span> 
     </span>
    </p>
   </div>
   <div class='ocr_carea' id='block_1_82' title="bbox 2181 3369 3834 3448">
    <p class='ocr_par' dir='ltr' id='par_1_82' title="bbox 2181 3369 3834 3448">
     <span class='ocr_line' id='line_1_82' title="bbox 2181 3369 3834 3448; baseline -0.002 -20"><span class='ocrx_word' id='word_1_600' title='bbox 2181 3370 2270 3436; x_wconf 78' lang='grc' dir='ltr'>ϐἒς</span> <span class='ocrx_word' id='word_1_601' title='bbox 2303 3373 2571 3446; x_wconf 82' lang='grc' dir='ltr'>θέσπισμα</span> <span class='ocrx_word' id='word_1_602' title='bbox 2598 3371 2762 3446; x_wconf 69' lang='grc' dir='ltr'>μέχρι</span> <span class='ocrx_word' id='word_1_603' title='bbox 2794 3375 2894 3442; x_wconf 82' lang='grc' dir='ltr'>τῆς</span> <span class='ocrx_word' id='word_1_604' title='bbox 2925 3371 2977 3427; x_wconf 84' lang='grc' dir='ltr'>ἐν</span> <span class='ocrx_word' id='word_1_605' title='bbox 3008 3377 3089 3445; x_wconf 80' lang='grc' dir='ltr'>τῷ</span> <span class='ocrx_word' id='word_1_606' title='bbox 3153 3372 3258 3448; x_wconf 80' lang='grc' dir='ltr'>βίῳ</span> <span class='ocrx_word' id='word_1_607' title='bbox 3318 3372 3490 3427; x_wconf 77' lang='grc' dir='ltr'>αὐτοῦ</span> <span class='ocrx_word' id='word_1_608' title='bbox 3545 3369 3834 3447; x_wconf 82' lang='grc' dir='ltr'>παροικίας</span> 
     </span>
    </p>
   </div>
   <div class='ocr_carea' id='block_1_83' title="bbox 2179 3458 3838 3538">
    <p class='ocr_par' dir='ltr' id='par_1_83' title="bbox 2179 3458 3838 3538">
     <span class='ocr_line' id='line_1_83' title="bbox 2179 3458 3838 3538; baseline -0.004 -18"><span class='ocrx_word' id='word_1_609' title='bbox 2179 3465 2267 3520; x_wconf 81' lang='grc' dir='ltr'>καὶ</span> <span class='ocrx_word' id='word_1_610' title='bbox 2293 3467 2390 3519; x_wconf 71' lang='grc' dir='ltr'>τοῦ</span> <span class='ocrx_word' id='word_1_611' title='bbox 2417 3463 2537 3517; x_wconf 80' lang='grc' dir='ltr'>υἱοῦ</span> <span class='ocrx_word' id='word_1_612' title='bbox 2567 3461 2756 3518; x_wconf 77' lang='grc' dir='ltr'>αὐτοῦ.</span> <span class='ocrx_word' id='word_1_613' title='bbox 2789 3463 2851 3519; x_wconf 86' lang='grc' dir='ltr'>Ὀ</span> <span class='ocrx_word' id='word_1_614' title='bbox 2887 3458 2942 3516; x_wconf 75' lang='grc' dir='ltr'>δὲ</span> <span class='ocrx_word' id='word_1_615' title='bbox 3001 3464 3198 3518; x_wconf 82' lang='grc' dir='ltr'>τούτου</span> <span class='ocrx_word' id='word_1_616' title='bbox 3257 3459 3478 3538; x_wconf 75' lang='grc' dir='ltr'>ἔκγονος</span> <span class='ocrx_word' id='word_1_617' title='bbox 3527 3461 3630 3525; x_wconf 78' lang='grc' dir='ltr'>τῆς</span> <span class='ocrx_word' id='word_1_618' title='bbox 3684 3477 3838 3515; x_wconf 83' lang='grc' dir='ltr'>παπ-</span> 
     </span>
    </p>
   </div>
   <div class='ocr_carea' id='block_1_84' title="bbox 2179 3547 3842 3629">
    <p class='ocr_par' dir='ltr' id='par_1_84' title="bbox 2179 3547 3842 3629">
     <span class='ocr_line' id='line_1_84' title="bbox 2179 3547 3842 3629; baseline -0.003 -20"><span class='ocrx_word' id='word_1_619' title='bbox 2179 3553 2332 3627; x_wconf 82' lang='grc' dir='ltr'>πῴας</span> <span class='ocrx_word' id='word_1_620' title='bbox 2363 3553 2542 3629; x_wconf 75' lang='grc' dir='ltr'>ἀρχῆς</span> <span class='ocrx_word' id='word_1_621' title='bbox 2573 3549 2836 3626; x_wconf 66' lang='grc' dir='ltr'>διάδοχος</span> <span class='ocrx_word' id='word_1_622' title='bbox 2865 3551 3102 3628; x_wconf 81' lang='grc' dir='ltr'>γεγονὼς</span> <span class='ocrx_word' id='word_1_623' title='bbox 3159 3548 3492 3607; x_wconf 82' lang='grc' dir='ltr'>ἀπελάκτισε</span> <span class='ocrx_word' id='word_1_624' title='bbox 3544 3551 3644 3618; x_wconf 72' lang='grc' dir='ltr'>τήν</span> <span class='ocrx_word' id='word_1_625' title='bbox 3686 3547 3842 3604; x_wconf 74' lang='grc' dir='ltr'>εὐσέ-</span> 
     </span>
    </p>
   </div>
   <div class='ocr_carea' id='block_1_85' title="bbox 2184 3637 3844 3715">
    <p class='ocr_par' dir='ltr' id='par_1_85' title="bbox 2184 3637 3844 3715">
     <span class='ocr_line' id='line_1_85' title="bbox 2184 3637 3844 3715; baseline -0.004 -17"><span class='ocrx_word' id='word_1_626' title='bbox 2184 3639 2333 3699; x_wconf 84' lang='grc' dir='ltr'>ϐειαν</span> <span class='ocrx_word' id='word_1_627' title='bbox 2367 3642 2457 3698; x_wconf 77' lang='grc' dir='ltr'>καὶ</span> <span class='ocrx_word' id='word_1_628' title='bbox 2523 3641 2660 3715; x_wconf 82' lang='grc' dir='ltr'>πρὸς</span> <span class='ocrx_word' id='word_1_629' title='bbox 2715 3641 2782 3696; x_wconf 73' lang='grc' dir='ltr'>τὰ</span> <span class='ocrx_word' id='word_1_630' title='bbox 2839 3638 3046 3697; x_wconf 68' lang='grc' dir='ltr'>εἴδωλα</span> <span class='ocrx_word' id='word_1_631' title='bbox 3103 3641 3484 3714; x_wconf 70' lang='grc' dir='ltr'>ηὑτομόλησε,</span> <span class='ocrx_word' id='word_1_632' title='bbox 3535 3639 3625 3695; x_wconf 83' lang='grc' dir='ltr'>καὶ</span> <span class='ocrx_word' id='word_1_633' title='bbox 3673 3637 3844 3695; x_wconf 75' lang='grc' dir='ltr'>πάλιν</span> 
     </span>
    </p>
   </div>
   <div class='ocr_carea' id='block_1_86' title="bbox 2184 3727 3840 3804">
    <p class='ocr_par' dir='ltr' id='par_1_86' title="bbox 2184 3727 3840 3804">
     <span class='ocr_line' id='line_1_86' title="bbox 2184 3727 3840 3804; baseline -0.004 -16"><span class='ocrx_word' id='word_1_634' title='bbox 2184 3727 2478 3804; x_wconf 73' lang='grc' dir='ltr'>ἠϐουλήθη</span> <span class='ocrx_word' id='word_1_635' title='bbox 2511 3729 2894 3801; x_wconf 77' lang='grc' dir='ltr'>ἀναστηλῶσαι</span> <span class='ocrx_word' id='word_1_636' title='bbox 2926 3727 3252 3804; x_wconf 75' lang='grc' dir='ltr'>δαιμονικὴν</span> <span class='ocrx_word' id='word_1_637' title='bbox 3307 3727 3542 3801; x_wconf 62' lang='grc' dir='ltr'>στήλην,</span> <span class='ocrx_word' id='word_1_638' title='bbox 3589 3729 3679 3784; x_wconf 79' lang='grc' dir='ltr'>καὶ</span> <span class='ocrx_word' id='word_1_639' title='bbox 3737 3729 3840 3797; x_wconf 75' lang='grc' dir='ltr'>τὴν</span> 
     </span>
    </p>
   </div>
   <div class='ocr_carea' id='block_1_87' title="bbox 2182 3817 3843 3896">
    <p class='ocr_par' dir='ltr' id='par_1_87' title="bbox 2182 3817 3843 3896">
     <span class='ocr_line' id='line_1_87' title="bbox 2182 3817 3843 3896; baseline -0.004 -18"><span class='ocrx_word' id='word_1_640' title='bbox 2182 3826 2278 3878; x_wconf 74' lang='grc' dir='ltr'>τοῦ</span> <span class='ocrx_word' id='word_1_641' title='bbox 2306 3824 2539 3894; x_wconf 79' lang='grc' dir='ltr'>Χριστοῦ</span> <span class='ocrx_word' id='word_1_642' title='bbox 2571 3817 2752 3875; x_wconf 74' lang='grc' dir='ltr'>εἰκόνα</span> <span class='ocrx_word' id='word_1_643' title='bbox 2782 3818 3052 3877; x_wconf 78' lang='grc' dir='ltr'>καθελεῖν.</span> <span class='ocrx_word' id='word_1_644' title='bbox 3093 3821 3272 3876; x_wconf 77' lang='grc' dir='ltr'>Τοῦτο</span> <span class='ocrx_word' id='word_1_645' title='bbox 3329 3817 3490 3896; x_wconf 76' lang='grc' dir='ltr'>γνοὺς</span> <span class='ocrx_word' id='word_1_646' title='bbox 3537 3817 3566 3873; x_wconf 83' lang='grc' dir='ltr'><strong>ὁ</strong></span> <span class='ocrx_word' id='word_1_647' title='bbox 3615 3817 3843 3874; x_wconf 81' lang='grc' dir='ltr'>ἐπίσκο-</span> 
     </span>
    </p>
   </div>
   <div class='ocr_carea' id='block_1_88' title="bbox 2183 3905 3842 3982">
    <p class='ocr_par' dir='ltr' id='par_1_88' title="bbox 2183 3905 3842 3982">
     <span class='ocr_line' id='line_1_88' title="bbox 2183 3905 3842 3982; baseline -0.004 -15"><span class='ocrx_word' id='word_1_648' title='bbox 2183 3931 2287 3974; x_wconf 89' lang='grc' dir='ltr'>πος</span> <span class='ocrx_word' id='word_1_649' title='bbox 2320 3907 2574 3981; x_wconf 85' lang='grc' dir='ltr'>Ἐδέσσης</span> <span class='ocrx_word' id='word_1_650' title='bbox 2607 3905 2698 3963; x_wconf 73' lang='grc' dir='ltr'>διὰ</span> <span class='ocrx_word' id='word_1_651' title='bbox 2745 3905 2890 3972; x_wconf 82' lang='grc' dir='ltr'>θείας</span> <span class='ocrx_word' id='word_1_652' title='bbox 2930 3906 3328 3982; x_wconf 66' lang='grc' dir='ltr'>ἀποκαλύψεως</span> <span class='ocrx_word' id='word_1_653' title='bbox 3382 3907 3483 3976; x_wconf 73' lang='grc' dir='ltr'>τὴν</span> <span class='ocrx_word' id='word_1_654' title='bbox 3537 3905 3842 3982; x_wconf 82' lang='grc' dir='ltr'>ἐνδεχομέ-</span> 
     </span>
    </p>
   </div>
   <div class='ocr_carea' id='block_1_89' title="bbox 2181 3993 3842 4072">
    <p class='ocr_par' dir='ltr' id='par_1_89' title="bbox 2181 3993 3842 4072">
     <span class='ocr_line' id='line_1_89' title="bbox 2181 3993 3842 4072; baseline -0.004 -19"><span class='ocrx_word' id='word_1_655' title='bbox 2181 4017 2281 4068; x_wconf 81' lang='grc' dir='ltr'>νην</span> <span class='ocrx_word' id='word_1_656' title='bbox 2310 3993 2458 4052; x_wconf 74' lang='grc' dir='ltr'>ἔθετο</span> <span class='ocrx_word' id='word_1_657' title='bbox 2525 3995 2805 4070; x_wconf 83' lang='grc' dir='ltr'>πρόνοιαν.</span> <span class='ocrx_word' id='word_1_658' title='bbox 2867 3993 3092 4064; x_wconf 84' lang='grc' dir='ltr'>Ἐπειδὴ</span> <span class='ocrx_word' id='word_1_659' title='bbox 3148 3995 3252 4072; x_wconf 80' lang='grc' dir='ltr'>γὰρ</span> <span class='ocrx_word' id='word_1_660' title='bbox 3311 3995 3339 4050; x_wconf 81' lang='grc'>6</span> <span class='ocrx_word' id='word_1_661' title='bbox 3391 3993 3560 4058; x_wconf 84' lang='grc' dir='ltr'>τόπος</span> <span class='ocrx_word' id='word_1_662' title='bbox 3617 3993 3842 4068; x_wconf 65' lang='grc' dir='ltr'>ὑπῆρχε</span> 
     </span>
    </p>
   </div>
   <div class='ocr_carea' id='block_1_90' title="bbox 2181 4080 3839 4161">
    <p class='ocr_par' dir='ltr' id='par_1_90' title="bbox 2181 4080 3839 4161">
     <span class='ocr_line' id='line_1_90' title="bbox 2181 4080 3839 4161; baseline -0.004 -19"><span class='ocrx_word' id='word_1_663' title='bbox 2181 4081 2628 4161; x_wconf 75' lang='grc' dir='ltr'>κυλινδροειδής,</span> <span class='ocrx_word' id='word_1_664' title='bbox 2711 4081 3012 4159; x_wconf 81' lang='grc' dir='ltr'>θρυαλλίδα</span> <span class='ocrx_word' id='word_1_665' title='bbox 3069 4083 3174 4158; x_wconf 73' lang='grc' dir='ltr'>πρὸ</span> <span class='ocrx_word' id='word_1_666' title='bbox 3237 4089 3340 4152; x_wconf 78' lang='grc' dir='ltr'>τῆς</span> <span class='ocrx_word' id='word_1_667' title='bbox 3398 4081 3542 4147; x_wconf 82' lang='grc' dir='ltr'>θείας</span> <span class='ocrx_word' id='word_1_668' title='bbox 3627 4080 3839 4143; x_wconf 79' lang='grc' dir='ltr'>εἰκόνος</span> 
     </span>
    </p>
   </div>
   <div class='ocr_carea' id='block_1_91' title="bbox 2184 4165 3836 4250">
    <p class='ocr_par' dir='ltr' id='par_1_91' title="bbox 2184 4165 3836 4250">
     <span class='ocr_line' id='line_1_91' title="bbox 2184 4165 3836 4250; baseline -0.004 -20"><span class='ocrx_word' id='word_1_669' title='bbox 2184 4175 2389 4250; x_wconf 75' lang='grc' dir='ltr'>ἀνάψσς</span> <span class='ocrx_word' id='word_1_670' title='bbox 2419 4173 2507 4228; x_wconf 82' lang='grc' dir='ltr'>καί</span> <span class='ocrx_word' id='word_1_671' title='bbox 2549 4174 2786 4248; x_wconf 87' lang='grc' dir='ltr'>κέραμον</span> <span class='ocrx_word' id='word_1_672' title='bbox 2821 4170 3048 4240; x_wconf 76' lang='grc' dir='ltr'>ἐπιθεὶς,</span> <span class='ocrx_word' id='word_1_673' title='bbox 3082 4170 3198 4226; x_wconf 74' lang='grc' dir='ltr'>εἶτα</span> <span class='ocrx_word' id='word_1_674' title='bbox 3225 4165 3421 4242; x_wconf 75' lang='grc' dir='ltr'>ἔξωθεν</span> <span class='ocrx_word' id='word_1_675' title='bbox 3477 4171 3684 4242; x_wconf 73' lang='grc' dir='ltr'>τιτάνῳ</span> <span class='ocrx_word' id='word_1_676' title='bbox 3743 4170 3836 4224; x_wconf 78' lang='grc' dir='ltr'>καὶ</span> 
     </span>
    </p>
   </div>
   <div class='ocr_carea' id='block_1_92' title="bbox 2182 4255 3834 4342">
    <p class='ocr_par' dir='ltr' id='par_1_92' title="bbox 2182 4255 3834 4342">
     <span class='ocr_line' id='line_1_92' title="bbox 2182 4255 3834 4342; baseline -0.004 -22"><span class='ocrx_word' id='word_1_677' title='bbox 2182 4263 2436 4328; x_wconf 79' lang='grc' dir='ltr'>πλίνθοις</span> <span class='ocrx_word' id='word_1_678' title='bbox 2467 4262 2778 4342; x_wconf 72' lang='grc' dir='ltr'>ἀποφράξας</span> <span class='ocrx_word' id='word_1_679' title='bbox 2803 4261 2866 4317; x_wconf 81' lang='grc' dir='ltr'>τὸ</span> <span class='ocrx_word' id='word_1_680' title='bbox 2911 4255 3172 4334; x_wconf 77' lang='grc' dir='ltr'>ἐμϐαδὸν,</span> <span class='ocrx_word' id='word_1_681' title='bbox 3217 4259 3292 4326; x_wconf 81' lang='grc' dir='ltr'>εἷς</span> <span class='ocrx_word' id='word_1_682' title='bbox 3352 4259 3572 4334; x_wconf 72' lang='grc' dir='ltr'>ὁμαλὴν</span> <span class='ocrx_word' id='word_1_683' title='bbox 3631 4259 3834 4336; x_wconf 72' lang='grc' dir='ltr'>ἐπιφά-</span> 
     </span>
    </p>
   </div>
   <div class='ocr_carea' id='block_1_93' title="bbox 2180 4348 3833 4428">
    <p class='ocr_par' dir='ltr' id='par_1_93' title="bbox 2180 4348 3833 4428">
     <span class='ocr_line' id='line_1_93' title="bbox 2180 4348 3833 4428; baseline -0.004 -18"><span class='ocrx_word' id='word_1_684' title='bbox 2180 4373 2326 4410; x_wconf 82' lang='grc' dir='ltr'>νειαν</span> <span class='ocrx_word' id='word_1_685' title='bbox 2352 4354 2416 4409; x_wconf 86' lang='grc' dir='ltr'>τὸ</span> <span class='ocrx_word' id='word_1_686' title='bbox 2439 4355 2626 4428; x_wconf 82' lang='grc' dir='ltr'>τεῖχος</span> <span class='ocrx_word' id='word_1_687' title='bbox 2657 4351 2956 4420; x_wconf 84' lang='grc' dir='ltr'>ἁπηύθυνε,</span> <span class='ocrx_word' id='word_1_688' title='bbox 3012 4351 3104 4406; x_wconf 79' lang='grc' dir='ltr'>καὶ</span> <span class='ocrx_word' id='word_1_689' title='bbox 3165 4349 3218 4404; x_wconf 86' lang='grc' dir='ltr'>ἐν</span> <span class='ocrx_word' id='word_1_690' title='bbox 3249 4354 3329 4422; x_wconf 77' lang='grc' dir='ltr'>τῷ</span> <span class='ocrx_word' id='word_1_691' title='bbox 3363 4352 3440 4422; x_wconf 78' lang='grc' dir='ltr'>μή</span> <span class='ocrx_word' id='word_1_692' title='bbox 3473 4348 3702 4426; x_wconf 81' lang='grc' dir='ltr'>ὁρᾶσθαι</span> <span class='ocrx_word' id='word_1_693' title='bbox 3733 4351 3833 4418; x_wconf 72' lang='grc' dir='ltr'>τὴν</span> 
     </span>
    </p>
   </div>
   <div class='ocr_carea' id='block_1_94' title="bbox 2183 4437 3838 4524">
    <p class='ocr_par' dir='ltr' id='par_1_94' title="bbox 2183 4437 3838 4524">
     <span class='ocr_line' id='line_1_94' title="bbox 2183 4437 3838 4524; baseline -0.003 -25"><span class='ocrx_word' id='word_1_694' title='bbox 2183 4444 2560 4524; x_wconf 70' lang='grc' dir='ltr'>φθονουμένην</span> <span class='ocrx_word' id='word_1_695' title='bbox 2650 4441 2860 4518; x_wconf 68' lang='grc' dir='ltr'>μορφὴν</span> <span class='ocrx_word' id='word_1_696' title='bbox 2954 4437 3160 4510; x_wconf 81' lang='grc' dir='ltr'>ἀπέστη</span> <span class='ocrx_word' id='word_1_697' title='bbox 3219 4445 3321 4509; x_wconf 77' lang='grc' dir='ltr'>τῆς</span> <span class='ocrx_word' id='word_1_698' title='bbox 3381 4438 3751 4515; x_wconf 68' lang='grc' dir='ltr'>ἐγχειρήσεως</span> <span class='ocrx_word' id='word_1_699' title='bbox 3811 4439 3838 4494; x_wconf 86' lang='grc' dir='ltr'>ὁ</span> 
     </span>
    </p>
   </div>
   <div class='ocr_carea' id='block_1_95' title="bbox 2184 4525 3839 4606">
    <p class='ocr_par' dir='ltr' id='par_1_95' title="bbox 2184 4525 3839 4606">
     <span class='ocr_line' id='line_1_95' title="bbox 2184 4525 3839 4606; baseline -0.003 -18"><span class='ocrx_word' id='word_1_700' title='bbox 2184 4527 2472 4603; x_wconf 60' lang='grc' dir='ltr'>δυσσεϐὴς.</span> <span class='ocrx_word' id='word_1_701' title='bbox 2525 4529 2712 4606; x_wconf 67' lang='grc' dir='ltr'>Ἐῥρει</span> <span class='ocrx_word' id='word_1_702' title='bbox 2751 4527 2929 4584; x_wconf 88' lang='grc' dir='ltr'>τοίνυν</span> <span class='ocrx_word' id='word_1_703' title='bbox 2989 4525 3078 4582; x_wconf 83' lang='grc' dir='ltr'>διὰ</span> <span class='ocrx_word' id='word_1_704' title='bbox 3157 4529 3323 4602; x_wconf 87' lang='grc' dir='ltr'>μέσου</span> <span class='ocrx_word' id='word_1_705' title='bbox 3381 4526 3582 4605; x_wconf 86' lang='grc' dir='ltr'>χρόνος</span> <span class='ocrx_word' id='word_1_706' title='bbox 3638 4525 3839 4598; x_wconf 71' lang='grc' dir='ltr'>πολὺς,</span> 
     </span>
    </p>
   </div>
   <div class='ocr_carea' id='block_1_96' title="bbox 2181 4617 3840 4695">
    <p class='ocr_par' dir='ltr' id='par_1_96' title="bbox 2181 4617 3840 4695">
     <span class='ocr_line' id='line_1_96' title="bbox 2181 4617 3840 4695; baseline -0.005 -17"><span class='ocrx_word' id='word_1_707' title='bbox 2181 4622 2272 4679; x_wconf 75' lang='grc' dir='ltr'>καὶ</span> <span class='ocrx_word' id='word_1_708' title='bbox 2302 4627 2404 4692; x_wconf 73' lang='grc' dir='ltr'>τῆς</span> <span class='ocrx_word' id='word_1_709' title='bbox 2433 4619 2482 4690; x_wconf 77' lang='grc' dir='ltr'>ἐξ</span> <span class='ocrx_word' id='word_1_710' title='bbox 2525 4619 2826 4695; x_wconf 83' lang='grc' dir='ltr'>ἀνθρώπων</span> <span class='ocrx_word' id='word_1_711' title='bbox 2867 4620 3095 4692; x_wconf 67' lang='grc' dir='ltr'>μνήμης</span> <span class='ocrx_word' id='word_1_712' title='bbox 3137 4617 3384 4694; x_wconf 72' lang='grc' dir='ltr'>ἀπερῥύη</span> <span class='ocrx_word' id='word_1_713' title='bbox 3451 4619 3487 4686; x_wconf 78' lang='grc' dir='ltr'><strong>ὴ</strong></span> <span class='ocrx_word' id='word_1_714' title='bbox 3533 4623 3634 4686; x_wconf 71' lang='grc' dir='ltr'>τῆς</span> <span class='ocrx_word' id='word_1_715' title='bbox 3682 4617 3840 4693; x_wconf 70' lang='grc' dir='ltr'>ἱερᾶς</span> 
     </span>
    </p>
   </div>
   <div class='ocr_carea' id='block_1_97' title="bbox 2179 4704 3839 4784">
    <p class='ocr_par' dir='ltr' id='par_1_97' title="bbox 2179 4704 3839 4784">
     <span class='ocr_line' id='line_1_97' title="bbox 2179 4704 3839 4784; baseline -0.005 -16"><span class='ocrx_word' id='word_1_716' title='bbox 2179 4712 2382 4784; x_wconf 85' lang='grc' dir='ltr'>ταύτης</span> <span class='ocrx_word' id='word_1_717' title='bbox 2415 4709 2624 4772; x_wconf 70' lang='grc' dir='ltr'>εἰκόνος</span> <span class='ocrx_word' id='word_1_718' title='bbox 2653 4708 2980 4782; x_wconf 75' lang='grc' dir='ltr'>ἀπόκρυψις.</span> <span class='ocrx_word' id='word_1_719' title='bbox 3028 4710 3088 4765; x_wconf 91' lang='grc' dir='ltr'><strong>Ὀ</strong></span> <span class='ocrx_word' id='word_1_720' title='bbox 3120 4704 3178 4762; x_wconf 71' lang='grc' dir='ltr'>δὲ</span> <span class='ocrx_word' id='word_1_721' title='bbox 3241 4709 3350 4762; x_wconf 79' lang='grc' dir='ltr'>τῶν</span> <span class='ocrx_word' id='word_1_722' title='bbox 3416 4707 3638 4782; x_wconf 79' lang='grc' dir='ltr'>Περσῶν</span> <span class='ocrx_word' id='word_1_723' title='bbox 3735 4707 3839 4782; x_wconf 86' lang='grc' dir='ltr'>βα-</span> 
     </span>
    </p>
   </div>
   <div class='ocr_carea' id='block_1_98' title="bbox 2183 4795 3840 4874">
    <p class='ocr_par' dir='ltr' id='par_1_98' title="bbox 2183 4795 3840 4874">
     <span class='ocr_line' id='line_1_98' title="bbox 2183 4795 3840 4874; baseline -0.004 -18"><span class='ocrx_word' id='word_1_724' title='bbox 2183 4799 2367 4862; x_wconf 84' lang='grc' dir='ltr'>σιλεὺς</span> <span class='ocrx_word' id='word_1_725' title='bbox 2397 4797 2647 4874; x_wconf 82' lang='grc' dir='ltr'>Χυσρόης</span> <span class='ocrx_word' id='word_1_726' title='bbox 2674 4796 2768 4860; x_wconf 70' lang='grc' dir='ltr'>τὰς</span> <span class='ocrx_word' id='word_1_727' title='bbox 2832 4799 2934 4862; x_wconf 82' lang='grc' dir='ltr'>τῆς</span> <span class='ocrx_word' id='word_1_728' title='bbox 2990 4796 3178 4859; x_wconf 85' lang='grc' dir='ltr'>Ἀσίας</span> <span class='ocrx_word' id='word_1_729' title='bbox 3236 4795 3426 4857; x_wconf 80' lang='grc' dir='ltr'>πόλεις</span> <span class='ocrx_word' id='word_1_730' title='bbox 3482 4799 3703 4871; x_wconf 78' lang='grc' dir='ltr'>πορθῶν</span> <span class='ocrx_word' id='word_1_731' title='bbox 3742 4796 3840 4852; x_wconf 76' lang='grc' dir='ltr'>καὶ</span> 
     </span>
    </p>
   </div>
   <div class='ocr_carea' id='block_1_99' title="bbox 2180 4880 3842 4967">
    <p class='ocr_par' dir='ltr' id='par_1_99' title="bbox 2180 4880 3842 4967">
     <span class='ocr_line' id='line_1_99' title="bbox 2180 4880 3842 4967; baseline -0.005 -20"><span class='ocrx_word' id='word_1_732' title='bbox 2180 4887 2685 4967; x_wconf 78' lang='grc' dir='ltr'>καταστρεφόμενος</span> <span class='ocrx_word' id='word_1_733' title='bbox 2768 4880 3038 4941; x_wconf 84' lang='grc' dir='ltr'>κατέλαϐε</span> <span class='ocrx_word' id='word_1_734' title='bbox 3112 4885 3200 4940; x_wconf 76' lang='grc' dir='ltr'>καὶ</span> <span class='ocrx_word' id='word_1_735' title='bbox 3253 4881 3513 4942; x_wconf 83' lang='grc' dir='ltr'>Ἔδεσσαν</span> <span class='ocrx_word' id='word_1_736' title='bbox 3587 4883 3673 4940; x_wconf 71' lang='grc' dir='ltr'>ἐπὶ</span> <span class='ocrx_word' id='word_1_737' title='bbox 3735 4891 3842 4955; x_wconf 77' lang='grc' dir='ltr'>τῆς</span> 
     </span>
    </p>
   </div>
   <div class='ocr_carea' id='block_1_100' title="bbox 2186 4973 3837 5056">
    <p class='ocr_par' dir='ltr' id='par_1_100' title="bbox 2186 4973 3837 5056">
     <span class='ocr_line' id='line_1_100' title="bbox 2186 4973 3837 5056; baseline -0.004 -21"><span class='ocrx_word' id='word_1_738' title='bbox 2186 4977 2470 5056; x_wconf 85' lang='grc' dir='ltr'>βασιλείας</span> <span class='ocrx_word' id='word_1_739' title='bbox 2500 4978 2634 5050; x_wconf 80' lang='grc'>(29),</span> <span class='ocrx_word' id='word_1_740' title='bbox 2664 4975 2752 5030; x_wconf 75' lang='grc' dir='ltr'>καί</span> <span class='ocrx_word' id='word_1_741' title='bbox 2786 4977 2958 5030; x_wconf 82' lang='grc' dir='ltr'>πᾶσαν</span> <span class='ocrx_word' id='word_1_742' title='bbox 2991 4974 3249 5050; x_wconf 73' lang='grc' dir='ltr'>μηχανὴν</span> <span class='ocrx_word' id='word_1_743' title='bbox 3283 4975 3502 5044; x_wconf 76' lang='grc' dir='ltr'>κινήσας</span> <span class='ocrx_word' id='word_1_744' title='bbox 3559 4973 3666 5048; x_wconf 71' lang='grc' dir='ltr'>πρὸ</span> <span class='ocrx_word' id='word_1_745' title='bbox 3724 4977 3837 5029; x_wconf 79' lang='grc' dir='ltr'>τῶν</span> 
     </span>
    </p>
   </div>
   <div class='ocr_carea' id='block_1_101' title="bbox 421 5059 2069 5141">
    <p class='ocr_par' dir='ltr' id='par_1_101' title="bbox 421 5065 2069 5141">
     <span class='ocr_line' id='line_1_101' title="bbox 421 5065 2069 5141; baseline 0.005 -21"><span class='ocrx_word' id='word_1_746' title='bbox 421 5065 652 5121; x_wconf 87' lang='lat' dir='ltr'>Eulalio</span> <span class='ocrx_word' id='word_1_747' title='bbox 679 5066 958 5138; x_wconf 89' lang='lat' dir='ltr'>episcopo</span> <span class='ocrx_word' id='word_1_748' title='bbox 988 5069 1262 5139; x_wconf 85' lang='lat' dir='ltr'>apparuit</span> <span class='ocrx_word' id='word_1_749' title='bbox 1283 5067 1498 5124; x_wconf 83' lang='lat' dir='ltr'>mulier</span> <span class='ocrx_word' id='word_1_750' title='bbox 1519 5069 1785 5141; x_wconf 63' lang='lat' dir='ltr'>quaedam</span> <span class='ocrx_word' id='word_1_751' title='bbox 1805 5072 1996 5129; x_wconf 75' lang='lat' dir='ltr'>forma</span> <span class='ocrx_word' id='word_1_752' title='bbox 2017 5079 2069 5130; x_wconf 86' lang='lat' dir='ltr'>et</span> 
     </span>
    </p>
   </div>
   <div class='ocr_carea' id='block_1_102' title="bbox 2181 5059 3839 5141">
    <p class='ocr_par' dir='ltr' id='par_1_102' title="bbox 2183 5059 3839 5140">
     <span class='ocr_line' id='line_1_102' title="bbox 2183 5059 3839 5140; baseline -0.006 -14"><span class='ocrx_word' id='word_1_753' title='bbox 2183 5067 2370 5125; x_wconf 75' lang='grc' dir='ltr'>ἄλλων</span> <span class='ocrx_word' id='word_1_754' title='bbox 2402 5073 2503 5135; x_wconf 78' lang='grc' dir='ltr'>τῆς</span> <span class='ocrx_word' id='word_1_755' title='bbox 2537 5063 2776 5134; x_wconf 79' lang='grc' dir='ltr'>πόλεως,</span> <span class='ocrx_word' id='word_1_756' title='bbox 2811 5065 2926 5120; x_wconf 76' lang='grc' dir='ltr'>οἷον</span> <span class='ocrx_word' id='word_1_757' title='bbox 2960 5061 3140 5138; x_wconf 78' lang='grc' dir='ltr'>βελῶν</span> <span class='ocrx_word' id='word_1_758' title='bbox 3200 5059 3436 5140; x_wconf 66' lang='grc' dir='ltr'>ἀφέσεις,</span> <span class='ocrx_word' id='word_1_759' title='bbox 3495 5061 3839 5126; x_wconf 71' lang='grc' dir='ltr'>κατασείει-εις</span> 
     </span>
    </p>
   </div>
   <div class='ocr_carea' id='block_1_103' title="bbox 427 5157 2073 5234">
    <p class='ocr_par' dir='ltr' id='par_1_103' title="bbox 427 5157 2073 5234">
     <span class='ocr_line' id='line_1_103' title="bbox 427 5157 2073 5234; baseline 0.005 -22"><span class='ocrx_word' id='word_1_760' title='bbox 427 5161 641 5212; x_wconf 89' lang='lat' dir='ltr'>ornatu</span> <span class='ocrx_word' id='word_1_761' title='bbox 672 5172 848 5227; x_wconf 89' lang='lat' dir='ltr'>quam</span> <span class='ocrx_word' id='word_1_762' title='bbox 880 5157 1144 5214; x_wconf 84' lang='lat' dir='ltr'>humana</span> <span class='ocrx_word' id='word_1_763' title='bbox 1171 5158 1284 5213; x_wconf 86' lang='lat' dir='ltr'>fert</span> <span class='ocrx_word' id='word_1_764' title='bbox 1313 5165 1527 5214; x_wconf 85' lang='lat' dir='ltr'>natura</span> <span class='ocrx_word' id='word_1_765' title='bbox 1556 5163 1912 5234; x_wconf 81' lang='lat' dir='ltr'>augustiore,</span> <span class='ocrx_word' id='word_1_766' title='bbox 1946 5181 2073 5220; x_wconf 88' lang='lat' dir='ltr'>mo-</span> 
     </span>
    </p>
   </div>
   <div class='ocr_carea' id='block_1_104' title="bbox 422 5246 2074 5320">
    <p class='ocr_par' dir='ltr' id='par_1_104' title="bbox 422 5246 2074 5320">
     <span class='ocr_line' id='line_1_104' title="bbox 422 5246 2074 5320; baseline 0.007 -21"><span class='ocrx_word' id='word_1_767' title='bbox 422 5246 672 5316; x_wconf 89' lang='lat' dir='ltr'>nuitque</span> <span class='ocrx_word' id='word_1_768' title='bbox 696 5261 830 5301; x_wconf 89' lang='lat' dir='ltr'>eum</span> <span class='ocrx_word' id='word_1_769' title='bbox 847 5263 1026 5318; x_wconf 87' lang='lat' dir='ltr'>supra</span> <span class='ocrx_word' id='word_1_770' title='bbox 1046 5251 1271 5319; x_wconf 86' lang='lat' dir='ltr'>portam</span> <span class='ocrx_word' id='word_1_771' title='bbox 1297 5247 1516 5320; x_wconf 90' lang='lat' dir='ltr'>(locum</span> <span class='ocrx_word' id='word_1_772' title='bbox 1541 5265 1607 5305; x_wconf 89' lang='lat' dir='ltr'>ac</span> <span class='ocrx_word' id='word_1_773' title='bbox 1629 5250 1870 5307; x_wconf 89' lang='lat' dir='ltr'>modum</span> <span class='ocrx_word' id='word_1_774' title='bbox 1899 5254 2074 5310; x_wconf 89' lang='lat' dir='ltr'>simul</span> 
     </span>
    </p>
   </div>
   <div class='ocr_carea' id='block_1_105' title="bbox 422 5333 2076 5406">
    <p class='ocr_par' dir='ltr' id='par_1_105' title="bbox 422 5333 2076 5406">
     <span class='ocr_line' id='line_1_105' title="bbox 422 5333 2076 5406; baseline 0.006 -18"><span class='ocrx_word' id='word_1_775' title='bbox 422 5333 750 5406; x_wconf 85' lang='lat' dir='ltr'>indicabat)</span> <span class='ocrx_word' id='word_1_776' title='bbox 805 5335 990 5392; x_wconf 90' lang='lat' dir='ltr'>latere</span> <span class='ocrx_word' id='word_1_777' title='bbox 1043 5336 1305 5392; x_wconf 88' lang='lat' dir='ltr'>abditam</span> <span class='ocrx_word' id='word_1_778' title='bbox 1375 5340 1775 5396; x_wconf 83' lang='lat' dir='ltr'>venerandam</span> <span class='ocrx_word' id='word_1_779' title='bbox 1861 5342 2076 5398; x_wconf 86' lang='lat' dir='ltr'>Christi</span> 
     </span>
    </p>
   </div>
   <div class='ocr_carea' id='block_1_106' title="bbox 425 5422 2074 5500">
    <p class='ocr_par' dir='ltr' id='par_1_106' title="bbox 425 5422 2074 5500">
     <span class='ocr_line' id='line_1_106' title="bbox 425 5422 2074 5500; baseline 0.006 -22"><span class='ocrx_word' id='word_1_780' title='bbox 425 5422 1148 5494; x_wconf 78' lang='lat' dir='ltr'>imaginem,quainventa</span> <span class='ocrx_word' id='word_1_781' title='bbox 1180 5431 1240 5480; x_wconf 86' lang='lat' dir='ltr'>et</span> <span class='ocrx_word' id='word_1_782' title='bbox 1259 5431 1500 5500; x_wconf 88' lang='lat' dir='ltr'>recepta</span> <span class='ocrx_word' id='word_1_783' title='bbox 1538 5430 1739 5485; x_wconf 86' lang='lat' dir='ltr'>omnia</span> <span class='ocrx_word' id='word_1_784' title='bbox 1769 5428 1972 5489; x_wconf 85' lang='lat' dir='ltr'>dextre</span> <span class='ocrx_word' id='word_1_785' title='bbox 1987 5447 2074 5488; x_wconf 91' lang='lat' dir='ltr'>es-</span> 
     </span>
    </p>
   </div>
   <div class='ocr_carea' id='block_1_107' title="bbox 2182 5147 3839 5235">
    <p class='ocr_par' dir='ltr' id='par_1_107' title="bbox 2182 5147 3839 5235">
     <span class='ocr_line' id='line_1_107' title="bbox 2182 5147 3839 5235; baseline -0.004 -19"><span class='ocrx_word' id='word_1_786' title='bbox 2182 5163 2408 5235; x_wconf 76' lang='grc' dir='ltr'>τειχῶν,</span> <span class='ocrx_word' id='word_1_787' title='bbox 2443 5153 2782 5233; x_wconf 81' lang='grc' dir='ltr'>διαθραύσεις</span> <span class='ocrx_word' id='word_1_788' title='bbox 2823 5153 3035 5224; x_wconf 84' lang='grc' dir='ltr'>πυλῶν,</span> <span class='ocrx_word' id='word_1_789' title='bbox 3087 5151 3166 5216; x_wconf 86' lang='grc' dir='ltr'>είς</span> <span class='ocrx_word' id='word_1_790' title='bbox 3222 5147 3394 5232; x_wconf 68' lang='grc' dir='ltr'>ιρὸϐον</span> <span class='ocrx_word' id='word_1_791' title='bbox 3443 5152 3535 5208; x_wconf 72' lang='grc' dir='ltr'>καὶ</span> <span class='ocrx_word' id='word_1_792' title='bbox 3591 5151 3839 5228; x_wconf 78' lang='grc' dir='ltr'>ἀγωνίαν</span> 
     </span>
    </p>
   </div>
   <div class='ocr_carea' id='block_1_108' title="bbox 2186 5241 3838 5318">
    <p class='ocr_par' dir='ltr' id='par_1_108' title="bbox 2186 5241 3838 5318">
     <span class='ocr_line' id='line_1_108' title="bbox 2186 5241 3838 5318; baseline -0.004 -13"><span class='ocrx_word' id='word_1_793' title='bbox 2186 5244 2406 5306; x_wconf 78' lang='grc' dir='ltr'>ἐνέϐαλε</span> <span class='ocrx_word' id='word_1_794' title='bbox 2432 5245 2560 5310; x_wconf 76' lang='grc' dir='ltr'>τοὺς</span> <span class='ocrx_word' id='word_1_795' title='bbox 2590 5253 2690 5315; x_wconf 78' lang='grc' dir='ltr'>τῆς</span> <span class='ocrx_word' id='word_1_796' title='bbox 2729 5245 2970 5306; x_wconf 84' lang='grc' dir='ltr'>πόλεως.</span> <span class='ocrx_word' id='word_1_797' title='bbox 3003 5242 3071 5301; x_wconf 77' lang='grc' dir='ltr'>Οἳ</span> <span class='ocrx_word' id='word_1_798' title='bbox 3119 5242 3171 5298; x_wconf 88' lang='grc' dir='ltr'>ἐν</span> <span class='ocrx_word' id='word_1_799' title='bbox 3228 5241 3516 5318; x_wconf 80' lang='grc' dir='ltr'>ἀμηχανίᾳ</span> <span class='ocrx_word' id='word_1_800' title='bbox 3543 5241 3634 5298; x_wconf 80' lang='grc' dir='ltr'>καὶ</span> <span class='ocrx_word' id='word_1_801' title='bbox 3690 5242 3838 5298; x_wconf 62' lang='grc' dir='ltr'>ἀπο.</span> 
     </span>
    </p>
   </div>
   <div class='ocr_carea' id='block_1_109' title="bbox 2188 5331 3844 5418">
    <p class='ocr_par' dir='ltr' id='par_1_109' title="bbox 2188 5331 3844 5418">
     <span class='ocr_line' id='line_1_109' title="bbox 2188 5331 3844 5418; baseline -0.004 -25"><span class='ocrx_word' id='word_1_802' title='bbox 2188 5339 2385 5418; x_wconf 84' lang='grc' dir='ltr'>γνώσει</span> <span class='ocrx_word' id='word_1_803' title='bbox 2443 5337 2800 5396; x_wconf 80' lang='grc' dir='ltr'>καταστάντες</span> <span class='ocrx_word' id='word_1_804' title='bbox 2883 5333 3020 5410; x_wconf 82' lang='grc' dir='ltr'>πρὸς</span> <span class='ocrx_word' id='word_1_805' title='bbox 3077 5333 3170 5388; x_wconf 83' lang='grc' dir='ltr'>τὸν</span> <span class='ocrx_word' id='word_1_806' title='bbox 3237 5332 3369 5387; x_wconf 85' lang='grc' dir='ltr'>Θεὸν</span> <span class='ocrx_word' id='word_1_807' title='bbox 3410 5331 3844 5408; x_wconf 66' lang='grc' dir='ltr'>καταφεύγουσι,</span> 
     </span>
    </p>
   </div>
   <div class='ocr_carea' id='block_1_110' title="bbox 2187 5418 3846 5500">
    <p class='ocr_par' dir='ltr' id='par_1_110' title="bbox 2187 5418 3846 5500">
     <span class='ocr_line' id='line_1_110' title="bbox 2187 5418 3846 5500; baseline -0.004 -17"><span class='ocrx_word' id='word_1_808' title='bbox 2187 5427 2279 5484; x_wconf 84' lang='grc' dir='ltr'>καὶ</span> <span class='ocrx_word' id='word_1_809' title='bbox 2315 5429 2434 5499; x_wconf 84' lang='grc' dir='ltr'>μετ’</span> <span class='ocrx_word' id='word_1_810' title='bbox 2465 5423 2660 5497; x_wconf 82' lang='grc' dir='ltr'>ὀδύνης</span> <span class='ocrx_word' id='word_1_811' title='bbox 2693 5420 2918 5500; x_wconf 86' lang='grc' dir='ltr'>καρδίας</span> <span class='ocrx_word' id='word_1_812' title='bbox 2951 5421 3040 5477; x_wconf 84' lang='grc' dir='ltr'>καὶ</span> <span class='ocrx_word' id='word_1_813' title='bbox 3081 5418 3328 5498; x_wconf 85' lang='grc' dir='ltr'>δακρύων</span> <span class='ocrx_word' id='word_1_814' title='bbox 3367 5419 3591 5492; x_wconf 68' lang='grc' dir='ltr'>ἐζήτουν</span> <span class='ocrx_word' id='word_1_815' title='bbox 3647 5421 3846 5492; x_wconf 81' lang='grc' dir='ltr'>αὐτὸν,</span> 
     </span>
    </p>
   </div>
   <div class='ocr_carea' id='block_1_111' title="bbox 1627 5525 2633 5587">
    <p class='ocr_par' dir='ltr' id='par_1_111' title="bbox 1627 5525 2633 5587">
     <span class='ocr_line' id='line_1_111' title="bbox 1627 5525 2633 5587; baseline -0.003 -4"><span class='ocrx_word' id='word_1_816' title='bbox 1627 5528 1996 5586; x_wconf 79' lang='lat' dir='ltr'>XYLANDRI</span> <span class='ocrx_word' id='word_1_817' title='bbox 2034 5531 2122 5585; x_wconf 89' lang='lat' dir='ltr'><strong>ET</strong></span> <span class='ocrx_word' id='word_1_818' title='bbox 2161 5528 2376 5587; x_wconf 81' lang='lat' dir='ltr'>GOARI</span> <span class='ocrx_word' id='word_1_819' title='bbox 2413 5525 2633 5583; x_wconf 67' lang='lat' dir='ltr'>NOTAE.</span> 
     </span>
    </p>
   </div>
   <div class='ocr_carea' id='block_1_112' title="bbox 505 5623 2082 5698">
    <p class='ocr_par' dir='ltr' id='par_1_112' title="bbox 505 5623 2082 5698">
     <span class='ocr_line' id='line_1_112' title="bbox 505 5623 2082 5698; baseline 0.002 -18"><span class='ocrx_word' id='word_1_820' title='bbox 505 5624 618 5698; x_wconf 72' lang='lat'>(29)</span> <span class='ocrx_word' id='word_1_821' title='bbox 651 5626 722 5680; x_wconf 87' lang='lat' dir='ltr'>Et</span> <span class='ocrx_word' id='word_1_822' title='bbox 752 5623 1570 5698; x_wconf 67' lang='lat' dir='ltr'>lacuna_s_equit_ur,Caet_erum</span> <span class='ocrx_word' id='word_1_823' title='bbox 1599 5623 1689 5678; x_wconf 88' lang='lat' dir='ltr'>vel</span> <span class='ocrx_word' id='word_1_824' title='bbox 1721 5641 1791 5698; x_wconf 85' lang='lat' dir='ltr'>ex</span> <span class='ocrx_word' id='word_1_825' title='bbox 1821 5625 2082 5683; x_wconf 88' lang='lat' dir='ltr'>Cedreno</span> 
     </span>
    </p>
   </div>
   <div class='ocr_carea' id='block_1_113' title="bbox 420 5694 2078 5772">
    <p class='ocr_par' dir='ltr' id='par_1_113' title="bbox 420 5694 2078 5772">
     <span class='ocr_line' id='line_1_113' title="bbox 420 5694 2078 5772; baseline -0.002 -17"><span class='ocrx_word' id='word_1_826' title='bbox 420 5694 551 5772; x_wconf 80' lang='lat' dir='ltr'>ipso</span> <span class='ocrx_word' id='word_1_827' title='bbox 584 5694 771 5768; x_wconf 85' lang='lat' dir='ltr'>liquet</span> <span class='ocrx_word' id='word_1_828' title='bbox 829 5694 1117 5750; x_wconf 85' lang='lat' dir='ltr'>excidisse</span> <span class='ocrx_word' id='word_1_829' title='bbox 1177 5695 1327 5762; x_wconf 64' lang='lat' dir='ltr'>hac,</span> <span class='ocrx_word' id='word_1_830' title='bbox 1389 5695 1771 5748; x_wconf 76' lang='grc' dir='ltr'>ἰουστινιανοῦ</span> <span class='ocrx_word' id='word_1_831' title='bbox 1826 5701 1924 5750; x_wconf 79' lang='grc' dir='ltr'>τοῦ</span> <span class='ocrx_word' id='word_1_832' title='bbox 1987 5717 2078 5771; x_wconf 70' lang='grc' dir='ltr'>μισ</span> 
     </span>
    </p>
   </div>
   <div class='ocr_carea' id='block_1_114' title="bbox 2191 5617 3839 5773">
    <p class='ocr_par' dir='ltr' id='par_1_114' title="bbox 2191 5617 3839 5773">
     <span class='ocr_line' id='line_1_114' title="bbox 2191 5617 3839 5773; baseline -0.004 -90"><span class='ocrx_word' id='word_1_833' title='bbox 2191 5623 2588 5773; x_wconf 43' lang='grc' dir='ltr'>γᾶᾚὶτὲιξὲη</span> <span class='ocrx_word' id='word_1_834' title='bbox 2617 5640 2715 5680; x_wconf 83' lang='lat' dir='ltr'>res</span> <span class='ocrx_word' id='word_1_835' title='bbox 2761 5619 2974 5679; x_wconf 88' lang='lat' dir='ltr'>incidit</span> <span class='ocrx_word' id='word_1_836' title='bbox 3029 5621 3091 5676; x_wconf 90' lang='lat' dir='ltr'>in</span> <span class='ocrx_word' id='word_1_837' title='bbox 3149 5617 3464 5693; x_wconf 83' lang='lat' dir='ltr'>imperium</span> <span class='ocrx_word' id='word_1_838' title='bbox 3513 5617 3839 5678; x_wconf 74' lang='lat' dir='ltr'>Iustiniani</span> 
     </span>
    </p>
   </div>
  </div>
