4104 6276
260 422 372 488 ’349

1412 424 1950 498 HISTORIARUM
1996 426 2561 498 COMPENDIUM.

3568 420 3687 488 350

265 557 471 617 διὸκαὶ
500 561 681 637 εὗρον.
744 563 908 640 ἐγγὺς
965 567 1069 642 γὰρ
1136 565 1331 642 Κύριος
1385 570 1515 622 πᾶσι
1566 570 1683 630 τοῖς
1739 562 1898 623 ἐπικα

2044 572 2133 623 set
2162 571 2419 624 acturus.
2451 564 2773 640 Episcopus
2803 565 3096 620 immensa
3150 562 3413 635 repletus
3459 560 3686 631 latitia,

268 649 561 724 λουμένοις
597 651 767 709 αὐτὸν
815 655 867 710 ἐν
926 654 1175 727 ἀλησείᾷ,
1224 656 1361 711 κατά
1408 656 1500 712 τὸν
1546 658 1688 712 θεῖον
1743 648 1928 714 Δαϐίδ.

270 740 522 797 Φαίνεται
592 743 701 817 γὰρ
758 743 896 799 εἶναι
965 736 1054 799 διὰ
1108 747 1205 814 τῆς
1255 746 1444 808 νυκτὸς
1526 740 1785 819 Εὖλαλίῳ
1851 751 1930 819 τῷ

268 829 556 909 ἰπισκόπιρ
591 834 731 906 γυνή
784 854 871 895 τις
927 832 1194 903 εὐσταλής
1251 836 1340 889 καὶ
1393 833 1616 910 κοσμία,
1669 835 1950 910 κρείττων-

267 920 303 989 ἧ
345 920 491 976 κατὰ
522 916 835 995 ἄνθρωπον,
899 922 1257 996 ὑποτιθεμένη
1319 923 1466 997 αὐτῷ
1530 925 1619 979 καὶ
1678 923 1927 999 λέγουσα,

260 1009 347 1064 ὅτι
384 1010 606 1065 Ἐπάνω
637 1017 738 1080 τῆς
771 1009 955 1082 πύλης
983 1018 1079 1082 τῆς
1106 1011 1344 1083 πόλεως,
1379 1012 1431 1069 ἐν
1462 1010 1603 1086 τῷδε
1635 1017 1712 1085 τῷ
1750 1013 1926 1087 τόπῳ,

259 1095 356 1152 διὰ
382 1094 544 1152 τόνδε
575 1099 666 1151 τὸν
729 1099 955 1173 τρόπον,
1016 1102 1050 1169 ἡ
1110 1101 1270 1174 τιμία
1325 1100 1487 1156 εἶ’κὼν
1542 1104 1638 1156 τοῦ
1693 1102 1926 1177 Χριστοῦ

256 1182 706 1260 ἀποκέκρυπται,
762 1187 828 1257 ἢν
893 1180 1246 1260 ἀναζητήσας
1329 1184 1419 1244 καὶ
1506 1184 1691 1245 λαϐὼν
1757 1190 1927 1245 πάντα

254 1277 348 1348 [Ρ.
428 1276 559 1347 1⁸78]
620 1275 811 1339 αἰσίως
864 1278 1104 1351 πράξεις.
1163 1279 1223 1334 Ὀ
1285 1276 1330 1333 δ’
1398 1277 1693 1341 ἐπίσκοπος
1753 1284 1927 1354 χαρᾶς

253 1362 477 1443 ἀφέτου
531 1361 798 1434 πλησθεὶς
885 1365 975 1420 καὶ
1058 1366 1148 1421 τὸν
1224 1364 1392 1422 τόπον
1451 1362 1774 1422 καταλαϐὼν
1833 1367 1924 1422 καὶ

250 1456 459 1508 τοῦτον
494 1449 810 1526 διαρρήξας,
844 1450 888 1507 ὢ
918 1457 1013 1508 τοῦ
1072 1453 1345 1528 θαύματος
1380 1456 1391 1511 ί
1454 1456 1572 1531 εὗρε
1631 1456 1731 1524 τήν
1783 1455 1925 1510 θείαν

255 1539 446 1596 εέκόνα
514 1534 899 1612 ἀδιαλώϐητον
982 1543 1072 1597 καὶ
1157 1546 1577 1620 κεχαραγμένην
1672 1544 1760 1599 καὶ
1826 1545 1925 1613 τήν

256 1630 577 1705 θρυαλλίδα
608 1631 659 1686 ἐν
693 1633 1158 1708 τοσούτῳῐχρόνῳ
1194 1636 1269 1707 μὴ
1302 1627 1745 1704 ἀποσϐεσθεῖσαν,
1778 1635 1924 1691 ἀλλὰ

255 1722 347 1774 καί
376 1720 434 1775 ἐν
468 1725 551 1793 τῷ
582 1722 719 1794 πρὸς
753 1720 1003 1801 φυλακην
1057 1722 1351 1788 ἐπιτιθέντι
1410 1726 1515 1801 πρὸ
1565 1728 1663 1780 τοῦ
1712 1721 1922 1800 λύχνου

248 1810 485 1882 κεράμῳ
541 1808 845 1866 ἐκτυπωθὲν
903 1806 1085 1886 ἓτερον
1169 1812 1431 1885 ὁμοίωμα
1501 1811 1919 1890 ἀπαράλλακτον

246 1902 350 1953 τοῦ
411 1896 800 1972 πρωτοτύπου.
864 1901 1038 1957 Τοῦτο
1092 1895 1276 1956 λαϐὼν
1336 1903 1363 1957 ὁ
1431 1901 1722 1965 ἐπίσκοπος
1787 1903 1919 1976 μετά

249 1989 438 2063 χαρᾶς
500 1988 767 2064 ἀμέτρου,
823 1990 913 2043 καὶ
973 1988 1290 2051 λιτανεύσας
1346 1991 1437 2046 καὶ
1495 1992 1919 2067 εὐχαριστήσας,

246 2070 526 2131 κατέλαϐε
556 2078 649 2131 τὸν
707 2076 874 2132 τόπον
934 2079 1052 2132 καθ’
1112 2077 1170 2133 ὅν
1227 2081 1279 2134 οἱ
1337 2080 1536 2156 Ηέρσαι
1595 2078 1913 2156 διώρυττον

246 2165 344 2225 Ὠς
375 2162 438 2218 δὲ
470 2163 712 2234 πλησίον
748 2164 1015 2237 ἀλλήλων
1077 2166 1325 2242 ἐγένοντο
1383 2167 1435 2223 ἐν
1486 2174 1566 2243 τῷ
1622 2169 1912 2244 ὀρύγματι,

245 2253 357 2307 ἀπὸ
386 2260 493 2322 τῆς
525 2252 760 2333 λυχνίας
794 2253 1003 2327 ἐκείνης
1066 2254 1252 2312 ἐλαίου
1310 2252 1677 2329 ἐπιστᾶξαντες
1726 2258 1800 2320 εἰς
1849 2258 1911 2311 τὸ

2041 656 2169 714 loco
2202 658 2437 712 invento
2479 661 2535 713 et
2567 660 2770 728 aperto
2799 655 3020 727 reperit
3057 648 3225 726 (proh
3257 651 3611 708 miraculum
3648 651 3687 726 ι)

2041 740 2300 803 divinam
2319 746 2637 820 imaginem
2669 744 3031 800 incolumem
3055 743 3480 814 lucernamque
3519 744 3684 798 tanto

2041 838 2322 903 temporis
2372 835 2624 891 decursu
2654 851 2775 889 non
2807 834 3179 902 exstinctam,
3211 838 3386 904 atque
3430 832 3576 888 adeo
3620 833 3680 887 in

2038 926 2231 999 tegula
2262 942 2391 998 qua:
2413 924 2605 980 fuerat
2635 929 2769 980 ante
2814 922 3121 979 lucernam
3173 920 3455 977 custodite
3505 938 3684 979 causa

2038 1014 2289 1088 objecta,
2309 1012 2488 1070 aliam
2522 1007 2841 1084 exemplari
2872 1029 2975 1084 per
2997 1011 3194 1066 omnia
3219 1009 3539 1065 assimilem
3565 1012 3677 1066 im-

2033 1121 2302 1177 pressam
2342 1103 2683 1177 imaginem.
2718 1098 2835 1157 Hac
2885 1097 2985 1155 ille
3031 1100 3255 1173 ingenti
3306 1116 3439 1154 cum
3464 1100 3676 1173 gaudio

2035 1200 2290 1265 arrepta,
2325 1190 2758 1265 supplicatione
2805 1188 3212 1264 etgratiarum
3260 1188 3490 1243 actione
3547 1206 3683 1260 per-

2034 1281 2202 1349 actis,
2237 1299 2371 1337 eum
2403 1278 2556 1337 318
2582 1280 2778 1335 locum
2809 1278 3118 1351 petiitqna
3147 1278 3339 1332 Persae
3374 1275 3682 1332 cuniculos

2033 1370 2301 1442 agebant.
2334 1371 2597 1441 Cumque
2638 1386 2818 1441 prope
2852 1368 2987 1423 illos
3028 1367 3419 1438 pervenisset,
3475 1383 3546 1420 ex
3600 1366 3684 1421 lu-

2033 1474 2210 1515 cerna
2242 1457 2438 1514 oleum
2471 1457 2779 1513 instillavit
2810 1454 2871 1511 in
2904 1456 3099 1529 ignem
3132 1455 3202 1509 ab
3261 1456 3335 1509 iis
3384 1460 3679 1526 peratum,

2032 1548 2199 1618 isque
2222 1548 2372 1619 ignis
2403 1548 2602 1602 hostes
2661 1545 2733 1602 ad
2791 1562 2977 1600 unum
3028 1561 3235 1600 omnes
3286 1544 3678 1615 consumpsit.

2032 1637 2143 1692 Sed
2171 1643 2229 1692 et
2256 1637 2398 1692 foris
2431 1639 2622 1691 Persae
2654 1633 2727 1691 ad
2759 1630 3061 1690 lmdendos
3095 1632 3422 1704 oppidanos
3470 1642 3677 1705 rogum

2031 1727 2497 1794 succenderant;
2532 1727 2631 1797 qui
2665 1725 2817 1798 ignis
2840 1741 2973 1779 cum
2992 1722 3253 1778 aleretur
3270 1721 3679 1793 copiosissima

2029 1816 2296 1885 materia,
2348 1812 2448 1871 uhi
2498 1832 2681 1887 prope
2728 1832 2864 1869 cum
2924 1811 3121 1868 divina
3179 1810 3369 1883 effigie
3429 1811 3683 1866 accessit

2033 1906 2362 1977 episcopus,
2398 1903 2590 1959 subito
2615 1908 2854 1959 exortus
2886 1900 3114 1956 validus
3144 1906 3373 1966 ventus,
3425 1916 3559 1954 eum
3616 1900 3677 1955 in

2031 2011 2130 2049 eos
2162 1993 2261 2065 qui
2286 1993 2718 2049 succenderant
2741 1988 2973 2046 distulit
3004 2005 3220 2060 eosque
3248 2003 3428 2043 urens
3458 1987 3674 2060 abegit.

2026 2082 2113 2137 Ita
2143 2076 2336 2137 Persae
2368 2097 2488 2137 non
2544 2080 2730 2136 semel
2790 2083 3039 2144 tantum,
3096 2076 3199 2132 sed
3258 2078 3473 2148 saepius
3520 2076 3672 2131 male

2027 2172 2274 2243 accepti,
2304 2165 2523 2226 Edessa
2551 2170 2783 2243 integra
2804 2173 2863 2223 et
2890 2185 2953 2223 re
2985 2167 3204 2222 infecta
3250 2165 3507 2221 maximo
3541 2180 3674 2220 cum

2025 2260 2311 2316 dedecore
2343 2257 2760 2316 discesserunt.

249 2342 700 2416 ηὐτρεπισμένον
726 2348 834 2420 πῦρ
864 2345 1068 2408 πάντας
1126 2345 1416 2402 ἀπώλεσαν
1474 2344 1664 2423 ἄρδην.
1727 2345 1904 2403 Ἀλλὰ
1962 2348 2053 2403 καί
2107 2349 2204 2418 τὴν
2260 2343 2450 2418 ἔξωθεν
2503 2347 2822 2421 ἀναφθεῖσαν
2880 2344 3049 2419 πυρὰν
3113 2343 3216 2398 ὑπὸ
3275 2345 3381 2397 τῶν
3452 2344 3673 2417 Περσῶν

253 2432 397 2485 κατα
454 2435 567 2487 τῶν
630 2430 803 2504 ἁνδον,
858 2434 925 2502 ἦν
989 2435 1209 2509 ἀπειρος
1268 2434 1373 2506 ὕλη
1437 2437 1745 2514 ὑπέτρεφεν,
1806 2434 1878 2498 ὡς
1935 2434 2174 2507 πλησίον
2235 2434 2401 2508 αὒτῆς
2459 2433 2672 2514 ἐγένετο
2729 2436 2757 2490 6
2814 2432 3108 2495 ἐπίσκοπος
3172 2432 3306 2506 μετά
3374 2429 3469 2485 τοῦ
3529 2428 3672 2486 θείου

248 2517 681 2594 ἐκτυπώματος,
743 2521 995 2599 ἐξαίφνης
1056 2524 1233 2601 βίαιος
1294 2525 1487 2598 ἃνεμος
1536 2524 1768 2601 ἐγερθεὶς
1826 2525 1961 2580 κατᾶ
2026 2530 2132 2580 τῶν

2221 2523 2633 2602 ἀναφλεγόντων
2719 2520 2919 2594 ταύτην
3001 2520 3369 2595 ἀπέστρεψεν,
3432 2520 3524 2584 οὕς
3580 2526 3679 2584 καὶ

243 2608 637 2685 ἐμπυρίζουσα
666 2608 986 2685 ἀπέστρεψε.
1022 2615 1205 2669 Ταῦτα
1260 2613 1517 2676 παθόντες
1560 2610 2149 2689 μᾶλλονῆδράσαντες
2202 2614 2252 2670 οἱ
2311 2615 2530 2690 Ηέρσαι,
2591 2612 2699 2691 οὐχ
2754 2612 2912 2687 ἅπαξ,
2970 2609 3115 2668 ἀλλὰ
3171 2608 3251 2671 δὶς
3306 2608 3396 2663 καὶ
3455 2607 3672 2664 πολλά-

242 2720 359 2768 κις,
399 2699 522 2771 μετ’
554 2697 824 2774 αἰσχύνης
855 2700 1080 2777 ἀπείρου
1115 2703 1477 2778 ὑπεχώρησαν
1511 2701 1795 2779 ἄπρακτοι.

320 2790 481 2847 Ἐπεὶ
553 2786 613 2844 δὲ
670 2788 809 2865 πρὸς
887 2792 986 2860 τήν
1080 2791 1468 2868 βασιλεύουσαν
1530 2798 1638 2849 τῶν
1693 2791 1909 2849 πόλεων

496 2877 509 2894 ρ
851 2877 896 2898 υ
1064 2879 1077 2895 ς
1260 2881 1273 2900 ,
1672 2881 1680 2898 ι

243 2877 602 2954 πανταχόθεν
677 2877 939 2954 συνερρυη
1020 2900 1088 2934 τα
1143 2876 1421 2955 ἁγιώτατα
1475 2882 1564 2937 καὶ
1622 2876 1910 2952 καλλιστα,

251 2969 321 3036 ἦν
353 2965 416 3023 δὲ
447 2965 557 3040 ἄρα
596 2972 739 3031 θεῖον
772 2965 1035 3041 βούλημα
1075 2969 1163 3024 καὶ
1203 2973 1301 3041 τήν
1359 2973 1505 3049 ἱερὰν
1563 2972 1763 3044 ταύτην
1821 2975 1910 3029 καὶ

257 3057 408 3113 θείαν
492 3052 680 3111 εἰκόνα
768 3055 904 3129 μετά
956 3062 1064 3113 τῶν
1123 3055 1309 3115 ἄλλων
1369 3061 1907 3137 ἀποθησαυρισθῆναι

248 3144 462 3216 καλῶν,
497 3145 527 3199 6
556 3148 666 3199 τῶν
723 3144 1009 3217 Ῥωμαίων
1064 3153 1380 3224 κυριαρχῶν
1429 3152 1706 3225 Ῥωμανὸς
1739 3151 1767 3207 ὁ
1799 3159 1907 3207 Λα-

262 3233 503 3302 καπηνός
556 3232 881 3307 σπούδασμα
930 3241 1167 3291 ποιεῖται
1222 3244 1651 3315 κατευμοιρῆσαι
1706 3241 1908 3313 ταύτης

2093 2797 2402 2853 Enimvero
2433 2815 2568 2854 cum
2599 2797 2662 2852 in
2691 2792 2899 2851 urbem
2933 2811 3063 2866 quae
3108 2791 3340 2864 imperii
3371 2795 3549 2863 caput
3579 2794 3666 2845 est

2022 2889 2223 2942 omnia
2251 2886 2517 2958 undique
2546 2885 2867 2943 sacerrima
2895 2890 3070 2956 atque
3103 2881 3501 2954 pulcherrima
3531 2897 3667 2935 con-

2020 2976 2295 3044 fluerent,
2325 2994 2392 3032 ac
2423 2976 2528 3032 Dei
2557 2973 2823 3031 voluntas
2855 2976 3096 3029 essetut
3117 2971 3273 3026 inter
3292 2966 3504 3024 aliaibi
3536 2968 3661 3023 haec

2021 3083 2254 3137 quoque
2286 3065 2708 3122 reconderetur
2727 3058 2927 3120 divina
2949 3059 3465 3133 imago,Bomanus
3489 3059 3662 3111 Laca-

2018 3171 2228 3227 penus,
2262 3156 2586 3226 imperator
2630 3154 3049 3218 Romanorum,
3108 3164 3348 3221 operam
3395 3144 3559 3201 dedit
3603 3151 3664 3200 ut

2019 3261 2086 3300 ea
2114 3244 2403 3317 potiretur
2432 3258 2617 3315 eaque
2649 3236 3217 3311 Constantinopolim
3238 3234 3471 3315 ditaret.
3497 3235 3658 3304 Smpe

264 3320 361 3375 καὶ
391 3321 802 3377 καταπλοοτίσαί
854 3325 954 3393 τήν
1014 3325 1420 3400 βασιλεύουσαν.
1482 3327 1584 3385 Καὶ
1644 3327 1708 3399 ὃή
1770 3332 1905 3387 κατὰ

2018 3333 2145 3404 ejus
2169 3334 2254 3389 rei
2296 3350 2475 3389 causa
2531 3333 2751 3387 frustra
2797 3331 3020 3402 legatos
3080 3326 3340 3382 miserat.
3401 3320 3659 3378 Tandem

271 3407 566 3488 διαφόρους
612 3414 834 3489 καιροὺς
887 3411 1235 3483 ἐξαπέστειλε
1308 3418 1445 3493 πρὸς
1502 3418 1600 3486 τὴν
1653 3417 1907 3476 Ἔδεσσαν

267 3498 442 3573 μηδὲν
472 3499 680 3563 ἀνύσας.
735 3502 797 3558 Ὀ
867 3502 962 3575 μὲν
1025 3503 1125 3579 γὰρ
1183 3501 1430 3561 ἐπέκειτο
1488 3505 1683 3577 αὐτῶν,
1745 3510 1796 3564 οἱ
1853 3506 1910 3566 δὲ

256 3588 483 3646 ἀνέδυον
534 3592 623 3647 καὶ
678 3594 1100 3668 παρεκρούοντο.
1164 3596 1265 3653 Καὶ
1314 3595 1624 3654 τελευταῖον
1667 3600 1908 3656 πεισθέν-

245 3700 335 3741 τες
410 3678 721 3735 ἐπένευσανσ
783 3681 810 3735 6
869 3678 972 3757 γαρ
1054 3677 1182 3754 ἅναξ
1264 3685 1547 3759 Ῥωμαίων
1606 3692 1674 3762 τῇ
1734 3688 1907 3766 ἐφέσει

236 3773 335 3823 τοῦ
400 3768 662 3824 τοιούτου
721 3769 893 3825 καλοῦ
959 3771 1094 3845 πρὸς
1152 3773 1322 3829 πάντα
1376 3775 1587 3846 ὑπείξας
1652 3778 1720 3831 τὰ
1779 3780 1906 3854 παρ’

234 3859 421 3913 αὐτῶν
483 3851 943 3932 προϐαλλόμενα,
994 3858 1082 3915 καὶ
1163 3858 1287 3923 δοὺς
1352 3863 1536 3926 αὐτοῖς
1597 3851 1906 3932 διακοσίους

229 3949 602 4023 Σαρακηνοὺς
627 3949 719 4004 καὶ
747 3949 989 4027 ἀργύρου
1022 3951 1296 4027 ἐπισήμου
1353 3952 1611 4030 χιλιάδας
1669 3954 1900 4029 δώδεκα,

223 4038 319 4093 καὶ
380 4036 835 4115 ἀσφαλισάμενος
893 4037 985 4095 διὰ
1044 4039 1345 4119 σφραγῖδος
1398 4052 1608 4119 χρυσῆς
1663 4051 1761 4102 τοῦ
1823 4051 1897 4123 μὴ

223 4127 533 4199 πολεμίως
571 4124 897 4201 ἐπέρχεσθαι
937 4128 1003 4184 τὰ
1033 4129 1141 4184 τῶν
1186 4131 1479 4204 Ῥωμαίων
1527 4135 1900 4209 στρατεύματα

225 4216 371 4271 κατὰ
400 4221 516 4271 τῶν
548 4217 825 4290 τεσσάρων
857 4214 1072 4272 πόλεων
1120 4216 1361 4290 ἐκείνων,
1425 4220 1565 4294 μηδὲ
1618 4221 1898 4294 ληὶζεσθαι

227 4305 464 4371 ταύτας,
502 4302 739 4381 ἐπέτυχε
786 4311 887 4374 τῆς
941 4306 1229 4377 αἰτήσεως.
1281 4309 1428 4365 Ἐπεὶ
1486 4311 1589 4387 γὰρ
1656 4334 1898 4393 συνεχω-

237 4400 392 4469 ρεῖτο
427 4392 672 4470 γενέσθαι
724 4394 812 4449 καί
861 4396 1252 4471 παρεχώρησεν
1285 4399 1313 4453 6
1344 4398 1581 4474 ἀμηρᾶς,
1638 4392 1897 4467 λαϐόντες

235 4482 288 4538 οἷ
352 4481 678 4550 ἐπίσκοποι,
713 4483 743 4537 ὅ
769 4503 829 4537 τε
888 4485 1222 4557 Σαμοσάτων
1275 4488 1427 4543 καὶὸ
1456 4496 1556 4558 τῆς
1618 4488 1896 4565 Ἐδέσσης,

232 4573 323 4626 καὶ
358 4569 545 4647 ἶτεροί
575 4592 717 4633 τινες
746 4576 853 4627 τῶν
901 4569 1148 4630 εὔλαϐὦν
1203 4576 1268 4631 τὸ
1317 4578 1464 4652 ἅγιον
1525 4580 1697 4637 ἐκεῖτο
1747 4583 1896 4639 ἀπει-

2018 3422 2339 3494 cupiditate
2366 3423 2495 3494 ejus
2527 3418 2834 3478 obtinendi
2893 3436 3026 3474 cum
3087 3414 3398 3471 Edessenis
3456 3412 3660 3468 omnia

2014 3513 2278 3584 ipsorum
2308 3512 2607 3584 postulata
2637 3510 3044 3576 concessisset,
3078 3500 3531 3561 obtinuit.Dedit
3551 3502 3655 3555 200

2014 3602 2358 3667 Saracenos,
2393 3604 2457 3656 l2
2486 3600 2669 3656 millia
2693 3598 2919 3673 argenti
2960 3595 3169 3670 signati
3198 3612 3211 3660 ;
3245 3608 3542 3663 aureoque
3577 3590 3654 3645 si-

2010 3692 2150 3761 gillo
2182 3692 2554 3747 confirmavit
2582 3705 2889 3760 nunquam
2923 3686 3184 3757 legiones
3225 3684 3514 3737 Romanas
3546 3679 3649 3732 ho-

2010 3781 2228 3837 stiliter
2253 3786 2506 3852 quatuor
2536 3778 2670 3835 illas
2696 3777 2876 3834 urbes
2906 3789 3243 3831 accessuras
3261 3774 3362 3826 aut
3385 3764 3646 3841 praedam

2008 3877 2262 3927 acturas.
2296 3871 2377 3926 lta
2408 3869 2523 3924 voti
2556 3883 2797 3939 compos
2826 3866 3035 3931 factus,
3069 3858 3225 3919 an
3254 3862 3456 3915 Amera
3505 3874 3647 3912 con-

2006 3961 2274 4029 cedente,
2307 3957 2565 4031 episcOpi
2599 3956 3016 4011 Samosatenus
3039 3956 3097 4006 et
3142 3949 3473 4005 Edessenus
3503 3945 3640 4001 alii-

2006 4067 2120 4120 que
2134 4049 2213 4121 pii
2228 4054 2492 4103 sanctam
2505 4047 2669 4100 illam
2684 4044 2937 4116 efﬁgiem
2962 4059 3028 4097 ac
3047 4039 3355 4112 epistolam
3370 4055 3403 4093 a
3415 4036 3644 4092 Christo

2005 4139 2283 4209 scriptam
2310 4136 2531 4192 Edessa
2559 4135 2892 4189 auferentes
2927 4133 3037 4186 iter
3067 4128 3313 4201 ingressi
3338 4129 3647 4183 sunt.Rur-

2004 4245 2104 4284 sus
2135 4232 2261 4282 tum
2290 4224 2527 4281 inﬁnita
2558 4228 2694 4279 sunt
2723 4222 2880 4277 edita
2912 4216 3213 4275 miracula.
3252 4216 3393 4271 Cum
3445 4231 3647 4286 perve—

2003 4318 2232 4373 nissent
2261 4316 2333 4372 ad
2364 4314 2652 4386 templum
2699 4313 2801 4367 Dei
2853 4309 3188 4375 Genitricis,
3241 4306 3397 4377 quod
3447 4310 3536 4359 est
3586 4304 3647 4359 in

2002 4407 2365 4478 Optimatum
2393 4405 2631 4476 regione
2679 4420 2746 4458 ac
2778 4399 3012 4457 Eusebii
3040 4398 3275 4465 dicitur,
3308 4393 3642 4478 multilﬁde

2001 4496 2231 4570 praediti
2262 4495 2613 4550 accedentes
2639 4510 2672 4548 a
2710 4492 2885 4548 variis
2934 4487 3157 4545 morbis
3204 4490 3343 4542 sunt
3389 4476 3647 4540 liberati.

2001 4588 2085 4643 Ibi
2109 4588 2284 4642 etiam
2304 4584 2544 4657 quidam
2562 4583 2809 4640 accessit
2830 4581 2985 4652 quia
3009 4579 3278 4634 daemone
3301 4575 3650 4641 vexabatur,

234 4661 476 4735 κόνισμα
547 4663 639 4716 καὶ
699 4663 761 4717 τὸ
801 4661 1205 4744 χριστόγραιρον
1262 4666 1628 4726 ἐπιστολίδιον
1676 4672 1897 4747 ε’Ξχοντο

2018 4683 2183 4748 Itque
2214 4676 2340 4730 haec
2369 4673 2537 4744 quasi
2568 4672 2765 4726 divino
2820 4670 3105 4725 instinctu
3136 4666 3485 4722 vaticinatus
3525 4666 3655 4718 est:

232 4758 334 4821 τῆς
366 4749 526 4806 6805‘
559 4750 651 4805 καὶ
711 4750 877 4806 πάλιν
936 4750 1130 4827 ἄπειρα
1188 4754 1426 4813 ἐτελεῖτο
1484 4760 1748 4834 θαύματα.
1809 4764 1897 4824 Ὠς

236 4837 294 4895 δὲ
324 4842 681 4909 κατήντησαν
717 4839 769 4895 ἐν
799 4845 877 4912 τῷ
905 4845 1013 4896 τῶν
1049 4843 1400 4917 Ὀπτιμάτων
1453 4849 1667 4922 θέματι,
1725 4849 1778 4905 ἐν
1821 4857 1900 4924 τῷ

232 4937 338 4998 τῆς
369 4930 649 4986 Θεοτόκου
687 4929 803 5001 ναῷ
860 4934 939 5002 τῷ
996 4928 1258 4988 Εὗσεϐίου
1317 4935 1622 5011 λεγομένῳ,
1684 4940 1889 4996 Πολλοὶ

234 5018 644 5094 προσελθόντες
707 5018 841 5091 μετά
904 5019 1136 5086 πίστεως
1192 5024 1296 5078 ἀπὸ
1381 5026 1650 5083 ποικίλων
1720 5029 1893 5085 νόσων

228 5106 490 5178 ἷάθησαν.
551 5108 722 5170 Ἔνθα
780 5105 872 5162 καί
925 5129 1005 5170 τις
1064 5110 1372 5184 προσῆλθεν
1458 5116 1561 5170 ὐπὸ
1633 5115 1891 5189 δαίμονος

226 5195 669 5273 ἐνοχλούμενος,
702 5194 793 5249 καὶ
825 5193 952 5250 τάδε
991 5196 1159 5254 οἱονεὶ
1189 5197 1563 5277 ἀπεφοίϐασεν.
1593 5203 1888 5277 ’Λπόλα6ε,

224 5281 840 5353 Κωνσταντινούπολις,
874 5281 1028 5355 δόξαν
1056 5287 1147 5342 καὶ
1174 5290 1369 5364 χαρὰν,
1400 5292 1487 5346 καὶ
1547 5295 1631 5364 σὺ,
1680 5316 1888 5371 πορφυ-

227 5373 555 5449 ρογέννητε,
587 5372 685 5439 τήν
722 5370 1002 5446 βασιλείαν
1044 5395 1160 5434 σου.
1223 5378 1319 5432 Καὶ
1376 5383 1620 5457 παραυτὰ
1689 5370 1808 5454 ἰάθη
1862 5386 1889 5440 ὁ

228 5460 546 5535 ἄνθρωπος.
579 5462 661 5533 Τῇ
685 5457 743 5516 Si
790 5462 847 5515 ιε’
896 5466 992 5516 τοῦ
1048 5464 1357 5540 Αὐγούστου
1410 5472 1602 5542 μηνὸς,
1654 5474 1791 5529 κατᾶ
1826 5476 1888 5530 τὸ

230 5552 403 5633 ’ςυνξΐ
432 5546 556 5610 ἔτος
586 5558 687 5619 της
719 5546 819 5604 τοῦ
849 5551 931 5622 [Ρ.
986 5554 1109 5625 179]
1167 5555 1377 5628 κόσμου
1424 5555 1706 5633 γενέσεως,
1759 5583 1884 5618 κατ-

229 5632 528 5694 ἐλαϐοντό
584 5636 636 5693 ἂν
693 5635 1040 5725 Βλαχέρναις
1085 5643 1209 5696 ναὸν
1263 5651 1363 5714 τῆς
1425 5632 1714 5725 ὖπεραγίας
1768 5658 1890 5706 θεο.

228 5728 404 5782 τόκου
445 5726 498 5782 οἷ
547 5727 608 5781 τὸ
664 5727 825 5803 ἃγιον
879 5724 1351 5805 διακομιζόμενοι,
1382 5733 1412 5789 6'
1450 5736 1537 5791 καὶ
1579 5724 1887 5813 σεϐασμίως

2010 4755 3653 4837 Recipe,Constantinopolis,gloriametlzetitiam,tuque,

2008 4857 2589 4928 Porphyrogennete,
2624 4858 2789 4907 tuum
2820 4865 3089 4921 regnum.
3124 4847 3449 4915 Statimque
3482 4860 3653 4899 sana-

2006 4952 2099 5002 tus
2121 4952 2228 5001 est.
2265 4947 2366 5000 Die
2408 4942 2638 4999 decima
2684 4941 2892 5011 quinta
2926 4937 3193 5009 Augusti.
3246 4951 3400 4990 anno
3446 4930 3650 4986 mundi

2002 5038 2157 5104 6432,
2190 5035 2229 5089 ii
2263 5033 2364 5105 qui
2389 5048 2617 5087 sacram
2650 5029 2968 5101 imaginem
2991 5020 3644 5093 ferebant,Blachernas

2000 5125 2073 5182 ad
2114 5125 2302 5179 (edem
2333 5122 2691 5177 beatissima;
2722 5118 2823 5173 Dei
2878 5114 3192 5172 Genitricis
3225 5113 3642 5184 pervenerunt.

2001 5215 2087 5269 lbi
2117 5218 2358 5284 accepta
2390 5215 2480 5265 est
2510 5212 2846 5263 reverenter
2878 5222 2943 5259 ac
2974 5219 3181 5274 magno
3223 5216 3356 5256 cum
3406 5195 3640 5270 gaudio,

1999 5304 2358 5373 adorataque
2391 5317 2420 5356 a
2455 5295 2800 5362 Caesaribus,
2835 5311 2869 5349 a
2899 5292 3243 5365 proceribus
3293 5294 3352 5342 et
3399 5286 3646 5358 reliquis

2000 5392 2294 5448 omnibus.
2336 5385 2623 5443 Postridie
2676 5389 2810 5455 post
2856 5381 3272 5436 salutationem
3323 5381 3380 5432 et
3428 5373 3647 5432 adora-

1999 5480 2244 5546 tionem,
2278 5474 2543 5531 humeris
2583 5472 2706 5527 suis
2734 5470 3030 5525 sublatam
3065 5466 3383 5540 imaginem
3427 5465 3643 5520 Christi

1997 5582 2263 5624 summus
2314 5563 2577 5636 pontifex
2628 5557 3100 5630 Theophylactus
3159 5562 3215 5611 et
3264 5554 3639 5627 imperatoris

1997 5657 2102 5713 filii
2137 5656 2342 5726 (senex
2373 5651 2532 5708 enim
2556 5647 2961 5704 imbecillitate
2993 5645 3392 5716 detlnebatur)
3411 5661 3479 5699 ac
3500 5660 3643 5714 pra).

1998 5752 2157 5802 terea
2188 5749 2492 5800 senatores
2534 5756 2742 5795 omnes
2790 5754 2924 5793 cum
2969 5738 3243 5793 universa
3292 5733 3640 5790 ecclesiasti-
