4118 6284
507 373 625 434 351

1797 388 1800 392 ’
1871 367 2186 434 GEORGII
2227 365 2571 428 CEDRENI

3781 374 3887 435 352

511 517 714 560 corum
743 503 931 574 turba,
953 521 1068 576 quo
1094 505 1265 561 decet
1294 507 1578 562 comitatu
1609 522 1796 577 usque
1829 504 1902 561 ad
1930 508 2163 577 portam

2291 495 2371 551 καὶ
2402 499 2721 571 περιχαρῶς
2751 492 3026 571 ὑπεδέχθη
3085 495 3177 552 καὶ
3231 499 3607 570 προσεκυνήθη
3663 500 3795 576 παρά
3838 523 3890 558 τε

514 596 770 648 Auream
803 592 1196 648 deduxerunt.
1228 593 1368 648 Inde
1399 594 1610 649 eodem
1641 595 1780 664 ritu,
1835 593 2080 666 psalmis
2113 597 2170 645 et

516 681 753 751 hymnis
783 680 1088 749 adhibitis,
1120 682 1194 737 ad
1225 672 1424 737 nobile
1482 689 1542 738 et
1583 685 1908 739 maximum
1957 681 2168 736 divina)

511 769 816 840 sapientia:
857 771 1142 842 templum
1175 771 1536 827 detulerunt.
1571 774 1780 827 Postea
1809 771 1882 827 ad
1913 771 2168 841 impera-

513 862 702 912 torem
734 858 1152 925 ascenderunt,
1181 864 1239 914 et
1297 860 1358 916 in
1415 861 1627 929 Pharo,
1679 878 1810 932 qum
1862 865 1952 915 est
2011 859 2168 914 aedes

512 946 658 1000 divae
695 947 967 1017 Virginis,
1003 949 1402 1004 venerandam
1434 954 1611 1020 atque
1671 965 1902 1004 sacram
1951 947 2167 1002 Christi

513 1035 834 1107 imaginem
876 1036 1026 1093 8I5
1062 1036 1486 1108 deposuerunt,
1512 1055 1793 1111 magnum
1821 1035 2167 1109 praesidium

512 1125 731 1196 regina:
768 1125 1007 1180 urbium
1040 1126 1204 1181 urbis
1250 1133 1307 1181 et
1356 1128 1624 1183 omnium
1671 1127 2164 1183 Christianorum.

514 1215 696 1282 Atque
730 1213 857 1267 hmo
889 1214 1129 1284 quidem
1163 1215 1471 1271 hactenus.
1497 1217 1611 1271 Nos
1632 1215 1706 1271 ad
1737 1215 2001 1270 historica
2031 1230 2168 1269 con-

515 1300 906 1356 tinuationem
940 1309 1323 1359 revertamur.

513 1385 752 1462 ψαλμῶν
813 1389 902 1443 καὶ
961 1391 1148 1462 ὓμνων
1205 1388 1505 1448 κατέλαϐον
1557 1393 1648 1448 τὸν
1721 1392 2068 1465 περιώνυμον

2277 589 2384 640 τῶν
2421 583 2689 661 βασιλέων
2723 586 2812 640 καὶ
2843 589 2951 640 τῶν
2985 585 3036 640 ἐν
3064 584 3208 641 τέλει
3245 587 3338 642 καὶ
3369 591 3476 641 τῶν
3527 585 3726 643 λοιπῶν
3777 591 3893 645 πάνυ

2276 695 2406 732 των.
2438 678 2519 749 Τῇ
2551 671 2609 729 δὲ
2661 674 2918 749 ἐπαύριον
2991 675 3127 748 μετᾶ
3181 676 3272 731 τὸν
3311 675 3596 750 ἀσπαομδν
3660 680 3763 751 (30)
3819 682 3896 735 καὶ

2277 765 2378 833 τὴν
2426 765 2793 840 προσκύνησιν
2851 765 3110 839 ἀράμενοι
3175 765 3274 833 τήν
3314 769 3414 821 τοῦ
3465 767 3693 841 Χριστοῦ
3737 767 3894 824 εἰκόνα

2280 853 2366 908 ἐπὶ
2406 858 2516 909 τῶν
2543 851 2713 928 ὤμων
2760 853 2789 909 ’ὸ
2851 875 2909 910 τε
2965 853 3253 934 ἀρχιερεὺς
3292 853 3668 934 Θεοφύλακτος
3719 856 3801 911 καὶ
3848 860 3892 912 οἱ

2276 943 2554 1013 νεάζοντες
2585 940 2832 1018 βασιλεῖς
2885 944 2936 1016 (6
2993 946 3098 1021 γάρ
3155 944 3333 1019 γέρων
3392 941 3464 998 δι’
3501 943 3759 1000 ἀσθένειαν
3811 945 3892 1000 άπ-

2275 1029 2742 1106 ελείπετο),ἆλλὰ
2777 1032 2868 1086 καὶ
2927 1035 2978 1087 οἱ
3035 1039 3136 1100 τῆς
3185 1032 3474 1108 γερουσίας
3525 1033 3741 1096 ἆπαντες
3785 1035 3900 1108 μετὰ

2275 1120 2474 1182 παντὸς
2516 1125 2614 1176 τοῦ
2670 1127 2774 1190 τῆς
2813 1120 3146 1192 Ἐκκλησίας
3192 1121 3592 1196 πληρώματος,
3639 1127 3704 1196 τῇ
3754 1141 3898 1198 προσ-

2275 1209 2484 1283 ηκούσῃ
2529 1206 2830 1288 δορυφορίᾳ
2887 1209 3244 1285 παρέπεμπον
3288 1210 3459 1289 μέχρι
3516 1217 3612 1280 τῆς
3666 1210 3898 1286 χρυσείας

2274 1297 2506 1374 πόρτης.
2556 1300 2816 1354 Κάκεῖθεν
2849 1297 3016 1354 πάλιν
3063 1295 3472 1374 ἀναλαϐόμενοι
3522 1299 3722 1372 ὁμοίως
3781 1303 3896 1373 μετὰ

2167 1385 2420 1462 μέγιστον
2510 1387 2633 1442 ναὸν
2712 1393 2812 1457 τῆς
2889 1388 3097 1462 Ἀγίας.
3161 1389 3288 1443 Εἶτα
3373 1386 3607 1458 ἀνῆλθον
3683 1388 3750 1450 εἷς
3815 1389 3898 1442 τὸν

534 1475 784 1547 βασιλέα,
843 1479 934 1532 καὶ
990 1477 1041 1532 ἐν
1097 1485 1177 1552 τῷ
1235 1481 1550 1556 Θεομητρὸς
1608 1484 1723 1552 ναῷ
1799 1479 1966 1554 Φάρῳ
2037 1475 2319 1539 κατέθεντο
2397 1477 2460 1532 τὸ
2529 1477 2718 1550 τίμιον
2791 1477 2883 1531 καὶ
2961 1475 3111 1552 ἣιον
3190 1476 3490 1550 ἐκτύπωμα
3557 1481 3650 1530 τοῦ
3724 1472 3896 1551 Κυρίου

513 1568 678 1639 ἡμῶν
731 1567 911 1635 Ἰησοῦ
964 1569 1224 1643 Χριστοῦ,
1280 1569 1354 1632 εἷς
1409 1567 1786 1647 φυλακτήριον
1850 1565 2104 1644 μέγιστον
2159 1571 2258 1634 τῆς
2320 1562 2602 1640 βασιλίδος
2657 1570 2765 1620 τῶν
2823 1565 3041 1622 πόλεων
3099 1567 3192 1621 καὶ
3248 1567 3468 1622 πάντων
3521 1571 3626 1620 τῶν
3681 1571 3903 1640 Χριστια-

511 1660 643 1711 νῶν.
676 1655 778 1712 Καὶ
804 1661 972 1712 ταῦτα
1007 1658 1102 1730 μεν
1132 1658 1330 1729 οὕτως,
1362 1659 1531 1715 πάλιν
1561 1656 1618 1714 δὲ
1646 1664 1746 1728 τῆς
1774 1662 1882 1712 τῶν
1912 1657 2165 1732 ἱστοριῶν
2198 1653 2526 1716 ἀκολουθίας
2558 1653 2804 1729 ἑξόμεθα.

585 1747 730 1801 Nato
761 1746 1016 1817 Christo,
1057 1750 1256 1804 statim
1313 1751 1610 1822 Augustus
1655 1749 1858 1804 omnia
1896 1748 1957 1802 in
2003 1762 2171 1802 suam

517 1835 747 1908 redegit
807 1842 1179 1907 potestatem,
1233 1856 1302 1894 ac
1344 1838 1856 1894 dominationibus
1905 1836 2170 1908 gentium

515 1924 831 1995 regnisque
863 1926 1318 1996 particularibus
1376 1928 1610 1984 abolitis
1665 1927 1869 1985 omnia
1912 1926 2173 1982 Romano

519 2011 771 2084 imperio
804 2015 1076 2086 subjecit.
1131 2017 1216 2071 Ita
1277 2022 1402 2072 tum
1451 2033 1688 2073 summa
1739 2033 1850 2089 pax
1902 2015 2182 2070 obtinuit-

521 2103 748 2174 Quippe
773 2105 894 2159 Deo
917 2122 1044 2160 rem
1075 2107 1402 2162 Romanam
1435 2107 1754 2179 adjuvante
1787 2106 1990 2160 hostes
2021 2110 2186 2174 terga

523 2195 849 2257 verterunt,
879 2199 938 2247 et
966 2210 1148 2266 regna
1178 2195 1410 2264 pridem
1454 2195 1700 2250 adversa
1749 2201 1873 2249 tum
1927 2193 2186 2248 cervices

523 2279 920 2334 subdiderunt
941 2281 1087 2353 jugo
1120 2283 1386 2338 salutari.
1428 2285 1572 2339 Nam
1625 2285 1776 2338 Deus
1823 2281 2066 2336 veritate
2115 2285 2172 2334 et

524 2383 722 2422 rerum
767 2369 1031 2438 ipsarum
1090 2371 1429 2426 testimonio
1471 2376 1752 2440 tanquam
1799 2387 1938 2426 voce
1975 2375 2174 2439 utens,

493 2474 692 2518 suam
717 2463 856 2513 tunc
878 2460 1253 2531 majestatem
1281 2461 1724 2516 demonstravit.
1743 2459 2000 2515 Proinde
2028 2461 2180 2514 Deus

524 2547 865 2603 .ludreorum
897 2550 1233 2606 vecordiam
1264 2551 1596 2622 praevidens
1624 2568 1731 2622 per
1758 2557 1950 2606 vatem
1980 2550 2064 2605 ita
2093 2566 2154 2604 es

525 2637 878 2692 vaticinatus
901 2655 914 2692 :
941 2661 966 2688 «
995 2639 1230 2694 Cessate
1255 2646 1313 2695 et
1333 2641 1668 2710 cognoscite
1697 2657 1790 2694 me
1823 2656 1952 2694 esse
1975 2640 2186 2706 Deum,

525 2727 628 2796 qui
661 2732 717 2780 et
751 2725 916 2780 inter
943 2733 1149 2799 gentes
1181 2733 1240 2782 et
1271 2729 1332 2782 in
1361 2735 1518 2784 terra
1567 2728 1889 2784 exaltabor.
1927 2749 1954 2776 »
2009 2727 2192 2782 Nobis

537 2821 734 2870 autem
767 2815 1110 2888 signiﬁcans
1142 2818 1414 2888 quisnam
1449 2817 1542 2872 ille
1575 2819 1672 2884 sit,
1706 2834 1773 2872 ac
1796 2816 1964 2888 quasi
1996 2822 2192 2888 gratu-

530 2903 662 2959 lans
695 2904 870 2960 nobis
897 2910 1076 2973 vates,
1111 2928 1138 2955 ‹‹
1164 2907 1338 2972 Deus,
1365 2907 1580 2978 inquit,
1607 2907 1972 2962 exercituum
1999 2905 2154 2960 Domi
2175 2934 2187 2944 -

531 3011 662 3062 nus,
695 2995 1029 3066 apartibus
1087 2997 1307 3051 nostris
1366 3001 1493 3051 esl:
1551 2995 1945 3068 patrocinium
2001 2995 2190 3049 nostri

527 3085 778 3156 suscipit
801 3086 952 3140 Deus
977 3086 1198 3143 Jacobi.
1225 3109 1252 3137 »
1283 3088 1484 3158 Neque
1509 3105 1644 3142 vero
1667 3087 1857 3142 otiosa
1879 3090 1970 3140 est
1987 3069 2187 3140 .lacobi

531 3174 780 3240 mentio,
812 3174 915 3229 sed
940 3175 1073 3229 ideo
1104 3175 1259 3230 facta
1290 3176 1450 3246 quod
1472 3176 1523 3230 is
1545 3176 1771 3247 primus
1794 3174 1866 3229 de
1881 3173 2188 3228 vocatione

2208 1882 2254 1946 Β

2351 1741 2552 1800 Τοῦδέ
2608 1750 2807 1819 Κυριου
2867 1746 3032 1818 ἡμῶν
3076 1745 3262 1815 Ἰησοῦ
3305 1748 3554 1820 Χριστοῦ
3591 1743 3719 1798 κατὰ
3754 1745 3900 1818 σάρκα

2282 1831 2567 1908 τεχθέντος
2625 1831 2780 1895 εὐθὺς
2837 1832 3152 1908 Αὔγουστος
3227 1837 3442 1908 Καῖσαρ
3501 1831 3753 1906 ἐκράτησε
3795 1831 3901 1886 πάν-

2283 1941 2412 1988 των,
2452 1921 2542 1974 καὶ
2570 1920 2668 1982 τὰς
2699 1920 2990 1996 ἐθναρχίας
3020 1923 3195 1983 πάσας
3240 1923 3329 1976 καὶ
3385 1923 3610 1995 μερικάς
3659 1918 3901 1995 βασιλείας

2283 2007 2592 2072 καταλύσας
2657 2014 2775 2074 τοῖς
2837 2009 3122 2082 Ῥωμαίων
3195 2007 3332 2080 οῖαει
3421 2011 3623 2072 πάντας
3689 2007 3898 2078 ὑπέταξε,

2287 2099 2378 2155 καὶ
2414 2099 2602 2174 βαθεὶα
2641 2097 2831 2174 είρήνη
2869 2103 3151 2175 πανταχοῦ
3205 2100 3416 2176 γέγονε·
3475 2103 3576 2164 τῆς
3631 2099 3730 2172 γὰρ
3781 2097 3899 2158 θείας

2295 2189 2551 2266 βοηθείας
2592 2189 2944 2268 ἐπιφανείσης
2991 2195 3134 2246 νῶτα
3189 2188 3489 2246 δεδώκασιν
3549 2191 3600 2245 οἱ
3655 2187 3900 2263 πολέμιοι,

2293 2281 2382 2335 καὶ
2413 2283 2466 2335 αἱ
2497 2279 2666 2335 πάλαι
2689 2281 2942 2336 τάναντία
2973 2286 3270 2360 φρονοῦσαι
3323 2278 3600 2356 βασιλεῖαι
3651 2277 3901 2335 ὑπέκλεναν

2293 2370 2382 2425 τὸν
2415 2371 2620 2444 αὐχένα
2647 2369 2735 2424 καὶ
2767 2370 2860 2424 τὸν
2927 2373 3195 2446 σωνηριον
3255 2372 3422 2444 ζυγὸν
3476 2366 3795 2440 ὑπεδέξαντο.
3839 2369 3900 2438 Τῇ

2293 2459 2398 2534 γᾶρ
2428 2459 2659 2530 ἀληθείᾳ
2685 2461 2776 2514 καὶ
2802 2463 2871 2534 τῇ
2920 2464 3028 2516 τῶν
3098 2458 3444 2535 πραγμάτων
3505 2458 3755 2534 μαρτυρίᾳ
3803 2455 3896 2511 οἶόν

2293 2571 2400 2605 τινι
2432 2553 2587 2628 φωνῇ
2642 2550 2992 2624 χρησάμενος
3034 2550 3062 2605 6
3102 2550 3232 2610 Θεὸς
3297 2549 3362 2604 τὸ
3417 2548 3614 2604 οἰκεῖον
3655 2547 3776 2621 ὕψος
3815 2545 3897 2600 ὑπ-

2295 2635 2476 2708 έδειξε,
2512 2635 2790 2711 ΙΙροειδῶς
2820 2638 3000 2692 τοίνυν
3032 2639 3060 2692 6
3091 2639 3222 2699 Θεὸς
3248 2639 3348 2706 τήν
3387 2635 3660 2694 Ἰουδαίων
3680 2635 3896 2690 ἀπόνοιαν

2293 2725 2394 2806 ἔφη
2429 2723 2518 2780 διὰ
2545 2725 2640 2780 τοῦ
2671 2727 2981 2800 προφήτοψ
3041 2749 3065 2779 ιι
3096 2723 3448 2800 Σχολάσατε,
3505 2724 3594 2778 καῖ
3642 2726 3796 2798 γνῶτε
3827 2719 3895 2775 ὅτι

2294 2815 2400 2892 ἐγώ
2459 2814 2575 2888 είμι
2631 2815 2658 2868 6
2716 2815 2868 2876 Θεός’
2953 2814 3318 2888 ὑψωθησομαι
3407 2813 3461 2870 ἐν
3527 2818 3640 2875 τοῖς
3703 2806 3886 2879 ἔθνεσιν,

2297 2906 2659 2978 ὑψωθήσομαι
2691 2903 2742 2958 ἐν
2800 2907 2870 2976 τῇ
2925 2907 3018 2979 γῇ.
3067 2926 3094 2955 ››
3153 2905 3312 2976 Ἡμῖν
3349 2899 3410 2958 δὲ
3466 2899 3778 2978 παραδηλῶν
3818 2897 3884 2958 τίς

2295 2995 2453 3054 οὗτός
2512 2991 2648 3062 ἐστι,
2697 2992 2785 3048 καὶ
2839 2990 3023 3068 ὥσπερ
3115 2992 3636 3071 συνευφραινόμενος
3718 2987 3878 3060 ἐπάγει·

2296 3107 2324 3136 (ε
2382 3083 2590 3158 Κύριος
2653 3085 2763 3137 τῶν
2822 3079 3101 3156 δυνάμεων
3165 3083 3281 3154 μεθ’
3349 3083 3538 3154 ἡμῶν,
3594 3077 3887 3148 ἀντιλήπτωᾳ

2296 3175 2456 3245 ἡμῶν
2490 3172 2518 3226 6
2551 3171 2678 3234 Θεὸς
2712 3166 2930 3227 Ἰακὼϐ.
2980 3194 3008 3222 ››
3049 3173 3158 3228 Τοῦ
3208 3168 3264 3226 δὲ
3320 3164 3528 3226 Ἰακὼῦ
3565 3170 3660 3238 τήν
3713 3166 3894 3239 μνήμην

531 3263 798 3331 gentium
829 3268 920 3317 est
949 3244 1326 3319 vaticinatus:
1355 3244 1564 3318 Verba
1587 3264 1716 3335 ejus
1769 3268 1907 3318 sunt
1935 3279 1948 3316 :
1995 3285 2021 3311 «
2055 3263 2178 3316 Non

2292 3244 2402 3337 ούχ
2436 3259 2626 3322 ἁπλῶς
2679 3259 3000 3330 ἐποιήσατο⁸
3059 3258 3189 3315 ἀλλ’
3238 3256 3423 3340 ἐπειδὴ
3497 3259 3701 3335 πρῶτος
3735 3255 3897 3312 ἐκεῖνος

529 3351 720 3405 deerit
748 3350 1024 3422 princeps
1040 3351 1190 3406 Juda
1215 3352 1525 3418 oriundus,
1560 3351 1748 3407 donec
1779 3351 1830 3405 is
1861 3351 2056 3405 veniat
2085 3350 2176 3404 cui

531 3437 791 3508 reposita
823 3443 1162 3493 estsumma
1191 3455 1422 3492 rerum:
1448 3439 1498 3492 is
1517 3440 1628 3493 erit
1655 3455 1786 3511 spes
1799 3437 2180 3511 gentiumm.»

529 3528 731 3596 Itaque
768 3525 1020 3580 Davidus
1038 3526 1165 3597 jam
1190 3532 1313 3581 tum
1342 3528 1734 3582 mutationem
1755 3528 2018 3598 gentium
2037 3543 2184 3598 prce-

529 3615 755 3682 dicens,
791 3615 1212 3670 convenienter
1269 3616 1352 3669 ait
1401 3617 1586 3669 Deum
1639 3615 1860 3679 Jacobi,
1914 3615 2012 3685 qui
2071 3616 2186 3670 ista

529 3703 641 3758 fuit
671 3703 1046 3770 vaticinatus,
1086 3720 1212 3758 rem
1247 3703 1528 3776 praeclare
1558 3704 1833 3776 gessisse.
1895 3705 2184 3758 Cmterum

535 3809 692 3849 anno
716 3793 880 3864 regni
904 3793 1148 3864 Augusti
1182 3793 1271 3858 48,
1307 3808 1464 3846 anno
1492 3793 1695 3847 mundi
1720 3795 1859 3847 5506
1887 3809 2183 3848 annorum

540 3881 1033 3936 Antiochensium
1065 3881 1220 3936 810
1247 3897 1534 3936 numerus
1564 3882 1756 3952 carpit.
1805 3883 2066 3953 Cumque
2115 3899 2184 3936 eo

536 3976 804 4041 tempore
833 3969 1093 4024 Herodes
1123 3969 1457 4042 alienigena
1483 3969 1820 4025 Judmorum
1876 3988 1979 4024 rex
2029 3975 2188 4026 esset

533 4059 868 4114 declaratus
897 4065 1036 4114 nato
1071 4059 1320 4115 Domino
1350 4066 1554 4115 nostro
1584 4061 1722 4116 Jesu
1750 4061 1979 4115 Christo
2011 4065 2187 4116 Hero-

530 4149 753 4221 desque
785 4149 963 4206 vitam
994 4149 1213 4205 misere
1244 4167 1377 4205 cum
1401 4157 1590 4206 morte
1611 4152 2185 4218 commutasset,im-

532 4239 756 4310 pletum
790 4245 880 4293 est
918 4237 1066 4294 illud
1099 4239 1428 4304 oraculum,
1462 4257 1578 4310 quo
1610 4257 1731 4294 non
1763 4246 1901 4294 ante
1951 4238 2187 4294 defutu—

531 4345 666 4383 rum
693 4328 1023 4399 principem
1051 4327 1250 4398 populi
1281 4329 1430 4384 Juda
1462 4333 1832 4398 procreatum
1857 4327 2186 4396 dicebatur,

536 4433 716 4487 quam
747 4417 798 4470 is
828 4417 922 4472 cui
955 4418 1218 4487 reposita
1247 4423 1373 4471 erat
1428 4433 1664 4472 summa
1711 4433 1932 4482 rerum,
1994 4417 2055 4472 id
2102 4422 2191 4471 est

533 4505 822 4570 Christus,
857 4510 1227 4559 nasceretur.
1253 4504 1498 4569 Quando
1527 4507 1681 4560 enim
1700 4506 1958 4560 Herodes
1979 4506 2190 4562 alieni-

2287 3351 2390 3420 τὴν
2423 3355 2531 3404 τῶν
2592 3348 2758 3413 ἐθνῶν
2813 3349 3172 3423 προεθέσπισε
3219 3355 3433 3418 κλῆσιν·
3479 3373 3506 3400 ‹‹
3549 3347 3662 3405 Οὐκ
3702 3341 3899 3414 ἐκλείψει

2291 3441 2420 3516 γὰρ,
2459 3439 2647 3518 φησὶν,
2678 3436 2864 3514 ἄρχων
2896 3437 2948 3508 ἐξ
2979 3435 3172 3506 Ἰούδα,
3203 3434 3308 3500 ἓως
3337 3438 3397 3492 ἄν
3437 3435 3594 3494 ἔλθοι
3645 3436 3671 3490 ὃ
3713 3433 3896 3518 ἀπόκει-

2288 3548 2404 3596 ται,
2440 3516 2531 3582 κ-αἰ
2563 3527 2726 3588 αὐτὸς
2779 3523 3090 3601 προσδοκία
3153 3524 3340 3596 ἐθνῶν,
3394 3549 3421 3576 »ι
3481 3527 3577 3596 τὴν
3633 3516 3898 3598 μεταϐολὴν

2289 3620 2395 3670 τῶν
2457 3615 2622 3680 ἐθνῶν
2690 3616 2961 3670 κάνταῦθα
3017 3614 3355 3688 προσπίζων,
3415 3615 3640 3674 εἰκότως
3692 3611 3776 3666 τὸν
3821 3609 3898 3661 τοῦ

2293 3699 2489 3761 Ἰακὼϐ
2521 3705 2650 3759 Θεὸν
2681 3708 2779 3759 τοῦ
2819 3708 2989 3759 ταῦτα
3040 3702 3435 3778 προειρηκότος
3496 3701 3595 3776 ἔφη
3646 3700 3896 3772 κατωρθω-

2291 3797 2459 3850 κέναι.
2493 3797 2808 3869 Τοιγαροῦν
2838 3791 2890 3847 ἐν
2913 3796 2992 3864 τῷ
3036 3793 3126 3869 μβ¹
3154 3798 3258 3862 τῆς
3289 3791 3604 3868 Αὐγούστου
3661 3784 3895 3866 βασιλείας

2293 3884 2345 3939 έν
2377 3889 2456 3956 τῷ
2486 3883 2613 3960 ,εφξ
2651 3880 2758 3938 ἔτει
2789 3881 2896 3936 ἀπὸ
2935 3881 3163 3943 κτίσεως
3215 3882 3450 3954 κόσμου,
3507 3883 3709 3958 ἢρχθη,
3738 3879 3762 3931 ὁ
3788 3871 3898 3930 κατὰ

2292 3971 2634 4046 Ἀντιόχειαν
2694 3976 2804 4026 τῶν
2864 3969 2995 4024 ἐτῶν
3060 3969 3317 4043 ἀριθμός.
3379 3971 3487 4026 Καὶ
3543 3964 3777 4044 Ἡρώδης
3822 3961 3896 4034 μὲν

2293 4060 2342 4131 ἐξ
2377 4059 2540 4114 ἐθνῶν
2571 4057 2679 4130 ἤδη
2717 4057 2972 4134 βασιλεὺς
3009 4065 3112 4129 τῆς
3153 4056 3414 4120 Ἰουδαίας
3483 4053 3898 4133 ἀνηγορευμένος,

2291 4151 2382 4207 καὶ
2421 4153 2518 4205 τοῦ
2576 4149 2782 4224 Κυρίου
2847 4151 3007 4222 ἡμῶν
3064 4149 3242 4219 Ἰησοῦ
3293 4154 3539 4224 Χριστοῦ
3585 4147 3712 4203 κατᾶ
3759 4142 3899 4214 σάρκα

2291 4238 2662 4314 γεννηθέντος,
2689 4237 2906 4292 καὶτοῦ
2941 4234 3190 4311 Ἡρώδου
3236 4240 3420 4298 κακῶς
3467 4238 3562 4293 τὶν
3609 4235 3719 4310 βίον
3765 4226 3896 4284 διαλ-

2295 4329 2581 4399 λάξαντος,
2613 4325 2976 4400 πεπλήρωται
3022 4327 3106 4390 τὸ,
3148 4351 3175 4378 ‹‹
3210 4325 3325 4384 Ούκ
3383 4329 3465 4399 [Ρ.
3532 4326 3647 4397 180]
3693 4317 3892 4390 ἐκλείψει

2297 4419 2484 4494 ἃρχων
2526 4415 2579 4488 ἐξ
2620 4413 2798 4471 Ἰούδα
2847 4411 2953 4477 ἕως
3005 4415 3064 4470 ἂν
3102 4409 3232 4488 ἔλθῃ
3263 4415 3293 4469 6'
3331 4415 3632 4482 ἀπόκειται,
3682 4411 3737 4472 ὅς
3778 4408 3891 4494 ἐστιν

2297 4492 2606 4574 ὁ-Χριστὸς.
2643 4529 2670 4557 ι)
2728 4502 2952 4573 Ἐπειδὴ
2993 4507 3098 4582 γὰρ
3138 4504 3296 4568 αὐτὸς
3338 4505 3366 4558 6
3402 4501 3645 4579 Ἡρώδης
3684 4492 3893 4572 ἀλλόφυ-

503 4653 515 4664 .
535 4609 687 4664 gena
716 4592 911 4662 posito
943 4592 1232 4663 praeputio
1265 4608 1514 4664 regnum
1547 4594 1608 4648 in
1639 4593 1872 4649 Judaaos
1905 4593 2179 4662 obtinuit,

2299 4598 2396 4660 λος
2427 4594 2503 4650 ὢν
2532 4595 2887 4670 περιτμηθιῖς
2925 4593 3056 4670 ἦρξε
3105 4598 3212 4649 τῶν
3274 4590 3551 4650 Ἰουδαίων
3603 4589 3686 4646 καὶ
3730 4588 3894 4676 7&9sz-

507 4681 520 4691 ’
537 4687 598 4736 et
624 4680 943 4735 Ananilum
965 4680 1361 4752 alienigenam
1386 4682 1735 4752 pontificatu
1758 4684 2017 4738 maximo
2043 4685 2188 4739 aﬂ‘e-

537 4769 633 4838 rit,
695 4768 893 4823 statim
939 4767 1254 4823 Iudaicum
1303 4770 1642 4841 imperium,
1693 4771 1850 4841 quod
1902 4772 2189 4826 hactenus

536 4857 897 4920 obtinuerat,
953 4856 1189 4911 ﬁnitum
1239 4857 1371 4912 fuit.
1421 4857 1652 4912 Etenim
1717 4859 2053 4914 sacerdotes
2103 4861 2191 4914 rei

536 4945 786 5020 publicaa
819 4944 1202 5017 praefuerant,
1229 4945 1419 5001 donec
1443 4947 1760 5018 Pompeius
1786 4949 2190 5004 Romanorum

534 5036 652 5091 dux
684 5035 1105 5106 Hierosolymis
1132 5035 1488 5107 expugnatis
1521 5036 1810 5106 templum
1843 5037 2076 5107 polluit,
2127 5056 2193 5094 ac

536 5127 967 5191 Aristobulum,
1001 5127 1100 5197 qui
1135 5143 1202 5182 eo
1229 5143 1418 5198 usque
1451 5143 1698 5200 regnum
1717 5127 1888 5198 juxta
1917 5146 1984 5184 ac
2005 5131 2197 5200 ponti'

543 5218 779 5272 ﬂcatum
803 5234 834 5272 a
867 5215 1194 5288 majoribus
1225 5233 1334 5288 per
1353 5217 1791 5272 successionem
1815 5225 2199 5290 acceptages-

538 5313 712 5370 serat,
746 5308 1006 5361 vinctum
1041 5307 1287 5360 Romam
1322 5306 1510 5372 misit,
1545 5322 1612 5360 ac
1669 5306 1953 5378 populum
1997 5307 2196 5363 Judai-

604 5402 650 5436 ⁸⁷
681 5406 821 5460 Gen.
857 5423 1006 5478 xux,
1042 5407 1125 5459 10.

2297 4687 2394 4763 ρέα
2421 4685 2744 4754 κατέστησεν
2776 4680 3050 4756 ἀλλογενῆ
3083 4683 3174 4736 τὸν
3203 4682 3510 4749 Ἀνάνιλον,
3541 4679 3687 4744 εὐθὺς
3726 4672 3892 4763 ἐπαύθη

2296 4762 2434 4830 κατὰ
2459 4774 2559 4840 τήν
2593 4771 2739 4836 θείαν
2797 4769 3100 4846 πρόρῥησιν
3154 4773 3190 4840 ἡ
3225 4769 3275 4843 ἐξ
3337 4767 3513 4826 Ἰούδα
3564 4769 3701 4842 ἆρχὴ
3756 4762 3893 4836 μέχρι

2298 4865 2420 4919 τότε
2451 4865 2782 4938 κρατήσασα.
2843 4861 2911 4918 Οἱ
2951 4860 3056 4936 γὰρ
3111 4861 3276 4934 ἰερεῖς
3343 4861 3769 4934 προειστήκεισαν
3809 4851 3894 4903 τῶν

2301 4952 2660 5028 πραγμάτων,
2693 4951 2858 5026 ἄχρις
2890 4947 2952 5004 οὗ
2987 4951 3280 5023 Πομπήϊος
3336 4950 3364 5003 6
3415 4946 3692 5021 Ῥωμαίων
3737 4955 3894 5013 στρατ-

2302 5027 2434 5118 ηγὸς
2521 5039 2741 5101 ἐπιστὰς
2817 5039 2917 5108 τὴν
2982 5039 3076 5108 μὲν
3145 5037 3513 5112 Ἰερουσαλὴμ
3567 5033 3693 5090 κατᾶ
3736 5027 3898 5118 κςέτίξς

2304 5130 2615 5204 πολιορκεῖ,
2661 5129 2856 5201 μιαίνει
2886 5125 2943 5182 δὲ
2970 5127 3036 5183 τὰ
3064 5127 3208 5202 ἅγια,
3238 5128 3330 5181 τὸν
3387 5123 3442 5181 δέ
3492 5125 3550 5180 ἐκ
3589 5131 3680 5192 τῆς
3727 5111 3896 5190 προγό-

2307 5241 2411 5276 νων
2445 5215 2713 5293 διαδοχῆς
2757 5214 2951 5292 μέχρις
2990 5214 3194 5270 ἐκείνου
3224 5218 3320 5270 τοῦ
3364 5219 3556 5289 καιροῦ
3598 5208 3900 5286 διαρκέσαντα

2313 5305 2544 5382 βασιλέα
2572 5327 2630 5361 τε
2661 5306 2805 5377 ὁμοῦ
2830 5305 2918 5359 καὶ
2950 5304 3208 5380 ἀρχιερέα
3247 5298 3663 5378 Ἀριστόϐουλον
3714 5294 3900 5365 δέσμιον

1730 5522 2100 5578 XYLANDRI
2133 5525 2220 5578 ET
2257 5525 2474 5579 GOARI
2512 5523 2739 5578 NOTAE.

613 5607 1091 5683 (30)_'Aanacp.6:.
1123 5609 1222 5663 ubi
1253 5609 1336 5683 (1οΔ
1357 5609 1541 5683 sacris
1586 5609 1946 5683 imaginibus
1997 5617 2085 5665 est
2133 5625 2351 5679 sermo,
2411 5610 2678 5667 osculum
2731 5613 2907 5666 etiam
2960 5611 3070 5666 sibi
3130 5610 3514 5683 conjunctnm
3560 5602 3780 5678 expetit.
3822 5591 3898 5650 0f-

543 5681 678 5736 ﬂcia
707 5679 1046 5736 Graecorum
1080 5680 1374 5734 sexcentis
1406 5681 1466 5733 in
1496 5679 1664 5734 locis.
1697 5679 1870 5735 Goaa.
