4118 6284
240 381 344 443 353

239 518 316 574 ἐπὶ
344 516 577 590 Ῥώμην
608 513 893 589 ἐκπέμψας
947 515 1007 568 τὸ
1054 519 1157 569 πᾶν
1217 510 1497 570 Ἰουδαίων
1553 507 1703 574 ἔθνος
1760 512 1898 568 Ῥω·

244 606 422 682 μαίοις
457 607 743 683 ὑπόφορον
775 604 1088 673 κατέστησε.
1122 603 1224 660 Καὶ
1284 604 1429 658 οὕτω
1478 607 1697 678 πρῶτος
1726 600 1901 656 ἀλλό-

248 692 726 775 φυλοςἨρώδης,
756 694 829 755 ὡς
879 690 1030 770 ἔφην,
1083 698 1145 748 τὸ
1207 689 1468 748 Ἰουδαῖον
1523 687 1674 756 ἔθνος
1714 689 1898 767 ἐγχει-

249 789 476 862 ρίζεται.
537 785 671 841 Καθ’
749 783 806 838 ὃν
877 784 1063 858 καιρὸν
1155 781 1396 857 ἐναργῶς
1478 781 1578 847 τῆς
1665 782 1899 856 Χριστοῦ

249 873 547 952 παρουσίας
576 873 838 944 ἐνστάσης
900 870 1146 942 ἐξέλιπον
1176 872 1227 926 οἱ
1257 875 1366 926 τῶν
1424 867 1699 927 Ἰουδαίων
1759 869 1899 946 ἀρχ-

248 969 411 1043 ιερεῖς
441 963 530 1017 καὶ
560 964 700 1036 ἡγου
708 982 877 1035 μενοι.

318 1051 601 1122 Γεννηθεὶς
648 1052 831 1104 τοίνυν
891 1051 919 1104 6
976 1048 1206 1124 Χριστὸς
1271 1045 1383 1103 οὐδ’
1442 1047 1603 1109 αὐτὸς
1656 1045 1745 1101 ἐπὶ
1801 1049 1901 1100 τοῦ

252 1142 515 1211 αἰσθητοῦ
545 1140 739 1214 θρόνου
771 1133 938 1194 Δαϐἱδ
995 1137 1257 1207 ἐκάθισεν,
1316 1134 1464 1192 ἀλλὰ
1512 1133 1706 1211 θρόνον
1756 1134 1901 1211 λέγει

265 1226 421 1289 Δαόὶδ
448 1231 549 1298 τὴν
604 1228 951 1303 ἀκαθαίρετον
999 1228 1091 1282 καὶ
1135 1227 1362 1282 αἰώνιον
1396 1225 1696 1302 βασιλείαν.
1728 1224 1903 1285 Αὐτὸς

263 1321 362 1395 γάρ
415 1319 524 1374 ἐστι
583 1315 885 1391 προσδοκία
941 1316 1129 1387 ἐθνῶν,
1176 1316 1305 1395 οὐχὶ
1331 1319 1429 1371 τοῦ
1476 1313 1773 1390 ἐλαχίστου
1806 1316 1904 1386 μέ-

258 1429 385 1483 ρους
442 1413 545 1473 τῆς
604 1408 954 1478 οἰκουμένης.
1009 1429 1036 1458 ‹‹
1078 1411 1267 1462 Ἔσται
1318 1406 1442 1480 γὰρ,
1501 1405 1750 1483 φησίν.ἡ
1784 1402 1907 1476 ῥίζα

250 1503 346 1554 τοῦ
411 1496 604 1553 Ἰεσσαὶ
687 1494 777 1551 καί
835 1497 863 1550 6
918 1495 1268 1568 ἀνιστάμενον
1325 1493 1516 1572 ἄρχειν
1576 1492 1763 1557 ἐθνῶν³
1823 1489 1904 1547 ἐπ’

253 1587 401 1659 αύτῷ
421 1584 549 1657 ἔθνη
599 1585 868 1640 ἐλπιοῦσν
904 1609 933 1637 ››
961 1585 1051 1639 καὶ
1084 1608 1112 1637 ‹‹
1142 1583 1367 1639 Τέθεικά
1397 1604 1454 1638 σε
1511 1583 1585 1644 εἰς
1643 1579 1904 1652 διαθήκην

257 1678 475 1752 γένους,
508 1677 586 1738 εἷς
619 1680 735 1750 φῶς
768 1675 953 1740 ἐθνῶνι
989 1700 1019 1727 ››
1049 1675 1139 1730 καὶ
1175 1698 1204 1727 ι(
1230 1676 1477 1747 Θήσομαι
1509 1672 1584 1735 είς
1616 1674 1708 1727 τὸν
1741 1672 1911 1726 αἰῶνα

263 1770 362 1820 τοῦ
402 1765 602 1827 αἰῶνος
632 1764 695 1818 τὸ
736 1764 950 1840 σπέρμα
980 1763 1168 1832 αὐτοῦ,
1209 1764 1299 1818 καὶ
1355 1763 1449 1817 τὸν
1503 1761 1693 1837 θρόνον
1748 1761 1912 1815 αὐτοῦ

256 1855 334 1917 ὡς
364 1855 463 1916 τὰς
490 1853 700 1928 ἡμέρας
721 1858 821 1909 τοῦ
853 1851 1098 1929 οὐρανοῦ.
1134 1876 1163 1904 »
1197 1852 1372 1915 Οὗτος
1400 1852 1490 1906 οὖν
1531 1851 1619 1905 καὶ
1658 1848 1912 1926 βασιλεὺς

253 1945 439 2012 πάσης
468 1951 568 2014 τῆς
591 1950 696 2020 γῆς
731 1941 1019 2017 διέμεινεν,
1051 1942 1102 1998 εἷ’
1128 1943 1220 1997 καὶ
1250 1943 1326 2015 μὴ
1385 1941 1451 1996 τὰ
1507 1945 1757 2015 σκῆπτρα
1809 1947 1909 2010 τῆς

250 2028 525 2093 Ἰουδαίας
580 2028 857 2105 παρέλαϐε
889 2075 902 2101 ,
955 2030 1045 2085 καὶ
1119 2028 1375 2107 βασίλεὺς
1419 2030 1597 2100 πάσης
1649 2036 1751 2099 τῆς
1805 2036 1909 2105 γῆς

255 2121 443 2175 ἐστινὸ
460 2121 612 2182 Θιεός⁸
636 2119 792 2183 Καὶὴ
811 2118 1088 2195 ἐλευθερία
1117 2123 1212 2173 τοῦ
1244 2114 1437 2174 Ἰακὼϐ
1469 2114 1797 2188 ἐϐεϐαιώθη.
1819 2117 1909 2172 καὶ

252 2207 693 2285 ἐνευλογηθησαν
726 2209 778 2263 ἐν
809 2214 889 2281 τῷ
947 2207 1215 2282 σπέρματι
1269 2209 1436 2263 αὐτοῦ
1462 2212 1627 2263 πᾶσαι
1657 2209 1713 2261 αἱ
1743 2205 1910 2286 φυλαὶ

254 2302 359 2364 τῆς
388 2302 514 2371 γῆς.
544 2295 634 2349 καὶ
668 2292 841 2349 πάντα
868 2295 935 2349 τὰ
964 2287 1091 2362 ἔθνη
1142 2298 1467 2367 μακαριοῦσι
1522 2294 1614 2348 τὸν
1647 2293 1909 2367 Χριστόν.
1938 2327 1943 2331 -

329 2387 445 2440 Ἵνα
474 2381 533 2438 δὲ
578 2383 900 2460 σαφέστερον
955 2383 1177 2458 γένηται
1232 2387 1350 2444 πῶς
1386 2386 1422 2453 ἡ
1454 2384 1699 2458 ἱερατική
1761 2380 1908 2461 φυλή

252 2471 422 2547 ἐμίγη
456 2476 526 2546 τῇ
581 2471 862 2546 βασιλικῇ,
915 2469 1141 2545 λέξομεν
1192 2470 1387 2536 οὕτως.
1442 2472 1503 2529 Ὁ
1556 2474 1649 2545 μὲν
1705 2469 1910 2532 Ἰούδας

252 2562 515 2638 ἐγέννησε
556 2563 652 2616 τὸν
710 2563 884 2637 Φαρὲς
941 2563 968 2617 6
1017 2560 1075 2616 δὲ
1132 2564 1306 2637 Φαρὲς
1359 2563 1450 2617 τὸν
1509 2562 1754 2638 Ἐσρὼμ,
1795 2562 1823 2615 6
1855 2558 1913 2615 δὲ

253 2653 485 2726 Ἑσρώμ
538 2651 631 2705 τὸν
686 2652 886 2726 Ἀρὰμ,
947 2652 975 2705 6
1034 2650 1092 2706 δὲ
1140 2652 1319 2725 ’Δρὰμ
1366 2651 1456 2707 τὸν
1514 2648 1849 2724 Ἀμιναδάμ,
1883 2651 1912 2704 6

252 2738 313 2795 δὲ
347 2738 674 2814 Ἀμιναδάμ
699 2740 795 2795 τὸν
844 2741 1095 2813 Νασσὼν,
1128 2741 1156 2795 6
1188 2738 1245 2795 δὶ
1297 2741 1559 2796 Ναασσὼν
1616 2740 1706 2795 τὸν
1763 2739 1911 2795 Σαλ-

257 2831 399 2903 μὼν,
442 2832 471 2885 6
510 2828 573 2885 δὲ
602 2829 843 2903 Σαλμὼν
896 2830 989 2885 τὸν
1048 2829 1207 2899 Βόοζ,
1268 2829 1402 2899 Βόοζ
1455 2827 1512 2884 δὲ
1568 2829 1658 2885 τὸν
1720 2825 1910 2899 Ὠϐἡδ,

253 2914 430 2988 Ὠὄήδ
461 2916 520 2975 δὲ
558 2920 651 2974 τὸν
708 2920 922 2988 Ἰεσσαὶ,
953 2921 982 2974 6
1015 2916 1073 2974 δὲ
1131 2918 1321 2975 Ἰεσσαὶ
1380 2914 1545 2974 Δαϐἱδ
1602 2918 1694 2975 τὸν
1757 2921 1911 2993 βασι-

253 3008 313 3065 λὲ
425 3013 483 3034 ,ς
565 3011 580 3029 ι
668 3011 695 3028 τ-
780 3011 791 3025 ο
1024 3010 1038 3031 κ
1166 3011 1208 3029 οι
1488 3014 1512 3025 ε-
1572 3011 1585 3035 ι
1783 3008 1834 3028 κς

293 3033 374 3069 ια.
445 3015 583 3068 bitat
631 3031 724 3065 υυν
772 3030 801 3065 ο
859 3012 1083 3066 Ναασων
1132 3031 1249 3074 υιος
1297 3010 1363 3080 ἦν
1420 3031 1517 3065 του
1592 3021 1911 3084 Αμιναοαμ,

260 3101 457 3155 τούτου
516 3100 616 3169 τήν
669 3097 908 3167 ἀδελφὴν
977 3095 1262 3155 Ἐλισάϐετ
1313 3100 1548 3175 ἠγάγετο
1609 3105 1837 3175 γυναῖκα
1883 3100 1911 3153 6

278 3188 445 3262 μέγας
494 3187 784 3264 ἀρχιερεὺς
841 3189 1054 3262 ’Λαρὼν
1091 3232 1104 3257 ,
1190 3186 1463 3265 ἀδελφὸς,
1502 3188 1797 3253 Μωϋσέως,
1856 3188 1916 3242 ἐκ

1388 377 1925 440 HIS’l‘OlIlARUM
1971 377 2529 445 COMPENDIUM.

3546 384 3663 446 354-

1929 534 1983 599 A
2014 530 2148 568 cum
2171 531 2411 571 omnem
2436 517 2708 572 homanis
2724 519 3177 590 stipendiarium
3200 519 3357 574 fecit.
3386 521 3464 573 Eo
3488 518 3663 574 modo

2009 602 2268 673 primum
2321 606 2535 661 Herodi
2594 606 2944 680 alienigenae
3002 609 3064 663 in
3121 609 3358 664 Judwos
3417 624 3665 681 reguum

2010 694 2394 749 commissum
2427 694 2575 760 fuit;
2610 713 2726 766 quo
2760 701 3027 767 tempore
3060 698 3368 767 perspicue
3402 698 3664 753 instante

2009 781 2221 838 Christi
2253 784 2529 851 adventu,
2558 785 2899 841 Judaaorum
2928 789 2985 841 et
3008 787 3320 857 pontiﬁces
3351 792 3409 842 et
3442 786 3665 857 princi-

2013 888 2116 942 pes
2142 872 2471 929 desierunt.

2085 1051 2264 1105 Natus
2295 1050 2561 1106 Christus
2620 1068 2741 1106 non
2799 1051 3016 1105 visibili
3048 1052 3319 1106 Davidico
3370 1052 3518 1107 solio
3563 1070 3665 1108 rex

2014 1143 2300 1213 consedit,
2333 1143 2436 1198 sed
2470 1143 2685 1197 solium
2718 1143 3057 1197 Davidicum
3118 1144 3419 1214 Scriptura
3462 1144 3667 1215 appel-

2015 1232 2098 1287 lat
2127 1239 2418 1289 uaternum
2451 1240 2507 1288 et
2544 1233 2982 1288 indissolubile.
3018 1234 3146 1304 Ipse
3181 1234 3339 1288 enim
3372 1240 3459 1288 est
3490 1251 3667 1304 quem

2016 1327 2365 1393 exspectant
2383 1328 2607 1395 gentes,
2629 1340 2760 1394 quas
2781 1340 2901 1377 non
2921 1328 3059 1378 sunt
3080 1323 3333 1378 minima
3352 1340 3488 1394 pars
3510 1323 3670 1377 orbis

2020 1416 2331 1468 terrarum.
2362 1434 2389 1461 «
2413 1413 2538 1467 Erit
2567 1413 2749 1483 enim,
2778 1413 2878 1482 ait,
2901 1413 3077 1483 stirps
3097 1413 3295 1480 Jessze,
3331 1416 3388 1466 et
3408 1413 3457 1466 is
3474 1412 3575 1482 qui
3597 1410 3669 1467 ad

2020 1499 2338 1570 imperium
2369 1501 2429 1555 in
2451 1506 2658 1573 gentes
2708 1501 3036 1573 gerendum
3105 1501 3446 1567 exorietur;
3496 1501 3557 1555 in
3603 1517 3671 1555 eo

2020 1594 2224 1661 gentes
2250 1607 2416 1661 spem
2448 1596 2690 1661 ponent.
2725 1590 2902 1645 Posui
2937 1595 2991 1643 te
3023 1590 3084 1644 in
3115 1590 3302 1645 foedus
3350 1590 3584 1661 generis
3616 1594 3677 1644 et

2023 1678 2224 1732 lumen
2250 1681 2399 1734 ³17
2431 1681 2716 1752 gentium.
2751 1682 2816 1735 In
2848 1680 3050 1734 omnia
3089 1680 3289 1734 secula
3338 1679 3672 1751 propagabo

2025 1766 2154 1836 ejus
2185 1768 2565 1837 progeniem;
2601 1784 2794 1839 neque
2827 1774 2963 1823 ante
2991 1768 3206 1823 solium
3264 1769 3393 1839 ejus
3446 1769 3675 1840 regium

2026 1872 2366 1911 successore
2398 1857 2624 1912 carebit
2652 1873 2831 1929 quam
2862 1858 2988 1912 dies
3020 1857 3166 1912 caelo
3198 1874 3319 1912 non
3364 1857 3608 1913 oriatur.
3646 1880 3673 1907 ››

2021 1945 2075 1998 Is
2106 1961 2249 2017 ergo
2282 1950 2340 1999 et
2368 1963 2471 2001 rex
2519 1946 2807 2000 universas
2864 1952 3034 2000 terra:
3089 1945 3434 2017 permansit,
3488 1962 3675 2016 quan-

2022 2049 2201 2104 quam
2223 2039 2455 2105 sceptra
2470 2034 2715 2089 Iudaica
2735 2051 2855 2088 non
2877 2034 3174 2106 acceperit
3198 2052 3211 2101 ;
3238 2040 3296 2089 et
3316 2052 3420 2089 rex
3442 2034 3676 2089 univer-

2021 2139 2099 2176 szn
2132 2127 2303 2176 terras
2336 2128 2424 2177 est
2448 2123 2623 2186 Deus,
2676 2139 2743 2178 ac
2769 2122 3014 2178 libertas
3069 2122 3267 2178 Jacobi
3316 2122 3673 2179 conﬁrmata

2024 2211 2317 2281 est,inque
2339 2210 2468 2282 ejus
2489 2212 2717 2267 semine
2732 2228 2941 2267 omnes
2956 2215 3130 2267 terra:
3151 2211 3341 2267 tribus
3360 2211 3546 2267 beata)
3564 2211 3684 2267 fac-

2025 2310 2096 2358 ta:
2123 2308 2279 2367 sunt,
2303 2319 2630 2375 omnesque
2651 2304 2854 2375 populi
2896 2304 3198 2359 Christum
3247 2303 3675 2374 praedicabunt.

2023 2394 2312 2448 Utautem
2353 2392 2729 2448 manifestius
2775 2393 2877 2448 ﬁat
2925 2394 3224 2464 quomodo
3285 2392 3670 2448 sacerdotalis

2024 2481 2212 2536 tribus
2235 2481 2526 2552 permixta
2554 2481 2888 2537 fueritcum
2910 2482 3090 2555 regia,
3124 2482 3208 2537 sic
3254 2498 3381 2536 rem
3427 2498 3682 2553 expone-

2025 2588 2157 2625 mus
2183 2571 2394 2637 ;Judas
2424 2571 2745 2626 Pharezum
2763 2572 3112 2643 procreavit.
3137 2571 3276 2626 [nde
3310 2571 3516 2626 ordine
3539 2588 3678 2643 pro—

2024 2661 2183 2731 gnati
2205 2665 2345 2715 sunt
2360 2660 3399 2729 Esromus,Aramus,Aminodamus,
3422 2663 3684 2717 Naasson

2025 2748 2286 2812 Salmon,
2314 2750 2548 2816 Boozus,
2577 2749 2834 2816 Obedus,
2860 2751 3076 2817 Jessas,
3100 2766 3205 2803 rex
3229 2748 3501 2803 Davidus.
3530 2750 3687 2814 Quo-

2027 2838 2188 2893 niam
2214 2838 2392 2908 igitur
2421 2840 2684 2893 Naasson
2712 2837 2867 2893 ﬁlius
2910 2843 3037 2893 erat
3074 2837 3472 2907 Aminadami,
3501 2838 3681 2909 hujus

2028 2941 2291 2981 sororem
2376 2926 2730 2981 Elizabetam
2797 2932 2996 2980 Aaron
3053 2925 3321 2996 pontifex
3381 2926 3679 2980 maximus

2027 3031 2271 3070 uxorem
2302 3014 2488 3081 duxit,
2520 3015 2705 3069 frater
2755 3014 2950 3083 Mosis,
3001 3014 3159 3068 tribu
3193 3014 3409 3068 Levita.
3445 3013 3597 3079 Quin
3631 3018 3693 3068 et

2029 3104 2263 3160 divinus
2305 3103 2535 3172 Jodaas,
2595 3104 2861 3175 pontifex
2905 3108 2965 3159 et
2994 3104 3119 3174 ipse
3178 3104 3491 3170 maximus,
3527 3102 3684 3158 tribu

2030 3192 2246 3259 Levita,
2292 3192 2355 3247 in
2388 3192 2767 3247 matrimonio
2814 3192 3024 3247 habuit
3077 3208 3343 3247 sororem
3402 3191 3691 3260 Ochoziaa,

283 3279 465 3355 φυλῆς
506 3281 763 3354 ὓπάρχων
820 3283 919 3333 τοῦ
970 3278 1118 3335 Λευί.
1178 3277 1281 3335 Καὶ
1343 3279 1524 3350 μέντοι
1555 3277 1645 3333 καὶ
1675 3279 1703 3331 6
1733 3276 1922 3333 θεσπέ-

2038 3280 2303 3336 Judaaam
2334 3281 2514 3347 tribu,
2540 3282 2803 3352 Cumque
2839 3281 3049 3336 exinde
3082 3281 3271 3336 tribus
3302 3280 3465 3352 regia
3510 3279 3693 3335 fuerit

291 3388 410 3430 σιος
481 3370 730 3445 ίεράρχης
796 3365 983 3426 Ἰωδαῖε
1018 3411 1031 3437 ,
1089 3364 1267 3446 φυλῆς
1319 3365 1393 3421 ὢν
1445 3374 1544 3437 τῆς
1607 3374 1917 3440 Λευῖτικῆς,

291 3456 524 3532 ἠγάγετο
552 3459 767 3532 γυναῖκα
794 3458 897 3526 τήν
928 3454 1171 3530 ἀδελφὴν
1219 3456 1499 3532 Ὀχοζίου,
1526 3454 1708 3535 φυλῆς
1763 3453 1922 3510 οὖσαν

279 3551 376 3601 τοῦ
409 3544 594 3603 Ἰούδα.
636 3547 932 3610 Κάντεῦθεν
972 3543 1166 3600 λοιπὸν
1222 3552 1325 3615 τῆς
1391 3545 1685 3621 βασιλικῆς
1745 3545 1926 3621 φυλῆς

274 3636 646 3711 συμμιγείσης
686 3640 755 3710 τῇ
790 3638 1071 3709 Λευῖτικῇ,
1135 3634 1286 3707 μάλα
1313 3656 1373 3709 γε
1411 3634 1637 3697 εἰκότως
1666 3635 1694 3689 6
1729 3634 1923 3708 Κύρίος

263 3731 329 3786 ἐκ
388 3731 603 3804 Μαρίας
658 3735 759 3799 τῆς
817 3725 1091 3803 Ηαρθένου
1160 3725 1250 3780 καὶ
1307 3725 1443 3780 κατὰ
1490 3726 1661 3799 σάρκα
1720 3725 1928 3799 μητρὸς

264 3821 436 3875 αὐτοῦ
463 3816 955 3894 γενεαλογούμενος
1002 3814 1149 3870 σῦτω
1182 3811 1436 3888 βασιλεὺς
1499 3813 1590 3867 καὶ
1620 3813 1794 3884 ἱερεὺς
1850 3813 1926 3874 εἷς

2031 3386 2166 3425 cum
2199 3369 2549 3425 sacerdotali
2570 3370 2875 3441 permixta,
2912 3369 3234 3425 admodum
3266 3368 3691 3424 convenienter

2032 3459 2310 3514 dominus
2342 3476 2412 3514 ex
2432 3459 2611 3514 Maria
2661 3459 2896 3531 Virgine
2952 3476 3022 3514 ac
3081 3464 3268 3515 matre
3307 3459 3506 3514 carnis
3566 3474 3688 3513 sua)

2033 3555 2228 3619 natus,
2261 3551 2414 3606 serie
2463 3549 2697 3622 generis
2746 3551 3013 3622 exposita
3064 3555 3124 3605 et
3165 3567 3269 3605 rex
3301 3555 3360 3605 et
3416 3549 3691 3607 sacerdos

2036 3639 2162 3703 Dei,
2194 3644 2260 3694 ut
2288 3638 2511 3694 dictum
2544 3645 2653 3705 est,
2713 3639 3200 3710 deprehenditur.
3253 3640 3456 3708 Itaque
3491 3637 3691 3694 mani-

2035 3727 2186 3783 festo
2218 3745 2339 3799 prae
2354 3727 2576 3782 iicatur
2602 3743 2704 3781 rex
2734 3728 3153 3798 sempiternus,
3204 3727 3480 3796 idemque
3514 3731 3697 3781 mter-

2038 3833 2158 3871 nus
2188 3816 2452 3888 pontifex
2483 3816 2815 3871 secundum
2849 3814 3259 3871 Melchisedeci
3292 3814 3586 3869 ordinem.

266 3910 341 3963 τά
368 3909 512 3984 πρὸς
538 3908 692 3974 Θεὸν,
738 3907 811 3968 ὡς
842 3899 1000 3983 ἔφην,
1032 3902 1341 3977 ἀνθρώποις
1400 3903 1481 3975 [Ρ.
1545 3904 1665 3976 181]
1725 3899 2114 3973 ἀναδέδεικται,
2172 3903 2263 3959 καὶ
2311 3901 2609 3978 προδήλως
2663 3901 2983 3976 κηρύττεται
3043 3900 3297 3977 βασιλεὺς
3349 3901 3568 3966 αἰώνιος
3596 3922 3693 3957 κα-

258 3997 448 4072 ἱερεῦς
478 3996 559 4058 εἰς
592 3998 687 4051 τὸν
716 3994 888 4050 αἰῶνα
917 3992 1052 4050 κατᾶ
1080 3994 1179 4062 τὴν
1210 3992 1359 4061 τάξιν
1389 3989 1750 4066 Μελχισεδέκ.

341 4088 623 4144 Ἐντεῦθεν
672 4086 858 4140 τοίνυν
915 4082 1142 4159 ἄρχεται
1193 4081 1486 4155 ἠτετάρτη
1552 4080 1826 4155 βασιλεία,
1867 4083 1936 4150 ἣν

268 4177 301 4231 6
326 4172 547 4244 Δανιὴλ
575 4173 629 4229 ἐν
660 4177 730 4248 τῇ
756 4178 865 4228 τῶν
897 4172 1168 4246 τεσσάρων
1206 4168 1409 4243 θηρίων
1461 4169 1693 4240 ὀπτασίᾳ
1746 4170 1937 4245 τέταρ-

258 4288 364 4321 τον
397 4265 597 4340 θηρίον
640 4261 889 4341 διαφέρον
920 4265 1027 4316 τῶν
1085 4258 1275 4317 ἄλλων
1325 4258 1600 4333 τροπικῶς
1658 4259 1936 4331 ὀνομάζει,

266 4355 353 4435 ἐφ’
405 4355 472 4409 οὗ
523 4353 613 4408 καὶ
646 4353 673 4407 6
704 4357 811 4407 τῶν
870 4350 1101 4423 πρώτων
1155 4348 1430 4422 τεσσάρων
1487 4346 1777 4422 στοιχείων
1837 4344 1936 4418 δη-

278 4433 559 4518 μιουργὸς
585 4441 675 4496 καὶ
719 4440 812 4495 τὸν
874 4437 1267 4513 τετραπέρατον
1323 4435 1529 4509 κόσμον
1586 4433 1857 4506 συνδήσας
1884 4435 1936 4491 ἐν

263 4532 494 4592 τούτοις
526 4532 735 4601 Ἰησοῦς
772 4533 1014 4605 Χριστὸς
1071 4527 1354 4602 ἐσαρκώθη
1390 4522 1479 4580 διὰ
1506 4527 1607 4595 τήν
1661 4524 1932 4601 ἡμετέραν

2118 4083 2272 4139 318
2304 4086 2493 4153 Atque
2526 4083 2637 4138 hoc
2669 4089 2758 4138 est
2786 4083 3026 4138 initium
3054 4083 3247 4153 quarti
3297 4083 3483 4154 regni,
3543 4081 3703 4153 quod

2048 4173 2349 4242 Danielus,
2375 4188 2509 4226 cum
2541 4172 2594 4225 ei
2626 4177 2880 4243 quatuor
2909 4171 3195 4227 animalia
3215 4177 3548 4242 appareret,
3590 4170 3703 4225 sibi

2047 4261 2321 4317 animalis
2355 4260 2550 4332 specie
2582 4277 2618 4316 a
2649 4261 2903 4332 reliquis
2951 4260 3262 4315 differente
3320 4264 3708 4330 repraesenta-

2048 4354 2172 4405 tum
2203 4353 2304 4422 ait,
2339 4371 2454 4425 quo
2478 4352 2791 4407 veheretur
2809 4349 3143 4421 primorum
3166 4352 3420 4419 quatuOr
3444 4348 3706 4402 elemen-

2046 4448 2252 4499 torum
2283 4444 2506 4515 opifex,
2535 4443 2635 4514 qui
2667 4441 3171 4513 quatripatentem
3214 4438 3503 4493 mundum
3561 4455 3706 4493 con-

2047 4530 2343 4588 cinnavit:
2373 4550 2490 4604 quo
2522 4548 2701 4604 regno
2734 4530 2964 4587 scilicet
3010 4533 3234 4584 nostvaa
3268 4528 3477 4584 salutis
3527 4544 3708 4583 causa

272 4620 587 4695 σωτηρίαν.
618 4621 776 4683 ’Όθεν
808 4617 1034 4679 εἰκότως
1090 4614 1256 4690 μέγας
1315 4613 1571 4689 βασιλεὺς
1620 4614 1711 4669 καὶ
1756 4614 1914 4685 ἐπίτη

2051 4622 2220 4676 Jesus
2251 4622 2520 4677 Christus
2542 4623 2719 4676 homo
2757 4624 2933 4675 natus
2963 4623 3073 4673 est.
3108 4619 3297 4683 Quare
3329 4617 3545 4673 merito
3576 4634 3708 4672 om-

281 4732 387 4784 μος
424 4710 560 4783 ὑπὲρ
590 4708 793 4770 πάντας
828 4708 857 4762 6
886 4704 1198 4781 Αὔγουστος
1223 4703 1315 4759 καὶ
1375 4700 1600 4765 δυνατὸς
1655 4703 1947 4780 γενόμενὸς

276 4800 517 4870 ὒπέταξε
581 4798 677 4858 τὰς
736 4796 960 4873 μερικὰς
1022 4792 1303 4870 βασιλείας
1357 4793 1552 4863 πάσας,
1613 4789 1705 4847 διὰ
1749 4793 1840 4847 τὸν
1896 4792 1948 4847 ἐν

276 4896 404 4952 ταῖς
434 4887 673 4963 ἡμέραις
708 4887 876 4942 αὐτοῦ
924 4883 1161 4942 Βασιλέα
1214 4887 1311 4940 τοῦ
1367 4882 1570 4944 παντὸς
1625 4882 1714 4937 καὶ
1746 4883 1946 4958 Κύριον

276 4977 572 5052 τεχθέντα,
611 4974 747 5030 κατὰ
798 4975 897 5041 τήν
952 4974 1178 5030 Ἡσαΐου
1236 4969 1594 5048 προφητείανο
1656 4970 1788 5047 φησὶ
1818 4970 1946 5045 γὰρ·

282 5092 310 5118 ιι
348 5066 453 5122 Καὶ
488 5062 639 5119 ἔσται
696 5063 748 5118 ἐν
808 5066 927 5122 ταῖς
994 5060 1252 5139 ἐσχάταις
1310 5060 1544 5134 ἡμέραις
1604 5056 1832 5136 ἐμφανὲς
1886 5060 1950 5115 τὸ

284 5154 422 5229 ὅρος
452 5152 679 5228 Κυρίου,
736 5151 827 5207 καὶ
861 5152 889 5206 6
929 5152 1084 5212 οἶκος
1116 5152 1214 5204 τοῦ
1273 5151 1406 5203 Θεοῦ
1464 5147 1548 5203 ἐπ’
1604 5145 1782 5222 ἄκρων
1840 5152 1948 5203 τῶν

284 5242 485 5315 ὀρέων.
547 5240 648 5298 Καὶ
701 5240 1046 5314 ὑψωθήσεται
1107 5235 1356 5311 ὑπεράνω
1410 5235 1521 5290 τῶν
1581 5236 1812 5308 βουνῶν,
1860 5236 1951 5290 καὶ

279 5332 515 5401 ἥξουσιν
557 5329 640 5385 ἐπ’
670 5328 827 5384 αὐτὸν
855 5328 1029 5383 πάντα
1084 5326 1150 5381 τὰ
1207 5320 1360 5394 ἔθνη,
1416 5324 1506 5378 καὶ
1564 5325 1952 5398 πορεόυσονται

280 5420 419 5476 Λαοί
450 5417 685 5485 πολλοὶ,
715 5419 807 5473 καὶ
838 5418 1041 5493 ἐροῦσν
1072 5420 1254 5472 Δεῦτε.
1288 5407 1572 5486 ἀναδῶμεν
1603 5413 1679 5476 εἰς
1733 5414 1797 5469 τὸ
1829 5412 1957 5489 ὄρος

278 5514 499 5588 Κυρίου
556 5516 645 5565 καὶ
706 5509 783 5575 εἰς
836 5510 928 5564 τὸν
1009 5509 1159 5564 οἶκον
1218 5512 1316 5563 τοῦ
1369 5509 1503 5562 Θεοῦ
1561 5502 1797 5563 ³1ωκώ6.
1851 5510 1952 5565 Καὶ

279 5603 589 5680 ἀναγγελεῖ
639 5602 775 5675 ἡμῖν
811 5599 910 5668 τὴν
943 5595 1070 5654 ὁδὸν
1102 5596 1289 5667 αὐτοῦ,
1352 5617 1442 5651 και
1490 5596 1869 5671 πορευσόμεθα
1902 5596 1954 5652 ἐν

277 5691 452 5768 αὖτῇ.
512 5691 609 5749 Ἐκ
655 5690 762 5767 γὰρ
811 5687 951 5745 Σιὼν
1010 5684 1344 5757 ἰξελεύσεται
1401 5682 1587 5759 νόμος,
1640 5685 1731 5740 καὶ
1791 5684 1955 5767 λόγος

358 5791 411 5828 ⁸³
442 5792 555 5849 Isa.
590 5808 653 5863 ιι,
689 5791 807 5846 1-4.

2057 4711 2233 4767 nibus
2267 4711 2504 4784 regibus
2545 4712 2736 4782 major
2764 4709 3174 4780 illustriorque
3228 4708 3341 4762 fuit
3388 4713 3710 4780 Augustus,

2058 4802 2376 4873 omniaque
2410 4800 2791 4874 particularia
2820 4814 3003 4871 regna
3032 4814 3137 4852 suo
3161 4796 3411 4868 imperio
3435 4797 3713 4869 subjecit,

2058 4897 2302 4963 propter
2330 4908 2465 4948 eum
2497 4891 2598 4962 qui
2627 4889 2814 4961 ipsius
2840 4893 3011 4943 (atate
3060 4886 3221 4942 nasci
3267 4885 3472 4940 debuit
3520 4901 3625 4940 rex
3656 4890 3716 4940 et

2060 4981 2345 5036 Dominus
2370 4979 2650 5049 universi,
2683 4995 2815 5049 quas
2852 4976 3034 5032 Isaias
3056 4975 3150 5031 his
3204 4974 3397 5030 verbis
3427 4973 3715 5044 prwdixe-

2060 5078 2154 5128 rat
2180 5071 2272 5129 88:
2306 5096 2333 5123 ‹‹
2360 5071 2591 5128 Ultimis
2623 5087 2798 5142 porro
2856 5067 3223 5139 temporibus
3264 5082 3434 5121 mons
3476 5065 3711 5119 Domini

2063 5161 2177 5215 erit
2206 5161 2480 5229 illustris,
2514 5159 2790 5228 mdesque
2850 5156 2950 5210 Dei
2998 5156 3060 5209 in
3104 5170 3334 5209 summo
3366 5152 3662 5208 montium
3698 5168 3712 5209 :

2065 5251 2419 5307 exaltabitur
2448 5265 2627 5321 supra
2650 5248 2857 5314 colles,
2881 5251 2939 5301 et
2967 5246 3042 5300 ad
3085 5261 3213 5300 eam
3268 5243 3718 5314 proﬁciscentur

2066 5355 2274 5394 omnes
2305 5339 2594 5393 nationes.
2630 5335 2914 5404 Multique
2938 5331 3142 5404 populi
3164 5331 3361 5401 ibunt,
3381 5349 3450 5388 ac
3478 5332 3715 5389 dicent:

2066 5426 2330 5499 Agedum
2348 5424 2821 5481 conscendamus
2835 5425 3100 5477 montem
3115 5421 3350 5476 Domini
3365 5426 3423 5477 et
3435 5422 3719 5479 adeamus

2067 5516 2257 5572 aedem
2288 5515 2389 5570 Dei
2418 5513 2651 5570 Jacobei
2675 5529 2688 5568 :
2742 5513 2791 5568 is
2816 5510 2990 5567 nobis
3019 5510 3172 5566 viam
3224 5528 3391 5568 suam
3419 5517 3722 5569 monstra-

2067 5605 2173 5673 bit,
2207 5605 2389 5676 inque
2420 5621 2489 5660 ea
2516 5620 2626 5660 nos
2658 5600 3118 5658 ambulabimus.
3152 5601 3296 5656 Nam
3327 5601 3399 5657 de
3430 5603 3605 5657 Sione
3622 5602 3719 5657 lex

2071 5693 2426 5769 egredietur,
2459 5698 2518 5751 et
2546 5709 2740 5750 sermo
2763 5689 2991 5749 domini
3012 5690 3435 5761 Hierosolymis
3492 5689 3716 5756 exibit;
