4118 6284
479 353 600 414 359

546 663 898 720 Archelaum
913 655 1160 714 Herodis
1182 654 1370 708 lilium
1392 655 1688 724 Augustus
1713 652 1928 708 Iudaeae
1956 651 2115 723 genti

472 750 1071 826 praafecitJleliquam
1103 745 1408 815 regionem
1431 743 1492 797 in
1515 746 1548 798 4
1569 749 1766 814 partes
1789 741 2116 810 distribuit,

475 843 680 913 eisque
701 839 966 908 reliquos
989 833 1260 890 Archelai
1281 831 1494 886 fratres
1514 829 1858 902 praeposuit,
1902 833 2116 882 tetrar-

473 932 613 986 chas
644 949 678 985 a
709 924 1140 1000 quadripartito
1202 921 1450 992 imperio
1483 918 1833 991 appellatos.
1897 918 2116 971 Horum

471 1020 717 1075 nomina
745 1021 882 1072 sunt
915 1012 1173 1069 Herodes
1204 1011 1378 1082 patri,
1411 1009 1720 1080 Antipater
1748 1025 1853 1062 avo
1895 1023 2112 1078 cogno-

470 1110 684 1175 mines,
719 1105 997 1179 Lysanias
1025 1108 1083 1157 et
1138 1099 1465 1171 Philippus.
1499 1099 1682 1152 Tanta
1739 1114 1810 1152 eo
1843 1101 2110 1167 tempore

469 1199 582 1254 fuit
611 1201 809 1254 Romaa
840 1192 1091 1266 penuria
1133 1195 1199 1244 ut
1229 1186 1689 1244 modius'aureis
1741 1189 1808 1239 27
1851 1185 1928 1238 sit
1973 1201 2111 1239 ven-

473 1287 657 1342 ditus.

541 1385 709 1432 Anno
735 1365 1554 1436 mundi5319,incarnationis
1571 1369 1770 1419 autem
1795 1361 2008 1416 divinaa
2029 1363 2112 1428 l3,

471 1467 680 1522 tertius
710 1462 986 1527 Herodes,
1035 1457 1387 1531 cognomine
1421 1455 1694 1527 Agrippa,
1749 1467 2002 1525 regnum
2050 1451 2114 1504 in

468 1555 700 1611 Iudaeos
732 1551 1006 1613 obtinuit,
1065 1547 1424 1618 alienigena,
1467 1542 1714 1598 Herodis
1761 1541 1917 1596 απ
1959 1539 2116 1594 ﬁlios

470 1645 654 1698 frater
683 1635 1268 1709 Archelai.Regnavit
1298 1649 1488 1690 annos
1517 1633 1766 1686 24.Nam
1791 1628 2116 1685 Archelaus

469 1750 605 1789 cum
633 1735 666 1786 9
695 1745 884 1786 annos
917 1729 1240 1799 regnasset,
1283 1740 1317 1778 a
1373 1721 1654 1778 Romanis
1685 1725 1774 1775 est
1826 1718 2114 1772 Viennam

471 1821 672 1877 Galliae
701 1819 910 1874 urbem
942 1817 1002 1870 in
1033 1814 1310 1870 exsilium
1343 1809 1690 1866 missus.Hic
1723 1805 2111 1877 Herodes,qui

469 1917 526 1967 et
550 1909 818 1980 Antipas,
850 1921 1006 1962 anno
1038 1905 1129 1960 sui
1157 1903 1320 1975 regni
1359 1903 1420 1955 l3
1449 1902 1739 1956 Joannem
1789 1897 2114 1969 Baptistam

469 1999 719 2068 necavit,
771 1997 1003 2051 Christo
1052 1994 1123 2047 32
1171 1997 1381 2064 agente
1435 2005 1682 2046 annum.
1740 1986 1856 2042 Sub
1910 1986 2119 2042 eodem

468 2087 736 2142 Christus
752 2088 994 2156 propter
1009 2097 1116 2135 nos
1131 2084 1340 2150 sponte
1355 2075 1715 2148 supplicium
1729 2071 2120 2146 pertulit.Sub

471 2177 582 2232 hoc
602 2178 870 2231 Panosus
881 2171 1024 2226 urbs
1037 2171 1305 2224 Caasarea
1326 2166 1586 2237 Philippi
1605 2163 1995 2219 denominata
2012 2167 2101 2216 est

471 2269 630 2339 quod
643 2283 772 2322 eam
795 2265 1103 2334 Philippus
1129 2260 1424 2316 tetrarcha
1435 2257 1820 2314 refecisset.ls
1843 2256 1906 2309 in
1929 2255 2115 2310 hono-

475 2373 603 2412 rem
635 2351 854 2408 Tiberii
887 2349 1136 2404 Caasaris
1164 2347 1374 2402 urbem
1406 2343 1771 2399 Tiberiadem
1819 2341 2121 2410 condidit;

477 2450 535 2500 et
550 2442 930 2499 Gabiniorum
948 2435 1332 2504 urbem,olim
1353 2433 1633 2489 Samaria)
1650 2431 1892 2486 nomine
1905 2435 2108 2484 notam

468 2529 840 2597 instauravit,
873 2545 942 2583 ac
973 2526 1298 2592 Sebastem,
1324 2525 1435 2579 hoc
1465 2527 1554 2577 est
1584 2523 1847 2593 Augusta
1866 2537 1950 2589 m,
1984 2535 2112 2574 nun

471 2621 720 2693 cupavit.
755 2618 1013 2690 Ejusque
1043 2613 1272 2682 navale,
1305 2611 1516 2668 turrim
1571 2609 1882 2677 Stratonis,
1944 2621 2115 2662 muro

474 2727 608 2768 cum
640 2708 939 2764 cinxisset.
972 2707 1298 2761 Caasaream
1331 2701 1406 2756 ab
1433 2701 1562 2772 ipso
1593 2701 1820 2754 Cmsare
1851 2696 2116 2770 appella-

471 2801 571 2855 vit.
608 2801 741 2853 Post
773 2802 831 2853 et
861 2793 1298 2866 Antipatridem
1353 2789 1623 2846 condidit
1655 2804 1669 2854 ;
1715 2793 1774 2843 et
1823 2785 2118 2854 Pancade,

470 2909 600 2962 qua:
617 2905 773 2945 nunc
786 2891 1049 2944 Caesarea
1065 2883 1398 2939 Palaestina
1412 2877 1905 2952 usurpatur,Pani
1917 2877 2120 2933 fanum

465 2979 708 3036 nomine
735 2979 1000 3032 Paneum
1031 2973 1248 3044 posuit,
1270 2988 1338 3026 ac
1365 2968 1658 3041 templum
1691 2964 2120 3036 Hierosolymi—

463 3073 670 3125 tanum
695 3065 943 3136 duplum
962 3059 1514 3117 zediﬁcavit.Missus
1537 3063 1736 3112 autem
1759 3055 1822 3110 in
1840 3053 2118 3109 exsilium

487 3157 832 3230 Lugdunum
865 3152 1066 3208 Galliae
1097 3148 1451 3217 urbem,vita
1478 3163 1612 3203 cum
1643 3145 1916 3201 adultera
1944 3144 2125 3198 Hero-

1799 334 2114 397 GEORGII
2162 336 2358 399 CEDR
2371 339 2470 399 EN
2477 345 2504 402 Ι

551 487 816 541 Christus
847 480 919 535 ab
934 480 1174 549 ngypto
1205 474 1382 529 rediit
1411 489 1602 528 annos
1634 475 1810 525 natus
1839 469 2105 540 quinque

2263 473 2436 548 ."Om
2502 477 2796 544 πενταετὴς
2863 477 2892 530 ὁ
2949 478 3178 550 Χριστὸς

3731 364 3834 425 360

2250 539 2271 575 ;
2310 479 2436 576 ἰ,Οτι
2502 479 2796 544 πενταετὴς
2863 479 2892 530 ὁ
2949 479 3178 550 Χριστὸς
3265 479 3368 534 ἀπὸ
3436 485 3529 552 τῆς
3592 489 3834 564 Αἰγύπτου

2237 575 2547 637 ανερχεται.

2295 653 2420 708 ’Ὀτι
2472 650 2782 731 Αὔγουστος
2817 652 3121 729 Ἀρχέλαον
3158 656 3251 727 μὲν
3310 657 3421 712 υἱὸν
3452 659 3685 734 Ἡρώδου
3720 669 3840 724 Ἴου-

2230 737 2395 793 δαίων
2430 741 2696 818 ἐθνάρχην
2729 741 3042 812 κατέστησε·
3076 744 3203 804 τοὺς
3255 740 3310 798 δὲ
3357 743 3558 810 ἀλλους
3600 747 3839 831 ἀδελφοὺς

2227 829 2390 885 αὖτοῦ
2415 829 2674 904 τέσσαρας
2731 832 2908 901 ὄντας,
2962 830 3218 908 Ἡρώδην
3287 834 3575 910 ὁμώνυμον
3599 844 3672 911 τῷ
3696 829 3837 911 πατρὶ

2227 919 2318 973 καὶ
2350 919 2701 994 Ἀντίπατρον
2759 926 2841 992 τῷ
2895 921 3104 994 πάππῳ
3167 922 3433 978 Λυσανίαν
3460 946 3516 981 τε
3543 927 3626 981 καὶ
3655 897 3838 986 ψελιὲ.

2227 1027 2350 1079 πον,
2383 1007 2458 1069 εἷς
2489 1006 2721 1084 τέσσαρα
2763 1008 2899 1085 μέρη
2965 1007 3238 1084 διατεμὼν
3293 1013 3392 1080 τήν
3452 1014 3628 1088 χώραν
3657 1016 3840 1091 ἑκάστῳ

2227 1093 2459 1171 διένειμε
2515 1099 2606 1152 καὶ
2661 1098 2965 1174 τετράρχας
3024 1098 3222 1160 αὖτοὺς
3280 1101 3552 1174 ὠνόμασε.
3609 1104 3732 1160 Τότε
3764 1109 3843 1162 καὶ

2226 1187 2391 1261 λιμὸς
2449 1189 2503 1244 έν
2557 1191 2745 1265 Ῥώμῃ
2800 1190 3019 1268 γέγονεν
3077 1191 3151 1253 ὡς
3211 1199 3476 1266 πραθῆναι
3537 1195 3625 1249 τὸν
3675 1194 3839 1268 μόδιον

2227 1277 2500 1352 χρυσίνων
2527 1279 2630 1347 κζ’.

2294 1365 2415 1421 ’Ὁτι
2443 1369 2524 1436 τῷ
2555 1367 2690 1440 εφιθ“
2715 1370 2813 1422 τοῦ
2857 1367 3088 1440 κόσμου,
3136 1373 3237 1437 τῆς
3289 1365 3347 1422 δὲ
3389 1368 3528 1432 θείας
3558 1372 3838 1446 σαρκώσεως

2224 1449 2330 1509 ἔτει
2375 1461 2437 1529 ιγ’
2489 1453 2768 1513 Ἰουδαίων
2818 1457 3000 1531 τρίτος
3057 1455 3314 1532 Ἡρώδης
3356 1457 3662 1532 ἐκράτησεν,
3692 1461 3840 1524 ὅςκαὶ

2227 1541 2536 1617 Ἀγρίππας
2591 1542 2836 1619 ἐλέγετο,
2895 1543 3216 1624 ἀλλόφυλος
3273 1544 3374 1617 ὢν,
3433 1547 3550 1609 υἱὸς
3599 1545 3842 1624 Ἡρώδου,

2232 1629 2465 1711 ἀδελφὸς
2520 1631 2858 1708 Ἀρχελάου,
2915 1629 3011 1704 ἕτή
3071 1633 3181 1692 κδ’.
3211 1637 3240 1692 ὁ
3269 1637 3372 1711 γάρ
3404 1635 3704 1715 Ἀρχέλαος
3731 1637 3844 1710 μετὰ

2227 1726 2271 1784 0'
2325 1727 2428 1790 τῆς
2485 1720 2668 1797 ἀρχῆς
2725 1721 2818 1792 ἔτη
2879 1721 2956 1784 εἷς
3017 1723 3236 1779 Βίενναν
3299 1724 3460 1780 πόλιν
3497 1727 3577 1798 [Ρ.
3615 1727 3724 1798 184]
3761 1732 3849 1794 τῆς

2235 1808 2474 1870 Γαλλίας
2536 1811 2640 1866 ὑπὸ
2696 1811 2981 1884 Ῥωμαίων
3049 1811 3339 1888 ἐξωρίσθη.
3401 1813 3568 1874 Οὗτος
3622 1809 3848 1887 Ἡρώδης,

2240 1900 2266 1954 ὁ
2323 1899 2412 1954 καὶ
2467 1901 2797 1974 Ἀγρίππας,
2857 1902 3112 1972 Ἰωάννην
3164 1903 3256 1958 τὸν
3333 1903 3631 1970 Βαπτιστὴν
3693 1898 3852 1956 ἀνεῖλε

2234 1996 2314 2064 τῷ
2367 1998 2434 2067 ιγ’
2493 1992 2588 2064 μὲν
2643 1991 2746 2048 ἔτει
2798 1999 2898 2062 τῆς
2955 1992 3138 2068 ἀρχῆς
3194 1993 3386 2066 αὐτοῦ,
3419 1992 3509 2070 λβ“
3561 1993 3616 2048 δὲ
3654 1998 3745 2062 τῆς
3769 1997 3851 2047 τοῦ

2237 2083 2442 2157 Κυρίου
2497 2084 2840 2158 σαρκώσεως·
2901 2083 2982 2160 ἐφ’
3065 2085 3127 2138 οὗ
3215 2084 3306 2139 καὶ
3367 2085 3396 2139 ὁ
3472 2083 3662 2159 Κύριος
3711 2085 3850 2156 ἡμῶν

2239 2173 2450 2242 Ἰησοῦς
2509 2174 2738 2248 Χριστὸς
2817 2173 3078 2237 ἑκουσίως
3167 2173 3238 2228 δι’
3297 2177 3450 2249 ἡμᾶς
3499 2174 3560 2230 τὸ
3616 2173 3852 2246 σωτήριον

2239 2259 2439 2332 ὕπέστη
2502 2261 2688 2325 πάθος.
2752 2261 2881 2318 Ὗπὸ
2937 2262 3133 2318 τούτου
3190 2267 3226 2334 ἡ
3289 2265 3534 2326 Πανοσὸς
3595 2262 3856 2336 Καισάρεια

2241 2349 2525 2407 Φιλίππου
2587 2353 2983 2426 μετωνομάσθη
3049 2350 3142 2408 διὰ
3189 2354 3252 2409 τὸ
3311 2353 3686 2421 ἂνακτισθῆναι
3736 2350 3861 2424 παρᾶ

2236 2443 2334 2494 τοῦ
2362 2439 2674 2514 τετπάρχου
2707 2437 3015 2496 Φιλίππου.
3049 2440 3224 2505 Οὗτος
3267 2443 3372 2512 τήν
3401 2435 3684 2514 Τιϐεριάδα
3709 2435 3852 2492 πόλιν

2240 2525 2328 2582 διὰ
2357 2523 2608 2604 Τιϐέριον
2641 2529 2881 2603 Καίσαρα
2928 2527 3124 2600 ἔκτισε,
3172 2531 3264 2585 καὶ
3309 2531 3414 2600 τὴν
3461 2533 3568 2585 τῶν
3617 2525 3849 2583 Γαϐινίων

2238 2617 2401 2673 πόλιν
2432 2620 2529 2689 τήν
2579 2639 2714 2674 ποτε
2771 2617 3078 2694 Σαμάρειαν
3115 2618 3412 2683 Δἐπικτίσας
3469 2614 3728 2686 Σεϐαστὴν
3768 2615 3855 2670 αὖ·

2237 2709 2335 2776 τήν
2385 2707 2814 2785 προσηγόρευσε,
2877 2709 2941 2764 τὸ
3009 2707 3068 2765 δὲ
3123 2708 3330 2766 ἐπίνεον
3366 2710 3562 2781 αὐτῆς,
3591 2709 3676 2762 τὸν
3705 2703 3851 2779 Στρά-

2238 2819 2408 2860 τωνος
2464 2799 2672 2874 πύργον
2727 2796 2982 2869 πολίσας,
3041 2799 3148 2854 ἀπὸ
3225 2804 3323 2856 τοῦ
3405 2801 3574 2855 αὐτοῦ
3630 2795 3854 2868 Καίσαρος

2252 2849 2408 2860 τ---
2472 2849 2663 2874 πη-.
3044 2849 3144 2854 ᾖ.--
3236 2849 3319 2856 η-
3407 2849 3569 2855 ---μ
3632 2849 3786 2868 απ,
3843 2849 3852 2853 -

2240 2887 2562 2962 Καισάρειαν
2614 2885 2886 2943 ἐκάλεσεν’
2957 2887 3178 2963 ὕστερον
3235 2887 3293 2944 δὲ
3349 2891 3442 2945 καὶ
3516 2879 3846 2958 Ἀντιπατρίδα
4025 2849 4027 2946 Ι

2236 2976 2428 3046 κτίζει.
2483 2977 2585 3032 Καὶ
2646 2981 2870 3031 Πανεῑον
2927 2973 3210 3034 εἶδωλεῖον
3261 2976 3650 3034 κατεσκεύασεν
3676 2973 3717 3028 έν
3755 2977 3846 3026 Ιια-
4025 2967 4027 2988 ἑ

2238 3062 2382 3121 νεδοι
2412 3069 2492 3138 τῷ
2527 3064 2680 3135 Πανὶ,
2715 3065 2768 3119 ἐν
2819 3069 2887 3140 τῇ
2945 3069 3032 3120 νῦν
3085 3064 3362 3142 λεγομένῃ
3432 3062 3717 3137 Καισαρείᾳ
3767 3065 3847 3126 τῆς

2239 3152 2628 3224 Παλαιστίνης·
2689 3155 2779 3209 καὶ
2836 3155 2928 3209 τὸν
3007 3155 3134 3210 ναὸν
3190 3155 3601 3231 Ἱεροσολύμων
3660 3147 3855 3206 διπλοῦν

4026 1761 4027 1782 l

4025 1801 4027 1824 1

483 3246 658 3302 diade
690 3259 924 3300 summa
955 3242 1018 3295 in
1049 3243 1306 3312 egestate
1329 3242 1554 3305 exacta,
1586 3241 1858 3290 mortuus
1891 3237 1998 3288 est.
2029 3231 2111 3286 Fi‘

2239 3221 2679 3317 ἀνῳκοδόμησεν.
2733 3243 2908 3306 Οὗτος
2963 3221 3272 3319 ἐξορισθεὶς¹
3318 3243 3371 3300 έν
3437 3221 3737 3320 Λουγδούνῃ
3772 3242 3856 3305 τῆς

465 3335 774 3404 Ιίειω,(ιιιω
805 3327 1077 3386 saltando
1107 3327 1459 3398 impetrarat
1477 3329 1542 3378 ut
1563 3321 1919 3378 Praecursori
1942 3323 2120 3391 caput

461 3443 496 3479 a
509 3424 1069 3494 mputaretur,terra
1085 3417 1272 3471 vivam
1295 3414 1608 3484 absorpsit.
1620 3412 1733 3466 Alii
1751 3412 1952 3468 ferunt
1963 3427 2114 3482 eam,

468 3530 608 3568 cum
638 3512 700 3566 in
730 3509 915 3583 glacie
947 3505 1197 3579 palustri
1228 3504 1492 3570 luderet,
1525 3508 1699 3574 rupta
1729 3501 1916 3573 glacie
1943 3501 2026 3554 ita
2055 3500 2116 3554 in

463 3601 718 3656 fundum
729 3598 1023 3655 decidisse
1041 3600 1106 3650 ut
1118 3598 1295 3665 caput
1321 3592 1653 3648 abscissum
1671 3606 1851 3661 supra
1866 3589 2114 3662 glaciem

463 3695 743 3747 exstaret.

535 3957 784 4015 Herodis
799 3963 1066 4028 tempore
1090 3953 1408 4025 impletum
1427 3955 1516 4005 est
1529 3947 1760 4004 Danieli
1782 3945 2109 4002 oraculum.

459 4052 604 4104 Nam
628 4047 703 4104 ad
725 4063 862 4102 eum
884 4060 1072 4115 usque
1095 4042 1402 4109 uncti,hoc
1429 4043 1518 4095 est
1538 4037 1756 4093 summi
1778 4035 2108 4107 pontiﬁces.

460 4138 693 4194 Judaeos
726 4140 1026 4200 rexerant,
1060 4133 1131 4188 ab
1164 4131 1498 4186 instaurato
1531 4127 1688 4184 824
1716 4125 1874 4180 Darii
1930 4141 2112 4197 opera

456 4227 680 4300 templo
703 4241 893 4297 usque
917 4223 990 4280 ad
1013 4224 1349 4294 Hyrcanum
1373 4220 1616 4289 (nomen
1638 4215 1778 4270 huic
1799 4231 1833 4270 a
1850 4214 2108 4269 subactis

459 4316 744 4388 Hyrcanis
773 4315 906 4385 fuit)
939 4329 1046 4384 per
1075 4327 1264 4366 annos
1293 4309 1418 4375 483,
1451 4322 1601 4377 quos
1642 4304 1821 4360 etiam
1880 4302 2106 4358 Danieli

457 4405 766 4461 oraculum
801 4400 1084 4473 exprimit
1117 4417 1129 4453 :
1167 4421 1195 4450 «
1230 4397 1560 4466 Cognosces
1591 4398 1651 4448 et
1686 4391 1986 4464 intelliges
2033 4391 2106 4446 ab

458 4494 622 4549 exitu
653 4486 1137 4559 sermonis,quod
1169 4486 1475 4541 decretum
1505 4483 1610 4538 fiet
1628 4485 1688 4536 et
1716 4479 2107 4536 aediﬁcabitur

452 4579 804 4648 Jerusalem,
836 4593 1025 4646 usque
1057 4577 1133 4630 ad
1163 4573 1461 4628 Christum
1493 4568 1728 4637 ducem,
1760 4568 2102 4640 septimana:
2141 4623 2173 4648 υ

456 4673 682 4740 septem
699 4672 756 4722 et
769 4666 1115 4738 septimanae
1132 4661 1437 4734 sexaginta
1449 4658 1579 4714 duae
1591 4656 1692 4712 9°.»
1713 4659 1810 4712 Ηω
1829 4657 2104 4729 septima-

453 4775 546 4813 na;
579 4756 887 4829 sexaginta
916 4770 1129 4810 novem
1160 4767 1350 4807 annos
1381 4746 1712 4803 conficiunt
1763 4746 1902 4814 483;
1965 4746 2102 4801 toti-

451 4847 710 4917 demque
740 4861 932 4900 annos
962 4841 1286 4913 imperium
1318 4835 1628 4892 Iudaicum
1661 4849 1844 4904 penes
1891 4839 2104 4889 unctos

448 4937 581 4992 fuit.
616 4937 878 5001 Quorum
935 4938 1276 5005 postremus
1336 4928 1641 4998 Hyrcanus
1672 4938 1808 4978 cum
1867 4929 2021 4978 esset
2069 4941 2104 4979 a

450 5025 687 5082 Parthis
717 5027 952 5095 captus,
979 5020 1239 5076 Herodes
1261 5014 1556 5087 Antipatri
1579 5011 1738 5068 filius
1762 5029 2010 5085 regnum
2041 5013 2102 5068 in

449 5113 867 5182 Judaaos,nihil
884 5111 959 5168 ad
991 5127 1054 5166 se
1077 5103 1484 5182 pertinens,ab
1515 5104 1774 5174 Augusto
1806 5109 1864 5156 et
1893 5106 2102 5158 senatu

453 5207 718 5259 Romano
751 5201 1018 5274 accepit;
1067 5199 1248 5269 idque
1297 5197 1360 5251 in
1408 5194 1538 5266 ejus
1587 5191 1869 5263 deinceps
1917 5193 2100 5264 stirpe

451 5307 643 5362 usque
669 5292 744 5346 ad
774 5291 1075 5347 excidium
1108 5284 1660 5356 Hierosolymorum
1690 5281 2102 5352 permansit.Is

449 5396 587 5452 ergo
610 5379 872 5435 Herodes
892 5377 1192 5450 Antipatri
1216 5372 1574 5432 Ascalonita»
1597 5369 1758 5426 filius
1775 5370 2101 5439 fuit,matre

448 5467 701 5540 Cypride
759 5469 1030 5524 Arabica.
1065 5469 1189 5532 Quo
1248 5471 1516 5535 tempore
1543 5459 1845 5515 natalibus
1883 5459 2100 5518 Christi

519 5619 570 5656 9°
602 5620 747 5677 Dan.
779 5635 858 5688 ιχ,
889 5621 979 5674 25.

2230 3331 2468 3395 Γαλλίας
2497 3331 2550 3387 ἐν
2579 3331 2786 3408 ἑσχάτῄ
2819 3333 2975 3403 πενίᾳ
3007 3332 3099 3388 σὺν
3155 3337 3226 3406 τῇ
3291 3329 3590 3410 μοιχαλίδι
3649 3329 3858 3398 θνήσκει.

2231 3422 2343 3490 Τὴν
2388 3419 2446 3476 δὲ
2468 3420 2866 3500 ὀρχησαμένην
2892 3423 3062 3496 κόρην
3092 3420 3181 3477 ἐπὶ
3210 3425 3278 3494 τῇ
3327 3422 3592 3496 ἀποτομῇ
3623 3421 3713 3474 τοῦ
3739 3417 3864 3488 [lpo-

2225 3509 2436 3584 δρόμου
2470 3514 2644 3579 ζῶσαν
2700 3507 2950 3565 κατέπιεν
2983 3512 3018 3579 ἡ
3068 3517 3163 3584 γῆ”
3229 3511 3282 3564 οἱ
3342 3507 3401 3566 δέ
3464 3529 3617 3588 φασιν
3672 3507 3749 3560 ὅτι
3799 3500 3862 3561 είς

2227 3601 2398 3674 πάγον
2457 3598 2729 3669 παίζουσα
2789 3597 2976 3654 ἐπάνω
3041 3597 3251 3672 λίμνης
3311 3595 3698 3674 διαρῥαγέντος
3765 3611 3866 3647 κατ-

2224 3687 2363 3757 ῆλθε
2389 3691 2558 3757 κάτω,
2587 3687 2678 3742 καὶ
2715 3690 2814 3756 τῆς
2844 3685 3090 3756 κεφαλῆς
3118 3685 3616 3764 ἀποσφηνωθείσης
3668 3683 3726 3737 τὸ
3781 3678 3858 3752 μὶν

2227 3781 2388 3851 σῶμα
2416 3772 2554 3832 άπαν
2605 3777 2682 3839 εἷς
2734 3776 2828 3832 τὸν
2890 3777 3053 3850 βυθὸν
3105 3773 3396 3848 κατῆλθεν,
3463 3779 3499 3846 ἡ
3563 3772 3619 3830 δὲ
3671 3767 3860 3847 κεφαλῆ

2224 3865 2408 3922 ἐπάνω
2435 3871 2534 3922 τοῦ
2565 3867 2739 3943 πάγου
2779 3865 3106 3944 ὑπελείφθη.

2288 3956 2415 4014 ’Ότι
2446 3955 2534 4011 ἐπὶ
2587 3952 2838 4030 Ἡρώδου
2891 3956 3253 4028 πεπλήρωται
3314 3957 3349 4024 ἡ
3409 3949 3717 4032 προφητεία
3758 3955 3860 4001 Δα-

2217 4042 2372 4114 νιήλ.
2406 4043 2584 4118 Μέχρι
2641 4044 2742 4119 γὰρ
2793 4041 3051 4118 Ἡρώδου
3107 4043 3326 4118 χριστοὶ
3383 4043 3680 4118 ἡγούμενοι
3721 4037 3842 4105 ἦσαν

2219 4134 2271 4186 οἱ
2303 4132 2583 4209 ἀρχιερεῖς
2638 4137 2746 4187 τῶν
2805 4129 3100 4204 Ἰουδαίων,
3155 4132 3448 4207 ἀρξάμενοι
3485 4132 3583 4204 μὲν
3613 4127 3713 4184 ἀπὸ
3760 4129 3845 4191 τῆς

2217 4221 2354 4275 κατὰ
2404 4226 2626 4294 Δαρεῖον
2684 4220 3030 4283 ἀνανεώσεως
3089 4225 3186 4276 τοῦ
3242 4223 3424 4297 ἱεροῦ,
3495 4219 3749 4290 λήξαντες
3796 4209 3844 4266 δὲ

2216 4301 2306 4364 ἐπὶ
2335 4309 2584 4386 Ὑρκανὸν
2622 4310 2715 4364 τὸν
2747 4309 3026 4384 ἀρχιερέα,
3080 4311 3138 4372 ὅς
3195 4307 3284 4365 διὰ
3337 4309 3401 4364 τὸ
3436 4308 3698 4379 ὑποτάξαι
3743 4305 3850 4376 Ὑρ-

2217 4399 2412 4464 κανοὺς
2490 4398 2662 4460 οὕτως
2745 4399 3065 4473 ὠνομάσθη.
3124 4401 3260 4470 Ἕτη
3349 4407 3474 4474 υπγ“
3549 4398 3616 4454 τὰ
3699 4387 3869 4468 μεταξὺ

2212 4487 2448 4558 τούτων,
2480 4488 2654 4544 ὁπόσα
2682 4487 2774 4544 καὶ
2823 4491 2859 4558 ἡ
2889 4493 2986 4544 τοῦ
3042 4487 3248 4558 Δανιὴλ
3300 4487 3616 4564 προφητεία
3647 4479 3862 4547 θεσπίζει

2212 4575 2464 4652 λέγουσα·
2497 4602 2526 4630 ‹‹
2560 4577 2657 4632 Καὶ
2689 4578 2872 4652 γνώσῃ
2901 4575 2991 4632 καὶ
3024 4578 3270 4647 συνήσεις
3301 4576 3413 4631 ἀπὸ
3456 4572 3643 4648 ἐξόδου
3692 4569 3854 4643 λόγων

2210 4669 2309 4720 τοῦ
2367 4665 2728 4742 ἀποκριθῆναι
2785 4666 2875 4720 καὶ
2930 4669 3032 4721 τοῦ
3089 4662 3460 4739 οἰκοδομῆσαι
3519 4666 3620 4734 την
3685 4661 3865 4732 Ἰερου-

2215 4753 2425 4827 σαλὴμ,
2457 4750 2562 4816 ἕως
2601 4755 2850 4828 Χριστοῦ
2917 4753 3249 4831 ἡγουμένου,
3289 4749 3600 4828 ἑϐδομάδας
3633 4748 3760 4806 ἒπτᾶ
3780 4743 3855 4798 καὶ

2209 4837 2521 4914 ἑϐδομάδας
2569 4843 2668 4916 ξβ’.
2705 4867 2726 4896 ι
2796 4843 2965 4900 Αὗται
3022 4843 3078 4898 αἱ
3135 4843 3207 4912 ξθ¹
3269 4838 3572 4916 έϐδομάδες
3615 4832 3860 4910 συμπλη·

2213 4935 2363 5006 ροῦσι
2398 4931 2638 5007 χρόνους
2667 4932 2802 4988 ἐτῶν
2865 4940 3008 5008 υπγ“,
3068 4933 3244 4986 ὁπόσα
3307 4930 3400 5003 ἔτη
3461 4928 3720 5006 τυγχάνει
3773 4927 3860 4990 τῆς

2210 5020 2389 5096 ἀρχῆς
2420 5025 2529 5077 τῶν
2562 5025 2806 5097 χριστῶν
2873 5021 3227 5100 ἡγουμένων,
3290 5021 3364 5076 ὧν
3421 5019 3730 5078 τελευταῖον
3773 5012 3861 5067 τοῦ

2211 5100 2476 5185 ’Υρκανοῦ
2537 5112 2642 5166 ὑπὸ
2702 5099 2933 5188 Πάρθων
3029 5109 3576 5188 αῗχμαλωτισθέντος
3630 5099 3866 5188 Ἡρώδης

2211 5199 2240 5252 ὁ
2269 5199 2620 5276 Ἀντιπάτρου
2675 5187 2799 5269 τὴν
2828 5187 3127 5276 βασιλείαν
3175 5204 3283 5256 τῶν
3343 5197 3646 5265 Ἰουδαίων,
3699 5187 3858 5267 μηδὲν

2212 5290 2594 5364 προσήκουσαν
2629 5290 2802 5362 αὐτῷ,
2837 5290 2942 5345 ὑπὸ
3002 5288 3326 5366 Αὐγούστου
3357 5291 3447 5345 καὶ
3496 5289 3597 5357 τῆς
3635 5279 3868 5358 συγκλή-

2211 5397 2307 5432 του
2384 5379 2494 5434 Ῥω
2579 5377 2594 5432 ί
2895 5377 2928 5434 λ
3016 5374 3082 5434 ϐ’
3296 5377 3321 5396 ”
3670 5394 3699 5408 ι’
3749 5369 3795 5403 ”

2501 5399 2576 5451 μα
2602 5401 2674 5433 ων
2743 5399 2889 5454 παρα
2935 5401 3013 5453 αμ
3056 5399 3188 5447 ανει,
3247 5399 3479 5435 καπειτα
3561 5376 3619 5430 οἱ
3681 5389 3858 5427 .ου.ου

2209 5462 2400 5528 παῖδες
2428 5464 2595 5546 μέχρι
2627 5471 2730 5534 τῆς
2773 5467 3006 5540 ὑστάτης
3061 5465 3458 5544 Ἰεροσολύμων
3514 5458 3860 5538 πολιορκίας.
