4118 6284
539 337 665 398 363

1910 322 2232 386 GEORGII
2262 319 2602 385 CEDBENI

3797 329 3900 392 36‘

543 466 1002 536 subfusca,fulvo
1033 461 1432 531 crine,oculis
1461 459 1636 517 fulvis
1665 475 1735 516 ac
1764 455 2190 524 mediocribus,

2310 451 2516 526 θόθριξ,
2548 451 2950 524 ξανθόμματος,
3000 447 3363 527 εὑόφθαλμος,
3425 451 3770 530 μεγαλόφρυς,
3818 481 3909 533 με-

541 575 754 632 magno
815 555 1158 629 supercilio,
1221 569 1366 608 naso
1420 549 1726 620 mediocri,
1784 547 2061 604 manibus
2119 561 2192 602 ac

543 649 742 721 digitis
789 645 1004 716 longis,
1045 648 1236 700 vestes
1286 639 1738 714 amplexabatur
1788 636 1955 693 nullo
1994 634 2195 691 colore

544 739 776 794 tinctas.
813 737 985 790 Anno
1045 733 1235 788 aetatis
1275 749 1397 786 sum
1452 735 1538 798 l2,
1570 727 1769 784 media
1826 731 1998 782 nocte
2059 740 2196 780 cum

547 822 1205 902 precaretur,divinitus
1237 820 1456 876 editam
1488 818 1561 874 ad
1594 834 1656 874 se
1688 833 1890 874 vocem
1922 814 2144 886 audivit
2179 829 2193 869 :

552 939 578 971 σ
609 915 810 971 Parias
835 913 1024 968 [ilium
1047 927 1304 966 meum.»
1335 909 1537 980 Neque
1561 908 1672 963 hoc
1695 924 1766 964 ex
1789 923 1859 963 ea
1879 905 2195 978 quisquam

546 1004 782 1061 rescivit
837 1007 974 1058 ante
1033 999 1248 1054 Christi
1310 999 1371 1053 in
1429 997 1610 1052 cmlos
1657 1012 1992 1052 ascensum.
2047 995 2196 1050 Cum

545 1111 770 1152 annum
808 1094 872 1146 14
900 1091 1212 1163 attigisset,
1240 1088 1424 1144 Judaei
1459 1103 1588 1142 eam
1621 1086 1841 1142 usitata
1876 1084 2196 1140 mulierum

546 1182 948 1239 imbecillitate
962 1179 1163 1236 labora
1173 1183 1365 1233 turam
1387 1177 1502 1232 rati
1519 1177 1579 1231 in
1600 1175 1822 1247 templo
1837 1191 1967 1231 eam
1983 1172 2197 1230 deinde

545 1273 766 1330 morari
791 1287 912 1326 non
940 1274 1078 1326 sunt
1095 1269 1277 1340 passi.
1306 1269 1486 1322 Porro
1510 1266 1847 1322 sacerdotes
1869 1264 1920 1337 ej
1931 1281 1998 1320 us
2017 1280 2198 1320 causa

544 1364 729 1418 Deum
760 1360 982 1433 precati
1016 1364 1178 1414 sunt.
1210 1357 1296 1412 lbi
1323 1356 1633 1412 Zacharias
1682 1353 1948 1426 pontifex
2006 1353 2195 1410 maxi-

543 1449 994 1521 mus,Baptistaa
1027 1445 1537 1518 pater,duodecim
1567 1460 1778 1500 senum
1810 1448 2198 1516 cognatorum

549 1541 748 1596 Mariae
777 1537 1002 1593 ferulas
1033 1535 1261 1607 accepit
1289 1535 1470 1606 inque
1527 1550 1630 1590 ara
1659 1533 1878 1606 posuit,
1939 1531 2147 1588 dicens
2180 1547 2194 1587 :

549 1653 578 1680 «
611 1625 1271 1697 Ostende,Domine,cui
1296 1625 1453 1697 virgo
1475 1624 1602 1679 huic
1621 1622 1834 1678 debeat
1850 1621 2138 1694 copulari.
2167 1643 2194 1671 »

553 1718 778 1774 Floruit
831 1722 1030 1772 autem
1087 1714 1246 1786 virga
1299 1713 1540 1784 Iosephi
1599 1711 1770 1780 fabri,
1835 1717 2012 1782 atque
2059 1710 2198 1767 huic

548 1806 924 1880 octogenario
948 1806 1010 1860 in
1043 1802 1490 1860 matrimonium
1514 1801 1730 1857 tradita
1758 1801 2044 1872 est,isque
2063 1816 2193 1856 eam
2225 1826 2272 1892 B

549 1895 791 1952 domum
850 1910 1051 1950 secum
1109 1891 1374 1948 abduxit.
1428 1890 1610 1947 Maria
1657 1890 1720 1946 in
1768 1888 1970 1945 mariti
2019 1889 2194 1945 domo

539 1985 828 2058 jejunans
857 2001 926 2040 ac
956 1998 1273 2056 progressu
1297 1982 1359 2036 in
1390 1979 1698 2053 publicum
1730 1978 2038 2035 abstinens
2061 1995 2196 2034 cum

547 2075 782 2132 duabus
813 2075 959 2131 327
996 2071 1232 2144 Iosephi
1267 2071 1502 2126 ﬁliabus
1531 2071 1696 2126 vixit.
1731 2070 1958 2142 Elapsis
1995 2075 2196 2126 autem

547 2183 652 2221 sex
701 2163 1006 2220 mensibus
1055 2161 1332 2234 princeps
1385 2160 1727 2233 angelorum
1787 2159 2096 2216 Gabrielus
2141 2157 2197 2212 ei

548 2255 843 2326 apparuit,
901 2251 1223 2322 lmtumque
1281 2249 1352 2306 de
1411 2249 1596 2305 salute
1653 2247 1863 2306 mundi
1917 2247 2196 2304 nuntium

547 2343 765 2399 attulit.
797 2341 862 2396 Id
894 2357 982 2406 ea,
1019 2339 1210 2396 donec
1239 2339 1588 2411 peperisset,
1631 2338 1930 2394 occultum
1963 2336 2193 2392 habuit.

550 2433 662 2487 Res
695 2424 826 2485 acta
854 2434 944 2484 est
970 2427 1168 2500 primi,
1230 2427 1330 2498 qui
1363 2431 1453 2482 est
1509 2425 1772 2496 Martius,
1832 2424 2057 2481 mensis
2099 2423 2195 2479 die

548 2521 641 2586 25,
674 2518 868 2590 prima
898 2517 951 2572 ei
1012 2516 1358 2588 septimana:
1391 2519 1449 2570 et
1501 2514 1658 2570 lunas
1691 2515 1805 2570 die.
1866 2513 1920 2570 Is
1970 2512 2196 2568 mensis

553 2614 754 2662 sextus
775 2607 889 2662 fuit
908 2605 1177 2677 concepti
1197 2603 1648 2660 Joannis.Maria
1669 2603 1932 2676 digresso
1953 2603 2198 2659 archan-

549 2693 681 2766 gelo
715 2693 776 2748 in
827 2697 1196 2759 montanam,
1254 2690 1540 2746 nimirum
1579 2690 2004 2759 Bethleemam,
2059 2705 2197 2762 pro-

548 2781 704 2838 fecta
736 2783 898 2852 (nam
931 2797 1002 2838 ea
1048 2779 1192 2836 urbs
1223 2779 1456 2836 editiori
1515 2796 1693 2852 quam
1722 2780 2004 2836 Nazareta
2059 2779 2190 2835 loco

553 2871 666 2927 sita
721 2872 830 2933 est)
861 2869 1224 2928 Elisabetam
1255 2868 1675 2925 consobrinam
1715 2868 1918 2925 invisit
1947 2883 1962 2937 ;
2022 2869 2197 2939 eique

511 3021 517 3030 ,
551 2960 744 3034 angeli
775 2957 1229 3032 apparitionem,
1290 2957 1568 3029 quodque
1600 2957 1933 3014 masculum
1983 2974 2192 3014 conce-

548 3051 1024 3124 pisset,itemque
1057 3049 1129 3106 de
1151 3049 1376 3106 visione
1399 3050 1692 3106 Zacharias
1714 3049 2194 3122 exposuit,quam

548 3158 688 3196 voce
710 3141 1005 3196 Zacharias
1033 3139 1357 3194 interclusa
1389 3155 1457 3195 ea
1486 3139 1800 3212 ignorabat
1831 3157 1844 3194 :
1879 3144 1940 3194 et
1967 3139 2194 3196 exactis
2226 3172 2270 3240 c

550 3229 736 3284 tribus
763 3227 1073 3284 mensibus
1102 3228 1164 3282 in
1215 3227 1517 3283 Galilaeam
1548 3227 1744 3283 rediit.
1779 3231 1854 3283 At
1906 3229 2195 3301 Iossphus

551 3334 689 3372 cum
722 3333 968 3389 peregre
1019 3317 1262 3372 domum
1301 3333 1592 3386 reversus
1623 3317 1910 3390 virginem
1963 3323 2201 3374 uterum

547 3405 700 3461 ferre
727 3405 1238 3476 deprehendisset,
1264 3405 1644 3476 perturbatus
1676 3422 1806 3461 eam
1829 3406 2017 3462 celam
2037 3407 2202 3464 dese-

548 3509 680 3550 rere
714 3494 936 3548 statuit.
994 3491 1108 3547 Sed
1152 3492 1349 3565 angeli
1397 3492 1766 3564 apparitione
1815 3494 2199 3550 conﬁrmatus

555 3600 684 3638 eam
715 3582 979 3638 retinuit.
1002 3581 1224 3636 Deinde
1256 3597 1390 3636 cum
1423 3581 1662 3636 ﬁnitimi
1689 3581 2200 3639 calumniarentur

553 3671 883 3743 acerbeque
906 3669 1472 3736 obtrectarent,eum
1503 3670 1786 3742 virginem
1811 3687 1931 3726 non
1948 3671 2023 3727 ad
2044 3688 2196 3745 nup-

551 3759 663 3816 tias
693 3759 796 3815 sed
833 3759 1117 3814 custodias
1165 3775 1344 3815 causa
1376 3758 1595 3830 templo
1625 3759 1964 3828 abduxisse,
1996 3760 2195 3832 itaque

549 3865 681 3905 eam
742 3848 1120 3904 matrimonio
1190 3847 1574 3917 subtraxisse,
1647 3854 1898 3920 uterque
1979 3865 2194 3920 aquam

547 3937 941 4009 experimenti
975 3937 1253 3992 biberunt
1283 3943 1340 3992 et
1370 3937 1430 3992 in
1461 3941 1746 3993 montana
1801 3937 1969 3994 missi
2019 3945 2190 4008 sunt;

541 4025 698 4082 unde
754 4042 887 4082 cum
922 4042 1023 4082 eos
1077 4026 1410 4082 incolumes
1461 4026 1732 4098 nihilque
1789 4027 1932 4083 mali
1983 4045 2194 4100 passos

541 4121 916 4172 accusatores
965 4114 1208 4182 videret,
1261 4115 1511 4171 crimine
1549 4115 1954 4172 absolverunt.
2005 4120 2190 4173 Porro

542 4221 678 4260 cum
712 4221 928 4260 census
953 4203 1080 4275 jam
1107 4209 1400 4276 ageretur,
1432 4204 1724 4276 Iosephus
1755 4221 1890 4262 cum
1921 4207 2102 4262 Maria
2129 4207 2192 4263 in

539 4295 807 4350 Iudaeam
865 4292 1058 4362 abiit;
1121 4292 1510 4364 angustiaque
1567 4295 1854 4366 temporis
1900 4295 2188 4366 prznventi

543 4384 910 4440 diverterunt
939 4385 998 4438 in
1031 4382 1378 4439 suburbium
1416 4383 1792 4452 Bethleemaa,
1825 4385 1984 4456 quod
2003 4387 2191 4458 possi-

541 4471 718 4527 debat
767 4471 998 4526 Solome
1055 4471 1362 4539 obstetrix,
1417 4472 1612 4527 Μειδία)
1669 4473 2048 4530 consobrina.
2100 4474 2186 4531 lbi

543 4577 614 4614 ex
643 4561 825 4615 Maria
851 4565 1027 4615 natus
1059 4559 1503 4626 Emmanuelus,
1538 4566 1740 4618 octavo
1772 4562 1868 4618 die
1925 4563 2180 4621 circum-

541 4649 719 4714 cisus,
750 4653 886 4720 post
915 4649 1068 4705 328
1110 4647 1502 4723 quadraginta
1559 4649 1686 4706 dies
1715 4651 2184 4724 Hierosolymam

539 4737 828 4792 adductus
860 4743 969 4806 est,
1003 4743 1067 4792 ut
1102 4738 1348 4793 Domino
1378 4737 1708 4794 secundum
1732 4739 1921 4812 legem
1945 4743 2182 4798 sistere-

541 4830 671 4894 tur;
700 4828 1117 4898 :acceptusque
1175 4833 1263 4882 est
1310 4844 1345 4882 a
1393 4828 1558 4898 justo
1610 4828 1920 4900 Symeone.
1980 4831 2032 4885 Is
2079 4831 2184 4887 Dei

539 4923 814 4988 receptor
841 4917 1096 4989 Symeon
1147 4916 1384 4972 Iudaeus
1417 4933 1570 4972 unus
1630 4923 1757 4972 erat
1813 4918 1885 4974 de
1944 4920 2013 4973 7O
2063 4920 2184 4976 illis

539 5006 989 5078 interpretibus,
1022 5006 1122 5076 qui
1153 5004 1472 5060 Ptolemaao
1514 5005 1898 5079 Philadelpho
1959 5009 2184 5082 Egypti

538 5095 661 5166 regi
696 5094 1044 5149 Hebraicum
1093 5095 1269 5148 Vetus
1328 5094 1766 5149 Testamentum
1803 5095 1864 5151 in
1919 5098 2184 5154 Graecum

538 5183 966 5238 transtulerant
1018 5198 1354 5237 sermonem
1404 5189 1542 5238 ante
1591 5184 1806 5240 Christi
1865 5185 2184 5244 adventum

540 5272 692 5326 sicut
716 5272 884 5326 divus
944 5271 1398 5342 Chrysostomus
1455 5271 1516 5325 in
1549 5287 1657 5326 suo
1714 5273 1786 5328 de
1817 5290 1919 5329 sex
1973 5275 2184 5334 diebus

539 5375 717 5431 opere
749 5360 947 5418 tradit.
981 5363 1174 5434 Atque
1199 5359 1295 5416 hic
1328 5360 1584 5434 Symeon
1615 5378 1747 5418 cum
1778 5364 1942 5420 Isaias
1971 5365 2179 5423 vatici.

2306 539 2514 616 σόρῥιν,
2553 539 2878 618 μακρόχειρ,
2913 536 3385 614 μακροδάκτυλος,
3424 539 3614 613 ἱμάτια
3641 545 3908 624 αὑτόχροια

2306 628 2592 704 ἀγαπῶσα.
2625 629 2818 686 Ἠνίκα
2847 627 2905 684 δὲ
2927 627 3140 706 γέγονεν
3194 628 3328 685 ἐτῶν
3388 626 3613 705 δώδεκα,
3667 631 3718 688 ἐν
3772 659 3908 710 μεσο.

2304 721 2503 794 νυκτίῳ
2528 721 2950 797 προσευχομένη
2982 721 3188 792 ἢκουσε
3244 727 3432 794 φωνῆς
3491 719 3743 800 λεγούσης
3793 727 3906 803 αὐτῇ

2307 810 2510 876 θεόθεν
2545 835 2574 864 ‹‹
2605 811 2739 886 Τέξῃ
2769 811 2858 867 τὸν
2883 810 3007 866 Υἱόν
3043 832 3170 884 μου.
3205 834 3233 862 η
3256 808 3446 868 Οὐδενὶ
3477 809 3532 866 δὲ
3576 817 3727 870 τοῦτο
3755 818 3908 895 ἀπήγ-

2304 899 2506 976 γειλεν,
2537 896 2641 962 ἕως
2673 903 2756 975 [Ρ.
2797 901 2918 975 186]
2937 901 2966 956 6
2995 899 3227 976 Χριστὸς
3253 899 3330 965 είς
3359 899 3609 976 οὐρανοὺς
3637 901 3906 982 ἀνελήφθη.

2305 989 2610 1063 Γενομένης
2635 989 2693 1045 δὲ
2723 989 2890 1060 αὐτῆς
2925 989 3058 1046 έτῶν
3095 987 3184 1061 ιδ’,
3215 989 3304 1044 καὶ
3337 987 3630 1045 δοκούντων
3662 993 3762 1047 τῶν
3789 994 3906 1052 ’lou.

2306 1074 2469 1134 δαίων
2503 1078 2588 1136 ὅτι
2617 1077 2810 1152 μέλλει
2839 1078 3084 1156 γενέσθαι
3115 1078 3252 1153 αὐτῇ
3283 1081 3318 1148 ἡ
3350 1080 3600 1150 συνήθεια
3628 1087 3721 1150 τῆς
3738 1103 3904 1157 γυναι-

2303 1169 2455 1232 κείας
2487 1168 2781 1238 ἀσθενείας,
2815 1168 3009 1225 λοιπὸν
3041 1168 3108 1225 οὑ
3140 1173 3504 1244 συνεχωρεῖτο
3561 1170 3690 1226 εἶναι
3747 1171 3792 1228 ἐν
3841 1179 3906 1247 τῷ

2305 1263 2441 1332 ναῷ.
2497 1265 2768 1330 Ἐστησαν
2825 1256 2883 1314 δὲ
2943 1260 2997 1315 οἱ
3079 1259 3242 1334 ἱερεῖς
3325 1258 3404 1322 εἷς
3458 1261 3750 1336 προσευχὰς
3805 1265 3908 1340 περὶ

2305 1347 2615 1418 αὖτῆς’καί
2662 1348 2940 1429 Ζαχαρίας
3008 1349 3036 1404 6
3094 1348 3382 1426 ἀρχιερέὺς
3434 1349 3462 1404 ὀ
3499 1353 3592 1406 τοῦ
3644 1352 3906 1408 Βαπτιστου

2305 1439 2484 1513 πατὴρ
2542 1432 2706 1494 ἔλαϐε
2761 1435 2974 1494 δώδεκα
3031 1433 3265 1512 ῥάϐδους
3339 1440 3604 1514 γερόντων
3677 1447 3906 1516 συγγενῶν

2307 1525 2496 1596 αὐτῆς,
2525 1525 2618 1582 καὶ
2657 1520 2848 1598 ἔθηκεν
2877 1525 2931 1582 ἐν
2988 1531 3070 1600 τῷ
3113 1525 3484 1602 θυσιαστηρίῳ
3539 1524 3726 1604 λέγων·
3758 1551 3782 1583 ε
3809 1535 3910 1584 Δεῖ-

2307 1615 2416 1686 ξον,
2473 1614 2654 1691 Κύριε,
2710 1615 2860 1681 τίνος
2917 1610 3067 1672 ἔσται
3123 1617 3159 1687 ἡ
3217 1614 3500 1690 παρθένος.
3551 1638 3581 1669 »ι
3640 1615 3736 1673 Καὶ
3781 1612 3912 1674 66M-

2307 1724 2498 1775 στησεν
2530 1707 2566 1774 ἡ
2588 1708 2686 1760 τοῦ
2717 1707 2922 1785 Ἰωσὴφ
2971 1708 3071 1761 τοῦ
3125 1704 3380 1768 τέκτονος
3411 1699 3629 1780 ῥάϐδος,
3653 1707 3735 1761 καὶ
3760 1707 3912 1781 ἡρμό-

2305 1812 2464 1847 σαντο
2519 1791 2698 1866 τούτῳ
2752 1794 2948 1864 αὐτὴν,
3009 1794 3124 1850 ὄντι
3183 1792 3316 1850 ἐτῶν
3377 1795 3451 1850 π’.
3511 1795 3604 1851 Καὶ
3654 1797 3911 1870 κατήγαγεν

2303 1881 2472 1952 αὐτὴν
2503 1881 2578 1944 είς
2608 1883 2701 1938 τὸν
2730 1884 2884 1940 οἷκον
2916 1883 3104 1952 αὐτοῦ,
3135 1884 3228 1938 καὶ
3269 1880 3426 1958 διῆγε
3477 1883 3790 1954 νηστεύουσα
3833 1883 3908 1939 καὶ

2301 1972 2562 2040 ἀπρόῖτος
2589 1974 2684 2028 σὺν
2713 1978 2834 2037 ταῖς
2865 1970 2986 2030 δυσὶ
3028 1975 3356 2051 θυγατράσιν
3410 1973 3593 2031 αὑτοῦ.
3650 1974 3743 2032 Καὶ
3796 1975 3906 2048 μετὰ

2306 2067 2482 2135 μῆνας
2515 2057 2567 2132 ἔξ
2599 2058 2756 2140 ὤφθη
2788 2063 2928 2137 αὐτῇ
2970 2063 2999 2118 6
3056 2061 3410 2142 ἀρχάγγελος
3461 2058 3722 2140 Γαϐριὴλ,
3775 2063 3908 2140 εὐαγ-

2301 2149 2660 2229 γελιζόμενος
2703 2153 2802 2222 τήν
2855 2157 2950 2208 τοῦ
3008 2153 3220 2226 κόσμου
3279 2154 3582 2229 σωτηρίαν.
3645 2151 3821 2211 Οὐδενὶ
3868 2151 3914 2208 δὶ

2303 2239 2658 2319 ἀπήγγειλεν,
2717 2238 2822 2305 ἕως
2881 2240 2944 2298 οὗ
3008 2239 3206 2300 ἔτεκεν.
3267 2241 3515 2318 Ἐγένετο
3581 2240 3637 2298 δὲ
3677 2243 3828 2299 ταῦτα
3847 2247 3910 2312 τῷ

2301 2330 2509 2403 πρώτῳ
2542 2331 2677 2404 μηνὶ
2706 2328 2881 2406 ἤγουν
2909 2331 3158 2408 Μαρτίῳ,
3191 2335 3260 2406 τῇ
3289 2333 3390 2399 κε’,
3448 2333 3519 2404 τῇ
3570 2333 3615 2386 α’
3665 2339 3758 2401 τῆς
3781 2327 3912 2386 ἑϐδο-

2305 2415 2477 2492 μάδος
2529 2421 2714 2494 ἡμέρᾳ
2749 2421 2836 2477 καὶ
2895 2421 2942 2478 α’
2997 2428 3099 2492 τῆς
3155 2419 3421 2492 σελήνηςσ
3478 2418 3632 2482 αὑτὸς
3677 2420 3770 2496 γάρ
3819 2417 3910 2475 ἐστι

2301 2507 2392 2562 καὶ
2421 2505 2578 2571 ἓκτος
2614 2510 2724 2583 μὴν
2755 2516 2856 2580 τῆς
2895 2508 3228 2586 συλλήψεως
3283 2510 3564 2568 Ἰωάννου.
3617 2513 3672 2566 'll
3727 2507 3779 2564 δὲ
3803 2515 3908 2564 Θεο·

2299 2599 2490 2669 τόκος,
2516 2598 2675 2669 ἡνίκα
2712 2601 3072 2677 ἀπεχώρησεν
3133 2602 3162 2657 6
3220 2599 3598 2678 ἀρχάγγελος,
3649 2599 3798 2671 ἦλθεν
3847 2598 3909 2660 εἷς

2299 2691 2398 2758 τήν
2433 2689 2650 2765 ὀρεινὴν
2679 2691 2804 2762 ἢτοι
2833 2693 2934 2762 τὴν
2966 2690 3222 2764 Βηθλεὶμ
3281 2689 3646 2768 (ὑψηλότερος
3696 2690 3788 2766 γὰρ
3825 2695 3906 2757 τῆς

2299 2779 2546 2853 Ναζαρὲτ
2589 2775 2749 2840 οὗτος
2807 2779 2836 2834 6
2892 2779 3108 2856 τόπος),
3166 2779 3256 2835 καὶ
3305 2779 3594 2850 ἠσπάσατο
3645 2780 3736 2850 τήν
3783 2775 3904 2836 Ἑλι-

2302 2862 2486 2939 σάϐετ,
2535 2865 2832 2946 ὶξαδέλφην
2891 2869 3062 2934 αὐτῆς
3121 2866 3310 2939 οὖσαν,
3363 2869 3459 2924 καὶ
3490 2869 3758 2945 ἐγνώρισεν
3790 2865 3897 2938 αὐτῇ

2300 2957 2399 3025 τὴν
2434 2955 2691 3012 ὀπτασίαν
2721 2961 2819 3012 τοῦ
2847 2955 3110 3034 ἀγγέλου,
3149 2958 3238 3013 καὶ
3300 2958 3390 3014 δτι
3445 2956 3601 3033 ἃῤῥεν
3656 2953 3776 3032 ἔσχε,
3821 2952 3890 3010 καί

2303 3045 2386 3100 ὅτι
2446 3045 2720 3121 Ζαχαρίας
2775 3046 3032 3102 ὀπτασίαν
3072 3047 3325 3122 ἑώρακεν·
3390 3047 3458 3103 οὗ
3509 3047 3611 3125 γὰρ
3665 3045 3894 3122 ἐγίνωσκεν

2305 3129 2595 3191 Ἐλισαϐετ
2613 3136 2710 3190 τοῦ
2745 3137 3024 3212 Ζαχαρίου
3057 3138 3410 3214 σιγήσαντος.
3453 3137 3552 3192 Καὶ
3613 3135 3736 3210 μετὰ
3770 3139 3904 3207 μῆνας

2309 3231 2456 3300 τρεῖς
2516 3226 2839 3302 ὑπέστρεψεν
2896 3225 2975 3290 εἷς
3027 3228 3128 3297 τὴν
3185 3225 3518 3285 Γαλιλαίαν.
3576 3227 3761 3302 Ἰωσήφ
3815 3221 3907 3278 τοί·

2309 3335 2401 3368 νυν
2435 3314 2542 3368 ἀπὸ
2571 3317 2672 3380 τῆς
2729 3312 3046 3388 ἀποδημίας
3090 3313 3426 3384 ἐπανελθὼν,
3487 3317 3574 3372 καὶ
3631 3314 3784 3390 εὑρὼν
3829 3311 3907 3379 τὴν

2311 3403 2576 3478 Παρθένον
2618 3403 2670 3459 έν
2729 3403 2917 3478 γαστρὶ
2974 3399 3230 3480 ἔχουσαν,
3279 3405 3372 3460 καὶ
3429 3399 3740 3482 θορυϐηθεὶς
3787 3395 3910 3456 ἐϐου-

2311 3489 2458 3562 λήθη
2491 3489 2668 3567 λάθρα
2698 3490 2971 3548 ἀπολῦσαι
3011 3493 3204 3565 αὑτήνο
3247 3491 3396 3550 ἀλλὰ
3457 3497 3527 3568 τῇ
3579 3489 3792 3563 ὀπτασίᾳ
3835 3491 3910 3544 τοῦ

2307 3578 2542 3656 ἀγγέλου
2585 3580 2857 3659 θαρρήσας
2913 3581 3173 3658 κατέσχεν
3233 3583 3421 3654 αὑτήν.
3486 3585 3619 3639 Εἶτα
3663 3575 3911 3638 διαϐαλλο-

2311 3669 2486 3742 μένων
2523 3668 2682 3724 αὐτὸν
2733 3669 2822 3725 καὶ
2881 3675 3092 3746 πικρῶς
3148 3668 3600 3747 λοιδορουμένων
3649 3673 3748 3726 τῶν
3799 3665 3908 3740 ὀμο-

2308 3758 2570 3834 ρούντων,
2609 3758 2685 3821 ὡς
2737 3758 2836 3816 οὐκ
2890 3757 2978 3815 ἰπὶ
3032 3759 3195 3836 γάμῳ
3241 3759 3368 3816 ἀλλ’
3430 3759 3523 3817 ἐπὶ
3586 3756 3790 3839 φυλακῇ
3831 3754 3906 3822 τὴν

2305 3847 2576 3920 Παρθένον
2599 3846 2660 3902 έκ
2683 3851 2780 3904 τοῦ
2818 3849 2966 3925 ἱεροῦ
2996 3844 3239 3906 λαϐόντα
3292 3849 3385 3906 καὶ
3441 3847 3905 3926 κλεψιγαμήσπνταο

2301 3938 2364 3993 τε,
2397 3934 2545 4014 ὕδωρ
2573 3945 2675 4009 τῆς
2709 3937 2967 4014 exesam:
2997 3940 3294 4016 ἀμράτεροι
3347 3939 3566 3998 πίνουσι
3621 3940 3708 3995 καὶ
3743 3935 3811 4001 είς
3833 3934 3905 4002 τὴν

2303 4027 2518 4102 ὀρεινὴν
2591 4029 2920 4101 πέμπονται.
2971 4029 3121 4088 Μετὰ
3183 4033 3350 4086 ταῦτα
3404 4030 3482 4093 ὡς
3558 4027 3700 4086 εἶδον
3750 4023 3906 4083 αὐτοὺς

2303 4117 2736 4192 ὑποστρέψαντας
2767 4118 2856 4174 καὶ
2909 4115 3082 4194 μηδὲν
3122 4115 3391 4184 παθόντας
3450 4120 3708 4195 πονηρὸν,
3745 4110 3911 4170 ἀπέλυ·

2301 4227 2395 4262 σαν
2453 4207 2673 4271 αὐτούς.
2731 4213 2839 4278 Τῆς
2891 4209 3220 4288 ἀπογραφῆς
3275 4205 3333 4264 δὲ
3389 4211 3684 4288 γενομένης
3717 4203 3902 4288 ἀνήχθη

2301 4295 2396 4351 σὺν
2423 4300 2503 4368 τῷ
2533 4298 2735 4376 Ἰωσήφ
2777 4297 2854 4360 εἰς
2911 4299 3010 4368 τὴν
3069 4286 3351 4354 Ἰουδαίανσ
3538 4298 3812 4374 φθάσαντες
3859 4286 3905 4344 δδ

2296 4381 2592 4440 κατέλυσαν
2679 4385 2756 4451 εἰς
2838 4387 3160 4461 προάστειον
3243 4393 3346 4456 τῆς
3427 4385 3699 4459 Βηθλεὲμ,
3776 4382 3802 4436 ὃ
3849 4377 3904 4446 ἦν

2295 4479 2485 4548 κτῆμα
2543 4471 2824 4548 Σαλώμης
2881 4481 2982 4546 τῆς
3043 4474 3224 4549 μαίας,
3303 4479 3404 4542 τῆς
3490 4473 3772 4550 ἐξαδέλφης
3825 4471 3906 4535 τῆς

2298 4563 2584 4620 Θεοτόκου.
2625 4563 2888 4626 ,Κάκεῖσε
2951 4560 3096 4620 ἔτεκε
3138 4564 3231 4620 τὸν
3284 4561 3674 4639 Ἐμμανουήλ,
3729 4558 3810 4614 καὶ

2297 4649 2463 4728 ὀγδόῃ
2517 4651 2702 4728 ἡμέρᾳ
2755 4652 3041 4728 περιέτεμε
3094 4653 3159 4710 τὸ
3215 4651 3454 4713 παιδίον.
3537 4652 3634 4708 Καὶ
3703 4647 3822 4724 μετὰ
3863 4656 3906 4715 μ’

2293 4741 2504 4815 ἡμέρας
2560 4739 2830 4816 ἀνήγαγεν
2886 4741 3018 4797 αὐτὸ
3075 4741 3153 4805 είς
3210 4741 3568 4819 Ἱεροσόλυμα
3601 4740 3904 4816 παραστῆσαι

2293 4833 2372 4900 τῷ
2400 4830 2584 4905 Κυρίῳ
2613 4829 2750 4886 κατά
2805 4831 2896 4886 τὸν
2953 4831 3148 4904 νόμον,
3205 4831 3299 4886 καὶ
3342 4829 3616 4900 ὑπεδέχθη
3673 4824 3806 4902 παρᾶ
3827 4822 3905 4876 τοῦ

2296 4915 2510 4974 δικαίου
2571 4921 2822 4992 Συμεών.
2899 4921 3070 4982 Οὗτος
3123 4921 3226 4996 γὰρ
3313 4922 3342 4976 6
3395 4919 3657 4997 θεοδόχος
3710 4912 3905 4987 Συμεὼν

2297 5004 2559 5070 Ἰουδαῖος
2601 5003 2675 5062 ὤν
2704 5008 2780 5070 εἷς
2813 5009 3032 5084 ὑπῆρχε
3060 5015 3168 5066 τῶν
3229 5011 3278 5065 o‘
3329 5015 3439 5068 τῶν
3496 5009 3586 5066 καὶ
3643 5000 3908 5081 Ἐϐραῖκῶς

2296 5098 2704 5171 συντεθειμένην
2764 5099 2864 5170 τήν
2926 5098 3166 5154 Παλαιὰν
3215 5100 3360 5164 θείαν
3438 5098 3653 5179 Γραφὴν
3707 5093 3780 5156 εἷς
3820 5089 3904 5156 τήν

2295 5181 2539 5240 Ἐλλάδα
2614 5183 2868 5262 γλῶσσαν
2939 5183 3364 5261 μεταϐαλόντων
3421 5186 3512 5244 ἐπὶ
3602 5183 3908 5261 [187111το-

2295 5272 2528 5348 λεμαίου
2574 5278 2672 5330 τοῦ
2730 5272 3084 5354 Φιλαδέλφου
3143 5276 3419 5351 βασιλέως
3473 5275 3766 5352 Αἰγύπτου,
3816 5262 3907 5338 πρὸ

2292 5365 2500 5442 χρόνου
2530 5373 2631 5438 τῆς
2657 5369 2895 5444 Χριστοῦ
2926 5369 3226 5444 παρουσίας
3259 5371 3395 5444 (34),
3436 5367 3510 5432 ὡς
3541 5365 3568 5422 ό
3627 5365 3760 5424 θεῖος
3787 5359 3911 5433 κρυ·

1750 5462 2108 5522 XYLANDRI
2149 5467 2237 5522 ET
2273 5468 2494 5524 GOARI
2533 5467 2758 5524 ΝΟΤιΕ.

609 5558 717 5631 (34)
744 5559 1040 5644 ῌιιιῃοειιε
1070 5575 1370 5644 annorum
1399 5559 1633 5644 videtur
1660 5563 1972 5622 excidisse.
2004 5565 2113 5632 Qui
2161 5564 2360 5622 minor
2407 5582 2586 5638 quam
2619 5570 2725 5624 250
2783 5585 2913 5627 esse
2946 5570 3114 5628 nullo
3148 5570 3334 5628 modo
3382 5569 3596 5644 potuit,
3627 5571 3692 5622 ut
3717 5559 3918 5618 ratione

540 5628 976 5704 chronological;
1006 5630 1438 5690 demonstrant.
1473 5634 1612 5692 Χη.
