4104 6276
222 336 335 398 363

1435 331 1976 397 HlSTOilIARUM
2025 332 2573 396 CUMPENDIUM.

3531 337 3653 398 366

232 468 499 541 σόστομος
530 465 584 522 ἒν
610 466 680 542 τῇ
704 468 864 538 ’Βξαη
876 466 1025 542 μέρῳ
1052 464 1220 541 λέγει.
1258 468 1358 530 ’Ός
1402 465 1648 543 ἐντυχὼν
1676 469 1757 538 τῷ
1786 469 1883 520 τοῦ

2006 465 2166 524 nium
2195 465 2455 538 legisset,
2504 466 2789 540 virginem
2837 467 3140 540 gravidam
3188 466 3314 525 fore
3355 473 3649 541 partuque

240 558 520 634 προορήτου
559 556 785 613 Ἡσαΐου
833 556 986 633 ῥητῷ
1015 560 1095 629 τῷ
1160 555 1391 630 λέγοντι,
1427 580 1455 608 ››

242 646 385 708 θένος
413 645 462 700 ἐν
493 645 686 720 γαστρί
718 642 821 715 ἱξει
851 646 943 700 καὶ
997 644 1203 715 τέξεται
1257 645 1396 718 υἱὸν,
1452 644 1542 700 καὶ
1596 641 1889 699 καλὲσουσι

238 738 302 792 τὸ
352 733 519 809 ὄνομα
603 732 770 791 αὐτοῦ
854 733 1237 809 Ἐμμανουήλ,
1311 732 1633 806 διηπίστησε
1685 733 1886 806 τούτῳ,

245 822 494 881 ἀδύνατον
556 826 695 880 εἶναι
758 822 931 900 λέγων
962 868 977 893 ,
1025 822 1149 879 ὅσον
1208 822 1291 880 ἐπ’
1340 824 1652 898 ἀνθρωπίνῃ
1711 821 1887 899 φύσει,

243 915 307 973 τὸ
332 914 584 989 παρθένον
643 918 840 972 τεγεῖν.
902 912 1087 977 Οῦτως
1143 914 1235 968 οὖν
1298 909 1442 988 ἔχων
1491 910 1891 986 ἀποκαλύψεως

250 1002 404 1086 ἔτυχε
432 1002 573 1066 Θείας
597 998 703 1064 ’ἕως
760 1001 883 1057 τότε
929 1006 1010 1074 τῷ
1067 1002 1174 1076 βίῳ
1230 1008 1491 1077 περιεῖναι
1544 996 1647 1064 ἕως
1705 998 1887 1055 ἂντε-

256 1092 419 1167 λεσθῇ
464 1092 525 1146 τὸ
584 1095 729 1154 θεῖον
786 1094 883 1146 τοῦ
949 1092 1234 1170 προφήτου
1317 1090 1500 1165 ῥητόνο
1559 1090 1589 1145 ’ὀ
1647 1087 1714 1158 δὴ
1797 1090 1888 1145 καὶ

258 1181 321 1236 τὸ
355 1184 491 1244 θεῖον
543 1182 691 1252 ἡμᾶς
752 1176 989 1234 διδάσκει
1042 1183 1223 1258 σαφῶς
1278 1178 1640 1256 Εὖαγγὲλιον,
1700 1177 1886 1254 λέγον*

260 1293 289 1321 ‹‹
322 1271 529 1342 Πνεῦμα
573 1268 728 1347 ἅγιον
782 1268 850 1337 ἧν
905 1267 989 1324 ἐπ’
1070 1267 1237 1341 αὐτῷ,
1312 1268 1403 1324 καὶ
1462 1269 1528 1338 ἧν
1597 1266 1743 1341 αύτῷ
1798 1287 1890 1322 κε-

256 1357 684 1437 χρηματισρᾶνον
757 1359 862 1415 ὑπὸ
916 1362 1015 1414 τοῦ
1075 1357 1385 1433 ΙΙνεύματος
1439 1361 1541 1414 τοῦ
1596 1357 1748 1435 ἁγίου
1809 1359 1886 1431 μή

263 1445 382 1503 ἰδεῖν
408 1448 627 1512 θάνατον
656 1448 787 1523 πρὶν
824 1444 922 1522 ’ἴδῃ
984 1446 1076 1502 τὸν
1130 1448 1356 1523 χριστὸν
1414 1447 1636 1522 Κυρίου.
1677 1470 1704 1499 ››
1734 1443 1887 1503 Ἰδὼν

265 1537 426 1591 τοίνυν
455 1534 607 1592 αὐτὸν
640 1535 693 1592 ἐν
724 1540 815 1610 τῷ
861 1536 994 1611 ἱερῷ
1053 1536 1250 1613 βρέφος
1293 1536 1892 1610 τεσσαρακονθήμερον,

267 1626 349 1681 καὶ
392 1623 668 1699 δεξάμενος
737 1626 911 1685 αὐτὸν
957 1624 1035 1687 εἷς
1089 1626 1186 1687 τὰς
1243 1623 1489 1701 ἆγκάλας
1552 1625 1743 1692 αὐτοῦ,
1798 1625 1888 1680 καὶ

270 1714 431 1787 εἰπὼν,
469 1740 494 1770 ιι
520 1718 628 1772 Νῦν
657 1713 922 1779 ἀπολύεις
951 1715 1045 1781 τὰ.
1076 1711 1273 1770 δοῦλόν
1303 1736 1421 1785 σου,
1453 1713 1716 1784 Δέσποτα,
1758 1715 1894 1769 κατὰ

1515 553 1656 614 Ἰδοὺ
1687 558 1722 625 ἡ
1745 575 1908 632 παρ-⁴

2002 554 2189 610 ﬁlium
2211 556 2657 611 Emmanuelem
2680 558 2921 612 nomine
2942 557 3257 626 edituram,
3283 557 3462 614 ﬁdem
3492 558 3649 615 dicto

2001 661 2247 717 prorsus
2273 644 2591 717 derogavit,
2640 645 2798 719 quod
2846 647 3109 703 humana
3160 651 3376 703 natura
3404 648 3650 704 omnino

1997 734 2283 807 virginem
2333 750 2541 806 parere
2571 751 2695 790 non
2751 735 3111 791 admitteret.
3144 735 3236 791 Sic
3286 736 3339 790 ei
3388 736 3652 793 animato

1998 822 2280 878 divinitus
2318 823 2679 895 patefactum
2726 830 2816 879 est
2861 825 3152 880 victurum
3183 842 3251 880 eo
3282 841 3471 896 usque
3503 826 3649 883 dum

1999 914 2146 969 vatis
2178 914 2484 971 oraculum
2517 916 2887 989 impleretur.
2920 916 2985 970 Id
3023 933 3131 972 nos
3182 933 3417 973 sacrum
3472 918 3652 974 etiam

2001 1002 2173 1059 docet
2221 1005 2599 1077 Evangelium
2658 1005 2749 1060 his
2803 1006 2995 1061 verbis
3026 1004 3110 1060 '3:
3169 1025 3191 1055 ι
3246 1007 3384 1062 Erat
3440 1007 3653 1078 spiritu

2004 1097 2208 1148 sancto
2236 1093 2540 1164 praeditus,
2564 1094 2637 1150 ab
2667 1111 2856 1167 eoque
2888 1095 3193 1150 oraculum
3225 1101 3554 1167 acceperat,
3587 1113 3651 1152 se

2001 1196 2121 1236 non
2148 1187 2284 1238 ante
2313 1183 2665 1238 moriturum
2697 1200 2874 1255 quam
2906 1184 3159 1239 Unctum
3207 1184 3443 1239 Domini
3475 1185 3659 1239 vidis-

2005 1276 2112 1327 set.
2148 1292 2176 1322 »
2206 1272 2356 1327 Eum
2386 1289 2523 1345 ergo
2554 1272 2618 1328 in
2658 1272 2877 1345 templo
2908 1272 3113 1328 videns
3162 1272 3480 1345 puerulum
3511 1289 3657 1345 qua-

2002 1360 2274 1432 draginta
2289 1360 2544 1430 dierum,
2564 1362 2624 1416 in
2642 1362 2815 1417 ulnas
2827 1362 3073 1434 accepit,
3092 1361 3397 1434 fatusque:
3424 1384 3452 1413 «
3468 1364 3656 1433 Nunc,

2000 1450 2269 1521 Domine,
2305 1468 2542 1507 servum
2572 1456 2740 1506 tuum
2773 1451 3004 1507 dimitte
3032 1452 3094 1507 in
3124 1467 3268 1524 pace
3327 1452 3657 1508 secundum

2002 1538 2246 1595 verbum
2303 1544 2555 1609 tuum,»
2607 1541 2778 1596 lmtus
2808 1541 2883 1596 ad
2943 1557 3077 1597 eum
3137 1540 3278 1596 hinc
3320 1541 3656 1614 emigravit.

2005 1630 2227 1687 Deinde
2256 1632 2548 1704 Josephus
2580 1632 2862 1689 divinitus
2893 1638 2982 1688 est
3012 1633 3073 1688 in
3104 1635 3414 1706 Egyptum
3457 1632 3660 1705 fugere

1997 1737 2228 1791 Jussus.

273 1805 330 1860 τὸ
355 1804 493 1880 ῥῆμά
516 1826 611 1860 σου
636 1805 688 1861 ἐν
713 1805 926 1889 εἰρήνη,
969 1828 998 1856 ιι
1026 1806 1167 1882 πρὸς
1203 1805 1362 1860 σύτὸν
1390 1802 1694 1879 ὲξεδτίμησε
1723 1805 1958 1880 χαίρων.
1990 1808 2123 1864 Εἶτα
2149 1809 2529 1885 ἐχρηματίσθη
2565 1813 2767 1885 Ἰωσήφ
2799 1817 2983 1889 φυγεῖν
3017 1812 3090 1873 εἷς
3121 1810 3417 1889 Αἴγυπτον.

326 1895 464 1952 Μετὰ
490 1892 546 1950 δὶ
583 1891 677 1950 δύο
708 1888 804 1966 ἔτη
858 1893 1082 1965 ἐποίησε
1129 1895 1240 1971 τὴν
1290 1893 1673 1973 βρεφοιιτονίαν
1704 1894 1882 1968 Ἠρώ-

2067 1901 2205 1955 Post
2248 1900 2555 1957 biennium
2607 1888 2865 1957 Herodes
2913 1888 3493 1973 puerulos’necavit,
3542 1906 3653 1960 Za-

250 1981 352 2055 δης
381 1986 506 2057 (55),
530 1982 620 2039 καὶ
648 1983 742 2038 τὸν
775 1983 1054 2060 Σαχαρίαν
1112 1980 1315 2047 ἔσωθεν
1356 1986 1454 2038 τοῦ
1506 1983 1895 2059 θυσιαστηρίου

243 2072 426 2128 ἀνεῖλε
452 2073 883 2147 λειτουργοῦντα.
944 2074 1009 2131 Ἦ
1072 2070 1131 2128 δὲ
1185 2066 1473 2141 Ἐλιαάεετ
1532 2066 1777 2128 λαϐοῦσα
1800 2071 1895 2128 τὸν

239 2162 491 2233 Ἰωάννην
546 2160 762 2232 ἐξηλθεν
820 2162 896 2224 εἷς
946 2163 1048 2232 τήν
1100 2159 1311 2237 ἔρημον
1346 2204 1362 2234 ,
1437 2161 1527 2231 ui
1586 2156 1789 2236 ἐκρύϐη
1842 2159 1892 2216 ἒν

230 2251 502 2324 σπηλαίῳ
532 2252 742 2326 ἡμέρας
806 2253 1226 2328 τεσσαράκοντα,
1283 2254 1372 2307 καὶ
1435 2250 1802 2323 ἐτελεύτησεν.
1833 2251 1895 2308 Ὀ

223 2338 286 2397 δὶ
318 2341 581 2413 Ἰωάννης
612 2340 664 2396 ἐν
712 2344 783 2416 τῇ
841 2340 1035 2417 ἐρήμῳ
1085 2339 1377 2417 ὁδηγηθεὶς
1427 2341 1531 2396 ὑπὸ
1580 2344 1683 2409 τῷ
1736 2341 1896 2417 ἀγγε-

222 2440 331 2487 Αου
383 2430 480 2487 καὶ
540 2429 593 2486 ἐν
650 2429 792 2504 αὐτῇ
849 2431 1169 2511 ἀνατραφεὶς
1225 2428 1434 2505 ἔμεινεν
1486 2426 1591 2494 ἕως
1640 2437 1747 2503 τῆς
1796 2434 1895 2485 τοῦ

219 2521 439 2596 Κυρίου
469 2517 812 2591 ἀναδείξεως.

294 2610 460 2669 Μετᾶ
499 2607 560 2666 δὶ
623 2616 886 2680 πενταετῆ
947 2606 1145 2685 χρόνον
1208 2610 1532 2684 ὑπέστρεψεν
1583 2610 1785 2687 Ἰωσὴφ
1817 2609 1905 2680 εἰς

220 2701 487 2774 Ναζαρὲτ
520 2698 573 2770 ἐξ
601 2699 907 2775 Αἰγύπτου,
940 2701 1031 2755 καὶ
1059 2695 1224 2758 ἔλαϐε
1278 2701 1378 2770 τὴν
1435 2698 1702 2776 θυγατέρα
1730 2697 1896 2754 αὐτοῦ

222 2789 444 2867 Μαρίαν
507 2788 759 2852 Κλεόπας
813 2790 842 2844 6
886 2786 1120 2866 ἀδελφὸς
1174 2790 1342 2844 αὐτοῦ
1412 2788 1753 2864 ὁμοπάτριος
1804 2787 1895 2843 καὶ

218 2881 604 2953 ὁμομήτριος,
635 2878 727 2934 καὶ
763 2879 819 2949 ἒξ
878 2878 1045 2948 αὐτῆς
1098 2876 1496 2953 ἐγέννησε-τὸν
1554 2876 1804 2951 Συμεὼν,
1834 2877 1894 2940 ὃς

223 2972 363 3044 μετὰ
421 2964 688 3028 Ἰάκωϐον
751 2969 843 3025 τὸν
907 2965 1141 3048 ἀδελφὸν
1189 2972 1288 3024 τοῦ
1341 2967 1543 3043 Κυρίου
1598 2966 1896 3030 ἐπίσκοπος

232 3062 451 3137 γὲγονεν
484 3056 894 3134 Ἱεροσολύμων
939 3058 1030 3113 καὶ
1086 3057 1172 3114 ἐπὶ
1226 3061 1556 3133 Δομετιανοῦ
1616 3059 1896 3132 μαρτυρή-

244 3169 339 3210 σας
362 3148 702 3222 ἐσταυρώθη.
752 3144 958 3210 Ἰούδας
990 3144 1047 3202 δὲ
1077 3147 1105 3201 6
1153 3143 1388 3227 ἀδελφὸς
1425 3146 1590 3202 αὐτοῦ
1646 3146 1896 3223 ἐγέννησε

257 3230 312 3288 δ’
417 3235 432 3256 ν
473 3235 487 3250 ι
752 3242 780 3254 ~
955 3234 970 3254 ς
1006 3237 1018 3259 ν
1062 3234 1073 3253 ο
1168 3230 1199 3257 ρ

290 3256 358 3288 υο
385 3256 560 3307 υιους,
587 3239 856 3311 Ζωκτηρα
881 3256 973 3291 και
1023 3238 1280 3294 Ιακωοον.

328 3418 423 3469 Ἦν
454 3410 513 3468 δὲ
542 3415 787 3486 Ἰωάννης
814 3412 898 3470 λα’
926 3415 1155 3491 χρόνου,
1187 3415 1279 3470 δτε
1308 3412 1502 3486 ἐξῆλθε
1527 3417 1626 3481 τῆς
1654 3412 1886 3488 ἐρήμου.

252 3504 349 3557 Καὲ
378 3501 693 3577 κηρύσσοντι
724 3501 1108 3574 ἠκολούθησαν
1166 3503 1313 3576 αύτῷ
1366 3501 1594 3572 πολλοὶ,
1629 3503 1680 3559 ἐν
1713 3505 1797 3565 οἷς
1821 3503 1889 3573 ἦν

244 3594 333 3647 καί
389 3589 644 3665 Ἀνδρέας
695 3593 788 3648 καὶ
833 3592 1108 3663 Ἰωάννης.
1158 3591 1258 3647 Καὶ
1308 3595 1415 3647 τῶν
1466 3592 1560 3666 μὲν
1616 3591 1889 3668 λεγόντων

239 3682 323 3737 δτι
350 3683 380 3737 6
412 3682 655 3758 Χριστός
685 3682 819 3751 ἔστι,
850 3685 958 3737 τῶν
991 3679 1048 3737 δὶ
1078 3681 1163 3736 ὅτι
1188 3683 1498 3760 προφήτης,
1555 3679 1606 3736 ἐν
1657 3685 1755 3754 μιᾷ
1782 3685 1890 3735 τῶν

232 3772 455 3845 ἡμερῶν
494 3768 675 3839 ἦλθον
743 3768 947 3826 πολλοὶ
986 3769 1150 3842 πέραν
1203 3773 1301 3825 τοῦ
1353 3767 1626 3846 Ἰορδάνου
1658 3766 1709 3823 ἐν
1734 3770 1894 3845 χώρᾳ

232 3856 556 3936 Βηθαὸαρᾳ,
582 3860 677 3915 καὶ
726 3855 1103 3929 ἐϐαπτίζοντο.
1151 3858 1446 3924 Ἐλθόντος
1477 3857 1535 3915 δὲ
1562 3863 1658 3914 τοῦ
1690 3860 1892 3929 Ἰησοῦν

230 3951 301 4013 ὡς
329 3948 475 4006 εἶδεν
503 3948 669 4005 αὐτὸν
703 3951 732 4005 6
763 3948 1044 4019 Ἰωάννης,
1108 3947 1279 4003 εἶπεν
1314 3973 1342 4001 ι(
1380 3945 1491 4006 Ἴδε
1520 3948 1549 4003 6
1581 3947 1773 4025 Ἀγνὸς
1796 3951 1895 4004 τοῦ

232 4044 386 4096 Θεοῦ.
422 4064 453 4092 n
485 4038 597 4096 Καὶ
651 4036 881 4100 ἀκούσας
932 4034 1185 4112 ’Δνδρὲας
1215 4037 1304 4092 καὶ
1339 4037 1620 4107 Ἰωανννης
1652 4035 1895 4107 ἠκολού-

236 4139 405 4198 θησαν
433 4131 523 4200 τῷ
553 4130 757 4197 Ἰησοῦ.
812 4126 964 4184 Μετὰ
1020 4123 1078 4181 δὲ
1126 4127 1190 4181 τὸ
1238 4125 1570 4202 ὑποστρέψαι
1627 4124 1785 4181 αὐτὸν
1819 4125 1895 4188 εἷς

237 4216 491 4292 Ναζαρὲτ
542 4213 891 4286 ἐτελεύτησεν
945 4215 1148 4293 Ἰωσὴφ
1191 4214 1323 4269 ἐτῶν
1386 4215 1474 4288 ρι’.
1529 4215 1899 4286 Τελευτήσαν-

233 4323 322 4366 τος
353 4300 414 4359 δὲ
458 4303 553 4358 καὶ
614 4299 901 4358 Ζεϐεδαίου
955 4301 1163 4379 ἤγαγεν
1220 4301 1473 4372 Ἰωάννης
1517 4301 1604 4357 καὶ
1640 4296 1899 4365 Ἰάκωϐος

232 4395 329 4463 τήν
368 4390 588 4468 μητέρα
644 4392 845 4461 αὖτῶν,
892 4391 982 4447 καὶ
1036 4398 1197 4462 συνῆν
1256 4394 1326 4465 τῇ
1359 4390 1628 4465 Θεοτόκῳ·
1682 4393 1782 4461 τήν
1842 4389 1900 4448 δὶ

233 4484 426 4551 κτῆσιν
490 4481 680 4536 αὐτῶν
770 4480 1110 4552 πολήσαντες
1172 4480 1385 4559 Καϊάφᾳ
1468 4481 1741 4557 ἠγόρασαν
1800 4482 1900 4551 τὴν

2004 1989 2385 2062 chariamque
2409 1992 2593 2047 sacris
2628 1996 2972 2064 operantem
2994 1993 3150 2049 intra
3192 1993 3375 2049 altare
3409 1993 3656 2050 interfe-

2002 2079 2100 2136 cit.
2135 2083 2208 2136 At
2237 2081 2554 2147 Elisabeta,
2584 2088 2889 2155 assumpto
2910 2083 3154 2151 Joanne,
3189 2083 3249 2137 in
3269 2083 3655 2140 solitudinem

2002 2170 2163 2240 exiit,
2196 2171 2375 2242 inque
2406 2172 2691 2245 spelunca
2719 2172 2847 2229 dies
2898 2174 3289 2245 quadraginta
3334 2190 3470 2230 cum
3504 2173 3656 2229 deli-

2002 2259 2232 2326 tuisset,
2264 2260 2424 2316 diem
2456 2277 2629 2317 suum
2659 2262 2814 2319 829
2847 2262 3013 2318 obiit.
3045 2265 3303 2319 Joannes
3334 2262 3396 2318 in
3438 2262 3653 2318 solitu-

2002 2347 2140 2404 dine
2198 2350 2271 2406 ab
2350 2350 2561 2422 angelo
2614 2351 2922 2408 institutus
2980 2357 3156 2424 atque
3215 2352 3511 2408 enutritus
3570 2351 3652 2407 ibi

2002 2438 2220 2494 mansit
2247 2438 2437 2495 donec
2466 2439 2729 2496 Christus
2758 2440 2821 2495 in
2847 2440 3152 2512 publicum
3182 2441 3421 2514 prodiit.

2070 2615 2212 2670 Post
2239 2615 2723 2687 quinquennium
2770 2617 3060 2688 Josephus
3088 2633 3161 2673 ex
3200 2619 3440 2689 Egypto
3470 2618 3653 2673 Naza-

2000 2709 2191 2763 retam
2214 2706 2471 2761 revertit.
2497 2705 2636 2776 Ejus
2659 2704 2845 2761 ﬁliam
2867 2705 3109 2762 Mariam
3126 2706 3436 2777 Cleophas,
3470 2706 3654 2762 frater

1999 2792 2237 2863 Iosephi
2296 2810 2363 2848 ex
2418 2798 2673 2864 utroque
2719 2799 2986 2865 parente,
3041 2793 3209 2849 duxit
3258 2810 3525 2862 uxorem,
3576 2811 3650 2850 ex

2002 2894 2199 2951 eaque.
2248 2878 2601 2951 Symeonem
2677 2879 2934 2948 sustulit,
3010 2880 3111 2951 qui
3170 2885 3303 2951 post
3367 2881 3647 2938 Jacobum

2002 2967 2241 3026 Domini
2269 2967 2511 3024 fratrem
2567 2968 2879 3039 episcopus
2927 2968 3042 3022 fuit
3078 2968 3521 3040 Hierosolymis,
3580 2987 3648 3027 ac

2000 3056 2336 3113 Domitiano
2365 3055 2693 3127 imperante
2724 3056 2785 3110 in
2828 3072 3060 3111 crucem
3111 3060 3275 3111 actus
3305 3057 3522 3112 divinm
3551 3075 3653 3113 ve-

2002 3145 2161 3201 ritati
2192 3163 2299 3203 suo
2332 3145 2622 3220 supplicio
2655 3146 3062 3202 testimonium
3092 3146 3412 3218 perhibuit.
3465 3148 3650 3205 Judas

1921 3250 1963 3317 c
2002 3240 2200 3290 autem
2231 3234 2415 3291 frater
2443 3235 2569 3311 ejus
2618 3234 2764 3291 duos
2794 3235 3000 3307 genuit
3028 3234 3205 3304 ﬁlios,
3257 3238 3559 3293 Zocterem
3591 3243 3651 3294 et

1997 3323 2301 3380 Jacobum.

2067 3415 2307 3468 Annum
2355 3429 2534 3486 agens
2584 3415 2839 3472 Joannes
2873 3412 2936 3469 31
2998 3414 3315 3472 solitudine
3374 3431 3648 3490 egressus

1997 3507 2106 3570 est,
2169 3518 2424 3574 eumque
2480 3504 2933 3561 conciouantem
2990 3505 3165 3560 multi
3227 3506 3413 3561 secuti
3465 3512 3648 3575 sunt;

1999 3608 2252 3662 quorum
2312 3597 2485 3647 erant
2538 3593 2717 3649 etiam
2770 3593 3037 3649 Andreas
3083 3609 3151 3650 ac
3208 3595 3477 3651 Joannss.
3530 3595 3648 3651 Alii

1998 3684 2194 3735 autem
2255 3697 2392 3736 eum
2421 3681 2741 3745 Christum,
2787 3681 2885 3738 alii
2934 3687 3129 3737 vatem
3178 3682 3486 3753 putabant.
3545 3683 3649 3739 Die

2000 3768 2254 3840 quadam
2285 3768 2458 3824 multi
2507 3769 2914 3839 Bethabaram,
2951 3770 3051 3840 qui
3100 3775 3191 3825 est
3234 3776 3397 3826 trans
3426 3771 3641 3827 Jorda-

2000 3874 2137 3913 nem
2166 3857 2352 3925 locus,
2404 3864 2691 3913 venerunt
2741 3874 2808 3913 ac
2837 3857 3108 3930 baptizati
3170 3864 3327 3915 sunt.
3386 3861 3467 3916 Eo
3507 3876 3643 3917 cum

1998 3948 2165 4003 Jesus
2185 3947 2761 4015 advenisset,videns
2794 3963 2928 4003 eum
2969 3948 3230 4025 Baptista
3274 3949 3461 4004 dixit:
3491 3972 3513 4001 ι
3556 3951 3644 4006 En

2000 4041 2200 4111 Agnus
2211 4037 2317 4093 Dei
2338 4037 2401 4093 υ.
2419 4058 2448 4087 ››
2471 4039 2592 4103 Quo
2615 4036 2815 4092 audito
2827 4037 3645 4099 AndreasetJoannesJesum

2000 4125 2187 4182 secuti
2219 4130 2376 4180 sunt.
2401 4127 2480 4179 Eo
2510 4126 2851 4180 Nazaretam
2884 4143 3117 4181 reverso
3142 4127 3434 4198 Josephus
3466 4129 3652 4183 mori-

2002 4221 2118 4284 tur,
2149 4230 2337 4269 annos
2368 4219 2542 4269 natus
2574 4214 2697 4267 HO.
2730 4214 2875 4268 Cum
2916 4219 3114 4269 autem
3159 4214 3474 4272 Zebedmus
3504 4231 3656 4286 quo—

2003 4320 2117 4376 que
2147 4308 2417 4359 mortuus
2443 4308 2619 4371 esset,
2643 4302 3019 4358 adduxerunt
3037 4304 3298 4361 Joannes
3324 4308 3381 4358 et
3404 4302 3657 4360 Jacobus

2003 4398 2255 4449 matrem
2286 4408 2476 4460 suam,
2509 4407 2695 4463 eaque
2736 4407 2870 4447 cum
2916 4392 3096 4448 Maria
3123 4390 3428 4451 habitavit.
3482 4392 3658 4448 Bonis

2004 4502 2180 4558 porro
2213 4487 2335 4541 suis
2382 4485 2652 4556 Caiaphaa
2683 4484 2935 4541 venditis
2982 4485 3220 4541 Sionem
3268 4490 3566 4544 emerunt.
3597 4485 3655 4541 Is

239 4572 410 4641 Σιὼν,
459 4568 585 4626 ἔνθα
632 4574 694 4625 τὸ
750 4570 1009 4643 μυστικὸν
1058 4570 1253 4646 Πάσχα
1310 4572 1338 4625 6
1381 4569 1611 4645 Χριστὸς
1676 4569 1895 4640 ἐποίησε

2007 4579 2097 4630 est
2126 4574 2292 4629 locus
2321 4573 2423 4629 ubi
2455 4573 2772 4645 mysticum
2794 4575 3020 4631 Pascha
3041 4575 3308 4631 Christus
3341 4574 3661 4633 celebravit

239 4660 330 4714 ni
352 4662 467 4714 τῶν
505 4662 685 4735 θυρῶν
740 4656 1135 4733 κεκλεισμένων
1191 4656 1434 4728 εἰσῆλθε.
1467 4658 1621 4717 Μετά
1670 4660 1771 4729 τήν
1801 4662 1895 4714 τοῦ

2009 4667 2068 4718 et
2095 4661 2321 4718 foribus
2353 4662 2571 4718 clausis
2595 4661 2897 4736 ingressus
2928 4669 3052 4732 est;
3086 4663 3287 4736 ibique
3329 4665 3563 4721 Christo
3597 4664 3661 4720 in

239 4747 451 4824 Κυρίου
494 4744 771 4820 ἀνάληψιν
827 4749 862 4817 ἡ
894 4747 1159 4812 Θεοτόκος
1213 4744 1264 4802 ἐν
1300 4748 1443 4803 Σιὼν
1484 4742 1747 4824 διέτριϐεν
1799 4744 1905 4809 ἕως

241 4843 341 4906 τῆς
368 4836 637 4907 τελευτῆς
666 4837 752 4909 [Ρ.
797 4837 920 4909 188]
952 4835 1138 4902 αὐτῆς.
1164 4835 1276 4912 Πρὸ
1317 4833 1374 4892 δὲ
1412 4838 1633 4912 ἡμερῶν
1670 4839 1729 4893 ιε’
1767 4835 1905 4915 ἔγνω

240 4927 342 4995 τήν
403 4921 590 4995 ἔξοδον
659 4923 848 4994 αὐτῆς.
883 4925 996 4998 Πρὸ
1027 4922 1085 4980 δὲ
1122 4929 1290 5000 τριῶν
1330 4926 1557 5001 ἡμερῶν
1613 4927 1641 4981 6
1693 4925 1908 5003 ἀρχάγ-

240 5013 411 5090 τελος
433 5012 758 5089 παρεγένετο
805 5013 941 5089 πρὸς
998 5014 1185 5086 αὐτὴν,
1235 5015 1300 5069 τὸ
1331 5009 1586 5089 βραϐεῖον
1638 5015 1903 5088 κομίζων·

241 5100 543 5179 Παρέδωκε
573 5100 632 5158 δὲ
659 5104 760 5172 τὴν
791 5102 951 5181 ἁγίαν
1006 5102 1175 5174 αὐτῆς
1232 5105 1421 5179 ψυχὴν
1467 5108 1548 5177 τῷ
1603 5103 1788 5179 Κυρίῳ
1817 5109 1906 5164 καὶ

233 5193 355 5265 Υῖῷ
382 5190 469 5265 τῷ
516 5195 634 5264 Θεῷ
688 5191 857 5262 αὐτῆς
911 5191 1046 5248 ἐτῶν
1088 5192 1222 5248 οὖσα
1277 5192 1383 5266 οβ’,
1437 5194 1490 5248 οἱ
1534 5189 1592 5247 δέ
1647 5214 1774 5272 φασι
1804 5195 1908 5266 v13",

309 5313 363 5350 π
406 5313 543 5369 Luc.
576 5329 636 5384 ιι,
669 5316 761 5383 25,
803 5315 893 5369 26.
970 5311 1019 5348 9‘
1040 5313 1208 5370 Joan.
1241 5329 1282 5384 ι,
1313 5315 1400 5369 29.

2015 4750 2224 4807 oculum
2272 4755 2576 4823 assumpto
2633 4750 2815 4807 Maria
2882 4768 3072 4823 usque
3143 4751 3219 4807 ad
3276 4752 3465 4808 ﬁnem'
3528 4752 3659 4808 vita)

2015 4839 2170 4895 330
2193 4839 2329 4911 egit.
2360 4840 2441 4895 Ea
2462 4838 2799 4910 quindecim
2828 4845 2966 4895 ante
2999 4839 3209 4895 diebus
3241 4857 3414 4896 suum
3439 4840 3660 4895 exitum

2016 4928 2306 5002 cognovit.
2366 4928 2698 5000 Triduoque
2756 4933 2893 4984 ante
2947 4928 3335 5002 archangelus
3398 4928 3472 4983 ad
3528 4944 3660 4984 eam

2015 5019 2192 5084 venit,
2225 5018 2537 5089 praemium
2587 5023 2852 5089 portans.
2905 5017 3168 5073 Tradidit
3199 5022 3461 5073 sanctam
3493 5033 3661 5072 suam

2018 5108 2279 5163 animam
2311 5107 2558 5162 Domino
2590 5123 2657 5162 ac
2687 5106 2835 5162 Filio
2876 5112 2935 5161 et
2979 5108 3096 5163 Deo
3128 5123 3258 5174 suo,
3307 5122 3495 5161 annos
3525 5109 3666 5162 nata

2021 5196 2393 5269 septuaginta
2422 5195 2592 5251 duos.
2649 5195 2898 5261 Quidam
2943 5193 3187 5251 tradunt
3235 5194 3669 5268 quinquaginta

1454 5403 1815 5461 XYLANDRI
1852 5404 1940 5460 ET
1977 5401 2191 5460 GOARI
2232 5399 2453 5457 NOTAE.

314 5517 435 5594 (35)
464 5520 611 5586 Quid
640 5522 690 5578 si
722 5519 891 5594 legas
925 5520 1136 5594 duabus
1165 5519 1233 5594 ab
1262 5521 1379 5592 ejus
1407 5520 1680 5594 discessu
1711 5518 1902 5594 diebus

238 5586 505 5663 ῌένοάεε,
536 5610 671 5650 cum
718 5586 1086 5663 in'margine
1140 5591 1217 5647 sit
1270 5586 1592 5663 ascriptum
1649 5588 1735 5645 ὅτι
1769 5586 1902 5663 μέτά

238 5659 341 5718 δύο
387 5659 593 5743 ἡμέρας
646 5670 753 5735 τῆς
825 5661 905 5722 είς
955 5659 1241 5737 ’Ᾱῖγυπτον
1286 5659 1461 5740 φυγῆς
1508 5665 1606 5717 τοῦ
1660 5659 1902 5737 Χριστοῦ

2007 5515 2209 5591 γέγονε
2224 5513 2347 5589 περὶ
2375 5509 2623 5591 Ἡρώδην
2652 5515 2685 5582 ἡ
2722 5514 3134 5591 βρεφοκοτονίαᾼ.
3176 5517 3413 5591 Alioqui
3458 5517 3660 5591 bimu-

2009 5587 2101 5645 Ios
2130 5587 2313 5644 fuisse
2339 5587 2565 5643 occisos
2586 5587 2793 5643 notum
2815 5587 2924 5645 est.
2972 5588 3084 5646 Sed
3113 5589 3225 5646 hoe
3269 5587 3524 5646 alterum
3554 5589 3654 5651 ha-

2010 5662 2111 5718 bet
2138 5658 2365 5733 aliquid
2390 5657 2708 5734 peculiare.
2739 5660 2879 5719 XYL.
