4118 6284
503 337 620 397 36⁸7

1861 329 2179 400 GEORGII
2223 328 2568 390 GEDRENI

3753 343 3853 406 368

499 474 653 528 octo.
687 468 842 524 Vixit
870 483 1007 542 ergo
1035 467 1239 540 viginti
1269 471 1526 539 quatuor
1547 483 1741 525 annos
1765 471 1903 540 post
1921 463 2141 522 Christi

2257 459 2397 516 ὥστε
2428 461 2564 535 μετᾶ
2590 461 2690 532 τὴν
2715 458 2984 537 ἀνάληψιν
3023 459 3120 516 τοῦ
3177 462 3414 537 Χριστοῦ
3468 463 3860 548 είκοσιτὲσσαρας

503 561 567 616 in
600 559 779 615 orelos
810 573 1140 613 assensum.

569 648 892 704 Undecimo
950 664 1106 704 anno
1182 647 1430 704 Herodis
1499 647 1812 704 tetrarchas
1879 660 2151 702 summus

499 738 764 810 pontifex
794 740 1042 793 Ananus
1069 737 1338 794 moritur.
1366 739 1505 793 Post
1524 739 1684 794 hunc
1709 752 1910 794 annua
1938 735 2053 790 fuit
2083 749 2154 790 ea

500 827 778 899 dignitas,
821 827 979 898 quod
1011 832 1069 883 et
1115 826 1403 899 Josephus
1452 826 1669 892 refert;
1721 831 1782 882 et
1827 841 1965 882 eum
2018 840 2152 880 vere

503 917 700 973 dicere
757 932 926 972 sacra
967 916 1284 990 Evangelia
1323 921 1635 986 testantur,
1681 917 1762 972 ita
1792 915 1865 971 de
1893 914 2153 986 Caiapha

502 1007 844 1078 loquentia:
879 1029 908 1056 α
942 1005 1006 1062 Id
1033 1023 1168 1062 vero
1200 1023 1321 1062 non
1347 1005 1419 1062 de
1452 1024 1558 1062 suo
1588 1005 1840 1076 dicebat,
1876 1005 1980 1060 sed
2012 1004 2152 1076 quia

505 1102 630 1154 erat
671 1095 936 1168 pontifex
992 1096 1288 1152 maximus
1344 1097 1487 1152 anni
1549 1095 1737 1165 istius,
1787 1081 2152 1151 vaticinaba-

502 1193 600 1243 tur
628 1187 693 1241 9‘.
732 1208 759 1236 »

572 1277 717 1332 Cum
743 1273 1111 1332 admirabilis
1140 1275 1203 1331 in
1225 1275 1400 1331 vitam
1432 1274 1660 1330 reditus
1689 1279 1868 1346 atque
1885 1273 1948 1328 in
1969 1271 2148 1328 caelos

499 1366 769 1422 ascensio
793 1363 1114 1420 Servatoris
1143 1365 1331 1421 nostri
1365 1364 1527 1421 fama
1545 1365 1675 1437 jam
1703 1363 1879 1436 longe
1909 1363 2146 1433 lateque

499 1455 911 1521 iucrebuisset,
961 1453 1182 1510 Pilatus
1211 1453 1398 1510 animi
1457 1453 1692 1522 anxius,
1743 1453 1902 1524 quod
1931 1451 2005 1508 de
2053 1451 2147 1506 his

501 1560 631 1616 quae
662 1547 980 1600 evenerant
1027 1541 1330 1598 miraculis
1385 1541 1539 1598 nihil
1593 1541 1668 1597 ad
1725 1542 2145 1613 imperatorem

497 1633 820 1701 retulisset,
878 1631 1120 1689 tandem
1180 1631 1534 1688 necessitate
1603 1629 1849 1687 adactus
1911 1628 2144 1685 Tiberio

500 1724 708 1779 Caesari
739 1722 1085 1794 perscripsit
1110 1721 1408 1778 Christum
1439 1725 1740 1776 mortuum
1770 1719 1950 1776 vitam
1980 1733 2146 1775 rece-

502 1813 684 1886 pisse,
715 1817 842 1868 tum
873 1829 1004 1884 quae
1059 1812 1110 1866 is
1159 1811 1446 1868 miracula
1503 1809 1790 1877 ediderat,
1831 1813 2014 1882 utque
2073 1806 2145 1864 de

503 1907 692 1958 morte
723 1901 783 1957 in
812 1901 992 1957 vitam
1040 1917 1310 1956 reversus
1358 1899 1485 1972 jam
1514 1915 1549 1956 a
1602 1899 1804 1956 multis
1837 1900 1990 1956 Deus
2015 1914 2148 1954 esse

501 1993 796 2050 credatur.
831 1995 912 2048 Ac
941 1991 1210 2048 Tiberius
1253 1991 1495 2063 quidem
1541 2007 1760 2048 nomen
1785 1989 2149 2046 Christiano.

499 2098 634 2138 rum
660 2099 766 2155 per
795 2081 998 2137 orbem
1023 2081 1150 2154 jam
1182 2085 1568 2154 propagatum
1591 2079 1854 2136 sentiens
1883 2079 1956 2135 de
1986 2095 2058 2135 ea
2085 2095 2148 2134 re

499 2169 573 2226 ad
605 2175 877 2226 senatum
909 2169 1132 2239 retulit,
1159 2185 1355 2240 neque
1386 2167 1636 2225 obscure
1674 2167 1817 2224 tulit
1855 2167 1968 2222 sibi
1997 2166 2148 2222 reli-

496 2259 733 2332 gionem
751 2259 1146 2314 Christianam
1168 2257 1426 2330 probari.
1459 2258 1708 2314 Senatus
1737 2260 1957 2324 autem,
1996 2254 2150 2326 quod

499 2365 630 2404 eam
682 2347 1065 2420 improbaret,
1123 2347 1251 2419 ipse
1308 2361 1544 2417 quoque
1597 2345 1952 2418 repudiavit.
2001 2345 2152 2400 Vera

498 2453 676 2494 causa
699 2437 828 2510 ejus
849 2437 933 2493 rei
949 2440 1060 2506 est,
1083 2435 1241 2507 quod
1267 2435 1536 2491 divinum
1559 2436 1767 2492 salutis
1785 2435 2148 2508 praeconium

497 2527 818 2582 humanam
842 2524 1330 2597 approbationem
1353 2529 1529 2595 atque
1561 2523 2144 2581 commendationem

497 2632 877 2688 nequaquam
897 2615 1168 2687 requirit.
1194 2617 1328 2670 Haec
1343 2613 1739 2670 Tertulliauus
1757 2615 1905 2671 381
1943 2614 2142 2670 refert.

499 2705 664 2762 Idem
693 2705 960 2760 Tiberius
991 2708 1244 2760 mortem
1275 2702 1745 2759 Christianorum
1788 2701 2148 2760 accusatori-

499 2794 610 2850 bus
641 2795 902 2850 minatus
935 2798 1043 2861 est,

568 2887 737 2939 Anno
795 2881 1010 2938 Tiberii
1062 2881 1507 2938 undevicesimo
1576 2882 1831 2938 Joannes
1889 2881 2151 2954 Baptista

497 2973 688 3046 capite
739 2977 1054 3028 truncatur
1099 2987 1134 3028 a
1155 2971 1397 3043 juniore
1451 2971 1679 3028 Herode
1739 2975 1798 3027 et
1843 2971 2150 3043 Cleopatra

497 3065 740 3132 propter
796 3057 1208 3124 Herodiadem,
1269 3063 1334 3113 ut
1389 3058 1679 3130 Iosephus
1739 3057 1945 3114 scribit
1995 3057 2146 3112 libro

493 3151 908 3218 Antiquitatum
935 3147 1163 3202 decimo
1195 3151 1418 3203 octavo.
1451 3149 1611 3202 Tunc
1642 3163 1877 3218 quoque
1921 3145 2146 3202 bellum

494 3237 815 3308 suscipitur
867 3241 1074 3290 contra
1138 3237 1400 3302 Aretam,
1459 3237 1561 3306 qui
1610 3235 1796 3292 filiam
1858 3252 2024 3292 suam
2051 3237 2146 3309 {ab

493 3325 720 3380 Herode
752 3323 1184 3379 contumeliose
1231 3323 1496 3378 habitam
1541 3323 1918 3396 querebatur.
1969 3327 2050 3381 Eo
2083 3325 2146 3380 in

493 3413 651 3468 bello
683 3413 767 3468 ait
797 3416 1041 3484 propter
1085 3412 1327 3467 Joannis
1374 3427 1583 3468 necem
1627 3412 1876 3469 Herodis
1927 3414 2147 3470 exerci-

496 3510 619 3558 tum
651 3503 997 3559 universum
1028 3501 1303 3573 periisse.

569 3596 732 3648 Anno
749 3591 964 3648 Tiberii
990 3591 1153 3664 regni
1175 3589 1616 3648 undevicesimo
1641 3592 1926 3648 Dominus
1943 3598 2148 3650 noster

496 3685 664 3739 Jesus
695 3682 962 3738 Christus
994 3679 1352 3752 supplicium
1383 3680 1550 3750 adiit,
1583 3681 1757 3736 sicuti
1789 3679 1859 3736 de
1883 3698 1950 3737 eo
1986 3686 2146 3738 vates

499 3771 916 3845 prmdixerant.
963 3769 1086 3836 Quo
1138 3773 1403 3841 tempore
1451 3769 1580 3824 haec
1628 3769 1692 3824 in
1737 3770 1952 3826 Grmcis
1992 3787 2148 3828 com-

500 3861 811 3917 mentariis
831 3861 1115 3915 aunotata
1141 3857 1288 3930 ipsis
1311 3857 1504 3914 verbis
1539 3857 1902 3916 referemus:
1929 3881 1960 3912 ιι
1993 3859 2146 3916 Solis

502 3951 726 4006 exstitit
742 3947 1315 4016 defectus,omnibus
1337 3947 1636 4020 prioribus
1655 3948 1880 4022 major;
1906 3966 2144 4022 noxque

497 4039 615 4096 diei
639 4044 804 4096 sexta
819 4039 966 4094 hora
996 4037 1204 4094 oborta
1235 4041 1342 4107 est,
1377 4037 1460 4094 ita
1488 4042 1555 4093 ut
1601 4043 1659 4094 et
1689 4039 1873 4095 stellae
1903 4039 1965 4094 in
1996 4039 2144 4097 cmlo

491 4134 821 4202 conspecta:
855 4128 994 4184 sint.
1029 4149 1057 4178 ››
1088 4129 1280 4182 Terras
1331 4132 1526 4183 motus
1557 4144 1792 4200 quoque
1843 4129 2052 4202 ingens
2082 4130 2144 4185 in

485 4219 761 4292 Bithynia
784 4217 918 4290 fuit,
945 4217 1048 4288 qui
1071 4232 1348 4290 magnam
1377 4217 1588 4272 Nicaeae
1627 4223 1857 4290 partem
1882 4224 2143 4290 prostra-

481 4309 580 4364 vit.
607 4309 740 4363 Haec
759 4305 1039 4378 Phlegon.
1066 4305 1379 4360 Africanus
1405 4305 1587 4360 etiam
1634 4311 1863 4372 narrat,
1895 4324 2012 4378 quo
2045 4307 2142 4363 die

479 4396 748 4453 Christus
781 4400 871 4450 est
895 4393 1187 4464 supplicio
1219 4394 1488 4462 allectus,
1513 4393 1792 4451 tenebras
1815 4395 2140 4452 admodum

486 4483 774 4540 terribiles
793 4498 900 4554 per
919 4486 1110 4536 totum
1141 4481 1432 4536 mundum
1473 4481 1727 4548 obertas,
1763 4489 1939 4540 terras
1972 4491 2140 4542 motu

2266 549 2499 624 χρόνους
2529 545 2844 606 ἐπεϐίωσεν.

2333 639 2459 697 Ὅτι
2514 637 2566 694 έν
2637 642 2718 712 τῷ
2775 645 2842 694 ια’
2896 635 3001 696 ἔτει
3059 637 3308 715 Ἡρώδου
3362 644 3467 699 τοῦ
3512 648 3784 725 τετράρχου
3832 652 3857 708 δ

2260 727 2550 804 ἀρχιερεὺς
2601 729 2827 792 ’Ἄνανος
2894 727 3229 802 ἐτελεύτησε
3299 733 3414 804 μεθ³
3471 730 3527 788 6'v
3581 733 3858 796 ἐνιαυσιαῖοι

2259 816 2540 896 ἀρχιερεῖς
2567 817 2938 888 καθίστανται,
3005 817 3082 880 ὡς
3134 819 3394 890 Ἰώσηπος
3448 821 3658 897 ἱσῦορεῖ.
3688 825 3779 883 Καὶ
3803 829 3860 884 τὰ

2260 911 2376 972 θεῖα
2435 905 2748 986 Εὖαγγὲλια
2805 907 2954 982 αὐτῷ
3009 914 3272 984 μαρτυρεῖ
3333 909 3644 982 ἀληθεύοντι
3691 911 3739 972 ἐν
3789 921 3858 982 οἷς

2258 994 2382 1070 περί
2407 1001 2506 1051 τοῦ
2537 996 2753 1071 Καῖάφα
2797 994 2966 1074 λέγει·
3017 1020 3048 1048 «
3079 1000 3250 1054 Τοῦτο
3306 995 3365 1054 δὲ
3417 998 3506 1080 ἀφ’
3555 1001 3727 1058 ἑαυτοῦ
3779 1005 3860 1064 οὐκ

2260 1085 2430 1155 εἶπεν,
2471 1081 2598 1141 ἀλλ’
2630 1085 2938 1162 ἀρχιερεὺς,
2972 1084 3048 1140 ὢν
3077 1090 3179 1142 τοῦ
3237 1085 3476 1144 ἐνιαυτοῦ
3529 1088 3718 1147 ἐκείνου
3743 1113 3860 1169 προ·

2259 1175 2566 1252 εφήτευσεν.
2600 1197 2630 1229 ιι

2327 1265 2448 1323 Ὀτι
2490 1264 2594 1335 τῆς
2649 1262 2960 1342 παραδόξου
3014 1266 3112 1320 τοῦ
3169 1272 3431 1342 Σωτῆρος
3465 1269 3618 1342 ἡμῶν
3669 1271 3860 1330 ἀναστά-

2255 1353 2392 1418 σεώς
2419 1375 2477 1410 τε
2504 1353 2595 1410 καὶ
2625 1355 2702 1418 εἰς
2760 1353 3018 1430 οὐρανοὺς
3078 1353 3398 1432 ἀναλήψεως
3453 1364 3567 1422 τοῖς
3617 1359 3856 1428 πλείστοις

2255 1441 2366 1514 ἤδη
2399 1437 2733 1519 περιϐοήτου
2799 1445 3172 1516 καθεστώσης,
3206 1443 3445 1511 Πιλάτος
3497 1448 3768 1526 ἀγωνιάσας
3799 1451 3861 1516 ὠς

2260 1531 2338 1606 μή
2370 1531 2657 1607 ἀνενέγκας
2685 1537 2766 1606 τῷ
2799 1529 3018 1610 βασιλεῖ
3069 1536 3296 1590 τοιαῦτα
3348 1536 3602 1611 γενόμενα
3628 1539 3860 1613 θαύματα,

2253 1618 2413 1684 τέλος
2469 1619 2842 1696 ἀναγκασθεὶς,
2901 1620 2978 1684 ὠς
3040 1623 3117 1696 μή
3179 1619 3346 1698 λαθῃ,
3401 1623 3767 1683 ἀνεκοινώσατο
3796 1633 3864 1701 τῷ

2259 1707 2476 1786 βασιλεῖ
2512 1705 2753 1785 Τιϐερίῳ
2781 1709 2848 1764 τὰ
2875 1709 2999 1783 περὶ
3041 1716 3142 1781 τῆς
3197 1711 3258 1766 ἐκ
3311 1717 3514 1788 νεκρῶν
3569 1714 3862 1778 ἀναστάσεως

2175 1830 2224 1897 Β
2251 1803 2350 1856 τοῦ
2374 1806 2633 1897 Σωτῆρος
2687 1803 2852 1897 ἡμῶν
2907 1801 3090 1897 Ἰησοῦ
3116 1807 3415 1897 ⁸Χριστοῦ,
3467 1804 3562 1897 τὰς
3612 1825 3668 1897 τι
3717 1805 3864 1897 ἄλλας

2255 1889 2637 1966 τερατουργίας
2689 1889 2856 1945 αὐτοῦ
2889 1933 2905 1962 ,
2957 1885 3047 1946 καὶ
3100 1891 3175 1955 ὡς
3233 1892 3319 1948 ὅτι
3379 1894 3514 1968 μετᾶ
3569 1895 3772 1960 θάνατον
3819 1896 3868 1953 ἐκ

2254 1984 2461 2054 νεκρῶν
2517 1977 2749 2042 ἀναστάς
2804 1980 2933 2042 Θεὸς
2991 1975 3102 2052 ἤδη
3161 1981 3307 2058 παρὰ
3365 1980 3598 2046 πολλοῖς
3633 1985 3756 2040 εἴναι
3789 2007 3867 2042 πι-

2254 2069 2514 2128 στεύεται.
2557 2066 2811 2146 Τιϐέριος
2861 2073 2974 2144 οὗν,
3033 2071 3116 2152 ἐφ’
3171 2072 3236 2128 οὗ
3293 2075 3359 2130 τὸ
3413 2079 3520 2132 τῶν
3573 2079 3868 2153 Χριστιανῶν

2253 2159 2426 2235 ὄνομα
2468 2161 2544 2223 εἰς
2594 2161 2686 2218 τὸν
2739 2161 2947 2237 κόσμον
3016 2161 3388 2235 εἷσελήλυθεν,
3458 2167 3638 2240 μαθὼν
3665 2173 3728 2243 τῇ
3756 2189 3866 2246 συγ-

2251 2249 2447 2324 κλήτῳ
2476 2249 2890 2322 ἀνεκοινώσατο,
2918 2247 3092 2317 δῆλος
3121 2249 3196 2306 ὢν
3219 2251 3424 2316 ἐκεῖνος
3453 2255 3528 2317 ὡς
3555 2259 3631 2328 τῷ
3658 2253 3864 2332 δόγματι

2253 2337 2558 2413 ἀρέσκοιτο.
2586 2342 2648 2398 Ἦ
2693 2337 2752 2396 δὲ
2807 2337 3138 2416 σύγκλητος,
3197 2339 3312 2396 ἐπεὶ
3373 2341 3474 2398 ούκ
3525 2343 3654 2416 αὐτή
3683 2341 3866 2400 δεδοκι-

2257 2427 2437 2502 μάκει,
2494 2429 2771 2498 ἀπώσατο,
2811 2432 2880 2503 τῇ
2939 2425 2998 2484 δὶ
3047 2427 3300 2502 ἀληθείᾳ,
3356 2429 3440 2487 ὅτι
3502 2431 3638 2506 μηδὲ
3687 2441 3776 2504 τῆς
3821 2431 3867 2504 ἐξ

2254 2515 2552 2594 ἀνθρώπων
2601 2516 2921 2594 ἐπικρίσεως
2960 2538 3018 2574 τε
3070 2519 3158 2575 καὶ
3213 2519 3520 2584 συστάσεως
3567 2525 3602 2592 ἢ
3633 2525 3870 2600 σωτήριος

2252 2610 2351 2662 τοῦ
2379 2606 2527 2664 Θείου
2556 2605 2911 2682 κηρύγματος
2941 2605 3116 2664 ἐδεῖτο
3155 2605 3500 2670 διδασκαλία.
3559 2613 3730 2670 Ταῦτά
3756 2633 3868 2692 φησι

2250 2694 2617 2770 Τερτυλιανός
2674 2699 2808 2770 (36).
2869 2695 3042 2760 Οὗτος
3091 2697 3119 2752 6
3149 2693 3406 2774 Τίῦἑριος
3461 2698 3676 2765 θάνατον
3723 2701 3859 2772 ἠπεί-

2253 2783 2392 2856 λησε
2415 2789 2534 2850 τοῖς
2564 2789 2905 2860 Χριστιανῶν
2929 2787 3280 2860 κατηγόροις.

2322 2877 2448 2933 Ὅτι
2503 2876 2558 2930 ἒν
2611 2879 2692 2948 τῷ
2736 2875 2799 2940 ιθ¹
2857 2869 2964 2931 ἔτει
3020 2870 3270 2952 Τιϐερίου
3330 2879 3582 2952 Ἰωάννης
3634 2883 3661 2938 6
3696 2885 3854 2940 Βαπτι·

2253 2965 2384 3035 στής
2413 2963 2728 3044 ἀφαιρεῖται
2783 2964 2886 3034 τήν
2915 2963 3160 3038 κεφαλὴν
3193 2964 3296 3022 ὑπὸ
3325 2973 3428 3024 τοῦ
3481 2968 3601 3026 νέου
3653 2967 3849 3047 Ἡρώδου

2251 3052 2342 3109 καὶ
2385 3050 2733 3127 Κλεοπάτρας
2791 3048 2882 3106 διά
2927 3049 3263 3128 Ἡρωδιάδα,
3313 3057 3503 3122 καθὼς
3555 3058 3859 3134 ἱστορεῖίὠ-

2259 3162 2434 3213 σηπος
2457 3140 2508 3196 ἐν
2539 3145 2619 3214 τῷ
2654 3141 2726 3213 ιη’
2769 3147 2870 3211 τῆς
2901 3140 3354 3222 Ἀρχαιολογίας.
3387 3147 3560 3204 Ἔνθα
3601 3147 3686 3204 καὶ
3729 3145 3868 3203 πόλε-

2261 3234 2362 3305 μὸς
2414 3231 2624 3307 αἳρεται
2679 3229 2817 3305 πρὸς
2868 3231 2961 3286 τὸν
3017 3232 3232 3308 Ἀρέταν
3266 3277 3280 3304 ,
3367 3235 3452 3300 ὡς
3521 3237 3868 3312 ἀτιμασθείσης

2251 3320 2400 3395 αύτῷ
2445 3327 2544 3390 τῆς
2582 3321 2862 3397 θυγατρός
2897 3319 2950 3376 ἒν
3006 3323 3053 3396 ᾧ
3110 3321 3345 3398 πολέμῳ
3406 3327 3577 3382 πάντα
3631 3325 3750 3404 φησὶ
3795 3327 3870 3382 τὸν

2249 3408 2500 3485 Ἡρώδου
2533 3410 2756 3487 στρατὸν
2790 3407 3149 3490 διαφθαρῆναι
3203 3410 3294 3469 διὰ
3348 3415 3447 3472 τὸν
3499 3417 3741 3474 Ἰωάννου
3787 3415 3868 3472 01'.

2249 3519 2406 3555 νατον
2415 3545 2426 3556 .

2322 3592 2446 3647 Ὅτι
2502 3589 2531 3644 6
2583 3589 2784 3666 Κύριος
2841 3592 3004 3664 ἡμῶν
3061 3593 3268 3664 Ἰησοῦς
3341 3597 3586 3672 Χριστὸς
3622 3595 3747 3652 κατὰ
3792 3594 3870 3672 τὰς

2250 3677 2374 3754 περῖ
2404 3675 2570 3734 αύτοῦ
2600 3679 2938 3754 προφητείας
2966 3679 3052 3736 ἐπὶ
3090 3681 3154 3737 τὸ
3200 3681 3372 3747 πάθος
3403 3667 3626 3761 ’προῄει
3655 3677 3794 3746 ἔτους
3819 3667 3870 3736 ιϐ’

2249 3776 2350 3840 τῆς
2377 3765 2630 3843 Τιϐερίου
2664 3767 2964 3844 βασιλείας.
3027 3773 3153 3836 Καθ’
3209 3771 3268 3828 ὅν
3327 3775 3523 3850 καιρὸν
3580 3776 3667 3831 καὶ
3718 3773 3768 3831 ἐν
3791 3771 3873 3828 ἅλ-

2251 3855 2372 3922 λοις
2407 3859 2502 3932 μὶν
2525 3855 2882 3928 Ἑλληνικοῖς
2923 3858 3311 3934 ὑπομνήμασιν
3368 3859 3600 3938 εὕρομεν
3659 3858 3871 3937 ἱστορού-

2255 3969 2388 4022 μενα
2413 3951 2580 4004 ταῦτα
2607 3947 2742 4003 κατᾶ
2779 3945 2946 4020 λέξιν·
2995 3947 3236 4024 Ἐγένετο
3284 3947 3534 4028 ἔκλειψις
3585 3951 3747 4024 ἡλίου
3794 3970 3872 4024 με·

2251 4037 2414 4116 γίστη
2463 4041 2570 4092 τῶν
2603 4035 2960 4114 ἐγνωσμένων
2993 4039 3278 4114 πρότερον,
3333 4042 3426 4096 καὶ
3481 4043 3569 4116 νὺξ
3626 4041 3736 4112 ὥρᾳ
3758 4038 3868 4114 ἕκτῇ

2249 4133 2348 4198 τῆς
2375 4126 2588 4204 ἡμέρας
2627 4124 2830 4202 ἐγένετο
2862 4127 2936 4190 ὡς
2989 4128 3082 4183 καὶ
3139 4126 3362 4204 ἀστέρας
3423 4128 3478 4186 ἒν
3534 4131 3738 4206 οὐρανῷ
3787 4148 3871 4208 φα-

2247 4224 2425 4288 νῆναι·
2457 4215 2676 4289 σεισμός
2707 4235 2766 4272 τε
2806 4215 2974 4294 μέγας
3029 4217 3168 4274 κατὰ
3221 4217 3472 4276 Βιθυνίαν
3519 4216 3792 4298 γενόμενος
3816 4214 3872 4272 τὰ

2248 4303 2436 4362 πολλὰ
2487 4311 2592 4376 τῆς
2677 4305 2911 4370 Νικαίας
2961 4305 3378 4382 κατεστρέψατο.
3422 4311 3606 4367 Ταῦτα
3667 4305 3871 4385 Φλέγων

2249 4393 2404 4470 φησί.
2438 4393 2534 4448 Καὶ
2565 4392 2888 4469 Ἀφρικανὸς
2927 4390 2987 4448 δὲ
3045 4395 3256 4468 ἱστορεῖ
3282 4401 3400 4452 κατ’
3431 4397 3604 4468 αὐτὴν
3630 4399 3724 4469 τήν
3753 4394 3874 4469 ἡμί-

2251 4503 2344 4560 ραν
2377 4485 2462 4558 [Ρ.
2497 4485 2622 4556 189]
2649 4486 2748 4539 τοῦ
2772 4483 2977 4548 πάθους
3009 4484 3200 4550 σκότος
3236 4486 3355 4542 καθ’
3385 4485 3524 4544 ὅλου
3553 4491 3649 4544 τοῦ
3689 4486 3874 4560 κόσμου

485 4590 625 4630 saxa
649 4572 908 4642 dirupta,
939 4570 1311 4643 multumque
1360 4576 1530 4627 terrm
1571 4579 1958 4645 prostratum.
2017 4576 2130 4631 Eas

2251 4567 2620 4651 ροϐερώτατον
2672 4569 2937 4649 γενέσθαι.
2993 4579 3216 4648 Σεισμῳ
3270 4595 3330 4631 τε
3384 4578 3439 4632 αἱ
3497 4579 3688 4652 πέτραι
3743 4572 3872 4650 διεῤ-

486 4661 760 4716 tenebras
804 4660 988 4716 Judzei
1020 4659 1162 4715 solis
1210 4660 1505 4716 defectum
1561 4663 1839 4734 appellat,
1873 4663 2127 4721 absurde

2251 4664 2528 4741 Ξήγνυντο,
2560 4663 2649 4718 καὶ
2691 4660 2880 4718 πολλᾶ
2934 4669 3035 4733 τῆς

485 4751 545 4807 id
586 4751 826 4822 quidem
885 4766 1016 4805 meo
1058 4749 1284 4821 judicio
1337 4756 1394 4804 et
1441 4759 1807 4824 repugnante
1865 4753 2129 4811 veritate.

485 4843 628 4898 Nam
660 4840 987 4896 secundum
1017 4839 1170 4894 luna)
1203 4845 1430 4894 motum
1461 4840 1688 4895 chrmi
1713 4841 1939 4910 Pascha
1969 4842 2134 4898 insli-

486 4940 680 4991 tuuut.
716 4935 907 4989 Pridie
956 4937 1154 4988 autem
1185 4931 1482 5002 paschatis
1537 4931 1805 4986 Christus
1867 4932 1927 4986 in
1961 4950 2134 4992 cruce

482 5025 842 5097 supplicium
873 5039 1084 5094 passus
1117 5027 1220 5076 est.
1255 5021 1382 5074 1am
1427 5019 1571 5074 solis
1600 5019 1864 5076 defectus
1914 5038 2032 5078 non
2067 5023 2135 5078 ﬁt

481 5113 596 5168 nisi
629 5130 764 5169 cum
795 5127 931 5166 eum
963 5111 1104 5165 luna
1133 5108 1328 5175 subit;
1364 5124 1560 5177 neque
1593 5108 1745 5164 332
1773 5114 1965 5181 potest
2015 5111 2131 5166 nisi

477 5204 540 5258 in
572 5203 899 5268 novilunio,
930 5217 1065 5256 cum
1089 5199 1409 5254 luminaria
1431 5205 1666 5268 coeunt,
1690 5205 1793 5255 aut
1833 5202 2130 5273 proxime,

549 5300 596 5336 ⁸⁵
624 5301 789 5356 Joan.
823 5317 902 5368 χι,
935 5301 1026 5368 49,
1060 5300 1150 5352 51.

3093 4671 3198 4739 γῆς
3253 4663 3575 4746 κατεῤῥίφη.
3609 4670 3772 4726 Τοῦτο
3817 4657 3872 4717 τὸ

2242 4754 2433 4814 σκότος
2463 4745 2704 4824 ἔκλειψιν
2735 4749 2906 4822 ἡλίου
2937 4751 2988 4807 οἱ
3017 4749 3276 4808 Ἰουδαῖοι
3319 4752 3602 4826 καλοῦσίν,
3652 4755 3874 4831 ἀλόγωςν

2243 4843 2317 4904 ὡς
2345 4839 2469 4915 ἐμοὶ
2498 4839 2588 4895 καὶ
2621 4843 2689 4913 τῇ
2724 4839 2976 4912 ,ἀληθείᾳ
3015 4837 3185 4896 δοκεῖ·
3243 4837 3490 4918 Ἑϐραῖοι
3545 4845 3652 4922 γὰρ
3705 4843 3874 4920 ἄγουσι

2240 4931 2304 4986 τὸ
2337 4931 2530 5006 Πάσχα
2555 4928 2692 4984 κατὰ
2722 4928 2977 5001 σελίνην,
3009 4931 3114 5005 πρὸ
3171 4927 3228 4986 δὲ
3257 4939 3357 5003 τῆς
3392 4937 3520 5006 μιᾶς
3557 4938 3656 4990 τοῦ
3703 4931 3876 5004 Πάσχα

2240 5020 2306 5076 τά
2345 5022 2466 5092 περὶ
2495 5019 2590 5074 τὸν
2625 5019 2855 5093 Σωτῆρα
2886 5013 3106 5090 συνέϐη,
3159 5013 3405 5096 ἔκλειψις
3461 5020 3518 5078 δὲ
3575 5021 3738 5093 ἡλίου
3787 5023 3875 5086 τῆς

2242 5109 2480 5180 σελήνης
2539 5106 2702 5163 αὐτὸν
2771 5107 3114 5178 ὑπελθούσης
3170 5107 3398 5184 γίνεται,
3456 5108 3710 5168 ἀδύνατον
3751 5105 3803 5164 δὲ
3831 5105 3877 5161 έν

2240 5197 2400 5272 ἄλλῳ
2431 5197 2620 5274 χρόνῳ
2643 5195 2792 5268 πλὴν
2839 5195 2892 5252 έν
2923 5200 3002 5270 τῷ
3034 5197 3231 5272 μεταξὺ
3288 5199 3588 5275 νουμηνίας
3641 5199 3746 5256 καὶ¹
3781 5201 3873 5265 τῆς

1673 5387 2036 5448 X’YLANDRI
2074 5391 2162 5447 ET
2197 5388 2430 5448 GOARI
2469 5388 2694 5444 NOTAE.

547 5505 660 5581 (36)
691 5505 876 5559 Locus
893 5508 1231 5581 βαδίξειειιςιςιΔ
1255 5501 1341 5559 ita
1368 5501 1578 5581 pgocul
1607 5502 1679 5560 ab
1711 5504 1882 5581 initio
1910 5507 2122 5581 Apolo-

2237 5511 2470 5565 constat
2492 5503 2810 5580 legendum
2835 5504 3054 5580 __fuiss_e
3104 5500 3192 5580 εἷς
3206 5576 3220 5580 Α
3237 5503 3330 5560 τὸν
3359 5504 3566 5580 κόσμον
3597 5501 3880 5580 εἰσελήλυο

479 5573 2126 5653 μβιὶοἱ,θιαρυ(1Ειιδερ.ῌίει.ιιςϐεωοεθιροιιίιυτ,ἱιῃιίθ
2237 5589 2348 5648 θεν,
2383 5573 2589 5653 pagova
2638 5577 2780 5653 Post
2834 5575 3120 5653 Herodias
3154 5573 3477 5653 Cleopatra}
3521 5573 3875 5642 nominatur,

479 5643 712 5705 videtur
740 5643 1043 5702 mutuatus
1072 5643 1392 5703 Cedrenus.
1433 5643 1727 5704 Caaterum
1755 5648 1896 5706 inde
1939 5643 2127 5710 etiam
2236 5643 2357 5708 non
2378 5643 2500 5708 scio
2521 5665 2598 5706 an
2628 5647 2853 5722 absque
2884 5647 3122 5708 menda.
3154 5649 3295 5708 ΧΠ..
