4104 6276
255 407 368 471 369

1406 408 1951 473 HISTORIARUM
1997 406 2553 472 COMPENDIUM.

3530 409 3663 471 -870

250 544 355 619 πρὸ
376 542 544 613 αὐτῆς
598 543 741 600 κατᾶ
795 545 901 614 τὴν
955 544 1180 604 σύνοδον
1229 547 1401 617 αὐτὴν
1457 540 1753 617 ἀποϐῆναι·
1785 547 1891 605 πῶς

2017 543 2270 601 evenire.
2321 542 2626 609 Quomodo
2678 542 2856 617 igitur
2902 543 3029 600 istas
3084 543 3345 600 tenebrae
3397 543 3662 602 delectus

252 635 355 691 οὖν
385 627 633 708 ἔκλειψις
662 634 956 710 νομισθείη
986 638 1122 693 κατὰ
1149 634 1439 713 διάμετρον
1500 634 1695 712 σχεδὸν
1746 636 1913 710 ὑπαρ-

254 724 468 804 χούσης
495 730 599 794 τῆς
628 723 868 796 σελήνης
896 724 1049 800 ἡλίῳ
1080 746 1094 797 ;
1121 728 1303 785 Ἔστω
1333 723 1392 782 δὶ
1421 724 1759 801 συναρμόζον
1777 724 1914 780 πολ-

259 811 383 876 λοῖς
421 812 483 868 τὸ
511 815 903 889 γεγενημένον,
936 816 1026 871 καὶ
1085 817 1352 889 κοσμικὸν
1409 816 1569 891 τέρας
1625 812 1791 884 ἡλίου
1818 811 1911 869 ἔκ·-

260 899 444 973 λειψις
489 898 827 956 ὗπονοείσθω
856 896 918 956 ἔκ
942 922 1003 978 γε
1052 909 1152 972 τῆς
1213 902 1349 959 κατᾶ
1374 906 1474 973 τήν
1507 902 1630 977 ὄψιν
1670 900 1907 973 πλάνης.

252 989 353 1051 Τίς
384 986 506 1059 δὶὴ
562 991 821 1046 κοινωνία
864 996 1074 1066 σεισμῷ
1129 992 1219 1049 καὶ
1274 990 1517 1067 ἂκλείψει
1574 990 1795 1068 πέτραις
1851 1012 1910 1047 τε

258 1078 625 1156 ῥηγνυμέναις
679 1081 771 1135 καὶ
802 1080 1086 1137 ἀναστάσει
1140 1087 1368 1158 νεκρῶν,
1417 1082 1652 1153 τοσαύτη
1711 1102 1769 1137 τε
1823 1082 1907 1137 κί-

258 1191 417 1241 νησις
444 1172 680 1244 κοσμιιιή
719 1189 734 1239 ;
770 1172 859 1229 Ἑν
892 1176 1024 1246 γοῦν
1052 1176 1132 1243 τῷ
1175 1177 1368 1248 μακρῷ
1419 1174 1606 1249 χρόνῳ
1659 1174 1908 1228 τοιοῦτόν

260 1280 317 1316 τι
349 1254 553 1332 συμϐὰν
580 1258 644 1314 οὗ
678 1259 954 1334 μέμνηταί
982 1280 1087 1323 τις.
1122 1259 1280 1318 Ἀλλ’
1307 1263 1373 1331 ἧν
1423 1261 1616 1324 σκότος
1648 1262 1909 1333 θεοποίη-

256 1362 373 1417 τον,
407 1345 543 1404 διότι
565 1346 699 1423 τῇδε
725 1352 796 1423 τῇ
827 1348 1011 1426 ἡμέρᾳ
1038 1350 1129 1405 τὸν
1188 1350 1392 1426 Κύριον
1439 1346 1634 1423 συνέϐη
1694 1354 1905 1422 παθεῖν,

258 1438 363 1495 Καὶ
393 1438 423 1493 ὁ
452 1435 613 1512 λόγος
638 1436 1035 1509 ἀληθέστατος,
1091 1442 1182 1495 καί
1231 1440 1260 1495 ὁ
1316 1440 1521 1516 χρόνος
1571 1445 1669 1496 τοῦ
1733 1462 1908 1512 σωτη·

261 1528 379 1602 ρίου
435 1527 633 1591 πάθους
686 1527 835 1601 παρᾶ
882 1528 1179 1601 Ῥωμαίοις
1238 1527 1454 1603 μᾶλλον
1513 1532 1900 1603 σεσημείωταιο

268 1616 322 1672 ἓν
350 1616 451 1691 γάρ
497 1620 562 1690 τῇ
617 1616 847 1691 Γεμίνου
902 1618 1128 1691 ὑπατείᾳ
1180 1620 1503 1676 πεπονθέναι
1560 1619 1721 1676 αὐτὸν
1775 1619 1904 1692 ἐση-

275 1706 585 1779 μειώσαντο,
615 1706 735 1774 ἣτις
760 1706 980 1784 γέγονεν
1007 1705 1059 1762 ἐν
1089 1712 1168 1781 τῷ
1194 1709 1241 1763 α’
1296 1716 1398 1779 τῆς
1451 1710 1535 1784 σβ’
1594 1708 1908 1783 Ὀλυμπιά-

271 1793 382 1857 δος.
412 1795 718 1869 Τεκμήριον
746 1792 796 1849 δ’
832 1795 894 1851 ἃν
926 1796 1140 1870 γίνοιτο
1169 1802 1265 1854 τοῦ
1310 1797 1447 1854 κατὰ
1499 1795 1626 1855 τόδε
1683 1801 1742 1854 τὸ
1783 1796 1902 1863 ἔτος

2021 631 2160 687 solis
2188 632 2430 702 fuerint,
2457 650 2596 689 cum
2630 650 2698 688 eo
2729 637 2993 706 tempore
3024 634 3167 690 luna
3186 651 3337 706 pene
3371 652 3401 689 e
3424 636 3662 707 regione

2018 720 2130 776 soli
2161 722 2431 793 opposita
2450 721 2675 777 fuerit?
2706 722 2817 777 Sed
2847 728 2971 779 esto
3003 728 3202 779 tamen
3224 724 3284 778 id
3314 724 3472 795 quod
3504 724 3662 779 mul-

2017 810 2095 864 tis
2124 810 2437 882 probatum
2484 810 2634 878 fuit;
2668 826 3046 884 erroremque
3089 812 3247 867 visus
3279 814 3463 868 secuti
3496 819 3666 869 tene-

2018 898 2155 955 bras
2195 901 2297 955 toti
2321 900 2545 956 mundo
2571 900 2822 972 injectus
2853 901 3150 957 defectum
3195 902 3336 957 solis
3365 909 3661 974 putemus.

2017 987 2171 1053 Quid
2196 989 2435 1045 interim
2450 989 2535 1045 rei
2557 994 2649 1046 est
2669 988 2923 1045 defectui
2945 990 3088 1045 solis
3110 1006 3243 1045 cum
3276 996 3447 1046 terrm
3476 997 3660 1063 motu,

2019 1094 2296 1136 saxorum
2328 1080 2590 1147 fissione,
2624 1084 2996 1135 mortuorum
3035 1080 3097 1134 in
3141 1080 3318 1135 vitam
3351 1082 3565 1151 reditu,
3597 1100 3664 1139 ac

2016 1172 2183 1224 tanta
2212 1171 2418 1225 mundi
2452 1171 2852 1226 commotione
2873 1171 2899 1225 ?
2929 1172 3097 1226 Certe
3127 1187 3303 1225 nemo
3348 1172 3662 1242 quisquam

2018 1257 2134 1312 tale
2166 1258 2392 1329 aliquid
2424 1265 2586 1315 tanto
2620 1260 2903 1331 temporis
2933 1260 3185 1315 decursu
3217 1260 3479 1315 evenisse
3511 1278 3664 1315 com.

2017 1348 2387 1403 memoravit.
2414 1348 2722 1404 Enimvero
2744 1348 3004 1404 tenebra:
3026 1355 3197 1403 erant
3224 1364 3259 1403 a
3282 1350 3398 1403 Deo
3430 1357 3663 1421 creatae,

2017 1436 2175 1507 quod
2205 1453 2276 1493 ea
2324 1437 2418 1492 die
2449 1438 2735 1493 Dominus
2785 1443 3137 1493 moreretur.
3180 1438 3314 1492 Haec
3346 1443 3435 1493 est
3480 1439 3660 1495 veris-

2018 1526 2167 1581 sima
2197 1526 2366 1581 ratio.
2405 1526 2674 1583 Exactius
2708 1528 2886 1583 etiam
2918 1533 3152 1599 tempus
3184 1527 3461 1583 salutaris
3490 1528 3661 1583 istius

2018 1614 2291 1687 supplicii
2322 1631 2357 1671 a
2386 1616 2668 1673 Romanis
2699 1623 2787 1672 est
2807 1622 3178 1685 annotatum,
3205 1617 3470 1673 evenisse
3491 1617 3662 1672 nimi-

2014 1723 2146 1762 rum
2179 1708 2423 1764 Gemino
2454 1707 2721 1764 consule.
2753 1708 2888 1763 Fuit
2909 1709 3020 1763 hoc
3059 1709 3250 1779 primo
3277 1724 3433 1763 anno
3457 1709 3656 1780 Olym-

2012 1794 2206 1868 piadis
2234 1796 2661 1852 ducentesimm
2694 1796 2989 1852 secundm.
3021 1799 3212 1867 Atque
3229 1803 3575 1868 argumento
3603 1798 3652 1852 ei

268 1884 568 1942 πεπονθίναι
598 1884 689 1941 τὸν
721 1892 956 1963 Σωτῆρα
984 1889 1145 1961 ἡμῶν
1209 1889 1244 1958 ἡ
1300 1891 1404 1944 τοῦ
1454 1889 1590 1945 κατᾶ
1648 1890 1891 1961 Ἰωάννην

2007 1885 2093 1940 rei
2154 1890 2243 1941 est
2299 1886 2478 1941 etiam
2537 1884 2943 1941 testimonium
2994 1885 3290 1957 Evangelii
3349 1902 3384 1940 a
3429 1887 3654 1940 Joanne

272 1978 376 2048 (3‘7)
402 1973 729 2053 Βῦαγγελίου
764 1975 1052 2051 μαρτυρία,
1083 1977 1208 2046 ἤτις
1242 1976 1376 2051 μετὰ
1430 1978 1492 2034 τὸ
1552 1980 1610 2033 ιε’
1654 1974 1775 2043 ἔτος
1806 1983 1901 2038 Τι-

274 2055 449 2136 ϐερίου
474 2068 652 2137 τριετῆ
683 2063 893 2139 χρόνον
922 2065 1024 2134 τῆς
1053 2060 1404 2128 διδασκαλίας
1435 2064 1601 2122 αὐτοῦ
1655 2062 1898 2143 διαγενέ-

276 2162 389 2216 σθαι
419 2157 686 2227 μαρτυρεῖ.

342 2238 641 2314 Ὀτιὲντῷ
699 2239 783 2317 λγ¹
839 2235 945 2297 ἔτει
1002 2238 1252 2317 Ἡρώδου
1310 2245 1579 2318 Κυρήνιος
1636 2244 1741 2300 ὑπὸ
1796 2248 1898 2311 τῆς

278 2328 567 2404 συγκλήτου
607 2328 821 2406 βουλῆς
868 2329 1276 2405 ἀπεσταλμένος
1339 2331 1417 2396 εἷς
1474 2335 1575 2405 τὴν
1630 2330 1897 2391 Ἰουδαίαν

273 2417 566 2495 dte-(passi;
594 2419 896 2491 ἐποιήσατο
921 2424 1030 2475 τῶν
1065 2418 1259 2476 οὐσιῶν
1287 2423 1375 2477 καὶ
1424 2427 1534 2479 τῶν
1569 2422 1892 2497 οθκητόρων.

274 2508 356 2565 Ἐν
379 2512 455 2580 τῷ
480 2509 622 2582 αὖτῷ
651 2506 710 2565 δι
739 2507 848 2564 ἔτει
877 2510 1088 2581 Ἰησοῦς
1119 2511 1358 2585 Χριστὸς
1383 2512 1414 2567 ὁ
1462 2513 1591 2575 Θεὸς
1647 2513 1808 2585 ἡμῶν
1839 2511 1894 2568 ἰν

265 2591 505 2667 Βηθλεὲμ
528 2600 627 2665 τῆς
653 2591 920 2657 Ἰουδαίας
951 2599 1216 2672 γεννᾶται.

329 2683 489 2756 Ὀμοῦ
544 2683 829 2759 συνάγεται
884 2683 990 2739 ἀπὸ
1044 2678 1299 2759 Ἀϐραὰμ
1352 2682 1443 2741 ἆπὶ
1495 2688 1597 2757 τήν
1655 2689 1893 2763 Χριστοῦ

259 2771 493 2846 γέννησιν
520 2768 614 2842 ἔτη
648 2774 798 2848 “βρε’.

315 2864 435 2920 Ὀτι
464 2858 722 2936 Ἡρώδης
750 2861 962 2938 ὕδρωπι
997 2859 1157 2936 δεινῷ
1197 2863 1433 2929 πιεσθεὶς
1485 2864 1772 2932 σκώληκάς
1827 2888 1886 2925 τε

244 2943 508 3024 ὶκόράσας
540 2948 649 3004 ἀπὸ
677 2952 777 3004 τοῦ
809 2947 1061 3023 σώματος
1090 2951 1448 3029 καταστρέφει
1473 2950 1566 3007 τὸν
1603 2952 1746 3028 βίον.
1778 2953 1890 3012 Αὕ-

236 3057 458 3113 γουστος
488 3034 551 3093 δὲ
582 3038 722 3111 μετὰ
754 3036 983 3095 θάνατον
1013 3036 1262 3112 Ἡρώδου
1317 3038 1607 3115 Αρχελαον
1672 3044 1765 3117 μὶν
1797 3043 1890 3099 τὸν

244 3127 353 3181 υἱὸν
399 3123 660 3201 Ἡρώδου
720 3124 998 3183 Ἰουδαίων
1057 3126 1327 3208 ἐθνάρχην
1384 3132 1701 3202 κατέστησε,
1761 3130 1890 3196 δοὺς

249 3214 631 3327 αὗτῷτὲιπερξ
667 3216 1044 3327 ζΙερορόλυμα
1116 3217 1261 3325 ὅρια,
1318 3219 1407 3276 καὶ
1466 3220 1765 3327 Σαμαρὲων
1818 3223 1882 3278 τὸ
1913 3258 1957 3327 C

248 3299 424 3372 ἔθνος,
454 3304 543 3359 καὶ
594 3300 874 3377 Σεϐαστὴν
933 3307 1024 3362 καὶ
1084 3305 1425 3384 Καισάρειαν,
1482 3310 1574 3365 καὶ
1633 3310 1880 3383 Ἰόππην,

241 3392 339 3447 καὶ
375 3392 769 3470 Ἀντιπατρίδα,
798 3396 891 3450 καὶ
918 3393 1116 3468 Κύδαν,
1146 3396 1238 3452 καὶ
1269 3399 1332 3453 τὸ
1360 3396 1567 3454 πεδίον·
1619 3398 1890 3473 Φιλίππῳ

247 3479 402 3538 δὶτά
429 3482 547 3557 περί
591 3487 689 3554 τὴν
752 3488 846 3539 νῦν
902 3483 1170 3555 Πανεάδα,
1236 3486 1327 3542 καὶ
1423 3488 1741 3559 Βαταναίαν,
1796 3493 1889 3546 καὶ

238 3571 529 3647 Τράχωνα,
561 3572 654 3628 καὶ
677 3574 780 3643 τήν
811 3569 1222 3647 Ἀκραϐατίνην,
1280 3576 1369 3630 καὶ
1423 3575 1766 3645 Γαυλανῖτιν,
1798 3578 1888 3635 καὶ

234 3660 470 3727 Γάλαθα,
502 3654 630 3716 ἔνθα
658 3661 725 3731 ἦν
758 3660 990 3735 Γαμάλα
1018 3663 1206 3727 πόλις·
1238 3662 1458 3739 Ἡρώδῃ
1517 3662 1576 3722 δὲ
1629 3668 1728 3734 τήν
1782 3674 1889 3723 Γα-

236 3747 481 3821 λιλαίαν,
510 3752 602 3805 καὶ
637 3751 702 3806 τὸ
735 3751 837 3806 ὑπὸ
861 3752 964 3822 τήν
997 3753 1206 3828 Πάρναν
1257 3751 1463 3824 πεδίον,
1521 3756 1611 3810 καὶ
1668 3751 1888 3831 Νάρϐα-

235 3839 471 3906 Mm“?
502 3841 608 3910 τήν
665 3840 919 3916 Περαίαν,
977 3842 1152 3905 Οὗτος
1206 3835 1382 3900 ἔκτισε
1435 3840 1750 3920 Τιϐεριάδαο
1807 3851 1888 3919 τῷ

230 3925 289 3984 δὶ
316 3930 565 4002 Λυσανίᾳ
594 3930 695 3998 τὶ,ν
725 3926 1033 4002 Ἰδουμαίαν
1062 3930 1154 3986 καὶ
1197 3933 1459 4005 Ζιφηνὴν,
1526 3933 1617 3989 καὶ
1645 3933 1713 3990 τὰ
1765 3933 1891 3991 ταύ-

223 4037 328 4088 της
360 4018 574 4093 χωρία,
603 4019 696 4073 καὶ
722 4013 1043 4091 Ἀϐιληνήν.

301 4105 557 4161 Γίνονται
589 4109 678 4181 [Ρ.
713 4110 837 4182 190]
867 4108 960 4163 οὗν
1010 4108 1118 4164 ἀπὸ
1153 4105 1333 4181 Ἀδὰμ
1358 4104 1462 4172 ἕως
1491 4113 1588 4165 τοῦ
1617 4108 1887 4166 κατακλυ-

228 4193 377 4268 σμοῦ
409 4190 510 4266 ἔτη
544 4192 796 4270 δισχίλια
830 4197 981 4272 σμβ’,
1036 4196 1127 4252 καὶ
1182 4197 1288 4253 ἀπὸ
1346 4203 1443 4255 τοῦ
1497 4198 1887 4273 κατακλυσμοῦ

228 4285 342 4347 ’ἕως
373 4288 474 4340 τοῦ
504 4284 696 4340 Φάλεκ
721 4285 812 4340 καί
850 4292 952 4356 τῆς
988 4286 1353 4361 πυργοποιίας
1383 4281 1476 4359 ἔτη
1503 4287 1653 4362 φλη“,
1675 4291 1762 4345 καὶ
1779 4289 1886 4345 ἀπὸ

230 4378 333 4429 τοῦ
362 4371 553 4428 Φάλεκ
581 4373 799 4444 καὶτῆς
838 4374 1203 4450 πυργοποιίας
1260 4371 1365 4438 ἓως
1413 4374 1578 4447 ἦλθεν
1636 4373 1891 4453 Ἀϐραὰμ

232 4461 314 4525 εἲς
345 4469 452 4539 γῆν
481 4463 693 4519 Χαναὰν
725 4457 819 4535 ἔτη
849 4470 983 4543 χις’,
1015 4464 1105 4520 καὶ
1160 4464 1268 4520 ἀπὸ
1324 4460 1614 4543 Ἀϐρραᾶμ
1653 4466 1756 4530 ἓως
1785 4474 1884 4539 τῆς

2007 1974 2351 2046 conscripti,
2384 1974 2543 2045 quod
2573 1975 2858 2045 scriptum
2890 1979 3023 2046 post
3047 1972 3344 2028 decimum
3378 1973 3650 2045 quintum

2003 2062 2218 2118 Tiberii
2247 2079 2472 2119 annum
2529 2062 2797 2119 docendo
2840 2063 3163 2119 triennium
3206 2063 3649 2133 consumpsisse

2002 2151 2296 2224 perhibet.

2073 2242 2247 2296 Anno
2277 2240 2526 2297 Herodis
2558 2240 2857 2296 tricesimo
2886 2240 3058 2296 tertio
3079 2239 3366 2311 Cyrenius
3387 2258 3421 2295 a
3441 2244 3651 2297 senatu

2003 2328 2066 2384 in
2112 2330 2377 2385 Iudaeam
2410 2329 2627 2385 missus
2683 2329 2912 2385 incolas
2942 2335 3000 2384 et
3051 2328 3359 2384 facultates
3397 2330 3648 2387 censuit.

2002 2418 2223 2483 Eodem
2255 2435 2412 2475 anno
2461 2419 2728 2475 Christus
2771 2418 3126 2475 Bethleemas
3176 2418 3460 2488 nascitur,
3505 2418 3651 2474 urbe

1999 2507 2241 2565 Judmas.

2070 2686 2155 2741 Ah
2183 2686 2519 2743 Abraliamo
2574 2701 2765 2759 usque
2819 2685 2893 2742 ad
2950 2685 3165 2742 Christi
3222 2685 3452 2742 natales
3506 2687 3647 2741 anni

2009 2784 2147 2835 sunt
2172 2779 2333 2834 2105.

2072 2868 2332 2924 Herodes
2361 2867 2624 2939 hydrope
2654 2866 2990 2922 vehementi
3018 2866 3409 2936 excruciatus,
3438 2868 3647 2922 vermi-

1998 2958 2108 3013 bus
2137 2957 2210 3013 de
2240 2972 2489 3027 corpore
2522 2955 2709 3027 ipsius
2732 2955 2884 3011 I33
2934 2954 3413 3021 scaturientibus,
3469 2956 3645 3011 vitam

1998 3063 2133 3106 cum
2180 3051 2372 3102 morte
2425 3044 2826 3100 commutavit.
2878 3044 3017 3115 Ejus
3068 3043 3256 3098 ﬁlium
3287 3044 3644 3100 Archelaum

1996 3139 2292 3209 Augustus
2321 3133 2536 3190 Iudam
2567 3133 2726 3207 genti
2766 3133 3126 3204 praeposuit;
3170 3132 3342 3203 eique
3379 3132 3647 3189 attribuit

1995 3229 2277 3281 montana
2304 3223 2529 3280 circum
2560 3221 2986 3293 Hierosolyma,
3030 3221 3460 3277 Samaritanam
3501 3238 3646 3294 gen-

2000 3320 2142 3377 tem,
2174 3312 2480 3369 Sebastam
2509 3311 2858 3377 Caesaream,
2889 3311 3137 3382 JOppeu,
3187 3310 3643 3382 Autipatridem,

1999 3404 2218 3476 Lydam
2248 3407 2307 3457 et
2335 3400 2710 3473 campestria.
2741 3400 3015 3471 Philippo
3040 3399 3172 3455 loca
3210 3399 3464 3455 Pancadi
3488 3416 3647 3455 nunc

1997 3497 2214 3549 vocatas
2240 3491 2512 3559 ﬁnitima,
2547 3491 2884 3552 Batancam,
2919 3490 3303 3555 Trachonem,
3338 3489 3645 3545 Acrabati-

1997 3599 2133 3639 nam
2145 3580 2601 3651 ,Gaulonitidem
2615 3595 2684 3636 ac
2698 3578 3068 3648 Galatha,ubi
3082 3584 3208 3634 erat
3223 3578 3364 3634 urbs
3381 3579 3641 3635 Gamala.

1998 3670 2212 3728 Herodi
2245 3670 2545 3727 Galilaeam
2579 3675 2638 3724 et
2674 3668 2982 3741 planitiem
3036 3671 3242 3723 Parua:
3291 3667 3643 3739 subjectam,

1997 3760 2383 3827 Narbathum,
2444 3760 2729 3814 Perzeam.
2799 3759 2854 3813 Is
2924 3756 3293 3812 Tiberiadem
3352 3757 3638 3811 condidit.

1998 3849 2262 3920 Lysanim
2290 3847 2635 3915 Idumzeam,
2684 3846 3007 3918 Ziphenem
3057 3850 3115 3900 et
3142 3862 3274 3916 qua:
3324 3844 3452 3916 ejus
3503 3850 3642 3900 sunt

1996 3937 2262 4008 ditionis,
2294 3941 2472 4008 atque
2498 3934 2826 3991 Abilenam.

2066 4116 2152 4172 Ab
2182 4114 2407 4172 Adamo
2427 4130 2617 4185 usque
2639 4114 2713 4170 ad
2754 4112 3039 4169 diluvium
3065 4118 3204 4169 sunt
3223 4114 3363 4169 anni
3395 4116 3638 4170 omnino

1994 4208 2175 4273 2242;
2205 4203 2344 4259 inde
2376 4220 2562 4275 usque
2614 4202 2688 4258 ad
2714 4201 3031 4257 Phalecum
3074 4209 3133 4258 et
3161 4203 3341 4257 turris
3379 4202 3639 4259 aediﬁca-

1995 4294 2220 4351 tionem
2251 4293 2392 4350 anni
2422 4293 2546 4359 538,
2579 4291 2721 4347 hinc
2750 4306 2937 4362 usque
2959 4290 3035 4346 ad
3061 4291 3380 4347 Abrahami
3411 4292 3473 4347 in
3495 4292 3638 4348 Cha~

1994 4383 2306 4439 nanaicam
2338 4386 2557 4437 terram
2589 4380 2906 4436 adventum
2935 4380 3059 4447 616,
3088 4380 3160 4436 ab
3192 4381 3302 4435 hoc
3347 4396 3535 4451 usque
3562 4380 3635 4436 ad

1993 4475 2248 4526 mortem
2277 4470 2469 4525 Josuaa
2496 4466 2670 4523 Navis
2693 4467 2798 4522 ﬁlii
2830 4467 2957 4531 526,
2978 4483 3154 4538 porro
3171 4483 3358 4538 usque
3390 4467 3463 4522 ad
3486 4471 3632 4522 tem-

226 4559 495 4622 τεΑευτῆς
524 4555 708 4622 Ἰησοῦ
738 4553 858 4608 υἱοῦ
886 4554 1041 4624 Ναυῆ
1073 4548 1166 4626 ἔτη
1195 4560 1336 4633 φκς’,
1367 4555 1455 4610 καὶ
1492 4555 1598 4611 άπὸ
1652 4563 1755 4625 τῆς
1783 4577 1881 4612 τε-

2007 4575 2104 4631 pus
2134 4574 2251 4630 quo
2278 4557 2589 4614 Iudaicum
2620 4573 2867 4629 regnum
2914 4556 3166 4613 Davidus
3213 4558 3462 4625 accepit,
3494 4557 3635 4613 anni

232 4644 438 4711 λευτ-ῆς
494 4643 677 4713 Ἰησοῦ
730 4639 836 4705 ’ἕως
891 4629 1392 4719 napé).a6e'Aa618
1446 4646 1544 4713 τήν
1605 4644 1879 4721 βασιλείαν

2007 4629 2114 4717 ἱ-80,
2147 4648 2285 4702 hinc
2314 4662 2501 4717 usque
2533 4644 2607 4700 ad
2657 4644 2964 4701 Sedeciam
3011 4645 3308 4701 Jechoniae
3360 4646 3546 4701 ﬁlium
3579 4652 3639 4702 et

233 4737 335 4801 τῆς
362 4727 634 4791 Ἰουδαίας
660 4726 753 4802 ἔτη
811 4740 917 4801 ua”,
973 4732 1079 4797 xui.
1122 4731 1237 4809 ἀπὸ,
1287 4726 1597 4809 Δαόξδξέως
1628 4730 1879 4791 Σεδεκίου

242 4822 362 4877 υἱοῦ
390 4821 655 4896 Ἰεχονίου
683 4823 771 4877 καὶ
802 4829 901 4893 τῆς
931 4820 991 4877 ἐκ
1021 4817 1201 4880 Βαϐυλ
1215 4826 1353 4886 ὦνος
1392 4823 1753 4896 ¹μετοικεσίας
1785 4822 1878 4896 ἔτη

239 4917 365 4986 υμη¹
404 4909 492 4965 καὶ
551 4911 657 4966 ἀπὸ
714 4917 814 4982 ἧς
872 4910 1211 4985 μετοικεσίας
1264 4909 1369 4976 ἕως
1430 4907 1762 4988 Ζοροϐάϐελ,
1790 4912 1879 4969 ἰπὶ

1991 4736 2267 4792 exsilium
2318 4734 2743 4808 Babylonicum
2794 4735 2936 4790 anni
2966 4737 3093 4799 448,
3145 4734 3282 4789 inde
3326 4751 3516 4806 usque
3560 4736 3635 4791 ad

1988 4825 2408 4882 Zorobabelem
2429 4842 2496 4881 ac
2529 4826 2785 4897 primum
2813 4841 3035 4880 annum
3057 4825 3187 4896 Cyri
3218 4826 3280 4880 in
3312 4828 3519 4881 Persas
3541 4842 3634 4881 re-

1989 4917 2087 4989 gni
2117 4917 2261 4972 anni
2290 4917 2382 4985 70,
2416 4915 2675 4987 denique
2705 4931 2738 4971 a
2763 4914 2955 4987 primo
2987 4932 3145 4971 anno
3176 4915 3307 4986 Cyri
3340 4932 3527 4985 usque
3559 4913 3634 4969 ad

1433 5067 1793 5123 XYLANDRI
1831 5068 1919 5122 ET
1960 5068 2178 5125 GOARI
2218 5069 2439 5124 ΝΟΤίΕ.

306 5219 422 5289 (37)
453 5217 767 5289 Perspicue
797 5218 1037 5273 falsum.
1074 5218 1239 5274 Lucm
1271 5234 1332 5274 ιιι
1363 5219 1587 5274 mentio
1626 5219 1693 5275 ﬁt
1731 5220 1872 5275 anni

246 5292 306 5345 l6
335 5288 575 5344 Tiberii.
606 5288 948 5345 Triennium
979 5290 1278 5346 Christum
1307 5290 1580 5346 docuisse
1633 5307 1754 5346 non
1785 5296 1876 5347 est

245 5359 684 5432 sacrisljtteris
713 5376 1058 5432 expressum
1092 5378 1105 5417 :
1138 5362 1356 5418 nam‘si
1399 5368 1574 5428 esset,
1608 5379 1679 5418 ea
1705 5362 1777 5418 de
1812 5380 1875 5418 re

244 5449 357 5489 non
387 5430 1043 5503 disputassent'Patres.
1077 5433 1349 5490 Clemens
1379 5433 1811 5490 Alexandrinus
1831 5440 1874 5488 α’

242 5502 535 5576 στρωματη
568 5502 828 5576 afﬁrmat
856 5504 1100 5559 unicum
1123 5521 1345 5561 annum
1378 5522 1412 5560 a
1441 5505 1671 5561 Christo
1694 5506 1875 5562 fuisse

240 5573 608 5647 Evangelium
628 5573 1014 5648 pra‘dicatum
1038 5591 1257 5648 ;eoque
1284 5576 1622 5632 vaticinium
1638 5576 1877 5633 adducit

243 5648 310 5705 de
338 5662 493 5719 anno
529 5647 750 5719 gratim.
786 5647 945 5719 quod
1002 5663 1071 5719 ex
1130 5647 1291 5704 Isaiae
1350 5665 1380 5703 c
1412 5665 1524 5719 ,ιιι
1571 5648 1872 5704 recitatur.

246 5722 319 5778 De
344 5716 557 5776 ludam}
586 5717 647 5775 in
671 5716 830 5775 ﬁlios
860 5718 1104 5775 Herodis
1125 5718 1540 5777 distributione
1570 5719 1875 5776 videJose-

1983 5220 2167 5292 phum
2201 5220 2309 5292 sub
2358 5220 2580 5275 exitum
2624 5218 2665 5273 l.
2694 5234 2808 5292 xvi
2835 5234 3015 5292 :_nam
3062 5233 3194 5287 quas
3243 5214 3634 5292 geographica

1985 5287 2143 5351 sunt.
2178 5290 2314 5346 alibi
2347 5306 2727 5362 exponemus.
2758 5290 2869 5345 Sed
2901 5294 2958 5344 et
2987 5287 3279 5362 annorum
3305 5287 3377 5362 ab
3408 5289 3632 5362 Adamo

1984 5363 2061 5418 ad
2089 5362 2386 5418 Christum
2420 5360 2759 5433 supputatio
2793 5378 2921 5431 quae
2948 5360 3216 5433 sequitur
3246 5376 3303 5430 p,
3327 5360 3438 5433 _33_3
3479 5376 3529 5433 γ.
3565 5362 3632 5416 20

1985 5433 2274 5507 mendosa
2306 5437 2437 5507 est,
2492 5430 2557 5507 et
2605 5432 2714 5487 sibi
2769 5430 2887 5487 non
2935 5430 3236 5507 congruit,
3291 5431 3339 5486 si
3402 5430 3629 5507 ἀπὸτοῦ

1989 5503 2064 5577 μά
2092 5497 2242 5563 ἔτους
2274 5502 2453 5577 Κύρου
2509 5503 2690 5575 legas.
2723 5507 2796 5577 Et
2850 5497 3089 5574 quideiﬁ
3150 5507 3237 5577 tot
3288 5519 3477 5560 annos
3524 5501 3630 5576 Cy—

1983 5573 2115 5703 rusx
2114 5573 2367 5648 regnum
2394 5591 2515 5630 non
2574 5573 2764 5630 tenuit
2796 5590 2809 5640 ;
2839 5573 2972 5646 ergo
3023 5590 3128 5646 qro
3164 5573 3239 5647 μά
3266 5573 3626 5647 reponemus

1985 5667 2037 5703 α.
2118 5665 2203 5703 YL.

1985 5667 2037 5703 α.
2071 5665 2203 5703 ᾹΥῙ...
