4104 6276
479 415 592 475 371
1835 403 2157 472 GEORGII
2200 402 2550 466 GEDRENI
3743 414 3839 476 372

479 565 704 608 annum
732 550 996 622 Augusti.
1020 566 1138 622 quo
1167 550 1434 607 Christus
1474 555 1648 608 natus
1677 550 1809 620 fuit,
1834 544 1977 603 anni
1998 545 2120 599 592.
2159 540 2193 608 Α

2237 538 2460 613 πρώτου
2490 535 2644 603 ἔτους
2685 540 2868 616 Κύρου
2926 540 3198 617 βασιλέως
3252 544 3493 617 Περσῶν,
3548 535 3635 614 ἔτη
3681 545 3739 613 0',
3763 546 3839 601 καὶ

480 641 722 697 Summa
749 639 891 695 anni
912 642 1074 695 5506.

2233 626 2340 682 ἀπὸ
2366 631 2466 682 τοῦ
2495 628 2541 682 α’
2573 625 2737 693 ἔτους
2762 630 2942 705 Κύρου
2975 628 3081 693 ἕως
3140 624 3455 708 Αὐγούστου
3510 634 3772 708 Καίσαρος,
3798 633 3840 689 ἐν

2233 718 2280 791 ᾧ
2307 716 2495 792 χρόνῳ
2525 717 2779 793 ἐγεννήθη
2815 719 2843 774 6
2876 718 3076 795 Κύριος
3110 722 3271 793 ἡμῶν
3334 720 3426 774 καὶ
3485 721 3607 783 Θεὸς
3659 723 3840 792 Ἰησοῦς

2234 806 2489 881 Χριστὸς,
2520 799 2614 877 ἔτη
2646 807 2796 885 φιιβκ
2838 809 3011 881 Ὁμοῦ
3042 807 3162 879 ἔτη,
3193 809 3340 888 ,εφςκ

550 913 692 968 Post
720 914 1049 984 Augustum
1096 907 1363 963 Tiberius
1410 923 1662 980 regnum
1710 904 1902 962 tenuit
1940 919 2129 958 annos

2310 895 2455 984 Μετὰ
2488 892 2545 950 δέ
2574 896 2886 972 Αὓγουστον
2948 893 3263 955 ἐϐασίλευσε
3318 893 3569 984 Τιϐέριος
3620 895 3706 970 ἔτη
3757 903 3843 975 κγ’,

480 1002 569 1056 23.
603 1002 657 1056 Is
689 1001 750 1055 in
779 982 979 1056 Iudaea
1003 997 1211 1054 urbem
1254 996 1624 1052 Tiberiadem
1673 993 1955 1050 condidit.
1988 992 2130 1065 Ejus

2237 984 2295 1047 ὃς
2327 982 2505 1041 ἔκτισε
2535 984 2697 1040 πόλιν
2755 986 2808 1041 ἐν
2875 991 2944 1061 τῇ
3004 984 3242 1059 Ἰουδαίᾳ
3306 982 3610 1063 Τιϐεριάδα.
3663 991 3754 1047 Καί
3800 991 3846 1048 ἐν

480 1088 647 1161 regni
679 1105 833 1144 anno
896 1091 961 1143 12
1018 1085 1349 1157 baptizatus
1397 1090 1487 1139 est
1542 1085 1813 1139 Christus
1871 1082 2026 1137 884
2074 1085 2134 1136 et

2241 1075 2335 1147 μὶν
2366 1079 2445 1146 τῷ
2478 1076 2535 1130 ιε’
2566 1070 2671 1130 ἔτει
2702 1082 2802 1145 τῆς
2864 1077 3027 1133 αὐτοῦ
3085 1075 3366 1152 βασιλείας
3424 1079 3454 1133 6
3495 1078 3678 1152 Κύριος
3706 1083 3843 1152 ἡμῶν

482 1177 807 1251 Ρτωάὶσατε
865 1175 1247 1246 Evangelium
1297 1173 1489 1245 coepit.
1522 1176 1695 1228 Anno
1746 1172 1875 1243 ejus
1911 1172 1972 1226 l8
2004 1170 2132 1241 ejus

2235 1165 2453 1233 Ἰησοῦς
2486 1164 2722 1239 Χριστὸς
2748 1161 3042 1237 ἐϐαπτίσθη
3093 1166 3183 1221 καὶ
3223 1171 3321 1223 τοῦ
3380 1166 3716 1244 εὖαγγελικοῦ
3763 1192 3852 1242 κη-

480 1249 648 1338 regni
672 1265 830 1321 cruci
854 1264 1065 1320 afﬁxus
1097 1268 1222 1318 est:
1257 1263 1547 1318 Vicesima
1572 1261 1781 1333 quinta
1822 1261 2011 1315 Martii
2037 1258 2133 1314 die

2242 1249 2515 1326 ρύγματος
2548 1254 2846 1326 ἀπήρξατο.
2882 1255 2971 1311 Ἐν
3001 1251 3060 1309 δὲ
3088 1259 3170 1327 τῷ
3224 1262 3292 1325 ιη’
3347 1250 3453 1310 ἔτει
3483 1262 3580 1325 τῆς
3613 1257 3850 1332 βασιλείας

485 1354 560 1410 de
591 1354 842 1409 mortuis
873 1353 1097 1409 exstitit
1143 1352 1328 1417 vivus,
1379 1350 1757 1406 illucescente
1789 1348 1882 1404 die
1932 1347 2135 1403 Domi—

2240 1340 2406 1395 αὐτοῦ
2435 1339 2750 1416 ἐσταυρώθη
2780 1345 2808 1398 6
2843 1342 3059 1418 Κύριος.
3092 1343 3408 1401 Ἀνίσταται
3441 1341 3499 1399 δὲ
3528 1350 3593 1420 τῇ
3622 1348 3690 1400 κε’
3728 1353 3851 1423 Μαρ-

483 1443 640 1512 nica,
664 1459 795 1514 quae
822 1448 911 1498 est
940 1458 975 1498 a
1004 1439 1256 1496 Sabbato
1287 1440 1579 1511 proxima,
1613 1455 1679 1494 ac
1728 1438 1921 1510 prima
1953 1436 2136 1508 septi-

2239 1428 2360 1485 τίου
2429 1428 2814 1508 ἐπιφωσκούσῃ
2895 1435 3167 1509 Κυριακῇ,
3250 1434 3371 1504 ἣτις
3459 1434 3570 1490 ἐστὶ
3650 1437 3734 1508 μία
3776 1439 3849 1493 καὶ

484 1549 677 1589 manas
710 1532 857 1597 dies,
908 1531 1155 1601 diesque
1186 1529 1488 1586 Paschatis
1539 1528 1853 1584 Dominici.
1908 1533 1985 1582 Ea
2039 1526 2136 1581 die

2243 1519 2435 1594 πρώτη
2469 1523 2504 1589 ἡ
2538 1520 2673 1591 αότή
2716 1523 2807 1576 καὶ
2866 1521 3059 1598 Πάσχα
3111 1522 3400 1599 Κυριακόν·
3461 1523 3513 1580 ἐν
3563 1525 3719 1600 ταύτῃ
3765 1530 3850 1604 γὰρ

484 1622 778 1694 principio
801 1622 954 1676 Deus
976 1619 1167 1675 lucem
1196 1623 1517 1687 creaverat,
1553 1624 1693 1673 tunc
1733 1622 1932 1673 autem
1962 1632 2137 1670 verax

2245 1609 2275 1664 6
2306 1609 2437 1671 Θεὸς
2489 1611 2552 1665 τὸ
2611 1616 2726 1689 φῶς
2783 1608 3213 1690 ἐδημιοῦργησε,
3243 1614 3335 1668 καὶ
3394 1612 3444 1668 ἐν
3472 1613 3634 1689 ταύτῃ
3655 1616 3711 1670 τὸ
3736 1614 3852 1687 ἀλη-

488 1711 591 1766 lux
622 1711 695 1767 de
727 1710 999 1783 sepulcro
1031 1714 1160 1764 orta
1191 1713 1300 1763 est.
1330 1710 1412 1763 Ac
1451 1707 1825 1763 conﬁrmavit
1872 1706 2139 1761 Christus

2247 1699 2392 1763 θινὸν
2452 1705 2567 1776 φῶς
2619 1702 2647 1756 6
2697 1703 2936 1775 Χριστὸς
2996 1702 3058 1758 ἐκ
3109 1704 3285 1779 τάφου
3334 1702 3616 1762 ἀνέτειλεν.
3643 1707 3734 1768 Ὃς
3779 1704 3851 1759 καὶ

480 1798 826 1853 vaticinium
861 1795 1110 1863 Danieli,
1145 1795 1454 1850 mediante
1487 1810 1779 1849 annorum
1811 1794 2141 1866 septimana

2246 1784 2602 1865 ἐπεσφράγισε
2630 1791 2729 1860 τήν
2772 1795 2870 1846 τοῦ
2928 1790 3128 1860 Δανιὴλ
3185 1793 3545 1868 προφητείαν,
3604 1791 3749 1865 μέσον
3771 1797 3851 1859 τῆς

497 1886 857 1958 supplicium
887 1885 1151 1954 subiens,
1183 1885 1266 1941 ita
1296 1883 1547 1940 dicentis
1574 1900 1587 1938 :
1621 1906 1647 1933 ‹‹
1678 1885 1743 1939 In
1766 1882 1987 1954 templo
2030 1881 2143 1937 erit
2176 1904 2193 1969 1

2252 1870 2555 1969 ἐϐδομάδος
2587 1883 2695 1933 τῶν
2730 1880 2943 1969 χρόνων
2999 1878 3172 1936 ἐλθὼν
3230 1879 3321 1937 ἐπὶ
3384 1882 3450 1936 τὸ
3503 1884 3752 1956 σωτήριον
3778 1884 3857 1936 πά·

499 1975 902 2032 abominabile
935 1974 1222 2030 vastitatis
1253 1974 1510 2046 signum,
1542 1974 1717 2044 eique
1746 1973 2003 2028 vastitati
2044 1988 2144 2027 ex-
2177 1965 2193 1969 “

2254 1965 2367 2028 θος.
2400 1966 2547 2037 Φησὶ
2579 1970 2704 2042 γάρ·
2739 1992 2767 2020 ι(
2803 1968 2900 2022 Καὶ
2930 1968 3017 2023 ἐπὶ
3072 1970 3136 2025 τὸ
3168 1970 3314 2045 ἱερὸν
3367 1968 3640 2044 βδέλυγμα
3667 1969 3854 2045 ἐρημώ·

501 2063 737 2138 plendm
761 2068 995 2136 tempus
1015 2063 1254 2119 dabitur
1272 2062 1342 2131 9°,
1374 2084 1402 2112 »
1425 2068 1535 2118 etc.
1566 2061 1627 2117 [n
1649 2062 1760 2118 hac
1788 2061 1950 2117 enim
1975 2061 2150 2133 septi-

2252 2074 2391 2118 σεως
2441 2054 2722 2113 συντέλεια
2776 2054 3060 2128 δοθήσεται
3116 2059 3202 2114 ἐπὶ
3254 2060 3355 2128 τὴν
3411 2059 3700 2133 ἐρήμωσιν.
3732 2061 3856 2116 n’Ev

504 2170 684 2210 mana
738 2169 956 2209 novum
1011 2151 1389 2208 credentibus
1444 2155 1863 2208 testamentum
1912 2156 2003 2205 est
2043 2149 2152 2205 da-

2251 2148 2355 2225 γάρ
2386 2149 2554 2225 ταύτῃ
2582 2153 2650 2224 τῇ
2682 2145 2947 2224 ἐϐδομάδι
2988 2154 3235 2222 Διαθήκη
3288 2150 3505 2209 δέδοται
3555 2155 3711 2222 Καινὴ
3763 2157 3859 2214 τοῖς

495 2251 649 2313 tum,
682 2243 842 2314 iique
874 2244 1035 2299 omni
1066 2240 1345 2298 facultate
1377 2240 1629 2312 impleti,
1663 2257 1796 2296 cum
1850 2239 2146 2295 mediante

2251 2238 2587 2306 πιστεύουσι,
2644 2238 2735 2294 καὶ
2788 2237 3071 2313 δυνάμεως
3114 2240 3329 2310 ἁπάσης
3384 2240 3576 2304 αὐτοὺς
3635 2240 3858 2315 ἐπλήρω-

497 2335 603 2390 illa
659 2335 995 2406 septimana
1041 2332 1186 2404 legis
1244 2332 1518 2386 Mosaicm
1575 2330 1873 2385 sublatum
1935 2334 2025 2384 est
2054 2345 2149 2384 sa-

2253 2347 2361 2398 σεν,
2395 2326 2617 2402 ἐπείπερ
2651 2328 2923 2402 μεσούσης
2953 2331 3051 2400 τῆς
3098 2324 3411 2404 ἑϐδομάδος
3443 2330 3639 2403 ταύτης
3689 2332 3720 2400 ἡ
3748 2329 3860 2386 κατὰ

491 2422 805 2490 criﬁcium,
831 2438 971 2477 vera
1021 2420 1258 2475 victima
1305 2421 1421 2475 Deo
1469 2424 1742 2474 mactata.
1789 2420 1917 2491 Ipse
1947 2423 2148 2474 autem

2250 2418 2419 2492 νόμον
2448 2418 2593 2492 ἤρθη
2640 2418 2817 2491 θυσία,
2866 2427 2969 2491 τῆς
3024 2441 3083 2477 τε
3130 2419 3403 2495 ἀληθινῆς
3455 2422 3856 2501 προσφερομένης

485 2514 775 2571 Dominus
830 2514 997 2585 signa
1054 2514 1271 2568 futuras
1320 2510 1607 2567 vastitatis
1655 2509 1947 2583 praedixit,
2007 2526 2142 2566 cum

2251 2506 2455 2571 θυσίας.
2490 2514 2705 2582 Σημεῖα
2751 2507 2811 2565 δέ
2844 2517 2945 2580 τῆς
3003 2510 3345 2585 ἐρημώσεως
3403 2514 3735 2592 προϋπέφηνε
3782 2508 3858 2567 λέ-

490 2602 733 2674 inquit:
767 2623 795 2651 ‹‹
840 2600 1253 2657 Abominabile
1300 2600 1589 2656 vastitatis
1634 2599 1871 2672 signum
1920 2598 2145 2654 videbi-

2250 2619 2359 2674 γων
2392 2598 2420 2653 6
2452 2597 2674 2673 Κύρισςο
2714 2623 2735 2651 ι
2766 2601 2933 2658 ’Όταν
2967 2597 3125 2670 ἴδητε
3153 2601 3216 2656 τὸ
3250 2599 3541 2677 βδέλυγμα
3566 2609 3661 2670 τῆς

491 2691 589 2758 tis,
623 2690 695 2745 de
725 2706 842 2761 quo
890 2688 1168 2744 Danielus
1198 2693 1356 2745 vates
1404 2686 1699 2760 prmdixit,
1750 2692 1892 2742 tunc
1924 2686 2145 2742 intelli-

2254 2707 2388 2750 σεως
2416 2687 2478 2742 τὸ
2538 2687 2696 2763 ῥηθὲν
2752 2685 2841 2743 διὰ
2881 2686 3083 2758 Δανιῇλ
3129 2692 3445 2767 προφήτου,
3478 2691 3752 2766 γινώσκετε
3792 2689 3857 2744 ὅτι

493 2779 612 2854 gite
664 2778 978 2835 imminere
1027 2777 1362 2833 vastitatem
1412 2777 1542 2849 ejus
1570 2777 1630 2829 ⁸⁷.
1676 2798 1705 2826 ››
1754 2778 1837 2832 Ac
1866 2793 1942 2831 ne
1974 2781 2147 2848 puta-

2252 2776 2407 2856 ἐγγυς
2457 2780 2493 2849 ἠ
2551 2778 2830 2854 ἐρήμωσις
2890 2778 3074 2849 αὐτῆς,
3133 2804 3159 2830 n
3220 2781 3318 2835 Καὶ
3365 2779 3455 2836 ’ἱνα
3508 2784 3581 2854 μή
3630 2781 3853 2854 νομίσωσι

496 2872 634 2925 rent
661 2867 845 2924 Judmi
877 2884 940 2923 se
974 2867 1261 2940 templum
1292 2872 1470 2939 atque
1508 2866 1720 2922 urbem
1761 2870 2148 2938 recuperatu-

2254 2868 2306 2924 οἱ
2338 2864 2595 2924 Ἰουδαῖοι
2626 2866 2793 2923 πάλιν
2825 2867 3205 2942 ἀπολήψεσθαι
3254 2869 3354 2925 τὸν
3408 2870 3536 2925 ναὸν
3566 2869 3649 2925 καὶ
3676 2871 3755 2938 τήν
3779 2868 3852 2922 τό·

497 2974 618 3026 ros,
654 2956 893 3013 additur
921 2957 983 3012 in
1015 2955 1289 3012 vaticinio
1319 2956 1608 3011 vastitatis
1638 2955 1770 3028 ejus
1802 2955 1980 3010 ﬁnem
2010 2959 2146 3010 ante

2253 2955 2361 3027 λιν,
2395 2955 2603 3032 ἐπάγει·
2641 2981 2668 3007 ιι
2707 2957 2805 3013 Καὶ
2855 2954 2960 3018 ’έως
3019 2955 3327 3022 συντελείας
3384 2962 3578 3034 καιροῦ
3632 2954 3845 3013 συντέλεια

498 3047 683 3103 ﬁnem
738 3044 942 3102 saaculi
1001 3061 1124 3101 non
1171 3044 1457 3112 futurum,
1517 3050 1582 3099 ut
1628 3044 2031 3115 intelligerent
2086 3045 2148 3099 in

2255 3043 2543 3116 δοθήσεται
2574 3044 2660 3101 ἐπὶ
2691 3047 2792 3115 τήν
2825 3044 3122 3121 ἐρήμωσιν.
3186 3070 3214 3099 ››
3270 3052 3420 3110 Ἒως
3459 3047 3584 3123 γάρ,
3613 3045 3745 3127 φησὶ,
3771 3049 3845 3112 τῆς

498 3138 617 3194 ﬁne
679 3136 920 3191 demum
976 3134 1182 3190 mundi
1233 3134 1411 3189 ﬁnem
1452 3133 1505 3189 ei
1558 3133 1810 3189 vastitati
1858 3133 2145 3201 futurum,

2250 3140 2348 3190 τοῦ
2377 3134 2587 3209 κόσμου
2647 3134 2948 3192 συντελείας
3004 3138 3039 3206 ἡ
3091 3144 3191 3206 τῆς
3251 3136 3589 3210 ἐρημώσεως
3617 3134 3846 3192 συιτέλεια

500 3225 729 3282 nullam
762 3225 941 3280 aliam
991 3225 1122 3297 ejus
1151 3224 1563 3279 mutationem.
1617 3222 1777 3278 Idem
1810 3229 1867 3278 et
1895 3222 2147 3278 Davidus
2185 3284 2193 3301 Α

2269 3226 2433 3299 μένει,
2472 3220 2781 3297 μεταϐολὴν
2825 3225 2887 3279 οὗ
2919 3223 3216 3301 δεχομένη.
3250 3229 3433 3283 Τοῦτο
3463 3227 3552 3281 καὶ
3578 3221 3727 3281 Δαϐὶδ
3760 3219 3855 3298 ἔφη·

501 3274 729 3282 ....--..-_
763 3274 941 3280 ---η-
997 3274 1119 3297 ,δη
1152 3274 1562 3279 __-__--__-__-
1818 3274 1865 3278 η
1896 3274 1977 3278 __
2017 3274 2143 3278 η*-

499 3314 856 3387 praedixerat
886 3313 979 3368 his
1023 3312 1217 3368 verbis
1251 3329 1264 3367 :
1298 3334 1326 3361 ‹‹
1359 3313 1424 3366 In
1457 3313 1547 3367 ira
1594 3312 2150 3382 consummationis,
2185 3284 2193 3334 ‘

2269 3274 2433 3299 r‘""!
2472 3274 2776 3297 θ“⁷”“⁷”“Ἶ’
2832 3274 2883 3279 ’⁷
2924 3274 3216 3301 ⁷Ἀ.⁷Γ”“’Ἷ’
3263 3274 3431 3283 ⁶’⁷⁷’
3465 3274 3552 3281 ’”’“”
3578 3274 3723 3281 -’“””
3763 3274 3801 3298 Ἰ
3830 3274 3839 3289 ⁵

2233 3327 2234 3338 ‘
2269 3339 2299 3368 «
2330 3317 2418 3371 Ἐν
2452 3314 2588 3391 ὀργῇ
2619 3313 2947 3385 συντελείας,
2979 3315 3069 3370 καὶ
3102 3314 3163 3370 οὐ
3198 3316 3274 3389 μὴ
3308 3316 3605 3391 ὑπάρξωσιο
3647 3312 3725 3369 καὶ
3750 3311 3863 3387 γνώ-

499 3406 558 3457 et
582 3417 703 3456 non
735 3405 958 3466 erunt;
1011 3405 1488 3471 cognoscentque
1540 3400 1698 3471 quod
1748 3401 1901 3455 Deus
1944 3400 2158 3455 Jacobo

2268 3423 2449 3458 σονται
2500 3403 2582 3458 ὃτι
2632 3401 2879 3472 δεσπόζει
2936 3407 3033 3458 τοῦ
3097 3398 3297 3460 Ἰακὼϐ
3359 3404 3452 3459 καὶ
3504 3408 3608 3459 τῶν
3662 3402 3863 3478 περάτων

499 3490 844 3546 dominatur
896 3493 953 3543 et
1001 3487 1222 3543 ﬁnibus
1266 3492 1439 3543 terras
1486 3486 1551 3543 9°.
1596 3510 1624 3538 ››
1673 3488 1855 3558 quue
1900 3493 2040 3543 tunc
2088 3505 2157 3544 eo

2266 3499 2366 3561 τῆς
2395 3498 2516 3566 γῆς.
2553 3515 2581 3543 ››
2612 3489 2710 3546 Καὶ
2740 3491 2862 3546 τότε
2896 3491 3108 3564 μᾶλλον
3140 3492 3467 3568 γνώσονται,
3498 3494 3619 3549 ’ὁταν
3654 3488 3792 3546 ἲδωσι
3815 3488 3863 3543 τὸ

496 3579 688 3651 magis
720 3577 1078 3650 intelligent,
1115 3593 1251 3633 cum
1293 3575 1569 3631 videbunt
1603 3577 1835 3648 signum
1890 3577 2021 3632 Filii
2051 3577 2161 3632 ho-

2268 3586 2497 3653 σημεῖον
2522 3586 2620 3635 τοῦ
2650 3581 2777 3635 Υἱοὺ
2805 3584 2903 3636 τοῦ
2932 3580 3222 3655 ἀνθρώπου
3280 3581 3331 3637 ἐν
3378 3587 3460 3656 τῷ
3516 3583 3732 3658 οὐρανῷ.
3762 3581 3865 3632 Ὠσ-

503 3669 685 3726 minis
715 3667 777 3722 in
802 3667 973 3723 c0310.
1005 3667 1155 3724 835
1190 3666 1353 3722 Sicut
1384 3665 1545 3721 enim
1576 3682 1682 3737 per
1709 3665 1935 3737 lignum
1974 3681 2156 3735 mors,

2266 3691 2367 3746 περ
2397 3670 2498 3746 γάρ
2529 3668 2618 3725 διὰ
2646 3668 2812 3740 ξύλου
2845 3670 3093 3736 εἰσῆλθεν
3115 3672 3142 3726 6
3174 3673 3426 3745 θάνατος,
3456 3673 3544 3727 καὶ
3600 3669 3683 3727 διὰ
3734 3665 3865 3740 ξύλου

505 3760 589 3814 ita
619 3758 800 3813 etiam
829 3758 945 3812 vita
974 3773 1083 3828 per
1110 3756 1334 3828 lignucn
1365 3754 1625 3809 intravit.
1655 3756 1799 3809 Nam
1846 3755 2065 3825 septies
2097 3755 2159 3810 in

2267 3762 2302 3829 ἡ
2338 3761 2475 3830 ζωή,
2509 3757 2696 3829 ἒπειδή
2730 3760 2949 3821 ἑπτάκις
2980 3764 3183 3836 νεκρῶν
3242 3760 3527 3816 ἀνάστασιν
3574 3760 3780 3835 εὕρομεν
3827 3754 3866 3809 ἓν

513 3848 697 3904 sacris
726 3847 963 3902 Litteris
1022 3846 1238 3919 legitur
1289 3843 1551 3916 aliquem
1606 3861 1675 3899 ex
1731 3850 1922 3900 morte
1979 3844 2158 3901 vitam

2266 3852 2336 3922 τῇ
2369 3850 2487 3919 θείᾳ
2516 3852 2726 3925 Γραφῇ,
2793 3848 2884 3903 καὶ
2948 3849 3082 3922 μετᾶ
3128 3851 3255 3911 τοὺς
3315 3849 3454 3907 ἐτιτᾶ
3510 3848 3694 3925 ὃγδοος
3729 3845 3781 3901 ἐκ
3802 3865 3864 3900 νε-

510 3938 827 4009 recepisse.
876 3938 1016 3992 Post
1064 3952 1165 3992 eos
1219 3940 1445 4007 septem
1495 3940 1732 3991 octavus
1781 3935 2046 3991 Christus
2088 3936 2158 3993 de

2267 3943 2413 4011 κρῶν
2446 3937 2637 4007 ἀνέστη
2668 3940 2754 4012 [Ρ.
2822 3940 2940 4011 191]
2981 3939 3009 3993 6
3069 3938 3268 4013 Κύριος
3300 3940 3328 3994 6
3361 3939 3569 4017 ἐγείρας
3606 3938 3722 4000 τοὺς
3750 3933 3868 3990 ἑπτά.

512 4031 748 4083 mortuo
780 4026 939 4082 vivus
973 4026 1216 4096 exstitit,
1247 4026 1348 4097 qui
1380 4030 1439 4081 et
1467 4030 1692 4097 septem
1726 4025 1859 4081 illos
1888 4026 1951 4081 in
1981 4027 2158 4082 vitam

2271 4027 2383 4102 Πρὸ
2405 4027 2509 4104 γὰρ
2541 4033 2640 4096 τῆς
2693 4031 2939 4101 Χριστοῦ
2995 4027 3328 4091 ἀναστάσεως
3387 4029 3522 4085 ἑπτὰ
3582 4027 3730 4102 μόναι
3783 4024 3877 4078 ἀνα·

506 4121 899 4172 rcvocaverat.
944 4117 1093 4170 Ante
1153 4114 1315 4169 enim
1374 4130 1552 4185 quam
1614 4114 1881 4169 Christus
1928 4114 2157 4183 revixit,

2271 4118 2478 4178 στάσεις
2519 4119 2718 4190 νεκρῶν
2746 4115 3021 4190 ἐγένοντο,
3054 4117 3244 4191 πρώτη
3312 4118 3407 4190 μὲν
3466 4120 3549 4192 [ἡ]
3589 4115 3640 4171 ἐν
3690 4119 3761 4186 τῷ
3786 4117 3875 4166 Πα-

505 4210 738 4261 tantum
779 4209 1006 4277 septem
1056 4220 1306 4259 numero
1359 4203 1640 4259 mortales
1670 4204 1731 4259 in
1762 4203 1938 4259 vitam
1985 4204 2160 4259 resti-

2271 4203 2402 4276 λαιᾷ
2430 4206 2465 4273 ἡ
2497 4208 2593 4259 τοῦ
2622 4204 2743 4258 υἱοῦ
2764 4211 2865 4274 τῆς
2900 4207 3082 4283 χήρας
3107 4212 3209 4274 τῆς
3242 4207 3568 4284 Σαραφθίας,
3592 4206 3645 4260 ὅν
3694 4203 3871 4276 ἤγειρεν

505 4296 618 4350 tuti
674 4296 934 4350 fuerunt.
986 4294 1219 4349 Primus
1269 4293 1331 4348 in
1382 4293 1575 4348 Veteri
1624 4294 2000 4349 Testamento
2050 4294 2162 4349 fuit

2269 4291 2485 4355 Ἠλίας·
2520 4289 2739 4368 δευτέρα
2768 4294 2803 4362 ἡ
2832 4298 2931 4348 τοῦ
2962 4294 3082 4347 υἱοῦ
3109 4300 3212 4363 τῆς
3237 4288 3694 4368 Σωμανίτιδος,ὅν
3723 4287 3875 4347 Ἐλισ-

509 4386 847 4457 8ειτθριιιιιω
901 4382 1088 4438 vidum
1141 4383 1325 4450 ﬁlius,
1383 4382 1454 4438 ab
1505 4381 1630 4438 Elia
1678 4384 2015 4449 suscitatus,
2066 4400 2160 4437 se-

2272 4386 2421 4443 σαῖος
2450 4381 2656 4457 ἤγειρε,
2687 4381 2846 4456 τρίτη
2887 4382 2922 4450 ἡ
2944 4383 3040 4434 τοῦ
3071 4381 3406 4454 στρατιώτου
3437 4380 3494 4436 ὅν
3554 4379 3705 4456 ἐγγὺς
3730 4373 3875 4432 Ἐλισ-

509 4473 739 4529 cundus
767 4470 1153 4527 Sunamitidis
1187 4471 1369 4539 ﬁlius,
1402 4487 1578 4543 quem
1609 4471 1855 4528 Elisaaus
1888 4473 1949 4527 in
1979 4472 2159 4527 vitam

2272 4475 2429 4530 σαίου
2457 4474 2743 4548 θάψαντες,
2791 4474 2865 4536 ὡς
2920 4473 3027 4528 ἀπὸ
3084 4474 3254 4549 πυρὸς
3313 4473 3627 4546 ἐξεπήδησε·
3682 4470 3871 4541 τετάρτη

508 4560 764 4626 reduxit,
798 4559 1006 4614 tertius
1060 4559 1231 4614 miles
1286 4560 1385 4631 qui
1436 4577 1619 4632 prOpe
1668 4562 1863 4617 Elismi
1913 4562 2162 4618 cadaver

2275 4560 2331 4619 δὲ
2362 4563 2412 4618 ἐν
2439 4562 2508 4637 τῇ
2538 4565 2707 4636 Καινῇ
2740 4564 2775 4632 ἡ
2814 4566 2912 4617 τοῦ
2968 4563 3422 4640 ἀρχισυναγώγου
3479 4571 3578 4634 τῆς
3632 4549 3871 4637 θυγατρός-

516 4649 782 4720 sepultus
834 4648 1001 4718 quasi
1057 4664 1125 4702 ex
1157 4649 1290 4718 igne
1344 4649 1603 4704 exsiluit.
1655 4652 1871 4714 Quarta
1901 4652 1959 4705 in
2007 4653 2163 4708 Novo

2233 4653 2243 4705 l
2272 4652 2496 4726 πέμπτη
2528 4653 2563 4720 ἡ
2595 4655 2691 4707 τοῦ
2723 4652 2844 4706 υἱοῦ
2873 4654 2971 4719 τῆς
3007 4651 3208 4726 χήραςο
3242 4647 3368 4724 ἕκτη
3432 4656 3467 4723 ἡ
3522 4650 3616 4708 τοῦ
3646 4646 3871 4720 Λαζάρου’

516 4741 892 4795 Testamento
922 4737 1046 4794 ﬁlia
1089 4738 1349 4810 praafecti
1405 4755 1734 4812 synagogas,
1786 4741 2030 4811 quintus
2077 4742 2166 4796 vi-

2276 4739 2485 4816 ἐϐδόμη
2518 4743 2604 4797 ’ὁτι
2634 4740 2820 4797 πολλὰ
2849 4742 3075 4816 σώματα
3128 4745 3237 4798 τῶν
3290 4741 3698 4818 κεκοιμημένων
3736 4734 3874 4813 ἁγίων

518 4829 649 4885 dum
682 4826 862 4892 ﬁlius,
898 4831 1098 4883 sextus
1147 4827 1413 4882 Lazarus.
1453 4828 1738 4899 Septimo,
1774 4828 1933 4900 quod
1979 4830 2168 4886 multa

2275 4833 2496 4903 ἀνέστη,
2530 4829 2621 4886 καὶ
2654 4827 2820 4906 ὀγδόη
2870 4832 2905 4901 ἡ
2961 4835 3060 4886 τοῦ
3119 4832 3317 4907 Κυρίου
3371 4832 3652 4892 ἀνάστασις
3689 4824 3803 4902 μετά
3824 4819 3874 4874 τὸ

517 4921 857 4975 sanctorum
889 4915 990 4987 qui
1023 4915 1506 4971 obdormiverant
1534 4933 1780 4988 corpora
1819 4932 2165 4975 resurrexe-

2276 4922 2547 4995 σωτήριον
2574 4921 2769 4984 πάθος.
2804 4920 2928 4974 Καθ’
2985 4920 3047 4974 ’ὸν
3103 4921 3292 4995 καιρὸν
3347 4924 3445 4977 τοῦ
3476 4908 3873 4993 πάθουςγενομέ’

513 5011 673 5065 runt.
734 5006 982 5061 Octavus
1042 5004 1310 5060 Christus
1368 5010 1502 5077 post
1572 5004 1887 5061 toleratam
1962 5007 2167 5065 salutis

2273 5032 2367 5067 νου
2398 5013 2623 5082 σεισμοῦ
2654 5009 2705 5064 ἐν
2738 5007 2978 5071 πολλοῖς
3011 5008 3203 5085 εὑρέθη
3267 5009 3613 5082 Ἑλληνικοῖς
3663 4998 3874 5077 ὑπομνή-

512 5114 693 5154 causa
719 5101 938 5151 nostras
988 5094 1342 5167 supplicium
1394 5111 1463 5151 ex
1512 5099 1703 5150 morte
1755 5096 1815 5150 in
1866 5096 2044 5151 vitam
2073 5116 2166 5154 re-

2281 5120 2439 5173 μασιν
2476 5098 2561 5154 ὅτι
2592 5099 2815 5171 σεισμὸς
2865 5096 3071 5173 ἐγένετο
3107 5098 3278 5174 μέγας
3308 5100 3397 5155 καὶ
3447 5098 3633 5158 σκότος
3661 5093 3734 5167 ἐφ’
3760 5087 3874 5154 ὃλην

511 5188 638 5243 diit.
671 5188 978 5241 Inventum
1012 5189 1103 5240 est
1132 5184 1194 5241 in
1225 5183 1429 5239 multis
1479 5186 1816 5240 Griecorum
1867 5202 2169 5243 commen-

2276 5190 2375 5259 τήν
2411 5186 2759 5259 οἰκουμένην,
2818 5183 2959 5241 ὥστε
3007 5187 3096 5241 καὶ
3165 5186 3389 5264 ἀστέρας
3447 5191 3692 5266 φανῆναι.
3731 5181 3875 5235 Ἱστο-

508 5276 697 5343 tariis,
729 5275 874 5346 zquo
929 5279 1193 5345 tempore
1253 5273 1521 5329 Christus
1572 5273 1633 5328 in
1683 5290 1855 5330 cruce
1916 5283 2169 5333 mortem

2281 5284 2363 5355 ρεῖ
2391 5276 2447 5333 δὲ
2477 5278 2568 5333 καὶ
2595 5276 2868 5345 Ἰώσηπος
2918 5276 3174 5351 χρησμόν
3234 5297 3351 5332 τινα
3406 5275 3459 5331 ἐν
3515 5278 3672 5348 ἱεροῖς
3722 5267 3876 5342 Γράμ·

514 5365 682 5432 obiit,
712 5370 931 5420 terram
964 5369 1129 5420 motu
1182 5362 1367 5419 fuisse
1400 5364 1623 5436 ingenti
1673 5379 2044 5435 concussam,
2080 5373 2169 5423 te-

2283 5389 2441 5442 μασιν
2488 5367 2794 5443 εὓρεθῆναι,
2853 5364 3177 5441 περιέχοντα
3234 5366 3310 5427 ὡς
3360 5366 3492 5421 κατὰ
3537 5361 3713 5436 καιρὸν
3762 5355 3879 5410 ἐκεῖ·

514 5453 848 5523 nebrasquo
882 5453 986 5507 toti
1040 5459 1333 5508 terrarum
1367 5452 1494 5508 orbi
1545 5451 1818 5509 inductas
1847 5454 2055 5524 fuisse,
2088 5457 2172 5513 ita

2280 5479 2369 5512 νον
2402 5456 2509 5511 ἀπὸ
2537 5458 2636 5521 τῆς
2680 5454 2853 5509 αὐτῶν
2909 5454 3102 5529 χώρας
3154 5452 3297 5530 ἄρξει
3357 5474 3436 5515 τις
3487 5451 3751 5526 ἄνθρωπος
3796 5446 3877 5530 τῆς

520 5549 590 5601 ut
644 5541 831 5599 stella:
889 5542 1066 5597 etiam
1104 5542 1507 5614 apparuerint.
1554 5544 1847 5600 Praeterea
1882 5545 2172 5617 Josephus

2281 5544 2606 5619 οἰκουμένης
2637 5542 2838 5614 πάσης,
2897 5542 2953 5598 ὅν
3010 5542 3172 5606 αὐτὸς
3229 5545 3324 5619 μὶν
3382 5542 3464 5600 ἐπὶ
3514 5529 3877 5600 Οὐεσπασιανοῦ

594 5694 643 5730 ⁹⁶
673 5696 817 5750 Dan.
853 5709 929 5764 ix,
961 5694 1051 5746 27.
1125 5692 1167 5728 '7
1198 5692 1399 5752 Matth.
1433 5710 1585 5763 xxnv,
1622 5698 1708 5749 15.
1785 5694 1836 5730 ⁸⁸
1863 5695 2017 5752 Psal'
2045 5716 2193 5756 Lvm.
