4118 6276
285 390 386 451 373

1436 387 1977 452 HISTORIARUM
2027 392 2566 463 COMPENDIUM.

3572 405 3693 466 374

284 523 526 600 ἐξείληφε
552 520 987 596 πεπληρῶσθαι,
1051 519 1319 597 διήμαρτε
1387 519 1444 577 δὲ
1497 528 1598 592 τῆς
1648 522 1918 596 ἑρμηνείας

2047 537 2251 586 narrat
2281 535 2586 591 oraculum
2647 538 2945 608 quoddam
2975 539 3160 594 fuisse
3203 539 3264 593 in
3324 539 3508 594 sacris
3569 540 3688 594 Lit-

283 616 342 670 ἐκ
369 612 679 686 διαμέτρου
717 612 781 667 ού
820 612 922 686 γὰρ
982 612 1158 680 πάσης
1189 611 1347 673 οὗτος
1404 611 1553 686 ἦρξε.
1589 611 1839 667 Λείπεται
1871 611 1928 668 δὲ

280 704 370 759 οὖν
430 703 514 756 ἐπὶ
562 702 652 756 τὸν
711 702 917 773 Κύριον
972 703 1132 772 ἡμῶν
1199 702 1409 769 Ἰησοῦν
1464 701 1695 774 Χριστὸν
1763 706 1926 757 τοῦτο

277 795 638 869 πληροῦσθαι,
667 792 808 866 πρὸς
841 790 899 846 ὅν
933 811 1097 869 φησιν
1131 791 1158 845 6
1190 793 1398 866 Πατήρ
1439 814 1462 843 α
1516 789 1751 862 Αί’τησαι
1799 793 1927 866 παρ’

273 884 434 956 ἐμοῦ,
466 883 554 938 καὶ
594 879 757 936 δώσω
789 901 876 935 σοι
903 879 1025 951 ἔθνη
1083 880 1185 948 τὴν
1249 878 1626 954 κληρονομίαν
1678 901 1800 948 σου,
1834 881 1924 935 καὶ

273 977 375 1044 τὴν
400 972 724 1046 κατάσχεσίν
754 991 854 1025 σου
884 971 952 1024 τὰ
994 969 1200 1045 πέρατα
1227 976 1326 1038 τῆς
1385 977 1510 1046 γῆς,
1576 992 1601 1020 ι)
1655 971 1812 1033 Ὃθεν
1846 970 1923 1032 είς

270 1069 443 1120 πᾶσαν
471 1063 567 1130 τὴν
599 1063 701 1134 γῆν
734 1058 958 1129 ἐξῆλθεν
1015 1061 1043 1113 ὁ
1105 1060 1347 1138 φθόγγος
1412 1063 1520 1114 τῶν
1575 1060 1735 1132 ἱερῶν
1786 1059 1925 1112 ἀπο-

273 1151 487 1208 στόλων
517 1149 702 1219 αὐτοῦ,
730 1150 822 1205 καὶ
857 1149 931 1211 εἰς
961 1150 1028 1204 τὰ
1056 1150 1260 1224 πέρατα
1325 1155 1427 1218 τῆς
1471 1147 1802 1220 οἰκουμένης
1857 1149 1926 1203 τα

269 1241 492 1317 βήματα
536 1241 730 1296 αὐτῶν.
787 1239 939 1295 Ἐπεὶ
993 1239 1085 1292 οὗν
1146 1237 1282 1294 κατά
1335 1237 1429 1293 τὸν
1485 1239 1670 1313 καιρὸν
1731 1242 1923 1292 τοῦτον

268 1333 299 1386 6
334 1332 468 1392 Θεὸς
495 1331 591 1399 τὴν
645 1327 824 1383 κτίσιν
880 1325 1313 1401 ἐδημιούργησε,
1355 1327 1445 1381 καὶ
1509 1328 1768 1400 μαρτυρεί
1819 1331 1926 1381 τῶν

308 1417 510 1494 ἑνδρων
539 1421 572 1487 ἡ
608 1416 936 1492 βλάστησις,
971 1415 1061 1470 διὰ
1087 1421 1251 1472 τοῦτο
1284 1417 1373 1471 καὶ
1402 1417 1496 1471 τὸν
1529 1415 1756 1488 Ἰσραὴλ
1785 1417 1925 1471 κατά

264 1512 359 1566 τὸν
388 1508 568 1584 καιρὸν
593 1505 783 1563 τοῦτον
815 1505 1162 1580 ἠλευθέρωσε
1218 1513 1317 1575 τῆς
1353 1505 1736 1582 Αἰγυπτιακῆς
1799 1502 1920 1560 δον-

273 1599 451 1666 λείας,
484 1597 570 1651 καὶ
597 1594 935 1672 τῇπαρθένῳ
964 1589 1214 1669 Γαϐριὴλ
1249 1596 1276 1649 ὁ
1307 1594 1655 1670 ἀρχάγγελος
1690 1593 1920 1670 εὐηγγε-

279 1687 491 1744 λίσατο.
523 1685 766 1746 Εἰκότως
798 1684 890 1740 οὗν
919 1684 1053 1739 κατὰ
1084 1685 1176 1738 τὸν
1210 1683 1368 1740 αὐτὸν
1397 1684 1585 1758 καιρὸν
1639 1684 1731 1739 καὶ
1785 1685 1922 1759 Χρυ-

275 1776 400 1837 στὸς
433 1777 680 1848 ὑπέμεινε
701 1775 766 1828 τὸ
799 1775 1073 1847 σωτήριον
1104 1774 1296 1836 πάθος.

2040 621 2182 674 teris
2214 622 2544 691 inventum,
2578 644 2692 696 quo
2723 628 2942 683 Iudicis
2975 629 3396 698 prmdicerctur
3435 645 3502 682 eo
3534 634 3687 683 tem-

2036 725 2179 780 pore
2211 713 2527 782 quemdam
2557 732 2626 769 ex
2659 716 2922 787 ipsorum
2948 718 3139 788 patria
3170 718 3482 788 imperium
3508 719 3687 773 totius

2036 797 2196 852 orbis
2229 800 2720 860 habiturum.Hoc
2751 804 2851 859 ille
2884 806 3314 875 Vespasianum
3347 806 3683 876 implevisse

2036 885 2434 960 interpretans
2460 898 2578 947 tota
2601 893 2784 964 (quod
2805 894 2994 965 aiunt)
3020 896 3110 948 via
3140 911 3171 948 a
3195 912 3326 949 vero
3351 895 3643 950 aberravit
3667 912 3678 949 :

2036 991 2229 1046 neque
2261 979 2419 1034 enim
2478 982 2838 1052 Vespasiano
2883 989 3041 1037 totus
3100 983 3354 1036 mundas
3414 983 3683 1038 subditus

2034 1065 2164 1120 luit.
2197 1067 2514 1138 Reliquum
2547 1087 2681 1141 ergo
2731 1076 2822 1125 est
2850 1071 2908 1125 id
2940 1089 2973 1126 a
3003 1073 3250 1126 Domino
3283 1077 3485 1125 nostro
3538 1074 3676 1126 Jesu

2034 1153 2266 1210 Christo
2318 1158 2630 1228 impletum
2687 1161 2893 1225 fuisse,
2958 1178 3136 1231 quem
3177 1162 3259 1214 ita
3289 1162 3504 1215 affatur
3561 1164 3672 1216 Pa-

2033 1245 2124 1294 ter
2155 1263 2182 1290 «
2236 1243 2418 1298 Posce
2451 1261 2486 1299 a
2535 1262 2649 1313 me,
2708 1246 2858 1301 dabo
2901 1247 3005 1300 tibi
3063 1253 3267 1318 gentes
3322 1246 3450 1300 loco
3506 1247 3680 1301 here-

2035 1327 2256 1398 ditatis,
2314 1348 2382 1386 ac
2437 1335 2726 1390 terminos
2786 1342 2955 1390 terrai
3012 1336 3114 1390 tibi
3173 1335 3526 1406 mancipabo
3570 1335 3612 1388 ‘.
3648 1357 3674 1384 ››

2033 1418 2173 1473 Inde
2205 1419 2425 1476 factum
2459 1428 2523 1477 ut
2552 1440 2732 1478 sonus
2784 1431 3127 1479 sanctorum
3161 1426 3290 1494 ejus
3323 1424 3476 1479 330
3531 1439 3680 1494 apo-

2032 1506 2318 1563 stolorum
2353 1510 2412 1565 in
2446 1513 2780 1567 universam
2842 1519 3061 1568 terram
3099 1514 3305 1579 exiret,
3363 1530 3429 1568 ac
3487 1529 3681 1568 sermo

2032 1610 2235 1651 eorum
2267 1599 2339 1652 ad
2374 1600 2523 1655 fines
2556 1618 2741 1671 usque
2772 1601 2935 1656 orbis
2967 1602 3349 1673 Pertingeret.
3387 1603 3680 1666 Quoniam

2030 1701 2168 1756 ergo
2200 1703 2268 1741 eo
2302 1691 2584 1760 temporis
2617 1691 2868 1745 articulo
2901 1691 3190 1746 mundum
3223 1691 3545 1745 fabricatus
3593 1696 3682 1745 est

2032 1774 2204 1839 Deus,
2234 1778 2328 1832 cui
2358 1778 2444 1832 rei
2479 1780 2889 1834 testimonium
2923 1780 3164 1835 arbores
3204 1788 3346 1835 tunc
3397 1781 3680 1834 florentes

275 1868 574 1934 exhibent,
598 1866 734 1921 ideo
768 1865 980 1920 eodem
1013 1870 1278 1936 tempore
1335 1864 1621 1919 Israelum
1653 1879 1887 1935 quoque
1942 1865 2280 1936 Egyptiaca
2309 1869 2587 1924 servitute
2643 1869 2934 1936 liberavit,
2968 1870 3288 1939 laetumque
3339 1875 3471 1940 post
3530 1886 3679 1923 nun-

278 1957 424 2011 tium
448 1955 748 2011 Gabrielus
779 1954 1129 2027 angelorum
1189 1954 1466 2026 princeps
1497 1954 1690 2009 Mariae
1720 1952 1938 2009 attulit.
2001 1953 2189 2017 Quare
2220 1962 2684 2013 consentaneum
2745 1965 2870 2014 erat
2902 1958 3109 2014 eodem
3170 1959 3346 2013 etiam
3407 1964 3676 2029 tempore

301 2045 578 2101 Christum
607 2045 781 2100 nobis
813 2044 1070 2100 salutare
1102 2044 1460 2116 supplicium
1489 2043 1672 2100 luere.

367 2134 426 2189 Ὁ
452 2131 624 2186 τοίνυν
656 2131 899 2194 Ηιλᾶτος
935 2133 1068 2206 μετά
1096 2132 1196 2200 τήν
1237 2136 1333 2186 τοῦ
1391 2132 1628 2206 Χριστοῦ
1681 2130 1918 2205 σταύρω-

2105 2135 2393 2191 Caeterum
2425 2137 2647 2192 Pilatus
2677 2137 2908 2192 Christo
2936 2137 3242 2204 crucifixo,
3267 2141 3469 2208 postea
3495 2143 3673 2191 noctu

304 2242 379 2274 σιν
409 2221 607 2283 εἰκόνας
633 2226 731 2276 τοῦ
763 2221 1034 2296 Καίσαρος
1077 2221 1153 2284 εἷς
1177 2221 1240 2276 τὸ
1297 2220 1441 2294 ἱερὸν
1491 2219 1703 2295 νύκτωρ
1743 2220 1930 2290 ἀνέθη-

298 2329 402 2365 κεν.
434 2311 656 2384 Ὄρθρου
716 2307 776 2364 δὲ
833 2309 1130 2386 γενομένου
1188 2311 1239 2364 οἱ
1289 2307 1549 2366 Ἰουδαῖοι
1609 2310 1930 2383 θεασάμενοι

306 2403 543 2453 τοσοῦτον
575 2397 956 2474 ἐταράχθησαν
1015 2397 1156 2454 ὥστε
1211 2397 1452 2461 Πιλᾶτος
1511 2397 1929 2472 ἐκδειματωθεῖς

294 2485 532 2562 ἀλλαχοῦ
561 2489 762 2549 ταύτας
799 2490 1082 2561 μετέθηκε.
1133 2483 1389 2562 Τιϐέριος
1451 2485 1508 2542 δὲ
1540 2486 1662 2542 λίαν
1719 2492 1815 2542 τοῦ
1847 2485 1932 2542 δι-

299 2575 443 2630 καίου
473 2577 765 2652 φροντίζων
819 2571 1022 2655 ἔγραφε
1077 2581 1192 2638 τοῖς
1249 2576 1482 2652 ἃρχουσι
1538 2582 1645 2632 τῶν
1687 2575 1926 2648 πόλεων,

291 2662 372 2718 ἐάν
400 2687 450 2720 τι
481 2669 660 2744 γράφῃ
723 2667 873 2741 παρά
927 2667 1057 2730 τοὺς
1113 2668 1316 2741 νόμους
1375 2668 1730 2743 προστάσσων
1777 2669 1927 2742 γίνε-

295 2767 424 2822 σθαι,
461 2757 533 2827 μή
566 2755 859 2830 προσέχειν
888 2756 962 2817 ὡς
1004 2757 1328 2830 ἠγνοηκότι.
1389 2759 1481 2812 Διὸ
1536 2758 1623 2811 καὶ
1691 2755 1928 2819 Πιλᾶτος

288 2841 436 2906 εἰδὼς
465 2844 628 2900 αὐτοῦ
657 2846 720 2900 τὸ
753 2843 1055 2918 φιλάληθες
1084 2846 1174 2900 καὶ
1228 2843 1598 2923 φιλοδίκαιον,
1648 2847 1715 2901 τὰ
1765 2847 1927 2920 τερά-

287 2955 398 2989 στια
431 2939 672 3008 Χριστοῦ
703 2937 878 2990 πάντα
927 2937 1016 2990 καὶ
1071 2939 1138 2992 τα
1201 2944 1301 3004 τῆς
1358 2932 1626 2998 εὐσεϐείας
1680 2935 1927 3010 δόγματα

285 3025 422 3096 αὐτῷ
448 3023 524 3080 δι’
552 3024 825 3094 ἐπιτομῆς
858 3026 1269 3095 ἀνεκοινώσατο,
1300 3028 1479 3090 καθὼς
1536 3028 1740 3101 ἰστορεῖ
1789 3030 1924 3100 Τερ-

285 3113 530 3176 τυλιανὸς
560 3114 614 3169 ἐν
644 3119 716 3189 τῇ
754 3115 885 3189 ὑπὲρ
940 3116 1276 3190 Χριστιανῶν
1333 3115 1641 3190 ἀπολογίᾳ,
1691 3117 1780 3170 καὶ
1841 3114 1922 3170 ὅτι

294 3203 418 3272 μετά
442 3205 658 3259 θάνατον
697 3198 964 3260 ἀνεϐίωσε
1017 3205 1110 3259 καὶ
1165 3202 1275 3275 ἤδη
1339 3207 1487 3278 παρά
1535 3211 1668 3259 πᾶσι
1701 3205 1818 3266 θεὸς
1844 3205 1922 3259 εἴ·

295 3313 378 3344 ναι
405 3294 716 3350 πιστεύεται.
754 3292 856 3350 Καὶ
888 3292 973 3348 ὅτι
1020 3288 1268 3364 Τιϐέριος
1326 3292 1696 3369 καταπλαγεὶς
1755 3293 1934 3369 dini-{4

298 3378 447 3457 γειλε
475 3382 553 3455 [Ρ.
588 3385 703 3456 192]
736 3384 912 3436 πάντα
943 3386 1012 3456 τῇ
1045 3382 1359 3458 συγκλήτῳ.
1392 3384 1456 3439 Ἦ
1515 3381 1572 3438 δὲ
1629 3383 1692 3438 οὐ
1721 3386 1923 3458 προσή.

2035 2222 2096 2276 in
2148 2225 2433 2296 templum
2468 2227 2755 2297 imagines
2786 2227 3032 2281 Caesaris
3065 2226 3304 2291 intulit;
3343 2225 3499 2296 quod
3542 2243 3674 2280 cum

2035 2313 2228 2383 prima
2277 2314 2408 2368 luce
2457 2315 2635 2370 ludasi
2695 2315 3002 2381 vidissent,
3063 2319 3260 2369 tantus
3310 2331 3517 2368 eorum
3565 2315 3677 2369 fuit

2035 2409 2231 2457 motus
2261 2410 2325 2458 ut
2351 2405 2574 2460 Pilatus
2606 2405 2847 2459 territus
2878 2405 2993 2459 alio
3025 2420 3127 2458 cas
3159 2405 3551 2459 transtulerit.
3585 2403 3680 2456 Τί-

2032 2493 2232 2548 berius
2264 2495 2710 2566 porrojustitiaa
2769 2495 3326 2550 observantissimus
3382 2494 3675 2564 praalectis

2032 2583 2265 2638 urbium
2281 2585 2480 2640 missis
2499 2586 2734 2642 Litteris
2757 2585 3147 2649 mandavit,ut
3169 2585 3216 2639 si
3241 2585 3383 2655 quid
3409 2584 3674 2638 scribens

2032 2672 2157 2743 ipse
2189 2680 2396 2729 contra
2420 2674 2575 2746 leges
2607 2675 2734 2730 fieri
2759 2675 3102 2746 juberet,ne
3141 2679 3262 2729 tum
3295 2674 3407 2728 sibi
3442 2674 3674 2728 obtem-

2030 2769 2306 2834 perarent
2335 2764 2553 2834 quippe
2585 2764 2954 2836 ignoratione
2979 2764 3163 2834 lapso.
3189 2765 3396 2832 Itaque
3427 2763 3673 2831 Pilatus,

2031 2851 2123 2904 cui
2157 2851 2530 2922 imperatoris
2579 2852 2841 2907 studium
2873 2853 3132 2906 veritatis
3193 2852 3522 2922 etjustitiai
3577 2868 3672 2906 co-

2028 2940 2257 3010 gnitum
2290 2945 2435 3006 erat,
2470 2941 2759 2994 miracula
2803 2940 3017 2994 Christi
3071 2941 3274 2993 omnia
3320 2941 3568 3008 ejusque
3600 2939 3672 2992 de

2028 3027 2313 3099 religione
2335 3029 2668 3082 doctrinam
2684 3028 3033 3098 compendio
3057 3027 3128 3081 ad
3149 3043 3281 3080 eum
3303 3027 3668 3096 perscripsit,

2028 3121 2092 3170 ut
2121 3123 2326 3170 auctor
2355 3123 2446 3171 est
2473 3117 2532 3171 in
2564 3117 2910 3172 defensione
2943 3115 3413 3170 Christianorum
3445 3114 3670 3170 Tertul-

2026 3204 2240 3259 lianus.
2278 3204 2582 3275 Simulque
2614 3204 2896 3259 indicavit
2925 3220 3060 3258 eum
3093 3210 3281 3258 morte
3313 3203 3472 3257 obita
3514 3203 3664 3257 revi-

2024 3293 2180 3348 xisse
2213 3299 2270 3348 et
2301 3294 2373 3348 ab
2405 3294 2682 3349 omnibus
2705 3295 2833 3366 jam
2865 3310 2970 3364 pro
3003 3295 3120 3348 Deo
3154 3291 3664 3346 haberi.Tiberius

2025 3383 2311 3437 attonitus
2337 3399 2404 3436 eo
2439 3384 2646 3438 nuntio
2703 3388 2885 3437 totam
2915 3398 3040 3437 rem
3068 3382 3142 3437 ad
3201 3388 3469 3437 senatum
3501 3387 3664 3436 retu-

283 3490 426 3538 κατο,
459 3473 770 3549 πειθαρχεῖν
802 3471 960 3543 νόμῳ
990 3469 1212 3543 παλαιῷ
1269 3470 1524 3546 λέγουσα,
1587 3474 1662 3544 μὴ
1713 3475 1906 3548 πρότε-

2027 3471 2111 3526 Iit.
2154 3473 2402 3528 Senatus
2445 3471 2557 3545 legi
2591 3489 2651 3527 se
2702 3473 2960 3542 antiquaa
3009 3471 3418 3543 obtemperare
3468 3471 3664 3541 potius

273 3579 362 3632 ρον
386 3560 709 3630 θεοποιῆσαί
746 3581 889 3626 τινα,
924 3560 968 3614 εἰ
1018 3561 1094 3632 μή
1134 3562 1302 3638 ψήφῳ
1357 3561 1446 3614 καὶ
1505 3559 1737 3636 δόγματι
1792 3567 1920 3640 παρ’

267 3647 448 3712 αύτοῖς
475 3647 720 3721 κριθείη.
752 3649 814 3706 Ὁ
845 3645 903 3704 δὲ
926 3649 1018 3703 τὸν
1063 3649 1157 3722 μὶν
1217 3648 1387 3722 νόμον
1433 3653 1624 3704 τοῦτον
1683 3648 1916 3724 ἐδέξατο,

263 3738 514 3795 ἐκέλευσε
541 3737 600 3795 δὲ
637 3737 843 3812 μηδένα
874 3737 1185 3814 ἐμποδίζειν
1213 3744 1293 3809 τῷ
1322 3741 1557 3814 Χριστοῦ
1583 3743 1916 3818 κηρύγματι·

266 3830 354 3884 καὶ
388 3830 579 3900 μέντοι
612 3829 702 3884 καὶ
739 3833 959 3892 θάνατον
993 3827 1406 3904 προσηπείλησε
1432 3836 1548 3892 τοῖς
1593 3839 1915 3908 κατηγορεῖν

256 3917 511 3989 τολμῶσι
540 3921 640 3971 τοῦ
659 3917 1028 3992 κηρύγματος.

327 4008 389 4064 Ὁ
421 4004 482 4060 δέ
546 4027 610 4082 γε
669 4004 906 4068 Πιλᾶτος
980 4006 1125 4079 μίσει
1180 4010 1260 4076 τῷ
1307 4006 1442 4080 πρὸς
1472 4003 1773 4071 Ἰουδαίους
1826 4009 1917 4062 καὶ

261 4095 354 4150 τὸν
413 4093 563 4167 ἱερὸν
623 4095 893 4168 θησαυρὸν
951 4095 1044 4148 τὸν
1102 4093 1444 4167 καλούμενον
1505 4093 1772 4170 κορϐανᾶν
1806 4095 1915 4152 διέ-

255 4187 445 4260 φθειρε
470 4183 564 4237 καὶ
593 4183 842 4244 πολλοὺς
872 4183 923 4254 ἐξ
981 4182 1175 4242 αὐτῶν.
1228 4184 1420 4257 Ἓμιξε
1463 4185 1521 4239 δὲ
1549 4184 1638 4239 καί
1667 4206 1830 4240 τινων
1864 4185 1914 4256 ἐξ

263 4273 444 4327 αὐτῶν
468 4271 522 4325 ἐν
557 4277 677 4332 ταῖς
710 4271 944 4347 ἡμέραις
999 4275 1098 4326 τοῦ
1157 4271 1423 4346 Καίσαρος
1480 4273 1542 4326 τὸ
1610 4277 1748 4345 αἷμα
1803 4279 1914 4329 τῶν

260 4365 490 4429 θυσιῶν,
520 4362 710 4433 τρόπῳ
736 4358 955 4433 τοιῷδε.
996 4363 1062 4418 Οἱ
1121 4359 1413 4416 Γαλιλαῖοι
1474 4367 1592 4424 τοίς
1649 4360 1914 4439 δόγμασιν

259 4448 786 4520 ἐξακολουθήσαντες
815 4446 992 4504 Ἰούδα
1022 4454 1119 4504 τοῦ
1179 4447 1500 4519 Γαλιλαίου,
1534 4451 1597 4504 οὗ
1630 4451 1718 4505 καὶ
1772 4460 1912 4507 Λου-

261 4543 356 4600 κᾶς
388 4537 440 4590 ἐν
473 4542 592 4599 ταῖς
633 4539 862 4612 Ιίράξεσι
918 4543 1026 4594 τῶν
1086 4536 1412 4594 ἀποστόλων
1468 4539 1762 4613 μέμνηται,
1819 4562 1914 4596 κε-

263 4627 532 4704 νοφωνίαν
565 4627 655 4681 καὶ
712 4627 924 4696 πλάνην
983 4621 1184 4700 ἔμαθον
1253 4627 1303 4700 ἐξ
1357 4627 1544 4696 αὐτοῦ,
1575 4631 1752 4690 καθὼς
1807 4624 1909 4703 ἔφη

265 4718 560 4785 Ἰώσηπος.
625 4718 896 4793 ΙῙροφάσει
955 4717 1059 4794 γὰρ
1148 4712 1421 4778 εὐσεϐείας
1505 4715 1663 4786 δῆθεν
1723 4719 1908 4794 κύριον

267 4803 409 4878 μηδὲ
443 4804 606 4880 μέχρι
666 4805 936 4876 στόματος
991 4799 1186 4881 ἔφασκε
1216 4803 1325 4860 δεῖν
1381 4827 1501 4860 τινα
1543 4806 1735 4882 λέγειν,
1769 4810 1908 4880 μήτε
1941 4835 1985 4900 D

258 4894 397 4950 κατὰ
425 4895 592 4967 τιμὴν
628 4895 766 4967 μήτε
807 4892 1236 4971 φιλοφροσύνην,
1292 4895 1382 4949 γαὶ
1433 4896 1530 4964 τὴν
1586 4901 1703 4968 Θεῷ
1763 4896 1908 4969 μόνῳ

257 4983 567 5060 πρέπουσαν
591 4986 764 5057 τιμήν
796 5004 854 5039 τε
883 4984 974 5038 καὶ
1033 4981 1186 5056 δόξαν
1242 4984 1551 5060 ἀνθρώποις
1591 4985 1902 5058 ἀπονέμειν.

256 5075 420 5132 Ὅθεν
446 5072 536 5127 καί
568 5070 773 5127 πολλοὶ
825 5071 1000 5126 αὐτῶν
1057 5073 1181 5148 περί
1210 5077 1308 5128 τοῦ
1343 5074 1420 5146 μή
1462 5073 1632 5129 εἲπεῖν
1661 5075 1907 5150 Καίσαρα

247 5164 438 5236 κύριον
475 5163 564 5216 καὶ
597 5159 866 5230 δεσπότην
901 5159 1149 5239 χαλεπὰς
1203 5161 1378 5224 αἰκίας
1435 5162 1760 5234 ὑπέστησαν.
1797 5163 1895 5222 Οἶ-

247 5273 391 5314 τινες
449 5251 642 5306 λοιπὸν
706 5248 986 5306 ὶδίδασκον
1077 5248 1244 5323 μηδὲν
1306 5251 1452 5326 παρὰ
1497 5252 1590 5314 τάς
1651 5251 1902 5309 διατετα-

249 5343 446 5417 γμένας
475 5339 525 5394 ἐν
557 5346 637 5412 τῷ
669 5339 912 5401 Μωσέως
942 5339 1094 5413 νόμῳ
1139 5339 1329 5402 θυσίας
1383 5341 1735 5416 ἀναφέρεσθαι
1819 5349 1899 5415 τῷ

250 5436 388 5502 Θεῷ.
421 5431 708 5486 Κάντεῦθεν
738 5430 918 5484 τοίνυν
948 5427 1251 5492 κωλύοντες
1281 5430 1374 5492 τάς
1409 5431 1512 5485 ὑπὸ
1559 5439 1658 5500 τῆς
1706 5453 1898 5508 γερου.

254 5520 369 5580 σίας
401 5522 495 5574 τοῦ
528 5518 665 5574 λαοῦ
696 5515 1136 5592 παραδιδομένας
1189 5518 1430 5593 γίνεσθαι
1489 5522 1608 5596 περὶ
1676 5528 1772 5591 τῆς
1800 5526 1898 5577 τοῦ

323 5673 343 5707 ⁵
365 5671 515 5730 Psal.
551 5687 614 5741 ιι,
647 5671 736 5728 18.

2025 3560 2191 3628 dixit,
2225 3562 2323 3632 qui
2358 3561 2474 3616 nisi
2527 3577 2596 3616 ex
2627 3562 2680 3615 S.
2742 3562 2802 3616 C.
2837 3577 2957 3616 non
2990 3560 3248 3631 patiatur
3303 3577 3664 3630 quemquam

2022 3668 2128 3722 pro
2149 3652 2301 3706 Deos
2323 3651 2884 3721 haberi.lmperator
2905 3667 2974 3704 ea
2994 3650 3118 3720 lege
3135 3649 3666 3720 approbata,edixit

2022 3746 2223 3794 tamen
2251 3757 2324 3794 ne
2357 3741 2489 3810 quis
2535 3740 2896 3810 praaconium
2955 3739 3101 3792 331
3140 3738 3212 3791 de
3265 3737 3494 3791 Christo
3551 3737 3659 3790 im-

2022 3829 2530 3898 pediret'mortem
2564 3829 2740 3882 etiam
2776 3827 3084 3891 minans,si
3117 3826 3249 3896 quis
3287 3841 3416 3880 eam
3451 3825 3662 3880 doctri-

2021 3936 2159 3974 nam
2189 3935 2468 3975 accusare
2500 3919 2764 3974 auderet.

2092 4011 2166 4063 At
2195 4009 2440 4073 Pilatus,
2473 4007 2606 4062 odio
2638 4007 2698 4060 in
2729 4007 2960 4062 Judaeos
2992 4007 3357 4074 stimulante,
3404 4023 3537 4062 cum
3569 4024 3661 4062 sa-

2021 4114 2188 4152 crum
2215 4098 2556 4152 thesaurum
2580 4096 2921 4166 (corbanem
2945 4095 3055 4166 ipsi
3083 4096 3492 4163 nominabant)
3518 4096 3663 4150 diri-

2020 4187 2168 4258 puit,
2205 4191 2328 4240 tum
2361 4185 2580 4240 multos
2615 4201 2815 4238 eorum
2852 4184 3184 4238 interfecit:
3219 4185 3363 4253 quin
3393 4190 3452 4237 et
3471 4187 3659 4239 Caasa-

2020 4276 2104 4330 ris
2128 4280 2298 4330 astate
2331 4273 2721 4345 quorumdam
2757 4273 3046 4328 sacrificia
3076 4273 3340 4342 ipsorum
3373 4273 3659 4343 sanguine

2019 4365 2276 4419 miscuit.
2311 4366 2424 4418 Res
2456 4363 2538 4417 ita
2567 4368 2696 4418 acta
2727 4367 2832 4416 est.
2870 4361 3093 4416 Galilzei
3134 4361 3466 4416 doctrinam
3495 4361 3658 4415 Iudae

2019 4454 2330 4525 cujusdam
2362 4452 2608 4515 Galilaai.
2667 4452 2838 4521 cujus
2871 4451 3047 4504 etiam
3083 4451 3143 4504 in
3175 4451 3333 4504 Actis
3387 4451 3661 4505 meminit

2021 4545 2224 4608 Lucas,
2284 4541 2541 4612 amplexi
2599 4540 2885 4594 vocabula
2937 4556 3008 4593 ex
3075 4557 3141 4593 eo
3199 4556 3398 4594 rerum
3462 4541 3661 4595 inania

2020 4647 2403 4702 erroremque
2435 4631 2781 4693 hauserunt,
2841 4634 2908 4683 ut
2953 4630 3036 4684 ait
3077 4630 3386 4700 Joseplius.
3435 4631 3658 4701 Quippe

2018 4721 2256 4794 pietatis
2273 4725 2562 4791 praetextu
2592 4719 2896 4773 neminem
2926 4719 3170 4772 omnino
3198 4736 3271 4772 ne
3306 4718 3496 4772 verbis
3527 4721 3660 4789 qui-

2017 4811 2152 4865 dem
2184 4809 2407 4864 domini
2465 4808 2863 4879 appellatione
2895 4807 3258 4878 dignandum
3292 4808 3657 4874 asserebant,

2018 4916 2212 4970 neque
2245 4898 2304 4953 id
2321 4897 2412 4952 vel
2434 4897 2678 4952 honoris
2699 4897 2788 4951 vel
2812 4896 3108 4950 comitatis
3131 4913 3266 4965 ergo
3292 4895 3653 4964 faciendum,

2017 4989 2379 5057 omninoque
2411 4987 2699 5042 honorem
2730 4984 2839 5040 soli
2865 4986 2981 5039 Deo
3007 4985 3271 5040 debitum
3299 4985 3449 5040 nulli
3472 4985 3658 5038 homi-

2015 5094 2160 5132 num
2219 5076 2432 5132 debere
2492 5074 2689 5129 tribui.
2751 5076 2952 5143 Itaque
3003 5074 3214 5128 horum
3264 5073 3456 5141 multi,
3498 5073 3656 5141 quod

2011 5169 2302 5222 Carsarem
2329 5165 2569 5220 nomine
2603 5163 2825 5217 domini
2880 5162 3116 5216 afﬁcere
3149 5161 3398 5226 nollent,
3458 5161 3654 5232 gravia

2011 5263 2149 5311 sunt
2180 5255 2443 5327 perpessi
2476 5251 3058 5323 supplicia.Taudem
3092 5251 3150 5305 id
3177 5267 3411 5320 quoque
3433 5251 3652 5306 docue-

2011 5351 2167 5410 runt,
2229 5361 2351 5397 non
2410 5343 2528 5398 alia
2587 5357 2713 5395 esse
2748 5341 3036 5395 sacriﬁcia
3095 5340 3429 5410 paragenda
3471 5359 3649 5411 quam

2011 5451 2143 5505 quae
2175 5433 2372 5487 offerri
2409 5433 2521 5485 Deo
2554 5433 2738 5484 Moses
2767 5430 2824 5483 in
2857 5429 2982 5499 lege
3007 5429 3208 5498 jussit.
3243 5430 3444 5501 Itaque
3469 5434 3651 5486 sacri-

2011 5523 2144 5579 ﬁcia
2175 5538 2304 5593 qua:
2329 5521 2504 5592 jussu
2536 5523 2777 5575 senatus
2808 5535 2913 5590 pro
2946 5517 3134 5574 salute
3166 5518 3543 5590 imperatoris
3595 5528 3652 5576 et
