  <div class='ocr_page' id='page_1' title='image "/cluster/home/n/w/nwhite01/storage/ocr_20150623/121/mdp.39015078384289/195.png"; bbox 0 0 4118 6284; ppageno 0'>
   <div class='ocr_carea' id='block_1_1' title="bbox 442 373 562 437">
    <p class='ocr_par' dir='ltr' id='par_1_1' title="bbox 442 373 562 437">
     <span class='ocr_line' id='line_1_1' title="bbox 442 373 562 437; baseline 0 -1"><span class='ocrx_word' id='word_1_1' title='bbox 442 373 562 437; x_wconf 81' lang='lat'><strong>375</strong></span> 
     </span>
    </p>
   </div>
   <div class='ocr_carea' id='block_1_2' title="bbox 1802 363 2513 431">
    <p class='ocr_par' dir='ltr' id='par_1_2' title="bbox 1802 363 2513 431">
     <span class='ocr_line' id='line_1_2' title="bbox 1802 363 2513 431; baseline 0.001 -1"><span class='ocrx_word' id='word_1_2' title='bbox 1802 364 2126 430; x_wconf 76' lang='lat' dir='ltr'><strong>GEORGII</strong></span> <span class='ocrx_word' id='word_1_3' title='bbox 2168 363 2513 431; x_wconf 76' lang='lat' dir='ltr'><strong>GEDRENI</strong></span> 
     </span>
    </p>
   </div>
   <div class='ocr_carea' id='block_1_3' title="bbox 3720 369 3823 432">
    <p class='ocr_par' dir='ltr' id='par_1_3' title="bbox 3720 369 3823 432">
     <span class='ocr_line' id='line_1_3' title="bbox 3720 369 3823 432; baseline 0.019 -3"><span class='ocrx_word' id='word_1_4' title='bbox 3720 369 3823 432; x_wconf 80' lang='lat'><strong>376</strong></span> 
     </span>
    </p>
   </div>
   <div class='ocr_carea' id='block_1_4' title="bbox 444 494 2123 578">
    <p class='ocr_par' dir='ltr' id='par_1_4' title="bbox 444 503 2123 578">
     <span class='ocr_line' id='line_1_4' title="bbox 444 503 2123 578; baseline -0.008 -10"><span class='ocrx_word' id='word_1_5' title='bbox 444 503 1127 578; x_wconf 82' lang='lat' dir='ltr'><strong>P.R.ﬁebant,impedire</strong></span> <span class='ocrx_word' id='word_1_6' title='bbox 1158 503 1420 578; x_wconf 79' lang='lat' dir='ltr'><strong>aggressi</strong></span> <span class='ocrx_word' id='word_1_7' title='bbox 1449 503 1712 560; x_wconf 80' lang='lat' dir='ltr'><strong>Pilatum</strong></span> <span class='ocrx_word' id='word_1_8' title='bbox 1733 503 2052 559; x_wconf 89' lang='lat' dir='ltr'><strong>irritarunt</strong></span> <span class='ocrx_word' id='word_1_9' title='bbox 2077 518 2092 569; x_wconf 82' lang='lat'><strong>;</strong></span> <span class='ocrx_word' id='word_1_10' title='bbox 2122 560 2123 563; x_wconf 30' lang='grc' dir='ltr'><strong>η</strong></span> 
     </span>
    </p>
   </div>
   <div class='ocr_carea' id='block_1_5' title="bbox 2229 494 3822 578">
    <p class='ocr_par' dir='ltr' id='par_1_5' title="bbox 2229 494 3822 576">
     <span class='ocr_line' id='line_1_5' title="bbox 2229 494 3822 576; baseline 0.001 -20"><span class='ocrx_word' id='word_1_11' title='bbox 2229 499 2484 565; x_wconf 75' lang='grc' dir='ltr'>Ξασιλέως</span> <span class='ocrx_word' id='word_1_12' title='bbox 2542 500 2818 576; x_wconf 82' lang='grc' dir='ltr'>σωτηρίας</span> <span class='ocrx_word' id='word_1_13' title='bbox 2874 503 2967 558; x_wconf 80' lang='grc' dir='ltr'><strong>καὶ</strong></span> <span class='ocrx_word' id='word_1_14' title='bbox 3014 505 3112 557; x_wconf 77' lang='grc' dir='ltr'><strong>τοῦ</strong></span> <span class='ocrx_word' id='word_1_15' title='bbox 3166 498 3453 575; x_wconf 84' lang='grc' dir='ltr'>Ῥωμαίων</span> <span class='ocrx_word' id='word_1_16' title='bbox 3509 494 3685 565; x_wconf 66' lang='grc' dir='ltr'>ἔθνους</span> <span class='ocrx_word' id='word_1_17' title='bbox 3735 504 3822 558; x_wconf 88' lang='grc' dir='ltr'>θυ-</span> 
     </span>
    </p>
   </div>
   <div class='ocr_carea' id='block_1_6' title="bbox 446 591 2099 671">
    <p class='ocr_par' dir='ltr' id='par_1_6' title="bbox 446 591 2099 671">
     <span class='ocr_line' id='line_1_6' title="bbox 446 591 2099 671; baseline -0.006 -15"><span class='ocrx_word' id='word_1_18' title='bbox 446 602 615 671; x_wconf 88' lang='lat' dir='ltr'><strong>isque</strong></span> <span class='ocrx_word' id='word_1_19' title='bbox 636 596 909 653; x_wconf 80' lang='lat' dir='ltr'><strong>Galilaeos</strong></span> <span class='ocrx_word' id='word_1_20' title='bbox 922 594 1274 666; x_wconf 87' lang='lat' dir='ltr'><strong>jussitapud</strong></span> <span class='ocrx_word' id='word_1_21' title='bbox 1297 594 1593 649; x_wconf 80' lang='lat' dir='ltr'><strong>sacrificia</strong></span> <span class='ocrx_word' id='word_1_22' title='bbox 1607 610 1741 665; x_wconf 82' lang='lat' dir='ltr'><strong>quae</strong></span> <span class='ocrx_word' id='word_1_23' title='bbox 1767 591 2099 648; x_wconf 89' lang='lat' dir='ltr'><strong>secundum</strong></span> 
     </span>
    </p>
   </div>
   <div class='ocr_carea' id='block_1_7' title="bbox 448 679 2101 760">
    <p class='ocr_par' dir='ltr' id='par_1_7' title="bbox 448 679 2101 760">
     <span class='ocr_line' id='line_1_7' title="bbox 448 679 2101 760; baseline -0.007 -16"><span class='ocrx_word' id='word_1_24' title='bbox 448 689 642 760; x_wconf 88' lang='lat' dir='ltr'><strong>legem</strong></span> <span class='ocrx_word' id='word_1_25' title='bbox 669 683 1021 740; x_wconf 71' lang='lat' dir='ltr'><strong>videbantur</strong></span> <span class='ocrx_word' id='word_1_26' title='bbox 1063 698 1133 754; x_wconf 89' lang='lat' dir='ltr'><strong>ag</strong></span> <span class='ocrx_word' id='word_1_27' title='bbox 1149 698 1256 746; x_wconf 60' lang='lat' dir='ltr'><strong>are,</strong></span> <span class='ocrx_word' id='word_1_28' title='bbox 1307 682 1508 738; x_wconf 91' lang='lat' dir='ltr'><strong>necari</strong></span> <span class='ocrx_word' id='word_1_29' title='bbox 1547 699 1560 737; x_wconf 93' lang='lat'><strong>:</strong></span> <span class='ocrx_word' id='word_1_30' title='bbox 1593 682 1793 753; x_wconf 83' lang='lat' dir='ltr'>itaque</span> <span class='ocrx_word' id='word_1_31' title='bbox 1842 679 2101 736; x_wconf 83' lang='lat' dir='ltr'><strong>victimis</strong></span> 
     </span>
    </p>
   </div>
   <div class='ocr_carea' id='block_1_8' title="bbox 453 772 1657 845">
    <p class='ocr_par' dir='ltr' id='par_1_8' title="bbox 453 772 1657 845">
     <span class='ocr_line' id='line_1_8' title="bbox 453 772 1657 845; baseline -0.007 -11"><span class='ocrx_word' id='word_1_32' title='bbox 453 793 628 834; x_wconf 89' lang='lat' dir='ltr'><strong>cruor</strong></span> <span class='ocrx_word' id='word_1_33' title='bbox 657 774 1036 832; x_wconf 72' lang='lat' dir='ltr'><strong>offerentium</strong></span> <span class='ocrx_word' id='word_1_34' title='bbox 1066 790 1166 829; x_wconf 90' lang='lat' dir='ltr'><strong>eas</strong></span> <span class='ocrx_word' id='word_1_35' title='bbox 1196 772 1516 845; x_wconf 89' lang='lat' dir='ltr'><strong>permistus</strong></span> <span class='ocrx_word' id='word_1_36' title='bbox 1547 778 1657 828; x_wconf 90' lang='lat' dir='ltr'><strong>est.</strong></span> 
     </span>
    </p>
   </div>
   <div class='ocr_carea' id='block_1_9' title="bbox 528 1037 2101 1114">
    <p class='ocr_par' dir='ltr' id='par_1_9' title="bbox 528 1037 2101 1114">
     <span class='ocr_line' id='line_1_9' title="bbox 528 1037 2101 1114; baseline -0.006 -11"><span class='ocrx_word' id='word_1_37' title='bbox 528 1052 605 1104; x_wconf 79' lang='lat' dir='ltr'><strong>At</strong></span> <span class='ocrx_word' id='word_1_38' title='bbox 632 1061 767 1101; x_wconf 89' lang='lat' dir='ltr'><strong>vero</strong></span> <span class='ocrx_word' id='word_1_39' title='bbox 796 1042 1086 1113; x_wconf 86' lang='lat' dir='ltr'><strong>Tiberius,</strong></span> <span class='ocrx_word' id='word_1_40' title='bbox 1113 1042 1214 1114; x_wconf 89' lang='lat' dir='ltr'><strong>qui</strong></span> <span class='ocrx_word' id='word_1_41' title='bbox 1243 1042 1305 1096; x_wconf 92' lang='lat' dir='ltr'><strong>in</strong></span> <span class='ocrx_word' id='word_1_42' title='bbox 1322 1040 1638 1113; x_wconf 84' lang='lat' dir='ltr'><strong>juventute</strong></span> <span class='ocrx_word' id='word_1_43' title='bbox 1665 1038 1994 1095; x_wconf 77' lang='lat' dir='ltr'><strong>rectissime</strong></span> <span class='ocrx_word' id='word_1_44' title='bbox 2016 1037 2101 1093; x_wconf 92' lang='lat' dir='ltr'><strong>vi-</strong></span> 
     </span>
    </p>
   </div>
   <div class='ocr_carea' id='block_1_10' title="bbox 454 1129 2104 1209">
    <p class='ocr_par' dir='ltr' id='par_1_10' title="bbox 454 1129 2104 1209">
     <span class='ocr_line' id='line_1_10' title="bbox 454 1129 2104 1209; baseline -0.007 -13"><span class='ocrx_word' id='word_1_45' title='bbox 454 1134 1025 1209; x_wconf 82' lang='lat' dir='ltr'><strong>xerat,philosophia</strong></span> <span class='ocrx_word' id='word_1_46' title='bbox 1038 1138 1096 1188; x_wconf 92' lang='lat' dir='ltr'><strong>et</strong></span> <span class='ocrx_word' id='word_1_47' title='bbox 1109 1131 1465 1203; x_wconf 64' lang='lat' dir='ltr'><strong>eloquentia:</strong></span> <span class='ocrx_word' id='word_1_48' title='bbox 1479 1135 1603 1185; x_wconf 88' lang='lat' dir='ltr'><strong>arte</strong></span> <span class='ocrx_word' id='word_1_49' title='bbox 1617 1129 1975 1201; x_wconf 82' lang='lat' dir='ltr'><strong>optimisque</strong></span> <span class='ocrx_word' id='word_1_50' title='bbox 1992 1145 2104 1184; x_wconf 88' lang='lat' dir='ltr'><strong>mo-</strong></span> 
     </span>
    </p>
   </div>
   <div class='ocr_carea' id='block_1_11' title="bbox 454 1219 2104 1293">
    <p class='ocr_par' dir='ltr' id='par_1_11' title="bbox 454 1219 2104 1293">
     <span class='ocr_line' id='line_1_11' title="bbox 454 1219 2104 1293; baseline -0.007 -8"><span class='ocrx_word' id='word_1_51' title='bbox 454 1227 942 1286; x_wconf 87' lang='lat' dir='ltr'><strong>ribusinstitutus</strong></span> <span class='ocrx_word' id='word_1_52' title='bbox 960 1240 1028 1279; x_wconf 89' lang='lat' dir='ltr'><strong>ac</strong></span> <span class='ocrx_word' id='word_1_53' title='bbox 1047 1221 1414 1293; x_wconf 83' lang='lat' dir='ltr'><strong>ﬂorens,jam</strong></span> <span class='ocrx_word' id='word_1_54' title='bbox 1439 1226 1715 1293; x_wconf 88' lang='lat' dir='ltr'><strong>provecta</strong></span> <span class='ocrx_word' id='word_1_55' title='bbox 1744 1219 1897 1276; x_wconf 74' lang='lat'><strong>828</strong></span> <span class='ocrx_word' id='word_1_56' title='bbox 1930 1224 2104 1274; x_wconf 76' lang='lat' dir='ltr'><strong>mtate</strong></span> 
     </span>
    </p>
   </div>
   <div class='ocr_carea' id='block_1_12' title="bbox 456 1310 2105 1383">
    <p class='ocr_par' dir='ltr' id='par_1_12' title="bbox 456 1310 2105 1383">
     <span class='ocr_line' id='line_1_12' title="bbox 456 1310 2105 1383; baseline -0.006 -9"><span class='ocrx_word' id='word_1_57' title='bbox 456 1318 652 1375; x_wconf 89' lang='lat' dir='ltr'><strong>subito</strong></span> <span class='ocrx_word' id='word_1_58' title='bbox 684 1314 927 1371; x_wconf 84' lang='lat' dir='ltr'><strong>descivit</strong></span> <span class='ocrx_word' id='word_1_59' title='bbox 957 1313 1033 1369; x_wconf 89' lang='lat' dir='ltr'><strong>ad</strong></span> <span class='ocrx_word' id='word_1_60' title='bbox 1063 1313 1314 1377; x_wconf 86' lang='lat' dir='ltr'><strong>vitia,ita</strong></span> <span class='ocrx_word' id='word_1_61' title='bbox 1346 1311 1588 1383; x_wconf 85' lang='lat' dir='ltr'><strong>quidem</strong></span> <span class='ocrx_word' id='word_1_62' title='bbox 1620 1315 1685 1366; x_wconf 93' lang='lat' dir='ltr'><strong>ut</strong></span> <span class='ocrx_word' id='word_1_63' title='bbox 1709 1310 1781 1366; x_wconf 89' lang='lat' dir='ltr'><strong>de</strong></span> <span class='ocrx_word' id='word_1_64' title='bbox 1813 1314 2105 1381; x_wconf 85' lang='lat' dir='ltr'><strong>potestate</strong></span> 
     </span>
    </p>
   </div>
   <div class='ocr_carea' id='block_1_13' title="bbox 454 1399 2104 1477">
    <p class='ocr_par' dir='ltr' id='par_1_13' title="bbox 454 1399 2104 1477">
     <span class='ocr_line' id='line_1_13' title="bbox 454 1399 2104 1477; baseline -0.005 -13"><span class='ocrx_word' id='word_1_65' title='bbox 454 1409 676 1465; x_wconf 89' lang='lat' dir='ltr'><strong>mentis</strong></span> <span class='ocrx_word' id='word_1_66' title='bbox 706 1406 923 1462; x_wconf 83' lang='lat' dir='ltr'><strong>exiisse</strong></span> <span class='ocrx_word' id='word_1_67' title='bbox 953 1407 1347 1477; x_wconf 89' lang='lat' dir='ltr'><strong>putaretur,et</strong></span> <span class='ocrx_word' id='word_1_68' title='bbox 1369 1419 1404 1458; x_wconf 76' lang='grc' dir='ltr'><strong>ιι</strong></span> <span class='ocrx_word' id='word_1_69' title='bbox 1434 1401 1591 1458; x_wconf 87' lang='lat' dir='ltr'><strong>malo</strong></span> <span class='ocrx_word' id='word_1_70' title='bbox 1614 1401 1816 1473; x_wconf 90' lang='lat' dir='ltr'><strong>aliquo</strong></span> <span class='ocrx_word' id='word_1_71' title='bbox 1838 1401 2009 1474; x_wconf 90' lang='lat' dir='ltr'><strong>genio</strong></span> <span class='ocrx_word' id='word_1_72' title='bbox 2031 1399 2104 1456; x_wconf 87' lang='lat' dir='ltr'><strong>ad</strong></span> 
     </span>
    </p>
   </div>
   <div class='ocr_carea' id='block_1_14' title="bbox 455 1489 2101 1567">
    <p class='ocr_par' dir='ltr' id='par_1_14' title="bbox 455 1489 2101 1567">
     <span class='ocr_line' id='line_1_14' title="bbox 455 1489 2101 1567; baseline -0.006 -14"><span class='ocrx_word' id='word_1_73' title='bbox 455 1498 659 1553; x_wconf 82' lang='lat' dir='ltr'><strong>omnia</strong></span> <span class='ocrx_word' id='word_1_74' title='bbox 694 1496 938 1567; x_wconf 87' lang='lat' dir='ltr'><strong>ﬂagitia,</strong></span> <span class='ocrx_word' id='word_1_75' title='bbox 973 1492 1293 1565; x_wconf 89' lang='lat' dir='ltr'><strong>parricidia</strong></span> <span class='ocrx_word' id='word_1_76' title='bbox 1322 1491 1739 1562; x_wconf 89' lang='lat' dir='ltr'><strong>insaniamque</strong></span> <span class='ocrx_word' id='word_1_77' title='bbox 1796 1489 2101 1562; x_wconf 83' lang='lat' dir='ltr'><strong>exagitari.</strong></span> 
     </span>
    </p>
   </div>
   <div class='ocr_carea' id='block_1_15' title="bbox 2207 588 3819 667">
    <p class='ocr_par' dir='ltr' id='par_1_15' title="bbox 2207 588 3819 667">
     <span class='ocr_line' id='line_1_15' title="bbox 2207 588 3819 667; baseline 0.002 -22"><span class='ocrx_word' id='word_1_78' title='bbox 2207 589 2343 661; x_wconf 92' lang='grc' dir='ltr'>σίας,</span> <span class='ocrx_word' id='word_1_79' title='bbox 2375 590 2601 655; x_wconf 85' lang='grc' dir='ltr'>είκότως</span> <span class='ocrx_word' id='word_1_80' title='bbox 2632 591 2723 647; x_wconf 82' lang='grc' dir='ltr'>ἐπὶ</span> <span class='ocrx_word' id='word_1_81' title='bbox 2751 596 2968 655; x_wconf 82' lang='grc' dir='ltr'>τούτοις</span> <span class='ocrx_word' id='word_1_82' title='bbox 2997 593 3284 667; x_wconf 81' lang='grc' dir='ltr'>ἀγανακτεῖ</span> <span class='ocrx_word' id='word_1_83' title='bbox 3329 589 3464 666; x_wconf 83' lang='grc' dir='ltr'><strong>πρὸς</strong></span> <span class='ocrx_word' id='word_1_84' title='bbox 3518 588 3819 656; x_wconf 79' lang='grc' dir='ltr'><strong>Γαλιλαίους</strong></span> 
     </span>
    </p>
   </div>
   <div class='ocr_carea' id='block_1_16' title="bbox 2209 678 3818 753">
    <p class='ocr_par' dir='ltr' id='par_1_16' title="bbox 2209 678 3818 753">
     <span class='ocr_line' id='line_1_16' title="bbox 2209 678 3818 753; baseline 0.002 -20"><span class='ocrx_word' id='word_1_85' title='bbox 2209 678 2471 748; x_wconf 80' lang='grc' dir='ltr'><strong>Πιλᾶτος,</strong></span> <span class='ocrx_word' id='word_1_86' title='bbox 2503 680 2593 735; x_wconf 80' lang='grc' dir='ltr'><strong>καὶ</strong></span> <span class='ocrx_word' id='word_1_87' title='bbox 2623 678 2831 736; x_wconf 79' lang='grc' dir='ltr'><strong>κελεύει</strong></span> <span class='ocrx_word' id='word_1_88' title='bbox 2885 681 3032 753; x_wconf 76' lang='grc' dir='ltr'>παρᾶ</span> <span class='ocrx_word' id='word_1_89' title='bbox 3086 686 3206 743; x_wconf 84' lang='grc' dir='ltr'>ταῖς</span> <span class='ocrx_word' id='word_1_90' title='bbox 3258 679 3466 743; x_wconf 88' lang='grc' dir='ltr'>θυσίαις</span> <span class='ocrx_word' id='word_1_91' title='bbox 3508 678 3567 742; x_wconf 77' lang='grc' dir='ltr'><strong>ἃς</strong></span> <span class='ocrx_word' id='word_1_92' title='bbox 3620 678 3818 738; x_wconf 79' lang='grc' dir='ltr'>ἐδόκουν</span> 
     </span>
    </p>
   </div>
   <div class='ocr_carea' id='block_1_17' title="bbox 2206 770 3820 849">
    <p class='ocr_par' dir='ltr' id='par_1_17' title="bbox 2206 770 3820 849">
     <span class='ocr_line' id='line_1_17' title="bbox 2206 770 3820 849; baseline 0.002 -24"><span class='ocrx_word' id='word_1_93' title='bbox 2206 771 2344 826; x_wconf 80' lang='grc' dir='ltr'>κατά</span> <span class='ocrx_word' id='word_1_94' title='bbox 2391 770 2557 845; x_wconf 88' lang='grc' dir='ltr'>νόμον</span> <span class='ocrx_word' id='word_1_95' title='bbox 2611 772 2937 849; x_wconf 75' lang='grc' dir='ltr'>προσφέρειν</span> <span class='ocrx_word' id='word_1_96' title='bbox 3021 771 3391 846; x_wconf 79' lang='grc' dir='ltr'>ἀναιρεθῆναι,</span> <span class='ocrx_word' id='word_1_97' title='bbox 3443 770 3575 826; x_wconf 80' lang='grc' dir='ltr'>ὥστε</span> <span class='ocrx_word' id='word_1_98' title='bbox 3635 772 3820 846; x_wconf 71' lang='grc' dir='ltr'>ἐιναμι-</span> 
     </span>
    </p>
   </div>
   <div class='ocr_carea' id='block_1_18' title="bbox 2209 859 3821 939">
    <p class='ocr_par' dir='ltr' id='par_1_18' title="bbox 2209 859 3821 939">
     <span class='ocr_line' id='line_1_18' title="bbox 2209 859 3821 939; baseline 0.002 -25"><span class='ocrx_word' id='word_1_99' title='bbox 2209 862 2412 938; x_wconf 78' lang='grc' dir='ltr'>χθῆναι</span> <span class='ocrx_word' id='word_1_100' title='bbox 2465 867 2584 924; x_wconf 88' lang='grc' dir='ltr'>ταῖς</span> <span class='ocrx_word' id='word_1_101' title='bbox 2639 862 3108 939; x_wconf 75' lang='grc' dir='ltr'>προσφερομέναις</span> <span class='ocrx_word' id='word_1_102' title='bbox 3170 859 3378 923; x_wconf 88' lang='grc' dir='ltr'>θυσίαις</span> <span class='ocrx_word' id='word_1_103' title='bbox 3433 859 3496 915; x_wconf 82' lang='grc' dir='ltr'><strong>τὸ</strong></span> <span class='ocrx_word' id='word_1_104' title='bbox 3566 860 3697 934; x_wconf 81' lang='grc' dir='ltr'>αἷμα</span> <span class='ocrx_word' id='word_1_105' title='bbox 3727 865 3821 917; x_wconf 82' lang='grc' dir='ltr'><strong>τῶν</strong></span> 
     </span>
    </p>
   </div>
   <div class='ocr_carea' id='block_1_19' title="bbox 2207 950 2649 1030">
    <p class='ocr_par' dir='ltr' id='par_1_19' title="bbox 2207 950 2649 1030">
     <span class='ocr_line' id='line_1_19' title="bbox 2207 950 2649 1030; baseline 0.009 -27"><span class='ocrx_word' id='word_1_106' title='bbox 2207 950 2649 1030; x_wconf 73' lang='grc' dir='ltr'>προσφερόντων.</span> 
     </span>
    </p>
   </div>
   <div class='ocr_carea' id='block_1_20' title="bbox 2281 1034 3824 1117">
    <p class='ocr_par' dir='ltr' id='par_1_20' title="bbox 2281 1034 3824 1117">
     <span class='ocr_line' id='line_1_20' title="bbox 2281 1034 3824 1117; baseline -0.001 -20"><span class='ocrx_word' id='word_1_107' title='bbox 2281 1040 2342 1097; x_wconf 73' lang='grc' dir='ltr'>Ὀ</span> <span class='ocrx_word' id='word_1_108' title='bbox 2380 1044 2511 1116; x_wconf 82' lang='grc' dir='ltr'>γοῦν</span> <span class='ocrx_word' id='word_1_109' title='bbox 2542 1034 2800 1116; x_wconf 80' lang='grc' dir='ltr'>Τιϐέριος</span> <span class='ocrx_word' id='word_1_110' title='bbox 2827 1044 3075 1103; x_wconf 78' lang='grc' dir='ltr'>τοιοῦτος</span> <span class='ocrx_word' id='word_1_111' title='bbox 3108 1040 3373 1117; x_wconf 79' lang='grc' dir='ltr'>ὑπάρχων</span> <span class='ocrx_word' id='word_1_112' title='bbox 3402 1038 3457 1095; x_wconf 77' lang='grc' dir='ltr'><strong>ἐν</strong></span> <span class='ocrx_word' id='word_1_113' title='bbox 3486 1037 3693 1111; x_wconf 84' lang='grc' dir='ltr'>νεότητι</span> <span class='ocrx_word' id='word_1_114' title='bbox 3716 1038 3824 1115; x_wconf 69' lang='grc' dir='ltr'>ἔρια</span> 
     </span>
    </p>
   </div>
   <div class='ocr_carea' id='block_1_21' title="bbox 2211 1126 3825 1210">
    <p class='ocr_par' dir='ltr' id='par_1_21' title="bbox 2211 1126 3825 1210">
     <span class='ocr_line' id='line_1_21' title="bbox 2211 1126 3825 1210; baseline 0.001 -28"><span class='ocrx_word' id='word_1_115' title='bbox 2211 1148 2335 1190; x_wconf 82' lang='grc' dir='ltr'>στος</span> <span class='ocrx_word' id='word_1_116' title='bbox 2356 1130 2442 1184; x_wconf 87' lang='grc' dir='ltr'><strong>καὶ</strong></span> <span class='ocrx_word' id='word_1_117' title='bbox 2460 1127 2650 1205; x_wconf 84' lang='grc' dir='ltr'>λόγοις</span> <span class='ocrx_word' id='word_1_118' title='bbox 2665 1129 2990 1210; x_wconf 68' lang='grc' dir='ltr'>φιλοσόφοις</span> <span class='ocrx_word' id='word_1_119' title='bbox 3007 1130 3096 1186; x_wconf 86' lang='grc' dir='ltr'>καὶ</span> <span class='ocrx_word' id='word_1_120' title='bbox 3111 1130 3425 1205; x_wconf 80' lang='grc' dir='ltr'>ῥητορικοῖς</span> <span class='ocrx_word' id='word_1_121' title='bbox 3441 1128 3530 1184; x_wconf 72' lang='grc' dir='ltr'><strong>καὶ</strong></span> <span class='ocrx_word' id='word_1_122' title='bbox 3546 1126 3825 1203; x_wconf 83' lang='grc' dir='ltr'>βελτίστοις</span> 
     </span>
    </p>
   </div>
   <div class='ocr_carea' id='block_1_22' title="bbox 2210 1217 3826 1299">
    <p class='ocr_par' dir='ltr' id='par_1_22' title="bbox 2210 1217 3826 1299">
     <span class='ocr_line' id='line_1_22' title="bbox 2210 1217 3826 1299; baseline -0.001 -23"><span class='ocrx_word' id='word_1_123' title='bbox 2210 1220 2437 1293; x_wconf 80' lang='grc' dir='ltr'>τρόποις</span> <span class='ocrx_word' id='word_1_124' title='bbox 2466 1222 2556 1277; x_wconf 83' lang='grc' dir='ltr'><strong>καὶ</strong></span> <span class='ocrx_word' id='word_1_125' title='bbox 2585 1217 2769 1299; x_wconf 80' lang='grc' dir='ltr'>ἔργοις</span> <span class='ocrx_word' id='word_1_126' title='bbox 2836 1225 3024 1296; x_wconf 83' lang='grc' dir='ltr'>κομῶν</span> <span class='ocrx_word' id='word_1_127' title='bbox 3080 1222 3109 1276; x_wconf 92' lang='lat'><strong>6</strong></span> <span class='ocrx_word' id='word_1_128' title='bbox 3162 1217 3439 1297; x_wconf 86' lang='grc' dir='ltr'>γεννάδας,</span> <span class='ocrx_word' id='word_1_129' title='bbox 3486 1219 3618 1294; x_wconf 81' lang='grc' dir='ltr'>πρὸς</span> <span class='ocrx_word' id='word_1_130' title='bbox 3672 1225 3826 1294; x_wconf 77' lang='grc' dir='ltr'>γῆρας</span> 
     </span>
    </p>
   </div>
   <div class='ocr_carea' id='block_1_23' title="bbox 2211 1306 3826 1391">
    <p class='ocr_par' dir='ltr' id='par_1_23' title="bbox 2211 1306 3826 1391">
     <span class='ocr_line' id='line_1_23' title="bbox 2211 1306 3826 1391; baseline -0.002 -25"><span class='ocrx_word' id='word_1_131' title='bbox 2211 1308 2382 1367; x_wconf 84' lang='grc' dir='ltr'>ἐλθὼν</span> <span class='ocrx_word' id='word_1_132' title='bbox 2416 1309 2685 1391; x_wconf 77' lang='grc' dir='ltr'>αἰφνίδιον</span> <span class='ocrx_word' id='word_1_133' title='bbox 2745 1313 2821 1376; x_wconf 81' lang='grc' dir='ltr'><strong>είς</strong></span> <span class='ocrx_word' id='word_1_134' title='bbox 2868 1314 2969 1382; x_wconf 79' lang='grc' dir='ltr'>τὴν</span> <span class='ocrx_word' id='word_1_135' title='bbox 3011 1311 3233 1388; x_wconf 80' lang='grc' dir='ltr'>χείρονα</span> <span class='ocrx_word' id='word_1_136' title='bbox 3260 1306 3573 1385; x_wconf 71' lang='grc' dir='ltr'>μετεϐλήθη</span> <span class='ocrx_word' id='word_1_137' title='bbox 3604 1310 3826 1386; x_wconf 81' lang='grc' dir='ltr'>γνώμην,</span> 
     </span>
    </p>
   </div>
   <div class='ocr_carea' id='block_1_24' title="bbox 2211 1398 3827 1479">
    <p class='ocr_par' dir='ltr' id='par_1_24' title="bbox 2211 1398 3827 1479">
     <span class='ocr_line' id='line_1_24' title="bbox 2211 1398 3827 1479; baseline -0.001 -25"><span class='ocrx_word' id='word_1_138' title='bbox 2211 1398 2353 1456; x_wconf 82' lang='grc' dir='ltr'>ὣστε</span> <span class='ocrx_word' id='word_1_139' title='bbox 2380 1402 2470 1458; x_wconf 74' lang='grc' dir='ltr'><strong>καὶ</strong></span> <span class='ocrx_word' id='word_1_140' title='bbox 2501 1407 2867 1479; x_wconf 76' lang='grc' dir='ltr'>παραφρονεῖν</span> <span class='ocrx_word' id='word_1_141' title='bbox 2898 1402 3062 1458; x_wconf 84' lang='grc' dir='ltr'>αὐτὸν</span> <span class='ocrx_word' id='word_1_142' title='bbox 3121 1402 3449 1474; x_wconf 83' lang='grc' dir='ltr'>νομισθῆναι</span> <span class='ocrx_word' id='word_1_143' title='bbox 3502 1398 3589 1455; x_wconf 83' lang='grc' dir='ltr'><strong>καὶ</strong></span> <span class='ocrx_word' id='word_1_144' title='bbox 3644 1398 3713 1463; x_wconf 84' lang='grc' dir='ltr'><strong>ὡς</strong></span> <span class='ocrx_word' id='word_1_145' title='bbox 3739 1398 3827 1453; x_wconf 78' lang='grc' dir='ltr'>ὑπὸ</span> 
     </span>
    </p>
   </div>
   <div class='ocr_carea' id='block_1_25' title="bbox 2214 1487 3830 1569">
    <p class='ocr_par' dir='ltr' id='par_1_25' title="bbox 2214 1487 3830 1569">
     <span class='ocr_line' id='line_1_25' title="bbox 2214 1487 3830 1569; baseline -0.001 -23"><span class='ocrx_word' id='word_1_146' title='bbox 2214 1487 2474 1565; x_wconf 87' lang='grc' dir='ltr'>δαίμονος</span> <span class='ocrx_word' id='word_1_147' title='bbox 2527 1492 2844 1559; x_wconf 74' lang='grc' dir='ltr'>ἐλαύνεσθαι</span> <span class='ocrx_word' id='word_1_148' title='bbox 2922 1493 3059 1569; x_wconf 85' lang='grc' dir='ltr'>πρὸς</span> <span class='ocrx_word' id='word_1_149' title='bbox 3115 1498 3288 1549; x_wconf 77' lang='grc' dir='ltr'>πᾶσαν</span> <span class='ocrx_word' id='word_1_150' title='bbox 3341 1489 3701 1565; x_wconf 82' lang='grc' dir='ltr'>ἀνοσιουργίαν</span> <span class='ocrx_word' id='word_1_151' title='bbox 3752 1490 3830 1544; x_wconf 74' lang='grc' dir='ltr'><strong>καὶ</strong></span> 
     </span>
    </p>
   </div>
   <div class='ocr_carea' id='block_1_26' title="bbox 456 1577 2123 1660">
    <p class='ocr_par' dir='ltr' id='par_1_26' title="bbox 456 1580 2107 1643">
     <span class='ocr_line' id='line_1_26' title="bbox 456 1580 2107 1643; baseline -0.006 0"><span class='ocrx_word' id='word_1_152' title='bbox 456 1589 585 1643; x_wconf 92' lang='lat' dir='ltr'><strong>Non</strong></span> <span class='ocrx_word' id='word_1_153' title='bbox 616 1586 775 1641; x_wconf 91' lang='lat' dir='ltr'><strong>enim</strong></span> <span class='ocrx_word' id='word_1_154' title='bbox 807 1584 1085 1640; x_wconf 89' lang='lat' dir='ltr'><strong>omnibus</strong></span> <span class='ocrx_word' id='word_1_155' title='bbox 1108 1582 1282 1637; x_wconf 90' lang='lat' dir='ltr'><strong>modo</strong></span> <span class='ocrx_word' id='word_1_156' title='bbox 1311 1586 1368 1637; x_wconf 93' lang='lat' dir='ltr'><strong>et</strong></span> <span class='ocrx_word' id='word_1_157' title='bbox 1396 1580 1767 1637; x_wconf 82' lang='lat' dir='ltr'><strong>naturalibus</strong></span> <span class='ocrx_word' id='word_1_158' title='bbox 1798 1586 1855 1635; x_wconf 90' lang='lat' dir='ltr'><strong>et</strong></span> <span class='ocrx_word' id='word_1_159' title='bbox 1881 1585 2107 1635; x_wconf 68' lang='lat' dir='ltr'><strong>naturas</strong></span> 
     </span>
    </p>
   </div>
   <div class='ocr_carea' id='block_1_27' title="bbox 2229 1577 3829 1660">
    <p class='ocr_par' dir='ltr' id='par_1_27' title="bbox 2229 1577 3829 1660">
     <span class='ocr_line' id='line_1_27' title="bbox 2229 1577 3829 1660; baseline -0.002 -24"><span class='ocrx_word' id='word_1_160' title='bbox 2229 1582 2525 1660; x_wconf 65' lang='grc' dir='ltr'>αιαιφονίαν</span> <span class='ocrx_word' id='word_1_161' title='bbox 2583 1605 2643 1639; x_wconf 83' lang='grc' dir='ltr'><strong>τε</strong></span> <span class='ocrx_word' id='word_1_162' title='bbox 2699 1583 2790 1639; x_wconf 80' lang='grc' dir='ltr'><strong>καὶ</strong></span> <span class='ocrx_word' id='word_1_163' title='bbox 2847 1581 3264 1658; x_wconf 79' lang='grc' dir='ltr'>οἶστρηλασὲαν.</span> <span class='ocrx_word' id='word_1_164' title='bbox 3328 1580 3428 1638; x_wconf 84' lang='grc' dir='ltr'>Καὶ</span> <span class='ocrx_word' id='word_1_165' title='bbox 3484 1578 3546 1634; x_wconf 79' lang='grc' dir='ltr'>οὗ</span> <span class='ocrx_word' id='word_1_166' title='bbox 3579 1579 3728 1651; x_wconf 85' lang='grc' dir='ltr'>μόνον</span> <span class='ocrx_word' id='word_1_167' title='bbox 3783 1577 3829 1633; x_wconf 87' lang='grc' dir='ltr'><strong>ἐν</strong></span> 
     </span>
    </p>
   </div>
   <div class='ocr_carea' id='block_1_28' title="bbox 461 1663 2123 1749">
    <p class='ocr_par' dir='ltr' id='par_1_28' title="bbox 461 1668 2111 1746">
     <span class='ocr_line' id='line_1_28' title="bbox 461 1668 2111 1746; baseline -0.006 -13"><span class='ocrx_word' id='word_1_168' title='bbox 461 1676 728 1733; x_wconf 81' lang='lat' dir='ltr'><strong>adversis</strong></span> <span class='ocrx_word' id='word_1_169' title='bbox 754 1674 1044 1746; x_wconf 86' lang='lat' dir='ltr'><strong>majorem</strong></span> <span class='ocrx_word' id='word_1_170' title='bbox 1066 1672 1127 1728; x_wconf 93' lang='lat' dir='ltr'><strong>in</strong></span> <span class='ocrx_word' id='word_1_171' title='bbox 1150 1670 1392 1726; x_wconf 90' lang='lat' dir='ltr'><strong>modum</strong></span> <span class='ocrx_word' id='word_1_172' title='bbox 1417 1686 1509 1726; x_wconf 87' lang='lat' dir='ltr'><strong>ses</strong></span> <span class='ocrx_word' id='word_1_173' title='bbox 1532 1668 2111 1741; x_wconf 89' lang='lat' dir='ltr'><strong>polluebatlibidini-</strong></span> 
     </span>
    </p>
   </div>
   <div class='ocr_carea' id='block_1_29' title="bbox 2229 1663 3834 1749">
    <p class='ocr_par' dir='ltr' id='par_1_29' title="bbox 2229 1663 3834 1749">
     <span class='ocr_line' id='line_1_29' title="bbox 2229 1663 3834 1749; baseline -0.001 -24"><span class='ocrx_word' id='word_1_174' title='bbox 2229 1675 2332 1733; x_wconf 71' lang='grc' dir='ltr'>τοῖς</span> <span class='ocrx_word' id='word_1_175' title='bbox 2364 1672 2500 1727; x_wconf 79' lang='grc' dir='ltr'>κατὰ</span> <span class='ocrx_word' id='word_1_176' title='bbox 2529 1673 2688 1745; x_wconf 73' lang='grc' dir='ltr'>φύσιν</span> <span class='ocrx_word' id='word_1_177' title='bbox 2747 1671 2838 1728; x_wconf 82' lang='grc' dir='ltr'><strong>καὶ</strong></span> <span class='ocrx_word' id='word_1_178' title='bbox 2894 1671 3042 1747; x_wconf 82' lang='grc' dir='ltr'>παρᾶ</span> <span class='ocrx_word' id='word_1_179' title='bbox 3097 1669 3253 1749; x_wconf 73' lang='grc' dir='ltr'>φύσιν</span> <span class='ocrx_word' id='word_1_180' title='bbox 3313 1669 3503 1725; x_wconf 66' lang='grc' dir='ltr'>ἑαυτὸν</span> <span class='ocrx_word' id='word_1_181' title='bbox 3547 1663 3834 1739; x_wconf 66' lang='grc' dir='ltr'>ἐϐεϐγίλωσε</span> 
     </span>
    </p>
   </div>
   <div class='ocr_carea' id='block_1_30' title="bbox 464 1755 2123 1836">
    <p class='ocr_par' dir='ltr' id='par_1_30' title="bbox 464 1758 2110 1836">
     <span class='ocr_line' id='line_1_30' title="bbox 464 1758 2110 1836; baseline -0.005 -13"><span class='ocrx_word' id='word_1_182' title='bbox 464 1764 707 1836; x_wconf 87' lang='lat' dir='ltr'><strong>bus,sed</strong></span> <span class='ocrx_word' id='word_1_183' title='bbox 734 1764 807 1819; x_wconf 91' lang='lat' dir='ltr'><strong>iis</strong></span> <span class='ocrx_word' id='word_1_184' title='bbox 833 1764 1077 1833; x_wconf 87' lang='lat' dir='ltr'><strong>insuper</strong></span> <span class='ocrx_word' id='word_1_185' title='bbox 1107 1777 1282 1817; x_wconf 91' lang='lat' dir='ltr'><strong>omne</strong></span> <span class='ocrx_word' id='word_1_186' title='bbox 1315 1760 1623 1831; x_wconf 71' lang='lat' dir='ltr'><strong>injustitiaa</strong></span> <span class='ocrx_word' id='word_1_187' title='bbox 1645 1776 1711 1815; x_wconf 89' lang='lat' dir='ltr'><strong>ac</strong></span> <span class='ocrx_word' id='word_1_188' title='bbox 1742 1758 2110 1815; x_wconf 81' lang='lat' dir='ltr'><strong>crudelitatis</strong></span> 
     </span>
    </p>
   </div>
   <div class='ocr_carea' id='block_1_31' title="bbox 2229 1755 3838 1836">
    <p class='ocr_par' dir='ltr' id='par_1_31' title="bbox 2229 1755 3838 1836">
     <span class='ocr_line' id='line_1_31' title="bbox 2229 1755 3838 1836; baseline -0.001 -22"><span class='ocrx_word' id='word_1_189' title='bbox 2229 1760 2336 1815; x_wconf 74' lang='grc' dir='ltr'>ιαθ⁹</span> <span class='ocrx_word' id='word_1_190' title='bbox 2371 1757 2708 1836; x_wconf 67' lang='grc' dir='ltr'>ὑπερϐολὴν,</span> <span class='ocrx_word' id='word_1_191' title='bbox 2739 1761 2887 1817; x_wconf 80' lang='grc' dir='ltr'>ἀλλᾶ</span> <span class='ocrx_word' id='word_1_192' title='bbox 2922 1759 3013 1815; x_wconf 88' lang='grc' dir='ltr'><strong>καὶ</strong></span> <span class='ocrx_word' id='word_1_193' title='bbox 3038 1759 3089 1816; x_wconf 77' lang='grc' dir='ltr'><strong>ἐν</strong></span> <span class='ocrx_word' id='word_1_194' title='bbox 3130 1760 3275 1834; x_wconf 81' lang='grc' dir='ltr'>πάσῃ</span> <span class='ocrx_word' id='word_1_195' title='bbox 3308 1755 3497 1830; x_wconf 78' lang='grc' dir='ltr'>ἀδικίᾳ</span> <span class='ocrx_word' id='word_1_196' title='bbox 3549 1756 3636 1812; x_wconf 84' lang='grc' dir='ltr'><strong>καὶ</strong></span> <span class='ocrx_word' id='word_1_197' title='bbox 3664 1777 3838 1833; x_wconf 82' lang='grc' dir='ltr'>τυραν-</span> 
     </span>
    </p>
   </div>
   <div class='ocr_carea' id='block_1_32' title="bbox 466 1846 2123 1943">
    <p class='ocr_par' dir='ltr' id='par_1_32' title="bbox 466 1848 2112 1930">
     <span class='ocr_line' id='line_1_32' title="bbox 466 1848 2112 1930; baseline -0.005 -18"><span class='ocrx_word' id='word_1_198' title='bbox 466 1873 652 1930; x_wconf 90' lang='lat' dir='ltr'><strong>genus</strong></span> <span class='ocrx_word' id='word_1_199' title='bbox 682 1853 954 1910; x_wconf 83' lang='lat' dir='ltr'><strong>addebat.</strong></span> <span class='ocrx_word' id='word_1_200' title='bbox 990 1852 1077 1907; x_wconf 86' lang='lat' dir='ltr'><strong>Ita</strong></span> <span class='ocrx_word' id='word_1_201' title='bbox 1102 1867 1240 1923; x_wconf 89' lang='lat' dir='ltr'><strong>ergo</strong></span> <span class='ocrx_word' id='word_1_202' title='bbox 1267 1855 1429 1923; x_wconf 90' lang='lat' dir='ltr'><strong>gesto</strong></span> <span class='ocrx_word' id='word_1_203' title='bbox 1461 1848 1713 1919; x_wconf 84' lang='lat' dir='ltr'><strong>imperio</strong></span> <span class='ocrx_word' id='word_1_204' title='bbox 1743 1852 1810 1904; x_wconf 91' lang='lat' dir='ltr'><strong>ut</strong></span> <span class='ocrx_word' id='word_1_205' title='bbox 1837 1864 1873 1903; x_wconf 90' lang='lat' dir='ltr'><strong>a</strong></span> <span class='ocrx_word' id='word_1_206' title='bbox 1901 1848 2112 1903; x_wconf 91' lang='lat' dir='ltr'><strong>virtute</strong></span> 
     </span>
    </p>
   </div>
   <div class='ocr_carea' id='block_1_33' title="bbox 2229 1846 3838 1943">
    <p class='ocr_par' dir='ltr' id='par_1_33' title="bbox 2229 1846 3838 1943">
     <span class='ocr_line' id='line_1_33' title="bbox 2229 1846 3838 1943; baseline -0.001 -39"><span class='ocrx_word' id='word_1_207' title='bbox 2229 1847 2348 1906; x_wconf 81' lang='grc' dir='ltr'>νίδι.</span> <span class='ocrx_word' id='word_1_208' title='bbox 2381 1850 2571 1912; x_wconf 71' lang='grc' dir='ltr'>Οὕτως</span> <span class='ocrx_word' id='word_1_209' title='bbox 2601 1850 2694 1907; x_wconf 76' lang='grc' dir='ltr'>οὖν</span> <span class='ocrx_word' id='word_1_210' title='bbox 2723 1852 2822 1921; x_wconf 78' lang='grc' dir='ltr'>τὴν</span> <span class='ocrx_word' id='word_1_211' title='bbox 2857 1850 3038 1929; x_wconf 77' lang='grc' dir='ltr'>ἀρχὴν</span> <span class='ocrx_word' id='word_1_212' title='bbox 3066 1847 3352 1919; x_wconf 65' lang='grc' dir='ltr'>διοικήσας</span> <span class='ocrx_word' id='word_1_213' title='bbox 3380 1848 3469 1943; x_wconf 64' lang='grc' dir='ltr'><strong>καὶ</strong></span> <span class='ocrx_word' id='word_1_214' title='bbox 3528 1846 3577 1917; x_wconf 76' lang='grc' dir='ltr'>ἐξ</span> <span class='ocrx_word' id='word_1_215' title='bbox 3607 1847 3838 1923; x_wconf 80' lang='grc' dir='ltr'>ἀγαθοερ-</span> 
     </span>
    </p>
   </div>
   <div class='ocr_carea' id='block_1_34' title="bbox 468 1937 2117 2016">
    <p class='ocr_par' dir='ltr' id='par_1_34' title="bbox 468 1937 2117 2016">
     <span class='ocr_line' id='line_1_34' title="bbox 468 1937 2117 2016; baseline -0.007 -14"><span class='ocrx_word' id='word_1_216' title='bbox 468 1946 541 2003; x_wconf 89' lang='lat' dir='ltr'><strong>ad</strong></span> <span class='ocrx_word' id='word_1_217' title='bbox 566 1942 997 2016; x_wconf 88' lang='lat' dir='ltr'><strong>turpitudinem</strong></span> <span class='ocrx_word' id='word_1_218' title='bbox 1013 1940 1325 2014; x_wconf 87' lang='lat' dir='ltr'><strong>prolapsus</strong></span> <span class='ocrx_word' id='word_1_219' title='bbox 1338 1937 1590 1994; x_wconf 88' lang='lat' dir='ltr'><strong>terribili</strong></span> <span class='ocrx_word' id='word_1_220' title='bbox 1609 1937 1833 1993; x_wconf 73' lang='lat' dir='ltr'><strong>saevitia</strong></span> <span class='ocrx_word' id='word_1_221' title='bbox 1846 1937 2117 2008; x_wconf 69' lang='lat' dir='ltr'><strong>foedaque</strong></span> 
     </span>
    </p>
   </div>
   <div class='ocr_carea' id='block_1_35' title="bbox 469 2026 2120 2095">
    <p class='ocr_par' dir='ltr' id='par_1_35' title="bbox 469 2026 2120 2095">
     <span class='ocr_line' id='line_1_35' title="bbox 469 2026 2120 2095; baseline -0.007 -4"><span class='ocrx_word' id='word_1_222' title='bbox 469 2034 714 2092; x_wconf 89' lang='lat' dir='ltr'><strong>avaritia</strong></span> <span class='ocrx_word' id='word_1_223' title='bbox 741 2038 799 2087; x_wconf 86' lang='lat' dir='ltr'><strong>et</strong></span> <span class='ocrx_word' id='word_1_224' title='bbox 852 2030 1219 2087; x_wconf 91' lang='lat' dir='ltr'><strong>obscenitate</strong></span> <span class='ocrx_word' id='word_1_225' title='bbox 1252 2026 1492 2083; x_wconf 85' lang='lat' dir='ltr'><strong>infamis</strong></span> <span class='ocrx_word' id='word_1_226' title='bbox 1522 2031 1697 2095; x_wconf 90' lang='lat' dir='ltr'><strong>esset,</strong></span> <span class='ocrx_word' id='word_1_227' title='bbox 1734 2026 1911 2082; x_wconf 89' lang='lat' dir='ltr'><strong>vitam</strong></span> <span class='ocrx_word' id='word_1_228' title='bbox 1963 2026 2120 2081; x_wconf 85' lang='lat' dir='ltr'><strong>ﬁniit</strong></span> 
     </span>
    </p>
   </div>
   <div class='ocr_carea' id='block_1_36' title="bbox 470 2114 2117 2195">
    <p class='ocr_par' dir='ltr' id='par_1_36' title="bbox 470 2114 2117 2195">
     <span class='ocr_line' id='line_1_36' title="bbox 470 2114 2117 2195; baseline -0.007 -13"><span class='ocrx_word' id='word_1_229' title='bbox 470 2124 637 2182; x_wconf 90' lang='lat' dir='ltr'><strong>nullo</strong></span> <span class='ocrx_word' id='word_1_230' title='bbox 668 2121 936 2195; x_wconf 61' lang='lat' dir='ltr'><strong>pristina</strong></span> <span class='ocrx_word' id='word_1_231' title='bbox 966 2118 1199 2174; x_wconf 91' lang='lat' dir='ltr'><strong>virtutis</strong></span> <span class='ocrx_word' id='word_1_232' title='bbox 1231 2121 1507 2189; x_wconf 88' lang='lat' dir='ltr'><strong>percepto</strong></span> <span class='ocrx_word' id='word_1_233' title='bbox 1540 2117 1757 2184; x_wconf 81' lang='lat' dir='ltr'><strong>fructu,</strong></span> <span class='ocrx_word' id='word_1_234' title='bbox 1792 2114 1896 2172; x_wconf 90' lang='lat' dir='ltr'><strong>sed</strong></span> <span class='ocrx_word' id='word_1_235' title='bbox 1956 2120 2117 2171; x_wconf 86' lang='lat' dir='ltr'><strong>tanto</strong></span> 
     </span>
    </p>
   </div>
   <div class='ocr_carea' id='block_1_37' title="bbox 470 2204 2121 2285">
    <p class='ocr_par' dir='ltr' id='par_1_37' title="bbox 470 2204 2121 2285">
     <span class='ocr_line' id='line_1_37' title="bbox 470 2204 2121 2285; baseline -0.007 -15"><span class='ocrx_word' id='word_1_236' title='bbox 470 2213 658 2285; x_wconf 89' lang='lat' dir='ltr'><strong>magis</strong></span> <span class='ocrx_word' id='word_1_237' title='bbox 690 2226 906 2267; x_wconf 82' lang='lat' dir='ltr'><strong>exosus</strong></span> <span class='ocrx_word' id='word_1_238' title='bbox 936 2206 1343 2277; x_wconf 90' lang='lat' dir='ltr'><strong>omnibus,qui</strong></span> <span class='ocrx_word' id='word_1_239' title='bbox 1377 2206 1452 2261; x_wconf 93' lang='lat' dir='ltr'><strong>ad</strong></span> <span class='ocrx_word' id='word_1_240' title='bbox 1482 2210 1812 2261; x_wconf 83' lang='lat' dir='ltr'><strong>extremum</strong></span> <span class='ocrx_word' id='word_1_241' title='bbox 1844 2204 2121 2259; x_wconf 87' lang='lat' dir='ltr'><strong>libidino-</strong></span> 
     </span>
    </p>
   </div>
   <div class='ocr_carea' id='block_1_38' title="bbox 475 2294 2118 2369">
    <p class='ocr_par' dir='ltr' id='par_1_38' title="bbox 475 2294 2118 2369">
     <span class='ocr_line' id='line_1_38' title="bbox 475 2294 2118 2369; baseline -0.007 -10"><span class='ocrx_word' id='word_1_242' title='bbox 475 2321 538 2360; x_wconf 89' lang='lat' dir='ltr'><strong>se</strong></span> <span class='ocrx_word' id='word_1_243' title='bbox 567 2301 772 2358; x_wconf 87' lang='lat' dir='ltr'><strong>omnia</strong></span> <span class='ocrx_word' id='word_1_244' title='bbox 799 2300 1176 2369; x_wconf 88' lang='lat' dir='ltr'><strong>deturpasset</strong></span> <span class='ocrx_word' id='word_1_245' title='bbox 1233 2302 1409 2367; x_wconf 90' lang='lat' dir='ltr'><strong>atque</strong></span> <span class='ocrx_word' id='word_1_246' title='bbox 1443 2294 1842 2366; x_wconf 88' lang='lat' dir='ltr'><strong>pervertisset.</strong></span> <span class='ocrx_word' id='word_1_247' title='bbox 1878 2296 1932 2349; x_wconf 86' lang='lat' dir='ltr'><strong>Is</strong></span> <span class='ocrx_word' id='word_1_248' title='bbox 1981 2310 2118 2367; x_wconf 87' lang='lat' dir='ltr'><strong>ergo</strong></span> 
     </span>
    </p>
   </div>
   <div class='ocr_carea' id='block_1_39' title="bbox 474 2383 2120 2459">
    <p class='ocr_par' dir='ltr' id='par_1_39' title="bbox 474 2383 2120 2459">
     <span class='ocr_line' id='line_1_39' title="bbox 474 2383 2120 2459; baseline -0.005 -12"><span class='ocrx_word' id='word_1_249' title='bbox 474 2391 549 2448; x_wconf 92' lang='lat' dir='ltr'><strong>ad</strong></span> <span class='ocrx_word' id='word_1_250' title='bbox 581 2395 803 2446; x_wconf 71' lang='lat' dir='ltr'><strong>teterna</strong></span> <span class='ocrx_word' id='word_1_251' title='bbox 823 2386 1115 2459; x_wconf 88' lang='lat' dir='ltr'><strong>supplicia</strong></span> <span class='ocrx_word' id='word_1_252' title='bbox 1146 2401 1279 2440; x_wconf 91' lang='lat' dir='ltr'><strong>cum</strong></span> <span class='ocrx_word' id='word_1_253' title='bbox 1302 2384 1580 2439; x_wconf 88' lang='lat' dir='ltr'><strong>omnibus</strong></span> <span class='ocrx_word' id='word_1_254' title='bbox 1611 2383 1798 2455; x_wconf 89' lang='lat' dir='ltr'><strong>ipsius</strong></span> <span class='ocrx_word' id='word_1_255' title='bbox 1822 2383 2120 2439; x_wconf 88' lang='lat' dir='ltr'><strong>similibus</strong></span> 
     </span>
    </p>
   </div>
   <div class='ocr_carea' id='block_1_40' title="bbox 480 2471 2120 2545">
    <p class='ocr_par' dir='ltr' id='par_1_40' title="bbox 480 2471 2120 2545">
     <span class='ocr_line' id='line_1_40' title="bbox 480 2471 2120 2545; baseline -0.004 -10"><span class='ocrx_word' id='word_1_256' title='bbox 480 2478 791 2535; x_wconf 77' lang='lat' dir='ltr'><strong>toleranda</strong></span> <span class='ocrx_word' id='word_1_257' title='bbox 822 2475 968 2531; x_wconf 88' lang='lat' dir='ltr'><strong>abiit</strong></span> <span class='ocrx_word' id='word_1_258' title='bbox 1000 2491 1013 2529; x_wconf 91' lang='lat'><strong>:</strong></span> <span class='ocrx_word' id='word_1_259' title='bbox 1047 2474 1146 2545; x_wconf 88' lang='lat' dir='ltr'><strong>qui</strong></span> <span class='ocrx_word' id='word_1_260' title='bbox 1179 2471 1338 2529; x_wconf 88' lang='lat' dir='ltr'><strong>enim</strong></span> <span class='ocrx_word' id='word_1_261' title='bbox 1372 2472 1434 2528; x_wconf 89' lang='lat' dir='ltr'><strong>in</strong></span> <span class='ocrx_word' id='word_1_262' title='bbox 1484 2471 1748 2528; x_wconf 86' lang='lat' dir='ltr'><strong>salebras</strong></span> <span class='ocrx_word' id='word_1_263' title='bbox 1793 2471 2120 2541; x_wconf 86' lang='lat' dir='ltr'><strong>declinant,</strong></span> 
     </span>
    </p>
   </div>
   <div class='ocr_carea' id='block_1_41' title="bbox 480 2560 2122 2635">
    <p class='ocr_par' dir='ltr' id='par_1_41' title="bbox 480 2560 2122 2635">
     <span class='ocr_line' id='line_1_41' title="bbox 480 2560 2122 2635; baseline -0.003 -12"><span class='ocrx_word' id='word_1_264' title='bbox 480 2585 582 2623; x_wconf 89' lang='lat' dir='ltr'><strong>eos</strong></span> <span class='ocrx_word' id='word_1_265' title='bbox 607 2566 887 2622; x_wconf 89' lang='lat' dir='ltr'><strong>Dsminus</strong></span> <span class='ocrx_word' id='word_1_266' title='bbox 917 2580 1052 2619; x_wconf 92' lang='lat' dir='ltr'><strong>cum</strong></span> <span class='ocrx_word' id='word_1_267' title='bbox 1083 2562 1394 2635; x_wconf 82' lang='lat' dir='ltr'><strong>ﬂagitiosis</strong></span> <span class='ocrx_word' id='word_1_268' title='bbox 1433 2560 1692 2617; x_wconf 86' lang='lat' dir='ltr'><strong>abducat</strong></span> <span class='ocrx_word' id='word_1_269' title='bbox 1738 2562 1825 2615; x_wconf 69' lang='grc' dir='ltr'>Μ.</span> <span class='ocrx_word' id='word_1_270' title='bbox 1868 2561 2122 2618; x_wconf 86' lang='lat' dir='ltr'><strong>Proinde</strong></span> 
     </span>
    </p>
   </div>
   <div class='ocr_carea' id='block_1_42' title="bbox 477 2649 2124 2724">
    <p class='ocr_par' dir='ltr' id='par_1_42' title="bbox 477 2649 2124 2724">
     <span class='ocr_line' id='line_1_42' title="bbox 477 2649 2124 2724; baseline -0.004 -10"><span class='ocrx_word' id='word_1_271' title='bbox 477 2655 753 2714; x_wconf 85' lang='lat' dir='ltr'><strong>convenit</strong></span> <span class='ocrx_word' id='word_1_272' title='bbox 807 2654 922 2708; x_wconf 90' lang='lat' dir='ltr'><strong>huc</strong></span> <span class='ocrx_word' id='word_1_273' title='bbox 974 2652 1135 2724; x_wconf 92' lang='lat' dir='ltr'><strong>quod</strong></span> <span class='ocrx_word' id='word_1_274' title='bbox 1190 2650 1508 2723; x_wconf 87' lang='lat' dir='ltr'><strong>Apostolus</strong></span> <span class='ocrx_word' id='word_1_275' title='bbox 1565 2649 1760 2706; x_wconf 81' lang='lat' dir='ltr'><strong>dixit:</strong></span> <span class='ocrx_word' id='word_1_276' title='bbox 1826 2672 1847 2700; x_wconf 84' lang='grc' dir='ltr'><strong>ι</strong></span> <span class='ocrx_word' id='word_1_277' title='bbox 1909 2652 1965 2706; x_wconf 88' lang='lat' dir='ltr'><strong>Is</strong></span> <span class='ocrx_word' id='word_1_278' title='bbox 2022 2652 2124 2722; x_wconf 90' lang='lat' dir='ltr'><strong>qui</strong></span> 
     </span>
    </p>
   </div>
   <div class='ocr_carea' id='block_1_43' title="bbox 482 2738 2120 2814">
    <p class='ocr_par' dir='ltr' id='par_1_43' title="bbox 482 2738 2120 2814">
     <span class='ocr_line' id='line_1_43' title="bbox 482 2738 2120 2814; baseline -0.007 -12"><span class='ocrx_word' id='word_1_279' title='bbox 482 2750 689 2802; x_wconf 86' lang='lat' dir='ltr'><strong>auctor</strong></span> <span class='ocrx_word' id='word_1_280' title='bbox 702 2742 865 2799; x_wconf 85' lang='lat' dir='ltr'><strong>vobis</strong></span> <span class='ocrx_word' id='word_1_281' title='bbox 885 2741 999 2798; x_wconf 89' lang='lat' dir='ltr'><strong>fuit</strong></span> <span class='ocrx_word' id='word_1_282' title='bbox 1027 2744 1187 2796; x_wconf 91' lang='lat' dir='ltr'><strong>recte</strong></span> <span class='ocrx_word' id='word_1_283' title='bbox 1212 2738 1504 2814; x_wconf 89' lang='lat' dir='ltr'><strong>agendi,is</strong></span> <span class='ocrx_word' id='word_1_284' title='bbox 1536 2739 1711 2795; x_wconf 88' lang='lat' dir='ltr'><strong>etiam</strong></span> <span class='ocrx_word' id='word_1_285' title='bbox 1742 2738 2012 2813; x_wconf 84' lang='lat' dir='ltr'><strong>perﬁciet</strong></span> <span class='ocrx_word' id='word_1_286' title='bbox 2028 2738 2073 2809; x_wconf 88' lang='grc'>⁷,</span> <span class='ocrx_word' id='word_1_287' title='bbox 2090 2760 2120 2791; x_wconf 82' lang='grc'><strong>››</strong></span> 
     </span>
    </p>
   </div>
   <div class='ocr_carea' id='block_1_44' title="bbox 482 2831 2125 2905">
    <p class='ocr_par' dir='ltr' id='par_1_44' title="bbox 482 2831 2125 2905">
     <span class='ocr_line' id='line_1_44' title="bbox 482 2831 2125 2905; baseline -0.003 -13"><span class='ocrx_word' id='word_1_288' title='bbox 482 2841 542 2892; x_wconf 89' lang='lat' dir='ltr'><strong>et</strong></span> <span class='ocrx_word' id='word_1_289' title='bbox 570 2834 854 2892; x_wconf 87' lang='lat' dir='ltr'><strong>Dominus</strong></span> <span class='ocrx_word' id='word_1_290' title='bbox 883 2851 897 2902; x_wconf 86' lang='lat'><strong>;</strong></span> <span class='ocrx_word' id='word_1_291' title='bbox 934 2855 961 2883; x_wconf 79' lang='grc' dir='ltr'><strong>α</strong></span> <span class='ocrx_word' id='word_1_292' title='bbox 1002 2833 1110 2899; x_wconf 88' lang='lat' dir='ltr'><strong>Qui</strong></span> <span class='ocrx_word' id='word_1_293' title='bbox 1141 2831 1217 2889; x_wconf 91' lang='lat' dir='ltr'><strong>ad</strong></span> <span class='ocrx_word' id='word_1_294' title='bbox 1255 2832 1435 2890; x_wconf 84' lang='lat' dir='ltr'><strong>ﬁnem</strong></span> <span class='ocrx_word' id='word_1_295' title='bbox 1466 2846 1655 2905; x_wconf 87' lang='lat' dir='ltr'><strong>usque</strong></span> <span class='ocrx_word' id='word_1_296' title='bbox 1684 2837 2042 2905; x_wconf 87' lang='lat' dir='ltr'><strong>perseverat,</strong></span> <span class='ocrx_word' id='word_1_297' title='bbox 2076 2832 2125 2887; x_wconf 91' lang='lat' dir='ltr'><strong>is</strong></span> 
     </span>
    </p>
   </div>
   <div class='ocr_carea' id='block_1_45' title="bbox 486 2922 953 2984">
    <p class='ocr_par' dir='ltr' id='par_1_45' title="bbox 486 2922 953 2984">
     <span class='ocr_line' id='line_1_45' title="bbox 486 2922 953 2984; baseline -0.009 0"><span class='ocrx_word' id='word_1_298' title='bbox 486 2925 815 2984; x_wconf 80' lang='lat' dir='ltr'><strong>servabitur</strong></span> <span class='ocrx_word' id='word_1_299' title='bbox 842 2922 887 2980; x_wconf 81' lang='grc'>⁸.</span> <span class='ocrx_word' id='word_1_300' title='bbox 925 2945 953 2974; x_wconf 86' lang='grc'><strong>››</strong></span> 
     </span>
    </p>
   </div>
   <div class='ocr_carea' id='block_1_46' title="bbox 558 3011 2128 3084">
    <p class='ocr_par' dir='ltr' id='par_1_46' title="bbox 558 3011 2128 3084">
     <span class='ocr_line' id='line_1_46' title="bbox 558 3011 2128 3084; baseline -0.003 -12"><span class='ocrx_word' id='word_1_301' title='bbox 558 3012 1077 3083; x_wconf 77' lang='lat' dir='ltr'><strong>Eusebius,multm</strong></span> <span class='ocrx_word' id='word_1_302' title='bbox 1099 3012 1187 3068; x_wconf 85' lang='lat' dir='ltr'><strong>vir</strong></span> <span class='ocrx_word' id='word_1_303' title='bbox 1216 3011 1591 3078; x_wconf 85' lang='lat' dir='ltr'><strong>eruditionis,</strong></span> <span class='ocrx_word' id='word_1_304' title='bbox 1616 3011 2128 3084; x_wconf 88' lang='lat' dir='ltr'><strong>plurimarumque</strong></span> 
     </span>
    </p>
   </div>
   <div class='ocr_carea' id='block_1_47' title="bbox 486 3100 2128 3177">
    <p class='ocr_par' dir='ltr' id='par_1_47' title="bbox 486 3100 2128 3177">
     <span class='ocr_line' id='line_1_47' title="bbox 486 3100 2128 3177; baseline -0.004 -15"><span class='ocrx_word' id='word_1_305' title='bbox 486 3122 687 3162; x_wconf 89' lang='lat' dir='ltr'><strong>rerum</strong></span> <span class='ocrx_word' id='word_1_306' title='bbox 717 3104 1054 3177; x_wconf 80' lang='lat' dir='ltr'><strong>cognitione</strong></span> <span class='ocrx_word' id='word_1_307' title='bbox 1078 3100 1419 3174; x_wconf 90' lang='lat' dir='ltr'><strong>insignis,in</strong></span> <span class='ocrx_word' id='word_1_308' title='bbox 1438 3100 1675 3157; x_wconf 88' lang='lat' dir='ltr'><strong>Tabulis</strong></span> <span class='ocrx_word' id='word_1_309' title='bbox 1705 3100 2036 3159; x_wconf 81' lang='lat' dir='ltr'><strong>Annalibus</strong></span> <span class='ocrx_word' id='word_1_310' title='bbox 2056 3101 2128 3157; x_wconf 91' lang='lat' dir='ltr'><strong>de</strong></span> 
     </span>
    </p>
   </div>
   <div class='ocr_carea' id='block_1_48' title="bbox 485 3190 2128 3263">
    <p class='ocr_par' dir='ltr' id='par_1_48' title="bbox 485 3190 2128 3263">
     <span class='ocr_line' id='line_1_48' title="bbox 485 3190 2128 3263; baseline -0.002 -13"><span class='ocrx_word' id='word_1_311' title='bbox 485 3194 815 3263; x_wconf 82' lang='lat' dir='ltr'><strong>Antiochis,</strong></span> <span class='ocrx_word' id='word_1_312' title='bbox 840 3192 1120 3257; x_wconf 88' lang='lat' dir='ltr'><strong>Seleucis,</strong></span> <span class='ocrx_word' id='word_1_313' title='bbox 1152 3190 1510 3258; x_wconf 61' lang='lat' dir='ltr'><strong>Ptolemais,</strong></span> <span class='ocrx_word' id='word_1_314' title='bbox 1530 3194 1589 3245; x_wconf 90' lang='lat' dir='ltr'><strong>et</strong></span> <span class='ocrx_word' id='word_1_315' title='bbox 1614 3190 1994 3261; x_wconf 81' lang='lat' dir='ltr'><strong>pontiﬁcibus</strong></span> <span class='ocrx_word' id='word_1_316' title='bbox 2025 3191 2128 3263; x_wconf 91' lang='lat' dir='ltr'><strong>qui</strong></span> 
     </span>
    </p>
   </div>
   <div class='ocr_carea' id='block_1_49' title="bbox 484 3279 2130 3355">
    <p class='ocr_par' dir='ltr' id='par_1_49' title="bbox 484 3279 2130 3355">
     <span class='ocr_line' id='line_1_49' title="bbox 484 3279 2130 3355; baseline -0.002 -16"><span class='ocrx_word' id='word_1_317' title='bbox 484 3290 620 3355; x_wconf 85' lang='lat' dir='ltr'><strong>post</strong></span> <span class='ocrx_word' id='word_1_318' title='bbox 649 3283 904 3338; x_wconf 85' lang='lat' dir='ltr'><strong>reditum</strong></span> <span class='ocrx_word' id='word_1_319' title='bbox 937 3298 1007 3336; x_wconf 83' lang='lat' dir='ltr'><strong>ex</strong></span> <span class='ocrx_word' id='word_1_320' title='bbox 1034 3280 1331 3351; x_wconf 89' lang='lat' dir='ltr'><strong>Babylone</strong></span> <span class='ocrx_word' id='word_1_321' title='bbox 1361 3279 1579 3351; x_wconf 92' lang='lat' dir='ltr'><strong>populo</strong></span> <span class='ocrx_word' id='word_1_322' title='bbox 1608 3279 1847 3335; x_wconf 85' lang='lat' dir='ltr'><strong>Judaico</strong></span> <span class='ocrx_word' id='word_1_323' title='bbox 1883 3280 2130 3351; x_wconf 66' lang='lat' dir='ltr'><strong>praefue-</strong></span> 
     </span>
    </p>
   </div>
   <div class='ocr_carea' id='block_1_50' title="bbox 482 3366 2130 3442">
    <p class='ocr_par' dir='ltr' id='par_1_50' title="bbox 482 3366 2130 3442">
     <span class='ocr_line' id='line_1_50' title="bbox 482 3366 2130 3442; baseline -0.001 -15"><span class='ocrx_word' id='word_1_324' title='bbox 482 3377 645 3442; x_wconf 89' lang='lat' dir='ltr'><strong>runt,</strong></span> <span class='ocrx_word' id='word_1_325' title='bbox 674 3372 798 3426; x_wconf 63' lang='lat' dir='ltr'><strong>haec</strong></span> <span class='ocrx_word' id='word_1_326' title='bbox 849 3367 1202 3441; x_wconf 89' lang='lat' dir='ltr'><strong>compendio</strong></span> <span class='ocrx_word' id='word_1_327' title='bbox 1234 3367 1460 3433; x_wconf 83' lang='lat' dir='ltr'><strong>scribit,</strong></span> <span class='ocrx_word' id='word_1_328' title='bbox 1492 3366 1823 3423; x_wconf 80' lang='lat' dir='ltr'><strong>Alexander</strong></span> <span class='ocrx_word' id='word_1_329' title='bbox 1860 3368 2130 3425; x_wconf 83' lang='lat' dir='ltr'><strong>Macedo-</strong></span> 
     </span>
    </p>
   </div>
   <div class='ocr_carea' id='block_1_51' title="bbox 484 3456 2129 3529">
    <p class='ocr_par' dir='ltr' id='par_1_51' title="bbox 484 3456 2129 3529">
     <span class='ocr_line' id='line_1_51' title="bbox 484 3456 2129 3529; baseline -0.002 -13"><span class='ocrx_word' id='word_1_330' title='bbox 484 3477 627 3516; x_wconf 91' lang='lat' dir='ltr'><strong>num</strong></span> <span class='ocrx_word' id='word_1_331' title='bbox 685 3476 787 3516; x_wconf 85' lang='lat' dir='ltr'><strong>rex</strong></span> <span class='ocrx_word' id='word_1_332' title='bbox 818 3475 974 3514; x_wconf 89' lang='lat' dir='ltr'><strong>anno</strong></span> <span class='ocrx_word' id='word_1_333' title='bbox 1006 3456 1098 3513; x_wconf 87' lang='lat' dir='ltr'><strong>sui</strong></span> <span class='ocrx_word' id='word_1_334' title='bbox 1153 3457 1319 3529; x_wconf 89' lang='lat' dir='ltr'><strong>regni</strong></span> <span class='ocrx_word' id='word_1_335' title='bbox 1376 3461 1540 3512; x_wconf 82' lang='lat' dir='ltr'><strong>sexto</strong></span> <span class='ocrx_word' id='word_1_336' title='bbox 1595 3457 1835 3513; x_wconf 90' lang='lat' dir='ltr'><strong>Darium</strong></span> <span class='ocrx_word' id='word_1_337' title='bbox 1863 3458 2129 3513; x_wconf 83' lang='lat' dir='ltr'><strong>Arsamis</strong></span> 
     </span>
    </p>
   </div>
   <div class='ocr_carea' id='block_1_52' title="bbox 486 3546 2126 3617">
    <p class='ocr_par' dir='ltr' id='par_1_52' title="bbox 486 3546 2126 3617">
     <span class='ocr_line' id='line_1_52' title="bbox 486 3546 2126 3617; baseline -0.002 -12"><span class='ocrx_word' id='word_1_338' title='bbox 486 3550 678 3605; x_wconf 83' lang='lat' dir='ltr'><strong>filium</strong></span> <span class='ocrx_word' id='word_1_339' title='bbox 715 3548 949 3617; x_wconf 86' lang='lat' dir='ltr'><strong>devicit,</strong></span> <span class='ocrx_word' id='word_1_340' title='bbox 976 3549 1411 3617; x_wconf 89' lang='lat' dir='ltr'><strong>Persarumque</strong></span> <span class='ocrx_word' id='word_1_341' title='bbox 1439 3546 1754 3617; x_wconf 88' lang='lat' dir='ltr'><strong>imperium</strong></span> <span class='ocrx_word' id='word_1_342' title='bbox 1813 3546 2126 3614; x_wconf 84' lang='lat' dir='ltr'><strong>destruxit,</strong></span> 
     </span>
    </p>
   </div>
   <div class='ocr_carea' id='block_1_53' title="bbox 485 3636 2126 3714">
    <p class='ocr_par' dir='ltr' id='par_1_53' title="bbox 485 3636 2126 3714">
     <span class='ocr_line' id='line_1_53' title="bbox 485 3636 2126 3714; baseline -0.004 -16"><span class='ocrx_word' id='word_1_343' title='bbox 485 3641 646 3714; x_wconf 89' lang='lat' dir='ltr'><strong>quod</strong></span> <span class='ocrx_word' id='word_1_344' title='bbox 674 3639 749 3697; x_wconf 90' lang='lat' dir='ltr'><strong>ad</strong></span> <span class='ocrx_word' id='word_1_345' title='bbox 780 3639 934 3696; x_wconf 74' lang='lat'><strong>339</strong></span> <span class='ocrx_word' id='word_1_346' title='bbox 968 3654 1103 3694; x_wconf 93' lang='lat' dir='ltr'><strong>eum</strong></span> <span class='ocrx_word' id='word_1_347' title='bbox 1136 3653 1171 3692; x_wconf 93' lang='lat' dir='ltr'><strong>a</strong></span> <span class='ocrx_word' id='word_1_348' title='bbox 1199 3636 1349 3709; x_wconf 85' lang='lat' dir='ltr'><strong>Cyro</strong></span> <span class='ocrx_word' id='word_1_349' title='bbox 1404 3636 1716 3692; x_wconf 85' lang='lat' dir='ltr'><strong>duraverat</strong></span> <span class='ocrx_word' id='word_1_350' title='bbox 1761 3652 1949 3691; x_wconf 90' lang='lat' dir='ltr'><strong>annos</strong></span> <span class='ocrx_word' id='word_1_351' title='bbox 1999 3637 2126 3692; x_wconf 86' lang='lat'><strong>230.</strong></span> 
     </span>
    </p>
   </div>
   <div class='ocr_carea' id='block_1_54' title="bbox 485 3725 2129 3800">
    <p class='ocr_par' dir='ltr' id='par_1_54' title="bbox 485 3725 2129 3800">
     <span class='ocr_line' id='line_1_54' title="bbox 485 3725 2129 3800; baseline -0.004 -13"><span class='ocrx_word' id='word_1_352' title='bbox 485 3729 926 3787; x_wconf 82' lang='lat' dir='ltr'><strong>Macedonicum</strong></span> <span class='ocrx_word' id='word_1_353' title='bbox 957 3741 1203 3800; x_wconf 88' lang='lat' dir='ltr'><strong>regnum</strong></span> <span class='ocrx_word' id='word_1_354' title='bbox 1234 3743 1268 3781; x_wconf 88' lang='lat' dir='ltr'><strong>a</strong></span> <span class='ocrx_word' id='word_1_355' title='bbox 1297 3726 1524 3782; x_wconf 88' lang='lat' dir='ltr'><strong>Cranao</strong></span> <span class='ocrx_word' id='word_1_356' title='bbox 1556 3742 1742 3796; x_wconf 91' lang='lat' dir='ltr'><strong>usque</strong></span> <span class='ocrx_word' id='word_1_357' title='bbox 1772 3725 1845 3781; x_wconf 90' lang='lat' dir='ltr'><strong>ad</strong></span> <span class='ocrx_word' id='word_1_358' title='bbox 1875 3725 2129 3781; x_wconf 87' lang='lat' dir='ltr'><strong>Alexan-</strong></span> 
     </span>
    </p>
   </div>
   <div class='ocr_carea' id='block_1_55' title="bbox 486 3814 2127 3889">
    <p class='ocr_par' dir='ltr' id='par_1_55' title="bbox 486 3814 2127 3889">
     <span class='ocr_line' id='line_1_55' title="bbox 486 3814 2127 3889; baseline -0.004 -11"><span class='ocrx_word' id='word_1_359' title='bbox 486 3823 658 3878; x_wconf 91' lang='lat' dir='ltr'><strong>drum</strong></span> <span class='ocrx_word' id='word_1_360' title='bbox 690 3818 948 3875; x_wconf 88' lang='lat' dir='ltr'><strong>obtinuit</strong></span> <span class='ocrx_word' id='word_1_361' title='bbox 968 3833 1071 3889; x_wconf 87' lang='lat' dir='ltr'><strong>per</strong></span> <span class='ocrx_word' id='word_1_362' title='bbox 1102 3832 1294 3872; x_wconf 88' lang='lat' dir='ltr'><strong>annos</strong></span> <span class='ocrx_word' id='word_1_363' title='bbox 1321 3817 1446 3869; x_wconf 76' lang='lat'><strong>518.</strong></span> <span class='ocrx_word' id='word_1_364' title='bbox 1474 3816 1551 3869; x_wconf 89' lang='lat' dir='ltr'><strong>Eo</strong></span> <span class='ocrx_word' id='word_1_365' title='bbox 1576 3814 1872 3887; x_wconf 88' lang='lat' dir='ltr'><strong>Babylone</strong></span> <span class='ocrx_word' id='word_1_366' title='bbox 1896 3821 2127 3871; x_wconf 91' lang='lat' dir='ltr'><strong>mortuo</strong></span> 
     </span>
    </p>
   </div>
   <div class='ocr_carea' id='block_1_56' title="bbox 485 3903 2126 3981">
    <p class='ocr_par' dir='ltr' id='par_1_56' title="bbox 485 3903 2126 3981">
     <span class='ocr_line' id='line_1_56' title="bbox 485 3903 2126 3981; baseline -0.003 -15"><span class='ocrx_word' id='word_1_367' title='bbox 485 3926 732 3981; x_wconf 78' lang='lat' dir='ltr'><strong>regnum</strong></span> <span class='ocrx_word' id='word_1_368' title='bbox 750 3905 1107 3962; x_wconf 67' lang='lat' dir='ltr'><strong>Macedonia:</strong></span> <span class='ocrx_word' id='word_1_369' title='bbox 1122 3904 1393 3976; x_wconf 88' lang='lat' dir='ltr'><strong>Philippo</strong></span> <span class='ocrx_word' id='word_1_370' title='bbox 1410 3903 1797 3977; x_wconf 77' lang='lat' dir='ltr'><strong>obtigitzAsiw</strong></span> <span class='ocrx_word' id='word_1_371' title='bbox 1810 3904 2126 3978; x_wconf 82' lang='lat' dir='ltr'><strong>Antigono,</strong></span> 
     </span>
    </p>
   </div>
   <div class='ocr_carea' id='block_1_57' title="bbox 486 3993 2125 4070">
    <p class='ocr_par' dir='ltr' id='par_1_57' title="bbox 486 3993 2125 4070">
     <span class='ocr_line' id='line_1_57' title="bbox 486 3993 2125 4070; baseline -0.001 -17"><span class='ocrx_word' id='word_1_372' title='bbox 486 3995 1045 4070; x_wconf 64' lang='lat' dir='ltr'><strong>AlgyptiPtolemmo</strong></span> <span class='ocrx_word' id='word_1_373' title='bbox 1065 3994 1195 4063; x_wconf 77' lang='lat' dir='ltr'><strong>Lagi</strong></span> <span class='ocrx_word' id='word_1_374' title='bbox 1218 3993 1551 4065; x_wconf 72' lang='lat' dir='ltr'><strong>ﬁlio,Syriaa</strong></span> <span class='ocrx_word' id='word_1_375' title='bbox 1566 3994 1811 4050; x_wconf 89' lang='lat' dir='ltr'><strong>Seleuco</strong></span> <span class='ocrx_word' id='word_1_376' title='bbox 1830 3993 2125 4052; x_wconf 74' lang='lat' dir='ltr'><strong>Nicanori.</strong></span> 
     </span>
    </p>
   </div>
   <div class='ocr_carea' id='block_1_58' title="bbox 488 4081 2127 4150">
    <p class='ocr_par' dir='ltr' id='par_1_58' title="bbox 488 4081 2127 4150">
     <span class='ocr_line' id='line_1_58' title="bbox 488 4081 2127 4150; baseline -0.002 -8"><span class='ocrx_word' id='word_1_377' title='bbox 488 4088 592 4143; x_wconf 85' lang='lat' dir='ltr'><strong>Hic</strong></span> <span class='ocrx_word' id='word_1_378' title='bbox 622 4087 769 4142; x_wconf 89' lang='lat' dir='ltr'><strong>duas</strong></span> <span class='ocrx_word' id='word_1_379' title='bbox 800 4084 977 4140; x_wconf 85' lang='lat' dir='ltr'><strong>urbes</strong></span> <span class='ocrx_word' id='word_1_380' title='bbox 1006 4081 1291 4150; x_wconf 89' lang='lat' dir='ltr'><strong>condidit,</strong></span> <span class='ocrx_word' id='word_1_381' title='bbox 1337 4082 1400 4138; x_wconf 90' lang='lat' dir='ltr'><strong>in</strong></span> <span class='ocrx_word' id='word_1_382' title='bbox 1429 4082 1632 4138; x_wconf 86' lang='lat' dir='ltr'><strong>Cilicia</strong></span> <span class='ocrx_word' id='word_1_383' title='bbox 1660 4082 1990 4139; x_wconf 89' lang='lat' dir='ltr'><strong>Seleuciam</strong></span> <span class='ocrx_word' id='word_1_384' title='bbox 2022 4100 2127 4140; x_wconf 91' lang='lat' dir='ltr'><strong>suo</strong></span> 
     </span>
    </p>
   </div>
   <div class='ocr_carea' id='block_1_59' title="bbox 487 4172 2130 4246">
    <p class='ocr_par' dir='ltr' id='par_1_59' title="bbox 487 4172 2130 4246">
     <span class='ocr_line' id='line_1_59' title="bbox 487 4172 2130 4246; baseline -0.002 -13"><span class='ocrx_word' id='word_1_385' title='bbox 487 4176 559 4233; x_wconf 89' lang='lat' dir='ltr'><strong>de</strong></span> <span class='ocrx_word' id='word_1_386' title='bbox 588 4176 854 4240; x_wconf 86' lang='lat' dir='ltr'><strong>nomine,</strong></span> <span class='ocrx_word' id='word_1_387' title='bbox 887 4174 949 4229; x_wconf 92' lang='lat' dir='ltr'><strong>in</strong></span> <span class='ocrx_word' id='word_1_388' title='bbox 1001 4173 1170 4244; x_wconf 77' lang='lat' dir='ltr'><strong>Syria</strong></span> <span class='ocrx_word' id='word_1_389' title='bbox 1196 4172 1569 4228; x_wconf 86' lang='lat' dir='ltr'><strong>Antiochiam</strong></span> <span class='ocrx_word' id='word_1_390' title='bbox 1606 4172 1731 4227; x_wconf 81' lang='lat' dir='ltr'><strong>ﬁlio</strong></span> <span class='ocrx_word' id='word_1_391' title='bbox 1775 4189 1879 4228; x_wconf 91' lang='lat' dir='ltr'><strong>suo</strong></span> <span class='ocrx_word' id='word_1_392' title='bbox 1910 4190 2130 4246; x_wconf 85' lang='lat' dir='ltr'><strong>cogno-</strong></span> 
     </span>
    </p>
   </div>
   <div class='ocr_carea' id='block_1_60' title="bbox 488 4261 2126 4335">
    <p class='ocr_par' dir='ltr' id='par_1_60' title="bbox 488 4261 2126 4335">
     <span class='ocr_line' id='line_1_60' title="bbox 488 4261 2126 4335; baseline -0.002 -13"><span class='ocrx_word' id='word_1_393' title='bbox 488 4266 731 4333; x_wconf 88' lang='lat' dir='ltr'><strong>minem,</strong></span> <span class='ocrx_word' id='word_1_394' title='bbox 756 4264 1018 4335; x_wconf 86' lang='lat' dir='ltr'><strong>itemque</strong></span> <span class='ocrx_word' id='word_1_395' title='bbox 1050 4261 1396 4317; x_wconf 87' lang='lat' dir='ltr'><strong>Laodiceam</strong></span> <span class='ocrx_word' id='word_1_396' title='bbox 1426 4278 1461 4316; x_wconf 91' lang='lat' dir='ltr'><strong>a</strong></span> <span class='ocrx_word' id='word_1_397' title='bbox 1489 4261 1612 4317; x_wconf 77' lang='lat' dir='ltr'><strong>illia</strong></span> <span class='ocrx_word' id='word_1_398' title='bbox 1641 4278 1749 4317; x_wconf 88' lang='lat' dir='ltr'><strong>sua</strong></span> <span class='ocrx_word' id='word_1_399' title='bbox 1776 4261 1861 4317; x_wconf 85' lang='lat' dir='ltr'><strong>sic</strong></span> <span class='ocrx_word' id='word_1_400' title='bbox 1886 4262 2126 4319; x_wconf 90' lang='lat' dir='ltr'><strong>dictam.</strong></span> 
     </span>
    </p>
   </div>
   <div class='ocr_carea' id='block_1_61' title="bbox 487 4350 2127 4428">
    <p class='ocr_par' dir='ltr' id='par_1_61' title="bbox 487 4350 2127 4428">
     <span class='ocr_line' id='line_1_61' title="bbox 487 4350 2127 4428; baseline -0.004 -16"><span class='ocrx_word' id='word_1_401' title='bbox 487 4359 751 4428; x_wconf 82' lang='lat' dir='ltr'><strong>Regnum</strong></span> <span class='ocrx_word' id='word_1_402' title='bbox 780 4370 916 4426; x_wconf 87' lang='lat' dir='ltr'><strong>ergo</strong></span> <span class='ocrx_word' id='word_1_403' title='bbox 938 4351 1121 4424; x_wconf 67' lang='lat' dir='ltr'><strong>Syria:</strong></span> <span class='ocrx_word' id='word_1_404' title='bbox 1151 4356 1284 4422; x_wconf 88' lang='lat' dir='ltr'><strong>post</strong></span> <span class='ocrx_word' id='word_1_405' title='bbox 1312 4350 1712 4406; x_wconf 83' lang='lat' dir='ltr'><strong>Alexandrum</strong></span> <span class='ocrx_word' id='word_1_406' title='bbox 1735 4350 2127 4423; x_wconf 86' lang='lat' dir='ltr'><strong>bigesserunt,</strong></span> 
     </span>
    </p>
   </div>
   <div class='ocr_carea' id='block_1_62' title="bbox 470 4443 2130 4511">
    <p class='ocr_par' dir='ltr' id='par_1_62' title="bbox 470 4443 2130 4511">
     <span class='ocr_line' id='line_1_62' title="bbox 470 4443 2130 4511; baseline -0.003 -8"><span class='ocrx_word' id='word_1_407' title='bbox 470 4448 771 4509; x_wconf 64' lang='lat' dir='ltr'><strong>Seleucus</strong></span> <span class='ocrx_word' id='word_1_408' title='bbox 832 4445 1108 4511; x_wconf 82' lang='lat' dir='ltr'><strong>Nicanor,</strong></span> <span class='ocrx_word' id='word_1_409' title='bbox 1169 4443 1495 4498; x_wconf 82' lang='lat' dir='ltr'><strong>Antiochus</strong></span> <span class='ocrx_word' id='word_1_410' title='bbox 1554 4444 1742 4511; x_wconf 88' lang='lat' dir='ltr'><strong>Soter,</strong></span> <span class='ocrx_word' id='word_1_411' title='bbox 1803 4444 2130 4500; x_wconf 84' lang='lat' dir='ltr'><strong>Antiochus</strong></span> 
     </span>
    </p>
   </div>
   <div class='ocr_carea' id='block_1_63' title="bbox 486 4532 2132 4604">
    <p class='ocr_par' dir='ltr' id='par_1_63' title="bbox 486 4532 2132 4604">
     <span class='ocr_line' id='line_1_63' title="bbox 486 4532 2132 4604; baseline -0.001 -12"><span class='ocrx_word' id='word_1_412' title='bbox 486 4538 728 4601; x_wconf 84' lang='lat' dir='ltr'><strong>Eothus,</strong></span> <span class='ocrx_word' id='word_1_413' title='bbox 760 4536 821 4590; x_wconf 90' lang='lat' dir='ltr'><strong>id</strong></span> <span class='ocrx_word' id='word_1_414' title='bbox 850 4540 941 4589; x_wconf 88' lang='lat' dir='ltr'><strong>est</strong></span> <span class='ocrx_word' id='word_1_415' title='bbox 968 4532 1231 4604; x_wconf 87' lang='lat' dir='ltr'><strong>spurius,</strong></span> <span class='ocrx_word' id='word_1_416' title='bbox 1263 4532 1546 4588; x_wconf 87' lang='lat' dir='ltr'><strong>Soleucus</strong></span> <span class='ocrx_word' id='word_1_417' title='bbox 1606 4533 1952 4603; x_wconf 88' lang='lat' dir='ltr'><strong>Callinicus,</strong></span> <span class='ocrx_word' id='word_1_418' title='bbox 1996 4535 2132 4590; x_wconf 85' lang='lat' dir='ltr'><strong>Ale-</strong></span> 
     </span>
    </p>
   </div>
   <div class='ocr_carea' id='block_1_64' title="bbox 2159 3210 2284 3310">
    <p class='ocr_par' dir='ltr' id='par_1_64' title="bbox 2159 3210 2284 3310">
     <span class='ocr_line' id='line_1_64' title="bbox 2159 3210 2284 3310; baseline 0 0"><span class='ocrx_word' id='word_1_419' title='bbox 2159 3210 2284 3310; x_wconf 51' lang='lat' dir='ltr'><strong>cf</strong></span> 
     </span>
    </p>
   </div>
   <div class='ocr_carea' id='block_1_65' title="bbox 2224 1931 3841 2018">
    <p class='ocr_par' dir='ltr' id='par_1_65' title="bbox 2224 1931 3841 2018">
     <span class='ocr_line' id='line_1_65' title="bbox 2224 1931 3841 2018; baseline -0.003 -23"><span class='ocrx_word' id='word_1_420' title='bbox 2224 1940 2346 2016; x_wconf 89' lang='grc' dir='ltr'>γίας</span> <span class='ocrx_word' id='word_1_421' title='bbox 2413 1940 2491 2003; x_wconf 84' lang='grc' dir='ltr'>εἷς</span> <span class='ocrx_word' id='word_1_422' title='bbox 2549 1939 2870 2017; x_wconf 80' lang='grc' dir='ltr'>κακοεργίαν</span> <span class='ocrx_word' id='word_1_423' title='bbox 2927 1938 3273 2018; x_wconf 80' lang='grc' dir='ltr'>κατενεχθεὶς</span> <span class='ocrx_word' id='word_1_424' title='bbox 3335 1931 3541 2014; x_wconf 81' lang='grc' dir='ltr'>φοϐερᾷ</span> <span class='ocrx_word' id='word_1_425' title='bbox 3586 1936 3676 2009; x_wconf 79' lang='grc' dir='ltr'>μὶν</span> <span class='ocrx_word' id='word_1_426' title='bbox 3705 1935 3841 2010; x_wconf 82' lang='grc' dir='ltr'>ὠμό-</span> 
     </span>
    </p>
   </div>
   <div class='ocr_carea' id='block_1_66' title="bbox 2223 2026 3841 2106">
    <p class='ocr_par' dir='ltr' id='par_1_66' title="bbox 2223 2026 3841 2106">
     <span class='ocr_line' id='line_1_66' title="bbox 2223 2026 3841 2106; baseline -0.001 -23"><span class='ocrx_word' id='word_1_427' title='bbox 2223 2049 2373 2100; x_wconf 82' lang='grc' dir='ltr'>τητι,</span> <span class='ocrx_word' id='word_1_428' title='bbox 2408 2034 2624 2106; x_wconf 85' lang='grc' dir='ltr'>μυσαρᾷ</span> <span class='ocrx_word' id='word_1_429' title='bbox 2680 2026 2737 2085; x_wconf 76' lang='grc' dir='ltr'>δὶ</span> <span class='ocrx_word' id='word_1_430' title='bbox 2790 2028 3078 2101; x_wconf 78' lang='grc' dir='ltr'>πλεονεξίᾳ</span> <span class='ocrx_word' id='word_1_431' title='bbox 3132 2027 3225 2084; x_wconf 82' lang='grc' dir='ltr'>καὶ</span> <span class='ocrx_word' id='word_1_432' title='bbox 3282 2027 3648 2104; x_wconf 71' lang='grc' dir='ltr'>αἰσχρουργίᾳ</span> <span class='ocrx_word' id='word_1_433' title='bbox 3695 2047 3841 2082; x_wconf 84' lang='grc' dir='ltr'>κατα-</span> 
     </span>
    </p>
   </div>
   <div class='ocr_carea' id='block_1_67' title="bbox 2225 2111 3843 2195">
    <p class='ocr_par' dir='ltr' id='par_1_67' title="bbox 2225 2111 3843 2195">
     <span class='ocr_line' id='line_1_67' title="bbox 2225 2111 3843 2195; baseline -0.002 -21"><span class='ocrx_word' id='word_1_434' title='bbox 2225 2117 2437 2195; x_wconf 73' lang='grc' dir='ltr'>στρέφει</span> <span class='ocrx_word' id='word_1_435' title='bbox 2469 2120 2561 2175; x_wconf 88' lang='grc' dir='ltr'>τὸν</span> <span class='ocrx_word' id='word_1_436' title='bbox 2593 2117 2737 2195; x_wconf 86' lang='grc' dir='ltr'>βίον,</span> <span class='ocrx_word' id='word_1_437' title='bbox 2775 2115 2944 2192; x_wconf 77' lang='grc' dir='ltr'>μηδὲν</span> <span class='ocrx_word' id='word_1_438' title='bbox 2975 2118 3035 2174; x_wconf 80' lang='grc' dir='ltr'><strong>ἐκ</strong></span> <span class='ocrx_word' id='word_1_439' title='bbox 3087 2124 3188 2186; x_wconf 76' lang='grc' dir='ltr'><strong>τῆς</strong></span> <span class='ocrx_word' id='word_1_440' title='bbox 3246 2111 3637 2193; x_wconf 84' lang='grc' dir='ltr'>προλαϐούσης</span> <span class='ocrx_word' id='word_1_441' title='bbox 3694 2114 3843 2171; x_wconf 81' lang='grc' dir='ltr'>καλο-</span> 
     </span>
    </p>
   </div>
   <div class='ocr_carea' id='block_1_68' title="bbox 2225 2203 3843 2284">
    <p class='ocr_par' dir='ltr' id='par_1_68' title="bbox 2225 2203 3843 2284">
     <span class='ocr_line' id='line_1_68' title="bbox 2225 2203 3843 2284; baseline -0.002 -21"><span class='ocrx_word' id='word_1_442' title='bbox 2225 2208 2488 2282; x_wconf 86' lang='grc' dir='ltr'>καγαθίας</span> <span class='ocrx_word' id='word_1_443' title='bbox 2518 2208 2609 2263; x_wconf 84' lang='grc' dir='ltr'>καὶ</span> <span class='ocrx_word' id='word_1_444' title='bbox 2642 2207 2912 2283; x_wconf 82' lang='grc' dir='ltr'>ἀριστείας</span> <span class='ocrx_word' id='word_1_445' title='bbox 2944 2205 3277 2284; x_wconf 69' lang='grc' dir='ltr'>ὠφεληθεὶς,</span> <span class='ocrx_word' id='word_1_446' title='bbox 3310 2205 3463 2261; x_wconf 81' lang='grc' dir='ltr'><strong>ἀλλὰ</strong></span> <span class='ocrx_word' id='word_1_447' title='bbox 3516 2204 3604 2261; x_wconf 81' lang='grc' dir='ltr'><strong>καὶ</strong></span> <span class='ocrx_word' id='word_1_448' title='bbox 3654 2203 3843 2279; x_wconf 83' lang='grc' dir='ltr'>μᾶλλον</span> 
     </span>
    </p>
   </div>
   <div class='ocr_carea' id='block_1_69' title="bbox 2229 2290 3846 2370">
    <p class='ocr_par' dir='ltr' id='par_1_69' title="bbox 2229 2290 3846 2370">
     <span class='ocr_line' id='line_1_69' title="bbox 2229 2290 3846 2370; baseline -0.002 -19"><span class='ocrx_word' id='word_1_449' title='bbox 2229 2296 2333 2351; x_wconf 83' lang='grc' dir='ltr'>ὑπὸ</span> <span class='ocrx_word' id='word_1_450' title='bbox 2391 2297 2602 2353; x_wconf 83' lang='grc' dir='ltr'>πάντων</span> <span class='ocrx_word' id='word_1_451' title='bbox 2667 2296 2920 2370; x_wconf 81' lang='grc' dir='ltr'>μισηθεὶς</span> <span class='ocrx_word' id='word_1_452' title='bbox 2975 2297 3050 2358; x_wconf 85' lang='grc' dir='ltr'><strong>ὠς</strong></span> <span class='ocrx_word' id='word_1_453' title='bbox 3111 2294 3163 2351; x_wconf 83' lang='grc' dir='ltr'><strong>ἐν</strong></span> <span class='ocrx_word' id='word_1_454' title='bbox 3215 2299 3296 2368; x_wconf 79' lang='grc' dir='ltr'><strong>τῷ</strong></span> <span class='ocrx_word' id='word_1_455' title='bbox 3348 2290 3497 2350; x_wconf 72' lang='grc' dir='ltr'>τέλει</span> <span class='ocrx_word' id='word_1_456' title='bbox 3533 2295 3594 2350; x_wconf 81' lang='grc' dir='ltr'>τὸ</span> <span class='ocrx_word' id='word_1_457' title='bbox 3623 2299 3718 2349; x_wconf 80' lang='grc' dir='ltr'>πᾶν</span> <span class='ocrx_word' id='word_1_458' title='bbox 3746 2292 3846 2365; x_wconf 79' lang='grc' dir='ltr'>ἐξυ-</span> 
     </span>
    </p>
   </div>
   <div class='ocr_carea' id='block_1_70' title="bbox 2229 2378 3846 2466">
    <p class='ocr_par' dir='ltr' id='par_1_70' title="bbox 2229 2378 3846 2466">
     <span class='ocr_line' id='line_1_70' title="bbox 2229 2378 3846 2466; baseline 0 -28"><span class='ocrx_word' id='word_1_459' title='bbox 2229 2378 2421 2460; x_wconf 87' lang='grc' dir='ltr'>ϐρίσας</span> <span class='ocrx_word' id='word_1_460' title='bbox 2454 2385 2546 2441; x_wconf 87' lang='grc' dir='ltr'><strong>καὶ</strong></span> <span class='ocrx_word' id='word_1_461' title='bbox 2578 2381 2914 2466; x_wconf 75' lang='grc' dir='ltr'>διαφθείρας,</span> <span class='ocrx_word' id='word_1_462' title='bbox 2965 2384 3058 2441; x_wconf 84' lang='grc' dir='ltr'><strong>καὶ</strong></span> <span class='ocrx_word' id='word_1_463' title='bbox 3089 2382 3167 2449; x_wconf 85' lang='grc' dir='ltr'><strong>είς</strong></span> <span class='ocrx_word' id='word_1_464' title='bbox 3221 2381 3449 2440; x_wconf 77' lang='grc' dir='ltr'>αἰώνιον</span> <span class='ocrx_word' id='word_1_465' title='bbox 3486 2381 3700 2440; x_wconf 85' lang='grc' dir='ltr'>κόλασιν</span> <span class='ocrx_word' id='word_1_466' title='bbox 3729 2382 3846 2457; x_wconf 83' lang='grc' dir='ltr'>μετᾶ</span> 
     </span>
    </p>
   </div>
   <div class='ocr_carea' id='block_1_71' title="bbox 2227 2469 3843 2549">
    <p class='ocr_par' dir='ltr' id='par_1_71' title="bbox 2227 2469 3843 2549">
     <span class='ocr_line' id='line_1_71' title="bbox 2227 2469 3843 2549; baseline 0.001 -21"><span class='ocrx_word' id='word_1_467' title='bbox 2227 2477 2335 2529; x_wconf 87' lang='grc' dir='ltr'><strong>τῶν</strong></span> <span class='ocrx_word' id='word_1_468' title='bbox 2393 2475 2558 2531; x_wconf 82' lang='grc' dir='ltr'>αὐτοῦ</span> <span class='ocrx_word' id='word_1_469' title='bbox 2617 2473 2825 2549; x_wconf 85' lang='grc' dir='ltr'>ὁμοίων</span> <span class='ocrx_word' id='word_1_470' title='bbox 2876 2469 3083 2531; x_wconf 81' lang='grc' dir='ltr'>ἀσεϐῶν</span> <span class='ocrx_word' id='word_1_471' title='bbox 3142 2473 3487 2547; x_wconf 75' lang='grc' dir='ltr'>ἀπενεχθείςο</span> <span class='ocrx_word' id='word_1_472' title='bbox 3569 2472 3688 2534; x_wconf 70' lang='grc' dir='ltr'>τοὺς</span> <span class='ocrx_word' id='word_1_473' title='bbox 3755 2472 3843 2548; x_wconf 79' lang='grc' dir='ltr'><strong>γὰρ</strong></span> 
     </span>
    </p>
   </div>
   <div class='ocr_carea' id='block_1_72' title="bbox 2231 2561 3844 2642">
    <p class='ocr_par' dir='ltr' id='par_1_72' title="bbox 2231 2561 3844 2642">
     <span class='ocr_line' id='line_1_72' title="bbox 2231 2561 3844 2642; baseline -0.002 -23"><span class='ocrx_word' id='word_1_474' title='bbox 2231 2562 2565 2640; x_wconf 81' lang='grc' dir='ltr'>ἐγκρίνοντας</span> <span class='ocrx_word' id='word_1_475' title='bbox 2615 2565 2693 2628; x_wconf 79' lang='grc' dir='ltr'><strong>εἰς</strong></span> <span class='ocrx_word' id='word_1_476' title='bbox 2741 2565 2838 2628; x_wconf 85' lang='grc' dir='ltr'><strong>τὰς</strong></span> <span class='ocrx_word' id='word_1_477' title='bbox 2889 2563 3254 2642; x_wconf 88' lang='grc' dir='ltr'>στραγγαλίας</span> <span class='ocrx_word' id='word_1_478' title='bbox 3296 2563 3489 2635; x_wconf 79' lang='grc' dir='ltr'>ἀπάξει</span> <span class='ocrx_word' id='word_1_479' title='bbox 3518 2562 3701 2636; x_wconf 82' lang='grc' dir='ltr'>Κύριος</span> <span class='ocrx_word' id='word_1_480' title='bbox 3729 2561 3844 2636; x_wconf 80' lang='grc' dir='ltr'>μετὰ</span> 
     </span>
    </p>
   </div>
   <div class='ocr_carea' id='block_1_73' title="bbox 2229 2651 3843 2731">
    <p class='ocr_par' dir='ltr' id='par_1_73' title="bbox 2229 2651 3843 2731">
     <span class='ocr_line' id='line_1_73' title="bbox 2229 2651 3843 2731; baseline -0.002 -22"><span class='ocrx_word' id='word_1_481' title='bbox 2229 2657 2340 2709; x_wconf 83' lang='grc' dir='ltr'><strong>τῶν</strong></span> <span class='ocrx_word' id='word_1_482' title='bbox 2367 2652 2743 2731; x_wconf 73' lang='grc' dir='ltr'>ἐργαζομένων</span> <span class='ocrx_word' id='word_1_483' title='bbox 2782 2656 2883 2724; x_wconf 75' lang='grc' dir='ltr'><strong>τήν</strong></span> <span class='ocrx_word' id='word_1_484' title='bbox 2944 2653 3193 2726; x_wconf 73' lang='grc' dir='ltr'>ἀνομίαν,</span> <span class='ocrx_word' id='word_1_485' title='bbox 3258 2653 3499 2714; x_wconf 71' lang='grc' dir='ltr'>Εἰκότως</span> <span class='ocrx_word' id='word_1_486' title='bbox 3559 2651 3709 2707; x_wconf 77' lang='grc' dir='ltr'><strong>οὖνὸ</strong></span> <span class='ocrx_word' id='word_1_487' title='bbox 3761 2651 3843 2725; x_wconf 73' lang='grc' dir='ltr'>μὲν</span> 
     </span>
    </p>
   </div>
   <div class='ocr_carea' id='block_1_74' title="bbox 2235 2739 3842 2820">
    <p class='ocr_par' dir='ltr' id='par_1_74' title="bbox 2235 2739 3842 2820">
     <span class='ocr_line' id='line_1_74' title="bbox 2235 2739 3842 2820; baseline -0.001 -20"><span class='ocrx_word' id='word_1_488' title='bbox 2235 2743 2573 2807; x_wconf 84' lang='grc' dir='ltr'>Ἀπόστολος</span> <span class='ocrx_word' id='word_1_489' title='bbox 2604 2744 2806 2820; x_wconf 80' lang='grc' dir='ltr'>ἔλεγεν·</span> <span class='ocrx_word' id='word_1_490' title='bbox 2842 2770 2868 2798; x_wconf 80' lang='grc' dir='ltr'><strong>υ</strong></span> <span class='ocrx_word' id='word_1_491' title='bbox 2902 2746 2963 2803; x_wconf 87' lang='lat' dir='ltr'><strong>&#39;O</strong></span> <span class='ocrx_word' id='word_1_492' title='bbox 3012 2743 3368 2820; x_wconf 77' lang='grc' dir='ltr'>ἐναρξάμενος</span> <span class='ocrx_word' id='word_1_493' title='bbox 3425 2742 3479 2799; x_wconf 92' lang='grc' dir='ltr'><strong>ἐν</strong></span> <span class='ocrx_word' id='word_1_494' title='bbox 3536 2743 3658 2817; x_wconf 83' lang='grc' dir='ltr'>ὑμῖν</span> <span class='ocrx_word' id='word_1_495' title='bbox 3709 2739 3842 2819; x_wconf 77' lang='grc' dir='ltr'>ἔργον</span> 
     </span>
    </p>
   </div>
   <div class='ocr_carea' id='block_1_75' title="bbox 2233 2831 3842 2910">
    <p class='ocr_par' dir='ltr' id='par_1_75' title="bbox 2233 2831 3842 2910">
     <span class='ocr_line' id='line_1_75' title="bbox 2233 2831 3842 2910; baseline -0.001 -22"><span class='ocrx_word' id='word_1_496' title='bbox 2233 2833 2428 2909; x_wconf 74' lang='grc' dir='ltr'>ἀγαθὸν</span> <span class='ocrx_word' id='word_1_497' title='bbox 2458 2833 2777 2894; x_wconf 80' lang='grc' dir='ltr'>ἐπιτελὲσει.</span> <span class='ocrx_word' id='word_1_498' title='bbox 2813 2858 2842 2888; x_wconf 70' lang='grc' dir='ltr'><strong>ν</strong></span> <span class='ocrx_word' id='word_1_499' title='bbox 2883 2836 2945 2891; x_wconf 90' lang='grc' dir='ltr'>Ὀ</span> <span class='ocrx_word' id='word_1_500' title='bbox 3002 2831 3059 2890; x_wconf 79' lang='grc' dir='ltr'>δὶ</span> <span class='ocrx_word' id='word_1_501' title='bbox 3114 2832 3312 2908; x_wconf 80' lang='grc' dir='ltr'>Κύριός</span> <span class='ocrx_word' id='word_1_502' title='bbox 3374 2849 3557 2910; x_wconf 68' lang='grc' dir='ltr'>φησιν’</span> <span class='ocrx_word' id='word_1_503' title='bbox 3584 2857 3611 2886; x_wconf 82' lang='grc' dir='ltr'>ι(</span> <span class='ocrx_word' id='word_1_504' title='bbox 3641 2836 3696 2891; x_wconf 85' lang='lat'><strong>&#39;0</strong></span> <span class='ocrx_word' id='word_1_505' title='bbox 3739 2833 3842 2889; x_wconf 80' lang='grc' dir='ltr'>ὁπο-</span> 
     </span>
    </p>
   </div>
   <div class='ocr_carea' id='block_1_76' title="bbox 2239 2922 3349 2997">
    <p class='ocr_par' dir='ltr' id='par_1_76' title="bbox 2239 2922 3349 2997">
     <span class='ocr_line' id='line_1_76' title="bbox 2239 2922 3349 2997; baseline -0.004 -19"><span class='ocrx_word' id='word_1_506' title='bbox 2239 2922 2423 2997; x_wconf 82' lang='grc' dir='ltr'>μιίνας</span> <span class='ocrx_word' id='word_1_507' title='bbox 2455 2922 2530 2987; x_wconf 84' lang='grc' dir='ltr'><strong>είς</strong></span> <span class='ocrx_word' id='word_1_508' title='bbox 2561 2922 2743 2992; x_wconf 81' lang='grc' dir='ltr'>τέλος,</span> <span class='ocrx_word' id='word_1_509' title='bbox 2775 2922 2932 2986; x_wconf 77' lang='grc' dir='ltr'>οὗτος</span> <span class='ocrx_word' id='word_1_510' title='bbox 2962 2924 3291 2993; x_wconf 77' lang='grc' dir='ltr'>σωθήσεται.</span> <span class='ocrx_word' id='word_1_511' title='bbox 3317 2946 3349 2975; x_wconf 88' lang='grc'><strong>››</strong></span> 
     </span>
    </p>
   </div>
   <div class='ocr_carea' id='block_1_77' title="bbox 2311 3010 3836 3088">
    <p class='ocr_par' dir='ltr' id='par_1_77' title="bbox 2311 3010 3836 3088">
     <span class='ocr_line' id='line_1_77' title="bbox 2311 3010 3836 3088; baseline -0.003 -17"><span class='ocrx_word' id='word_1_512' title='bbox 2311 3016 2395 3087; x_wconf 88' lang='grc' dir='ltr'><strong>[Ρ.</strong></span> <span class='ocrx_word' id='word_1_513' title='bbox 2430 3016 2553 3088; x_wconf 84' lang='grc'><strong>193]</strong></span> <span class='ocrx_word' id='word_1_514' title='bbox 2592 3015 2655 3071; x_wconf 78' lang='grc' dir='ltr'>Ὀ</span> <span class='ocrx_word' id='word_1_515' title='bbox 2683 3012 2865 3070; x_wconf 84' lang='grc' dir='ltr'>τοίνυν</span> <span class='ocrx_word' id='word_1_516' title='bbox 2896 3012 3224 3087; x_wconf 78' lang='grc' dir='ltr'>πολυμαθὴς</span> <span class='ocrx_word' id='word_1_517' title='bbox 3278 3014 3369 3070; x_wconf 75' lang='grc' dir='ltr'><strong>καὶ</strong></span> <span class='ocrx_word' id='word_1_518' title='bbox 3431 3012 3726 3086; x_wconf 61' lang='grc' dir='ltr'>πολυῖστωρ</span> <span class='ocrx_word' id='word_1_519' title='bbox 3757 3010 3836 3066; x_wconf 75' lang='grc' dir='ltr'><strong>Εὖ-</strong></span> 
     </span>
    </p>
   </div>
   <div class='ocr_carea' id='block_1_78' title="bbox 2237 3098 3843 3179">
    <p class='ocr_par' dir='ltr' id='par_1_78' title="bbox 2237 3098 3843 3179">
     <span class='ocr_line' id='line_1_78' title="bbox 2237 3098 3843 3179; baseline -0.002 -22"><span class='ocrx_word' id='word_1_520' title='bbox 2237 3098 2441 3172; x_wconf 80' lang='grc' dir='ltr'>σέϐιος,</span> <span class='ocrx_word' id='word_1_521' title='bbox 2500 3102 2554 3158; x_wconf 89' lang='grc' dir='ltr'><strong>ἐν</strong></span> <span class='ocrx_word' id='word_1_522' title='bbox 2607 3108 2724 3165; x_wconf 89' lang='grc' dir='ltr'>τοῖς</span> <span class='ocrx_word' id='word_1_523' title='bbox 2774 3104 3060 3177; x_wconf 79' lang='grc' dir='ltr'>Χρονικοῖς</span> <span class='ocrx_word' id='word_1_524' title='bbox 3121 3104 3319 3161; x_wconf 83' lang='grc' dir='ltr'>Κανόσι</span> <span class='ocrx_word' id='word_1_525' title='bbox 3382 3103 3508 3179; x_wconf 77' lang='grc' dir='ltr'>περὶ</span> <span class='ocrx_word' id='word_1_526' title='bbox 3537 3108 3643 3159; x_wconf 82' lang='grc' dir='ltr'><strong>τῶν</strong></span> <span class='ocrx_word' id='word_1_527' title='bbox 3672 3098 3843 3158; x_wconf 79' lang='grc' dir='ltr'>Ἀντιὸ-</span> 
     </span>
    </p>
   </div>
   <div class='ocr_carea' id='block_1_79' title="bbox 2286 3190 3847 3266">
    <p class='ocr_par' dir='ltr' id='par_1_79' title="bbox 2286 3190 3847 3266">
     <span class='ocr_line' id='line_1_79' title="bbox 2286 3190 3847 3266; baseline -0.003 -19"><span class='ocrx_word' id='word_1_528' title='bbox 2286 3213 2382 3265; x_wconf 87' lang='grc' dir='ltr'><strong>ων,</strong></span> <span class='ocrx_word' id='word_1_529' title='bbox 2414 3193 2501 3248; x_wconf 83' lang='grc' dir='ltr'><strong>καὶ</strong></span> <span class='ocrx_word' id='word_1_530' title='bbox 2538 3191 2845 3263; x_wconf 84' lang='grc' dir='ltr'>Σελεύκων,</span> <span class='ocrx_word' id='word_1_531' title='bbox 2875 3192 2964 3248; x_wconf 81' lang='grc' dir='ltr'><strong>καί</strong></span> <span class='ocrx_word' id='word_1_532' title='bbox 2997 3190 3374 3266; x_wconf 86' lang='grc' dir='ltr'>Πτολεμαίων,</span> <span class='ocrx_word' id='word_1_533' title='bbox 3426 3192 3517 3248; x_wconf 85' lang='grc' dir='ltr'><strong>καὶ</strong></span> <span class='ocrx_word' id='word_1_534' title='bbox 3571 3196 3676 3249; x_wconf 88' lang='grc' dir='ltr'><strong>τῶν</strong></span> <span class='ocrx_word' id='word_1_535' title='bbox 3736 3190 3847 3263; x_wconf 81' lang='grc' dir='ltr'>μετᾶ</span> 
     </span>
    </p>
   </div>
   <div class='ocr_carea' id='block_1_80' title="bbox 2239 3277 3850 3358">
    <p class='ocr_par' dir='ltr' id='par_1_80' title="bbox 2239 3277 3850 3358">
     <span class='ocr_line' id='line_1_80' title="bbox 2239 3277 3850 3358; baseline -0.003 -21"><span class='ocrx_word' id='word_1_536' title='bbox 2239 3283 2338 3352; x_wconf 71' lang='grc' dir='ltr'><strong>τήν</strong></span> <span class='ocrx_word' id='word_1_537' title='bbox 2372 3282 2432 3338; x_wconf 83' lang='grc' dir='ltr'><strong>ἐκ</strong></span> <span class='ocrx_word' id='word_1_538' title='bbox 2467 3288 2567 3352; x_wconf 79' lang='grc' dir='ltr'>τῆς</span> <span class='ocrx_word' id='word_1_539' title='bbox 2603 3277 2928 3345; x_wconf 86' lang='grc' dir='ltr'>Βαϐυλῶνος</span> <span class='ocrx_word' id='word_1_540' title='bbox 2967 3279 3228 3338; x_wconf 74' lang='grc' dir='ltr'>ἐπάνοδον</span> <span class='ocrx_word' id='word_1_541' title='bbox 3264 3282 3721 3358; x_wconf 76' lang='grc' dir='ltr'>καθηγησαμένων</span> <span class='ocrx_word' id='word_1_542' title='bbox 3769 3279 3850 3353; x_wconf 79' lang='grc' dir='ltr'><strong>ἆρ-</strong></span> 
     </span>
    </p>
   </div>
   <div class='ocr_carea' id='block_1_81' title="bbox 2230 3369 3849 3448">
    <p class='ocr_par' dir='ltr' id='par_1_81' title="bbox 2230 3369 3849 3448">
     <span class='ocr_line' id='line_1_81' title="bbox 2230 3369 3849 3448; baseline -0.003 -21"><span class='ocrx_word' id='word_1_543' title='bbox 2230 3371 2459 3448; x_wconf 78' lang='grc' dir='ltr'>χιερὲων</span> <span class='ocrx_word' id='word_1_544' title='bbox 2520 3369 2728 3444; x_wconf 79' lang='grc' dir='ltr'>διεξιὼν</span> <span class='ocrx_word' id='word_1_545' title='bbox 2787 3370 2839 3427; x_wconf 82' lang='grc' dir='ltr'><strong>ἐν</strong></span> <span class='ocrx_word' id='word_1_546' title='bbox 2901 3370 3162 3447; x_wconf 75' lang='grc' dir='ltr'>ἐπιτομῇ,</span> <span class='ocrx_word' id='word_1_547' title='bbox 3219 3370 3347 3428; x_wconf 81' lang='grc' dir='ltr'>τάδε</span> <span class='ocrx_word' id='word_1_548' title='bbox 3399 3371 3591 3447; x_wconf 71' lang='grc' dir='ltr'>φησίν·</span> <span class='ocrx_word' id='word_1_549' title='bbox 3644 3372 3700 3429; x_wconf 90' lang='grc' dir='ltr'>Ὁ</span> <span class='ocrx_word' id='word_1_550' title='bbox 3744 3372 3849 3443; x_wconf 78' lang='grc' dir='ltr'>γοῦν</span> 
     </span>
    </p>
   </div>
   <div class='ocr_carea' id='block_1_82' title="bbox 2231 3455 3846 3537">
    <p class='ocr_par' dir='ltr' id='par_1_82' title="bbox 2231 3455 3846 3537">
     <span class='ocr_line' id='line_1_82' title="bbox 2231 3455 3846 3537; baseline -0.003 -19"><span class='ocrx_word' id='word_1_551' title='bbox 2231 3460 2583 3532; x_wconf 72' lang='grc' dir='ltr'>Ἀλέξανδρος</span> <span class='ocrx_word' id='word_1_552' title='bbox 2621 3463 2650 3517; x_wconf 97' lang='lat'><strong>6</strong></span> <span class='ocrx_word' id='word_1_553' title='bbox 2705 3466 2812 3517; x_wconf 87' lang='grc' dir='ltr'><strong>τῶν</strong></span> <span class='ocrx_word' id='word_1_554' title='bbox 2844 3460 3169 3519; x_wconf 76' lang='grc' dir='ltr'>Μακεδόνων</span> <span class='ocrx_word' id='word_1_555' title='bbox 3224 3460 3491 3537; x_wconf 83' lang='grc' dir='ltr'>βασιλεὺς</span> <span class='ocrx_word' id='word_1_556' title='bbox 3550 3460 3699 3517; x_wconf 77' lang='grc' dir='ltr'>ἕκτον</span> <span class='ocrx_word' id='word_1_557' title='bbox 3747 3455 3846 3520; x_wconf 82' lang='grc' dir='ltr'>ἔτος</span> 
     </span>
    </p>
   </div>
   <div class='ocr_carea' id='block_1_83' title="bbox 2230 3549 3845 3627">
    <p class='ocr_par' dir='ltr' id='par_1_83' title="bbox 2230 3549 3845 3627">
     <span class='ocr_line' id='line_1_83' title="bbox 2230 3549 3845 3627; baseline -0.002 -21"><span class='ocrx_word' id='word_1_558' title='bbox 2230 3551 2372 3627; x_wconf 75' lang='grc' dir='ltr'>ἄγων</span> <span class='ocrx_word' id='word_1_559' title='bbox 2431 3558 2533 3621; x_wconf 81' lang='grc' dir='ltr'>τῆς</span> <span class='ocrx_word' id='word_1_560' title='bbox 2582 3550 2883 3627; x_wconf 80' lang='grc' dir='ltr'>βασιλείας,</span> <span class='ocrx_word' id='word_1_561' title='bbox 2917 3556 3139 3626; x_wconf 84' lang='grc' dir='ltr'>Δαρεῖον</span> <span class='ocrx_word' id='word_1_562' title='bbox 3176 3551 3269 3606; x_wconf 89' lang='grc' dir='ltr'>τὸν</span> <span class='ocrx_word' id='word_1_563' title='bbox 3327 3552 3615 3626; x_wconf 80' lang='grc' dir='ltr'>Ἀρσάμου</span> <span class='ocrx_word' id='word_1_564' title='bbox 3672 3549 3845 3622; x_wconf 73' lang='grc' dir='ltr'>χειρω-</span> 
     </span>
    </p>
   </div>
   <div class='ocr_carea' id='block_1_84' title="bbox 2232 3636 3854 3714">
    <p class='ocr_par' dir='ltr' id='par_1_84' title="bbox 2232 3636 3854 3714">
     <span class='ocr_line' id='line_1_84' title="bbox 2232 3636 3854 3714; baseline -0.003 -18"><span class='ocrx_word' id='word_1_565' title='bbox 2232 3642 2485 3713; x_wconf 82' lang='grc' dir='ltr'>σάμενος,</span> <span class='ocrx_word' id='word_1_566' title='bbox 2514 3638 2733 3705; x_wconf 75' lang='grc' dir='ltr'>καθεῖλε</span> <span class='ocrx_word' id='word_1_567' title='bbox 2786 3640 2887 3708; x_wconf 70' lang='grc' dir='ltr'>τὴν</span> <span class='ocrx_word' id='word_1_568' title='bbox 2947 3642 3165 3714; x_wconf 83' lang='grc' dir='ltr'>Περσῶν</span> <span class='ocrx_word' id='word_1_569' title='bbox 3224 3637 3543 3696; x_wconf 82' lang='grc' dir='ltr'>δυναστείαν</span> <span class='ocrx_word' id='word_1_570' title='bbox 3600 3636 3854 3713; x_wconf 72' lang='grc' dir='ltr'>διαρκέσα-</span> 
     </span>
    </p>
   </div>
   <div class='ocr_carea' id='block_1_85' title="bbox 2233 3724 3850 3805">
    <p class='ocr_par' dir='ltr' id='par_1_85' title="bbox 2233 3724 3850 3805">
     <span class='ocr_line' id='line_1_85' title="bbox 2233 3724 3850 3805; baseline -0.002 -20"><span class='ocrx_word' id='word_1_571' title='bbox 2233 3752 2327 3785; x_wconf 91' lang='grc' dir='ltr'><strong>σαν</strong></span> <span class='ocrx_word' id='word_1_572' title='bbox 2361 3730 2466 3786; x_wconf 81' lang='grc' dir='ltr'><strong>ἀπὸ</strong></span> <span class='ocrx_word' id='word_1_573' title='bbox 2497 3733 2680 3805; x_wconf 87' lang='grc' dir='ltr'>Κύρου</span> <span class='ocrx_word' id='word_1_574' title='bbox 2714 3729 2880 3805; x_wconf 82' lang='grc' dir='ltr'>μέχρι</span> <span class='ocrx_word' id='word_1_575' title='bbox 2913 3727 3136 3804; x_wconf 67' lang='grc' dir='ltr'>Δαρείου</span> <span class='ocrx_word' id='word_1_576' title='bbox 3192 3724 3286 3801; x_wconf 80' lang='grc' dir='ltr'>ἔτη</span> <span class='ocrx_word' id='word_1_577' title='bbox 3344 3727 3460 3789; x_wconf 80' lang='grc' dir='ltr'>σλ“.</span> <span class='ocrx_word' id='word_1_578' title='bbox 3517 3731 3628 3798; x_wconf 80' lang='grc' dir='ltr'>Τῆς</span> <span class='ocrx_word' id='word_1_579' title='bbox 3683 3726 3737 3783; x_wconf 78' lang='grc' dir='ltr'>δὲ</span> <span class='ocrx_word' id='word_1_580' title='bbox 3762 3731 3850 3782; x_wconf 84' lang='grc' dir='ltr'><strong>τῶν</strong></span> 
     </span>
    </p>
   </div>
   <div class='ocr_carea' id='block_1_86' title="bbox 2231 3816 3854 3895">
    <p class='ocr_par' dir='ltr' id='par_1_86' title="bbox 2231 3816 3854 3895">
     <span class='ocr_line' id='line_1_86' title="bbox 2231 3816 3854 3895; baseline -0.004 -20"><span class='ocrx_word' id='word_1_581' title='bbox 2231 3818 2560 3879; x_wconf 79' lang='grc' dir='ltr'>Μακεδόνων</span> <span class='ocrx_word' id='word_1_582' title='bbox 2622 3816 2901 3895; x_wconf 83' lang='grc' dir='ltr'>βασιλείας</span> <span class='ocrx_word' id='word_1_583' title='bbox 2974 3819 3360 3894; x_wconf 82' lang='grc' dir='ltr'>κατασχούσης</span> <span class='ocrx_word' id='word_1_584' title='bbox 3444 3818 3552 3875; x_wconf 83' lang='grc' dir='ltr'>ἀπὸ</span> <span class='ocrx_word' id='word_1_585' title='bbox 3635 3818 3854 3893; x_wconf 85' lang='grc' dir='ltr'>Κραναοῦ</span> 
     </span>
    </p>
   </div>
   <div class='ocr_carea' id='block_1_87' title="bbox 2233 3905 3856 3985">
    <p class='ocr_par' dir='ltr' id='par_1_87' title="bbox 2233 3905 3856 3985">
     <span class='ocr_line' id='line_1_87' title="bbox 2233 3905 3856 3985; baseline -0.004 -21"><span class='ocrx_word' id='word_1_586' title='bbox 2233 3907 2334 3970; x_wconf 76' lang='grc' dir='ltr'>ἕως</span> <span class='ocrx_word' id='word_1_587' title='bbox 2365 3905 2720 3984; x_wconf 81' lang='grc' dir='ltr'>Ἀλεξάνδρου</span> <span class='ocrx_word' id='word_1_588' title='bbox 2753 3905 2845 3978; x_wconf 83' lang='grc' dir='ltr'>ἔτη</span> <span class='ocrx_word' id='word_1_589' title='bbox 2876 3908 3011 3985; x_wconf 75' lang='grc' dir='ltr'>φιη“,</span> <span class='ocrx_word' id='word_1_590' title='bbox 3056 3908 3143 3963; x_wconf 85' lang='grc' dir='ltr'><strong>καὶ</strong></span> <span class='ocrx_word' id='word_1_591' title='bbox 3202 3906 3403 3963; x_wconf 79' lang='grc' dir='ltr'>τούτου</span> <span class='ocrx_word' id='word_1_592' title='bbox 3462 3907 3856 3977; x_wconf 70' lang='grc' dir='ltr'>τελευτήσαντος</span> 
     </span>
    </p>
   </div>
   <div class='ocr_carea' id='block_1_88' title="bbox 2234 3992 3858 4073">
    <p class='ocr_par' dir='ltr' id='par_1_88' title="bbox 2234 3992 3858 4073">
     <span class='ocr_line' id='line_1_88' title="bbox 2234 3992 3858 4073; baseline -0.004 -19"><span class='ocrx_word' id='word_1_593' title='bbox 2234 3997 2286 4054; x_wconf 81' lang='grc' dir='ltr'><strong>ἐν</strong></span> <span class='ocrx_word' id='word_1_594' title='bbox 2318 3992 2605 4055; x_wconf 86' lang='grc' dir='ltr'>Βαϐυλῶνι</span> <span class='ocrx_word' id='word_1_595' title='bbox 2672 3993 3015 4073; x_wconf 83' lang='grc' dir='ltr'>διαδέχονται</span> <span class='ocrx_word' id='word_1_596' title='bbox 3068 3998 3166 4066; x_wconf 71' lang='grc' dir='ltr'>τὴν</span> <span class='ocrx_word' id='word_1_597' title='bbox 3227 3998 3404 4072; x_wconf 76' lang='grc' dir='ltr'>ἀρχὴν</span> <span class='ocrx_word' id='word_1_598' title='bbox 3449 4004 3550 4068; x_wconf 79' lang='grc' dir='ltr'>τῆς</span> <span class='ocrx_word' id='word_1_599' title='bbox 3582 3996 3675 4069; x_wconf 74' lang='grc' dir='ltr'>μὲν</span> <span class='ocrx_word' id='word_1_600' title='bbox 3706 3996 3858 4052; x_wconf 78' lang='grc' dir='ltr'>Μακε-</span> 
     </span>
    </p>
   </div>
   <div class='ocr_carea' id='block_1_89' title="bbox 2234 4080 3853 4164">
    <p class='ocr_par' dir='ltr' id='par_1_89' title="bbox 2234 4080 3853 4164">
     <span class='ocr_line' id='line_1_89' title="bbox 2234 4080 3853 4164; baseline -0.005 -21"><span class='ocrx_word' id='word_1_601' title='bbox 2234 4085 2417 4150; x_wconf 89' lang='grc' dir='ltr'>δονίας</span> <span class='ocrx_word' id='word_1_602' title='bbox 2447 4087 2748 4156; x_wconf 77' lang='grc' dir='ltr'>Φίλιππος,</span> <span class='ocrx_word' id='word_1_603' title='bbox 2773 4093 2875 4157; x_wconf 82' lang='grc' dir='ltr'><strong>τῆς</strong></span> <span class='ocrx_word' id='word_1_604' title='bbox 2901 4084 3147 4149; x_wconf 75' lang='grc' dir='ltr'>δὶἈσίας</span> <span class='ocrx_word' id='word_1_605' title='bbox 3172 4087 3622 4164; x_wconf 79' lang='grc' dir='ltr'>Ἀντίγονος,τῆς</span> <span class='ocrx_word' id='word_1_606' title='bbox 3642 4082 3695 4140; x_wconf 76' lang='grc' dir='ltr'>δὲ</span> <span class='ocrx_word' id='word_1_607' title='bbox 3713 4080 3853 4160; x_wconf 75' lang='grc' dir='ltr'>Αίγύ-</span> 
     </span>
    </p>
   </div>
   <div class='ocr_carea' id='block_1_90' title="bbox 2234 4170 3854 4254">
    <p class='ocr_par' dir='ltr' id='par_1_90' title="bbox 2234 4170 3854 4254">
     <span class='ocr_line' id='line_1_90' title="bbox 2234 4170 3854 4254; baseline -0.007 -19"><span class='ocrx_word' id='word_1_608' title='bbox 2234 4199 2372 4235; x_wconf 88' lang='grc' dir='ltr'>πτου</span> <span class='ocrx_word' id='word_1_609' title='bbox 2406 4175 2751 4250; x_wconf 83' lang='grc' dir='ltr'>Πτολεμαῖος</span> <span class='ocrx_word' id='word_1_610' title='bbox 2786 4177 2815 4231; x_wconf 83' lang='grc' dir='ltr'>ὅ</span> <span class='ocrx_word' id='word_1_611' title='bbox 2849 4178 3056 4254; x_wconf 87' lang='grc' dir='ltr'>Λάγου,</span> <span class='ocrx_word' id='word_1_612' title='bbox 3088 4182 3189 4245; x_wconf 79' lang='grc' dir='ltr'><strong>τῆς</strong></span> <span class='ocrx_word' id='word_1_613' title='bbox 3221 4173 3279 4231; x_wconf 70' lang='grc' dir='ltr'>δὲ</span> <span class='ocrx_word' id='word_1_614' title='bbox 3329 4176 3531 4252; x_wconf 80' lang='grc' dir='ltr'>Συρίας</span> <span class='ocrx_word' id='word_1_615' title='bbox 3564 4170 3854 4233; x_wconf 73' lang='grc' dir='ltr'>Σέλευκοςὸ</span> 
     </span>
    </p>
   </div>
   <div class='ocr_carea' id='block_1_91' title="bbox 2235 4263 3854 4341">
    <p class='ocr_par' dir='ltr' id='par_1_91' title="bbox 2235 4263 3854 4341">
     <span class='ocr_line' id='line_1_91' title="bbox 2235 4263 3854 4341; baseline -0.004 -17"><span class='ocrx_word' id='word_1_616' title='bbox 2235 4268 2506 4341; x_wconf 66' lang='grc' dir='ltr'>Νικάνωρ·</span> <span class='ocrx_word' id='word_1_617' title='bbox 2543 4266 2603 4331; x_wconf 77' lang='grc' dir='ltr'><strong>ὅς</strong></span> <span class='ocrx_word' id='word_1_618' title='bbox 2630 4267 2718 4321; x_wconf 86' lang='grc' dir='ltr'><strong>καὶ</strong></span> <span class='ocrx_word' id='word_1_619' title='bbox 2752 4264 2943 4327; x_wconf 89' lang='grc' dir='ltr'>πόλεις</span> <span class='ocrx_word' id='word_1_620' title='bbox 2970 4264 3066 4320; x_wconf 82' lang='grc' dir='ltr'><strong>δύο</strong></span> <span class='ocrx_word' id='word_1_621' title='bbox 3124 4263 3329 4321; x_wconf 84' lang='grc' dir='ltr'>ἔκτισεν</span> <span class='ocrx_word' id='word_1_622' title='bbox 3381 4265 3459 4327; x_wconf 87' lang='grc' dir='ltr'><strong>είς</strong></span> <span class='ocrx_word' id='word_1_623' title='bbox 3488 4264 3557 4322; x_wconf 75' lang='grc' dir='ltr'><strong>τά</strong></span> <span class='ocrx_word' id='word_1_624' title='bbox 3584 4264 3714 4339; x_wconf 85' lang='grc' dir='ltr'>μέρη</span> <span class='ocrx_word' id='word_1_625' title='bbox 3767 4265 3854 4317; x_wconf 73' lang='lat' dir='ltr'><strong>Kl-</strong></span> 
     </span>
    </p>
   </div>
   <div class='ocr_carea' id='block_1_92' title="bbox 2235 4352 3853 4431">
    <p class='ocr_par' dir='ltr' id='par_1_92' title="bbox 2235 4352 3853 4431">
     <span class='ocr_line' id='line_1_92' title="bbox 2235 4352 3853 4431; baseline -0.007 -18"><span class='ocrx_word' id='word_1_626' title='bbox 2235 4355 2417 4419; x_wconf 86' lang='grc' dir='ltr'>λικίας</span> <span class='ocrx_word' id='word_1_627' title='bbox 2437 4355 2528 4411; x_wconf 76' lang='grc' dir='ltr'><strong>καὶ</strong></span> <span class='ocrx_word' id='word_1_628' title='bbox 2560 4355 2743 4431; x_wconf 71' lang='grc' dir='ltr'>ἑτέραν</span> <span class='ocrx_word' id='word_1_629' title='bbox 2774 4354 2851 4419; x_wconf 66' lang='grc' dir='ltr'>εἷς</span> <span class='ocrx_word' id='word_1_630' title='bbox 2875 4353 3095 4430; x_wconf 84' lang='grc' dir='ltr'>Κυρίαν,</span> <span class='ocrx_word' id='word_1_631' title='bbox 3125 4353 3215 4410; x_wconf 78' lang='grc' dir='ltr'><strong>καὶ</strong></span> <span class='ocrx_word' id='word_1_632' title='bbox 3272 4355 3371 4423; x_wconf 80' lang='grc' dir='ltr'>τὴν</span> <span class='ocrx_word' id='word_1_633' title='bbox 3435 4355 3532 4429; x_wconf 78' lang='grc' dir='ltr'><strong>μὶν</strong></span> <span class='ocrx_word' id='word_1_634' title='bbox 3564 4352 3853 4410; x_wconf 78' lang='grc' dir='ltr'>Σελεύκειαν</span> 
     </span>
    </p>
   </div>
   <div class='ocr_carea' id='block_1_93' title="bbox 2233 4434 3853 4515">
    <p class='ocr_par' dir='ltr' id='par_1_93' title="bbox 2233 4434 3853 4515">
     <span class='ocr_line' id='line_1_93' title="bbox 2233 4434 3853 4515; baseline -0.002 -16"><span class='ocrx_word' id='word_1_635' title='bbox 2233 4442 2485 4499; x_wconf 83' lang='grc' dir='ltr'>ἐκάλεσεν</span> <span class='ocrx_word' id='word_1_636' title='bbox 2518 4443 2593 4505; x_wconf 86' lang='grc' dir='ltr'><strong>είς</strong></span> <span class='ocrx_word' id='word_1_637' title='bbox 2625 4443 2685 4498; x_wconf 85' lang='grc' dir='ltr'>τὸ</span> <span class='ocrx_word' id='word_1_638' title='bbox 2712 4442 2881 4498; x_wconf 80' lang='grc' dir='ltr'>αύτοῦ</span> <span class='ocrx_word' id='word_1_639' title='bbox 2912 4442 3109 4515; x_wconf 75' lang='grc' dir='ltr'>ὄνομα,</span> <span class='ocrx_word' id='word_1_640' title='bbox 3157 4443 3260 4511; x_wconf 72' lang='grc' dir='ltr'>τὴν</span> <span class='ocrx_word' id='word_1_641' title='bbox 3318 4438 3376 4496; x_wconf 77' lang='grc' dir='ltr'>δὲ</span> <span class='ocrx_word' id='word_1_642' title='bbox 3437 4440 3763 4498; x_wconf 76' lang='grc' dir='ltr'>Ἀντιόχειαν</span> <span class='ocrx_word' id='word_1_643' title='bbox 3790 4434 3853 4496; x_wconf 80' lang='grc' dir='ltr'><strong>εἰς</strong></span> 
     </span>
    </p>
   </div>
   <div class='ocr_carea' id='block_1_94' title="bbox 2235 4528 3853 4603">
    <p class='ocr_par' dir='ltr' id='par_1_94' title="bbox 2235 4528 3853 4603">
     <span class='ocr_line' id='line_1_94' title="bbox 2235 4528 3853 4603; baseline -0.003 -15"><span class='ocrx_word' id='word_1_644' title='bbox 2235 4533 2298 4589; x_wconf 84' lang='grc' dir='ltr'>τὸ</span> <span class='ocrx_word' id='word_1_645' title='bbox 2349 4533 2447 4588; x_wconf 78' lang='grc' dir='ltr'>τοῦ</span> <span class='ocrx_word' id='word_1_646' title='bbox 2493 4532 2615 4588; x_wconf 74' lang='grc' dir='ltr'>υἱοῦ</span> <span class='ocrx_word' id='word_1_647' title='bbox 2675 4532 2867 4603; x_wconf 81' lang='grc' dir='ltr'>αὐτοῦ,</span> <span class='ocrx_word' id='word_1_648' title='bbox 2921 4532 3024 4601; x_wconf 75' lang='grc' dir='ltr'><strong>τήν</strong></span> <span class='ocrx_word' id='word_1_649' title='bbox 3084 4529 3141 4587; x_wconf 71' lang='grc' dir='ltr'>δὲ</span> <span class='ocrx_word' id='word_1_650' title='bbox 3207 4529 3529 4587; x_wconf 81' lang='grc' dir='ltr'>Λαοδίκειαν</span> <span class='ocrx_word' id='word_1_651' title='bbox 3562 4528 3636 4592; x_wconf 76' lang='grc' dir='ltr'>εἷς</span> <span class='ocrx_word' id='word_1_652' title='bbox 3688 4528 3853 4592; x_wconf 77' lang='grc' dir='ltr'>τὸτῆς</span> 
     </span>
    </p>
   </div>
   <div class='ocr_carea' id='block_1_95' title="bbox 485 4605 2123 4701">
    <p class='ocr_par' dir='ltr' id='par_1_95' title="bbox 485 4621 2123 4694">
     <span class='ocr_line' id='line_1_95' title="bbox 485 4621 2123 4694; baseline -0.001 -13"><span class='ocrx_word' id='word_1_653' title='bbox 485 4625 712 4681; x_wconf 82' lang='lat' dir='ltr'><strong>xander</strong></span> <span class='ocrx_word' id='word_1_654' title='bbox 742 4622 1377 4689; x_wconf 78' lang='lat' dir='ltr'><strong>Antioohus,Seleucus</strong></span> <span class='ocrx_word' id='word_1_655' title='bbox 1411 4621 1771 4694; x_wconf 86' lang='lat' dir='ltr'><strong>Philopator,</strong></span> <span class='ocrx_word' id='word_1_656' title='bbox 1804 4624 2123 4679; x_wconf 79' lang='lat' dir='ltr'><strong>Antiochus</strong></span> 
     </span>
    </p>
   </div>
   <div class='ocr_carea' id='block_1_96' title="bbox 2229 4605 3856 4701">
    <p class='ocr_par' dir='ltr' id='par_1_96' title="bbox 2241 4615 3856 4701">
     <span class='ocr_line' id='line_1_96' title="bbox 2241 4615 3856 4701; baseline -0.005 -24"><span class='ocrx_word' id='word_1_657' title='bbox 2241 4621 2508 4701; x_wconf 80' lang='grc' dir='ltr'>θυγατρὸς</span> <span class='ocrx_word' id='word_1_658' title='bbox 2534 4621 2721 4678; x_wconf 69' lang='grc' dir='ltr'>αὐτοῦ.</span> <span class='ocrx_word' id='word_1_659' title='bbox 2754 4621 2854 4677; x_wconf 78' lang='grc' dir='ltr'><strong>Καὶ</strong></span> <span class='ocrx_word' id='word_1_660' title='bbox 2911 4622 2965 4675; x_wconf 67' lang='lat' dir='ltr'><strong>ri.</strong></span> <span class='ocrx_word' id='word_1_661' title='bbox 3026 4620 3120 4695; x_wconf 81' lang='grc' dir='ltr'>μὶν</span> <span class='ocrx_word' id='word_1_662' title='bbox 3150 4628 3251 4691; x_wconf 79' lang='grc' dir='ltr'><strong>τῆς</strong></span> <span class='ocrx_word' id='word_1_663' title='bbox 3301 4620 3502 4696; x_wconf 86' lang='grc' dir='ltr'>Συρίας</span> <span class='ocrx_word' id='word_1_664' title='bbox 3535 4615 3856 4697; x_wconf 80' lang='grc' dir='ltr'>βασιλεύσαν-</span> 
     </span>
    </p>
   </div>
   <div class='ocr_carea' id='block_1_97' title="bbox 487 4712 2130 4788">
    <p class='ocr_par' dir='ltr' id='par_1_97' title="bbox 487 4712 2130 4788">
     <span class='ocr_line' id='line_1_97' title="bbox 487 4712 2130 4788; baseline -0.001 -18"><span class='ocrx_word' id='word_1_665' title='bbox 487 4714 955 4788; x_wconf 84' lang='lat' dir='ltr'><strong>Epiphanes.Hic</strong></span> <span class='ocrx_word' id='word_1_666' title='bbox 973 4713 1181 4769; x_wconf 90' lang='lat' dir='ltr'><strong>Oniam</strong></span> <span class='ocrx_word' id='word_1_667' title='bbox 1199 4712 1544 4784; x_wconf 80' lang='lat' dir='ltr'><strong>pontiﬁcem</strong></span> <span class='ocrx_word' id='word_1_668' title='bbox 1559 4714 1882 4770; x_wconf 80' lang='lat' dir='ltr'><strong>maximum</strong></span> <span class='ocrx_word' id='word_1_669' title='bbox 1904 4714 2130 4770; x_wconf 65' lang='lat' dir='ltr'><strong>induro-</strong></span> 
     </span>
    </p>
   </div>
   <div class='ocr_carea' id='block_1_98' title="bbox 485 4801 2129 4875">
    <p class='ocr_par' dir='ltr' id='par_1_98' title="bbox 485 4801 2129 4875">
     <span class='ocr_line' id='line_1_98' title="bbox 485 4801 2129 4875; baseline -0.001 -16"><span class='ocrx_word' id='word_1_670' title='bbox 485 4820 617 4859; x_wconf 89' lang='lat' dir='ltr'><strong>rum</strong></span> <span class='ocrx_word' id='word_1_671' title='bbox 677 4802 905 4875; x_wconf 87' lang='lat' dir='ltr'><strong>depulit</strong></span> <span class='ocrx_word' id='word_1_672' title='bbox 958 4801 1310 4870; x_wconf 88' lang='lat' dir='ltr'><strong>sacerdotio,</strong></span> <span class='ocrx_word' id='word_1_673' title='bbox 1370 4806 1737 4872; x_wconf 87' lang='lat' dir='ltr'><strong>conatusque</strong></span> <span class='ocrx_word' id='word_1_674' title='bbox 1795 4807 1885 4857; x_wconf 90' lang='lat' dir='ltr'><strong>est</strong></span> <span class='ocrx_word' id='word_1_675' title='bbox 1939 4807 2129 4858; x_wconf 89' lang='lat' dir='ltr'><strong>totum</strong></span> 
     </span>
    </p>
   </div>
   <div class='ocr_carea' id='block_1_99' title="bbox 484 4889 2130 4966">
    <p class='ocr_par' dir='ltr' id='par_1_99' title="bbox 484 4889 2130 4966">
     <span class='ocr_line' id='line_1_99' title="bbox 484 4889 2130 4966; baseline -0.001 -17"><span class='ocrx_word' id='word_1_676' title='bbox 484 4892 770 4966; x_wconf 90' lang='lat' dir='ltr'><strong>populum</strong></span> <span class='ocrx_word' id='word_1_677' title='bbox 800 4909 835 4947; x_wconf 93' lang='lat' dir='ltr'><strong>a</strong></span> <span class='ocrx_word' id='word_1_678' title='bbox 858 4891 1067 4964; x_wconf 88' lang='lat' dir='ltr'><strong>patriis</strong></span> <span class='ocrx_word' id='word_1_679' title='bbox 1092 4890 1307 4945; x_wconf 84' lang='lat' dir='ltr'><strong>ritibus</strong></span> <span class='ocrx_word' id='word_1_680' title='bbox 1339 4889 1656 4945; x_wconf 88' lang='lat' dir='ltr'><strong>detrudere</strong></span> <span class='ocrx_word' id='word_1_681' title='bbox 1689 4907 1702 4944; x_wconf 91' lang='lat'>:</span> <span class='ocrx_word' id='word_1_682' title='bbox 1741 4889 1930 4945; x_wconf 79' lang='lat' dir='ltr'><strong>aedem</strong></span> <span class='ocrx_word' id='word_1_683' title='bbox 1961 4892 2062 4946; x_wconf 88' lang='lat' dir='ltr'><strong>Dei</strong></span> <span class='ocrx_word' id='word_1_684' title='bbox 2094 4908 2130 4947; x_wconf 91' lang='lat' dir='ltr'><strong>a</strong></span> 
     </span>
    </p>
   </div>
   <div class='ocr_carea' id='block_1_100' title="bbox 483 4979 2127 5057">
    <p class='ocr_par' dir='ltr' id='par_1_100' title="bbox 483 4979 2127 5057">
     <span class='ocr_line' id='line_1_100' title="bbox 483 4979 2127 5057; baseline -0.002 -18"><span class='ocrx_word' id='word_1_685' title='bbox 483 5001 544 5040; x_wconf 91' lang='lat' dir='ltr'><strong>se</strong></span> <span class='ocrx_word' id='word_1_686' title='bbox 575 4983 949 5057; x_wconf 84' lang='lat' dir='ltr'><strong>profanatam</strong></span> <span class='ocrx_word' id='word_1_687' title='bbox 997 4979 1152 5037; x_wconf 85' lang='lat' dir='ltr'><strong>Jovis</strong></span> <span class='ocrx_word' id='word_1_688' title='bbox 1203 4980 1459 5053; x_wconf 86' lang='lat' dir='ltr'><strong>Olympii</strong></span> <span class='ocrx_word' id='word_1_689' title='bbox 1517 4979 1725 5034; x_wconf 81' lang='lat' dir='ltr'><strong>fanum</strong></span> <span class='ocrx_word' id='word_1_690' title='bbox 1783 4979 2127 5051; x_wconf 82' lang='lat' dir='ltr'><strong>appellavit,</strong></span> 
     </span>
    </p>
   </div>
   <div class='ocr_carea' id='block_1_101' title="bbox 479 5067 2128 5144">
    <p class='ocr_par' dir='ltr' id='par_1_101' title="bbox 479 5067 2128 5144">
     <span class='ocr_line' id='line_1_101' title="bbox 479 5067 2128 5144; baseline -0.002 -15"><span class='ocrx_word' id='word_1_691' title='bbox 479 5073 835 5143; x_wconf 72' lang='lat' dir='ltr'><strong>Judwosque</strong></span> <span class='ocrx_word' id='word_1_692' title='bbox 859 5069 1222 5144; x_wconf 84' lang='lat' dir='ltr'><strong>gravissimis</strong></span> <span class='ocrx_word' id='word_1_693' title='bbox 1254 5067 1563 5139; x_wconf 88' lang='lat' dir='ltr'><strong>suppliciis</strong></span> <span class='ocrx_word' id='word_1_694' title='bbox 1595 5067 1670 5122; x_wconf 89' lang='lat' dir='ltr'><strong>ad</strong></span> <span class='ocrx_word' id='word_1_695' title='bbox 1717 5068 1948 5125; x_wconf 61' lang='lat' dir='ltr'><strong>Graecos</strong></span> <span class='ocrx_word' id='word_1_696' title='bbox 1978 5068 2128 5125; x_wconf 90' lang='lat' dir='ltr'><strong>ritus</strong></span> 
     </span>
    </p>
   </div>
   <div class='ocr_carea' id='block_1_102' title="bbox 479 5155 2125 5234">
    <p class='ocr_par' dir='ltr' id='par_1_102' title="bbox 479 5155 2125 5234">
     <span class='ocr_line' id='line_1_102' title="bbox 479 5155 2125 5234; baseline -0.002 -17"><span class='ocrx_word' id='word_1_697' title='bbox 479 5162 707 5234; x_wconf 81' lang='lat' dir='ltr'><strong>adegit;</strong></span> <span class='ocrx_word' id='word_1_698' title='bbox 742 5178 858 5234; x_wconf 88' lang='lat' dir='ltr'><strong>quo</strong></span> <span class='ocrx_word' id='word_1_699' title='bbox 885 5166 1150 5231; x_wconf 80' lang='lat' dir='ltr'><strong>tempore</strong></span> <span class='ocrx_word' id='word_1_700' title='bbox 1183 5157 1362 5213; x_wconf 89' lang='lat' dir='ltr'><strong>etiam</strong></span> <span class='ocrx_word' id='word_1_701' title='bbox 1388 5155 1694 5212; x_wconf 72' lang='lat' dir='ltr'><strong>Maccabaai</strong></span> <span class='ocrx_word' id='word_1_702' title='bbox 1719 5158 2125 5213; x_wconf 81' lang='lat' dir='ltr'><strong>excarniﬁcati</strong></span> 
     </span>
    </p>
   </div>
   <div class='ocr_carea' id='block_1_103' title="bbox 480 5245 2127 5322">
    <p class='ocr_par' dir='ltr' id='par_1_103' title="bbox 480 5245 2127 5322">
     <span class='ocr_line' id='line_1_103' title="bbox 480 5245 2127 5322; baseline -0.001 -17"><span class='ocrx_word' id='word_1_703' title='bbox 480 5257 633 5306; x_wconf 88' lang='lat' dir='ltr'><strong>sunt.</strong></span> <span class='ocrx_word' id='word_1_704' title='bbox 669 5250 976 5322; x_wconf 84' lang='lat' dir='ltr'><strong>Templum</strong></span> <span class='ocrx_word' id='word_1_705' title='bbox 1004 5255 1124 5303; x_wconf 88' lang='lat' dir='ltr'><strong>tres</strong></span> <span class='ocrx_word' id='word_1_706' title='bbox 1156 5263 1345 5301; x_wconf 86' lang='lat' dir='ltr'><strong>annos</strong></span> <span class='ocrx_word' id='word_1_707' title='bbox 1378 5251 1670 5301; x_wconf 89' lang='lat' dir='ltr'><strong>vastatum</strong></span> <span class='ocrx_word' id='word_1_708' title='bbox 1703 5245 1882 5301; x_wconf 85' lang='lat' dir='ltr'><strong>Judas</strong></span> <span class='ocrx_word' id='word_1_709' title='bbox 1908 5249 2127 5303; x_wconf 83' lang='lat' dir='ltr'><strong>Macca-</strong></span> 
     </span>
    </p>
   </div>
   <div class='ocr_carea' id='block_1_104' title="bbox 481 5335 2123 5410">
    <p class='ocr_par' dir='ltr' id='par_1_104' title="bbox 481 5335 2123 5410">
     <span class='ocr_line' id='line_1_104' title="bbox 481 5335 2123 5410; baseline 0.001 -16"><span class='ocrx_word' id='word_1_710' title='bbox 481 5340 644 5394; x_wconf 75' lang='lat' dir='ltr'><strong>bmus</strong></span> <span class='ocrx_word' id='word_1_711' title='bbox 674 5340 857 5410; x_wconf 92' lang='lat' dir='ltr'><strong>impio</strong></span> <span class='ocrx_word' id='word_1_712' title='bbox 889 5338 1052 5393; x_wconf 90' lang='lat' dir='ltr'><strong>cultu</strong></span> <span class='ocrx_word' id='word_1_713' title='bbox 1084 5354 1155 5392; x_wconf 85' lang='lat' dir='ltr'><strong>ex</strong></span> <span class='ocrx_word' id='word_1_714' title='bbox 1187 5335 1387 5391; x_wconf 76' lang='lat' dir='ltr'><strong>Judma</strong></span> <span class='ocrx_word' id='word_1_715' title='bbox 1411 5335 1718 5407; x_wconf 81' lang='lat' dir='ltr'><strong>proﬂigato</strong></span> <span class='ocrx_word' id='word_1_716' title='bbox 1750 5335 2123 5395; x_wconf 71' lang='lat' dir='ltr'><strong>instauravit.</strong></span> 
     </span>
    </p>
   </div>
   <div class='ocr_carea' id='block_1_105' title="bbox 482 5424 2124 5498">
    <p class='ocr_par' dir='ltr' id='par_1_105' title="bbox 482 5424 2124 5498">
     <span class='ocr_line' id='line_1_105' title="bbox 482 5424 2124 5498; baseline 0 -15"><span class='ocrx_word' id='word_1_717' title='bbox 482 5427 776 5483; x_wconf 89' lang='lat' dir='ltr'><strong>Successit</strong></span> <span class='ocrx_word' id='word_1_718' title='bbox 811 5427 1098 5498; x_wconf 84' lang='lat' dir='ltr'><strong>Epiphani</strong></span> <span class='ocrx_word' id='word_1_719' title='bbox 1132 5424 1459 5480; x_wconf 80' lang='lat' dir='ltr'><strong>Antiochus</strong></span> <span class='ocrx_word' id='word_1_720' title='bbox 1503 5426 1779 5497; x_wconf 86' lang='lat' dir='ltr'><strong>Eupator,</strong></span> <span class='ocrx_word' id='word_1_721' title='bbox 1837 5425 1978 5482; x_wconf 89' lang='lat' dir='ltr'><strong>inde</strong></span> <span class='ocrx_word' id='word_1_722' title='bbox 2014 5429 2124 5482; x_wconf 88' lang='lat' dir='ltr'><strong>De-</strong></span> 
     </span>
    </p>
   </div>
   <div class='ocr_carea' id='block_1_106' title="bbox 482 5515 2123 5588">
    <p class='ocr_par' dir='ltr' id='par_1_106' title="bbox 482 5515 2123 5588">
     <span class='ocr_line' id='line_1_106' title="bbox 482 5515 2123 5588; baseline 0.001 -14"><span class='ocrx_word' id='word_1_723' title='bbox 482 5518 730 5575; x_wconf 84' lang='lat' dir='ltr'><strong>metrius</strong></span> <span class='ocrx_word' id='word_1_724' title='bbox 752 5515 1395 5587; x_wconf 79' lang='lat' dir='ltr'><strong>Seleucus,Alexander</strong></span> <span class='ocrx_word' id='word_1_725' title='bbox 1416 5516 1571 5571; x_wconf 82' lang='lat' dir='ltr'><strong>Baiis</strong></span> <span class='ocrx_word' id='word_1_726' title='bbox 1601 5516 2123 5588; x_wconf 83' lang='lat' dir='ltr'><strong>ﬁlius,Demetrius</strong></span> 
     </span>
    </p>
   </div>
   <div class='ocr_carea' id='block_1_107' title="bbox 554 5667 2197 5745">
    <p class='ocr_par' dir='ltr' id='par_1_107' title="bbox 554 5667 2197 5745">
     <span class='ocr_line' id='line_1_107' title="bbox 554 5667 2197 5745; baseline 0.002 -20"><span class='ocrx_word' id='word_1_727' title='bbox 554 5672 618 5707; x_wconf 68' lang='grc' dir='ltr'>Μ</span> <span class='ocrx_word' id='word_1_728' title='bbox 648 5669 801 5727; x_wconf 84' lang='lat' dir='ltr'><strong>Psal.</strong></span> <span class='ocrx_word' id='word_1_729' title='bbox 836 5684 1012 5739; x_wconf 76' lang='lat' dir='ltr'><strong>cxxw,</strong></span> <span class='ocrx_word' id='word_1_730' title='bbox 1046 5672 1096 5723; x_wconf 82' lang='grc'>5.</span> <span class='ocrx_word' id='word_1_731' title='bbox 1173 5667 1196 5703; x_wconf 80' lang='grc'>⁷</span> <span class='ocrx_word' id='word_1_732' title='bbox 1229 5668 1486 5741; x_wconf 89' lang='lat' dir='ltr'><strong>Philipp.</strong></span> <span class='ocrx_word' id='word_1_733' title='bbox 1521 5685 1561 5738; x_wconf 88' lang='grc' dir='ltr'><strong>ι,</strong></span> <span class='ocrx_word' id='word_1_734' title='bbox 1586 5671 1639 5726; x_wconf 85' lang='grc'><strong>6.</strong></span> <span class='ocrx_word' id='word_1_735' title='bbox 1715 5670 1741 5703; x_wconf 77' lang='grc'><strong>⁸</strong></span> <span class='ocrx_word' id='word_1_736' title='bbox 1770 5673 1970 5728; x_wconf 86' lang='lat' dir='ltr'><strong>Matth.</strong></span> <span class='ocrx_word' id='word_1_737' title='bbox 2014 5690 2071 5745; x_wconf 72' lang='grc' dir='ltr'>χ,</span> <span class='ocrx_word' id='word_1_738' title='bbox 2105 5675 2197 5728; x_wconf 83' lang='lat'><strong>22.</strong></span> 
     </span>
    </p>
   </div>
   <div class='ocr_carea' id='block_1_108' title="bbox 2238 4703 3853 4786">
    <p class='ocr_par' dir='ltr' id='par_1_108' title="bbox 2238 4703 3853 4786">
     <span class='ocr_line' id='line_1_108' title="bbox 2238 4703 3853 4786; baseline -0.005 -20"><span class='ocrx_word' id='word_1_739' title='bbox 2238 4732 2324 4774; x_wconf 91' lang='grc' dir='ltr'><strong>τες</strong></span> <span class='ocrx_word' id='word_1_740' title='bbox 2358 4712 2492 4785; x_wconf 85' lang='grc' dir='ltr'>μετὰ</span> <span class='ocrx_word' id='word_1_741' title='bbox 2522 4708 2872 4786; x_wconf 81' lang='grc' dir='ltr'>Ἀλέξανδρον</span> <span class='ocrx_word' id='word_1_742' title='bbox 2914 4709 3047 4766; x_wconf 77' lang='grc' dir='ltr'>είσέν</span> <span class='ocrx_word' id='word_1_743' title='bbox 3090 4710 3262 4768; x_wconf 77' lang='grc' dir='ltr'>οὗτοι.</span> <span class='ocrx_word' id='word_1_744' title='bbox 3325 4710 3592 4769; x_wconf 87' lang='grc' dir='ltr'>Σέλευκος</span> <span class='ocrx_word' id='word_1_745' title='bbox 3650 4709 3677 4764; x_wconf 89' lang='lat'><strong>6</strong></span> <span class='ocrx_word' id='word_1_746' title='bbox 3705 4703 3853 4762; x_wconf 77' lang='grc' dir='ltr'>Νικάο</span> 
     </span>
    </p>
   </div>
   <div class='ocr_carea' id='block_1_109' title="bbox 2234 4796 3853 4879">
    <p class='ocr_par' dir='ltr' id='par_1_109' title="bbox 2234 4796 3853 4879">
     <span class='ocr_line' id='line_1_109' title="bbox 2234 4796 3853 4879; baseline -0.002 -21"><span class='ocrx_word' id='word_1_747' title='bbox 2234 4800 2673 4879; x_wconf 77' lang='grc' dir='ltr'>νωρ,Ἀντίοχος</span> <span class='ocrx_word' id='word_1_748' title='bbox 2705 4804 2732 4857; x_wconf 88' lang='lat'><strong>6</strong></span> <span class='ocrx_word' id='word_1_749' title='bbox 2764 4800 3077 4874; x_wconf 78' lang='grc' dir='ltr'>ἐπικληθεὶς</span> <span class='ocrx_word' id='word_1_750' title='bbox 3091 4808 3311 4878; x_wconf 73' lang='grc' dir='ltr'>Σωτήρ,</span> <span class='ocrx_word' id='word_1_751' title='bbox 3339 4801 3620 4864; x_wconf 75' lang='grc' dir='ltr'>Ἀντίοχος</span> <span class='ocrx_word' id='word_1_752' title='bbox 3636 4796 3853 4861; x_wconf 79' lang='grc' dir='ltr'>ὁΝὸθος,</span> 
     </span>
    </p>
   </div>
   <div class='ocr_carea' id='block_1_110' title="bbox 2238 4884 3851 4966">
    <p class='ocr_par' dir='ltr' id='par_1_110' title="bbox 2238 4884 3851 4966">
     <span class='ocr_line' id='line_1_110' title="bbox 2238 4884 3851 4966; baseline -0.006 -18"><span class='ocrx_word' id='word_1_753' title='bbox 2238 4891 2501 4955; x_wconf 82' lang='grc' dir='ltr'>Σέλευκος</span> <span class='ocrx_word' id='word_1_754' title='bbox 2526 4894 2554 4948; x_wconf 89' lang='lat'><strong>6</strong></span> <span class='ocrx_word' id='word_1_755' title='bbox 2594 4890 2951 4961; x_wconf 85' lang='grc' dir='ltr'>Καλλίνικος,</span> <span class='ocrx_word' id='word_1_756' title='bbox 2982 4889 3330 4966; x_wconf 75' lang='grc' dir='ltr'>Ἀλέξανδρος</span> <span class='ocrx_word' id='word_1_757' title='bbox 3361 4884 3851 4966; x_wconf 75' lang='grc' dir='ltr'>Ἀντίοχος,Σέλευ·</span> 
     </span>
    </p>
   </div>
   <div class='ocr_carea' id='block_1_111' title="bbox 2235 4973 3850 5061">
    <p class='ocr_par' dir='ltr' id='par_1_111' title="bbox 2235 4973 3850 5061">
     <span class='ocr_line' id='line_1_111' title="bbox 2235 4973 3850 5061; baseline -0.006 -24"><span class='ocrx_word' id='word_1_758' title='bbox 2235 5003 2333 5045; x_wconf 90' lang='grc' dir='ltr'><strong>κος</strong></span> <span class='ocrx_word' id='word_1_759' title='bbox 2355 4984 2384 5038; x_wconf 85' lang='grc' dir='ltr'>ὁ</span> <span class='ocrx_word' id='word_1_760' title='bbox 2415 4981 2762 5060; x_wconf 77' lang='grc' dir='ltr'>φιλοπάτωρ,</span> <span class='ocrx_word' id='word_1_761' title='bbox 2796 4981 3087 5058; x_wconf 82' lang='grc' dir='ltr'>Ἀντίοχος</span> <span class='ocrx_word' id='word_1_762' title='bbox 3148 4983 3178 5037; x_wconf 88' lang='lat'><strong>6</strong></span> <span class='ocrx_word' id='word_1_763' title='bbox 3229 4982 3549 5061; x_wconf 73' lang='grc' dir='ltr'>Ἐπιφανὴς,</span> <span class='ocrx_word' id='word_1_764' title='bbox 3580 4980 3639 5042; x_wconf 78' lang='grc' dir='ltr'>ὅς</span> <span class='ocrx_word' id='word_1_765' title='bbox 3693 4973 3850 5033; x_wconf 87' lang='grc' dir='ltr'>Ὀνίαν</span> 
     </span>
    </p>
   </div>
   <div class='ocr_carea' id='block_1_112' title="bbox 2235 5065 3854 5148">
    <p class='ocr_par' dir='ltr' id='par_1_112' title="bbox 2235 5065 3854 5148">
     <span class='ocr_line' id='line_1_112' title="bbox 2235 5065 3854 5148; baseline -0.003 -20"><span class='ocrx_word' id='word_1_766' title='bbox 2235 5071 2328 5128; x_wconf 88' lang='grc' dir='ltr'><strong>τὸν</strong></span> <span class='ocrx_word' id='word_1_767' title='bbox 2386 5070 2645 5148; x_wconf 76' lang='grc' dir='ltr'>ἀρχιερέα</span> <span class='ocrx_word' id='word_1_768' title='bbox 2697 5075 2806 5128; x_wconf 87' lang='grc' dir='ltr'><strong>τῶν</strong></span> <span class='ocrx_word' id='word_1_769' title='bbox 2872 5068 3151 5127; x_wconf 76' lang='grc' dir='ltr'>Ἰουδαίων</span> <span class='ocrx_word' id='word_1_770' title='bbox 3196 5070 3403 5134; x_wconf 88' lang='grc' dir='ltr'>παύσας</span> <span class='ocrx_word' id='word_1_771' title='bbox 3459 5073 3555 5141; x_wconf 70' lang='grc' dir='ltr'>τῆς</span> <span class='ocrx_word' id='word_1_772' title='bbox 3582 5065 3854 5145; x_wconf 72' lang='grc' dir='ltr'>ἱερωσύνης</span> 
     </span>
    </p>
   </div>
   <div class='ocr_carea' id='block_1_113' title="bbox 2236 5154 3853 5236">
    <p class='ocr_par' dir='ltr' id='par_1_113' title="bbox 2236 5154 3853 5236">
     <span class='ocr_line' id='line_1_113' title="bbox 2236 5154 3853 5236; baseline -0.003 -21"><span class='ocrx_word' id='word_1_773' title='bbox 2236 5160 2475 5236; x_wconf 66' lang='grc' dir='ltr'>ὡρμήθη</span> <span class='ocrx_word' id='word_1_774' title='bbox 2564 5162 2894 5233; x_wconf 73' lang='grc' dir='ltr'>μεταστῆσαι</span> <span class='ocrx_word' id='word_1_775' title='bbox 2950 5160 3016 5216; x_wconf 86' lang='grc' dir='ltr'>τὸ</span> <span class='ocrx_word' id='word_1_776' title='bbox 3073 5165 3179 5216; x_wconf 84' lang='grc' dir='ltr'><strong>πᾶν</strong></span> <span class='ocrx_word' id='word_1_777' title='bbox 3237 5158 3386 5223; x_wconf 78' lang='grc' dir='ltr'>ἔθνος</span> <span class='ocrx_word' id='word_1_778' title='bbox 3437 5167 3539 5231; x_wconf 80' lang='grc' dir='ltr'><strong>τῆς</strong></span> <span class='ocrx_word' id='word_1_779' title='bbox 3625 5154 3853 5230; x_wconf 75' lang='grc' dir='ltr'>πατρῴας</span> 
     </span>
    </p>
   </div>
   <div class='ocr_carea' id='block_1_114' title="bbox 2237 5242 3854 5327">
    <p class='ocr_par' dir='ltr' id='par_1_114' title="bbox 2237 5242 3854 5327">
     <span class='ocr_line' id='line_1_114' title="bbox 2237 5242 3854 5327; baseline -0.004 -20"><span class='ocrx_word' id='word_1_780' title='bbox 2237 5249 2547 5327; x_wconf 78' lang='grc' dir='ltr'>θρησκείας.</span> <span class='ocrx_word' id='word_1_781' title='bbox 2586 5249 2682 5307; x_wconf 79' lang='grc' dir='ltr'>Καὶ</span> <span class='ocrx_word' id='word_1_782' title='bbox 2712 5250 2775 5305; x_wconf 85' lang='grc' dir='ltr'>τὸ</span> <span class='ocrx_word' id='word_1_783' title='bbox 2809 5251 2899 5324; x_wconf 76' lang='grc' dir='ltr'>μὶν</span> <span class='ocrx_word' id='word_1_784' title='bbox 2934 5250 3078 5323; x_wconf 74' lang='grc' dir='ltr'>ἱερὸν</span> <span class='ocrx_word' id='word_1_785' title='bbox 3141 5251 3335 5323; x_wconf 83' lang='grc' dir='ltr'>μιάνας</span> <span class='ocrx_word' id='word_1_786' title='bbox 3394 5246 3694 5322; x_wconf 74' lang='grc' dir='ltr'>Ὀλυμπίου</span> <span class='ocrx_word' id='word_1_787' title='bbox 3743 5242 3854 5301; x_wconf 83' lang='grc' dir='ltr'>Διὸς</span> 
     </span>
    </p>
   </div>
   <div class='ocr_carea' id='block_1_115' title="bbox 2234 5333 3855 5416">
    <p class='ocr_par' dir='ltr' id='par_1_115' title="bbox 2234 5333 3855 5416">
     <span class='ocr_line' id='line_1_115' title="bbox 2234 5333 3855 5416; baseline -0.003 -22"><span class='ocrx_word' id='word_1_788' title='bbox 2234 5340 2361 5395; x_wconf 86' lang='grc' dir='ltr'>ναὸν</span> <span class='ocrx_word' id='word_1_789' title='bbox 2397 5339 2824 5416; x_wconf 80' lang='grc' dir='ltr'>προσηγόρευσε,</span> <span class='ocrx_word' id='word_1_790' title='bbox 2850 5344 2930 5411; x_wconf 82' lang='grc' dir='ltr'><strong>τῷ</strong></span> <span class='ocrx_word' id='word_1_791' title='bbox 2960 5336 3017 5395; x_wconf 77' lang='grc' dir='ltr'>δὲ</span> <span class='ocrx_word' id='word_1_792' title='bbox 3062 5337 3195 5395; x_wconf 81' lang='grc' dir='ltr'>ἔθνει</span> <span class='ocrx_word' id='word_1_793' title='bbox 3256 5338 3509 5404; x_wconf 83' lang='grc' dir='ltr'>κολάσεις</span> <span class='ocrx_word' id='word_1_794' title='bbox 3557 5333 3855 5407; x_wconf 71' lang='grc' dir='ltr'>ἀνηκέστους</span> 
     </span>
    </p>
   </div>
   <div class='ocr_carea' id='block_1_116' title="bbox 2234 5427 3856 5509">
    <p class='ocr_par' dir='ltr' id='par_1_116' title="bbox 2234 5427 3856 5509">
     <span class='ocr_line' id='line_1_116' title="bbox 2234 5427 3856 5509; baseline -0.007 -25"><span class='ocrx_word' id='word_1_795' title='bbox 2234 5428 2447 5504; x_wconf 81' lang='grc' dir='ltr'>ἐπάγων</span> <span class='ocrx_word' id='word_1_796' title='bbox 2480 5428 2792 5501; x_wconf 75' lang='grc' dir='ltr'>ἑλληνίζειν</span> <span class='ocrx_word' id='word_1_797' title='bbox 2822 5429 3140 5505; x_wconf 73' lang='grc' dir='ltr'>ἠνάγκαζεν.</span> <span class='ocrx_word' id='word_1_798' title='bbox 3174 5430 3290 5509; x_wconf 70' lang='grc' dir='ltr'><strong>Ἐφ’</strong></span> <span class='ocrx_word' id='word_1_799' title='bbox 3320 5430 3382 5485; x_wconf 82' lang='grc' dir='ltr'><strong>οὗ</strong></span> <span class='ocrx_word' id='word_1_800' title='bbox 3436 5428 3526 5485; x_wconf 84' lang='grc' dir='ltr'><strong>καὶ</strong></span> <span class='ocrx_word' id='word_1_801' title='bbox 3578 5427 3628 5482; x_wconf 75' lang='grc' dir='ltr'>οἱ</span> <span class='ocrx_word' id='word_1_802' title='bbox 3655 5430 3856 5480; x_wconf 69' lang='grc' dir='ltr'>Μακκα-</span> 
     </span>
    </p>
   </div>
   <div class='ocr_carea' id='block_1_117' title="bbox 2234 5513 3851 5594">
    <p class='ocr_par' dir='ltr' id='par_1_117' title="bbox 2234 5513 3851 5594">
     <span class='ocr_line' id='line_1_117' title="bbox 2234 5513 3851 5594; baseline -0.001 -21"><span class='ocrx_word' id='word_1_803' title='bbox 2234 5513 2385 5574; x_wconf 73' lang='grc' dir='ltr'>ϐαῖοι</span> <span class='ocrx_word' id='word_1_804' title='bbox 2415 5518 2553 5593; x_wconf 79' lang='grc' dir='ltr'>ἐμαρ</span> <span class='ocrx_word' id='word_1_805' title='bbox 2567 5517 2817 5594; x_wconf 77' lang='grc' dir='ltr'>ςύρησαν.</span> <span class='ocrx_word' id='word_1_806' title='bbox 2850 5518 2923 5574; x_wconf 84' lang='grc' dir='ltr'><strong>Τὸ</strong></span> <span class='ocrx_word' id='word_1_807' title='bbox 2956 5516 3014 5573; x_wconf 69' lang='grc' dir='ltr'>δὲ</span> <span class='ocrx_word' id='word_1_808' title='bbox 3056 5518 3198 5594; x_wconf 76' lang='grc' dir='ltr'>ἱερὸν</span> <span class='ocrx_word' id='word_1_809' title='bbox 3230 5513 3371 5574; x_wconf 82' lang='grc' dir='ltr'>ἔτεσι</span> <span class='ocrx_word' id='word_1_810' title='bbox 3425 5515 3597 5594; x_wconf 81' lang='grc' dir='ltr'>τρισὶν</span> <span class='ocrx_word' id='word_1_811' title='bbox 3651 5513 3851 5588; x_wconf 76' lang='grc' dir='ltr'>ἐρημω-</span> 
     </span>
    </p>
   </div>
  </div>
