4118 6284
338 406 459 466 377

1494 399 2031 466 ElSTOlilARUM
2081 398 2634 466 COMPENDIUM.

3638 404 3758 466 378

327 536 419 592 θὶν
447 532 662 599 Ἰούδας
722 538 752 592 6
811 535 1130 608 ἐπικληθεὶς
1192 533 1551 601 Μακκαϐαῖος
1599 535 1838 610 καθάρας
1893 535 1988 587 τῶι

2118 533 2390 602 Nicanor,
2424 535 2750 591 Antiochus
2779 537 3075 609 Tryphon,
3136 536 3512 602 Ptolemaaus,
3545 536 3755 594 Antio-

340 618 627 699 ἀσεϐειῶν,
660 628 765 696 τήν
806 627 997 706 χώραν
1051 627 1404 682 ἀνενεώσατο.
1465 626 1600 685 Εἶτα
1659 621 2003 681 ἐϐασίλευσεν

346 715 645 791 Ἀντίοχος
674 718 705 772 6
740 716 1031 793 Εὐπάτωρ,
1073 718 1389 791 Δημήτριος
1432 715 1722 786 Σέλευκος,
1753 711 2005 781 Ἀλεξαν-

355 803 487 883 δρος
517 807 546 862 6
572 810 672 861 τοῦ
704 805 883 881 Βαλῇ,
919 808 1237 880 Δημήτριος
1270 806 1299 861 6
1328 806 1608 881 Νικάνωρ,
1653 803 1941 877 Ἀντίοχος
1973 801 2002 855 6

348 894 608 976 Τρύφων,
637 893 1310 971 Πτολεμαῖος,Ἀντίοχος
1341 897 1369 950 6
1394 891 1639 965 Σιδίτης,
1661 894 2001 967 Δημήτριος,

2114 624 2261 679 chus
2291 624 2496 690 Sidita,
2532 626 2887 691 Demetrius,
2919 626 3245 682 Antiochus
3270 628 3521 698 Grypus,
3547 626 3754 682 Antio-

2113 712 2259 768 chus
2288 714 2630 786 Cyzicenus,
2658 714 2940 771 Seleucus
2959 715 3135 788 Grypi
3159 715 3337 771 ﬁlius.
3362 717 3441 769 Eo
3471 722 3754 788 regnante

2112 803 2365 857 Romani
2396 804 2781 860 Antiocheam
2814 809 3120 876 ceperunt,
3153 804 3453 877 Syriazque
3502 821 3753 878 regnum

2113 895 2204 947 est
2231 892 2540 958 abolitum,
2573 910 2709 949 cum
2736 893 2797 949 id
2827 893 3099 949 durasset
3126 909 3315 950 annos
3343 896 3467 950 250.

342 985 650 1061 ’Δντίοχος
677 986 707 1041 6
737 985 971 1057 Γρυπὸς,
1005 984 1285 1061 Ἀντίοχος
1316 986 1346 1040 6
1378 983 1703 1055 Κυζικηνὸς,
1736 981 2006 1042 Σὲλευκος
2036 978 2064 1034 6
2095 982 2193 1034 τοῦ
2217 985 2452 1056 Γρυποῦ,
2484 980 2569 1057 ἐφ’
2600 983 2660 1037 οὗ
2693 983 3003 1058 ’Δντιόχεια
3046 982 3150 1038 ὑπὸ
3192 980 3478 1054 Ῥωμαίων
3510 979 3629 1051 ἣλω
3658 981 3748 1037 καὶ

342 1078 383 1146 ἡ
422 1075 622 1150 Συρίας
656 1076 802 1151 ἆρχή
834 1073 1104 1145 κατελύθη
1142 1074 1464 1151 διαρκέσασα
1493 1072 1586 1145 ἔτη
1619 1075 1716 1131 σν’.

413 1167 479 1220 Οἱ
510 1163 566 1220 δὲ
595 1167 694 1234 τῆς
745 1164 1027 1241 Αἰγύπτου
1071 1162 1484 1240 βασιλεύσαντες
1545 1164 1681 1238 μετᾶ
1738 1160 1998 1235 Ἀλέξαν-

338 1252 472 1330 δρον
500 1254 633 1310 εἰσὶν
677 1250 811 1310 οἶδε’
867 1254 1212 1327 Πτολεμαῖος
1260 1254 1288 1308 ὁ
1349 1256 1556 1333 Λάγου,
1620 1252 1700 1331 ἐφ’
1748 1252 1811 1308 οὗ
1865 1251 1997 1306 Μὲνο

344 1343 541 1419 ανόρος
596 1345 624 1400 6
678 1340 1082 1417 κωμῳδοποιὸς
1142 1343 1467 1421 ἐγνωρίζετο
1518 1344 1610 1399 καὶ
1662 1342 2001 1421 Θεόφραστος

347 1434 379 1490 6
406 1414 734 1512 φιλόσοφος,
766 1414 1108 1506 Πτολεμαῖος
1150 1414 1193 1488 6'
1238 1414 1610 1511 Φιλάδελφος,
1642 1431 1724 1511 ἐφ’
1779 1414 1843 1485 οὗ
1874 1430 1927 1484 οἱ
1957 1414 1999 1484 θ’

336 1514 606 1598 Ἑϐραίων
635 1522 794 1600 σοφοὶ
824 1522 917 1576 τὸν
957 1521 1126 1595 νόμον
1165 1523 1536 1598 ἡρμήνευσαν,
1593 1519 1938 1593 Πτολεμαῖος
1969 1518 1997 1573 6

337 1610 669 1690 Εὐεργέτης,
726 1609 811 1685 ἰφ⁹
860 1608 924 1666 οὗ
974 1613 1077 1681 τὴν
1133 1612 1429 1687 πανάρετον
1482 1613 1674 1685 σοφίαν
1746 1608 2000 1679 συντάξας

331 1696 617 1776 Ἑϐραίοις
650 1702 863 1771 Ἰησοῦς
907 1700 937 1756 6
991 1704 1088 1755 τοῦ
1147 1701 1328 1776 Σιρὰχ
1383 1699 1729 1775 ἐγνωρίζετο,
1792 1696 1996 1753 Πτολε-

338 1794 502 1863 μαῖος
543 1787 971 1865 ὁΦιλοπάτωρ,
1029 1786 1112 1868 ἐφ’
1168 1788 1231 1844 οὗ
1288 1789 1316 1844 6
1371 1793 1480 1844 τῶν
1533 1783 1801 1865 Ἑϐραίων
1863 1784 1995 1849 λαὸς

335 1877 703 1952 αἰχμάλωτος
732 1876 929 1953 ἀχθεὶς
977 1875 1028 1932 ἐν
1062 1876 1333 1955 Αἰγύπτῳ
1386 1876 1636 1934 τοιοῦτόν
1659 1898 1711 1933 τι
1739 1876 1991 1939 πέπονθε.

334 1965 638 2042 Προσὲταξε
689 1966 793 2042 γὰρ
864 1965 1024 2029 οὗτος
1078 1973 1196 2031 τοῖς
1238 1966 1407 2022 αὐτοῦ
1468 1967 1827 2028 ὑπασπισταῖς
1871 1964 1993 2020 ἐλε-

340 2076 539 2133 φαντας
600 2057 653 2135 φ’
718 2054 1051 2130 εὐτρεπίσαι,
1106 2057 1195 2111 καὶ
1263 2055 1492 2121 τούτους
1547 2055 1771 2129 μεθύσαι
1860 2053 1994 2127 οἴνῳ

342 2139 653 2216 λιϐανωτῷ,
711 2145 799 2200 ’ἱνα
875 2144 1236 2201 ἀποκτείνωσι
1290 2143 1420 2207 τοὺς
1502 2142 1823 2207 Ἰουδαίους.
1881 2145 1994 2197 Τῶν

334 2230 624 2293 Ἰούδαίων
655 2229 713 2288 δὲ
745 2231 1068 2306 εὐξαμένων,
1122 2235 1175 2289 οἱ
1213 2231 1500 2309 ἐλέφαντες
1556 2233 1632 2296 εἲς
1686 2232 1816 2295 τοὺς
1871 2231 1996 2287 ἑαυ-

334 2327 434 2379 τοῦ
458 2310 796 2398 στρατιώτας
825 2343 885 2378 τε
919 2323 1009 2378 καὶ
1041 2320 1253 2397 δήμους
1284 2327 1370 2395 [Ρ.
1422 2324 1548 2398 194]
1598 2321 1995 2399 ἐξορμήσαντες

342 2412 521 2469 πολὺν
550 2414 728 2469 αὐτῶν
763 2409 939 2469 ὄχλον
969 2412 1020 2468 ἐν
1047 2417 1115 2488 τῇ
1147 2433 1486 2490 περιεχούσῃ
1539 2412 1703 2487 μανίᾳ
1760 2407 1995 2475 διέφθει-

579 2502 592 2521 ς
664 2502 691 2524 υ
1227 2503 1241 2523 ο
1296 2504 1311 2525 ι
1477 2508 1501 2519 ε’
1852 2501 1873 2531 ι

341 2522 458 2573 ραν.
490 2506 595 2559 Και
628 2522 784 2558 ουτω
817 2500 1135 2578 παραδόξως
1195 2523 1248 2557 οι
1318 2500 1552 2560 Ιουδαιοι
1606 2511 1997 2577 περισωθεντες

338 2585 605 2653 ἀϐλαϐεῖς
636 2590 985 2660 ἀπελύθησαν
1014 2591 1093 2653 εἷς
1122 2592 1191 2646 τὲι
1251 2589 1385 2660 ἴδια,
1440 2596 1521 2663 τῷ
1575 2589 1829 2665 εὐεργέτῃ
1881 2592 1997 2660 Θεῷ

336 2681 817 2760 εὐχαριστοῦντες.
856 2682 991 2739 Εἶτα
1053 2679 1331 2757 βασιλεύει
1388 2679 1734 2755 Πτολεμαῖος
1798 2681 1828 2735 6
1886 2677 1999 2735 ἐπι·-

335 2770 570 2841 κληθεὶς
597 2771 819 2847 Σωτὴρ,
851 2769 1192 2844 Πτολεμαῖος
1223 2767 1623 2846 ὁἈλὲξανδρος
1652 2767 1995 2842 Πτολεμαῖος

339 2859 369 2914 6
399 2856 647 2936 ἀδελφὸς
673 2856 857 2928 αὐτοῦ,
891 2857 1234 2932 Πτολεμαῖος
1265 2859 1293 2914 6
1324 2858 1626 2928 Διονύσιος,
1674 2856 1999 2936 Κλεοπάτρα

343 2950 379 3018 ἡ
410 2934 619 3004 τούτου
680 2947 946 3024 θυγάτηρ
1005 2946 1071 3016 ἣν
1132 2944 1452 3025 Αὔγουστος
1483 2945 1691 3003 ἀνελὼν
1720 2945 1774 3003 ἐν
1803 2950 1883 3018 τῷ
1934 2934 1998 3000 ιδ’

335 3035 445 3094 ἔτει
474 3044 582 3106 τῆς
612 3035 780 3093 αὐτοῦ
813 3034 1099 3112 βασιλείας
1119 3035 1382 3111 ἐκράτησε
1410 3043 1510 3106 τῆς
1570 3036 1870 3113 Αἰγύπτου,
1902 3054 1998 3089 κα-

334 3126 511 3183 θελὼν
539 3128 642 3197 τήν
679 3124 961 3203 βασιλείαν
989 3130 1098 3182 τῶν
1157 3125 1517 3201 Πτολεμαίων
1561 3124 1914 3202 διαρκὲσασαν
1947 3123 1999 3180 ἐν

352 3212 496 3272 ἔτεσι
517 3214 816 3279 διακοσίοις

436 3307 505 3363 0':
532 3303 584 3361 6‘s
620 3307 751 3380 μετὰ
795 3308 897 3377 τήν
949 3305 1010 3363 ἐκ
1068 3303 1393 3371 Βαϐυλῶνος
1432 3304 1694 3364 ἐπάνοδον
1747 3318 2001 3383 καθηγη-

2180 1163 2336 1220 340
2355 1166 2580 1237 Egypti
2603 1181 2770 1238 reges
2793 1171 2927 1238 post
2944 1164 3347 1220 Alexandrum
3359 1162 3598 1220 fuerunt
3613 1166 3746 1219 Pto-

2109 1250 2353 1309 lemmus
2376 1255 2507 1328 Lagi
2532 1256 2888 1326 ﬁlius,cujus
2910 1260 3081 1310 aetate
3104 1254 3421 1309 Menander
3441 1253 3752 1308 comoedia-

2106 1359 2238 1397 rum
2270 1344 2524 1415 scriptor
2549 1345 2763 1400 claruit
2793 1350 2851 1400 et
2877 1345 3315 1415 Theophrastus
3336 1342 3747 1415 philosophus.

2105 1433 2451 1489 Ptolemaeus
2462 1434 3088 1506 Philadelphus,cujus
3101 1433 3273 1504 jussu
3285 1435 3353 1487 7O
3368 1431 3748 1487 Hebraeorum

2106 1522 2434 1579 doctissimi
2465 1525 2656 1599 legem
2684 1525 3136 1581 transtulerunt.
3172 1524 3527 1579 Ptolemmus
3564 1525 3746 1577 Ever-

2104 1618 2286 1685 getes,
2320 1615 2427 1670 sub
2459 1632 2575 1688 quo
2632 1617 2797 1671 Jesus
2831 1616 3058 1671 Sirachi
3114 1615 3274 1670 ﬁlius
3304 1614 3587 1683 innotuit,
3643 1615 3745 1685 qui

2104 1702 2323 1759 librum
2337 1705 2408 1760 de
2423 1706 2714 1776 sapientia
2724 1705 3283 1777 prmstantissimum
3305 1703 3564 1759 Hebrmis
3583 1719 3741 1758 com-

2102 1793 2319 1865 posuit.
2350 1792 2707 1849 Ptolemmus
2736 1794 3081 1866 Philopator
3109 1810 3122 1848 :
3154 1794 3206 1848 is
3236 1810 3342 1849 rex
3391 1793 3744 1848 Hebraicum

2102 1882 2519 1954 populumqui
2550 1883 2809 1955 captivos
2840 1883 2901 1938 in
2933 1887 3244 1956 [Egyptum
3300 1883 3494 1939 fuerat
3523 1881 3744 1937 abduc.

2103 1978 2217 2039 tus,
2236 1972 2484 2043 perdere
2512 1979 2799 2044 statuens,
2834 1973 3190 2028 satellitibus
3221 1971 3522 2028 mandavit
3546 1977 3611 2026 ut
3639 1975 3744 2027 500

2101 2061 2448 2133 elephantos
2480 2062 2865 2130 instruerent,
2899 2079 3119 2133 eosque
3147 2062 3283 2117 vino
3314 2061 3578 2117 libanoto
3610 2060 3740 2115 ine-

2099 2149 2325 2206 briatos
2343 2150 2559 2206 Judaais
2591 2151 3094 2207 immiterent.Sed
3115 2150 3207 2206 his
3234 2151 3417 2206 Deum
3448 2149 3741 2222 precanti-

2100 2240 2231 2309 bus,
2275 2240 2576 2313 elephanti
2635 2241 2697 2296 in
2726 2241 2922 2313 regios
2978 2241 3199 2296 milites
3230 2245 3288 2295 et
3342 2239 3738 2312 Egyptiacam

2103 2329 2338 2385 turbam
2354 2329 2578 2401 impetu
2596 2330 2732 2385 dato
2746 2347 2851 2402 per
2865 2329 3126 2385 furorem
3145 2344 3421 2400 magnam
3436 2328 3744 2383 hominum

2103 2418 2547 2475 multitudinem
2605 2418 2910 2474 eliserunt.
2966 2420 3166 2490 Itaque
3211 2423 3426 2490 prmter
3475 2417 3743 2473 omnium

2105 2525 2270 2581 spem
2322 2509 2534 2565 servati
2584 2509 2793 2579 Judmi,
2845 2508 3177 2563 incolumes
3210 2508 3270 2563 in
3320 2507 3571 2579 patriam
3606 2509 3748 2562 sant

2103 2597 2481 2664 dimissi,Deo
2512 2614 2619 2654 suo
2650 2598 3017 2654 benefactori
3061 2597 3276 2671 gratias
3307 2602 3570 2670 agentes.
3611 2599 3750 2651 Post

2104 2687 2262 2743 hunc
2275 2705 2455 2761 regno
2471 2689 2707 2744 functus
2723 2688 3176 2743 estPtolemznus
3191 2686 3544 2760 cognomine
3559 2687 3746 2741 Soter.

2102 2778 2246 2833 Inde
2304 2777 2658 2833 Ptolemaeus
2716 2777 3073 2845 Alexander,
3130 2776 3489 2831 Ptolcmmus
3566 2775 3749 2830 frater

2106 2865 2256 2938 ejus,
2286 2866 2637 2921 Ptolemaeus
2671 2865 3337 2937 Dionysius,Cleopatra
3366 2864 3547 2936 hujus
3574 2864 3699 2918 ﬁlia
3732 2878 3746 2916 :

2105 2971 2282 3026 quam
2311 2956 2606 3027 Augustus
2665 2970 2887 3009 annum
2922 2954 2987 3007 14
3046 2954 3346 3023 imperans
3390 2951 3690 3006 interfecit
3728 2965 3743 3007 :

2103 3045 2465 3117 Egyptoque
2495 3043 2716 3115 potitus
2738 3058 2986 3115 regnum
3018 3040 3475 3097 Ptolemaeorum
3507 3038 3742 3107 delevit,

2106 3133 2263 3205 quod
2293 3133 2606 3189 duraverat
2634 3148 2823 3188 annos
2855 3131 2979 3187 290.

2174 3315 2356 3369 Porro
2369 3311 2725 3385 quiareditu
2738 3328 2806 3367 ex
2824 3311 3121 3383 Babylone
3135 3310 3420 3383 populum
3434 3309 3742 3366 Judaicum

350 3395 575 3468 σαμενοι
599 3396 868 3472 ἀρχιερεῖς
919 3396 1051 3452 εἰσιν
1106 3395 1278 3453 οὗτοι·
1308 3397 1543 3470 Ἰησοῦς,
1600 3394 1845 3455 Ίωσεδὶγ
1872 3396 1987 3468 ἅμα

2099 3403 2573 3476 gubernaverunt
2602 3401 2916 3473 pontifices
2945 3400 3273 3464 maximi,hi
3305 3405 3442 3456 sunt
3474 3415 3488 3453 :
3549 3401 3739 3456 Iesus.

344 3478 671 3559 Ζοροϐάϐελ,
704 3481 967 3549 Ἰάκωϐος
1024 3486 1142 3551 υίὸς
1194 3488 1396 3557 Ἰησοῦ,
1459 3485 1763 3559 Ἰλιάσιμος
1820 3485 1988 3544 Ἰακί-

337 3594 471 3647 μου,
508 3571 1013 3646 ἸωδαὶἸωσήπου,
1062 3575 1317 3647 Ἰωάννης
1375 3577 1403 3632 6
1457 3581 1556 3632 τοῦ
1612 3573 1819 3645 Ἰωδαὶ,
1882 3579 1985 3633 Ἰα-

328 3660 490 3730 δοῦς,
545 3663 627 3744 ἐφ’
673 3664 737 3719 οὗ
789 3662 1145 3742 Ἀλέξανδρος
1204 3665 1256 3722 ἐν
1316 3664 1682 3742 Ἰερουσαλὴμ
1732 3670 1813 3739 τῷ
1869 3669 1984 3738 Θεῷ

324 3753 729 3827 προσεκύνησε.
762 3755 1146 3833 Καταπλαγείς
1173 3756 1278 3831 γὰρ
1332 3754 1420 3811 ἐπὶ
1466 3759 1535 3829 τῇ
1584 3754 1705 3830 ξένη
1738 3755 1831 3827 θέᾳ
1881 3761 1982 3824 τῆς

327 3840 544 3910 στολῆς
590 3846 690 3897 τοῦ
747 3842 1072 3921 ἀρχιερέως,
1132 3844 1237 3899 ἆπὸ
1286 3849 1385 3899 τοῦ
1442 3845 1681 3920 ἅρματος
1748 3838 1985 3907 καταϐὰς

322 3929 502 4003 μόνος
534 3930 905 4005 προσεκύνησε
933 3933 995 3989 τὸ
1026 3935 1169 3988 θεῖον
1203 3930 1395 4007 ὄνομα,
1424 3934 1516 3989 καὶ
1570 3934 1665 3989 τὸν
1723 3931 1983 4008 ἀρχιερέα

319 4019 640 4088 ἠσπάσατο·
701 4020 760 4075 ὅν
810 4021 1001 4085 πάντες
1071 4019 1326 4079 Ἰουδαῖοι
1388 4028 1486 4096 μιᾷ
1542 4026 1696 4101 φωνῇ
1757 4022 1849 4077 σὺν
1901 4025 1984 4093 τῷ

316 4107 585 4185 ἀρχιερεῖ
655 4109 892 4186 γνησίως
956 4111 1380 4181 ἀντησπάσαντο.
1465 4116 1581 4167 Τῶν
1665 4109 1722 4167 δὲ
1771 4132 1829 4187 γε
1879 4116 1980 4179 τῆς

317 4196 536 4272 Συρίας
596 4197 868 4274 βασιλέων
923 4200 1013 4255 καὶ
1068 4205 1178 4256 τῶν
1245 4199 1455 4257 λοιπῶν
1524 4197 1981 4276 καταπλαγέντων

311 4283 420 4341 καί
489 4282 805 4363 διεφθάρθαι
882 4288 981 4358 τήν
1038 4285 1276 4345 διάνοιαν
1334 4286 1690 4365 Ἀλεξανδρου
1746 4287 1981 4359 ὑπειλη-

320 4374 537 4452 φότων,
606 4376 700 4431 καὶ
772 4378 1156 4453 Παρμενίωνος
1229 4382 1327 4434 τοῦ
1380 4382 1686 4456 στρατηγοῦ
1767 4374 1979 4451 μᾶλλον

320 4464 737 4538 θαυμάσαντος,
769 4462 909 4522 διότι
966 4468 1205 4542 καθάπερ
1257 4488 1345 4530 τις
1399 4472 1505 4523 τῶν
1562 4466 1818 4539 ὑπηκόων
1886 4486 1981 4521 πε-

320 4553 441 4608 σὼν
468 4554 888 4629 προσεκύνησεν,
929 4556 1073 4612 εἶπεν
1106 4554 1479 4630 Ἀλέξανδρος·
1512 4556 1590 4614 Οὐ
1646 4558 1738 4615 τὸν
1798 4557 1983 4631 ἀρχιε-

326 4641 430 4718 ρὲα
483 4643 879 4719 προσεκύνησα,
934 4645 1082 4702 ἀλλὰ
1137 4647 1229 4702 τὸν
1291 4649 1380 4703 ὑπ’
1446 4647 1613 4706 αύτοῦ
1667 4651 1976 4725 τιμώμενον

2092 3492 2408 3549 Josedecus
2430 3508 2560 3548 cum
2580 3490 2963 3559 Zorobabelo,
2994 3490 3244 3546 Jacobus
3265 3491 3403 3545 Jesu
3427 3489 3605 3554 filius,
3637 3490 3731 3544 Jo-

2094 3583 2257 3651 daas,
2280 3582 2474 3637 Josebi
2504 3581 2682 3649 ﬁlius,
2715 3580 3013 3636 Iliasimus
3035 3580 3242 3636 Jacimi
3276 3579 3455 3649 ﬁlius,
3477 3580 3735 3634 Joannes

2092 3673 2288 3728 Jodam
2319 3671 2675 3742 ﬁlius,Jadus
2706 3687 2719 3725 :
2752 3687 2867 3742 quo
2898 3668 3309 3741 pontificatum
3333 3668 3740 3741 gerenteAle-

2093 3760 2320 3816 xander
2350 3758 2772 3831 Hierosolymis
2804 3759 2989 3813 Deum
3017 3757 3298 3813 adoravit.
3320 3757 3469 3811 341
3506 3756 3738 3810 Etenim

2093 3851 2379 3906 attonitus
2411 3850 2616 3905 habitu
2647 3848 2943 3920 pontiﬁcis
2973 3846 3464 3914 insolente,solus
3496 3862 3530 3901 a
3559 3860 3737 3901 curru

2094 3939 2418 4010 descendit,
2454 3954 2791 4009 nomenque
2822 3938 2925 3993 Dei
2958 3936 3238 4004 adoravit,
3272 3936 3736 4008 pontiﬁcemque

2092 4029 2417 4084 maximum
2450 4028 2745 4096 salutavit,
2781 4025 2853 4082 ab
2885 4042 3074 4097 eoque
3107 4030 3163 4080 et
3195 4026 3487 4081 universis
3514 4024 3732 4081 Iudaeis

2089 4118 2350 4172 vicissim
2383 4123 2472 4172 est
2500 4133 2619 4172 uno
2651 4132 2751 4171 ore
2785 4115 3095 4171 salutatus.
3127 4117 3270 4169 Cum
3303 4119 3502 4169 autem
3553 4114 3734 4185 Syria)

2091 4223 2158 4263 ac
2189 4206 2386 4263 caeteri
2410 4222 2578 4279 reges
2607 4204 2668 4259 id
2693 4204 2913 4260 factum
2938 4203 3504 4274 mirarentur,atque
3535 4208 3732 4257 mente

2090 4296 2489 4352 abalienatum
2517 4293 2919 4350 Alexandrum
2951 4296 3232 4364 putarent
3257 4307 3268 4345 :
3302 4307 3369 4346 ac
3400 4291 3733 4362 praesertim

2094 4386 2400 4441 Parmenio
2415 4385 2708 4440 exercitus
2732 4384 2941 4439 ductor
2952 4382 3270 4437 miraretur
3290 4379 3434 4452 quid
3450 4380 3536 4434 rei
3557 4384 3733 4448 esset,

2091 4475 2248 4547 quod
2274 4474 2465 4529 instar
2493 4473 2866 4529 subditorum
2897 4472 3156 4544 alicujus
3185 4487 3248 4526 se
3280 4472 3341 4526 in
3374 4475 3592 4525 terram
3621 4485 3725 4525 rex

2090 4562 2506 4635 prostravisset
2538 4578 2550 4616 :
2583 4560 2892 4633 respondit
2919 4559 3438 4627 Alexander,hunc
3469 4575 3531 4613 se
3553 4558 3733 4614 hono-

2090 4667 2216 4706 rem
2274 4667 2395 4705 non
2439 4650 2704 4722 pontiﬁci
2761 4649 3066 4715 detulisse,
3123 4664 3324 4704 verum
3374 4649 3491 4703 Deo
3553 4663 3733 4718 quem

324 4730 486 4801 Θεὸν,
516 4730 688 4804 κάμοὶ
724 4733 827 4803 τήν
886 4733 1140 4806 βοήθειαν
1199 4735 1337 4790 κατά
1372 4739 1480 4791 τῶν
1539 4734 1788 4792 ἐναντίων
1845 4739 1977 4794 ὑπο-

374 4820 438 4839 η,
658 4821 720 4839 ο..
763 4820 776 4839 1
920 4824 934 4839 ι
1076 4824 1091 4839 ι
1297 4824 1310 4839 ς
1376 4831 1415 4839 .-
1523 4829 1552 4839 ..
1657 4823 1681 4839 κ
1847 4827 1861 4839 .

2099 4741 2141 4795 is
2188 4740 2430 4808 coleret,
2490 4756 2557 4796 ac
2606 4740 2707 4811 qui
2752 4738 2872 4794 sibi
2931 4739 3219 4795 auxilium
3278 4743 3483 4793 contra
3531 4738 3733 4793 hostes

325 4820 626 4894 σχόμενον.
658 4820 848 4877 Ἦνίκα
870 4824 975 4900 γὰρ
1032 4824 1131 4892 τήν
1184 4824 1320 4880 κατᾶ
1374 4829 1593 4901 Περσῶν
1653 4823 1979 4902 διενοούμην

2099 4829 2611 4902 promisisset,Quo
2635 4830 2794 4884 enim
2829 4833 3094 4901 tempore
3125 4828 3349 4883 bellum
3372 4831 3578 4882 contra
3596 4829 3735 4882 Per-

326 4909 613 4983 στρατείαν
669 4909 761 4965 καὶ
812 4907 1036 4967 ἐδεδίειν
1092 4912 1155 4968 τὸ
1216 4913 1442 4989 μέγεθος
1511 4922 1612 4986 τῆς
1668 4912 1975 4981 δυναστείας

320 4996 530 5066 αὐτῶν,
560 4996 718 5076 ὤφθη
765 5020 858 5073 μοι
907 5002 1025 5056 κατ’
1081 4997 1212 5077 ὄναρ
1264 5003 1401 5058 κατὰ
1454 5004 1517 5059 τὸ
1575 5011 1771 5080 σχῆμα
1816 5003 1978 5063 τοῦδε

314 5090 422 5142 τοῦ
452 5086 758 5163 ἀρχιερέως
810 5089 841 5144 6
900 5089 1050 5159 Θεὸς,
1104 5089 1195 5146 καὶ
1253 5091 1466 5166 θαρῥεῖν
1520 5113 1614 5163 μοι
1644 5092 1973 5169 παρεκελεύ-

313 5195 454 5231 σατο
482 5175 704 5245 καὶτῆς
763 5176 1074 5251 προθυμίας
1130 5176 1442 5244 σπουδαίως
1495 5173 1738 5260 ἔχεσθαι,
1772 5181 1972 5258 λέγων’

386 5266 484 5320 Er,
545 5263 562 5280 ι
673 5264 686 5281 ς
1002 5267 1021 5292 ν
1175 5267 1188 5284 ι
1431 5273 1458 5285 ο

321 5287 354 5318 ι
436 5286 482 5325 ι..
514 5284 573 5319 σε
628 5286 730 5340 γαρ
780 5264 1073 5337 καταλήςω
1129 5288 1228 5336 την
1282 5273 1498 5343 Περσων
1559 5268 1891 5330 δυναστείαν.
1938 5294 1964 5327 ε

316 5353 419 5407 Διὸ
448 5356 639 5408 τοῦτον
692 5354 1022 5429 θεασάμενος
1079 5356 1133 5411 ἐν
1186 5357 1412 5433 τοιαύτῃ
1471 5358 1670 5434 στολῇ,
1729 5362 1818 5416 καὶ
1873 5369 1973 5433 τῆς

316 5442 462 5496 κατὰ
482 5440 608 5503 τοὺς
639 5442 847 5505 ὕπνους
878 5444 1242 5516 ὑπομνησθεὶς
1302 5442 1499 5520 ὄψεως,
1554 5448 1781 5514 εἶ’κότως
1810 5472 1976 5528 προσ-

316 5530 578 5601 εκύνησα.
636 5535 818 5588 Ταῦτα
876 5530 1041 5587 εἰπὼν
1101 5534 1190 5589 καὶ
1253 5534 1342 5591 τὸν
1403 5536 1663 5618 ἀρχιερέα
1721 5537 1971 5615 δεξιωσάο

324 5640 507 5693 μενος,
593 5624 701 5676 τῶν
785 5621 946 5695 ἱερῶν
1001 5624 1417 5698 παρεπομένων,
1481 5626 1556 5690 εἷς
1639 5632 1738 5699 τήν
1803 5632 1967 5687 πόλιν

314 5709 686 5783 ’ῐερουααλῆμ
769 5708 1143 5787 παραγίνεται.
1228 5715 1291 5768 Oi.
1349 5711 1406 5771 δὲ
1464 5721 1810 5792 Γραμματεῖς
1865 5722 1965 5791 τήν

2089 4935 2184 4975 sas
2205 4918 2759 4990 meditatus,eorum
2783 4918 3085 4990 ingentem
3109 4916 3435 4989 potentiam
3458 4915 3734 4972 reformi-

2086 5007 2306 5075 dasset,
2342 5011 2524 5064 Deum
2581 5008 2695 5063 sibi
2749 5023 2857 5078 per
2885 5007 3253 5061 insomnium
3312 5004 3506 5076 specie
3551 5003 3731 5075 hujus

2083 5097 2382 5170 pontificis
2431 5097 2643 5161 visum,
2686 5096 2840 5151 bono
2902 5111 3030 5151 esse
3089 5094 3290 5150 animo
3339 5092 3612 5165 jussisse,
3672 5097 3730 5147 et

2083 5190 2361 5246 alacriter
2389 5189 2727 5245 institutum
2751 5188 2991 5259 exsequi
3019 5203 3191 5242 :nam
3212 5202 3319 5242 suo
3351 5191 3499 5239 nutu
3516 5189 3727 5240 Persa-

2083 5297 2214 5334 rum
2246 5296 2491 5352 regnum
2543 5279 2605 5333 in
2663 5279 2858 5350 ipsum
2921 5276 3317 5332 Alexandrum
3366 5273 3721 5330 desiturum.

2082 5370 2283 5440 Itaque
2316 5369 2428 5423 sibi
2462 5368 2740 5439 pontifice
2770 5368 2830 5422 in
2883 5368 2997 5422 hoc
3026 5366 3231 5421 habitu
3263 5369 3601 5435 conspecto,
3661 5366 3722 5420 in

2082 5457 2432 5513 memoriam
2464 5457 2827 5512 insomnium
2848 5456 3156 5512 redactum
3188 5472 3200 5509 :
3230 5470 3411 5526 seque
3434 5455 3593 5510 haud
3614 5455 3719 5511 abs

2080 5564 2143 5603 re
2173 5546 2473 5603 adorasse.
2510 5547 2644 5601 Haec
2698 5546 2874 5613 fatus,
2908 5545 3115 5600 dextra
3172 5559 3404 5599 summo
3455 5544 3723 5616 pontiﬁci

2080 5636 2320 5709 injecta,
2353 5635 2775 5692 comitantibus
2805 5635 3035 5691 caeteris
3066 5633 3491 5701 sacerdotibus,
3516 5634 3724 5688 Hiero~

2079 5726 2307 5799 solyma
2339 5726 2594 5783 intravit.
2614 5726 2697 5782 lbi
2732 5742 3033 5783 sacrarum
3066 5725 3416 5781 Litterarum
3447 5721 3720 5777 doctores
