4118 6276
387 386 506 446 3Ί9

1749 375 2075 438 GEORGII
2117 374 2458 437 GEDRENI

3680 377 3790 437 380

392 516 571 573 allato
603 514 832 571 Danieli
864 515 1041 583 llbro,
1073 515 1204 586 ejus
1235 512 1580 570 vaticinium
1610 515 2035 583 exposuerunt,

2167 501 2345 563 Ξίϐλον
2388 510 2486 562 τοῦ
2545 505 2751 577 Δανιὴλ
2809 504 3281 580 προσκομίσαντες
3338 506 3442 574 τὴν
3474 509 3793 580 προφητείαν

390 623 506 679 quo
537 605 989 678 praedicebatur,
1049 605 1174 659 fore
1206 610 1270 659 ut
1300 602 1537 658 Macedo
1594 602 1909 656 Persarum
1938 616 2031 655 re-

393 712 576 769 gnum
595 694 1034 760 everteret.Qua
1055 709 1125 749 ex
1141 709 1205 747 re
1222 690 1559 747 Alexander
1580 707 1715 747 cum
1738 690 2036 761 ingentem

393 783 648 855 cepisset
675 781 1264 853 laetitiam.templum
1307 781 1409 836 Dei
1441 778 1605 836 adiit.
1640 780 1879 848 Deoque
1909 792 2036 832 rem

395 889 620 929 sacram
641 870 1064 943 praescribente
1083 871 1284 926 omnia
1305 869 1582 941 pontiﬁce
1607 868 1863 924 maximo
1876 866 2037 935 fecit,

395 979 650 1033 eumque
682 962 1027 1034 pontificem
1059 977 1126 1015 ac
1160 960 1421 1030 reliquos
1452 975 1659 1014 omnes
1704 956 2039 1012 sacerdotes

392 1052 585 1125 dignis
616 1050 964 1106 muneribus
994 1048 1555 1120 donavit,templum
1586 1048 1740 1103 342
1771 1046 2041 1117 splendi-

392 1142 482 1198 dis
512 1157 579 1196 ac
636 1139 969 1211 magniﬁcis
1023 1138 1286 1192 donariis
1338 1137 1660 1205 exornavit,
1719 1141 1899 1207 atque
1958 1135 2042 1190 ita

396 1230 639 1287 demum
698 1233 905 1284 contra
942 1229 1154 1283 Persas
1211 1227 1411 1282 movit.
1476 1226 1764 1296 Deinceps
1822 1224 2040 1279 summi

395 1318 708 1392 pontiﬁces
740 1333 808 1372 ac
838 1315 1042 1389 populi
1076 1320 1339 1370 rectores
1372 1314 1613 1370 fuerunt
1639 1314 1837 1369 Jonias
1893 1312 2038 1368 Jadu

398 1408 580 1475 ﬁlius,
611 1406 944 1475 Eleazarus,
984 1405 1205 1471 Jonias,
1257 1404 1481 1471 Simon,
1531 1404 1745 1458 Jonaas
1788 1403 1990 1457 Simon
2025 1418 2038 1456 :

395 1498 592 1560 Janes,
624 1497 724 1565 qui
756 1499 814 1551 et
845 1496 1147 1567 Hyrcanus
1182 1511 1195 1549 :
1227 1492 1625 1560 Aristobulns,
1660 1492 1760 1563 qui
1814 1492 2042 1562 primus

401 1585 630 1657 regium
662 1584 935 1640 diadema
961 1582 1284 1655 pontiﬁcali
1315 1581 1553 1636 ornatui
1586 1580 1995 1652 superaddidit
2025 1597 2038 1634 :

396 1677 734 1747 Janeas,qui
763 1680 823 1731 et
848 1673 1315 1737 Alexander,rex
1348 1672 1506 1727 idem
1540 1677 1597 1727 et
1623 1670 1920 1726 sacerdos.
1952 1670 2042 1725 Ad

397 1770 559 1824 hunc
588 1782 776 1836 usque
807 1782 841 1820 a
870 1768 1015 1836 Cyro
1046 1763 1209 1818 uncti
1241 1778 1440 1817 rerum
1473 1776 1766 1816 summam
1826 1764 2043 1816 tracta-

398 1863 559 1923 runt,
592 1871 699 1927 per
745 1869 933 1909 annos
988 1853 1118 1917 483,
1170 1868 1303 1923 quae
1355 1853 1495 1905 sunt
1555 1849 1904 1920 septimanaa
1962 1851 2052 1923 69.

2167 1843 2325 1920 μάδες
2357 1845 2492 1901 ἐτῶν
2554 1847 2645 1917 ξσ,
2704 1847 2884 1911 καθὼς
2932 1841 3032 1924 ἔφη
3091 1847 3181 1902 καὶ
3212 1845 3430 1915 Δανιὴλ
3484 1846 3570 1901 τό·
3628 1870 3655 1898 ι(

404 1945 578 2003 sicuti
612 1943 891 1999 Danielus
923 1946 1051 1997 erat
1080 1940 1455 2008 vaticinatus,
1488 1962 1515 1989 ι(
1550 1941 1899 2010 Cognosces,
1957 1938 2054 1994 in-

399 2035 703 2108 quiens,et
733 2030 1031 2103 intelliges
1055 2029 1127 2085 ab
1160 2029 1319 2084 exitu
1348 2027 1666 2096 sermonis,
1699 2044 1816 2099 quo
1839 2027 2052 2084 decer-

400 2129 577 2180 netur
596 2127 661 2178 ut
673 2120 1042 2177 aediﬁcentur
1064 2117 1473 2190 Hierosolyma
1497 2132 1689 2189 usque
1702 2116 1846 2172 dum
1862 2117 2055 2173 Chris-

404 2220 500 2269 tus
527 2209 1165 2283 imperet,septimanas
1188 2210 1218 2260 ’7
1242 2211 1302 2260 et
1319 2207 1683 2278 septimanas
1704 2207 1900 2277 62,qui
1918 2210 2059 2261 sunt

412 2301 553 2357 anni
574 2302 698 2355 483.
726 2301 768 2353 Α
789 2298 937 2368 Cyro
962 2311 1148 2367 usque
1182 2294 1257 2351 ad
1292 2294 1650 2350 Antiochum
1688 2295 2056 2366 Epiphanem

416 2394 475 2444 et
502 2387 635 2443 urbi
676 2384 975 2441 excidium
1013 2384 1085 2439 ab
1117 2399 1187 2439 eo
1218 2383 1449 2439 illatum
1481 2384 1623 2438 anni
1657 2388 1796 2439 sunt
1824 2385 1949 2439 394.

482 2478 666 2531 Porro
699 2478 897 2530 autem
929 2490 1038 2530 nos
1071 2472 1421 2529 docetunde
1440 2472 1676 2528 initium
1700 2471 2056 2528 numerandi

415 2567 493 2622 sit
523 2563 906 2631 sumendum,
967 2562 1252 2617 nimirum
1282 2578 1403 2617 non
1463 2561 1536 2616 ab
1567 2577 1636 2617 eo
1690 2561 1785 2616 die
1818 2578 1934 2633 quo
1994 2563 2057 2618 in

417 2655 671 2729 patriam
699 2652 958 2709 reditum
988 2652 1120 2719 fuit,
1155 2651 1257 2707 sed
1289 2652 1360 2707 ab
1394 2651 1554 2707 exitu
1584 2652 1899 2719 sermonis,
1940 2669 2057 2725 quo

415 2745 720 2801 decretum
740 2743 960 2797 factum
982 2745 1074 2795 est
1094 2741 1167 2796 de
1185 2740 1587 2796 instaurandis
1612 2741 2054 2813 Hierosolymis.

410 2836 484 2890 At
528 2832 673 2888 urbs
714 2848 784 2888 ea
838 2847 958 2886 non
992 2834 1081 2885 est
1137 2829 1245 2885 sub
1290 2831 1438 2901 Cyro
1495 2829 1734 2898 refecta,
1787 2832 1889 2887 sed
1948 2832 2055 2887 sub

415 2924 731 2978 Artaxerxe
767 2919 1149 2991 Longimano.
1186 2918 1453 2975 Reversis
1484 2920 1646 2974 enim
1689 2920 1751 2974 in
1807 2922 2057 2992 patriam

413 3010 633 3066 Judaais
663 3009 1008 3081 supervenit
1035 3007 1374 3080 Cambyses,
1403 3008 1543 3063 inde
1573 3008 1751 3081 magi,
1784 3014 1917 3081 post
1947 3010 2058 3066 hos

415 3100 623 3156 Darius
654 3098 960 3170 Hystaspis
1018 3096 1198 3165 ﬁlius,
1226 3102 1359 3168 post
1414 3098 1575 3153 hunc
1619 3097 1846 3154 Xerxes
1898 3099 2057 3154 Darii

2145 597 2296 668 αύτῷ
2326 593 2722 671 διηρμήνευον,
2756 596 2832 658 ὡς
2888 593 2999 651 δεῖν
3029 617 3148 652 τινα
3175 600 3291 651 τῶν
3328 591 3650 651 Μακεδόνων
3702 599 3790 668 τὴν

2148 685 2426 763 βασιλείαν
2461 693 2675 763 Περσῶν
2725 688 3123 767 χειρώσασθαι.
3181 694 3278 750 Ὃς
3339 687 3432 743 ἐπὶ
3463 689 3639 762 τούτῳ
3671 690 3797 762 μᾶλ-

2145 773 2246 830 λον
2278 776 2468 846 ἡσθείς
2498 777 2589 831 καὶ
2620 778 2930 852 περιχαρὴς
2961 777 3280 850 γενόμενος,
3311 777 3407 831 καὶ
3457 774 3547 831 ἐπὶ
3572 778 3633 832 τὸ
3663 778 3793 853 ἱερὸν

2144 863 2407 935 ἀνελθὼν,
2442 865 2557 920 θύει
2592 866 2686 938 μὲν
2739 870 2820 938 τῷ
2854 870 2969 938 Θεῷ
2999 867 3134 921 κατὰ
3186 867 3293 934 τὴν
3355 869 3458 920 τοῦ
3515 866 3797 941 ἀρχιερέως

2150 955 2449 1031 ὑφήγησιν,
2511 954 2675 1009 αὐτὸν
2736 951 2793 1010 δὲ
2847 954 2940 1009 τὶν
2996 954 3260 1030 ἀρχιερέα
3318 954 3413 1010 καὶ
3460 955 3657 1019 πάντας
3683 956 3797 1019 τοὺς

2146 1047 2310 1119 ἱερεῖς
2365 1046 2707 1117 ἀξιοπρεπῶς
2757 1048 2997 1119 τιμήσας
3056 1046 3146 1101 καὶ
3203 1045 3499 1122 λαμπροῖς
3573 1048 3657 1101 καὶ
3718 1068 3797 1120 με·

2145 1133 2352 1211 γίστοις
2388 1134 2703 1208 ἀναθήμασι
2759 1136 2851 1189 τὸν
2907 1134 3036 1191 ναὸν
3089 1133 3479 1209 διακοσμήσας
3537 1136 3668 1190 κατᾶ
3700 1140 3795 1190 τῶν

2149 1227 2369 1298 Περσῶν
2399 1221 2673 1298 ἐχώρησε.
2719 1225 2868 1282 Μετᾶ
2925 1221 2983 1280 δέ
3041 1221 3246 1280 ἰαδοῦν
3312 1223 3531 1286 Ἰωνίας
3587 1221 3798 1293 Ἰαδοῦν,

2150 1309 2765 1385 Ἐλεάζαρος,’1ωνιᾶς,
2826 1312 3040 1386 Σίμων,
3102 1312 3324 1376 Ἰωναᾶς
3385 1312 3603 1386 Σίμων,
3634 1314 3795 1381 Ἰανῆς

2150 1402 2178 1457 6
2209 1402 2298 1457 καὶ
2329 1403 2603 1476 Ὑρκανὸν,
2634 1398 3081 1476 Ἀριστόϐουλος,
3131 1403 3191 1466 ὅς
3251 1404 3347 1459 καὶ
3378 1408 3601 1476 πρῶτος
3629 1401 3797 1466 ἐπέθε-

2146 1509 2210 1545 το
2243 1488 2487 1565 διάδημα
2517 1494 2599 1565 [Ρ.
2638 1495 2761 1565 195]
2800 1490 3083 1567 βασιλικὸν
3115 1493 3253 1567 πρὸς
3283 1496 3355 1566 τῇ
3404 1491 3795 1566 ἀρχιερωσύνη,

2150 1579 2347 1642 Ἰανὲας
2457 1581 2548 1636 καὶ
2623 1583 2653 1636 6
2758 1579 3135 1658 Ἀλέξανδρος,
3219 1580 3486 1656 βασιλεὺς
3559 1578 3668 1653 ἅμα
3716 1582 3796 1636 καὶ

2150 1668 2461 1744 ἀρχιερεύς.
2523 1668 2703 1745 Μέχρι
2761 1672 2960 1726 τούτου
3017 1672 3069 1725 οἱ
3152 1670 3259 1726 ἀπὸ
3349 1669 3538 1744 Κύρου
3597 1689 3779 1744 χριστο

2151 1756 2474 1833 ἡγούμενοι,
2557 1756 2930 1834 διαρκέσαντες
3008 1758 3101 1830 ἔτη
3161 1766 3309 1835 υπγ’,
3372 1757 3409 1813 ἅ
3467 1758 3599 1812 εἰσιν
3653 1752 3801 1813 ἐϐδο-

3715 1845 3801 1900 Καὶ

2155 1940 2354 2017 γνώσῃ,
2383 1940 2472 1995 καὶ
2518 1937 2769 2010 συνήσεις
2822 1941 2928 1997 ἀπὸ
2982 1938 3167 2011 ἐξόδου
3212 1941 3405 2015 λόγων
3434 1943 3535 1994 τοῦ
3591 1938 3805 2011 ἀποκρι-

2160 2036 2315 2100 θῆναι
2371 2031 2463 2086 καὶ
2520 2035 2622 2085 τοῦ
2679 2027 3050 2104 οἰκοδομῆσαι
3104 2027 3482 2107 Ἰερουσαλὴμ
3535 2025 3638 2091 ἕως
3683 2030 3802 2102 Χρι-

2161 2122 2289 2173 στοῦ
2372 2117 2679 2195 ἡγουμένου
2748 2114 3049 2193 ἑϐδομάδες
3107 2119 3264 2189 ἑπτὰ,
3347 2118 3443 2174 καὶ
3522 2113 3805 2189 ὲίδομάδες

2161 2205 2260 2281 EB‘.
2337 2209 2533 2264 ’Ἁτινά
2591 2207 2723 2262 εἰσιν
2784 2202 2876 2277 ἔτη
2938 2215 3082 2282 υπγ“.
3143 2208 3285 2263 Ἀπὸ
3346 2204 3408 2262 δὶ
3494 2206 3672 2280 Κύρου
3727 2202 3813 2258 ἐπὶ

2161 2282 2449 2371 Ἀντίοχον
2481 2296 2571 2352 τὸν
2606 2298 2870 2376 Ἐπιφανῆ
2904 2296 2997 2352 καὶ
3024 2298 3124 2368 τήν
3162 2295 3565 2371 αἰχμαλωσίαν
3612 2292 3807 2363 ἐκείνην

2163 2382 2258 2456 ἔτη
2293 2385 2396 2440 είσὶ
2426 2384 2562 2465 τίιδζ

2248 2476 2377 2532 Εἶτα
2408 2474 2652 2531 διδάσκει
2709 2478 2857 2549 ἡμᾶς
2909 2476 3071 2532 πόθεν
3121 2478 3378 2550 ἀριθμεῖν
3436 2471 3540 2544 δεῖ,
3593 2472 3673 2527 ὅτι
3713 2469 3801 2526 οὐκ

2168 2570 2276 2627 ἀπὸ
2305 2575 2405 2638 τῆς
2443 2566 2656 2641 ἡμέρας
2695 2572 2796 2635 τῆς
2825 2561 3109 2630 ἐπανόδου,
3168 2563 3300 2620 ἀλλ’
3332 2563 3443 2619 ἀπὸ
3474 2559 3653 2632 ἐξόδου
3714 2557 3802 2614 λό-

2169 2680 2284 2738 γων
2314 2660 2680 2733 ἀποκριθῆναι
2723 2655 2813 2709 καὶ
2852 2658 2950 2709 τοῦ
3007 2651 3383 2728 οἰκοδομῆσαι
3443 2647 3804 2726 Ἰερουσαλήμ.

2168 2752 2290 2810 Οὐκ
2326 2748 2416 2805 ἐπὶ
2443 2746 2624 2823 Κύρου
2655 2742 2714 2801 δὲ
2745 2742 3111 2818 ᾠκοδομήθη,
3142 2743 3274 2801 ἀλλ’
3334 2743 3425 2800 ἐπὶ
3480 2747 3579 2798 τοῦ
3620 2738 3800 2815 μακρό-

2163 2861 2355 2920 χειρος
2413 2837 2791 2913 Ἀρταξέρξου-
2852 2838 3008 2893 Μετά
3059 2837 3165 2913 γὰρ
3216 2838 3322 2905 τήν
3371 2831 3605 2890 κάθοδον
3667 2831 3799 2920 ἐπαν-

2164 2918 2302 3005 ἦλθε
2340 2923 2665 3002 Καμϐύσης,
2725 2926 2841 2981 εἶτα
2897 2926 2950 2980 οἱ
3016 2926 3202 3000 μάγοι,
3250 2926 3343 2981 καὶ
3413 2925 3535 2998 μετ’
3589 2918 3789 2977 ἐκείνους

2173 3027 2394 3099 Δαρεῖος
2425 3018 2795 3085 ὁὙστάσπου,
2833 3019 2946 3091 μεθ’
2987 3017 3044 3072 δν
3089 3017 3302 3092 Ξέρξης
3364 3018 3394 3072 6
3456 3007 3791 3099 Δαρείουᾲκαὶ

2165 3096 2516 3189 Ἀρταϐάνης-
2572 3108 2710 3165 Εἶτα
2768 3107 3127 3182 Ἀρταξέρξης
3178 3108 3206 3163 ὁ
3267 3106 3596 3189 Μακρόχειρ
3645 3096 3798 3156 ἐϐασί-

414 3189 575 3244 ﬁlius
627 3193 679 3243 et
740 3187 1094 3243 Artabanus.
1157 3187 1492 3243 Secundum
1543 3187 1652 3242 hos
1701 3190 2053 3244 Artaxerxes

2167 3185 2323 3259 λευσε
2362 3205 2464 3268 τῆς
2525 3192 2807 3270 Περσίδος.
2866 3197 2954 3253 Ἐν
3015 3191 3074 3250 δὶ
3128 3199 3209 3267 τῷ
3275 3195 3512 3266 εῗκοστῷ
3570 3185 3670 3246 ἕτει
3717 3193 3801 3255 τῆς

412 3278 814 3345 Longimanus
847 3292 1097 3347 regnum
1117 3276 1420 3331 Persicum
1442 3276 1806 3331 obtinuit.Eo
1828 3294 2052 3334 annum

2167 3248 2463 3368 ᾖασῖλείέςτ
2505 3248 2967 3357 (litigavit-epam
3019 3248 3255 3348 ἀνελνθίῖυν
3471 3248 3632 3337 πόλιν

410 3366 761 3420 vicesimum
790 3369 1095 3435 regnante,
1120 3364 1390 3419 Neemias
1426 3363 1697 3419 ascendit
1725 3365 2053 3437 urbemque

413 3453 783 3521 instauravit,
846 3451 1020 3507 sicuti
1076 3451 1288 3507 Esdras
1336 3452 1615 3507 narravit.
1667 3451 1812 3508 Inde
1855 3459 2055 3510 autem

415 3545 521 3598 483
551 3543 692 3598 anni
735 3541 920 3612 elapsi
978 3545 1116 3596 sunt
1143 3556 1331 3611 usque
1382 3540 1455 3596 ad
1515 3540 1811 3597 excidium
1869 3542 2053 3610 urbis,

418 3629 921 3703 quemadmodum
949 3630 1236 3700 Josephus
1264 3627 1542 3685 Hebrwus
1572 3634 1841 3686 testatur.

486 3722 641 3779 843
674 3720 835 3775 Idem
867 3718 1170 3774 memoriae
1200 3717 1543 3785 tradidit,ea
1566 3718 1691 3792 ipse
1722 3719 1818 3774 die
1849 3736 1965 3790 qua
1993 3720 2057 3776 in

418 3827 654 3868 crucem
685 3808 952 3865 sublatus
983 3812 1073 3863 est
1106 3808 1394 3875 Christus,
1430 3812 1688 3879 primum
1721 3809 1781 3864 in
1839 3809 2056 3881 templo

414 3901 677 3972 fragores
707 3898 941 3953 auditos
1002 3897 1206 3964 fuisse,
1239 3896 1455 3954 deinde
1498 3915 1567 3953 ex
1598 3898 1826 3953 intimis
1866 3914 2058 3970 pene-

418 3989 669 4045 tralibus
699 4003 901 4043 vocem
934 3987 1273 4042 exauditam
1305 3987 1641 4060 ingentem:
1675 4011 1703 4039 ‹‹
1761 3988 2061 4045 Abeamus

421 4080 579 4135 hinc.
618 4101 645 4128 »

493 4168 739 4225 Pontius
790 4167 1029 4237 Pilatus,
1060 4167 1391 4239 imperante
1444 4169 1503 4224 C.
1538 4170 1787 4237 Cmsare,
1848 4174 1913 4224 ut
1956 4171 2065 4226 Ro-

422 4274 734 4316 manarum
765 4273 965 4313 rerum
999 4257 1317 4329 scriptores
1343 4257 1677 4328 perhibent,
1699 4257 1874 4313 variis
1905 4258 2061 4314 cala-

423 4349 730 4404 mitatibus
787 4347 1223 4404 circumventus
1257 4363 1471 4402 manus
1517 4345 1629 4402 sibi
1680 4346 1898 4403 attulit.
1949 4347 2064 4402 Alii

421 4437 589 4491 aiunt
619 4453 756 4491 eum
777 4435 932 4506 apud
963 4437 1252 4491 Caesarem
1275 4434 1488 4491 Christi
1519 4451 1697 4491 causa
1725 4440 2065 4492 accusatum

421 4541 457 4580 a
481 4525 658 4579 Maria
687 4523 1048 4596 Magdalena,
1081 4523 1223 4594 pelli
1254 4539 1462 4579 recens
1492 4523 1632 4580 boxi
1665 4524 1942 4582 detractas
1974 4525 2063 4581 in-

2163 3359 2345 3451 στησε,
2376 3377 2557 3441 καθὼς
2586 3371 2819 3449 Ἔσδρας
2860 3372 3191 3448 διηγήσατο.
3235 3375 3514 3437 Ἐντεῦθεν
3546 3374 3660 3442 υπγ“
3710 3359 3797 3433 ἔτη

2157 3467 2435 3546 γεγόνασιν
2485 3461 2592 3528 ἕως
2642 3470 2742 3533 τῆς
2791 3469 3146 3537 κατασκαφῆς
3204 3469 3306 3532 τῆς
3366 3460 3607 3528 πόλεως,
3644 3455 3804 3518 καθὼς

2159 3559 2411 3629 Ιώσηπος
2432 3556 2459 3610 6
2493 3548 2753 3628 Ἐϐραῖος
2789 3557 3087 3628 μαρτυρεῖ.

2175 3783 2177 3785 ,
2241 3734 2513 3803 Ἰώσηπος
2545 3731 2755 3804 ἱστορεῖ
2785 3727 2868 3785 ὅτι
2907 3728 3044 3785 κατᾶ
3073 3732 3171 3801 τὴν
3219 3730 3395 3800 αύτήν
3463 3728 3667 3803 ἡμέραν
3715 3730 3801 3793 τῆς

2169 3828 2267 3880 τοῦ
2297 3820 2493 3897 Κυρίου
2527 3819 2883 3895 σταυρώσεως
2915 3819 3156 3882 κτύπους
3196 3823 3294 3875 τοῦ
3340 3822 3501 3895 ἱεροῦ
3550 3814 3801 3873 ἀντιλαμ-

2171 3909 2420 3969 ϐάνεσθαι
2480 3913 2717 3984 πρῶτον,
2804 3903 2988 3964 ἔπειτα
3071 3915 3262 3986 φωνῆς
3337 3908 3539 3985 ἀθρόας
3611 3900 3801 3965 ἔνδοθεν

2168 4003 2391 4059 ἀκοῦσαι
2448 3999 2555 4054 ἀπὸ
2618 4001 2715 4053 τοῦ
2788 3997 3064 4053 ἐσωτάτου
3120 3999 3294 4074 ἱεροῦ·
3330 4023 3363 4051 ι(
3413 3990 3800 4064 Μεταὸαίνομεν

2168 4091 2392 4148 ἐτεῦθεν.
2430 4112 2457 4139 ››

2239 4181 2366 4237 ’Ότι
2398 4178 2425 4232 6
2454 4175 2677 4239 Πόντιος
2737 4174 2975 4238 Πιλᾶτος
3009 4174 3096 4231 ἐπὶ
3157 4174 3319 4232 Γαΐου
3373 4176 3643 4249 Καίσαρος
3692 4186 3798 4223 ποι·

2170 4269 2353 4331 κίλαις
2410 4265 2716 4341 περιπεσὼν
2762 4271 3088 4343 συμφοραῖς,
3139 4263 3215 4330 ὥς
3270 4287 3430 4342 φασιν
3460 4265 3517 4319 οἱ
3572 4263 3637 4318 τὰ
3682 4259 3800 4343 Ῥφο

2177 4357 2349 4432 μαίων
2431 4342 2899 4433 συγγραψάμενοι,
2981 4355 3383 4433 αύτοφονευτής
3441 4354 3627 4408 ἑαυτοῦ
3698 4342 3801 4433 ἐγὲτ

2171 4428 2316 4501 νετο.
2358 4443 2426 4502 Οἱ
2458 4428 2520 4498 δέ
2547 4428 2781 4516 ’Μαρίαν
2818 4443 2919 4509 τήν
2980 4428 3359 4517 Μαγδαληνὴν
3417 4439 3631 4513 λέγουσι
3700 4428 3798 4485 κατ’

2176 4533 2345 4591 αὐτοῦ
2399 4537 2479 4605 τῷ
2529 4530 2760 4604 Καίσαρι
2837 4530 2971 4605 ὑπὲρ
3026 4534 3124 4584 τοῦ
3188 4531 3428 4605 Χριστοῦ
3482 4522 3797 4602 προσελθεῖν,

424 4618 624 4669 sutum
680 4629 802 4667 una
830 4628 965 4667 cum
1024 4612 1201 4685 gallo,
1252 4612 1453 4685 vipera
1513 4618 1570 4669 et
1601 4614 1795 4685 simia,
1852 4621 1915 4671 ut
1976 4621 2053 4673 esl

2171 4625 2231 4687 ’ὸς
2261 4621 2489 4699 δέρματι
2522 4621 2690 4697 βοείῳ
2746 4616 3024 4694 νεοδάρτῳ
3071 4624 3268 4676 τοῦτον
3331 4621 3470 4694 μετὰ
3528 4613 3798 4699 ἀλέκτορος

424 4702 706 4758 Romanis
742 4702 1129 4770 consuetudo,
1189 4701 1491 4774 radiisque
1542 4703 1683 4758 solis
1732 4706 2066 4776 expositum

425 4791 831 4864 periisse.Non
860 4789 1077 4846 desunt
1104 4791 1206 4862 qui
1238 4807 1373 4848 eum
1404 4791 1553 4847 utris
1582 4792 1772 4849 instar
1800 4796 2066 4851 excoria-

424 4886 551 4934 tum
583 4877 802 4933 obiisse
835 4876 1207 4949 perhibeant.

493 5061 981 5133 Alienigenarum
1039 5058 1102 5113 in
1154 5057 1388 5114 Judaaos
1444 5075 1691 5132 regnum
1749 5076 1938 5133 usque
1993 5063 2068 5120 ad

426 5152 744 5224 Agrippam
776 5150 1071 5205 minorem
1101 5146 1362 5205 obtinuit
1390 5165 1580 5205 annos
1608 5150 1843 5209 lOO,h0c
1867 5154 2064 5209 modo.

424 5241 705 5313 Regnavit
758 5239 990 5310 primus
1040 5237 1301 5292 Herodes
1356 5238 1707 5295 infanticida
1742 5256 1930 5296 annos
1978 5245 2065 5299 37.

423 5328 563 5398 Ejus
590 5328 749 5383 ﬁlius
780 5329 1103 5384 Archelaus
1130 5344 1319 5383 annos
1349 5331 1403 5394 9,
1431 5328 1688 5384 Herodes
1729 5329 1910 5385 frater
1939 5332 2068 5404 ejus

429 5434 618 5472 annos
647 5419 736 5486 24,
800 5417 1059 5473 Herodes
1116 5418 1394 5491 Agrippa,
1445 5418 1496 5473 is
1540 5419 1641 5490 qui
1699 5436 1733 5475 a
1773 5422 2068 5479 vermibus

429 5512 816 5577 consumptus
848 5512 956 5573 est,
990 5511 1042 5573 7,
1077 5508 1335 5579 Agrippa
1365 5507 1578 5576 minor,
1615 5508 1744 5564 ﬁliu
1807 5511 2067 5583 ejus,an-

430 5613 538 5652 nos
566 5598 656 5649 27.

503 5687 732 5745 Hebraei
751 5701 1018 5743 mensem
1031 5686 1301 5743 lunarem
1317 5690 2071 5765 supputant,undetriginta

2174 4714 2261 4768 καὶ
2297 4698 2521 4787 ἐχίδνης
2575 4710 2664 4765 καὶ
2718 4710 2978 4779 πιθήκου,
3027 4709 3103 4770 ὡς
3155 4704 3297 4763 ἔστιν
3356 4706 3474 4768 ἔθος
3504 4698 3794 4787 Ῥωμαίοις,

2175 4780 2598 4877 ἐγκλείσαςήκαὶ
2638 4797 2715 4861 εἷς
2772 4801 2961 4852 καῦσιν
3021 4794 3187 4866 ἡλίου
3228 4796 3338 4861 θεὶς
3388 4794 3705 4853 ἀπέκτεινεν.
3737 4780 3793 4877 Οί

2176 4869 2235 4947 δέ
2264 4891 2338 4954 ὡς
2396 4889 2560 4945 ἀσκὸν
2623 4884 2837 4961 μᾶλλον
2875 4887 3037 4943 αὐτὸν
3106 4885 3330 4963 λέγουσι
3387 4883 3668 4959 ἐκδαρῆναι
3715 4869 3792 4928 καὶ

2177 4980 2348 5042 οὕτως
2374 4977 2687 5035 ἀποθανεῖν.

2243 5069 2368 5126 Ὃτι
2397 5069 2433 5136 ἡ
2464 5071 2574 5122 τῶν
2607 5062 2944 5144 ἀλλοφύλων
3013 5063 3099 5120 ἐπὶ
3144 5060 3413 5121 Ἰουδαίαν
3445 5055 3681 5144 βασιλεία
3706 5044 3793 5107 ἕως

2176 5163 2273 5214 τοῦ
2301 5162 2499 5233 μικροῦ
2538 5142 2817 5233 Ἀγρίππα
2846 5154 3061 5230 ἐκράτει
3118 5156 3356 5230 χρόνους
3415 5151 3596 5210 ἐκατὸν
3624 5142 3792 5233 οὕτως·

2172 5228 2429 5322 Ἡρώδης
2454 5228 2675 5323 πρῶτος
2704 5248 2732 5300 6
2762 5245 2830 5300 τὰ
2865 5228 3037 5315 νήπια
3076 5228 3286 5299 ἀνεΛὼν
3339 5239 3433 5314 ἔτη
3490 5240 3587 5310 λζ’,
3615 5228 3792 5323 ’ξρχὲί

2179 5312 2313 5398 λαος
2347 5337 2375 5391 6
2408 5312 2523 5398 υἱὸς
2556 5334 2722 5391 αὐτοῦ
2764 5336 2829 5403 θ’,
2852 5312 3108 5405 Ἡρώδης
3166 5335 3195 5387 6
3255 5312 3485 5409 ἀδελφὸς
3535 5319 3685 5383 αὐτου
3710 5312 3795 5409 κδ’,

2176 5423 2428 5499 Ἡρώδης
2468 5427 2495 5480 6
2529 5425 2619 5479 καὶ
2652 5403 2989 5498 Ἀγρίππας,
3036 5422 3064 5477 ὁ
3123 5403 3608 5492 σκωληκόϐρωτος,
3661 5403 3792 5470 ἑπτά,

2176 5517 2488 5591 Ἀγρίππας
2519 5513 2635 5575 υίὸς
2665 5514 2835 5568 αὐτοῦ
2867 5514 2895 5566 ὁ
2929 5511 3123 5586 μικρὸς
3154 5507 3247 5581 ἔτη
3276 5512 3375 5580 κζ’.

2248 5692 2373 5751 ⁴Οτι
2402 5695 2512 5749 τῶν
2547 5686 2819 5769 Ἐϐραίων
2851 5688 3189 5763 σεληνιακῶς
3218 5689 3312 5745 τὸν
3375 5694 3515 5764 μῆνα
3551 5671 3785 5759 iunia“
