4118 6276
350 395 469 457 381

1519 397 2068 463 HISTORIARUM
2110 400 2661 471 COMPENDIUM.

3667 413 3785 475 382

349 545 490 597 των,
518 523 649 592 ἢτοι
678 526 766 590 κθ¹
803 524 898 581 καὶ
929 524 1166 599 ἡμίσους
1217 523 1449 601 ἡμέρας,
1479 525 1567 580 καὶ
1625 529 1723 580 τοῦ
1753 524 2023 581 κυκλικοῦ

2139 530 2419 588 nimirum
2448 532 2677 591 dierum
2710 553 2844 594 cum
2885 539 3130 596 semisse
3153 539 3293 595 diei.
3319 541 3546 596 Etcum
3570 541 3784 598 solaris

360 613 611 670 ἱνιαυτοῦ
667 619 772 671 τοῦ
810 617 929 671 καθ’
987 614 1147 685 ἥλιον
1208 611 1549 693 ὑπάρχοντος
1580 616 1805 690 ἡμερῶν
1833 615 1934 685 τξε“
1962 610 2026 681 δ’,

358 704 471 773 τὴν
517 702 659 760 κατὰ
712 702 954 776 σελήνην
993 699 1381 777 δωδεκάμηνον
1428 702 1834 777 παραλλάσσειν
1885 699 2029 774 ἠμὲ-

363 814 474 868 ρας
505 794 570 849 ια’
601 792 664 851 δ’.
709 796 809 850 Διά
856 798 1017 851 τοῦτο
1099 790 1353 850 Ἰουδαῖοι
1391 798 1536 867 τρεῖς
1570 799 1741 864 μῆνας
1796 786 2032 865 ἐμϐολί-

362 903 512 956 μους
590 885 681 957 [Ρ.
740 886 863 959 196]
950 882 1004 939 ἐν
1086 880 1254 939 ἔτεσιν
1316 882 1461 938 ὀκτὼ
1518 875 2029 956 παρεμϐάλλουσιν

362 972 597 1036 ὀκτάκις
628 973 733 1051 γὰρ
761 975 878 1047 (38)
904 972 973 1029 τὰ
1005 974 1070 1029 ια’
1124 973 1213 1028 γαὶ
1274 978 1325 1043 η’
1390 970 1432 1027 δ’
1488 976 1706 1028 ποιοῦσι
1734 972 2028 1047 τρίμηνον.

438 1146 701 1225 Τιϐέριος
732 1150 761 1205 ὁ
795 1151 911 1213 υίὸς
968 1154 1067 1206 τοῦ
1124 1149 1394 1220 Καίσαρος
1427 1150 1454 1204 ὁ
1485 1148 2026 1226 προμνημονευθεὶς,

359 1240 538 1303 οὗτος
568 1239 700 1320 ἔσχε
756 1246 916 1296 Γαῖον
967 1239 1202 1313 ἀνεψιόν.
1264 1240 1631 1314 Ἀστρολόγου
1662 1236 1720 1293 δὲ
1755 1244 1851 1293 τοῦ
1885 1245 2027 1313 Θρα-

354 1330 544 1386 σύλου
580 1332 692 1404 (39)
724 1328 911 1407 γέγονε
954 1325 1208 1406 Τεϐέριος
1256 1332 1548 1404 φοιτητής,
1581 1328 1641 1392 ὅς
1668 1332 1929 1391 τοσοῦτος
1960 1329 2025 1398 ἦν

354 1420 475 1487 τήν
530 1417 734 1493 τέχνην
784 1419 860 1482 ὡς
905 1419 1375 1493 ἀγανακτήσαντός
1431 1439 1563 1475 ποτε
1616 1422 1714 1474 τοῦ
1771 1413 2027 1490 Τιϐερίου

354 1510 491 1563 κατ’
549 1508 738 1577 αὐτοῦ,
797 1507 885 1564 καὶ
947 1508 1312 1585 βουληθέντος
1370 1505 1522 1588 ἄφνω
1567 1507 1657 1564 διά
1683 1512 1780 1564 τοῦ
1809 1507 2027 1583 τείχους

356 1595 537 1653 αὐτὸν
595 1597 829 1667 ὠθῆσαι,
895 1598 1283 1673 σκυθρωπάσαι
1349 1598 1475 1677 φασῖ
1574 1598 1668 1653 τὸν
1744 1596 2025 1672 Θρασύλον

354 1686 636 1761 παρευθύ.
674 1687 1084 1761 Ἐρωτήσαντος
1143 1682 1201 1740 δὲ
1253 1681 1518 1761 Τιϐερίου
1576 1686 1674 1754 τὴν
1719 1683 1892 1740 αἰτίαν
1920 1679 2022 1761 ἔφη

357 1775 717 1840 αἰσθάνεσθαι
798 1773 1157 1850 κλιμακτῆρα
1241 1773 1401 1851 ἐγγὺς
1505 1773 1672 1830 αὐτοῦ
1767 1772 2025 1849 μέγιστον

2138 619 2504 678 circuitionis
2534 640 2725 681 annus
2774 627 2850 680 sit
2878 628 3109 684 dierum
3153 630 3255 683 365
3308 646 3375 685 ac
3406 629 3780 701 quadrantis,

2136 707 2336 780 itaque
2361 709 2672 769 duodecim
2695 715 2934 773 lunares
2956 734 3193 773 menses
3228 722 3283 773 11
3315 718 3524 774 diebus
3542 719 3778 791 dieique

2137 797 2463 867 quadrante
2495 810 2753 875 superet,
2785 805 2918 861 ideo
2955 807 3138 861 Judaei
3170 813 3289 862 tres
3321 824 3577 874 menses,
3612 810 3712 880 qui
3746 826 3781 865 a

2135 902 2200 942 re
2231 888 2447 946 Grazcis
2479 892 2835 950 embolimeoi
2865 895 3165 965 dicuntur,
3198 896 3556 953 intercalant
3575 904 3781 954 octavo

2136 991 2372 1047 quoque
2416 995 2593 1036 anno.
2636 984 2780 1038 Nam
2829 985 3014 1039 octies
3061 985 3337 1040 undecim
3385 986 3512 1041 dies
3563 994 3622 1042 et
3648 993 3780 1043 octo

2136 1065 2494 1135 quadrantes
2522 1070 2640 1126 diei
2672 1072 2941 1129 efﬁciunt
2969 1080 3090 1130 tres
3121 1090 3386 1139 menses,

2205 1154 2360 1212 844
2407 1159 2672 1215 Tiberius
2724 1163 3040 1233 praedictus
3082 1164 3324 1220 fratrem
3378 1165 3605 1235 habuit,
3663 1184 3780 1238 quo

2134 1248 2305 1299 natus
2346 1251 2436 1301 est
2479 1248 2672 1304 Caius.
2723 1250 2989 1306 Tiberius
3020 1253 3299 1325 astrologi
3347 1254 3636 1326 Thrasylli
3667 1255 3782 1309 fuit

2133 1331 2460 1405 discipulus
2481 1338 2776 1396 assiduus.
2809 1342 2993 1396 Tanta
3045 1341 3157 1397 fuit
3207 1343 3513 1414 Thrasyllo
3544 1344 3778 1415 peritia,

2132 1425 2197 1475 ut
2226 1437 2360 1477 cum
2392 1440 2524 1479 eum
2567 1426 2886 1483 Tiberirius
2934 1434 3121 1485 iratus
3153 1431 3408 1501 quodam
3460 1432 3556 1487 die
3590 1431 3784 1487 subito

2131 1512 2495 1583 praecipitem
2527 1514 2599 1570 de
2632 1533 2802 1572 muro
2834 1535 3005 1592 agere
3037 1520 3340 1576 statuisset
3365 1537 3585 1576 secum.
3622 1521 3779 1576 illico

2130 1599 2295 1655 vultu
2330 1604 2671 1661 mmstitiam
2720 1607 3061 1680 Thrasyllus
3110 1610 3457 1681 praetulerit,
3511 1626 3784 1666 causam-

2132 1705 2245 1759 que
2277 1707 2311 1746 a
2358 1692 2588 1749 Tiberio
2650 1695 3069 1768 interrogatus,
3121 1715 3252 1754 eam
3299 1700 3409 1754 sibi
3461 1700 3668 1755 horam
3701 1699 3793 1755 vel

2130 1779 2387 1835 maxime
2419 1785 2661 1839 scansili
2692 1802 2985 1842 annorum
3019 1788 3145 1860 lege
3175 1789 3574 1860 periculosam
3605 1806 3666 1844 se
3700 1790 3785 1843 in.

355 1863 541 1938 ταύτῃ
720 1863 855 1938 ῶρᾳ.
939 1864 1041 1921 Καὶ
1126 1866 1223 1918 τοῦ
1305 1856 1564 1937 Τιϐερίου
1623 1862 2020 1938 θαυμάσαντος,

2139 1866 2404 1940 telligere
2466 1872 2710 1930 dixerit:
2769 1876 2967 1947 itaque
3038 1856 3335 1933 Tiberium
3394 1878 3788 1933 admiratione

358 1954 529 2009 ὶᾶσαι
563 1952 722 2008 αὐτόν
752 1973 885 2030 φησι
915 1952 1299 2027 Πλούταρχος.

438 2044 568 2101 Ὀτι
601 2036 852 2112 Τιϐέριος
895 2045 1015 2105 τοῖς
1062 2045 1172 2096 τῶν
1234 2040 1450 2097 πόλεων
1496 2039 1762 2118 ἄρχουσιν
1802 2038 2031 2116 ἔγραφεν

357 2132 449 2192 ὡς
483 2129 537 2185 εἴ
586 2151 639 2186 τι
696 2130 843 2204 παρὰ
892 2128 1020 2192 τοὺς
1072 2128 1278 2202 νόμους
1337 2130 1556 2204 γράψει,
1604 2132 1679 2203 μὴ
1736 2128 2027 2205 προσέχειν

358 2219 543 2299 φησὶν
577 2219 652 2279 ὡς
682 2217 1034 2291 ἆγνοήσαντι.
1090 2218 1264 2279 Οὗτος
1318 2218 1407 2273 καὶ
1467 2216 1711 2294 βραδέως
1748 2216 1875 2273 τοὺς
1929 2215 2027 2289 ἄρ-

362 2328 591 2387 χοντας
638 2303 917 2382 διεδέχετο
963 2305 1144 2385 φειδοῖ
1196 2309 1305 2361 τῶι
1367 2307 1646 2378 ὑπηκόων.
1703 2306 2030 2382 Ἐρωτηθεὶς

359 2396 432 2454 δὲ
464 2397 568 2466 τήν
627 2396 802 2452 αἰτίαν
853 2396 974 2451 εἷπε
1026 2397 1125 2464 τὴν
1173 2396 1472 2471 παροιμίαν
1529 2401 1639 2452 τῶν
1692 2395 2029 2469 ἐπικαθημέ-

361 2508 484 2542 νων
521 2489 699 2558 μυιῶν
728 2490 807 2556 τῷ
862 2484 1169 2560 τραυματίᾳ
1224 2485 1314 2539 καὶ
1372 2489 1469 2541 τοῦ
1526 2484 1851 2556 Θελήσαντος
1890 2485 2031 2540 ἀπο·-

363 2570 622 2644 σοϐἤσαι
651 2573 850 2635 ταύτας
897 2574 987 2628 καὶ
1035 2572 1376 2636 κωλυθέντος
1432 2574 1536 2629 ὑπὸ
1565 2579 1662 2630 τοῦ
1690 2575 2028 2649 τραῦματίου

361 2667 650 2733 εἰπόντος,
688 2663 777 2719 ’ἱνα
822 2666 898 2738 μὴ
934 2663 1099 2721 ἄλλαι
1131 2669 1389 2720 πεινῶσαι
1438 2663 1672 2738 α’ίματος
1729 2664 2026 2730 ἐπέλθοιεν,

440 2943 598 3015 Φησὶ
629 2940 690 2998 δὲ
718 2936 985 3004 Εὐσέϐιος
1040 2942 1123 2998 ὅτι
1181 2946 1261 3014 τῷ
1307 2943 1364 2998 ιε’
1394 2938 1500 2998 ἔτει
1539 2937 1792 3019 Τιϐερίου
1828 2944 2028 3020 βαπτί-

364 3040 522 3106 ζεται
559 3031 821 3107 ὁΚύριος
881 3034 1041 3105 ἡμῶν
1097 3033 1308 3102 Ἰησοῦς
1363 3035 1621 3108 Χριστὸς,
1680 3032 1899 3107 συνῳδὰ
1948 3040 2028 3108 τῷ

370 3122 720 3198 ΕὔαγγεΑίῳ,
758 3121 845 3176 καὶ
891 3119 942 3175 ἐν
1002 3125 1083 3193 τῷ
1143 3122 1213 3191 ιη’
1266 3120 1330 3176 τὸ
1388 3123 1658 3197 σωτήριον
1694 3122 1894 3195 ὑπέστη
1928 3125 2029 3179 πά-

2136 1963 2373 2028 captum
2407 1963 2461 2017 ei
2487 1964 2844 2033 pepercisse.
2876 1967 3097 2020 Auctor
3125 1966 3499 2023 Plutarchus.

2208 2049 2452 2123 Scripsit
2482 2052 2749 2108 Tiberius
2793 2053 2866 2107 ad
2914 2053 3152 2110 urbium
3200 2055 3510 2126 praefectos
3544 2071 3618 2111 ne
3671 2057 3784 2112 sibi

2132 2139 2358 2210 aliquid
2406 2140 2632 2211 legibus
2662 2140 2976 2197 adversum
3007 2159 3114 2214 per
3155 2144 3445 2215 rescripta
3472 2144 3783 2203 mandanti

2132 2227 2630 2301 obtemperarent,
2654 2230 2760 2286 sed
2783 2231 3139 2304 ignorationi
3162 2232 3221 2287 id
3245 2232 3595 2289 tribuerent.
3620 2234 3787 2290 Idem

2130 2317 2427 2389 praefectis
2470 2318 2697 2375 tardius
2734 2336 3109 2376 successores
3127 2321 3309 2387 misit,
3339 2321 3590 2377 subditis
3621 2340 3691 2379 ea
3721 2324 3783 2379 in

2130 2424 2193 2463 re
2224 2424 2491 2479 parcens.
2528 2409 2898 2481 Causamque
2928 2414 3166 2483 rogatus
3201 2410 3460 2466 tabulam
3514 2413 3786 2482 protulit.

2130 2496 2449 2569 Cujusdam
2481 2497 2825 2554 vulneribus
2854 2515 3089 2555 muscas
3135 2500 3446 2570 insedisse,
3496 2517 3773 2572 superve-

2129 2588 2323 2644 nissse
2354 2589 2672 2659 quemdam
2704 2590 2805 2661 qui
2839 2607 2938 2645 eos
2969 2590 3144 2646 vellet
3183 2591 3421 2664 abigere
3447 2609 3459 2646 :
3512 2594 3782 2648 saucium

2131 2694 2268 2734 vero
2299 2678 2359 2733 id
2390 2679 2782 2749 prohibuisse,
2819 2680 2975 2750 quod
3008 2680 3231 2736 diceret
3262 2681 3322 2736 in
3356 2686 3518 2736 metu
3549 2698 3610 2737 se
3642 2698 3773 2737 esse

2132 2783 2205 2822 ne
2237 2783 2443 2823 earum
2472 2768 2534 2822 in
2565 2768 2764 2823 locum
2793 2769 2926 2824 aliae
2959 2770 3309 2841 sanguinem
3340 2770 3666 2826 etiamnum
3698 2772 3777 2825 si-

2132 2856 2348 2911 tientes
2376 2857 2782 2911 succederent.

2203 2942 2404 3000 Tradit
2436 2944 2725 2999 Eusebius
2746 2960 2903 2999 anno
2921 2945 3135 3001 Tiberii
3169 2950 3229 2999 l5
3262 2946 3559 3002 Christum
3589 2948 3777 3019 bapti-

2134 3040 2363 3099 zatum;
2398 3033 2555 3105 quod
2584 3050 2717 3088 cum
2750 3034 3060 3105 Evangelia
3093 3037 3382 3108 congruit.
3408 3038 3773 3108 Passumque

2133 3139 2288 3179 anno
2321 3122 2536 3177 Tiberii
2599 3124 2684 3191 18,
2716 3122 2923 3178 mundi
2981 3124 3141 3179 5539.
3200 3124 3363 3181 Idem
3419 3125 3492 3181 de
3547 3127 3774 3182 Joanne

377 3213 495 3282 θος,
525 3211 576 3266 ἒν
605 3207 712 3266 ἔτει
752 3215 851 3267 τοῦ
910 3210 1120 3283 κόσμου
1177 3211 1308 3288 εφθ’.
1369 3211 1567 3287 Γράφει
1622 3209 1680 3267 δὲ
1708 3213 1797 3268 καὶ
1830 3213 2026 3284 Ἰώση-

2139 3213 2397 3285 Baptista
2426 3212 2510 3267 sic
2538 3212 2761 3267 scribit.
2807 3212 3054 3278 Quidam
3083 3213 3269 3270 Judaei
3300 3215 3785 3272 existimaverunt

388 3322 491 3363 πος
517 3302 630 3376 περὲ
689 3301 784 3374 μὶν
842 3301 1095 3358 Ἰωάννου
1150 3306 1248 3357 τοῦ
1305 3303 1613 3359 Βαπτιστοῦ
1668 3308 1857 3363 ταῦτα.
1907 3310 2027 3363 Τισὶ

391 3395 505 3445 τῶν
537 3387 788 3446 Ἰουδαίων
850 3386 1026 3445 ἐδόκει
1082 3387 1414 3447 διολωλέναι
1463 3392 1554 3447 τὸν
1588 3391 1837 3466 Ἡρώδου
1868 3415 2027 3472 στρα-

388 3480 479 3534 τὸν
521 3480 618 3535 ὑπὸ
647 3484 782 3535 Θεοῦ
811 3479 905 3534 καὶ
938 3478 1088 3553 μάλα
1134 3477 1344 3535 δικαίαν
1399 3483 1719 3556 τιννυμὲνου
1751 3480 1906 3555 δίκην
1939 3482 2027 3541 διὰ

376 3572 579 3640 ποινήν
636 3568 887 3625 Ἰωάννου
922 3568 1022 3624 τοῦ
1075 3566 1420 3642 καλουμένου
1460 3576 1785 3629 Βαπτιστοῦ.
1829 3571 2029 3631 Τοῦτον

373 3659 482 3736 γάρ
515 3656 768 3733 Ἡρώδης
827 3656 1027 3714 κτείνει
1084 3659 1285 3735 ἀγαθὸν
1340 3656 1507 3733 ἄνδρα
1562 3662 1652 3716 καὶ
1710 3667 1829 3725 τοῖς
1884 3664 2024 3721 Ἰου-

366 3748 555 3811 δαίοις
581 3747 878 3804 κελεύοντα
925 3747 1122 3823 ἀρετὴν
1171 3746 1420 3803 ἐπασκεῖν
1458 3750 1548 3805 καὶ
1576 3752 1643 3805 τὰ
1673 3751 1807 3826 πρὸς
1849 3752 2024 3825 ἀλλή-

358 3838 505 3900 λους
537 3834 856 3909 δικαιοσύνῃ
889 3835 977 3891 καὶ
1026 3836 1094 3891 τὰ
1151 3837 1289 3911 πρὸς
1346 3836 1474 3892 Θεὸν
1509 3833 1751 3911 εὐσεϐείᾳ
1782 3843 2023 3915 χρῆσθαι

351 3928 459 3984 καὶ
491 3927 734 3982 συνιέναι
769 3925 1092 4001 βαπτισμόν.
1155 3925 1284 4001 Περὶ
1345 3923 1402 3981 δὲ
1450 3931 1551 3981 τοῦ
1588 3928 1830 4001 Χριστοῦ
1858 3930 2023 3987 πάλιν

351 4020 387 4073 ὁ
422 4016 591 4085 αὐτός
620 4036 808 4093 φησιν,
840 4016 945 4085 ὅτι,
977 4014 1124 4070 Κατὰ
1176 4015 1271 4070 τὸν
1328 4016 1515 4091 καιρὸν
1542 4020 1736 4073 τοῦτον
1772 4020 1964 4090 Ιησοῦς
1995 4021 2025 4076 ὁ

356 4107 542 4184 σοφὸς
595 4106 734 4180 ἀνὴρ
788 4108 879 4175 ἦν,
937 4103 1054 4182 εἷ’γε
1104 4102 1275 4180 ἄνδρα
1335 4103 1509 4182 λέγειν
1537 4106 1696 4162 αὐτὸν
1730 4107 1923 4184 ἐχρῆν·
1957 4111 2022 4180 ἦν

353 4196 472 4273 γᾶρ
523 4190 839 4269 παραδόξων
888 4190 1063 4270 ἔργων
1118 4194 1357 4264 ποιητὴς
1410 4194 1501 4249 καὶ
1557 4191 1887 4262 διδάσκαλος
1933 4199 2025 4253 ἀν..

363 4284 613 4358 θγώπων
641 4286 750 4337 τῶν
789 4279 846 4336 ἂν
896 4279 1072 4355 ἡδονῇ
1127 4279 1347 4351 τάληθῆ
1405 4279 1740 4358 δεχομένων·
1773 4284 2027 4353 πολλοὺς

363 4373 481 4450 γὰρ
513 4372 603 4427 καὶ
658 4370 764 4427 ὰπὸ
819 4368 1106 4441 Ἑλλήνων
1165 4370 1404 4448 ἠγάγετο
1442 4371 1696 4447 Χριστός.
1728 4375 1825 4431 "Ov
1859 4375 2026 4432 Ι-Ιιλά-

360 4483 470 4517 του
502 4462 910 4537 σταυρώσαντος
969 4459 1067 4517 οὒκ
1123 4459 1424 4517 ἐπαύσαντο
1480 4462 1839 4536 κηρύσσοντες
1898 4465 2023 4543 περῖ

358 4552 544 4607 αὐτοῦ
600 4550 652 4605 οἳ
706 4550 770 4605 τὸ
820 4552 1037 4625 πρῶτον
1095 4548 1257 4604 αὐτὸν
1329 4550 1701 4626 ἀγαπήσαντες
1761 4555 2019 4625 μαθηταί,

360 4641 581 4719 Ἐφάνη
612 4641 715 4715 γάρ
775 4637 958 4702 αὐτοῖς
1006 4638 1197 4714 τρίτην
1255 4638 1470 4715 ἡμέραν
1521 4639 1669 4720 ἔχων
1698 4641 1863 4699 πάλιν
1896 4648 2025 4716 ζῶν,

363 4733 484 4784 τῶν
515 4727 675 4792 θείων
705 4728 1001 4804 προφητῶν
1058 4730 1230 4783 ταῦτα
1283 4747 1342 4782 τε
1395 4727 1485 4782 καὶ
1536 4725 1682 4783 ἄλλα
1751 4750 2027 4807 μαρτυρη-

368 4820 589 4874 σάντων
617 4816 742 4891 περὶ
798 4814 965 4870 αὐτοῦ
1022 4813 1295 4889 θαυμάσια
1347 4815 1437 4871 καὶ
1493 4816 1818 4891 εἰρηκότων.
1851 4819 2028 4882 Οὗτος

2139 3301 2387 3358 Herodis
2418 3302 2739 3357 exercitum
2771 3319 2805 3358 a
2833 3304 2947 3358 Deo
2977 3302 3159 3359 fuisse
3185 3303 3477 3360 delectum
3492 3306 3658 3377 justa
3683 3306 3781 3362 ad-

2139 3392 2381 3447 modum
2428 3390 2687 3447 vindicta
2744 3392 2817 3447 ob
2848 3393 3070 3448 caedem
3123 3394 3333 3449 Joanni
3387 3402 3780 3468 cognomento

2138 3482 2412 3553 Baptistte
2443 3481 2894 3537 illatam.'Hunc
2923 3483 3083 3537 enim
3123 3484 3323 3539 necari
3365 3484 3625 3540 Herodes
3646 3485 3780 3557 jus-

2139 3576 2315 3639 serat,
2346 3570 2535 3625 virum
2566 3570 2789 3626 bonum
2823 3575 2881 3625 et
2899 3570 3132 3627 Iudaeos
3163 3572 3235 3627 ad
3269 3572 3529 3628 studium
3548 3573 3781 3628 virtutis

2138 3660 2571 3729 exhortantem,
2590 3658 3006 3731 justitiamque
3026 3660 3085 3715 in
3108 3659 3240 3715 vitae
3270 3661 3420 3718 345
3449 3663 3783 3717 communis

2135 3766 2247 3806 usu
2264 3755 2323 3805 et
2352 3748 2426 3806 ad
2449 3749 2727 3821 pietatem
2745 3750 2862 3804 Deo
2885 3749 3282 3820 praestandam
3308 3749 3786 3822 intelligendum-

2136 3855 2249 3910 que
2290 3838 2671 3910 baptismum.
2734 3840 2987 3893 Rursum
3036 3837 3108 3892 de
3136 3838 3368 3892 Christo
3422 3837 3581 3893 idem
3613 3839 3780 3894 haac:

2136 3949 2165 3978 «
2198 3927 2328 3982 Fuit
2376 3942 2445 3981 eo
2476 3931 2742 3997 tempore
2773 3926 2961 3990 Jesus,
3013 3925 3099 3980 vir
3129 3925 3386 3997 sapiens,
3440 3927 3488 3981 si
3536 3927 3778 3998 quidem

2135 4033 2271 4072 eum
2302 4016 2491 4070 virum
2522 4014 2973 4087 appellarelicet
2999 4032 3013 4083 ;
3045 4032 3184 4070 nam
3216 4021 3273 4069 et
3302 4015 3598 4072 mirabilia
3626 4016 3780 4072 facta

2133 4105 2273 4160 fecit
2304 4109 2362 4160 et
2392 4104 2666 4159 homines
2697 4103 2897 4158 docuit
2926 4105 3229 4159 veritatem
3262 4104 3519 4160 libenter
3542 4105 3777 4177 ample-

2135 4198 2382 4262 ctentes,
2414 4192 2751 4263 multosque
2784 4192 2962 4247 etiam
2986 4191 3056 4247 de
3080 4193 3294 4247 Grmcis
3324 4191 3648 4264 discipulos
3670 4193 3778 4248 ha-

2134 4283 2281 4339 buit.
2313 4284 2481 4351 Eum,
2540 4298 2675 4337 cum
2708 4287 2864 4337 esset
2911 4299 2945 4337 a
2983 4282 3171 4337 Pilato
3204 4283 3267 4337 in
3313 4298 3550 4338 crucem
3589 4287 3778 4353 actus,

2134 4372 2455 4446 praedicare
2469 4388 2589 4427 non
2602 4371 2955 4428 destiterunt
2969 4370 3372 4444 discipuli,qui
3388 4371 3572 4427 semel
3584 4372 3783 4443 ipsum

2136 4460 2486 4517 dilexerant.
2520 4460 2713 4515 Tertia
2744 4460 2904 4515 enim
2936 4461 3008 4516 ab
3039 4460 3204 4516 obitu
3230 4477 3336 4516 suo
3368 4460 3464 4515 die
3488 4459 3784 4517 redivivus

2138 4550 2224 4606 eis
2253 4550 2547 4623 apparuit,
2571 4566 2707 4606 cum
2746 4549 2987 4621 quidem
3016 4550 3200 4605 divini
3234 4556 3393 4606 vates
3426 4550 3552 4606 haec
3583 4555 3642 4605 et
3670 4550 3786 4608 alia

2140 4597 2223 4606 """'
2254 4597 2427 4623 'I’I’"
2443 4597 2547 4616 “““⁷⁷
2574 4597 2707 4606 "'"'
2749 4597 2987 4621 Ί“““““*“”
3018 4597 3200 4605 “’“”’““
3245 4597 3392 4606 ’“¹¹’”“”“
3427 4597 3551 4606 ““““’
3586 4597 3641 4605 ⁷⁷
3671 4597 3784 4608 """'

2058 4597 2109 4661 Β
2139 4640 2211 4696 de
2243 4656 2312 4695 eo
2373 4638 2726 4695 miraculosa
2768 4639 2896 4711 jam
2953 4644 3089 4695 ante
3140 4640 3335 4695 testati
3385 4656 3452 4695 ac
3482 4639 3784 4697 vaticinati

2136 4730 2407 4786 fuissent.
2443 4751 2471 4779 ››
2506 4729 2701 4785 Voluit
2729 4729 2992 4785 Tiberius
3023 4730 3436 4786 miraculorum
3470 4746 3504 4786 a
3552 4730 3783 4786 Christo

2139 4821 2435 4878 editorum
2465 4821 2624 4877 fama
2652 4821 2940 4877 excitatus
2994 4821 3375 4893 imperatorio
3420 4821 3612 4877 edicto
3644 4838 3779 4877 eum

1574 4916 1937 4975 XYLANDRI
1976 4921 2063 4977 ET
2102 4919 2318 4979 GOARI
2357 4920 2580 4976 NOT/E.

446 5016 559 5088 (38)
591 5016 775 5072 Locus
798 5014 895 5088 hic
937 5012 1202 5088 lubricus
1244 5018 1370 5088 est.
1431 5014 1780 5088 Quanquam
1831 5016 1904 5071 de
1961 5033 2024 5072 re

366 5094 499 5145 tota
528 5084 700 5160 longe
750 5086 970 5160 rectius
1026 5084 1165 5160 alibi
1226 5084 1578 5160 disputetur.
1610 5084 1772 5160 Notas
1798 5087 2021 5160 quibus

365 5160 561 5239 (Irasci
584 5155 838 5239 utuntur
846 5158 907 5212 in
923 5157 1187 5239 numeris
1199 5155 1732 5239 sign'andis‘partim
1754 5155 2020 5239 obscuras

365 5232 681 5304 plerisque
706 5234 866 5304 sunt,
890 5229 1105 5304 partim
1127 5228 1786 5304 ineptorum_librorum
1818 5230 2024 5304 depra-

366 5298 597 5359 irationi
627 5302 805 5376 nimis
835 5298 1016 5376 quam
1046 5298 1305 5355 obnoxii.
1350 5300 1434 5362 xo’
1479 5298 1514 5376 ιι
1563 5305 1653 5356 est
1681 5300 1880 5373 viginti
1899 5298 2022 5358 'noo

368 5391 507 5431 vein
536 5390 671 5429 cum
702 5370 978 5439 dimidio,
1025 5388 1159 5426 xxxx
1213 5388 1260 5426 s.
1297 5377 1354 5426 et
1383 5378 1420 5424 Δ
1451 5370 1693 5427 necesse
1726 5370 1817 5427 est
1845 5390 1914 5428 ex
1960 5390 2023 5428 re

368 5449 503 5520 ipsa
530 5451 594 5501 ut
622 5442 1342 5520 quadrantemAdesignet.
1369 5442 1773 5520 _Sed7profecto
1806 5446 1838 5499 8
1870 5444 2022 5520 mul-

366 5513 727 5591 tiplicata'in
762 5518 824 5570 11
866 5513 960 5587 1ί4
987 5515 1054 5568 90
1083 5513 1210 5591 dies
1238 5513 1531 5591 efficiunt,
1558 5514 1729 5591 quod
1753 5520 1842 5570 est
1870 5515 2029 5571 ultra

368 5584 489 5651 tres
516 5590 767 5647 lunares
798 5584 1037 5641 menses
1063 5584 1267 5659 adhuc
1285 5584 1517 5641 dierum
1548 5584 1608 5641 11
1646 5585 1741 5659 1/2
1772 5592 2024 5658 tempus.

366 5663 604 5738 Alioqui
633 5661 910 5738 constat.
930 5671 1195 5713 mensem
1251 5656 1772 5738 lunarem_29__l/2,
1804 5656 2030 5738 annum

356 5727 635 5797 lunarem
657 5732 795 5800 35‘,
820 5727 1078 5784 solarem
1097 5745 1323 5786 annum
1348 5730 1450 5785 365
1469 5732 1491 5785 1
1504 5729 1571 5802 [4
1595 5727 1828 5786 dierum
1846 5728 2032 5787 fuisse

2135 5019 2238 5075 illo
2270 5023 2537 5089 tempore
2566 5018 2641 5074 ad
2680 5017 2838 5089 quod
2863 5018 2990 5072 haec
3019 5019 3397 5082 referuntur;
3430 5021 3516 5089 ut;
3539 5015 3788 5087 prmcisa

2134 5090 2285 5146 ratio
2320 5086 2418 5145 hic
2447 5089 2595 5144 inita
2616 5086 2988 5159 nequaquam
3016 5089 3195 5143 videri
3220 5088 3424 5159 possit.
3456 5086 3522 5159 _Id
3545 5102 3785 5142 monen-

2128 5162 2271 5218 dum
2302 5161 2463 5223 duxi,
2496 5177 2570 5215 ne
2614 5157 2746 5230 quis
2780 5157 2875 5215 me
2927 5160 3155 5231 aliquid
3204 5157 3577 5213 dissimulare
3612 5163 3784 5231 puta-

2128 5240 2259 5288 ret:
2292 5249 2430 5287 nam
2483 5237 2542 5286 et
2567 5238 2779 5285 caetera
2829 5231 3008 5302 hujus
3042 5230 3178 5285 loci
3212 5247 3331 5285 non
3390 5234 3530 5283 sunt
3578 5230 3781 5286 omnia

2129 5305 2380 5373 integra.
2412 5304 2548 5357 XvL.

2201 5372 2310 5445 (36)
2345 5375 2422 5428 De
2479 5373 2782 5445 Thrasyllo
2830 5373 3064 5445 Tacitus
3096 5372 3135 5427 Ι.
3168 5390 3198 5427 v
3233 5378 3291 5426 et
3338 5372 3441 5445 Dio
3501 5378 3706 5428 noster
3736 5372 3779 5427 l.

2130 5462 2215 5501 ιν.
2244 5442 2618 5516 κλιμακτῇρες
2652 5442 2752 5515 (ᾗΠί
2794 5444 2914 5499 sint
2963 5451 3063 5500 aut
3092 5445 3192 5516 qui
3244 5444 3443 5499 Latine
3474 5451 3777 5512 vocentur,

2132 5516 2233 5572 alii
2266 5515 2708 5589 explanandum
2742 5516 3033 5589 relinquo.
3072 5515 3330 5571 Plinium
3358 5533 3462 5589 ego
3513 5517 3779 5572 imitatus

2131 5604 2310 5658 quem
2341 5586 2467 5642 vide
2521 5587 2560 5643 1.
2593 5604 2665 5641 vn
2715 5603 2766 5641 c.
2814 5588 2904 5659 49)
2955 5593 3015 5642 et
3065 5586 3417 5654 historiam;
3448 5589 3779 5659 exprimere

2130 5665 2380 5717 conatus
2410 5675 2562 5715 sum.
2596 5660 2732 5723 XVL,
