4118 6288
1761 382 2076 446 GEORGII
2121 383 2463 449 CEDRENI

3679 391 3786 453 386

409 518 565 576 inter
593 518 736 575 deos
763 516 1006 587 referre,
1066 517 1170 574 sed
1200 534 1233 574 a
1278 524 1488 577 senatu
1542 519 1866 593 impeditus
1920 517 2050 575 fuit.

2172 511 2483 594 ὑΤιὸἑριος
2543 517 2775 581 ἀκούσας
2829 515 2898 572 τὰ
2952 515 3079 591 περὶ
3135 519 3232 571 τοῦ
3286 518 3516 589 Χριστοῦ
3560 519 3787 593 θαύματα

411 611 634 665 Auctor
659 607 968 664 Eusebius.

480 873 701 932 Eodem
734 874 966 931 Tiberio
1012 875 1362 947 imperante,
1398 875 1459 930 in
1491 874 1690 931 locum
1739 874 2060 947 proditoris

412 964 768 1037 subrogatur
794 964 867 1020 ab
898 964 1184 1036 apostolis
1215 965 1503 1021 Matthias.
1552 966 1579 1020 J
1590 964 1733 1020 udas
1763 982 1898 1020 cum
1930 980 2060 1021 sese

413 1054 733 1125 suspendio
782 1054 1097 1119 affecisset,
1143 1053 1409 1125 quotidie
1466 1054 1541 1109 ad
1589 1053 2061 1126 resipiscentiam

413 1142 863 1199 exhortantibus
894 1142 1179 1214 apostolis
1209 1160 1330 1198 non
1379 1142 1822 1214 obtemperans,
1852 1147 1922 1198 ut
1948 1143 2062 1198 Do-

412 1232 644 1288 minum
676 1232 822 1287 caelo
854 1231 1107 1287 subiisse
1154 1231 1398 1297 audivit,
1449 1232 1607 1288 illico
1640 1232 1722 1287 ita
1769 1231 2061 1287 intumuit

412 1326 479 1377 ut
507 1321 740 1377 medius
788 1337 1039 1392 crepans
1069 1322 1331 1393 perierit.
1382 1322 1489 1387 Qui
1519 1322 1567 1377 si
1599 1321 1737 1377 facti
1767 1322 2058 1393 pmniten-

414 1411 556 1466 tiam
588 1411 822 1483 egisset,
868 1427 1172 1481 nunquam
1222 1410 1487 1482 profecto
1527 1426 1662 1466 eum
1708 1416 2061 1482 aspernatus

409 1500 621 1556 fuisset
651 1500 700 1556 is
731 1502 832 1573 qui
864 1516 1071 1557 omnes
1101 1499 1222 1557 vult
1252 1500 1444 1557 salvos
1478 1501 1625 1557 fieri.

485 1767 752 1824 Tiberius
776 1768 1012 1842 ingenio
1045 1767 1420 1823 truculentus
1450 1767 1561 1823 fuit
1589 1767 1841 1839 vinoque
1885 1766 2063 1823 dedi-

2161 603 2451 681 ἠόουλήθη
2509 608 2598 666 διὰ
2661 608 2955 686 βασιλικοῦ
3009 607 3184 664 τόπου
3236 608 3583 685 ἀναγορεῦσαι
3637 611 3782 669 αὐτον

2163 698 2316 768 Θεόν,
2351 698 2479 755 ἀλλ’
2527 699 2877 775 ἀντεπράχθη
2933 696 3115 771 τούτῳ
3166 697 3308 773 παρὰ
3344 700 3445 768 τῆς
3477 699 3786 777 συγκλήτου,

2161 790 2342 853 καθὼς
2373 789 2465 845 οῦν
2493 785 2763 855 Εὖσέὅιος
2792 788 2962 865 λέγει.

2232 881 2355 937 ’Ὁτι
2389 879 2477 935 ἐπὶ
2507 875 2780 954 Τιϐερίου,
2838 878 2975 953 μετὰ
3020 878 3118 946 τὴν
3178 876 3448 952 ἀνάληψιν
3478 878 3573 934 τοῦ
3603 880 3786 955 Κυρίου

2162 969 2254 1024 καὶ
2283 973 2417 1025 Θεοῦ
2450 970 2633 1041 ἡμῶν,
2662 968 2945 1045 ἐκλέγεται
3001 968 3105 1023 ὑπὸ
3143 971 3252 1022 τῶν
3301 966 3617 1024 ἀποστόλων
3644 975 3789 1025 Ματ-

2164 1057 2281 1121 θίας
2340 1059 2457 1114 ἀντὶ
2514 1059 2610 1114 τοῦ
2669 1055 2966 1133 προδότου.
3020 1062 3205 1118 Ὅστις
3264 1053 3474 1117 Ἰούδας
3530 1057 3660 1131 μετὰ
3701 1059 3790 1128 τήν

2165 1148 2432 1227 ἀγχόνην,
2489 1150 2611 1211 καθ’
2668 1146 2898 1217 ἑκάστην
2970 1144 3180 1220 ἡμέραν
3237 1143 3341 1199 ὑπὸ
3413 1150 3522 1200 τῶν
3576 1147 3791 1202 ἀποστάς

2164 1237 2278 1295 λων
2335 1240 2422 1312 [Ρ.
2490 1238 2613 1310 197]
2670 1234 3158 1312 παρακαλοῦμενος
3232 1234 3323 1289 καὶ
3397 1233 3792 1308 νουθετούμενος

2163 1327 2300 1402 πρὸς
2364 1325 2646 1401 μετάνοιαν
2702 1323 2902 1391 ἐλθεῖν,
2947 1324 3037 1379 καὶ
3103 1322 3177 1395 μή
3232 1324 3491 1390 πεισθεις,
3550 1321 3661 1378 ἐπεὶ
3688 1324 3793 1379 ἀνε-

2166 1416 2350 1493 λήφοη
2419 1418 2447 1470 6
2509 1414 2764 1489 Χριστὸς,
2847 1413 2923 1474 ὡς
3002 1411 3255 1481 ἤκουσεν,
3325 1409 3485 1474 εὐθὺς
3557 1412 3795 1489 ὁγκιυθεῑς

2164 1503 2401 1575 ἰλάκησε
2460 1502 2620 1576 μέσος
2672 1505 2765 1558 καὶ
2822 1501 3099 1559 ἀπώλετο.
3155 1500 3215 1557 Ei
3273 1499 3379 1575 γὰρ
3423 1499 3498 1563 εἷς
3531 1500 3797 1573 μετάνοιαν

2164 1592 2354 1665 ἦλθεν,
2410 1593 2509 1648 οὐκ
2566 1593 2627 1648 ἂν
2684 1591 2845 1647 αὐτὸν
2903 1590 3163 1647 ἀπώσατο
3194 1590 3223 1645 6
3252 1590 3458 1653 πάντας
3505 1588 3672 1646 θὲλων
3699 1611 3796 1645 σω-

2166 1689 2349 1752 θῆναι.

2234 1766 2487 1847 Τιϐέριος
2517 1768 2573 1826 δὶ
2599 1774 2681 1843 τῷ
2735 1768 2924 1845 τρόπῳ
2977 1769 3068 1823 καὶ
3125 1772 3192 1842 τῇ
3249 1767 3452 1842 γνώμῃ
3498 1766 3703 1837 ἀπηνής
3735 1770 3795 1837 ἦν

414 1860 547 1913 tus:
582 1858 716 1913 ideo
747 1874 782 1913 a
822 1858 1103 1914 Romanis
1133 1858 1288 1913 846
1318 1856 1585 1913 Biberius
1633 1856 2056 1914 denominaba-

2172 1860 2256 1916 καὶ
2287 1858 2440 1917 οἴνου
2471 1858 2730 1916 ἐλάττων.
2784 1857 2875 1914 Διό
2923 1856 3013 1913 καὶ
3065 1852 3435 1932 Ἐμπεϐἀριον
3482 1856 3638 1911 αὐτὸν
3675 1857 3799 1913 Ῥω·

415 1953 531 2004 tur.
595 1948 907 2004 Suifocavit
955 1964 1089 2003 eum
1148 1947 1321 2003 Caius
1370 1947 1551 2002 fratre
1617 1946 1804 2019 ipsius
1862 1951 2056 2019 natus,

2172 1955 2329 2025 μαῖοι
2361 1948 2615 2017 ἐκάλουν,
2659 1948 2691 2004 6'
2747 1947 3002 2022 σημαίνει
3052 1948 3181 2022 παρ’
3238 1946 3431 2006 αὐτοῖς
3458 1945 3553 2000 τὸν
3581 1944 3799 2004 Οἱνοπό-

415 2038 723 2111 ωενοιειῑιιί
748 2037 995 2094 multam
1029 2036 1307 2107 injiciens
1335 2040 1579 2094 vestem.

487 2221 548 2276 C.
577 2217 839 2291 Caligula
867 2216 1078 2274 exinde
1110 2217 1376 2289 regnavit
1412 2232 1601 2272 annos
1632 2220 1685 2283 7,
1716 2217 1894 2272 homo
1926 2220 2061 2274 stu-

416 2310 539 2383 pris
570 2324 750 2379 supra
778 2307 1021 2363 modum
1044 2306 1298 2362 deditus.
1320 2306 1375 2361 Is
1406 2305 1468 2360 in
1490 2306 1684 2361 forum
1714 2321 2063 2378 progressus

412 2416 547 2455 cum
579 2414 811 2455 caenum
842 2397 1270 2467 conSpexisset,
1303 2412 1372 2451 eo
1402 2394 1611 2450 accivit
1637 2394 1899 2450 Flavium
1924 2394 2065 2450 Ves-

412 2488 725 2561 pasianum
758 2492 897 2541 tunc
923 2483 1179 2551 aedilem,
1221 2484 1327 2539 sed
1354 2486 1455 2555 qui
1502 2489 1709 2555 postea
1738 2484 2064 2555 imperator

414 2582 504 2633 est
535 2576 764 2642 factus;
813 2574 1019 2645 inique
1070 2574 1222 2645 ejus,
1274 2577 1341 2629 ut
1369 2588 1495 2628 rem
1545 2571 1842 2644 publicam
1872 2572 2061 2646 negli-

408 2666 619 2739 gentis,
652 2669 874 2721 vestem
905 2679 1138 2719 cmnum
1179 2662 1393 2734 conjici
1418 2662 1619 2735 jussit.
1653 2664 1733 2718 Eo
1785 2662 2061 2736 designa-

407 2755 582 2812 batur
627 2771 762 2810 eum
812 2769 938 2808 rem
982 2751 1281 2824 publicam
1330 2752 1740 2808 conturbatam
1787 2757 2059 2824 receptu-

403 2862 562 2901 rum.
633 2843 914 2916 Ejusdem
991 2841 1265 2914 Caligulm
1335 2841 1588 2913 imperio
1647 2842 1903 2914 Agrippa
1959 2858 2062 2898 rex

412 2933 627 2991 Iudam
659 2938 717 2989 et
745 2932 947 2987 Simon
997 2933 1193 3004 Magus
1250 2930 1626 3003 baptizantur
1678 2947 1714 2987 a
1761 2930 2057 3004 Philippo,

413 3024 517 3095 qui
542 3022 656 3079 fuit
681 3039 837 3078 unus
869 3022 941 3077 de
974 3026 1201 3092 septem
1232 3019 1520 3077 diaconis.

484 3112 803 3185 Caligulam
858 3109 1140 3167 Claudius
1199 3113 1391 3166 necat.
1452 3108 1569 3165 Sub
1601 3108 1711 3165 hoc
1751 3109 2060 3167 Cornelius

408 3204 634 3276 primus
664 3201 933 3257 omnium
964 3200 1034 3255 de
1057 3199 1332 3273 gentibus
1361 3198 1688 3270 baptizatur
1716 3214 1751 3255 a
1771 3200 1966 3269 Petro,
1998 3208 2058 3259 et

401 3292 621 3348 Paulus
635 3292 1099 3345 instrumentum
1113 3287 1419 3343 electionis
1432 3288 1646 3342 Christi
1660 3287 2055 3359 patefactione

410 3382 712 3454 apostolus
733 3381 1098 3452 designatur.
1131 3379 1449 3450 Imperavit
1470 3378 1749 3434 Claudius
1778 3395 1968 3436 annos
1994 3383 2058 3436 13

404 3488 644 3528 menses
673 3475 725 3526 9.
759 3472 815 3525 Is
841 3469 988 3525 adeo
1010 3468 1124 3523 fuit
1152 3467 1536 3524 meticulosus
1567 3472 1633 3523 ut
1653 3485 1861 3525 omnes
1893 3469 1969 3525 ad
1998 3484 2061 3525 se

406 3561 758 3619 accedentes
779 3559 972 3615 excuti
1007 3557 1267 3629 juberat,
1303 3573 1380 3613 ne
1410 3558 1544 3628 quis
1575 3558 1727 3613 forte
1757 3557 1940 3615 sicam
1962 3576 2059 3632 ge-

404 3658 607 3709 staret.
644 3653 834 3722 Atque
858 3650 919 3705 in
944 3647 1228 3704 conviviis
1270 3653 1496 3704 armato
1536 3648 1815 3705 utebatur
1852 3649 2059 3720 prmsi~

405 3745 537 3800 dio:
601 3742 762 3815 quod
790 3742 864 3798 ab
896 3759 965 3798 eo
991 3745 1248 3812 emptum
1298 3739 1516 3812 reliqui
1550 3740 1730 3795 etiam
1778 3740 2059 3813 deinceps

402 3837 842 3906 usurpaverunt
881 3831 1291 3903 imperatores.
1325 3832 1406 3884 Eo
1453 3829 1783 3902 imperante
1813 3829 2060 3902 Apollo-

406 3924 545 3980 nius
574 3924 707 3992 fuit,
766 3922 959 3993 patria
997 3923 1288 3992 Tyaneus,
1335 3919 1722 3992 philosophus
1768 3920 2060 3994 Pythago-

408 4029 569 4080 reus,
624 4012 725 4082 qui
782 4010 1027 4083 magicis
1084 4014 1261 4065 notus
1328 4008 1483 4066 mira
1530 4009 1868 4081 praestabat.
1912 4010 2058 4065 Cum

411 4102 571 4159 enim
621 4100 962 4173 Byzantium
1007 4098 1306 4171 profectus
1336 4098 1410 4153 ab
1461 4099 1676 4155 incolis
1729 4104 2057 4172 rogaretur,

411 4193 533 4248 suis
565 4191 802 4265 magicis
857 4189 1085 4246 artibus
1143 4188 1439 4244 eﬂ‘ecitne
1500 4194 1805 4261 serpentes
1837 4205 1904 4245 eo
1956 4194 2060 4246 aut

406 4283 623 4354 scorpii
655 4279 1032 4348 accederent,
1075 4293 1220 4333 neve
1267 4277 1510 4343 culices,
1547 4294 1622 4332 ne
1655 4278 1792 4350 equi
1842 4278 2058 4333 feroci-

405 4379 558 4441 rent,
592 4389 736 4427 neve
767 4371 852 4426 illi
902 4369 998 4425 vel
1055 4374 1259 4424 mutuo
1291 4368 1380 4423 vel
1438 4369 1584 4424 841
1623 4370 1685 4424 in
1733 4369 1885 4425 alios
1922 4370 2055 4425 ani-

405 4467 637 4518 mantes
651 4460 815 4516 rabie
838 4460 1131 4514 saavirent.
1149 4458 1365 4529 Lycum
1387 4474 1623 4529 quoque
1641 4474 1878 4515 amnem
1899 4475 2058 4515 com-

403 4551 653 4625 pescuit,
687 4567 762 4605 ne
788 4548 911 4604 suis
944 4545 1445 4603 exundationibus
1475 4548 1745 4619 Byzantio
1790 4553 2052 4604 noceret.

2164 2060 2283 2110 την.
2315 2042 2520 2097 Τοῦτον
2577 2040 2738 2101 Γάϊος
2796 2038 2826 2093 6
2882 2034 3208 2114 ἀδελφιδοῦς
3257 2034 3312 2092 ἐν
3372 2038 3447 2110 τῇ
3476 2035 3616 2108 νόσῳ
3644 2035 3798 2090 αὐτοῦ

2165 2128 2362 2204 ἱμάτια
2391 2126 2578 2184 πολλὰ
2605 2126 2842 2203 περιθεὶς
2871 2124 3178 2196 ἀπέπνιξεν.

2237 2218 2540 2293 Ἐκράτησε
2587 2214 2645 2272 δε
2702 2215 2862 2279 Γάϊος
2917 2212 3155 2276 Ἰούλιος
3186 2218 3398 2289 Καῖσαρ
3428 2211 3522 2281 ἔτη
3550 2218 3608 2284 ζ’.
3639 2212 3797 2275 Οὗτος

2165 2308 2233 2377 ἦν
2270 2307 2678 2386 μοιχικώτατος
2716 2305 2877 2361 πάνυ·
2939 2304 2999 2367 ὅς
3065 2304 3292 2379 περιιών
3327 2324 3465 2358 ποτε
3489 2304 3588 2372 τὴν
3614 2303 3797 2378 ἀγορὰν

2165 2405 2257 2452 καὶ
2288 2391 2419 2451 ἷδὼν
2451 2393 2630 2464 πηλὸν
2663 2392 2715 2448 ἐν
2771 2397 2841 2468 τῇ
2899 2390 3012 2465 ὁδῷ
3069 2394 3239 2467 ἤγαγε
3295 2386 3546 2448 Φλάϐίον
3577 2391 3800 2447 [16:61:11-

2167 2485 2369 2555 atav6v,
2429 2482 2779 2560 ἀγορανόμον
2834 2483 2956 2537 τότε
3025 2480 3174 2553 ὄντα,
3248 2482 3344 2538 τὸν
3443 2482 3577 2555 μετὰ
3648 2485 3799 2538 ταῦτα

2168 2574 2586 2652 βασιλεύσαντα,
2642 2572 2732 2628 καὶ
2792 2571 2866 2634 ὡς
2936 2570 3248 2646 ἀμελοῦντα
3302 2575 3416 2626 τῶν
3472 2574 3665 2626 κοινῶν
3714 2570 3795 2625 τὸν

2164 2662 2344 2736 πηλὸν
2400 2662 2476 2726 εἷς
2531 2664 2634 2733 τὴν
2720 2661 2919 2732 ἐσθῆτα
3002 2661 3269 2737 βληθῆναι
3329 2659 3623 2716 ἐκέλευσεν·
3679 2658 3795 2735 ὅπερ

2166 2752 2405 2828 ἱσήμανε
2452 2753 2520 2808 τὰ
2575 2752 2734 2807 κοινὰ
2806 2748 3179 2827 τεταραγμένα
3264 2748 3427 2805 αὐτὸν
3492 2747 3791 2825 παραλήψεο

2165 2845 2307 2913 σθαι,
2338 2841 2462 2900 Ἐπὶ
2492 2838 2551 2897 δὶ
2577 2847 2680 2912 τῆς
2707 2843 2803 2895 τοῦ
2856 2838 3021 2895 αὐτοῦ
3078 2838 3240 2895 Γαΐου
3275 2838 3560 2914 βασιλείας
3590 2837 3794 2913 Ἀγρίπ-

2163 2953 2268 2993 πας
2327 2928 2582 3007 βασιλεὺς
2637 2932 2738 2995 τῆς
2809 2926 3073 2991 Ἰουδαίας
3132 2928 3223 2984 καὶ
3291 2929 3487 3003 Σίμων
3543 2929 3571 2984 6
3626 2928 3779 3004 Μάγος

2167 3021 2483 3098 βαπτίζεται
2506 3019 2609 3075 ὑπὸ
2640 3016 2948 3087 Φιλίππου,
2981 3017 3095 3079 ἑνὸς
3114 3022 3221 3072 τῶν
3256 3016 3395 3073 ἐπτά
3427 3015 3699 3073 διακόνων.

2236 3112 2398 3174 Γάϊος
2453 3109 2511 3167 δὲ
2563 3110 2667 3165 ὑπὸ
2726 3107 3008 3168 Κλαυδίου
3094 3108 3375 3186 σφάζεται.
3448 3108 3569 3164 Ἐπὶ
3623 3105 3791 3161 τούτου

2166 3199 2477 3277 Κορνήλιος
2509 3205 2729 3276 πρῶτος
2780 3198 2830 3270 ἐξ
2889 3196 3052 3264 ἐθνῶν
3104 3197 3428 3273 βαπτίζεται
3461 3197 3564 3252 61:6
3595 3195 3796 3270 Πέτρου,

2167 3291 2257 3349 καὶ
2308 3287 2553 3358 Παῦλος,
2610 3289 2674 3344 τὸ
2729 3290 2829 3357 τῆς
2887 3285 3126 3362 ἐκλογῆς
3167 3290 3384 3357 σκεῦος,
3436 3285 3506 3342 δι’
3542 3281 3801 3340 ἀποκαλύ-

2167 3384 2313 3455 ψεως
2344 3380 2524 3450 Ἰησοῦ
2578 3380 2816 3452 Χριστοῦ
2868 3374 3176 3436 ἀπόστολος
3206 3371 3607 3433 ἀναδείκνυται.
3636 3371 3805 3431 Κλαύ-

2170 3467 2285 3532 διος
2316 3464 2658 3525 ἐϐασίλευσεν
2717 3464 2810 3536 ἔτη
2875 3466 2965 3542 ιγ’,
3027 3465 3197 3538 μῆνας
3229 3464 3292 3521 θ’.
3325 3465 3505 3527 Οὗτος
3533 3460 3704 3523 δειλὸς
3732 3458 3797 3515 ὢν

2166 3558 2371 3623 πάντας
2398 3556 2525 3622 τοὺς
2553 3555 2878 3631 προσιόντας
2934 3554 3082 3627 αὐτῷ
3142 3552 3315 3609 ἐποίει
3364 3552 3702 3629 ἐρευνᾶσθαι,
3732 3550 3799 3624 μή

2165 3670 2218 3705 τι
2249 3645 2482 3729 ξιφίδιον
2510 3641 2704 3723 ἔχωσι,
2738 3645 2841 3703 Καὶ
2895 3643 2947 3698 ἐν
3006 3648 3124 3706 τοῖς
3174 3643 3508 3714 συμποσίοις
3540 3640 3801 3712 ὡπλισμέ-

2165 3758 2249 3794 νοι
2306 3726 2380 3800 εἷς
2437 3734 2686 3815 φυλακὴν
2764 3735 3216 3811 παρειστήκεισαν
3273 3731 3450 3804 αὐτῷ·
3510 3730 3563 3803 ἐξ
3609 3731 3671 3786 οὗ
3720 3726 3803 3783 καὶ

2166 3829 2243 3891 εἰς
2297 3828 2427 3889 τοὺς
2482 3824 2713 3887 λοιποὺς
2775 3820 3020 3898 βασιλεῖς
3084 3819 3287 3877 εἴθιστο
3337 3819 3584 3896 γίνεσθαι
3633 3822 3802 3873 τοῦτο.

2166 3919 2292 3976 Ἐπὶ
2319 3917 2515 3973 τούτου
2542 3913 2634 3971 καὶ
2682 3910 3068 3974 ’Δπολλώνιος
3125 3912 3153 3967 6
3207 3909 3445 3973 Τυανεὺς
3475 3910 3564 3982 ἦν,
3594 3906 3805 3989 φιλόσο-

2167 4029 2266 4089 φος
2325 4003 2719 4080 Πυθαγόρειος,
2792 4000 3288 4089 στοιχειωματικός
3349 4000 3485 4075 (40).
3540 3998 3713 4089 ρῦτος
3758 3993 3805 4051 ἐν

2166 4084 2443 4168 Βυζαντίῳ
2499 4092 2698 4165 ἐλθὼν,
2767 4088 3142 4167 παρακληθεὶς
3203 4089 3305 4144 ὑπὸ
3361 4094 3475 4143 τῶν
3536 4084 3802 4155 ἐντοπίων,

2167 4186 2547 4265 ἑστοιχείωσεν
2585 4181 2734 4261 ὄφείς
2794 4184 2890 4253 μὲν
2946 4181 3035 4235 καὶ
3095 4176 3388 4253 σκορπίους
3419 4179 3498 4251 μή
3529 4174 3803 4247 πλήσσειν,

2170 4276 2312 4356 μηδὲ
2335 4277 2604 4336 κώνωπας
2652 4275 2923 4348 παρεῖναι,
2977 4266 3185 4331 ’ίππους
3249 4269 3325 4356 μή
3384 4270 3807 4356 κατωφρυῶσθαι

2171 4349 2311 4446 μητε
2369 4366 2476 4440 μὴν
2530 4360 2897 4438 ἀγριαίνεσθαι
2954 4358 3072 4414 καθ’
3133 4355 3398 4446 ἀλλήλων
3544 4356 3631 4412 καὶ
3685 4349 3808 4446 κατά

2166 4442 2330 4521 τινος.
2363 4453 2467 4513 Καὶ
2494 4453 2673 4509 Λύκον
2724 4448 2784 4507 δὶ
2835 4448 2927 4505 τὸν
2983 4446 3229 4520 ποταμὸν
3260 4445 3644 4523 ἐστοιχείωσεν
3670 4442 3795 4498 ὥστε

2171 4549 2246 4623 μή
2278 4543 2765 4618 πλημμυρήσαντα
2800 4539 2864 4594 τὸ
2918 4539 3210 4606 Βυζάντιον
3264 4532 3801 4623 καταλυμμήνασθαι.

472 4607 981 4711 ΤυῐιοἘεγριίιιε
1034 4637 1188 4692 latro
1249 4607 1613 4692 sicarios'in
1666 4638 2054 4693 solitudinem

2172 4607 2182 4623 ι
2233 4607 2722 4708 ίΐότεηᾸὶγῦπτιος
2777 4626 2989 4704 λῃστὴς
3056 4626 3172 4700 (Iri)
3252 4607 3538 4699 ἐξήγαγεν
3571 4623 3646 4685 εἰς
3706 4622 3796 4711 τὴν

405 4731 649 4787 eduxit:
700 4747 850 4802 quos
902 4728 1063 4784 Felix
1120 4727 1431 4800 praefectus
1487 4727 1648 4784 ultus
1679 4734 1788 4783 est.
1835 4729 2056 4784 Eodem

405 4828 673 4894 tempore
704 4821 859 4876 inter
881 4821 1129 4876 Theram
1177 4824 1235 4874 et
1264 4818 1605 4875 Therasiam
1654 4818 1851 4874 insula
1881 4824 2056 4875 enata

407 4920 517 4985 est,
547 4913 874 4969 stadiorum
905 4914 992 4967 39.

2164 4722 2369 4800 ἔρημον
2400 4721 2532 4784 τοὺς
2559 4719 2856 4794 σικαρίους,
2888 4714 2982 4779 οῦς
3029 4711 3267 4788 μετῆλθε
3298 4712 3479 4786 Φήλιξ
3510 4713 3539 4768 6
3570 4709 3799 4800 ἡγεμών.

2167 4797 2456 4891 Σικαρίους
2512 4807 2571 4866 δὲ
2627 4807 2825 4870 αὐτοὺς
2881 4805 3162 4879 ὠνόμασεν
3220 4802 3327 4858 ἀπὸ
3376 4806 3485 4858 τῶν
3529 4797 3801 4876 σικαρίων,

2164 4904 2199 4962 ’ὰ
2228 4885 2338 4958 ἐστι
2402 4896 2672 4974 μαχαίρια
2732 4894 2921 4969 μικρά,
2973 4892 3008 4948 ’ὰ
3064 4889 3390 4969 ἐπεφίροντο
3433 4893 3613 4969 κρυφῇ
3647 4886 3718 4949 εἰς
3744 4885 3800 4939 τὸ

404 4975 683 5078 λαθραίως
711 5000 841 5065 τοὺς
874 4997 1396 5078 παρατυγχάνοντας
1432 4996 1719 5069 πλήττειν.
1752 4998 1887 5054 Καθ’
1917 4996 1976 5053 ὅν
2006 4995 2195 5072 καιρὸν
2228 4988 2425 5067 μεταξὺ
2479 4988 2659 5062 Θήρας
2712 4987 2822 5059 (42)
2859 4981 2950 5039 καὶ
3000 4978 3274 5057 θηρασίας
3311 4986 3477 5049 νῆσος
3506 4975 3797 5056 ἀνεφυσῆοη

400 5090 594 5149 στάδια
627 5091 693 5150 λ’.

1603 5189 1963 5246 XYLANDRI
2000 5189 2086 5245 ET
2124 5153 2339 5243 coAnI
2375 5179 2599 5237 NOTAE.

470 5319 580 5391 (40)
611 5319 719 5384 Qui
763 5318 922 5391 notis
952 5321 1017 5391 et
1060 5314 1454 5391 imagunculis
1503 5315 1747 5391 magicis
1777 5316 2047 5391 aliisque

441 5386 713 5462 réestigiis
773 5388 1130 5445 miraculosa
1166 5386 1481 5462 _ef_ﬁceret._
1516 5386 1915 5462 Apolloniires
1951 5386 2045 5462 ζει

446 5457 753 5517 hilostrato
787 5467 941 5516 nota)
974 5466 1127 5515 sunt.
1166 5459 1327 5514 Infra
1358 5457 1429 5512 de
1456 5457 1661 5530 Jannis
1689 5459 2043 5530 patriarcha;

400 5533 709 5604 praestigiis
740 5532 801 5604 in
829 5531 1111 5604 Michaelo
1142 5530 1449 5604 Theophili
1482 5529 1605 5585 filio
1636 5528 2043 5604 mpixetmtzxoi

398 5596 579 5677 λογοί.
602 5596 680 5659 lit
728 5602 985 5677 diximus
1015 5601 1276 5677 alibi_de
1305 5596 1436 5657 'hac
1465 5617 1603 5657 voce
1650 5596 1844 5677 plura.
1896 5604 2041 5677 ch.

397 5672 632 5736 Gehibus
688 5675 1063 5745 familiaribus
1120 5672 1371 5728 addictus
1431 5679 1481 5727 et
1529 5672 1715 5745 eorum
1772 5673 2044 5745 obsequiis

397 5756 574 5805 utens.
608 5743 889 5821 στοιχεῖον
920 5761 1153 5818 quoque
1184 5745 1378 5814 genius
1417 5748 1508 5799 est
1546 5749 1606 5801 et
1633 5744 1844 5801 daemon
1871 5743 2044 5815 fami-

2162 5310 2318 5366 liaris
2338 5326 2359 5373 ;
2383 5305 2456 5362 de
2487 5320 2603 5377 quo
2636 5302 2752 5377 alio
2776 5298 3136 5377 loco._Gox_n.
3231 5365 3242 5377 ε

2225 5361 2633 5452 δυ’νὶάὲιυιχ
2674 5374 2746 5429 de
2786 5388 2881 5452 eo
2933 5365 3322 5452 loquincujus
3378 5369 3589 5452 fictae.
3621 5379 3714 5452 xxi
3738 5361 3802 5452 fit

2156 5433 2402 5510 mentio.
2427 5452 2497 5504 Et
2516 5464 2585 5505 ex
2607 5444 2846 5516 Iosephi
2867 5443 2904 5497 ι.
2932 5433 3156 5516 n,_'c.23_
3175 5433 3499 5516 dé_excid_io
3524 5433 3796 5516 lucrosa]:

2154 5507 2465 5580 historiam
2497 5535 2623 5575 eam
2660 5507 3386 5588 repetunt_Euseb._H_i§t.
3421 5507 3614 5564 Eccles.
3648 5523 3701 5573 Il,
3731 5507 3795 5558 20

2155 5602 2215 5652 et
2242 5593 2611 5663 Nicephorus
2632 5582 3047 5663 Xanthcpulus
3078 5600 3138 5651 Ii,
3166 5584 3239 5663 .26
3293 5582 3431 5663 X3111.
3709 5647 3723 5663 ‘
3752 5646 3762 5657 .

2224 5647 2335 5738 (IS)
2372 5647 2510 5720 Vide
2541 5647 3110 5738 annumndecimu‘m
3127 5647 3134 5651 ⁷
3161 5653 3376 5738 Leonis
3405 5647 3785 5738 Icenomachi.

2153 5720 2445 5797 Ca‘aterum
2476 5733 2693 5797 scribit,
2712 5730 2940 5788 Plinius
2961 5745 3020 5799 ιι,
3044 5728 3135 5797 87,
3156 5725 3314 5781 inter
3332 5720 3612 5796 Cycladas
3641 5735 3787 5776 anno
