4118 6288
343 346 453 408 385

1486 338 2027 405 HISTORIARUM
2072 339 2608 405 CONPENDIUM.

3630 344 3750 405 386

410 478 585 540 Οὗτος
619 475 785 531 πόλιν
814 472 1036 544 ἔκτισεν,
1083 473 1172 529 ἐπὶ
1228 479 1308 546 τῷ
1366 471 1489 548 ἰδίῳ
1537 475 1769 549 ὀνόματι
1810 470 2023 539 καλὲ-ε

2169 474 2450 531 Claudius
2470 475 2681 531 urbem
2702 473 2969 530 condidit
2991 473 3062 530 de
3086 491 3192 531 suo
3211 475 3451 531 nomine
3474 476 3749 533 Claudio-

345 591 436 632 σας
468 567 638 639 αὐτὴν
674 562 948 621 Κλαυδίου
976 562 1164 635 πόλιν,
1223 565 1310 620 καὶ
1370 561 1665 628 Ἰουδαίους
1718 566 1819 633 τῆς
1848 562 1991 618 Ῥώ-

350 680 457 735 μης
496 656 802 730 ἀπήλασεν.
857 655 984 713 Ἐπὶ
1034 653 1231 710 τούτου
1288 653 1426 710 κατὰ
1479 655 1578 724 τήν
1635 655 1836 730 ἑορτὴν
1896 656 1995 707 τοῦ

350 751 543 824 Πάσχα
573 746 890 823 συγχύσεως
926 743 1225 822 γενομένης
1282 745 1335 799 ἐν
1392 742 1801 817 Ἰεροσολύμοις
1837 742 1996 815 μόνοι

349 838 680 910 πατηθὲντες
737 837 825 891 καὶ
884 835 1244 897 ἀποθανόντες
1309 832 1598 909 εὑρέθησαν
1658 831 1996 908 τρισμύριοι.

346 927 521 990 Οὗτος
554 926 619 982 οὗ
653 927 817 999 μόνον
860 921 1157 987 Ἰουδαίους
1205 922 1498 998 ἐτυράννει,
1550 921 1695 978 ἀλλὰ
1732 920 1822 976 καὶ
1863 920 2002 976 παν·-

349 1040 444 1081 τας
495 1018 627 1078 τοὺς
684 1014 738 1071 ἰν
794 1015 988 1088 Ῥώμῃ
1041 1011 1350 1086 ἐπισήμους
1406 1011 1639 1084 ἀναιρῶν
1697 1002 1999 1082 ἐλάμϐανεν

348 1106 531 1162 αὐτῶν
562 1105 659 1166 τὰς
713 1101 923 1164 οὐσίας.
981 1101 1124 1177 Πρὸς
1168 1101 1384 1162 τούτοις
1442 1102 1528 1173 [Ρ.
1566 1101 1687 1173 198]
1739 1098 1829 1153 καὶ
1878 1096 2006 1153 δου-

355 1194 646 1270 λοκρατίαν
721 1194 1096 1266 νομοθετήσας
1169 1189 1427 1266 ἐπέτρεψε
1499 1193 1822 1264 κατηγορεῖν
1899 1189 2007 1242 τῶν

357 1282 656 1355 δεσποτῶν,
741 1281 796 1337 εἴ
870 1303 924 1336 τι
1009 1278 1271 1336 συνίδοιεν
1345 1279 1530 1343 αὐτοῖς
1586 1275 2005 1352 πλημμέλημα.

356 1374 643 1429 Κάντεῦθεν
701 1368 850 1441 δεινή
904 1370 1159 1449 συμσρορὰ
1212 1369 1537 1443 κατειλήφει
1590 1369 1690 1438 τὴν
1746 1365 2008 1440 οἱκουμέ-

354 1483 450 1534 νην
507 1466 683 1518 πᾶσαν
744 1463 882 1536 (43),
946 1465 1053 1516 τῶν
1109 1459 1333 1515 οἰκετῶν
1399 1456 1663 1533 μεγάλαις
1712 1456 2009 1531 τιμωρίαις

363 1546 788 1609 ὑποϐαλλόντων
844 1549 973 1611 τοὺς
1031 1546 1317 1610 δεσπότας.
1374 1547 1454 1605 Οὐ
1500 1547 1606 1621 μὴν
1639 1542 1899 1601 ἀλλὰκαὶ
1934 1543 2013 1606 εἷς

370 1641 557 1716 μανίαν
623 1639 907 1717 ἐκτραπεὶς
965 1639 1172 1712 ἄθεσμα
1228 1657 1350 1693 τινα
1414 1633 1781 1710 διεπράττετο.
1810 1633 2016 1690 Φονεύ-

368 1752 461 1794 σας
512 1727 573 1785 δὲ
628 1728 758 1792 τοὺς
819 1733 998 1807 φονεῖς
1049 1727 1218 1783 Γαῗου
1277 1725 1508 1803 ἀνῃρὶθη
1571 1724 1675 1780 ὑπὸ
1730 1730 1834 1794 τῆς
1880 1722 2020 1788 ἰδίας

366 1818 624 1898 γυναικὸς
645 1838 750 1895 φαρ
761 1818 942 1892 μάχῳ.

434 1907 566 1966 Ἐπὶ
620 1928 821 1962 τουτου
897 1900 1155 1966 Ἰάκωϐος
1214 1905 1242 1960 ὁ
1293 1898 1577 1960 Ζεϐεδαίου
1652 1901 2014 1977 ἐμαρτύρησε,

365 1998 452 2054 καὶ
485 1999 711 2072 Μάρκος
769 1995 828 2053 δὲ
859 1997 886 2051 ὁ
920 1993 1306 2071 εὐαηελιπής
1362 1995 1425 2049 τὸ
1482 1999 1600 2049 κατ’
1657 1992 1817 2049 αὐτὸν
1850 1992 2019 2069 Εὐαγ-

369 2086 555 2163 γὲλιον
587 2088 879 2161 προτροπῇ
939 2085 1145 2159 Πέτρου
1212 2082 1610 2157 συνεγράψατο,
1650 2079 1741 2135 καὶ
1774 2079 1825 2135 ἐν
1852 2079 2018 2154 Αἰγό-

364 2197 487 2250 πτῳ
518 2173 740 2239 σταλεὶς
799 2174 890 2230 ὑπ’
948 2173 1136 2243 αὐτοῦ,
1189 2176 1411 2248 πρῶτος
1469 2169 1796 2242 Ἐκκλησίαν
1844 2169 2022 2241 πηξά-

370 2286 555 2340 μενος,
608 2263 797 2320 πολλὰ
875 2265 1215 2339 μοναστηρια
1297 2262 1681 2333 συνεστήσατο,
1737 2260 1874 2334 ’ἅπερ
1932 2279 2020 2315 σε·

368 2361 529 2430 μνεῖα
580 2354 706 2411 τότε
760 2352 1306 2431 προσηγορεύθησαν,
1388 2351 1567 2416 καθώς
1633 2371 1796 2430 φησιν
1854 2347 2024 2407 Εὐσε-

367 2440 488 2508 ϐιος
517 2444 549 2499 ὁ
584 2443 897 2522 Παμφίλου,
929 2442 1014 2499 ὅτι
1043 2441 1260 2518 Μάρκον
1305 2444 1522 2516 πρῶτον
1571 2438 1726 2514 ἴσμεν
1768 2438 1819 2495 ἐν
1856 2439 2023 2517 Αἰγό-

364 2555 489 2610 πτῳ
547 2534 612 2590 τὸ
671 2531 1009 2609 Εὖαγγὲλιον
1067 2528 1494 2609 συγγεγραφέναι
1544 2530 1635 2584 καὶ
1692 2528 2024 2599 Ἐκκλησίαν

359 2629 585 2699 πρῶτον
647 2620 734 2678 ἐπ’
792 2621 961 2692 αὐτῆς
1012 2618 1422 2692 Ἀλεξανδρείας
1454 2619 1839 2690 συστήσασθαι.
1889 2622 2027 2676 Τοσ-

364 2712 514 2781 αύτη
552 2709 611 2768 δὲ
638 2715 749 2767 τῶν
808 2708 998 2776 αὒτόθι
1055 2709 1490 2765 πεπιστευκότων
1548 2705 1763 2779 πληθὺς
1818 2704 2028 2782 ἀνδρῶν

356 2823 419 2857 τε
470 2802 569 2857 καὶ
622 2804 896 2878 γυναικῶν
952 2798 1013 2854 ἐκ
1066 2798 1293 2874 πρώτης
1349 2792 1618 2866 ἐπιϐολῆς
1672 2794 1899 2867 συνέστη
1960 2795 2029 2852 δι’

357 2890 660 2960 ἀσκήσεως
716 2886 1179 2964 φιλοσοφωτάτης
1233 2885 1324 2941 καὶ
1378 2882 1774 2962 σφοδροτάτης,
1825 2885 1900 2946 ὡς
1939 2904 2031 2959 καὶ

356 2985 693 3056 συγγραφῆς
752 2979 979 3048 ἀξιῶσαι
1031 2977 1128 3037 τὰς
1190 2970 1474 3050 διατριϐάς
1528 2995 1587 3030 τε
1643 2974 1735 3029 καὶ
1779 2973 2029 3035 συνελεύ,

360 3091 479 3133 σεις
537 3068 634 3124 καὶ
692 3074 867 3122 πᾶσαν
926 3064 1104 3136 ἄλλην
1163 3069 1261 3120 τοῖ’)
1309 3064 1532 3137 ἀρίστου
1594 3064 1714 3139 βίου
1754 3061 2034 3142 διαγωγὴν

377 3156 608 3213 Φίλωνα
634 3158 727 3213 τὸν
784 3157 1124 3237 σοφώτατον,
1183 3155 1259 3216 ὡς
1316 3153 1408 3209 καὶ
1466 3152 1739 3224 αὐτόπτην
1771 3158 1869 3209 τοῖ’)
1898 3153 2033 3210 ἀπο-

2110 563 2296 637 polin,
2333 569 2391 620 et
2418 564 2652 621 Judaaos
2674 567 2862 621 Roma
2883 564 3127 636 expulit.
3151 564 3291 638 Ejus
3323 570 3589 638 tempore
3622 583 3757 623 cum

2110 652 2268 708 inter
2290 654 2600 711 Paschatis
2649 654 3113 710 celebrationem
3164 654 3454 711 tumultus
3495 655 3759 712 exstitis-

2112 747 2222 811 set,
2253 743 2322 798 30
2351 743 2544 799 millia
2568 744 2876 799 hominum
2919 749 3148 799 tantum
3189 745 3318 800 elisi
3368 751 3545 817 atque
3578 746 3762 801 inter-

2112 830 2251 887 fecti
2279 837 2436 888 sunt.
2468 835 2667 904 Neque
2699 832 2761 887 in
2788 832 3023 887 Iudaeos
3053 833 3229 888 modo
3277 833 3379 888 ille
3410 834 3616 902 smviit,
3661 834 3766 890 sed

2115 927 2174 975 et
2203 922 2402 977 Romae
2434 922 2874 978 nobilissimum
2920 938 3217 993 quemque
3261 923 3575 979 trucidavit
3606 924 3771 996 ejus-

2117 1028 2231 1082 que
2261 1011 2417 1067 bona
2445 1012 2557 1067 sibi
2602 1012 2934 1067 vindicavit.
2964 1011 3053 1066 Ad
3082 1012 3207 1067 haec
3252 1013 3444 1068 servili
3479 1018 3767 1084 potestatc

2117 1099 2347 1172 legibus
2403 1101 2771 1167 conﬁrmata,
2820 1100 3003 1156 servis
3048 1101 3322 1172 permisit
3364 1107 3431 1156 ut
3486 1103 3762 1159 dominos

2121 1205 2261 1244 suos
2313 1195 2681 1257 accusarent,
2741 1190 2789 1244 si
2843 1188 3014 1261 cujus
3070 1207 3275 1246 eorum
3337 1190 3538 1247 delicti
3570 1197 3775 1248 essent

2122 1279 2366 1334 conscii.
2400 1279 2538 1344 Qum
2568 1294 2663 1334 res
2694 1284 2924 1334 atroces
2963 1296 3068 1351 per
3099 1280 3303 1335 orbem
3346 1285 3645 1339 terrarum
3675 1296 3774 1337 ca-

2123 1367 2416 1424 lamitates
2448 1368 2740 1438 excitavit,
2793 1385 2929 1424 cum
2961 1385 3170 1424 omnes
3207 1369 3428 1441 passim
3485 1371 3635 1425 servi
3675 1370 3776 1426 do-

2125 1457 2307 1513 minis
2336 1457 2460 1513 suis
2499 1458 2694 1529 gravia
2725 1458 3017 1531 supplicio
3066 1459 3476 1516 conciliarent.
3511 1461 3663 1526 Quin
3720 1465 3779 1515 et

2126 1564 2196 1604 eo
2227 1546 2514 1604 vecordia;
2543 1553 2631 1602 est
2661 1548 2972 1619 prolapsus
3002 1553 3070 1604 ut
3098 1550 3347 1605 summis
3380 1566 3510 1605 sese
3546 1549 3783 1623 flagitiis

2128 1638 2440 1712 pollueret.
2467 1638 2727 1694 Tandem
2756 1655 2889 1695 cum
2916 1639 3037 1695 Caii
3072 1655 3454 1711 percussores
3487 1643 3779 1708 necasset,

2129 1745 2357 1784 veneno
2399 1732 2488 1784 est
2516 1728 2591 1783 ab
2619 1744 2804 1784 uxore
2836 1744 2943 1784 sua
2974 1728 3265 1785 sublatus.

2199 1910 2318 1964 Hoc
2348 1923 2550 1963 rerum
2581 1908 2844 1980 potiente
2874 1909 3124 1964 Iacobus
3147 1910 3412 1965 Zebedmi
3443 1911 3600 1967 ﬁlius
3629 1928 3772 1984 sup-

2127 1997 2306 2071 plicio
2339 2013 2445 2053 suo
2498 1996 2728 2052 veritati
2777 1998 3192 2053 testimonium
3245 1999 3396 2054 tulit.
3457 2002 3527 2054 Et
3556 2002 3784 2055 Marcus

2125 2086 2508 2159 Evangelium
2541 2087 2698 2141 Petri
2734 2087 2965 2142 monitu
3013 2088 3409 2160 conscripsit;
3443 2089 3786 2161 missusque

2127 2174 2199 2230 ab
2230 2192 2299 2230 eo
2331 2176 2393 2230 in
2442 2179 2753 2247 Egyptum
2811 2176 3041 2247 primus
3069 2176 3317 2232 fundata
3374 2177 3658 2247 Ecclesia,
3697 2176 3784 2232 ibi

2127 2263 2316 2321 multa
2362 2265 2726 2320 monasteria
2772 2265 2926 2320 818
2969 2266 3247 2335 instituit,
3277 2283 3406 2338 quae
3438 2283 3472 2323 a
3500 2267 3780 2339 gravitate

2128 2353 2307 2409 vitam
2334 2353 2412 2408 ibi
2446 2353 2786 2426 degentium
2808 2354 3085 2411 Semneio
3118 2360 3259 2411 tunc
3303 2355 3781 2436 appellabantur,

2132 2442 2635 2515 quemadmodum
2650 2443 2937 2499 Eusebius
2951 2445 3242 2517 Pamphili
3265 2445 3501 2501 scribit:
3520 2446 3781 2517 primum

2133 2534 2393 2589 Marcum
2441 2533 2663 2589 scimus
2692 2533 2754 2587 in
2812 2535 3052 2606 Egypto
3108 2534 3486 2607 Evangelium
3545 2551 3783 2606 compo-

2137 2622 2346 2689 suisse,
2382 2622 2759 2694 primumque
2789 2623 3114 2679 Ecclesium
3137 2624 3293 2696 apud
3319 2624 3511 2696 ipsam
3543 2623 3790 2680 Alexan-

2139 2710 2330 2766 driam
2360 2711 2709 2768 instituisse.
2741 2713 2924 2768 Tanta
2955 2718 3152 2768 autem
3185 2714 3377 2785 primo
3411 2730 3479 2769 eo
3511 2729 3792 2786 aggressu

2138 2799 2459 2855 multitudo
2486 2800 2744 2856 virorum
2776 2802 3217 2873 mulierumque
3251 2803 3428 2858 ﬁdem
3472 2802 3786 2874 Evangelia

2141 2888 2431 2945 adhibens
2453 2890 2860 2945 exercitationi
2882 2891 3165 2946 virtutum
3179 2891 3714 2946 vehementissimae
3732 2895 3791 2946 et

2143 2994 2321 3050 quam
2350 2978 2604 3033 maxime
2636 2977 3061 3050 philosophicas
3093 2995 3221 3034 sese
3255 2979 3437 3046 dedit,
3471 2984 3535 3033 ut
3586 2995 3792 3033 eorum

2143 3066 2608 3123 consuetudines
2638 3072 2962 3122 conventus
2983 3073 3378 3139 caeteramque
3401 3068 3638 3139 optimm
3660 3068 3792 3122 vita:

2142 3156 2437 3212 rationem
2458 3156 2794 3212 describere
2817 3156 3091 3227 dignatus
3113 3157 3389 3225 sitPhilo,
3415 3157 3793 3212 doctissimus

387 3242 579 3301 στόλου
613 3246 823 3319 ΙΙὲτρου
865 3246 953 3300 καὶ
989 3244 1262 3314 αὖτήκοον
1310 3242 1402 3298 καὶ
1433 3240 1726 3315 συνόμιλον
1760 3241 1811 3298 ἐν
1842 3242 2023 3317 Ῥώμῃ

2144 3247 2253 3315 vir,
2304 3246 2406 3318 qui
2439 3248 2637 3302 Romae
2687 3223 2928 3302 Petrum
2977 3247 3310 3319 apostolum
3344 3223 3507 3315 vicit,
3556 3246 3799 3316 audivit,

394 3336 690 3408 γενόμενον.
753 3338 874 3392 Τῶν
919 3334 1024 3410 γὰρ
1074 3335 1199 3410 παρ’
1255 3335 1417 3406 ἡμῶν
1478 3332 1728 3403 ἀσκητῶν
1761 3328 2035 3407 ἀποδεχό-

398 3444 554 3498 μενος
581 3424 662 3481 τὸν
698 3425 845 3500 βίον,
878 3423 1137 3493 ἐκθειάζει
1195 3420 1403 3501 σφόδρα
1459 3420 1550 3478 καί
1605 3421 1851 3495 σεμνύνει
1905 3420 2035 3488 τοὺς

388 3516 506 3569 κατ’
555 3513 710 3571 αὐτὸν
770 3511 1177 3575 ἀποστολικοὺς
1235 3510 1452 3589 ἄνδρας,
1502 3510 1552 3581 ἐξ
1610 3506 1896 3587 Ἐϐραίων,
1956 3514 2030 3574 ὼς

375 3602 543 3675 ἔοικε,
574 3606 870 3680 γεγονότας
925 3603 1015 3658 καὶ
1070 3609 1178 3660 τῶν
1235 3601 1500 3659 Ἐσσαίων
1554 3602 1654 3671 τὴν
1684 3600 1908 3673 ἄσκησιν
1939 3600 2032 3656 καὶ

372 3693 661 3750 πολιτείαν
721 3694 777 3749 εὗ
836 3691 988 3769 μάλα
1044 3690 1597 3768 προακοντισθέντων,
1653 3691 1770 3760 ἣτις
1803 3710 1867 3767 γε
1921 3696 2030 3746 τῶν

369 3784 759 3858 Τραμματέων
817 3784 907 3838 καὶ
961 3782 1272 3857 Φαρισαίων
1324 3782 1421 3851 την
1454 3777 1803 3851 δικαιοσύνην
1833 3778 1881 3849 ἐξ
1915 3777 2035 3834 ἐπι-

370 3873 585 3950 μέτρω
645 3869 1001 3943 διενὲστηκεν.
1063 3872 1198 3929 Ἀπὸ
1256 3870 1361 3947 γὰρ
1415 3866 1690 3942 Ἰωναδάμ
1746 3870 1856 3942 (44)
1912 3870 2034 3925 υἱοῦ

362 3956 574 4041 Ῥιχᾶϐ
624 3962 989 4038 καταγόμενοι
1044 3961 1196 4016 οὗτοι
1246 3961 1346 4030 τήν
1396 3959 1729 4035 πανάριστον
1778 3957 2035 4032 ἀκτημο-

360 4050 561 4123 σύνην,
602 4050 692 4106 καὶ
726 4047 1100 4121 δικαιοσύνην,
1130 4049 1220 4105 καὶ
1255 4050 1634 4127 σωφροσύνην,
1665 4047 1757 4103 καὶ
1788 4045 2036 4124 σκληρα-

358 4139 576 4217 γωγίαν
637 4139 928 4211 ἐπέτειναν,
988 4139 1168 4204 καθώς
1245 4160 1379 4220 φησι
1436 4137 1528 4193 καὶ
1584 4139 1853 4209 Ἰώσηπος
1911 4137 2034 4213 περὶ

2147 3352 2401 3407 cumque
2425 3352 2493 3391 eo
2516 3340 2607 3391 est
2627 3335 2972 3392 collocutus.
2998 3338 3053 3392 ls
3076 3337 3234 3392 enim
3259 3342 3622 3405 nostrorum,
3644 3352 3795 3409 quos

2142 3426 2214 3482 ab
2246 3426 2668 3482 exercitatione
2699 3426 2993 3482 bonorum
3042 3444 3289 3499 operum
3344 3431 3572 3483 ascetas
3618 3442 3791 3481 voca-

2142 3514 2307 3583 bant,
2339 3514 2598 3587 probans
2629 3515 2831 3584 vitam,
2878 3516 3100 3571 mirum
3132 3516 3193 3571 in
3241 3516 3484 3572 modum
3516 3514 3795 3572 laudibus

2143 3604 2299 3660 tollit
2326 3620 2395 3660 ac
2425 3604 2738 3677 magniﬁce
2760 3604 3045 3677 praedicat
3069 3606 3427 3676 apostolicos
3460 3622 3580 3660 suae
3604 3604 3795 3660 astatis

2141 3696 2319 3765 viros,
2352 3695 2423 3750 ab
2457 3695 2742 3762 Hebraeis,
2774 3701 2838 3751 ut
2869 3695 3122 3762 videtur,
3148 3695 3453 3761 oriundos,
3487 3710 3555 3750 ac
3575 3696 3797 3748 Essaeo-

2143 3801 2277 3841 rum
2307 3784 2576 3841 moribus
2608 3789 2667 3839 et
2695 3784 3011 3856 disciplina
3035 3784 3317 3856 praeclare
3350 3784 3516 3856 prius
3552 3782 3794 3837 institu-

2143 3879 2256 3930 tos.
2307 3875 2640 3930 Essaeorum
2673 3880 2834 3929 secta
2884 3873 3223 3929 Scribarum
3256 3878 3316 3929 et
3361 3873 3797 3929 Pharisaeorum

2137 3963 2435 4035 justitiam
2486 3978 2699 4035 magno
2732 3967 2865 4033 post
2909 3978 2970 4017 se
3026 3961 3272 4033 reliquit
3321 3961 3652 4017 intervallo.
3685 3961 3731 4015 Ii
3764 3976 3799 4015 a

2143 4052 2444 4108 Jonadabo
2466 4051 2713 4107 Richabi
2746 4051 2869 4107 ﬁlio
2891 4067 3075 4123 genus
3098 4051 3403 4120 ducentes,
3427 4049 3793 4123 praestantis-

2147 4143 2360 4198 simam
2392 4142 2563 4213 longe
2594 4141 2745 4197 nihil
2774 4141 3115 4214 possidendi
3136 4142 3449 4211 rationem,
3467 4141 3792 4212 justitiam.

1582 4240 1946 4297 XYLANDRI
1983 4242 2071 4297 ΕΤ
2109 4243 2328 4299 GOABI
2368 4242 2587 4298 ΝΟΤᾹΞ.
3282 4284 3286 4287 Α
3800 4311 3805 4316 ,

371 4343 412 4397 4
444 4339 810 4414 Olympiadis
854 4343 955 4396 135
1011 4340 1259 4414 Theram
1315 4344 1374 4394 et
1428 4338 1771 4414 Therasiam
1804 4342 2027 4414 enatas.
2064 4348 2106 4414 ο
2139 4357 2278 4396 vum
2305 4356 2455 4414 _non
2487 4344 2595 4408 est,
2638 4340 2750 4414 Δ130
2779 4355 2885 4411 pro
2920 4342 3019 4414 153
3058 4339 3221 4412 poni,
3281 4356 3401 4414 non
3434 4342 3796 4414 exacte_aut

368 4410 738 4469 Fuit‘autem
770 4413 880 4468 hoc
913 4429 1067 4467 anno
1099 4412 1171 4467 ab
1206 4413 1266 4467 U.
1318 4415 1380 4466 ω.
1442 4412 1566 4477 516,
1616 4410 2028 4481 quinquennio

370 4489 515 4556 post
534 4484 766 4539 ﬁnitum
790 4484 1013 4538 bellum
1029 4484 1284 4556 primum
1304 4481 2028 4556 PunicudeemPlinius

373 4552 599 4610 ibidem
651 4556 856 4610 scribit
886 4552 1044 4610 inter
1072 4555 1309 4609 easdem
1333 4558 1465 4625 post
1494 4552 1907 4625 annos_l30(id
1939 4558 2030 4607 est

374 4643 535 4682 anno
571 4629 673 4681 640
701 4627 772 4681 ab
807 4627 870 4681 U.
905 4627 989 4692 C.,
1023 4626 1262 4680 biennio
1297 4622 1615 4695 antequam
1649 4622 1849 4695 Cicero
1881 4640 2027 4678 nas-

376 4705 634 4761 ceretur,
668 4698 730 4751 in
762 4698 880 4752 ﬁne
910 4697 1048 4753 belli
1099 4694 1471 4768 Iugurthini)
1506 4700 1739 4768 enatam
1772 4694 2027 4768 Iliorum,

376 4786 512 4841 quae
544 4775 603 4824 et
632 4770 945 4824 Automate
975 4765 1224 4841 dicatur.
1249 4770 1319 4822 Et
1348 4767 1419 4821 ab
1443 4765 1540 4833 ea,
1577 4765 2031 4841 inquit.._du_obus

378 4838 589 4896 stadiis
618 4846 752 4909 post
782 4856 973 4896 annos
1031 4843 1153 4909 110,
1207 4840 1272 4894 in
1327 4844 1531 4893 nostro
1584 4838 1826 4909 mvo,AM.
1857 4838 2030 4892 Junio

380 4912 582 4967 Silano
611 4907 672 4966 L.
710 4913 888 4967 Balbo
918 4928 1067 4966 coss.
1119 4907 1168 4966 a.
1223 4910 1279 4968 d.
1333 4927 1426 4965 vm
1467 4909 1600 4964 idus
1629 4907 1832 4977 Iulias,
1866 4910 2028 4965 Tliia.

378 4983 425 5056 li
457 4984 732 5039 consules
763 4988 1064 5056 ponuntur
1093 4982 1170 5038 ad
1198 4998 1444 5056 annum
1459 4983 1582 5034 771.
1615 4979 1694 5056 ab
1718 4980 1782 5036 U.
1818 4980 1904 5047 G.,
1936 4981 2033 5035 Ti-

378 5054 534 5110 berii
593 5051 890 5126 quintum.
951 5056 1139 5120 Quare
1196 5054 1372 5108 Plinii
1429 5051 1848 5126 locus,_si_non
1883 5058 2035 5126 esset

384 5122 730 5197 mendosus,
762 5127 1104 5182 dissentiret
1131 5142 1166 5181 a
1195 5125 1496 5197 communi
1542 5122 1769 5179 calculo
1804 5124 1939 5197 totis
1970 5127 2034 5179 l5

380 5199 579 5253 annis.
599 5195 767 5264 Quod
789 5214 983 5269 neque
1004 5198 1188 5270 ipsius
1210 5196 1530 5270 diligentia)
1560 5210 1754 5265 neque
1783 5195 2036 5251 aliorum

386 5270 741 5340 scriptorum
769 5268 906 5324 eum
929 5286 995 5324 eo
1015 5268 1438 5325 convenientiae
1464 5271 1552 5322 est
1568 5271 2035 5340 consentaneum

384 5341 493 5395 Dio
508 5336 795 5397 Cocceius
818 5341 857 5395 l.
882 5343 950 5395 60
972 5341 1229 5396 insulam
1252 5341 1336 5395 ait
1362 5355 1545 5411 prope
1566 5337 1815 5411 Theram
1852 5336 2034 5393 fuisse

388 5417 625 5467 enatam
656 5412 903 5468 Claudio
934 5414 984 5475 4,
1021 5413 1077 5467 L.
1105 5411 1339 5466 Vitellio
1363 5408 1401 5464 3
1434 5408 1812 5475 consule,cur
1842 5424 2035 5464 annus

385 5482 499 5539 fuit
526 5484 599 5540 ab
630 5484 694 5539 U.
731 5486 790 5539 C.
820 5484 925 5537 800
954 5489 1074 5550 aut,
1106 5488 1173 5537 ut
1201 5484 1389 5538 visum
1421 5480 1575 5541 aliis,
1599 5482 1722 5533 779.
1753 5479 2045 5550 Loquitur,

384 5559 585 5610 autem
615 5555 775 5611 haud
805 5554 982 5610 dubie
1014 5555 1122 5610 hac
1150 5554 1222 5610 de
1251 5572 1315 5609 re
1336 5559 1396 5608 et
1424 5552 1495 5624 de
1527 5551 1673 5624 Thia
1696 5551 2036 5624 ista.ltaque

384 5625 708 5683 videndum
739 5632 831 5682 est
860 5642 1059 5698 annon
1089 5624 1395 5698 scripserit
1423 5623 1654 5698 Plinius

384 5699 511 5768 150,
542 5697 642 5754 ubi
675 5714 837 5755 nunc
870 5698 971 5752 130
997 5691 1309 5770 leguntur:
1339 5711 1479 5752 nam
1505 5695 1619 5751 hoc
1648 5691 1892 5767 quidem
1924 5712 2037 5753 no-

2139 4411 2386 4485 praecise
2418 4411 2685 4485 numeris
2712 4411 3029 4485 annotatis.
3064 4411 3245 4466 Porro
3275 4412 3527 4467 Theram
3557 4416 3616 4466 et
3642 4411 3790 4485 The-

2140 4482 2355 4541 rasiam
2387 4487 2603 4554 (neque
2627 4482 2721 4537 hic
2743 4482 2956 4553 loquor
2984 4482 3058 4539 de
3085 4499 3156 4538 ea
3184 4499 3315 4554 qua:
3334 4500 3456 4539 una
3476 4498 3546 4538 ex
3565 4482 3784 4539 Acoliis

2136 4555 2267 4621 fuit,
2298 4553 2525 4609 Plinius
2557 4571 2635 4615 ιιι.
2683 4555 2744 4622 9)
2779 4553 3006 4610 insulas
3045 4571 3175 4610 esse
3202 4553 3371 4623 duas,
3416 4572 3537 4611 non
3564 4570 3688 4611 una
3718 4572 3788 4610 ex

2138 4625 2315 4680 Plinii
2355 4644 2427 4693 ιν,
2474 4629 2567 4698 12,
2614 4625 2786 4698 facile
2848 4626 3182 4698 intelliges;
3236 4627 3336 4682 ubi
3381 4627 3724 4683 Therasiam
3753 4642 3789 4681 a

2137 4698 2326 4753 Thera
2357 4696 2641 4769 avulsam,
2675 4697 2949 4769 interque
2981 4696 3079 4753 eas
3109 4698 3369 4769 primum
3408 4700 3783 4765 Automaten,

2141 4773 2346 4840 postea
2376 4768 2556 4824 etiam
2586 4768 2789 4824 Thiam
2823 4768 3060 4824 enatam
3093 4768 3316 4824 scribit.
3351 4770 3786 4840 Blaudiopolim

2139 4857 2198 4966 ρ.
2231 4842 2333 4894 347
2374 4857 2424 4893 v.
2460 4843 2525 4922 l_0
2555 4841 2938 4922 Qappadocizn
2965 4841 3128 4923 idem
3150 4841 3410 4922 refertv,
3458 4844 3547 4922 ἓξ.
3579 4840 3785 4921 Xipbi-

2167 4929 2299 4966 inus
2330 4928 2401 4966 ex
2424 4912 2629 4966 Dionis
2658 4912 2917 4966 Adriano
2969 4917 3241 4966 nominat
3286 4912 3660 4966 Bithvmdem
3693 4913 3785 4965 Βι-

2167 4916 2299 4968 inus
2330 4928 2401 4967 ex
2424 4912 2629 4967 Dionis
2658 4912 2917 4967 Adriano
2969 4913 3241 4967 nominat
3286 4911 3667 4983 Bithynidem’
3693 4911 3788 4965 Bi-

2140 4984 2362 5055 thyniaa
2392 4983 2621 5055 urbem.
2658 4998 2788 5054 quas
2819 4983 3399 5055 aliasrclaudiopolis
3435 4983 3682 5055 dicatur.
3716 4983 3789 5036 Et

2144 5053 2224 5110 de
2248 5054 2507 5109 tumultu
2536 5053 2873 5109 Judaiorum
2900 5054 3008 5110 sub
3040 5053 3281 5109 Claudio
3312 5054 3443 5108 vide
3465 5053 3785 5123 Josephum

2142 5128 2426 5195 Antiquit.
2461 5142 2556 5187 xx,
2590 5127 2642 5193 4,
2680 5125 2893 5180 Euseb.
2941 5128 3083 5195 Hist.
3121 5127 3325 5195 lz'ccles.
3369 5141 3428 5190 ιι,
3480 5127 3564 5178 19.
3616 5123 3787 5194 Apud

2142 5192 2462 5269 Josephum
2479 5192 2720 5269 quidem
2734 5203 2938 5269 autum
2955 5192 3050 5269 δῦῗο
3085 5192 3341 5269 μυριάδες
3359 5195 3637 5267 leguntur
3662 5192 3791 5266 per-

2142 5267 2304 5332 iisse,
2337 5271 2405 5322 20
2435 5267 2643 5322 millia.
2678 5267 2790 5322 Sed
2812 5268 3101 5323 Eusebius
3119 5267 3297 5322 habet
3311 5272 3377 5322 ut
3392 5273 3613 5323 noster.
3639 5269 3785 5324 ΧΠ..

2213 5339 2328 5409 (4-3)
2371 5340 2437 5392 In
2497 5339 2785 5425 margine,
2847 5335 3265 5425 Ἀγαλόγίξομαι
3321 5337 3433 5425 καὶ
3467 5336 3629 5425 agro:
3686 5357 3785 5408 την

2140 5405 2265 5484 τότε
2293 5405 2597 5484 συμφορσὶν·
2632 5405 2811 5484 ’φόσει
2866 5408 2968 5484 γαρ
3028 5405 3350 5484 ἐχθρδν-τδ
3405 5405 3604 5464 δοῦλον
3669 5405 3788 5472 τοις

2146 5476 2451 5540 δεσπόταις.
2481 5476 2680 5536 ’Νεννεί
2700 5482 2811 5536 hoc
2840 5476 3100 5536 edictum
3126 5476 3402 5537 abolevit.
3433 5484 3570 5538 XvL.

2217 5551 2332 5624 (44)
2366 5550 2508 5624 Vide
2538 5553 2753 5608 Jerem.
2779 5568 2942 5607 xxxv.
2958 5553 3048 5624 De
3070 5553 3282 5609 Essaeis
3313 5553 3440 5624 lege
3467 5552 3789 5624 Josephum

2145 5621 2435 5698 Αηεεᾳυξι.
2468 5640 2628 5692 xvm,
2658 5626 2713 5690 2,
2745 5630 2804 5680 et
2850 5623 3038 5698 multo
3084 5625 3259 5698 plura
3285 5621 3433 5698 Belli
3473 5621 3695 5682 Juddici
3725 5640 3790 5693 ιι,

2148 5699 2238 5770 12,
2269 5695 2426 5753 unde
2457 5698 2667 5753 Noster
2695 5696 3004 5771 complura
3032 5695 3356 5754 transtulit.
3390 5697 3527 5753 XYL.
