4118 6288
420 331 538 391 387

1787 323 2104 388 GEORGII
2151 325 2491 389 CEDRENI

3690 337 3794 399 388

420 463 879 536 temperantiam
911 465 1088 532 atque
1127 458 1355 514 duriter
1383 459 1628 533 agendae
1658 459 1790 516 vita:
1821 460 2068 515 institu-

2187 455 2362 514 αὐτῶν
2394 457 2479 514 ὅτι
2513 459 2752 514 Ἐσσαῖοι
2783 456 3041 515 Ἰουδαῖοι
3102 461 3198 533 μὶν
3253 461 3355 516 εἶσι
3399 461 3459 518 τὸ
3486 461 3648 540 γένος,
3677 465 3799 544 φιλ..

423 561 550 611 tum
616 552 1024 618 intenderunt,
1059 549 1215 604 sicut
1263 549 1552 621 Iosephus
1601 550 1674 606 de
1722 551 1794 606 iis
1841 549 2068 605 scribit.

420 645 601 700 Essmi
631 643 871 697 natione
901 639 1088 696 Judaei
1119 643 1278 694 sunt.
1312 639 1355 692 li
1387 655 1589 695 amore
1620 645 1826 696 mutuo
1857 644 1917 694 et
1937 637 2073 694 reli-

419 734 595 805 gione
615 731 749 786 aliis
778 728 1185 796 antecellunt;
1215 728 1575 800 voluptatem
1607 733 1891 800 tanquam
1913 727 2074 800 flagi-

419 823 569 876 tium
609 824 992 876 aversantur:
1027 817 1508 890 temperantiam,
1556 818 1984 874 continentiam
2014 820 2072 872 et

418 911 738 967 affectuum
768 909 1124 965 vacuitatem
1154 907 1385 962 virtutis
1435 907 1563 963 loco
1591 912 1916 963 sectantur.
1949 908 2072 962 Ma-

419 1000 702 1056 trimonia
755 998 869 1070 ipsi
925 998 1253 1070 negligunt,
1313 997 1540 1053 alienos
1598 1002 1796 1052 autem
1853 996 2074 1051 liberos

419 1096 626 1145 tenera
651 1087 844 1142 adhuc
893 1087 1046 1142 349
1089 1091 1258 1141 aetate
1312 1086 1704 1158 suscipientes
1734 1085 1950 1140 docent
2005 1101 2073 1140 ac

420 1197 526 1253 pro
558 1179 681 1234 suis
739 1176 982 1244 habent,
1041 1176 1284 1247 suisque
1317 1193 1416 1231 eos
1469 1176 1734 1232 moribus
1791 1175 2070 1231 formant.

424 1268 738 1340 Legitimas
789 1271 1098 1336 castasque
1132 1265 1368 1337 nuptias
1417 1270 1478 1320 et
1515 1265 1953 1321 successionem
2001 1263 2074 1319 iis

421 1361 806 1430 propagatam
837 1354 1110 1427 probant,
1134 1353 1374 1409 vitiosos
1393 1358 1594 1409 autem
1637 1359 1695 1408 et
1713 1354 1832 1409 Deo
1853 1353 2074 1408 invisos

423 1445 778 1503 concubitus
807 1461 875 1501 ac
904 1443 1204 1500 lasciviam
1234 1459 1612 1515 summopere
1629 1441 2072 1498 abominantur.

421 1539 664 1593 Divitias
714 1543 774 1592 et
817 1535 1181 1608 opulentiam
1229 1539 1663 1590 contemnunt:
1696 1533 1847 1589 nihil
1885 1532 2072 1605 possi-

425 1627 565 1683 dere
592 1626 875 1699 gaudent,
909 1624 1066 1696 quod
1095 1624 1154 1679 id
1186 1628 1426 1696 praestet
1447 1629 1511 1678 ut
1541 1624 1658 1678 vita
1687 1639 1723 1678 a
1751 1621 1946 1678 studio
1968 1621 2077 1676 viro

424 1717 567 1773 tutis
590 1731 964 1788 nequaquam
991 1713 1372 1770 abstrahatur
1396 1719 1497 1769 aut
1528 1712 1908 1785 impediatur.
1939 1709 2076 1766 Nul-

2182 545 2426 618 ἀλληλοι
2454 543 2512 602 δὲ
2561 547 2653 603 καί
2711 553 2819 603 τῶν
2876 545 3068 604 ἄλλων
3128 545 3378 613 εὐλαϐεῖς
3425 550 3606 621 πλέον,
3635 543 3800 626 θ’ίίτήν

2183 635 2279 708 μὲν
2309 633 2512 706 ἡδονὴν
2541 635 2616 700 ὡς
2655 636 2846 693 κακίαν
2898 636 3350 718 ἀποστρέφονται,
3383 639 3480 708 τὴν
3511 637 3568 696 δὲ
3595 661 3800 719 σωφρο-

2183 725 2346 793 σύνην
2383 724 2474 781 καὶ
2505 725 2822 802 ἐγκράτειαν
2877 725 2970 782 καὶ
3025 726 3090 782 τὸ
3151 727 3228 801 μὴ
3285 732 3401 792 τοῖς
3431 729 3642 794 πάθεσιν
3672 731 3800 788 ὑπο-

2180 811 2393 870 πίπτειν
2423 813 2620 888 ἀρετὴν
2676 810 3147 889 ὑπολαμϐάνουσι.
3204 815 3310 872 Καὶ
3365 817 3540 893 γάμος
3569 818 3660 891 μὶν
3685 823 3800 896 παρ’

2182 899 2368 966 αὐτοῖς
2400 903 2746 980 ὑπερορᾶται,
2793 903 2922 967 τοὺς
2980 901 3038 959 δὲ
3093 903 3421 981 ἀλλοτρίους
3451 903 3640 972 παῖδας
3663 911 3801 976 νέους

2181 989 2259 1047 ἔτι
2317 988 2874 1068 προσλαμϐανόμενοι
2927 993 3016 1049 καὶ
3069 991 3408 1058 διδάσκοντες
3451 996 3522 1058 ὡς
3551 1005 3799 1075 συγγενεῖς

2179 1083 2440 1157 ἡγοῦνται
2501 1082 2592 1138 καὶ
2644 1087 2763 1146 τοῖς
2836 1080 3022 1152 ἤθεσιν
3095 1084 3298 1140 ἑαυτῶν
3358 1083 3652 1142 ἐντυποῦσι.
3707 1090 3800 1144 Καὶ

2177 1171 2270 1226 τὸν
2332 1173 2430 1244 μὲν
2487 1167 2713 1247 ἔννομον
2770 1171 2861 1228 καὶ
2936 1173 3190 1250 σώφρονα
3242 1173 3421 1249 γάμον
3485 1175 3574 1230 καὶ
3617 1177 3709 1246 τὴν
3755 1177 3801 1249 ἐξ

2180 1257 2348 1315 αὐτοῦ
2413 1257 2682 1340 διαδοχήν
2739 1259 3130 1341 ἀποδέχονται,
3185 1262 3280 1325 τὰς
3330 1261 3389 1319 δὶ
3443 1284 3674 1340 πονηρας
3723 1265 3802 1321 καὶ

2183 1355 2490 1426 θεοστυγεῖς
2525 1350 2695 1424 μίξεις
2743 1351 2834 1406 καὶ
2886 1349 3170 1428 ἀσελγείας
3226 1350 3410 1408 τέλεον
3462 1353 3805 1432 ἀποστρέφον-

2179 1459 2269 1494 ται
2297 1439 2388 1494 καὶ
2441 1435 2879 1496 ἀποϐάλλονται.
2934 1443 3365 1520 Καταφρονεῖται
3395 1439 3452 1498 δὲ
3487 1443 3610 1517 παρ’
3638 1442 3804 1506 αὐτοῖς

2181 1527 2428 1592 πλοῦτος
2483 1530 2574 1585 καὶ
2629 1528 2999 1604 πολυκτησία,
3057 1531 3158 1602 τήν
3214 1529 3272 1586 δὲ
3326 1529 3699 1606 ἀκτημοσύνην
3737 1533 3803 1597 ὡς

2183 1619 2584 1694 ἀπερίσπαστον
2645 1620 2738 1676 καὶ
2825 1619 3073 1696 ἐνάρετον
3140 1620 3494 1692 ἀσπάζονται.
3552 1621 3650 1678 Καὶ
3697 1623 3807 1698 πρὶν

2187 1709 2284 1783 μὲν
2341 1709 2581 1786 ἀνίσχειν
2640 1709 2733 1766 τὸν
2791 1708 2951 1780 ἣλιον
3034 1707 3187 1766 οὐδὲν
3245 1711 3416 1789 ἀργὸν
3491 1711 3804 1790 φθέγγονται,

420 1804 545 1860 lum
577 1805 890 1878 profanum
939 1802 1182 1857 verbum
1230 1807 1368 1858 ante
1417 1801 1559 1856 solis
1603 1805 1798 1855 ortum
1850 1799 2068 1864 edunt;

2183 1797 2496 1891 προσευχάς
2552 1795 2610 1854 δὲ
2689 1799 2780 1854 καὶ
2865 1796 3196 1874 ψαλμῳδίας
3279 1801 3342 1855 ἐκ
3421 1802 3588 1872 μέσης
3639 1802 3808 1867 νυκτὸς

420 1911 628 1966 preces
659 1899 857 1949 autem
880 1898 939 1947 et
957 1891 1322 1964 psalmorum
1343 1895 1584 1946 cantum
1607 1906 1642 1945 a
1671 1889 1869 1945 media
1893 1893 2065 1944 nocte

416 1983 488 2040 ad
522 1983 716 2039 lucem
766 1999 952 2054 usque
1011 1982 1128 2036 Deo
1187 1979 1459 2053 religiose
1519 1995 1587 2035 ac
1617 1995 1753 2034 cum
1783 1977 2063 2050 gravitate

420 2074 698 2128 offerunt.
731 2073 810 2127 Eo
840 2073 994 2126 facto
1028 2070 1278 2141 quisque
1309 2069 1383 2124 ad
1415 2085 1588 2124 suum
1618 2084 1834 2124 munus
1863 2083 1900 2122 a
1927 2083 2074 2138 prm-

417 2161 541 2218 side
575 2161 918 2216 dimittitur.
951 2159 1014 2213 Id
1043 2176 1177 2214 cum
1210 2159 1459 2230 quisque
1482 2176 1588 2230 pro
1610 2175 1671 2213 se
1699 2157 1947 2230 jejunus
1977 2161 2070 2211 at-

419 2268 532 2322 que
564 2252 722 2306 inter
750 2251 1084 2305 divinarum
1109 2263 1311 2303 rerum
1343 2248 1880 2304 considerationem
1903 2245 2070 2314 obiit,

417 2339 563 2395 hora
591 2345 758 2395 sexta
785 2337 857 2393 ad
908 2337 1227 2410 prandium
1255 2337 1318 2392 in
1365 2353 1680 2392 commune
1713 2333 2073 2392 conveniunt

418 2445 632 2500 magna
662 2444 798 2483 cum
829 2426 1120 2482 modestia
1141 2432 1316 2496 atque
1347 2426 1602 2481 silentio.
1637 2424 1722 2480 lbi
1753 2424 1942 2496 pistor
1971 2439 2069 2494 pa-

415 2535 521 2573 nes
555 2517 762 2574 ordine
795 2514 1044 2588 singulis
1075 2515 1374 2587 proponit,
1405 2532 1474 2570 ac
1511 2531 1736 2585 coquus
1765 2511 2066 2569 vasculum

418 2605 491 2662 de
520 2607 699 2663 unico
731 2605 846 2660 cibi
903 2621 1119 2677 genere
1168 2603 1413 2677 singulis
1442 2605 1634 2659 aﬂ‘ert.
1685 2607 1834 2658 Ante
1865 2606 2067 2657 autem

421 2713 600 2766 quam
631 2696 850 2763 cibum,
878 2711 1094 2766 purum
1126 2709 1262 2748 eum
1295 2699 1354 2748 et
1381 2697 1631 2762 castum,
1674 2691 1928 2763 capiant,
1971 2706 2065 2746 sa-

420 2787 626 2842 cerdos
657 2802 862 2858 preces
899 2785 1136 2842 fundit:
1169 2801 1308 2840 nam
1365 2784 1532 2840 nefas
1580 2787 1792 2856 putant
1833 2787 2068 2856 gustare

417 2875 643 2946 aliquid
667 2876 783 2930 Deo
807 2891 926 2930 non
948 2879 1086 2930 ante
1105 2875 1396 2929 invocato.
1429 2873 1589 2928 Idem
1621 2870 1904 2944 precandi
1941 2886 2069 2926 mos

420 2971 508 3022 est
537 2965 785 3038 prandio
819 2965 1020 3033 ﬁnito;
1049 2965 1411 3035 omninoque
1444 2969 1502 3019 et
1537 2963 1895 3035 principium
1919 2967 1977 3017 et
1997 2961 2070 3017 tl-

417 3073 554 3112 nem
585 3072 826 3112 suarum
855 3055 1156 3112 actionum
1188 3056 1408 3111 habent
1439 3055 1539 3109 Dei
1557 3053 1856 3110 assiduam
1887 3067 2033 3107 vene
2056 3082 2068 3094 -

415 3145 728 3202 rationem.
763 3145 956 3201 Finito
988 3144 1236 3218 prandio
1263 3144 1337 3200 ad
1371 3160 1549 3216 opera
1579 3159 1686 3198 sua
1715 3141 1963 3215 digressi
1995 3156 2066 3196 ea

2185 1885 2382 1964 μέχρις
2440 1885 2613 1963 αὐγῆς
2656 1889 2796 1965 πρὸς
2852 1888 2944 1944 τὸν
3004 1890 3090 1963 [Ρ.
3142 1891 3264 1964 199]
3326 1890 3456 1945 Θεὸν
3507 1890 3808 1968 ἀναφὲρουσι

2284 1978 2296 1998 9
2365 1975 2379 1996 θ
2539 1977 2550 1997 θ
2746 1977 2761 1998 \
3325 1979 3340 1996 \
3435 1977 3462 1998 τ’
3673 1979 3687 1998 \
3756 1978 3779 2001 ν

2182 1997 2278 2050 μετ
2330 1972 2618 2042 ευλαϐειας
2671 1998 2763 2033 και
2821 1977 3176 2051 σεμνότητος.
3236 1980 3344 2036 Και
3401 1999 3540 2034 ουτω
3595 1999 3722 2054 προς
3747 2001 3806 2051 ην

2175 2062 2400 2128 ἕκαστος
2432 2059 2552 2142 ἔχει
2605 2065 2830 2146 τέχνην,
2887 2066 2990 2122 ὑπὸ
3043 2071 3145 2123 τοῦ
3191 2071 3535 2144 προεστῶτος
3563 2067 3808 2125 ἀποστέλ-

2178 2154 2358 2214 λεται.
2428 2156 2535 2212 Καὶ
2599 2154 2796 2232 μέχρις
2849 2155 2994 2233 ὥρας
3046 2156 3210 2228 ’ὲκτης
3271 2157 3413 2232 μετά
3473 2160 3681 2233 νήψεως
3728 2159 3810 2214 καὶ

2179 2244 2492 2320 θεολογίας,
2549 2244 2726 2308 οὕτως
2785 2245 2872 2302 ἐπὶ
2958 2247 3022 2302 τὸ
3097 2243 3486 2323 δειπνητήριον
3546 2250 3808 2323 συναθροί-

2179 2339 2360 2404 ζονται
2425 2335 2541 2408 μετ’
2599 2330 2883 2398 εὐλαϐείας
2932 2335 3023 2392 καὶ
3081 2335 3320 2412 ἡσυχίας
3377 2335 3612 2407 πολλῆς.
3662 2338 3750 2392 Καὶ
3786 2338 3812 2392 ὁ

2182 2423 2279 2496 μὶν
2338 2424 2618 2487 σιτοποιὸς
2677 2423 2730 2479 ἐν
2784 2425 2927 2496 τάξει
2983 2425 3348 2498 παρατίθησιν
3426 2425 3636 2502 ἄρτους,
3684 2426 3712 2482 ὁ
3763 2423 3812 2482 δὲ

2180 2513 2438 2590 μάγειρος
2491 2507 2545 2568 ἔν
2595 2511 2806 2589 ἀγγεῖον
2884 2514 2935 2584 ἐξ
3022 2514 3140 2578 ἑνὸς
3226 2512 3528 2591 ἐδέσματος
3596 2515 3808 2572 πάντοτε

2173 2603 2460 2680 προσάγει.
2497 2601 2602 2660 Καὶ
2649 2603 3080 2683 προκατεύχεται
3139 2601 3197 2660 δὶ
3251 2611 3356 2675 τῆς
3413 2611 3622 2684 τροφῆς
3657 2607 3808 2682 ἁγνῆς

2177 2688 2346 2762 οὔσης
2376 2691 2466 2746 καὶ
2498 2693 2737 2767 καθαρᾶς
2797 2693 2826 2748 ὸ
2880 2693 3074 2765 ἱερεύς·
3133 2691 3395 2768 ἀθέμιτον
3452 2693 3554 2770 γάρ
3595 2695 3693 2768 πρὸ
3718 2701 3806 2764 τῆς

2176 2781 2350 2856 εὐχῆς
2390 2783 2652 2856 ἡγοῦνται
2704 2781 2990 2856 γεύσασθαί
3026 2803 3100 2838 τι.
3155 2781 3251 2838 Καὶ
3297 2780 3470 2838 πάλιν
3511 2781 3804 2860 ἀριστησάν-

2173 2890 2281 2926 των
2340 2870 2369 2925 ὁ
2423 2869 2598 2945 ἱερεὺς
2651 2869 2960 2948 ἐπεύχεται.
3025 2872 3124 2928 Καὶ
3178 2870 3374 2936 ἁπλῶς
3430 2872 3722 2949 ἀρχόμενοί
3751 2893 3799 2927 τι

2173 2960 2262 3014 καί
2319 2959 2626 3034 παυόμενοι
2683 2973 2994 3036 γεραίρουσι
3069 2961 3161 3016 τὸν
3228 2961 3363 3018 Θεὸν
3447 2959 3791 3024 ἀδιαλείπτως.

2179 3047 2276 3105 Καὶ
2315 3048 2468 3110 αὖθις
2516 3047 2602 3104 ἐπ’
2647 3043 2776 3126 ἔργα
2837 3049 3038 3130 μέχρις
3085 3048 3314 3128 ἐσπέρας
3373 3047 3802 3128 διακαρτερήσαν-

2172 3157 2283 3205 τες,
2341 3137 2432 3194 καὶ
2487 3135 2875 3211 δειπνήσαντες
2937 3141 3074 3216 μετά
3145 3147 3251 3212 τῆς
3301 3143 3572 3214 συνήθους
3627 3143 3809 3206 σιωπῆς

415 3253 600 3308 usque
629 3237 704 3292 ad
748 3253 1055 3309 vesperam
1105 3237 1402 3300 tolerant;
1457 3251 1743 3306 omnaque
1774 3237 2064 3290 consueto

2181 3229 2272 3284 καὶ
2333 3233 2748 3306 σεμνοπρεποῦς
2807 3231 3204 3303 καταστάσεως,
3283 3230 3372 3286 ἐπ’
3457 3231 3622 3312 εὐχὰς
3671 3230 3812 3286 πάλιν

416 3325 656 3381 silentio
685 3331 745 3381 et
774 3326 1072 3382 modestia
1098 3325 1301 3381 refecti
1333 3341 1571 3380 rursum
1601 3324 1675 3379 ad
1700 3340 1906 3396 preces
1928 3339 1996 3378 co
2019 3338 2059 3378 u

419 3415 685 3484 veniunt,
733 3415 1083 3470 brevissimo
1122 3419 1181 3469 et
1210 3413 1509 3470 levissimo
1558 3429 1768 3468 somno
1800 3427 2078 3467 excusso-

2188 3319 2278 3375 ἐπὶ
2309 3319 2372 3376 τὸ
2405 3319 2536 3376 αὐτὸ
2593 3319 2974 3399 συνέρχονται,
3031 3319 3164 3386 τοὺς
3221 3321 3605 3398 βραχυτάτους
3647 3321 3817 3382 ὕπνους

2180 3409 2273 3466 καὶ
2328 3410 2705 3489 κουφοτάτους
2763 3408 3184 3485 ἐκτιναξάμενοι.
3236 3410 3423 3487 Οὗπὶρ
3479 3410 3616 3468 ἐστιν
3662 3407 3816 3466 α’ίτιον

426 3503 607 3575 Cujus
638 3505 723 3559 rei
757 3520 934 3559 causa
964 3507 1053 3558 est
1101 3503 1450 3558 continuum
1475 3501 1799 3574 jejunium,
1835 3505 1893 3556 et
1923 3500 2068 3558 850

2181 3500 2216 3568 ἡ
2283 3495 2545 3570 διηνεκὴς
2602 3501 2771 3573 νῆψις
2829 3496 2921 3554 καί
2975 3498 3039 3555 τὸ
3102 3501 3419 3574 μετρεῖσθαι
3485 3501 3608 3575 παρ’
3661 3497 3820 3562 αὐτοῖς

412 3593 571 3664 quod
589 3593 674 3648 eis
706 3597 867 3648 certa
891 3608 1173 3648 mensura
1195 3591 1370 3647 datur
1389 3590 1557 3646 cibus
1582 3595 1876 3660 potusque
1901 3588 2076 3644 exilis

417 3688 476 3737 et
503 3681 761 3755 vulgaris
789 3698 856 3736 ac
887 3697 1138 3754 parcus:
1189 3695 1386 3752 neque
1437 3679 1597 3734 enim
1629 3678 1788 3750 apud
1821 3695 1922 3734 eos
1952 3677 2076 3733 ulla

419 3776 507 3826 est
538 3772 776 3827 satietas
806 3775 908 3826 aut
936 3770 1158 3826 ventris
1189 3769 1462 3841 repletio,
1493 3767 1597 3824 sed
1627 3784 1878 3842 magnus
1913 3766 2069 3823 defe-

413 3865 564 3928 ctus,
596 3866 655 3914 et
684 3859 1043 3931 paucissima
1074 3859 1377 3930 requirere
1425 3858 1784 3914 didicerunt.
1841 3857 1900 3912 Si
1931 3855 2066 3927 quis

413 3965 481 4004 ac
512 3965 614 4003 eos
644 3965 706 4002 se
737 3948 1005 4003 conferat
1025 3947 1295 4004 eamdem
1315 3947 1446 4002 vitaa
1477 3948 1770 4002 rationem
1794 3944 2065 4000 sectandi

416 4053 614 4104 causa,
647 4037 697 4092 is
719 4053 840 4092 non
861 4037 1062 4092 statim
1085 4036 1495 4109 exploratione
1513 4041 1614 4092 aut
1637 4033 2064 4091 exercitatione

413 4125 578 4190 nulla
605 4125 911 4198 praemissa
955 4125 1310 4195 admittitur,
1361 4125 1464 4180 sed
1508 4141 1616 4197 per
1663 4139 1887 4180 annum
1918 4121 2064 4178 foris

401 4214 650 4286 jubetur
679 4215 891 4270 eodem
921 4215 1078 4270 victu
1127 4215 1460 4286 iisdemque
1508 4213 1776 4268 moribus
1815 4211 1920 4266 uti.
1961 4210 2063 4266 Se-

411 4304 570 4361 curis
600 4304 652 4360 ei
685 4303 858 4360 datur
887 4309 945 4360 et
963 4303 1390 4377 subligaculum
1418 4319 1486 4359 ac
1515 4301 1780 4358 tunicula
1805 4300 2022 4356 misera
2046 4332 2060 4370 ε

413 4391 612 4464 itaque
642 4393 924 4466 operibus
953 4399 1012 4448 et
1041 4393 1216 4449 dictis
1247 4392 1488 4464 optimis
1528 4395 1857 4448 exercetur.
1887 4391 2058 4444 Post-

414 4501 593 4555 quam
619 4484 1000 4540 tolerantiam
1031 4501 1197 4540 suam
1228 4482 1515 4556 probavit,
1565 4483 1681 4538 alio
1711 4481 1954 4537 biennio
1985 4479 2058 4536 de

2177 3589 2385 3664 τροφὴν
2461 3589 2551 3643 καὶ
2643 3587 2802 3643 πόσιν
2897 3585 3057 3659 λιτὴν
3159 3587 3250 3644 καὶ
3355 3588 3672 3666 ἀπερίεργον
3741 3585 3819 3642 καὶ

2180 3673 2560 3744 σπανίζουσαν
2613 3671 2792 3738 οὐδεὶς
2867 3675 2972 3750 γάρ
3047 3677 3177 3751 παρ’
3251 3675 3445 3740 αὐτοῖς
3518 3677 3682 3738 κόπος
3740 3673 3817 3730 καὶ

2180 3762 2452 3843 χορτασία
2497 3761 2738 3834 κοιλίας,
2786 3762 2915 3820 ἀλλ’
2967 3757 3144 3820 ἔνδεια
3190 3761 3384 3836 πολλὴ
3417 3765 3508 3822 καὶ
3540 3761 3816 3842 ὀλιγοδεία.

2176 3853 2282 3910 Τὸν
2333 3851 2391 3910 δὶ
2437 3851 2880 3930 προσεργόμενον
2931 3850 3180 3924 ζηλῶσαι
3226 3853 3319 3909 τὸν
3375 3855 3496 3931 βίον
3546 3855 3646 3910 οὐκ
3671 3852 3810 3914 εὐθὺς

2174 3940 2559 4016 ἀδοκιμάστως
2610 3941 2701 3998 καὶ
2767 3941 3130 4019 ἀγυμνάστως
3165 3940 3624 4020 ὐπαραδὲχονται,
3690 3939 3811 3998 ἀλλ’

2177 4029 2421 4087 ἐνιαυτὸν
2465 4028 2566 4103 ἔξω
2623 4031 2840 4104 μένοντι
2890 4032 2992 4102 τήν
3040 4029 3208 4100 αὐτὴν
3251 4031 3592 4098 ὑποτίθενται
3623 4029 3812 4086 δίαιταν

2173 4119 2269 4177 καὶ
2335 4120 2685 4188 κατάστασιν,
2745 4120 3016 4197 ἀξινάρίον
3071 4140 3131 4177 τε
3185 4121 3276 4176 καί
3333 4121 3620 4197 περίζωμα
3648 4117 3809 4181 δόντες

2173 4209 2266 4265 καὶ
2327 4209 2593 4288 πενιχρὸν
2655 4209 2879 4282 ἱμάτιον
2933 4210 3300 4285 γυμνάζουσιν
3356 4209 3440 4266 ἐπ’
3493 4205 3672 4288 ἔργοις
3707 4207 3811 4283 ἀρί·

2173 4319 2318 4361 στοις
2384 4298 2476 4353 καὶ
2544 4297 2754 4372 λόγοις.
2802 4298 2936 4354 Εἶτα
3023 4297 3156 4372 μετά
3218 4299 3318 4369 τήν
3384 4305 3488 4370 τῆς
3551 4295 3811 4374 καρτερίας

2169 4385 2425 4459 ἐπίδειξιν
2481 4383 2634 4442 δυσὶν
2701 4384 2900 4451 ἄλλοις
2977 4384 3148 4442 ἔτεσιν
3205 4386 3270 4443 τὸ
3321 4388 3458 4456 ἦθος
3515 4386 3604 4443 καὶ
3653 4386 3712 4442 τὸ
3761 4382 3806 4438 ἦν

2167 4479 2328 4531 πᾶσιν
2385 4474 2627 4546 ὑπήκοον
2699 4471 3076 4548 δοκιμάζεται,
3132 4474 3220 4530 καὶ
3291 4474 3481 4553 φανείς
3535 4472 3678 4548 ἄξιος
3727 4469 3806 4527 καὶ

411 4572 678 4627 moribus
703 4571 833 4642 ejus
865 4577 924 4628 et
979 4572 1320 4628 obedientia
1367 4571 1644 4628 omnibus
1689 4571 1752 4626 in
1789 4570 1969 4626 rebus
1999 4569 2066 4624 ﬁt

2178 4565 2404 4636 δόκιμος
2463 4565 2638 4629 οὕτως
2699 4563 2778 4630 εἷς
2833 4565 2927 4621 τὸν
3011 4565 3156 4642 ἱερὸν
3208 4562 3408 4639 ὅμιλον
3464 4563 3804 4641 ἐγκορίνεται.

417 4659 765 4731 periculum.
799 4661 885 4716 Ita
925 4661 1162 4717 tandem
1195 4661 1405 4734 dignus
1427 4667 1603 4733 atque
1623 4660 1874 4716 idoneus
1897 4657 2059 4730 judi-

414 4753 580 4805 catus
610 4749 670 4804 in
701 4765 935 4805 sacrum
959 4755 1174 4807 emtum
1199 4752 1502 4823 recipitur.
1535 4754 1687 4806 Ante
1717 4749 1921 4805 omnia
1947 4753 2062 4802 ter-

410 4838 571 4893 ribili
615 4837 1014 4909 jurejurando
1064 4840 1326 4914 obligare
1377 4858 1438 4896 se
1488 4840 1717 4914 cogitur
1764 4839 1957 4910 primo
1989 4835 2064 4892 ad

411 4929 693 5000 pietatem
741 4929 1168 4986 observandam
1227 4931 1532 5000 Deumque
1582 4945 1731 5000 pura
1778 4931 1977 4983 mente
2007 4931 2067 4982 et

414 5035 660 5091 corpore
691 5018 1028 5085 colendum,
1071 5019 1288 5077 deinde
1314 5019 1388 5074 ad
1410 5021 1573 5091 juste
1605 5034 1740 5074 cum
1791 5016 2066 5073 omnibus

415 5108 758 5164 hominibus
787 5125 856 5165 ac
881 5109 1008 5164 sine
1059 5126 1328 5181 personae
1372 5108 1551 5163 ullius
1581 5111 1856 5178 respectu
1886 5122 2065 5179 agen-

415 5198 579 5266 dum,
613 5199 772 5269 quod
797 5215 992 5270 neque
1013 5199 1264 5254 laesurus
1285 5213 1648 5269 quemquam
1670 5196 1867 5252 dedita
1888 5214 2069 5270 opera

418 5303 612 5356 neque
644 5286 884 5358 injustis
915 5305 977 5344 se
1009 5289 1236 5344 socium
1266 5285 1621 5359 praebiturus
1653 5287 1748 5356 sit,
1782 5286 1940 5358 quod
1962 5303 2066 5358 pro

413 5375 570 5430 virili
603 5381 661 5430 et
691 5378 960 5433 culturus
988 5385 1047 5434 et
1075 5377 1430 5434 defensurus
1461 5363 1536 5433 sit
1557 5377 1878 5450 justitiam,
1909 5377 2068 5433 volu-

417 5463 700 5536 ptatibus,
733 5467 910 5522 rebus
943 5484 1062 5523 non
1095 5467 1448 5523 necessariis
1498 5483 1568 5522 ac
1597 5466 1870 5522 mallitiei
1901 5466 2069 5522 dedi-

419 5561 543 5610 tam
569 5555 755 5611 vitam
781 5556 856 5612 ad
889 5563 1139 5614 mortem
1163 5575 1351 5630 usque
1384 5557 1812 5614 declinaturus.
1844 5559 2070 5613 Rursus

417 5649 637 5716 prater
655 5645 782 5702 hanc
802 5644 1014 5718 jurant
1031 5647 1258 5705 nemini
1285 5664 1348 5704 se
1365 5647 1691 5720 quidquam
1718 5647 1960 5705 omnino
1984 5663 2073 5705 sa-

2174 4655 2291 4732 ΙΙρό
2350 4676 2411 4732 γε
2467 4653 2560 4710 οὗν
2610 4654 2825 4710 πάντων
2885 4652 3083 4731 ὅρκους
3150 4653 3444 4733 φρικώδεις
3517 4653 3806 4718 ἀπαιτοῦσι,

2172 4753 2392 4826 πρῶτον
2445 4747 2537 4822 μὲν
2599 4744 2837 4803 εὐσεϐεῖν
2905 4748 2994 4803 καὶ
3055 4747 3364 4822 θεραπεύειν
3430 4745 3484 4818 ἐξ
3551 4745 3684 4816 ὅλης
3726 4740 3808 4798 καί

2171 4843 2409 4915 καθαρᾶς
2463 4841 2650 4914 ψυχῆς
2693 4837 2784 4892 καὶ
2865 4838 3119 4911 σώματος
3175 4838 3238 4894 τὸ
3297 4839 3464 4905 θεῖον,
3525 4835 3700 4892 ἔπειτα
3758 4826 3810 4886 δὶ

2174 4929 2310 5006 πρὸς
2413 4925 2731 5002 ἀνθρώπους
2835 4923 3016 4982 δίκαια
3099 4924 3388 5006 φυλάττειν
3463 4925 3668 4982 ἃπαντα
3726 4920 3807 4976 καὶ

2176 5015 2686 5094 ἀπροσωπόληπτα,
2731 5015 2824 5070 καὶ
2878 5016 2954 5089 μή
3005 5017 3146 5072 κατά
3188 5017 3413 5092 γνώμην
3447 5014 3654 5092 βλάψαι
3682 5007 3806 5075 τινὰ,

2179 5109 2320 5182 μήτε
2371 5108 2479 5179 μὴν
2532 5109 2909 5179 συγκοινωνεῖν
2960 5101 3188 5175 ἀδίκοις,
3237 5103 3385 5162 ἀλλά
3423 5103 3560 5160 κατά
3595 5099 3804 5172 δύναμιν

2174 5200 2272 5253 τοῦ
2337 5191 2548 5250 δικαίου
2607 5193 2698 5248 καὶ
2765 5194 3071 5272 φροντίζειν
3127 5194 3218 5249 καὶ
3281 5194 3555 5271 βιάζεσθαι
3608 5189 3806 5248 πάντως

2175 5285 2266 5342 καὶ
2314 5285 2404 5340 τὸν
2457 5279 2731 5354 ἐνηδονον,
2779 5281 2869 5337 καὶ
2917 5283 3168 5358 περιττὸν
3211 5282 3299 5338 καὶ
3357 5281 3520 5358 ὑγρὸν
3561 5274 3806 5352 ἀποστρὲ-

2182 5385 2374 5454 ιρεσθαι
2405 5370 2522 5444 βίον
2580 5371 2746 5446 μέχρι
2803 5370 3055 5431 θανάτου.
3116 5371 3257 5448 Πρὸς
3314 5367 3371 5427 δὲ
3413 5369 3627 5430 τούτοις
3657 5362 3806 5440 ὄμνύ·

2180 5485 2304 5520 υυσι
2334 5461 2498 5518 πάλιν
2549 5457 2738 5535 μηδενὶ
2794 5461 2889 5535 μὶν
2941 5461 3003 5516 τὸ
3051 5460 3304 5536 παράπαν
3355 5457 3670 5535 μεταδοῦναι
3709 5457 3807 5510 τῶν

2182 5551 2468 5630 δογμάτων
2519 5549 2610 5606 καὶ
2667 5553 2776 5604 τῶν
2845 5549 3195 5627 ἀγίοπρεπῶν
3265 5549 3472 5607 τούτων
3533 5541 3807 5616 ἐπιτηδευ-

2183 5642 2368 5719 μάτων
2425 5641 2463 5712 ἢ
2519 5639 2594 5703 ὡς
2650 5633 2891 5716 ἀκριϐῶς
2951 5639 3110 5705 αὐτὸς
3167 5633 3494 5718 παρέλαϐεν,
3549 5633 3806 5716 ἀφεξεσθαι
