4118 6288
383 343 498 405 389

1532 340 2079 407 HISTORIABUM
2122 341 2671 411 COMPENDIUM.

3676 356 3796 418 390

383 474 442 532 δὲ
497 473 676 548 πάσης
742 476 984 542 ἐναντίας
1033 475 1195 549 δόξης
1248 479 1339 535 καὶ
1395 477 1669 556 λατρείας,
1726 478 1815 536 καὶ
1862 479 2032 552 ταύτῃ

2151 498 2258 537 cra)
2282 482 2453 539 istius
2510 484 2796 541 doctrinm
2843 504 2911 544 ac
2968 490 3398 550 venerabilium
3458 496 3791 552 studiorum

387 567 520 642 μόνῃ
551 568 907 644 προσανέχειν
943 571 1011 642 τῇ
1068 569 1184 641 θείᾳ
1243 565 1443 648 μέχρις
1490 568 1723 644 αἳματος
1783 567 2038 644 θρησκείᾳ

380 657 467 712 καὶ
518 659 863 715 καταστάσει.
917 658 1010 714 Ἐκ
1064 660 1165 727 τῆς
1219 656 1441 729 πολλῆς
1511 656 1570 714 δὲ
1626 658 1906 730 ἀσκήσεως
1942 657 2033 713 καὶ

383 745 757 821 καθαρότητος
782 745 988 803 πολλοὶ
1017 749 1105 802 καὶ
1135 748 1202 803 τὰ
1236 747 1510 823 μέλλοντα
1563 751 2033 824 προγινώσκουσιν

381 834 437 891 ἐκ
492 835 639 899 θείας
694 836 973 900 ἐπιπνοίας
1033 836 1123 892 καὶ
1181 839 1433 914 χάριτος,
1491 837 1884 911 ἀκαταπαύστῳ
1939 857 2037 910 με·-

380 924 509 1000 λέτῃ
541 930 839 1005 προφητῶν
870 927 957 981 καὶ
992 925 1202 983 λοιπῶν
1252 928 1412 1002 ἱερῶν
1465 927 1669 1003 λογίων
1719 927 1811 982 καὶ
1864 945 2037 1002 προσ-

376 1018 516 1094 ευχῇ
548 1010 1159 1090 ἐμπαιδοτριϐούμενοι.

2146 587 2316 627 secus
2346 573 2703 632 traditurum
2736 595 2913 650 quam
2973 582 3084 652 ipsi
3133 585 3493 656 acceperint,
3552 603 3790 642 omnem

2145 660 2437 718 diversam
2468 664 2810 737 Opinionem
2840 686 2907 725 ac
2937 671 3286 743 religionem
3318 675 3625 744 vitaturus,
3648 676 3787 734 huic

2145 748 2357 806 divina;
2390 752 2663 826 religioni
2695 758 2869 813 unice
2904 776 3097 831 usque
3127 761 3199 817 ad
3222 764 3574 836 sanguinem
3599 782 3659 820 se
3694 767 3791 837 pie

2145 854 2214 894 ac
2243 848 2584 898 reverenter
2640 862 2877 917 operam
2938 855 3277 907 navaturos.
3332 854 3794 926 Consequuntur

2144 928 2258 983 hoc
2291 930 2461 985 multi
2502 932 2769 1005 ipsorum
2801 944 3086 1009 perpetua
3136 942 3554 999 exercitatione
3611 949 3788 1015 atque

2146 1020 2400 1089 puritate
2422 1027 2488 1076 ut
2517 1023 2713 1080 divino
2744 1026 2892 1082 nutu
2932 1034 3108 1100 atque
3131 1032 3317 1103 gratia
3365 1033 3538 1089 etiam
3589 1034 3788 1090 futura

376 1106 764 1178 praevideant,
795 1106 936 1162 dum
961 1107 1090 1179 jugi
1139 1108 1286 1165 351
1353 1108 1548 1197 studio
1578 1114 1779 1164 vatum
1812 1105 2052 1163 oracula
2082 1111 2141 1161 et
2180 1108 2474 1179 reliquum
2508 1129 2810 1172 sacrarum
2847 1118 3197 1175 Litterarum
3222 1121 3563 1191 “lectitantes
3595 1125 3790 1197 preci-

364 1194 614 1267 busque
646 1196 1060 1251 incumbentes
1091 1196 1174 1252 ita
1203 1196 1576 1253 erudiuntur.

448 1282 668 1352 Ταύτην
710 1284 794 1356 (Ρ.
857 1286 982 1355 200)
1043 1283 1135 1338 οῦν
1167 1284 1195 1338 ὁ
1228 1285 1500 1354 Ἰώσηπος
1560 1283 1741 1359 ἄκρως
1793 1283 2032 1353 ἀσκήσας

369 1372 470 1440 τήν
532 1370 859 1452 φιλοσοφίαν
919 1371 1006 1427 ἐπὶ
1068 1373 1273 1447 μείζονι
1350 1374 1679 1449 προκόπτειν
1757 1368 2030 1428 ἔσπευσεν.

369 1461 634 1524 Ἀκούσας
690 1462 789 1536 γάρ
848 1483 968 1519 τινα
1028 1459 1399 1540 διαφερόντως
1451 1463 1721 1519 ἀσκοῦντα
1769 1463 1906 1518 κατὰ
1934 1465 2033 1532 τήν

368 1547 579 1624 ἔρημον
624 1544 821 1608 Ἀϐϐἆν
880 1552 1314 1625 ὀνομαζόμενον,
1353 1549 1543 1622 ἐσθῆτι
1603 1554 1698 1625 μὶν
1749 1552 1854 1607 ἀπὸ
1913 1552 2032 1607 δέν-

370 1635 514 1714 δρων
556 1637 991 1713 καλυπτόμενον,
1047 1644 1225 1718 τροφῇ
1285 1639 1344 1696 δὲ
1400 1641 1727 1715 αὐτομάτως
1786 1639 2027 1720 φυομένῃ

369 1728 691 1803 χρώμενον,
729 1727 820 1783 καὶ
877 1731 975 1799 τήν
1033 1726 1200 1804 ἄκραν
1259 1727 1486 1799 ἄσκησιν
1546 1730 1714 1786 αὐτοῦ
1773 1726 2027 1800 ζηλώσας

369 1817 509 1892 πρὸς
540 1817 702 1873 αύτὸν
759 1816 1005 1896 ἄφίκετο,
1059 1818 1151 1873 καὶ
1207 1824 1352 1893 τρεῖς
1410 1820 1537 1894 παρ’
1595 1819 1742 1891 αὐτῷ
1793 1820 2029 1890 ποιήσας

370 1905 653 1970 ἐνιαυτοὺς
717 1905 797 1969 εἷς
828 1909 929 1977 τήν
984 1907 1148 1964 πόλιν
1208 1909 1504 1983 ὑπέστρεψε
1559 1908 1650 1963 καὶ
1680 1909 1882 1981 τῶν
1915 1906 2029 1964 dii-

372 1996 597 2073 ρισαίων
629 1994 981 2052 ἐπολιτεύετο
1014 1995 1352 2073 δικαιοσύνῃ.

448 2088 507 2144 Ὁ
540 2084 597 2141 δέ
626 2108 689 2162 γε
720 2086 930 2155 Φίλων,
979 2087 1054 2150 ὡς
1086 2087 1321 2163 εἴρηται,
1377 2089 1501 2164 περῖ
1556 2092 1664 2144 τῶν
1707 2087 1755 2159 ἐξ
1814 2083 2031 2158 Ἐϐραί-

380 2196 456 2231 ων
527 2178 812 2252 ἡμετέρων
913 2178 1160 2249 ἀσκητῶν
1270 2177 1645 2256 ἀναφανέντων
1761 2177 2034 2252 μέμνηται

378 2270 566 2342 σαφῶς
594 2265 647 2320 ἐν
674 2270 754 2338 τῷ
784 2264 939 2341 λόγῳ
987 2264 1039 2321 ἐν
1094 2268 1140 2339 ᾧ
1196 2265 1462 2343 ἐπέγραψε
1517 2269 1641 2341 περί
1696 2268 2034 2341 θεωρητικοῦ

378 2354 527 2430 βίου,
585 2354 679 2418 οὓς
761 2356 1104 2430 Θεραπευτὰς
1170 2356 1262 2410 καὶ
1317 2357 1414 2418 τὰς
1459 2357 1885 2431 ὁμοιοσχήμους
1940 2356 2034 2410 καὶ

372 2445 724 2520 ὁμοτρόπους
781 2449 1038 2521 γυναῖκας
1102 2442 1500 2520 Θεραπεύτιδας
1584 2445 1869 2518 ὠνόμασε.
1930 2445 2032 2501 Καὶ

368 2534 694 2607 θεραπευταὶ
760 2534 854 2607 μὲν
890 2578 904 2603 ,
963 2534 1151 2612 φησὶν,
1212 2533 1505 2605 ἒκέκληντο
1563 2533 1772 2609 ἢπαρὰ
1827 2534 1888 2588 τὸ
1936 2535 2032 2597 τὰς

375 2628 565 2701 ψυχὰς
619 2631 730 2682 τῶν
788 2626 1122 2702 προσιόντων
1192 2626 1376 2689 αὐτοῖς
1431 2626 1538 2683 ἀπὸ
1595 2627 1789 2689 κακίας
1848 2626 2032 2682 παθῶν

378 2714 585 2790 ἰατρῶν
618 2711 776 2784 δίκην
807 2712 1255 2779 ἀπαλλάττοντας
1322 2715 1656 2791 θεραπεύειν,
1688 2716 1723 2786 ἢ
1755 2718 1855 2781 τῆς
1909 2715 2033 2790 περὶ

369 2805 437 2858 τὸ
500 2805 647 2859 θεῖον
715 2809 956 2879 καθαρᾶς
1047 2805 1137 2860 καὶ
1229 2803 1556 2882 εῗλικρινοῦς
1613 2806 1900 2880 θεραπείας
1943 2804 2035 2859 καὶ

371 2892 671 2967 θρησκείας
729 2890 905 2951 ἕνεκα.
982 2894 1121 2951 Εἴτά
1174 2915 1327 2972 φησι·
1387 2899 1576 2971 πρῶτα
1638 2894 1731 2968 μὶν
1787 2893 2038 2968 ἀρχόμε-

372 3001 464 3036 νοι
524 2979 846 3060 φιλοσοφεῖν
923 2980 1218 3052 ἐξίστανται
1291 2986 1399 3036 τῶν
1480 2982 1873 3057 προσηκόντων
1941 2979 2034 3035 καὶ

379 3076 493 3126 τῶν
554 3071 897 3146 ὑπρχόντωψ
983 3068 1168 3127 ἔπειτα
1228 3069 1285 3126 δὲ
1359 3071 1553 3134 πάσαις
1637 3070 2034 3144 ἀποταξάμενοι

377 3165 500 3220 ταῖς
528 3163 626 3214 τοῦ
657 3160 780 3234 βίου
831 3159 1069 3238 φροντίσι
1130 3161 1221 3215 καὶ
1279 3155 1381 3231 ἔξω
1419 3164 1622 3235 τειχῶν
1679 3157 2038 3234 προελθόντες

394 3246 446 3299 ἓν
510 3247 797 3322 μονάγροις
848 3248 938 3303 καὶ
1012 3250 1213 3319 κήποις
1261 3253 1352 3304 καὶ
1404 3247 1553 3324 ὄρεσι
1605 3248 1702 3310 τὰς
1761 3243 2037 3322 διατριϐὰς
2070 3232 2114 3297 0

399 3341 687 3407 ποιοῦνται,
718 3338 813 3400 τὰς
868 3335 929 3393 ἐκ
980 3342 1087 3393 τῶν
1146 3337 1390 3411 ἀνομιῶν
1451 3336 1725 3411 ἐπιμιξίας
1783 3335 2035 3392 ἀλυσιτε-

404 3423 523 3488 λεῖς
544 3447 592 3481 τε
618 3428 703 3482 καὶ
740 3422 1012 3503 βλαϐερὰς
1042 3424 1267 3496 εἰδότες,
1297 3428 1390 3482 τὸν
1426 3427 1765 3506 προφητικὸν
1801 3424 2032 3497 ζηλοῦσι

389 3515 479 3569 καὶ
509 3513 722 3570 ἀσκοῦσι
769 3516 909 3593 βίον.
961 3515 1119 3574 Οὕτω
1178 3514 1475 3592 πολλαχοῦ
1537 3516 1631 3590 μὲν
1686 3523 1788 3586 τῆς
1845 3514 2031 3571 οἴκου-

379 3602 550 3676 μένης
577 3603 689 3660 ἐστὶ
719 3606 782 3661 τὸ
814 3605 969 3683 γένος
1002 3603 1131 3678 (ἔδει
1172 3605 1275 3682 γὰρ
1342 3606 1542 3680 ἀγαθοῦ
1597 3603 1810 3660 τελείου
1870 3626 2034 3679 μετα-

376 3697 533 3767 σχεῖν
616 3693 707 3747 καὶ
779 3694 879 3762 τήν
962 3690 1206 3749 Ἐλλάδα
1289 3694 1377 3748 καὶ
1442 3693 1542 3761 τήν
1600 3687 1929 3769 Βάρϐαρον),
1979 3691 2033 3749 ἐν

371 3781 648 3857 Αἰγύπτῳ
732 3778 790 3836 δέ
851 3778 1189 3852 πλεονάζει,
1272 3781 1363 3836 καὶ
1451 3781 1690 3855 μάλιστα
1763 3783 1886 3858 περὶ
1935 3783 2035 3853 τήν

371 3865 809 3945 Ἀλεξάνδρειαν
870 3871 971 3928 Καὶ
1057 3869 1109 3926 ἐν
1190 3871 1386 3946 ἑκάστῃ
1463 3872 1746 3947 συμμορίᾳ
1823 3868 2036 3945 οἴκημά

372 3956 525 4013 ἐστιν
576 3959 739 4035 ἱερὸν,
802 3960 831 4014 ’ὁ
887 3958 1118 4015 καλοῦσι
1184 3965 1433 4033 σεμνεῖον
1491 3961 1578 4015 καὶ
1645 3962 2033 4035 μοναστήριον,

375 4046 431 4102 ἒν
482 4047 530 4120 ᾤ
604 4049 937 4122 μονούμενοι
991 4049 1059 4104 τὰ
1110 4053 1209 4105 τοῦ
1267 4054 1467 4123 σεμνοῦ
1554 4050 1678 4126 βίου
1765 4051 2038 4124 μυστήρια

375 4136 690 4208 τελοῦνται,
732 4135 924 4211 μηδεὶς
986 4135 1155 4211 μηδὲν
1208 4139 1544 4213 κομίζοντες,
1603 4140 1680 4211 μή
1734 4139 1922 4210 ποτὲν,
1958 4139 2033 4212 μὴ

380 4231 558 4295 σῖτον,
593 4224 733 4300 μηδέ
770 4248 826 4282 τι
852 4231 960 4282 τῶν
988 4225 1177 4283 ἄλλων
1211 4228 1311 4283 ὃσα
1340 4228 1477 4303 πρὸς
1515 4229 1614 4297 τήν
1657 4232 1753 4282 τοῦ
1785 4229 2038 4300 σώματος

380 4315 574 4391 χρείαν
602 4315 887 4392 ἀναγκαῖα,
917 4316 1064 4372 ἀλλᾶ
1117 4317 1319 4389 νόμους
1346 4316 1436 4371 καὶ
1489 4315 1649 4389 λόγια
1686 4318 2036 4381 θεσπισοέντα

379 4403 473 4461 διὰ
500 4410 801 4483 προφητῶν
830 4406 919 4459 καὶ
979 4405 1177 4478 ὕμνους
1233 4405 1323 4461 καὶ
1375 4405 1555 4461 τᾶλλα
1613 4407 1700 4468 οἷς
1757 4405 2035 4480 ἐπιστήμη

377 4495 472 4551 καὶ
502 4492 745 4551 εὐσέϐεια
790 4495 1133 4566 συναύξονται
1191 4497 1281 4550 καὶ
1336 4495 1693 4551 τελειοῦνται.
1754 4496 1825 4552 Τὸ
1879 4493 1937 4551 δὲ
1987 4495 2038 4567 ἐξ

2216 1289 2281 1342 In
2312 1288 2422 1345 hoc
2440 1292 2635 1348 studio
2670 1311 2803 1350 cum
2831 1296 3128 1370 Josephus
3187 1300 3260 1355 ad
3320 1316 3615 1357 summam
3657 1318 3788 1374 per-

2144 1376 2459 1434 fectionem
2505 1389 2815 1453 provectus
2866 1388 3123 1460 majores
3185 1389 3378 1445 adhuc
3428 1392 3620 1446 facere
3653 1408 3793 1463 pro-

2143 1484 2382 1542 gressus
2412 1476 2910 1544 cuperet,audito
2970 1477 3289 1548 quemdam
3348 1480 3409 1535 in
3468 1480 3791 1537 solitudine

2145 1559 2321 1614 vitam
2354 1559 2586 1633 degere,
2615 1562 2843 1620 Abbam
2872 1567 3144 1636 nomine,
3175 1570 3271 1623 cui
3313 1569 3420 1624 sub
3480 1569 3792 1627 arboribus

2144 1643 2619 1720 latibula.vestis,
2653 1653 2820 1710 cilius
2852 1672 3028 1727 quem
3063 1662 3225 1713 terra
3288 1658 3443 1714 ultro
3492 1659 3788 1727 educeret,

2139 1738 2351 1794 ductus
2387 1740 2766 1799 aemulatione
2820 1744 2949 1817 ejus
3007 1751 3127 1803 tam
3189 1747 3476 1804 absolutae
3508 1749 3794 1804 exercita—

2139 1828 2321 1884 tionis
2350 1830 2426 1885 ad
2457 1830 2652 1902 ipsum
2698 1849 2760 1888 se
2814 1836 3086 1906 contulit,
3152 1837 3599 1910 trienniumque
3658 1855 3793 1894 cum

2145 1917 2388 1974 homine
2419 1925 2684 1976 versatus
2716 1922 2775 1977 in
2796 1923 3002 1978 urbem
3034 1925 3791 1999 rediit,Pharisaeorumque

2138 2009 2363 2080 justam
2385 2009 2562 2065 vitam
2595 2012 2799 2067 coluit.

2218 2099 2508 2155 Caeterum
2567 2100 2735 2156 Philo
2792 2102 2862 2157 de
2934 2103 3238 2161 Ilebraicis
3295 2106 3515 2160 nostris
3576 2107 3789 2162 ascetis

2144 2189 2520 2260 perspicuam
2543 2190 2683 2245 facit
2714 2191 3078 2247 mentionem
3110 2194 3172 2249 in
3203 2193 3352 2249 libro
3380 2211 3557 2265 quem
3580 2195 3651 2250 de
3673 2197 3790 2251 vita

2145 2279 2635 2351 contemplationi
2667 2279 2865 2336 dedita
2902 2282 3224 2354 inscripsit.
3260 2286 3445 2339 Mares
3474 2286 3788 2357 therapeu-

2144 2373 2257 2437 tas,
2290 2368 2542 2424 feminas
2598 2369 2804 2425 habitu
2864 2376 2922 2426 et
2969 2372 3233 2427 moribus
3290 2378 3533 2429 utentes
3581 2374 3795 2429 iisdem

2146 2459 2588 2530 therapeutidas
2636 2460 2952 2515 nominat:
3011 2461 3189 2533 idque
3248 2464 3509 2518 nominis
3569 2464 3653 2519 eis
3707 2465 3793 2519 ait

2146 2550 2400 2605 inditum
2431 2549 2521 2605 vel
2552 2549 2711 2622 quod
2759 2550 2991 2606 animas
3037 2568 3243 2608 eorum
3300 2554 3403 2625 qui
3461 2570 3523 2609 se
3576 2552 3651 2608 ad
3707 2553 3789 2626 ip-

2147 2657 2244 2695 sos
2276 2640 2611 2708 conferunt,
2643 2656 2678 2695 θ.
2705 2640 2864 2695 vitiis
2894 2640 3261 2697 medicorum
3303 2642 3491 2697 instar
3548 2648 3787 2713 sanant,

2147 2728 2305 2800 quod
2335 2729 2532 2785 Grmce
2564 2735 2653 2784 est
2682 2729 3106 2802 therapeuein;
3139 2731 3231 2786 vel
3268 2732 3427 2803 quod
3484 2733 3601 2787 Deo
3641 2749 3786 2804 pure

2147 2823 2326 2890 atque
2349 2819 2577 2875 sincere
2602 2818 2850 2874 colendo
2882 2821 3180 2876 serviunt:
3206 2837 3343 2876 nam
3369 2821 3586 2876 servire
3609 2822 3791 2877 etiam

2149 2924 2254 2963 seu
2282 2908 2569 2964 famulum
2601 2925 2728 2963 esse
2760 2910 3027 2965 Grmcum
3065 2910 3414 2965 vocabulum
3473 2910 3787 2980 signiﬁcat.

2152 2995 2327 3050 Addit
2356 2996 2572 3052 deinde
2605 2997 2773 3052 Philo
2800 3015 2812 3052 :
2844 2998 2911 3051 Hi
2942 3013 3079 3069 ergo
3102 3015 3236 3053 cum
3276 2998 3537 3069 primum
3596 3014 3659 3053 se
3717 2997 3791 3053 ad

2150 3085 2452 3156 sapientiae
2483 3086 2746 3140 studium
2790 3085 3112 3158 applicant,
3145 3087 3302 3142 bona
3330 3103 3437 3142 sua
3457 3092 3632 3157 atque
3661 3104 3793 3158 pos-

2150 3172 2445 3228 sessiones
2475 3173 2811 3246 resignant;
2858 3173 3072 3230 deinde
3130 3173 3410 3230 omnibus
3456 3175 3587 3229 vitae
3634 3175 3793 3230 curis

2149 3260 2342 3316 valere
2381 3260 2568 3333 jussis
2624 3262 2802 3318 urbes
2880 3264 3121 3335 egressi,
3182 3264 3243 3318 in
3301 3263 3580 3319 solitariis
3636 3262 3792 3317 villis

2147 3349 2336 3405 hortis
2366 3356 2470 3406 aut
2516 3336 2819 3407 montibus
2867 3353 3045 3408 vitam
3097 3353 3337 3425 degunt.
3389 3353 3617 3425 Quippe
3657 3370 3793 3408 con-

2149 3438 2525 3495 suetudinem
2554 3449 2904 3512 peccantum
2937 3440 3286 3498 damnosam
3318 3442 3574 3498 scientes
3595 3447 3791 3497 vatum

2149 3530 2479 3601 priscorum
2502 3529 2860 3586 mmulantur
2887 3537 3064 3603 atque
3096 3532 3406 3588 imitantur
3428 3533 3626 3588 vitam.
3674 3533 3794 3586 Hoc

2149 3634 2335 3690 genus
2368 3620 2675 3675 hominum
2712 3626 2802 3676 est
2829 3621 2983 3678 352
3016 3621 3078 3676 in
3119 3622 3366 3677 diversis
3398 3622 3605 3678 mundi
3658 3636 3793 3692 par—

2151 3708 2307 3764 tibus
2344 3725 2357 3763 :
2389 3708 2612 3764 bonum
2645 3710 2804 3764 enim
2853 3710 3182 3781 perfectum
3238 3711 3548 3782 oportebat
3605 3716 3663 3765 et
3718 3709 3795 3764 ad

2150 3799 2379 3854 Graecos
2440 3799 2747 3871 pervenire
2799 3804 2857 3854 et
2910 3800 2980 3854 ad
3041 3800 3346 3856 Barbaros.
3434 3801 3499 3855 In
3550 3801 3792 3872 Egypto

2151 3892 2350 3943 autem
2381 3904 2593 3961 magna
2612 3893 2699 3943 est
2716 3888 2886 3960 cujus
2908 3889 3356 3960 eopia,maxime
3379 3888 3535 3961 apud
3548 3888 3796 3944 Alexan-

2153 3974 2342 4031 driam
2367 4017 2381 4044 ,
2410 3980 2469 4030 et
2497 3975 2555 4030 in
2584 3976 2787 4046 quavis
2818 3976 3003 4033 classe
3030 3977 3241 4033 domus
3262 3982 3352 4033 est
3399 3994 3586 4045 sacra,
3638 3976 3795 4048 quod

2152 4080 2463 4119 semneum
2519 4064 2756 4135 dicitur,
2816 4071 2874 4120 et
2932 4067 3379 4136 monasterium,
3408 4066 3567 4138 quod
3615 4066 3677 4121 in
3729 4082 3799 4121 ea

2154 4152 2226 4208 ab
2258 4153 2566 4209 hominum
2594 4154 2766 4209 turba
2790 4154 3002 4210 seclusi
3025 4156 3381 4211 venerabilis
3412 4157 3541 4210 vitae
3573 4159 3797 4227 myste-

2153 4242 2260 4297 riis
2309 4242 2639 4309 initiantur,
2696 4243 2851 4298 nihil
2906 4244 3224 4316 quisquam
3282 4246 3619 4312 all‘erentes,
3674 4260 3797 4299 non

2155 4336 2382 4403 potum,
2415 4349 2536 4387 non
2567 4332 2785 4398 cibum,
2828 4349 2946 4387 non
3008 4332 3334 4405 quidquam
3374 4332 3539 4389 aliud
3591 4348 3797 4388 eorum

2157 4437 2286 4492 quae
2313 4420 2386 4476 ad
2417 4438 2557 4476 usus
2583 4421 2845 4493 corporis
2880 4428 3016 4477 sunt
3071 4422 3407 4478 necessaria
3437 4439 3451 4477 :
3504 4421 3605 4478 sed
3639 4422 3797 4494 leges

2159 4514 2216 4564 et
2246 4510 2483 4566 oracula
2510 4515 2729 4576 vatum,
2766 4511 3040 4583 hymnos,
3074 4517 3250 4583 atque
3283 4511 3400 4568 alia
3420 4511 3637 4583 quibus
3692 4511 3797 4566 Dei

378 4584 608 4639 ἑωθινοῦ
688 4585 886 4661 μέχρις
973 4586 1197 4660 ἑσπέρας
1246 4582 1523 4657 διάστημα
1582 4583 1797 4658 σύμπαν
1853 4581 2035 4648 αὺτοῖς

2152 4598 2408 4671 cognitio
2471 4606 2527 4654 et
2557 4600 2752 4656 cultus
2805 4581 3093 4671 augentur
3156 4581 3341 4674 atque
3384 4581 3795 4673 perﬁciuntur.

379 4673 524 4729 ἐστιν
605 4671 874 4742 ἄσκησις·
962 4673 1382 4749 ἐντυγχάνοντες
1467 4674 1574 4748 γὰρ
1655 4678 1772 4734 τοῖς
1869 4675 2038 4741 ἱεροῖς

386 4763 682 4840 γράμμασι
758 4759 1119 4841 φιλοσοφοῦσι
1202 4763 1300 4831 τήν
1392 4760 1620 4837 πατρίαν
1695 4760 2040 4842 φιλοσοφίαν.

381 4853 731 4927 Ἐγκράτειαν
815 4848 872 4906 δὶ
930 4852 1109 4926 ὥσπερ
1175 4850 1291 4906 τινα
1347 4849 1601 4924 θεμέλιον
1656 4847 2044 4927 προκαταϐαλ-

384 4941 614 5015 λόμενοι
653 4946 722 5017 τῇ
755 4946 908 5017 ψυχῇ
937 4943 1034 5004 τὰς
1084 4939 1259 5005 ἄλλας
1314 4937 1770 5014 ἐποικοδομοῦσιν
1826 4942 2038 5018 ἀρετάς*

383 5032 560 5088 σιτίον
588 5032 691 5108 γὰρ
721 5032 758 5102 ἢ
788 5032 955 5088 ποτὸν
1009 5027 1185 5092 οὐδεὶς
1232 5030 1408 5086 αὑτῶν
1463 5029 1884 5106 προσενέγκοιτο
1934 5034 2041 5108 πρὸ

382 5121 548 5191 ἡλίου
624 5120 829 5185 δύσεως
863 5165 877 5192 ,
948 5118 1215 5195 ἐπειδήπερ
1256 5120 1318 5175 τὸ
1372 5120 1465 5193 μὲν
1516 5118 1833 5199 φιλοσοφεῖν
1892 5120 2038 5192 ἄξιον

381 5211 564 5288 φωτὸς
595 5211 863 5284 κρίνουσι,
907 5215 1132 5272 σκότους
1167 5207 1344 5271 δὲτὰς
1412 5213 1509 5265 τοῦ
1568 5209 1824 5283 σώματος
1878 5209 2042 5287 ἀνάγ-

379 5321 501 5363 κας.
562 5302 737 5355 ’Ἔνιοι
825 5296 881 5355 δὲ
937 5299 1028 5355 καὶ
1094 5296 1164 5355 δι’
1220 5300 1446 5371 ἡμερῶν
1503 5302 1669 5372 τριῶν
1721 5298 2043 5372 {mentm-:5-

380 5414 597 5449 σκονται
655 5398 888 5472 τροφῆς,
938 5394 1024 5454 οἷς
1080 5390 1249 5447 πλέον
1292 5390 1519 5452 ὁπόθος
1574 5395 1677 5459 τῆς
1730 5389 2039 5466 ἐπιστήμης

377 5481 673 5555 ἐνίδρυται.
735 5482 890 5543 Τινὲς
949 5478 1007 5536 δὲ
1064 5480 1236 5542 οὕτως
1289 5477 1723 5559 ἐνευφραίνονται
1779 5481 1867 5535 καὶ
1911 5501 2042 5556 τρυ-

376 5578 554 5654 φῶσιν
609 5572 715 5628 ὗπὸ
764 5570 963 5647 σοφίας
1024 5569 1347 5645 ἑστιώμενοι
1393 5567 1673 5631 πλουσίως
1726 5571 1817 5625 καὶ
1871 5570 2039 5650 ἀφθό.

377 5684 487 5726 νως
528 5664 596 5719 τὰ
649 5659 897 5739 δόγματα
947 5658 1320 5736 χορηγούσης,
1380 5658 1454 5721 ὡς
1509 5657 1603 5714 καὶ
1658 5660 1797 5736 πρὸς
1846 5659 2042 5720 διπλα-

2151 4687 2447 4758 Quidquid
2479 4694 2569 4744 est
2598 4688 2669 4744 ab
2700 4706 2916 4746 aurora
2946 4690 3019 4746 ad
3044 4706 3349 4763 vesperam
3399 4707 3588 4762 usque
3637 4694 3795 4745 tem-

2151 4777 2337 4848 poris,
2361 4776 2420 4832 id
2478 4794 2654 4833 omne
2703 4778 2775 4833 iis
2833 4778 3362 4835 exercitationibus
3408 4778 3800 4852 impenditur.

2152 4867 2358 4922 Sacras
2392 4867 2552 4923 enim
2582 4868 2829 4923 Litteras
2851 4868 3113 4941 legentes
3129 4869 3570 4940 philosophiam
3601 4874 3801 4940 pater-

2152 4971 2291 5011 nam
2323 4961 2621 5012 exercent.
2652 4957 3094 5012 Continentiam
3127 4963 3413 5029 tanquam
3444 4957 3801 5011 fundamen-

2150 5050 2277 5100 tum
2300 5045 2363 5099 in
2397 5046 2594 5100 animo
2628 5062 2732 5100 suo
2755 5045 2974 5112 locant,
3028 5063 3322 5117 superque
3362 5062 3492 5100 eam
3536 5045 3800 5115 reliquas

2153 5139 2473 5190 exstruunt
2501 5135 2768 5189 virtutes.
2803 5137 2983 5190 Nemo
3017 5152 3223 5190 eorum
3272 5135 3469 5189 cibum
3529 5139 3802 5204 potumve

2150 5228 2345 5291 gustat
2376 5229 2511 5278 ante
2562 5223 2706 5277 solis
2755 5239 3052 5279 occasum.
3103 5223 3334 5278 Etenim
3391 5222 3800 5294 philosophari

2152 5312 2398 5383 dignum
2433 5311 2563 5367 luce
2590 5317 2824 5383 putant,
2874 5313 3153 5367 tenebras
3184 5312 3446 5382 corporis
3478 5313 3803 5368 necessita-

2151 5400 2316 5456 tibus
2349 5416 2694 5473 congruere.
2731 5400 2980 5465 Quidam
3013 5401 3277 5456 scientiae
3308 5401 3628 5457 ardentiori
3656 5401 3804 5457 desi-

2150 5490 2316 5546 derio
2338 5489 2824 5545 alimentatertio
2847 5495 3075 5545 tantum
3093 5507 3327 5562 quoque
3351 5491 3801 5547 dieadmittunt.

2150 5579 2265 5635 Alii
2299 5584 2531 5635 tantum
2557 5579 2779 5634 laetitia}
2809 5596 2878 5635 ac
2900 5580 3216 5652 voluptatis
3247 5581 3441 5637 studio
3495 5581 3802 5653 sapientia)

2150 5667 2535 5727 immorando
2563 5668 2920 5741 percipiunt,
2937 5669 3173 5726 abunde
3205 5670 3488 5728 doctrinm
3521 5668 3801 5741 suppedi-
