4118 6288
421 332 534 395 391

1785 325 2105 387 GEOllGll
2151 325 2486 387 CEDRENI

3716 330 3831 392 392

421 449 618 538 tantis,
652 474 715 524 ut
769 484 839 524 eo
881 465 1057 522 veluti
1114 465 1376 522 convivio
1422 463 1645 521 detenti
1692 479 1845 536 aegre
1894 467 2056 519 sexto

2171 461 2319 545 σίονα
2361 460 2562 538 χρόνον
2619 461 2890 545 ἀντέχειν,
2946 464 3111 540 μόγις
3154 467 3242 540 [Ρ.
3296 469 3425 542 201]
3480 463 3553 522 δι’
3608 469 3832 542 ἡμερῶν

419 559 659 615 demum
681 558 775 613 die
806 557 1003 612 cibum
1034 572 1271 611 sumere
1328 554 1715 611 assueverint.
1773 553 2063 609 Caeterum

418 648 751 703 divinorum
807 646 1185 702 oraculorum
1244 645 1536 717 expositio
1594 661 1701 717 per
1728 641 2065 725 allegorias,

419 756 565 812 quas
587 736 895 805 vocant,ab
921 736 995 791 iis
1024 735 1111 801 ﬁt,
1143 751 1276 791 cum
1309 739 1498 790 tectus
1554 733 1869 789 verborum
1925 748 2060 787 sen-

417 845 516 885 sus
547 827 801 883 elicitur.
834 827 976 881 Tota
1005 826 1163 880 enim
1222 824 1316 880 lex
1366 840 1533 880 sacra
1590 824 1664 879 iis
1720 821 2064 878 hominibus

415 916 643 972 videtur
664 914 911 971 animali
945 913 1177 981 similis,
1212 913 1381 984 cujus
1416 928 1630 985 corpus
1679 908 1858 966 verba
1912 909 2063 965 refe-

414 1011 568 1074 rant,
602 1006 865 1061 animam
896 1008 1116 1071 autem,
1153 1003 1254 1074 qui
1286 1002 1522 1058 abditus
1552 1001 1660 1055 sub
1692 1000 1764 1056 iis
1815 1014 2063 1070 conspe-

415 1104 573 1153 ctum
604 1095 753 1166 fugit
782 1095 936 1152 353
971 1111 1201 1149 sensus.
1235 1091 1453 1147 Eadem
1502 1096 1591 1147 est
1637 1095 1697 1146 et
1760 1104 2064 1145 sacrarum

417 1187 735 1242 mulierum
783 1182 1174 1240 conversatio.
1219 1182 1528 1253 Plerzeque
1588 1196 1792 1235 earum
1853 1177 2063 1234 vetulas

409 1278 538 1350 jam
597 1274 991 1348 virginitatem
1038 1289 1160 1328 non
1240 1276 1478 1341 coactas,
1539 1269 1712 1325 sicuti
1791 1267 2064 1341 quaedam

416 1365 575 1439 apud
593 1366 824 1421 Graecos
844 1362 1179 1419 sacerdotes
1197 1366 1630 1417 momentaneae
1647 1358 1841 1414 laudis
1863 1373 2061 1424 causa,

417 1455 522 1512 sed
561 1455 831 1509 instituto
862 1452 1016 1508 bono
1040 1469 1109 1507 ac
1139 1450 1464 1523 cupiditate
1494 1448 1831 1504 futurorum
1884 1452 2062 1518 atque

417 1549 775 1600 aeternorum
806 1542 1096 1598 bonorum
1127 1543 1571 1596 conservarunt.

492 1636 734 1691 Constat
784 1638 983 1689 autem
1032 1632 1345 1687 Philonem
1397 1631 1526 1685 haec
1578 1627 1908 1700 scripsisse,
1947 1641 2063 1696 quo

419 1730 684 1795 tempore
740 1723 1001 1795 primum
1052 1720 1352 1793 Evangelii
1385 1718 1748 1791 prmconium
1796 1715 2065 1789 divulga-

420 1821 547 1871 tum
575 1819 681 1882 est,
715 1830 850 1869 cum
907 1812 1179 1868 instituta
1229 1810 1632 1882 apostolorum
1691 1808 1886 1880 prima
1936 1806 2061 1878 ipse
2094 1853 2138 1917 Β

414 1905 674 1961 vidisset.
724 1903 907 1974 quue
964 1901 1253 1957 Eusebius
1301 1900 1363 1955 in
1404 1897 1657 1955 Historia
1698 1897 2062 1953 ecclesiastica

414 1999 471 2048 et
500 1992 576 2049 ad
606 1992 893 2047 Marinum
956 1989 1221 2047 scribens
1277 1993 1573 2044 testatur:
1616 1986 1837 2043 Eodem
1887 1984 2062 2041 modo

416 2082 595 2138 etiam
626 2097 877 2153 magnus
908 2079 1009 2135 ille
1040 2078 1399 2134 Athanasius
1439 2076 1664 2132 scribit.
1699 2077 1845 2131 Cum
1879 2075 2063 2143 enim,

415 2168 631 2242 inquit,
654 2170 770 2226 duo
801 2171 923 2226 sint
950 2170 1082 2224 vitae
1113 2185 1351 2242 genera,
1411 2167 1710 2223 mediocre
1763 2181 1973 2228 unum,
2008 2169 2066 2219 et

417 2260 693 2318 humana)
725 2261 856 2315 vitae
887 2259 1421 2326 accommodatum,
1453 2257 1610 2329 quod
1643 2261 1734 2311 est
1762 2257 1824 2310 in
1851 2255 2061 2311 matri-

425 2350 625 2405 monio
660 2367 673 2404 :
706 2350 960 2404 alterum
991 2348 1324 2419 angelicum
1357 2353 1415 2402 et
1456 2345 1847 2417 apostolicum
1887 2348 2065 2414 atque

426 2438 897 2510 incomparabile
929 2437 1089 2507 quod
1122 2442 1211 2491 est
1238 2435 1591 2509 virginitatis
1631 2440 1809 2505 atque
1859 2447 2066 2488 mona-

426 2529 753 2595 sticaavitae,
779 2527 828 2582 si
851 2526 985 2598 quis
1034 2543 1174 2581 sane
1206 2524 1597 2590 mundanum,
1631 2524 1691 2579 id
1721 2528 1811 2577 est
1846 2522 2066 2594 conju-

421 2617 522 2690 gii,
555 2617 856 2689 ingressus
876 2614 1410 2686 fuerit,culpandus
1432 2630 1552 2669 non
1576 2612 1848 2678 est,dona
1868 2616 2068 2667 tamen

424 2712 586 2763 tanta
616 2723 737 2763 non
787 2705 1075 2777 accipiet:
1132 2705 1384 2776 accipiet
1422 2709 1642 2771 tamen,
1703 2703 1843 2773 quia
1871 2702 1922 2757 is
1980 2706 2070 2756 est

422 2797 524 2869 qui
555 2795 946 2870 trigecuplum
968 2795 1227 2851 fructum
1251 2795 1382 2850 fert.
1407 2793 1569 2860 Quod
1598 2793 1646 2848 si
1676 2793 1810 2863 quis
1840 2797 2068 2847 castum

420 2886 568 2942 illud
600 2886 941 2957 mundoque
974 2885 1245 2956 superius
1276 2883 1692 2956 amplectatur,
1736 2880 1975 2938 tametsi
2007 2878 2068 2935 id

420 2976 713 3048 principio
744 2992 1020 3047 asperum
1051 2981 1226 3045 atque
1260 2973 1500 3029 difﬁcile
1551 2973 1838 3038 videatur,
1870 2976 2070 3027 tamen

419 3067 681 3138 legitime
712 3065 979 3121 confecto
1009 3064 1333 3120 certamine
1368 3064 1751 3134 toleratisque
1786 3059 2069 3117 aerumnis

419 3155 573 3211 dona
603 3160 1000 3226 consequetur
1028 3155 1252 3226 majore
1286 3152 1463 3226 digna
1491 3151 1916 3219 admiratione;
1936 3149 2070 3204 tulit

2171 543 2222 623 ἔξ
2262 550 2616 628 ἀπογεύεσθαι
2678 543 2886 634 τροιρῆς
2948 554 3259 618 ἐθισθέντες.
3317 558 3383 613 Αἱ
3440 554 3499 612 δὲ
3553 556 3834 631 ἐξηγήσεις

2166 641 2450 716 τῶνὶερῶν
2508 640 2715 721 λογίων
2772 645 3015 723 γίνονται
3099 643 3282 708 αὐτοῖς
3338 642 3408 701 δι’
3463 647 3734 703 ὑπονοιῶν
3772 648 3829 704 ἐν

2169 726 2552 807 ἀλληγορίαις.
2612 738 2763 789 Πᾶσα
2841 735 2945 810 γὰρ
3021 736 3056 804 ἡ
3139 735 3431 809 νομοθεσία
3515 733 3668 792 δοκεῖ
3713 743 3830 800 τοῖς

2168 817 2388 896 ἀνδράσι
2442 822 2658 885 τούτοις
2709 824 2834 897 ζώῳ
2890 823 3145 896 ἐοικέναῖ,
3197 825 3287 881 καὶ
3344 827 3505 901 σῶμα
3538 828 3633 902 μὲν
3682 821 3828 905 ἔχειν

2166 908 2262 971 τὰς
2326 909 2496 986 ῥητὰς
2582 908 2849 986 διαλέξεις
2882 959 2898 986 ,
2970 917 3155 990 ψυχὴν
3216 913 3274 970 δὶ
3320 916 3413 972 τὸν
3464 917 3822 991 ἀποκείμενον

2167 1004 2286 1061 ταῖς
2315 996 2520 1072 λέξεσιν
2574 1001 2801 1075 ἀόρατον
2860 1006 3007 1062 νοῦν.
3059 1003 3333 1067 Ὡσαύτως
3392 1001 3451 1060 δὲ
3498 1013 3599 1076 τῆς
3655 1006 3826 1076 αύτῆς

2168 1087 2300 1143 εἰσιν
2356 1089 2504 1163 ἱερᾶς
2560 1091 2843 1155 πολιτείας
2906 1092 2998 1148 καὶ
3046 1094 3420 1157 καταστάσεως
3493 1094 3583 1150 καὶ
3639 1102 3826 1171 γυναῖ-

2166 1197 2279 1245 κες,
2313 1178 2387 1234 ὧν
2418 1180 2471 1233 αἱ
2516 1177 2766 1236 πλεῖσται
2821 1181 3088 1255 γήραλὲαι
3142 1184 3481 1262 τυγχάνουσι
3536 1184 3629 1240 καὶ
3684 1203 3824 1261 παρ-

2169 1265 2313 1322 θένοι
2367 1266 2459 1321 καὶ
2510 1268 2609 1336 τὴν
2693 1269 2909 1344 ἁγνείαν
2964 1269 3064 1325 οὐκ
3111 1270 3343 1348 ἀνάγκῃ,
3396 1273 3636 1348 καθάπερ
3694 1267 3823 1328 ἔνιαι

2168 1360 2276 1410 τῶν
2309 1357 2436 1439 παρ’
2463 1354 2737 1429 Ἕλλησιν
2796 1358 3032 1435 ἱερειῶν,
3095 1359 3394 1438 φυλάξασαι
3436 1359 3526 1417 διὰ
3569 1362 3826 1439 πρόσκαι-

2169 1463 2265 1519 ρον
2290 1438 2534 1516 ἔπαινον,
2564 1444 2692 1502 ἀλλ’
2721 1445 2783 1502 ἐκ
2810 1447 3178 1523 προαιρέσεως
3235 1448 3449 1527 ἀγαθῆς
3516 1451 3824 1528 όρεχθεῖσαι

2165 1531 2233 1588 τὰ
2265 1529 2541 1604 μέλλοντα
2569 1535 2747 1610 ἀγαθὰ
2776 1536 2869 1592 καὶ
2899 1538 3117 1595 αἱώνια.

2237 1623 2364 1680 Ὅτι
2417 1620 2475 1679 δὲ
2528 1624 2655 1688 τοὺς
2733 1625 2988 1701 πρώτους
3064 1629 3306 1699 κήρυκας
3395 1636 3498 1700 τῆς
3573 1631 3707 1687 κατὰ
3762 1634 3822 1688 τὸ

2171 1711 2509 1788 Εὗαγγὲλιον
2569 1711 2921 1780 διδασκαλίας
2997 1715 3064 1772 τά
3120 1738 3179 1773 τε
3234 1719 3477 1796 ἀρχῆθεν
3533 1721 3672 1794 πρὸς
3716 1722 3823 1777 τῶν

2166 1799 2480 1858 ἀποστόλον
2538 1801 2952 1880 παραδεδομένα
3008 1799 3104 1877 ἔθη
3170 1803 3506 1866 καταλαϐὼν
3558 1811 3586 1865 ὁ
3633 1809 3820 1867 Φίλων

2166 1885 2369 1967 ἔγραψε
2405 1892 2594 1964 ταύτα,
2626 1896 2785 1949 παντί
2843 1916 2949 1950 που
3006 1893 3198 1968 δῆλον,
3259 1898 3335 1959 ὡς
3385 1898 3477 1954 καὶ
3537 1895 3823 1962 Εὐσέϐειος

2163 1981 2218 2034 ἐν
2273 1983 2342 2054 τῇ
2430 1980 2891 2059 Ἐκκλησιαστικῇ
2984 1984 3200 2060 ἱστορίᾳ
3287 1990 3457 2042 ταῦτα
3517 1986 3687 2065 λέγει.
3747 1989 3811 2047 Ὃ

2167 2067 2329 2132 αὐτὸς
2381 2066 2439 2125 δὲ
2496 2071 2589 2125 καὶ
2629 2070 2683 2126 ἐν
2730 2077 2849 2136 τοῖς
2903 2073 3038 2145 πρὸς
3100 2076 3350 2151 Μαρῖνον
3404 2076 3575 2135 ταῦτά
3630 2099 3815 2157 φησιν.

2165 2158 2440 2246 ’ῼσαύτως
2494 2160 2584 2215 καὶ
2645 2161 2675 2216 ὁ
2736 2160 2901 2239 μέγας
2972 2164 3297 2229 Ἀθανάσιός
3351 2185 3504 2246 φησι·
3568 2163 3668 2222 δύο
3717 2167 3820 2244 γὰρ

2168 2243 2309 2303 ὁδῶν
2365 2248 2454 2304 καὶ
2511 2247 2810 2306 πολιτειῶν
2869 2251 3045 2307 οὐσῶν
3116 2252 3170 2309 ἐν
3214 2259 3293 2328 τῷ
3353 2243 3482 2331 βίῳ,
3542 2261 3670 2329 μιᾶς
3729 2257 3825 2330 μὶν

2173 2339 2537 2414 μετριωτέρας
2599 2340 2682 2395 καὶ
2747 2339 3065 2415 βασιλικῆς,
3121 2347 3221 2399 τοῦ
3267 2343 3448 2420 γάμου
3493 2343 3663 2421 λέγω,
3717 2345 3823 2402 Eti-

2169 2447 2265 2502 ρας
2297 2425 2353 2483 δὲ
2413 2426 2703 2505 ἀγγελικῆς
2759 2431 2850 2486 καὶ
2907 2431 3278 2503 ἀποστολικῆς
3335 2434 3426 2490 καὶ
3485 2431 3823 2512 ἀνυπερϐλή-

2167 2538 2287 2587 του,
2316 2525 2416 2588 τῆς
2463 2518 2752 2594 παρθενίας
2808 2521 2934 2590 ἤτοι
2991 2529 3091 2592 τῆς
3154 2521 3455 2597 μοναδικῆς
3514 2524 3818 2598 πολιτείας,

2170 2606 2218 2660 εἰ
2252 2606 2346 2679 μὲν
2375 2627 2455 2669 τις
2485 2609 2586 2677 τὴν
2614 2612 2885 2683 κοσμικὴν
2924 2612 3170 2686 τουτέστι
3225 2612 3320 2668 τὸν
3375 2613 3550 2688 γάμον
3607 2611 3815 2688 ἕλοιτο,

2173 2694 2379 2769 μέμψιν
2412 2694 2511 2750 οὐκ
2540 2692 2678 2772 ἔχει,
2709 2703 2941 2754 τοσαῦτα
2980 2696 3037 2756 δὲ
3068 2698 3383 2776 χαρίσματα
3441 2701 3504 2758 ού
3560 2701 3814 2778 λήψεταιο

2171 2782 2408 2858 λήψεται
2462 2785 2596 2863 γὰρ,
2656 2784 2842 2858 ἐτειδή
2904 2786 3054 2865 φέρει
3104 2789 3195 2845 καὶ
3255 2790 3419 2854 αὐτὸς
3479 2791 3687 2866 καρπὸν
3729 2793 3817 2848 τὸν

2167 2874 2459 2946 τριάκοντα
2493 2918 2507 2933 .
2566 2874 2631 2932 Εἰ
2715 2873 2772 2931 δὲ
2853 2878 2955 2947 τήν
3039 2879 3206 2956 ἁγνὴν
3281 2880 3371 2935 καὶ
3452 2879 3808 2956 ὑπερκόσμιον

2169 2962 2472 3019 ἀσπάσοιτό
2529 2985 2613 3027 τις
2648 3009 2663 3035 ,
2723 2965 2769 3019 εἰ
2826 2965 2916 3022 καὶ
2972 2973 3204 3042 τραχεῖα
3258 2969 3406 3044 παρᾶ
3460 2971 3562 3040 τήν
3618 2969 3799 3045 ἀρετὴν

2176 3050 2413 3137 μάλιστα
2441 3053 2530 3109 καὶ
2561 3051 3004 3130 δυσκατόρθωτος
3037 3056 3360 3137 φαίνετεται,
3387 3057 3513 3115 ἀλλ’
3542 3054 3658 3135 ἔχει
3686 3059 3810 3133 μετᾶ

2169 3142 2270 3211 τήν
2301 3134 2525 3216 ἔννομον
2573 3140 2801 3215 ἄθλησιν
2854 3143 2945 3200 καὶ
3004 3134 3287 3221 καρτερίαν
3342 3134 3659 3224 χαρίσματα
3690 3148 3813 3203 θαυ-

420 3246 578 3301 enim
609 3210 866 3299 fructuin
897 3210 1267 3315 centuplum,
1300 3210 1629 3314 perfectum
1671 3246 1730 3296 ct
1781 3210 2060 3312 plenissi-

2170 3228 2480 3305 μασιώτερα
2534 3232 2625 3287 καὶ
2703 3232 3015 3309 ἐιξιάγαστα·
3102 3234 3195 3291 τὸν
3264 3235 3368 3312 γὰρ
3442 3235 3652 3293 τέλειον
3729 3235 3819 3292 καὶ

418 3350 604 3401 mum,
628 3332 1006 3404 splendidum
1030 3331 1271 3387 omnino
1312 3337 1490 3402 atque
1525 3336 1731 3389 sancta
1775 3328 2061 3401 dignitate

418 3422 862 3494 insignem.Quo
894 3420 1074 3493 igitur
1104 3419 1279 3474 modo
1312 3420 1560 3490 antiqua
1584 3419 1676 3473 lex
1708 3420 1770 3473 in
1794 3418 1910 3474 duo
1933 3418 2063 3472 vitm

416 3528 636 3585 genera
689 3511 803 3566 fuit
858 3510 1156 3577 distincta,
1190 3509 1444 3565 alterum
1468 3510 1625 3567 354
1657 3508 2060 3563 Pharisaicum

416 3607 478 3657 et
495 3600 769 3667 sublime,
802 3599 1057 3656 alterum
1109 3615 1176 3654 eo
1200 3598 1459 3654 deterius
1482 3604 1540 3653 et
1588 3596 1766 3668 hujus
1796 3597 1925 3651 vitae
1953 3612 2060 3651 ne-

417 3689 797 3747 cessitatibus
833 3687 1181 3754 obnoxium,
1210 3687 1293 3741 ita
1322 3692 1380 3741 et
1409 3684 1881 3742 Christianorum
1912 3701 2063 3740 nova

414 3780 510 3836 lex
540 3780 601 3834 in
624 3779 1013 3834 monasticam
1044 3793 1111 3833 ac
1142 3775 1459 3832 sublimem
1480 3781 1539 3831 et
1568 3775 1628 3831 in
1650 3775 1950 3847 vulgarem
1981 3774 2055 3828 vi-

412 3869 585 3925 vendi
618 3868 910 3923 rationem
937 3866 1239 3922 tribuitur.

484 3940 768 3996 Pharismi
799 3955 1018 3994 nomen
1074 3954 1110 3993 a
1166 3937 1537 4010 separatione
1596 3935 1837 4005 habent,
1901 3933 2059 4005 quod

413 4045 543 4084 sese
568 4028 639 4083 ab
672 4028 950 4083 omnibus
998 4026 1130 4082 aliis
1180 4026 1602 4098 sejunxissent,
1645 4030 1710 4080 ut
1740 4024 1917 4079 vitam
1948 4041 2055 4096 pu-

414 4117 713 4173 rissimam
772 4123 950 4188 atque
1003 4115 1510 4172 accuratissimam
1544 4115 1874 4170 secundum
1915 4113 2060 4185 legis

413 4207 825 4280 prrescriptum
867 4210 1109 4278 possent
1137 4222 1330 4279 agerc.
1382 4204 1659 4260 Eamdem
1715 4203 1846 4258 vitae
1878 4203 2058 4257 ratio«

415 4313 554 4353 nem
586 4297 767 4352 etiam
804 4294 953 4367 legis
976 4293 1491 4363 doctores,Scribaa
1525 4291 1685 4360 dicti,
1719 4296 2057 4347 tenuerunt.

414 4385 633 4440 Eadem
663 4384 944 4454 utrinque
1002 4382 1198 4439 studia
1228 4381 1629 4450 continentiae,
1682 4380 2057 4454 virginitatis,

401 4474 622 4546 jejunii
648 4474 740 4529 bis
771 4474 833 4527 in
878 4472 1230 4544 septimana,
1264 4470 1653 4526 sextariorum
1701 4470 2059 4543 patellarum

408 4567 584 4633 atque

409 4648 1207 4722 primitiarum,assiduarum
1223 4665 1483 4721 precum,
1493 4665 1560 4705 ac
1578 4648 1811 4719 reliqua
1829 4646 2051 4703 omnia.

412 4738 707 4794 Mirabiles
737 4744 935 4795 autem
966 4739 1145 4794 Essmi
1172 4738 1243 4794 iis
1273 4738 1533 4810 potiores
1565 4742 1721 4805 sunt,
1748 4737 1849 4808 qui
1880 4737 2053 4809 longe

412 4828 505 4883 his
562 4826 946 4883 antecellunt.
975 4826 1123 4882 Sane
1154 4826 1373 4882 Paulus
1420 4826 1813 4898 pharisaicam
1852 4826 2051 4882 vitam.

410 4921 475 4971 ut
536 4915 1089 4988 praestantissimum
1149 4919 1407 4970 sectatus
1456 4913 1615 4969 haud
1644 4913 1891 4968 obscure
1922 4928 2053 4971 eam

408 5022 534 5061 rem
558 5004 1082 5077 jactat,Hebrzeum
1105 5019 1166 5058 se
1200 5020 1269 5058 ex
1299 5001 1559 5057 Hebraeis
1590 5007 1649 5056 et
1689 5000 2053 5057 Pharisaaum

408 5095 736 5151 secundum
768 5094 959 5166 legem
1021 5093 1363 5148 nominans.
1398 5093 1601 5162 Itaque
1631 5091 1913 5146 Dominus
1946 5108 2052 5147 no-

410 5188 532 5238 ster
562 5183 975 5255 perfectiorem
1010 5187 1069 5235 et
1114 5181 1443 5252 angelicam
1502 5181 1681 5235 vitam
1740 5181 2053 5252 perspicue

410 5272 824 5342 prmscribens,
858 5271 1018 5327 haud
1056 5270 1280 5342 injuria
1336 5268 1705 5325 denuntiavit
1751 5268 2052 5326 cmlestem

412 5359 818 5416 hmreditatem
874 5359 1293 5432 appetentibus
1350 5375 1452 5414 eos
1510 5359 1571 5413 in
1597 5374 1843 5430 regnum
1875 5360 2054 5417 coelo-

411 5465 547 5503 rum
569 5464 688 5503 non
728 5449 1073 5517 intraturos,
1106 5448 1221 5503 nisi
1275 5447 1569 5520 justitiam
1628 5448 1969 5506 Pharisaica
1998 5454 2058 5506 et

413 5537 749 5593 Scribarum
772 5536 1009 5609 justitia
1039 5537 1391 5608 ampliorem
1423 5537 1725 5594 consecuti
1756 5539 2036 5601 fuissent'

483 5636 505 5673 ⁸
532 5634 735 5691 Matth.
760 5651 813 5705 v,
838 5636 930 5689 20.

2166 3316 2541 3395 πληρέστατον
2568 3321 2794 3393 καρπὸν,
2834 3324 2935 3393 τήν
2996 3323 3327 3381 ἱκατοντάδα
3385 3324 3552 3401 λέγω,
3586 3322 3816 3403 φαιδρὸν

2165 3406 2256 3462 καὶ
2363 3409 2669 3486 άγιοπρεπῆ
2777 3410 2997 3475 πάντως
3081 3411 3464 3487 ἐγκατέπησεν
3499 3460 3513 3474 .
3607 3414 3825 3472 Οὐκοῦν

2166 3493 2348 3571 ὥσπερ
2388 3499 2418 3552 ὁ
2474 3497 2709 3563 παλαιὸς
2766 3499 2934 3575 νόμος
2992 3500 3072 3564 εἷς
3128 3498 3224 3558 δύο
3278 3503 3429 3579 βίους
3480 3505 3548 3573 ἧν
3612 3501 3826 3580 διῃρη-

2169 3587 2348 3659 μὲνος,
2392 3585 2468 3649 είς
2520 3608 2580 3643 τε
2629 3589 2720 3645 τὸν
2778 3591 3113 3665 Φαρισαϊκὸν
3171 3592 3263 3648 καὶ
3323 3592 3532 3667 ὑψηλὸν
3591 3594 3687 3650 καὶ
3746 3593 3828 3660 είς

2163 3676 2254 3731 τὸν
2291 3674 2674 3753 ὑποδεέστερον
2704 3679 2796 3734 καὶ
2841 3684 3131 3755 κοαμίκόν,
3163 3680 3308 3737 οὕτω
3364 3679 3433 3752 δὴ
3498 3682 3589 3738 καὶ
3621 3684 3653 3738 ὁ
3684 3684 3825 3740 κατά

2164 3767 2586 3841 χριστιανισμὸν
2642 3768 2765 3830 νέος
2796 3779 2997 3843 θεσμος
3060 3770 3135 3834 είς
3193 3768 3481 3845 μοναδικὸν
3537 3771 3824 3853 ὖπερφερῆ

2161 3855 2251 3910 καὶ
2285 3856 2564 3931 βιωτικόν.

2235 3950 2527 4019 Φαρισαῖοι
2568 3945 2778 4019 τοίνυν,
2839 3948 3267 4024 ἑρμηνευόμενοι
3324 3951 3701 4030 ἀφωρισμένοι
3731 3953 3826 4008 καί

2167 4035 2604 4109 μεμερισμένοι,
2660 4036 2809 4110 παρά
2891 4037 2955 4093 τὸ
3043 4039 3278 4113 μερίζειν
3363 4039 3453 4094 καὶ
3543 4039 3829 4118 ἀφορίζειν

2164 4122 2389 4186 ἑαυτοὺς
2444 4127 2552 4178 τῶν
2641 4123 2829 4182 ἄλλων
2902 4127 3151 4183 ἀπάντων
3205 4125 3458 4204 ἐλέγοντο
3512 4129 3590 4191 εἶς
3644 4150 3703 4185 τε
3763 4130 3828 4186 τὸ

2158 4213 2378 4287 καθαρώ
2453 4233 2545 4268 τον
2601 4217 2699 4269 τοῦ
2736 4215 2856 4290 βιου
2904 4215 2991 4271 καὶ
3025 4211 3409 4291 ἀκριϐέστατον
3465 4217 3556 4273 καὶ
3611 4217 3693 4280 εἰς
3752 4219 3826 4275 τὰ

2160 4305 2258 4357 τοῦ
2311 4300 2484 4374 νόμου
2552 4300 2881 4377 ἐντάλματα.
2942 4304 3050 4362 Τὸν
3110 4302 3168 4360 δὲ
3223 4305 3384 4361 αὐτὸν
3447 4305 3564 4382 βίον
3623 4305 3828 4382 μετέρ-

2164 4408 2357 4465 χονται
2389 4390 2480 4445 καὶ
2509 4392 2561 4446 οἱ
2593 4397 2962 4467 Γραμματεῖς,
3028 4396 3157 4469 παρ’
3213 4396 3301 4457 οἷς
3356 4394 3446 4450 καὶ
3500 4394 3758 4452 πολιτεία
3787 4399 3822 4468 ἡ

2160 4480 2298 4549 αὐτή
2373 4478 2661 4556 ἐγκράταιά
2716 4502 2773 4537 τε
2824 4481 2915 4538 καὶ
2972 4483 3254 4555 παρθενία,
3305 4485 3529 4556 νηστεία
3584 4481 3670 4550 δὶς
3719 4490 3825 4543 τοῦ

685 4560 1035 4633 poculorum
1110 4559 1452 4629 ablutionis,
1515 4559 1930 4615 decimationis
1999 4562 2059 4614 et

2169 4563 2478 4640 Σαϐϐάτου,
2509 4573 2725 4643 ξεστῶν,
2756 4571 2847 4626 καὶ
2904 4573 3169 4643 πινάκων,
3226 4572 3315 4628 καὶ
3373 4575 3657 4649 ποτηρίων
3714 4595 3822 4632 κα-

2164 4661 2444 4735 capio-poi,
2517 4659 2951 4725 ἅποδεκατώσεις
3025 4683 3085 4718 τε
3138 4663 3225 4719 καὶ
3284 4662 3531 4741 ἀπαρχαὶ
3586 4664 3677 4720 καὶ
3737 4667 3823 4722 ἑν-

2165 4745 2411 4824 δελεχεῖς
2462 4747 2671 4824 εὐχαὶ,
2728 4750 2820 4806 καὶ
2875 4751 2941 4808 τὰ
2998 4750 3167 4808 λοιπὰ
3221 4753 3393 4809 πάντα
3423 4798 3436 4822 ,
3498 4753 3822 4830 ὑπεξαιρου-

2168 4836 2342 4911 μένων
2390 4834 2650 4909 δηλονότι
2706 4844 2814 4896 τῶν
2873 4842 3186 4915 θαυμασίων
3221 4841 3482 4899 Ἐσσαίων
3516 4844 3590 4907 ὡς
3651 4845 3821 4922 ὑπερ-

2159 4927 2332 5003 τέρων
2364 4926 2571 5006 σφόδρα
2603 4928 2694 4985 καὶ
2751 4929 2876 4986 λίαν
2936 4933 3357 5007 ὑπερκειμένων.
3400 4935 3503 4991 ’Ἠν
3540 4931 3608 5007 δὴ
3643 4942 3823 5007 Φαρι-

2163 5018 2356 5086 σαΐκῆν
2412 5019 2488 5080 ὡς
2563 5020 2787 5094 ἄριστον
2862 5018 3146 5077 πολιτείαν
3207 5023 3237 5078 ὁ
3289 5021 3507 5089 Παῦλος
3567 5024 3824 5094 ζηλώσας

2164 5108 2252 5180 [Ρ.
2309 5105 2434 5182 202]
2504 5109 2562 5163 εὗ
2625 5109 2776 5183 μάλα
2833 5109 3199 5183 σεμνύνεται,
3269 5111 3507 5190 φάσκων*
3567 5109 3825 5189 Ἐϐραῖος

2163 5194 2216 5266 ἐξ
2247 5190 2533 5271 Ἐϐραίων,
2576 5198 2714 5253 κατά
2770 5199 2943 5272 νόμον
3000 5206 3324 5275 Φαρισαῖος⁵
3378 5203 3541 5267 ¹Ὁθεν
3599 5203 3828 5267 εἰκότως

2162 5284 2540 5362 καὶὸΚύριος
2606 5289 2768 5361 ἡμῶν
2826 5289 2921 5344 τὸν
2980 5288 3317 5365 τελειότερον
3373 5292 3463 5347 καὶ
3537 5291 3828 5369 ἀγγελικὸν

2166 5372 2558 5448 ὑποτιθέμενος
2605 5374 2848 5454 ἐναργῶς
2910 5377 3030 5453 βίον
3086 5372 3281 5457 ἔφασκε
3346 5380 3486 5455 πρὸς
3519 5380 3652 5444 τοὺς
3703 5378 3833 5455 ἔρα-

2165 5463 2291 5525 στάς
2312 5470 2413 5533 τῆς
2444 5464 2702 5541 οὐρανίου
2757 5465 3124 5544 κληρουχίαςο
3159 5493 3187 5523 ‹‹
3221 5469 3345 5526 Ἐὰν
3383 5471 3459 5544 μή
3491 5471 3827 5545 περισσεύση

2164 5553 2201 5621 ἡ
2260 5548 2583 5626 δικαιοσύνη
2642 5556 2797 5631 ὑμῶν
2883 5555 3059 5614 πλέον
3138 5562 3246 5614 τῶν
3304 5560 3674 5635 Γράμματέων
3730 5560 3827 5616 καὶ
