4118 6288
307 410 423 469 393

1445 402 1979 468 ιιιδιωιιΑιιυλι
2029 400 2567 467 COMPEADIUM.

3615 394 3734 469 3'94

310 541 645 615 Φαρισαίων,
691 543 755 597 οὐ
898 540 1174 611 εἰσέλθητὲ
1231 540 1308 604 είς
1361 539 1458 607 τήν
1517 536 1796 614 βασιλείαν
1849 540 1957 593 τῶν

2080 540 2261 609 Atque
2347 538 2484 594 hinc
2536 540 2851 612 Dionysius
2931 541 3030 596 ille
3087 542 3444 613 apostolicus
3501 558 3737 598 sacrum

316 632 580 705 οὐρανῶν.
618 655 648 681 ι»
681 633 867 694 Ἔνθεν
924 631 987 706 γὲ
1039 651 1127 685 τοι
1187 630 1276 684 καὶ
1334 630 1363 683 6
1420 626 1786 689 ἀποστολικὸς
1847 635 1972 682 Διο-

317 719 494 782 νύσιος
539 720 934 792 ἀποσεμνύνων
978 721 1080 789 τήν
1143 719 1285 794 ἱερὰν
1343 723 1450 772 τῶν
1504 723 1765 796 μοναχῶν
1822 716 1970 785 τάξιν

321 808 462 864 οὕτω
504 809 693 888 φησίν
728 835 755 862 α
789 810 854 864 Ἣ
914 805 969 863 δὲ
1006 812 1112 863 τῶν
1174 803 1517 879 τελουμένων
1573 807 1796 887 ἁπασῶν
1830 805 1973 878 ὑψη-

323 897 519 974 λοτέρα
543 898 692 967 τάξις
733 900 767 966 ἡ
819 903 926 951 τῶν
988 901 1247 975 μοναχῶν
1306 894 1446 951 ἐστιν
1502 894 1622 969 ἱερᾶ
1669 892 1972 966 διακόσμη-

319 1008 397 1049 σις
445 1032 458 1054 ,
526 991 700 1042 πᾶσαν
785 987 880 1060 μὲν
961 985 1439 1060 ἀποκεκαθαρμὲνη
1518 984 1774 1057 κάθαρσιν
1831 981 1973 1057 ὁλκῇ

320 1073 545 1148 δυνάμει
626 1077 717 1131 καὶ
827 1075 1082 1131 παντελεῖ
1193 1081 1302 1129 τῶν
1386 1074 1604 1129 οἰκείων
1689 1074 1974 1147 ἐνεργειῶν

316 1166 596 1241 ἁγνότητι.
637 1166 824 1230 Ἔνθεν
881 1167 933 1220 οἱ
989 1167 1125 1220 θεῖοι
1189 1164 1557 1239 καθηγεμόνες
1608 1165 1767 1237 ἡμῶν
1830 1163 1976 1218 ἐπω-

312 1255 501 1327 νύμων
565 1254 792 1319 ὲαυτους
848 1255 1006 1329 ἱερῶν
1038 1252 1297 1324 ἠξίωσαν,
1359 1253 1411 1307 οἱ
1463 1254 1557 1326 μὶν
1617 1252 1976 1328 Θεραπευτᾶς,

309 1346 363 1400 οἱ
396 1343 455 1399 δὲ
487 1343 766 1420 μοναχοῦς
808 1342 1189 1416 ὀνομάσαντες,
1238 1343 1298 1398 ἐκ
1323 1348 1423 1411 τῆς
1451 1346 1548 1397 τοῦ
1578 1346 1711 1398 Θεοῦ
1740 1348 1975 1417 καθαρᾶς

305 1434 611 1510 ὑπηρεσίας
642 1435 728 1488 καὶ
772 1433 1084 1507 θεραπείας.
1120 1456 1149 1484 ››

376 1525 564 1579 Ταῦτα
606 1521 666 1576 ἐκ
710 1519 959 1576 πολλῶν
1017 1521 1394 1597 ὲρανισάμενος
1453 1519 1615 1594 ὀλίγα
1674 1521 1980 1595 ἂναγκαίως

302 1611 469 1683 οἶμαι
529 1610 835 1665 συντέθεικα
890 1607 980 1665 διὰ
1035 1608 1178 1671 τοὺς
1244 1606 1646 1683 ἐπαποροῦντας
1695 1608 1828 1662 πότε
1886 1607 1977 1662 καὶ

302 1701 470 1755 πόθεν
503 1702 540 1769 ἡ
570 1704 679 1755 τῶν
714 1702 971 1773 μοναχῶν
1022 1696 1224 1773 ἤρξατο
1304 1694 1546 1771 διαγωγή
1578 1718 1634 1750 τε
1689 1697 1777 1751 καὶ
1810 1695 1977 1766 ἅσκη’

304 1810 389 1850 σις
437 1790 527 1844 καὶ
572 1790 745 1861 τάξις.
797 1792 910 1843 11οὖ
966 1787 1148 1842 τοίνυν
1220 1788 1350 1841 εἰσιν
1426 1789 1476 1842 οἱ
1532 1788 1630 1855 τήν
1687 1783 1981 1859 μοναδικὴν

301 1877 592 1933 πολιτείαν
632 1877 898 1950 μετὰτῶν
940 1876 1127 1932 ἄλλων
1175 1879 1274 1946 τῆς
1333 1875 1503 1930 ἀποστ
1525 1873 1718 1944 ολικῆς
1751 1872 1985 1940 Ἐκκλη-

305 1968 427 2028 σίας
479 1967 634 2021 θείων
671 1962 1023 2040 παραδόσεων
1080 1986 1139 2020 τε
1178 1965 1264 2020 καὶ
1335 1967 1547 2037 θεσμῶν
1621 1963 1982 2042 εἷκονομάχοι

306 2051 585 2117 δυσσεϐῶς
671 2057 759 2109 καὶ
845 2054 1094 2125 ἀνοήτως
1188 2048 1637 2125 ἆποδαΛλόμενοι
1714 2052 1804 2108 καὶ
1863 2050 1982 2108 δια-

304 2145 586 2213 πτῦοντες,
618 2143 930 2221 ἀρτιιρανεῖς
963 2140 1244 2212 Ἰουδαῖοι,
1293 2144 1384 2197 καὶ
1447 2144 1585 2197 κατὰ
1652 2143 1744 2197 τὸν
1812 2136 1979 2211 ἀσεϐῆ

302 2234 390 2287 καὶ
425 2235 688 2307 θεοστυγῆ
747 2232 1109 2308 μυσταγωγὸν
1170 2230 1347 2286 αὐτῶν
1411 2235 1523 2287 Κοπ
1548 2231 1802 2306 ρώνυμον
1859 2231 1977 2285 νέαν

302 2320 390 2375 καὶ
451 2323 764 2397 πρόσφατον
821 2321 1026 2391 ταύτην
1070 2319 1493 2397 δογματίζοντες
1552 2320 1603 2391 ἐξ
1668 2317 1837 2394 ἄκρας
1876 2341 1981 2394 μα-

298 2410 412 2467 νίας
459 2431 523 2465 τε
582 2410 673 2465 καὶ
730 2409 989 2471 ἀπονοίας
1034 2409 1124 2463 καὶ
1185 2404 1536 2484 ἀϐελτηρίας,
1595 2411 1670 2483 μή
1730 2413 1982 2473 νοοῦντες

298 2501 439 2572 μήτε
484 2499 519 2553 Ei
577 2499 818 2572 λέγουσι,
881 2500 1023 2571 μήτε
1079 2497 1202 2573 περὶ
1260 2498 1420 2553 τίνων
1494 2493 1977 2574 διαϐεόαιοῦνται;

306 2591 506 2662 Ἡμεῖς
568 2587 627 2643 δί
704 2593 822 2650 ταῖς
891 2584 1268 2649 διδασκαλίαις
1327 2591 1436 2643 τῶν
1492 2588 1661 2664 ἁγίων
1723 2588 1975 2662 Πατέρων

294 2677 566 2750 ἑπόμενοι
598 2676 689 2732 καὶ
744 2676 978 2752 ἀρχαίαν
1011 2677 1213 2748 ταύτην
1261 2677 1352 2731 καὶ
1410 2675 1645 2732 παλαιὰν
1713 2676 1977 2732 πιστεύο-

297 2787 394 2840 μεν
426 2765 722 2839 ὑπάρχειν.

366 2853 552 2911 Ἀλλᾶ
592 2853 682 2908 καὶ
716 2854 743 2907 ὁ
801 2850 963 2928 μέγας
1019 2851 1305 2915 Βασίλειος
1358 2851 1482 2927 περὶ
1557 2853 1835 2929 ὑποταγῆς
1888 2843 1978 2907 καί

301 2940 635 3015 μοναδικῆς
683 2940 967 3003 πολιτείας
1026 2942 1180 3014 ἐξιὼν
1254 2942 1429 3002 οὕτως
1482 2935 1606 3018 ἔφη’
1667 2944 1764 2997 Διά
1816 2946 1977 3002 τοῦτο

295 3035 383 3089 καὶ
431 3035 461 3088 6
518 3032 909 3110 φιλάνθρωπος
995 3031 1216 3107 Κύριος,
1296 3028 1602 3105 κηδόμενος
1656 3034 1823 3105 ἡμῶν
1879 3039 1979 3102 τῆς

305 3122 604 3196 σωτηρίας,
647 3121 720 3183 εἷς
770 3118 866 3176 δύο
903 3122 1069 3196 βίους
1131 3118 1305 3176 διεῖλε
1363 3121 1430 3176 τὰ
1483 3123 1591 3175 τῶν
1653 3121 1977 3201 ἀνθρώπων,

316 3212 558 3287 συζυγίαν
614 3210 707 3266 καὶ
767 3211 1079 3285 παρθενίαν,
1134 3210 1226 3265 ἳνα
1282 3212 1309 3264 6
1363 3217 1438 3283 μῆ
1502 3206 1800 3282 δυνάμενος
1866 3210 1969 3264 ὑπ-

322 3306 538 3373 ενεγκεῖν
614 3300 709 3354 τὸν
766 3306 869 3368 τῆς
955 3299 1239 3375 παρθενίας
1318 3299 1407 3353 καὶ
1463 3299 1742 3368 ἀσκήσεως
1793 3297 1959 3354 ἆθλον

328 3386 460 3461 ἔλθῃ
489 3389 559 3453 εἷς
585 3390 889 3460 συνοίκησιν
946 3390 1219 3463 γυναικὸς,
1252 3386 1420 3443 ἐκεῖνο
1479 3386 1637 3449 εἰδὼς
1670 3389 1743 3450 ὡς
1799 3389 1960 3444 ἀπχι-

316 3479 601 3546 τηθήσειτα
630 3476 799 3554 λόγον
834 3477 1190 3556 σωφροσύνης
1240 3478 1330 3532 καὶ
1389 3478 1658 3553 ἁγιασμοῦ
1715 3478 1805 3532 καὶ
1862 3479 1961 3546 τὴν

310 3569 448 3641 πρὸς
502 3568 626 3631 τοὺς
699 3569 751 3624 ἰν
841 3570 1116 3644 συζυγίαις
1171 3570 1261 3624 καὶ
1312 3569 1716 3648 τεκνοτροφίαις
1775 3569 1961 3644 ἁγίους

304 3659 596 3732 ὁμοίωσιν,
628 3659 755 3722 τούς
787 3681 846 3716 τε
890 3661 940 3715 ἐν
988 3663 1056 3734 τῇ
1088 3659 1295 3732 παλαιᾷ
1324 3661 1414 3715 καὶ
1461 3663 1529 3733 τῇ
1588 3659 1698 3731 νέᾳ.
1761 3662 1960 3723 Πάντες

296 3748 404 3824 γὰρ
467 3746 749 3823 ἅνθρωποι
805 3748 1294 3821 ἀπαιτηθησόμεθα
1349 3749 1447 3816 τήν
1501 3749 1636 3825 πρὸς
1687 3749 1750 3804 τὸ
1782 3748 1956 3824 Εὐαγ-

295 3831 494 3909 γέλιον
529 3836 799 3904 ὑπακοὴν,
834 3835 1071 3913 μοναχοί
1102 3856 1160 3889 τε
1216 3836 1303 3890 καὶ
1338 3835 1391 3889 οἱ
1420 3833 1471 3890 ἐν
1502 3835 1801 3913 συζυγίαις.
1834 3836 1959 3910 Ἀρ-

296 3924 449 3978 κὲσει
482 3923 590 3997 γὰρ
611 3927 689 3994 τῷ
728 3922 817 3978 ἐπὶ
876 3924 1052 4000 γάμον
1108 3922 1322 3987 ἐλθόντι
1380 3923 1457 3985 εἷς
1514 3924 1842 3999 συγγνώμην
1896 3926 1959 3979 τὸ

295 4019 404 4081 τῆς
435 4013 697 4084 ἀκρασίας
734 4012 822 4067 καὶ
882 4019 982 4081 τῆς
1033 4012 1167 4087 πρὸς
1214 4013 1276 4066 τὸ
1329 4010 1468 4080 θῆλυ
1526 4009 1813 4084 ἐπιθυμίας
1869 4012 1958 4067 καὶ

295 4100 595 4163 συνουσίας
646 4102 781 4174 (45).
845 4100 927 4158 Τὰ
993 4096 1050 4155 δὲ
1106 4099 1279 4155 λοιπὰ
1333 4105 1440 4155 τῶν
1500 4099 1734 4155 ἐντολῶν
1797 4105 1957 4156 πᾶσιν

290 4190 512 4263 δμοίως
542 4187 1013 4262 νενομοθετημένα
1073 4189 1177 4245 οὐκ
1205 4185 1460 4244 ἀκίνδυνα
1519 4194 1636 4252 τοῖς
1691 4185 1957 4266 παραϐαί·

290 4299 457 4335 νουσι
496 4322 511 4348 ,
585 4278 765 4340 καθώς
824 4299 986 4355 φησιν
1045 4278 1073 4332 6
1141 4277 1337 4352 Κύριος
1398 4278 1535 4354 πρὸς
1592 4279 1716 4341 τοὺς
1771 4279 1960 4334 ἑαυτοῦ

318 4367 591 4442 μαθητάς·
628 4392 655 4419 ‹‹
675 4368 746 4423 ’Ἀ
778 4364 833 4422 δὲ
864 4368 992 4440 ὺμῖν
1024 4366 1187 4442 λέγω,
1218 4371 1347 4422 πᾶσι
1381 4364 1544 4441 λὲγω.
1576 4390 1605 4419 ››
1638 4365 1817 4423 Ἀλλὰ
1871 4366 1962 4422 καὶ

298 4459 331 4512 6
376 4457 546 4533 μέγας
586 4453 641 4510 ἓν
689 4455 951 4531 θεολογίᾳ
1003 4456 1308 4532 Γρηγόριος
1372 4455 1461 4510 καὶ
1517 4457 1543 4511 ὁ
1575 4454 1725 4532 ἅγιος
1777 4455 1963 4512 Ἰωάν-

298 4568 405 4615 νης
439 4547 467 4600 6
499 4544 883 4619 Χρυσόστομος
913 4545 1002 4600 καὶ
1034 4544 1200 4602 ἄλλοι
1249 4542 1497 4600 πλεῖστοι
1525 4548 1633 4599 τῶν
1667 4544 1823 4600 θείων
1869 4556 1959 4600 καὶ

2082 629 2511 684 monachorum
2571 630 2844 686 ordinem
2905 631 3251 702 praedicans,
3303 633 3384 686 ita
3427 631 3731 703 loquitur:

2088 718 2418 772 «Omnium
2489 735 2793 775 sacrorum
2877 720 3153 775 ordinum
3239 726 3298 776 et
3365 721 3736 778 celsissimus

2083 807 2512 862 monachorum
2528 808 2983 879 ordo,purgatus
3010 809 3381 865 exactissime
3407 810 3735 866 secundum

2085 894 2419 950 universam
2451 895 2814 966 facultatem,
2848 898 3130 968 omnique
3160 904 3405 953 ornatus
3462 899 3733 954 castitate

2086 1001 2325 1040 suarum
2344 986 2833 1044 actionum.355
2859 989 3060 1057 Itaque
3085 988 3241 1043 beati
3265 989 3451 1044 nostri
3475 989 3733 1060 majores

2088 1074 2270 1128 sacris
2302 1091 2364 1129 se
2396 1075 2557 1147 ipsos
2591 1076 2932 1132 nominibus
2976 1078 3322 1143 affecerunt,
3358 1078 3733 1149 therapeutas

2088 1165 2146 1214 et
2168 1163 2492 1218 monachos
2524 1163 2915 1235 appellantes,
2941 1164 3007 1220 eo
3056 1165 3214 1236 quod
3242 1165 3362 1220 Deo
3403 1171 3561 1220 caste
3609 1181 3735 1220 ser-

2088 1250 2270 1306 viunt.
2307 1273 2336 1301 »

2162 1521 2295 1575 Haac
2315 1538 2503 1592 pauca
2533 1522 2603 1577 de
2638 1522 2840 1578 multis
2873 1540 3117 1580 necesse
3149 1524 3326 1579 habui
3360 1525 3637 1597 colligere
3667 1541 3735 1581 ac

2090 1608 2310 1664 referre
2340 1616 2585 1682 propter
2612 1628 2711 1665 eos
2743 1613 2842 1682 qui
2876 1612 3201 1684 disputant,
3234 1614 3473 1683 quando
3501 1620 3558 1668 et
3578 1613 3734 1669 unde

2091 1698 2520 1754 monachorum
2549 1701 2793 1771 cmperit
2826 1700 2970 1757 ordo
2995 1708 3172 1772 atque
3202 1702 3336 1757 vitae
3369 1702 3731 1759 institutum.

2092 1786 2199 1840 Ubi
2249 1793 2389 1842 sunt
2430 1805 2565 1861 ergo
2606 1790 2933 1862 imaginum
2977 1796 3430 1863 oppugnatores,
3472 1793 3573 1863 qui
3604 1808 3736 1847 mo-

2090 1876 2379 1931 nasticam
2407 1878 2582 1932 vitam
2617 1894 2734 1933 una
2765 1896 2899 1933 eum
2932 1878 3065 1933 aliis
3096 1880 3435 1951 apostolica)
3456 1881 3735 1936 Ecclesiae

2091 1964 2510 2021 traditionibus
2542 1972 2720 2037 atque
2750 1967 3277 2023 constitutionibus
3310 1969 3492 2040 impie
3525 1975 3583 2025 et
3611 1974 3734 2025 sto-

2086 2051 2206 2107 lide
2238 2053 2518 2124 rejiciunt
2563 2060 2740 2125 atque
2797 2061 3155 2127 conspuunt,
3200 2061 3472 2112 recentes
3502 2058 3735 2114 Judaei?

2086 2140 2193 2204 Qui
2236 2142 2486 2213 impium
2540 2160 2607 2199 ac
2669 2143 2783 2199 diis
2839 2144 3096 2199 invisum
3147 2162 3320 2200 suum
3371 2147 3733 2202 initiatorem

2087 2230 2525 2302 Copronymum
2557 2233 2743 2287 secuti
2769 2250 2984 2288 novum
3017 2250 3144 2289 esse
3191 2241 3368 2306 atque
3428 2242 3732 2292 recentem

2086 2318 2245 2374 hunc
2276 2320 2547 2376 ordinem
2579 2328 2873 2387 asserunt,
2907 2340 3140 2378 summa
3166 2324 3422 2393 insania,
3438 2324 3738 2381 dementia

2085 2425 2153 2463 ac
2182 2410 2432 2466 stultitia
2458 2411 2713 2482 decepti,
2748 2428 2941 2482 neque
2973 2412 3065 2467 vel
3093 2413 3236 2482 quid
3280 2412 3480 2469 dicant
3506 2414 3600 2469 vel
3656 2414 3730 2471 de

2085 2498 2300 2568 quibus
2325 2505 2663 2555 asseverent
2713 2500 3169 2574 intelligentes?
3222 2503 3335 2557 Nos
3376 2509 3575 2558 autem
3631 2503 3733 2560 do-

2085 2588 2335 2642 ctrinam
2361 2594 2703 2645 sanctorum
2734 2590 2976 2644 Patrum
3016 2591 3202 2646 secuti
3263 2591 3562 2649 credimus
3597 2608 3735 2651 eum

2088 2681 2382 2733 vetustum
2405 2683 2582 2748 atque
2611 2677 2922 2749 antiquum
2955 2694 3105 2734 esse.

2154 2853 2266 2908 Sed
2298 2860 2356 2909 et
2402 2872 2651 2927 magnus
2706 2856 2957 2911 Basilius
3005 2857 3077 2912 de
3132 2856 3434 2914 bonorum
3484 2874 3730 2915 suorum

2081 2942 2432 2998 dimissione
2459 2949 2517 2998 et
2575 2944 2690 2999 vita
2743 2945 3073 3000 monastica
3106 2945 3190 3000 sic
3224 2946 3501 3002 disserit:
3526 2952 3730 3019 Itaque

2084 3031 2259 3087 etiam
2292 3033 2590 3088 humanus
2614 3038 2817 3089 noster
2837 3034 3122 3089 Dominus
3144 3040 3361 3091 nostra:
3384 3036 3595 3091 salutis
3625 3053 3731 3092 cu-

2082 3137 2207 3176 ram
2232 3136 2463 3193 gerens,
2515 3122 2576 3176 in
2635 3121 2750 3177 duo
2783 3123 2912 3177 vitae
2961 3122 3731 3195 generaLdivisithomines,

2079 3212 2432 3284 virginitatis
2464 3230 2677 3286 nempe
2710 3220 2767 3269 et
2804 3214 3090 3286 conjugii,
3114 3220 3180 3270 ut
3201 3216 3301 3287 qui
3333 3216 3526 3287 impar
3553 3216 3731 3289 virgi-

2026 3300 2041 3320 ‘
2077 3300 2280 3355 uitatis
2316 3306 2374 3357 et
2421 3303 2863 3358 exercitationis
2906 3308 3062 3358 esset
3083 3304 3414 3375 certamini,
3440 3306 3488 3360 is
3522 3304 3729 3361 matri-

2069 3390 2336 3445 monium
2375 3392 2771 3461 contraheret,
2804 3391 2865 3445 id
2898 3392 3112 3461 sciens,
3154 3393 3281 3448 fore
3331 3394 3444 3449 sibi
3475 3394 3547 3449 de
3582 3399 3727 3450 tem-

2068 3479 2760 3551 perantia,sanctimonia
2782 3487 2839 3535 et
2856 3480 3255 3537 similitudine
3270 3499 3475 3538 eorum
3497 3487 3701 3538 sancto
3718 3513 3733 3525 -

2077 3585 2209 3623 rum
2224 3569 2324 3640 qui
2348 3569 2408 3623 in
2431 3570 2615 3625 veteri
2639 3587 2907 3641 novoque
2933 3576 3289 3627 testamento
3311 3571 3372 3626 in
3427 3572 3731 3628 matrimo-

2069 3658 2166 3711 nio
2216 3659 2486 3713 vixerunt
2536 3659 2831 3715 rationem
2890 3660 3278 3715 reddendam.
3307 3661 3528 3715 Omnes
3568 3661 3733 3716 enim

2069 3747 2342 3802 homines
2359 3747 2651 3803 rationem
2666 3746 3104 3818 postulabimur
3118 3749 3189 3802 de
3208 3749 3734 3823 prmstitaEvange-

2066 3835 2148 3907 lio
2177 3835 2539 3903 obedientia,
2576 3836 2693 3890 sive
2713 3835 2993 3891 monachi
3034 3837 3190 3892 356
3221 3837 3346 3892 sive
3371 3837 3589 3892 mariti.
3625 3838 3734 3894 Su-

2067 3923 2251 3982 fficiet
2281 3925 2444 3980 enim
2465 3924 2517 3978 ei
2534 3924 2635 3994 qui
2658 3925 2901 3995 nuptias
2916 3924 3126 3979 habuit
3145 3924 3220 3980 ad
3258 3925 3491 3981 veniam
3522 3926 3729 3983 incon-

2071 4012 2347 4081 tinentia,
2376 4012 2647 4068 mulieris
2674 4013 2957 4084 appetitio
2987 4018 3046 4069 et
3077 4014 3448 4070 concubitus.
3481 4014 3733 4087 Reliqua

2067 4106 2373 4172 praecepta
2402 4100 2682 4156 omnibus
2716 4117 2788 4156 ex
2828 4118 2999 4172 aequo
3031 4101 3312 4173 imposita
3343 4104 3447 4174 qui
3480 4104 3733 4160 violave-

2070 4190 2210 4257 rint,
2237 4206 2357 4245 non
2378 4190 2621 4261 impune
2677 4189 2892 4260 ferent,
2925 4190 3081 4246 sicut
3122 4191 3406 4246 Dominus
3458 4192 3583 4248 suis
3615 4191 3735 4247 dis-

2071 4279 2285 4351 cipulis
2326 4279 2407 4335 ait
2460 4278 2523 4333 ¹⁰.
2561 4301 2588 4329 ‹‹
2645 4280 2782 4345 Quas
2814 4278 2976 4334 vobis
3029 4279 3484 4348 dico,omnibus
3517 4280 3672 4337 dico.
3706 4299 3738 4334 ι»

2072 4367 2222 4434 Quin
2256 4374 2312 4423 et
2342 4385 2584 4441 magnus
2616 4368 2716 4423 ille
2766 4367 3075 4441 theologus
3108 4369 3422 4442 Gregorius
3455 4375 3727 4426 sanctus-

2074 4475 2186 4530 que
2235 4459 2492 4513 Joannes
2547 4457 3003 4529 Chrysostomus
3051 4458 3271 4529 aliique
3325 4459 3572 4531 plurimi
3666 4459 3739 4514 de

2071 4546 2260 4602 beatis
2291 4546 2562 4602 Patribus
2619 4546 2758 4601 hinc
2807 4546 2947 4601 inde
2998 4547 3121 4602 suis
3146 4547 3207 4602 in
3240 4548 3475 4620 scriptis
3506 4548 3726 4605 conﬁr-

305 4633 591 4711 μακαρίων
622 4636 873 4709 Πατὲρων
919 4633 971 4690 ἐν
1031 4632 1310 4712 διαφόροις
1367 4633 1542 4689 αὐτῶν
1582 4636 1667 4707 [Ρ.
1701 4637 1829 4708 203]
1863 4634 1956 4690 λό-

2080 4640 2238 4690 mant
2267 4635 2572 4706 antiquam
2606 4650 2735 4691 esse
2767 4639 2945 4706 atque
2994 4636 3385 4707 apostolicam
3415 4638 3551 4693 vitai
3593 4652 3653 4693 m
3676 4654 3735 4693 o.

392 4764 437 4800 ¹⁰
456 4765 657 4823 Matth.
691 4782 814 4834 xm,
839 4767 929 4820 34.

1517 4889 1882 4946 XYLANDRI
1913 4890 1999 4945 ET
2031 4890 2247 4946 GOABI
2281 4890 2500 4946 NOTAE.

387 4986 501 5056 (45)
534 4987 718 5043 Locus
748 4991 838 5042 est
885 4986 1156 5054 mutilus,
1216 5004 1391 5058 quem
1441 4988 1516 5043 ad
1571 4988 1814 5043 verbum
1868 5005 1966 5043 ex-

357 5059 547 5112 ressi:
608 5075 801 5129 neque
859 5058 1020 5112 enim
1074 5058 1318 5114 vacabat
1375 5059 1655 5114 Basiliam
1700 5060 1966 5115 evolvere

357 5129 497 5202 ujus
526 5130 611 5183 rei
639 5146 853 5195 causa;
889 5130 1049 5199 quod
1070 5130 1247 5202 faciet
1276 5131 1375 5201 qui
1404 5131 1514 5186 hac
1563 5131 1965 5202 disputatione

307 5199 648 5256 delectatur
669 5208 727 5256 et
757 5202 944 5256 otium
994 5201 1190 5256 habet.
1241 5199 1351 5256 sed
1383 5208 1440 5256 et
1489 5199 1793 5258 Platonica
1822 5220 1963 5258 mu-

306 5270 417 5350 tila
434 5278 777 5350 sunt,_atque
800 5274 947 5350 adeo
968 5273 1029 5326 in
1050 5272 1764 5350 margineascriptum‘est
1786 5272 1959 5350 άσαφῇ

305 5345 482 5418 ταρὸτα
534 5338 710 5397 πάντᾶ
760 5338 956 5418 glas-5.,
1014 5343 1087 5418 τδὶ
1130 5338 1231 5418 ’.ς-(ῖῇ
1292 5338 1582 5418 ﬂung,“
1643 5341 1733 5397 διὰ
1789 5345 1851 5398 τὸ

306 5410 510 5488 είδέναι
541 5416 690 5485 ἡμᾶς
719 5408 1282 5488 τὸΓάὖτοῦλβιϐλᾷίον
1340 5412 1394 5488 ἐν
1443 5415 1488 5485 ᾦ
1545 5419 1711 5469 ταῦτα
1769 5408 1961 5488 κεῖτγαιξ

305 5486 462 5541 Sunt
484 5494 686 5542 autem
719 5504 788 5542 ex
822 5485 1083 5558 secundo
1140 5486 1292 5541 libro
1325 5487 1395 5542 de
1454 5504 1518 5541 re
1575 5487 1815 5558 publica
1859 5487 1964 5542 de-

304 5564 573 5629 sumpta,
607 5565 665 5613 et
695 5557 949 5629 rEschyli
986 5573 1192 5612 versus
1224 5574 1295 5612 ex
1320 5557 1611 5613 Thebaica
1654 5559 1964 5615 obsidione

298 5627 524 5685 citathr
547 5631 672 5698 ibi;
712 5645 889 5699 quem
935 5627 1126 5700 locum
1178 5629 1333 5700 apud
1393 5630 1770 5685 Plutarchum
1824 5648 1962 5685 oon-

297 5703 591 5772 vertimus
634 5701 696 5756 in
754 5699 1039 5772 Aristida,
1092 5699 1233 5772 Ego’
1265 5717 1459 5772 opera:
1516 5702 1788 5772 prmtium
1844 5719 1965 5757 non

293 5771 445 5828 duxi
476 5773 577 5830 hic
608 5789 703 5829 me
736 5771 1081 5843 corrigendo
1125 5771 1466 5845 defatigare,
1500 5771 1635 5828 cum
1667 5773 1743 5828 sit
1764 5773 1961 5830 Plato-

586 5890 853 5951 PATBOL.
898 5890 1012 5951 GR.
1057 5886 1261 5950 CXXI.

2077 4989 2171 5044 nis
2200 4987 2353 5042 liber
2403 4987 2476 5042 ad
2533 5004 2768 5043 manus.
2802 4988 2937 5042 XvL.
3001 5019 3069 5026 —
3113 4987 3271 5042 Nihil
3303 4988 3399 5042 hic
3447 4985 3729 5042 mutilum

2077 5065 2474 5140 aut_tru_ncum_
2496 5059 2672 5114 etiam
2696 5058 3015 5140 Xylandro,
3032 5058 3291 5140 simodo
3308 5057 3497 5128 judex
3519 5074 3732 5140 aequus

2075 5132 2335 5187 auctoris
2356 5129 2532 5184 verba
2580 5128 2842 5200 penitius
2892 5129 3187 5200 inspiciat.
3244 5133 3386 5183 Cum
3438 5128 3599 5184 enim
3655 5129 3726 5184 de

2075 5202 2338 5258 exhibito
2358 5201 2550 5273 verbis
2568 5201 2924 5273 evangelicis
2943 5200 3169 5273 quibus,
3185 5201 3424 5273 castitas
3457 5200 3726 5272 apprime

2073 5273 2351 5329 laudatur
2391 5272 2699 5343 obsequio.
2728 5272 2974 5326 dixisset
3004 5272 3230 5343 nuptiis
3277 5272 3526 5343 vinctos,
3560 5288 3730 5343 aeque

2069 5362 2141 5399 ac
2174 5343 2518 5408 monachos,
2556 5358 2619 5396 ex
2655 5342 2726 5396 iis
2766 5341 3445 5413 sententiaminjudicio
3478 5341 3727 5411 laturos,

2073 5416 2209 5469 illos
2241 5413 2440 5469 violati
2473 5413 2756 5467 dominici
2801 5413 3034 5468 consilii
3066 5413 3283 5469 liberos
3317 5421 3595 5471 asserunt
3624 5432 3727 5470 re-

2074 5484 2843 5559 nuntiandos,_veniamque
2865 5556 2878 5559 _
2893 5490 3335 5559 consecuturos.
3378 5488 3480 5559 qui
3504 5487 3734 5558 profer-

2074 5563 2207 5613 rent
2236 5575 2306 5611 ex
2324 5555 2703 5611 continendm
2736 5556 3004 5610 libidinis
3036 5555 3730 5627 impotentia—veluxoris

2074 5631 2286 5702 allecti;
2302 5633 2391 5684 vel
2417 5628 2552 5702 ejus
2563 5627 2836 5682 convictu
2861 5628 3066 5702 ductos
3089 5629 3161 5702 ad
3180 5629 3476 5702 legitimas
3496 5629 3733 5702 nuptias

2074 5699 2555 5765 couvolasse.Qui
2585 5714 2802 5754 sensus
2833 5699 3265 5769 utcatllolicus,
3298 5702 3475 5757 etiam
3508 5701 3734 5769 integer

2073 5778 2165 5829 est
2194 5777 2251 5828 et
2280 5771 2601 5844 perfectus.
2629 5772 2801 5827 Goan.

3370 5888 3446 5947 13
